  <div class='ocr_page' id='page_1' title='image "/cluster/home/n/w/nwhite01/storage/ocr_20150623/123/hvd.32044073502445/298.png"; bbox 0 0 4144 6212; ppageno 0'>
   <div class='ocr_carea' id='block_1_1' title="bbox 249 368 3643 445">
    <p class='ocr_par' dir='ltr' id='par_1_1' title="bbox 249 368 3643 445">
     <span class='ocr_line' id='line_1_1' title="bbox 249 368 3643 445; baseline -0.004 0"><span class='ocrx_word' id='word_1_1' title='bbox 249 380 355 445; x_wconf 71' lang='grc'><strong>561</strong></span> <span class='ocrx_word' id='word_1_2' title='bbox 992 376 1440 441; x_wconf 72' lang='lat' dir='ltr'>ENARRATIO</span> <span class='ocrx_word' id='word_1_3' title='bbox 1483 376 1567 439; x_wconf 86' lang='lat' dir='ltr'><strong>IN</strong></span> <span class='ocrx_word' id='word_1_4' title='bbox 1614 371 2123 438; x_wconf 80' lang='lat' dir='ltr'>EVANGELIUM</span> <span class='ocrx_word' id='word_1_5' title='bbox 2170 371 2431 433; x_wconf 79' lang='lat' dir='ltr'>MARCI.</span> <span class='ocrx_word' id='word_1_6' title='bbox 2470 406 2546 417; x_wconf 91' lang='lat'>-—</span> <span class='ocrx_word' id='word_1_7' title='bbox 2590 374 2754 434; x_wconf 84' lang='lat' dir='ltr'>CAP.</span> <span class='ocrx_word' id='word_1_8' title='bbox 2783 375 2917 434; x_wconf 92' lang='lat' dir='ltr'>VII.</span> <span class='ocrx_word' id='word_1_9' title='bbox 3524 368 3643 432; x_wconf 73' lang='grc'>562</span> 
     </span>
    </p>
   </div>
   <div class='ocr_carea' id='block_1_2' title="bbox 241 504 1908 589">
    <p class='ocr_par' dir='ltr' id='par_1_2' title="bbox 241 504 1904 589">
     <span class='ocr_line' id='line_1_2' title="bbox 241 504 1904 589; baseline -0.003 -21"><span class='ocrx_word' id='word_1_10' title='bbox 241 511 472 589; x_wconf 76' lang='grc' dir='ltr'>ρήσητε.</span> <span class='ocrx_word' id='word_1_11' title='bbox 520 514 722 577; x_wconf 68' lang='grc' dir='ltr'>Μωσῆς</span> <span class='ocrx_word' id='word_1_12' title='bbox 772 509 872 588; x_wconf 73' lang='grc' dir='ltr'>γὰρ</span> <span class='ocrx_word' id='word_1_13' title='bbox 918 506 1048 589; x_wconf 75' lang='grc' dir='ltr'>εἶπε</span> <span class='ocrx_word' id='word_1_14' title='bbox 1081 521 1096 537; x_wconf 99' lang='grc'>⁸</span> <span class='ocrx_word' id='word_1_15' title='bbox 1145 508 1284 582; x_wconf 79' lang='grc' dir='ltr'>Τίμα</span> <span class='ocrx_word' id='word_1_16' title='bbox 1316 507 1407 562; x_wconf 78' lang='grc' dir='ltr'>τὸν</span> <span class='ocrx_word' id='word_1_17' title='bbox 1449 504 1651 586; x_wconf 71' lang='grc' dir='ltr'>πατέρα</span> <span class='ocrx_word' id='word_1_18' title='bbox 1681 527 1775 566; x_wconf 87' lang='grc' dir='ltr'>σου</span> <span class='ocrx_word' id='word_1_19' title='bbox 1815 507 1904 565; x_wconf 87' lang='grc' dir='ltr'>καὶ</span> 
     </span>
    </p>
   </div>
   <div class='ocr_carea' id='block_1_3' title="bbox 1995 504 3639 589">
    <p class='ocr_par' dir='ltr' id='par_1_3' title="bbox 1995 505 3639 586">
     <span class='ocr_line' id='line_1_3' title="bbox 1995 505 3639 586; baseline 0.001 -21"><span class='ocrx_word' id='word_1_20' title='bbox 1995 512 2236 566; x_wconf 88' lang='lat' dir='ltr'>matrem</span> <span class='ocrx_word' id='word_1_21' title='bbox 2272 516 2451 584; x_wconf 82' lang='lat' dir='ltr'>tuam;</span> <span class='ocrx_word' id='word_1_22' title='bbox 2489 514 2547 567; x_wconf 92' lang='lat' dir='ltr'>et</span> <span class='ocrx_word' id='word_1_23' title='bbox 2582 528 2593 563; x_wconf 90' lang='lat'>:</span> <span class='ocrx_word' id='word_1_24' title='bbox 2630 505 2741 578; x_wconf 89' lang='lat' dir='ltr'>Qui</span> <span class='ocrx_word' id='word_1_25' title='bbox 2774 505 3139 567; x_wconf 83' lang='lat' dir='ltr'>maledixerit</span> <span class='ocrx_word' id='word_1_26' title='bbox 3185 505 3333 586; x_wconf 90' lang='lat' dir='ltr'>patri</span> <span class='ocrx_word' id='word_1_27' title='bbox 3370 505 3457 566; x_wconf 92' lang='lat' dir='ltr'>vel</span> <span class='ocrx_word' id='word_1_28' title='bbox 3512 524 3639 566; x_wconf 90' lang='lat' dir='ltr'>ma-</span> 
     </span>
    </p>
   </div>
   <div class='ocr_carea' id='block_1_4' title="bbox 241 586 1908 677">
    <p class='ocr_par' dir='ltr' id='par_1_4' title="bbox 241 586 1892 677">
     <span class='ocr_line' id='line_1_4' title="bbox 241 586 1892 677; baseline -0.015 -11"><span class='ocrx_word' id='word_1_29' title='bbox 241 586 338 666; x_wconf 51' lang='grc' dir='ltr'>έῆν</span> <span class='ocrx_word' id='word_1_30' title='bbox 395 598 608 677; x_wconf 72' lang='grc' dir='ltr'>μητέρα</span> <span class='ocrx_word' id='word_1_31' title='bbox 660 617 755 657; x_wconf 87' lang='grc' dir='ltr'>σου</span> <span class='ocrx_word' id='word_1_32' title='bbox 788 586 805 627; x_wconf 71' lang='grc'>⁸</span> <span class='ocrx_word' id='word_1_33' title='bbox 847 586 971 669; x_wconf 75' lang='grc' dir='ltr'>καὶ,</span> <span class='ocrx_word' id='word_1_34' title='bbox 1025 586 1083 654; x_wconf 73' lang='grc' dir='ltr'>Ὀ</span> <span class='ocrx_word' id='word_1_35' title='bbox 1126 594 1452 677; x_wconf 30' lang='grc' dir='ltr'>,κακολογῶν</span> <span class='ocrx_word' id='word_1_36' title='bbox 1480 595 1683 676; x_wconf 67' lang='grc' dir='ltr'>πατέρα</span> <span class='ocrx_word' id='word_1_37' title='bbox 1710 598 1746 667; x_wconf 75' lang='grc' dir='ltr'><strong>ἢ</strong></span> <span class='ocrx_word' id='word_1_38' title='bbox 1778 620 1892 673; x_wconf 82' lang='grc' dir='ltr'>μη-</span> 
     </span>
    </p>
   </div>
   <div class='ocr_carea' id='block_1_5' title="bbox 1995 586 3641 677">
    <p class='ocr_par' dir='ltr' id='par_1_5' title="bbox 1995 592 3641 663">
     <span class='ocr_line' id='line_1_5' title="bbox 1995 592 3641 663; baseline -0.001 -9"><span class='ocrx_word' id='word_1_39' title='bbox 1995 594 2075 663; x_wconf 64' lang='grc' dir='ltr'>τί,</span> <span class='ocrx_word' id='word_1_40' title='bbox 2103 614 2200 655; x_wconf 90' lang='lat' dir='ltr'>mo</span> <span class='ocrx_word' id='word_1_41' title='bbox 2218 602 2309 655; x_wconf 88' lang='lat' dir='ltr'>rte</span> <span class='ocrx_word' id='word_1_42' title='bbox 2340 595 2653 658; x_wconf 77' lang='lat' dir='ltr'>moriatur.</span> <span class='ocrx_word' id='word_1_43' title='bbox 2688 594 2806 657; x_wconf 87' lang='lat' dir='ltr'>Vos</span> <span class='ocrx_word' id='word_1_44' title='bbox 2826 602 3022 655; x_wconf 90' lang='lat' dir='ltr'>autem</span> <span class='ocrx_word' id='word_1_45' title='bbox 3058 595 3259 657; x_wconf 90' lang='lat' dir='ltr'>dicitis</span> <span class='ocrx_word' id='word_1_46' title='bbox 3287 616 3299 657; x_wconf 92' lang='lat'>:</span> <span class='ocrx_word' id='word_1_47' title='bbox 3329 592 3392 657; x_wconf 91' lang='lat' dir='ltr'>Si</span> <span class='ocrx_word' id='word_1_48' title='bbox 3426 594 3641 663; x_wconf 65' lang='lat' dir='ltr'>dixerit</span> 
     </span>
    </p>
   </div>
   <div class='ocr_carea' id='block_1_6' title="bbox 240 673 1908 767">
    <p class='ocr_par' dir='ltr' id='par_1_6' title="bbox 240 673 1895 767">
     <span class='ocr_line' id='line_1_6' title="bbox 240 673 1895 767; baseline -0.001 -22"><span class='ocrx_word' id='word_1_49' title='bbox 240 673 410 767; x_wconf 51' lang='grc' dir='ltr'>τέρα,</span> <span class='ocrx_word' id='word_1_50' title='bbox 451 673 661 761; x_wconf 66' lang='grc' dir='ltr'>θανάτῳ</span> <span class='ocrx_word' id='word_1_51' title='bbox 725 685 1044 746; x_wconf 84' lang='grc' dir='ltr'>τελευτάτω.</span> <span class='ocrx_word' id='word_1_52' title='bbox 1125 673 1311 760; x_wconf 67' lang='grc' dir='ltr'>ἰ’μεῖς</span> <span class='ocrx_word' id='word_1_53' title='bbox 1364 682 1419 740; x_wconf 75' lang='grc' dir='ltr'>δὶ</span> <span class='ocrx_word' id='word_1_54' title='bbox 1475 673 1657 763; x_wconf 76' lang='grc' dir='ltr'>λέγετε</span> <span class='ocrx_word' id='word_1_55' title='bbox 1693 701 1707 716; x_wconf 96' lang='grc'>⁸</span> <span class='ocrx_word' id='word_1_56' title='bbox 1770 685 1895 747; x_wconf 72' lang='grc' dir='ltr'>Ἐὰν</span> 
     </span>
    </p>
   </div>
   <div class='ocr_carea' id='block_1_7' title="bbox 1995 673 3635 767">
    <p class='ocr_par' dir='ltr' id='par_1_7' title="bbox 1995 682 3635 763">
     <span class='ocr_line' id='line_1_7' title="bbox 1995 682 3635 763; baseline 0.001 -22"><span class='ocrx_word' id='word_1_57' title='bbox 1995 701 2160 743; x_wconf 75' lang='lat' dir='ltr'>iomo</span> <span class='ocrx_word' id='word_1_58' title='bbox 2192 683 2339 762; x_wconf 90' lang='lat' dir='ltr'>patri</span> <span class='ocrx_word' id='word_1_59' title='bbox 2369 691 2467 744; x_wconf 91' lang='lat' dir='ltr'>aut</span> <span class='ocrx_word' id='word_1_60' title='bbox 2503 684 2674 744; x_wconf 85' lang='lat' dir='ltr'>matri</span> <span class='ocrx_word' id='word_1_61' title='bbox 2730 682 2987 763; x_wconf 89' lang='lat' dir='ltr'>Corban,</span> <span class='ocrx_word' id='word_1_62' title='bbox 3026 683 3181 763; x_wconf 92' lang='lat' dir='ltr'>quod</span> <span class='ocrx_word' id='word_1_63' title='bbox 3232 691 3342 756; x_wconf 93' lang='lat' dir='ltr'>est,</span> <span class='ocrx_word' id='word_1_64' title='bbox 3377 682 3635 753; x_wconf 86' lang='lat' dir='ltr'>Donum,</span> 
     </span>
    </p>
   </div>
   <div class='ocr_carea' id='block_1_8' title="bbox 239 770 1908 857">
    <p class='ocr_par' dir='ltr' id='par_1_8' title="bbox 239 774 1896 857">
     <span class='ocr_line' id='line_1_8' title="bbox 239 774 1896 857; baseline -0.001 -23"><span class='ocrx_word' id='word_1_65' title='bbox 239 777 376 853; x_wconf 72' lang='grc' dir='ltr'>εἴπῃ</span> <span class='ocrx_word' id='word_1_66' title='bbox 422 775 695 857; x_wconf 79' lang='grc' dir='ltr'>ἄνθρωπος</span> <span class='ocrx_word' id='word_1_67' title='bbox 749 782 827 851; x_wconf 77' lang='grc' dir='ltr'>τῷ</span> <span class='ocrx_word' id='word_1_68' title='bbox 884 777 1039 855; x_wconf 86' lang='grc' dir='ltr'>πατρὶ</span> <span class='ocrx_word' id='word_1_69' title='bbox 1106 774 1143 842; x_wconf 75' lang='grc' dir='ltr'>ἢ</span> <span class='ocrx_word' id='word_1_70' title='bbox 1194 779 1263 852; x_wconf 76' lang='grc' dir='ltr'>τῇ</span> <span class='ocrx_word' id='word_1_71' title='bbox 1319 775 1502 853; x_wconf 81' lang='grc' dir='ltr'>μητρὶ,</span> <span class='ocrx_word' id='word_1_72' title='bbox 1562 774 1793 856; x_wconf 81' lang='grc' dir='ltr'>Κορόὰν,</span> <span class='ocrx_word' id='word_1_73' title='bbox 1867 777 1896 832; x_wconf 86' lang='grc' dir='ltr'><strong>ὃ</strong></span> 
     </span>
    </p>
   </div>
   <div class='ocr_carea' id='block_1_9' title="bbox 1995 770 3639 857">
    <p class='ocr_par' dir='ltr' id='par_1_9' title="bbox 1995 770 3639 853">
     <span class='ocr_line' id='line_1_9' title="bbox 1995 770 3639 853; baseline -0.001 -20"><span class='ocrx_word' id='word_1_74' title='bbox 1995 772 2381 853; x_wconf 70' lang='grc' dir='ltr'>ιυοιίουιιειυθ</span> <span class='ocrx_word' id='word_1_75' title='bbox 2432 791 2502 834; x_wconf 81' lang='lat' dir='ltr'>ex</span> <span class='ocrx_word' id='word_1_76' title='bbox 2557 791 2649 834; x_wconf 90' lang='lat' dir='ltr'>me</span> <span class='ocrx_word' id='word_1_77' title='bbox 2701 782 2863 834; x_wconf 90' lang='lat' dir='ltr'>tuum</span> <span class='ocrx_word' id='word_1_78' title='bbox 2914 772 3089 833; x_wconf 83' lang='lat' dir='ltr'>cedet</span> <span class='ocrx_word' id='word_1_79' title='bbox 3129 770 3542 846; x_wconf 78' lang='lat' dir='ltr'>commodum,</span> <span class='ocrx_word' id='word_1_80' title='bbox 3579 780 3639 833; x_wconf 92' lang='lat' dir='ltr'>et</span> 
     </span>
    </p>
   </div>
   <div class='ocr_carea' id='block_1_10' title="bbox 238 860 1908 946">
    <p class='ocr_par' dir='ltr' id='par_1_10' title="bbox 238 862 1896 946">
     <span class='ocr_line' id='line_1_10' title="bbox 238 862 1896 946; baseline -0.001 -22"><span class='ocrx_word' id='word_1_81' title='bbox 238 867 349 924; x_wconf 74' lang='grc' dir='ltr'>ιστι</span> <span class='ocrx_word' id='word_1_82' title='bbox 401 874 603 946; x_wconf 80' lang='grc' dir='ltr'>Δῶρον,</span> <span class='ocrx_word' id='word_1_83' title='bbox 660 866 689 922; x_wconf 86' lang='grc' dir='ltr'>ὃ</span> <span class='ocrx_word' id='word_1_84' title='bbox 736 866 829 924; x_wconf 67' lang='grc' dir='ltr'>ὶάν</span> <span class='ocrx_word' id='word_1_85' title='bbox 881 863 933 931; x_wconf 65' lang='grc' dir='ltr'>ιε</span> <span class='ocrx_word' id='word_1_86' title='bbox 1005 864 1135 940; x_wconf 68' lang='grc' dir='ltr'>δμοῦ</span> <span class='ocrx_word' id='word_1_87' title='bbox 1188 862 1492 944; x_wconf 73' lang='grc' dir='ltr'>ὠφεληθῇς,</span> <span class='ocrx_word' id='word_1_88' title='bbox 1539 866 1626 921; x_wconf 81' lang='grc' dir='ltr'>καὶ</span> <span class='ocrx_word' id='word_1_89' title='bbox 1684 870 1779 924; x_wconf 72' lang='grc' dir='ltr'>οὒκ</span> <span class='ocrx_word' id='word_1_90' title='bbox 1820 864 1896 922; x_wconf 63' lang='grc' dir='ltr'>ἔτι</span> 
     </span>
    </p>
   </div>
   <div class='ocr_carea' id='block_1_11' title="bbox 1995 860 3634 946">
    <p class='ocr_par' dir='ltr' id='par_1_11' title="bbox 1995 860 3634 941">
     <span class='ocr_line' id='line_1_11' title="bbox 1995 860 3634 941; baseline -0.001 -20"><span class='ocrx_word' id='word_1_91' title='bbox 1995 868 2273 940; x_wconf 81' lang='lat' dir='ltr'>praeterea</span> <span class='ocrx_word' id='word_1_92' title='bbox 2305 880 2425 923; x_wconf 90' lang='lat' dir='ltr'>non</span> <span class='ocrx_word' id='word_1_93' title='bbox 2451 860 2644 922; x_wconf 76' lang='lat' dir='ltr'>sinitis</span> <span class='ocrx_word' id='word_1_94' title='bbox 2689 880 2824 923; x_wconf 89' lang='lat' dir='ltr'>eum</span> <span class='ocrx_word' id='word_1_95' title='bbox 2876 860 3201 941; x_wconf 87' lang='lat' dir='ltr'>quidquam</span> <span class='ocrx_word' id='word_1_96' title='bbox 3255 862 3451 922; x_wconf 74' lang='lat' dir='ltr'>facere</span> <span class='ocrx_word' id='word_1_97' title='bbox 3482 861 3634 940; x_wconf 91' lang='lat' dir='ltr'>patri</span> 
     </span>
    </p>
   </div>
   <div class='ocr_carea' id='block_1_12' title="bbox 236 948 1908 1037">
    <p class='ocr_par' dir='ltr' id='par_1_12' title="bbox 236 952 1901 1037">
     <span class='ocr_line' id='line_1_12' title="bbox 236 952 1901 1037; baseline 0.001 -25"><span class='ocrx_word' id='word_1_98' title='bbox 236 956 417 1037; x_wconf 75' lang='grc' dir='ltr'>ἀφίετε</span> <span class='ocrx_word' id='word_1_99' title='bbox 477 958 635 1014; x_wconf 71' lang='grc' dir='ltr'>αὑτὸν</span> <span class='ocrx_word' id='word_1_100' title='bbox 704 952 852 1012; x_wconf 66' lang='grc' dir='ltr'>οὐδὲν</span> <span class='ocrx_word' id='word_1_101' title='bbox 907 960 1131 1022; x_wconf 77' lang='grc' dir='ltr'>ποιῆσαι</span> <span class='ocrx_word' id='word_1_102' title='bbox 1181 960 1259 1027; x_wconf 85' lang='grc' dir='ltr'>τῷ</span> <span class='ocrx_word' id='word_1_103' title='bbox 1322 954 1479 1032; x_wconf 83' lang='grc' dir='ltr'>πατρὶ</span> <span class='ocrx_word' id='word_1_104' title='bbox 1537 958 1695 1013; x_wconf 78' lang='grc' dir='ltr'>αὐτοῦ</span> <span class='ocrx_word' id='word_1_105' title='bbox 1737 956 1773 1024; x_wconf 74' lang='grc' dir='ltr'>ἢ</span> <span class='ocrx_word' id='word_1_106' title='bbox 1832 961 1901 1031; x_wconf 79' lang='grc' dir='ltr'>τῇ</span> 
     </span>
    </p>
   </div>
   <div class='ocr_carea' id='block_1_13' title="bbox 1995 948 3637 1037">
    <p class='ocr_par' dir='ltr' id='par_1_13' title="bbox 1995 948 3637 1024">
     <span class='ocr_line' id='line_1_13' title="bbox 1995 948 3637 1024; baseline -0.001 -14"><span class='ocrx_word' id='word_1_107' title='bbox 1995 968 2113 1024; x_wconf 79' lang='lat' dir='ltr'>suo,</span> <span class='ocrx_word' id='word_1_108' title='bbox 2140 958 2241 1010; x_wconf 90' lang='lat' dir='ltr'>aut</span> <span class='ocrx_word' id='word_1_109' title='bbox 2274 950 2442 1011; x_wconf 86' lang='lat' dir='ltr'>matri</span> <span class='ocrx_word' id='word_1_110' title='bbox 2475 970 2618 1020; x_wconf 64' lang='lat' dir='ltr'>suae,</span> <span class='ocrx_word' id='word_1_111' title='bbox 2650 959 2708 1012; x_wconf 91' lang='lat' dir='ltr'>et</span> <span class='ocrx_word' id='word_1_112' title='bbox 2737 950 2968 1011; x_wconf 89' lang='lat' dir='ltr'>irritum</span> <span class='ocrx_word' id='word_1_113' title='bbox 3019 950 3209 1011; x_wconf 82' lang='lat' dir='ltr'>facitis</span> <span class='ocrx_word' id='word_1_114' title='bbox 3251 949 3496 1010; x_wconf 82' lang='lat' dir='ltr'>verbum</span> <span class='ocrx_word' id='word_1_115' title='bbox 3534 948 3637 1009; x_wconf 89' lang='lat' dir='ltr'>Dei</span> 
     </span>
    </p>
   </div>
   <div class='ocr_carea' id='block_1_14' title="bbox 234 1038 1908 1125">
    <p class='ocr_par' dir='ltr' id='par_1_14' title="bbox 234 1040 1901 1125">
     <span class='ocr_line' id='line_1_14' title="bbox 234 1040 1901 1125; baseline 0.002 -25"><span class='ocrx_word' id='word_1_116' title='bbox 234 1046 406 1125; x_wconf 87' lang='grc' dir='ltr'>μητρὶ</span> <span class='ocrx_word' id='word_1_117' title='bbox 460 1044 640 1118; x_wconf 73' lang='grc' dir='ltr'>αὖτοῦ,</span> <span class='ocrx_word' id='word_1_118' title='bbox 724 1043 1033 1118; x_wconf 73' lang='grc' dir='ltr'>ἀκυροῦντες</span> <span class='ocrx_word' id='word_1_119' title='bbox 1116 1043 1209 1098; x_wconf 80' lang='grc' dir='ltr'>τὸν</span> <span class='ocrx_word' id='word_1_120' title='bbox 1267 1040 1427 1120; x_wconf 84' lang='grc' dir='ltr'>λόγον</span> <span class='ocrx_word' id='word_1_121' title='bbox 1498 1051 1591 1102; x_wconf 81' lang='grc' dir='ltr'>τοῦ</span> <span class='ocrx_word' id='word_1_122' title='bbox 1647 1052 1779 1102; x_wconf 81' lang='grc' dir='ltr'>Θεοῦ</span> <span class='ocrx_word' id='word_1_123' title='bbox 1834 1050 1901 1122; x_wconf 76' lang='grc' dir='ltr'>τῇ</span> 
     </span>
    </p>
   </div>
   <div class='ocr_carea' id='block_1_15' title="bbox 1995 1038 3637 1125">
    <p class='ocr_par' dir='ltr' id='par_1_15' title="bbox 1995 1038 3637 1119">
     <span class='ocr_line' id='line_1_15' title="bbox 1995 1038 3637 1119; baseline 0.001 -20"><span class='ocrx_word' id='word_1_124' title='bbox 1995 1057 2089 1118; x_wconf 79' lang='lat' dir='ltr'>per</span> <span class='ocrx_word' id='word_1_125' title='bbox 2137 1040 2621 1103; x_wconf 81' lang='lat' dir='ltr'>constitutionem</span> <span class='ocrx_word' id='word_1_126' title='bbox 2672 1047 2924 1101; x_wconf 85' lang='lat' dir='ltr'>vestram</span> <span class='ocrx_word' id='word_1_127' title='bbox 2971 1058 3145 1119; x_wconf 90' lang='lat' dir='ltr'>quam</span> <span class='ocrx_word' id='word_1_128' title='bbox 3188 1038 3540 1113; x_wconf 85' lang='lat' dir='ltr'>tradidistis,</span> <span class='ocrx_word' id='word_1_129' title='bbox 3579 1049 3637 1100; x_wconf 91' lang='lat' dir='ltr'>et</span> 
     </span>
    </p>
   </div>
   <div class='ocr_carea' id='block_1_16' title="bbox 234 1126 1908 1214">
    <p class='ocr_par' dir='ltr' id='par_1_16' title="bbox 234 1130 1899 1214">
     <span class='ocr_line' id='line_1_16' title="bbox 234 1130 1899 1214; baseline 0 -23"><span class='ocrx_word' id='word_1_130' title='bbox 234 1133 525 1214; x_wconf 79' lang='grc' dir='ltr'>παραδόσει</span> <span class='ocrx_word' id='word_1_131' title='bbox 584 1134 733 1210; x_wconf 75' lang='grc' dir='ltr'>ὑμῶν</span> <span class='ocrx_word' id='word_1_132' title='bbox 774 1132 811 1209; x_wconf 70' lang='grc' dir='ltr'><strong>ᾗ</strong></span> <span class='ocrx_word' id='word_1_133' title='bbox 851 1130 1214 1212; x_wconf 81' lang='grc' dir='ltr'>παρεδώκατε,</span> <span class='ocrx_word' id='word_1_134' title='bbox 1277 1132 1364 1188; x_wconf 84' lang='grc' dir='ltr'>καὶ</span> <span class='ocrx_word' id='word_1_135' title='bbox 1400 1133 1671 1208; x_wconf 85' lang='grc' dir='ltr'>παρόμοια</span> <span class='ocrx_word' id='word_1_136' title='bbox 1710 1143 1899 1194; x_wconf 80' lang='grc' dir='ltr'>τοιαῦ-</span> 
     </span>
    </p>
   </div>
   <div class='ocr_carea' id='block_1_17' title="bbox 1995 1126 3640 1214">
    <p class='ocr_par' dir='ltr' id='par_1_17' title="bbox 1995 1126 3640 1209">
     <span class='ocr_line' id='line_1_17' title="bbox 1995 1126 3640 1209; baseline 0.001 -21"><span class='ocrx_word' id='word_1_137' title='bbox 1995 1128 2122 1188; x_wconf 66' lang='lat'>206</span> <span class='ocrx_word' id='word_1_138' title='bbox 2154 1128 2370 1191; x_wconf 84' lang='lat' dir='ltr'>similia</span> <span class='ocrx_word' id='word_1_139' title='bbox 2400 1130 2742 1209; x_wconf 86' lang='lat' dir='ltr'>hujusmodi</span> <span class='ocrx_word' id='word_1_140' title='bbox 2766 1130 2949 1190; x_wconf 90' lang='lat' dir='ltr'>multa</span> <span class='ocrx_word' id='word_1_141' title='bbox 2982 1129 3201 1192; x_wconf 82' lang='lat' dir='ltr'>facitis.</span> <span class='ocrx_word' id='word_1_142' title='bbox 3244 1153 3265 1184; x_wconf 77' lang='grc' dir='ltr'>ι</span> <span class='ocrx_word' id='word_1_143' title='bbox 3299 1126 3376 1189; x_wconf 94' lang='lat' dir='ltr'>Ut</span> <span class='ocrx_word' id='word_1_144' title='bbox 3404 1128 3640 1207; x_wconf 83' lang='lat' dir='ltr'>gravius</span> 
     </span>
    </p>
   </div>
   <div class='ocr_carea' id='block_1_18' title="bbox 233 1212 1908 1303">
    <p class='ocr_par' dir='ltr' id='par_1_18' title="bbox 233 1212 1902 1303">
     <span class='ocr_line' id='line_1_18' title="bbox 233 1212 1902 1303; baseline 0 -23"><span class='ocrx_word' id='word_1_145' title='bbox 233 1212 325 1280; x_wconf 12' lang='grc' dir='ltr'>ταή</span> <span class='ocrx_word' id='word_1_146' title='bbox 358 1212 537 1285; x_wconf 82' lang='grc' dir='ltr'>πολλά</span> <span class='ocrx_word' id='word_1_147' title='bbox 594 1235 825 1285; x_wconf 87' lang='grc' dir='ltr'>ποιεῖτε.</span> <span class='ocrx_word' id='word_1_148' title='bbox 878 1242 908 1283; x_wconf 76' lang='grc' dir='ltr'><strong><em>ι</em></strong></span> <span class='ocrx_word' id='word_1_149' title='bbox 973 1219 1412 1301; x_wconf 75' lang='grc' dir='ltr'>Ἐμϐριθέστερον</span> <span class='ocrx_word' id='word_1_150' title='bbox 1466 1220 1710 1303; x_wconf 71' lang='grc' dir='ltr'>ὶλέγχων</span> <span class='ocrx_word' id='word_1_151' title='bbox 1778 1224 1902 1287; x_wconf 86' lang='grc' dir='ltr'>τοὺς</span> 
     </span>
    </p>
   </div>
   <div class='ocr_carea' id='block_1_19' title="bbox 1995 1212 3642 1303">
    <p class='ocr_par' dir='ltr' id='par_1_19' title="bbox 1995 1218 3642 1298">
     <span class='ocr_line' id='line_1_19' title="bbox 1995 1218 3642 1298; baseline -0.001 -19"><span class='ocrx_word' id='word_1_152' title='bbox 1995 1227 2188 1297; x_wconf 78' lang='lat' dir='ltr'>arguat</span> <span class='ocrx_word' id='word_1_153' title='bbox 2272 1218 2508 1280; x_wconf 90' lang='lat' dir='ltr'>ominus</span> <span class='ocrx_word' id='word_1_154' title='bbox 2538 1220 2797 1292; x_wconf 63' lang='lat' dir='ltr'>Judaaos,</span> <span class='ocrx_word' id='word_1_155' title='bbox 2830 1218 3074 1279; x_wconf 87' lang='lat' dir='ltr'>adducit</span> <span class='ocrx_word' id='word_1_156' title='bbox 3116 1226 3173 1280; x_wconf 93' lang='lat' dir='ltr'>et</span> <span class='ocrx_word' id='word_1_157' title='bbox 3228 1218 3577 1298; x_wconf 87' lang='lat' dir='ltr'>prophetam</span> <span class='ocrx_word' id='word_1_158' title='bbox 3609 1235 3642 1277; x_wconf 89' lang='lat' dir='ltr'>a</span> 
     </span>
    </p>
   </div>
   <div class='ocr_carea' id='block_1_20' title="bbox 235 1305 1908 1392">
    <p class='ocr_par' dir='ltr' id='par_1_20' title="bbox 235 1309 1903 1392">
     <span class='ocr_line' id='line_1_20' title="bbox 235 1309 1903 1392; baseline -0.002 -20"><span class='ocrx_word' id='word_1_159' title='bbox 235 1309 523 1375; x_wconf 83' lang='grc' dir='ltr'>Ἰουδαίους</span> <span class='ocrx_word' id='word_1_160' title='bbox 594 1314 622 1369; x_wconf 83' lang='grc' dir='ltr'><strong>ὁ</strong></span> <span class='ocrx_word' id='word_1_161' title='bbox 695 1312 906 1389; x_wconf 79' lang='grc' dir='ltr'>Κύριος,</span> <span class='ocrx_word' id='word_1_162' title='bbox 990 1311 1219 1391; x_wconf 80' lang='grc' dir='ltr'>παράγει</span> <span class='ocrx_word' id='word_1_163' title='bbox 1297 1310 1385 1367; x_wconf 84' lang='grc' dir='ltr'>καὶ</span> <span class='ocrx_word' id='word_1_164' title='bbox 1460 1311 1553 1368; x_wconf 82' lang='grc' dir='ltr'>τὸν</span> <span class='ocrx_word' id='word_1_165' title='bbox 1622 1314 1903 1392; x_wconf 76' lang='grc' dir='ltr'>προφήτην</span> 
     </span>
    </p>
   </div>
   <div class='ocr_carea' id='block_1_21' title="bbox 1995 1305 3639 1392">
    <p class='ocr_par' dir='ltr' id='par_1_21' title="bbox 1995 1305 3639 1387">
     <span class='ocr_line' id='line_1_21' title="bbox 1995 1305 3639 1387; baseline -0.002 -19"><span class='ocrx_word' id='word_1_166' title='bbox 1995 1325 2100 1387; x_wconf 84' lang='lat' dir='ltr'>quo</span> <span class='ocrx_word' id='word_1_167' title='bbox 2136 1316 2421 1370; x_wconf 85' lang='lat' dir='ltr'>taxantur.</span> <span class='ocrx_word' id='word_1_168' title='bbox 2455 1307 2538 1368; x_wconf 90' lang='lat' dir='ltr'>llli</span> <span class='ocrx_word' id='word_1_169' title='bbox 2566 1308 2723 1369; x_wconf 91' lang='lat' dir='ltr'>enim</span> <span class='ocrx_word' id='word_1_170' title='bbox 2760 1307 3079 1387; x_wconf 85' lang='lat' dir='ltr'>discipulos</span> <span class='ocrx_word' id='word_1_171' title='bbox 3126 1305 3454 1383; x_wconf 78' lang='lat' dir='ltr'>arguebant</span> <span class='ocrx_word' id='word_1_172' title='bbox 3484 1305 3639 1385; x_wconf 91' lang='lat' dir='ltr'>quod</span> 
     </span>
    </p>
   </div>
   <div class='ocr_carea' id='block_1_22' title="bbox 232 1395 1908 1481">
    <p class='ocr_par' dir='ltr' id='par_1_22' title="bbox 232 1400 1905 1481">
     <span class='ocr_line' id='line_1_22' title="bbox 232 1400 1905 1481; baseline -0.001 -21"><span class='ocrx_word' id='word_1_173' title='bbox 232 1412 642 1481; x_wconf 79' lang='grc' dir='ltr'>κατηγοροῦντα</span> <span class='ocrx_word' id='word_1_174' title='bbox 698 1402 892 1462; x_wconf 68' lang='grc' dir='ltr'>αὐτῶν.</span> <span class='ocrx_word' id='word_1_175' title='bbox 981 1400 1215 1459; x_wconf 81' lang='grc' dir='ltr'>Ἐκεῖνοι</span> <span class='ocrx_word' id='word_1_176' title='bbox 1273 1400 1372 1476; x_wconf 71' lang='grc' dir='ltr'>μὶν</span> <span class='ocrx_word' id='word_1_177' title='bbox 1426 1400 1515 1457; x_wconf 77' lang='grc' dir='ltr'>οὖν</span> <span class='ocrx_word' id='word_1_178' title='bbox 1566 1414 1683 1468; x_wconf 88' lang='grc' dir='ltr'>τοῖς</span> <span class='ocrx_word' id='word_1_179' title='bbox 1734 1405 1905 1477; x_wconf 84' lang='grc' dir='ltr'>μαθη-</span> 
     </span>
    </p>
   </div>
   <div class='ocr_carea' id='block_1_23' title="bbox 1995 1395 3642 1481">
    <p class='ocr_par' dir='ltr' id='par_1_23' title="bbox 1995 1395 3642 1476">
     <span class='ocr_line' id='line_1_23' title="bbox 1995 1395 3642 1476; baseline -0.001 -19"><span class='ocrx_word' id='word_1_180' title='bbox 1995 1396 2289 1457; x_wconf 88' lang='lat' dir='ltr'>seniorum</span> <span class='ocrx_word' id='word_1_181' title='bbox 2319 1396 2690 1457; x_wconf 80' lang='lat' dir='ltr'>traditionem</span> <span class='ocrx_word' id='word_1_182' title='bbox 2717 1396 3079 1476; x_wconf 64' lang='lat' dir='ltr'>praevaricati</span> <span class='ocrx_word' id='word_1_183' title='bbox 3103 1402 3325 1457; x_wconf 90' lang='lat' dir='ltr'>essent.</span> <span class='ocrx_word' id='word_1_184' title='bbox 3351 1395 3642 1456; x_wconf 89' lang='lat' dir='ltr'>Dominus</span> 
     </span>
    </p>
   </div>
   <div class='ocr_carea' id='block_1_24' title="bbox 230 1483 1908 1570">
    <p class='ocr_par' dir='ltr' id='par_1_24' title="bbox 230 1486 1904 1570">
     <span class='ocr_line' id='line_1_24' title="bbox 230 1486 1904 1570; baseline -0.002 -21"><span class='ocrx_word' id='word_1_185' title='bbox 230 1506 361 1557; x_wconf 87' lang='grc' dir='ltr'>ταῖς</span> <span class='ocrx_word' id='word_1_186' title='bbox 406 1490 689 1549; x_wconf 67' lang='grc' dir='ltr'>ἀνεκάλουν</span> <span class='ocrx_word' id='word_1_187' title='bbox 743 1490 824 1548; x_wconf 79' lang='grc' dir='ltr'>ὅτι</span> <span class='ocrx_word' id='word_1_188' title='bbox 881 1491 979 1559; x_wconf 81' lang='grc' dir='ltr'>τὴν</span> <span class='ocrx_word' id='word_1_189' title='bbox 1044 1496 1150 1549; x_wconf 80' lang='grc' dir='ltr'>τῶν</span> <span class='ocrx_word' id='word_1_190' title='bbox 1195 1486 1560 1569; x_wconf 78' lang='grc' dir='ltr'>πρεσϐυτέρων</span> <span class='ocrx_word' id='word_1_191' title='bbox 1616 1489 1904 1570; x_wconf 81' lang='grc' dir='ltr'>παράδοσιν</span> 
     </span>
    </p>
   </div>
   <div class='ocr_carea' id='block_1_25' title="bbox 1995 1483 3683 1570">
    <p class='ocr_par' dir='ltr' id='par_1_25' title="bbox 1995 1483 3683 1566">
     <span class='ocr_line' id='line_1_25' title="bbox 1995 1483 3683 1566; baseline -0.002 -20"><span class='ocrx_word' id='word_1_192' title='bbox 1995 1495 2180 1547; x_wconf 81' lang='lat' dir='ltr'>autem</span> <span class='ocrx_word' id='word_1_193' title='bbox 2208 1485 2825 1566; x_wconf 80' lang='lat' dir='ltr'>eisimpingitcrimen</span> <span class='ocrx_word' id='word_1_194' title='bbox 2841 1486 3011 1564; x_wconf 89' lang='lat' dir='ltr'>longe</span> <span class='ocrx_word' id='word_1_195' title='bbox 3024 1483 3443 1563; x_wconf 87' lang='lat' dir='ltr'>gravius,quod</span> <span class='ocrx_word' id='word_1_196' title='bbox 3461 1484 3642 1546; x_wconf 86' lang='lat' dir='ltr'>Mosis</span> <span class='ocrx_word' id='word_1_197' title='bbox 3664 1500 3683 1509; x_wconf 81' lang='grc'>⁸</span> 
     </span>
    </p>
   </div>
   <div class='ocr_carea' id='block_1_26' title="bbox 230 1572 1908 1661">
    <p class='ocr_par' dir='ltr' id='par_1_26' title="bbox 230 1578 1902 1661">
     <span class='ocr_line' id='line_1_26' title="bbox 230 1578 1902 1661; baseline -0.001 -23"><span class='ocrx_word' id='word_1_198' title='bbox 230 1579 578 1660; x_wconf 76' lang='grc' dir='ltr'>παρέϐαινον,</span> <span class='ocrx_word' id='word_1_199' title='bbox 647 1581 676 1637; x_wconf 80' lang='grc' dir='ltr'>δ</span> <span class='ocrx_word' id='word_1_200' title='bbox 759 1581 947 1659; x_wconf 76' lang='grc' dir='ltr'>Κύριος</span> <span class='ocrx_word' id='word_1_201' title='bbox 1001 1578 1057 1636; x_wconf 71' lang='grc' dir='ltr'><strong>δὶ</strong></span> <span class='ocrx_word' id='word_1_202' title='bbox 1114 1582 1301 1641; x_wconf 76' lang='grc' dir='ltr'>αὐτοῖς</span> <span class='ocrx_word' id='word_1_203' title='bbox 1371 1578 1705 1660; x_wconf 67' lang='grc' dir='ltr'>ἀπεπιφὲρει</span> <span class='ocrx_word' id='word_1_204' title='bbox 1764 1602 1902 1661; x_wconf 85' lang='grc' dir='ltr'>σφο-</span> 
     </span>
    </p>
   </div>
   <div class='ocr_carea' id='block_1_27' title="bbox 1995 1572 3642 1661">
    <p class='ocr_par' dir='ltr' id='par_1_27' title="bbox 1995 1572 3642 1655">
     <span class='ocr_line' id='line_1_27' title="bbox 1995 1572 3642 1655; baseline -0.001 -20"><span class='ocrx_word' id='word_1_205' title='bbox 1995 1574 2177 1652; x_wconf 86' lang='lat' dir='ltr'>legem</span> <span class='ocrx_word' id='word_1_206' title='bbox 2208 1574 2884 1655; x_wconf 55' lang='lat' dir='ltr'>praavaricarenturlex</span> <span class='ocrx_word' id='word_1_207' title='bbox 2910 1576 3067 1635; x_wconf 92' lang='lat' dir='ltr'>enim</span> <span class='ocrx_word' id='word_1_208' title='bbox 3099 1573 3380 1653; x_wconf 90' lang='lat' dir='ltr'>ait,dicit:</span> <span class='ocrx_word' id='word_1_209' title='bbox 3403 1572 3642 1635; x_wconf 86' lang='lat' dir='ltr'>Honora</span> 
     </span>
    </p>
   </div>
   <div class='ocr_carea' id='block_1_28' title="bbox 227 1661 1908 1751">
    <p class='ocr_par' dir='ltr' id='par_1_28' title="bbox 227 1668 1903 1751">
     <span class='ocr_line' id='line_1_28' title="bbox 227 1668 1903 1751; baseline -0.001 -24"><span class='ocrx_word' id='word_1_210' title='bbox 227 1670 483 1750; x_wconf 82' lang='grc' dir='ltr'>δρότερον</span> <span class='ocrx_word' id='word_1_211' title='bbox 517 1670 790 1751; x_wconf 71' lang='grc' dir='ltr'>ἔγκλημα,</span> <span class='ocrx_word' id='word_1_212' title='bbox 846 1673 909 1727; x_wconf 82' lang='grc' dir='ltr'>τὸ</span> <span class='ocrx_word' id='word_1_213' title='bbox 965 1672 1058 1727; x_wconf 81' lang='grc' dir='ltr'>τὸν</span> <span class='ocrx_word' id='word_1_214' title='bbox 1100 1675 1194 1728; x_wconf 78' lang='grc' dir='ltr'>τοῦ</span> <span class='ocrx_word' id='word_1_215' title='bbox 1237 1668 1467 1734; x_wconf 75' lang='grc' dir='ltr'>Ηωσέως</span> <span class='ocrx_word' id='word_1_216' title='bbox 1518 1670 1678 1745; x_wconf 91' lang='grc' dir='ltr'>νόμον</span> <span class='ocrx_word' id='word_1_217' title='bbox 1722 1692 1903 1748; x_wconf 90' lang='grc' dir='ltr'>παρα-</span> 
     </span>
    </p>
   </div>
   <div class='ocr_carea' id='block_1_29' title="bbox 1995 1661 3639 1751">
    <p class='ocr_par' dir='ltr' id='par_1_29' title="bbox 1995 1661 3639 1743">
     <span class='ocr_line' id='line_1_29' title="bbox 1995 1661 3639 1743; baseline -0.002 -18"><span class='ocrx_word' id='word_1_218' title='bbox 1995 1673 2214 1743; x_wconf 88' lang='lat' dir='ltr'>patrem</span> <span class='ocrx_word' id='word_1_219' title='bbox 2250 1673 2411 1725; x_wconf 91' lang='lat' dir='ltr'>tuum</span> <span class='ocrx_word' id='word_1_220' title='bbox 2441 1673 2497 1725; x_wconf 92' lang='lat' dir='ltr'>et</span> <span class='ocrx_word' id='word_1_221' title='bbox 2530 1673 2777 1725; x_wconf 90' lang='lat' dir='ltr'>matrem</span> <span class='ocrx_word' id='word_1_222' title='bbox 2811 1674 2965 1724; x_wconf 91' lang='lat' dir='ltr'>tuam</span> <span class='ocrx_word' id='word_1_223' title='bbox 3001 1685 3013 1721; x_wconf 89' lang='lat'><strong>:</strong></span> <span class='ocrx_word' id='word_1_224' title='bbox 3046 1681 3149 1723; x_wconf 92' lang='lat' dir='ltr'>vos</span> <span class='ocrx_word' id='word_1_225' title='bbox 3179 1672 3374 1722; x_wconf 90' lang='lat' dir='ltr'>autem</span> <span class='ocrx_word' id='word_1_226' title='bbox 3412 1661 3639 1722; x_wconf 91' lang='lat' dir='ltr'>docetis</span> 
     </span>
    </p>
   </div>
   <div class='ocr_carea' id='block_1_30' title="bbox 230 1748 1908 1841">
    <p class='ocr_par' dir='ltr' id='par_1_30' title="bbox 230 1748 1904 1841">
     <span class='ocr_line' id='line_1_30' title="bbox 230 1748 1904 1841; baseline -0.001 -24"><span class='ocrx_word' id='word_1_227' title='bbox 230 1748 456 1818; x_wconf 76' lang='grc' dir='ltr'>ϐαίνειν.</span> <span class='ocrx_word' id='word_1_228' title='bbox 520 1748 579 1819; x_wconf 61' lang='grc' dir='ltr'>Ὀ</span> <span class='ocrx_word' id='word_1_229' title='bbox 633 1761 732 1834; x_wconf 79' lang='grc' dir='ltr'>μὶν</span> <span class='ocrx_word' id='word_1_230' title='bbox 774 1748 887 1841; x_wconf 41' lang='grc' dir='ltr'>-γὰρ</span> <span class='ocrx_word' id='word_1_231' title='bbox 950 1759 1112 1836; x_wconf 87' lang='grc' dir='ltr'>νόμος</span> <span class='ocrx_word' id='word_1_232' title='bbox 1173 1760 1323 1839; x_wconf 81' lang='grc' dir='ltr'>φησὶ,</span> <span class='ocrx_word' id='word_1_233' title='bbox 1386 1758 1531 1837; x_wconf 75' lang='grc' dir='ltr'>λέγει</span> <span class='ocrx_word' id='word_1_234' title='bbox 1564 1779 1580 1795; x_wconf 74' lang='grc' dir='ltr'><strong>ο</strong></span> <span class='ocrx_word' id='word_1_235' title='bbox 1633 1760 1773 1835; x_wconf 89' lang='grc' dir='ltr'>Τίμα</span> <span class='ocrx_word' id='word_1_236' title='bbox 1811 1761 1904 1816; x_wconf 80' lang='grc' dir='ltr'>τὸν</span> 
     </span>
    </p>
   </div>
   <div class='ocr_carea' id='block_1_31' title="bbox 1995 1748 3642 1841">
    <p class='ocr_par' dir='ltr' id='par_1_31' title="bbox 1995 1748 3642 1841">
     <span class='ocr_line' id='line_1_31' title="bbox 1995 1748 3642 1841; baseline -0.002 -28"><span class='ocrx_word' id='word_1_237' title='bbox 1995 1770 2210 1833; x_wconf 81' lang='lat' dir='ltr'>pueros</span> <span class='ocrx_word' id='word_1_238' title='bbox 2242 1761 2306 1841; x_wconf 91' lang='lat' dir='ltr'>ut</span> <span class='ocrx_word' id='word_1_239' title='bbox 2335 1752 2541 1841; x_wconf 88' lang='lat' dir='ltr'>dicant</span> <span class='ocrx_word' id='word_1_240' title='bbox 2562 1753 2633 1813; x_wconf 89' lang='lat' dir='ltr'>ad</span> <span class='ocrx_word' id='word_1_241' title='bbox 2668 1751 3255 1841; x_wconf 24' lang='lat' dir='ltr'>parentes,ACorhan,</span> <span class='ocrx_word' id='word_1_242' title='bbox 3276 1751 3388 1810; x_wconf 91' lang='lat' dir='ltr'>hoc</span> <span class='ocrx_word' id='word_1_243' title='bbox 3410 1748 3642 1841; x_wconf 52' lang='lat' dir='ltr'>estlDo-</span> 
     </span>
    </p>
   </div>
   <div class='ocr_carea' id='block_1_32' title="bbox 231 1837 1908 1930">
    <p class='ocr_par' dir='ltr' id='par_1_32' title="bbox 231 1837 1904 1930">
     <span class='ocr_line' id='line_1_32' title="bbox 231 1837 1904 1930; baseline -0.001 -23"><span class='ocrx_word' id='word_1_244' title='bbox 231 1850 441 1930; x_wconf 78' lang='grc' dir='ltr'>πατέρα</span> <span class='ocrx_word' id='word_1_245' title='bbox 494 1873 588 1907; x_wconf 88' lang='grc' dir='ltr'>σου</span> <span class='ocrx_word' id='word_1_246' title='bbox 630 1852 719 1907; x_wconf 86' lang='grc' dir='ltr'>καὶ</span> <span class='ocrx_word' id='word_1_247' title='bbox 758 1837 870 1918; x_wconf 69' lang='grc' dir='ltr'>την</span> <span class='ocrx_word' id='word_1_248' title='bbox 916 1849 1122 1929; x_wconf 79' lang='grc' dir='ltr'>μητέρα</span> <span class='ocrx_word' id='word_1_249' title='bbox 1182 1837 1276 1906; x_wconf 83' lang='grc' dir='ltr'>σου</span> <span class='ocrx_word' id='word_1_250' title='bbox 1309 1837 1324 1882; x_wconf 71' lang='grc'>⁸</span> <span class='ocrx_word' id='word_1_251' title='bbox 1360 1850 1514 1924; x_wconf 72' lang='grc' dir='ltr'>δμεῖς</span> <span class='ocrx_word' id='word_1_252' title='bbox 1546 1848 1601 1905; x_wconf 76' lang='grc' dir='ltr'>δὲ</span> <span class='ocrx_word' id='word_1_253' title='bbox 1630 1848 1904 1907; x_wconf 65' lang='grc' dir='ltr'>διδάσκετι</span> 
     </span>
    </p>
   </div>
   <div class='ocr_carea' id='block_1_33' title="bbox 1995 1837 3641 1930">
    <p class='ocr_par' dir='ltr' id='par_1_33' title="bbox 1995 1837 3641 1930">
     <span class='ocr_line' id='line_1_33' title="bbox 1995 1837 3641 1930; baseline -0.004 -29"><span class='ocrx_word' id='word_1_254' title='bbox 1995 1860 2133 1902; x_wconf 93' lang='lat' dir='ltr'>num</span> <span class='ocrx_word' id='word_1_255' title='bbox 2158 1850 2214 1902; x_wconf 90' lang='lat' dir='ltr'>et</span> <span class='ocrx_word' id='word_1_256' title='bbox 2246 1840 2504 1930; x_wconf 87' lang='lat' dir='ltr'>oblatum</span> <span class='ocrx_word' id='word_1_257' title='bbox 2530 1840 2650 1903; x_wconf 90' lang='lat' dir='ltr'>Deo</span> <span class='ocrx_word' id='word_1_258' title='bbox 2679 1848 2795 1930; x_wconf 83' lang='lat' dir='ltr'>est,</span> <span class='ocrx_word' id='word_1_259' title='bbox 2830 1839 2986 1922; x_wconf 93' lang='lat' dir='ltr'>quod</span> <span class='ocrx_word' id='word_1_260' title='bbox 3015 1839 3231 1919; x_wconf 59' lang='lat' dir='ltr'>quaeris</span> <span class='ocrx_word' id='word_1_261' title='bbox 3262 1856 3330 1899; x_wconf 82' lang='lat' dir='ltr'>ex</span> <span class='ocrx_word' id='word_1_262' title='bbox 3367 1837 3641 1930; x_wconf 62' lang='lat' dir='ltr'>ine.Dha-</span> 
     </span>
    </p>
   </div>
   <div class='ocr_carea' id='block_1_34' title="bbox 231 1924 1908 2019">
    <p class='ocr_par' dir='ltr' id='par_1_34' title="bbox 231 1924 1900 2019">
     <span class='ocr_line' id='line_1_34' title="bbox 231 1924 1900 2019; baseline -0.002 -23"><span class='ocrx_word' id='word_1_263' title='bbox 231 1924 612 2004; x_wconf 42' lang='lat' dir='ltr'>tohc‘ua‘ﬁzc</span> <span class='ocrx_word' id='word_1_264' title='bbox 668 1938 844 2019; x_wconf 82' lang='grc' dir='ltr'>λέγειν</span> <span class='ocrx_word' id='word_1_265' title='bbox 908 1924 1069 2017; x_wconf 30' lang='grc' dir='ltr'>πρὸς*</span> <span class='ocrx_word' id='word_1_266' title='bbox 1098 1938 1220 2003; x_wconf 84' lang='grc' dir='ltr'>τοὺς</span> <span class='ocrx_word' id='word_1_267' title='bbox 1276 1951 1483 2017; x_wconf 76' lang='grc' dir='ltr'>γονεῖς,</span> <span class='ocrx_word' id='word_1_268' title='bbox 1531 1936 1616 1994; x_wconf 78' lang='grc' dir='ltr'>ὅτι</span> <span class='ocrx_word' id='word_1_269' title='bbox 1666 1936 1900 2019; x_wconf 53' lang='grc' dir='ltr'>Κορϐὰνλ</span> 
     </span>
    </p>
   </div>
   <div class='ocr_carea' id='block_1_35' title="bbox 1995 1924 3635 2019">
    <p class='ocr_par' dir='ltr' id='par_1_35' title="bbox 1995 1924 3635 2006">
     <span class='ocr_line' id='line_1_35' title="bbox 1995 1924 3635 2006; baseline -0.002 -17"><span class='ocrx_word' id='word_1_270' title='bbox 1995 1930 2145 1990; x_wconf 74' lang='lat' dir='ltr'>riszei</span> <span class='ocrx_word' id='word_1_271' title='bbox 2178 1929 2337 1990; x_wconf 92' lang='lat' dir='ltr'>enim</span> <span class='ocrx_word' id='word_1_272' title='bbox 2363 1929 2627 1990; x_wconf 81' lang='lat' dir='ltr'>volentes</span> <span class='ocrx_word' id='word_1_273' title='bbox 2658 1928 2941 1989; x_wconf 80' lang='lat' dir='ltr'>devorare</span> <span class='ocrx_word' id='word_1_274' title='bbox 2964 1947 3033 1988; x_wconf 87' lang='lat' dir='ltr'>ea</span> <span class='ocrx_word' id='word_1_275' title='bbox 3065 1946 3193 2006; x_wconf 61' lang='lat' dir='ltr'>quae</span> <span class='ocrx_word' id='word_1_276' title='bbox 3224 1936 3394 1987; x_wconf 84' lang='lat' dir='ltr'>erant</span> <span class='ocrx_word' id='word_1_277' title='bbox 3413 1924 3635 2004; x_wconf 85' lang='lat' dir='ltr'>plebei-</span> 
     </span>
    </p>
   </div>
   <div class='ocr_carea' id='block_1_36' title="bbox 227 2002 1908 2108">
    <p class='ocr_par' dir='ltr' id='par_1_36' title="bbox 227 2002 1905 2108">
     <span class='ocr_line' id='line_1_36' title="bbox 227 2002 1905 2108; baseline -0.002 -22"><span class='ocrx_word' id='word_1_278' title='bbox 227 2002 503 2103; x_wconf 77' lang='grc' dir='ltr'>τουτέστι,</span> <span class='ocrx_word' id='word_1_279' title='bbox 570 2002 757 2108; x_wconf 62' lang='grc' dir='ltr'>Δῶρον</span> <span class='ocrx_word' id='word_1_280' title='bbox 806 2029 894 2085; x_wconf 86' lang='grc' dir='ltr'>καὶ</span> <span class='ocrx_word' id='word_1_281' title='bbox 926 2002 1325 2103; x_wconf 60' lang='grc' dir='ltr'>ἀνατεθειμένόν</span> <span class='ocrx_word' id='word_1_282' title='bbox 1366 2002 1619 2103; x_wconf 36' lang='grc' dir='ltr'>τῷιθεῷ</span> <span class='ocrx_word' id='word_1_283' title='bbox 1661 2002 1829 2103; x_wconf 70' lang='grc' dir='ltr'>ἐστιν,</span> <span class='ocrx_word' id='word_1_284' title='bbox 1876 2002 1905 2056; x_wconf 76' lang='grc' dir='ltr'>δ</span> 
     </span>
    </p>
   </div>
   <div class='ocr_carea' id='block_1_37' title="bbox 1995 2002 3637 2108">
    <p class='ocr_par' dir='ltr' id='par_1_37' title="bbox 1995 2002 3637 2108">
     <span class='ocr_line' id='line_1_37' title="bbox 1995 2002 3637 2108; baseline -0.004 -29"><span class='ocrx_word' id='word_1_285' title='bbox 1995 2017 2483 2108; x_wconf 84' lang='lat' dir='ltr'>orum,docebant</span> <span class='ocrx_word' id='word_1_286' title='bbox 2508 2017 2803 2108; x_wconf 89' lang='lat' dir='ltr'>pueros,si</span> <span class='ocrx_word' id='word_1_287' title='bbox 2836 2017 2975 2095; x_wconf 92' lang='lat' dir='ltr'>quid</span> <span class='ocrx_word' id='word_1_288' title='bbox 3008 2002 3299 2076; x_wconf 88' lang='lat' dir='ltr'>haberent</span> <span class='ocrx_word' id='word_1_289' title='bbox 3328 2002 3483 2108; x_wconf 83' lang='lat' dir='ltr'>velut</span> <span class='ocrx_word' id='word_1_290' title='bbox 3527 2032 3637 2094; x_wconf 84' lang='lat' dir='ltr'>pe-</span> 
     </span>
    </p>
   </div>
   <div class='ocr_carea' id='block_1_38' title="bbox 238 2116 1906 2197">
    <p class='ocr_par' dir='ltr' id='par_1_38' title="bbox 238 2116 1906 2197">
     <span class='ocr_line' id='line_1_38' title="bbox 238 2116 1906 2197; baseline -0.006 -14"><span class='ocrx_word' id='word_1_291' title='bbox 238 2127 428 2191; x_wconf 78' lang='grc' dir='ltr'>ζητιτς</span> <span class='ocrx_word' id='word_1_292' title='bbox 474 2116 527 2184; x_wconf 62' lang='grc' dir='ltr'>ἕξ</span> <span class='ocrx_word' id='word_1_293' title='bbox 555 2117 705 2193; x_wconf 68' lang='grc' dir='ltr'>ἀμοῦ.</span> <span class='ocrx_word' id='word_1_294' title='bbox 755 2119 813 2177; x_wconf 76' lang='lat' dir='ltr'>Oi</span> <span class='ocrx_word' id='word_1_295' title='bbox 859 2118 964 2197; x_wconf 79' lang='grc' dir='ltr'>γὰρ</span> <span class='ocrx_word' id='word_1_296' title='bbox 1010 2124 1295 2197; x_wconf 76' lang='grc' dir='ltr'>Φαρισαῖοι</span> <span class='ocrx_word' id='word_1_297' title='bbox 1343 2116 1582 2181; x_wconf 82' lang='grc' dir='ltr'>θέλοντες</span> <span class='ocrx_word' id='word_1_298' title='bbox 1612 2116 1906 2174; x_wconf 70' lang='grc' dir='ltr'>κατεσθίειν</span> 
     </span>
    </p>
   </div>
   <div class='ocr_carea' id='block_1_39' title="bbox 232 2204 1903 2287">
    <p class='ocr_par' dir='ltr' id='par_1_39' title="bbox 232 2204 1903 2287">
     <span class='ocr_line' id='line_1_39' title="bbox 232 2204 1903 2287; baseline 0.001 -23"><span class='ocrx_word' id='word_1_299' title='bbox 232 2210 300 2264; x_wconf 80' lang='grc' dir='ltr'>τὰ</span> <span class='ocrx_word' id='word_1_300' title='bbox 343 2208 451 2265; x_wconf 78' lang='grc' dir='ltr'>τῶν</span> <span class='ocrx_word' id='word_1_301' title='bbox 485 2206 880 2287; x_wconf 80' lang='grc' dir='ltr'>ἀφελεστέρων,</span> <span class='ocrx_word' id='word_1_302' title='bbox 941 2204 1213 2264; x_wconf 69' lang='grc' dir='ltr'>δδίδασκον</span> <span class='ocrx_word' id='word_1_303' title='bbox 1252 2206 1375 2272; x_wconf 77' lang='grc' dir='ltr'>τοὺς</span> <span class='ocrx_word' id='word_1_304' title='bbox 1420 2204 1640 2279; x_wconf 84' lang='grc' dir='ltr'>παῖδας,</span> <span class='ocrx_word' id='word_1_305' title='bbox 1702 2207 1791 2262; x_wconf 72' lang='grc' dir='ltr'>ἆάν</span> <span class='ocrx_word' id='word_1_306' title='bbox 1852 2228 1903 2265; x_wconf 85' lang='grc' dir='ltr'>τι</span> 
     </span>
    </p>
   </div>
   <div class='ocr_carea' id='block_1_40' title="bbox 239 2295 1903 2378">
    <p class='ocr_par' dir='ltr' id='par_1_40' title="bbox 239 2295 1903 2378">
     <span class='ocr_line' id='line_1_40' title="bbox 239 2295 1903 2378; baseline -0.002 -23"><span class='ocrx_word' id='word_1_307' title='bbox 239 2299 405 2378; x_wconf 73' lang='grc' dir='ltr'>εἶχον</span> <span class='ocrx_word' id='word_1_308' title='bbox 464 2298 616 2354; x_wconf 78' lang='grc' dir='ltr'>οἱονεῖ</span> <span class='ocrx_word' id='word_1_309' title='bbox 663 2295 972 2376; x_wconf 80' lang='grc' dir='ltr'>πεκούλιον,</span> <span class='ocrx_word' id='word_1_310' title='bbox 1022 2297 1110 2353; x_wconf 79' lang='grc' dir='ltr'>καὶ</span> <span class='ocrx_word' id='word_1_311' title='bbox 1150 2295 1369 2367; x_wconf 68' lang='grc' dir='ltr'>ἐζήτουν</span> <span class='ocrx_word' id='word_1_312' title='bbox 1422 2302 1577 2351; x_wconf 76' lang='grc' dir='ltr'>τοῦτο</span> <span class='ocrx_word' id='word_1_313' title='bbox 1606 2297 1653 2351; x_wconf 74' lang='lat' dir='ltr'>oi</span> <span class='ocrx_word' id='word_1_314' title='bbox 1698 2308 1903 2376; x_wconf 82' lang='grc' dir='ltr'>γονεῖς,</span> 
     </span>
    </p>
   </div>
   <div class='ocr_carea' id='block_1_41' title="bbox 233 2383 1906 2466">
    <p class='ocr_par' dir='ltr' id='par_1_41' title="bbox 233 2383 1906 2466">
     <span class='ocr_line' id='line_1_41' title="bbox 233 2383 1906 2466; baseline -0.001 -23"><span class='ocrx_word' id='word_1_315' title='bbox 233 2386 441 2466; x_wconf 77' lang='grc' dir='ltr'>λέγειν,</span> <span class='ocrx_word' id='word_1_316' title='bbox 490 2384 571 2443; x_wconf 74' lang='grc' dir='ltr'>ὅτι</span> <span class='ocrx_word' id='word_1_317' title='bbox 604 2383 765 2453; x_wconf 83' lang='grc' dir='ltr'>’¹Ηδη</span> <span class='ocrx_word' id='word_1_318' title='bbox 806 2384 1078 2466; x_wconf 75' lang='grc' dir='ltr'>ἀφιέρωσα</span> <span class='ocrx_word' id='word_1_319' title='bbox 1103 2392 1257 2441; x_wconf 82' lang='grc' dir='ltr'>τοῦτο</span> <span class='ocrx_word' id='word_1_320' title='bbox 1284 2391 1361 2459; x_wconf 83' lang='grc' dir='ltr'>τῷ</span> <span class='ocrx_word' id='word_1_321' title='bbox 1391 2389 1530 2458; x_wconf 86' lang='grc' dir='ltr'>Θεῷ,</span> <span class='ocrx_word' id='word_1_322' title='bbox 1572 2386 1661 2442; x_wconf 86' lang='grc' dir='ltr'>καὶ</span> <span class='ocrx_word' id='word_1_323' title='bbox 1709 2384 1906 2461; x_wconf 74' lang='grc' dir='ltr'>μηκέτι</span> 
     </span>
    </p>
   </div>
   <div class='ocr_carea' id='block_1_42' title="bbox 252 2472 1904 2553">
    <p class='ocr_par' dir='ltr' id='par_1_42' title="bbox 252 2472 1904 2553">
     <span class='ocr_line' id='line_1_42' title="bbox 252 2472 1904 2553; baseline -0.001 -21"><span class='ocrx_word' id='word_1_324' title='bbox 252 2479 428 2547; x_wconf 74' lang='grc' dir='ltr'>ζήτει,</span> <span class='ocrx_word' id='word_1_325' title='bbox 489 2477 563 2537; x_wconf 84' lang='grc' dir='ltr'>ὡς</span> <span class='ocrx_word' id='word_1_326' title='bbox 613 2474 859 2531; x_wconf 71' lang='grc' dir='ltr'>ἀνατεθὲν</span> <span class='ocrx_word' id='word_1_327' title='bbox 899 2481 978 2546; x_wconf 84' lang='grc' dir='ltr'>τῷ</span> <span class='ocrx_word' id='word_1_328' title='bbox 1021 2476 1213 2553; x_wconf 83' lang='grc' dir='ltr'>Κυρίῳ.</span> <span class='ocrx_word' id='word_1_329' title='bbox 1274 2472 1452 2539; x_wconf 75' lang='grc' dir='ltr'>Οὕτως</span> <span class='ocrx_word' id='word_1_330' title='bbox 1483 2476 1571 2530; x_wconf 78' lang='grc' dir='ltr'>οὗν</span> <span class='ocrx_word' id='word_1_331' title='bbox 1600 2475 1904 2538; x_wconf 72' lang='grc' dir='ltr'>ἀπατῶντες</span> 
     </span>
    </p>
   </div>
   <div class='ocr_carea' id='block_1_43' title="bbox 255 2563 1908 2644">
    <p class='ocr_par' dir='ltr' id='par_1_43' title="bbox 255 2563 1908 2644">
     <span class='ocr_line' id='line_1_43' title="bbox 255 2563 1908 2644; baseline -0.001 -22"><span class='ocrx_word' id='word_1_332' title='bbox 255 2568 384 2629; x_wconf 74' lang='grc' dir='ltr'>ταὺς</span> <span class='ocrx_word' id='word_1_333' title='bbox 466 2563 688 2633; x_wconf 84' lang='grc' dir='ltr'>παῖδας,</span> <span class='ocrx_word' id='word_1_334' title='bbox 762 2565 849 2620; x_wconf 80' lang='grc' dir='ltr'>καὶ</span> <span class='ocrx_word' id='word_1_335' title='bbox 935 2564 1308 2639; x_wconf 78' lang='grc' dir='ltr'>συμπείθοντες</span> <span class='ocrx_word' id='word_1_336' title='bbox 1393 2564 1578 2629; x_wconf 71' lang='grc' dir='ltr'>αὖτοὺς</span> <span class='ocrx_word' id='word_1_337' title='bbox 1663 2563 1908 2644; x_wconf 80' lang='grc' dir='ltr'>ἀφιεροῦν</span> 
     </span>
    </p>
   </div>
   <div class='ocr_carea' id='block_1_44' title="bbox 253 2651 1913 2733">
    <p class='ocr_par' dir='ltr' id='par_1_44' title="bbox 253 2651 1913 2733">
     <span class='ocr_line' id='line_1_44' title="bbox 253 2651 1913 2733; baseline -0.001 -23"><span class='ocrx_word' id='word_1_338' title='bbox 253 2654 413 2721; x_wconf 80' lang='grc' dir='ltr'>δῆθεν</span> <span class='ocrx_word' id='word_1_339' title='bbox 470 2660 547 2727; x_wconf 79' lang='grc' dir='ltr'>τῷ</span> <span class='ocrx_word' id='word_1_340' title='bbox 604 2659 721 2727; x_wconf 89' lang='grc' dir='ltr'>Θεῷ</span> <span class='ocrx_word' id='word_1_341' title='bbox 783 2651 815 2707; x_wconf 78' lang='grc' dir='ltr'>ἃ</span> <span class='ocrx_word' id='word_1_342' title='bbox 870 2656 1054 2733; x_wconf 83' lang='grc' dir='ltr'>εἶχον,</span> <span class='ocrx_word' id='word_1_343' title='bbox 1108 2653 1228 2717; x_wconf 85' lang='grc' dir='ltr'>τοὺς</span> <span class='ocrx_word' id='word_1_344' title='bbox 1284 2652 1383 2727; x_wconf 73' lang='grc' dir='ltr'>μὶν</span> <span class='ocrx_word' id='word_1_345' title='bbox 1426 2652 1656 2732; x_wconf 81' lang='grc' dir='ltr'>πατέρας</span> <span class='ocrx_word' id='word_1_346' title='bbox 1703 2654 1913 2711; x_wconf 63' lang='grc' dir='ltr'>ἔποίουν</span> 
     </span>
    </p>
   </div>
   <div class='ocr_carea' id='block_1_45' title="bbox 252 2740 1912 2823">
    <p class='ocr_par' dir='ltr' id='par_1_45' title="bbox 252 2740 1912 2823">
     <span class='ocr_line' id='line_1_45' title="bbox 252 2740 1912 2823; baseline -0.003 -23"><span class='ocrx_word' id='word_1_347' title='bbox 252 2755 616 2823; x_wconf 74' lang='grc' dir='ltr'>περιφρονεῖν,</span> <span class='ocrx_word' id='word_1_348' title='bbox 676 2741 821 2799; x_wconf 68' lang='grc' dir='ltr'>αὐτοὶ</span> <span class='ocrx_word' id='word_1_349' title='bbox 888 2740 943 2798; x_wconf 65' lang='grc' dir='ltr'>δὲ</span> <span class='ocrx_word' id='word_1_350' title='bbox 1019 2744 1087 2799; x_wconf 83' lang='grc' dir='ltr'>τά</span> <span class='ocrx_word' id='word_1_351' title='bbox 1169 2740 1523 2823; x_wconf 77' lang='grc' dir='ltr'>ἀφιερωθέντα</span> <span class='ocrx_word' id='word_1_352' title='bbox 1604 2744 1912 2813; x_wconf 79' lang='grc' dir='ltr'>κατήσθιον,</span> 
     </span>
    </p>
   </div>
   <div class='ocr_carea' id='block_1_46' title="bbox 254 2829 1914 2912">
    <p class='ocr_par' dir='ltr' id='par_1_46' title="bbox 254 2829 1914 2912">
     <span class='ocr_line' id='line_1_46' title="bbox 254 2829 1914 2912; baseline -0.002 -20"><span class='ocrx_word' id='word_1_353' title='bbox 254 2840 426 2892; x_wconf 77' lang='grc' dir='ltr'>τοῦτο</span> <span class='ocrx_word' id='word_1_354' title='bbox 491 2832 581 2888; x_wconf 67' lang='grc' dir='ltr'>οὖν</span> <span class='ocrx_word' id='word_1_355' title='bbox 633 2832 816 2897; x_wconf 71' lang='grc' dir='ltr'>αὐτοῖς</span> <span class='ocrx_word' id='word_1_356' title='bbox 854 2832 882 2888; x_wconf 82' lang='grc' dir='ltr'><strong><em>ὁ</em></strong></span> <span class='ocrx_word' id='word_1_357' title='bbox 944 2832 1131 2909; x_wconf 80' lang='grc' dir='ltr'>Κύριος</span> <span class='ocrx_word' id='word_1_358' title='bbox 1187 2829 1431 2912; x_wconf 72' lang='grc' dir='ltr'>ἐγκαλεῖ,</span> <span class='ocrx_word' id='word_1_359' title='bbox 1481 2833 1555 2897; x_wconf 80' lang='grc' dir='ltr'>ὡς</span> <span class='ocrx_word' id='word_1_360' title='bbox 1598 2829 1684 2888; x_wconf 81' lang='grc' dir='ltr'>διὰ</span> <span class='ocrx_word' id='word_1_361' title='bbox 1730 2830 1914 2911; x_wconf 73' lang='grc' dir='ltr'>κέρδος</span> 
     </span>
    </p>
   </div>
   <div class='ocr_carea' id='block_1_47' title="bbox 253 2918 1249 2999">
    <p class='ocr_par' dir='ltr' id='par_1_47' title="bbox 253 2918 1249 2999">
     <span class='ocr_line' id='line_1_47' title="bbox 253 2918 1249 2999; baseline -0.003 -20"><span class='ocrx_word' id='word_1_362' title='bbox 253 2918 633 2999; x_wconf 74' lang='grc' dir='ltr'>παραϐαίνωσι</span> <span class='ocrx_word' id='word_1_363' title='bbox 660 2922 751 2978; x_wconf 78' lang='grc' dir='ltr'>τὸν</span> <span class='ocrx_word' id='word_1_364' title='bbox 780 2926 875 2979; x_wconf 78' lang='grc' dir='ltr'>τοῦ</span> <span class='ocrx_word' id='word_1_365' title='bbox 903 2928 1034 2978; x_wconf 78' lang='grc' dir='ltr'>Θεοῦ</span> <span class='ocrx_word' id='word_1_366' title='bbox 1063 2921 1249 2997; x_wconf 88' lang='grc' dir='ltr'>νόμον.</span> 
     </span>
    </p>
   </div>
   <div class='ocr_carea' id='block_1_48' title="bbox 343 3011 1903 3093">
    <p class='ocr_par' dir='ltr' id='par_1_48' title="bbox 343 3011 1903 3093">
     <span class='ocr_line' id='line_1_48' title="bbox 343 3011 1903 3093; baseline 0 -26"><span class='ocrx_word' id='word_1_367' title='bbox 343 3035 370 3067; x_wconf 76' lang='grc' dir='ltr'>ι</span> <span class='ocrx_word' id='word_1_368' title='bbox 419 3014 517 3071; x_wconf 78' lang='grc' dir='ltr'>Καὶ</span> <span class='ocrx_word' id='word_1_369' title='bbox 571 3011 1066 3092; x_wconf 79' lang='grc' dir='ltr'>προσκαλεσάμενος</span> <span class='ocrx_word' id='word_1_370' title='bbox 1118 3013 1290 3069; x_wconf 79' lang='grc' dir='ltr'>πάντα</span> <span class='ocrx_word' id='word_1_371' title='bbox 1341 3014 1433 3070; x_wconf 78' lang='grc' dir='ltr'>τὸν</span> <span class='ocrx_word' id='word_1_372' title='bbox 1484 3012 1670 3093; x_wconf 79' lang='grc' dir='ltr'>ὄχλον,</span> <span class='ocrx_word' id='word_1_373' title='bbox 1721 3011 1903 3091; x_wconf 76' lang='grc' dir='ltr'>ἔλεγεν</span> 
     </span>
    </p>
   </div>
   <div class='ocr_carea' id='block_1_49' title="bbox 252 3101 1903 3181">
    <p class='ocr_par' dir='ltr' id='par_1_49' title="bbox 252 3101 1903 3181">
     <span class='ocr_line' id='line_1_49' title="bbox 252 3101 1903 3181; baseline 0 -24"><span class='ocrx_word' id='word_1_374' title='bbox 252 3104 439 3164; x_wconf 70' lang='grc' dir='ltr'>αὖτοῖς</span> <span class='ocrx_word' id='word_1_375' title='bbox 471 3118 487 3134; x_wconf 93' lang='grc'>⁸</span> <span class='ocrx_word' id='word_1_376' title='bbox 551 3101 801 3159; x_wconf 73' lang='grc' dir='ltr'>Ἀκούετέ</span> <span class='ocrx_word' id='word_1_377' title='bbox 845 3124 972 3181; x_wconf 87' lang='grc' dir='ltr'>μου,</span> <span class='ocrx_word' id='word_1_378' title='bbox 1029 3102 1247 3173; x_wconf 82' lang='grc' dir='ltr'>πάντες,</span> <span class='ocrx_word' id='word_1_379' title='bbox 1318 3103 1407 3159; x_wconf 85' lang='grc' dir='ltr'>καὶ</span> <span class='ocrx_word' id='word_1_380' title='bbox 1448 3104 1646 3160; x_wconf 83' lang='grc' dir='ltr'>συνίετε</span> <span class='ocrx_word' id='word_1_381' title='bbox 1680 3121 1695 3137; x_wconf 77' lang='grc' dir='ltr'>ο</span> <span class='ocrx_word' id='word_1_382' title='bbox 1746 3101 1903 3160; x_wconf 74' lang='grc' dir='ltr'>Οὐδέν</span> 
     </span>
    </p>
   </div>
   <div class='ocr_carea' id='block_1_50' title="bbox 1989 2103 3635 2188">
    <p class='ocr_par' dir='ltr' id='par_1_50' title="bbox 1989 2103 3635 2188">
     <span class='ocr_line' id='line_1_50' title="bbox 1989 2103 3635 2188; baseline -0.004 -20"><span class='ocrx_word' id='word_1_383' title='bbox 1989 2108 2234 2188; x_wconf 90' lang='lat' dir='ltr'>culium,</span> <span class='ocrx_word' id='word_1_384' title='bbox 2288 2116 2343 2168; x_wconf 91' lang='lat' dir='ltr'>et</span> <span class='ocrx_word' id='word_1_385' title='bbox 2393 2105 2538 2166; x_wconf 91' lang='lat' dir='ltr'>illud</span> <span class='ocrx_word' id='word_1_386' title='bbox 2591 2113 2925 2186; x_wconf 66' lang='lat' dir='ltr'>quaererent</span> <span class='ocrx_word' id='word_1_387' title='bbox 2986 2112 3281 2185; x_wconf 86' lang='lat' dir='ltr'>parentes,</span> <span class='ocrx_word' id='word_1_388' title='bbox 3319 2103 3635 2163; x_wconf 88' lang='lat' dir='ltr'>dicerent:</span> 
     </span>
    </p>
   </div>
   <div class='ocr_carea' id='block_1_51' title="bbox 1986 2193 3641 2273">
    <p class='ocr_par' dir='ltr' id='par_1_51' title="bbox 1986 2193 3641 2273">
     <span class='ocr_line' id='line_1_51' title="bbox 1986 2193 3641 2273; baseline -0.004 -15"><span class='ocrx_word' id='word_1_389' title='bbox 1986 2195 2114 2259; x_wconf 87' lang='lat' dir='ltr'>Jam</span> <span class='ocrx_word' id='word_1_390' title='bbox 2175 2196 2512 2257; x_wconf 88' lang='lat' dir='ltr'>consecravi</span> <span class='ocrx_word' id='word_1_391' title='bbox 2564 2198 2679 2256; x_wconf 90' lang='lat' dir='ltr'>hoc</span> <span class='ocrx_word' id='word_1_392' title='bbox 2736 2194 2882 2270; x_wconf 86' lang='lat' dir='ltr'>Deo;</span> <span class='ocrx_word' id='word_1_393' title='bbox 2920 2212 2995 2255; x_wconf 89' lang='lat' dir='ltr'>ne</span> <span class='ocrx_word' id='word_1_394' title='bbox 3046 2194 3199 2253; x_wconf 91' lang='lat' dir='ltr'>ultra</span> <span class='ocrx_word' id='word_1_395' title='bbox 3252 2210 3479 2273; x_wconf 65' lang='lat' dir='ltr'>quaeras</span> <span class='ocrx_word' id='word_1_396' title='bbox 3515 2193 3641 2271; x_wconf 87' lang='lat' dir='ltr'>jam</span> 
     </span>
    </p>
   </div>
   <div class='ocr_carea' id='block_1_52' title="bbox 1990 2281 3647 2361">
    <p class='ocr_par' dir='ltr' id='par_1_52' title="bbox 1990 2281 3647 2361">
     <span class='ocr_line' id='line_1_52' title="bbox 1990 2281 3647 2361; baseline -0.004 -16"><span class='ocrx_word' id='word_1_397' title='bbox 1990 2284 2249 2345; x_wconf 89' lang='lat' dir='ltr'>oblatum</span> <span class='ocrx_word' id='word_1_398' title='bbox 2284 2284 2559 2345; x_wconf 81' lang='lat' dir='ltr'>Domino.</span> <span class='ocrx_word' id='word_1_399' title='bbox 2590 2284 2774 2361; x_wconf 82' lang='lat' dir='ltr'>Igitur</span> <span class='ocrx_word' id='word_1_400' title='bbox 2804 2284 2888 2343; x_wconf 91' lang='lat' dir='ltr'>sic</span> <span class='ocrx_word' id='word_1_401' title='bbox 2919 2281 3296 2361; x_wconf 90' lang='lat' dir='ltr'>decipiebant</span> <span class='ocrx_word' id='word_1_402' title='bbox 3328 2298 3566 2359; x_wconf 88' lang='lat' dir='ltr'>pueros,</span> <span class='ocrx_word' id='word_1_403' title='bbox 3587 2288 3647 2341; x_wconf 93' lang='lat' dir='ltr'>et</span> 
     </span>
    </p>
   </div>
   <div class='ocr_carea' id='block_1_53' title="bbox 1988 2369 3643 2453">
    <p class='ocr_par' dir='ltr' id='par_1_53' title="bbox 1988 2369 3643 2453">
     <span class='ocr_line' id='line_1_53' title="bbox 1988 2369 3643 2453; baseline -0.004 -18"><span class='ocrx_word' id='word_1_404' title='bbox 1988 2374 2164 2435; x_wconf 88' lang='lat' dir='ltr'>simul</span> <span class='ocrx_word' id='word_1_405' title='bbox 2199 2374 2635 2453; x_wconf 89' lang='lat' dir='ltr'>persuadebant</span> <span class='ocrx_word' id='word_1_406' title='bbox 2678 2371 2765 2433; x_wconf 87' lang='lat' dir='ltr'>eis</span> <span class='ocrx_word' id='word_1_407' title='bbox 2816 2383 2879 2431; x_wconf 93' lang='lat' dir='ltr'>ut</span> <span class='ocrx_word' id='word_1_408' title='bbox 2924 2377 3346 2431; x_wconf 85' lang='lat' dir='ltr'>consecrarent</span> <span class='ocrx_word' id='word_1_409' title='bbox 3390 2369 3643 2432; x_wconf 91' lang='lat' dir='ltr'>Domino</span> 
     </span>
    </p>
   </div>
   <div class='ocr_carea' id='block_1_54' title="bbox 1988 2458 3639 2541">
    <p class='ocr_par' dir='ltr' id='par_1_54' title="bbox 1988 2458 3639 2541">
     <span class='ocr_line' id='line_1_54' title="bbox 1988 2458 3639 2541; baseline -0.002 -21"><span class='ocrx_word' id='word_1_410' title='bbox 1988 2479 2118 2540; x_wconf 64' lang='lat' dir='ltr'>qua;</span> <span class='ocrx_word' id='word_1_411' title='bbox 2148 2461 2436 2522; x_wconf 88' lang='lat' dir='ltr'>haberent</span> <span class='ocrx_word' id='word_1_412' title='bbox 2464 2482 2477 2523; x_wconf 88' lang='lat'><strong>:</strong></span> <span class='ocrx_word' id='word_1_413' title='bbox 2506 2480 2622 2541; x_wconf 78' lang='lat' dir='ltr'>quo</span> <span class='ocrx_word' id='word_1_414' title='bbox 2656 2468 2933 2540; x_wconf 88' lang='lat' dir='ltr'>parentes</span> <span class='ocrx_word' id='word_1_415' title='bbox 2966 2458 3260 2520; x_wconf 84' lang='lat' dir='ltr'>faciebant</span> <span class='ocrx_word' id='word_1_416' title='bbox 3313 2458 3639 2531; x_wconf 86' lang='lat' dir='ltr'>contemni,</span> 
     </span>
    </p>
   </div>
   <div class='ocr_carea' id='block_1_55' title="bbox 1994 2547 3642 2631">
    <p class='ocr_par' dir='ltr' id='par_1_55' title="bbox 1994 2547 3642 2631">
     <span class='ocr_line' id='line_1_55' title="bbox 1994 2547 3642 2631; baseline -0.003 -21"><span class='ocrx_word' id='word_1_417' title='bbox 1994 2550 2107 2631; x_wconf 90' lang='lat' dir='ltr'>ipsi</span> <span class='ocrx_word' id='word_1_418' title='bbox 2139 2558 2333 2611; x_wconf 90' lang='lat' dir='ltr'>autem</span> <span class='ocrx_word' id='word_1_419' title='bbox 2364 2550 2726 2611; x_wconf 68' lang='lat' dir='ltr'>devorabant</span> <span class='ocrx_word' id='word_1_420' title='bbox 2762 2552 2880 2609; x_wconf 78' lang='lat' dir='ltr'>Deo</span> <span class='ocrx_word' id='word_1_421' title='bbox 2914 2554 3165 2608; x_wconf 88' lang='lat' dir='ltr'>sacrata.</span> <span class='ocrx_word' id='word_1_422' title='bbox 3199 2547 3520 2626; x_wconf 89' lang='lat' dir='ltr'>Propterea</span> <span class='ocrx_word' id='word_1_423' title='bbox 3538 2564 3642 2606; x_wconf 85' lang='lat' dir='ltr'>ar-</span> 
     </span>
    </p>
   </div>
   <div class='ocr_carea' id='block_1_56' title="bbox 1996 2636 3638 2718">
    <p class='ocr_par' dir='ltr' id='par_1_56' title="bbox 1996 2636 3638 2718">
     <span class='ocr_line' id='line_1_56' title="bbox 1996 2636 3638 2718; baseline -0.002 -19"><span class='ocrx_word' id='word_1_424' title='bbox 1996 2639 2123 2718; x_wconf 92' lang='lat' dir='ltr'>guit</span> <span class='ocrx_word' id='word_1_425' title='bbox 2153 2658 2255 2700; x_wconf 91' lang='lat' dir='ltr'>eos</span> <span class='ocrx_word' id='word_1_426' title='bbox 2281 2639 2585 2718; x_wconf 79' lang='lat' dir='ltr'>Dominus,</span> <span class='ocrx_word' id='word_1_427' title='bbox 2615 2638 2773 2718; x_wconf 92' lang='lat' dir='ltr'>quod</span> <span class='ocrx_word' id='word_1_428' title='bbox 2806 2645 3049 2717; x_wconf 80' lang='lat' dir='ltr'>propter</span> <span class='ocrx_word' id='word_1_429' title='bbox 3079 2636 3311 2697; x_wconf 90' lang='lat' dir='ltr'>lucrum</span> <span class='ocrx_word' id='word_1_430' title='bbox 3339 2643 3638 2711; x_wconf 88' lang='lat' dir='ltr'>transgre-</span> 
     </span>
    </p>
   </div>
   <div class='ocr_carea' id='block_1_57' title="bbox 1998 2727 2618 2806">
    <p class='ocr_par' dir='ltr' id='par_1_57' title="bbox 1998 2727 2618 2806">
     <span class='ocr_line' id='line_1_57' title="bbox 1998 2727 2618 2806; baseline -0.003 -17"><span class='ocrx_word' id='word_1_431' title='bbox 1998 2728 2239 2790; x_wconf 90' lang='lat' dir='ltr'>diantur</span> <span class='ocrx_word' id='word_1_432' title='bbox 2269 2728 2461 2806; x_wconf 87' lang='lat' dir='ltr'>legem</span> <span class='ocrx_word' id='word_1_433' title='bbox 2492 2727 2618 2789; x_wconf 92' lang='lat' dir='ltr'>Dei.</span> 
     </span>
    </p>
   </div>
   <div class='ocr_carea' id='block_1_58' title="bbox 2066 2988 3638 3057">
    <p class='ocr_par' dir='ltr' id='par_1_58' title="bbox 2066 2988 3638 3057">
     <span class='ocr_line' id='line_1_58' title="bbox 2066 2988 3638 3057; baseline -0.004 -2"><span class='ocrx_word' id='word_1_434' title='bbox 2066 2993 2247 3056; x_wconf 72' lang='lat' dir='ltr'>Vens.</span> <span class='ocrx_word' id='word_1_435' title='bbox 2293 2993 2500 3057; x_wconf 60' lang='lat' dir='ltr'>lli-‘23.</span> <span class='ocrx_word' id='word_1_436' title='bbox 2542 3017 2567 3047; x_wconf 81' lang='grc' dir='ltr'>(ι</span> <span class='ocrx_word' id='word_1_437' title='bbox 2596 2992 2826 3053; x_wconf 89' lang='lat' dir='ltr'>Etcum</span> <span class='ocrx_word' id='word_1_438' title='bbox 2858 2988 3204 3050; x_wconf 86' lang='lat' dir='ltr'>advocasset</span> <span class='ocrx_word' id='word_1_439' title='bbox 3232 2988 3305 3049; x_wconf 87' lang='lat' dir='ltr'>ad</span> <span class='ocrx_word' id='word_1_440' title='bbox 3356 3006 3419 3049; x_wconf 92' lang='lat' dir='ltr'>se</span> <span class='ocrx_word' id='word_1_441' title='bbox 3456 2993 3638 3051; x_wconf 89' lang='lat' dir='ltr'>totam</span> 
     </span>
    </p>
   </div>
   <div class='ocr_carea' id='block_1_59' title="bbox 1984 3076 3628 3157">
    <p class='ocr_par' dir='ltr' id='par_1_59' title="bbox 1984 3076 3628 3157">
     <span class='ocr_line' id='line_1_59' title="bbox 1984 3076 3628 3157; baseline -0.001 -19"><span class='ocrx_word' id='word_1_442' title='bbox 1984 3081 2484 3153; x_wconf 81' lang='lat' dir='ltr'>turhain,dicebat</span> <span class='ocrx_word' id='word_1_443' title='bbox 2512 3080 2629 3141; x_wconf 91' lang='lat' dir='ltr'>illis</span> <span class='ocrx_word' id='word_1_444' title='bbox 2652 3098 2665 3142; x_wconf 90' lang='lat'>:</span> <span class='ocrx_word' id='word_1_445' title='bbox 2685 3079 2898 3141; x_wconf 83' lang='lat' dir='ltr'>Audite</span> <span class='ocrx_word' id='word_1_446' title='bbox 2930 3085 3358 3157; x_wconf 90' lang='lat' dir='ltr'>me,omnes,et</span> <span class='ocrx_word' id='word_1_447' title='bbox 3391 3076 3628 3137; x_wconf 88' lang='lat' dir='ltr'>intelli-</span> 
     </span>
    </p>
   </div>
   <div class='ocr_carea' id='block_1_60' title="bbox 252 3166 1908 3271">
    <p class='ocr_par' dir='ltr' id='par_1_60' title="bbox 252 3166 1907 3271">
     <span class='ocr_line' id='line_1_60' title="bbox 252 3166 1907 3271; baseline -0.001 -22"><span class='ocrx_word' id='word_1_448' title='bbox 252 3192 397 3249; x_wconf 61' lang='grc' dir='ltr'>ἑστιν</span> <span class='ocrx_word' id='word_1_449' title='bbox 448 3190 631 3257; x_wconf 77' lang='grc' dir='ltr'>ἔξωθεν</span> <span class='ocrx_word' id='word_1_450' title='bbox 700 3198 793 3249; x_wconf 85' lang='grc' dir='ltr'>τοῦ</span> <span class='ocrx_word' id='word_1_451' title='bbox 845 3166 1133 3265; x_wconf 42' lang='grc' dir='ltr'>’ἀνθρώπου</span> <span class='ocrx_word' id='word_1_452' title='bbox 1177 3166 1612 3271; x_wconf 76' lang='grc' dir='ltr'>εἰσπορευόμενον</span> <span class='ocrx_word' id='word_1_453' title='bbox 1665 3194 1737 3255; x_wconf 81' lang='grc' dir='ltr'>εἰς</span> <span class='ocrx_word' id='word_1_454' title='bbox 1808 3191 1907 3248; x_wconf 67' lang='grc' dir='ltr'>αὖ-</span> 
     </span>
    </p>
   </div>
   <div class='ocr_carea' id='block_1_61' title="bbox 1995 3166 3635 3271">
    <p class='ocr_par' dir='ltr' id='par_1_61' title="bbox 1995 3166 3635 3271">
     <span class='ocr_line' id='line_1_61' title="bbox 1995 3166 3635 3271; baseline -0.001 -42"><span class='ocrx_word' id='word_1_455' title='bbox 1995 3170 2108 3249; x_wconf 90' lang='lat' dir='ltr'>gite</span> <span class='ocrx_word' id='word_1_456' title='bbox 2133 3190 2153 3230; x_wconf 88' lang='lat'><strong><em>:</em></strong></span> <span class='ocrx_word' id='word_1_457' title='bbox 2183 3170 2340 3231; x_wconf 90' lang='lat' dir='ltr'>Nihil</span> <span class='ocrx_word' id='word_1_458' title='bbox 2374 3179 2460 3231; x_wconf 90' lang='lat' dir='ltr'>est</span> <span class='ocrx_word' id='word_1_459' title='bbox 2491 3180 2651 3231; x_wconf 83' lang='lat' dir='ltr'>extra</span> <span class='ocrx_word' id='word_1_460' title='bbox 2680 3170 2983 3231; x_wconf 88' lang='lat' dir='ltr'>hominem</span> <span class='ocrx_word' id='word_1_461' title='bbox 3030 3166 3327 3271; x_wconf 72' lang='lat' dir='ltr'>introieris</span> <span class='ocrx_word' id='word_1_462' title='bbox 3377 3166 3437 3226; x_wconf 91' lang='lat' dir='ltr'>in</span> <span class='ocrx_word' id='word_1_463' title='bbox 3471 3186 3635 3242; x_wconf 93' lang='lat' dir='ltr'>eum,</span> 
     </span>
    </p>
   </div>
   <div class='ocr_carea' id='block_1_62' title="bbox 252 3278 1915 3361">
    <p class='ocr_par' dir='ltr' id='par_1_62' title="bbox 252 3278 1915 3361">
     <span class='ocr_line' id='line_1_62' title="bbox 252 3278 1915 3361; baseline 0.001 -24"><span class='ocrx_word' id='word_1_464' title='bbox 252 3281 371 3355; x_wconf 76' lang='grc' dir='ltr'>τὸν,</span> <span class='ocrx_word' id='word_1_465' title='bbox 416 3281 443 3335; x_wconf 87' lang='grc' dir='ltr'>ὃ</span> <span class='ocrx_word' id='word_1_466' title='bbox 486 3278 696 3337; x_wconf 75' lang='grc' dir='ltr'>δύναται</span> <span class='ocrx_word' id='word_1_467' title='bbox 746 3281 903 3337; x_wconf 67' lang='grc' dir='ltr'>αὺτὸν</span> <span class='ocrx_word' id='word_1_468' title='bbox 958 3286 1242 3361; x_wconf 81' lang='grc' dir='ltr'>κοινῶσαι,</span> <span class='ocrx_word' id='word_1_469' title='bbox 1302 3280 1440 3338; x_wconf 80' lang='grc' dir='ltr'>ἀλλὰ</span> <span class='ocrx_word' id='word_1_470' title='bbox 1502 3282 1568 3337; x_wconf 82' lang='grc' dir='ltr'>τὰ</span> <span class='ocrx_word' id='word_1_471' title='bbox 1624 3280 1915 3360; x_wconf 66' lang='grc' dir='ltr'>ἐκπορευό-</span> 
     </span>
    </p>
   </div>
   <div class='ocr_carea' id='block_1_63' title="bbox 254 3366 1914 3444">
    <p class='ocr_par' dir='ltr' id='par_1_63' title="bbox 254 3366 1914 3444">
     <span class='ocr_line' id='line_1_63' title="bbox 254 3366 1914 3444; baseline 0.001 -20"><span class='ocrx_word' id='word_1_472' title='bbox 254 3390 397 3444; x_wconf 74' lang='grc' dir='ltr'>μενα</span> <span class='ocrx_word' id='word_1_473' title='bbox 425 3368 517 3425; x_wconf 83' lang='grc' dir='ltr'>ἀπ’</span> <span class='ocrx_word' id='word_1_474' title='bbox 563 3371 742 3441; x_wconf 63' lang='grc' dir='ltr'>αὺτοῦ,</span> <span class='ocrx_word' id='word_1_475' title='bbox 776 3369 958 3426; x_wconf 68' lang='grc' dir='ltr'>ἐκεῖνᾶ</span> <span class='ocrx_word' id='word_1_476' title='bbox 1010 3368 1122 3426; x_wconf 57' lang='lat' dir='ltr'>im</span> <span class='ocrx_word' id='word_1_477' title='bbox 1170 3370 1233 3427; x_wconf 79' lang='grc' dir='ltr'>τὰ</span> <span class='ocrx_word' id='word_1_478' title='bbox 1274 3375 1551 3426; x_wconf 82' lang='grc' dir='ltr'>κοινοῦντα</span> <span class='ocrx_word' id='word_1_479' title='bbox 1577 3370 1669 3426; x_wconf 83' lang='grc' dir='ltr'>τὸν</span> <span class='ocrx_word' id='word_1_480' title='bbox 1710 3366 1914 3443; x_wconf 76' lang='grc' dir='ltr'>ἄνθρω-</span> 
     </span>
    </p>
   </div>
   <div class='ocr_carea' id='block_1_64' title="bbox 255 3456 1914 3539">
    <p class='ocr_par' dir='ltr' id='par_1_64' title="bbox 255 3456 1914 3539">
     <span class='ocr_line' id='line_1_64' title="bbox 255 3456 1914 3539; baseline 0.001 -26"><span class='ocrx_word' id='word_1_481' title='bbox 255 3479 382 3520; x_wconf 84' lang='grc' dir='ltr'>πον.</span> <span class='ocrx_word' id='word_1_482' title='bbox 431 3456 499 3515; x_wconf 81' lang='grc' dir='ltr'><strong>Εἴ</strong></span> <span class='ocrx_word' id='word_1_483' title='bbox 560 3480 639 3522; x_wconf 89' lang='grc' dir='ltr'>τις</span> <span class='ocrx_word' id='word_1_484' title='bbox 696 3458 815 3539; x_wconf 77' lang='grc' dir='ltr'>ἔχει</span> <span class='ocrx_word' id='word_1_485' title='bbox 857 3459 971 3516; x_wconf 82' lang='grc' dir='ltr'>ὦτα</span> <span class='ocrx_word' id='word_1_486' title='bbox 1020 3458 1250 3530; x_wconf 81' lang='grc' dir='ltr'>ἀκούειν,</span> <span class='ocrx_word' id='word_1_487' title='bbox 1324 3457 1581 3520; x_wconf 77' lang='grc' dir='ltr'>ἀκουέτω.</span> <span class='ocrx_word' id='word_1_488' title='bbox 1658 3458 1760 3516; x_wconf 81' lang='grc' dir='ltr'>Καὶ</span> <span class='ocrx_word' id='word_1_489' title='bbox 1827 3459 1914 3514; x_wconf 71' lang='grc' dir='ltr'>ὃτι</span> 
     </span>
    </p>
   </div>
   <div class='ocr_carea' id='block_1_65' title="bbox 254 3546 1914 3627">
    <p class='ocr_par' dir='ltr' id='par_1_65' title="bbox 254 3546 1914 3627">
     <span class='ocr_line' id='line_1_65' title="bbox 254 3546 1914 3627; baseline 0.001 -25"><span class='ocrx_word' id='word_1_490' title='bbox 254 3546 493 3614; x_wconf 75' lang='grc' dir='ltr'>εἰσῆλθεν</span> <span class='ocrx_word' id='word_1_491' title='bbox 552 3548 625 3611; x_wconf 81' lang='grc' dir='ltr'>εἷς</span> <span class='ocrx_word' id='word_1_492' title='bbox 679 3548 835 3605; x_wconf 76' lang='grc' dir='ltr'>οἷκον</span> <span class='ocrx_word' id='word_1_493' title='bbox 878 3547 985 3605; x_wconf 78' lang='grc' dir='ltr'>ἀπὸ</span> <span class='ocrx_word' id='word_1_494' title='bbox 1037 3554 1132 3605; x_wconf 81' lang='grc' dir='ltr'>τοῦ</span> <span class='ocrx_word' id='word_1_495' title='bbox 1178 3546 1369 3627; x_wconf 72' lang='grc' dir='ltr'>ὄχλου,</span> <span class='ocrx_word' id='word_1_496' title='bbox 1421 3546 1713 3625; x_wconf 69' lang='grc' dir='ltr'>ἐπηρώτων</span> <span class='ocrx_word' id='word_1_497' title='bbox 1757 3546 1914 3603; x_wconf 68' lang='grc' dir='ltr'>αὐτὸν</span> 
     </span>
    </p>
   </div>
   <div class='ocr_carea' id='block_1_66' title="bbox 251 3634 1911 3716">
    <p class='ocr_par' dir='ltr' id='par_1_66' title="bbox 251 3634 1911 3716">
     <span class='ocr_line' id='line_1_66' title="bbox 251 3634 1911 3716; baseline 0.001 -26"><span class='ocrx_word' id='word_1_498' title='bbox 251 3638 303 3691; x_wconf 77' lang='grc' dir='ltr'>οι</span> <span class='ocrx_word' id='word_1_499' title='bbox 360 3638 594 3711; x_wconf 84' lang='grc' dir='ltr'>μαθηταὶ</span> <span class='ocrx_word' id='word_1_500' title='bbox 672 3639 829 3694; x_wconf 71' lang='grc' dir='ltr'>αὐτοῦ</span> <span class='ocrx_word' id='word_1_501' title='bbox 890 3638 1006 3713; x_wconf 84' lang='grc' dir='ltr'>περὶ</span> <span class='ocrx_word' id='word_1_502' title='bbox 1066 3636 1161 3704; x_wconf 74' lang='grc' dir='ltr'>τῆς</span> <span class='ocrx_word' id='word_1_503' title='bbox 1219 3634 1554 3716; x_wconf 76' lang='grc' dir='ltr'>παραϐολῆς.</span> <span class='ocrx_word' id='word_1_504' title='bbox 1616 3636 1713 3693; x_wconf 83' lang='grc' dir='ltr'>Καὶ</span> <span class='ocrx_word' id='word_1_505' title='bbox 1766 3634 1911 3714; x_wconf 83' lang='grc' dir='ltr'>λέγει</span> 
     </span>
    </p>
   </div>
   <div class='ocr_carea' id='block_1_67' title="bbox 251 3724 1910 3802">
    <p class='ocr_par' dir='ltr' id='par_1_67' title="bbox 251 3724 1910 3802">
     <span class='ocr_line' id='line_1_67' title="bbox 251 3724 1910 3802; baseline 0 -21"><span class='ocrx_word' id='word_1_506' title='bbox 251 3724 438 3789; x_wconf 68' lang='grc' dir='ltr'>αὐτοῖς</span> <span class='ocrx_word' id='word_1_507' title='bbox 472 3740 489 3755; x_wconf 98' lang='grc'>⁸</span> <span class='ocrx_word' id='word_1_508' title='bbox 549 3725 710 3783; x_wconf 73' lang='grc' dir='ltr'>Οὔπω</span> <span class='ocrx_word' id='word_1_509' title='bbox 766 3728 855 3784; x_wconf 85' lang='grc' dir='ltr'>καὶ</span> <span class='ocrx_word' id='word_1_510' title='bbox 910 3727 1066 3802; x_wconf 79' lang='grc' dir='ltr'>ὑμεῖς</span> <span class='ocrx_word' id='word_1_511' title='bbox 1124 3724 1366 3783; x_wconf 79' lang='grc' dir='ltr'>ἀσύνετοί</span> <span class='ocrx_word' id='word_1_512' title='bbox 1418 3724 1583 3801; x_wconf 60' lang='lat' dir='ltr'>ian;</span> <span class='ocrx_word' id='word_1_513' title='bbox 1638 3724 1709 3781; x_wconf 81' lang='grc' dir='ltr'><strong>Οὐ</strong></span> <span class='ocrx_word' id='word_1_514' title='bbox 1736 3738 1910 3781; x_wconf 80' lang='grc' dir='ltr'>νοεῖτε</span> 
     </span>
    </p>
   </div>
   <div class='ocr_carea' id='block_1_68' title="bbox 249 3812 1910 3895">
    <p class='ocr_par' dir='ltr' id='par_1_68' title="bbox 249 3812 1910 3895">
     <span class='ocr_line' id='line_1_68' title="bbox 249 3812 1910 3895; baseline -0.001 -26"><span class='ocrx_word' id='word_1_515' title='bbox 249 3812 335 3870; x_wconf 78' lang='grc' dir='ltr'>ὅτι</span> <span class='ocrx_word' id='word_1_516' title='bbox 395 3820 499 3871; x_wconf 80' lang='grc' dir='ltr'>πᾶν</span> <span class='ocrx_word' id='word_1_517' title='bbox 542 3816 604 3872; x_wconf 88' lang='grc' dir='ltr'>τὸ</span> <span class='ocrx_word' id='word_1_518' title='bbox 654 3812 840 3881; x_wconf 75' lang='grc' dir='ltr'>ἔξωθεν</span> <span class='ocrx_word' id='word_1_519' title='bbox 910 3815 1344 3895; x_wconf 75' lang='grc' dir='ltr'>εἰσπορευόμενον</span> <span class='ocrx_word' id='word_1_520' title='bbox 1427 3814 1499 3879; x_wconf 83' lang='grc' dir='ltr'>εἰς</span> <span class='ocrx_word' id='word_1_521' title='bbox 1553 3814 1644 3870; x_wconf 80' lang='grc' dir='ltr'>τὸν</span> <span class='ocrx_word' id='word_1_522' title='bbox 1701 3812 1910 3890; x_wconf 83' lang='grc' dir='ltr'>ἀνθρω-</span> 
     </span>
    </p>
   </div>
   <div class='ocr_carea' id='block_1_69' title="bbox 250 3900 1907 3982">
    <p class='ocr_par' dir='ltr' id='par_1_69' title="bbox 250 3900 1907 3982">
     <span class='ocr_line' id='line_1_69' title="bbox 250 3900 1907 3982; baseline -0.001 -23"><span class='ocrx_word' id='word_1_523' title='bbox 250 3924 376 3982; x_wconf 83' lang='grc' dir='ltr'>πον,</span> <span class='ocrx_word' id='word_1_524' title='bbox 422 3905 483 3960; x_wconf 73' lang='grc' dir='ltr'>οὗ</span> <span class='ocrx_word' id='word_1_525' title='bbox 539 3902 748 3961; x_wconf 81' lang='grc' dir='ltr'>δύναται</span> <span class='ocrx_word' id='word_1_526' title='bbox 806 3906 963 3961; x_wconf 75' lang='grc' dir='ltr'>αὐτὸν</span> <span class='ocrx_word' id='word_1_527' title='bbox 1006 3910 1285 3981; x_wconf 83' lang='grc' dir='ltr'>κοινῶσαι,</span> <span class='ocrx_word' id='word_1_528' title='bbox 1332 3900 1414 3959; x_wconf 83' lang='grc' dir='ltr'>ὅτι</span> <span class='ocrx_word' id='word_1_529' title='bbox 1457 3904 1551 3960; x_wconf 73' lang='grc' dir='ltr'>οὐκ</span> <span class='ocrx_word' id='word_1_530' title='bbox 1599 3903 1907 3979; x_wconf 72' lang='grc' dir='ltr'>εἰσπορεύε-</span> 
     </span>
    </p>
   </div>
   <div class='ocr_carea' id='block_1_70' title="bbox 248 3984 1908 4073">
    <p class='ocr_par' dir='ltr' id='par_1_70' title="bbox 248 3984 1908 4073">
     <span class='ocr_line' id='line_1_70' title="bbox 248 3984 1908 4073; baseline -0.001 -26"><span class='ocrx_word' id='word_1_531' title='bbox 248 4013 337 4048; x_wconf 88' lang='grc' dir='ltr'>ται</span> <span class='ocrx_word' id='word_1_532' title='bbox 368 3994 525 4049; x_wconf 72' lang='grc' dir='ltr'>αὐτοῦ</span> <span class='ocrx_word' id='word_1_533' title='bbox 555 3995 627 4058; x_wconf 82' lang='grc' dir='ltr'>εἰς</span> <span class='ocrx_word' id='word_1_534' title='bbox 655 3994 756 4060; x_wconf 73' lang='grc' dir='ltr'>τὴν</span> <span class='ocrx_word' id='word_1_535' title='bbox 812 3992 1049 4073; x_wconf 85' lang='grc' dir='ltr'>καρδίαν,</span> <span class='ocrx_word' id='word_1_536' title='bbox 1107 3990 1227 4051; x_wconf 84' lang='grc' dir='ltr'>ἀλλ’</span> <span class='ocrx_word' id='word_1_537' title='bbox 1272 3994 1346 4055; x_wconf 88' lang='grc' dir='ltr'>είς</span> <span class='ocrx_word' id='word_1_538' title='bbox 1386 3993 1486 4059; x_wconf 67' lang='grc' dir='ltr'>τὴν</span> <span class='ocrx_word' id='word_1_539' title='bbox 1536 3989 1761 4065; x_wconf 86' lang='grc' dir='ltr'>κοιλίαν,</span> <span class='ocrx_word' id='word_1_540' title='bbox 1820 3984 1908 4046; x_wconf 79' lang='grc' dir='ltr'>καὶ</span> 
     </span>
    </p>
   </div>
   <div class='ocr_carea' id='block_1_71' title="bbox 247 4080 1907 4163">
    <p class='ocr_par' dir='ltr' id='par_1_71' title="bbox 247 4080 1907 4163">
     <span class='ocr_line' id='line_1_71' title="bbox 247 4080 1907 4163; baseline 0 -27"><span class='ocrx_word' id='word_1_541' title='bbox 247 4083 323 4145; x_wconf 75' lang='grc' dir='ltr'>εἰς</span> <span class='ocrx_word' id='word_1_542' title='bbox 396 4083 487 4138; x_wconf 82' lang='grc' dir='ltr'>τὸν</span> <span class='ocrx_word' id='word_1_543' title='bbox 550 4080 822 4163; x_wconf 78' lang='grc' dir='ltr'>ἀφεδρῶνα</span> <span class='ocrx_word' id='word_1_544' title='bbox 906 4082 1274 4161; x_wconf 69' lang='grc' dir='ltr'>Βκπορεύεται,</span> <span class='ocrx_word' id='word_1_545' title='bbox 1331 4081 1682 4159; x_wconf 71' lang='grc' dir='ltr'>ἐκκαθαρίζων</span> <span class='ocrx_word' id='word_1_546' title='bbox 1735 4080 1907 4136; x_wconf 81' lang='grc' dir='ltr'>πάντα</span> 
     </span>
    </p>
   </div>
   <div class='ocr_carea' id='block_1_72' title="bbox 1998 3256 3643 3340">
    <p class='ocr_par' dir='ltr' id='par_1_72' title="bbox 1998 3256 3643 3340">
     <span class='ocr_line' id='line_1_72' title="bbox 1998 3256 3643 3340; baseline -0.001 -20"><span class='ocrx_word' id='word_1_547' title='bbox 1998 3258 2155 3339; x_wconf 92' lang='lat' dir='ltr'>quod</span> <span class='ocrx_word' id='word_1_548' title='bbox 2179 3260 2362 3340; x_wconf 85' lang='lat' dir='ltr'>possit</span> <span class='ocrx_word' id='word_1_549' title='bbox 2395 3278 2528 3320; x_wconf 90' lang='lat' dir='ltr'>eum</span> <span class='ocrx_word' id='word_1_550' title='bbox 2563 3259 2916 3339; x_wconf 86' lang='lat' dir='ltr'>inquinare:</span> <span class='ocrx_word' id='word_1_551' title='bbox 2945 3256 3050 3317; x_wconf 84' lang='lat' dir='ltr'>sed</span> <span class='ocrx_word' id='word_1_552' title='bbox 3094 3274 3226 3337; x_wconf 76' lang='lat' dir='ltr'>quae</span> <span class='ocrx_word' id='word_1_553' title='bbox 3274 3258 3347 3317; x_wconf 92' lang='lat' dir='ltr'>de</span> <span class='ocrx_word' id='word_1_554' title='bbox 3397 3256 3643 3318; x_wconf 86' lang='lat' dir='ltr'>homine</span> 
     </span>
    </p>
   </div>
   <div class='ocr_carea' id='block_1_73' title="bbox 1998 3344 3644 3429">
    <p class='ocr_par' dir='ltr' id='par_1_73' title="bbox 1998 3344 3644 3429">
     <span class='ocr_line' id='line_1_73' title="bbox 1998 3344 3644 3429; baseline 0.001 -19"><span class='ocrx_word' id='word_1_555' title='bbox 1998 3351 2351 3429; x_wconf 89' lang='lat' dir='ltr'>procedunt,</span> <span class='ocrx_word' id='word_1_556' title='bbox 2387 3349 2487 3409; x_wconf 92' lang='lat' dir='ltr'>illa</span> <span class='ocrx_word' id='word_1_557' title='bbox 2517 3358 2653 3408; x_wconf 87' lang='lat' dir='ltr'>sunt</span> <span class='ocrx_word' id='word_1_558' title='bbox 2682 3365 2812 3427; x_wconf 68' lang='lat' dir='ltr'>quae</span> <span class='ocrx_word' id='word_1_559' title='bbox 2859 3346 3175 3426; x_wconf 89' lang='lat' dir='ltr'>inquinant</span> <span class='ocrx_word' id='word_1_560' title='bbox 3230 3345 3554 3407; x_wconf 85' lang='lat' dir='ltr'>hominem.</span> <span class='ocrx_word' id='word_1_561' title='bbox 3582 3344 3644 3411; x_wconf 92' lang='lat' dir='ltr'>Si</span> 
     </span>
    </p>
   </div>
   <div class='ocr_carea' id='block_1_74' title="bbox 1996 3433 3641 3517">
    <p class='ocr_par' dir='ltr' id='par_1_74' title="bbox 1996 3433 3641 3517">
     <span class='ocr_line' id='line_1_74' title="bbox 1996 3433 3641 3517; baseline -0.003 -19"><span class='ocrx_word' id='word_1_562' title='bbox 1996 3438 2128 3517; x_wconf 90' lang='lat' dir='ltr'>quis</span> <span class='ocrx_word' id='word_1_563' title='bbox 2170 3436 2350 3498; x_wconf 90' lang='lat' dir='ltr'>habet</span> <span class='ocrx_word' id='word_1_564' title='bbox 2396 3454 2572 3498; x_wconf 84' lang='lat' dir='ltr'>aures</span> <span class='ocrx_word' id='word_1_565' title='bbox 2602 3435 2675 3497; x_wconf 91' lang='lat' dir='ltr'>ad</span> <span class='ocrx_word' id='word_1_566' title='bbox 2723 3434 3113 3505; x_wconf 73' lang='lat' dir='ltr'>audiendum,</span> <span class='ocrx_word' id='word_1_567' title='bbox 3147 3433 3368 3495; x_wconf 90' lang='lat' dir='ltr'>audiat.</span> <span class='ocrx_word' id='word_1_568' title='bbox 3406 3434 3475 3494; x_wconf 80' lang='lat' dir='ltr'>Et</span> <span class='ocrx_word' id='word_1_569' title='bbox 3506 3453 3641 3494; x_wconf 92' lang='lat' dir='ltr'>cum</span> 
     </span>
    </p>
   </div>
   <div class='ocr_carea' id='block_1_75' title="bbox 1997 3522 3644 3601">
    <p class='ocr_par' dir='ltr' id='par_1_75' title="bbox 1997 3522 3644 3601">
     <span class='ocr_line' id='line_1_75' title="bbox 1997 3522 3644 3601; baseline -0.002 -14"><span class='ocrx_word' id='word_1_570' title='bbox 1997 3528 2279 3587; x_wconf 84' lang='lat' dir='ltr'>intrasset</span> <span class='ocrx_word' id='word_1_571' title='bbox 2308 3528 2365 3587; x_wconf 91' lang='lat' dir='ltr'>in</span> <span class='ocrx_word' id='word_1_572' title='bbox 2398 3526 2636 3586; x_wconf 90' lang='lat' dir='ltr'>domum</span> <span class='ocrx_word' id='word_1_573' title='bbox 2666 3532 2924 3585; x_wconf 90' lang='lat' dir='ltr'>semotus</span> <span class='ocrx_word' id='word_1_574' title='bbox 2945 3522 3644 3601; x_wconf 85' lang='lat' dir='ltr'>aturba,interrogahant</span> 
     </span>
    </p>
   </div>
   <div class='ocr_carea' id='block_1_76' title="bbox 1996 3611 3643 3695">
    <p class='ocr_par' dir='ltr' id='par_1_76' title="bbox 1996 3611 3643 3695">
     <span class='ocr_line' id='line_1_76' title="bbox 1996 3611 3643 3695; baseline -0.004 -16"><span class='ocrx_word' id='word_1_575' title='bbox 1996 3635 2132 3679; x_wconf 86' lang='lat' dir='ltr'>eum</span> <span class='ocrx_word' id='word_1_576' title='bbox 2158 3616 2434 3695; x_wconf 91' lang='lat' dir='ltr'>discipuli</span> <span class='ocrx_word' id='word_1_577' title='bbox 2466 3616 2593 3695; x_wconf 84' lang='lat' dir='ltr'>ejus</span> <span class='ocrx_word' id='word_1_578' title='bbox 2624 3614 2699 3674; x_wconf 91' lang='lat' dir='ltr'>de</span> <span class='ocrx_word' id='word_1_579' title='bbox 2733 3612 3030 3692; x_wconf 88' lang='lat' dir='ltr'>parabola.</span> <span class='ocrx_word' id='word_1_580' title='bbox 3065 3613 3135 3672; x_wconf 79' lang='lat' dir='ltr'>Et</span> <span class='ocrx_word' id='word_1_581' title='bbox 3164 3612 3244 3671; x_wconf 87' lang='lat' dir='ltr'>ait</span> <span class='ocrx_word' id='word_1_582' title='bbox 3273 3611 3393 3671; x_wconf 90' lang='lat' dir='ltr'>illis</span> <span class='ocrx_word' id='word_1_583' title='bbox 3429 3634 3441 3674; x_wconf 92' lang='lat'>:</span> <span class='ocrx_word' id='word_1_584' title='bbox 3474 3612 3643 3673; x_wconf 86' lang='lat' dir='ltr'>Adeo</span> 
     </span>
    </p>
   </div>
   <div class='ocr_carea' id='block_1_77' title="bbox 1995 3698 3643 3783">
    <p class='ocr_par' dir='ltr' id='par_1_77' title="bbox 1995 3698 3643 3783">
     <span class='ocr_line' id='line_1_77' title="bbox 1995 3698 3643 3783; baseline -0.004 -16"><span class='ocrx_word' id='word_1_585' title='bbox 1995 3714 2053 3767; x_wconf 93' lang='lat' dir='ltr'>et</span> <span class='ocrx_word' id='word_1_586' title='bbox 2109 3724 2209 3766; x_wconf 93' lang='lat' dir='ltr'>vos</span> <span class='ocrx_word' id='word_1_587' title='bbox 2258 3704 2650 3783; x_wconf 85' lang='lat' dir='ltr'>intelligentia</span> <span class='ocrx_word' id='word_1_588' title='bbox 2698 3699 2961 3762; x_wconf 89' lang='lat' dir='ltr'>caretis?</span> <span class='ocrx_word' id='word_1_589' title='bbox 2991 3698 3263 3760; x_wconf 88' lang='lat' dir='ltr'>Nondum</span> <span class='ocrx_word' id='word_1_590' title='bbox 3314 3700 3643 3777; x_wconf 84' lang='lat' dir='ltr'>intelligitis</span> 
     </span>
    </p>
   </div>
   <div class='ocr_carea' id='block_1_78' title="bbox 1994 3788 3646 3877">
    <p class='ocr_par' dir='ltr' id='par_1_78' title="bbox 1994 3788 3646 3877">
     <span class='ocr_line' id='line_1_78' title="bbox 1994 3788 3646 3877; baseline -0.004 -22"><span class='ocrx_word' id='word_1_591' title='bbox 1994 3795 2149 3877; x_wconf 68' lang='lat' dir='ltr'>quod</span> <span class='ocrx_word' id='word_1_592' title='bbox 2177 3814 2353 3855; x_wconf 91' lang='lat' dir='ltr'>omne</span> <span class='ocrx_word' id='word_1_593' title='bbox 2383 3794 2525 3854; x_wconf 81' lang='lat' dir='ltr'>foris</span> <span class='ocrx_word' id='word_1_594' title='bbox 2546 3792 2831 3852; x_wconf 90' lang='lat' dir='ltr'>introiens</span> <span class='ocrx_word' id='word_1_595' title='bbox 2863 3790 2922 3850; x_wconf 91' lang='lat' dir='ltr'>in</span> <span class='ocrx_word' id='word_1_596' title='bbox 2947 3788 3271 3861; x_wconf 90' lang='lat' dir='ltr'>hominem,</span> <span class='ocrx_word' id='word_1_597' title='bbox 3303 3806 3419 3848; x_wconf 94' lang='lat' dir='ltr'>non</span> <span class='ocrx_word' id='word_1_598' title='bbox 3456 3797 3646 3867; x_wconf 92' lang='lat' dir='ltr'>potest</span> 
     </span>
    </p>
   </div>
   <div class='ocr_carea' id='block_1_79' title="bbox 1991 3876 3640 3965">
    <p class='ocr_par' dir='ltr' id='par_1_79' title="bbox 1991 3876 3640 3965">
     <span class='ocr_line' id='line_1_79' title="bbox 1991 3876 3640 3965; baseline -0.005 -19"><span class='ocrx_word' id='word_1_599' title='bbox 1991 3876 2130 3946; x_wconf 90' lang='lat' dir='ltr'>eum</span> <span class='ocrx_word' id='word_1_600' title='bbox 2164 3883 2497 3965; x_wconf 85' lang='lat' dir='ltr'>inquinare,</span> <span class='ocrx_word' id='word_1_601' title='bbox 2532 3881 2670 3963; x_wconf 88' lang='lat' dir='ltr'>quia</span> <span class='ocrx_word' id='word_1_602' title='bbox 2700 3899 2818 3941; x_wconf 90' lang='lat' dir='ltr'>non</span> <span class='ocrx_word' id='word_1_603' title='bbox 2854 3879 3035 3940; x_wconf 91' lang='lat' dir='ltr'>intrat</span> <span class='ocrx_word' id='word_1_604' title='bbox 3062 3877 3123 3937; x_wconf 91' lang='lat' dir='ltr'>in</span> <span class='ocrx_word' id='word_1_605' title='bbox 3147 3894 3249 3937; x_wconf 89' lang='lat' dir='ltr'>cor</span> <span class='ocrx_word' id='word_1_606' title='bbox 3282 3877 3547 3956; x_wconf 88' lang='lat' dir='ltr'>ejus,sed</span> <span class='ocrx_word' id='word_1_607' title='bbox 3578 3876 3640 3938; x_wconf 92' lang='lat' dir='ltr'>in</span> 
     </span>
    </p>
   </div>
   <div class='ocr_carea' id='block_1_80' title="bbox 1993 3968 3645 4048">
    <p class='ocr_par' dir='ltr' id='par_1_80' title="bbox 1993 3968 3645 4048">
     <span class='ocr_line' id='line_1_80' title="bbox 1993 3968 3645 4048; baseline -0.005 -14"><span class='ocrx_word' id='word_1_608' title='bbox 1993 3984 2281 4048; x_wconf 87' lang='lat' dir='ltr'>ventrem,</span> <span class='ocrx_word' id='word_1_609' title='bbox 2317 3984 2373 4036; x_wconf 92' lang='lat' dir='ltr'>et</span> <span class='ocrx_word' id='word_1_610' title='bbox 2404 3975 2464 4034; x_wconf 93' lang='lat' dir='ltr'>in</span> <span class='ocrx_word' id='word_1_611' title='bbox 2495 3989 2797 4033; x_wconf 76' lang='lat' dir='ltr'>secessum</span> <span class='ocrx_word' id='word_1_612' title='bbox 2858 3968 2998 4043; x_wconf 85' lang='lat' dir='ltr'>exit,</span> <span class='ocrx_word' id='word_1_613' title='bbox 3045 3984 3376 4047; x_wconf 88' lang='lat' dir='ltr'>repurgans</span> <span class='ocrx_word' id='word_1_614' title='bbox 3433 3984 3645 4027; x_wconf 90' lang='lat' dir='ltr'>omnes</span> 
     </span>
    </p>
   </div>
   <div class='ocr_carea' id='block_1_81' title="bbox 1990 4055 3642 4130">
    <p class='ocr_par' dir='ltr' id='par_1_81' title="bbox 1990 4055 3642 4130">
     <span class='ocr_line' id='line_1_81' title="bbox 1990 4055 3642 4130; baseline -0.006 -5"><span class='ocrx_word' id='word_1_615' title='bbox 1990 4064 2185 4127; x_wconf 84' lang='lat' dir='ltr'>escas?</span> <span class='ocrx_word' id='word_1_616' title='bbox 2220 4064 2463 4125; x_wconf 87' lang='lat' dir='ltr'>Dicebat</span> <span class='ocrx_word' id='word_1_617' title='bbox 2491 4070 2692 4123; x_wconf 91' lang='lat' dir='ltr'>autem</span> <span class='ocrx_word' id='word_1_618' title='bbox 2729 4077 2741 4121; x_wconf 93' lang='lat'>:</span> <span class='ocrx_word' id='word_1_619' title='bbox 2773 4058 2938 4130; x_wconf 87' lang='lat' dir='ltr'>Quod</span> <span class='ocrx_word' id='word_1_620' title='bbox 2971 4056 3042 4118; x_wconf 90' lang='lat' dir='ltr'>ab</span> <span class='ocrx_word' id='word_1_621' title='bbox 3075 4057 3315 4117; x_wconf 88' lang='lat' dir='ltr'>homine</span> <span class='ocrx_word' id='word_1_622' title='bbox 3345 4055 3642 4129; x_wconf 79' lang='lat' dir='ltr'>exit,illud</span> 
     </span>
    </p>
   </div>
   <div class='ocr_carea' id='block_1_82' title="bbox 248 4144 1908 4254">
    <p class='ocr_par' dir='ltr' id='par_1_82' title="bbox 248 4144 1908 4254">
     <span class='ocr_line' id='line_1_82' title="bbox 248 4144 1908 4254; baseline -0.002 -25"><span class='ocrx_word' id='word_1_623' title='bbox 248 4173 315 4229; x_wconf 77' lang='grc' dir='ltr'>τὰ</span> <span class='ocrx_word' id='word_1_624' title='bbox 359 4144 615 4251; x_wconf 79' lang='grc' dir='ltr'>βρώματά</span> <span class='ocrx_word' id='word_1_625' title='bbox 652 4144 693 4248; x_wconf 76' lang='grc' dir='ltr'>;ι</span> <span class='ocrx_word' id='word_1_626' title='bbox 727 4164 933 4252; x_wconf 60' lang='grc' dir='ltr'>’Ἔλεγε</span> <span class='ocrx_word' id='word_1_627' title='bbox 971 4144 1055 4254; x_wconf 73' lang='grc' dir='ltr'>δὲ,⁸</span> <span class='ocrx_word' id='word_1_628' title='bbox 1108 4173 1189 4230; x_wconf 80' lang='grc' dir='ltr'>ὅτι</span> <span class='ocrx_word' id='word_1_629' title='bbox 1249 4144 1320 4231; x_wconf 65' lang='lat' dir='ltr'>&#39;i&#39;b</span> <span class='ocrx_word' id='word_1_630' title='bbox 1378 4173 1441 4229; x_wconf 78' lang='grc' dir='ltr'>ἐκ</span> <span class='ocrx_word' id='word_1_631' title='bbox 1501 4144 1606 4231; x_wconf 60' lang='lat' dir='ltr'>tbi&quot;;</span> <span class='ocrx_word' id='word_1_632' title='bbox 1638 4170 1908 4249; x_wconf 83' lang='grc' dir='ltr'>ἀνθρώπου</span> 
     </span>
    </p>
   </div>
   <div class='ocr_carea' id='block_1_83' title="bbox 1995 4144 3645 4254">
    <p class='ocr_par' dir='ltr' id='par_1_83' title="bbox 1997 4144 3645 4233">
     <span class='ocr_line' id='line_1_83' title="bbox 1997 4144 3645 4233; baseline -0.005 -19"><span class='ocrx_word' id='word_1_633' title='bbox 1997 4153 2270 4233; x_wconf 89' lang='lat' dir='ltr'>inquinat</span> <span class='ocrx_word' id='word_1_634' title='bbox 2301 4147 2722 4212; x_wconf 87' lang='lat' dir='ltr'>hominem.Ah</span> <span class='ocrx_word' id='word_1_635' title='bbox 2756 4145 3143 4208; x_wconf 88' lang='lat' dir='ltr'>interioribus</span> <span class='ocrx_word' id='word_1_636' title='bbox 3168 4144 3325 4205; x_wconf 90' lang='lat' dir='ltr'>enim</span> <span class='ocrx_word' id='word_1_637' title='bbox 3361 4144 3434 4204; x_wconf 88' lang='lat' dir='ltr'>de</span> <span class='ocrx_word' id='word_1_638' title='bbox 3466 4144 3645 4205; x_wconf 88' lang='lat' dir='ltr'>corde</span> 
     </span>
    </p>
   </div>
   <div class='ocr_carea' id='block_1_84' title="bbox 244 4233 1908 4341">
    <p class='ocr_par' dir='ltr' id='par_1_84' title="bbox 244 4233 1908 4341">
     <span class='ocr_line' id='line_1_84' title="bbox 359 4233 1904 4254; baseline -0.001 -6"><span class='ocrx_word' id='word_1_639' title='bbox 359 4233 406 4251; x_wconf 93' lang='lat'>..</span> <span class='ocrx_word' id='word_1_640' title='bbox 474 4233 485 4247; x_wconf 87' lang='lat'>.</span> <span class='ocrx_word' id='word_1_641' title='bbox 654 4233 668 4248; x_wconf 77' lang='grc' dir='ltr'>ι</span> <span class='ocrx_word' id='word_1_642' title='bbox 885 4233 897 4252; x_wconf 90' lang='grc'>.</span> <span class='ocrx_word' id='word_1_643' title='bbox 1034 4233 1048 4254; x_wconf 87' lang='grc'>,</span> <span class='ocrx_word' id='word_1_644' title='bbox 1735 4233 1745 4249; x_wconf 89' lang='grc'><em>.</em></span> <span class='ocrx_word' id='word_1_645' title='bbox 1896 4233 1904 4234; x_wconf 43' lang='grc' dir='ltr'><em>κ</em></span> 
     </span>
     <span class='ocr_line' id='line_1_85' title="bbox 244 4259 1908 4341; baseline -0.002 -24"><span class='ocrx_word' id='word_1_646' title='bbox 244 4261 691 4341; x_wconf 73' lang='grc' dir='ltr'>ὶκπορευόμενον,</span> <span class='ocrx_word' id='word_1_647' title='bbox 736 4264 915 4320; x_wconf 72' lang='grc' dir='ltr'>ὶκεῖνο</span> <span class='ocrx_word' id='word_1_648' title='bbox 962 4276 1140 4320; x_wconf 92' lang='grc' dir='ltr'>κοινοῖ</span> <span class='ocrx_word' id='word_1_649' title='bbox 1175 4264 1269 4319; x_wconf 81' lang='grc' dir='ltr'>τὸν</span> <span class='ocrx_word' id='word_1_650' title='bbox 1322 4261 1616 4339; x_wconf 81' lang='grc' dir='ltr'>ἄνθρωπον,</span> <span class='ocrx_word' id='word_1_651' title='bbox 1650 4259 1908 4316; x_wconf 79' lang='grc' dir='ltr'>’Ἒσωθεν</span> 
     </span>
    </p>
   </div>
   <div class='ocr_carea' id='block_1_85' title="bbox 1995 4233 3636 4341">
    <p class='ocr_par' dir='ltr' id='par_1_85' title="bbox 1998 4233 3636 4316">
     <span class='ocr_line' id='line_1_86' title="bbox 1998 4233 3636 4316; baseline -0.007 -11"><span class='ocrx_word' id='word_1_652' title='bbox 1998 4243 2305 4305; x_wconf 90' lang='lat' dir='ltr'>hominum</span> <span class='ocrx_word' id='word_1_653' title='bbox 2331 4240 2501 4301; x_wconf 63' lang='lat' dir='ltr'>malae</span> <span class='ocrx_word' id='word_1_654' title='bbox 2528 4237 2915 4316; x_wconf 81' lang='lat' dir='ltr'>cogitationes</span> <span class='ocrx_word' id='word_1_655' title='bbox 2946 4233 3298 4314; x_wconf 90' lang='lat' dir='ltr'>procedunt,</span> <span class='ocrx_word' id='word_1_656' title='bbox 3326 4233 3636 4305; x_wconf 89' lang='lat' dir='ltr'>adulteria,</span> 
     </span>
    </p>
   </div>
   <div class='ocr_carea' id='block_1_86' title="bbox 244 4322 1908 4431">
    <p class='ocr_par' dir='ltr' id='par_1_86' title="bbox 244 4322 1908 4431">
     <span class='ocr_line' id='line_1_87' title="bbox 244 4322 1908 4431; baseline 0 -26"><span class='ocrx_word' id='word_1_657' title='bbox 244 4350 351 4429; x_wconf 76' lang='grc' dir='ltr'>γὰρ</span> <span class='ocrx_word' id='word_1_658' title='bbox 388 4322 466 4406; x_wconf 72' lang='grc' dir='ltr'>ιἑκ</span> <span class='ocrx_word' id='word_1_659' title='bbox 493 4322 591 4417; x_wconf 74' lang='grc' dir='ltr'>τῆς</span> <span class='ocrx_word' id='word_1_660' title='bbox 650 4322 865 4430; x_wconf 48' lang='grc' dir='ltr'>κῖαρδίας</span> <span class='ocrx_word' id='word_1_661' title='bbox 910 4357 1017 4408; x_wconf 83' lang='grc' dir='ltr'>τῶν</span> <span class='ocrx_word' id='word_1_662' title='bbox 1059 4350 1348 4431; x_wconf 83' lang='grc' dir='ltr'>ἀνθρώπων</span> <span class='ocrx_word' id='word_1_663' title='bbox 1379 4322 1427 4407; x_wconf 78' lang='grc' dir='ltr'>οί</span> <span class='ocrx_word' id='word_1_664' title='bbox 1473 4347 1805 4426; x_wconf 83' lang='grc' dir='ltr'>διαλογισμοὶ</span> <span class='ocrx_word' id='word_1_665' title='bbox 1863 4352 1908 4405; x_wconf 75' lang='grc' dir='ltr'>οἱ</span> 
     </span>
    </p>
   </div>
   <div class='ocr_carea' id='block_1_87' title="bbox 1995 4322 3638 4431">
    <p class='ocr_par' dir='ltr' id='par_1_87' title="bbox 1995 4322 3638 4412">
     <span class='ocr_line' id='line_1_88' title="bbox 1995 4322 3638 4412; baseline -0.006 -19"><span class='ocrx_word' id='word_1_666' title='bbox 1995 4341 2220 4412; x_wconf 88' lang='lat' dir='ltr'>stupra,</span> <span class='ocrx_word' id='word_1_667' title='bbox 2248 4328 2594 4400; x_wconf 85' lang='lat' dir='ltr'>homicidia,</span> <span class='ocrx_word' id='word_1_668' title='bbox 2631 4326 2805 4399; x_wconf 82' lang='lat' dir='ltr'>furta,</span> <span class='ocrx_word' id='word_1_669' title='bbox 2831 4324 3111 4399; x_wconf 66' lang='lat' dir='ltr'>avaritiae,</span> <span class='ocrx_word' id='word_1_670' title='bbox 3152 4324 3413 4397; x_wconf 86' lang='lat' dir='ltr'>fraudes,</span> <span class='ocrx_word' id='word_1_671' title='bbox 3447 4322 3638 4398; x_wconf 92' lang='lat' dir='ltr'>dolus,</span> 
     </span>
    </p>
   </div>
   <div class='ocr_carea' id='block_1_88' title="bbox 245 4412 1908 4520">
    <p class='ocr_par' dir='ltr' id='par_1_88' title="bbox 245 4412 1908 4520">
     <span class='ocr_line' id='line_1_89' title="bbox 245 4412 1908 4520; baseline 0 -26"><span class='ocrx_word' id='word_1_672' title='bbox 245 4412 406 4495; x_wconf 63' lang='grc' dir='ltr'>ᾇιέωὶ</span> <span class='ocrx_word' id='word_1_673' title='bbox 463 4412 858 4519; x_wconf 66' lang='grc' dir='ltr'>ἐκπορεύονται,</span> <span class='ocrx_word' id='word_1_674' title='bbox 904 4412 1177 4520; x_wconf 52' lang='grc' dir='ltr'>μοιχεῖαι,</span> <span class='ocrx_word' id='word_1_675' title='bbox 1224 4453 1492 4518; x_wconf 88' lang='grc' dir='ltr'>πορνεῖαι,</span> <span class='ocrx_word' id='word_1_676' title='bbox 1544 4412 1727 4519; x_wconf 38' lang='grc' dir='ltr'>φόνιοι,</span> <span class='ocrx_word' id='word_1_677' title='bbox 1775 4436 1908 4494; x_wconf 86' lang='grc' dir='ltr'>κλο-</span> 
     </span>
    </p>
   </div>
   <div class='ocr_carea' id='block_1_89' title="bbox 1995 4412 3640 4520">
    <p class='ocr_par' dir='ltr' id='par_1_89' title="bbox 1995 4412 3640 4520">
     <span class='ocr_line' id='line_1_90' title="bbox 1995 4412 3640 4520; baseline -0.007 -38"><span class='ocrx_word' id='word_1_678' title='bbox 1995 4420 2382 4501; x_wconf 91' lang='lat' dir='ltr'>impudicitia,</span> <span class='ocrx_word' id='word_1_679' title='bbox 2415 4417 2604 4478; x_wconf 89' lang='lat' dir='ltr'>malus</span> <span class='ocrx_word' id='word_1_680' title='bbox 2634 4416 2863 4491; x_wconf 89' lang='lat' dir='ltr'>oculus,</span> <span class='ocrx_word' id='word_1_681' title='bbox 2899 4412 3291 4520; x_wconf 74' lang='lat' dir='ltr'>blasphemia,</span> <span class='ocrx_word' id='word_1_682' title='bbox 3341 4412 3640 4492; x_wconf 86' lang='lat' dir='ltr'>superbia,</span> 
     </span>
    </p>
   </div>
   <div class='ocr_carea' id='block_1_90' title="bbox 242 4502 1908 4608">
    <p class='ocr_par' dir='ltr' id='par_1_90' title="bbox 242 4502 1904 4608">
     <span class='ocr_line' id='line_1_91' title="bbox 242 4502 1904 4608; baseline -0.002 -24"><span class='ocrx_word' id='word_1_683' title='bbox 242 4528 371 4606; x_wconf 78' lang='grc' dir='ltr'>παῖ,</span> <span class='ocrx_word' id='word_1_684' title='bbox 428 4502 751 4604; x_wconf 71' lang='grc' dir='ltr'>πλεονεξίαι,</span> <span class='ocrx_word' id='word_1_685' title='bbox 803 4502 1073 4608; x_wconf 52' lang='grc' dir='ltr'>πονηρίοῖ,</span> <span class='ocrx_word' id='word_1_686' title='bbox 1119 4502 1309 4604; x_wconf 41' lang='grc' dir='ltr'>δόλος,</span> <span class='ocrx_word' id='word_1_687' title='bbox 1363 4502 1636 4606; x_wconf 67' lang='grc' dir='ltr'>ἀσέλγεια,</span> <span class='ocrx_word' id='word_1_688' title='bbox 1700 4502 1904 4606; x_wconf 75' lang='grc' dir='ltr'>όφθαλ-</span> 
     </span>
    </p>
   </div>
   <div class='ocr_carea' id='block_1_91' title="bbox 1995 4502 3641 4608">
    <p class='ocr_par' dir='ltr' id='par_1_91' title="bbox 1995 4502 3641 4580">
     <span class='ocr_line' id='line_1_92' title="bbox 1995 4502 3641 4580; baseline -0.007 -8"><span class='ocrx_word' id='word_1_689' title='bbox 1995 4510 2277 4573; x_wconf 89' lang='lat' dir='ltr'>stultitia:</span> <span class='ocrx_word' id='word_1_690' title='bbox 2314 4507 2513 4569; x_wconf 89' lang='lat' dir='ltr'>omnia</span> <span class='ocrx_word' id='word_1_691' title='bbox 2544 4506 2667 4566; x_wconf 75' lang='lat' dir='ltr'>haec</span> <span class='ocrx_word' id='word_1_692' title='bbox 2691 4504 2849 4566; x_wconf 87' lang='lat' dir='ltr'>mala</span> <span class='ocrx_word' id='word_1_693' title='bbox 2903 4502 2975 4563; x_wconf 91' lang='lat' dir='ltr'>ah</span> <span class='ocrx_word' id='word_1_694' title='bbox 3010 4502 3259 4563; x_wconf 89' lang='lat' dir='ltr'>internis</span> <span class='ocrx_word' id='word_1_695' title='bbox 3289 4502 3641 4580; x_wconf 87' lang='lat' dir='ltr'>procedunt,</span> 
     </span>
    </p>
   </div>
   <div class='ocr_carea' id='block_1_92' title="bbox 248 4591 1908 4699">
    <p class='ocr_par' dir='ltr' id='par_1_92' title="bbox 248 4591 1900 4699">
     <span class='ocr_line' id='line_1_93' title="bbox 248 4591 1900 4699; baseline -0.002 -26"><span class='ocrx_word' id='word_1_696' title='bbox 248 4591 371 4692; x_wconf 51' lang='lat' dir='ltr'>pbc&#39;</span> <span class='ocrx_word' id='word_1_697' title='bbox 437 4591 693 4697; x_wconf 49' lang='grc' dir='ltr'>πονηρός,</span> <span class='ocrx_word' id='word_1_698' title='bbox 734 4591 749 4604; x_wconf 48' lang='grc'><strong><em>1</em></strong></span> <span class='ocrx_word' id='word_1_699' title='bbox 782 4591 1116 4698; x_wconf 63' lang='grc' dir='ltr'>βλασφημία,</span> <span class='ocrx_word' id='word_1_700' title='bbox 1172 4591 1524 4699; x_wconf 61' lang='grc' dir='ltr'>ὑπερηφανία,</span> <span class='ocrx_word' id='word_1_701' title='bbox 1584 4591 1848 4696; x_wconf 42' lang='grc' dir='ltr'>ἀφροσιύνη</span> <span class='ocrx_word' id='word_1_702' title='bbox 1885 4630 1900 4644; x_wconf 97' lang='grc'>⁸</span> 
     </span>
    </p>
   </div>
   <div class='ocr_carea' id='block_1_93' title="bbox 1995 4591 3643 4699">
    <p class='ocr_par' dir='ltr' id='par_1_93' title="bbox 1996 4591 3643 4680">
     <span class='ocr_line' id='line_1_94' title="bbox 1996 4591 3643 4680; baseline -0.007 -18"><span class='ocrx_word' id='word_1_703' title='bbox 1996 4600 2445 4680; x_wconf 89' lang='lat' dir='ltr'>etcoinquinant</span> <span class='ocrx_word' id='word_1_704' title='bbox 2458 4597 2759 4657; x_wconf 89' lang='lat' dir='ltr'>hominem</span> <span class='ocrx_word' id='word_1_705' title='bbox 2772 4642 2785 4657; x_wconf 97' lang='lat'>.</span> <span class='ocrx_word' id='word_1_706' title='bbox 2800 4620 2821 4647; x_wconf 73' lang='grc' dir='ltr'>ι</span> <span class='ocrx_word' id='word_1_707' title='bbox 2834 4591 3122 4652; x_wconf 91' lang='lat' dir='ltr'>Dominus</span> <span class='ocrx_word' id='word_1_708' title='bbox 3137 4592 3355 4652; x_wconf 68' lang='lat' dir='ltr'>dot-ens</span> <span class='ocrx_word' id='word_1_709' title='bbox 3373 4591 3643 4651; x_wconf 90' lang='lat' dir='ltr'>homines</span> 
     </span>
    </p>
   </div>
   <div class='ocr_carea' id='block_1_94' title="bbox 245 4680 1908 4786">
    <p class='ocr_par' dir='ltr' id='par_1_94' title="bbox 245 4680 1908 4786">
     <span class='ocr_line' id='line_1_95' title="bbox 248 4680 1846 4699; baseline 0.004 -7"><span class='ocrx_word' id='word_1_710' title='bbox 248 4680 261 4692; x_wconf 88' lang='lat'>.</span> <span class='ocrx_word' id='word_1_711' title='bbox 563 4680 792 4697; x_wconf 45' lang='grc' dir='ltr'>-.κ..</span> <span class='ocrx_word' id='word_1_712' title='bbox 936 4680 1011 4698; x_wconf 88' lang='grc'>.-.</span> <span class='ocrx_word' id='word_1_713' title='bbox 1103 4680 1115 4692; x_wconf 81' lang='grc' dir='ltr'><em>ι</em></span> <span class='ocrx_word' id='word_1_714' title='bbox 1273 4680 1369 4699; x_wconf 85' lang='grc'>.-.</span> <span class='ocrx_word' id='word_1_715' title='bbox 1509 4680 1524 4697; x_wconf 76' lang='grc' dir='ltr'>ι</span> <span class='ocrx_word' id='word_1_716' title='bbox 1634 4680 1668 4696; x_wconf 78' lang='grc' dir='ltr'>,ι</span> <span class='ocrx_word' id='word_1_717' title='bbox 1838 4680 1846 4682; x_wconf 74' lang='lat'>~</span> 
     </span>
     <span class='ocr_line' id='line_1_96' title="bbox 245 4706 1908 4786; baseline -0.001 -23"><span class='ocrx_word' id='word_1_718' title='bbox 245 4706 425 4763; x_wconf 75' lang='grc' dir='ltr'>πάντα</span> <span class='ocrx_word' id='word_1_719' title='bbox 475 4717 638 4767; x_wconf 85' lang='grc' dir='ltr'>ταῦτα</span> <span class='ocrx_word' id='word_1_720' title='bbox 693 4708 760 4765; x_wconf 79' lang='grc' dir='ltr'>τὰ</span> <span class='ocrx_word' id='word_1_721' title='bbox 830 4708 1037 4786; x_wconf 88' lang='grc' dir='ltr'>πονηρά</span> <span class='ocrx_word' id='word_1_722' title='bbox 1123 4706 1314 4765; x_wconf 66' lang='grc' dir='ltr'>ἔσωθεν</span> <span class='ocrx_word' id='word_1_723' title='bbox 1391 4706 1757 4785; x_wconf 64' lang='grc' dir='ltr'>ὶκπορεύεται,</span> <span class='ocrx_word' id='word_1_724' title='bbox 1819 4712 1908 4776; x_wconf 77' lang='grc' dir='ltr'>καὶ</span> 
     </span>
    </p>
   </div>
   <div class='ocr_carea' id='block_1_95' title="bbox 1995 4680 3640 4786">
    <p class='ocr_par' dir='ltr' id='par_1_95' title="bbox 1995 4680 3640 4778">
     <span class='ocr_line' id='line_1_97' title="bbox 1995 4680 3640 4778; baseline -0.007 -26"><span class='ocrx_word' id='word_1_725' title='bbox 1995 4692 2151 4771; x_wconf 81' lang='lat' dir='ltr'>quod</span> <span class='ocrx_word' id='word_1_726' title='bbox 2177 4689 2443 4750; x_wconf 90' lang='lat' dir='ltr'>ciborum</span> <span class='ocrx_word' id='word_1_727' title='bbox 2468 4684 2917 4746; x_wconf 78' lang='lat' dir='ltr'>observationes</span> <span class='ocrx_word' id='word_1_728' title='bbox 2940 4699 3089 4760; x_wconf 88' lang='lat' dir='ltr'>quas</span> <span class='ocrx_word' id='word_1_729' title='bbox 3112 4680 3202 4778; x_wconf 78' lang='lat' dir='ltr'>lex</span> <span class='ocrx_word' id='word_1_730' title='bbox 3226 4680 3640 4777; x_wconf 70' lang='lat' dir='ltr'>prrecipit,non</span> 
     </span>
    </p>
   </div>
   <div class='ocr_carea' id='block_1_96' title="bbox 246 4769 1908 4877">
    <p class='ocr_par' dir='ltr' id='par_1_96' title="bbox 246 4788 1908 4877">
     <span class='ocr_line' id='line_1_98' title="bbox 246 4788 1908 4877; baseline -0.001 -26"><span class='ocrx_word' id='word_1_731' title='bbox 246 4809 431 4852; x_wconf 85' lang='grc' dir='ltr'>κοινοῖ</span> <span class='ocrx_word' id='word_1_732' title='bbox 499 4798 590 4853; x_wconf 81' lang='grc' dir='ltr'>τὸν</span> <span class='ocrx_word' id='word_1_733' title='bbox 663 4796 960 4876; x_wconf 78' lang='grc' dir='ltr'>ἄνθρωπον.</span> <span class='ocrx_word' id='word_1_734' title='bbox 1013 4820 1037 4854; x_wconf 76' lang='grc' dir='ltr'>ε</span> <span class='ocrx_word' id='word_1_735' title='bbox 1099 4788 1157 4856; x_wconf 66' lang='grc' dir='ltr'>Ὀ</span> <span class='ocrx_word' id='word_1_736' title='bbox 1232 4797 1416 4877; x_wconf 80' lang='grc' dir='ltr'>Κύριος</span> <span class='ocrx_word' id='word_1_737' title='bbox 1471 4794 1730 4852; x_wconf 84' lang='grc' dir='ltr'>διδάσκων</span> <span class='ocrx_word' id='word_1_738' title='bbox 1786 4794 1908 4857; x_wconf 78' lang='grc' dir='ltr'>τοὺς</span> 
     </span>
    </p>
   </div>
   <div class='ocr_carea' id='block_1_97' title="bbox 1995 4769 3642 4877">
    <p class='ocr_par' dir='ltr' id='par_1_97' title="bbox 1995 4769 3642 4877">
     <span class='ocr_line' id='line_1_99' title="bbox 1995 4769 3642 4877; baseline -0.007 -36"><span class='ocrx_word' id='word_1_739' title='bbox 1995 4769 2318 4840; x_wconf 87' lang='lat' dir='ltr'>debeamus</span> <span class='ocrx_word' id='word_1_740' title='bbox 2349 4773 2736 4853; x_wconf 90' lang='lat' dir='ltr'>corporaliter</span> <span class='ocrx_word' id='word_1_741' title='bbox 2768 4769 3481 4877; x_wconf 23' lang='lat' dir='ltr'>intelligerenincipithoc</span> <span class='ocrx_word' id='word_1_742' title='bbox 3513 4769 3642 4830; x_wconf 92' lang='lat' dir='ltr'>loco</span> 
     </span>
    </p>
   </div>
   <div class='ocr_carea' id='block_1_98' title="bbox 246 4857 1908 4967">
    <p class='ocr_par' dir='ltr' id='par_1_98' title="bbox 246 4857 1908 4967">
     <span class='ocr_line' id='line_1_100' title="bbox 246 4857 1908 4967; baseline -0.002 -26"><span class='ocrx_word' id='word_1_743' title='bbox 246 4885 554 4964; x_wconf 77' lang='grc' dir='ltr'>ἀνθρώπως</span> <span class='ocrx_word' id='word_1_744' title='bbox 613 4886 693 4943; x_wconf 81' lang='grc' dir='ltr'>ὅτι</span> <span class='ocrx_word' id='word_1_745' title='bbox 750 4857 815 4943; x_wconf 69' lang='grc' dir='ltr'>τὰ</span> <span class='ocrx_word' id='word_1_746' title='bbox 872 4893 979 4944; x_wconf 85' lang='grc' dir='ltr'>τῶν</span> <span class='ocrx_word' id='word_1_747' title='bbox 1049 4857 1347 4967; x_wconf 69' lang='grc' dir='ltr'>βρωμάτων</span> <span class='ocrx_word' id='word_1_748' title='bbox 1388 4857 1822 4965; x_wconf 75' lang='grc' dir='ltr'>παρατηρήματα</span> <span class='ocrx_word' id='word_1_749' title='bbox 1878 4880 1908 4938; x_wconf 75' lang='grc' dir='ltr'>ἃ</span> 
     </span>
    </p>
   </div>
   <div class='ocr_carea' id='block_1_99' title="bbox 1995 4857 3640 4967">
    <p class='ocr_par' dir='ltr' id='par_1_99' title="bbox 1996 4857 3640 4946">
     <span class='ocr_line' id='line_1_101' title="bbox 1996 4857 3640 4946; baseline -0.007 -17"><span class='ocrx_word' id='word_1_750' title='bbox 1996 4868 2145 4946; x_wconf 81' lang='lat' dir='ltr'>legis</span> <span class='ocrx_word' id='word_1_751' title='bbox 2174 4873 2436 4927; x_wconf 88' lang='lat' dir='ltr'>mentem</span> <span class='ocrx_word' id='word_1_752' title='bbox 2463 4862 2719 4942; x_wconf 90' lang='lat' dir='ltr'>aperire,</span> <span class='ocrx_word' id='word_1_753' title='bbox 2744 4860 2977 4937; x_wconf 62' lang='grc' dir='ltr'>ὤρνυε,</span> <span class='ocrx_word' id='word_1_754' title='bbox 3015 4857 3163 4917; x_wconf 88' lang='lat' dir='ltr'>nihil</span> <span class='ocrx_word' id='word_1_755' title='bbox 3195 4858 3350 4936; x_wconf 88' lang='lat' dir='ltr'>quod</span> <span class='ocrx_word' id='word_1_756' title='bbox 3370 4857 3640 4934; x_wconf 90' lang='lat' dir='ltr'>ingredi-</span> 
     </span>
    </p>
   </div>
   <div class='ocr_carea' id='block_1_100' title="bbox 244 4948 1908 5058">
    <p class='ocr_par' dir='ltr' id='par_1_100' title="bbox 244 4948 1908 5058">
     <span class='ocr_line' id='line_1_102' title="bbox 244 4948 1908 5058; baseline -0.002 -27"><span class='ocrx_word' id='word_1_757' title='bbox 244 4976 274 5031; x_wconf 78' lang='grc' dir='ltr'><strong>ὁ</strong></span> <span class='ocrx_word' id='word_1_758' title='bbox 322 4948 485 5051; x_wconf 63' lang='grc' dir='ltr'>νόμος</span> <span class='ocrx_word' id='word_1_759' title='bbox 539 4948 877 5057; x_wconf 27' lang='grc' dir='ltr'>νδιαγορεύει,</span> <span class='ocrx_word' id='word_1_760' title='bbox 964 4948 1095 5037; x_wconf 53' lang='grc' dir='ltr'>οὔκ.</span> <span class='ocrx_word' id='word_1_761' title='bbox 1135 4948 1414 5058; x_wconf 67' lang='grc' dir='ltr'>ὀφείλομεν</span> <span class='ocrx_word' id='word_1_762' title='bbox 1468 4948 1619 5031; x_wconf 39' lang='grc' dir='ltr'>λοεῖν</span> <span class='ocrx_word' id='word_1_763' title='bbox 1661 4948 1908 5048; x_wconf 66' lang='grc' dir='ltr'>σωματι-</span> 
     </span>
    </p>
   </div>
   <div class='ocr_carea' id='block_1_101' title="bbox 1995 4948 3643 5058">
    <p class='ocr_par' dir='ltr' id='par_1_101' title="bbox 1999 4948 3643 5037">
     <span class='ocr_line' id='line_1_103' title="bbox 1999 4948 3643 5037; baseline -0.007 -18"><span class='ocrx_word' id='word_1_764' title='bbox 1999 4969 2116 5033; x_wconf 90' lang='lat' dir='ltr'>tur,</span> <span class='ocrx_word' id='word_1_765' title='bbox 2152 4973 2324 5037; x_wconf 90' lang='lat' dir='ltr'>posse</span> <span class='ocrx_word' id='word_1_766' title='bbox 2346 4968 2720 5014; x_wconf 85' lang='lat' dir='ltr'>communem</span> <span class='ocrx_word' id='word_1_767' title='bbox 2784 4950 3002 5022; x_wconf 87' lang='lat' dir='ltr'>facere,</span> <span class='ocrx_word' id='word_1_768' title='bbox 3039 4948 3152 5007; x_wconf 87' lang='lat' dir='ltr'>hoc</span> <span class='ocrx_word' id='word_1_769' title='bbox 3189 4954 3276 5006; x_wconf 92' lang='lat' dir='ltr'>est</span> <span class='ocrx_word' id='word_1_770' title='bbox 3331 4948 3643 5026; x_wconf 89' lang='lat' dir='ltr'>inquinare</span> 
     </span>
    </p>
   </div>
   <div class='ocr_carea' id='block_1_102' title="bbox 246 5037 1908 5147">
    <p class='ocr_par' dir='ltr' id='par_1_102' title="bbox 246 5037 1908 5147">
     <span class='ocr_line' id='line_1_104' title="bbox 246 5037 1908 5147; baseline -0.005 -25"><span class='ocrx_word' id='word_1_771' title='bbox 246 5066 383 5139; x_wconf 76' lang='grc' dir='ltr'>κῶς,</span> <span class='ocrx_word' id='word_1_772' title='bbox 473 5037 730 5147; x_wconf 60' lang='grc' dir='ltr'>ἄρχεταιι</span> <span class='ocrx_word' id='word_1_773' title='bbox 779 5037 1012 5124; x_wconf 48' lang='grc' dir='ltr'>ἆντὶὺθεν</span> <span class='ocrx_word' id='word_1_774' title='bbox 1096 5037 1490 5123; x_wconf 68' lang='grc' dir='ltr'>ἀποκαλόπτειν</span> <span class='ocrx_word' id='word_1_775' title='bbox 1558 5062 1785 5139; x_wconf 86' lang='grc' dir='ltr'>μετρίως</span> <span class='ocrx_word' id='word_1_776' title='bbox 1852 5058 1908 5116; x_wconf 63' lang='grc' dir='ltr'>τό</span> 
     </span>
    </p>
   </div>
   <div class='ocr_carea' id='block_1_103' title="bbox 1995 5037 3638 5147">
    <p class='ocr_par' dir='ltr' id='par_1_103' title="bbox 1998 5037 3638 5128">
     <span class='ocr_line' id='line_1_105' title="bbox 1998 5037 3638 5128; baseline -0.007 -20"><span class='ocrx_word' id='word_1_777' title='bbox 1998 5045 2337 5128; x_wconf 86' lang='lat' dir='ltr'>quempiam</span> <span class='ocrx_word' id='word_1_778' title='bbox 2376 5064 2389 5103; x_wconf 90' lang='lat'><strong>:</strong></span> <span class='ocrx_word' id='word_1_779' title='bbox 2425 5041 2531 5102; x_wconf 90' lang='lat' dir='ltr'>sed</span> <span class='ocrx_word' id='word_1_780' title='bbox 2564 5059 2632 5101; x_wconf 91' lang='lat' dir='ltr'>ea</span> <span class='ocrx_word' id='word_1_781' title='bbox 2685 5058 2816 5119; x_wconf 72' lang='lat' dir='ltr'>qum</span> <span class='ocrx_word' id='word_1_782' title='bbox 2873 5037 3260 5117; x_wconf 87' lang='lat' dir='ltr'>egrediuntur</span> <span class='ocrx_word' id='word_1_783' title='bbox 3317 5037 3390 5097; x_wconf 92' lang='lat' dir='ltr'>de</span> <span class='ocrx_word' id='word_1_784' title='bbox 3436 5046 3638 5098; x_wconf 87' lang='lat' dir='ltr'>corde.</span> 
     </span>
    </p>
   </div>
   <div class='ocr_carea' id='block_1_104' title="bbox 244 5126 1908 5236">
    <p class='ocr_par' dir='ltr' id='par_1_104' title="bbox 244 5126 1908 5236">
     <span class='ocr_line' id='line_1_106' title="bbox 244 5126 1908 5236; baseline -0.002 -26"><span class='ocrx_word' id='word_1_785' title='bbox 244 5163 342 5213; x_wconf 78' lang='grc' dir='ltr'>τοῦ</span> <span class='ocrx_word' id='word_1_786' title='bbox 368 5126 581 5230; x_wconf 45' lang='grc' dir='ltr'>’νόμοις</span> <span class='ocrx_word' id='word_1_787' title='bbox 614 5155 883 5232; x_wconf 78' lang='grc' dir='ltr'>βούλημα.</span> <span class='ocrx_word' id='word_1_788' title='bbox 932 5155 1031 5214; x_wconf 81' lang='grc' dir='ltr'>Καί</span> <span class='ocrx_word' id='word_1_789' title='bbox 1090 5178 1251 5236; x_wconf 87' lang='grc' dir='ltr'>φησιν</span> <span class='ocrx_word' id='word_1_790' title='bbox 1301 5154 1381 5210; x_wconf 78' lang='grc' dir='ltr'>ὅτι</span> <span class='ocrx_word' id='word_1_791' title='bbox 1412 5126 1695 5209; x_wconf 55' lang='grc' dir='ltr'>οὔδὶντῶν</span> <span class='ocrx_word' id='word_1_792' title='bbox 1731 5150 1908 5206; x_wconf 75' lang='grc' dir='ltr'>εἰσπο-</span> 
     </span>
    </p>
   </div>
   <div class='ocr_carea' id='block_1_105' title="bbox 1995 5126 3645 5236">
    <p class='ocr_par' dir='ltr' id='par_1_105' title="bbox 2000 5126 3645 5211">
     <span class='ocr_line' id='line_1_107' title="bbox 2000 5126 3645 5211; baseline -0.006 -14"><span class='ocrx_word' id='word_1_793' title='bbox 2000 5126 2111 5203; x_wconf 78' lang='lat' dir='ltr'>Illa</span> <span class='ocrx_word' id='word_1_794' title='bbox 2129 5136 2287 5197; x_wconf 91' lang='lat' dir='ltr'>enim</span> <span class='ocrx_word' id='word_1_795' title='bbox 2321 5140 2457 5195; x_wconf 91' lang='lat' dir='ltr'>sunt</span> <span class='ocrx_word' id='word_1_796' title='bbox 2478 5149 2605 5211; x_wconf 65' lang='lat' dir='ltr'>quae</span> <span class='ocrx_word' id='word_1_797' title='bbox 2623 5129 3020 5209; x_wconf 89' lang='lat' dir='ltr'>inquinant,et</span> <span class='ocrx_word' id='word_1_798' title='bbox 3040 5132 3368 5189; x_wconf 88' lang='lat' dir='ltr'>enumerat.</span> <span class='ocrx_word' id='word_1_799' title='bbox 3393 5126 3645 5189; x_wconf 89' lang='lat' dir='ltr'>ea.0cu-</span> 
     </span>
    </p>
   </div>
   <div class='ocr_carea' id='block_1_106' title="bbox 245 5217 1908 5325">
    <p class='ocr_par' dir='ltr' id='par_1_106' title="bbox 245 5217 1905 5325">
     <span class='ocr_line' id='line_1_108' title="bbox 461 5217 1164 5236; baseline -0.01 -6"><span class='ocrx_word' id='word_1_800' title='bbox 461 5217 472 5230; x_wconf 87' lang='lat'>.</span> <span class='ocrx_word' id='word_1_801' title='bbox 614 5217 624 5232; x_wconf 92' lang='lat'>.</span> <span class='ocrx_word' id='word_1_802' title='bbox 769 5217 797 5232; x_wconf 85' lang='lat'>-.</span> <span class='ocrx_word' id='word_1_803' title='bbox 872 5217 879 5219; x_wconf 76' lang='lat'>.</span> <span class='ocrx_word' id='word_1_804' title='bbox 1105 5217 1164 5236; x_wconf 82' lang='lat'>,-</span> 
     </span>
     <span class='ocr_line' id='line_1_109' title="bbox 245 5239 1905 5325; baseline -0.005 -23"><span class='ocrx_word' id='word_1_805' title='bbox 245 5244 542 5321; x_wconf 75' lang='grc' dir='ltr'>ρευομένων</span> <span class='ocrx_word' id='word_1_806' title='bbox 595 5243 809 5303; x_wconf 68' lang='grc' dir='ltr'>δύναται</span> <span class='ocrx_word' id='word_1_807' title='bbox 867 5250 1141 5321; x_wconf 82' lang='grc' dir='ltr'>κοινῶσαι,</span> <span class='ocrx_word' id='word_1_808' title='bbox 1201 5243 1465 5316; x_wconf 82' lang='grc' dir='ltr'>τουτέστι,</span> <span class='ocrx_word' id='word_1_809' title='bbox 1540 5239 1723 5316; x_wconf 87' lang='grc' dir='ltr'>μιᾶναί</span> <span class='ocrx_word' id='word_1_810' title='bbox 1765 5259 1905 5325; x_wconf 63' lang='grc' dir='ltr'>τινα,</span> 
     </span>
    </p>
   </div>
   <div class='ocr_carea' id='block_1_107' title="bbox 1995 5217 3639 5325">
    <p class='ocr_par' dir='ltr' id='par_1_107' title="bbox 2002 5217 3639 5302">
     <span class='ocr_line' id='line_1_110' title="bbox 2002 5217 3639 5302; baseline -0.007 -14"><span class='ocrx_word' id='word_1_811' title='bbox 2002 5227 2122 5289; x_wconf 83' lang='grc' dir='ltr'>Ιυιη</span> <span class='ocrx_word' id='word_1_812' title='bbox 2142 5230 2355 5286; x_wconf 88' lang='lat' dir='ltr'>malum</span> <span class='ocrx_word' id='word_1_813' title='bbox 2373 5222 2564 5302; x_wconf 88' lang='lat' dir='ltr'>inquit</span> <span class='ocrx_word' id='word_1_814' title='bbox 2581 5220 2665 5279; x_wconf 90' lang='lat' dir='ltr'>vel</span> <span class='ocrx_word' id='word_1_815' title='bbox 2681 5217 3079 5291; x_wconf 87' lang='lat' dir='ltr'>invidiam,vel</span> <span class='ocrx_word' id='word_1_816' title='bbox 3098 5217 3639 5295; x_wconf 87' lang='lat' dir='ltr'>intemperantiam:</span> 
     </span>
    </p>
   </div>
   <div class='ocr_carea' id='block_1_108' title="bbox 245 5307 1908 5414">
    <p class='ocr_par' dir='ltr' id='par_1_108' title="bbox 245 5307 1905 5414">
     <span class='ocr_line' id='line_1_111' title="bbox 245 5307 1905 5414; baseline -0.001 -26"><span class='ocrx_word' id='word_1_817' title='bbox 427 5335 494 5390; x_wconf 74' lang='grc' dir='ltr'>τὰ</span> <span class='ocrx_word' id='word_1_818' title='bbox 536 5333 927 5414; x_wconf 67' lang='grc' dir='ltr'>ἐκπορευόμενα</span> <span class='ocrx_word' id='word_1_819' title='bbox 992 5333 1053 5391; x_wconf 66' lang='grc' dir='ltr'>ἔκ</span> <span class='ocrx_word' id='word_1_820' title='bbox 1116 5307 1218 5401; x_wconf 68' lang='grc' dir='ltr'>τῆς</span> <span class='ocrx_word' id='word_1_821' title='bbox 1272 5307 1510 5411; x_wconf 66' lang='grc' dir='ltr'>καρδίας,</span> <span class='ocrx_word' id='word_1_822' title='bbox 1541 5307 1750 5385; x_wconf 46' lang='grc' dir='ltr'>’ἆκεῖνά</span> <span class='ocrx_word' id='word_1_823' title='bbox 1807 5307 1905 5414; x_wconf 66' lang='grc' dir='ltr'>εἰσί</span> 
     </span>
    </p>
   </div>
   <div class='ocr_carea' id='block_1_109' title="bbox 1995 5307 3640 5414">
    <p class='ocr_par' dir='ltr' id='par_1_109' title="bbox 1995 5307 3640 5381">
     <span class='ocr_line' id='line_1_112' title="bbox 1995 5307 3640 5381; baseline -0.008 -1"><span class='ocrx_word' id='word_1_824' title='bbox 1995 5318 2214 5381; x_wconf 90' lang='lat' dir='ltr'>etenim</span> <span class='ocrx_word' id='word_1_825' title='bbox 2248 5313 2486 5375; x_wconf 87' lang='lat' dir='ltr'>invidus</span> <span class='ocrx_word' id='word_1_826' title='bbox 2517 5310 2753 5371; x_wconf 87' lang='lat' dir='ltr'>oculum</span> <span class='ocrx_word' id='word_1_827' title='bbox 2787 5307 3004 5369; x_wconf 89' lang='lat' dir='ltr'>malum</span> <span class='ocrx_word' id='word_1_828' title='bbox 3028 5307 3391 5369; x_wconf 83' lang='lat' dir='ltr'>etfascinum</span> <span class='ocrx_word' id='word_1_829' title='bbox 3415 5307 3640 5369; x_wconf 88' lang='lat' dir='ltr'>immit-</span> 
     </span>
    </p>
   </div>
   <div class='ocr_carea' id='block_1_110' title="bbox 242 5412 1905 5503">
    <p class='ocr_par' dir='ltr' id='par_1_110' title="bbox 242 5412 1905 5503">
     <span class='ocr_line' id='line_1_113' title="bbox 242 5412 1905 5503; baseline -0.004 -26"><span class='ocrx_word' id='word_1_830' title='bbox 242 5422 311 5477; x_wconf 75' lang='grc' dir='ltr'>τὰ</span> <span class='ocrx_word' id='word_1_831' title='bbox 369 5412 680 5503; x_wconf 60' lang='grc' dir='ltr'>μιάίνοντα,</span> <span class='ocrx_word' id='word_1_832' title='bbox 722 5424 813 5480; x_wconf 80' lang='grc' dir='ltr'>καὶ</span> <span class='ocrx_word' id='word_1_833' title='bbox 868 5422 1152 5501; x_wconf 78' lang='grc' dir='ltr'>καταλέγει</span> <span class='ocrx_word' id='word_1_834' title='bbox 1228 5428 1416 5482; x_wconf 78' lang='grc' dir='ltr'>ταῦτα.</span> <span class='ocrx_word' id='word_1_835' title='bbox 1490 5415 1791 5498; x_wconf 79' lang='grc' dir='ltr'>Ὀφθαλμὸν</span> <span class='ocrx_word' id='word_1_836' title='bbox 1849 5412 1905 5469; x_wconf 79' lang='grc' dir='ltr'>δὲ</span> 
     </span>
    </p>
   </div>
   <div class='ocr_carea' id='block_1_111' title="bbox 242 5504 1897 5591">
    <p class='ocr_par' dir='ltr' id='par_1_111' title="bbox 242 5504 1897 5591">
     <span class='ocr_line' id='line_1_114' title="bbox 242 5504 1897 5591; baseline -0.013 -12"><span class='ocrx_word' id='word_1_837' title='bbox 242 5512 479 5589; x_wconf 74' lang='grc' dir='ltr'>πονηρόν</span> <span class='ocrx_word' id='word_1_838' title='bbox 546 5535 730 5589; x_wconf 73' lang='grc' dir='ltr'>φησιν,</span> <span class='ocrx_word' id='word_1_839' title='bbox 788 5513 823 5579; x_wconf 75' lang='grc' dir='ltr'><strong>ἢ</strong></span> <span class='ocrx_word' id='word_1_840' title='bbox 878 5514 969 5569; x_wconf 86' lang='grc' dir='ltr'>τὸν</span> <span class='ocrx_word' id='word_1_841' title='bbox 1039 5513 1251 5591; x_wconf 82' lang='grc' dir='ltr'>φθόνον,</span> <span class='ocrx_word' id='word_1_842' title='bbox 1324 5512 1359 5579; x_wconf 81' lang='grc' dir='ltr'><strong>ἡ</strong></span> <span class='ocrx_word' id='word_1_843' title='bbox 1419 5511 1517 5576; x_wconf 69' lang='grc' dir='ltr'>τὴν</span> <span class='ocrx_word' id='word_1_844' title='bbox 1562 5504 1849 5565; x_wconf 73' lang='grc' dir='ltr'>ἀκολασίαν</span> <span class='ocrx_word' id='word_1_845' title='bbox 1882 5518 1897 5533; x_wconf 94' lang='grc'>⁸</span> 
     </span>
    </p>
   </div>
   <div class='ocr_carea' id='block_1_112' title="bbox 246 5590 1907 5682">
    <p class='ocr_par' dir='ltr' id='par_1_112' title="bbox 246 5590 1907 5682">
     <span class='ocr_line' id='line_1_115' title="bbox 246 5590 1907 5682; baseline -0.004 -27"><span class='ocrx_word' id='word_1_846' title='bbox 246 5602 337 5655; x_wconf 76' lang='grc' dir='ltr'>ναὶ</span> <span class='ocrx_word' id='word_1_847' title='bbox 386 5602 486 5680; x_wconf 78' lang='grc' dir='ltr'>γὰρ</span> <span class='ocrx_word' id='word_1_848' title='bbox 543 5603 630 5659; x_wconf 81' lang='grc' dir='ltr'>καὶ</span> <span class='ocrx_word' id='word_1_849' title='bbox 713 5604 741 5659; x_wconf 80' lang='grc' dir='ltr'><strong>ὁ</strong></span> <span class='ocrx_word' id='word_1_850' title='bbox 824 5590 1062 5682; x_wconf 80' lang='grc' dir='ltr'>φθονῶν,</span> <span class='ocrx_word' id='word_1_851' title='bbox 1147 5599 1415 5681; x_wconf 83' lang='grc' dir='ltr'>ὀφθαλμὸν</span> <span class='ocrx_word' id='word_1_852' title='bbox 1502 5597 1731 5676; x_wconf 81' lang='grc' dir='ltr'>πονηρὸν</span> <span class='ocrx_word' id='word_1_853' title='bbox 1816 5590 1907 5650; x_wconf 85' lang='grc' dir='ltr'>καὶ</span> 
     </span>
    </p>
   </div>
   <div class='ocr_carea' id='block_1_113' title="bbox 248 5685 1909 5771">
    <p class='ocr_par' dir='ltr' id='par_1_113' title="bbox 248 5685 1909 5771">
     <span class='ocr_line' id='line_1_116' title="bbox 248 5685 1909 5771; baseline -0.002 -26"><span class='ocrx_word' id='word_1_854' title='bbox 248 5690 514 5765; x_wconf 80' lang='grc' dir='ltr'>βασκάνον</span> <span class='ocrx_word' id='word_1_855' title='bbox 574 5689 849 5750; x_wconf 69' lang='grc' dir='ltr'>ιπιϐάλλει</span> <span class='ocrx_word' id='word_1_856' title='bbox 906 5698 982 5765; x_wconf 83' lang='grc' dir='ltr'>τῷ</span> <span class='ocrx_word' id='word_1_857' title='bbox 1040 5690 1377 5771; x_wconf 60' lang='grc' dir='ltr'>φθογουμᾶνῳ</span> <span class='ocrx_word' id='word_1_858' title='bbox 1412 5706 1425 5720; x_wconf 95' lang='grc'>⁸</span> <span class='ocrx_word' id='word_1_859' title='bbox 1474 5691 1560 5746; x_wconf 80' lang='grc' dir='ltr'>καὶ</span> <span class='ocrx_word' id='word_1_860' title='bbox 1614 5685 1909 5749; x_wconf 82' lang='grc' dir='ltr'>ἀκόλαστος</span> 
     </span>
    </p>
   </div>
   <div class='ocr_carea' id='block_1_114' title="bbox 1992 5398 3638 5478">
    <p class='ocr_par' dir='ltr' id='par_1_114' title="bbox 1992 5398 3638 5478">
     <span class='ocr_line' id='line_1_117' title="bbox 1992 5398 3638 5478; baseline -0.007 -13"><span class='ocrx_word' id='word_1_861' title='bbox 1992 5409 2058 5470; x_wconf 83' lang='lat' dir='ltr'>iit</span> <span class='ocrx_word' id='word_1_862' title='bbox 2088 5409 2145 5467; x_wconf 89' lang='lat' dir='ltr'>in</span> <span class='ocrx_word' id='word_1_863' title='bbox 2178 5422 2313 5467; x_wconf 91' lang='lat' dir='ltr'>eum</span> <span class='ocrx_word' id='word_1_864' title='bbox 2347 5401 2439 5462; x_wconf 85' lang='lat' dir='ltr'>cui</span> <span class='ocrx_word' id='word_1_865' title='bbox 2475 5400 2723 5474; x_wconf 91' lang='lat' dir='ltr'>invidet,</span> <span class='ocrx_word' id='word_1_866' title='bbox 2747 5409 2804 5459; x_wconf 88' lang='lat' dir='ltr'>et</span> <span class='ocrx_word' id='word_1_867' title='bbox 2834 5400 3239 5478; x_wconf 90' lang='lat' dir='ltr'>intemperans</span> <span class='ocrx_word' id='word_1_868' title='bbox 3269 5416 3375 5478; x_wconf 92' lang='lat' dir='ltr'>per</span> <span class='ocrx_word' id='word_1_869' title='bbox 3406 5398 3638 5459; x_wconf 81' lang='lat' dir='ltr'>oeulum</span> 
     </span>
    </p>
   </div>
   <div class='ocr_carea' id='block_1_115' title="bbox 1989 5486 3645 5574">
    <p class='ocr_par' dir='ltr' id='par_1_115' title="bbox 1989 5486 3645 5574">
     <span class='ocr_line' id='line_1_118' title="bbox 1989 5486 3645 5574; baseline -0.005 -17"><span class='ocrx_word' id='word_1_870' title='bbox 1989 5498 2218 5574; x_wconf 87' lang='lat' dir='ltr'>videns,</span> <span class='ocrx_word' id='word_1_871' title='bbox 2244 5493 2463 5553; x_wconf 72' lang='lat' dir='ltr'>malum</span> <span class='ocrx_word' id='word_1_872' title='bbox 2491 5491 2764 5551; x_wconf 89' lang='lat' dir='ltr'>accersit.</span> <span class='ocrx_word' id='word_1_873' title='bbox 2800 5489 3237 5568; x_wconf 83' lang='lat' dir='ltr'>BlaSphemiam</span> <span class='ocrx_word' id='word_1_874' title='bbox 3273 5497 3469 5550; x_wconf 88' lang='lat' dir='ltr'>autem</span> <span class='ocrx_word' id='word_1_875' title='bbox 3502 5486 3645 5549; x_wconf 89' lang='lat' dir='ltr'>dicit</span> 
     </span>
    </p>
   </div>
   <div class='ocr_carea' id='block_1_116' title="bbox 1992 5577 3649 5659">
    <p class='ocr_par' dir='ltr' id='par_1_116' title="bbox 1992 5577 3649 5659">
     <span class='ocr_line' id='line_1_119' title="bbox 1992 5577 3649 5659; baseline -0.009 -7"><span class='ocrx_word' id='word_1_876' title='bbox 1992 5585 2324 5652; x_wconf 76' lang='lat' dir='ltr'>convicium</span> <span class='ocrx_word' id='word_1_877' title='bbox 2376 5581 2435 5641; x_wconf 92' lang='lat' dir='ltr'>in</span> <span class='ocrx_word' id='word_1_878' title='bbox 2495 5582 2711 5659; x_wconf 90' lang='lat' dir='ltr'>Deum,</span> <span class='ocrx_word' id='word_1_879' title='bbox 2763 5586 2827 5638; x_wconf 93' lang='lat' dir='ltr'>ut</span> <span class='ocrx_word' id='word_1_880' title='bbox 2878 5578 2927 5639; x_wconf 92' lang='lat' dir='ltr'>si</span> <span class='ocrx_word' id='word_1_881' title='bbox 2972 5578 3107 5658; x_wconf 91' lang='lat' dir='ltr'>quis</span> <span class='ocrx_word' id='word_1_882' title='bbox 3159 5577 3363 5639; x_wconf 91' lang='lat' dir='ltr'>dicat:</span> <span class='ocrx_word' id='word_1_883' title='bbox 3399 5577 3527 5639; x_wconf 90' lang='lat' dir='ltr'>Non</span> <span class='ocrx_word' id='word_1_884' title='bbox 3558 5578 3649 5638; x_wconf 73' lang='lat' dir='ltr'>est</span> 
     </span>
    </p>
   </div>
   <div class='ocr_carea' id='block_1_117' title="bbox 1996 5666 3645 5761">
    <p class='ocr_par' dir='ltr' id='par_1_117' title="bbox 1996 5666 3645 5761">
     <span class='ocr_line' id='line_1_120' title="bbox 1996 5666 3645 5761; baseline -0.009 -21"><span class='ocrx_word' id='word_1_885' title='bbox 1996 5670 2383 5761; x_wconf 86' lang='lat' dir='ltr'>providentia,</span> <span class='ocrx_word' id='word_1_886' title='bbox 2420 5672 2533 5733; x_wconf 93' lang='lat' dir='ltr'>hoc</span> <span class='ocrx_word' id='word_1_887' title='bbox 2562 5667 2936 5752; x_wconf 84' lang='lat' dir='ltr'>blasphemia</span> <span class='ocrx_word' id='word_1_888' title='bbox 2967 5677 3102 5749; x_wconf 83' lang='lat' dir='ltr'>est;</span> <span class='ocrx_word' id='word_1_889' title='bbox 3149 5676 3207 5729; x_wconf 93' lang='lat' dir='ltr'>et</span> <span class='ocrx_word' id='word_1_890' title='bbox 3254 5666 3393 5730; x_wconf 91' lang='lat' dir='ltr'>ideo</span> <span class='ocrx_word' id='word_1_891' title='bbox 3431 5682 3645 5746; x_wconf 82' lang='lat' dir='ltr'>super-</span> 
     </span>
    </p>
   </div>
  </div>
