4144 6212
480 363 596 430 563

1446 361 2035 428 THEOPHYLACTI
2076 356 2486 422 BULGARIIE
2528 359 2884 422 ARCHIEP.

3735 351 3863 412 564

483 501 636 562 biam
666 500 858 560 statim
885 501 1191 580 subjungit
1217 499 1498 581 superbia
1519 500 1674 561 enim
1701 508 1788 560 est
1809 497 1976 579 quasi
1993 513 2132 558 con-

2221 492 2298 550 διὰ
2353 504 2446 554 τοῦ
2514 493 2783 574 ὀφθαλμῶ
2852 493 2987 572 iapch
3072 497 3134 549 τὸ
3206 495 3438 571 πονηρὸν
3509 490 3858 569 μετέρχεται.

483 595 745 669 temptus
781 590 910 669 Dei,
945 591 1180 670 quando
1204 590 1336 671 quis
1361 589 1577 651 bonum
1611 598 1913 669 operatur,
1949 587 2135 649 ethoc

482 699 599 741 non
633 679 1147 753 ascribitDeo,sed
1177 679 1412 759 proprie
1438 677 1918 740 virtuti.Stultitia
1933 683 2129 737 autem

481 768 810 830 convicium
841 782 928 829 cst
960 770 1015 828 in
1041 769 1335 842 homines;
1369 787 1578 830 omnes
1637 768 1748 828 illze
1785 765 2130 828 affectiones

482 858 1166 938 coinquinantanimam,
1204 859 1340 917 207
1367 858 1814 935 scaturiuntque
1849 874 1919 917 ex
1941 855 2041 916 illa
2071 861 2130 916 et

483 947 894 1026 egrediuntur.
929 948 1220 1010 Caeterum
1253 947 1437 1008 turba:
1468 947 1779 1007 obscurius
1799 948 2026 1007 locutus
2043 952 2132 1004 est

485 1040 644 1099 Deus
686 1060 698 1094 :
731 1037 949 1097 idcirco
984 1045 1038 1097 et
1067 1036 1445 1109 dicebatzQui
1474 1035 1648 1096 habet
1678 1053 1856 1096 aures
1886 1034 2131 1097 audien-

485 1127 568 1205 di,
602 1126 823 1199 audiat,
874 1127 984 1185 hoc
1017 1135 1126 1197 est,
1164 1127 1501 1204 lntelligens
1532 1125 1813 1203 intelligat
1869 1125 2130 1202 Aposto-

484 1215 525 1276 li
595 1224 795 1276 autem
896 1215 1250 1293 profundius
1323 1214 1604 1294 quiddam
1678 1213 1880 1274 dicere
1931 1211 2131 1274 Domi-

485 1323 623 1366 num
657 1304 1090 1382 existimarunt,
1126 1313 1184 1365 et
1229 1305 1519 1365 accedunt
1564 1311 1624 1364 et
1664 1304 2029 1380 interrogant
2056 1299 2130 1360 de

485 1392 788 1474 parabola,
827 1391 939 1452 hoc
969 1401 1058 1452 est
1085 1392 1470 1454 obtenebrato
1505 1400 1562 1452 et
1593 1393 1847 1452 obscuro
1892 1407 2129 1452 sermo-

487 1501 586 1546 ne.
623 1481 910 1544 Parabola
941 1482 1099 1542 enim
1134 1500 1332 1542 sermo
1365 1491 1452 1543 est
1486 1479 1858 1542 tenebrosus.
1892 1479 1960 1540 Et
2005 1479 2130 1559 pri-

486 1590 646 1632 mum
672 1570 910 1650 quidem
940 1571 1262 1650 increpavit
1299 1589 1400 1632 eos
1423 1571 1662 1631 dicens:
1687 1568 1919 1632 Siccine
1951 1576 2010 1629 et
2030 1585 2132 1628 vos

486 1659 617 1721 sine
647 1659 948 1720 intellectu
983 1659 1170 1720 estis?
1199 1659 1417 1721 deinde
1448 1659 1621 1721 solvit
1650 1658 1806 1739 quod
1856 1656 2128 1736 angebat.

2220 584 2567 666 Βλασφημίαν
2621 582 2675 639 δὲ
2726 583 2895 661 λέγει,
2939 584 3038 650 τὴν
3082 583 3154 647 εἷς
3200 584 3329 638 Θεὸν
3389 578 3554 659 ὕϐριν,
3587 583 3704 635 οἷον
3736 576 3862 633 ὅταν

2216 672 2348 752 λέγῃ
2401 697 2479 738 τις
2537 672 2617 730 δτι
2677 675 2784 729 Οὔκ
2824 673 2934 728 ’ἐστι
2991 672 3232 747 πρόνοια,
3293 677 3443 727 τοῦτο
3498 668 3814 747 βλασφημία
3843 686 3858 702 ·

2213 762 2293 819 διό
2403 763 2739 819 ὶπισυνάπτει
2835 762 2932 828 τὴν
3045 762 3399 840 ὑπερηφανίαν
3433 776 3446 788 ·
3536 757 3862 836 ὑπερηφανία

2214 854 2313 932 γάρ
2356 851 2496 909 ὶστιν
2552 852 2742 908 ὡσανεὶ
2794 851 3183 930 κατιφρόνησις
3235 856 3386 930 Θεοῦ,
3420 848 3544 905 ὅταν
3573 869 3654 910 τις
3697 847 3862 924 ὶργα-

2214 942 2445 1017 σάμενός
2502 964 2552 998 τι
2611 941 2830 1019 ἀγαθὸν,
2899 940 2959 997 οὗ
3021 963 3098 1014 τῳ
3141 943 3258 1012 Θεῴ
3295 939 3637 1018 ἐπιγράφεται
3681 939 3861 1008 τοῦτο,

2213 1030 2348 1086 ἀλλᾶ
2404 1036 2474 1105 τῇ
2503 1030 2667 1102 οίκείᾳ
2710 1027 2945 1103 δυνάμει.
2992 1026 3319 1107 Ἀφροσύνην
3370 1026 3425 1082 δὲ
3477 1027 3612 1099 νόει,
3645 1027 3746 1091 τὴν
3791 1025 3864 1084 εἰς

2214 1120 2246 1174 ἀ
2277 1123 2304 1175 θ
2359 1120 2368 1138 ’
2492 1141 2513 1154 ς
2567 1115 2629 1140 ν’
2804 1118 2879 1173 [1'
3065 1117 3092 1138 ⁷
3266 1125 3286 1134 “
3450 1118 3462 1134 “
3576 1118 3586 1135 ’
3821 1117 3861 1158 ³-

2249 1145 2273 1174 ν
2307 1140 2511 1182 meo,
2566 1141 2732 1197 υοριν.
2853 1140 2980 1174 αντα
3035 1139 3124 1172 ουν
3196 1139 3357 1173 ταυτα
3411 1138 3475 1172 τα
3519 1121 3658 1181 παθη
3717 1139 3833 1190 μια.

2214 1231 2357 1264 νουσι
2415 1209 2516 1275 τὴν
2572 1207 2781 1287 ψ›χην,
2842 1205 2893 1271 ἐξ
2940 1205 3105 1272 ανότῆς
3149 1209 3457 1286 πηγάζοντα
3510 1208 3598 1263 καὶ
3643 1205 3862 1284 ἰξερχό-

2215 1321 2369 1375 μενα.
2432 1300 2567 1376 Πρὸς
2628 1298 2724 1373 μὲν
2783 1297 2871 1354 οὖν
2920 1299 3011 1353 τὸν
3071 1296 3240 1377 ὄχλον
3296 1299 3648 1379 ἀσαφέστερον
3707 1298 3863 1353 εἶπεν

2215 1390 2242 1445 ὃ
2291 1391 2502 1467 Κύριος,
2557 1385 2636 1443 διὸ
2693 1388 2780 1443 καὶ
2844 1385 3024 1468 ἔλεγεν
3057 1403 3072 1417 ⁶
3140 1381 3196 1446 Ὀ
3261 1388 3405 1468 ἔχων
3461 1393 3573 1446 ὦτα
3631 1387 3856 1459 ἀκούειν,

2219 1479 2452 1536 ἀκουέτω
2487 1494 2501 1508 ⁶
2549 1477 2842 1551 τουτέστιν,
2891 1467 2950 1535 Ὀ
2981 1485 3116 1534 νοῶν
3147 1478 3352 1540 νοείτω.
3384 1488 3510 1541 Τοῖς
3543 1477 3596 1533 δὲ
3627 1477 3860 1533 ἀποστό-

2215 1569 2330 1632 λοις
2388 1568 2632 1641 νομίσασι
2697 1567 2975 1646 βαθύτερόν
3016 1590 3066 1623 τι
3123 1567 3299 1645 λέγειν
3355 1568 3446 1623 τόν
3508 1567 3713 1646 Κύριον,
3777 1566 3861 1620 καὶ

2215 1655 2560 1737 προσελθοῦσι
2645 1659 2734 1712 καὶ
2821 1655 3054 1734 ἐρωτῶσι
3132 1657 3248 1734 περὶ
3331 1660 3428 1724 τῆς
3527 1652 3862 1739 παραϐολῆς,

485 1750 748 1821 τουτέστι,
807 1758 899 1806 τοῦ
961 1760 1230 1808 σκοτεινοῦ
1282 1749 1460 1827 λόγου,
1529 1747 1830 1828 (παραϐολὴ
1879 1750 1978 1827 γὰρ
2027 1748 2170 1804 ἐστιν
2239 1750 2266 1804 ὁ
2315 1746 2581 1811 σκοτεινὸς
2651 1743 2840 1824 λόγος)
2893 1752 3099 1825 πρῶτον
3134 1745 3232 1820 μὲν
3275 1743 3616 1822 ἐπετίμησεν,
3676 1746 3858 1800 είπὼν⁹

489 1839 638 1896 Οῧτω
665 1842 752 1895 καὶ
782 1842 936 1914 ὑμεῖς
971 1841 1210 1896 ἀσύνετοί
1241 1839 1355 1895 ἐστε
1391 1859 1403 1914 ς

1391 1859 1406 1918 ς
1441 1840 1564 1895 εἶτα
1592 1837 1793 1895 διέλυσε
1826 1841 1884 1893 τὸ
1916 1837 2137 1916 ἄπορον,

567 1930 750 1990 Vens.
788 1927 1006 1990 24-30.
1049 1954 1072 1982 ι
1103 1929 1167 1989 Ει
1197 1947 1330 1988 cum
1356 1928 1496 1989 inde
1525 1925 2053 2005 surrexisset,abiit
2074 1926 2135 1987 in

2301 1927 2398 1983 Καὶ
2475 1927 2680 1981 ἱκεῖθεν
2731 1924 2986 1997 ἀναστὰς,
3067 1925 3302 1993 ἀπῆλθεν
3373 1927 3445 1989 εἷς
3516 1925 3580 1980 τὰ
3651 1926 3864 2002 μεθόρια

485 2018 741 2079 conﬁnia
790 2017 925 2097 Tyri
973 2025 1029 2078 et
1075 2015 1360 2079 Sidonis:
1397 2027 1453 2078 et
1508 2017 1810 2096 ingressus
1863 2015 2129 2090 domum,

488 2107 787 2167 neminem
822 2107 1001 2166 voluit
1031 2108 1208 2184 scire,
1259 2125 1366 2168 nec
1419 2106 1608 2186 potuit
1658 2107 1864 2168 latere.
1917 2105 2134 2169 Mulier

488 2194 648 2255 enim
679 2194 874 2254 statim
907 2203 970 2255 ut
999 2195 1224 2255 audivit
1252 2195 1328 2255 de
1355 2214 1446 2268 eo,
1478 2197 1650 2274 cujus
1684 2195 1860 2255 ﬁliola
1881 2193 2136 2256 habebat

488 2282 759 2363 spiritum
793 2283 1354 2356 immundum,venit
1383 2292 1440 2343 et
1470 2283 1771 2344 acciditad
1805 2283 1985 2362 pedes
2005 2284 2136 2362 ejus

492 2373 851 2451 (eratantem
879 2371 1088 2430 mulier
1102 2373 1304 2433 Graeca
1321 2369 2040 2451 Syrophmnissa(a)gener
2052 2375 2134 2452 e),

492 2467 552 2522 et
581 2458 819 2538 rogabat
844 2477 975 2520 eum
1011 2467 1072 2518 ut
1103 2458 1466 2520 diemonium
1501 2460 1746 2539 ejiceret
1768 2461 1841 2522 de
1865 2461 1984 2521 ﬁlia
2007 2478 2134 2522 sua.

488 2549 663 2608 Jesus
705 2556 901 2610 autem
952 2547 1098 2608 dixit
1133 2547 1244 2609 illi:
1283 2547 1426 2610 Sine
1459 2551 1617 2628 prius
1647 2549 1895 2610 saturari
1933 2548 2087 2610 ﬁlios
2118 2569 2131 2610 :

493 2655 611 2698 non
644 2645 733 2697 est
764 2635 922 2697 enim
970 2637 1287 2697 honestum
1339 2656 1577 2709 sumere
1610 2657 1818 2718 panem
1856 2639 2130 2710 ﬁliorum,

495 2737 552 2787 et
582 2726 880 2806 projicere
912 2726 1247 2788 catellis.At
1282 2727 1380 2787 illa
1413 2727 1719 2808 respondit
1741 2735 1798 2787 et
1827 2727 1972 2787 dicit
1995 2727 2082 2787 illi
2115 2744 2128 2788 :

490 2814 672 2876 Etiam
705 2813 984 2889 Domine;
1013 2834 1147 2876 nam
1182 2817 1375 2876 catelli
1409 2835 1643 2896 quoque
1675 2816 1994 2877 comedunt
2023 2815 2131 2878 sub

491 2923 694 2966 mensa
724 2903 798 2965 de
820 2905 992 2965 micis
1024 2904 1382 2966 ﬁliorum.Et
1411 2905 1492 2967 ait
1527 2906 1610 2966 illi
1644 2927 1660 2966 :
1687 2909 1933 2984 Propter
1953 2905 2131 2967 istum

495 3011 833 3054 sermonem
891 2992 1052 3068 vade,
1116 2994 1256 3054 exiit
1303 2993 1658 3055 daemonium
1689 3013 1721 3055 ιι
1751 2994 1872 3054 ﬁlia
1915 3004 2031 3055 tua.
2065 2998 2138 3057 Et

489 3101 622 3143 cum
677 3082 918 3143 abiisset
970 3083 1210 3143 domum
1270 3102 1459 3162 suam,
1495 3083 1724 3163 eeperit
1775 3082 2135 3144 daemonium

493 3170 728 3242 exiisse,
766 3178 822 3231 et
852 3171 1030 3232 ﬁliam
1057 3173 1355 3250 jacentem
1391 3191 1571 3252 super
1607 3173 1825 3233 lectum
1890 3198 1915 3226 ι
1954 3173 2130 3234 Post-

2217 2015 2380 2092 Τύρου
2448 2015 2535 2070 καὶ
2607 2011 2859 2086 Σιδῶνος,
2922 2016 3009 2070 καὶ
3075 2013 3318 2070 εἰσελθὼν
3394 2016 3469 2078 είς
3528 2015 3714 2089 οἰκίαν,
3775 2013 3865 2069 οὖ-

2216 2100 2336 2158 δὲια
2425 2101 2580 2170 ἤθελε
2665 2107 2882 2180 γνῶναι.
2987 2105 3083 2160 Καὶ
3167 2105 3260 2160 οὒκ
3353 2101 3582 2172 ἠδυνήθη
3659 2101 3863 2163 λαθεῖν.

2217 2189 2518 2249 ’Δκούσασα
2574 2191 2674 2270 γὰρ
2729 2192 2862 2268 γυνὴ
2913 2193 3032 2271 περὶ
3086 2196 3264 2273 αὖτοῦ,
3323 2193 3389 2261 ἧς
3433 2193 3562 2272 εἶχε
3604 2194 3664 2249 τὸ
3700 2193 3863 2271 θυγάο

2221 2303 2363 2360 τριον
2419 2281 2581 2348 αὐτῆς
2652 2287 2858 2356 πνεῦμα
2908 2280 3218 2359 ἇκαθαρτον,
3285 2281 3502 2339 ἐλθοῦσα
3573 2282 3863 2360 προσέπεσε

2221 2371 2351 2449 πρὸς
2422 2371 2543 2435 τοὺς
2597 2368 2760 2433 πόδας
2831 2371 2986 2429 αὖτοῦ
3067 2373 3161 2448 (ἧν
3217 2371 3269 2427 δὲ
3325 2374 3358 2440 ἡ
3417 2372 3548 2450 γυνὴ
3621 2371 3867 2438 Ἐλληνὶς

2223 2460 2601 2539 Συροφοίνισσα
2630 2465 2706 2533 τῷ
2733 2458 2924 2540 γένει),
2955 2462 3041 2516 καὶ
3071 2461 3250 2539 ἠρώτα
3297 2462 3450 2518 αυτὸν
3505 2462 3597 2517 ἵνα
3639 2463 3700 2517 τὸ
3745 2459 3866 2517 δαι-

2222 2550 2404 2622 μόνιον
2461 2546 2661 2624 ὶκϐἀλῃ
2721 2549 2780 2605 ἐκ
2834 2549 2931 2617 τῆς
2986 2551 3240 2628 θυγατρὸς
3301 2554 3487 2618 αὐτῆς.
3537 2542 3595 2608 Ὀ
3638 2549 3691 2606 δὲ
3749 2550 3866 2617 ³1η·

2219 2644 2342 2700 σοῦς
2414 2641 2568 2694 εἶπεν
2619 2639 2751 2714 αὐτῇ
2784 2656 2797 2670 ·
2875 2628 3054 2717 ’Ἀφες
3128 2646 3337 2717 πρῶτον
3394 2643 3753 2720 χορτασθῆναι
3802 2641 3868 2696 τὰ

2217 2725 2372 2782 τέκνα
2407 2742 2420 2756 ⁶
2483 2725 2543 2782 οὒ
2602 2728 2701 2804 γὰρ
2757 2726 2919 2783 καλόν
2997 2728 3106 2784 ἐστι
3153 2726 3337 2785 λαϐεῖν
3400 2730 3491 2784 τὸν
3547 2728 3702 2808 ἄρτον
3759 2735 3866 2784 τῶν

2215 2815 2434 2892 τέκνων,
2496 2817 2582 2871 καὶ
2635 2813 2824 2891 βαλεῖν
2878 2829 2996 2879 τοῖς
3051 2817 3332 2896 κυναρίοις.
3387 2810 3448 2874 Ἠ
3481 2816 3536 2873 δὲ
3584 2819 3860 2898 ἀπεκρίθη,

2215 2906 2304 2960 καὶ
2358 2903 2500 2982 λέγει
2574 2909 2734 2977 αὐτῷ·
2811 2906 2932 2983 Ναὶ,
3008 2907 3182 2983 Κύριε
3243 2909 3330 2963 καὶ
3386 2909 3486 2985 γὰρ
3527 2907 3591 2962 τὰ
3647 2907 3862 2978 κυνάρια

2217 2994 2466 3049 ὑποκάτω
2521 2998 2619 3060 τῆς
2675 2993 2935 3071 τραπέζης
2986 2994 3141 3050 ἰσθίει
3205 2994 3311 3051 ἀπὸ
3363 3003 3468 3052 τῶν
3511 2995 3712 3074 ψιχίων
3754 2996 3860 3052 τῶν

2220 3081 2460 3144 παιδίων,
2524 3083 2621 3140 Καὶ
2677 3083 2832 3139 εἶπεν
2889 3082 3022 3158 αὒτῇ
3061 3098 3074 3112 ⁸
3143 3084 3240 3140 Διὰ
3296 3092 3480 3142 τοῦτον
3541 3087 3634 3140 τὸν
3674 3083 3860 3162 λόγον,

2219 3171 2411 3249 ὕπαγε,
2459 3170 2734 3240 ἐξελήλυθε
2778 3173 2838 3227 τὸ
2883 3169 3150 3246 δαιμόνιον
3181 3173 3240 3229 ἐκ
3282 3174 3380 3240 τῆς
3437 3173 3689 3253 θυγατρός
3745 3196 3859 3231 σου.

492 3277 666 3339 quam
702 3259 776 3320 de
806 3258 956 3321 cibis
988 3259 1218 3320 locutus
1253 3269 1339 3321 est
1366 3261 1741 3339 Dominus,et
1773 3261 1913 3322 vidit
1938 3261 2130 3322 incre-

2221 3261 2312 3319 Καὶ
2367 3258 2664 3318 ἀπελθοῦσα
2706 3261 2778 3323 είς
2823 3261 2913 3315 τὸν
2957 3261 3110 3317 οἶκον
3167 3263 3353 3341 αὐτῆς,
3387 3264 3499 3340 εὗρε
3555 3264 3615 3318 τὸ
3657 3260 3853 3336 δαιμό-

489 3347 661 3408 dulos
691 3348 1188 3426 .ludzeos,transiit
1218 3349 1276 3408 in
1300 3350 1606 3427 gentilium
1639 3349 1960 3410 ﬁnes.Nam
1993 3368 2127 3411 cum

488 3435 784 3496 increduli
815 3447 1011 3497 essent
1036 3435 1247 3509 Judaei,
1280 3438 1436 3499 salus
1467 3438 1658 3499 futura
1681 3447 1804 3499 erat
1838 3437 2128 3517 gentium.

489 3525 558 3585 Et
589 3527 714 3605 ipse
746 3525 1000 3605 primum
1033 3526 1302 3606 quaesivit
1330 3527 1537 3598 latere,
1566 3537 1624 3587 ut
1659 3546 1733 3589 ne
1764 3528 2018 3588 habeant
2037 3527 2134 3589 Ju-

489 3613 600 3674 daai
623 3624 824 3694 postea
863 3634 978 3694 quo
1013 3615 1239 3695 possint
1287 3615 1481 3696 ipsum
1535 3635 1838 3684 accusare,
1873 3615 2031 3694 quod
2060 3615 2132 3676 ad

489 3701 827 3763 immundas
877 3713 1082 3778 gentes
1133 3706 1525 3785 praecurrerit.
1561 3704 1686 3766 Non
1721 3709 1903 3785 potuit
1937 3714 2134 3767 tamen

488 3791 675 3853 latere
709 3813 722 3855 :
759 3811 877 3854 non
901 3797 1057 3854 enim
1093 3796 1223 3857 ﬁeri
1247 3805 1493 3876 poterat,
1527 3811 1588 3856 ut
1621 3815 1654 3857 a
1687 3796 1922 3858 nemine
1949 3814 2130 3874 agno-

491 3893 782 3946 sceretur.
817 3883 1026 3944 Mulier
1056 3884 1236 3963 igitur
1255 3903 1386 3964 quae
1416 3885 1683 3945 audierat
1713 3884 1787 3946 de
1817 3903 1908 3964 eo,
1944 3892 2137 3946 osten-

491 3970 578 4033 dit
605 3971 857 4032 alacrem
889 3972 1064 4032 ﬁdem
1097 3984 1352 4048 suam,et
1372 3982 1682 4053 propterea
1712 3972 1997 4034 Dominus
2015 3991 2134 4036 non

490 4059 684 4120 statim
711 4060 972 4133 exaudit,
1009 4061 1113 4120 sed
1149 4073 1414 4122 moratur
1458 4071 1516 4122 et
1550 4061 1750 4124 diﬂ'ert
1796 4063 2040 4137 donum,
2075 4070 2138 4124 ut

492 4147 768 4209 ostendat
813 4148 1079 4209 mulieris
1137 4149 1385 4210 solidam
1448 4148 1648 4222 ﬁdem,
1683 4169 1812 4230 quae
1872 4151 2142 4232 quamvis

492 4236 889 4317 ablegaretur,
924 4239 1335 4317 perseveravit,
1365 4245 1429 4300 ut
1465 4249 1525 4298 et
1554 4257 1661 4300 nos
1692 4239 1992 4301 discamus
2023 4259 2144 4302 non

493 4327 684 4388 statim
708 4327 943 4388 resilire
974 4345 1108 4388 cum
1143 4345 1476 4408 precamur,
1508 4328 1558 4390 si
1592 4346 1706 4391 non
1739 4329 2136 4400 statim_voto-

493 4433 622 4476 rum
658 4414 942 4476 fuerimus
973 4421 1304 4495 compotes,
1336 4416 1438 4476 sed
1473 4435 1920 4494 perseveremus
1950 4417 2142 4480 donec

2212 3372 2320 3404 νιον
2381 3347 2714 3428 ἱξεληλδθὸς,
2773 3354 2860 3406 καὶ
2913 3350 3012 3416 τὴν
3071 3350 3330 3430 θυγατέρα
3385 3349 3722 3427 βεϐλημένην
3781 3351 3867 3413 ἰπὶ

2217 3445 2312 3505 τῆς
2369 3437 2575 3506 κλίνης.
2617 3461 2641 3495 ε
2678 3441 2816 3495 Μεθὸ
2846 3442 2962 3516 περὶ
2990 3445 3094 3494 τῶν
3143 3441 3441 3519 βρωμάτων
3498 3441 3656 3496 εἶπεν
3699 3442 3727 3497 ὁ
3761 3442 3865 3500 Κύ-

2219 3550 2354 3608 ριος,
2414 3529 2501 3584 καὶ
2551 3527 2692 3585 εἶδεν
2738 3528 3079 3592 ἀπειθοῦντας
3131 3529 3252 3592 τοὺς
3323 3527 3624 3602 Ἰουδαίους,
3699 3549 3866 3604 μετα-

2219 3614 2383 3672 ϐαίνει
2452 3617 2536 3673 ἰπὶ
2603 3617 2667 3673 τὰ
2738 3623 2841 3673 τῶν
2917 3621 3132 3674 ὶθνικῶν
3210 3617 3354 3697 ὅρια,
3428 3618 3866 3686 Ἀπιστησαιτων

2218 3706 2316 3784 γὰρ
2371 3711 2476 3761 τῶν
2539 3704 2822 3786 Ἰουδαίων,
2881 3708 2915 3774 ἡ
2970 3707 3202 3786 σωτηρία
3259 3708 3380 3772 τοῖς
3439 3707 3634 3763 ἔθνεσιν
3677 3704 3867 3780 ἔμελλε

2218 3794 2481 3869 γενέσθαι.
2569 3797 2733 3860 Αὐτὸς
2835 3796 3012 3872 μέντοι
3090 3797 3502 3877 προηγουμένως
3591 3793 3865 3866 σπουδάζει

2219 3882 2424 3957 λαθεῖν,
2479 3881 2572 3941 ἵνα
2623 3888 2700 3961 μὴ
2744 3885 2948 3966 ἔχωσιν
3008 3885 3220 3965 ὕστερον
3279 3889 3538 3943 αἰτιᾶσθαι
3599 3885 3753 3941 αὐτὸν
3820 3887 3870 3940 οἱ

2215 3971 2495 4047 Ἰουδαῖοι,
2551 3976 2624 4038 ὡς
2685 3976 2758 4037 είς
2819 3977 2884 4031 τὰ
2944 3977 3210 4055 ἀκάθαρτα
3266 3976 3387 4043 ἔθνη
3444 3973 3864 4054 προσδραμόντα⁶

2221 4067 2293 4122 υῦ
2348 4061 2530 4138 μέντοι
2568 4061 2803 4133 ἠδυνήθη
2853 4062 3034 4121 λαθεῖν
3069 4081 3082 4094 ⁸
3144 4065 3203 4123 οὒ
3250 4067 3349 4144 γὰρ
3403 4064 3678 4144 ἐνεδέχετο
3721 4064 3873 4122 αὐτὸν

2223 4151 2430 4230 λαθεῖν,
2479 4154 2567 4207 καὶ
2611 4152 2688 4227 μὴ
2735 4154 2874 4231 παρά
2925 4176 3066 4218 τινος
3125 4159 3421 4232 γνωσθῆναι
3486 4153 3635 4234 (62).
3675 4145 3736 4208 Ἠ
3782 4152 3870 4208 οὖν

2227 4242 2362 4320 γυνὴ
2422 4241 2692 4297 ακούσασα
2740 4241 2864 4320 (62)
2923 4244 3041 4321 περὶ
3088 4247 3269 4320 αὐτοῦ,
3313 4241 3656 4301 ἐπιδείκνυται
3699 4243 3871 4296 πίστιν

2222 4330 2442 4410 θερμήν.
2507 4331 2604 4387 Διὰ
2653 4333 2808 4388 τοῦτο
2865 4331 2952 4388 οὖν
3003 4333 3088 4388 καὶ
3161 4335 3188 4387 ὁ
3249 4333 3434 4409 Κύριος
3495 4333 3589 4387 οὒκ
3681 4329 3868 4392 εὐθέως

2223 4419 2499 4494 ὑπακούει,
2559 4416 2680 4475 ἀλλ’
2737 4419 3086 4476 ὰνακάλλεται
3158 4421 3256 4488 τὴν
3315 4418 3535 4498 δωρεὰν,
3582 4420 3674 4475 ἵνα
3732 4415 3869 4491 δείξῃ

492 4503 876 4584 accipiamus.
913 4506 1208 4566 Praeterea
1237 4523 1413 4565 canes
1446 4506 1710 4568 nominat
1737 4507 2135 4584 gentiles,tan-

2223 4509 2322 4576 τὴν
2375 4510 2473 4574 τῆς
2531 4510 2775 4587 γυναικὸς
2843 4510 3093 4585 ὶπίμονον
3152 4510 3348 4590 πίστιν,
3406 4512 3494 4565 καὶ
3551 4507 3630 4564 ὅτι
3701 4507 3870 4562 καίτοι

494 4611 666 4674 quam
691 4610 902 4654 exosos
941 4591 1158 4655 Judaeis
1190 4593 1442 4655 habitos.
1471 4595 1689 4656 Panem
1724 4605 1920 4657 autem
1957 4597 2139 4656 bene-

494 4681 719 4754 ﬁcium,
751 4679 906 4761 quod
941 4681 1163 4760 pueris,
1216 4681 1331 4743 hoc
1363 4690 1453 4743 est
1482 4682 1768 4758 Hebraeis,
1803 4688 2143 4763 segregarat

493 4773 673 4835 Deus.
718 4769 1015 4832 Beneﬁcia
1061 4779 1256 4833 autem
1309 4771 1574 4833 Hebraais
1633 4772 1965 4850 impartitus
2028 4781 2139 4838 est.

495 4861 648 4923 Dicit
675 4858 851 4939 igitur
872 4858 1160 4922 Dominus
1196 4882 1208 4920 :
1247 4859 1376 4922 Non
1407 4870 1638 4940 oportet
1663 4861 1914 4938 gentiles
1958 4863 2145 4942 parti-

493 4950 657 5030 cipes
679 4966 809 5010 esse
831 4947 1416 5030 beneﬁcioruquua
1430 4949 1656 5012 Iudaeis
1674 4950 1967 5012 destinata
1983 4960 2142 5017 sunt.

2224 4595 2679 4672 ἂποπεμπομένη,
2761 4612 3160 4678 προσκαρτερεῖ,
3235 4599 3328 4654 ’ἵνα
3400 4600 3486 4653 καὶ
3539 4600 3703 4672 ἡμεῖς
3761 4595 3873 4667 μά-

2225 4690 2404 4762 θωμεν
2465 4687 2542 4762 μὴ
2600 4685 2878 4758 ὰποπηδᾷν
2923 4689 3065 4751 εὐθὺς
3123 4687 3248 4744 ὅταν
3301 4687 3575 4761 εὖξᾶμενοι
3609 4685 3686 4760 μὴ
3730 4683 3878 4740 αὖτί-

2227 4799 2296 4833 κα
2355 4777 2732 4856 τυγχάνωμεν,
2817 4776 2952 4833 ἀλλὰ
3039 4785 3510 4858 προσκαρτερῶμεν
3595 4774 3752 4855 ἄχρις
3826 4772 3887 4828 ἂν

2229 4864 2500 4942 λάϐωμεν,
2569 4867 2793 4945 Κυνάρια
2881 4866 2931 4922 δί
3009 4868 3252 4942 ὀνομάζει
3328 4867 3448 4929 τοὺς
3506 4864 3762 4943 ἕθνικοὺς,
3812 4864 3886 4924 ὡς

2230 4956 2450 5034 μιαροὺς
2521 4953 2798 5018 δοκοῦντας
2873 4968 2989 5017 τοῖς
3057 4955 3322 5019 Ἰουδαίοις
3362 4970 3376 4985 ⁸
3425 4953 3580 5031 ἄρτον
3637 4951 3714 5026 δὲ,
3792 4952 3882 5015 τὴν

1572 5083 1653 5146 Ex
1687 5085 2006 5148 collatione
2038 5084 2216 5148 codd.
2251 5083 2461 5148 Venet.
2495 5085 2557 5149 S.
2591 5085 2796 5150 Marci.

577 5215 725 5314 (622‘
745 5215 889 5312 Cod;
1044 5237 1056 5273 :
1093 5215 1229 5283 Γυνή
1261 5213 1586 5314 δὶνἚλληνὶὶὶς
1610 5217 1706 5289 μὲν
1731 5217 1829 5310 τῂν
1853 5221 2157 5314 θρησκείαν,

493 5297 634 5374 Σύρα
679 5295 731 5352 δὲ
764 5303 832 5372 τῇ
861 5295 1140 5376 διαλέκτῳ,
1176 5297 1484 5351 Φοινίκισσα
1517 5295 1570 5351 δὲ
1599 5304 1672 5370 τῷ
1717 5295 1892 5377 γένει,
1916 5298 2036 5365 ἤτοι
2078 5295 2154 5373 τῷ

2285 5216 2720 5301 erstitionezsed
2751 5217 3031 5301 idiomate
3061 5221 3297 5301 Syra,ac
3326 5235 3546 5298 genere
3583 5212 3829 5301 thnix
3858 5193 3876 5237 ³

2282 5297 2548 5359 ὴωηίσοε
2571 5296 2732 5358 enim
2766 5298 3083 5362 Chenanaai
3104 5295 3640 5375 dicebantur,quod
3668 5302 3880 5358 metro-

491 5377 624 5433 ῗθνει
686 5377 949 5456 (Φοίνικες
1009 5375 1132 5455 γὰρ
1179 5378 1225 5432 οἱ
1303 5383 1594 5432 Χαναναῖοι
1651 5375 1919 5454 ἐλέγοντο,
1968 5378 2052 5435 διὰ
2092 5380 2135 5434 τί

2238 5377 2416 5459 polim
2449 5376 2737 5459 baberent
2793 5379 3160 5443 Phcenlcem.
3213 5379 3350 5442 Hmc
3397 5379 3576 5459 igitur
3605 5394 3740 5440 cum
3769 5393 3880 5437 au-

493 5455 824 5534 μητρόπολιν
858 5456 1006 5535 ἔχειν
1036 5457 1132 5522 τὴν
1191 5457 1494 5535 Φοινίκην),
1552 5455 1682 5523 αὕτη
1728 5458 1994 5514 ἀκούσασα
2036 5481 2134 5538 περ

2235 5455 2442 5520 diisset
2470 5457 2546 5519 de
2576 5475 2672 5534 eo,
2711 5481 2734 5515 ο
2767 5468 2881 5523 etc.
3426 5455 3447 5459 ⁷
3670 5472 3677 5478 ’

493 5541 671 5612 αὐτοῦ,
707 5560 762 5598 κ.
792 5560 841 5598 τ.
878 5534 928 5594 λζ
971 5558 996 5588 ε
1031 5534 1241 5597 Mulier
1281 5534 1508 5611 autem,
1543 5535 1746 5598 Graeca
1772 5537 2010 5618 quidem
2044 5534 2150 5600 su-

565 5695 655 5782 (ςι)
691 5697 754 5759 In
785 5695 940 5782 _edit.
976 5695 1335 5782 Lut._dees_t,_
1367 5698 1764 5782 Συροφοίνισσα,
1797 5698 1886 5759 vel
1926 5699 2347 5777 Συροφοίνικισσα
2381 5707 2444 5761 ιιι
2472 5701 2626 5782 apud
2659 5703 2710 5766 Ι.
2749 5702 2990 5767 Millium
3025 5703 3082 5765 in
3117 5705 3280 5766 Novo
3320 5701 3589 5765 Testem.
3669 5698 3876 5764 Graec

489 5773 754 5841 adhunc
785 5775 980 5841 locum
1017 5794 1087 5840 ει
1117 5779 1245 5856 ipso
1269 5773 1733 5856 TheOph'ylacto.
