4162 6228
510 319 626 391 587
1421 321 2017 394 THEOPHYL-ACTI
2050 323 2462 391 BULGARLE
2503 322 2862 390 ARCHIEP.
3784 321 3904 390 588

509 461 964 541 ostentaret,sed
999 460 1186 541 magis
1211 464 1279 524 ut
1305 480 1442 524 cum
1478 479 1710 525 summa
1740 463 2028 526 modestia
2056 482 2142 525 sa-

2250 463 2384 519 ἀλλά
2439 465 2526 521 καὶ
2583 464 2684 531 τὴν
2735 461 2885 519 ἵασιν
2938 462 3263 536 ἱπιτίθησιν,
3297 462 3393 518 οὒκ
3424 460 3798 526 ἐπιδεικτικῶς
3829 466 3911 518 0:-

510 557 678 611 naret
693 548 1123 630 puerum.Vide
1144 557 1339 614 autem
1355 551 1650 632 quomodo
1667 570 1784 614 non
1801 571 1921 614 suae
1937 554 2133 616 virtuti

2247 560 2501 630 ραπεῦσαι
2559 555 2650 609 τὸν
2726 551 2892 609 παῖδα
2961 549 3406 623 ἐπιϐαλλόμενος,
3483 549 3618 607 ἀλλά
3702 550 3908 628 μᾶλλον

510 638 613 701 sed
639 638 802 701 illius
832 638 971 702 fidei
1000 639 1314 703 sanitatem
1359 641 1602 717 tribuat,
1636 640 1843 704 dicens
1878 663 1892 704 :
1950 643 2142 706 Omni:

2247 645 2383 716 μετά
2440 643 2891 723 μετριοφροσύνης
2953 640 3184 709 πολλῆς.
3253 633 3397 720 ’Ὅρα
3445 641 3546 720 γὰρ
3575 646 3690 705 πῶς
3737 642 3798 698 o6
3840 648 3906 718 τῇ

509 728 818 810 possibilia
846 727 1261 792 credenti.Sed
1295 739 1355 792 et
1383 729 1711 810 aliud,cum
1744 731 1988 794 vidisset
2010 751 2142 793 con-

2247 733 2409 805 οἰκείᾳ
2468 730 2708 808 δυνάμει,
2781 731 2916 788 ἀλλά
2981 738 3050 807 τῇ
3123 731 3324 789 ἰκείνου
3380 731 3555 786 πίστει
3628 731 3900 798 ἀνατίθησι

507 817 744 898 gregari
776 816 1364 900 turbam,increpavit
1388 818 1662 900 Spiritum
1687 843 1699 878 :
1729 819 1969 883 nolebat
1999 822 2142 884 enin

2242 822 2342 887 τὴν
2396 821 2694 899 θεραπείαν,
2749 817 2943 898 λέγων,
3001 820 3106 892 δτι,
3173 818 3348 874 Πάντα
3416 815 3607 875 δυνατά
3638 823 3737 890 -τῷ
3802 839 3899 874 πι-

507 925 707 968 coram
739 909 914 969 turba
943 915 1240 983 sanare,et
1269 916 1567 970 ostentare
1590 927 1655 971 se
1679 918 1740 970 ut
1761 918 2142 989 arrogantem

2243 910 2503 972 στεύοντι,
2562 905 2730 966 Ἀλλά
2789 910 2876 963 καὶ
2948 906 3150 985 ἕτερον·
3213 904 3335 962 ἰδὼν
3407 906 3509 984 γὰρ
3574 905 3896 984 ἂπισυναγό-

505 997 652 1058 Cum
687 995 1053 1077 increpasset
1081 1005 1279 1060 autem
1311 1005 1369 1059 et
1399 997 1690 1062 dixisset:
1737 996 2059 1078 Egredere,
2102 1006 2161 1060 et

506 1105 584 1150 ne
614 1087 764 1151 ultra
795 1088 1146 1168 ingrediaris
1174 1109 1188 1153 :
1227 1089 1490 1152 insinuat
1518 1090 1672 1172 quod
1699 1099 1943 1172 propter
1971 1092 2159 1153 incre-

506 1175 816 1239 dulitatem
852 1178 1109 1240 hominis
1146 1179 1554 1260 ingressurum
1587 1181 1800 1242 iterum
1823 1179 2162 1241 fuissetdaa—

506 1265 797 1348 monium,
828 1267 943 1329 nisi
1001 1287 1110 1330 suo
1163 1268 1524 1350 prohibitum
1575 1268 1784 1330 fuisset
1834 1276 2156 1349 praecepto.

505 1355 801 1417 Permittit
831 1366 1025 1419 autem
1058 1357 1317 1439 discerpi
1350 1359 1558 1431 filium,
1593 1367 1656 1418 ut
1707 1377 1915 1418 omnes
1969 1357 2160 1420 sciant

503 1444 792 1506 daemonis
822 1446 1092 1524 insidias,
1123 1457 1179 1509 et
1204 1466 1320 1528 quo
1348 1447 1663 1510 occidisset
1684 1448 2012 1521 hominem,
2041 1445 2154 1508 nisi

503 1533 700 1597 divina
733 1553 910 1597 manu
938 1535 1271 1598 refrenatus
1302 1543 1359 1598 et
1384 1544 1674 1598 retractus
1709 1536 1939 1599 fuisset.
1986 1538 2156 1616 Swpe

502 1625 658 1686 enim
693 1632 750 1686 in
781 1624 979 1705 ignem
1007 1626 1138 1706 quis
1168 1644 1202 1688 a
1221 1626 1494 1687 daemone
1527 1625 1841 1706 projicitur
1862 1623 2153 1704 concupi-

500 1714 741 1776 scentiae
761 1723 819 1776 et
843 1714 1034 1789 iraa,et
1053 1715 1109 1776 in
1140 1733 1350 1796 aquam
1374 1715 1743 1777 saecularium
1778 1713 2152 1792 negotiorum

499 1803 780 1883 procellis
809 1780 1158 1866 undantem.
1194 1780 1378 1866 Dorro
1409 1803 1642 1865 dzemon
1675 1802 1772 1864 hic
1804 1780 2001 1864 mutus
2026 1811 2156 1865 erat
2179 1780 2214 1829 Β

498 1900 558 1954 et
580 1893 820 1957 surdus.
853 1893 1078 1956 Surdus
1109 1892 1373 1975 quidem,
1409 1901 1471 1954 ut
1518 1892 1728 1955 audire
1763 1891 1974 1954 nolens
1996 1890 2152 1951 divi-

501 1998 580 2042 na
608 1982 885 2064 eloquia:
938 1990 1137 2045 mutus
1191 2001 1359 2055 vero,
1398 1991 1461 2043 ut
1491 2000 1688 2063 neque
1737 1981 1888 2044 alios
1933 1979 2153 2042 docere

495 2073 696 2133 valens
725 2070 882 2150 quod
915 2070 1334 2152 oportebat.At
1362 2071 1462 2133 ubi
1491 2070 1805 2152 Jesus,boc
1835 2077 1924 2131 est
1953 2087 2150 2131 sermo

500 2160 912 2241 Evangelicus,
948 2179 1188 2222 manum
1247 2160 1737 2241 apprehenderit,
1788 2159 2150 2239 operativam

499 2248 633 2310 dico
704 2249 1004 2323 virtutem,
1069 2258 1208 2311 tunc
1284 2249 1607 2311 liberamur
1679 2249 1752 2310 ab
1831 2249 1940 2309 hoc
2024 2247 2151 2309 dae-

499 2336 857 2401 mone.Vide
887 2345 1081 2400 autem
1105 2338 1261 2419 quod
1297 2337 1452 2399 Deus
1483 2337 1720 2418 quidem
1751 2337 1990 2416 adjuvat
2015 2355 2146 2411 nos,

498 2425 716 2489 deinde
748 2445 783 2488 a
814 2427 987 2490 nobis
1019 2446 1200 2509 opera
1228 2427 1729 2506 exiguntur.Dicit
1762 2424 2150 2499 enim,Erexit

495 2513 668 2578 illum
690 2518 886 2592 Jesus,
920 2516 1033 2578 hoc
1055 2526 1181 2580 erat
1220 2516 1323 2578 Dei
1357 2515 1749 2596 adjutorium;
1782 2524 1840 2577 et
1861 2515 2141 2594 surrexit,

493 2603 608 2668 hoc
638 2616 728 2668 est
755 2605 916 2668 illius
946 2607 1006 2669 in
1036 2605 1209 2668 bonis
1230 2606 1511 2668 studium.

491 2696 821 2776 lpyiﬁsaﬁat.
865 2699 1008 2765 Φησὶ
1045 2699 1145 2776 γὰρ
1179 2718 1193 2733 ⁸
1239 2695 1508 2776 ⁹¹Ηγειρεν
1540 2695 1694 2753 αὒτὸν
1723 2698 1750 2752 ὸ
1795 2693 2001 2762 Ἰησοῦς
2034 2714 2047 2730 ⁸

491 2788 650 2844 αῦτσῦ
675 2789 807 2865 πρὸς
851 2789 912 2845 τὸ
941 2787 1135 2865 ἀγαθὸν
1166 2784 1391 2857 σπουδή,

573 2872 756 2938 Vsus.
787 2874 886 2952 2'7,
917 2875 1015 2939 98.
1044 2902 1071 2932 ι
1106 2874 1333 2938 Etcum
1364 2881 1522 2936 esset
1551 2877 1854 2954 ingressus
1875 2872 2140 2942 domum,

493 2961 771 3045 discipuli
821 2964 982 3027 illius
1033 2965 1477 3044 interrogabant
1506 2982 1642 3025 eum
1676 2981 1946 3024 seorsum
1979 2979 1992 3025 :
2027 2963 2146 3025 Cur

491 3071 600 3115 nos
629 3072 746 3116 non
771 3055 1068 3134 potuimus
1099 3055 1319 3136 ejicere
1345 3051 1548 3116 illum?
1570 3052 1804 3114 Etdixit
1825 3051 1942 3114 illis
1979 3070 1993 3115 :
2020 3049 2144 3112 Hoc

2242 1019 2401 1074 μενον
2456 999 2547 1054 τὸν
2622 995 2813 1077 ὄχλον,
2873 996 3164 1071 ἐπετίμησε
3195 1002 3271 1070 τῷ
3299 998 3584 1071 πνεύματι’
3619 997 3712 1052 οὐκ
3742 995 3900 1064 ἤθελε

2241 1089 2339 1166 γὰρ
2398 1085 2689 1165 ἷμπροσθεν
2759 1084 2928 1166 ὄχλου
2983 1085 3311 1164 θεραπεύειν,
3345 1085 3418 1147 ὡς
3464 1092 3766 1166 φανητιῶν,
3811 1088 3900 1142 καὶ

2246 1174 2620 1240 ἰπιδεικτικός,
2678 1175 3039 1250 Ἐπιτιμήσας
3073 1172 3246 1230 δὲκαὶ
3298 1175 3483 1246 εἰπὼν,
3519 1163 3751 1239 ’Ἔξελθε
3813 1179 3900 1232 καὶ

2244 1264 2438 1341 μηκέτι
2497 1263 2755 1343 εἰσέλθῃς·
2817 1271 2968 1320 τοῦτο
3023 1265 3327 1336 αἰνίττεται,
3390 1264 3471 1318 ὃτι
3502 1261 3586 1320 διὰ
3635 1266 3733 1330 τὴν
3765 1264 3898 1321 ἀπι-

2241 1359 2387 1414 στίαν
2435 1358 2528 1414 τού
2584 1358 2856 1436 ἀνθρὼπου
2913 1354 3148 1424 εἰσῆλθεν
3209 1355 3270 1410 ἄν
3328 1356 3416 1410 καὶ
3459 1355 3621 1411 πάλιν
3681 1358 3743 1412 τὸ
3774 1355 3895 1413 δαι-

2242 1449 2448 1527 μόνιον,
2512 1449 2555 1503 εἰ
2605 1447 2684 1523 μὴ
2714 1453 2791 1520 τῷ
2832 1445 3202 1524 προστάγματι
3235 1444 3394 1501 αύτοῦ
3422 1443 3708 1507 ἀκωλυετο,
3747 1453 3894 1524 Συγ-

2238 1549 2414 1616 χωρεῖ
2470 1534 2524 1591 δὲ
2574 1535 2833 1614 σπαράξαι
2883 1536 2976 1592 τὸν
3032 1533 3217 1613 παῖδο,
3253 1533 3343 1589 ἵνα
3371 1539 3537 1612 γνῶσι
3569 1535 3764 1597 πάντες
3791 1537 3890 1603 τήν

2237 1632 2327 1681 τοῦ
2375 1623 2621 1701 δαίμονος
2679 1624 2954 1698 ὲπὴρειαν,
3008 1625 3096 1681 καὶ
3149 1623 3230 1679 ὅτι
3288 1622 3613 1679 ἐθανάτωσεν
3685 1624 3748 1680 ἄν
3801 1628 3891 1681 τὸν

2237 1713 2532 1794 ἄνθρωπον,
2605 1717 2648 1770 εἰ
2704 1717 2784 1790 μὴ
2826 1715 2927 1770 ὑπὸ
2958 1712 3054 1781 τῆς
3085 1716 3225 1776 θείας
3267 1712 3631 1792 ἀνεχαιτίζετο
3675 1716 3883 1794 χειρός,

2241 1793 2502 1861 ’νίπτεται
2561 1802 2616 1859 δὲ
2671 1827 2752 1869 τις
2812 1804 2910 1859 ὕπὸ
2981 1802 3225 1878 δαίμονος
3283 1804 3356 1865 εἷς
3390 1812 3490 1879 πῦρ
3516 1804 3577 1859 τὸ
3609 1804 3699 1859 τοῦ
3721 1793 3886 1881 θυμοῦ

2233 1893 2321 1949 καὶ
2385 1894 2448 1949 τὸ
2517 1898 2615 1961 τῆς
2647 1892 2949 1972 ἰπιθυμίας,
2980 1893 3067 1949 καὶ
3098 1894 3169 1956 εἰς
3192 1890 3352 1970 ὕδωρ,
3386 1893 3447 1947 τὸ
3482 1898 3588 1947 τῶν
3618 1893 3884 1969 βιωτικῶν

2233 1981 2562 2061 πραγμάτων
2618 1980 2926 2039 κλυδώνιον.
3011 1992 3050 2038 Ο
3103 1981 3304 2055 δαίμων
3362 1978 3416 2036 δὲ
3485 1982 3637 2046 οὗτος
3691 1981 3887 2048 ἀλαλός

2233 2069 2344 2128 ἰστι
2401 2072 2489 2128 καὶ
2545 2071 2745 2149 κωφός.
2799 2071 2982 2149 κωφὸς
3038 2071 3159 2144 μὲν,
3220 2073 3292 2132 ὡς
3359 2071 3436 2145 μὴ
3465 2071 3674 2128 ἀκούειν
3724 2073 3888 2130 θέλων

2234 2166 2341 2217 τῶν
2409 2168 2502 2218 τοῦ
2559 2168 2690 2218 Θεοῦ
2747 2160 2942 2238 λόγων·
3007 2159 3201 2225 ἅλαλος
3255 2159 3335 2232 δὶ,
3386 2163 3460 2223 ὡς
3511 2161 3649 2228 μηδὲ
3681 2163 3888 2244 ἑτέρως

2235 2247 2520 2326 δυνάμενος
2575 2248 2837 2306 διδάσκειν
2896 2250 2956 2305 τὸ
3029 2248 3162 2305 δέον·
3220 2247 3337 2304 ἀλλ’
3407 2249 3496 2306 ἐὰν
3569 2255 3595 2307 ὁ
3650 2251 3878 2328 Ἰησοῦς,

2231 2339 2521 2413 τουτέστιν,
2591 2341 2619 2396 ὀ
2662 2337 3020 2417 Εὖαγγελικὸς
3059 2337 3240 2416 λόγος,
3272 2341 3515 2416 κρατὴσῃ
3548 2347 3645 2408 τῆς
3668 2346 3876 2424 χειρὸς,

2229 2433 2328 2494 τῆς
2400 2434 2700 2507 πρακτικῆτ
2771 2426 3261 2510 λέγω-δυνάμεως,
3296 2431 3415 2485 τότε
3458 2429 3875 2510 ἐλευθερωθησό-

2230 2521 2360 2591 μεθα
2417 2526 2508 2576 τοῦ
2577 2517 2847 2594 δαίμονος,
2919 2507 3064 2596 H0px
3121 2514 3176 2572 δὲ
3220 2516 3301 2573 ὅτι
3333 2519 3360 2573 ὁ
3391 2517 3485 2594 μὲν
3528 2507 3656 2584 Θεὸς
3686 2522 3877 2598 βοηθεῖ

2226 2608 2383 2680 ἡμῖν,
2437 2607 2564 2663 εἶτα
2637 2609 2800 2682 ἡμεῖς
2879 2606 3032 2662 αὒτοῖ
3104 2607 3166 2661 τὸ
3248 2607 3444 2683 ἀγαθὸν
3517 2607 3875 2686 ἀπαιτούμεοα

2093 2697 2246 2750 τοῦτο
2301 2718 2337 2761 η
2393 2703 2486 2752 τοῦ
2530 2703 2662 2753 Θεοῦ
2720 2697 2960 2773 βοήθεια,
3027 2696 3112 2751 καὶ
3143 2695 3364 2771 ἀνέστη,
3410 2701 3630 2766 τοῦτσιῆ
3677 2699 3874 2757 ἐκείνου

2318 2897 2344 2928 ε
2395 2875 2492 2932 Καὶ
2549 2872 2846 2931 εἰσελθόντα
2914 2873 3071 2929 αὐτὸν
3101 2875 3176 2938 εἰς
3207 2874 3387 2949 οἰκον,
3422 2876 3468 2932 οἰ
3512 2879 3744 2952 μαθηταὶ
3775 2881 3870 2936 αὖ·

2229 2971 2319 3020 τοῦ
2389 2963 2681 3043 ἐπηρώτων
2749 2964 2908 3022 αὒτὸν
2963 2960 3081 3020 κατ’
3139 2964 3293 3020 ἰδίαν⁹
3350 2965 3410 3022 Τί
3461 2964 3540 3022 ὅτι
3591 2968 3757 3042 ἡμεῖς
3788 2971 3880 3026 οὒκ

2227 3052 2562 3128 ἠδυνήθημεν
2631 3050 2879 3111 ἐκϐαλεῖν
2935 3053 3061 3112 αὐτὸ
3096 3073 3113 3127 ;
3151 3054 3246 3110 Καὶ
3275 3054 3430 3111 εἶπεν
3475 3055 3680 3121 αὐτοῖς·
3717 3068 3882 3119 Τοῦτο

490 3161 677 3222 genus
700 3144 861 3206 nulla
889 3163 957 3207 re
990 3152 1185 3226 potest
1215 3144 1400 3217 exire,
1435 3143 1550 3204 nisi
1585 3161 1693 3224 per
1723 3141 2050 3204 orationem
2087 3147 2142 3202 et

2227 3147 2286 3200 τὸ
2357 3143 2510 3223 γένος
2579 3143 2633 3200 ἐν
2687 3141 2852 3200 ούδενὶ
2895 3140 3104 3199 δδναται
3137 3142 3394 3224 ἐξελθεῖν,
3426 3147 3470 3202 εἰ
3500 3148 3578 3222 μὴ
3603 3148 3658 3203 ἐν
3699 3171 3872 3227 προσ-

485 3209 848 3313 jejunium.»
876 3209 1189 3297 Tiniebant
1217 3209 1492 3314 discipuli
1513 3209 1601 3292 ne.
1623 3230 1772 3292 forte
1804 3229 2142 3292 amisissent

2227 3209 2383 3312 ευγξί
2419 3233 2502 3289 καὶ
2573 3233 2810 3305 νηστεία,
2878 3255 2903 3285 ι
2965 3228 3337 3312 Ἐιροϐήθησαν
3379 3209 3454 3291 ὀἰ
3497 3209 3726 3311 μαθηταὶ
3743 3209 3872 3314 ιμή-

491 3323 736 3401 gratiam
768 3341 942 3404 quam
968 3323 1056 3384 eis
1085 3323 1331 3385 dederat
1365 3322 1672 3400 Dominus,
1723 3327 1782 3381 et
1830 3327 2141 3401 propterea

492 3428 611 3472 non
644 3412 972 3490 potuissent
1002 3413 1222 3493 ejicere
1254 3411 1640 3473 daemonium.
1674 3407 1823 3472 Vide
1852 3417 2050 3470 autem
2085 3420 2142 3474 et

495 3501 892 3563 reverentiam
914 3521 1122 3563 eornm
1136 3500 1432 3582 quomodo
1462 3517 1727 3562 seorsum
1751 3499 1821 3560 ad
1855 3499 2020 3560 illum
2038 3517 2143 3560 ac-

493 3588 867 3654 cedunt.Hoc
895 3599 1091 3653 autem
1117 3589 1555 3669 genus.Quale?
1583 3586 1693 3652 Vel
1721 3587 2138 3669 lunaticorum,

491 3677 584 3740 vel
614 3698 790 3743 omne
819 3681 1250 3743 daamoniorum
1305 3698 1491 3760 genus
1541 3697 1656 3739 non
1702 3678 2007 3756 egreditur
2025 3679 2138 3740 alio

493 3771 748 3853 quodam
785 3773 980 3851 modo,
1007 3772 1116 3834 nisi
1149 3770 1491 3854 precatione
1522 3775 1583 3833 et
1607 3769 1861 3850 jejunio.
1896 3767 2141 3851 Oportet

494 3860 655 3923 enim
680 3862 957 3942 jejunare
987 3881 1122 3925 eum
1154 3862 1252 3943 qui
1285 3861 1615 3922 daemonem
1637 3861 1778 3920 219
1815 3860 2053 3939 patitur,
2080 3868 2138 3920 et

496 3950 594 4031 qui
626 3958 938 4012 sanaturus
970 3957 1060 4014 est
1089 3969 1102 4014 :
1139 3960 1197 4013 et
1225 3950 1491 4030 utrisque
1523 3949 1925 4011 necessarium
1944 3957 2033 4010 est
2047 3949 2135 4028 je-

459 4038 751 4122 junium,
773 4041 957 4119 magis
985 4049 1181 4102 autem
1212 4039 1371 4101 illius
1394 4038 1497 4119 qui
1528 4039 1858 4099 daemonem
1892 4039 2131 4116 patitur,

484 4128 782 4208 jejunium
813 4130 990 4209 exigit
1010 4130 1180 4192 ratio.
1213 4127 1464 4209 Oportet
1492 4135 1687 4190 autem
1721 4146 1835 4188 non
1859 4127 2135 4206 jejunare

492 4217 724 4294 solum,
773 4218 877 4280 sed
922 4227 981 4281 et
1021 4236 1193 4281 orare
1230 4235 1244 4281 :
1289 4236 1483 4299 neque
1539 4218 1730 4278 solum
1782 4233 1975 4292 orare,
2028 4216 2132 4279 sed

491 4315 552 4368 et
589 4307 891 4387 jejunare.
924 4307 1023 4370 Sic
1066 4308 1224 4370 enim
1283 4325 1437 4369 verae
1485 4324 1695 4388 preces
1741 4305 1908 4381 fiunt,
1949 4306 2132 4368 sinon

491 4395 682 4458 solum
723 4404 952 4478 oretur,
976 4399 1081 4460 sed
1128 4405 1186 4460 et
1235 4397 1551 4478 jejunetur
1583 4413 1598 4460 :
1635 4403 1700 4458 ut
1751 4415 1824 4458 ne
1861 4405 2135 4475 gravetur

2227 3346 2342 3386 πως
2415 3319 2682 3378 ἀπέϐαλον
2736 3322 2836 3390 τὴν
2890 3321 3071 3402 χάριν,
3134 3320 3199 3389 ἤν
3254 3321 3483 3381 δέκωκεν
3511 3327 3692 3390 αὐτοῖς
3720 3330 3749 3384 ὁ
3774 3330 3871 3387 Κύ-

2227 3433 2357 3492 ριος,
2417 3412 2505 3468 καὶ
2534 3410 2657 3492 ,Αδιά
2711 3413 2867 3468 τοῦτο
2917 3414 3012 3469 οῦκ
3082 3409 3417 3482 ἠδυνήθησαν
3468 3413 3717 3473 ἕκϐαλεῖν
3777 3420 3864 3474 τὸν

2227 3489 2467 3576 δαίμονα.
2530 3489 2676 3579 ΗΟρα
2744 3498 2800 3557 δὲ
2856 3501 2944 3557 καὶ
3011 3500 3110 3568 τὴν
3187 3499 3460 3560 εύλάϐειαν
3509 3506 3703 3587 αὐτῶν,
3753 3513 3864 3574 πῶς

2225 3589 2340 3647 κατ’
2397 3589 2528 3675 ἰδίαν
2596 3594 2738 3665 αύτῷ
2807 3587 3229 3670 προσέρχονται.
3283 3599 3446 3650 Τοῦτο
3501 3592 3556 3650 δί
3581 3597 3643 3651 1‘0
3692 3598 3863 3675 γένος.

2224 3682 2390 3738 Ποΐον
2423 3699 2440 3757 ;
2504 3662 2585 3737 ’Ἦ
2629 3682 2692 3736 τὸ
2713 3662 3349 3756 τῶν-σεληνιαζομὲνων,
3381 3681 3416 3750 ἦ
3446 3682 3630 3750 ἁπλῶς
3659 3662 3764 3743 πάν
3809 3690 3867 3744 τὸ

2222 3775 2328 3824 τῶν
2395 3767 2659 3845 δαιμόνων
2713 3768 2864 3848 γένος
2923 3771 3017 3828 οῦκ
3046 3767 3315 3851 ἐξέρχεται
3348 3769 3495 3848 ἄλλῳ
3535 3776 3635 3832 τινὶ
3662 3775 3863 3854 τρόπῳ,

2222 3860 2264 3915 εἰ
2323 3859 2402 3934 μὴ
2460 3859 2514 3915 ἰν
2560 3865 2838 3939 προσευχῇ
2878 3861 2967 3916 καὶ
3011 3861 3247 3934 νηστείᾳ·
3280 3859 3364 3918 δεῖ
3405 3863 3505 3944 γὰρ
3535 3866 3620 3921 καὶ
3646 3867 3735 3922 τὸν
3757 3868 3865 3923 πά-

2219 3970 2423 4029 σχοντα
2479 3953 2774 4024 νηστεύειν,
2843 3951 2931 4005 καὶ
3001 3951 3090 4006 τὸν
3177 3949 3443 4025 μέλλοντα
3527 3957 3857 4034 θεραπεῦσαι.

2220 4037 2556 4118 Ἀμφοτίρων
2609 4038 2709 4117 γάρ
2751 4036 2939 4118 χρεία·
2973 4038 3206 4115 μάλιστα
3234 4037 3288 4096 δὲ
3341 4041 3440 4108 τὴν
3484 4045 3578 4100 τοῦ
3616 4045 3858 4125 πάσχον-

2217 4148 2304 4193 τος
2370 4127 2617 4194 νηστείαν
2673 4127 2892 4186 ἀπαιτεῖ
2934 4130 2962 4184 ὁ
2991 4128 3173 4207 λόγος,
3215 4138 3308 4186 Δεῖ
3349 4131 3545 4208 καὶμή
3589 4136 3858 4200 νηστεύειν

2217 4219 2400 4294 μόνον,
2460 4215 2596 4273 ἀλλά
2665 4219 2752 4274 καὶ
2799 4218 3209 4298 προσεύχεσθαι·
3271 4217 3406 4294 μηδὶ
3438 4223 3599 4296 μόνον
3629 4224 3856 4302 προσεύ-

2216 4309 2430 4386 χεσθαι,
2503 4305 2638 4362 ἀλλὰ
2694 4306 2784 4364 καὶ
2852 4307 3147 4388 νηστεύειν,
3210 4307 3361 4366 Οετω
3390 4310 3490 4388 γάρ
3540 4313 3575 4380 η
3633 4311 3854 4383 ἀληθινὴ

2215 4395 2493 4475 προσευχῆ
2519 4395 2807 4479 Δτελεῖται,
2865 4395 2955 4452 ὶάν
3014 4398 3101 4452 καὶ
3131 4399 3377 4465 νηστείαν
3434 4398 3540 4479 ἔχη
3611 4409 3852 4475 συνεζευ-

489 4485 592 4567 qui
615 4494 763 4561 orat,
789 4474 1054 4549 ciborum
1111 4474 1448 4568 vaporibus,
1481 4485 1586 4546 sed
1628 4474 1942 4565 expeditus
1971 4485 2047 4546 sit
2073 4492 2132 4546 et

2225 4474 2450 4565 “simu.
2517 4474 2656 4543 U01::
2712 4487 2772 4542 οὔ
2829 4486 3071 4565 βαρετται
3114 4488 3142 4543 ὁ
3173 4474 3604 4568 προσευχόμενος
3654 4474 3770 4556 τοῖς
3799 4495 3858 4550 εκ

486 4575 654 4639 levis.

569 4755 757 4820 Vsus.
789 4756 889 4831 29,
923 4758 1026 4819 30.
1065 4779 1091 4811 ε
1128 4756 1200 4818 Et
1231 4754 1394 4817 illinc
1423 4754 1674 4834 digressi
1706 4755 1819 4815 iter
1865 4755 2130 4815 fecerunt

484 4863 593 4925 per
622 4845 1069 4926 Galilaaammec
1099 4844 1329 4907 volebat
1350 4853 1413 4905 ut
1441 4847 1749 4923 quisquam
1782 4842 1980 4904 sciret.
2017 4841 2130 4904 Do-

481 4933 651 4997 cebat
679 4936 839 4998 enim
872 4935 1196 5016 discipulos
1221 4953 1379 5010 suos,
1417 4942 1475 4994 et
1505 4932 1738 4994 dicebat
1771 4932 1908 4994 illis:
1942 4931 2120 4994 Filius

480 5023 739 5087 hominis
768 5025 1020 5088 traditur
1049 5027 1105 5086 in
1133 5043 1342 5086 manus
1387 5023 1718 5096 hominum,
1750 5030 1808 5083 et
1849 5021 2120 5084 occident

478 5131 638 5189 eum,
669 5123 726 5176 et
741 5115 974 5178 occisus
1009 5116 1179 5176 tertio
1210 5113 1308 5175 die
1337 5122 1626 5192 resurget.
1660 5111 1734 5174 At
1764 5110 1848 5172 illi
1880 5111 2118 5191 ignora-

474 5199 618 5264 bant
645 5204 800 5285 quod
826 5204 1076 5285 dixerat,
1104 5213 1160 5266 et
1191 5202 1478 5265 timebant
1507 5221 1641 5266 eum
1677 5202 2061 5280 interrogare.
2083 5225 2111 5262 ι

473 5288 704 5374 Ubique
727 5292 1150 5355 miraculorum
1181 5291 1630 5374 operationibus
1659 5291 1959 5352 interserit
1989 5310 2117 5353 ser-

2215 4581 2320 4631 τῶν
2391 4575 2688 4655 βρωμάτων
2758 4574 2977 4655 ἀτμοῖς,
3080 4573 3217 4632 ἀλλά
3299 4578 3488 4658 κοῦφός
3576 4582 3687 4636 Ιεστι
3774 4584 3858 4639 καὶ

2215 4662 2436 4743 ἀϐαρής.

2301 4774 2325 4810 ε
2407 4754 2502 4812 Καὶ
2569 4755 2772 4811 ἱκεῒθεν
2827 4751 3143 4833 ἐξελθόντες,
3174 4757 3598 4836 παρεπορεύοντο
3649 4757 3732 4815 διὰ
3759 4759 3853 4828 τῆς

2213 4841 2516 4918 Γαλιλαίας,
2579 4845 2666 4900 καὶ
2715 4844 2810 4901 οῦκ
2876 4841 3084 4920 ἤθελεν,
3159 4843 3250 4901 ἵνα
3307 4868 3388 4910 τις
3419 4852 3551 4925 γνῷ.
3586 4845 3848 4906 Ἐδὶδασκε

2203 4937 2302 5015 γὰρ
2355 4936 2476 4998 τοὺς
2529 4936 2768 5010 μαθητὰ)
2840 4935 3018 5015 αὺτοῦ,
3067 4936 3153 4993 καὶ
3183 4935 3360 5016 ’ἔλεγεν
3412 4942 3618 5013 αὐτοῖς,
3651 4937 3754 5014 ὅτι,
3793 4931 3846 4998 ’0

2206 5027 2323 5088 Υἱὸς
2376 5032 2470 5082 τοῦ
2530 5025 2804 5104 ἀνθρώπου
2876 5023 3211 5105 παραδίδοται
3254 5028 3326 5090 εἱς
3376 5039 3572 5108 χεῖρας
3643 5029 3845 5106 ἀνθρώ-

2204 5138 2338 5190 πων,
2394 5116 2479 5171 καὶ
2535 5117 2910 5173 ἀποκτενοῦσιν
2968 5116 3147 5175 αῦτόν.
3227 5119 3321 5174 Καὶ
3359 5117 3726 5193 ἀποκτανθεὶς,
3780 5125 3845 5196 τῇ

2201 5207 2348 5284 τρίτη
2408 5203 2584 5283 ἡμέρᾳ
2633 5204 3011 5276 ἀναστήσεται.
3071 5209 3132 5263 Oi
3187 5205 3242 5262 δὲ
3297 5207 3522 5286 ἠγνόουν
3585 5209 3646 5264 τὸ
3675 5209 3845 5287 ῥῆμα,

2200 5297 2286 5352 καὶ
2346 5291 2630 5374 ἐφοϐοῦντο
2688 5295 2843 5353 αὐτὸν
2904 5295 3261 5374 ἐπερωτῆσαι,
3301 5319 3324 5354 ε
3395 5302 3681 5377 Πανταχοῦ
3727 5311 3846 5364 ταῖς

471 5398 710 5444 monem
739 5384 816 5444 de
842 5383 1133 5463 passione,
1169 5391 1232 5444 ut
1275 5401 1349 5444 ne
1401 5389 1607 5462 putent
1634 5380 1827 5462 ipsum
1873 5388 2116 5461 propter

2232 5383 2637 5464 αυματουργίαις
2691 5381 3056 5461 παρεμϐάλλει
3113 5387 3205 5441 τὸν
3290 5387 3407 5466 περὶ
3486 5395 3579 5444 τοῦ
3655 5389 3842 5451 πάθους

467 5469 880 5551 impotentiam
935 5471 1074 5552 pati.
1112 5471 1266 5533 Dixit
1317 5470 1494 5551 igitur
1526 5470 1684 5552 quod
1711 5469 1927 5531 durum
1960 5478 2106 5545 erat,

2229 5474 2375 5553 όγον,
2450 5473 2544 5529 ’ἕνα
2601 5475 2680 5550 μὴ
2729 5475 2957 5551 νομισθῇ
3021 5473 3102 5532 ὅτι
3186 5473 3224 5532 ι’
3285 5474 3576 5551 ἀδυναμίαν
3635 5477 3842 5540 ἔπαθεν,

465 5560 608 5642 quia
657 5560 933 5623 occident
963 5579 1138 5624 eum:
1175 5561 1372 5623 subdit
1434 5569 1491 5621 et
1549 5560 1705 5642 quod
1749 5559 2105 5640 jucundum,

2197 5565 2369 5621 Εἰπὼν
2438 5563 2526 5620 οὖν
2595 5565 2652 5619 τὸ
2707 5564 3040 5644 σκυθρωπὸν,
3112 5563 3199 5621 ὅοι
3260 5565 3634 5622 ἀποκτενοῦσιν
3669 5567 3841 5638 αὐτόν,

463 5649 563 5734 qui
611 5650 785 5713 tertio
824 5648 922 5710 die
949 5659 1395 5712 resurrecturus
1446 5659 1601 5711 esset
1637 5667 1650 5712 :
1687 5658 1751 5712 ut
1807 5649 2107 5712 discamus

2225 5653 2375 5732 πάγει
2438 5655 2525 5710 καὶ
2582 5654 2640 5709 τὸ
2699 5653 3062 5733 χαρμόσυνον,
3094 5654 3174 5710 ὅνι
3231 5660 3299 5730 τῇ
3329 5655 3475 5734 τρίτη
3507 5654 3678 5736 ἡμέρᾳ
3711 5655 3838 5712 ἀνα-
