4162 6228
309 302 430 370 589

1045 302 1490 372 ENARRATIO
1537 300 1615 366 IN
1663 287 2165 366 EVANGELIUM
2213 287 2476 357 MARCI.
2521 327 2595 337 —
2639 288 2804 358 CAP.
2854 291 2954 358 IX.

3576 297 3696 360 590

305 438 580 511 στὴσεται,
643 436 726 491 ἕνα
786 436 1036 511 μάθωμεν
1092 435 1172 492 ὅτι
1257 435 1336 490 ἀεὶ
1422 445 1539 494 τοῖς
1623 436 1953 510 σκυθρωποῖς

2065 426 2192 506 μιοιΙ
2227 445 2467 506 semper
2497 426 2632 490 laeta
2663 437 2990 506 sequuntur
3019 431 3092 492 ad
3126 431 3340 507 tristia,
3376 442 3435 495 et
3466 434 3523 495 in
3559 433 3689 496 tris'

307 525 660 582 ἐπακολουθεῖ
723 528 789 582 τὰ
849 526 1154 604 ε’)φρόσυνα.
1220 525 1308 580 καὶ
1351 522 1637 596 μθιμάτην
1694 521 1960 596 ἀνιώμεθα

309 615 394 670 ἐπὶ
451 629 569 679 τοῖς
629 615 916 695 λυπηροῖς,
991 612 1110 670 ἀλλ’
1159 614 1453 688 ἔλπίζωμεν
1483 614 1570 667 καὶ
1623 613 1686 667 τὰ
1714 627 1961 691 χρηστο-

311 726 462 782 τερα,

403 820 427 848 u
495 799 590 851 Καὶ
659 794 816 861 ἢλθεν
863 796 935 857 εἷς
971 791 1340 870 Καπερναούμ·
1376 793 1462 846 καὶ
1506 791 1558 846 ἐν
1589 798 1658 866 τῇ
1699 793 1833 864 οἰκίᾳ
1863 813 1959 870 γε-·

311 884 560 958 νόμενος,
612 884 863 962 ἐπηρώτα
898 885 1104 945 αὐτούς·
1140 881 1199 938 Τί
1245 883 1297 936 ἓν
1339 886 1408 955 τῇ
1451 879 1554 953 ὁδῷ
1585 883 1712 956 πρὸς
1746 882 1958 946 ἑαυτοὺς

311 972 709 1052 διελογίζεσθες
773 976 832 1030 Οἱ
891 971 944 1028 δὲ
1017 972 1284 1027 ἐσιώπων.
1350 972 1486 1049 Πρὸς
1553 968 1815 1037 ἀλλήλους
1865 971 1963 1048 γὰρ

311 1062 667 1142 διελέχθησαν
726 1063 778 1118 ἐν
848 1068 918 1138 τῇ
988 1059 1114 1140 ὁδῷ,
1175 1061 1253 1122 τίς
1315 1061 1528 1131 μείζων,
1578 1061 1676 1117 Καὶ
1728 1060 1964 1138 καθίσας,

311 1133 554 1232 ἐφώνησε
622 1154 742 1215 τοὺς
815 1149 1037 1221 δώδεκα,
1071 1152 1159 1206 καὶ
1188 1149 1330 1227 λέγει
1361 1154 1564 1213 αὺτοῖς·
1602 1147 1669 1204 Εἴ
1697 1170 1775 1210 τις
1825 1146 1961 1203 θέλει

310 1245 520 1318 πρῶτος
581 1241 746 1319 εἶναι,
808 1240 953 1296 ἔσται
1023 1241 1234 1295 πάντων
1294 1236 1547 1318 ἔσχατος,
1609 1238 1696 1293 καὶ
1756 1238 1964 1293 πάντων

310 1329 574 1393 διάκονος.
639 1333 733 1388 Καὶ
791 1327 968 1385 λαϐὼν
1021 1327 1245 1404 παιδίον,
1295 1327 1515 1394 ἔστησεν
1568 1327 1693 1383 αὖτὸ
1725 1326 1778 1381 έν
1819 1325 1966 1402 μέσῳ

313 1420 510 1490 αὐτῶν,
561 1421 647 1475 καὶ
699 1417 1182 1494 ὲναγκαλισέμενος
1214 1419 1362 1488 αὐτὸ,
1413 1417 1565 1472 εἶπεν
1611 1421 1816 1479 αὐτοῖς’
1858 1407 1964 1479 ’Ὃς

310 1509 406 1564 ἰὰν
465 1508 518 1563 ἓν
582 1509 686 1564 τῶν
746 1509 994 1564 τοιούτων
1054 1504 1273 1562 παιδίων
1330 1505 1538 1573 δέξηται
1596 1507 1680 1562 επὶ
1734 1511 1810 1578 τῷ
1840 1505 1965 1562 ὀνό-

317 1607 448 1671 ματί
503 1620 623 1671 μου,
681 1597 775 1672 ἐμὲ
845 1596 1084 1675 δέχεται,
1118 1597 1206 1652 καὶ
1237 1593 1293 1660 ὅς
1326 1595 1414 1652 ἐὰν
1446 1595 1540 1670 ἐμὲ
1591 1593 1827 1667 δέξηται,
1874 1597 1967 1652 οὒκ

318 1686 416 1758 ἔμε
474 1684 710 1766 δέχεται,
736 1684 870 1742 ἀλλὰ
897 1686 987 1741 τὸν
1029 1684 1414 1740 ἀποστείλαντα
1444 1705 1532 1758 με.
1585 1708 1611 1738 n
1649 1688 1707 1741 Oi.
1737 1684 1967 1758 μαθηταὶ

315 1776 394 1832 ἔτι
455 1775 892 1853 ἀνθρωπικώτερα
957 1794 1290 1853 φρονουντες,
1355 1770 1759 1852 διεφιλονείκουν
1835 1775 1965 1851 πρὸς

315 1863 582 1933 ἀλλήλους
639 1866 756 1942 περὶ
802 1871 917 1936 τοῦ,
951 1876 1109 1927 ποῖος
1153 1863 1324 1918 αότών
1355 1862 1545 1935 μείζων
1574 1861 1683 1918 ἐστὶ
1713 1863 1799 1918 καὶ
1830 1885 1965 1940 προ-

313 1956 594 2030 τιμότερος
640 1953 779 2032 παρᾶ
851 1959 927 2026 τῷ
981 1960 1211 2030 Χριστῷ.
1277 1943 1332 2009 Ὀ
1390 1950 1444 2007 δὲ
1503 1953 1685 2030 Κὺριος
1742 1952 1841 2018 τὴν
1873 1951 1969 2025 μὲν

315 2045 594 2117 ἐπιθυμίαν
652 2043 750 2109 τὴν
808 2047 907 2109 τῆς
965 2043 1340 2119 προτιμήσεως
1399 2044 1459 2099 οὒ
1531 2039 1750 2103 κωλύει,
1813 2039 1968 2096 Θέλει

316 2136 421 2212 γὰρ
477 2135 620 2207 ἡμᾶς
676 2132 952 2206 ἐπιθυμεῖν
1028 2153 1120 2187 του
1189 2129 1518 2208 ὑψηλοτέρου
1588 2130 1807 2205 βαθμοῦ.
1901 2131 1973 2186 Οὔ

318 2224 502 2296 μέντοι
555 2222 804 2300 ἁρπέζειν
875 2222 1016 2292 ἡμᾶς
1087 2218 1329 2295 βούλεται
1399 2220 1465 2275 τὰ
1517 2233 1778 2298 πρωτεῖα,
1838 2217 1973 2274 ἀλλὰ

323 2312 410 2367 διὰ
467 2315 564 2376 τῆς
619 2310 994 2370 ταπεινώσεως
1056 2307 1260 2383 μᾶλλον
1316 2311 1672 2365 κατακτᾶσθαι
1711 2320 1772 2364 το
1824 2310 1973 2384 ὕψη-

327 2401 442 2458 λόν.
512 2397 723 2454 Παιδίον
784 2399 882 2475 γὰρ
954 2396 1174 2464 ἔστησεν
1248 2398 1321 2460 εἰς
1390 2399 1451 2452 τὸ
1482 2397 1666 2471 μέσον,
1697 2400 1782 2454 καὶ
1854 2396 1973 2455 κατ’

329 2491 510 2546 ικεῖνο
582 2487 819 2566 γενέσθαι
873 2489 961 2543 καὶ
1016 2489 1158 2560 ἡμᾶς
1189 2484 1456 2562 βούλεται,
1493 2489 1563 2543 Τὸ
1601 2487 1700 2565 γὰρ
1744 2485 1973 2545 παιδίον⁸

330 2579 448 2635 οὔτε
505 2576 659 2644 δόξης
728 2576 954 2654 ἐφίεται,
1017 2574 1129 2632 οὔτε
1191 2578 1397 2654 φθονεῖ,
1445 2574 1559 2631 οὔτε
1624 2590 1973 2650 μνησικακεῖ.

332 2671 431 2726 Καὶ
489 2667 546 2723 οὔ
604 2667 789 2740 μόνον,
854 2666 1032 2745 φησὶν,
1096 2665 1184 2720 ἐὰν
1216 2664 1360 2720 αὖτοὶ
1407 2674 1634 2722 τοιοῦτοι
1665 2668 1972 2744 γενήσεσθε,

329 2759 520 2834 μισθὸν
577 2754 811 2830 λήψεσθε
871 2756 1062 2832 μέγαν,
1117 2753 1252 2810 ἀλλὰ
1305 2752 1404 2810 κᾶν
1473 2755 1680 2833 ἑτέρους
1710 2757 1976 2820 τοιούτους

329 2847 599 2922 τιμήσητε
685 2842 751 2899 δι’
808 2845 929 2918 ἓμὲ,
989 2842 1259 2919 βασιλείαν
1317 2844 1546 2920 οὐρανῶν
1623 2843 1976 2908 ἆντιλάϐοιτε,

320 2935 463 3010 Ἐμὲ
525 2937 623 3012 γὰρ
690 2932 930 3012 δέχεσθε⁶
992 2933 1084 3008 ἐμὲ
1140 2931 1192 2987 δὲ
1252 2931 1558 3011 δεχόμενοι,
1620 2932 1838 3013 δέχεσθε
1891 2935 1980 2990 τὸν

333 3024 718 3081 ἀποστείλαντά
787 3044 876 3098 με.
955 3013 1109 3100 Ὀρᾷς
1167 3024 1253 3078 οὖν
1286 3023 1424 3078 πόσα
1481 3020 1689 3078 δύναται
1733 3025 1978 3090 ἡταπεί-

335 3136 496 3178 νωσις

341 3205 463 3259 Υἱὸν
520 3204 618 3280 γὰρ
669 3202 754 3257 καὶ
795 3203 887 3256 τὸν
930 3199 1136 3278 Πατέρα
1169 3199 1406 3271 ένοικίζει
1437 3199 1490 3255 ἒν
1519 3202 1678 3269 ἡμῖν,
1715 3201 1982 3281 Πρόδηλον

340 3291 395 3347 δὲ
431 3290 510 3346 ὅτι
555 3291 641 3346 καὶ
667 3292 728 3345 τὸ
755 3295 964 3355 Πνεῦμα
993 3291 1053 3344 τὸ
1081 3288 1256 3366 ἅγιον.

428 3404 455 3433 σ
519 3377 803 3456 Ἀπεκρίθη
859 3375 913 3432 δὲ
984 3379 1123 3451 αὖτῴ
1180 3380 1207 3433 ὁ
1280 3374 1554 3452 Ἰωάννης,
1587 3377 1782 3455 λέγων’
1820 3376 1983 3434 mai.

335 3469 526 3542 σκαλε,
589 3465 801 3541 εἴδομέν
858 3487 974 3520 τινα
1028 3465 1078 3520 ἐν
1152 3473 1228 3540 τῷ
1285 3465 1504 3541 ὀνόματί
1537 3488 1630 3523 σου
1660 3464 1982 3523 ἐκϐάλλοντα

333 3559 604 3632 δαιμόνια,
659 3554 716 3619 ὅς
777 3555 870 3609 οὒκ
928 3555 1207 3611 ἀκολουθεῖ
1262 3556 1420 3629 ἡμῖν·
1502 3559 1587 3611 καὶ
1643 3555 1981 3632 ἒκωλύσαμεν

331 3651 515 3721 αὐτὸν,
573 3646 651 3701 ὅτι
707 3647 801 3700 οὒκ
855 3642 1139 3699 ἀκολουθεῖ
1205 3645 1364 3718 ἡμῖν.
1400 3641 1458 3700 Ὀ
1509 3641 1563 3699 δὲ
1594 3643 1799 3711 Ἰησοῦς
1831 3646 1979 3701 εἴπεο

331 3739 422 3806 Μὴ
479 3733 709 3790 κωλύετε
767 3732 947 3793 αὖτόν.
1009 3729 1184 3796 Οὐδεὶς
1234 3733 1333 3810 γὰρ
1364 3732 1506 3788 ἐστιν
1555 3731 1612 3797 ὅς
1642 3735 1854 3803 ποιήσει
1886 3732 1978 3790 δύ-

326 3849 488 3902 ναμιν
547 3824 630 3880 ἐπὶ
688 3827 764 3895 τῷ
820 3821 1042 3896 ὀνόματί
1070 3843 1195 3896 μου,
1248 3823 1333 3877 καὶ
1388 3821 1678 3892 δυνήσηται
1707 3823 1849 3902 ταχὺ
1876 3845 1980 3879 κα-

326 3914 624 3992 κολογῆσαί
686 3932 776 3988 με,
848 3911 948 3974 "Oc
1008 3912 1108 3990 γὰρ
1163 3914 1258 3970 οὐκ
1315 3910 1426 3967 ἔστι
1485 3911 1601 3968 καθ’
1631 3913 1811 3992 ἡμῶν,
1854 3913 1983 3970 ὑπὲρ

331 4007 490 4080 ἡμῶν
546 4002 709 4062 ἐστιν.
775 4022 798 4057 ι
862 4002 934 4057 Οὔ
1002 3999 1296 4073 ζηλοτυπίᾳ
1327 4001 1424 4056 τινὶ
1453 4001 1542 4056 καὶ
1571 4002 1745 4080 φθόνῳ
1773 4003 1983 4079 ὑπαγό-

334 4115 495 4170 μενος
556 4095 582 4147 ὁ
612 4096 710 4157 τῆς
759 4089 982 4166 βροντῆς
1043 4091 1152 4155 υἱὸς
1196 4088 1387 4145 κωλύει
1418 4089 1622 4146 ἐκεῖνον
1651 4091 1742 4146 τόν
1770 4092 1835 4146 τὰ
1865 4089 1986 4146 δαι-

337 4185 497 4258 μόνια
551 4177 895 4254 ἰκϐάλλοντα,
932 4176 1068 4234 ἀλλὰ
1115 4176 1279 4235 θέλων
1337 4179 1538 4244 πάντας
1614 4183 1733 4244 τοὺς
1792 4179 1986 4236 ἐπικα-

336 4270 626 4346 λουμένους
668 4269 729 4324 τὸ
777 4267 944 4343 ὄνομα
1000 4274 1092 4324 τοῦ
1187 4275 1411 4346 Χριστοῦ
1489 4269 1575 4323 καὶ
1681 4266 1990 4325 ἀκολουθεῖν

335 4362 503 4434 αύτῷ,
576 4359 661 4413 καὶ
713 4355 766 4411 ἔν
799 4355 938 4411 εἶναι
985 4362 1141 4430 σῶμα
1171 4357 1371 4419 πάντας
1399 4356 1522 4419 τούς
1577 4356 1837 4431 μαθητάς.
1901 4356 1990 4414 Ἐν

334 4450 438 4527 γὰρ
496 4449 562 4522 τῇ
611 4447 758 4525 ἀρχῇ
839 4451 929 4502 τοῦ
1011 4445 1372 4524 κηρύγμανος,
1473 4446 1612 4508 τινὲς
1696 4444 1990 4526 φιλοδοξίας

334 4537 361 4556 η

335 4614 669 4706 ἐργάζεσθαι.
761 4614 1015 4702 Ὀρῶντες
1075 4621 1127 4678 δὲ
1200 4625 1262 4680 τὸ
1292 4624 1455 4700 ὄνομα
1487 4632 1580 4682 τοῦ
1614 4622 1792 4692 Ἰησοῦ
1823 4623 1995 4682 πολλὰ

338 4715 652 4792 δυνάμενον,
726 4712 975 4790 ἐπέλεγον
1032 4715 1216 4792 τοῦτο,
1283 4715 1374 4770 καί
1420 4712 1484 4781 δὴ
1517 4728 1724 4786 σημεῖα
1760 4714 1989 4787 ἐποίουν,

342 4804 519 4870 ἄλλως
600 4802 800 4868 ἀνάξιοι
853 4799 998 4865 ὄντες
1032 4804 1128 4868 τῆς
1174 4805 1313 4866 θείας
1355 4803 1575 4884 χάριτος
1612 4803 1762 4884 (69).
1799 4801 1994 4860 ’Πϐού-

345 4894 470 4952 λιτο
550 4895 650 4972 γὰρ
705 4895 734 4948 ὃ
794 4891 978 4969 Κύριος
1037 4890 1389 4949 πλατύνεσθαι
1447 4895 1507 4949 τὸ
1579 4895 1849 4972 κήρυγμα,
1911 4895 1998 4948 καὶ

345 4981 429 5039 δια
486 4992 592 5038 τῶν
651 4981 894 5045 ἀναξίων.
943 4980 990 5037 Γί
1033 4980 1120 5037 οἷν
1167 4983 1194 5036 ὁ
1222 4982 1411 5060 Σωτὴρ
1448 5002 1464 5058 ;
1499 4986 1570 5041 Οὔ
1607 4983 1888 5077 συγχωρεῖ
1921 4990 1997 5056 τῷ

343 5072 570 5148 Ἰωάννῃ
597 5068 816 5126 κωλύειν
838 5070 928 5124 τὸν
958 5070 1023 5125 τὰ
1055 5083 1260 5146 σημεῖα
1289 5093 1560 5144 ποιουντα,
1607 5071 1751 5150 ἀλλ’,
1790 5072 1803 5093 ’
1826 5068 1997 5151 Ἀφετε

2045 514 2200 576 tibus
2234 534 2349 574 non
2385 518 2605 576 frustra
2651 535 3029 594 mmreamns,
3064 521 3168 581 sed
3213 540 3524 603 speremus
3558 539 3689 584 me-

2043 603 2213 664 liora.

2133 783 2302 843 Vens.
2342 783 2560 846 31-36.
2604 809 2628 837 α
2658 785 2729 846 Et
2763 785 2917 846 venit
2948 786 3009 846 in
3038 788 3408 865 Capernaum
3437 809 3451 850 :
3481 797 3538 850 et
3561 809 3695 851 cum

2047 871 2302 931 venisset
2346 872 2406 931 in
2439 871 2705 947 domum,
2728 873 3105 954 interrogavit
3129 875 3297 939 illos:
3332 876 3483 949 Quid
3516 880 3572 940 in
3596 879 3694 941 iti-

2047 977 2191 1020 nere
2221 960 2376 1020 inter
2407 979 2509 1020 vos
2535 961 2956 1040 disputabatis‘?
2979 965 3053 1024 At
3083 964 3170 1026 illi
3202 965 3516 1028 siluerunt.
3547 969 3693 1028 Nam

2047 1047 2201 1108 inter
2233 1067 2297 1109 se
2327 1048 2768 1129 disputaverant
2795 1051 2950 1113 inter
2972 1052 3127 1114 viam
3147 1055 3279 1135 quis
3305 1064 3462 1118 esset
3483 1060 3695 1137 major.

2047 1135 2118 1198 Et
2149 1156 2285 1197 cum
2319 1139 2712 1210 consedisset,
2746 1141 3057 1202 accersivit
3085 1143 3430 1219 duodecim,
3462 1155 3519 1207 et
3551 1135 3700 1208 dicit

2047 1224 2164 1286 illis
2190 1244 2202 1287 :
2231 1227 2290 1288 Si
2323 1231 2453 1307 quis
2486 1229 2608 1288 Vult
2635 1230 2862 1308 primus
2893 1250 3050 1306 esse,
3087 1232 3136 1293 is
3156 1234 3270 1294 erit
3300 1235 3564 1296 omnium
3601 1254 3702 1316 po-

2047 1323 2304 1376 stremus
2327 1318 2658 1377 etomnium
2701 1319 3192 1399 minister.Atque
3221 1331 3529 1405 arreptum
3557 1343 3701 1406 pue-

2047 1422 2177 1465 rum
2210 1406 2410 1465 statuit
2442 1407 2500 1465 in
2535 1408 2730 1467 medio
2763 1407 3021 1470 illorum:
3051 1416 3108 1473 et
3147 1431 3281 1472 cum
3316 1414 3573 1494 cepisset
3619 1414 3702 1478 il-

2050 1492 2168 1552 lum
2194 1493 2252 1552 in
2287 1494 2453 1554 ulnas
2483 1514 2645 1574 suas,
2673 1496 3260 1580 dixitiliiszQuisquis
3293 1492 3473 1563 unum
3506 1521 3575 1565 ex
3609 1513 3699 1566 ta-

2051 1581 2206 1642 libus
2242 1584 2436 1661 pueris
2471 1585 2764 1664 receperit
2787 1585 2848 1646 in
2878 1590 3118 1650 nomine
3152 1609 3308 1666 meo,
3346 1610 3440 1653 me
3462 1593 3697 1674 recipit:

2052 1681 2108 1732 et
2139 1673 2474 1752 quicunque
2516 1691 2611 1733 me
2652 1675 3016 1756 recipit,non
3053 1697 3145 1738 me
3175 1680 3524 1761 recipit,sed
3564 1673 3700 1744 eum

2050 1765 2147 1838 qui
2186 1778 2279 1819 me
2315 1760 2499 1852 misit.
2533 1787 2553 1816 ο
2595 1761 2879 1852 Discipuli
2911 1764 3106 1827 adhuc
3147 1760 3472 1831 humanum
3519 1772 3701 1852 quid-

2051 1848 2184 1908 dam
2209 1849 2532 1930 sapientes,
2557 1851 2995 1913 contendebant
3024 1854 3181 1919 inter
3203 1876 3290 1938 se,
3320 1860 3452 1939 quis
3495 1848 3698 1922 eorum

2053 1942 2242 2015 major
2272 1947 2329 1998 et
2357 1939 2592 2017 dignior
2617 1943 2945 2023 essetapud
2969 1944 3583 2011 Christum.Deminus
3602 1970 3703 2012 au.

2053 2034 2171 2086 tem
2205 2046 2318 2087 non
2377 2029 2650 2108 prohibet
2705 2033 3063 2111 prmlationis
3108 2036 3491 2116 cupiditatem
3527 2060 3541 2100 :
3585 2040 3705 2101 vult

2056 2117 2212 2176 enim
2247 2137 2354 2178 nos
2384 2119 2651 2198 aspirare
2665 2122 2734 2179 ad
2761 2121 3172 2186 sublimiorem
3192 2128 3446 2205 gradum
3472 2138 3566 2191 :at
3588 2148 3706 2191 non

2055 2222 2270 2285 rapere
2305 2226 2408 2268 nos
2437 2209 2552 2268 vult
2590 2212 2808 2289 primas
2850 2211 3185 2290 dignitates,
3218 2216 3322 2279 sed
3375 2218 3570 2298 potius
3602 2239 3710 2296 per

2057 2297 2448 2360 humilitatem
2465 2303 2776 2380 acquirere
2799 2297 3518 2371 sublimitatem.Puerum
3544 2311 3700 2372 enirn

2057 2389 2261 2448 statuit
2293 2389 2350 2448 in
2373 2390 2725 2464 medium,et
2748 2392 2830 2451 illi
2859 2393 3086 2456 similes
3107 2415 3214 2457 nos
3244 2397 3364 2459 vult
3394 2399 3712 2463 ﬁeri.Puer

2056 2477 2214 2538 enim
2251 2497 2440 2557 neque
2475 2480 2722 2558 gloriam
2753 2481 3074 2557 desiderat,
3110 2504 3303 2565 neque
3334 2488 3708 2564 invidet,ne-

2059 2584 2176 2644 que
2208 2567 2302 2626 vin
2321 2569 2479 2628 .lictae
2509 2567 2756 2648 cupidus
2779 2579 2888 2630 est.
2911 2571 2980 2632 Et
3018 2592 3136 2634 non
3169 2575 3384 2656 solum,
3409 2577 3620 2657 inquit,
3658 2579 3713 2640 si

2061 2655 2172 2738 ipsi
2213 2658 2358 2718 tales
2409 2657 2660 2731 fueritis,
2703 2661 3039 2722 mercedem
3073 2655 3380 2744 accipietis
3414 2655 3711 2745 magnam,

2061 2751 2164 2806 sed
2189 2757 2244 2805 et
2278 2746 2325 2805 si
2357 2747 2504 2807 alios
2538 2747 2682 2808 tales
2714 2749 3140 2812 venerabimini
3193 2763 3438 2832 pr0pter
3486 2774 3580 2816 me
3609 2773 3707 2816 re-

2063 2853 2239 2913 gnum
2274 2835 2556 2896 ('(BIOI'UIH
2589 2837 2894 2916 accipietis
2930 2858 3065 2901 :me
3097 2842 3254 2902 enim
3290 2843 3582 2925 accipitis:
3619 2863 3714 2906 me

2062 2933 2258 2985 autem
2291 2924 2388 3002 qni
2424 2924 2697 3006 suscipit,
2750 2927 2997 3006 suscipit
3050 2949 3183 2991 eum
3229 2932 3329 3012 qui
3385 2924 3479 2994 me
3531 2934 3710 2997 misit.

2062 3010 2239 3073 Vides
2274 3013 2448 3104 igitur
2476 3021 2693 3104 quanta
2725 3025 2921 3093 potest
2961 3010 3715 3104 humilitas,simplicesque

504 3160 520 3192 ,
576 3115 663 3168 καὶ
717 3114 780 3167 τὸ
835 3110 1105 3167 ἄπλαστον
1154 3118 1245 3166 τοῦ
1275 3110 1470 3187 τρόπου
1501 3113 1588 3168 καὶ
1631 3111 1840 3172 ἄδολον.
1879 3116 1977 3170 Τὸν

2065 3109 2122 3162 et
2150 3101 2373 3181 absque
2405 3101 2611 3197 fraude
2637 3105 3079 3197 mores.Filium
3112 3109 3269 3171 enim
3305 3120 3364 3172 et
3385 3101 3710 3173 Patrem—in

2067 3190 2238 3282 nobis
2275 3191 2541 3252 habitare
2587 3192 2746 3255 facit.
2799 3195 3168 3258 Manifestum
3202 3206 3397 3261 autem
3454 3202 3604 3282 quod
3656 3210 3716 3262 et

2065 3279 2348 3359 Spiritum
2382 3285 2676 3344 sanctum.

2146 3368 2325 3431 Vens.
2359 3369 2576 3432 37-39.
2612 3373 2943 3451 Respondit
2989 3383 3186 3437 autem
3220 3379 3271 3440 ei
3303 3379 3584 3452 Joannes,
3617 3380 3712 3443 di-

2065 3477 2208 3519 cens
2235 3479 2247 3520 :
2279 3461 2893 3538 Praeceptor,vldimus
2916 3466 3232 3543 quemdam
3259 3468 3319 3528 in
3350 3469 3592 3531 nomine
3616 3478 3716 3531 tuo

2067 3549 2288 3626 ejicere
2319 3548 2752 3618 daimoniamec
2783 3555 3052 3632 sequitur
3076 3568 3266 3636 nos,et
3300 3558 3717 3638 prohibuimus

2065 3636 2260 3710 illum,
2294 3647 2608 3717 propterea
2633 3641 2793 3718 quod
2827 3660 2942 3701 non
2970 3645 3238 3723 Sequitur
3269 3636 3395 3708 nos.
3432 3652 3508 3710 At
3539 3646 3715 3709 Jesus

2066 3727 2182 3786 ait:
2221 3730 2310 3789 Ne
2343 3728 2708 3806 prohibeatis
2753 3730 3161 3795 illum.Nullus
3192 3735 3351 3796 enim
3387 3746 3496 3812 est,
3535 3736 3633 3818 qui
3665 3738 3715 3797 si

2065 3815 2274 3876 fecerit
2302 3815 2573 3877 virtutem
2611 3836 2716 3896 per
2737 3838 2952 3881 nomen
2987 3815 3716 3904 meum,possitcito'male

2067 3905 2230 3986 loqui
2255 3906 2328 3967 de
2354 3924 2473 3966 me.
2507 3908 2647 3966 220
2672 3907 2781 3980 Qui
2818 3911 2976 3971 enim
3012 3932 3126 3973 non
3156 3923 3242 3975 est
3270 3914 3551 3978 adversus
3583 3935 3715 3991 nos,

2069 4013 2174 4075 pro
2209 3994 2380 4055 nobis
2414 4003 2525 4058 est.
2572 4022 2591 4052 ι
2632 3996 2758 4059 Non
2784 3998 3067 4081 zelotypia
3100 4003 3353 4082 quadam
3383 4005 3472 4066 Vel
3499 4005 3720 4067 invidia

2069 4084 2282 4145 ductus
2320 4085 2560 4145 tonitrui
2602 4087 2752 4147 filius
2782 4089 3057 4168 prohibet
3087 4091 3247 4153 illum
3281 4094 3382 4173 qui
3425 4094 3719 4156 daemonia

2071 4173 2367 4253 ejicit.sed
2392 4175 2812 4238 volensomnes
2825 4178 2926 4257 qui
2948 4179 3226 4241 invocant
3247 4201 3465 4244 nomen
3483 4183 3720 4246 Domini

2076 4263 2262 4325 nostri
2310 4265 2448 4325 .lesu
2481 4264 2718 4338 Christi,
2755 4267 2932 4328 etiam
2973 4270 3145 4350 sequi
3197 4271 3414 4351 ipsum,
3448 4282 3719 4350 etqnum

2077 4371 2210 4414 esse
2243 4371 2459 4433 corpus
2490 4372 2697 4414 omnes
2729 4355 3078 4436 discipulos.
3113 4360 3258 4421 Nam
3317 4360 3375 4421 in
3432 4362 3720 4443 principio

2077 4443 2514 4524 prmdicationis
2547 4444 2809 4532 quidam,
2845 4463 3004 4508 vana:
3050 4449 3249 4524 gloria;
3299 4451 3493 4512 studio
3542 4451 3720 4532 capti,

336 4537 492 4616 ἔρωτι
549 4535 918 4614 κρατούμενοι,
980 4532 1168 4602 ἤθελον
1233 4536 1320 4591 καὶ
1393 4534 1539 4592 αὐτοὶ
1593 4548 1797 4611 σημεῖα
1841 4533 1977 4602 δῆθε*

2079 4533 2389 4594 voluerunt
2421 4541 2475 4593 et
2500 4531 2614 4612 ipsi
2637 4534 2804 4611 signa
2834 4535 3051 4597 facere.
3081 4536 3368 4602 Videntes
3397 4551 3596 4602 autem
3617 4531 3723 4601 uo-

2078 4641 2214 4683 men
2232 4623 2257 4683 J
2272 4640 2374 4683 esu
2403 4623 2651 4682 multum
2677 4623 2895 4696 valere,
2931 4644 3111 4705 super
3130 4627 3394 4689 infirmos
3421 4631 3531 4690 Iioc
3552 4629 3722 4691 dice-

2078 4710 2239 4790 bant,
2271 4711 2554 4790 signaque
2583 4710 2894 4786 faciebant,
2932 4715 3150 4794 alioqui
3188 4717 3371 4795 gratia
3400 4717 3597 4778 divina
3628 4718 3723 4778 in-

2080 4801 2566 4880 digni.\'olebant
2595 4800 2754 4860 enim
2787 4802 3056 4864 Christus
3085 4805 3321 4866 dilatari
3355 4807 3727 4886 praedicatio-

2081 4910 2216 4952 nem
2251 4890 2425 4951 etiam
2454 4908 2558 4968 per
2579 4890 2876 4969 indignos.
2899 4892 3050 4964 Quid
3075 4895 3252 4973 igitur
3271 4893 3562 4959 Salvator?
3594 4897 3726 4960 Non

2080 4979 2674 5061 permittitJoannem
2709 4981 3029 5060 prohibere
3059 4989 3224 5063 signa
3268 4985 3604 5048 facientem.
3641 4984 3723 5047 Ο-

2083 5069 2315 5141 mittite,
2350 5067 2540 5148 inquit
2571 5071 2766 5130 nullus
2795 5071 2954 5131 enim
2989 5073 3089 5152 qui
3120 5073 3327 5134 fecerit
3354 5073 3631 5135 virtutem
3665 5073 3727 5136 in

1428 5201 1508 5265 Ex
1540 5201 1858 5302 collatione
1889 5203 2066 5268 codd.
2102 5201 2314 5265 Venet.
2349 5205 2406 5262 S.
2447 5202 2656 5264 Marci.

583 5333 728 5420 cod.
933 5331 1169 5420 "Ach
1221 5336 1325 5420 sic
1407 5340 1544 5405 θείας
1576 5341 1799 5420 χᾴριτος
1843 5338 1992 5404 ὅντες

344 5413 570 5484 ἀνάξιοι·
629 5415 708 5472 διὸ
768 5413 884 5471 οὐδὲ
941 5415 1356 5482 συνηκολούθουν
1413 5413 1708 5483 αὐτοῖς’διὰ
1737 5422 1833 5489 τὴν
1897 5426 1995 5500 ἑγ-

344 5501 590 5580 κράτειαν
647 5497 736 5552 καὶ
794 5493 1209 5575 σκληραγωγίαν
1293 5503 1400 5554 τῶν
1494 5499 1829 5576 ἀποστόλων,
1906 5493 1995 5558 κάὶ

349 5576 433 5636 διὰ
486 5581 546 5634 τὸ
610 5576 778 5632 θέλειν
836 5576 1020 5638 αὐτοὺς
1097 5577 1340 5660 οἷκείοιςῌ
1388 5577 1682 5655 θελήμασιν
1751 5582 1969 5660 ἄγεσθαι

347 5629 438 5720 ὦ
495 5629 924 5738 sagas“...
942 5629 954 5632 ἡ
983 5629 1370 5725 (adﬁrma.
1396 5629 1677 5739 ἰδ”ἓῧξξεξ
1704 5678 1727 5737 ;
1752 5629 1995 5725 ῖέξῖιξῖἶ

2084 5363 2111 5394 σ
2132 5337 2386 5425 _Alioqui
2417 5336 2830 5425 gratiailivina
2855 5337 3118 5425 indigni;
3157 5362 3226 5404 eo
3258 5345 3412 5425 quod
3451 5365 3568 5408 non
3599 5366 3734 5413 sese

2075 5418 2434 5502 adjugebant
2453 5417 2734 5502 apostolis
2757 5417 3004 5502 propter
3022 5417 3293 5502 ipsorum'
3311 5425 3729 5492 abstinentiam

2080 5496 2260 5587 atque
2317 5497 2375 5556 in
2431 5496 2695 5587 vivendo.
2729 5496 3176 5587 austeritatem;
3213 5515 3269 5565 et
3299 5506 3400 5587 qui
3457 5509 3736 5574 volebant

2076 5577 2244 5673 iusta
2276 5577 2574 5673 propriam
2607 5577 2967 5673 voluntatem
3001 5600 3069 5646 ac
3092 5577 3334 5647 liberius
3351 5587 3736 5664 vivere.0uid

2084 5655 2290 5741 igitur
2309 5655 2597 5720 Salvator
2615 5655 2646 5714 7
2674 5664 2792 5723 etc.
