4162 6228
498 311 608 380 891
1457 314 2044 385 THEOPHYLACTI
2087 318 2498 384 BULGARIE
2542 318 2899 386 ARCHIEP.
3442 298 3453 315 ‘
3760 317 3875 385 592

497 452 740 514 nomine
771 453 1129 527 meo,statim
1153 453 1371 533 poterit
1393 454 1468 515 de
1502 474 1595 516 me
1629 456 1780 518 male
1810 454 2140 537 loqui.Nam

2237 454 2356 533 γὰρ,
2421 456 2604 535 φησὶν,
2678 454 2843 521 οὐδεὶς
2899 457 2999 536 γὰρ
3029 454 3305 525 δυνὴσεται
3334 459 3478 537 ταχὺ
3517 455 3880 535 κακολογῆσαί

497 564 612 625 quo
672 550 842 623 pacto
895 542 1048 604 male
1106 542 1453 623 loqueretur
1499 545 1573 605 de
1633 564 1750 627 me,
1784 546 1883 626 qui
1925 565 2140 607 nomen

2239 566 2315 623 ιε,
2387 543 2445 608 ὅς
2475 545 2690 612 ποιησει
2721 544 2941 621 δύναμιν
2986 546 3071 602 ἐπὶ
3097 552 3176 621 τῷ
3204 546 3426 623 ὀνόματί
3451 569 3576 622 μου,
3635 552 3755 609 [Ιῶς
3785 548 3882 625 γὰρ

497 652 693 696 meum
722 634 782 694 in
815 632 1188 694 occasionem
1218 631 1420 710 gloriae
1451 636 1737 715 praetexit,
1767 645 1825 696 et
1855 635 2140 697 invocan-

2236 630 2285 687 ἵν
2349 633 2739 714 κακολογησειέ
2824 657 2892 711 με
2943 638 2970 692 6
2999 638 3060 692 τὸ
3104 635 3274 712 ὄνομά
3303 659 3407 713 μου
3440 637 3686 716 ἀφορμήν
3727 634 3879 704 δόξης

495 727 572 786 do
603 723 749 785 illud
781 730 1059 802 operatur
1084 721 1228 782 mira
1254 720 1277 780 1’
1306 721 1553 784 Videtur
1596 732 1792 785 autem
1852 723 2138 785 Dominus

2237 720 2391 803 ἔχων,
2454 725 2541 780 καὶ
2598 722 2683 780 διὰ
2741 735 2834 784 τοῦ
2918 724 3289 783 ἐπικαλεῖσθαι
3375 733 3531 784 τοῦτο
3640 731 3880 801 θαυματ-

494 813 606 876 sibi
631 810 1307 874 contradicere.Dixerat
1337 812 1493 873 enim
1519 814 1660 875 alibi
1691 832 1704 877 :
1743 813 1880 885 «Qui
1905 833 2022 875 non
2050 822 2137 874 est

2231 819 2422 892 συργῶν
2484 813 2649 894 (70);
2717 823 2880 871 Δοκεῖ
2935 813 2989 871 δὲ
3048 815 3255 872 ἐναντία
3332 815 3507 894 λέγειν
3594 817 3622 872 6
3690 816 3874 894 Κύριος

495 922 728 965 mecum
752 909 956 963 contra
987 920 1081 962 me
1106 908 1233 963 est:
1274 919 1463 963 snunc
1493 902 1654 965 dicit:
1698 902 1839 975 «Qui
1863 922 1978 964 non
2000 922 2134 963 con-

2225 902 2411 977 ἑαυτῷ.
2482 900 2757 984 ’Δλλαχοῦ
2814 906 2913 984 γὰρ
2943 906 3128 981 εἰπὼν,
3171 930 3195 960 ιι
3235 896 3291 964 Ὀ
3324 909 3404 981 μὴ
3434 906 3508 961 ὢν
3565 904 3683 981 μετ’
3717 905 3868 980 ἐμοῦ,

493 1000 581 1053 tra
600 1008 847 1071 nos,pro
868 988 1038 1051 nobis
1062 989 1517 1053 est.»Videntur
1529 991 1772 1070 quidem
1799 994 1923 1055 haec
1945 992 2135 1053 divero

2225 991 2335 1047 κατ’
2359 991 2490 1068 ἰμοῦ
2517 992 2650 1065 ἐστι,
2686 1016 2714 1048 ι
2751 1000 2838 1049 νῦν
2869 992 3037 1073 λέγει,
3074 1018 3101 1048 α
3131 992 3242 1060 ’Ὃς
3264 995 3358 1051 οῦκ
3383 994 3491 1050 ἔστι
3541 994 3656 1051 καθ’
3687 997 3868 1076 ἡμῶν,

490 1101 575 1162 sa,
607 1101 723 1143 non
750 1088 891 1143 sunt
923 1088 1142 1142 autem.
1176 1078 1319 1139 Nam
1349 1099 1481 1141 cum
1510 1081 1677 1156 dicit,
1708 1108 1731 1136 «
1770 1080 1881 1153 Qui
1906 1101 2022 1143 non
2043 1090 2131 1143 est

2225 1081 2342 1160 ὅπερ
2426 1084 2581 1157 ἡμῶν
2639 1082 2773 1146 ἐστι.
2832 1102 2861 1141 )
2891 1091 3146 1141 Δοκοῦσιν
3202 1087 3290 1162 οὖν
3318 1087 3483 1141 ταῦτα
3512 1084 3742 1140 ἐναντία⁸
3777 1087 3868 1140 οὒκ

491 1156 751 1252 mecum,
785 1178 989 1231 contra
1020 1188 1114 1230 me
1145 1178 1235 1231 est
1262 1170 1347 1240 87,
1382 1174 1458 1232 de
1488 1170 1856 1232 daemonibus
1890 1180 1977 1233 est
1998 1171 2129 1232 (lic-

2227 1156 2324 1227 εἰσί·
2354 1170 2430 1234 δὲ,
2469 1156 2550 1230 Τὸ
2584 1174 2680 1249 μὲν
2709 1173 2831 1251 γὰρ.
2877 1196 2904 1228 α
2937 1172 2997 1231 Ὀ
3025 1174 3102 1249 μὴ
3132 1156 3223 1231 div,
3237 1173 3357 1251 μετ’
3388 1173 3540 1253 ὶμοῦ,
3586 1171 3708 1229 κατ’
3740 1173 3870 1247 ἐμοῦ

488 1271 639 1336 tum,
674 1260 771 1341 qui
801 1260 1037 1320 student
1067 1279 1099 1320 a
1132 1259 1345 1320 divinis
1384 1259 1751 1334 abstrahere,
1781 1270 1836 1322 et
1866 1280 1996 1341 quae
2026 1261 2130 1323 Dei

2224 1263 2355 1339 ἑστι,
2414 1287 2436 1321 ιι
2499 1266 2617 1344 περὶ
2689 1263 2951 1342 δαιμόνων
2979 1265 3217 1345 εἴρηται,
3262 1273 3367 1323 τῶν
3400 1267 3507 1322 ἀπὸ
3538 1268 3671 1322 Θεοῦ
3701 1265 3867 1345 ἀφέλ-

450 1368 455 1383 τ
486 1359 643 1426 sunt,
678 1352 1047 1428 dispergere.
1074 1349 1237 1421 Quod
1260 1359 1456 1411 autem
1482 1369 1659 1419 nunc,
1690 1350 1909 1411 dictum
1936 1352 2011 1411 de
2033 1352 2093 1412 hc

2223 1374 2325 1410 κειν
2384 1352 2782 1425 σπουδαζόντων
2836 1358 2924 1412 καὶ
2979 1356 3367 1435 σκορπιζόντων
3422 1355 3491 1424 τὰ
3547 1362 3641 1412 τοῦ
3711 1364 3866 1417 Θεοῦ.

486 1440 767 1515 minibus,
801 1440 901 1520 qui
928 1439 998 1500 ad
1023 1438 1207 1499 Deum
1240 1439 1523 1519 quosdam
1556 1441 1854 1501 adducunt
1884 1459 1990 1521 per
2011 1441 2126 1501 mi-

2224 1443 2287 1497 Γὸ
2345 1440 2400 1497 δὲ
2457 1450 2542 1499 νῦν
2597 1442 2752 1521 ῥηθὲν
2808 1446 2925 1523 περὶ
2982 1444 3290 1524 ἀνθρώπων,
3323 1447 3429 1501 τῶν
3461 1444 3664 1520 μᾶλλον
3696 1468 3867 1523 προσ-

482 1530 817 1591 raculorum
850 1527 1281 1608 operationem.

2215 1531 2445 1608 αγόντων
2504 1533 2650 1596 τινὰς
2720 1540 2796 1607 τῷ
2828 1539 2943 1607 Θεῷ
3000 1532 3083 1589 διὰ
3139 1540 3230 1590 τοῦ
3284 1535 3521 1609 θαύματα
3568 1533 3858 1596 ἐπιτελεῖν,

563 1623 739 1682 Vens.
774 1620 874 1693 40,
908 1619 1007 1678 41.
1040 1617 1356 1696 «Quisquis
1388 1618 1543 1678 enim
1565 1618 1636 1679 ad
1671 1617 1991 1680 bibendum
2014 1620 2121 1680 de—

2291 1643 2319 1675 «
2367 1610 2477 1683 "Oc;
2530 1622 2629 1698 γὰρ
2699 1621 2761 1678 ἄν
2818 1622 3008 1699 ποτίσῃ
3059 1624 3196 1698 ὑμᾶς
3254 1625 3506 1701 ποτήριον
3566 1621 3753 1688 ὕδατος
3807 1624 3860 1681 ἐν

477 1712 633 1776 derit
658 1710 827 1773 vobis
859 1710 1111 1772 calicem
1135 1728 1301 1789 aqua:
1330 1710 1389 1770 in
1420 1711 1660 1772 nomine
1693 1712 2011 1792 meo,quod
2032 1712 2118 1775 si-

2213 1716 2278 1765 τῶ
2334 1710 2551 1785 ὀνόματί
2592 1732 2717 1787 μου,
2765 1711 2844 1767 ὅτι
2880 1719 3102 1791 Χριστοῦ
3133 1713 3276 1793 ἐστε,
3324 1713 3467 1788 ἀμὴν
3510 1712 3653 1790 λέγω
3703 1715 3856 1794 ὑμῖν,

479 1802 550 1863 tis
568 1802 807 1864 Christi:
830 1818 1002 1861 amen
1022 1799 1153 1860 dico
1186 1800 1755 1880 vobis,nequaquam
1783 1801 2122 1881 perditurus

2213 1799 2265 1854 οὔ
2328 1799 2405 1874 μὴ
2464 1797 2702 1877 ἀπολέσῃ
2763 1803 2854 1857 τὸν
2913 1803 3098 1877 μισθὸν
3142 1806 3320 1864 αὐτοῦ.
3357 1804 3457 1860 Καὶ
3486 1802 3541 1867 ὅς
3570 1803 3660 1858 ἐὰν
3688 1824 3856 1859 σκαν-

477 1900 565 1954 est
595 1891 931 1952 mercedem
964 1908 1151 1949 suam.
1182 1889 1258 1950 Et
1290 1887 1557 1968 quisquis
1588 1888 1906 1951 oﬂ'enderit
1935 1910 2117 1951 unum

2209 1884 2391 1963 δαλίσῃ
2463 1886 2554 1944 ἕνα
2598 1895 2701 1945 τῶν
2748 1893 2952 1967 μικρῶν
3031 1893 3137 1947 τῶν
3197 1892 3554 1948 πιστευόντων
3609 1892 3683 1956 εἰς
3734 1891 3852 1967 ἐμὶ,

476 2001 545 2043 ex
578 1980 807 2061 pusillis
829 1979 929 2060 qui
953 1978 1262 2040 conﬁdunt
1294 1979 1359 2039 in
1386 1997 1503 2051 me,
1529 1978 1743 2039 melius
1774 1978 1927 2041 foret
1959 1979 2041 2040 illi
2073 1979 2119 2040 si

2216 1974 2367 2032 ιαλόν
2410 1977 2552 2033 ἐστιν
2610 1980 2751 2052 αὐτῴ
2802 1978 3029 2054 μᾶλλον,
3090 1982 3135 2036 εἰ
3190 1982 3481 2060 περίκειται
3537 1978 3679 2043 λίθος
3711 1980 3859 2055 μυλι-

476 2069 951 2132 circumdaretur
981 2086 1187 2128 saxum
1213 2067 1436 2128 molare
1467 2068 1625 2128 circa
1646 2067 1937 2129 cervicem
1965 2070 2118 2149 ejus,

2212 2067 2298 2129 κὸς
2360 2066 2477 2145 περὶ
2545 2067 2635 2122 τὸν
2694 2067 2968 2147 τράχηλον
3026 2072 3206 2142 αὐτοῦ,
3248 2071 3333 2127 καὶ
3366 2066 3624 2145 βέϐληται
3656 2071 3729 2133 εἰς
3759 2072 3855 2137 tiu

474 2168 532 2220 et
561 2158 920 2239 abjiceretur
965 2156 1024 2216 in
1057 2173 1298 2217 mare.»
1338 2158 1466 2218 Non
1526 2157 1742 2232 solum,
1789 2158 2000 2236 inquit,
2037 2160 2117 2218 l'a-

2208 2154 2493 2216 θαἋασσαν.
2584 2178 2612 2210 ι
2674 2158 2745 2214 Οῦ
2791 2159 2953 2233 μόνον
3002 2160 3155 2239 φησὶ,
3192 2160 3283 2214 τὸν
3324 2157 3570 2234 δυνάμεις
3601 2168 3851 2217 ποιοῦντα

473 2248 698 2308 cientes
720 2245 1002 2307 virtutem
1031 2243 1090 2303 in
1116 2245 1355 2305 nomine
1384 2263 1666 2323 meo,non
1697 2246 2116 2324 prohibeo:sed

2214 2244 2258 2299 ἓν
2314 2252 2393 2319 τῷ
2448 2245 2667 2319 ὀνόματί
2738 2268 2841 2320 μου
2896 2249 2956 2304 οὗ
3022 2246 3235 2319 κωλύω,
3269 2246 3404 2305 ἀλλά
3433 2247 3531 2304 κᾶν
3555 2269 3638 2312 τις
3668 2247 3857 2329 ἐλάχι-

470 2338 517 2396 si
544 2335 676 2416 quis
726 2334 1033 2396 minimum
1092 2333 1370 2412 quiddam
1419 2334 1651 2395 dederit
1682 2333 1846 2395 vobis
1878 2345 2113 2415 propter

2207 2336 2324 2390 στόν
2354 2356 2403 2389 τι
2435 2332 2590 2389 δώσει
2618 2338 2747 2411 ύμῖν
2791 2333 2874 2391 διὰ
2904 2338 2964 2393 τὸ
2996 2336 3125 2413 ἐμόν
3167 2336 3358 2414 ὄνομα,
3404 2338 3503 2393 καὶ
3536 2335 3850 2405 ἀποδέξηται

470 2443 688 2486 nomen
722 2442 946 2494 meum,
982 2430 1040 2483 et
1071 2423 1524 2501 susceperitvos
1566 2432 1806 2503 promer
1840 2444 1955 2497 me,
1996 2444 2111 2485 non

2197 2423 2332 2497 ὑμᾶς
2387 2421 2454 2478 δι’
2514 2422 2632 2499 ἐμὲ,
2696 2424 2755 2480 οὔ
2823 2423 2889 2480 δι’
2922 2424 3253 2504 ἀνθρωπίνην
3286 2428 3445 2506 χάριν
3480 2425 3515 2494 ἥ
3546 2428 3840 2501 κοσμικὴν,

466 2521 709 2595 propter
734 2514 1047 2574 humanam
1091 2512 1361 2587 gratiam,
1387 2513 1472 2573 vel
1508 2512 1888 2593 mundanam,
1911 2513 2108 2576 neuti-

2198 2511 2251 2568 οὗ
2298 2512 2377 2587 μὴ
2447 2511 2804 2591 ἀπολέσῃξτδν
2860 2516 3047 2590 μισθὸν
3092 2517 3270 2578 αὑτοῦ.
3305 2516 3443 2573 Εῖπε
3472 2514 3528 2571 δὲ
3573 2517 3636 2571 τὸ
3666 2518 3841 2584 ποτη-

466 2622 642 2685 quam
671 2601 875 2682 perdet
893 2600 1230 2663 mercedem
1251 2601 1608 2663 suam.Dixit
1634 2610 1831 2665 autem
1857 2603 2105 2664 calicem

2196 2623 2304 2679 ριον
2356 2608 2446 2658 τοῦ
2516 2599 2726 2677 ὕδατος,
2784 2600 2868 2659 διὰ
2918 2604 3038 2668 τοὺς
3090 2604 3574 2685 προφασιζομένους
3620 2606 3717 2673 τὴν
3748 2627 3839 2662 πε-

463 2712 654 2775 aquaa,
707 2700 951 2773 pr0pter
998 2708 1100 2753 eos
1151 2691 1251 2771 qui
1303 2700 1704 2772 paupertatem
1759 2701 2102 2772 pmtexunt.

2193 2692 2320 2751 νίαν.
2385 2688 2492 2749 Κάν
2526 2692 2644 2771 γὰρ,
2679 2694 2832 2769 φησὶ,
2864 2695 3119 2773 ποτήριον
3144 2691 3330 2775 ὕδατος
3350 2691 3559 2766 δώσεις,
3592 2696 3652 2749 τὸ
3683 2695 3836 2749 εὖτε-

460 2773 648 2845 Etiam
681 2784 732 2845 si
764 2781 1033 2854 calicem,
1059 2780 1275 2860 inquit,
1300 2799 1465 2860 aqua:
1488 2780 1727 2841 dederis
1757 2781 2103 2862 contempti-

2192 2778 2465 2859 λέστατον,
2541 2779 2656 2837 οὐδὲ
2728 2788 2883 2839 τοῦτο
2952 2781 3255 2847 ἀπολέσεις.
3296 2773 3511 2863 ’Ἄὲσπερ
3542 2782 3595 2838 δὲ
3626 2781 3716 2841 ἐὰν
3746 2783 3835 2839 ἕνα

464 2872 666 2947 bilem,
698 2890 889 2951 neque
919 2870 1087 2933 illum
1122 2868 1875 2949 perdesQuemadmodum
1911 2881 2103 2932 autem

2195 2872 2296 2925 τῶν
2354 2874 2558 2948 μικρῶν
2618 2870 2879 2948 τιμὴσῃς,
2971 2874 3273 2951 εὖαρεστεῖς
3334 2880 3412 2948 τῷ
3478 2879 3615 2948 Θεῷ,
3670 2872 3838 2935 οὕτως

458 2963 506 3024 si
543 2982 725 3024 unum
762 2980 831 3023 ex
865 2960 1056 3041 parvis
1118 2960 1521 3034 bonoraveris,
1554 2968 1756 3039 gratus
1808 2960 1925 3022 eris
1959 2965 2101 3040 Deo,

2199 2957 2280 3015 ἐὰν
2337 2956 2428 3014 ἕνα
2511 2965 2616 3015 τῶν
2676 2965 2877 3039 μικρῶν
2922 2959 3294 3043 σκανδαλίσῃς,
3343 2961 3610 3019 τουτέστιν
3640 2960 3842 3037 ἀτιμά-

458 3052 543 3115 sic
572 3051 623 3113 si
653 3070 835 3112 unum
868 3068 936 3110 ex
971 3048 1708 3129 parvis,scandalizaveris,
1743 3051 1855 3112 hoc
1887 3050 2099 3125 est,de-

2197 3068 2313 3124 σης,
2373 3046 2751 3129 δποσκελίσῃς,
2802 3049 3051 3131 συμφέρει
3108 3073 3218 3125 σοι,
3317 3053 3360 3107 εἱ
3417 3049 3579 3127 μύλος
3664 3051 3840 3114 ὀνικὸς

458 3137 1412 3221 spexeris,oﬂ‘enderis,expediret
1448 3138 1549 3199 tibi
1579 3139 1627 3199 si
1664 3142 1815 3199 mola
1846 3138 2101 3201 asinaria

2191 3136 2489 3212 ἐκρεμάσθη
2521 3159 2615 3194 σου
2643 3137 2698 3193 ἐν
2726 3145 2804 3214 τῷ
2847 3139 3131 3221 τραχήλῳ’
3166 3141 3381 3221 χείρονα
3412 3142 3536 3220 γὰρ,
3570 3142 3641 3206 ὣς
3672 3138 3834 3213 ἔοικε,

456 3231 531 3292 de
556 3230 705 3291 collo
727 3237 827 3289 tuo
849 3227 1670 3307 suspenderetur,graviorem
1687 3231 1843 3290 enim
1871 3247 2099 3309 poenam

2188 3226 2445 3306 τιμωρίαν
2493 3228 2925 3304 ὑποστησόμεθα.
2982 3231 3249 3298 Λίσθητην
3320 3228 3383 3288 δά
3430 3229 3682 3309 τιμωρίαν
3738 3229 3831 3285 εἷ-

456 3318 907 3380 sustinebimus.
943 3316 1239 3379 Sensibile
1289 3325 1488 3378 autem
1541 3316 1900 3397 supplicium
1934 3318 2099 3395 dixit,

2186 3334 2307 3391 πεν,
2369 3313 2609 3395 ἐκφοϐῶν
2669 3317 2815 3391 ἡμᾶς
2863 3315 2947 3373 διὰ
2993 3318 3179 3375 τούτου
3231 3326 3324 3376 τοῦ
3381 3320 3631 3386 αἰσθητοῦ
3683 3320 3821 3375 ὑπο-

453 3417 687 3470 terrens
719 3424 827 3468 nos
857 3424 965 3486 per
993 3406 1105 3467 hoc
1136 3405 1418 3468 sensibile
1450 3407 1772 3486 exemplar.

857 3424 965 3486 per
993 3406 1105 3467 hoc
1136 3405 1418 3468 sensibile
1450 3407 1772 3486 exemplar.
2186 3399 2492 3482 δείγματος.

531 3499 716 3559 Vens.
754 3494 961 3558 42-49.
1000 3494 1101 3555 «Et
1131 3494 1180 3556 si
1213 3494 1317 3556 tibi
1348 3495 1526 3558 fuerit
1550 3495 1853 3557 obstaculo
1887 3515 2096 3558 manus

2269 3514 2292 3548 ι
2356 3496 2454 3551 Καὶ
2506 3493 2597 3550 ἕάν
2654 3491 2973 3572 σκανδαλὶζῃ
3029 3516 3088 3552 σε
3142 3498 3177 3565 ἡ
3208 3499 3330 3577 χείρ
3378 3519 3493 3573 σου,
3552 3496 3830 3574 ἀπόκοψον

453 3594 575 3661 tua,
605 3595 843 3666 amputa
871 3584 1053 3646 illam.
1084 3588 1308 3646 Bonum
1342 3592 1429 3645 est
1458 3584 1561 3646 tibi
1589 3584 1855 3645 mutilum
1889 3585 1960 3646 ad
2005 3586 2091 3647 vi—

2185 3582 2369 3651 αὒτὴν,
2420 3582 2595 3641 Καλόν
2653 3585 2736 3641 σοί
2787 3583 2898 3640 ἐστι
2927 3583 3120 3641 κυλλὸν
3146 3588 3219 3650 είς
3251 3588 3348 3655 τὴν
3378 3588 3519 3658 ζωὴν
3551 3586 3828 3668 εἰσελθεῖν,

450 3684 566 3737 tam
596 3674 850 3755 ingredi,
886 3673 1078 3754 potius
1125 3692 1300 3754 quam
1333 3673 1477 3734 duas
1510 3692 1719 3735 manus
1773 3674 2092 3736 habentem

2181 3669 2211 3738 ἤ
2279 3671 2373 3736 τὰς
2433 3670 2522 3729 δύο
2570 3684 2763 3753 χεῖρας
2791 3672 3015 3753 ἔχοντα,
3045 3673 3297 3732 ἀπελθεῖν
3340 3677 3414 3740 εἰς
3443 3676 3543 3743 τὴν
3586 3676 3824 3753 γέενναν,

451 3764 616 3826 abire
662 3767 721 3825 in
773 3765 1127 3843 gehennam,
1164 3764 1223 3823 in
1273 3762 1469 3841 ignem
1518 3761 2088 3841 iuexstinguibilem,

2184 3760 2249 3825 εἰς
2304 3763 2367 3817 τὸ
2426 3768 2526 3841 πῦρ
2577 3762 2639 3818 τὸ
2696 3759 2976 3843 ἄσϐεστον,
3063 3763 3197 3821 ὃπου
3223 3765 3251 3820 6
3306 3762 3522 3832 σκώληξ
3566 3767 3737 3823 αὐτῶν
3768 3764 3827 3822 οὗ

451 3854 553 3916 ubi
568 3854 788 3916 vermis
810 3853 1048 3914 illorum
1072 3871 1189 3913 non
1214 3851 1717 3931 moritur,etignis
1736 3869 1851 3913 non
1869 3852 2094 3913 exstin-

2181 3847 2416 3925 τελευτᾷ,
2476 3851 2565 3907 καὶ
2618 3852 2681 3907 τὸ
2737 3850 2839 3931 πῦρ
2889 3850 2949 3908 οὒ
3005 3849 3300 3913 σϐέννυται.
3337 3856 3436 3912 Καὶ
3465 3852 3555 3911 ἐὰν
3611 3856 3639 3910 6
3695 3862 3824 3918 ποῦς

448 3942 816 4024 guitur.Etsi
844 3960 945 4021 pes
983 3948 1115 4001 tuus
1147 3940 1325 4001 fuerit
1356 3940 1462 4001 tibi
1492 3939 1819 4014 obstaculo,
1855 3950 2091 4020 amputa

2177 3959 2268 3995 σου
2319 3938 2634 4017 σκανδαλίζῃ
2701 3962 2786 4021 σε,
2833 3940 3111 4017 ἀπόκοψον
3142 3944 3322 4021 αὐτὸν,
3352 3941 3518 3999 καλόν
3550 3943 3633 3999 σοί
3680 3942 3820 4000 ἐστιν

448 4032 869 4096 illumzbonum
891 4038 981 4091 est
1008 4029 1195 4089 tihiut
1224 4028 1575 4107 ingrediaris
1606 4028 1677 4089 ad
1710 4029 1888 4091 vitam
1921 4030 2087 4092 clau-

2177 4026 2426 4084 είσελθεῖν
2478 4029 2551 4090 εἰς
2607 4029 2708 4096 τὴν
2763 4029 2908 4101 ζωὴν
2955 4029 3166 4110 χωλὸν,
3224 4031 3259 4100 ἦ
3329 4033 3451 4095 τοὺς
3512 4029 3600 4089 δύο
3650 4031 3820 4097 πόδας

448 4122 783 4203 dus,potius
817 4120 948 4179 221
1000 4137 1173 4199 quam
1216 4118 1366 4179 duos
1410 4117 1590 4198 pedes
1632 4117 1856 4179 habens
1889 4118 2087 4180 mitta-

2178 4116 2387 4197 ἔχοντα,
2448 4116 2710 4195 βληθῆναι
2780 4120 2852 4185 είς
2908 4120 3007 4188 τὴν
3062 4120 3300 4202 γέενναν,
3360 4123 3435 4187 εἷς
3488 4124 3553 4179 τὸ
3608 4130 3709 4203 πῦρ
3761 4125 3821 4179 τὸ

448 4213 530 4273 ris
551 4212 611 4272 in
642 4210 998 4289 gehennam,
1050 4208 1108 4267 in
1146 4207 1344 4284 ignem
1391 4206 1954 4285 inexstinguibilem,
1988 4208 2088 4270 ubi

2174 4204 2445 4282 Ξίσϐεστον,
2506 4205 2638 4263 ὅπου
2707 4208 2736 4263 6
2785 4206 2999 4275 σκώληξ
3055 4212 3227 4268 αὐτῶν
3285 4214 3345 4269 οὗ
3367 4210 3610 4293 τελευτᾷ,
3640 4214 3817 4269 καὶτὸ

446 4300 665 4362 vermis
694 4298 927 4360 illorum
947 4315 1065 4357 non
1094 4296 1434 4365 moritur,et
1451 4295 1599 4372 ignis
1619 4315 1736 4356 non
1761 4296 2086 4375 exstingui-

2174 4302 2267 4374 πῦρ
2328 4297 2389 4353 οὐ
2435 4292 2729 4359 σϐέννυται.
2785 4298 2886 4355 Καὶ
2943 4296 3032 4355 ἐὰν
3102 4299 3130 4355 6
3163 4298 3434 4379 ὀφθαλμός
3461 4322 3554 4357 σου
3583 4299 3817 4358 σκανδα-

394 4384 395 4387 “
952 4356 1089 4446 tuus
1120 4356 1229 4446 tibi
1259 4356 1562 4446 obstaculo
1595 4396 1858 4465 est,erue
1890 4356 2031 4445 illim

2172 4356 2285 4460 λέξῃ
2341 4406 2421 4461 σε,
2511 4356 2920 4442 ἔκϐαλεάὒτόψ
2966 4384 3132 4443 καλόν
3163 4356 3247 4445 σόί
3276 4356 3386 4445 ἐστι
3420 4356 3815 4471 ’μονόφθαλμον

446 4478 662 4540 bonum
688 4490 777 4538 est
804 4476 905 4538 tibi
927 4483 990 4537 ut
1022 4474 1215 4535 luscus
1247 4474 1507 4536 introeas
1555 4472 1617 4534 in
1668 4492 1917 4552 regnum
1948 4476 2079 4551 Dei,

2166 4472 2422 4530 εἰσελθεῖν
2480 4477 2553 4536 εἱς
2611 4474 2707 4541 τὴν
2749 4474 3020 4551 βασιλείαν
3049 4483 3141 4533 τοῦ
3183 4484 3337 4559 Θεοῦ,
3396 4480 3432 4547 ἢ
3475 4477 3563 4536 δύο
3606 4480 3809 4560 ὀφθαλ-

444 4568 639 4647 potius
661 4585 832 4647 quam
857 4573 919 4626 ut
948 4564 1095 4625 duos
1118 4565 1318 4624 oculos
1350 4562 1574 4623 habens
1608 4562 1854 4623 mittaris
1880 4563 1937 4624 in
1971 4583 2079 4642 ge-

2172 4564 2294 4636 μους
2352 4562 2573 4641 ἔχοντα,
2633 4563 2892 4639 βληθῆναι
2959 4566 3030 4631 εἰς
3059 4566 3156 4634 τὴν
3234 4568 3450 4646 γέενναν
3503 4575 3593 4625 τοῦ
3621 4571 3815 4649 πυρὸς,

440 4659 698 4719 bennam
738 4655 913 4735 ignis,
948 4653 1048 4715 ubi
1072 4653 1289 4713 vermis
1319 4671 1527 4714 eorum
1568 4671 1682 4713 non
1719 4652 1984 4726 moritur,
2023 4664 2082 4715 et

2176 4650 2296 4709 inoo
2356 4655 2383 4707 ὁ
2455 4650 2668 4719 σκώληξ
2739 4653 2910 4710 αὐτῶν
2966 4658 3026 4713 ού
3082 4654 3324 4732 τελευτᾷ,
3383 4659 3471 4715 καὶ
3502 4660 3561 4715 τὸ
3611 4668 3711 4737 πῦρ
3760 4662 3819 4716 οὖ

437 4747 593 4825 ignis
622 4764 740 4808 non
773 4741 1185 4820 exstinguitur.
1216 4745 1361 4804 Nam
1396 4743 1588 4803 omnis
1620 4742 1796 4802 homo
1824 4743 1959 4823 igne
1993 4761 2080 4804 sa-

2173 4739 2458 4800 σϐἐννυται.
2521 4747 2631 4805 Πᾶς
2685 4742 2786 4822 γὰρ
2868 4744 2988 4824 πυρὶ
3076 4743 3440 4817 ἁλισθήσεται.
3505 4750 3603 4805 Καὶ
3668 4754 3816 4805 πᾶσα

438 4837 636 4911 lietur,
669 4844 730 4898 et
760 4832 958 4896 omnis
988 4832 1224 4895 victima
1254 4831 1376 4892 sale
1406 4830 1843 4892 salietur.Bona
1864 4849 1960 4892 res
1992 4846 2081 4893 est

2173 4830 2309 4887 θυσία
2366 4829 2453 4886 ἁλὶ
2512 4829 2877 4901 ἁλισθήσεται,
2936 4831 3111 4891 Καλὸν
3166 4835 3228 4891 τὰ
3284 4835 3441 4900 ἅλας,
3517 4835 3642 4894 Ἐὰν
3671 4835 3726 4893 δὲ
3758 4839 3816 4896 τὸ

434 4925 554 4987 sal:
588 4933 865 4988 caeterum
890 4924 938 4983 si
969 4922 1052 4983 sal
1080 4921 1340 4982 insulsus
1368 4921 1563 4995 fuerit,
1589 4939 1696 4999 per
1717 4921 1859 5001 quid
1886 4920 2077 5001 ipsum

2165 4919 2294 4983 ἅλας
2346 4918 2540 4976 ἂναλον
2595 4919 2846 4999 γένηται,
2874 4920 2929 4977 ἒν
2958 4923 3056 4980 τίνι
3087 4923 3215 4980 αὐτὸ
3251 4924 3503 5001 ἀρτύσετε
3539 4944 3557 5001 ;
3589 4924 3808 5006 ’Ἔχετε

432 5012 754 5075 condietis‘?
783 5011 1012 5074 Habete
1059 5010 1117 5070 in
1157 5009 1472 5090 vobisipsis
1502 5010 1711 5084 salem,
1765 5020 1823 5071 et
1872 5028 2075 5090 pacem

2163 5011 2216 5066 ἐν
2289 5011 2499 5075 ἑαυτοῖς
2572 5009 2730 5091 ἅλας,
2788 5012 2877 5068 καὶ
2920 5013 3212 5092 εἰρηνεύετε
3298 5014 3353 5071 ἐν
3438 5013 3712 5085 ἀλλήλοις.
3778 5039 3801 5070 η

509 5134 570 5182 8⁷
617 5136 756 5195 Luc.
792 5149 874 5207 x1,
904 5130 1004 5192 23.

1500 5234 1585 5295 Ex
1615 5233 1932 5297 collatione
1958 5235 2135 5299 codd.
2170 5234 2383 5300 Venet.
2418 5234 2480 5299 S.
2512 5236 2720 5300 Marci.

510 5356 631 5436 (70)
662 5354 825 5418 Idem
881 5355 1011 5444 cod.
1060 5354 1267 5444 addit_:
1334 5354 1645 5444 βενε-χώρει
1704 5358 1789 5444 καὶ
1860 5356 2065 5444 τούτοις

2166 5356 2436 5444 piracula
2468 5356 2696 5444 facere,
2724 5365 2848 5420 tum
2870 5356 2942 5419 ad
2959 5359 3487 5444 conﬁrmationem
3521 5361 3809 5444 praedica-

419 5430 883 5520 θαυματουργεῖν,
914 5437 1023 5520 ἅμα
1077 5437 1172 5520 μὲν
1207 5437 1279 5520 είς
1331 5430 1609 5520 βεϐαίωσιν
1641 5438 1744 5520 τοῦ
1781 5438 2062 5520 κηρύγμα-

2165 5438 2354 5520 tionis,
2380 5446 2445 5500 ut
2466 5439 2592 5501 haec
2621 5438 2797 5520 etiam
2822 5456 2929 5519 per
2955 5437 3233 5520 indignos
3260 5430 3606 5506 dilataret'ur
3644 5463 3660 5504 :
3685 5451 3808 5505 tum

419 5541 535 5598 τος,
599 5514 745 5575 ὥστε
806 5518 894 5574 καὶ
942 5516 1025 5573 διὰ
1081 5517 1187 5573 τῶν
1231 5514 1456 5578 ἀναξίων
1486 5523 1639 5571 τοῦτο
1690 5514 2062 5591 πλατύνεσθαι,

2165 5518 2223 5604 id
2246 5514 2685 5604 correctionem
2717 5514 3007 5599 ipsorum,
3052 5514 3151 5602 qui
3205 5524 3360 5586 mira
3386 5524 3808 5604 operabantur.

417 5593 531 5675 ἅμα
586 5596 642 5655 δὲ
697 5599 786 5655 καὶ
836 5599 907 5662 εἰς
966 5597 1239 5679 βελτίωσιν
1300 5598 1469 5679 αῦτῶν
1502 5593 1566 5679 δὴ
1598 5600 1702 5679 τῶν
1731 5601 2060 5679 θαυματουρ-

1226 5620 1239 5648 ι
1300 5598 1469 5679 at}qu
1502 5593 1566 5679 δὴ
1598 5600 1702 5679 τῶν
1731 5601 2063 5679 θαυματουρ-
2151 5596 2403 5660 Videtur
2431 5607 2651 5679 autem,
2684 5593 2800 5661 el—C.
2844 5623 2869 5655 π

416 5681 670 5760 γούντων,
708 5685 872 5734 Δοκεῦ
907 5676 983 5751 δὶ,
1011 5700 1064 5740 κ,
1089 5701 1136 5735 τ.
1174 5676 1228 5735 λ.
1272 5699 1290 5728 ι
1333 5675 1715 5736 Permittebat
1742 5678 1920 5738 etiam
1948 5675 2066 5738 illis
