4162 6228
320 344 447 412 593

1079 350 1524 413 ENARRATIO
1568 348 1651 411 IN
1696 345 2200 411 EVANGELIUM
2246 345 2510 411 MARCI.
2558 381 2630 394 —
2675 351 2837 413 CAP.
2887 354 2962 414 Χ.

3586 349 3701 416 594

312 480 642 553 Ἀπειλήσας
718 501 838 550 το”ς
926 482 1374 555 σκανδαλίζουσιν,
1436 480 1517 538 ὅτι
1563 480 1838 562 συνέφερεν
1870 481 1954 536 αὒ-

2054 476 2265 541 habete
2289 480 2446 543 inter
2475 498 2578 545 vos
2610 482 2890 546 invicem.
2932 508 2953 542 ι
2989 483 3305 568 Postquam
3336 487 3692 551 intermina-

312 586 458 648 τοῖς,
521 575 565 630 εἰ
637 572 947 654 testeum
997 572 1051 629 ἐν
1108 578 1176 649 τῇ
1230 570 1494 649 θαλάσσῃ,
1570 577 1660 628 νῦν
1715 583 1966 648 παραινεῖ

312 676 435 725 τοῖς
509 663 1002 739 σκανδαλιζομένοις
1062 660 1409 742 φυλάττεσθαι
1453 661 1559 717 ἀπὸ
1589 666 1694 716 τῶν
1741 660 1965 735 ἑτοίμως

312 750 559 831 ὶχόντων
615 751 972 824 σκανδαλίζειν
1040 752 1128 808 καὶ
1196 748 1558 821 ὑποσκελίζειν
1613 749 1823 811 αὐτούς.
1856 747 1965 806 nat,

315 843 418 920 γὰρ
491 849 639 914 ποῦς,
697 840 796 899 κάν
839 844 981 922 χείρ,
1014 841 1112 897 κᾶν
1146 838 1415 917 ὀφθαλμὸς
1472 840 1508 907 ἧ
1552 841 1580 896 6
1612 836 1964 909 σκανδαλίζωιι

314 949 402 1007 σε,
477 929 739 1003 τουτέστι,
786 930 883 987 κᾶν
924 935 1032 987 τῶν
1062 929 1399 986 οἰκειοτάτων
1428 949 1534 1003 τις,
1566 926 1663 984 κάν
1690 932 1797 983 τῶν
1852 924 1964 982 καθ’

312 1021 457 1092 αἷμα
527 1018 928 1091 πλησιαζόντων
992 1021 1079 1076 καὶ
1136 1015 1438 1098 χρειωδῶν,
1495 1016 1725 1092 ἔκκοψον
1784 1017 1961 1090 αὐτὸν,

312 1107 604 1184 τουτέστιν,
682 1110 979 1183 ἀπάρνησαι
1037 1110 1137 1175 τὴν
1193 1108 1325 1185 πρὸς
1355 1107 1512 1162 αὒτὸν
1542 1105 1718 1185 φιλίαν
1747 1105 1836 1161 καὶ
1881 1106 1956 1161 οἰ-

311 1196 590 1263 κειότητα,
626 1197 849 1264 Σκώληξ
902 1196 956 1254 δὲ
1028 1198 1116 1253 καὶ
1169 1205 1270 1273 πῦρ
1300 1192 1591 1266 κολάζοντα
1633 1194 1751 1259 τούς
1782 1194 1959 1269 ἀμαρ-

310 1284 537 1353 τωλοὸς,
584 1289 619 1355 ἡ
664 1285 953 1354 συνείδησίς
994 1289 1138 1343 ἔστιν
1168 1284 1417 1358 ἑκάστου,
1460 1284 1604 1352 καὶῆ
1634 1284 1825 1359 μνήμη
1854 1287 1961 1338 τῶν

311 1376 660 1455 πραχθέντων
714 1378 768 1432 ἓν
823 1380 901 1451 τῷ
950 1377 1048 1453 βίῳ
1104 1376 1275 1449 τούτῳ
1328 1374 1586 1453 αἰσχρῶν·
1622 1371 1742 1440 ἥτις
1781 1372 1959 1449 ὣσπερ

310 1463 527 1531 σκώληξ
582 1463 947 1545 καταδαπανᾷ,
1006 1465 1095 1521 καὶ
1159 1466 1233 1528 ὡς
1290 1464 1391 1543 πῦρ
1420 1460 1626 1543 φλέγει,
1663 1467 1773 1524 Πᾶς
1831 1461 1954 1538 γὰρ,

312 1554 467 1628 φησὶ,
528 1554 647 1631 πυρὶ
702 1553 1067 1627 ἁλισθήσεται,
1128 1550 1391 1631 τουτέστι,
1489 1548 1958 1626 δοκιμασθήσεται.

312 1640 487 1721 Ὀπερ
536 1644 623 1698 καὶ
692 1644 719 1699 6
765 1646 973 1707 Παῦλος
1016 1641 1182 1721 λέγει,
1235 1638 1321 1697 ὅτι
1366 1641 1487 1720 πυρί
1516 1637 1960 1714 δοκιμασθήσεται

315 1731 489 1787 πάντα
520 1732 659 1807 (71).
697 1734 794 1790 Καὶ
824 1740 968 1790 πᾶσα
996 1730 1074 1806 δὲ,
1106 1732 1259 1811 φησὶ,
1318 1731 1467 1787 θυσία
1521 1728 1614 1785 ἀλὲ
1671 1727 1959 1818 $46M“:-
1985 1771 2021 1818 Β

312 1842 424 1879 ται.
501 1828 665 1880 Τοῦτο
734 1819 789 1877 δὲ
858 1822 963 1879 ἀπὸ
1008 1820 1099 1878 τοῦ
1155 1826 1435 1878 Δευϊτικοῠ
1459 1820 1639 1880 εἶπεν.
1673 1815 1827 1874 Ἐκεῖ
1861 1817 1960 1896 γὰρ

311 1932 476 1989 φησιν
508 1913 535 1967 6
566 1912 717 1990 Θεὸς,
746 1917 854 1966 Πᾶν
885 1908 1050 1990 δῶρον
1079 1910 1257 1974 θυσίας
1286 1911 1441 1985 ἡμῶν
1459 1906 1591 1987 (72)
1616 1907 1697 1963 ἁλῖ
1731 1904 1957 1976 ἁλισθή-

310 2020 485 2061 σεται.
522 1998 692 2058 Καλὸν
738 1999 827 2056 οὖν
856 1998 997 2056 ἐστιν
1026 2000 1170 2075 ἡμᾶς
1202 1997 1395 2070 ἁλίζειν
1432 1999 1527 2061 τὰς
1556 1996 1733 2059 θυσίας
1803 1998 1960 2070 ἡμῶν

307 2095 388 2161 τῷ
445 2088 600 2145 ἅλατι
642 2097 733 2147 τοῦ
777 2093 929 2164 Θεοῦ,
961 2088 1222 2158 τουτέστι,
1269 2088 1347 2164 μὴ
1388 2085 1740 2162 ἑκλελυμένας
1781 2084 1959 2147 θυσίας

309 2179 399 2233 καὶ
453 2180 706 2255 ῥᾳθύμους
775 2179 1109 2258 προσφέρειν,
1160 2176 1296 2235 ἀλλά
1344 2176 1600 2257 πρυφνάς
1644 2176 1735 2231 καὶ
1776 2178 1955 2231 νοστί-

308 2290 471 2341 μους.
507 2260 687 2332 ’Ἃλας
714 2266 768 2324 δὲ
799 2267 942 2347 λέγει
974 2270 1061 2325 καὶ
1116 2269 1238 2334 τοὺς
1308 2267 1633 2330 ἀποστόλους
1665 2267 1692 2321 6
1744 2264 1953 2343 Κύριος,

307 2358 397 2412 καὶ
456 2359 653 2424 πάντις
724 2357 908 2422 ἁπλῶς
978 2359 1097 2421 τοὺς
1143 2356 1359 2434 δύναμιν
1390 2356 1616 2437 ἔχοντας
1648 2352 1959 2420 συνεκτικὴν

309 2447 399 2503 καί
453 2445 779 2515 ωνδετικὴν.
816 2437 1035 2527 υΩσπερ
1084 2448 1183 2526 γὰρ
1211 2449 1273 2504 τὸ
1302 2445 1432 2509 ἃλας
1463 2445 1675 2524 συνέχει
1708 2444 1773 2500 τὰ
1801 2441 1953 2520 κρέα,

310 2537 398 2591 καὶ
467 2536 561 2593 οΒκ
629 2537 689 2610 ἐᾷ
720 2536 849 2593 αὖτᾶ
878 2535 1163 2602 σκώληκας
1192 2542 1402 2614 γεννᾷν,
1465 2534 1603 2592 οὕτω
1632 2535 1718 2590 καὶ
1747 2535 1775 2589 6
1806 2529 1957 2587 διδα-

310 2624 565 2691 σκαλικὸς
622 2625 805 2706 λόγος,
865 2625 957 2681 ἑὰν
1015 2626 1266 2706 στρυφνὸς
1335 2623 1451 2697 εἴη,
1505 2624 1627 2687 τοὺς
1676 2622 1953 2701 σαρκικοὺς

307 2714 609 2787 ἀνθρώπους
673 2716 997 2796 συσφίγγων,
1058 2715 1151 2773 οὒκ
1179 2718 1242 2787 ὶᾷ
1298 2712 1351 2769 ἐν
1380 2712 1562 2779 αὖτοϊς
1634 2714 1952 2791 γεννηθῆναι

304 2806 397 2859 τὸν
455 2805 746 2881 ἀκοίμητον
792 2804 1069 2871 σκώληκα.
1149 2801 1273 2861 Ἐὰν
1331 2800 1387 2858 δὲ
1416 2804 1443 2858 6
1472 2800 1781 2867 διδάσκαλος
1818 2801 1953 2857 ἀνα-

306 2899 398 2958 λος
459 2896 577 2969 εἴη,
606 2895 802 2971 καὶμὴ
848 2892 954 2974 ἔχῃ
1011 2895 1072 2949 τὸ
1117 2894 1371 2972 στρυφνὸν
1402 2893 1489 2948 καὶ
1544 2890 1867 2967 συνδετικὸν,
1895 2892 1953 2945 ἓν

303 2983 401 3037 τίνι
467 2982 829 3057 ἁλισθήσεται,
904 2982 1196 3053 τουτέστιν,
1272 2982 1617 3060 ἀρτυθήσεται
1668 2999 1684 3060 ς
1732 2977 1953 3059 ’Ἔχετε

306 3071 393 3127 οὖν
452 3071 507 3126 ἐν
572 3073 785 3137 ἐαυτιῐς
843 3071 1006 3145 ἅλας,
1044 3070 1206 3150 ἤγουν
1252 3070 1349 3138 την
1378 3068 1625 3145 νόστιμον
1656 3068 1814 3147 χάριν
1860 3072 1953 3123 τοῦ

2053 577 2144 630 tus
2172 576 2261 630 est
2281 569 2375 631 his
2404 570 2505 651 qui
2553 571 2977 651 scandalizent,
3005 576 3163 656 quod
3189 577 3498 657 expediret
3525 578 3616 642 eis
3645 579 3693 639 si

2051 658 2487 738 projicerentur
2548 661 2603 722 in
2658 680 2841 738 mare,
2897 682 3055 726 nunc
3103 665 3384 729 admonet
3428 685 3530 729 eos
3592 668 3696 746 qui

2049 747 2544 825 scandalizentur,
2579 758 2642 811 ut
2683 764 2927 813 caveant
2970 752 3083 815 sibi
3132 753 3204 815 ab
3236 754 3328 816 his
3359 755 3459 836 qui
3512 758 3697 837 parati

2050 844 2185 926 sunt
2215 838 2520 901 offendere
2542 849 2598 901 et
2628 843 3027 904 scandalizare
3050 843 3221 906 alios.
3244 842 3390 905 Nam
3421 844 3544 906 sive
3567 864 3690 926 pes,

2048 924 2171 986 sive
2203 945 2435 1009 manus,
2470 929 2592 989 sive
2629 930 2836 991 oculus
2886 931 3064 992 fuerit
3093 932 3193 1013 qui
3224 924 3581 994 scandalizat
3612 944 3691 1010 te,

2049 1013 2160 1074 hoc
2194 1020 2686 1097 est,quantumvis
2718 1018 2793 1079 sit
2814 1020 2916 1080 tibi
2947 1020 3276 1097 familiaris,
3325 1022 3555 1082 etiamsi
3588 1022 3695 1083 tibi

2048 1104 2335 1183 sanguine
2357 1107 2602 1185 junctus
2624 1108 2721 1182 sit,
2752 1109 2841 1170 vel
2871 1109 3051 1184 utilis,
3077 1119 3315 1191 amputa
3356 1110 3547 1185 illum,
3583 1112 3695 1172 hoc

2047 1201 2134 1253 est
2162 1195 2436 1257 renuntia
2470 1197 2599 1276 ejus
2628 1197 2905 1260 amicitia;
2934 1207 2994 1260 et
3017 1200 3421 1263 familiaritati.
3454 1200 3692 1262 Vermis

2043 1290 2236 1343 autem
2274 1292 2330 1344 et
2356 1284 2509 1364 ignis
2552 1306 2681 1367 quae
2712 1289 2965 1367 puniunt
3004 1298 3370 1370 peccatores,
3403 1289 3694 1365 uniuscu-

2034 1370 2246 1451 jasque
2272 1382 2413 1438 sunt
2450 1378 2832 1454 conscientia,
2860 1387 2918 1440 et
2964 1379 3253 1440 memoria
3306 1396 3510 1439 eorum
3565 1396 3695 1459 quae

2046 1460 2106 1520 in
2140 1462 2249 1523 hac
2282 1465 2396 1525 vita
2420 1465 2574 1527 foede
2596 1476 2733 1528 sunt
2763 1476 2894 1530 acta
2929 1489 2941 1530 :
2978 1471 3118 1546 quia
3148 1468 3316 1549 quasi
3340 1468 3559 1529 vermis
3580 1468 3691 1531 ab-

2043 1552 2247 1628 sumit,
2281 1562 2339 1613 et
2368 1556 2533 1633 quasi
2605 1556 2760 1635 ignis
2817 1557 3004 1620 ardet.
3038 1555 3247 1619 Omnis
3298 1557 3457 1618 enim
3513 1557 3691 1619 homo

2044 1637 2182 1728 igne
2212 1644 2597 1728 salietur,hoc
2629 1655 2739 1721 est,
2771 1646 3115 1726 probabitur
3141 1669 3156 1707 :
3192 1647 3255 1707 id
3284 1646 3442 1728 quod
3468 1654 3527 1708 et
3553 1646 3693 1709 Pau-

2045 1727 2136 1790 lus
2165 1726 2514 1814 dicit,'quod
2534 1734 2595 1795 in
2624 1734 2761 1813 igne
2792 1734 3197 1815 probabuntur
3226 1726 3524 1799 omnia.Et
3555 1755 3689 1797 om-

2046 1820 2160 1895 nis,
2216 1823 2422 1904 inquit,
2451 1824 2687 1885 victima
2732 1824 2854 1886 sale
2902 1824 3168 1889 salietur.
3214 1824 3339 1886 Hoc
3397 1833 3593 1886 autem
3620 1843 3690 1887 ex

2045 1908 2303 1973 Levitico
2336 1912 2597 1975 dixit.lbi
2628 1913 2787 1973 enim
2818 1913 3008 1993 inquit
3038 1914 3217 1995 Deus,
3242 1912 3433 1976 Omne
3467 1912 3687 1975 donum

2046 1997 2295 2063 victima:
2325 2011 2533 2065 vestrae
2563 2002 2807 2065 satietur
2848 2005 2933 2066 88.
2960 2005 3187 2065 Bonum
3242 2003 3419 2083 igitur
3459 2010 3550 2064 est
3582 2021 3690 2064 nos

2042 2088 2168 2150 sale
2220 2091 2463 2152 condire
2513 2092 2807 2153 sacriﬁcia
2867 2099 3087 2167 nostra,
3122 2092 3244 2154 sale
3273 2092 3403 2169 Dei,
3439 2093 3551 2154 hoc
3575 2099 3687 2168 est,

2018 2196 2161 2251 ,non
2188 2182 2404 2243 offerre
2434 2181 2699 2243 victimas
2730 2181 2999 2244 inﬁrmas
3032 2191 3090 2243 et
3110 2184 3326 2264 pigras,
3364 2182 3469 2244 sed
3509 2200 3689 2260 vege-

2042 2276 2127 2329 tas
2159 2278 2215 2330 et
2243 2288 2468 2332 suaves.
2518 2269 2615 2333 Sal
2645 2279 2839 2332 autem
2872 2271 3016 2333 dicit
3043 2271 3217 2333 etiam
3249 2272 3547 2352 apostolos
3568 2271 3689 2333 Do-

2042 2361 2263 2431 minus,
2297 2368 2355 2419 et
2385 2379 2593 2423 omnes
2642 2359 2994 2442 simpliciter
3020 2360 3120 2442 qui
3152 2360 3429 2423 virtutem
3470 2360 3693 2422 habent

2038 2448 2455 2523 conservandi,
2491 2457 2548 2510 et
2589 2467 2622 2510 a
2647 2448 2961 2529 putredine
2991 2448 3333 2510 cohibendi.
3360 2451 3506 2510 Nam
3539 2449 3695 2510 sicut

2040 2537 2127 2596 sal
2160 2555 2398 2598 carnem
2435 2538 2805 2618 proliibet,et
2836 2557 2953 2599 non
2988 2538 3130 2599 sinit
3158 2556 3389 2599 vermes
3419 2557 3689 2619 procrea-

2038 2643 2127 2702 re,
2154 2627 2311 2688 itaet
2341 2645 2536 2689 sermo
2569 2629 2849 2703 doctoris,
2891 2628 2937 2686 si
2968 2646 3182 2689 recens
3212 2636 3267 2688 et
3300 2628 3541 2688 mordax
3590 2629 3688 2707 sit,

2037 2716 2303 2776 carnales
2338 2717 2612 2779 homines
2642 2716 3080 2795 constringens,
3114 2735 3232 2777 non
3273 2716 3415 2776 sinit
3440 2716 3499 2777 in
3547 2716 3691 2796 ipsis

2037 2806 2311 2880 generari
2366 2824 2604 2867 vermen
2665 2805 3080 2884 irrequietum.
3140 2804 3201 2867 Si
3233 2812 3433 2866 autem
3481 2806 3692 2868 doctor

2037 2894 2299 2955 insulsus
2321 2895 2519 2972 fuerit,
2551 2903 2608 2955 et
2638 2894 2786 2955 nihil
2822 2894 3035 2955 habeat
3060 2894 3217 2975 quod
3244 2895 3611 2973 constringat
3634 2904 3691 2955 et

2037 2984 2331 3059 cohibeat,
2364 2984 2424 3045 in
2455 3004 2570 3065 quo
2603 2983 2872 3058 salietur,
2901 2983 3012 3044 hoc
3044 2991 3154 3059 est,
3203 2983 3545 3045 condietur?
3573 2983 3689 3045 Ha-

2039 3072 2173 3134 bete
2206 3074 2383 3152 igitur
2414 3074 2475 3135 in
2506 3072 2819 3154 vobisipsis
2872 3072 3082 3154 salem,
3132 3074 3244 3135 hoc
3286 3081 3398 3154 est,
3446 3091 3684 3135 suavem
3716 3100 3723 3103 ·

313 3162 611 3234 Ιινεόμοτος
659 3164 747 3218 καὶ
825 3162 1161 3229 συνεκτικὴν,
1217 3162 1291 3223 ὡς
1349 3160 1409 3215 ἂν
1463 3158 1765 3238 εἰρηνεύητε
1820 3157 1952 3235 πρὸς

2040 3160 2295 3242 Spiritus
2333 3163 2606 3243 gratiam,
2640 3180 2772 3241 quae
2792 3161 3174 3237 cohibeat,ita
3203 3163 3510 3243 utpaciﬁci
3533 3162 3683 3223 sitis.

308 3248 597 3319 ἀλλήλους,
661 3242 718 3308 Ὀ
776 3252 876 3330 γὰρ
933 3257 1010 3324 τῷ
1066 3248 1337 3326 συνδέσμῳ
1364 3254 1461 3315 τῆς
1490 3244 1701 3326 ἀγάπης
1723 3269 1952 3327 συσφιγ-

309 3340 535 3417 γὸμενος
580 3344 710 3420 πρὸς
765 3344 858 3397 τὸυ
892 3339 1142 3411 πλησίον,
1190 3340 1340 3404 οὗτος
1365 3337 1495 3401 ἅλας
1528 3337 1669 3418 ἔχει,
1701 3338 1789 3394 καί
1831 3335 1952 3394 λοι-

308 3431 409 3486 πὸν
443 3430 695 3509 εἰρηνεύει
724 3433 853 3507 πρὸς
880 3432 973 3487 τὸν
1003 3428 1229 3510 ἀδελφὸν
1260 3428 1439 3527 αὐτοῦ.

956 3525 1207 3581 ΚΕΦΑΛ.
1234 3525 1297 3582 1⁷.

303 3616 426 3690 Περὶ
507 3617 613 3671 τῶν
698 3613 1169 3692 ἐπερωτησάντων,
1266 3613 1310 3668 εἰ
1408 3610 1604 3677 ἔξεστιν
1700 3610 1949 3692 ἀπολυειν

382 3688 481 3762 τὴν
568 3688 822 3774 γυναῖκα.
884 3695 1005 3769 Περὶ
1057 3703 1147 3753 τοῦ
1211 3694 1644 3774 ὶπερωτςήσαντος
1702 3688 1947 3774 πλουσίου

385 3778 476 3831 τὸν
532 3770 761 3843 Ἰησοῦν.
822 3774 945 3831 Πεόὶ
999 3781 1106 3831 τῶν
1148 3776 1272 3833 υἱῶν
1310 3770 1651 3853 Ζεϐεδαίου.¹
1684 3772 1808 3849 Περὶ
1854 3775 1947 3826 τοῦ

384 3859 723 3935 Βαρτιμαίου.

383 3969 410 3998 α
452 3946 705 4005 Κάκεῖθεν
771 3944 793 3988 ἕ
815 3946 1035 4019 mm,
1118 3942 1331 4023 ἔρχεται
1416 3943 1487 4005 εὶς
1553 3942 1619 3997 τὰ
1688 3940 1805 4020 ὅρια
1854 3944 1952 4006 τῆς

299 4032 554 4099 ἰουδαίας
610 4034 695 4092 διὰ
748 4041 842 4093 τοῦ
893 4033 1056 4114 πέραν
1124 4040 1216 4090 τοῦ
1259 4030 1543 4111 Ἰορδάνου,
1604 4031 1689 4087 καὶ
1738 4051 1953 4105 συμπο-

297 4128 536 4201 ρεύονται
593 4124 753 4181 πάλιν
822 4123 980 4204 ὃχλοι
1063 4124 1195 4196 πρὸς
1265 4121 1444 4181 αὖτόν.
1506 4122 1603 4178 Καὶ
1646 4122 1719 4185 ὡς
1774 4118 1945 4175 εἰώθει

299 4213 461 4269 πάλιν
518 4212 779 4270 ἐδίδασκεν
835 4214 1042 4277 αὐτούς.
1112 4215 1208 4271 Καὶ
1292 4209 1665 4290 προσελθόντες
1723 4210 1770 4265 οἱ
1825 4216 1947 4265 Φα-

2037 3251 2180 3312 Nam
2245 3255 2346 3333 qui
2412 3252 2838 3330 constringitur
2892 3252 3184 3315 charitaie
3267 3270 3406 3331 erga
3482 3253 3677 3332 proxi.

2040 3361 2223 3424 mum,
2258 3343 2354 3405 hic
2384 3342 2570 3405 salem
2601 3341 2801 3418 habet,
2838 3350 2896 3403 et
2918 3342 3196 3420 paciﬁcus
3229 3350 3319 3404 est
3347 3360 3481 3403 cum
3505 3341 3686 3404 fratre

2035 3450 2163 3495 SUO.

2687 3525 2933 3591 CAPUT
2976 3528 3052 3589 Χ.

2034 3620 2113 3682 Dc
2145 3621 2693 3703 interrogantibus,
2727 3639 2875 3683 num
2923 3621 3133 3683 ticeret
3188 3622 3491 3703 dimittere
3537 3641 3683 3684 uxo-

2114 3720 2265 3765 rem.
2294 3704 2378 3764 De
2406 3703 2595 3765 divite
2621 3701 2825 3765 Jeeum
2852 3703 3278 3781 interrogante.
3306 3701 3389 3763 De
3408 3703 3557 3781 ﬁliis
3573 3703 3684 3765 Ze—

2113 3784 2317 3846 bedai.
2354 3784 2439 3845 De
2468 3785 2799 3847 Bartimwo
2826 3800 2997 3845 caeco.

2117 3962 2292 4027 Vens.
2330 3963 2462 4026 1-9.
2505 3964 2784 4026 «Etcum
2818 3964 2957 4025 inde
3010 3960 3384 4036 surrexisset,
3429 3964 3589 4024 venit
3619 3964 3681 4026 in

2036 4043 2186 4106 fines
2223 4044 2442 4108 Judaeze
2499 4064 2608 4125 per
2658 4046 2991 4127 regionem,
3025 4062 3156 4125 qua;
3187 4049 3275 4127 est
3302 4043 3455 4127 ultra
3473 4043 3681 4127 Jorda-

2035 4144 2197 4194 nem,
2232 4134 2289 4188 et
2318 4127 2679 4189 conveniunt
2702 4125 2937 4189 rursum
2984 4127 3168 4187 turbae
3195 4126 3335 4184 222
3381 4125 3455 4186 ad
3486 4125 3676 4197 illum,

2032 4214 2090 4266 et
2143 4207 2295 4268 sicut
2346 4217 2752 4281 consueverat,
2818 4225 3053 4279 rursum
3116 4206 3369 4267 docebat
3425 4223 3546 4268 eas.
3609 4210 3679 4269 Et

300 4317 523 4376 ρισαΐοι,
584 4303 938 4382 ἐπηρώτησαν
984 4301 1161 4376 αὐτὸν,
1212 4302 1269 4359 Εἰ
1312 4300 1507 4367 ἔξεστιν
1546 4296 1687 4376 ἀνδρὶ
1716 4311 1943 4377 γυναῖκα

2040 4295 2321 4357 adeuntes
2360 4298 2639 4360 Pharisaei
2690 4297 3131 4375 interrogabant
3178 4296 3343 4356 illum
3386 4316 3399 4358 :
3444 4296 3678 4358 Licetne

298 4390 608 4471 ἀπολῦσαις
670 4381 1001 4471 πειράζοντες
1090 4389 1265 4449 αὐτόν.
1353 4381 1410 4447 Ὀ

298 4482 454 4537 εἶπεν
527 4485 728 4548 αὐτοῖς·
804 4483 864 4540 Τί
919 4482 1047 4556 ὑμῖν
1123 4478 1415 4535 ἐνετείλατο
1464 4482 1714 4554 Μωσῆς,
1774 4477 1835 4533 Ol.
1889 4474 1943 4531 δὲ

297 4571 460 4626 εἶπον
518 4575 680 4646 αὐτῷ.
737 4575 936 4637 Μωσῆς
1012 4566 1267 4644 ἐπέτρεψε
1350 4565 1548 4643 βιϐλίον
1622 4564 1943 4623 ἀποστασίου

296 4661 521 4737 γράψαι,
583 4664 671 4719 καὶ
728 4659 1013 4721 ἀπολῦσαι,
1076 4658 1175 4716 Καὶ
1243 4657 1537 4736 ἀποκριθεὶς
1609 4659 1636 4713 6
1710 4653 1940 4734 ⁹ιησοῡς,

300 4749 459 4804 εἶπεν
511 4752 717 4813 αὺτοῖς*
778 4751 915 4829 Πρὸς
965 4748 1063 4815 τὴν
1140 4744 1555 4825 σκληροκαρδίαν
1608 4747 1755 4821 ὑμῶν
1785 4745 1943 4828 ἔγρα-

298 4844 399 4909 ψεν
457 4839 586 4914 ὑμῖν
634 4840 735 4907 τὴν
790 4836 1009 4907 ἐντολὴν
1062 4837 1283 4903 ταύτην,
1332 4833 1467 4891 Ἀπὸ
1513 4833 1567 4891 δὲ
1611 4836 1787 4915 ἀρχῆς
1824 4838 1943 4893 κτί-

299 4948 436 4990 σεως
488 4926 641 5006 ἄρσεν
710 4931 797 4986 καὶ
826 4927 956 4997 θῆλυ
998 4928 1246 4994 ἐποίησεν
1285 4926 1471 4989 αὐτοὺς
1520 4928 1547 4982 6
1580 4934 1729 4991 Θεος.
1766 4917 1943 4984 ’Ἕνε-

300 5038 391 5071 κεν
458 5019 641 5075 τούτου
712 5017 1018 5094 καταλείψει
1080 5016 1348 5093 ἂνθρωπος
1418 5016 1508 5071 τὸν
1558 5014 1758 5095 πατέρα
1788 5017 1944 5074 αὑτοῦ

381 5132 445 5182 88
472 5131 655 5194 Levit.
690 5149 754 5205 ii,
795 5132 887 5197 13.

1502 4387 1555 4445 δὲ
1640 4386 1941 4467 ἀποκριθεὶς

2040 4385 2149 4447 viro
2182 4405 2426 4448 uxorem
2455 4387 2801 4467 repudiare?
2831 4394 3124 4447 tentantes
3146 4385 3422 4447 illum.At
3452 4385 3553 4447 ille
3572 4404 3674 4449 re-

2027 4476 2331 4555 spondens
2361 4476 2508 4537 dixit
2537 4475 2835 4549 illiszQuid
2869 4476 3034 4537 vobis
3063 4475 3343 4556 praecepit
3375 4476 3678 4539 .itoses‘2At

2026 4564 2114 4625 illi
2138 4566 2635 4627 dixeruntzhloses
2668 4565 2937 4646 permisit
2966 4565 3230 4627 libellum
3264 4565 3498 4645 repudii
3519 4568 3675 4627 scri-

2028 4654 2171 4716 bere
2201 4674 2268 4718 ac
2301 4656 2699 4718 dimittere.Et
2724 4656 3097 4735 respondens
3124 4655 3298 4717 Jesus
3329 4654 3474 4716 dixit
3502 4656 3621 4716 illis
3656 4674 3668 4718 :

2027 4744 2117 4806 Ad
2150 4746 2427 4807 duritiem
2446 4744 2641 4807 cordis
2671 4746 2843 4807 vestri
2862 4745 3100 4825 scripsit
3128 4745 3292 4805 vobis
3314 4754 3675 4825 praeceptum

2026 4834 2225 4898 istud:
2262 4843 2537 4897 caeterum
2572 4834 2644 4895 ab
2674 4834 2841 4895 initio
2885 4834 3203 4896 creationis
3254 4834 3584 4895 masculum
3618 4844 3672 4896 et

2025 4924 2309 4986 feminam
2367 4924 2506 4986 fecit
2553 4924 2685 4985 illos
2733 4924 2925 4986 Deus:
2964 4931 3204 5005 propter
3232 4925 3345 4986 hoc
3375 4924 3676 5004 relinquet

2026 5015 2206 5077 homo
2240 5022 2464 5095 patrem
2498 5032 2671 5075 suum
2696 5022 2755 5077 et
2785 5022 3056 5089 matrem,
3081 5023 3140 5076 et
3161 5013 3671 5075 adhaerebituxori

1380 5248 1469 5314 Ex
1499 5249 1817 5318 collatione
1842 5258 2018 5323 codd.
2050 5261 2261 5323 Venet.
2295 5258 2356 5323 S.
2391 5258 2591 5322 Marci.

382 5370 506 5450 (τι)
535 5371 679 5438 Cod.
718 5373 798 5440 26
829 5374 1044 5440 addit:
1101 5365 1183 5432 ’Ἠ
1236 5375 1323 5431 καὶ
1372 5372 1532 5449 οὕτω,
1599 5381 1704 5440 Πᾶς
1754 5380 1941 5445 πιστὸς

298 5455 415 5537 περὶ
468 5460 584 5537 Δτῆς
636 5458 780 5537 πρὸς,
818 5460 948 5514 Θεὸν
1003 5457 1253 5537 πίστεως,
1286 5452 1323 5523 ἧ
1374 5460 1474 5523 τῆς
1510 5455 1642 5534 πρὸς
1674 5458 1763 5514 τὸν
1794 5459 1941 5527 πλη-

294 5534 406 5588 σίον
458 5532 689 5614 ἀγάπης
738 5535 1098 5613 ἀλισθήσεται,
1158 5536 1323 5613 ἢγουν
1381 5538 1480 5603 τὴν
1548 5532 1814 5604 άηπεδόνα
1872 5546 1941 5608 τῆ

294 5614 485 5697 κακίας
543 5614 832 5697 ἀποϐαλεῖ,
891 5619 926 5687 ἢ
1011 5618 1356 5697 ἀρτυτήσεται
1425 5616 1511 5673 καὶ
1552 5616 1677 5685 ἡδὺς
1706 5623 1783 5694 τῷ
1827 5628 1942 5693 Θεῷ

295 5694 598 5765 γενήσεται.
635 5699 731 5757 Καὶ
802 5694 945 5756 πᾶσα
975 5694 1057 5779 δὲ,
1086 5698 1236 5780 φησὶ,
1270 5698 1437 5771 θυσία,
1468 5719 1522 5759 κ.
1558 5718 1601 5756 τ.
1642 5697 1695 5762 λ.
1754 5725 1781 5755 ι
1834 5699 1938 5763 Vel

2026 5380 2199 5440 etiam
2232 5378 2360 5459 sic:
2397 5376 2604 5441 Omnis
2649 5380 2839 5441 ﬁdelis
2896 5381 3034 5459 igne
3093 5379 3230 5440 ﬁdei
3276 5380 3336 5440 in
3389 5381 3577 5442 Deum
3610 5390 3671 5440 et

2025 5458 2333 5541 charitatis
2363 5476 2502 5541 erga
2531 5461 2861 5538 proximum
2892 5458 3304 5541 salietur.rhoc
3337 5460 3672 5541 est,impie-

2025 5540 2158 5619 tatis
2189 5539 2557 5619 putredinem
2587 5541 2861 5619 abjiciet:
2897 5542 2987 5604 vel
3033 5539 3453 5616 condietur,ac
3474 5539 3670 5602 suavis

2023 5618 2277 5703 Domino
2299 5619 2609 5703 efﬁcietur.
2640 5618 2721 5703 Ει
2742 5626 2953 5702 omnis,
2985 5621 3205 5703 inquit,
3230 5623 3661 5697 victima,etc.n

2107 5700 2225 5779 (72)
2255 5702 2557 5780 Interpres
2587 5700 2725 5782 legit
2752 5706 2921 5782 ὑμῶν,
