4162 6228
452 331 570 395 595
1426 328 2011 397 THEOPHYLACTI
2058 330 2095 391 Β

2196 330 2464 393 ιϐΑΒΙιΕ
2506 332 2741 395 ΛΒΟΗΙ
2751 326 2860 395 ΕΡ.
3720 320 3839 386 596

450 474 594 537 sua,
635 463 697 518 et
721 455 869 544 tient
896 455 1013 519 duo
1044 473 1183 519 caro
1209 474 1349 520 una.
1401 455 1608 537 Itaque
1655 476 1772 520 non
1805 460 1929 539 jam
1961 471 2093 523 sunt

2196 464 2266 517 ιαὶ
2325 463 2419 530 τὴν
2478 464 2711 543 μητέρα,
2784 469 2881 524 Καὶ
2961 465 3488 544 προτκολληϐήσεται
3549 466 3683 542 πρὸς
3741 462 3839 528 τὴν

453 545 593 622 duo,
628 543 736 607 sed
772 563 888 607 una
939 563 1097 607 caro.
1140 546 1309 619 Quod
1350 545 1531 625 igitur
1583 545 1740 610 Deus
1779 550 2095 630 capulavit,

2192 564 2406 628 γυναῖκα
2464 552 2643 628 αὑτοῦ,
2692 555 2780 611 καὶ
2822 553 3029 612 ἔσονται
3088 557 3135 611 οἱ
3198 553 3289 611 δύο
3332 556 3409 630 είςΔ
3451 553 3621 623 σάρκα
3666 550 3793 628 μίαν
3819 567 3835 580 ’

453 634 629 697 homo
661 652 737 696 ne
767 641 1029 715 separet.
1068 660 1092 689 ι
1128 633 1554 716 Saepenumero
1583 627 1960 719 relinquebat
1990 641 2096 702 Do-

2197 627 2317 696 ὗστε
2348 640 2520 699 οὑκέτι
2552 627 2651 699 εἶσὶ
2696 640 2806 715 δύο,
2854 641 2991 701 ἀλλά
3044 644 3136 717 μία
3190 641 3337 721 σάρξ.
3375 627 3450 701 αὈ
3484 642 3573 699 οὖν
3616 643 3645 697 6
3707 640 3840 702 Θεὸς

454 726 649 785 minus
675 721 913 787 Iudaeos
935 732 1178 805 propter
1206 723 1483 786 invidiam
1508 725 1766 799 illorum,
1802 748 1958 790 nunc
1989 748 2097 791 an-

2199 728 2496 803 τυνὲζευξεν,
2531 730 2804 811 ἅνθρωπος
2864 733 2942 808 μὴ
3003 731 3307 812 χωριζτέω.
3350 754 3373 789 s
3433 737 3687 810 Σδνεχῶς
3738 729 3842 795 τὴν

455 821 572 876 tem
610 813 829 876 iterum
862 815 921 876 in
953 830 1161 876 eorum
1194 813 1498 902 regionem
1528 817 1756 892 transit,
1789 818 1928 898 quia
1961 837 2098 898 pas-

2191 814 2434 875 ἰουδαίαν
2478 821 2617 902 ἀφίει
2662 824 2689 878 6
2737 823 2922 900 Κύριος
2984 820 3069 877 διὰ
3113 822 3210 889 τὴν
3257 822 3546 898 βασκανίαν
3598 818 3834 887 ἐκείνων,

454 902 642 965 sionis
673 910 908 985 tempus
928 901 1587 984 appropinquabat.Nec
1616 923 1752 966 vero
1770 905 2097 989 Hierosoly-

2196 913 2269 963 νῦν
2318 915 2406 965 οὑν
2461 901 2829 990 ἐπιχωριάζει,
2893 909 3075 978 ἐπειδὴ
3108 912 3166 966 τὸ
3197 912 3364 973 πάθος
3398 908 3555 988 ἐγγὺς
3614 903 3839 983 ἔμελλεν

454 1011 552 1055 ma
580 1011 740 1053 nunc
769 990 1060 1068 ascendit,
1091 991 1195 1053 sed
1232 991 1295 1053 in
1324 992 1473 1054 ﬁnes
1498 993 1736 1076 Judaete,
1769 1003 1835 1057 ut
1884 997 2097 1077 populo

2195 995 2347 1055 εἶναι.
2396 1001 2469 1057 Οὑ
2512 999 2619 1074 μὴν
2665 1001 2737 1066 εἷς
2779 1001 2846 1056 τὰ
2905 991 3246 1079 Ἰεροσόλυμα
3292 996 3465 1055 ἄνεισι
3498 997 3655 1068 τέως,
3716 993 3838 1051 ἀλλ’

453 1082 713 1162 simplici
745 1081 1492 1163 prodesset.ﬂierosolyma
1521 1083 1681 1147 enim
1710 1085 1902 1146 omnis
1928 1087 2096 1147 mali-

2194 1086 2257 1147 εἶς
2299 1087 2365 1141 τὰ
2409 1090 2507 1156 τῆς
2569 1087 2815 1154 Ἰουδαίας
2895 1088 3034 1169 ὅρια,
3093 1089 3187 1145 ἵνα
3262 1089 3354 1144 τὸν
3412 1086 3612 1142 ἄκακον
3670 1082 3837 1163 ὄχλον

457 1171 552 1232 tia;
571 1170 807 1232 ofﬁcina
837 1178 1026 1246 erant,
1061 1178 1300 1252 propter
1326 1171 1753 1234 Pharisaeorum
1789 1175 2096 1240 malitiam.

2192 1173 2459 1253 ὠφελήσῃ.
2522 1178 2598 1236 Τὰ
2668 1180 2767 1258 γὰρ
2826 1168 3165 1258 Ἱεροσόλυμα
3209 1178 3385 1244 πάσης
3429 1176 3613 1239 κακίας
3673 1174 3835 1254 ἐργα-

456 1258 611 1322 Vide
640 1278 779 1339 ergo
812 1258 1094 1321 malitiam
1127 1260 1388 1335 illorum,
1410 1262 1705 1341 quomodo
1733 1271 1957 1326 tentent
1979 1265 2099 1329 Do-

2191 1266 2400 1342 στήριον
2456 1267 2617 1341 ἦσαν,
2703 1265 2789 1323 διὰ
2863 1267 2963 1335 τὴν
3033 1272 3139 1323 τῶν
3195 1266 3496 1346 Φαρισαίων
3554 1264 3834 1343 πονηρίαν.

459 1349 711 1423 minum,
737 1367 855 1410 non
885 1349 1290 1430 relinquentes
1319 1350 1594 1421 illum,ne
1616 1352 1856 1413 credant
1887 1354 1942 1415 ei
1975 1363 2099 1417 tur-

2207 1352 2307 1412 ἰδε
2367 1363 2492 1434 γοῦν
2548 1357 2647 1424 τὴν
2702 1358 2892 1413 κακίαν
2959 1358 3152 1431 αὑτῶν,
3225 1362 3339 1420 πῶς
3388 1355 3689 1434 πειράζουσι
3747 1354 3840 1408 τὸν

458 1436 683 1527 baxsed
702 1438 1329 1519 semperaccedunt,et
1343 1449 1659 1520 sperantse
1677 1443 2101 1522 quaestionibus

2194 1445 2398 1524 Κύριον,
2451 1448 2529 1521 μὴ
2578 1446 2767 1511 ἐῶντες
2822 1448 3005 1527 αὑτὸν,
3075 1445 3170 1503 ἵνα
3214 1445 3565 1503 πιστεύσωσιν
3608 1446 3751 1517 αὑτῴ
3794 1447 3837 1499 οἱ

458 1526 626 1617 illum
640 1527 897 1617 facturos
915 1528 1262 1609 perplexum
1274 1529 1471 1590 animo
1487 1537 1543 1591 et
1559 1532 1979 1595 confutaturos.
1994 1536 2101 1598 Bo-

2195 1532 2370 1614 ςχλοι,
2426 1534 2546 1592 ἀλλ’
2612 1536 2692 1593 ἀεὶ
2772 1526 3200 1617 προσερχόμενοι
3276 1536 3365 1591 καὶ
3421 1533 3725 1595 δοκοῦντες.
3766 1534 3838 1594 εἰς

457 1615 856 1705 gabantenim
889 1618 1277 1699 quastionem
1315 1638 1445 1699 quae
1474 1621 1752 1700 utrinque
1784 1623 2100 1705 praecipitia

2196 1623 2407 1704 ἀπορίαν
2468 1623 2753 1701 ἐμϐάλλειν
2813 1629 2901 1684 καὶ
2942 1615 3310 1701 ἐπιστομίζειν
3361 1622 3443 1679 διὰ
3502 1626 3604 1678 τῶν
3662 1630 3839 1693 ζητη-

458 1704 816 1796 habebatzan
847 1706 1023 1796 liceat
1044 1707 1273 1769 homini
1292 1727 1535 1771 uxorem
1555 1704 2030 1775 dimittere?Nam
2052 1715 2101 1777 si

2193 1714 2391 1789 μάτων.
2440 1713 2756 1787 Ἦρώτησαν
2826 1718 2927 1796 γὰρ
2996 1717 3155 1775 αὑτὸν
3224 1713 3475 1793 ἰρώτημα
3525 1711 3836 1791 ἀμφοτέρω-

458 1793 688 1883 diceret
718 1795 877 1876 quod
903 1796 1111 1859 liceret
1137 1796 1837 1879 absolvere,objecissent
1867 1802 1920 1863 ei
1944 1803 2101 1883 quod

2195 1806 2270 1859 isv
2313 1802 2442 1883 ἔχον
2510 1806 2778 1883 κρημνούς
2812 1788 2853 1836 ⁸-
2892 1788 2950 1863 iii
3019 1804 3216 1871 ἷξεστιν
3252 1788 3532 1880 ’ἀνθρώπῳ
3574 1788 3838 1858 ἀπολῦσαι

458 1881 703 1946 dixisset
725 1892 887 1947 extra
904 1903 1140 1947 causam
1166 1886 1575 1949 fornicationis
1620 1907 1738 1950 non
1780 1881 1976 1953 licere
1995 1892 2101 1955 ab-

2190 1894 2284 1961 τὴν
2326 1881 2555 1972 γυναῖκα
2590 1913 2606 1966 ;
2641 1885 2765 1952 ιἸνα
2794 1894 2881 1952 ἐὰν
2914 1895 3013 1971 μὲν
3046 1893 3178 1969 εἴπῃ
3221 1892 3302 1949 ὅτι
3334 1891 3528 1957 ἔξεστιν
3558 1890 3833 1969 ἀπολύειν,

456 1972 710 2038 solvere.
746 1973 808 2038 Si
829 1983 1025 2037 autem
1060 1976 1287 2039 diceret
1315 1977 1473 2055 quod
1513 1997 1631 2039 non
1664 1978 1896 2053 liceret,
1937 1991 2099 2044 taxa-

2193 1982 2559 2053 ἀπαντήσωσιν
2617 1987 2758 2060 αὑτῷ
2792 2005 2809 2021 ο
2869 1990 2989 2049 Πῶς
3043 1984 3130 2040 οὖν
3174 1987 3334 2044 εἶπας
3373 1979 3460 2037 ὅτι
3488 1980 3641 2044 ἐκτὸς
3674 1980 3836 2058 λόγιιυ

457 2072 593 2123 rent
616 2071 834 2125 eumut
862 2066 1263 2127 adversarium
1303 2066 1592 2130 doctrinis
1627 2068 1799 2130 Mosi.
1834 2071 2100 2133 Christus

2189 2077 2452 2150 πορνείας,
2508 2077 2611 2137 οὑκ
2668 2073 2864 2140 ἔξεστιν
2919 2072 3221 2146 ἀπολύειν;
3284 2073 3408 2130 Ἐαν
3456 2068 3511 2126 δὲ
3561 2071 3696 2147 εἴπῃ
3753 2068 3832 2124 ὅτι

460 2151 768 2243 igitur,qui
798 2159 855 2215 et
885 2154 1172 2243 sapientia
1200 2154 1789 2243 ipsa,respondet‘eis
1820 2178 2102 2240 responso

2190 2165 2282 2220 οὑκ
2334 2161 2554 2243 ἔξεστιν,
2634 2162 2994 2242 ἐγκαλέσωσιν
3069 2164 3213 2236 αὑτῷ
3299 2163 3371 2225 ὡς
3444 2159 3833 2234 ἐναντιουμένῳ

460 2258 575 2331 quo
607 2241 851 2323 laqueos
882 2242 1119 2304 illorum
1144 2244 1372 2325 effugit.
1403 2242 1586 2324 Rogat
1605 2245 1763 2307 enim
1796 2248 1931 2310 illos
1960 2250 2102 2331 quid

2189 2263 2303 2314 τοῖς
2358 2259 2450 2309 τοῦ
2514 2241 2744 2315 Μωσέως
2809 2251 3090 2331 δόγμασιν.
3151 2249 3210 2309 Ὀ
3256 2251 3346 2308 οὖν
3400 2251 3644 2329 Χριστὸς,
3675 2250 3710 2314 ἡ
3743 2248 3832 2303 αὑ-

461 2329 548 2392 eis
562 2333 914 2411 praeceperit
935 2331 1298 2397 Mosesﬂum
1321 2340 1516 2394 autem
1542 2333 1627 2395 illi
1654 2335 1941 2399 dixissent
1962 2329 2104 2419 pra:-

2188 2338 2428 2420 τοσοφία,
2491 2341 2825 2419 ἀποκρίνεται
2881 2329 3064 2405 αὑτοῖς
3122 2339 3398 2419 ἀπόκρισιν
3455 2337 3831 2418 διαφεύγουσαν

460 2428 694 2509 ceptum
728 2438 860 2483 esse
889 2421 1760 2503 dimittendam,interpretatur
1777 2426 1863 2488 eis
1886 2426 2103 2504 legem.

2189 2428 2281 2491 τὰς
2336 2431 2505 2486 αὑτῶν
2560 2429 2805 2509 παγίδας,
2867 2428 3073 2509 Ἐρωτᾷ
3122 2431 3222 2507 γὰρ
3278 2429 3488 2499 αὖτοὺς,
3548 2428 3597 2485 τί
3653 2430 3832 2487 αὑτοῖς

460 2506 587 2571 Νοη
619 2508 768 2572 adeo
800 2509 1060 2572 crudelis
1088 2519 1218 2573 erat
1246 2514 1464 2585 Moses,
1498 2511 1779 2592 inquit,ut
1804 2514 1976 2577 talem
2009 2516 2103 2579 in-

2190 2517 2483 2576 ἑνετείλατο
2542 2524 2763 2588 Μωσῆς.
2821 2527 2936 2579 Τῶν
2991 2518 3045 2575 δὲ
3136 2519 3390 2577 εἰπόντων
3447 2516 3529 2573 ὅτι
3583 2514 3833 2571 ἀπολύειν

461 2598 801 2662 traduceret
828 2600 1045 2679 legem,
1072 2598 1178 2663 sed
1225 2599 1297 2663 ad
1348 2604 1558 2662 vestris
1590 2601 1789 2663 cordis
1828 2603 2104 2668 duritiam

2190 2605 2504 2680 ἐνετείλατο,
2584 2608 2861 2688 ἑρμηνεύει
2918 2612 3101 2671 αὑτοῖς
3180 2611 3268 2665 τὸν
3338 2607 3523 2682 νόμον.
3592 2605 3664 2663 Οὗ
3734 2605 3833 2682 γὰρ

461 2688 702 2771 scripsit
731 2688 1031 2752 hoc.Deus
1048 2688 1205 2751 enim
1230 2688 1428 2751 sciens
1456 2690 1797 2754 Judaaorum
1830 2692 2104 2757 inhuma-

2190 2696 2354 2762 οὕτως
2409 2696 2622 2766 ἀπηνὴς
2677 2702 2745 2767 ἦν
2804 2701 2832 2756 6
2885 2701 3111 2772 Μωσῆς,
3169 2700 3349 2778 φησὶν,
3417 2698 3555 2753 ὣστε
3597 2693 3833 2751 τοιοῦτον

464 2780 894 2862 nitatem,quod
928 2779 1030 2861 qui
1059 2779 1247 2841 semel
1278 2798 1349 2841 ex
1381 2778 1469 2841 eis
1498 2779 1633 2841 odio
1654 2781 1874 2847 habere
1890 2785 2107 2865 coepis-

2189 2788 2505 2865 εἰσενεγκεῖν
2550 2790 2732 2868 νόμον,
2767 2788 2905 2845 ἀλλά
2956 2792 3086 2867 πρὸς
3137 2812 3236 2856 την
3277 2786 3533 2865 ὑμετέραν
3592 2783 3829 2863 σκληρο-

460 2878 551 2935 set
582 2870 921 2951 mulierem,
941 2867 1260 2931 occidisset
1288 2886 1446 2949 eam,
1473 2869 1765 2931 concessit
1795 2874 1881 2934 eis
1911 2873 2103 2935 dimit-

2188 2875 2397 2954 καρδίαν
2450 2877 2604 2934 τοῦτο
2662 2878 2915 2957 ἕγραξεν,
2979 2870 3035 2936 Ὀ
3093 2880 3191 2957 γὰρ
3241 2879 3396 2949 Θεὸς,
3428 2875 3701 2954 γινώσκων
3733 2874 3831 2940 τὴν

459 2970 585 3026 tere
614 2978 885 3034 uxorem,
909 2977 1028 3020 non
1057 2957 1172 3020 sibi
1202 2957 1558 3039 placentem.
1592 2958 1680 3021 Ab
1707 2958 1877 3023 initio
1905 2972 2102 3025 autem

2185 2972 2290 3021 τῶν
2344 2957 2595 3045 Ἑϐραίων
2652 2967 3047 3045 ἀπανθρωπίαν,
3110 2969 3198 3023 καὶ
3257 2966 3336 3022 ὅτι
3380 2964 3566 3044 ῥαδίως
3619 2966 3647 3019 6
3702 2964 3828 3040 βου-

460 3071 580 3115 non
611 3051 698 3114 sic
719 3048 979 3113 erat.sed
1008 3047 1137 3136 Dei
1163 3046 1812 3136 consiliumnconjuges
1843 3051 1911 3111 ad
1948 3051 2102 3113 invi-

2186 3053 2409 3130 λόμενος
2443 3057 2650 3136 φονεύοι
2683 3055 2743 3111 ἂν
2786 3062 2884 3123 τὴν
2929 3057 3113 3113 ἑαυτοῦ
3156 3069 3383 3133 γυναῖκα
3427 3055 3664 3129 μισήσας
3693 3051 3829 3117 ἅπαξ

459 3160 589 3205 cem
614 3137 1008 3220 conjungit,et
1034 3135 1258 3198 relictis
1276 3134 1615 3225 parentibus
1634 3157 1812 3199 unum
1844 3140 2102 3203 facit.Vi-

2188 3145 2371 3221 αὑτὴν,
2434 3134 2809 3225 συνεχώρησεν
2856 3145 3108 3203 ἀπολύειν
3163 3149 3263 3211 τὴν
3312 3156 3563 3223 γυναῖκα,
3614 3141 3698 3197 τὸν
3754 3142 3830 3215 μὴ

458 3230 533 3293 de
558 3238 754 3292 autem
776 3226 918 3308 quid
942 3224 1466 3315 dicat,quodDeus
1481 3225 1669 3315 noluit
1690 3227 2099 3308 polygamiam,

2188 3235 2541 3312 ἀρεσκόμενον
2610 3239 2764 3311 αὑτῇ.
2842 3235 2964 3292 ’Λπ’
3037 3236 3213 3315 ἀρχῆς
3269 3233 3324 3290 δί
3353 3235 3456 3313 οὑχ
3518 3231 3683 3295 οὕτως
3739 3231 3828 3307 ἦν,

458 3327 521 3381 ut
551 3319 677 3382 haec
704 3316 1231 3396 relinqueretur,et
1259 3314 1443 3377 altera
1474 3314 1796 3378 duceretur
1818 3337 1965 3379 uxor
1999 3340 2013 3382 :
2047 3327 2101 3380 et

2187 3322 2306 3379 ἀλλ’
2348 3326 2381 3392 ἡ
2424 3327 2518 3381 τοῦ
2561 3333 2692 3384 Θεοῦ
2732 3324 2902 3402 βουλὴ
2948 3324 3215 3403 συγκολλᾷ
3256 3323 3509 3394 ἀλληλοις
3553 3323 3673 3382 τοὺς
3732 3342 3827 3377 συ-

456 3410 669 3472 iterum
700 3404 1138 3487 relinqueretur
1162 3405 1356 3485 ista,et
1376 3414 1782 3468 assumeretur
1810 3407 1924 3469 alia
1958 3407 2099 3470 Nam

2188 3413 2392 3492 ζύγους,
2457 3414 2543 3469 καὶ
2605 3413 2658 3471 ἓν
2703 3427 2874 3487 ποιεῖ,
2929 3414 3063 3471 ὥστε
3120 3415 3208 3471 καὶ
3249 3412 3449 3491 γονέων
3479 3408 3825 3486 καταμελεϊν,

457 3498 508 3562 si
539 3499 652 3561 hoc
682 3503 862 3569 esset,
890 3492 1128 3556 fecisset
1168 3496 1326 3555 Deus
1352 3513 1534 3556 unum
1586 3495 1823 3576 quidem
1889 3497 2100 3568 virum.

2192 3490 2337 3581 ’Ὅρα
2379 3500 2433 3558 δὲ
2489 3504 2539 3559 τί
2581 3501 2749 3582 λέγει,
2795 3502 2876 3560 ὅτι
2921 3506 2948 3559 ὁ
2995 3506 3123 3566 Θεὸς
3182 3490 3417 3561 οὑίθέλει
3473 3500 3827 3577 πολυγαμίαν,

458 3588 672 3651 multas
703 3593 898 3649 autem
930 3582 1240 3658 mulieres;
1273 3601 1430 3645 nunc
1448 3591 1643 3646 autem
1674 3584 1784 3646 hoc
1803 3605 1918 3646 non
1942 3587 2101 3667 fecit,

2186 3592 2322 3648 ὥστε
2378 3596 2573 3660 ταύτην
2615 3598 2715 3669 μὲν
2758 3592 3200 3668 καταλιμπάνειν,
3267 3592 3447 3670 ἑτέραν
3505 3590 3561 3646 δὲ
3612 3589 3825 3667 ἄγεσθαι

455 3676 561 3741 sed
594 3674 924 3739 masculum
951 3681 1008 3737 et
1029 3672 1305 3735 feminam
1337 3672 1690 3753 fecit,unum
1724 3674 1824 3735 nni
1856 3677 2098 3757 Copula-

2184 3695 2434 3760 γυναῒκα,
2507 3684 2595 3739 καὶ
2678 3682 2836 3739 πάλιν
2928 3684 3129 3750 ταύτην
3209 3680 3653 3757 καταλιμπάνειν,
3740 3680 3826 3735 καὶ

456 3767 508 3831 ri
533 3765 776 3849 jubens.
813 3766 1128 3826 Possemus
1157 3762 1309 3824 forte
1339 3771 1396 3823 et
1420 3763 1506 3824 sic
1522 3764 1678 3824 hunc
1706 3763 1897 3825 locum
1920 3765 2099 3828 intel-

2186 3770 2337 3847 ἑτέρᾳ
2389 3769 2697 3851 κολλδασθαι,
2750 3773 2804 3829 Εἰ
2848 3773 2946 3849 γὰρ
2990 3779 3142 3829 τοῦτο
3186 3771 3275 3843 ἦν,
3328 3769 3577 3836 ἐποίησεν
3622 3766 3681 3823 ἂν
3737 3765 3826 3821 ἕνα

457 3857 881 3938 ligerezSermo
913 3852 1194 3925 doctoris,
1218 3851 1321 3933 qui
1348 3870 1553 3914 semen
1588 3852 1807 3915 bonum
1844 3854 2017 3916 mittit
2040 3856 2100 3917 in

2250 3884 2283 3915 ην
2342 3858 2521 3939 ἄνδρα,
2582 3860 2787 3926 πολλὰς
2836 3860 2889 3916 δὲ
2945 3874 3223 3939 γυναῖκας.
3290 3869 3389 3918 Νῦν
3449 3858 3503 3915 δὲ
3561 3860 3621 3914 οὗ
3675 3856 3828 3912 τοῦτο
3890 3923 3893 3926 ρ

453 3947 709 4011 animam
759 3942 950 4008 ﬁdelis
979 3941 1265 4017 hominis,
1302 3940 1477 4003 habet
1522 3941 1810 4004 rationem
1837 3944 1940 4007 viri
1965 3964 2096 4025 erga

2190 3948 2427 4027 γέγονεν,
2483 3948 2602 4005 ἀλλ’
2679 3951 2834 4029 ἄρσεν
2886 3952 2973 4006 καὶ
3031 3948 3163 4017 θῆλυ
3236 3951 3508 4026 εποίησεν,
3581 3946 3671 4003 ἕνα
3729 3950 3826 4021 μιᾷ

453 4036 719 4100 animam
752 4051 885 4115 quae
909 4030 1077 4093 illum
1109 4031 1360 4111 suscipit
1391 4028 1557 4105 Saepe
1585 4030 1763 4109 igitur
1792 4034 1944 4095 ratio
1972 4053 2096 4114 quae

2185 4036 2435 4102 κελεύσας
2494 4043 2866 4102 συνάπτεσθαι,
2930 4042 3150 4109 Μήποτε
3208 4038 3264 4095 δὲ
3334 4040 3420 4093 καὶ
3476 4037 3615 4094 οὕτω
3669 4034 3824 4092 δυνά-

453 4125 617 4203 cupit
647 4122 931 4205 prodesse
960 4121 1333 4209 animasque;
1361 4117 1607 4182 verbum
1632 4120 1881 4197 suscipit
1912 4123 2096 4185 relin-

2193 4130 2325 4202 μεθα
2369 4133 2557 4195 νοῆσαι
2613 4131 2674 4185 τὸ
2717 4131 2885 4207 παρὸν
2939 4129 3162 4209 χωρίον.
3226 4119 3282 4186 Ὀ
3330 4126 3487 4205 λόγος
3518 4128 3545 4183 6
3574 4123 3823 4181 διδασκα-

452 4214 581 4297 quit
612 4220 840 4294 patrem
895 4228 1097 4290 suum,
1128 4209 1270 4270 225
1320 4208 1432 4271 hoc
1472 4217 1561 4271 est
1618 4219 1877 4272 mentem
1910 4211 2095 4273 subli-

2184 4214 2357 4287 λικὸς,
2421 4216 2696 4297 σπέρματα
2782 4218 2952 4297 ἀγαθὰ
3008 4215 3287 4293 ἐμϐάλλων
3346 4219 3419 4281 εἷς
3474 4215 3574 4283 τὴν
3643 4213 3826 4292 ψυχὴν

454 4321 611 4366 mem
649 4324 662 4366 :
697 4310 755 4364 et
787 4308 1035 4362 matrem
1068 4298 1381 4380 suam,hoc
1413 4297 1773 4372 est,verbum
1803 4312 2097 4366 ornatum:

488 4400 503 4410 .
590 4391 631 4410 ιι
858 4387 1019 4410 ηομ-ε
1260 4388 1689 4410 -..ψῃ-μμ
1739 4408 1786 4410 η

2184 4312 2276 4362 τοῦ
2318 4314 2507 4363 πιστοῦ
2534 4307 2830 4387 ἀνθρώπου,
2863 4306 3045 4386 ἀνδρὸς
3094 4305 3251 4384 λογον
3309 4306 3497 4386 ἐπέχει
3554 4305 3685 4382 πρὸς
3728 4309 3825 4369 την

2187 4392 2317 4410 ..
2476 4396 2487 4410 .
2701 4398 2773 4410 ..
2886 4402 2896 4410 .
3011 4398 3022 4410 .
3490 4392 3729 4410 ..ει

450 4400 508 4456 et
536 4391 802 4455 adhaeret
854 4387 1022 4451 uxori
1078 4406 1222 4462 suae,
1255 4388 1700 4467 attemperando
1731 4408 1795 4451 se
1829 4390 1937 4466 illi,
1972 4410 2093 4472 quae

2181 4392 2590 4476 ὑποδεχομένην
2661 4398 2815 4454 αὑτὸν
2872 4398 3078 4477 ψυχήν,
3140 4394 3399 4459 Πολλάκις
3455 4398 3543 4452 οὖν
3600 4396 3626 4450 ὸ
3668 4392 3822 4470 λόγος

449 4480 535 4544 illi
570 4478 882 4567 expediant
912 4477 1159 4567 docens,
1194 4484 1252 4538 et
1276 4494 1434 4567 saepe
1483 4494 1726 4539 sensum
1776 4479 2092 4560 imperfec-

2181 4481 2349 4541 Θέλων
2407 4484 2681 4567 ὠφελῆσαι
2717 4486 2814 4554 τὴν
2864 4483 3271 4567 ὑποδεχομένην
3316 4485 3522 4565 ψυχὴν,
3555 4482 3822 4557 καταλιμ-

448 4579 572 4635 tum
602 4588 672 4632 ac
699 4566 880 4631 verba
907 4565 1200 4647 supplicia
1230 4572 1287 4627 et
1319 4564 1635 4628 idiotarum
1669 4567 1978 4649 proferens
2004 4590 2017 4633 ε
2044 4579 2091 4631 ει

2183 4574 2335 4630 πίνει
2380 4574 2472 4631 τὸν
2517 4576 2718 4653 πατέρα
2774 4576 2952 4650 αὑτοῦ,
3013 4576 3253 4633 τουτέστι
3294 4583 3411 4632 νοῦν
3465 4573 3693 4650 ὑψηλὸν,
3740 4574 3826 4628 καὶ

445 4669 584 4725 tunc
608 4666 745 4722 sunt
775 4656 894 4720 duo
924 4655 983 4718 in
1014 4672 1195 4745 carne
1224 4673 1363 4745 una,
1386 4654 1499 4745 hoc
1530 4665 1642 4730 est,
1680 4658 1869 4719 credit
1900 4660 2088 4721 anima

2181 4662 2283 4730 τὴν
2341 4664 2547 4743 μητέρα
2603 4664 2783 4745 αὑτοῦ,
2829 4665 3069 4725 τουτέστι
3117 4664 3254 4731 λέξιν
3290 4663 3824 4738 κεκαλλωπισμένην,

447 4768 686 4815 carnem
714 4748 929 4811 factum
964 4763 1100 4808 esse
1128 4742 1390 4808 Verbum
1445 4744 1575 4834 Dei,
1602 4754 1658 4807 et
1688 4747 1851 4809 nulla
1881 4750 2090 4811 huma-

2181 4752 2268 4809 καὶ
2324 4742 2716 4831 προσκολλδπαι
2772 4761 2839 4832 τῇ
2895 4757 3102 4834 γυναικὶ
3162 4754 3337 4833 αὑτοῦ,
3402 4752 3518 4820 ἦτοι
3573 4755 3637 4808 τα
3696 4753 3824 4828 πρὸς

444 4859 523 4905 na
555 4838 835 4921 cogitatio
867 4842 1062 4918 potest
1090 4852 1375 4916 separare
1397 4833 1655 4896 animam
1685 4855 1718 4898 ιι
1762 4836 1864 4899 tali
1894 4838 2036 4903 fide.

2179 4840 2438 4923 ὠφέλειαν
2496 4847 2597 4909 τῆς
2659 4847 2843 4923 ψυχῆς
2900 4833 3108 4912 ἓκείνης
3164 4842 3415 4915 διδάσκει,
3467 4838 3822 4919 σλγκιταϐαί-

442 4954 546 4988 νων
603 4935 736 5006 αὒτῇ
825 4928 913 4985 καὶ
975 4933 1092 4983 νοῦν
1150 4923 1406 4990 πολλάκις
1466 4924 1655 4993 εὑτελῆ
1713 4928 1798 4983 καὶ
1829 4927 2031 4996 ’λέξεις
2087 4929 2356 4993 ἰδιωτικὰς
2426 4938 2723 5011 προτιμῶν.
2813 4935 2909 4991 Καὶ
2964 4932 3152 4991 λοιπὸν
3219 4933 3450 5011 γίνονται
3508 4935 3554 4988 οἱ
3610 4928 3700 4987 δύο
3752 4932 3825 4992 εἷς

441 5020 611 5098 σάρκα
656 5020 804 5096 μίαν,
867 5015 1128 5091 τουτέστι,
1183 5015 1418 5072 πιστεύει
1490 5016 1523 5083 ἡ
1598 5017 1751 5096 ψυχὴ
1810 5019 1977 5091 σάρκα
2037 5023 2275 5100 γενέσθαι
2332 5021 2423 5077 τὸν
2487 5022 2657 5100 Λόγον
2728 5030 2820 5080 τοῦ
2880 5031 3033 5082 Θεοῦ.
3120 5024 3215 5081 Καὶ
3270 5020 3433 5085 οὑδεὶς
3504 5020 3825 5099 ἀνθρώπινος

440 5108 698 5191 λογισμὸς
728 5106 940 5166 δύναται
969 5106 1201 5187 χωρίσαι
1232 5105 1331 5173 τὴν
1362 5106 1548 5185 ψυχὴν
1592 5106 1700 5163 ἀπὸ
1730 5114 1827 5175 τῆς
1858 5112 2110 5178 τοιαύτης
2143 5111 2397 5173 πίστεως.
3710 5136 3713 5139 ·

520 5196 698 5262 Vens.
740 5196 832 5271 10,
864 5195 963 5257 11.
1000 5214 1028 5253 ε
1052 5192 1121 5255 Ει
1148 5194 1206 5256 in
1237 5192 1413 5254 domo
1446 5211 1680 5255 rursum
1715 5195 1989 5279 discipuli
2014 5199 2093 5261 il-

2264 5224 2291 5255 α
2344 5202 2443 5259 Καὶ
2499 5204 2554 5258 ἓν
2610 5207 2676 5278 τῇ
2718 5203 2855 5275 οἰκίᾳ
2898 5201 3056 5259 πάλιν
3115 5207 3162 5259 οἱ
3233 5204 3462 5278 μαθηταὶ
3510 5203 3664 5258 αὑτοῦ
3710 5197 3826 5280 περὶ

437 5286 553 5350 lius
607 5285 818 5348 eadem
849 5284 925 5347 de
954 5301 1020 5345 re
1051 5281 1569 5361 interrogaverunt
1614 5283 1810 5366 illum,
1845 5271 1903 5349 et
1951 5287 2080 5352 dicit

2180 5292 2267 5345 τοῦ
2300 5293 2454 5348 αὑτοῦ
2486 5290 2841 5369 ἐπηρώτησαν
2898 5292 3077 5366 αὑτὸν,
3140 5294 3226 5348 καὶ
3256 5289 3403 5367 λέγει
3447 5294 3630 5353 αὑτοῖς
3667 5310 3683 5325 ·
3717 5271 3823 5354 "Oc

438 5375 559 5439 illis
592 5396 606 5440 :
638 5373 989 5455 Quicunque
1048 5369 1453 5452 repudiaverit
1500 5390 1747 5435 uxorem
1794 5394 1987 5452 suam,
2030 5384 2081 5440 el

2175 5379 2262 5436 ἑὰν
2292 5377 2534 5455 ἀπολύσῃ
2580 5379 2680 5447 τὴν
2723 5392 2949 5458 γυναῖκα
2993 5380 3151 5438 αὑτοῦ
3207 5381 3291 5437 καὶ
3346 5382 3573 5458 γαμήσῃ
3632 5378 3818 5458 ἄλλην,

440 5461 1250 5538 duxeritaliam,adulterinm
1272 5461 2081 5528 committitadversusillam.

2178 5474 2431 5548 μοιχᾶται
2462 5468 2546 5525 ἐπ’
2580 5468 2765 5538 αὑτήν.
2804 5470 2902 5525 Καὶ
2948 5471 3037 5526 εὰν
3097 5470 3230 5548 γυνὴ
3261 5468 3502 5545 ἀπολύσῃ
3548 5471 3637 5524 τὸν
3670 5466 3821 5547 ἄνδρα

437 5555 511 5619 Et
538 5555 589 5618 si
622 5551 840 5617 mulier
867 5549 1270 5639 repudiaverit
1292 5550 1487 5639 ivirum
1516 5570 1713 5635 suum,
1733 5563 1791 5615 et
1819 5556 2080 5635 nupserit

2178 5556 2357 5634 αὑτῆς,
2412 5558 2498 5613 καὶ
2545 5560 2763 5637 γαμηθῇ
2822 5556 2990 5633 ἄλλῳ,
3059 5562 3341 5639 μοιχᾶται,
3382 5578 3407 5615 ι
3448 5557 3589 5615 ’Ἔτι
3648 5559 3733 5611 καὶ
3778 5559 3821 5612 οἱ

435 5640 992 5724 slteri,adulterium
1016 5638 1390 5703 committit.)
1428 5636 1647 5703 Iterum
1675 5644 1849 5705 etiam
1900 5642 2078 5706 disci-

2177 5648 2404 5719 μαθηταὶ
2455 5642 2889 5717 ἕσκανδαλίζοντο
2924 5665 2939 5681 ’
2986 5644 3069 5703 διὰ
3126 5636 3278 5704 τοῦτο
3326 5654 3416 5704 οῦν
3473 5649 3561 5703 καὶ
3594 5645 3820 5725 προσέρ-
