4162 6228
440 255 557 321 603

1418 262 2013 325 THEOPHYLACTI
2056 260 2459 324 BULGARLE
2503 262 2859 328 ARCHIEP.

3706 267 3828 337 604

436 392 707 471 centupla
737 411 893 455 nunc
924 394 984 455 i‘n
1018 396 1449 484 temporehoc,
1476 394 1689 456 domus
1736 402 1796 456 et
1843 393 2049 456 fratres

2134 394 2239 467 ιτῷ
2296 402 2461 484 καιρῷ
2513 395 2703 476 τούτῳ,
2763 398 2951 473 οἰκίας,
2987 402 3075 456 καὶ
3117 398 3398 479 ᾇδελφοὺς,
3420 404 3509 460 καὶ
3559 401 3820 484 ἀδελφὰς,

438 489 491 541 et
523 498 777 556 sorores,
811 490 867 543 et
888 492 1127 559 matres,
1154 492 1212 545 et
1235 482 1476 555 liberos,
1504 491 1564 545 et
1585 500 1756 562 agros
1781 502 1916 544 cum
1943 501 2069 563 per-

432 569 936 653 secutionihus,ac
967 574 1024 634 in
1056 581 1297 637 venturo
1324 573 1538 636 saeculo
1560 572 1736 635 vitam
1762 579 2068 636 aeternam.

430 658 593 722 Multi
623 668 815 722 autem
871 661 1048 741 primi
1099 669 1273 723 erunt
1331 660 1636 743 postremi,
1671 670 1731 722 et
1782 662 2067 735 postremi

429 746 630 827 primi.
688 775 709 801 ιι
776 747 982 810 Petrus
1062 751 1291 811 tametsi
1352 768 1536 830 pauca
1615 749 1861 830 reliquis
1925 760 2065 824 set,

426 834 565 915 quia
584 840 784 898 tamen
815 836 980 912 dixit,
1015 837 1234 912 omnia,
1261 838 1548 899 indicium
1573 845 1663 899 est
1700 837 1854 919 quod
1887 838 2062 903 etiam

425 941 613 1001 pauca
655 924 894 986 vinculo
948 927 1203 1007 quodam
1263 927 1432 988 illum
1464 926 1824 988 detinuerint
1858 948 1871 990 :
1908 927 2064 989 etita

424 1011 793 1076 beatiﬁcatus
846 1023 934 1076 est
983 1015 1032 1076 is
1086 1017 1189 1097 qui
1233 1017 1413 1079 etiam
1484 1034 1666 1097 pauca
1715 1016 2058 1097 reliquerat.

424 1100 689 1182 Cumque
719 1103 879 1165 solus
909 1107 1115 1166 Petrus
1142 1114 1423 1184 rogasset,
1451 1103 1727 1166 omnibus
1760 1106 2059 1182 generali-

422 1198 514 1251 ter
543 1190 801 1272 loquitur
824 1192 1088 1255 Christus
1119 1193 1326 1257 dicens
1358 1213 1373 1258 :
1410 1193 1620 1258 Omnis
1658 1193 1759 1275 qui
1792 1195 2060 1275 relique-

418 1280 495 1341 rit
525 1298 794 1357 uxorem,
823 1282 911 1343 vel
937 1292 1182 1362 patrem.
1214 1282 1351 1347 Haec
1380 1283 1524 1346 dicit
1554 1302 1671 1345 non
1705 1291 1767 1345 ut
1790 1292 2062 1364 parentes

424 1369 560 1429 velit
589 1369 808 1432 auxilio
839 1370 1101 1450 destitui,
1135 1380 1193 1433 et
1215 1371 1288 1434 ab
1320 1372 1600 1434 uxoribus
1629 1373 1915 1452 separari,
1954 1374 2060 1435 sed

422 1458 595 1519 docet
620 1477 729 1520 nos
760 1458 1038 1539 praeferre
1069 1461 1347 1541 pietatem
1379 1480 1520 1540 erga
1562 1460 1751 1523 Deum
1783 1461 2060 1525 omnibus

420 1546 775 1610 carnalibus.
817 1546 965 1619 Quia
995 1549 1149 1609 enim
1183 1568 1318 1611 vere
1369 1549 1591 1611 bellum
1622 1567 1656 1609 a
1686 1548 2059 1629 praedicatio-

421 1652 495 1696 ne
525 1651 840 1696 accensum
867 1643 1012 1713 erat,
1050 1644 1108 1697 et
1138 1637 1404 1715 negaturi
1439 1645 1607 1697 erant
1630 1635 1798 1715 pueri
1833 1655 2055 1716 paren-

420 1731 507 1784 tes
556 1732 796 1803 propter
846 1725 1144 1805 pietatem,
1196 1726 1378 1788 dicit:
1416 1724 1694 1804 Quisquis
1748 1725 2058 1806 reliquerit

421 1823 700 1891 cognatos
728 1832 875 1894 quos
905 1812 1016 1874 sibi
1050 1824 1257 1876 natura
1279 1815 1462 1886 dedit,
1501 1823 1558 1875 et
1589 1813 1649 1875 in
1683 1833 1913 1876 summa
1931 1834 2056 1878 cor-

421 1902 642 1979 poralia
690 1904 889 1963 omnia
919 1912 1159 1983 propter
1186 1903 1593 1983 Evangelium,
1619 1904 1896 1985 centupla
1926 1924 2057 1966 om-

418 1988 511 2048 nia
538 1990 787 2069 accipiet
817 1989 875 2050 in
911 1993 1186 2069 praesenti
1217 1991 1453 2070 saeculo,
1483 2000 1542 2053 et
1572 1992 1631 2052 in
1654 1992 1851 2053 futuro
1881 1993 2056 2055 vitam

416 2084 716 2139 aeternam.
751 2077 1047 2156 Numquid
1075 2098 1213 2159 ergo
1246 2090 1302 2143 et
1326 2080 1611 2142 mulieres
1642 2089 1877 2142 centum
1908 2084 2056 2144 acci—

418 2163 572 2242 piet?
609 2165 818 2228 Etiam.
849 2168 1105 2227 Tametsi
1138 2168 1483 2230 maledictus
1514 2168 1778 2230 Julianus
1810 2170 1919 2232 hoc
1968 2172 2055 2233 ir-

411 2251 629 2313 riserit.
654 2253 801 2327 Quid
836 2253 1062 2315 confert
1090 2274 1234 2319 uxor
1263 2257 1467 2317 domui
1492 2256 1629 2319 viri?
1659 2256 1911 2319 Omnino
1944 2279 2053 2321 cu-

408 2344 691 2403 ratut'vir
722 2342 935 2405 habeat
962 2344 1116 2423 quod
1175 2346 1332 2419 edat,
1377 2343 1593 2425 quibus
1653 2345 1953 2428 induatur,
1998 2358 2055 2410 et

409 2430 620 2492 horum
657 2434 918 2494 omnium
952 2450 1153 2495 curam
1214 2434 1423 2496 adimit
1481 2434 1623 2497 viro.
1658 2434 1808 2497 Vide
1854 2437 2048 2518 itaque

404 2520 519 2582 hoc
541 2522 716 2584 etiam
742 2523 803 2585 in
836 2523 1135 2601 apostolis.
1172 2522 1325 2597 Quot
1356 2522 1633 2585 mulieres
1690 2524 1879 2605 fuere,
1911 2528 2046 2607 qui-

405 2608 519 2671 bus
547 2630 688 2673 cura
719 2620 846 2676 erat
875 2612 950 2674 de
997 2612 1216 2676 amictu
1276 2622 1334 2675 et
1384 2631 1487 2673 esu
1536 2612 1795 2685 illorum,
1832 2624 1888 2676 et
1920 2634 2048 2696 qua:

406 2698 816 2765 ministrarunt
872 2702 977 2778 eis,
1027 2703 1129 2785 qui
1177 2703 1319 2765 nihil
1356 2704 1566 2765 horum
1601 2703 1905 2780 curabant,
1940 2706 2043 2767 sed

398 2790 591 2853 solum
623 2810 961 2856 sermonem
988 2803 1044 2855 et
1072 2791 1723 2855 doctrinam?Similiter
1753 2802 1969 2856 matres
1989 2802 2047 2856 et

2153 484 2242 537 καὶ
2273 483 2532 566 μητέρας,
2607 487 2695 542 καὶ
2764 485 2947 562 τέκνα,
2994 490 3084 546 καὶ
3114 491 3333 569 ἀγροὺς,
3368 492 3507 567 μετὰ
3535 483 3817 572 διωγμῶν,

2152 575 2241 630 καὶ
2310 575 2363 630 ἒν
2420 582 2497 649 τῷ
2561 579 2711 634 αἰῶνι
2760 585 2836 653 τῷ
2865 578 3170 660 ἐρχομένῳ,
3203 584 3346 654 ζωὴν
3375 585 3616 649 αίώνιον,
3665 587 3820 645 Πολ-

2151 661 2233 719 λοὶ
2301 663 2355 720 δὲ
2384 665 2615 757 ,ἔσονται
2673 674 2873 745 πρῶτοι
2906 668 3155 750 ἔσχατοι,
3180 674 3266 729 καὶ
3323 676 3370 730 οἱ
3400 674 3625 753 ἔσχατοι
3659 686 3817 757 πρῶ·
3904 700 3907 701 ⁷

2149 773 2251 815 τοι,
2290 777 2318 808 ι
2384 745 2440 812 Ὀ
2474 756 2669 835 Πέτρος
2701 758 2744 813 εἰ
2775 759 2863 814 καὶ
2896 745 3047 836 ὀλίγα
3090 745 3316 840 ἀίρῆκεν,
3349 745 3608 822 ἆλλνοῦν
3637 745 3817 824 πάντα

2148 842 2395 916 ὀνομάζει
2468 852 2650 907 ταῦτα.
2705 849 2801 904 Καὶ
2847 848 2912 903 τὰ
2967 847 3121 927 ὀλίγα
3164 851 3266 929 γὰρ
3316 850 3514 929 δεσμὸν
3556 876 3816 934 προσπα-

2146 931 2285 996 θείας
2357 933 2598 1014 ἔχουσιν,
2662 934 2801 992 ὥστε
2887 940 3215 1016 μακαριστὸς
3273 941 3362 998 καὶ
3418 946 3447 998 6
3527 931 3612 1000 τὰ-
3653 943 3814 1023 ὀλίγα

2144 1018 2312 1112 ἀφείς
2368 1030 2472 1079 Τοῦ
2520 1020 2575 1078 δὲ
2632 1024 2829 1112 Πέτρου
2879 1027 3042 1101 μόνου
3128 1026 3520 1112 ἐρωτήσαντος,
3581 1018 3814 1091 καθολίο

2143 1110 2235 1164 κὸν
2280 1124 2516 1167 ποιεῖται
2561 1114 2651 1168 τὸν
2702 1111 2863 1191 λόγον
2921 1117 2948 1170 6
3011 1117 3228 1197 Κύριος,
3304 1110 3515 1196 λέγωνέ
3583 1128 3699 1186 Πᾶς
3755 1123 3814 1189 ὅς

2146 1197 2349 1276 ἆφῆγεν
2405 1199 2440 1268 ἢ
2490 1215 2717 1278 γυναῖκα
2788 1204 2823 1272 ἢ
2879 1204 3105 1284 πατέρα,
3167 1213 3333 1263 ταῦτα
3362 1206 3419 1265 δὲ
3463 1208 3639 1291 λέγει,
3706 1214 3815 1293 οῦχ

2144 1286 2236 1342 ἵνα
2301 1288 2424 1352 τοὺς
2496 1290 2725 1369 πατέρας
2780 1292 2953 1367 ἐῶμεν
3006 1292 3365 1378 ἀϐοηθήτους,
3410 1300 3499 1356 καὶ
3543 1286 3664 1356 ’τῶν
3709 1286 3813 1379 γυζ

2143 1384 2340 1467 ναικῶν
2399 1380 2773 1458 χωριζώμεθα,
2836 1381 2973 1440 ἀλλὰ
3003 1382 3265 1441 παιδεύων
3323 1389 3472 1462 ἡμᾶς
3545 1397 3812 1467 προτιμᾷν

2141 1464 2242 1531 τὴν
2299 1467 2372 1532 είς
2435 1470 2562 1524 Θεὸν
2622 1469 2888 1530 εὐσέϐειαν
2930 1473 3144 1529 πάντων
3200 1482 3308 1531 τῶν
3354 1485 3625 1556 σαρκικῶν
3656 1477 3812 1538 Ἐπεὶ

2140 1553 2533 1648 γὰρ’-πόλεμος
2590 1557 2858 1629 ἀνήπτετο
2929 1562 3035 1618 ἀπὸ
3103 1570 3197 1619 τοῦ
3264 1553 3633 1648 κηρύγματος,
3720 1573 3811 1627 καὶ

2140 1640 2365 1715 ἔμελλον
2393 1723 2405 1727 Δ
2423 1646 2653 1723 πατέρας
2716 1648 2983 1727 ἀρνεῖσθαι
3046 1650 3236 1717 παῖδες
3266 1640 3355 1710 διά
3387 1640 3485 1724 τίῆν
3508 1640 3783 1717 εὐσέϐειαν

2141 1732 2321 1808 φησίν·

2559 1708 2569 1723 ι
2640 1708 2647 1710 ἡ
2752 1708 2761 1727 ,
3219 1708 3233 1717 ,
3400 1708 3776 1724 --_--________

2392 1723 2587 1800 ’Ὅστις
2671 1735 2865 1817 ἀφήσει
2948 1740 3044 1804 τὰς
3121 1744 3376 1819 σαρκικὰς
3465 1708 3808 1826 συγγενείαςῖ

2140 1820 2229 1875 καὶ
2290 1820 2470 1887 ἁπλῶς
2528 1823 2698 1880 πάννα
2755 1827 2821 1882 τὰ
2892 1830 3173 1903 σωματικὰ
3230 1829 3409 1888 ἕνεκεν
3470 1837 3565 1892 τοῦ
3624 1838 3805 1916 Εὔαγ-

2140 1906 2343 1988 γελίου,
2407 1911 2925 1973 ἑκατονταπλασίονα
3002 1917 3177 1974 πάντα
3247 1918 3483 1997 λήψεται
3513 1926 3569 1980 ἓν
3608 1932 3686 2000 τῷ
3716 1906 3807 1983 νῦν

2141 2001 2315 2073 αίῶνι,
2371 2003 2459 2057 καὶ
2512 2002 2567 2058 ἐν
2637 2012 2713 2078 τῷ
2743 2006 3021 2085 ἐρχομένῳ
3074 2009 3218 2079 ζωὴν
3261 2011 3494 2073 αἰώνιον,
3532 2003 3666 2094 Ἀρα
3716 2017 3806 2074 οῦν

2140 2088 2227 2143 καὶ
2282 2103 2541 2165 γυιαῖκας
2598 2094 3150 2161 ἑκατονταπλασίονας
3183 2097 3467 2178 λήψεται;
3517 2088 3643 2162 Ναί’
3705 2107 3805 2162 κᾶν

2140 2177 2167 2231 6
2237 2178 2533 2257 κατάρατος
2592 2181 2876 2247 Ἰουλιανὸς
2937 2183 3209 2261 ἔχωμῲδει
3279 2198 3459 2247 τοῦτο·
3530 2194 3646 2251 είπέ
3710 2219 3804 2272 μοι

2139 2265 2292 2356 γὰρ,
2344 2269 2393 2322 τί
2448 2267 2808 2343 συμϐάλλεται
2879 2275 2912 2339 ἡ
2966 2276 3099 2352 γονὴ
3155 2279 3287 2356 πρὸς
3345 2280 3448 2348 τὴν
3493 2283 3664 2340 οἰκίαν
3711 2265 3805 2344 τοῦ

2139 2351 2323 2453 ἀνδρός
2434 2357 2652 2453 Πῂάδτως
2710 2360 3049 2436 ἐπιμελεῖται
3093 2351 3277 2445 τῆςντρ
3297 2374 3425 2449 ιφῆς
3457 2380 3550 2431 τοῦ
3582 2371 3799 2453 ἀνδρὸς,

2136 2447 2241 2497 τῶν
2298 2442 2620 2522 ἐνδυμάτων,
2686 2452 2774 2506 κιιὶ
2829 2457 3003 2509 πᾶσαν
3062 2442 3400 2534 ἀφροντισίαν
3430 2459 3537 2517 ἀπὸ
3590 2442 3800 2519 τοῦτων

2129 2526 2245 2607 ἄγει
2306 2534 2332 2589 6
2383 2534 2537 2614 ἀνὴρ.
2599 2537 2724 2597 ’Ίδε
2774 2540 2945 2597 τοίνυν
2970 2563 3124 2600 τουτο
3155 2546 3243 2601 καὶ
3271 2545 3358 2603 ἐπὶ
3401 2555 3510 2605 τῶν
3556 2550 3811 2608 ἆποστόέ

2128 2618 2258 2695 λων,
2334 2624 2492 2714 πόσαι
2564 2641 2817 2705 γυναῖκες
2872 2628 3170 2712 ἐφρόντιζον
3198 2638 3304 2691 τῶν
3351 2635 3663 2714 ὶνδυμάτων
3707 2644 3797 2698 καὶ

2128 2714 2233 2764 τῶν
2324 2713 2621 2791 βρωμάτων
2704 2717 2901 2800 αὖτῶν,
3029 2723 3115 2779 καὶ
3201 2721 3485 2791 διηκόνουν
3594 2731 3786 2790 αΰτοτς

2127 2799 2382 2901 μηδενός-
2416 2810 2801 2901 φροντίζουσι),
2863 2814 2906 2869 εί
2975 2814 3055 2889 μὴ
3127 2816 3291 2890 μόνου
3335 2821 3429 2877 τοῦ
3476 2818 3638 2901 λόγου
3700 2825 3793 2881 καὶ

400 2888 599 2981 patres
631 2883 843 2945 multos
865 2881 1526 2987 habueruntapost'qli,‘
1515 2882 1614 2963 qui
1642 2882 2044 2984 diligerent,et

2134 2889 2218 2987 τῇς
2306 2881 2693 2987 διῖασκαλίαςς
2746 2881 2987 2976 ’ὁμοίως
3025 2881 3139 2960 καὶ·
3198 2906 3433 2987 πατέρας
3505 2881 3593 2966 καὶ
3670 2934 3790 2987 μη-

395 2969 591 3034 amico
623 2973 836 3036 aliectu
867 2990 1004 3053 erga
1033 2992 1098 3035 se
1128 2979 1349 3039 essent.
1379 2973 1453 3036 Et
1484 2971 1695 3033 Petrus
1724 2973 1823 3053 qui
1864 2993 2038 3035 unam

2134 2980 2273 3057 τέρας
2331 2982 2535 3078 πολλὰς
2585 2969 2747 3069 ε’ίχξον
2787 2969 2850 3078 ,οἱ
2906 2991 3221 3068 ἀπόστολοι,
3313 2969 3437 3062 τοὺς
3525 2969 3789 3078 ἀγαπῶν-

400 3060 645 3123 domum
677 3062 1021 3144 reliquerat,
1071 3072 1274 3145 postea
1299 3063 1562 3124 omnium
1615 3062 2219 3144 discipulorumCrzg
2272 3072 2471 3137 πάντας
2555 3078 2641 3132 καὶ

400 3149 613 3213 domos
641 3152 918 3215 habebat.
944 3152 1012 3214 Et
1043 3172 1200 3214 nunc
1230 3171 1467 3233 quoque
1495 3151 1712 3234 ubique
1753 3160 2041 3215 terrarum

399 3247 600 3302 erecta
630 3251 765 3303 sunt
792 3243 1010 3322 templa
1038 3242 1099 3303 in
1131 3242 1372 3304 nomine
1400 3242 1553 3322 ejus,
1589 3260 1720 3323 quae
1749 3249 1886 3302 sunt
1916 3243 2043 3305 cla—

396 3345 483 3390 ra:
519 3329 751 3393 domus.
786 3331 858 3393 Et
887 3331 1041 3412 quod
1098 3332 1308 3411 majus,
1346 3333 1470 3394 hac
1511 3334 1709 3393 omnia
1739 3331 1798 3393 in
1832 3350 2041 3413 perse-

397 3417 737 3482 cutionibus
778 3421 1083 3503 possident
1134 3422 1349 3498 sancti,
1382 3422 1492 3483 hoc
1542 3433 1652 3497 est,
1688 3422 1841 3501 quod
1871 3422 2036 3498 dicit,

395 3525 531 3570 cum
564 3511 1098 3591 persecutionihus,
1136 3510 1191 3572 id
1226 3522 1312 3574 est
1343 3512 1817 3593 persecutionem
1860 3513 2037 3592 passi,

398 3603 460 3661 et
492 3602 643 3662 male
666 3600 861 3663 affecti
889 3608 1065 3682 atque
1092 3600 1315 3666 afﬂicti.
1349 3600 1520 3665 Unde
1559 3609 1616 3663 et
1637 3600 1736 3682 qui
1760 3601 1949 3662 ultimi
1981 3603 2037 3662 in

395 3689 507 3750 hoc
537 3691 750 3753 saeculo
782 3691 1061 3753 videntur
1091 3699 1329 3772 propter
1355 3691 1705 3753 afﬂictiones
1738 3699 1794 3752 et
1826 3708 2000 3770 perse
2021 3726 2036 3736 -

393 3780 682 3857 cut‘ones,
714 3790 890 3844 erunt
922 3781 1096 3863 primi
1123 3790 1362 3862 propter
1391 3800 1556 3862 spem
1591 3781 1650 3842 in
1685 3782 2041 3843 Deum.227

394 3866 509 3931 Sed
535 3880 591 3932 et
618 3870 899 3934 Pharisaei
922 3870 1023 3952 qui
1047 3871 1323 3933 videntur
1349 3870 1551 3952 primi,
1584 3870 1720 3932 facti
1752 3879 1887 3932 sunt
1913 3890 2042 3950 pos-

395 3959 570 4021 tretni
600 3959 710 4033 Qui
741 3970 937 4023 autem
965 3961 1188 4023 relictis
1204 3960 1483 4023 omnibus
1505 3959 1693 4023 secuti
1716 3970 1853 4022 sunt
1876 3960 2041 4023 Chri-

390 4056 546 4111 stum
565 4049 699 4113 facti
730 4057 867 4112 sunt
901 4050 1099 4132 primi.

472 4233 653 4294 Vens.
689 4230 902 4295 32-34.
942 4257 965 4287 α
1003 4231 1183 4294 Erant
1213 4239 1405 4292 autem
1438 4231 1497 4293 in
1531 4231 1628 4292 via
1648 4231 2042 4294 ascendentes

387 4320 817 4402 Hierosolyma,
852 4331 909 4383 et
940 4320 1355 4403 praecedebant
1378 4321 1508 4382 illos
1532 4323 1724 4397 Jesus,
1755 4329 2040 4401 erantque

387 4411 695 4494 pavefacti,
734 4420 788 4472 et
807 4420 1123 4493 sequentes
1149 4410 1529 4472 timebant.Et
1558 4411 1877 4492 assumptis
1902 4429 2036 4472 rur-

386 4519 517 4564 sum
536 4500 877 4574 duodecim,
901 4499 1078 4578 coepit
1106 4499 1223 4561 illis
1241 4500 1443 4561 dicere
1466 4518 1595 4580 quae
1615 4499 1725 4561 sibi
1760 4508 2041 4561 eventura

384 4584 771 4653 essentzEccc
793 4586 1182 4650 accendimus
1205 4586 1697 4670 Hierosolyma,vt
1718 4586 1901 4649 Filius
1927 4588 2039 4649 ho-

388 4677 569 4741 minis
603 4678 865 4739 tradeiur
897 4675 1266 4757 principibus
1296 4679 1667 4742 sacerdotum
1701 4688 1758 4738 et
1786 4677 2033 4758 Scribis,

386 4778 444 4831 et
476 4765 961 4829 condemnabunt
981 4786 1115 4828 eum
1140 4766 1214 4828 ad
1244 4775 1585 4842 mortem,et
1615 4767 1849 4829 tradent
1870 4766 2033 4828 illum

382 4856 678 4939 gentibus,
715 4865 773 4917 et
802 4856 1058 4919 illudent
1109 4857 1215 4938 illi,
1269 4866 1327 4919 et
1372 4855 1754 4937 ﬂagellabunt
1784 4876 1943 4932 eum,
1983 4865 2040 4918 et

382 4952 661 5029 inspuent
689 4949 748 5010 in
772 4948 963 5025 illum,
999 4958 1057 5012 et
1108 4952 1380 5013 occident
1412 4970 1572 5025 eum,
1627 4959 1683 5010 et
1726 4949 1897 5013 lcrtia
1940 4949 2038 5013 die

381 5046 672 5116 resurget.
710 5065 730 5093 ι
764 5038 955 5112 Quare
992 5041 1258 5122 praedicit
1283 5040 1337 5102 ei
1364 5040 1677 5103 eventura?
1704 5039 1780 5103 Ut
1808 5047 2038 5102 mentes

379 5126 811 5207 discipulorum
845 5138 1156 5211 praeparet,
1192 5151 1308 5213 quo
1344 5131 1507 5212 prius
1564 5129 1760 5191 audita
1810 5129 2036 5190 facilius

2725 3076 3085 3160 φιλοστόργως
3174 3086 3302 3159 πρὸς
3359 3088 3543 3154 αὖτοὺς
3576 3076 3585 3078 ἡ
3624 3089 3789 3170 ἔχον-

2126 3180 2245 3261 τας,
2320 3159 2456 3261 αλλὰ
2537 3165 2622 3221 καὶ
2679 3167 2843 3225 οἰκίαν
2894 3159 3019 3245 μίαν
3072 3173 3221 3254 ἀφεὶς
3251 3176 3279 3231 6
3311 3176 3533 3256 Πέτρος,
3566 3159 3784 3261 ὕστερον

2123 3247 2219 3311 τὰς
2274 3250 2482 3309 πάντων
2534 3261 2637 3311 τῶν
2696 3260 2948 3331 μαθητῶν
3031 3247 3186 3320 αὐτοῦ
3230 3247 3430 3333 ὀἰκίας
3479 3268 3632 3349 εἶχε.
3683 3247 3782 3329 fieri

2126 3347 2212 3396 νῦν
2269 3338 2321 3395 δὲ
2394 3342 2514 3406 τοὺς
2545 3344 2860 3427 ἁπανταχοῦ
2892 3353 2995 3427 γῆς
3024 3353 3178 3415 ναοὺς
3207 3352 3293 3410 ἐπ’
3336 3338 3773 3440 ὀνόματιναῦτοῦ,

2125 3430 2289 3495 οἰκίας
2335 3430 2451 3512 ἔχει
2508 3432 2776 3514 λαμπράς
2839 3441 2927 3497 καὶ
2984 3444 3045 3498 τὸ
3095 3451 3304 3519 μεῖζον,
3357 3430 3440 3503 ὅτι
3469 3450 3606 3524 μετὰ
3658 3430 3786 3506 διωξ-

2124 3526 2278 3597 γμῶν
2346 3525 2507 3579 ταῦτα
2565 3526 2735 3583 πάντα
2805 3527 3227 3609 κληρονομοῦσιν
3310 3536 3357 3593 οἱ
3403 3536 3569 3616 ἅγιοι,
3622 3562 3784 3597 τουτ-

2126 3607 2258 3680 ἐστι,
2340 3608 2677 3687 διωκόμενοι,
2778 3619 2866 3673 καὶ
2966 3619 3061 3676 οὒκ
3165 3607 3537 3707 εὖπαθοῦντές,
3639 3627 3783 3685 ἀλλὰ

2123 3696 2444 3774 θλιϐόμενοι.
2509 3694 2683 3761 ’Ὅθεν
2739 3707 2826 3762 καὶ
2884 3711 2931 3763 οἱ
2990 3709 3207 3791 ἔσχατοι
3270 3713 3324 3768 ἐν
3351 3721 3429 3789 τῷ
3487 3694 3575 3772 νῦν
3633 3719 3783 3775 αίῶνι

2127 3786 2399 3853 δοκοῦντες
2450 3789 2535 3847 διὰ
2606 3795 2666 3849 τὸ
2723 3792 2986 3854 θλίϐεσθαι
3055 3786 3145 3856 καὶ
3203 3798 3505 3880 διώκεσθαι,
3576 3804 3782 3864 ἔσονται

2127 3883 2324 3955 πρῶτοι
2379 3875 2464 3934 διὰ
2532 3882 2639 3973 τὴνΔ
2690 3885 2764 3947 είς
2815 3886 2945 3942 Θεὸν
2981 3884 3188 3963 ἐλπίδα,
3237 3889 3374 3953 ἀλλᾶ
3405 3875 3498 3949 καί
3522 3896 3571 3950 οἱ
3600 3902 3775 3973 Φαρι-

2124 3980 2293 4041 σαῖοι,
2348 3974 2547 4045 πρῶτοι
2605 3970 2776 4053 ὄντες,
2823 3973 3066 4054 ἐγένοντο
3120 3976 3367 4061 ἔσχατοι.
3401 3984 3462 4041 Οἱ
3520 3981 3577 4040 δὲ
3603 3970 3772 4065 ἀφέν-

2123 4076 2208 4120 τες
2251 4059 2315 4113 τὰ
2373 4059 2567 4142 πάντα,
2628 4064 2714 4120 καὶ
2785 4059 3240 4137 ἀκολουθήσαντες
3270 4077 3347 4146 τῷ
3378 4079 3613 4152 Χριστῷ,
3653 4059 3778 4154 εγὲ-

2124 4168 2276 4204 νοντο
2306 4155 2545 4226 πρῶτοι,

2212 4255 2239 4294 ε
2299 4224 2465 4331 Ἠ-σαν
2507 4236 2572 4331 δὲ
2630 4239 2685 4296 ἐν
2739 4242 2804 4310 τῆ
2860 4241 2964 4317 ὁδῳ
3019 4245 3386 4314 ἀναϐαίνοντες
3430 4252 3504 4315 είς
3541 4242 3773 4331 Ἰεροσό-

2122 4321 2286 4418 λυμα,
2348 4328 2435 4383 καὶ
2504 4328 2570 4397 ἧν
2627 4331 2872 4418 προάγων
2945 4336 3132 4401 αὖτοὺς
3158 4340 3185 4393 6
3217 4335 3447 4411 Ἰησοῦς,
3479 4343 3569 4398 καὶ
3612 4321 3778 4418 ,ἐθαμ-

2120 4412 2330 4496 ϐοῦντο,
2383 4418 2471 4473 καὶ
2526 4417 2926 4488 ἀκολουθοῦντες
2996 4423 3302 4506 ἒῳοϐοῦντω
3376 4432 3466 4487 καὶ
3533 4431 3701 4512 παρα)
3714 4412 3776 4489 α-

2122 4502 2227 4561 ϐὼν
2285 4504 2444 4561 πάλιν
2499 4509 2619 4571 τοὺς
2679 4507 2903 4591 δώδεκα,
2976 4502 3172 4591 ἤρξατο
3229 4521 3412 4582 αὐτοῖς
3459 4502 3634 4599 λέγειν
3709 4523 3774 4578 τὰ

2120 4592 2383 4685 μέλλοντα
2440 4596 2581 4672 αῦτῷ
2638 4599 2961 4674 συμϐαίνειν·
3039 4604 3120 4660 δτι
3205 4604 3339 4664 Ἰδοὺ
3419 4592 3770 4685 ἀναϐαίνομεν

2121 4685 2194 4748 είς
2246 4682 2606 4777 Ἰεροσόλυμα,
2667 4690 2753 4745 καὶ
2809 4692 2836 4746 6
2889 4693 3007 4756 Υἱὸς
3037 4701 3130 4751 τοῦ
3158 4694 3431 4776 ἀνθρώπου
3461 4682 3767 4777 παραδοθη-

2120 4795 2265 4830 σεται
2337 4788 2454 4836 το”ς
2514 4776 2819 4857 ἀρχιερεῦσι
2881 4783 2967 4839 καὶ
3039 4789 3432 4863 Γραμματεῦσι,
3465 4776 3551 4844 καὶ
3606 4810 3771 4845 κατα-

2119 4872 2378 4932 κρινο“.σιν
2437 4865 2591 4921 αὐτὸν
2643 4868 2872 4949 θανάτῳ,
2966 4872 3055 4930 καὶ
3137 4872 3535 4953 παραδώσουσιν
3609 4877 3769 4934 αὺτὸν

2119 4966 2236 5015 τοῖς
2289 4953 2479 5028 ἔθνεσι,
2539 4958 2626 5012 καὶ
2676 4955 3017 5033 ἐμπαίξουσιν
3076 4963 3241 5038 αὐτῷ,
3278 4965 3365 5021 καὶ
3394 4965 3770 5045 μαστιγώσου-

2121 5064 2202 5098 σιν
2254 5044 2431 5124 αῦτὸν,
2485 5046 2572 5101 καὶ
2642 5046 2992 5121 ἐμπτύσουσιν
3042 5052 3183 5127 αὐτῷ
3241 5055 3328 5109 καὶ
3386 5044 3764 5114 ἀποκτενοῦσιν

2119 5135 2296 5207 αὖτὸν,
2355 5136 2442 5190 καὶ
2501 5142 2569 5212 τῇ
2625 5138 2774 5216 τρίτη
2832 5138 3011 5218 ἡμέρᾳ
3080 5141 3458 5212 ἀναστήσεται.
3523 5168 3547 5200 ι
3614 5146 3763 5209 Τίνος

379 5218 592 5291 ferant,
628 5225 687 5277 et
718 5237 833 5278 non
867 5229 1110 5298 repente
1135 5217 2036 5301 percellanturanimo.lnsuper

2134 5221 2289 5280 ἕνεκεν
2324 5222 2592 5303 ,προλέγει
2643 5228 2709 5285 τὰ
2766 5217 3032 5303 μέλλοντα
3091 5232 3233 5305 αὖτῷ
3262 5229 3565 5307 συμϐαίνειν
3601 5249 3618 5309 ;
3655 5236 3759 5291 Διὰ

382 5314 444 5367 ut
469 5304 835 5397 sciamquod
867 5310 1234 5373 voluntarius
1268 5312 1543 5393 patiatur.
1572 5309 1719 5373 Nam
1753 5309 1851 5390 qui
1877 5327 2029 5389 prae-

2134 5313 2173 5368 :6
2228 5310 2584 5391 προομαλίσαι
2641 5318 2744 5371 τῶν
2822 5318 3075 5388 μαθητῶν
3157 5322 3254 5389 τὴν
3302 5319 3558 5397 διάνοιαν,
3617 5323 3761 5379 ὡσὰν

378 5394 907 5489 novit,ct_eli‘ugere
942 5407 1153 5478 potest,
1178 5410 1239 5463 et
1268 5420 1385 5462 non
1418 5401 1559 5481 fugit
1598 5423 1610 5460 :
1649 5399 2027 5461 manifestum

2134 5402 2561 5479 τροακούσαντες,
2625 5406 2979 5486 εὖεῳρώτερον
3032 5406 3309 5488 ἐνέγκωσι,
3370 5414 3455 5467 καί
3539 5412 3618 5489 μὴ
3686 5420 3760 5487 τῷ

377 5484 532 5562 quod
566 5482 957 5548 voluntarium
991 5508 1056 5551 se
1088 5490 1459 5570 passionibus
1478 5490 2026 5573 exponat.Seorsim

2134 5492 2286 5568 ιθρόῳ
2340 5490 2749 5573 καταπλαγῶσι,
2834 5498 2921 5553 καὶ
2971 5498 3112 5555 ὼσὰν
3192 5495 3397 5573 εἰδεῖεν,
3462 5498 3543 5558 ὅτι
3622 5502 3758 5559 ἑκὼν

374 5582 571 5638 autem
589 5574 837 5638 assumit
857 5576 1269 5662 discipulos,et
1287 5600 1419 5643 cum
1441 5570 1582 5644 solis
1602 5580 1721 5643 illis
1744 5577 2025 5662 loquitur.

2134 5580 2336 5662 ισίσχει.
2403 5570 2460 5639 Ὀ
2517 5570 2617 5662 γὰρ
2674 5582 2930 5666 προειδὼς
2998 5588 3084 5646 καὶ
3139 5570 3422 5666 δυνάμενος
3480 5589 3753 5672 ἐκφυγεῖν,
