4162 6228
304 348 472 415 605

1096 353 1543 417 ENARRATIO
1587 355 1669 418 IN
1714 348 2221 417 EVANGELIUM
2266 345 2522 411 MARGI.
2562 381 2642 395 —
2681 348 2848 413 CAP.
2894 352 2970 414 Χ.

3591 342 3714 411 606

315 476 403 551 μὴ
465 476 672 558 φεύγων
745 476 823 551 δὲ,
910 475 1177 555 πρόδηλον
1260 478 1332 542 ὡς
1410 478 1657 542 ἑκουσίως
1714 476 1967 535 ἒκδίδιυσιε

2066 477 2375 541 Secretum
2409 480 2567 541 enim
2588 481 2929 562 mystarium
2955 489 3086 544 erat
3114 479 3333 562 passio,
3357 480 3512 560 quod
3539 476 3714 541 fami-

311 566 508 623 ἑαυτὸν
560 579 679 631 τοῖς
729 565 970 629 πάθεσιν,
1034 565 1160 639 Ἰδίᾳ
1216 564 1269 622 δὲ
1328 565 1650 643 παραλαϐὼν
1704 568 1828 633 τοὺς
1871 591 1972 644 μα-

310 656 506 729 θητὰς,
553 656 739 731 μόνοις
783 658 965 719 αὖτοῒς
1021 654 1349 733 διαλέγεται.
1400 657 1698 735 Μυστήριον
1756 658 1856 737 γὰρ
1913 657 1973 713 ὃν

308 746 379 801 τὸ
439 745 628 819 πάθος,
682 758 798 808 τοῖς
849 744 1183 823 οἰκειοτέροις
1223 742 1325 799 ἔδει
1369 744 1823 823 ἀποκαλυφθῆναι.
1878 747 1975 801 Διὰ

308 841 474 890 τοῦτο
532 841 658 914 γοῦν
716 837 800 891 καὶ
843 832 1203 913 προλαμϐάνει
1261 834 1461 899 πάντας
1493 833 1547 889 ὲν
1590 840 1655 911 τῇ
1685 834 1809 910 ὁδῷ,
1857 837 1977 913 βου-

303 921 539 998 λόμενος
572 923 915 1005 ἀποχωρίσαι
973 923 1067 979 τοῦ
1110 919 1275 979 ἄλλου
1318 924 1552 993 πλήθους
1583 925 1705 989 τοὺς
1733 924 1974 999 μαθητὰς

299 1012 492 1073 αὖτοῦ.
557 1005 725 1089 "Alia:
782 1030 871 1071 και
964 1013 1049 1070 διὰ
1122 1023 1216 1072 τοῦ
1286 1013 1543 1092 προάγειν
1619 1015 1821 1078 πάντας
1889 1008 1977 1070 καὶ

302 1103 630 1182 προφθάνειν
688 1104 742 1159 ἐν
795 1109 863 1180 τῇ
905 1101 1033 1177 ὁδῷ,
1091 1100 1351 1158 δείκνυσιν
1410 1102 1489 1159 ὅτι
1534 1103 1854 1182 προστρέχει
1900 1110 1977 1177 τῷ

291 1191 478 1270 πάθει,
538 1193 627 1249 καὶ
685 1196 781 1251 οὒκ
862 1191 1149 1270 ἀποφεύγει
1220 1192 1321 1256 τὴν
1362 1191 1493 1269 ὑπὲρ
1556 1193 1654 1257 τῆς
1713 1192 1976 1271 ἡμετέρας

2055 566 2399 631 liarioribus
2429 569 2712 632 duntaxat
2742 571 3126 635 revelandum
3157 580 3306 644 erat,
3340 577 3397 633 et
3438 576 3714 648 proptere

2058 655 2116 718 in
2148 656 2238 718 via
2269 676 2477 721 omnes
2495 659 2793 741 praecedit,
2820 660 3023 722 volens
3050 678 3084 721 a
3114 658 3492 721 multitudine
3508 675 3712 734 segre-

2060 764 2199 823 gare
2230 746 2579 829 discipulos.
2617 751 2867 829 Insuper
2892 768 3000 831 per
3014 750 3126 811 hoc
3152 750 3309 830 quod
3336 766 3545 811 omnes
3572 765 3714 827 prae-

2061 834 2219 897 cedit
2254 846 2311 898 et
2343 838 2628 919 praevenit
2657 840 2716 901 in
2744 838 2857 921 via,
2894 839 3150 901 ostendit
3180 838 3337 919 quod
3369 838 3442 899 ad
3476 836 3708 917 passio-

2063 943 2198 986 nem
2218 935 2703 1003 accurrat,etnon
2718 928 2904 1008 fugiat
2918 944 3167 989 mortem
3188 935 3434 1010 propter
3448 934 3707 986 nostram

2060 1013 2335 1078 salutem.
2378 1016 2653 1089 Quamvis
2681 1027 2879 1079 autem
2913 1019 3095 1079 multa
3126 1026 3433 1079 enumerat
3472 1032 3705 1094 aspera,

2061 1104 2324 1168 omnium
2370 1114 2567 1169 tamen
2616 1108 2851 1169 illorum
2899 1107 3201 1169 sufﬁciens
3244 1106 3570 1168 consolatio
3620 1112 3710 1165 est

2062 1210 2244 1253 unum
2282 1196 2417 1269 hoc,
2450 1196 2607 1277 quod
2643 1196 2814 1259 tertia
2844 1196 2943 1257 die
2975 1204 3271 1275 resurget.

306 1281 584 1357 σωτηρίας
627 1280 881 1359 νέκρωσιν
912 1296 926 1311 ⁸
974 1279 1113 1348 πλὴν
1158 1281 1202 1336 εἰ
1246 1281 1336 1336 καὶ
1390 1281 1457 1337 τὰ
1499 1282 1780 1359 σκυθρωπὰ
1836 1282 2010 1338 πάντα
2074 1283 2387 1365 καταλέγει,
2447 1285 2567 1342 ἀλλ’
2610 1290 2698 1344 οὖν
2740 1287 2953 1343 πάντων
2985 1286 3200 1343 ἐκείνων
3228 1285 3529 1365 παραμυθία
3588 1284 3704 1357 μία,

307 1371 400 1442 τὸ,
433 1372 534 1430 Καὶ
562 1376 631 1447 τῇ
655 1371 807 1450 τρίτη
837 1370 1013 1449 ἡμέρᾳ
1056 1370 1434 1439 ἀναστήσεται,

403 1481 425 1517 ι
464 1462 561 1520 Καὶ
617 1460 1066 1539 προσπορεύονται
1128 1460 1270 1534 αὒτῷ
1327 1457 1578 1523 Ἰάκωϐος
1631 1462 1719 1517 καὶ
1779 1458 1966 1518 Ἰωάν-

2134 1463 2315 1525 Vens.
2355 1464 2571 1528 35-39.
2609 1491 2630 1521 ι
2669 1465 2739 1527 Et
2768 1467 3059 1529 accedunt
3092 1465 3164 1527 ad
3199 1483 3334 1526 eum
3362 1462 3619 1527 Jacobus
3645 1467 3703 1522 et

303 1572 436 1625 νης,
490 1551 536 1607 οἱ
564 1551 663 1606 υἱοὶ
692 1546 989 1619 Ζεϐεδαίου,
1039 1548 1285 1627 λέγοντες
1321 1569 1337 1585 ’
1376 1547 1695 1633 Διδάσκαλε,
1751 1548 1967 1624 θέλομεν

2054 1548 2335 1633 Joannes,
2372 1554 2474 1615 ﬁlii
2504 1552 2795 1627 Zebedzei,
2832 1556 3101 1616 dicentes
3135 1574 3148 1617 :
3179 1550 3701 1632 Praeceptor,volu-

299 1638 402 1695 ἵνα
460 1639 488 1695 ὃ
544 1638 634 1695 ἰὰν
667 1640 999 1718 αξτήσωμεν,
1039 1639 1276 1714 ποιήσῃς
1306 1638 1465 1713 ἡμῖν.
1500 1628 1559 1695 Ὀ
1602 1637 1657 1694 δὲ
1701 1643 1855 1695 εἶπεν
1882 1640 1967 1694 αὖ·

2054 1657 2183 1701 mus
2216 1650 2276 1702 ut
2307 1628 2593 1724 quidquid
2622 1645 2989 1725 petierimus,
3017 1644 3195 1706 facias
3216 1628 3408 1703 nobis.
3433 1640 3537 1701 Iile
3559 1656 3699 1701 vero

302 1742 430 1791 τοῖς
461 1746 482 1765 ο
514 1729 574 1787 Τί
602 1727 779 1785 θέλετε
820 1727 1043 1795 ποιῆσαί
1085 1749 1152 1803 με
1182 1728 1309 1803 ὑμῖν
1345 1744 1362 1803 ς
1395 1729 1454 1786 Ol
1482 1726 1537 1784 δὲ
1569 1728 1728 1785 εἶπον
1772 1730 1912 1803 αὐτῷ
1949 1748 1963 1762 ·

2054 1728 2198 1791 dicit
2227 1731 2315 1792 eis
2345 1753 2358 1790 :
2394 1730 2542 1804 Quid
2584 1750 2678 1793 me
2710 1732 2883 1794 vultis
2913 1733 3111 1795 facere
3132 1730 3424 1793 vobis?llli
3454 1746 3590 1788 vero
3609 1726 3701 1788 di-

305 1819 417 1881 Δὸς
470 1820 607 1893 ἡμῖν
634 1816 729 1874 ἵνα
772 1816 856 1881 εἷς
894 1816 954 1872 ἑκ
982 1815 1164 1883 δεξιῶν
1208 1839 1325 1891 σον,
1356 1819 1443 1898 καὶ
1487 1818 1573 1881 εἷς
1600 1815 1653 1883 ἐξ
1684 1818 1967 1893 εὒωνύμων

2054 1828 2267 1882 xerunt
2296 1820 2352 1883 ei
2387 1841 2401 1883 :
2435 1820 2520 1883 Da
2547 1821 2714 1883 nobis
2747 1830 2811 1883 ut
2842 1841 2995 1883 unus
3026 1821 3131 1882 tibi
3160 1840 3192 1881 ει
3213 1817 3527 1898 dextris,et
3550 1816 3699 1877 alter

302 1929 406 1964 σου
454 1908 773 1983 καθήσωμεν
832 1906 885 1962 ἐν
930 1912 997 1982 τῇ
1041 1904 1163 1983 δόξῃ
1196 1929 1308 1963 σου.
1361 1896 1419 1964 ’0
1461 1904 1517 1962 δὲ
1567 1905 1771 1973 Ἰησοὴ
1816 1911 1967 1964 εἶπεν

2055 1906 2162 1968 tibi
2191 1926 2224 1969 a
2245 1908 2505 1971 sinistris
2535 1910 2847 1972 sedeamus
2869 1910 2930 1971 in
2959 1910 3145 1989 gloria
3177 1896 3471 1972 tuaJesus
3500 1914 3695 1966 autem

305 1998 498 2062 αὐτοῖς
534 2012 549 2027 ⁸
584 1998 691 2054 Οὔκ
719 1994 900 2052 οἴδατε
942 1995 994 2051 τί
1021 1996 1275 2057 αἰτεῖσθε.
1329 1995 1556 2052 Δύνασθε
1585 2010 1732 2053 πιεῖν
1771 1998 1833 2053 τὸ
1862 2019 1969 2053 πο-

304 2086 496 2164 τήριον
550 2086 579 2142 ὃ
629 2084 738 2163 ἐγὼ
780 2087 936 2158 πίνω,
983 2087 1069 2140 καὶ
1097 2087 1158 2140 τὸ
1214 2084 1489 2162 βάπτισμα
1518 2086 1545 2141 ὃ
1574 2085 1683 2162 ἐγὼ
1712 2088 1969 2162 βαπτίζο-

299 2196 429 2248 μαι,
493 2175 886 2251 βαπτισθῆναις
940 2176 1007 2231 Οἳ
1036 2171 1088 2229 δὲ
1135 2174 1295 2230 εἶπον
1354 2175 1496 2249 αὗτῷ
1530 2192 1543 2205 ⁸
1600 2176 1896 2250 Δυνάμεθα.
1938 2200 1962 2233 ε

305 2263 526 2327 ’Ἀλλος
580 2262 964 2342 εὖαγγελιστής
995 2285 1155 2343 φησιν
1186 2261 1267 2319 ὅτι
1298 2265 1332 2331 ἡ
1381 2265 1563 2341 μήτηρ
1594 2266 1766 2321 αὐτῶν
1810 2287 1970 2344 προσ-

303 2353 440 2421 ῆλθε
497 2359 574 2427 τῷ
626 2360 859 2432 Χριστῷ.
923 2353 1075 2416 Εἰκὸς
1152 2350 1205 2407 δε
1286 2352 1430 2408 ἐστιν
1482 2352 1755 2433 ἀμφότερα
1812 2355 1965 2432 γενέ-

302 2448 428 2501 σθαι
470 2459 484 2473 ⁸
546 2444 635 2499 καὶ
703 2445 823 2508 τοὺς
896 2441 1225 2504 ἀποστόλους
1280 2443 1701 2522 αἰσχυνομένους
1775 2442 1970 2523 προϐα-

303 2533 493 2591 λέσθαι
556 2533 651 2601 τὴν
695 2531 904 2610 μητέρα
949 2533 1143 2610 αὐτῶν,
1190 2532 1315 2587 εἶτα
1370 2534 1459 2588 καὶ
1518 2534 1704 2595 αὐτοὺς
1735 2533 1966 2613 προσελ-

303 2627 427 2681 θεῖν
485 2621 632 2695 ίδίᾳ⁸
700 2620 781 2678 διὰ
850 2622 940 2678 καὶ
1002 2624 1029 2677 6
1106 2620 1484 2699 εὒαγγελιστὴς
1562 2622 1968 2689 ἐπισημαίνεται

2052 1995 2195 2058 dixit
2223 1998 2342 2060 iilis
2367 2016 2380 2061 :
2407 1998 2656 2061 Nescitis
2678 1999 2814 2080 quid
2852 1997 3343 2080 pet;.tis.Polestis
3371 1994 3577 2057 bibere
3601 2012 3699 2074 po-

2053 2086 2249 2147 culum
2284 2088 2437 2168 quod
2464 2108 2571 2167 ego
2604 2086 2830 2162 bibo,et
2860 2088 3215 2168 baptismate
3244 2105 3360 2167 quo
3383 2103 3491 2163 ego
3515 2080 3700 2164 bapti-

2054 2194 2157 2236 zor
2186 2176 2521 2257 baptizari?
2551 2178 2624 2239 At
2667 2177 2754 2238 illi
2809 2178 3090 2239 dixerunt
3130 2178 3184 2238 ei
3221 2199 3232 2235 :
3271 2175 3612 2237 Possumus.
3666 2192 3691 2228 ι

2052 2262 2223 2324 Alius
2250 2264 2937 2346 evangelistadicitquod
2954 2276 3144 2328 mater
3172 2266 3406 2326 illorum
3419 2278 3697 2322 accesse-

2054 2350 2129 2411 rit
2157 2352 2227 2412 ad
2281 2352 2603 2416 Christum.
2636 2354 2975 2415 Verisimile
3025 2364 3223 2417 autem
3255 2361 3344 2415 est
3378 2359 3697 2429 utrumque

2047 2443 2297 2516 factum,
2319 2450 2377 2503 et
2407 2442 2707 2522 apostolos
2740 2443 2966 2523 pudore
2990 2443 3243 2524 quodam
3278 2448 3524 2503 matrem
3553 2456 3698 2519 prro.

2050 2529 2305 2604 misisse,
2338 2538 2397 2594 et
2427 2532 2645 2593 deinde
2696 2532 2857 2612 ipsos
2888 2532 3137 2595 seorsim
3169 2530 3388 2592 adiisse
3423 2551 3436 2589 :
3470 2528 3694 2589 idcirco

2054 2627 2112 2681 et
2137 2622 2494 2700 evangelista
2515 2621 2772 2699 assignat
2804 2621 2936 2699 hoc,
2973 2620 3218 2682 dicens:
3246 2617 3698 2694 Accedunt,hoc

305 2716 490 2787 τοῦτο,
551 2711 722 2790 λέγων
759 2729 774 2745 ο
815 2710 1289 2789 Προσπορεύονται,
1352 2709 1463 2767 ἀντὶ
1512 2719 1627 2785 τοῦ,
1678 2709 1780 2785 ἰδίᾳ
1809 2735 1967 2792 προσ-

2054 2716 2166 2783 est,
2200 2710 2449 2771 seorsim
2481 2713 2729 2784 adeunt,
2762 2710 2834 2771 ab
2864 2710 2995 2770 aliis
3025 2709 3316 2789 segregati
3347 2705 3497 2779 Quid
3522 2704 3699 2783 igitur

305 2803 589 2882 έρχονται,
639 2802 748 2858 τῶν
799 2799 975 2857 ἄλλων
1045 2800 1531 2880 ἆποχωρισθέντες,
1593 2801 1654 2859 Τί
1709 2800 1764 2858 δὲ
1819 2803 1885 2870 ἧν
1942 2805 1967 2860 ὃ

2054 2796 2228 2859 fuerit
2255 2798 2411 2878 quod
2448 2800 2761 2879 petierunt,
2790 2798 3108 2861 discamus.
3152 2796 3500 2876 Cogitabam
3538 2792 3695 2873 quod

306 2893 557 2972 ᾐτοῦντο,
607 2890 879 2966 μάθωμεν.
940 2889 1217 2964 Ἐνόμιζον
1282 2887 1365 2946 ὅτι
1428 2893 1581 2946 τοῦτο
1630 2892 1657 2947 ὃ
1687 2890 1967 2972 ἀνέρχεται

2054 2887 2403 2948 ascenderet
2450 2888 2510 2948 in
2553 2887 2956 2969 Hierosolyma
2988 2898 3050 2949 ut
3082 2896 3431 2967 regnaturus
3462 2893 3694 2963 tempo-

309 2982 389 3043 εἰς
443 2970 806 3058 Ἰεροσόλυμα,
851 2977 936 3034 διὰ
977 2980 1037 3034 τὸ
1087 2975 1418 3054 βασιλεύσειν
1464 2970 1967 3058 ἀνέρχεται

2054 2974 2161 3037 rali
2192 2976 2445 3056 quodam
2480 2994 2686 3057 regno,
2722 2986 2779 3040 et
2831 2986 3139 3058 postquam
3192 2983 3519 3055 regnasset,
3556 2990 3693 3051 pas-

310 3070 416 3136 τήν
458 3066 753 3144 βασιλείαν.
792 3068 886 3126 Καὶ
919 3068 1052 3143 μετὰ
1095 3069 1155 3123 τὸ
1213 3066 1546 3144 βασιλεῦσαι,
1582 3068 1703 3124 τότε
1732 3071 1967 3128 πείσεται

2054 3082 2225 3126 surus
2249 3074 2406 3127 esset
2435 3084 2501 3126 ea
2525 3067 2599 3128 de
2630 3066 2843 3147 quibus
2873 3067 3129 3129 dicebat.
3162 3066 3325 3128 Talia
3354 3080 3556 3156 secum
3590 3079 3695 3156 co-

307 3158 346 3216 ἃ
403 3155 594 3232 ἔμελλε
652 3159 865 3218 παθεῖν,
942 3163 1116 3214 Ταῦτα
1174 3156 1261 3213 οὗν
1328 3156 1642 3228 έννοοῦντες,
1706 3160 1967 3218 αίτοῡνται

2054 3154 2333 3236 gitantes,
2368 3155 2699 3237 petiverunt
2723 3156 2926 3219 sedem
2960 3164 3020 3221 et
3048 3178 3081 3219 ιι
3114 3156 3338 3219 dextris
3370 3163 3428 3216 et
3456 3172 3489 3213 a
3511 3151 3694 3212 sinis-

306 3249 400 3305 καὶ
452 3247 551 3314 τὴν
608 3244 669 3302 ἐκ
722 3243 903 3311 δεξιῶν
956 3249 1041 3302 καὶ
1085 3248 1184 3314 τὴν
1247 3244 1299 3312 ἐξ
1356 3246 1636 3320 εόωνύμων
1693 3246 1967 3328 καθέδραν·

2054 3244 2202 3309 tris:
2237 3244 2463 3307 idcirco
2503 3256 2561 3307 et
2602 3245 2886 3307 Dominis
2942 3246 3209 3327 increpat
3260 3262 3363 3307 eos
3418 3251 3693 3321 tanquam

304 3335 391 3394 διὸ
433 3336 521 3393 καὶ
573 3336 601 3392 6
660 3332 844 3412 Κύριος
896 3334 1119 3409 ἐπιτιμᾷ
1175 3338 1359 3398 αὺτοῖς
1408 3337 1481 3398 ὡς
1536 3335 1762 3403 ἀνόητόν
1791 3358 1841 3393 τι
1868 3345 1967 3408 ζη-

2056 3332 2298 3393 stultum
2344 3334 2623 3413 quiddam
2660 3344 2947 3413 petentes.
2980 3334 3230 3397 Nescitis
3262 3332 3443 3408 enim,
3480 3330 3689 3411 inquit,

305 3430 515 3487 τοῦσιν.
571 3424 679 3483 Οὐκ
707 3422 887 3481 οἴδατε
919 3424 1041 3503 γὰρ,
1074 3427 1225 3503 φησὶ,
1258 3423 1309 3480 τί
1356 3425 1607 3481 αἰτε”σθε.
1648 3416 1830 3501 ’Υμετς
1873 3427 1967 3507 γὰρ

2054 3421 2195 3501 quid
2230 3422 2593 3502 petatis.Vos
2618 3424 2773 3484 enim
2810 3424 3056 3485 creditis
3087 3422 3367 3485 sensibile
3397 3419 3691 3501 quoddam

305 3517 549 3592 νομίζετε
615 3514 874 3581 αἰσθητὴν
929 3514 1072 3569 εἶναι
1133 3515 1230 3582 τὴν
1310 3512 1448 3590 ἐμὴν
1530 3512 1828 3590 βασιλείαν,
1884 3512 1967 3573 καὶ

2056 3528 2255 3573 meum
2286 3530 2533 3591 regnum
2572 3530 2726 3593 esse,
2761 3522 2817 3575 et
2864 3513 3247 3595 temporalem
3298 3511 3501 3573 sedem
3536 3508 3692 3588 peti-

308 3605 567 3671 αίσθητὴν
595 3605 696 3670 τὴν
746 3600 999 3679 καθέδραν
1057 3602 1314 3661 αἰτεῖσθε.
1377 3603 1482 3659 Οὔκ
1513 3601 1621 3658 ἔστι
1654 3600 1709 3657 δὲ
1765 3612 1919 3662 τοῦτο
1954 3621 1965 3634 ⁸

2056 3599 2131 3661 tis
2163 3621 2176 3663 :
2212 3609 2271 3662 at
2296 3619 2390 3662 res
2420 3620 2534 3661 non
2570 3601 2648 3662 ita
2679 3621 2743 3663 se
2768 3601 2965 3677 habet,
2996 3604 3097 3665 sed
3133 3602 3335 3663 omnia
3364 3600 3487 3661 haec
3518 3615 3695 3678 supra

306 3692 449 3749 ἀλλὰ
502 3701 666 3751 ταῦτα
722 3691 896 3747 πάντα
936 3690 1065 3769 ὑπὲρ
1123 3701 1242 3750 νοῦν
1292 3692 1414 3750 εἰσι.
1492 3692 1592 3749 Καὶ
1642 3692 1705 3747 τὸ
1762 3692 1967 3749 καθίσαι

2057 3698 2313 3752 mentem
2356 3690 2616 3752 hominis
2658 3700 2818 3753 sunt.
2852 3691 2920 3753 Et
2949 3692 3159 3754 sedere
3189 3711 3222 3753 a
3251 3689 3471 3753 dextris
3518 3688 3691 3767 meis,

307 3782 370 3839 ὲκ
424 3780 603 3847 δεξιῶν
647 3803 748 3855 μου
806 3780 945 3858 μέγα
1005 3780 1135 3855 ἐστὶ,
1210 3781 1299 3837 καὶ
1357 3782 1451 3845 τας
1495 3778 1783 3857 ἆγγελικὰς
1814 3782 1967 3853 ὑπερ-

2056 3796 2331 3859 magnum
2367 3787 2477 3849 est,
2513 3789 2573 3841 et
2602 3781 2757 3861 quod
2786 3782 3020 3843 excellit
3054 3780 3232 3843 etiam
3262 3777 3561 3857 angelicos
3591 3794 3693 3836 or-

304 3872 495 3929 6αϊνον
562 3870 754 3943 τάξεις,
816 3873 904 3927 καὶ
959 3872 1113 3945 ὑμεῖς
1174 3871 1271 3945 μὲν
1344 3871 1429 3927 ἐπὶ
1482 3869 1633 3935 δόξαν
1672 3873 1966 3950 κεχήνατε,

2054 3869 2390 3932 llines:228
2415 3881 2473 3932 et
2494 3890 2594 3932 vos
2622 3872 2861 3953 quidem
2885 3872 2955 3932 ad
2988 3873 3232 3951 gloriam
3266 3867 3693 3945 festinatis,ego

305 3962 417 4041 ἐγὼ
465 3960 520 4017 δὲ
577 3963 649 4025 εἷς
696 3962 922 4018 θάνατον
964 3962 1099 4023 ὑμᾶς
1157 3968 1328 4023 καλῶ,
1412 3962 1673 4037 Ποτήριον
1733 3963 1833 4040 γὰρ
1880 3956 1966 4018 καὶ

2054 3970 2246 4022 autem
2278 3961 2351 4021 ad
2388 3970 2637 4021 mortem
2663 3978 2771 4023 vos
2801 3961 3252 4024 voco.Poculum
3286 3958 3443 4020 enim
3464 3964 3521 4018 et
3551 3955 3691 4036 bap-

305 4054 586 4129 βᾶπτισμα
643 4052 735 4106 τὸν
788 4052 1012 4129 σταυρὸν
1070 4050 1368 4125 ὀνομάζει’
1420 4050 1672 4127 ποτήριον
1720 4051 1842 4124 μὲν,
1892 4054 1963 4114 ὡς

2054 4054 2226 4112 tisma
2258 4068 2495 4112 crucem
2532 4046 3554 4133 nominat.Poculumquidem,quod
3579 4055 3693 4106 sta-

308 4143 381 4204 είς
441 4140 604 4197 ὕπνον
657 4140 800 4204 εὐθὺς
850 4138 981 4217 ἄγον
1041 4140 1127 4194 καὶ
1181 4141 1254 4202 ὡς
1306 4138 1474 4207 ἡδέως
1503 4139 1593 4194 ὑπ’
1626 4139 1780 4195 αὑτοῦ
1810 4162 1967 4219 προσ-

2054 4138 2152 4198 tim
2184 4157 2457 4199 somnum
2492 4139 2859 4215 conciliet,et
2887 4139 3043 4221 quod
3073 4140 3146 4202 ab
3168 4140 3296 4220 ipso
3329 4152 3537 4216 magna
3554 4153 3689 4195 cum

306 4230 496 4310 δεχθέν
531 4247 545 4260 ⁸
602 4230 878 4307 βάπτισμα
922 4227 999 4301 δὲ,
1050 4231 1123 4293 ὡς
1191 4230 1517 4305 καθαρισμὸν
1561 4232 1668 4284 τῶν
1697 4228 1965 4308 ἁμαρτιῶν

2054 4228 2336 4292 suavitate
2377 4236 2669 4301 sumatur;
2714 4228 3003 4308 baptisma
3044 4238 3263 4309 autem,
3296 4228 3450 4309 quod
3497 4224 3692 4286 futura

308 4319 672 4395 ποιησάμενον
706 4334 721 4349 ⁸
770 4321 816 4375 οἶ
847 4316 924 4390 δε,
960 4321 1036 4391 μὴ
1082 4319 1366 4387 νοήσαντες
1397 4319 1448 4374 τί
1473 4317 1646 4395 λέγοι,
1691 4317 1963 4399 ὑπέσχον-

2054 4329 2206 4381 esset
2228 4329 2605 4400 peccatorum
2633 4320 2984 4401 puriﬁcatio.
3018 4322 3091 4384 Et
3115 4322 3173 4383 hi
3203 4339 3320 4381 non
3351 4315 3691 4396 intelligen-

306 4432 389 4483 το,
453 4409 751 4485 νομίζοντες
810 4407 981 4483 λέγειν
1050 4409 1166 4485 περὶ
1215 4408 1473 4485 ποτηρίου
1534 4409 1801 4473 αἰσθητοῦ,
1880 4414 1966 4468 καὶ

2054 4421 2138 4473 tes
2165 4410 2303 4490 quid
2331 4409 2563 4472 diceret
2596 4409 2842 4490 polliciti
2884 4421 3042 4471 sunt.
3095 4408 3500 4492 Opiuabanlur
3528 4406 3688 4469 enim

305 4499 671 4576 βαπτίσματος
731 4497 835 4569 οῗῳ
888 4495 1227 4568 ἐϐαπτίζοντο
1283 4498 1328 4554 οἱ
1390 4495 1660 4575 Ἰουδαῖοι,
1717 4498 1817 4575 πρὸ
1874 4506 1967 4554 τοῦ

304 4602 499 4671 φαγεῖν
528 4586 843 4662 πλυνόμενοι
856 4634 869 4648 .

392 4699 417 4730 ε
471 4668 528 4736 Ὀ
576 4674 631 4732 δὲ
690 4676 891 4741 Ἰησοῦ.
942 4681 1095 4732 εἶπεν
1151 4678 1333 4739 αὐτοῖς
1372 4692 1385 4706 ⁸
1422 4678 1493 4734 Τὸ
1520 4675 1618 4751 μὲν
1648 4677 1903 4755 ποτήριον
1933 4676 1962 4732 ὃ

306 4766 415 4845 ἱγὼ
457 4767 613 4840 πίνω,
674 4770 877 4843 πίεσθε,
927 4767 1011 4821 καὶ
1056 4766 1115 4821 τὸ
1173 4766 1450 4842 βάπτισμα
1501 4767 1528 4817 ὃ
1578 4764 1687 4844 ἐγὼ
1716 4767 1961 4842 βαπτίζο-

304 4878 427 4931 μαι,
474 4855 889 4932 βαπτισθήσεθε.
981 4856 1051 4911 Τὸ
1129 4852 1183 4909 δί
1237 4855 1444 4910 καθίσαι
1508 4853 1567 4910 ὲκ
1625 4852 1809 4919 δεξιῶν
1867 4877 1968 4928 μου

305 4946 393 5001 καὶ
439 4943 491 5010 ἐξ
542 4946 823 5020 εὑωνύμων
877 4967 1000 5021 μου,
1048 4945 1139 4999 οὒκ
1203 4943 1344 5000 ἔστιν
1402 4944 1531 5019 ἐμὸν
1588 4941 1785 5018 δοῦναι,
1844 4938 1966 5001 ἀλλ’

306 5038 391 5096 οἷς
448 5035 791 5108 ἡτοίμασται.
854 5059 880 5087 η
939 5036 1009 5091 Τὸ
1056 5032 1151 5107 μὲν
1212 5034 1523 5112 μαρτύριον,
1570 5035 1751 5113 φησὶν,
1784 5034 1963 5090 ὑπεισ-

306 5121 601 5191 ελεύσεσθε,
655 5124 744 5179 καὶ
801 5123 1151 5179 ἀποθανεῖσθε
1214 5125 1305 5179 τὸν
1382 5124 1511 5202 ὑπὲρ
1558 5129 1657 5189 τῆς
1716 5122 1963 5190 ἀληθείας

304 5213 549 5271 θάνατον.
610 5214 681 5270 Τὸ
736 5208 792 5268 δί
872 5212 1107 5281 γαθίσαι,
1169 5213 1264 5269 εὺκ
1336 5211 1477 5288 ἔστιν
1534 5211 1663 5288 ἐμὸν
1760 5210 1957 5276 δοῦναι,

304 5300 560 5359 Ἐνταῦθα
617 5299 671 5357 δὲ
729 5299 819 5358 δύο
848 5302 967 5358 τινὰ
1022 5308 1322 5372 ζητοῦνται,
1359 5284 1475 5359 αἱ[ἰν
1514 5284 1613 5377 μέν
1643 5300 1786 5365 τόδε,
1833 5297 1963 5380 Ἆρα

308 5392 622 5466 ἡτοίμασθαί
650 5413 751 5447 τινι
807 5393 868 5448 τὸ
916 5392 1174 5465 καθίσαι;
1232 5389 1409 5470 ἕτερον
1463 5390 1543 5469 δὲ,
1604 5392 1704 5472 ἆρα
1747 5394 1775 5449 6
1833 5391 1963 5448 πάν-

300 5502 409 5537 των
471 5482 749 5549 Δεσπότης
793 5484 852 5539 οὗ
896 5481 1107 5538 δύναται
1168 5483 1365 5549 ταύτην
1414 5484 1513 5550 τὴν
1562 5482 1815 5561 καθέδραν
1846 5480 1960 5539 δοῦ-

304 5591 441 5645 ναις
499 5572 739 5650 Δὲγομεν
782 5574 872 5628 οὖν
902 5571 981 5627 ὅτι
1034 5568 1196 5633 οὐδεὶς
1232 5573 1296 5627 ὶκ
1345 5569 1525 5636 δεξιῶν
1556 5573 1752 5628 καθίσει
1813 5570 1848 5638 ἢ
1904 5568 1958 5635 ἒξ

305 5657 617 5742 ἀριστερῶν.
684 5658 849 5718 Ἀλλὰ
913 5657 1008 5716 κᾶν
1060 5656 1352 5745 ,πολλαχοῦ
1405 5660 1504 5726 τῆς
1561 5661 1772 5742 Γραφῆς
1836 5661 1959 5717 καθ-

2048 4519 2183 4563 eum
2216 4499 2375 4580 loqui
2407 4498 2480 4560 de
2512 4498 2722 4579 poculo
2755 4500 3051 4581 sensibili,
3084 4510 3143 4561 et
3188 4500 3534 4580 baptismate
3573 4515 3690 4577 quo

2047 4588 2494 4671 baptizabantur
2523 4587 2709 4651 Judaei
2733 4607 2866 4650 cum
2893 4599 3030 4653 ante
3057 4591 3255 4652 cibum
3298 4607 3363 4650 se
3405 4589 3686 4650 lavareut.

2132 4681 2312 4740 Vens.
2343 4675 2767 4750 39,40.«Jesus
2796 4685 2995 4740 autem
3030 4678 3178 4742 dixit
3213 4679 3327 4741 illis
3361 4700 3374 4739 :
3408 4677 3687 4738 Poculum

2052 4758 2293 4842 quidem
2326 4758 2482 4837 quod
2515 4776 2622 4836 ego
2655 4757 2815 4834 bibo,
2850 4758 3067 4820 bibetis
3094 4777 3107 4822 :
3130 4768 3188 4821 et
3204 4759 3555 4840 baptismate
3571 4772 3686 4836 quo

2049 4868 2159 4928 ego
2189 4846 2474 4928 baptizor,
2497 4845 2961 4925 baptizabimini:
2980 4857 3257 4911 caeterum
3289 4848 3503 4911 sedere
3544 4844 3688 4907 mihi

2047 4958 2081 5000 a
2111 4939 2342 5000 dextris
2362 4955 2428 4997 ac
2460 4935 2745 5011 sinistris,
2777 4956 2895 4999 non
2927 4948 3018 5000 est
3052 4957 3249 5001 meum
3281 4936 3447 5013 dare,
3481 4937 3585 4998 sed
3618 4938 3687 4997 iis

2046 5027 2353 5106 continget
2408 5025 2625 5106 quibus
2678 5034 2944 5107 paratum
2998 5037 3110 5091 est.
3144 5052 3166 5082 ι»
3221 5027 3309 5089 Ad
3343 5026 3685 5106 martyrium

2046 5118 2311 5201 quidem,
2341 5114 2555 5201 inquit,
2587 5116 2964 5201 pervenietis,
2995 5125 3052 5179 et
3079 5116 3415 5201 moriemini
3446 5133 3551 5196 pro
3582 5133 3685 5175 ve-

2044 5194 2218 5263 ritate
2250 5217 2263 5255 :
2291 5202 2350 5257 at
2380 5194 2595 5255 sedere
2646 5214 2679 5256 a
2717 5196 2942 5259 dextris
2988 5216 3056 5259 ac
3102 5196 3381 5277 sinistris,
3435 5194 3553 5257 non
3599 5203 3689 5257 est

2045 5306 2241 5352 meum
2298 5284 2465 5347 dare.
2518 5282 2640 5346 Hoc
2681 5285 2810 5347 loco
2840 5287 2957 5351 duo
2988 5285 3174 5368 quaeri
3203 5285 3684 5358 solent:PriIno,

2044 5396 2184 5442 num
2218 5374 2472 5456 cuipiam
2501 5382 2765 5452 paratum
2798 5375 3105 5438 sitsedere
3134 5397 3148 5434 :
3178 5374 3401 5437 deinde
3432 5393 3521 5449 pan
3552 5395 3686 5441 om—

2044 5469 2207 5532 nium
2232 5464 2524 5528 Dominus
2548 5483 2663 5525 non
2686 5464 2872 5545 possit
2898 5465 3104 5527 sedem
3130 5463 3302 5527 istam
3333 5463 3509 5528 dare?
3523 5464 3683 5529 Dici-

2044 5575 2174 5620 mus
2204 5550 2565 5634 igitur,quod
2600 5552 2799 5614 nullus
2820 5571 2854 5613 a
2879 5554 3099 5615 dextris
3146 5553 3378 5615 sedebit
3407 5564 3506 5617 aut
3535 5573 3569 5616 a
3598 5553 3684 5615 si-

2043 5645 2263 5713 nistris.
2299 5640 2370 5703 Et
2398 5659 2531 5703 cum
2562 5660 2720 5724 saepe
2750 5642 2811 5705 in
2841 5643 3165 5726 Scripturis
3181 5643 3445 5707 audieris
3476 5645 3685 5708 cathe-
