4162 6228
426 267 552 339 607

1402 279 1995 347 THEOPHYLACTI
2038 275 2447 339 BULGARI/E
2489 278 2846 342 ARCHIEP.

3692 266 3813 333 608

425 406 613 482 dram,
651 428 764 470 non
798 412 1139 473 cathedram
1174 412 1489 495 intelligas,
1540 415 1645 476 sed
1680 414 2067 477 excellentem

2157 404 2303 481 έδρας
2363 408 2578 488 ἅκούῃς,
2639 410 2716 485 μὴ
2775 407 3024 487 καθέδραν
3082 407 3213 481 νόει,
3275 404 3411 461 ἀλλὰ
3439 405 3603 480 τιμὴν
3648 406 3815 483 ὑπερ·

416 495 784 574 dignitatein.
815 499 981 572 Quod
1014 512 1211 566 autem
1247 523 1363 565 non
1411 505 1486 565 sit
1528 522 1725 566 meum
1758 505 1925 583 dare,
1962 503 2067 563 hoc

2155 495 2478 561 ϐάλλουσαν,
2531 501 2601 557 Τὸ
2654 497 2735 574 δὲ,
2791 500 2901 557 Οὕκ
2953 497 3097 554 ἔστιν
3142 497 3270 573 ἐμὸν
3327 494 3527 569 δοῦναι,
3570 502 3808 553 τοιοῦτον

417 583 594 647 talem
631 586 807 650 habet
835 608 1075 652 sensum
1115 610 1128 655 :
1159 592 1285 653 Non
1318 602 1406 655 est
1439 595 1785 664 meum,hoc
1814 591 2071 672 est,justi

410 673 656 756 judicis,
683 676 825 739 dare
860 678 1025 741 vobis
1054 682 1124 742 ad
1172 682 1417 760 gratiam
1469 682 1817 763 dignitatem
1869 682 2064 757 istam,

422 785 537 827 non
568 768 722 828 enim
751 771 954 849 justus
984 790 1200 852 essem;
1236 773 1341 835 sed
1375 775 1468 836 his
1516 774 1616 855 qui
1646 774 2065 842 laboraverint,

420 865 745 936 prteparata
769 868 859 921 est
889 860 1141 938 dignitas
1173 863 1271 923 illa
1304 881 1316 926 :
1354 864 1854 941 quemadmodum
1879 863 2065 943 sijus-

419 953 511 1007 tus
542 965 642 1008 rex
668 949 1018 1027 praesideret
1043 952 1350 1015 certamini
1374 954 1718 1033 cuipiam.et
1737 952 1951 1014 deinde
1969 971 2063 1013 ac-

417 1034 629 1099 cedant
660 1036 731 1097 ad
766 1038 928 1099 illum
954 1040 1189 1118 quidam
1224 1043 1398 1103 amici
1431 1044 1585 1122 ejus,
1612 1051 1668 1104 et
1697 1041 1897 1105 dicant
1931 1065 1944 1102 :
1977 1043 2060 1105 Da

420 1124 591 1185 nobis
616 1144 865 1187 coronas
900 1149 912 1188 :
950 1129 1104 1188 (licet
1138 1131 1360 1210 utique,
1395 1134 1519 1193 Non
1554 1145 1644 1194 est
1670 1152 1867 1193 meum
1898 1132 2060 1202 dare.

419 1211 521 1272 sed
548 1212 595 1273 si
618 1214 751 1293 quis
789 1219 1104 1279 certaverit
1135 1228 1192 1280 et
1222 1221 1450 1300 vicerit,
1491 1221 1576 1281 illi
1621 1230 1947 1302 prreparata
1980 1224 2069 1281 est

420 1320 661 1363 corona.
698 1303 768 1364 Et
802 1304 879 1366 ita
908 1306 1086 1367 etiam
1111 1327 1231 1373 vos.
1269 1328 1301 1369 ο
1332 1309 1437 1369 lilii
1469 1309 1760 1381 Zebedzei,
1784 1317 2068 1389 martyres

419 1390 658 1479 quidem
694 1393 859 1455 eritis
896 1405 1135 1476 propter
1169 1416 1261 1459 me
1287 1416 1299 1460 :
1322 1397 1371 1459 si
1404 1408 1599 1460 autem
1640 1399 1773 1479 quis
1796 1399 2067 1460 inventus

418 1477 591 1540 fuerit
619 1500 751 1542 cum
787 1488 1063 1565 martyrio
1092 1505 1299 1549 omnes
1316 1488 1460 1551 alias
1485 1477 1731 1551 virtut—es
1758 1489 2067 1568 possidere

416 1568 669 1656 amplius
699 1590 872 1650 quam
905 1590 1032 1645 vos,
1069 1574 1170 1653 ille
1205 1595 1301 1637 vos
1335 1578 1628 1656 przecedet

498 1654 680 1720 Vens.
713 1661 930 1725 41-45.
974 1687 995 1719 α
1032 1667 1104 1726 Ει
1132 1683 1265 1725 cum
1292 1654 1596 1727 audissent
1620 1668 2065 1747 decem.cmpe-

418 1754 554 1807 runt
577 1747 871 1829 indignari
900 1770 1078 1832 super
1104 1752 1326 1816 Jacobo
1346 1764 1404 1817 et
1424 1752 1849 1818 .IoannéJesus
1870 1766 2065 1818 autem

418 1854 552 1927 cum
584 1848 850 1902 vocasset
880 1860 980 1903 eos
1011 1842 1080 1903 ad
1115 1844 1356 1914 se.dicit
1384 1844 1499 1906 illis
1535 1864 1548 1908 :
1584 1847 1761 1908 Scitis
1785 1848 1940 1927 quod
1966 1845 2069 1925 qui

421 1924 691 1988 videntur
735 1930 1025 2010 imperare
1074 1933 1373 2011 gentibus,
1406 1934 1734 1995 dominium
1789 1924 2071 1997 exercent

413 2014 692 2077 adversus
717 2018 848 2081 illas
882 2041 894 2076 :
931 2028 988 2080 et
1019 2022 1116 2101 qui
1154 2032 1454 2099 magnates
1494 2034 1628 2085 sunt
1660 2025 1816 2087 inter
1836 2045 2068 2106 eas,po-

415 2111 688 2165 testatem
713 2119 992 2169 exercent
1020 2129 1078 2170 in
1113 2110 1489 2174 illas.Verum
1523 2134 1637 2174 non
1670 2114 1756 2176 sic
1789 2115 2071 2177 eritinter

414 2211 559 2254 vos:
590 2194 695 2255 sed
746 2198 1085 2279 quicunque
1132 2200 1382 2262 voluerit
1425 2203 1554 2263 ﬁeri
1590 2224 1855 2281 magnus
1914 2206 2071 2266 inter

416 2298 541 2372 vos,
575 2282 686 2343 erit
713 2286 876 2347 vobis
908 2288 1217 2349 minister:
1257 2298 1312 2349 et
1344 2296 1681 2372 quicunque
1708 2293 1960 2355 voluerit
1991 2313 2060 2354 ex

415 2369 580 2432 vobis
610 2391 741 2434 esse
775 2378 1019 2455 primus,
1054 2378 1166 2438 erit
1218 2380 1483 2439 omnium
1546 2369 1774 2443 servus.
1816 2381 1959 2443 Nam
2011 2390 2067 2442 et

421 2458 602 2521 Filius
632 2462 889 2525 hominis
922 2483 1037 2526 non
1070 2468 1226 2528 venit
1259 2477 1318 2527 ut
1342 2468 1449 2528 sibi
1478 2469 1934 2550 ministraretur,
1956 2471 2064 2532 sed

417 2558 479 2609 ut
511 2550 640 2630 ipse
677 2552 1065 2629 ministraret,
1090 2575 1157 2617 ac
1176 2557 1341 2617 daret
1364 2557 1621 2619 animam
1641 2579 1804 2621 suam
1836 2560 2070 2621 redem-

419 2638 681 2718 ptionem
745 2662 847 2722 pro
885 2644 1108 2708 multis.
1151 2670 1173 2699 »
1210 2646 1500 2727 Discipuli
1556 2648 1747 2709 adhuc
1797 2649 2070 2712 humanis

418 2729 834 2811 affectionibus
881 2740 937 2795 et
975 2734 1193 2795 invidia
1236 2735 1619 2799 laborabant:
1655 2738 1789 2799 ideo
1820 2749 1877 2799 et
1906 2737 2068 2799 indi-

422 2829 676 2895 gnantur
704 2822 986 2884 adversus
1003 2824 1296 2886 duos.Sed
1320 2826 1594 2905 quando?
1610 2827 1752 2889 Cum
1788 2828 2073 2889 vidissent

419 2925 523 2969 eos
547 2928 662 2970 non
689 2922 998 2993 susceptos
1027 2932 1209 2975 essea
1228 2913 1501 2990 Domino,
1529 2916 1631 2977 sed
1661 2917 1824 2996 quasi
1862 2918 2068 2996 repul-

416 3015 540 3059 sam
575 3017 801 3074 passos,
840 3010 975 3063 tunc
999 3004 1280 3081 indignati
1313 3014 1472 3064 sunt.
1508 3004 1783 3076 Quandiu
1843 3006 2001 3067 enim
2037 3025 2071 3068 a

414 3083 671 3149 Domino
710 3090 1175 3171 honorabantur,
1210 3092 1480 3154 ferebant
1510 3112 1627 3155 non
1664 3095 2065 3175 indignantes,

417 3178 689 3256 quamvis
722 3179 991 3241 viderent
1022 3199 1123 3241 eos
1148 3182 1411 3261 praeferri
1444 3201 1461 3244 :
1499 3201 1633 3244 cum
1665 3193 1861 3245 autem
1916 3204 2053 3244 nunt

416 3262 533 3343 ipsi
566 3266 850 3331 honorem
883 3268 993 3329 sibi
1027 3270 1379 3350 deposcunt,
1417 3291 1531 3332 non
1564 3272 1758 3333 ferunt
1781 3273 1904 3334 alii.
1940 3272 2069 3335 Ca:-

420 3361 612 3415 terum
640 3375 796 3417 nunc
812 3358 1050 3436 quidem
1079 3359 1509 3439 itaimpcrfecte
1539 3381 1603 3422 se
1623 3372 2069 3442 gerunt,po-tea

415 3454 616 3503 autem
652 3445 877 3507 videbis
895 3466 995 3509 eos
1018 3457 1282 3509 mutuum
1305 3449 1416 3510 sibi
1445 3451 1519 3511 de
1544 3451 1795 3530 primatu
1829 3452 2067 3514 cedere.

322 3600 325 3603 ν
417 3531 492 3594 At
520 3533 789 3596 Christus
830 3545 997 3598 sanat
1029 3538 1183 3612 illos,
1212 3546 1267 3598 et
1309 3539 1570 3619 primum
1608 3540 1910 3601 demulcet
1942 3541 2072 3602 illos

419 3622 663 3702 prapins
714 3624 784 3685 ad
840 3643 904 3687 se
934 3627 1217 3690 vocando.
1251 3629 1393 3689 929
1440 3632 1561 3690 Hoc
1585 3630 1742 3690 enim
1777 3630 2072 3708 signiﬁcat

419 3712 574 3790 quod
611 3714 754 3775 dicit
780 3736 793 3778 :
819 3714 961 3779 Cum
998 3727 1262 3777 vocasset
1292 3719 1482 3779 eosad
1518 3739 1605 3782 sv.
1644 3719 1871 3781 Deinde
1896 3738 2068 3779 mon-

418 3809 560 3862 strat
591 3804 749 3883 quod
784 3824 994 3884 rapere
1027 3808 1341 3887 honorem,
1375 3816 1427 3869 et
1461 3808 1688 3869 ambire
1722 3807 2066 3886 dignitates,

420 3891 683 3968 gentium
717 3894 811 3953 sit.
847 3894 1151 3974 Principes
1196 3899 1354 3957 enim
1404 3898 1668 3975 gentium
1724 3916 1927 3976 magna
1964 3917 2069 3977 po—

422 3986 630 4042 testate
662 3992 714 4042 ct
748 3987 1098 4045 auctoritate
1144 3985 1510 4045 efferuntur:
1550 3985 1827 4065 discipuli
1871 3996 2066 4047 autem

421 4070 537 4131 mei
568 4090 684 4131 non
707 4071 792 4132 sic
830 4093 843 4134 :
880 4073 982 4131 sed
1026 4072 1125 4152 qui
1162 4074 1283 4133 vult
1313 4092 1443 4133 esse
1471 4092 1740 4150 magnus,
1777 4074 2070 4135 ministret

420 4158 698 4219 omnibus
722 4180 737 4221 :
761 4162 1038 4239 quoniam
1063 4162 1243 4221 ethoc
1270 4180 1493 4239 magna:
1517 4162 1729 4222 animae
1753 4164 2069 4235 est,umnia

420 4245 667 4324 ferre,et
691 4251 966 4309 omnibus
998 4250 1321 4311 δειίἱνθΕι
1353 4253 1689 4330 exemplum
1713 4253 1769 4311 in
1791 4265 2024 4333 prompt
2054 4277 2063 4309 ι

419 4345 568 4400 erat.
597 4336 821 4399 Etenim
849 4339 1028 4400 Filius
1053 4340 1307 4400 hominis
1336 4360 1449 4400 non
1485 4341 1639 4401 venit
1687 4350 1750 4401 ut
1787 4342 1897 4401 sibi
1958 4342 2067 4402 nii-

420 4426 788 4500 nistraretur,
823 4432 927 4490 sed
955 4439 1017 4489 ut
1048 4432 1173 4508 ipse
1210 4430 1598 4499 ministraret,
1646 4439 1703 4491 et
1738 4431 1902 4492 daret
1935 4433 2068 4493 ani--

404 4535 575 4583 mam
606 4535 769 4578 suam
800 4518 1271 4598 redemptionem
1306 4538 1408 4598 pro
1444 4519 1662 4597 multis,
1698 4521 1853 4599 quod
1879 4523 2068 4601 majus

419 4615 507 4667 est
538 4624 710 4684 quam
734 4606 1343 4679 ministrareQuando
1376 4605 1533 4667 enim
1566 4608 1698 4686 quis
1730 4628 1846 4669 non
1875 4610 2065 4669 solum

420 4693 863 4767 ministraverit,
898 4697 999 4757 sed
1036 4707 1091 4757 et
1127 4706 1392 4756 mortuus
1423 4696 1595 4756 fuerit
1624 4716 1727 4775 pro
1756 4716 1825 4758 eo
1846 4699 1941 4759 cui
1966 4700 2071 4760 mi-

422 4783 649 4855 nistrat,
677 4785 815 4864 quid
846 4786 951 4846 illo
986 4786 1173 4865 majus
1197 4794 1255 4846 et
1282 4784 1746 4846 admirabilius?
1796 4786 2067 4849 Attamen

424 4876 816 4938 ministerium
852 4877 994 4938 illud
1021 4887 1078 4938 et
1109 4876 1561 4947 contlescensio,
1585 4877 1856 4937 exaltalio
1876 4878 1981 4941 fuit
2002 4898 2070 4940 ac

420 4965 607 5043 gloria
634 4974 749 5026 tam
784 4986 887 5027 sua
917 4986 1090 5048 quam
1125 4969 1414 5027 omnium.
1446 4965 1681 5028 Etenim
1723 4967 2065 5048 priusquam

421 5056 607 5116 factus
637 5066 725 5117 est
757 5057 956 5127 homo,
992 5066 1217 5118 tantum
1250 5056 1322 5117 ab
1354 5055 1582 5134 angelis
1612 5058 2064 5135 agnoscebatur:

423 5152 727 5225 postquam
760 5154 954 5206 autem
986 5146 1171 5207 factus
1204 5155 1290 5206 est
1312 5146 1488 5206 homo
1515 5152 1574 5205 et
1606 5146 2069 5220 crucifixusniun

421 5232 613 5294 solum
646 5234 805 5295 illam
839 5235 1083 5311 gloriam
1121 5234 1318 5315 habet,
1350 5233 1451 5295 sod
1485 5242 1545 5294 et
1608 5233 1781 5295 aliain
1816 5237 2067 5317 accepit,

422 5330 480 5384 et
510 5323 566 5383 in
589 5330 709 5383 toto
733 5331 941 5402 regnat
971 5322 1138 5385 orbe.

500 5411 683 5474 VERS.
714 5412 930 5475 liti-5‘2.
970 5438 997 5468 α
1049 5413 1118 5473 Et
1159 5416 1403 5476 veniunt
1460 5411 1785 5473 Hiericho:
1821 5433 2074 5495 cumque

2155 584 2271 666 ἔχει
2330 589 2421 643 τὸν
2480 595 2598 645 νοῦν
2627 606 2641 621 ⁸
2691 590 2799 646 Οὔκ
2841 587 2983 644 ἔστιν
3025 587 3155 663 ἐμοῦ
3196 593 3291 643 τοῦ
3346 582 3544 641 δικαίου
3599 592 3804 664 κριτοῦ,

2151 680 2213 731 τὸ
2271 674 2448 733 δοῦναι
2491 679 2621 754 ὑμῖν
2650 677 2788 734 κατὰ
2830 686 2990 757 χάριν
3033 676 3132 745 τὴν
3174 677 3335 751 τιμὴν
3367 675 3584 741 ταύτην·
3619 676 3677 732 οὒ
3704 674 3810 753 γάρ

2151 764 2213 821 ἂν
2264 764 2460 831 δίκαιος
2514 766 2637 836 εἴην
2665 784 2678 797 ⁸
2716 767 2853 824 ἀλλὰ
2900 780 3018 831 τοῖς
3082 765 3527 846 ἀγωνισαμένοις,
3584 765 3808 827 ἱκείνοις

2149 856 2469 932 ἡτοίμασται
2526 860 2562 926 ἡ
2608 858 2741 933 τιμὴ
2773 857 2931 931 αὕτη,
2986 856 3166 935 ὥσπερ
3224 853 3286 911 ἂν
3331 856 3376 911 εἰ
3437 853 3682 931 βασιλεὺς
3738 851 3811 909 δίο

2149 968 2302 1010 καιος
2358 947 2693 1027 προεκάθητο
2748 947 2956 1025 ἀγῶνός
3042 968 3208 1026 τινος,
3285 945 3408 1003 εἶτα
3470 942 3811 1023 προσέλθοιεν

2150 1036 2291 1109 αὑτῷ
2336 1059 2476 1101 τινες
2522 1036 2668 1117 φίλοι
2719 1038 2899 1112 αὑτοῦ,
2951 1037 3041 1093 καὶ
3070 1034 3275 1093 εἴποιεν
3304 1049 3319 1064 ⁸
3358 1036 3458 1099 Δὸς
3500 1036 3637 1108 ἡμῖν
3684 1033 3808 1094 τοὺς

2151 1126 2459 1205 στεφάνους,
2513 1127 2670 1183 εἶπεν
2727 1125 2810 1199 ἂν,
2864 1128 2968 1185 Ούκ
3014 1126 3154 1182 ἔστιν
3184 1125 3312 1201 ἐμὸν
3341 1125 3401 1180 τὸ
3428 1122 3627 1202 δοῦναι,
3685 1119 3807 1177 ἀλλ’
3883 1150 3886 1153 η

2150 1212 2203 1269 εἴ
2259 1238 2340 1279 τις
2386 1216 2702 1295 ἆγωνίσεται
2747 1218 2836 1272 καὶ
2879 1217 3115 1291 νικήσει,
3178 1213 3362 1288 ἐκείνῳ
3415 1212 3739 1287 ἡτοίμασται
3780 1213 3812 1266 ὁ

2151 1304 2404 1385 στέφανος
2440 1321 2454 1337 ⁸
2502 1306 2639 1362 ὥστε
2690 1306 2778 1362 καὶ
2834 1307 3015 1384 ὑμεῖς,
3053 1308 3100 1361 οἱ
3142 1313 3235 1363 τοῦ
3276 1300 3547 1359 Ζεϐεδαίου
3588 1299 3808 1374 παῖδες,

2151 1396 2512 1473 μαρτυρήσετε
2572 1395 2670 1471 μὲν
2726 1393 2856 1472 ὑπὲρ
2939 1394 3094 1469 ἐμοῦ,
3156 1393 3246 1449 ἑὰν
3319 1391 3371 1449 δέ
3443 1412 3523 1454 τις
3577 1392 3807 1469 εὑρεθείη

2150 1485 2285 1559 μετὰ
2340 1493 2433 1543 τοῦ
2490 1484 2796 1564 μαρτυρίου,
2857 1485 2945 1541 καὶ
2987 1483 3085 1551 τὴν
3162 1480 3331 1551 ἄλλην
3388 1488 3562 1539 πᾶσαν
3614 1480 3810 1559 ἀρετὴν

2150 1571 2295 1653 ἔχων
2324 1573 2454 1643 ὑπὲρ
2483 1575 2644 1649 ὑμᾶς,
2678 1572 2884 1637 ἐκεῖνος
2914 1570 3130 1652 προάξει
3158 1574 3318 1649 ὑμᾶς,

2238 1684 2261 1719 α
2326 1664 2431 1722 Καὶ
2478 1663 2798 1727 ἀκούσαντες
2856 1665 2905 1719 οἱ
2978 1661 3129 1741 δέκα,
3190 1661 3414 1732 ἤρξαντο
3484 1660 3810 1739 ἀγανακτεῖν

2150 1753 2269 1831 περὶ
2325 1750 2577 1811 Ἰακώϐου
2632 1754 2720 1809 καὶ
2779 1753 3050 1815 Ἰωάννου,
3115 1746 3172 1811 Ὀ
3217 1750 3272 1808 δὶ
3330 1750 3535 1819 Ἰησοῦς
3578 1770 3809 1829 προσκαο

2151 1841 2440 1918 λεσάμενος
2497 1841 2709 1922 αὐτοὺς,
2764 1840 2909 1921 λέγει
2979 1846 3162 1906 αὐτοῖς
3192 1858 3208 1875 ⁸
3258 1839 3453 1900 Οἴδατε
3495 1839 3576 1896 ὅτι
3620 1840 3666 1895 οἱ
3708 1837 3807 1895 δο-

2149 1938 2366 1995 κοῦντες
2412 1928 2600 2011 ἄρχειν
2642 1938 2750 1987 τῶν
2820 1929 3003 2011 ἐθνῶν,
3064 1937 3526 2008 κατακυριεύουσιν
3585 1932 3754 1987 αὐτῶν
3786 1945 3803 1959 ⁸

2150 2022 2238 2077 καὶ
2282 2022 2329 2077 οἱ
2373 2019 2596 2099 μεγάλοι
2640 2020 2811 2077 αὐτῶν
2890 2020 3373 2091 κατεξουσιάζουσιν
3436 2020 3633 2077 αὐτῶν.
3689 2021 3807 2097 Οὐχ

2151 2109 2288 2166 οὕτω
2342 2108 2397 2166 δὲ
2453 2109 2597 2166 ἔσται
2656 2108 2711 2165 ἓν
2759 2111 2913 2185 ὑμῖν.
2962 2108 3113 2166 Ἀλλ’
3153 2110 3210 2174 ὃς
3254 2108 3343 2164 ἐὰν
3387 2107 3516 2184 θέλῃ
3565 2106 3809 2185 γενέσθαι

2152 2199 2319 2277 μέγας
2377 2202 2431 2256 ἓν
2486 2202 2639 2275 ὑμῖν,
2698 2198 2844 2255 ἔσται
2903 2200 3051 2274 ὑμῶν
3099 2196 3358 2263 διάκονος.
3426 2199 3525 2255 Καὶ
3588 2198 3645 2260 ὃς
3716 2195 3805 2252 ἑὰν

2148 2288 2275 2365 θέλῃ
2335 2289 2482 2365 ὑμῶν
2530 2288 2769 2367 γενέσθαι
2830 2293 3061 2368 πρῶτος,
3125 2287 3270 2345 ἔσται
3329 2285 3541 2344 πάντων
3595 2284 3804 2348 δοῦλος,

2152 2379 2250 2435 Καὶ
2308 2380 2407 2457 γὰρ
2452 2381 2479 2435 ὁ
2526 2380 2644 2443 Υἱὸς
2697 2385 2790 2435 τοῦ
2833 2378 3107 2455 ἀνθρώπου
3152 2382 3245 2437 οὐκ
3313 2376 3439 2445 ἦλθε
3485 2374 3804 2442 διακονηθῆ-

2151 2488 2257 2540 ναι,
2317 2466 2455 2523 ἀλλὰ
2510 2465 2847 2543 διακονῆσαι,
2891 2468 2979 2524 καὶ
3040 2465 3215 2524 δοῦναι
3273 2467 3370 2535 τὴν
3420 2465 3603 2545 ψυχὴν
3648 2466 3807 2523 αὐτοῦ

2150 2555 2336 2634 λύτρον
2396 2556 2512 2612 ἀντὶ
2542 2555 2781 2615 πολλῶν.
2820 2580 2842 2614 ιι
2882 2555 3013 2614 ’Ἔτι
3072 2556 3429 2635 ἀνθρωπίνως,
3488 2553 3805 2630 διακείμενοι

2152 2646 2199 2701 οἱ
2256 2646 2487 2719 μαθηταὶ
2535 2648 2620 2703 καὶ
2675 2647 2848 2727 φθόνῳ
2905 2645 3212 2708 ἐϐάλλοντο.
3258 2648 3369 2738 ηΔιὸ
3452 2646 3539 2738 καὶ
3598 2643 3803 2738 ἀγανα-

2153 2741 2334 2790 κτοῦσι
2385 2735 2519 2791 κατὰ
2548 2742 2653 2793 τῶν
2685 2733 2797 2799 δύο.
2834 2734 3003 2793 Ἀλλὰ
3044 2734 3174 2792 πότε
3208 2754 3225 2815 ς
3259 2732 3381 2792 ”Οτε
3434 2732 3578 2791 εἶδον
3626 2734 3811 2799 αὐτοὺς

2154 2822 2230 2898 μὴ
2291 2823 2710 2906 προσδεχθέντκς
2789 2827 2891 2883 ὑπὸ
2965 2833 3063 2883 τ’ὖ
3135 2827 3346 2906 Κύριου,
3428 2822 3545 2880 ἀλλ’
3619 2825 3809 2881 ὡσανεὶ

2154 2905 2522 2988 ἀποσθέντας,
2551 2919 2671 2972 τότε
2717 2916 3124 2994 ἀγανακτοῦσιν.
3168 2905 3350 2995 ’Ἄχρι
3397 2915 3495 2991 μὲν
3538 2913 3636 2992 γὰρ
3692 2912 3806 2968 ἑτι-

2154 3008 2333 3079 μῶντο
2362 3006 2462 3061 ὑπὸ
2494 3015 2585 3064 τοῦ
2629 3006 2835 3085 Κυρίου,
2894 3005 3174 3084 ἠνείχοντο
3232 3008 3309 3080 μὴ
3364 3004 3806 3083 ἀγανακτοῦντες,

2153 3093 2325 3149 καίτοι
2400 3095 2623 3172 ὁρῶντες
2685 3094 2871 3159 αὐτοὺς
2956 3093 3361 3169 ποτιμωμένοος
3396 3111 3412 3126 ⁸
3498 3089 3681 3159 ἐπειδὴ
3749 3090 3807 3148 δὲ

2153 3181 2371 3239 ἐνταῦθα
2397 3182 2543 3240 αὐτοὶ
2572 3183 2769 3240 ἐκεῖνοι
2799 3184 2898 3251 τὴν
2942 3184 3103 3258 τιμὴν
3158 3184 3450 3262 ᾐτήσαντο,
3481 3183 3541 3239 ού
3595 3180 3805 3261 φέρουσι

2152 3268 2342 3327 λοιπὸν
2384 3273 2429 3329 οἱ
2476 3270 2677 3335 λοιποί.
2724 3271 2892 3330 Ἀλλὰ
2948 3280 3035 3329 νῦν
3091 3272 3187 3348 μὲν
3258 3270 3423 3336 οὕτως
3475 3274 3633 3350 εἶχον
3676 3272 3803 3327 ἄτι-

2152 3358 2282 3434 λῶς,
2343 3360 2557 3440 ὕστερον
2639 3360 2694 3417 δὲ
2781 3360 2903 3437 ὅψει
2990 3362 3174 3424 αὐτοὺς
3224 3361 3312 3417 καὶ
3366 3365 3473 3417 τῶν
3536 3376 3806 3439 πρωτείων

2154 3446 2413 3518 ἀλλήλοις
2459 3458 2909 3531 παραχωροῦντας
2945 3469 2959 3483 ⁸
3008 3449 3129 3507 ἀλλ’
3182 3452 3210 3507 ὁ
3254 3452 3477 3530 Χριστὸς
3532 3450 3805 3529 θεραπεύει

2154 3539 2339 3600 αὖτοὺς
2396 3543 2604 3619 πρῶτον
2666 3542 2789 3621 μὲν,
2848 3541 3227 3620 καταπραύνων
3277 3540 3463 3605 αὐτοὺς
3531 3544 3608 3612 τῷ
3648 3538 3804 3617 ἔγγὺς

2154 3629 2312 3684 αὒτοῦ
2369 3628 2815 3706 προσαγαγέσθαι.
2862 3636 3025 3688 Τοῦτο
3082 3629 3182 3708 γὰρ
3241 3628 3488 3705 σημαίνει
3515 3630 3601 3708 τὸ,
3632 3649 3803 3707 προσ-

2154 3714 2538 3792 καλεσάμενος.
2592 3717 2839 3776 ’Ἔπειτα
2892 3725 2969 3793 τῷ
3042 3717 3233 3790 δεῖξαι,
3296 3718 3376 3776 ὅτι
3438 3721 3499 3775 τὸ
3553 3718 3804 3799 ἁρπάζειν

2152 3806 2251 3873 τὴν
2301 3808 2486 3886 τιμὴν,
2546 3808 2634 3865 καὶ
2687 3810 2794 3864 τῶν
2849 3810 3126 3888 πρωτείων
3176 3808 3320 3889 ὲρᾷν,
3379 3807 3578 3866 ἐθνικόν
3636 3807 3801 3870 ἔστιν,

2153 3899 2213 3954 Οἱ
2269 3896 2368 3975 γὰρ
2420 3904 2526 3953 τῶν
2583 3896 2742 3954 ἐθνῶν
2815 3896 3097 3978 ἄρχοντες,
3148 3898 3347 3955 ἐκεῖνοι
3404 3897 3805 3965 ἐξουσιαστικῶς

2152 3986 2240 4042 καὶ
2293 3992 2611 4062 τυραννικῶς
2694 3988 3099 4068 προσφέρονται.
3160 3990 3219 4045 Οἱ
3289 3986 3342 4044 δὲ
3398 3988 3516 4065 ἐμοὶ
3574 3991 3805 4062 μαθηταὶ

2154 4077 2255 4155 οὔχ
2317 4075 2505 4146 οὕτως,
2568 4075 2685 4133 ἀλλ’
2758 4080 2785 4133 ὁ
2834 4076 2999 4133 θέλων
3054 4082 3194 4133 εἶναι
3251 4077 3443 4156 μέγας,
3501 4076 3804 4133 διακονείτω

2151 4171 2335 4244 πᾶσιν,
2409 4165 2521 4221 ἐπεὶ
2569 4168 2655 4221 καὶ
2724 4174 2876 4223 τοῦτο
2932 4166 3175 4243 μεγάλης
3229 4171 3439 4247 ψυχῆς,
3498 4167 3559 4222 τὸ
3592 4166 3804 4222 πάντων

2151 4253 2433 4333 ἀνέχεσθαι
2493 4258 2579 4312 καὶ
2638 4263 2767 4311 πᾶσι
2825 4254 3108 4318 δουλεύειν,
3188 4258 3283 4313 Καὶ
3351 4258 3412 4312 τὸ
3468 4253 3803 4334 παράδειγμα

2151 4342 2364 4421 ἐγγύθεν
2400 4363 2414 4378 °
2460 4346 2549 4401 καὶ
2592 4346 2690 4424 γὰρ
2732 4348 2759 4401 ὁ
2814 4347 2955 4409 ’Υἱὸς
3016 4348 3110 4401 τοῦ
3184 4346 3456 4425 ἀνθρώπου
3516 4347 3611 4402 οὒκ
3676 4343 3803 4412 ἦλθε

2150 4429 2553 4508 διακονηθῆναι,
2604 4432 2741 4490 ἀλλὰ
2782 4432 3115 4508 διακονῆσαι,
3164 4436 3253 4491 καὶ
3282 4434 3456 4492 δοῦναι
3487 4434 3587 4502 τὴν
3616 4434 3802 4514 ψυχὴν

2151 4525 2308 4579 αὐτοῦ
2356 4520 2538 4603 λύτρον
2569 4523 2682 4581 ἀντὶ
2737 4521 2974 4597 πολλῶν,
3035 4524 3062 4580 ὃ
3107 4523 3289 4600 μεῖζόν
3335 4524 3447 4581 ἐστι
3494 4531 3585 4582 τοῦ
3613 4522 3801 4581 διακο-

2152 4634 2309 4676 νησαι
2347 4629 2360 4642 ⁸
2426 4613 2552 4669 ὅταν
2595 4614 2694 4691 γὰρ
2737 4634 2816 4675 τις
2877 4614 2937 4669 οὒ
2994 4613 3157 4688 μόνον
3199 4610 3518 4693 διακονήσῃ,
3552 4611 3687 4669 ἀλλὰ
3717 4617 3801 4672 καὶ

2151 4699 2389 4777 ἀποθάνῃ
2420 4702 2549 4779 ὑπὲρ
2603 4708 2697 4759 τοῦ
2746 4698 3174 4777 διακονουμένου,
3234 4703 3283 4758 τί
3310 4702 3494 4758 τούτου
3538 4708 3725 4778 μεῖζον
3766 4701 3801 4769 ἢ

2151 4790 2630 4869 θαυμασιώτερονς
2676 4788 2825 4847 Ἀλλ’
2858 4788 3005 4866 ὅμως
3055 4791 3090 4858 ἡ
3148 4788 3452 4858 διακόνησις
3511 4789 3642 4858 αὕτη
3713 4790 3803 4846 καὶ

2151 4879 2186 4946 ἡ
2249 4878 2651 4957 συγκαταϐασις
2704 4879 2908 4956 ὕψωσις
2962 4880 3051 4935 καὶ
3107 4877 3228 4946 δόξα
3275 4880 3461 4960 γέγονε
3502 4882 3592 4938 καὶ
3644 4883 3804 4939 αὑτοῦ

2151 4970 2240 5024 καὶ
2294 4971 2530 5033 πάντων.
2580 4973 2703 5051 Πρὶν
2746 4971 2845 5047 μὲν
2887 4970 2987 5050 γὰρ
3028 4969 3264 5049 γενέσθαι
3321 4970 3616 5052 ἄνθρωπος,
3677 4968 3802 5049 παρ’

2152 5057 2399 5138 ἀγγέλοις
2450 5063 2758 5141 ἒγνωρίζετο
2818 5060 3026 5136 μόνοις.
3114 5057 3332 5129 Ἐπειδὴ
3406 5059 3462 5117 δὲ
3532 5060 3802 5138 ἄνθρωπος

2152 5147 2361 5226 ἐγένετο
2416 5152 2503 5207 καὶ
2558 5151 2884 5230 ἐσταυρώθη,
2937 5152 2998 5209 οὗ
3040 5149 3210 5226 μόνην
3264 5149 3470 5219 ἐκείνην
3510 5152 3609 5217 τὴν
3651 5147 3800 5215 δόξαν

2154 5236 2292 5319 ἔχει,
2349 5238 2487 5297 ἀλλὰ
2543 5241 2631 5297 καὶ
2683 5240 2864 5319 ἑτέραν
2917 5238 3238 5317 προσέλαϐε,
3295 5241 3383 5297 καὶ
3461 5240 3637 5307 πάσης
3704 5237 3799 5306 τῆς

2155 5329 2467 5406 οἰκουμένης
2498 5329 2780 5407 βασιλεύει.

2245 5442 2268 5477 α
2324 5423 2421 5479 Καὶ
2475 5419 2725 5499 ἔρχονται
2787 5423 2861 5485 εἱς
2939 5412 3171 5500 Ἱεριχὼ,
3246 5422 3333 5477 καὶ
3387 5418 3802 5499 ἐκπορευομένου

426 5501 813 5582 egrederetur
842 5501 914 5563 ab
944 5502 1089 5563 urbe
1121 5500 1500 5583 Hiericho,ac
1531 5500 1805 5581 discipuli
1826 5503 2067 5581 illius,et

2158 5509 2316 5567 αότοῦ
2389 5512 2493 5568 ὰπὸ
2553 5503 2784 5590 Ἰεριχῶ,
2861 5511 2948 5567 καὶ
3016 5515 3123 5566 τῶν
3198 5513 3449 5586 μαθητῶν
3505 5510 3660 5567 αὑτοῦ
3715 5509 3805 5566 καὶ

424 5591 598 5660 turba
617 5590 1042 5676 copiosa,filius
1065 5590 1633 5655 TimaeiBartimaeus
1667 5610 1860 5655 ctecus
1892 5595 2070 5659 sede-

2157 5598 2325 5681 ὄχλου
2373 5603 2574 5677 ἱκανοῦ,
2657 5601 2768 5664 υῗὸς
2845 5600 3097 5689 Τιμαίου⁸
3142 5599 3459 5679 Βαρτίμαιος
3520 5601 3550 5657 ὁ
3608 5597 3803 5680 τυφλὸς
