4162 6228
349 314 469 388 609

1072 313 1514 389 ENARRATIO
1553 326 1635 389 IN
1680 317 2190 389 EVANGELIUM
2237 320 2496 388 MARCI.
2548 358 2616 370 --
2664 326 2827 391 CAP.
2876 324 2981 390 XI.

3613 324 3733 395 610

345 458 573 525 ἐκάθητο
615 459 758 538 παρᾶ
800 459 897 527 τὴν
930 456 1051 515 ὁδὸν
1106 459 1431 538 προσαιτῶν.
1484 460 1582 517 Καὶ
1635 459 1865 524 ἀκούσας
1918 457 1987 514 ὅτι

2084 454 2181 517 bat
2203 456 2369 535 juxta
2398 457 2545 519 viam
2582 460 2951 524 mendicans.
2986 462 3053 523 Et
3100 480 3230 523 cum
3280 458 3543 525 audisset
3572 465 3727 545 quod

344 546 555 615 Ἰησοῦς
616 551 645 605 6
701 548 1012 626 Ναζωρατός
1044 548 1210 622 ἐστιν,
1267 546 1459 627 ἤρξατο
1501 548 1708 627 κράζειν
1762 550 1853 606 καὶ
1905 547 1999 604 λέ-

342 659 457 715 γειν
490 654 505 668 ⁶
544 629 602 695 Ὀ
634 640 741 702 υἱὸς
792 636 951 696 Δαϐὶδ
980 636 1180 711 Ἰησοῦ,
1212 636 1437 705 ἐλέησόν
1468 659 1559 715 με.
1594 640 1693 697 Καὶ
1738 638 2001 713 ἐπετίμων

340 728 483 801 αὖτῷ
534 726 726 785 πολλοὶ
795 728 888 784 ’ίνα
962 729 1247 804 σιωπήσῃ,
1310 719 1369 786 Ὀ
1426 726 1486 783 δέ
1559 726 1743 802 πολλῴ
1796 727 2001 804 μᾶλλον

340 816 557 896 ἔκραζεν
598 838 611 853 ·
650 819 734 874 Υἱὲ
770 816 950 890 Δαϐὶδ,
1004 816 1227 885 ἐλέησόν
1272 839 1363 893 με,
1415 819 1511 875 Καὶ
1554 818 1681 880 στὰς
1714 820 1741 873 ὁ
1766 817 1996 895 Ἰησοῦς,

339 908 498 963 εἶπεν
542 909 697 964 αὐτὸν
758 908 1113 986 φωνηθῆναι·
1188 907 1275 963 καὶ
1330 914 1560 986 φωνοῦσι
1631 908 1721 962 τὸν
1778 906 1997 988 τυφλὸν³

337 995 586 1075 λέγοντες
647 999 789 1070 αὖτῷ
824 1016 838 1030 ·
874 997 1088 1075 Θάρσει,
1115 996 1311 1076 ἔγειρε,
1356 1010 1525 1077 φωνεῖ
1556 1018 1636 1057 σε.
1677 988 1734 1054 Ὀ
1756 995 1834 1076 δὲ,
1860 997 1999 1053 ἀπο-

2086 546 2259 606 Jesus
2282 548 2621 609 Nazarenus
2675 560 2851 623 esset,
2878 552 3054 631 coepit
3093 553 3347 614 clamare
3377 562 3435 615 et
3475 553 3677 615 dicere
3713 572 3727 615 :

2088 634 2193 695 Fili
2226 635 2402 697 David
2433 639 2891 711 Jesu,miserere
2923 642 3135 703 mei.Et
3158 642 3725 723 increpabantillum

2085 725 2252 783 multi
2287 734 2349 785 ut
2385 734 2624 788 taceret.
2654 729 2727 788 At
2760 727 2860 789 ille
2918 730 3099 791 multo
3154 731 3342 810 magis
3389 732 3677 793 clamabat
3709 750 3723 794 :

2084 812 2191 873 Fili
2224 813 2427 893 David,
2464 818 2748 876 miserere
2782 818 2922 880 mei.
2958 818 3024 878 Et
3053 820 3212 880 stetit
3240 822 3435 893 Jesus,
3459 840 3527 882 ac
3548 821 3731 901 jussit

2084 903 2247 963 illum
2280 907 2496 981 vocari;
2532 918 2595 967 ut
2625 917 2832 967 vocant
2857 928 3103 983 caecum,
3140 910 3409 972 dicentes
3432 911 3517 972 illi
3540 911 3728 974 :Bono

2084 993 2279 1054 animo
2301 1001 2425 1055 esto
2454 1016 2466 1057 :
2498 1006 2872 1074 surge.vocat
2901 1000 3092 1061 te.llle
3121 1018 3259 1060 vero
3288 999 3518 1079 abjc-cto
3545 1001 3723 1079 pallio

335 1083 516 1142 ϐαλὼν
544 1087 606 1142 16
664 1086 876 1161 ἱμάτιον
932 1086 1112 1157 αὒτοῧ,
1161 1086 1389 1149 ἀναστὰς
1443 1084 1569 1153 ἦλθε
1599 1087 1730 1165 πρὸς
1758 1088 1851 1142 τὸν
1879 1085 1987 1153 Ἰη-

2082 1100 2187 1142 suo
2212 1083 2556 1156 surrexit,et
2582 1085 2739 1145 venit
2768 1088 2838 1147 ad
2867 1086 3090 1149 Jesuin.
3107 1092 3173 1151 Et
3193 1089 3561 1168 respondens
3582 1090 3728 1151 dicit

337 1182 487 1237 σοῦν.
544 1176 642 1233 Καὶ
692 1174 994 1253 ἆπόκριθεὶς
1052 1172 1195 1251 λέγει
1225 1174 1367 1247 αὐτῷ
1416 1176 1443 1230 6
1500 1172 1704 1241 Ἰησοῦς
1738 1193 1753 1207 ⁶
1787 1176 1848 1233 Τί
1902 1173 1994 1231 θέ-

979 1254 993 1272 '
1094 1262 1136 1281 ‘\
1326 1265 1339 1282 κ
1753 1271 1774 1280 υ
1846 1255 1859 1276 ε

335 1263 448 1329 λεις
506 1286 720 1325 ποιησω
780 1282 917 1333 σοις
998 1272 1037 1320 0
1090 1282 1145 1344 οε
1186 1262 1380 1344 τυφλος
1442 1263 1598 1320 εἶπεν
1641 1266 1805 1338 αύτῳο
1866 1263 1995 1321 P16-

334 1351 505 1433 ϐουνὶ,
562 1353 657 1409 ἵνα
709 1351 1012 1428 ἆναὸλέψω.
1096 1343 1153 1410 ’0
1211 1343 1272 1407 δὲ
1340 1351 1546 1419 Ἰησοῦς
1602 1354 1756 1410 εἶπεν
1801 1356 1944 1426 αὒτῷ
1975 1370 1989 1384 ·

338 1434 591 1522 ’¹ι⁴παγε,
651 1445 685 1511 ἡ
738 1446 911 1508 πίστις
954 1465 1049 1499 σου
1104 1442 1311 1498 σέκωκέ
1359 1465 1440 1504 σε.
1492 1445 1587 1499 Καὶ
1640 1442 1830 1506 εὒθέως
1892 1444 1993 1498 ἇν-

336 1533 529 1609 έόλεψε
589 1535 675 1588 καὶ
734 1532 1011 1599 ἠκολούθει
1074 1540 1151 1605 τῷ
1208 1530 1387 1598 Ἰησοῦ
1442 1536 1496 1587 ἐν
1539 1540 1607 1609 τῇ
1649 1531 1753 1606 ὁδῷ
1793 1556 1813 1588 ι
1855 1524 1912 1590 Ὀ
1938 1530 1993 1589 δὲ

334 1626 609 1687 Ματθαῒος
666 1621 757 1679 δύο
800 1621 1025 1701 τυφλοὺς
1057 1620 1254 1700 λέγει’
1313 1620 1587 1702 ἐνδέχεται
1645 1620 1698 1677 δὲ
1751 1621 1837 1679 δύο
1896 1623 1993 1698 μὲν

332 1713 478 1769 εἶναι
537 1714 658 1777 τοὺς
740 1712 1002 1782 ἷαθέντας,
1060 1713 1152 1768 τὸν
1212 1709 1267 1766 δὲ
1337 1710 1742 1791 ἐπιφανέστερον
1824 1712 1994 1769 αὗτῶν

330 1808 519 1859 τοῦτον
577 1806 717 1858 εἶναι
774 1802 866 1857 τὸν
923 1803 1009 1858 νῦν
1064 1801 1207 1880 παρὰ
1274 1808 1351 1874 τῷ
1398 1802 1596 1879 Μάρκῳ
1652 1803 1986 1877 μνημονευό-

332 1912 520 1967 μενον.
578 1881 722 1971 υΟρα
765 1890 819 1946 δὲ
864 1897 977 1953 πῶς
1008 1896 1204 1966 τιμῶσι
1233 1891 1325 1945 τὸν
1368 1887 1574 1956 Ἰησοῦν
1618 1892 1705 1947 καὶ
1735 1894 1781 1947 οἱ
1810 1890 1992 1972 ὄχλοι²

332 1980 472 2037 ὥστε
502 1980 752 2055 ἐπιτιμᾷν
779 1985 857 2053 τῷ
910 1978 1092 2059 τυφλῷ
1135 1980 1350 2055 βοῶντι,
1389 1981 1580 2035 ὡσανεί
1634 2002 1776 2044 τινος
1832 1982 1993 2056 βασι-

332 2070 471 2134 λέως
528 2068 931 2149 παροδεύοντος,
997 2070 1203 2146 Ἐρωτᾷ
1263 2069 1315 2124 δὲ
1362 2071 1519 2128 αὐτὸν
1564 2072 1591 2125 6
1632 2070 1839 2148 Κύριος,
1898 2068 1993 2127 ἵνα

333 2161 497 2235 μήτις
558 2160 690 2236 εἴπῃ
734 2157 815 2215 ὅτι
848 2156 983 2214 ἄλλα
1026 2157 1334 2235 βουλομένῳ
1384 2157 1521 2214 ἄλλα
1564 2156 1771 2214 δίδωσιν
1819 2162 1846 2215 6
1881 2160 1989 2217 Κύ-

332 2270 471 2326 ριος.
538 2248 745 2326 Εὒγνώμ
762 2270 835 2305 ων
890 2246 945 2303 δὲ
998 2246 1153 2327 ψυχὴ
1200 2253 1294 2304 τοῦ
1351 2246 1568 2327 τυφλοῦ·
1604 2245 1732 2325 ὅσγε
1764 2249 1898 2323 μετὰ
1928 2250 1988 2304 16

328 2337 711 2415 θεραπευθῆναι
764 2336 859 2393 οὐκ
915 2336 1091 2416 ἀφῆκε
1155 2336 1249 2393 τὸν
1312 2336 1524 2415 Κύριον,
1586 2334 1704 2392 ἀλλ’
1753 2336 1989 2404 ἠκολού-

330 2430 407 2483 θει
438 2426 603 2502 αὐτῷ,
639 2427 863 2483 Δύναται
894 2424 947 2481 δὲ
978 2427 1066 2481 καὶ
1097 2425 1449 2504 ἀναγωγικῶς
1495 2429 1747 2493 νοηθῆναι
1777 2427 1935 2483 τοῦτο
1966 2443 1982 2459 ⁶

336 2506 547 2596 Ἰεριχὼ
600 2518 628 2571 6
677 2516 840 2579 τόπος
896 2516 1048 2578 οὗτος
1105 2517 1133 2571 6
1175 2515 1346 2577 κάτω,
1400 2515 1606 2595 Τυφλὸς
1657 2514 1711 2571 δὲ
1743 2518 1988 2592 καθήμε-

333 2627 420 2668 νος
477 2604 695 2661 ἐνταῦθα
750 2605 785 2671 ἦ
868 2604 1020 2684 φύσις
1101 2605 1136 2671 ἡ
1224 2603 1550 2684 ἇιπνθρωλιιτίνη²
1609 2603 1727 2671 ἥτις
1782 2606 1891 2669 υἱὸς
1920 2608 1988 2672 ἦν

328 2700 424 2750 τοῦ
450 2694 580 2772 ὺπέρ
607 2700 783 2750 πᾶσαν
814 2694 977 2768 τιμὴν
1036 2692 1189 2755 Θεοῦ.
1247 2692 1390 2760 Αὕτη
1440 2695 1612 2749 τοίνυν
1668 2692 1852 2773 ἔκραζε
1911 2700 1988 2769 τῷ

330 2781 509 2851 Ἰησοῦ
550 2781 634 2839 διὰ
684 2788 783 2849 τῆς
843 2780 1076 2862 ’1εριχὼ,
1150 2781 1389 2841 τουτέστι
1441 2790 1535 2839 τοῦ
1590 2783 1703 2859 βίου
1775 2785 1982 2865 τούτου,

328 2870 585 2935 ὁδεύοντι.
662 2871 892 2939 Ἦλέησε
946 2870 1000 2927 δὲ
1044 2872 1209 2939 αὐτὴν
1277 2873 1365 2927 καὶ
1448 2869 1533 2928 διὰ
1601 2877 1702 2939 τῆς
1760 2874 1987 2936 πίστεως

325 2961 549 3037 ἴσωσεν,
578 2959 938 3038 ἐκδυσαμένην
966 2963 1028 3018 16
1070 2960 1300 3017 παλαιὸν
1328 2961 1536 3037 ἱμάτιον
1566 2965 1665 3029 τῆς
1696 2961 1978 3039 ἁμαρτίας.

326 3054 573 3109 Σωθεῐσα
614 3049 669 3108 δὲ
696 3049 1057 3119 ἠκολούθησεν
1080 3050 1247 3125 αὐτῷ,
1282 3049 1613 3129 ἐργαζομένη
1641 3052 1735 3113 τὰς
1765 3048 1984 3114 ἐντολὰς

326 3140 383 3196 ἐν
433 3146 501 3218 τῇ
556 3139 683 3221 ὁδῷ,
722 3116 1014 3197 τουτέστιν
1071 3139 1124 3197 ἐν
1476 3116 1668 3214 τούτῳ,
1730 3116 2043 3197 Ἐνταῦθαο

323 3230 425 3307 γὰρ
490 3229 631 3287 ἐστιν
687 3228 1045 3297 ἀκολουθῆσαι
1103 3235 1181 3303 τῷ
1232 3234 1443 3307 Χριστῷ
1475 3244 1489 3258 ⁶
1540 3228 1677 3304 μετὰ
1720 3226 1776 3285 δὲ
1821 3236 1987 3287 ταῦτα

323 3316 695 3377 ἆποκλείονται
738 3319 933 3383 πάντες
971 3325 1066 3375 τοῦ
1096 3317 1401 3396 ἐργάζεσθαι
1432 3318 1527 3383 τὰς
1558 3315 1802 3382 ἐντολάς.

946 3416 1196 3474 ΚΕΦΑΛ,
1245 3409 1334 3468 IA'
1348 3458 1362 3473 .

324 3507 447 3585 Περὶ
540 3507 634 3564 τοῦ
699 3504 905 3585 πώλου.
964 3505 1117 3585 γΠερὶ
1178 3503 1297 3585 ᾲτῆς
1376 3503 1719 3583 ξηρανθείσης
1787 3506 1981 3575 συκῆς,

403 3583 528 3665 Περὶ
583 3591 690 3644 τῶν
748 3583 1115 3653 ἐκϐληθέντων
1172 3583 1234 3641 ἐκ
1280 3606 1374 3643 του
1431 3586 1575 3662 ἱεροῦ
1628 3592 1981 3665 τραπεζιτῶν,

404 3669 529 3747 Περὶ
584 3675 677 3724 τοῦ
745 3668 968 3746 θάρσους
1012 3666 1200 3747 νπρὸςγ
1267 3667 1360 3747 τὸν
1447 3666 1601 3725 Θεόν.
1678 3669 1802 3746 Περὶ
1883 3673 1985 3735 τῆς

401 3744 823 3823 ἀμνησικακίαςζ
902 3746 1028 3825 Περὶ
1100 3744 1255 3825 ντῶνᾼ
1338 3744 1793 3825 ἐπερωτησάντων
1891 3749 1983 3805 τὸν

408 3822 595 3908 Κύριον
620 3826 916 3909 ἀρχιερέων
958 3822 1045 3883 καὶ
1090 3822 1479 3906 πρεσϐυτέρων,

406 3924 505 3980 Καὶ
560 3922 649 3979 ὅτε
699 3921 994 4000 ἐγγίζουσιν
1051 3921 1126 3986 εἰς
1186 3909 1559 3997 Ἰερουσαλὴμ,
1606 3918 1679 3983 εἰς
1739 3922 1983 4001 agema

318 4011 409 4069 καὶ
459 4013 720 4080 Βηθανίαν
774 4012 907 4090 πρὸς
965 4011 1028 4066 16
1058 4009 1178 4088 ὅρος
1221 4015 1329 4065 τῶν
1374 4006 1630 4088 Ἐλαιῶν,
1661 4009 1979 4090 ἀποστέλλει

2082 1170 2164 1231 illi
2194 1170 2368 1233 Jesus
2402 1191 2415 1235 ε
2451 1172 2599 1245 Quid
2627 1176 2717 1235 vis
2748 1175 2959 1237 iaciam
2994 1176 3131 1240 tibi?
3152 1178 3355 1240 Caicus
3404 1187 3604 1239 autem
3627 1179 3729 1239 di-

2078 1260 2159 1320 xit
2190 1261 2243 1321 ei
2282 1281 2295 1320 :
2332 1263 2627 1336 Rabhoni,
2664 1273 2723 1324 ut
2756 1266 2942 1325 visum
2975 1266 3287 1344 recipiam.
3322 1267 3492 1328 Jesus
3520 1276 3720 1329 autem

2078 1349 2222 1409 dixit
2252 1350 2333 1411 illi
2370 1372 2383 1413 :
2419 1353 2709 1429 Abi,ﬁdes
2740 1363 2832 1413 tua
2862 1355 3083 1415 salvum
3121 1363 3177 1416 te
3199 1356 3571 1419 reddidit.Ac
3593 1376 3724 1436 pro-

2079 1438 2236 1499 tinus
2259 1442 2481 1519 recepit
2513 1442 2724 1515 visum,
2762 1453 2817 1503 et
2850 1444 3208 1523 sequebatur
3248 1444 3451 1506 Jesum
3485 1447 3543 1507 in
3567 1446 3716 1510 vin.-

2076 1529 2383 1589 Matthazus
2418 1530 2564 1591 duos
2600 1551 2784 1593 caacos
2816 1542 3015 1593 narrat
3050 1554 3063 1595 :
3099 1543 3153 1593 et
3187 1534 3316 1594 ﬁeri
3358 1543 3549 1614 potest
3577 1537 3727 1597 duos

2076 1616 2319 1695 quidem
2354 1637 2484 1679 esse
2517 1621 2939 1693 sanatos,hunc
2960 1631 3152 1684 autem
3177 1642 3245 1684 ex
3273 1622 3387 1683 illis
3409 1623 3723 1685 clariorem

2077 1705 2281 1781 fuisse,
2318 1708 2487 1787 cujus
2520 1729 2675 1770 nunc
2712 1711 3069 1772 mentionern
3122 1712 3257 1774 facit
3286 1714 3537 1775 Marcus.
3573 1713 3723 1774 Vide

2077 1807 2274 1857 autem
2307 1800 2603 1878 quomodo
2636 1800 2820 1861 turbae
2867 1800 3071 1863 Jesum
3130 1810 3512 1883 venerantur,
3550 1804 3628 1864 ita
3657 1812 3723 1864 ut

2076 1884 2457 1973 increparent
2512 1907 2735 1949 caecum
2785 1889 3169 1964 clamantem,
3203 1892 3369 1971 quasi
3408 1910 3509 1953 rex
3545 1892 3717 1973 quis-

2078 1972 2232 2053 piam
2268 1977 2614 2054 praeteriret.
2650 1980 2831 2039 Porro
2865 1980 3034 2041 Jesus
3064 1978 3229 2041 illum
3284 1972 3629 2059 interrogat,
3655 1989 3720 2041 ut

2076 2082 2153 2124 ne
2202 2066 2335 2145 quis
2393 2074 2556 2146 putet
2615 2068 2772 2146 quod
2829 2068 2932 2133 ille
2989 2068 3102 2130 alia
3144 2068 3418 2143 voluerit,
3452 2070 3720 2132 Christus

2072 2161 2269 2213 autem
2301 2152 2413 2214 alia
2444 2154 2695 2216 dederit.
2718 2157 2881 2218 Grati
2905 2164 3103 2217 autem
3135 2157 3315 2217 animi
3345 2177 3537 2219 camus
3568 2168 3714 2227 erat,

2073 2240 2172 2320 qui
2205 2249 2511 2321 postquam
2544 2253 2781 2306 sanatus
2810 2255 2920 2310 est.
2946 2248 3144 2307 Jesum
3182 2265 3298 2307 non
3330 2246 3578 2322 dimisit,
3614 2247 3719 2309 sed

2072 2337 2309 2390 secutus
2366 2339 2455 2391 est
2510 2331 2703 2395 illum.
2762 2338 2888 2394 Jam
2925 2344 2983 2396 et
3015 2353 3121 2415 per
3176 2354 3480 2415 anagogen
3538 2336 3718 2397 intel-

2072 2418 2257 2497 ligere
2290 2440 2601 2499 possumus
2634 2440 2647 2485 ε
2682 2424 2918 2485 Jericho
2954 2424 3121 2487 locus
3152 2425 3264 2487 iste
3294 2426 3545 2487 inferior
3569 2435 3662 2487 est
3694 2448 3708 2489 :

2073 2526 2265 2569 czecus
2309 2517 2505 2571 autem
2530 2510 2633 2590 qui
2662 2511 2833 2573 sedet
2863 2513 2974 2574 hoc
3008 2514 3164 2594 loco,
3204 2515 3462 2576 humana
3492 2523 3581 2577 est
3608 2534 3719 2575 na-

2075 2604 2224 2677 tura,
2260 2616 2390 2678 quae
2420 2600 2574 2660 filius
2604 2610 2729 2662 erat
2768 2601 2892 2676 Dei,
2950 2603 3048 2682 qui
3082 2621 3321 2665 omnem
3353 2613 3593 2683 superat
3621 2604 3719 2663 di-

2070 2686 2377 2765 gnitatem.
2411 2687 2528 2750 Ista
2552 2688 2731 2768 igitur
2760 2691 3048 2752 clamabat
3076 2692 3145 2752 ad
3175 2691 3402 2765 Jesum,
3441 2711 3545 2771 per
3574 2690 3717 2753 Hie—

2068 2775 2256 2856 richo,
2292 2776 2352 2836 id
2382 2786 2470 2838 est
2526 2778 2677 2839 hanc
2738 2780 2939 2848 vitam.
2989 2789 3253 2842 euntem.
3315 2781 3719 2841 Misericordia

2068 2875 2264 2925 autem
2298 2874 2491 2926 motus
2522 2886 2661 2945 erga
2689 2867 2867 2942 illam,
2907 2877 2964 2928 et
2994 2878 3235 2947 propter
3266 2870 3463 2949 (idem,
3495 2868 3715 2931 salvam

2068 2970 2199 3013 eam
2248 2953 2409 3029 fecit,
2464 2954 2565 3017 ubi
2618 2964 2779 3018 vetus
2826 2958 3046 3036 peccati
3080 2967 3493 3018 vestimentum
3527 2959 3708 3019 exuit.

2069 3041 2311 3103 Servata
2339 3050 2537 3105 autem
2574 3053 2774 3106 secuta
2796 3054 2883 3107 est
2904 3046 3091 3120 illum,
3126 3045 3394 3108 faciendo
3437 3048 3712 3109 mandata

2069 3130 2128 3192 in
2163 3132 2277 3205 via,
2311 3133 2423 3195 hoc
2455 3142 2542 3194 est
2573 3134 2633 3195 in
2666 3136 2775 3197 hac
2818 3136 2953 3199 vita.
3016 3136 3120 3198 llic
3176 3138 3338 3199 enim
3401 3156 3712 3219 possumus

2067 3221 2236 3301 sequi
2269 3220 2563 3284 Christum
2592 3245 2604 3283 :
2629 3233 2832 3305 postea
2861 3235 3056 3287 autem
3084 3227 3480 3290 excluduntur
3503 3246 3715 3290 omnes

2067 3327 2101 3370 a
2134 3312 2548 3375 mandatorum
2577 3314 2947 3395 operatione.

2695 3408 2941 3473 CAPUT
2986 3409 3083 3472 XI.

2072 3506 2243 3558 230
2288 3500 2372 3588 De
2418 3501 2606 3583 pullo.
2645 3504 2726 3588 ρο
2778 3506 3046 3588 are/acta
3092 3504 3254 3588 ﬁcu.
3284 3505 3384 3588 De,
3416 3506 3650 3588 fugatis
3681 3526 3713 3571 ε

2148 3581 2360 3664 templo
2419 3581 2757 3664 trapezitis.
2822 3585 2907 3646 De
2963 3581 3189 3664 fiducia
3234 3587 3301 3647 in
3354 3581 3567 3650 Deum.
3622 3588 3714 3650 De

2146 3662 2517 3746 iniuriarum
2565 3663 2883 3725 oblivione.
2948 3662 3033 3729 De
3081 3666 3465 3746 principibus
3503 3685 3711 3729 sacer-

2143 3742 2377 3882 :Itgtum,
2424 3750 2481 3807 et
2534 3746 2899 3825 presbyteris
2950 3742 3710 3826 Mindium—interrogan—

2171 3842 2189 3884 ι
2232 3840 2323 3884 us.

2372 3918 2479 3979 1-6
2542 3942 2563 3974 ι
2594 3918 2663 3980 Ει
2692 3938 2826 3980 cum
2860 3918 3331 4000 apprOpinquant
3374 3920 3711 4005 Hierosoly-

2065 4006 2176 4068 mis
2196 4006 2267 4068 ad
2290 4007 2635 4087 Bethphage
2659 4017 2716 4070 et
2735 4008 3083 4071 Bethaniam
3100 4009 3266 4088 juxta
3288 4017 3548 4072 montem
3573 4010 3708 4074 Oli-

317 4099 409 4159 δύο
463 4107 568 4159 τῶν
612 4088 865 4177 μαθητῶν
909 4098 1090 4174 αὐτοῦ,
1140 4099 1227 4153 καὶ
1274 4096 1420 4176 λέγει
1452 4095 1634 4160 αὖτοϊς
1667 4111 1684 4128 ⁸
1721 4088 1977 4178 Ὑπάγετε

2078 4095 2506 4174 varum,emittit
2535 4097 2683 4159 duos
2714 4117 2746 4159 e
2780 4097 3088 4178 discipulis
3114 4097 3334 4177 suis,et
3365 4098 3507 4162 dicit
3538 4100 3657 4163 illis
3692 4123 3707 4165 :

319 4192 395 4256 είς
453 4190 553 4258 τὴν
606 4190 799 4265 κώμην
855 4187 956 4255 τὴν
1024 4185 1303 4244 κατέναντι
1377 4187 1525 4261 ὑμῶν
1559 4199 1573 4214 ⁸
1633 4187 1721 4243 καὶ
1782 4187 1975 4260 εὐθέως

2078 4183 2233 4245 ibite
2262 4184 2323 4245 in
2347 4185 2540 4247 vicum
2573 4186 2673 4267 qui
2705 4194 2909 4251 contra
2943 4205 3041 4249 vos
3082 4195 3258 4261 est,et
3277 4188 3474 4251 statim
3506 4189 3709 4269 ingre-

319 4279 746 4359 είσπορευόμενοι
800 4279 873 4342 εἰς
934 4277 1120 4356 αὐτὴν,
1181 4277 1434 4354 εδρήσετε
1510 4272 1695 4332 πῶλον
1760 4272 1973 4353 δεδεμέ-

2078 4270 2287 4335 lientes
2312 4274 2371 4334 in
2406 4273 2917 4350 illum,invenietis
2935 4276 3161 4353 pullum
3191 4275 3707 4359 alligatum,supra

320 4389 432 4440 νον,
490 4366 573 4448 ἐφ’
624 4369 681 4426 ὃν
739 4368 904 4431 οὐδεὶς
950 4366 1238 4445 ἀνθρώπων
1280 4365 1547 4427 κεκάθισε,
1582 4364 1843 4432 Λύσαντες
1872 4368 1969 4424 αύ-

2078 4378 2229 4440 [uem
2254 4360 2452 4423 nullus
2481 4362 2782 4424 hominum
2819 4362 2974 4423 sedit
3004 4385 3017 4421 :
3045 4361 3252 4424 solvite
3283 4382 3443 4440 eum,
3478 4372 3533 4425 et
3586 4366 3702 4428 ad-

315 4464 410 4513 τὸν
462 4457 712 4536 ἀγάγετε,
771 4458 859 4515 καὶ
905 4455 994 4512 ἐάν
1051 4476 1130 4519 τις
1214 4456 1344 4529 ὑμῖν
1403 4452 1538 4530 εἴπῃ
1573 4472 1589 4489 ·
1656 4456 1716 4513 τί
1758 4470 1987 4518 ποιεῖτε.

2078 4450 2248 4511 Iucite
2274 4468 2287 4512 :
2316 4458 2401 4554 et“
2401 4450 2448 4509 si
2473 4451 2603 4531 quis
2639 4451 2799 4512 vobis
2824 4451 3185 4554 (lixeri‘t,Cur
3214 4451 3402 4515 facitis
3428 4454 3572 4519 hoc?
3601 4456 3699 4517 di-

320 4556 524 4626 10610;
585 4544 778 4603 εἴπατε
832 4545 912 4601 ὅτι
970 4547 998 4601 6
1060 4544 1244 4622 Κύριος
1276 4545 1432 4600 αὐτοῦ
1488 4543 1676 4622 χρείαν
1705 4543 1850 4627 ἔχει²
1880 4548 1968 4603 καὶ

2078 4540 2169 4602 :ite
2186 4539 2341 4621 quod
2360 4539 2646 4602 Dominus
2670 4558 2739 4602 eo
2762 4560 2910 4622 opus
2932 4540 3128 4603 habet:
3157 4550 3215 4603 et
3231 4543 3510 4606 continuo
3528 4545 3696 4607 illum

323 4635 511 4703 εὐθέως
542 4636 699 4691 αὐτὸν
729 4635 1017 4691 ἀποστελεῖ
1059 4631 1185 4691 ὦδε.
1235 4632 1505 4700 Ἀπῆλθον
1563 4632 1643 4713 δὲ,
1689 4636 1778 4691 καὶ
1824 4634 1973 4715 εὗρον

2078 4628 3002 4712 nittetliuc.Abieruntautem,et
3026 4634 3375 4694 invenerunt
3396 4634 3622 4712 pullum
3644 4634 3703 4694 al

320 4723 502 4783 πῶλον
532 4722 806 4799 δεδεμένον
864 4724 995 4803 πρὸς
1052 4722 1151 4790 τὴν
1198 4722 1353 4802 θύραν
1384 4720 1505 4800 ἔξω,
1539 4721 1623 4778 έπὶ
1668 4728 1769 4792 τῆς
1824 4724 1974 4803 ἀμφ-

2083 4720 2298 4799 igatum
2320 4719 2739 4799 juxtajanuam
2758 4720 2901 4781 foris
2920 4721 2979 4782 in
3002 4720 3496 4790 bivioetsolvunt
3516 4723 3704 4786 illum.
3818 4759 3828 4768 -

2062 4808 2132 4870 Et
2164 4809 2432 4870 nonnulli
2468 4828 2670 4870 eorum
2704 4809 2804 4890 qui
2830 4810 2951 4871 illic
2982 4809 3526 4891 stabant,dicebant
3562 4812 3703 4873 illis:

323 4814 464 4897 6600,
522 4815 610 4872 καὶ
662 4812 872 4872 λύουσιν
929 4812 1112 4872 αὐτόν.
1173 4814 1271 4870 Καί
1311 4833 1451 4876 τινες
1495 4817 1601 4867 τῶν
1645 4811 1763 4868 ἐκεῖ
1808 4815 1977 4881 ἐστη-

2063 4899 2205 4980 quid
2244 4897 2437 4963 facitis
2461 4898 2755 4959 solventes
2799 4899 3055 4979 pullum?
3083 4902 3161 4962 At
3190 4899 3275 4961 illi
3306 4900 3580 4963 dixerunt
3621 4902 3709 4965 eis

321 4906 495 4963 κότων
551 4902 735 4983 ἔλεγον
778 4904 964 4967 αὐτοῖς
996 4919 1011 4937 ·
1049 4903 1108 4959 Τί
1149 4913 1356 4959 ποιεῖτε
1387 4899 1602 4965 λύοντες
1630 4902 1722 4957 τὸν
1752 4900 1975 4983 πῶλον;

323 4996 384 5052 Oi
439 4992 494 5050 δὲ
551 4997 706 5051 εἷπον
751 4992 962 5068 αὐτοῖς,
1022 4990 1195 5054 καθὼς
1245 4987 1538 5046 ἐνετείλατο
1576 4988 1759 5052 αὐτοῖς
1804 4992 1832 5046 6
1862 4987 1979 5057 Ἰη-

324 5091 470 5163 σοῦς,
503 5083 594 5140 καὶ
627 5082 840 5162 ἀφῆκαν
875 5080 1085 5144 αὐτούς.
1122 5096 1147 5137 ο
1194 5075 1460 5143 Πολλάκις
1505 5076 1601 5152 μὲν
1644 5079 1733 5134 καὶ
1788 5076 1981 5135 ἄλλοτε

324 5172 481 5241 ἧλθεν
538 5174 612 5237 είς
667 5164 1031 5250 Ἱεροσόλυμα;
1102 5166 1220 5225 ἀλλ’
1289 5163 1536 5223 οὐδέποτε
1590 5166 1726 5241 μετὰ
1781 5168 1980 5225 τοσαύ-

322 5286 425 5331 της
482 5264 839 5344 περιφανείας,
890 5256 1007 5338 μεθ⁹
1066 5256 1198 5326 ὅσης
1273 5263 1386 5319 νῦν.
1448 5254 1641 5344 Πρῷην
1701 5256 1801 5332 μὲν
1874 5257 1973 5336 γὰρ

327 5342 727 5431 ἑκρύπτετογδιὰ
767 5352 861 5407 16v
918 5348 1105 5428 φθόνον
1156 5347 1326 5404 αὐτῶν
1357 5362 1372 5377 ⁸
1427 5351 1515 5401 νῦν
1545 5342 1620 5419 δὲ,
1657 5344 1840 5415 ἐπειδὴ
1881 5356 1976 5407 τοῦ

325 5443 522 5509 πάθους
566 5442 856 5523 ἐφέστηκεν
907 5440 935 5494 6
993 5438 1200 5515 καιρὸς,
1254 5435 1311 5491 ὃν
1361 5436 1516 5510 αὒτὸς
1578 5436 1748 5523 ἑαυτῷ
1790 5436 1971 5516 ὥρισε,

325 5522 695 5613 λαμπρότερον
772 5529 1015 5609 ἔρχεται,
1071 5525 1165 5582 ἵνα
1236 5524 1324 5583 ἐὰν
1408 5524 1508 5599 μὲν
1542 5522 1792 5613 ᾼθέλωσι,
1845 5549 1974 5584 συν-

327 5611 502 5693 ήσωσι
531 5611 630 5691 τὴν
661 5619 811 5687 δόξαν
857 5618 1038 5693 αὐτοῦ,
1096 5617 1185 5672 καὶ
1234 5615 1340 5672 ἀπὸ
1382 5618 1487 5669 τῶν
1538 5611 1625 5669 ἐπ’
1655 5617 1797 5689 αὐτῷ
1838 5638 1974 5695 προ-

2064 4988 2565 5069 quemadmodum
2595 4987 2738 5069 ipsis
2767 4997 3131 5069 przeceperat
3159 4990 3419 5070 Jesus,et
3439 4991 3711 5054 sinebant

2066 5078 2220 5140 illos.
2263 5101 2284 5135 υ
2318 5080 2485 5158 Saepe
2508 5077 2683 5139 etiam
2718 5077 2864 5140 alias
2894 5078 3054 5139 venit
3074 5077 3568 5159 Hierosolymam,
3602 5080 3708 5143 sed

2067 5186 2364 5249 nunquam
2400 5185 2531 5228 cum
2568 5175 2726 5229 tanta
2750 5167 3078 5247 majestate,
3110 5176 3324 5248 quanta
3356 5169 3709 5231 nuncJ’rius

2065 5257 2305 5339 quidem
2320 5254 2706 5319 delitescebat
2731 5264 2973 5337 propter
2992 5256 3267 5319 invidiam
3283 5258 3709 5322 illorumznuuc

2057 5346 2423 5426 autem.quia
2448 5345 2742 5425 passionis
2762 5353 2993 5425 tempus
3018 5345 3408 5427 aderat,quod
3439 5347 3567 5428 ipse
3596 5347 3711 5409 sibi

2060 5437 2467 5518 przefiniverat,
2529 5433 2746 5495 clarior
2792 5434 2953 5495 venit
2986 5453 2999 5498 :
3033 5443 3093 5495 ut
3124 5434 3173 5495 si
3225 5436 3429 5515 velint,
3461 5436 3707 5515 gloriam

2060 5532 2188 5609 ejus
2222 5525 2571 5606 intelligant,
2608 5533 2667 5586 et
2694 5543 2763 5586 ex
2795 5525 3124 5608 prophetiis
3155 5546 3287 5608 qme
3330 5526 3391 5588 in
3434 5528 3562 5609 ipso
3591 5526 3708 5588 im-

2060 5619 2231 5699 pletae
2261 5623 2781 5695 erant,agnoscant
2810 5634 2944 5677 eum
2975 5633 3107 5679 esse
3132 5618 3318 5679 Deum
3356 5633 3579 5698 verum;
3615 5616 3709 5681 sin
