4162 6228
462 312 576 375 6H
1432 308 2027 374 THEOPHYLACTI
2069 306 2481 373 BULGARIA
2523 307 2880 374 ARCHIEP.
3736 305 3865 371 612

451 444 658 516 nolint,
696 443 756 504 in
795 443 1082 522 majorem
1138 441 1702 502 condemnationem
1750 459 1958 501 eorum
2008 441 2097 513 sit,

2195 447 2428 522 φητεινῦν
2485 442 2870 520 τελειουμένων
2926 445 3215 522 ἐπιγνῶσιν
3301 443 3381 500 ὅτι
3453 442 3657 514 ἀληθής
3718 442 3864 504 Θεός

455 535 608 612 quod
644 533 820 594 etiam
853 542 967 592 tam
1003 531 1178 593 claris
1232 531 1532 592 miraculis
1565 549 1680 591 non
1716 529 2097 591 crediderint.

2191 537 2354 596 ’aovw.
2419 536 2475 590 Εἰ
2528 532 2581 588 δὲ
2640 537 2718 609 μη
2774 532 3040 603 θελήσωσι
3100 534 3353 614 συνιέναι,
3417 536 3489 598 εἷς
3547 536 3865 612 κατάκριμα

458 622 604 684 Vide
626 622 785 684 enim
829 629 974 702 quot
1019 621 1138 681 sint
1167 620 1262 681 hic
1297 619 1581 680 miracula
1614 638 1744 699 quaa
1777 620 1860 680 eis
1884 620 1995 680 hoc
2015 620 2097 679 lo-

2193 633 2375 698 μεῖζον
2419 623 2604 688 αύτοϊς
2665 623 2786 696 εἴη,
2831 622 2912 679 ὅτι
2957 622 3074 682 οὐδὲ
3145 626 3281 699 μετὰ
3344 631 3572 680 τοσαῦτα
3627 622 3864 700 λαμπρὰ

457 731 526 772 co
557 710 956 774 dixerit.Dixit
987 714 1072 771 eis
1109 727 1122 771 :
1177 708 1493 770 Invenietis
1548 708 1806 787 pullum;
1837 707 1984 770 dixit
2006 726 2109 770 eos

454 800 817 881 prohibitum
845 799 938 871 iri,
965 808 1025 859 et
1054 798 1272 858 deinde
1301 816 1434 858 cum
1468 796 1738 858 dicerent
1772 818 1784 859 :
1820 798 2107 858 Dominus

452 890 554 951 illo
612 908 760 968 opus
820 888 1018 962 habet,
1070 887 1219 948 dixit
1275 887 1715 947 dimittendum.
1753 885 2104 968 Neutiquam

455 978 613 1040 enim
646 978 758 1038 hoc
794 995 999 1056 paru'n
1037 977 1244 1038 fuisset
1270 976 1554 1057 apostolis
1615 976 1872 1056 permitti
1907 986 1967 1036 ut
1998 977 2113 1036 ab-

451 1069 670 1130 ducant
700 1067 1074 1147 pullum,nisi
1098 1067 1295 1127 divina
1319 1066 1586 1146 quaedam
1619 1065 1808 1126 virtus
1837 1066 2110 1126 dominos

458 1157 601 1236 pulli
631 1155 948 1236 adegisset,
991 1157 1318 1236 praesertim
1356 1174 1672 1236 pauperes.
1709 1165 1771 1217 et.
1817 1155 2109 1233 agricolas

457 1246 739 1319 fortassis,
770 1253 832 1306 ut
855 1243 1070 1305 animal
1100 1245 1239 1305 illud
1279 1244 1947 1307 dimitterentAttan'ien
1979 1243 2108 1303 dis-

457 1355 524 1396 ce
556 1334 872 1397 Dominum
903 1335 958 1396 id
990 1354 1104 1395 non
1132 1335 1258 1395 sine
1279 1353 1456 1395 causa
1488 1334 1924 1412 fecissezneque
1951 1333 2107 1394 enim

459 1444 607 1504 opus
641 1425 898 1485 habebat
930 1424 1113 1504 pullo,
1149 1425 1247 1503 qui
1283 1429 1454 1483 toties
1496 1424 1755 1483 Judazam
1791 1431 1847 1482 et
1876 1422 2108 1485 Galilae-

454 1534 546 1575 am
581 1519 995 1594 peragraverat
1030 1535 1042 1573 :
1079 1513 1183 1574 sed
1220 1513 1581 1573 monstrabat
1612 1512 1767 1592 quod
1801 1530 1980 1590 super
2012 1531 2110 1592 po-

455 1605 652 1684 pulum
684 1604 946 1682 gentium
981 1621 1252 1664 sessurus
1285 1612 1460 1675 esset,
1496 1601 1598 1682 qui
1623 1611 1742 1661 tum
1767 1600 2109 1663 incredulus

451 1703 576 1754 erat
600 1703 654 1754 et
687 1693 1108 1766 ineruditus,et
1137 1692 1367 1752 vinctus
1402 1691 1656 1770 peccatis
1689 1690 1810 1750 suis
1836 1692 1892 1752 in
1926 1690 2102 1759 bivio,

2190 713 2430 788 θαύματα
2487 711 2821 776 ἐπίστευσαν.
2885 712 3021 792 ’Ὅρα
3095 715 3195 792 γὰρ
3269 713 3409 770 πόσα
3467 712 3685 771 ἐνταῦθα
3743 733 3864 778 ση-

2190 813 2342 873 μεῗα.
2382 800 2552 856 Εἶπεν
2581 804 2788 880 αὐτοῖς,
2834 799 2918 856 ὅτι
2979 803 3240 880 Εὑρήσετε
3300 800 3503 863 πῶλον,
3541 802 3707 858 Εἶπεν
3772 798 3861 856 ὅτι

2192 888 2615 969 κωλυθήσονται,
2677 890 2802 945 εἶτα
2844 889 3104 970 εἰπόντες,
3163 889 3244 946 ὅτι
3306 882 3363 948 Ὀ
3411 891 3597 970 Κύριος
3655 890 3862 969 χρῄζει

2193 979 2374 1058 ανῦτοῦ,
2420 978 2759 1048 ἐαθήσονται,
2820 977 2948 1036 Οὐδὲ
3007 981 3105 1058 γὰρ
3151 979 3448 1037 οὐδὲτοῦτο
3478 979 3667 1058 μικρόν
3709 979 3857 1057 ἐστι,

2191 1070 2251 1123 τὸ
2301 1070 2719 1147 συγχωρηθῆναι
2768 1069 2890 1132 τοὺς
2948 1067 3276 1132 ἀποστόλους
3319 1069 3544 1147 ἀπάγειν
3587 1069 3679 1123 τὸν
3739 1073 3865 1123 πῶ-

2192 1160 2304 1230 λον,
2352 1156 2480 1233 ὅπερ
2507 1159 2601 1214 οὑκ
2630 1157 2692 1213 ἂν
2722 1156 2932 1235 ἐγένετο
2976 1160 3019 1214 εἰ
3051 1158 3127 1226 μὴ
3177 1159 3287 1214 θεία
3344 1181 3424 1221 τις
3478 1158 3684 1236 ἀνάγκη
3746 1156 3859 1212 ἐπ·-

2193 1247 2363 1303 έκειτο
2419 1261 2537 1311 τοῖς
2594 1248 2790 1325 κυρίοις
2847 1255 2939 1304 τοῦ
2996 1247 3174 1303 πώλου
3231 1248 3601 1326 ἀναγκάζουσα
3634 1247 3858 1315 αὑτοὺς,

2192 1339 2364 1394 καίτοι
2409 1338 2642 1405 πένητας
2673 1336 2830 1401 ὅρτας
2874 1339 2961 1394 καὶ
3019 1338 3286 1417 γεωργοὺς
3317 1339 3508 1416 τυχὸν,
3543 1337 3761 1416 ἀφεῖναι
3793 1336 3861 1391 tr)

2192 1433 2347 1498 ζῶον,
2397 1428 2545 1495 Πλὴν
2601 1428 2850 1504 μάνθανε,
2915 1425 2996 1483 ὅτι
3048 1428 3106 1484 οὑ
3151 1428 3326 1502 μάτην
3357 1434 3511 1483 τοῦτο
3540 1426 3796 1493 ἐποίησεν
3830 1428 3858 1481 6

2197 1517 2402 1595 Κύριος.
2439 1514 2567 1574 Οὺδὲ
2629 1518 2727 1594 γὰρ
2785 1516 2981 1596 ἔχρῃζε
3025 1525 3115 1573 τοῦ
3159 1516 3364 1592 πώλου,
3399 1518 3426 1572 6
3454 1515 3718 1577 πολλάκις
3749 1516 3859 1583 τὴν

2195 1605 2476 1662 Γαλιλαίαν
2531 1608 2617 1663 καὶ
2648 1607 2745 1672 τὴν
2787 1605 3043 1663 Ἰουδαίαν
3086 1606 3296 1662 ἅπασαν
3352 1605 3634 1684 ἐκπεριϊών
3695 1603 3856 1682 (74).

2190 1695 2328 1751 ἀλλὰ
2384 1695 2632 1751 δεικνύων
2679 1694 2759 1750 ὅτι
2819 1695 2904 1751 ἐπὶ
2934 1697 3026 1752 τὸν
3071 1697 3277 1752 ἐθνικὸν
3338 1694 3466 1751 λαὸν
3505 1691 3854 1773 ἐπιϐήσεται,

453 1784 564 1845 hoc
596 1791 683 1844 est
717 1782 832 1842 vita
865 1783 999 1861 hac,
1035 1782 1188 1862 apud
1215 1783 1481 1858 januain,
1511 1798 1637 1860 quae
1669 1789 1758 1840 est
1791 1785 1955 1841 extra
1989 1781 2097 1841 Ec-

2186 1785 2242 1848 ὃς
2299 1784 2520 1851 ἀπειθὴς
2584 1785 2681 1859 μὲν
2722 1785 2788 1852 ἧν
2847 1787 2935 1841 καὶ
2978 1784 3312 1858 ἀπαίδευτος,
3349 1782 3551 1840 ἐδέδετο
3607 1782 3662 1839 δὲ
3720 1799 3855 1846 ταῖς

451 1872 722 1934 clesiam.
756 1872 995 1932 Solutus
1027 1879 1113 1931 est
1143 1881 1340 1931 autem
1367 1869 1438 1929 ab
1470 1869 1750 1948 apostolis
1779 1887 1881 1948 per
1915 1868 2102 1948 bapti.

451 1982 642 2022 smum
670 1973 734 2022 et
765 1961 939 2022 fidem
977 1981 988 2023 :
1027 1971 1084 2020 et
1113 1970 1315 2022 vectus
1342 1959 1509 2021 estin
1543 1979 1612 2020 eo
1648 1959 2102 2039 Dominus,cum

451 2053 699 2130 apostoli
760 2051 1113 2112 vestimenta
1162 2070 1286 2123 sua,
1326 2051 1436 2110 hoc
1473 2068 1584 2124 eS',
1621 2067 1856 2110 omnem
1890 2050 1987 2129 qui
2019 2064 2106 2117 est

452 2160 522 2201 ex
553 2141 770 2202 virtute
801 2141 1078 2200 decorem
1114 2138 1552 2218 imposuissent.
1596 2139 1761 2198 Prius
1793 2138 1950 2198 enim
1986 2157 2102 2200 nu-

452 2229 509 2289 di
545 2237 712 2288 erant
739 2228 988 2306 gentiles
1038 2236 1095 2288 et
1147 2228 1469 2305 deformes,
1507 2237 1801 2306 patrantes
1835 2227 2097 2295 nefaria:

458 2327 765 2397 postquam
791 2326 985 2378 autem
1013 2316 1084 2376 ab
1117 2317 1397 2396 apostolis
1416 2317 1653 2377 adducti
1671 2318 1932 2390 fuerunt,
1967 2327 2104 2378 tunc

453 2407 700 2469 honeste
744 2405 1084 2467 didicerunt
1129 2405 1454 2479 ambulare,
1490 2413 1546 2464 et
1571 2415 1883 2485 propterea
1925 2407 2100 2467 etiam

457 2496 516 2554 in
551 2495 696 2575 ipsis
745 2495 933 2556 fertur
962 2502 1219 2571 gestatus
1263 2492 1858 2564 Christus.Quoniam
1910 2502 2106 2555 autem

447 2586 705 2658 fuerunt,
741 2583 840 2664 qui
875 2583 1037 2664 prius
1071 2591 1239 2644 erant
1267 2582 1492 2642 domini
1523 2582 1688 2660 pulli,
1727 2583 1827 2662 qui
1857 2591 2094 2662 aposto-

447 2674 537 2736 los
596 2673 1003 2753 prohiberent;
1040 2691 1238 2733 nonne
1283 2672 1525 2733 omnino
1571 2675 1699 2731 9'5!
1742 2673 2042 2734 daemones
2069 2672 2100 2733 ‘?

451 2762 605 2826 Sane
630 2773 684 2825 et
716 2763 809 2824 his
831 2763 1081 2843 apostoli
1115 2761 1571 2843 przevaluerunt.

2188 1875 2403 1936 οἰκείαις
2459 1874 2741 1953 ἁμαρτίαις
2798 1875 2852 1930 ἐν
2905 1881 2975 1950 τῇ
3017 1871 3260 1953 ἀμφόδῳ,
3324 1873 3561 1930 τουτέστι
3615 1879 3693 1947 τῷ
3748 1874 3858 1948 βίῳ

2188 1963 2377 2034 τούτῳ,
2424 1964 2556 2041 πρὸς
2600 1968 2698 2029 τῆν
2755 1966 2933 2042 θύραν,
2993 1961 3156 2040 ἤγουν
3200 1961 3298 2027 ἔξω
3339 1967 3438 2028 τῆς
3490 1959 3846 2028 ’-Εκκλησίας.

2189 2051 2380 2118 Ἐλύθη
2441 2050 2494 2107 δὲ
2551 2053 2694 2131 παρὰ
2743 2059 2851 2108 τῶν
2901 2055 3152 2128 μαθητῶν
3200 2050 3282 2107 διὰ
3341 2059 3430 2107 τοῦ
3476 2051 3850 2128 βαπτίσματος

2189 2144 2275 2197 καὶ
2329 2146 2427 2207 τῆς
2480 2142 2708 2205 πίστεως
2743 2159 2759 2176 ⁶
2834 2143 2921 2197 καὶ
2983 2142 3254 2220 ἐπωχήθη
3313 2141 3453 2214 αύτῷ
3525 2142 3553 2196 6
3626 2141 3843 2218 Κύριος,

2187 2230 2469 2287 ἐπιθέντων
2525 2232 2632 2287 τῶν
2694 2228 3006 2287 ἀποστόλων
3065 2232 3130 2286 τὰ
3178 2230 3363 2292 ἱμάτια
3435 2230 3628 2308 αὐτῶν,
3693 2250 3848 2285 τουτο

2190 2321 2298 2376 ἐστι
2356 2326 2530 2375 πᾶσαν
2586 2322 2996 2400 εὐσχημοσύνην
3078 2319 3177 2386 τὴν
3251 2317 3304 2382 ἐξ
3373 2318 3585 2397 ἀρετῆς,
3649 2318 3844 2395 Πρώην

2191 2407 2286 2482 μὲν
2345 2407 2444 2484 γὰρ
2500 2408 2689 2484 γυμνοὶ
2745 2407 2891 2470 ὄντες
2935 2409 2982 2462 οἱ
3025 2406 3076 2471 ἐξ
3127 2407 3286 2462 ἐθνῶν
3318 2407 3627 2485 ἀσχήμονες
3675 2407 3840 2473 ἦσαν,

2191 2496 2512 2572 πράττοντες
2571 2495 2799 2572 ἄθεσμα.
2867 2493 3015 2553 Ἐπεὶ
3070 2493 3124 2550 δὲ
3196 2498 3296 2552 ὑπὸ
3355 2502 3461 2551 τῶν
3539 2494 3878 2552 ἀποστόλων

2182 2583 2458 2663 ἤχθησαν,
2489 2587 2612 2642 τότε
2641 2585 2696 2642 δὲ
2726 2589 2846 2643 τότε
2877 2585 3230 2665 εὔσχημόνως
3273 2584 3467 2660 ἔμαθον
3498 2599 3840 2664 περιπατεῖν,

2183 2675 2270 2728 καὶ
2314 2671 2396 2730 διὰ
2427 2683 2583 2733 τοῦτο
2612 2677 2701 2733 καὶ
2727 2675 2809 2732 ’ἐπ’
2843 2677 3012 2731 αὐτῶν
3043 2674 3256 2754 φέρεται
3287 2677 3314 2730 6
3364 2677 3588 2748 Χριστὸς
3630 2675 3841 2750 βαστα-

2183 2764 2429 2837 ζόμενος.
2464 2765 2610 2828 Τίνες
2641 2763 2696 2820 δὲ
2736 2766 2873 2832 ἦσαν
2896 2766 2942 2820 οἱ
2963 2763 3151 2842 πρώην
3181 2761 3430 2820 δεσπόται
3461 2773 3555 2822 τοῦ
3580 2763 3763 2822 πώλου
3792 2767 3840 2819 οἱ

461 2853 750 2914 κωλύοντες
785 2855 904 2916 τοὺς
934 2853 1285 2926 ἀποστόλους,
1321 2853 1355 2921 ἢ
1382 2851 1594 2917 πάντως
1626 2854 1671 2908 οἱ
1703 2851 1943 2928 δαίμονες
1978 2876 1994 2925 ;
2031 2852 2195 2910 Ἀλλὰ
2223 2858 2309 2912 καὶ
2337 2856 2535 2912 τούτων
2565 2853 2992 2934 ἐπικρατέστεροι
3025 2853 3139 2931 γίνο
3154 2875 3258 2908 δται
3289 2855 3335 2909 οἱ
3365 2852 3676 2915 ἀπόστολοι.

531 2941 762 3005 νηοῦ
789 2943 1031 3005 -1θ.‹ιΕι
1059 2941 1435 3003 adduxerunt
1466 2943 1689 3022 pullum
1717 2941 1788 3002 ad
1810 2941 2103 3015 Jesum,et
2123 2953 2161 3002 C

450 3032 784 3112 injecerunt
805 3031 887 3092 illi
912 3030 1261 3093 vestimenta
1280 3032 1687 3112 sua,seditque
1707 3049 1888 3111 super
1906 3031 2096 3094 illum.

446 3121 610 3182 Multi
642 3138 778 3183 vero
811 3119 1160 3180 vestimenta
1189 3139 1296 3181 sua
1327 3119 1679 3181 sternebant
1704 3120 1760 3180 in
1792 3119 1966 3193 viam,
2000 3121 2098 3181 alii

445 3228 584 3271 vero
616 3209 858 3270 frondes
885 3207 1230 3270 incidebant
1276 3228 1348 3270 ex
1400 3208 1734 3284 arboribus,
1773 3216 1829 3270 et
1859 3216 2096 3271 sterne-

447 3298 588 3360 bant
611 3299 668 3359 in
698 3298 872 3360 viam.
903 3299 978 3360 Et
1015 3299 1114 3377 qui
1166 3298 1580 3378 prmeedebant
1609 3299 1828 3379 quique
1874 3317 2094 3380 seque-

447 3388 665 3449 bantur
693 3388 1027 3449 clarnabant
1052 3387 1319 3449 dicentes
1353 3407 1365 3448 :
1401 3388 1700 3463 Hosanna,
1741 3389 2096 3450 benedictus

443 3479 541 3558 qui
572 3477 729 3538 venit
759 3477 818 3539 in
851 3476 1092 3539 nomine
1121 3477 1377 3539 Domini.
1411 3477 1801 3540 Benedictum
1824 3479 1981 3557 quod
2004 3495 2098 3538 ve-

444 3567 532 3630 nit
553 3566 894 3644 regnum,in
918 3565 1156 3628 nomine
1172 3566 1408 3629 Domini
1441 3567 1619 3648 patris
1652 3567 1837 3630 nostri
1870 3567 2091 3630 David:

443 3657 723 3719 Hosanna
753 3655 812 3716 in
844 3655 1209 3718 altissimis.»
1247 3655 1559 3718 Multitudo
1591 3656 1853 3736 quandiu
1887 3656 2093 3718 incor-

439 3755 609 3826 rupta
637 3753 853 3821 manet,
870 3750 1136 3822 agnoscit
1165 3751 1454 3827 quantum
1487 3763 1634 3826 opus
1666 3755 1832 3808 erat:
1870 3745 2004 3807 ideo
2035 3752 2098 3809 et

441 3835 658 3914 singuli
692 3853 796 3914 pro
827 3834 1052 3895 viribus
1071 3835 1193 3896 suis
1219 3837 1418 3898 Jesum
1442 3834 2102 3898 veneranttzr.Laudan-

441 3934 529 3985 tes
559 3933 752 3986 autem
797 3923 937 4004 quid
972 3924 1257 4005 dixerint,
1291 3923 1617 3984 videamus.
1650 3927 1694 3984 A
1727 3923 1906 3984 David
1953 3943 2096 3986 sane

439 4014 721 4094 hymnum
775 4012 940 4072 illum
1002 4031 1332 4093 sumpsere.
1372 4016 1550 4073 Porro
1609 4011 1886 4074 Hosanna
1925 4014 2095 4093 juxta

439 4104 722 4182 quosdam
748 4101 1061 4182 significat,
1093 4101 1532 4171 salva,obsecro
1559 4123 1572 4164 :
1598 4101 1768 4180 juxta
1798 4103 2088 4183 quosdam

2271 2969 2296 2999 α
2336 2947 2434 3002 Καὶ
2515 2943 2719 3023 ἤγαγον
2803 2946 2896 3000 τὸν
2976 2942 3157 2999 πῶλον
3242 2944 3371 3022 πρὸς
3455 2944 3544 2999 τὸν
3600 2942 3834 3010 Ἰησοῦν,

2182 3034 2269 3088 καὶ
2327 3029 2585 3089 ἐπέϐαλον
2670 3033 2814 3106 αὐτῷ
2894 3032 2959 3088 τὰ
3043 3031 3228 3107 ἱμάτια
3313 3034 3506 3110 αὐτῶν,
3567 3032 3654 3087 καὶ
3711 3031 3834 3086 ἐκά-

2182 3124 2208 3176 θ
2297 3145 2310 3158 ι
2383 3120 2398 3142 ι
2448 3121 2464 3142 ι
2545 3122 2563 3160 μ
2607 3122 2634 3176 ό
2926 3122 2941 3142 κ
2994 3119 3036 3151 ι).
3113 3121 3126 3137 κ
3245 3120 3258 3140 ι
3442 3124 3457 3144 ν
3508 3126 3534 3136 ~
3630 3119 3653 3139 ν

2215 3142 2323 3176 ισεδ
2379 3141 2445 3176 επ
2507 3143 2602 3177 απ
2638 3145 2688 3184 ν,
2747 3119 2944 3177 Πολλοι
2985 3133 3038 3176 6:.
3073 3141 3140 3177 τα
3166 3122 3352 3196 ἱματια
3403 3142 3572 3179 αυτων
3632 3141 3833 3199 εστρω-

2183 3232 2278 3267 σαν
2338 3211 2413 3274 εἰς
2468 3210 2566 3276 τὴν
2612 3207 2729 3266 ὁδόν
2761 3230 2776 3244 ’
2811 3209 2962 3267 ἄλλοι
3007 3207 3061 3265 δὲ
3094 3207 3342 3274 στιϐαδας
3387 3208 3611 3266 ἔκοπτον
3647 3208 3706 3266 ἐκ
3729 3215 3841 3265 τῶν

2180 3297 2428 3379 δένδρων,
2488 3299 2575 3354 καὶ
2630 3298 2951 3377 ἐστρώννυον
2996 3301 3068 3363 εἷς
3113 3299 3213 3354 τὴν
3273 3297 3415 3361 ὁδόν,
3466 3300 3565 3357 Καὶ
3609 3300 3654 3356 οἶ
3710 3320 3837 3377 προ-

2179 3389 2400 3466 άγοντες
2478 3389 2567 3444 καὶ
2642 3389 2688 3444 οἱ
2771 3387 3177 3451 ἀκολοῦθοῦντες
3249 3387 3466 3466 ἔκραζον
3541 3386 3786 3466 λέγοντες
3816 3436 3829 3448 ,

2182 3470 2412 3534 Ὠσαννὰ
2469 3477 2827 3556 εὐλογημένος
2883 3481 2910 3534 6
2945 3477 3239 3558 ἐρχόμενος
3271 3477 3324 3534 ἐν
3356 3478 3577 3553 ὀνόματι
3625 3479 3831 3556 Κυρίου.

2181 3565 2532 3644 Εὐλογημένη
2588 3570 2621 3635 ἡ
2681 3567 2952 3647 ἐρχομένη
2993 3566 3236 3642 βασιλεία
3282 3571 3337 3623 ιν
3379 3568 3601 3642 ὀνόματι
3647 3567 3835 3645 Κυρίου

2179 3661 2272 3711 τοῦ
2300 3657 2498 3733 πατρὸς
2529 3657 2684 3730 ἡμῶν
2728 3654 2887 3712 Δαϐίδ
2921 3672 2933 3686 ³
2990 3650 3220 3714 Ὠσαννᾶ
3270 3657 3324 3713 ἐν
3352 3669 3471 3720 τοῖς
3500 3656 3760 3732 ὑψίστοις.
3800 3677 3827 3708 ι

2181 3745 2250 3800 Τὸ
2309 3742 2510 3811 πλῆθος
2566 3744 2758 3824 μέχρις
2822 3746 2884 3800 ἂν
2945 3745 3258 3826 ἀδιάφθορον
3313 3746 3471 3824 μένῃ,
3511 3745 3831 3825 ἐπιγνώσκει

2182 3835 2242 3890 τὸ
2284 3831 2424 3897 δέον,
2489 3835 2584 3890 Διὰ
2639 3836 2730 3891 καί
2782 3841 2975 3911 τιμῶσι
3031 3838 3121 3893 τὸν
3197 3836 3404 3903 ἰησούν
3471 3835 3694 3900 ἕκαστος
3758 3836 3831 3898 ὡς

2182 3925 2314 4003 εἶχε
2353 3922 2646 4000 δυνάμεως.
2695 3925 2754 3984 Οἱ
2808 3923 2862 3981 δὲ
2905 3929 3188 4002 ὑμνοῦντες
3245 3927 3294 3982 τί
3351 3924 3555 4005 ἔλεγον,
3603 3923 3827 4002 ἴδωμεν,

2179 4008 2274 4070 Ἐκ
2316 4021 2406 4071 τοῦ
2453 4011 2614 4070 Δαϐὶδ
2655 4014 2755 4090 μὲν
2798 4017 2888 4073 τὸν
2945 4015 3106 4092 ὕμνον
3145 4025 3328 4074 τοῦτον
3390 4011 3604 4072 ἔλαϐον.
3657 4017 3728 4072 Τὸ
3775 4013 3829 4070 δὲ

2180 4092 2428 4177 Ὠσαννὰ,
2476 4105 2612 4161 κατὰ
2656 4104 2752 4179 μέν
2809 4127 2955 4170 τινας
3015 4105 3286 4185 σημαίνει,
3348 4109 3522 4160 σῶσον
3573 4102 3661 4184 δὴ,
3695 4105 3829 4160 κατὰ

433 4209 599 4273 vero,
619 4192 1180 4285 hymnum.R_ecti_us
1208 4199 1525 4285 tamenest
1554 4191 1710 4285 quod
1744 4192 1935 4272 primo
1967 4193 2088 4285 dic-

2183 4191 2225 4248 Βέ
2269 4213 2413 4257 τινας
2456 4194 2732 4268 σημαίνει,
2788 4192 2974 4257 ὕμνος,
3043 4193 3214 4270 Πλὴν,
3273 4207 3520 4272 κρεῖτττν
3575 4194 3637 4248 τὸ
3678 4199 3824 4272 πρῶ-

445 4280 866 4343 tum.Habetur
895 4280 1055 4342 enim
1097 4281 1157 4341 in
1211 4281 1537 4342 centesimo
1569 4281 1801 4343 decimo
1835 4281 2084 4363 septimo

2183 4305 2282 4345 τον,
2358 4281 2460 4383 Ἐξ
2494 4283 2595 4362 γὰρ
2654 4287 2730 4354 τῷ
2793 4283 3065 4358 ἑκατοστῷ
3139 4280 3574 4382 έπτακαιδεκάτιμ
3627 4280 3827 4358 ψαλμῷ

438 4369 763 4451 psalmo,0
820 4369 1092 4445 Domine,
1147 4370 1327 4444 salva,
1391 4370 1644 4432 obsecro
1681 4388 1694 4433 :
1730 4370 1787 4432 id
1836 4371 1992 4452 quod
2027 4372 2084 4432 in

435 4457 733 4520 Hebraico
777 4458 1056 4521 Hosanna
1086 4461 1369 4538 scriptum
1406 4466 1515 4522 est.
1573 4457 1838 4538 Regnum
1889 4468 2082 4521 autem

434 4547 619 4610 David
642 4566 890 4627 regnum
916 4547 1130 4610 Christi
1163 4547 1589 4624 dicebant,tum
1615 4549 1771 4630 quod
1803 4567 1836 4610 a
1859 4550 2087 4612 semine

433 4637 613 4701 David
632 4637 923 4699 deductus
945 4646 1102 4700 esset
1122 4637 1541 4718 Christus,tum
1575 4637 1732 4717 quod
1766 4637 1941 4700 David
1986 4639 2084 4701 in-

435 4727 746 4808 terpretari
765 4725 896 4806 quis
913 4734 1432 4807 potest,potentem
1455 4727 1545 4788 vel
1571 4727 1852 4789 idoneum
1879 4747 2079 4793 manu.

434 4817 577 4890 Quis
608 4825 803 4877 autem
833 4815 986 4877 alius
1017 4834 1191 4876 manu
1224 4834 1416 4896 usque
1445 4816 1597 4878 adeo
1631 4815 1858 4878 validus
1888 4827 1944 4879 et
1976 4838 2081 4898 po-

435 4917 568 4970 tens
599 4916 662 4968 ut
692 4905 1181 4985 Dominus,cujus
1210 4924 1420 4967 manus
1441 4913 1599 4967 tanta
1630 4905 1918 4969 miracula
1944 4916 2077 4968 sunt

435 4995 740 5077 operata?
781 4997 1070 5056 Caeterum
1122 5002 1455 5056 sternamus
1485 5004 1542 5056 et
1573 5014 1681 5056 nos
1733 4996 2083 5060 vestimenta

433 5094 658 5158 nostra,
681 5085 792 5145 hoc
823 5095 914 5145 est
943 5082 1422 5147 carnem.Vestis
1452 5084 1611 5146 enim
1645 5084 1879 5166 animae,
1915 5103 2074 5167 caro,

432 5192 607 5256 quam
629 5172 1018 5252 subjiciamus
1048 5171 1390 5253 Domino,et
1410 5181 1743 5234 sternamus
1772 5172 1924 5233 viam
1949 5173 2080 5236 vitae

435 5271 655 5326 nostra:
681 5283 694 5325 :
729 5261 1174 5342 deputantes,et
1201 5262 1534 5324 incidentes
1561 5261 1634 5323 ab
1656 5261 1970 5324 arboribus
1988 5281 2078 5325 ra-

436 5370 588 5427 mos,
621 5352 734 5412 hoc
767 5358 877 5426 est,
917 5359 1253 5412 sanctorum
1292 5351 1430 5412 vitas
1458 5351 1780 5412 imitemur.
1813 5351 2078 5417 Arbores

1493 5509 1594 5573 Ex.
1608 5511 1924 5574 collatione
1951 5514 2126 5580 codd.

519 5635 642 5717 (74)
677 5636 997 5715 Ἐκπεριϊὼν
1028 5644 1184 5718 πεζῇ,
1218 5636 1348 5698 cod.
1384 5637 1480 5710 26,
1518 5634 1594 5699 30
1625 5645 1679 5698 et
1715 5636 1811 5699 31.

2170 4385 2346 4429 κεῖται
2376 4390 2390 4406 ·
2430 4362 2496 4425 Ὦ
2530 4371 2707 4450 Κύριε,
2761 4378 2934 4428 σῶσον
2982 4371 3045 4442 δή
3081 4387 3095 4402 ⁸
3145 4371 3273 4450 ὅπερ
3330 4372 3385 4427 ἐν
3439 4377 3516 4445 τῷ
3561 4362 3828 4450 Ἐϐραίκῷ

2174 4452 2403 4518 ἰὶσαννέι
2453 4461 2768 4539 γέγραπται.
2846 4462 3123 4518 Βασιλείαν
3179 4459 3234 4517 δὲ
3317 4459 3475 4517 Δαϐὶδ
3527 4461 3625 4529 τὴν
3676 4461 3828 4537 βασι-

2171 4553 2314 4610 λείαν
2365 4560 2456 4609 τοῦ
2514 4555 2741 4631 Χριστοῦ
2796 4552 3002 4634 ἔλσγον,
3034 4553 3146 4629 ἅμα
3176 4553 3273 4629 μὲν
3304 4551 3435 4610 διότι
3463 4553 3552 4610 καὶ
3579 4553 3686 4609 άπὸ
3731 4559 3826 4610 τοῦ

2170 4644 2471 4722 σπέρματος
2522 4649 2615 4699 τοῦ
2665 4640 2826 4699 Δαϐὶδ
2889 4644 3156 4720 κατήγετο
3215 4645 3242 4699 6
3301 4644 3511 4722 Κύριος,
3577 4642 3686 4717 ἃμα
3741 4639 3820 4714 δὲ,

2169 4733 2247 4789 δ’τι
2298 4729 2460 4790 Δαϐὶδ
2530 4732 2902 4812 ἑρμηνεύεται,
2955 4730 3171 4798 δυνατὸς
3232 4733 3396 4812 χειρί,
3456 4730 3573 4799 ἤτοι
3645 4732 3821 4794 ἱκανὸς

2167 4824 2330 4902 χειρί.
2396 4822 2483 4884 Τίς
2541 4819 2595 4876 δὲ
2639 4819 2800 4884 ἄλλος
2855 4822 3035 4886 ἱκανὸς
3085 4826 3248 4902 χειρὶ,
3311 4824 3355 4877 εί
3411 4823 3490 4896 μὴ
3532 4823 3560 4876 6
3608 4820 3817 4898 Κύριος,

2167 4912 2227 4968 οὗ
2284 4914 2334 4967 αἱ
2391 4923 2580 4990 χεῖρες
2638 4912 2868 4967 τοσαῦτα
2922 4911 3164 4986 θαύματα
3237 4910 3590 4988 ἐνήργησαδς
3652 4908 3820 4966 Ἀλλὰ

2166 5003 2270 5079 γὰρ
2316 4999 2638 5076 στρώσωμεν
2692 4999 2779 5054 καὶ
2838 5001 3001 5068 ἡμεῖς
3083 5000 3149 5056 τὰ
3219 4999 3402 5074 ἱμάτια
3457 4999 3637 5078 ἡμῶν,
3697 4997 3815 5067 ἤτοι

2163 5090 2259 5157 τὴν
2301 5089 2468 5168 σάρκα
2525 5089 2759 5168 (ἱμάτιον
2823 5089 2923 5168 γὰρ
2981 5091 3016 5158 ἡ
3094 5087 3219 5168 σὰρξ
3280 5093 3380 5156 τῆς
3438 5092 3665 5168 ψυχῆς),
3731 5090 3816 5145 καὶ

2161 5177 2507 5254 ὑποτάξωμεν
2549 5177 2749 5244 ταύτην
2805 5185 2881 5252 τῷ
2944 5178 3133 5257 Κυρίῳ.
3199 5178 3296 5236 Καὶ
3338 5177 3661 5257 στρώσωμεν
3715 5177 3816 5244 τὴν

2161 5267 2280 5324 ὁδον
2338 5277 2431 5327 τοῦ
2486 5266 2745 5345 ἡμετέρου
2799 5267 2937 5343 βίου,
3003 5267 3289 5331 κόπτοντες
3339 5265 3400 5323 ἐκ
3451 5272 3556 5323 τῶν
3594 5265 3815 5347 δένδρων

2159 5356 2404 5432 κλάδους,
2465 5355 2727 5434 τουτέστι,
2788 5355 2906 5420 τοὺς
2953 5361 3058 5412 τῶν
3112 5356 3278 5434 ἀγίων
3349 5357 3493 5433 βίους
3552 5359 3811 5434 μιμούμε-

2161 5514 2373 5579 Venet.
2406 5518 2465 5580 S.
2504 5515 2711 5580 Marci.
