4162 6228
494 285 614 349 623
1454 280 2046 350 THEOPHYLACTI
2092 283 2502 347 BULGARIIE
2543 283 2896 348 ARCHIEP.
3744 280 3851 345 624

495 417 701 492 Filius,
735 414 994 496 perdidit
1022 414 1333 494 agricolas,
1368 435 1515 497 quos
1555 417 1800 481 tradidit
1827 416 2111 480 Romanis

2192 453 2203 473 ι
2226 421 2369 495 Υἱὸς,
2416 419 2663 476 ἀπολέσει
2693 420 2813 481 τοὺς
2845 419 3134 498 γεωργοὺς,
3189 416 3449 497 παραδοὺς
3505 419 3687 480 αὖτοὺς
3743 429 3854 476 τοῖς

492 513 549 568 et
603 505 882 585 populum
936 504 1246 566 collocavit
1304 504 1436 568 aliis
1505 506 1805 584 agricolis,
1859 507 2107 586 apostoli

2224 497 2524 582 Ῥωμαίοις,
2585 509 2689 570 Καὶ
2731 509 2820 562 τὸν
2879 497 3006 563 λαὸν
3058 505 3324 564 ἐκδόσεται
3357 505 3539 570 ἄλλοις
3572 517 3856 588 γεωργοῖς,

494 596 743 658 scilicet.
798 594 899 656 Vis
949 594 1156 655 videre
1203 597 1497 675 quomodo
1556 596 1803 677 apestoli
1856 597 2111 658 coluerin

2220 597 2459 654 τουτέστι
2545 611 2664 660 τοῖς
2738 594 3084 659 ἀποστόλοις.
3176 593 3356 658 Θέλεις
3427 597 3528 673 γὰρ
3569 593 3700 651 ἰδεῖν
3755 599 3863 656 πῶς

491 688 770 747 vineam?
817 683 968 762 Lege
999 683 1216 745 librum
1263 684 1571 760 Actorum,
1623 694 1680 746 et
1725 684 1992 747 invenies
2032 683 2106 745 tri

2222 689 2562 765 ὶγεώργησαν
2618 690 2665 742 οἱ
2721 683 3009 743 ἀπόστολοι
3057 686 3149 740 τὸν
3204 683 3494 760 ἀμπελῶνα
3528 703 3544 764 ς
3580 684 3864 760 Ἀνάγνωθι

493 775 679 836 millia
709 782 766 834 et
798 773 1056 853 quinque
1091 773 1273 833 millia
1322 774 1497 834 simul
1544 774 1794 836 credere
1835 793 1902 836 ac
1945 774 2111 835 oﬂ‘eri

2225 775 2325 841 τὴν
2381 783 2488 832 τῶν
2533 776 2774 854 Πράξεων
2831 773 3036 851 βίϐλον,
3100 776 3187 830 καὶ
3243 776 3478 851 εὑρήσεις
3541 771 3863 853 τρισχιλίους

487 867 554 929 in
593 862 885 946 primitias
906 861 1051 922 Deo.

2227 865 2314 920 καὶ
2369 863 2832 944 πεντακισχιλίους
2888 863 3073 941 ἀθρόον
3119 863 3464 928 πιστεύοντας
3515 865 3604 920 καὶ
3661 882 3861 940 καρπο-

2219 954 2571 1032 φορουμένους
2598 961 2676 1028 τῷ
2705 959 2842 1027 Θεῷ.

2305 1065 2329 1096 ιι
2379 1040 2508 1100 Οὐδὲ
2565 1043 2662 1109 τὴν
2721 1047 2758 1096 Γ
2763 1041 2933 1120 ραφὴν
2981 1041 3177 1108 ταύτην
3233 1039 3494 1116 ἀνέγνωτε
3533 1058 3551 1111 ς
3597 1043 3745 1096 Λίθον
3802 1042 3858 1095 ὃν

566 1042 752 1105 Vens.
787 1037 989 1100 10-12.
1029 1059 1058 1098 ι
1088 1039 1176 1100 An
1209 1056 1286 1099 ne
1315 1038 1468 1100 hanc
1498 1039 1737 1119 quidem
1771 1037 2134 1120 Scripturam

2219 1127 2607 1206 ἀπεδοκίμασαν
2683 1130 2730 1186 οἱ
2817 1127 3237 1208 οἰκοδομοῦντες,
3293 1131 3444 1193 οὗτος
3501 1129 3727 1206 ἆγενήθη
3786 1131 3858 1191 εἰς

487 1133 711 1210 legistis
733 1134 760 1189 ’ἶ
792 1128 1076 1204 Lapidem
1096 1146 1272 1206 quem
1303 1127 1776 1208 reprobaverunt
1804 1130 1839 1188 ii
1873 1129 1973 1208 qui
2000 1130 2134 1190 edi-

496 1219 774 1292 ﬁcabant,
807 1217 903 1276 hic
935 1216 1122 1276 Iactus
1154 1223 1241 1276 est
1263 1216 1320 1274 in
1344 1225 1518 1295 caput
1547 1216 1744 1294 anguli
1778 1238 1790 1279 :
1823 1235 1856 1276 a
1886 1216 2135 1278 Domino

486 1309 680 1369 factus
713 1313 802 1367 est
831 1305 949 1378 hic,
988 1314 1045 1364 et
1071 1313 1157 1364 est
1184 1303 1568 1364 admirandus
1591 1305 1650 1364 in
1677 1305 1868 1366 oculis
1890 1306 2133 1368 nostris.

483 1399 558 1460 Et
589 1394 936 1477 quaerebant
966 1411 1101 1454 eum
1133 1393 1670 1470 comprehendere,
1705 1405 1764 1456 et
1796 1393 2137 1455 metuebant

2218 1215 2454 1296 κεφαλὴν
2508 1220 2702 1296 γωνίας
2736 1237 2752 1253 ⁶
2827 1219 2970 1296 παρὰ
3053 1214 3245 1296 Κυρίου
3306 1215 3514 1295 ἐγένετο
3573 1215 3703 1283 αὕτη
3774 1220 3860 1272 καὶ

2218 1304 2328 1362 ἔστι
2381 1307 2658 1380 θαυμαστὴ
2715 1307 2768 1362 ἐν
2827 1304 3123 1382 ὁὼθαλμοῖς
3153 1309 3333 1382 ἡμῶν,
3369 1303 3470 1365 Καὶ
3503 1306 3715 1376 ἐζήτουν
3759 1309 3858 1364 aii-

2216 1395 2308 1450 τὸν
2362 1401 2647 1474 κρατῆσαι,
2694 1398 2780 1453 καὶ
2824 1392 3159 1474 εφοϐήθησαν
3203 1397 3294 1451 τὸν
3323 1393 3516 1474 ὄχλον.
3573 1393 3861 1472 ’Ἔγνωσαν

485 1486 716 1547 turbam
753 1502 766 1546 :
804 1481 1069 1543 sciebant
1096 1481 1255 1540 enim
1285 1482 1440 1559 quod
1462 1481 1743 1542 adversus
1772 1481 1934 1562 ipsos
1961 1499 2111 1560 para-

2215 1485 2314 1562 γὰρ
2370 1482 2456 1541 ὅτι
2520 1487 2649 1563 πρὸς
2683 1485 2868 1549 αὐτοὺς
2899 1485 2992 1551 τὴν
3035 1481 3345 1563 παραϐολὴν
3391 1485 3538 1545 εἶπε,
3572 1481 3675 1545 Καὶ
3705 1483 3859 1562 ἀφέν-

482 1574 678 1635 bolam
738 1570 1006 1632 dixisset.
1058 1568 1131 1629 Et
1183 1569 1391 1630 relicto
1449 1569 1550 1630 illo
1602 1570 1898 1635 abierunt.
1941 1595 1968 1626 ιο
2020 1571 2111 1634 Pet

2214 1593 2301 1636 τες
2358 1575 2540 1652 αὐτὸν,
2602 1571 2862 1640 ἀπῆλθον,
2915 1596 2942 1627 ι
3002 1575 3100 1628 Διὰ
3142 1574 3354 1632 πάντων
3410 1573 3611 1629 τούτων
3635 1570 3856 1628 δείκνυσι

479 1664 678 1724 omnia
705 1661 820 1724 ista
849 1658 1106 1721 ostendit
1139 1658 1363 1736 ejectos
1389 1658 1644 1739 Judaaos,
1678 1668 1886 1737 gentes
1931 1668 2111 1721 auten

2212 1662 2333 1725 τοὺς
2414 1661 2512 1735 μὲν
2591 1661 2869 1726 Ἰουδαίους
2957 1660 3374 1735 Ξιποϐληθέντας,
3459 1663 3526 1716 τὰ
3606 1660 3660 1717 δὲ
3731 1661 3854 1728 ἔθνη

477 1760 775 1832 acceptas.
813 1747 982 1828 Lapis
1013 1747 1153 1805 2:56
1203 1747 1363 1807 enim
1403 1746 1527 1821 ille,
1579 1747 1866 1809 Dominus
1900 1767 1914 1807 :
1950 1749 2111 1810 aediﬁ.

2213 1747 2626 1830 προσδεχθέντα.
2691 1751 2843 1814 Λίθος
2894 1751 2990 1826 μὲν
3040 1752 3140 1830 γὰρ
3183 1753 3339 1812 αὐτὸς
3369 1753 3396 1805 ὁ
3426 1747 3640 1832 Κῦριος,
3700 1751 3847 1807 obto-

478 1822 680 1904 cantes
697 1822 920 1913 autem,
947 1837 1222 1898 doctores
1253 1837 1476 1916 populi.
1508 1837 1697 1909 Quem
1719 1838 1899 1916 igitur
1924 1856 2111 1919 repro-

2212 1822 2493 1914 δομοῦντες
2550 1837 2629 1914 δὲ,
2675 1842 2720 1895 οἱ
2765 1822 3068 1896 διδάσκαλοι
3112 1822 3204 1896 τοῦ
3255 1839 3404 1898 λαοῦ.
3457 1822 3563 1896 μὸν
3605 1822 3694 1895 οὖν
3751 1840 3850 1895 ὰπ-

478 1931 764 1992 baveruut
793 1929 1087 2001 doctores,
1125 1926 1222 1986 ille
1253 1926 1314 1986 in
1346 1935 1521 2005 caput
1554 1927 1752 2006 anguli
1787 1927 1976 1990 factus
2009 1940 2111 1992 est.

2207 1926 2527 2004 εδοκίμασαν
2576 1930 2623 1982 οἱ
2680 1925 3002 2002 διδάσκαλοι,
3063 1930 3211 1992 οὗτος
3255 1929 3326 1993 εἰς
3380 1926 3615 2006 κεφαλὴν
3656 1928 3847 2006 γωνίας

478 2019 663 2098 Caput
694 2019 852 2080 enim
907 2015 1184 2075 Ecclesia:
1235 2014 1422 2076 factus
1479 2024 1588 2077 est.
1642 2016 1912 2094 Angulus
1960 2017 2111 2078 enim

2206 2016 2437 2097 ἐγένετο,
2496 2016 2702 2096 κεφαλὴ
2758 2020 2856 2086 τῆς
2916 2015 3237 2084 Ἐγκλησίας
3316 2016 3621 2095 γενόμενος.
3682 2017 3850 2072 Γωνία

473 2106 760 2186 Ecclesia,
794 2124 929 2185 qua:
969 2103 1029 2164 in
1059 2121 1242 2164 unum
1272 2103 1578 2182 conjungit
1604 2103 1839 2166 Judzeos
1872 2113 1930 2166 et
1966 2124 2117 2183 gen-

477 2196 658 2256 tiles:
713 2191 1212 2276 quemadmodum
1259 2201 1319 2252 et
1365 2193 1616 2270 angulus
1665 2194 1813 2253 duos
1864 2195 2122 2274 parietes

473 2285 631 2344 inter
664 2303 732 2346 se
774 2279 1108 2344 committit.
1163 2278 1346 2356 Igitur
1391 2282 1501 2341 iste
1553 2282 1825 2363 angulus,
1873 2283 1986 2344 hoc
2035 2292 2123 2345 est

474 2371 760 2450 Ecclesia,
813 2391 847 2432 a
898 2365 1148 2432 Domino
1197 2368 1405 2430 factus.
1462 2371 1536 2431 Et
1576 2379 1665 2430 est
1716 2370 2010 2432 mirabilis
2062 2374 2121 2433 in

472 2470 811 2523 nostrorum
844 2456 1112 2519 ﬁdelium
1164 2457 1373 2519 oculis.
1419 2458 1517 2518 Ab
1567 2458 1912 2520 inﬁdelibus
1962 2459 2119 2520 enim

472 2551 753 2612 miracula
783 2546 1138 2610 calumniam
1171 2545 1494 2626 patiuntur.
1518 2546 1808 2608 Mirabilis
1826 2558 1916 2610 est
1938 2549 2118 2626 igitur

470 2639 760 2719 Ecclesia,
796 2636 965 2718 quasi
995 2655 1065 2696 ex
1114 2634 1417 2696 miraculis
1475 2637 1814 2706 constituta,
1868 2637 2116 2700 Domino

468 2736 828 2810 cooperante
879 2723 1184 2805 apostolis,
1226 2734 1283 2786 et
1339 2742 1678 2787 sermonem
1726 2726 2116 2789 conﬁrmante

468 2838 575 2900 per
599 2817 908 2899 sequentia
942 2815 1129 2894 signa.

545 2997 729 3059 Vens.
768 2995 985 3057 13-17.
1024 3016 1051 3047 α
1087 2993 1161 3054 Ει
1191 2991 1427 3052 mittunt
1454 2991 1528 3053 ad
1560 2991 1726 3052 illum
1760 2995 2051 3074 quosdam
2085 3014 2118 3057 e

466 3086 776 3148 Pharisaeis
799 3093 858 3145 et
877 3081 1232 3144 Herodianis
1255 3090 1318 3141 ut
1336 3099 1470 3142 eum
1492 3089 1795 3161 captarent
1813 3102 2114 3146 sermone.
2137 3121 2178 3173 ο

469 3177 563 3239 llli
591 3195 734 3236 vero
767 3192 900 3235 cum
957 3170 1280 3246 venissent,
1335 3171 1548 3232 dicunt
1598 3171 1698 3231 ei:
1757 3173 2115 3256 Praeceptor,

471 3267 691 3328 scimus
722 3262 879 3344 quod
909 3278 1085 3320 verax
1130 3276 1216 3338 es,
1251 3267 1309 3320 et
1341 3278 1458 3319 non
1491 3278 1662 3319 curas
1710 3279 2066 3342 quemquam
2097 3285 2111 3324 ;

468 3375 589 3417 non
622 3354 780 3415 enim
813 3350 1063 3430 respicis
1109 3365 1421 3427 personam
1469 3349 1801 3429 hominum,
1838 3353 1941 3412 sed
1980 3371 2114 3414 cum

469 3447 712 3506 veritate
734 3441 890 3502 viam
911 3437 1232 3500 Deidoces.
1258 3437 1422 3499 Licet
1445 3456 1688 3498 censum
1714 3438 1856 3500 dare
1876 3439 2112 3518 Caesari,

467 3553 541 3595 an
572 3531 738 3593 non?
769 3531 1001 3603 demus,
1035 3545 1111 3586 an
1157 3545 1275 3586 non
1330 3526 1586 3588 demus?
1619 3526 1723 3587 llle
1751 3547 1888 3589 vero
1920 3531 2116 3592 sciens

469 3625 703 3685 illorum
738 3618 1199 3690 simulationem,
1240 3614 1385 3676 dixit
1415 3615 1533 3676 illis
1569 3637 1582 3674 :
1632 3614 1783 3686 Quid
1837 3637 1929 3679 me
1979 3629 2111 3681 ten-

469 3712 649 3775 tatis?
677 3710 898 3772 Aﬁ‘erte
929 3706 1074 3766 mihi
1107 3705 1440 3779 denarium,
1477 3714 1540 3765 ut
1567 3704 1796 3768 videam
1859 3706 1949 3768 Illi
1974 3727 2111 3772 vero

464 3803 808 3866 attulerunt.
844 3800 918 3860 Et
966 3796 1111 3857 dicit
1142 3795 1229 3856 eis
1265 3812 1278 3856 :
1325 3795 1510 3873 Cujus
1541 3804 1629 3856 est
1660 3796 1856 3875 imago
1899 3798 2024 3860 haec
2059 3819 2118 3884 et

466 3893 776 3972 inscriptio
803 3897 829 3951 ‘2
863 3888 957 3950 Illi
1007 3893 1202 3946 autem
1252 3884 1526 3944 dixerunt
1569 3886 1624 3945 ei
1668 3903 1680 3947 :
1731 3887 2000 3951 Caesaris.
2050 3891 2120 3964 Ει

463 3981 837 4063 respondens
863 3977 1060 4055 Jesus,
1095 3974 1243 4034 dixit
1286 3973 1404 4034 illis
1441 3974 1761 4063 {Reddite
1806 3994 1936 4056 qua:
1981 3992 2120 4044 sunt

463 4062 734 4144 CaeSaris,
769 4065 982 4130 Caesari
1018 4086 1030 4121 :
1067 4071 1125 4124 et
1153 4080 1282 4142 qum
1310 4069 1448 4122 sunt
1475 4062 1607 4138 Dei,
1642 4065 1802 4141 Deo;
1835 4073 1892 4125 et
1923 4067 2110 4131 admi.

2202 2109 2302 2186 γὰρ
2355 2108 2390 2174 ἡ
2450 2104 2761 2178 Ἐκκλησία,
2851 2109 2923 2172 ὡς
3010 2108 3341 2163 συνάπτουσα
3398 2109 3487 2162 καὶ
3542 2105 3851 2164 ἑνοποιοῦσα

2203 2196 2403 2258 πάντας
2461 2192 2739 2259 Ἰουδαίους
2797 2199 2884 2251 καὶ
2945 2194 3257 2271 ”Ελληνας,
3289 2195 3469 2274 ὥσπερ
3511 2197 3598 2253 καὶ
3625 2199 3660 2264 ἡ
3690 2199 3852 2273 γωνία

2203 2283 2290 2341 δύο
2317 2285 2532 2364 τοίχους
2577 2284 2833 2355 ἀλλήλοις
2892 2287 3167 2366 συνάπτει,
3229 2288 3574 2362 μετιτεόουσα
3627 2286 3850 2366 ἀμφοῖν.

2204 2373 2347 2439 Αὕτη
2394 2372 2447 2428 δὲ
2503 2376 2537 2440 ἡ
2591 2375 2780 2453 γωνία,
2855 2373 2973 2442 ἤτοι
3037 2374 3068 2441 ἦ
3138 2372 3458 2449 Ἐκκλησία,
3487 2377 3630 2454 παρὰ
3659 2371 3850 2453 Κυρίου

2202 2463 2434 2541 ὶγένετο,
2506 2464 2594 2519 καὶ
2651 2463 2759 2518 ἔστι
2843 2465 3119 2540 θαυμαστὴ
3207 2464 3262 2519 ἐν
3314 2464 3610 2543 ὀφθαλμοῖς
3689 2466 3842 2539 ἡμῶν

2201 2553 2307 2608 τῶν
2365 2557 2591 2613 πιστῶν,
2654 2560 2782 2614 Τοῖς
2833 2553 2933 2631 γὰρ
3003 2553 3245 2618 ἀπίστοις
3319 2555 3406 2610 καὶ
3484 2555 3550 2608 τὰ
3602 2554 3839 2628 θαύματα

2198 2638 2592 2702 διαϐάλλονται,
2653 2643 2941 2717 Θαυμαστὴ
2997 2643 3166 2698 τοίνυν
3209 2644 3242 2711 ἡ
3304 2641 3618 2715 Ἐκκλησία,
3663 2644 3736 2707 ὡς
3781 2642 3838 2698 ἐκ

2196 2730 2473 2805 θαυμάτων
2528 2736 2779 2804 συστᾶσα,
2851 2738 2944 2786 τοῦ
3015 2731 3203 2810 Κυρίου
3265 2737 3636 2809 συνεργοῦντος
3719 2745 3836 2793 τοῖς

2197 2816 2517 2883 ἀποστόλοις
2564 2819 2653 2874 γαὶ
2707 2820 2798 2873 τὸν
2855 2817 3015 2896 λόγον
3070 2817 3404 2895 βεϐαιοῦντος
3463 2817 3548 2874 διὰ
3589 2821 3692 2876 τῶν
3735 2820 3837 2876 ἐπ·-

2199 2906 2618 2964 ακολουθούντων
2649 2909 2910 2983 σημείων.

2287 3020 2315 3052 α
2364 2998 2462 3055 Καὶ
2518 2995 2901 3054 ἀποστέλλουσι
2945 2998 3077 3076 πρὸς
3133 2996 3290 3053 αὐτόν
3350 3020 3494 3062 τινας
3537 2998 3642 3055 τῶν
3672 3000 3842 3077 Φαρι-

2203 3088 2362 3144 σαίων
2418 3087 2506 3143 καὶ
2568 3077 2928 3165 Ἦρωδιανῶν,
2971 3086 3064 3142 ’ίνα
3108 3088 3263 3143 αὐτὸν
3321 3085 3615 3166 ἀγρεύσωσι
3675 3085 3838 3165 λόγῳ.

2202 3178 2262 3233 Οἱ
2318 3174 2372 3230 δὲ
2451 3174 2712 3254 ἐλθόντες,
2758 3173 3006 3253 λέγουσιν
3050 3175 3192 3248 αὐτῷ
3221 3194 3237 3210 ·
3274 3173 3594 3250 Διδάσκαλε,
3627 3173 3846 3252 οἴδαμεν

2199 3262 2282 3320 ὅτι
2340 3262 2546 3332 ἀληθὴς
2575 3264 2656 3338 εἶ,
2689 3265 2778 3320 καὶ
2807 3266 2867 3321 οῦ
2909 3263 3061 3340 μέλει
3110 3286 3192 3321 σοι
3221 3266 3340 3344 περὶ
3368 3263 3575 3330 οὐδενός
3610 3281 3625 3297 ⁸
3657 3268 3717 3324 οῦ
3744 3267 3842 3347 γὰρ

2198 3352 2413 3430 βλέπεις
2470 3356 2541 3416 εἷς
2601 3363 2886 3432 πρόσωπον
2930 3354 3241 3434 ἀνθρώπων,
3287 3352 3407 3410 ἀλλ’
3456 3354 3541 3411 ἐπ’
3595 3353 3839 3422 ἀληθείας

2196 3445 2295 3510 τὴν
2339 3441 2457 3500 ὁδὸν
2509 3451 2602 3500 τοῦ
2644 3445 2793 3526 ,Θεοῦ
2818 3441 3101 3507 διδάσκεις.
3139 3435 3362 3526 ’Ἔξεστι
3391 3449 3589 3511 κῆνσον
3618 3447 3836 3524 Καίσαρι

2197 3531 2393 3607 δοῦναι,
2429 3533 2463 3601 ἢ
2492 3531 2555 3588 οὔ
2584 3551 2602 3611 ;
2636 3523 2832 3608 δῶμεν,
2865 3532 2900 3599 ἢ
2945 3536 3023 3608 μὴ
3067 3530 3240 3609 δῶμεν
3273 3551 3290 3612 ς
3348 3523 3404 3590 ’0
3452 3531 3530 3613 δὲ,
3563 3531 3713 3598 εἰδὼς
3741 3523 3834 3590 αὖ.

2197 3625 2302 3677 θῶν
2343 3622 2440 3689 τὴν
2492 3623 2790 3701 ὑπόκρισιν,
2836 3625 2988 3678 εἶπεν
3032 3623 3214 3686 αὐτοῖς
3249 3638 3263 3652 ⁸
3312 3622 3370 3679 Τί
3413 3643 3480 3697 με
3509 3624 3781 3701 πειράζετε
3818 3643 3834 3698 ;

2195 3711 2390 3788 Φέρετὲ
2448 3733 2541 3787 μοι
2599 3709 2845 3790 δηνάριον
2915 3711 3008 3766 ἵνα
3052 3709 3154 3766 ἴδω
3191 3731 3206 3748 ·
3255 3713 3302 3767 οἱ
3355 3708 3410 3766 δὲ
3452 3709 3704 3790 ἤνεγκαν.
3739 3714 3838 3770 Καὶ

2197 3797 2340 3877 λέγει
2395 3801 2578 3862 αὐτοῖς
2608 3814 2622 3827 ⁸
2675 3799 2822 3863 Τίνος
2878 3801 2914 3868 ἡ
2971 3800 3125 3855 είκὼν
3155 3799 3311 3876 αὕτη,
3345 3801 3431 3856 καὶ
3458 3802 3492 3866 ὴ
3519 3800 3782 3880 ἰπιγραφή
3820 3820 3838 3873 ;

2199 3892 2259 3946 Οἱ
2309 3888 2362 3944 δὲ
2402 3889 2561 3944 εἷπον
2604 3891 2767 3962 αὐτῷ,
2803 3891 3086 3966 Καίσαρος.
3141 3892 3238 3946 Καὶ
3281 3890 3576 3968 ἀποκριθεὶς
3633 3894 3661 3946 ὁ
3721 3889 3837 3957 Ἰη-

2199 3978 2318 4043 σοῦς
2378 3978 2532 4034 εἶπεν
2589 3981 2772 4040 αὐτοῖς
2804 3997 2821 4013 ο
2872 3976 3128 4034 Ἀπόδοτε
3185 3980 3253 4036 τὰ
3301 3980 3559 4058 Καίσαρος
3593 3979 3833 4057 Καίσαρι,

2197 4070 2285 4123 καὶ
2341 4069 2407 4126 τὰ
2461 4073 2554 4123 τοῦ
2632 4075 2763 4126 Θεοῦ
2845 4074 2920 4141 τῷ
3004 4074 3120 4142 Θεῷ
3156 4086 3173 4103 ⁸
3227 4070 3316 4125 καὶ
3384 4067 3682 4140 ἐθαύμασαν
3747 4069 3833 4126 ὄπ’

464 4163 572 4224 rati
603 4168 739 4222 sunt
769 4159 844 4218 de
871 4174 966 4217 eo.
1001 4177 1024 4210 »
1063 4152 1332 4213 Diximus
1379 4153 1553 4212 etiam
1602 4153 1746 4213 alias
1793 4153 1868 4215 de
1911 4155 2104 4220 Hero-

2193 4158 2357 4231 αὐτῷ.
2394 4181 2418 4214 ι
2486 4156 2726 4232 Εἴπομεν
2783 4158 2871 4212 καὶ
2913 4155 3103 4213 ἄλλοτε
3150 4158 3268 4236 περὶ
3323 4162 3430 4212 τῶν
3473 4156 3829 4238 Ἦρωδιανῶν,

463 4250 677 4320 dianis,
711 4245 866 4328 quod
911 4242 1086 4304 fuerit
1133 4241 1382 4302 haeresis
1419 4241 1688 4321 quzedam
1739 4249 1877 4304 tunc
1917 4264 2106 4328 nuper

2192 4246 2270 4302 ὅτι
2322 4246 2525 4325 αἵρεσίς
2561 4266 2641 4310 τις
2684 4244 2749 4312 ἧν
2815 4247 3072 4325 νεοφανὴς
3139 4251 3248 4301 τῶν
3299 4244 3565 4325 λεγόντων
3607 4249 3830 4325 Χριστὸν

463 4351 591 4401 orta
621 4339 967 4409 dicentium,
995 4330 1291 4392 Herodem
1317 4347 1450 4391 esse
1481 4330 1806 4411 Christum,
1845 4351 1914 4394 eo
1945 4337 2102 4415 quod

2192 4339 2325 4392 εἶναι
2354 4338 2445 4391 τὸν
2485 4329 2723 4414 Ἡρώδην
2782 4331 2866 4389 διὰ
2911 4336 2972 4390 τὸ
3020 4334 3075 4390 ἐν
3103 4348 3218 4400 τοῖς
3248 4335 3462 4415 χρόνοις
3493 4336 3650 4392 αὐτοῦ
3676 4333 3825 4391 ἐκλι-

461 4429 523 4490 in
573 4426 939 4507 temporibus
993 4420 1154 4480 illius
1196 4418 1516 4480 defecisset
1554 4421 1854 4507 successio
1898 4440 2102 4501 regum

459 4506 867 4581 Judaico’rum.
904 4510 1023 4573 Alii
1065 4515 1260 4568 autem
1317 4507 1522 4568 dicunt
1570 4506 1943 4572 Iierodianos
1991 4513 2102 4576 hoc

460 4609 589 4669 loco
622 4607 812 4668 dictos
843 4619 976 4664 esse
1010 4597 1229 4658 milites
1254 4597 1533 4670 Herodis,
1568 4615 1713 4676 quos
1737 4599 2017 4662 Pharisaei
2040 4603 2101 4664 in

459 4707 636 4759 testes
677 4712 884 4757 eorum
931 4707 1062 4770 quae
1111 4687 1378 4748 Christus
1423 4686 1688 4747 dicturus
1731 4696 1877 4764 erat,
1925 4708 2098 4752 assu-

457 4796 646 4863 munt,
681 4794 747 4848 ut
781 4785 1219 4860 consequenter
1269 4776 1783 4856 comprehendant
1829 4778 1996 4840 illum
2043 4790 2102 4843 et

453 4877 768 4941 abducant.
789 4873 936 4936 Vide
958 4877 1158 4930 autem
1193 4865 1473 4925 malitiam
1509 4865 1767 4942 illorum,
1801 4870 2097 4946 quomodo

451 4965 789 5026 adulatione
833 4967 1062 5023 tentent
1108 4955 1390 5032 decipere
1447 4953 1785 5015 Dominum.
1835 4953 2092 5036 Scimus,

448 5055 676 5134 dicunt,
710 5051 866 5133 quod
898 5065 1015 5109 non
1045 5044 1296 5124 respicis
1323 5060 1635 5134 personam
1665 5044 1998 5126 hominum,
2030 5057 2092 5110 et

446 5143 526 5204 ita
575 5132 770 5223 neque
816 5140 1107 5201 Caesarem
1151 5134 1467 5195 revereris.
1520 5132 1732 5193 Totum
1772 5135 1932 5195 enim
1976 5137 2089 5199 hoc

443 5233 755 5294 artiﬁcium
790 5238 915 5291 erat
944 5225 1221 5304 utrinque
1265 5223 1491 5283 habens
1522 5223 1848 5303 praecipitia
1881 5242 1895 5285 :
1943 5233 2005 5286 ut
2038 5227 2084 5286 si

441 5323 681 5406 quidem
715 5321 943 5382 diceret
973 5314 1131 5406 quod
1164 5312 1340 5406 liceat
1370 5312 1513 5373 dare
1542 5314 1762 5374 Caesari
1794 5313 2081 5406 tributum

437 5401 758 5491 arguerent
788 5427 922 5472 eum
955 5403 1109 5487 apud
1136 5402 1445 5491 populum,
1470 5409 1746 5482 tanquam
1773 5401 1874 5482 qui
1903 5404 2079 5491 eosin

435 5489 783 5563 servitutem
814 5498 1111 5576 redigeret
1144 5511 1157 5552 :
1198 5491 1289 5550 sin
1321 5490 1550 5551 diceret
1589 5509 1709 5552 non
1732 5489 2078 5571 persolven-

433 5592 598 5672 dum,
634 5595 982 5653 accusarent
1011 5600 1144 5645 eum
1195 5589 1255 5639 ut
1285 5581 1355 5642 ad
1389 5578 1741 5641 seditionem
1796 5579 2078 5659 populum

2187 4427 2314 4483 πεῖν
2368 4427 2462 4490 τὰς
2520 4423 2772 4504 διαδοχὰς
2815 4429 2920 4478 τῶν
2968 4423 3274 4481 Ἰουδαϊκῶν
3301 4423 3586 4501 βασιλέων,
3622 4415 3822 4482 ’Ἄλλοι

2185 4513 2239 4569 δέ
2289 4536 2444 4595 φασιν
2499 4505 2844 4591 ’Πρωδιανοὺς
2915 4511 3133 4569 ἐνταῦθα
3183 4512 3429 4593 λέγεσθαι
3479 4515 3600 4577 τοὺς
3658 4535 3822 4592 στρα-

2185 4604 2375 4667 τιώτας
2432 4611 2523 4660 τοῦ
2569 4596 2824 4681 Ἡρώδου,
2856 4601 2944 4665 οὕς
2974 4601 3363 4681 προσελάϐοντο
3412 4606 3459 4660 οἱ
3514 4610 3820 4682 Φαρισαῖοι,

2183 4693 2324 4748 ὼσὰν
2383 4695 2638 4770 μάρτυρες
2696 4694 2794 4746 ὦσι
2879 4697 2984 4748 τῶν
3069 4691 3485 4773 λεχθησομένων
3567 4693 3665 4748 ὑπὸ
3731 4699 3823 4749 τοῦ

2184 4788 2432 4860 Χριστοῦ,
2492 4782 2579 4837 καὶ
2628 4778 2821 4836 λοιπὸν
2892 4778 3226 4839 συλλάϐωσιν
3313 4781 3491 4856 αὐτόν,
3569 4782 3658 4837 καὶ
3711 4781 3821 4838 ἀπ-

2181 4872 2471 4950 αγάγωσιν.
2534 4860 2679 4949 υΟρα
2717 4868 2770 4924 δὲ
2826 4870 2925 4937 τὴν
2970 4873 3286 4942 κακοήθειαν
3314 4875 3508 4947 αὐτῶν,
3541 4877 3655 4934 πῶς
3686 4873 3820 4947 μετὰ

2176 4959 2456 5026 κολακείας
2518 4960 2798 5039 πειρῶνται
2863 4957 3190 5026 ἐξαπατῆσαι
3239 4962 3329 5017 τὸν
3375 4960 3585 5040 Κύριον.
3647 4957 3816 5017 Οἴδα-

2174 5070 2270 5125 μεν
2325 5047 2406 5106 ὅτι
2464 5051 2524 5106 οὐ
2577 5048 2792 5125 βλέπεις
2848 5050 2918 5113 εἰς
2981 5049 3265 5128 πρόσωπον
3321 5049 3617 5131 ἀνθρώπου,
3676 5049 3812 5106 ὥστε

2173 5137 2288 5196 οὐδὲ
2356 5142 2446 5197 τὸν
2503 5141 2736 5216 Καίσαρα
2804 5135 3166 5216 εὐλαϐηθήσῃ.
3228 5141 3299 5198 Τὸ
3354 5138 3477 5196 ὅλον
3533 5136 3588 5195 δὲ
3656 5146 3810 5196 τοῦτο

2166 5228 2447 5308 τέχνασμα
2492 5229 2580 5308 ἧν,
2625 5227 2992 5306 ἀμφοτέρωθεν
3058 5226 3187 5306 ἕχον
3246 5228 3535 5308 κρημνοὺς,
3585 5227 3677 5285 ἵνα
3719 5228 3809 5286 ἰὰν

2165 5321 2263 5394 μὲν
2304 5318 2440 5394 εἴπῃ
2483 5317 2562 5374 ὅτι
2621 5316 2786 5381 ἔξεστι
2837 5314 3014 5373 τελεῖν
3061 5321 3138 5392 τῷ
3168 5319 3412 5397 Καίσαρι,
3457 5315 3808 5375 διαϐάλλωσιν

2166 5410 2321 5466 αὑτὸν
2351 5411 2481 5490 πρὸς
2512 5410 2604 5464 τὸν
2631 5403 2822 5486 ὄχλον,
2868 5407 2942 5470 ὡς
2973 5405 3391 5465 καταδουλοῦνται
3446 5409 3603 5468 αὐτοῦ
3634 5427 3647 5440 ·
3681 5409 3725 5464 εἰ
3753 5405 3808 5462 δὶ

2165 5498 2243 5572 μὴ
2285 5498 2464 5554 τελεῖν
2521 5497 2678 5574 εἴπη,
2739 5495 3181 5574 κατηγορήσωσιν
3226 5499 3406 5570 αὐτοῦ,
3451 5497 3526 5559 ὡς
3574 5496 3810 5553 ἀναστα-

2163 5599 2376 5651 τοῦντος
2433 5588 2525 5641 τὸν
2595 5583 2721 5640 λαὸν
2779 5585 2914 5640 κατὰ
2969 5583 3063 5640 τοῦ
3121 5585 3408 5662 Καίσαρος.
3470 5584 3619 5641 Ἀλλ’
3649 5587 3683 5653 ἢ
3718 5583 3808 5652 τῆς
