4162 6228
1105 338 1552 401 ENARRATIO
1595 338 1678 403 IN
1724 335 2228 403 EVANGELIUM
2276 334 2539 400 MARCI.
2579 369 2647 379 --
2698 336 2862 402 CAP.
2909 340 3046 403 XII.
3620 336 3741 401 626

358 467 547 559 eo?!“
605 470 771 559 πηγῆ
838 470 1079 552 ὶκφεύγει
1132 470 1252 538 τοὺς
1339 469 1559 559 δόλους,
1598 470 1794 559 αὐτων.
1853 469 1984 529 Ἐπι·

2092 470 2424 559 moventem
2483 472 2688 527 contra
2743 464 3055 559 Caesarem.
3116 469 3190 531 At
3245 470 3375 533 fons
3430 466 3735 550 sapientia

352 555 550 623 δείξατε
610 550 713 637 γάρ
765 582 879 634 μοι,
916 550 1075 640 νφησὶ,
1120 562 1182 617 τὸ
1225 561 1491 637 νόμισμα.
1551 557 1697 617 Ἰδὼν
1725 558 1781 616 δὲ
1813 560 1893 616 ὃτι
1924 560 1984 615 εἰ·

2089 550 2257 640 dolos
2287 552 2524 615 illorum
2557 554 2771 618 evadit.
2813 553 3126 619 Ostendite
3158 558 3327 635 mihi,
3371 558 3580 640 inquit,
3613 577 3729 618 nu-

353 645 484 702 κόνα
529 646 649 726 ἔχει
703 658 797 707 τοῦ
827 639 1108 728 Καίσαρος,
1142 650 1325 730 φησὶν,
1360 646 1615 707 Ἀπόδοτε
1643 650 1705 707 τὸ
1748 647 1879 729 ἕχον
1905 650 1984 717 τηε

2089 639 2321 730 t_nisma.
2351 642 2494 705 Cum
2518 644 2677 705 enim
2701 642 2946 707 vidisset
2969 646 3125 727 quod
3149 639 3464 727 imaginem
3489 647 3734 708 haberet

351 735 466 791 εῑκό
480 757 557 816 δα,
604 742 681 810 τῷ
741 727 1131 814 εἰκονιζομὲνῳ,
1157 727 1416 795 ⁷τουτέστι
1481 744 1559 813 τῷ
1616 727 1862 814 Καίσαρι,
1918 760 1984 795 κα

2087 727 2353 803 Ctesaris,
2386 731 2532 793 dicit
2566 753 2579 795 :
2614 732 2868 794 Reddite
2898 733 3053 815 quod
3090 735 3269 796 habet
3297 736 3637 815 imaginem,
3675 734 3732 796 ei

354 824 422 879 τὰ
480 831 611 882 Θεοῦ
654 828 729 899 τῷ
773 833 912 907 Θεῷ,
990 826 1284 901 τουτέστιν,
1349 825 1493 885 οὐδὲν
1547 825 1815 903 ὶμποδίζει
1873 828 1984 903 ὑμῖι

2085 816 2258 907 cujus
2288 820 2436 896 gerit
2466 819 2930 898 imaginem,hoc
2950 831 3039 883 est
3060 824 3274 886 Caesari
3306 845 3319 886 :
3356 833 3413 885 et
3441 842 3572 905 quae
3593 831 3731 884 sunt

355 914 489 990 πρὸς
559 912 859 972 θεοσέϐειαν
897 903 908 907 ⁷
937 916 999 971 τὸ
1069 914 1248 972 τελεῖν
1318 918 1395 992 τῷ
1465 916 1708 995 Καίσαρι,
1776 916 1984 973 Δύνασθι

2084 903 2215 986 Dei,
2250 909 2394 983 Deo,
2428 909 2539 970 hoc
2571 918 2680 989 est,
2715 911 2860 971 nihil
2892 910 3087 973 obstat
3136 912 3301 973 vobis
3329 913 3403 973 ad
3449 903 3725 992 pietatem

354 1003 459 1080 γὰρ
514 1003 603 1059 καὶ
657 1010 735 1077 τῷ
779 1002 996 1082 Καίσαρι
1047 1003 1347 1079 ὑποτελεῖν,
1401 1008 1491 1063 καὶ
1532 1010 1609 1078 τῷ
1638 1012 1753 1080 Θεῷ
1794 1006 1859 1064 τὰ
1916 1007 1984 1062 ol-

2085 998 2433 1073 persolvere
2464 997 2699 1061 Caesari.
2744 998 2998 1062 Potestis
3029 1001 3189 1062 enim
3237 1010 3295 1063 et
3322 1000 3540 1063 Czesari
3584 1018 3724 1080 per-

350 1102 477 1146 κεῖα
520 1089 719 1166 νέμειν,
802 1102 1012 1171 Καῖσαρ
1067 1092 1123 1149 δέ
1178 1094 1320 1150 ἐστιν
1380 1094 1587 1167 ἑκάστῳ
1640 1095 1795 1168 ἡμῶν
1832 1095 1920 1150 καὶ
1962 1096 1984 1149 ί

2081 1082 2337 1165 solvere,
2363 1095 2420 1147 et
2451 1089 2572 1149 Deo
2604 1104 2742 1150 suas
2774 1088 3059 1153 tribuere.
3093 1091 3287 1152 Caesar
3322 1088 3464 1151 item
3491 1087 3720 1149 unicui-

348 1184 443 1235 τοῦ
510 1180 759 1254 σώματος
834 1180 1197 1259 ἀπαραίτητος
1266 1182 1498 1260 ἀνάγκη.
1558 1180 1769 1241 Κελεύει
1824 1185 1911 1239 οὒν
1969 1185 1984 1239 ε

2081 1189 2195 1251 que
2250 1183 2513 1236 nostrum
2585 1176 2940 1238 inevitabilis
3019 1178 3116 1239 illa
3196 1178 3463 1258 corporis
3535 1176 3725 1238 nostri

354 1268 539 1333 Κύριος
597 1268 901 1328 ἀποδιδόναι
943 1272 1033 1328 καὶ
1073 1278 1150 1346 τῷ
1178 1271 1385 1348 σώματι
1431 1272 1498 1329 τὰ
1541 1272 1714 1329 οἰκεῖα
1741 1271 1984 1351 βρώματα

2080 1263 2403 1324 necessitas
2418 1272 2529 1325 est.
2558 1264 2732 1327 .luhet
2752 1265 2931 1345 igitur
2956 1268 3243 1329 Dominus
3268 1266 3525 1328 reddere
3549 1264 3723 1326 etiam

348 1358 438 1411 καὶ
492 1356 760 1435 ἀναγκαῖα
835 1359 1208 1434 σκεπάσματα,
1294 1361 1382 1417 καὶ
1463 1360 1530 1417 τὰ
1584 1367 1677 1418 τοῦ
1734 1360 1867 1417 Θεοῦ
1918 1361 1984 1436 τᾷ

2077 1351 2309 1430 corpori
2342 1371 2446 1413 sua
2476 1355 2832 1431 necessaria,
2859 1356 3025 1417 cibos
3054 1356 3280 1426 scilicet
3307 1373 3375 1417 ac
3404 1362 3636 1416 vestes:
3668 1362 3727 1415 et

344 1451 486 1518 Θεῷ,
548 1446 833 1525 ἀγρυπνίαν
912 1445 1269 1529 ἑνδεχομένην
1316 1450 1648 1529 προσευχήν,
1683 1450 1771 1507 καὶ
1799 1448 1984 1510 τᾶλλα.

2077 1438 2366 1529 quaeDei,
2401 1443 2550 1517 Deo,
2584 1461 2799 1524 nempe
2830 1443 3056 1523 vigilias
3105 1452 3351 1525 quantas
3382 1459 3721 1522 possumus,

360 333 482 400 625

351 1531 519 1593 Ἀλλὰ
576 1537 665 1593 καὶ
706 1543 784 1611 τῷ
824 1536 1073 1613 διαϐόλῳ,
1120 1541 1346 1617 Καίσαρι
1391 1539 1525 1615 ὅντι,
1584 1538 1874 1619 ἀπόῤῥιψον
1927 1540 1995 1597 τά

348 1623 476 1703 παρ’
536 1625 695 1685 αύτοῦ
761 1648 846 1684 σοι
903 1624 1135 1708 δοθέντα,
1192 1630 1378 1708 θυμὸν,
1461 1628 1738 1705 ἐπιθυμίαν
1793 1630 1987 1705 κακὴν,

347 1715 440 1769 καὶ
468 1714 533 1770 τὰ
559 1714 651 1772 τοῦ
680 1722 833 1792 Θεοῦ,
865 1717 1184 1796 προσένεγκε
1212 1722 1291 1791 τῷ
1318 1718 1456 1793 Θιῷ.

435 1825 459 1859 ε
501 1805 596 1863 Καὶ
653 1804 901 1885 ῐρχονται
960 1804 1307 1865 Σαδδουκαῖοι
1362 1810 1495 1888 πρὸς
1536 1810 1715 1882 αὐτὸν,
1767 1808 1822 1865 οἵ
1853 1830 1990 1872 τινες

346 1891 590 1971 λέγουσιν
647 1894 930 1953 ἀνάστασιν
1002 1896 1080 1971 μὴ
1137 1896 1306 1977 εἶναι,
1350 1898 1436 1955 καὶ
1482 1896 1835 1975 ἐπηρώτησαν
1890 1897 1991 1954 αύ-

344 1984 459 2062 τὸν,
492 1980 737 2062 λέγοντες
765 2001 783 2020 ⁶
842 1982 1161 2065 Διδάσκαλε,
1204 1990 1403 2053 Μωσῆς
1447 1985 1679 2065 ἔγραψεν
1722 1988 1858 2063 ἡμῖν
1910 1984 1991 2043 ὅτι

340 2070 435 2128 ὔάν
471 2093 614 2137 τινος
658 2070 881 2154 ἀδελφὸς
926 2072 1187 2153 ἀποθάνῃ,
1234 2076 1323 2131 καὶ
1350 2074 1618 2154 καταλίπῃ
1646 2088 1878 2153 γυναῖκα
1905 2082 1993 2137 καὶ

341 2158 502 2217 τέκνα
533 2160 613 2236 μὴ
642 2159 778 2241 ἀφῇ,
807 2160 900 2218 ἵνα
952 2159 1091 2238 λάϐῃ
1143 2165 1170 2219 6
1200 2160 1424 2244 ἀδελφὸς
1454 2166 1609 2223 αὐτοῦ
1638 2163 1737 2231 τὴν
1763 2176 1991 2243 γυναῖκα

340 2252 524 2333 αὐτοῦ,
588 2252 676 2307 καὶ
742 2249 1073 2329 ἰξαναστήσῃ
1134 2252 1345 2333 σπέρμα
1398 2259 1476 2328 τῷ
1542 2251 1753 2333 ἀδελφῷ
1808 2254 1987 2316 αὐτοῦ,

344 2329 514 2396 Ἐπτά
568 2337 781 2421 ἀδελφοὶ
830 2339 991 2422 ἦσαν,
1046 2343 1133 2398 κ·ιὶ
1176 2344 1204 2398 6
1239 2329 1467 2421 ’πρῶτος
1528 2329 1694 2399 ἔλαϐεν
1738 2355 1986 2421 γυναῖκα,

344 2429 432 2483 καὶ
482 2428 858 2504 ἀποθνήσκων,
916 2431 1011 2487 οὐκ
1066 2430 1239 2511 ἀφῆκε
1297 2432 1528 2511 σπέρμα,
1561 2432 1650 2488 καὶ
1678 2432 1707 2487 ὸ
1750 2430 1989 2508 δεύτερος

342 2514 529 2572 ἔλαϐεν
584 2518 748 2585 αὐτὴν
832 2520 920 2575 καὶ
974 2518 1223 2600 ἀπέθανε,
1282 2522 1368 2577 καὶ
1426 2519 1542 2577 ούδὶ
1611 2521 1769 2584 αὐτὸς
1815 2520 1989 2601 ἀφῆκε

344 2605 576 2684 σπέρμα,
636 2607 724 2663 καὶ
766 2608 794 2663 6
835 2606 1010 2686 τρίτος
1068 2609 1345 2685 ὡσαύτως,
1405 2611 1493 2667 καὶ
1523 2607 1711 2667 ἔλαϐον
1739 2610 1902 2678 αὐτὴν
1942 2610 1989 2667 οἱ

338 2695 497 2773 ἐπτά,
555 2696 643 2750 καὶ
698 2695 794 2752 ούκ
846 2695 1060 2777 ἀφῆκαν
1104 2697 1337 2777 σπέρμα.
1391 2696 1638 2778 Ἐσχάτη
1694 2696 1748 2755 δὲ
1774 2698 1989 2757 πάντων

337 2783 563 2840 ἀπέθανε
607 2785 696 2841 καὶ
752 2786 786 2853 ἡ
857 2786 1014 2862 γυνή.
1086 2784 1178 2844 Ἐν
1232 2792 1301 2864 τῇ
1357 2787 1444 2845 οὖν
1502 2787 1785 2845 ἀναστάσει
1861 2786 1986 2846 ὅταν

337 2872 628 2948 ἀναστῶσι,
681 2873 823 2938 τίνος
894 2877 1066 2933 αύτῶν
1122 2874 1271 2932 ἔσται
1349 2877 1528 2954 γυνή;
1594 2879 1640 2934 οἱ
1696 2877 1796 2956 γὰρ
1852 2877 1987 2934 ἑπτὰ

2078 1527 2398 1602 orationes,
2450 1538 2563 1592 etc.
2618 1531 2736 1594 Sed
2798 1540 2855 1593 et
2911 1532 3167 1607 diabolo,
3221 1532 3320 1613 qui
3376 1534 3570 1594 Caesar
3610 1539 3719 1605 est,

2078 1613 2269 1694 objice
2302 1636 2433 1698 qua
2478 1618 2581 1679 tibi
2631 1620 2704 1681 ab
2743 1620 2845 1682 illo
2878 1620 3012 1682 data
3044 1641 3057 1678 :
3104 1620 3275 1699 iram,
3309 1621 3446 1681 257
3491 1636 3720 1680 concu—

2078 1702 2428 1783 piscentiam
2452 1708 2668 1785 malam
2700 1729 2714 1768 :
2748 1719 2807 1769 et
2831 1728 2962 1788 quae
2992 1710 3100 1771 Dei
3132 1720 3288 1783 sunt,
3322 1709 3471 1769 otl‘er
3490 1708 3635 1769 Deo.

2162 1794 2344 1856 Vens.
2384 1794 2584 1857 18-27.
2624 1822 2650 1851 α
2685 1796 2755 1857 Ει
2784 1798 3025 1858 veniunt
3072 1796 3380 1859 Sadduczei
3424 1797 3497 1858 ad
3546 1796 3715 1856 illum

2076 1881 2175 1962 qui
2207 1883 2412 1944 dicunt
2440 1903 2560 1946 non
2592 1904 2722 1948 esse
2743 1887 3266 1966 resurrectionem,
3321 1886 3717 1963 interrogave-

2076 1980 2331 2051 runtque
2356 1989 2491 2033 eum
2523 1973 2791 2036 dicentes
2823 1995 2835 2036 :
2872 1977 3231 2056 Praeceptor,
3263 1976 3458 2037 Moses
3485 1972 3719 2053 scripsit

2076 2058 2285 2121 nobis:
2321 2058 2379 2122 Si
2411 2063 2580 2142 cujus
2610 2064 2788 2126 frater
2820 2064 3125 2141 moriatur,
3153 2083 3221 2125 ac
3243 2064 3541 2144 relinquat
3564 2080 3715 2124 uxo-

2074 2166 2229 2229 rem,
2255 2157 2310 2210 et
2333 2149 2554 2213 liberos
2578 2171 2696 2213 non
2717 2153 3111 2234 relinquat,ut
3126 2152 3376 2233 accipiat
3390 2152 3570 2213 frater
3585 2152 3718 2230 ejus

2075 2256 2317 2299 uxorem
2344 2239 2523 2315 illius,
2549 2248 2607 2303 et
2628 2242 2876 2303 suscitet
2897 2261 3107 2304 semen
3126 2242 3291 2303 fratri
3315 2260 3442 2303 suo.
3476 2243 3715 2321 Septem

2072 2326 2283 2388 fratres
2312 2327 2569 2405 fuerunt,
2603 2349 2671 2392 ac
2703 2332 2927 2411 primus
2971 2331 3201 2411 accepit
3248 2350 3515 2404 uxorem,
3550 2330 3718 2411 isque

2074 2417 2340 2478 moriens
2372 2437 2490 2479 non
2519 2419 2761 2500 reliquit
2790 2438 2997 2481 semen
3025 2441 3039 2481 :
3075 2429 3131 2481 et
3162 2420 3461 2481 secundus
3489 2418 3719 2500 accepit

2070 2505 2255 2582 illam,
2290 2526 2357 2569 ac
2390 2517 2658 2570 mortuus
2688 2518 2799 2590 est,
2825 2519 2882 2571 et
2913 2528 3023 2572 nec
3055 2510 3181 2589 ipse
3204 2510 3445 2589 reliquit
3472 2525 3711 2570 semen:

2070 2602 2128 2655 et
2150 2596 2356 2658 tertius
2378 2598 2665 2659 similiter.
2701 2608 2757 2659 et
2785 2606 3142 2677 acceperunt
3166 2616 3294 2659 eam
3321 2604 3576 2677 septem,
3605 2614 3716 2656 nec

2068 2683 2441 2765 reliquerunt
2456 2704 2687 2759 semen;
2714 2696 3013 2766 postremo
3038 2704 3173 2747 vero
3188 2685 3453 2745 omnium
3484 2691 3714 2745 mortua

2070 2782 2158 2833 est
2188 2783 2245 2834 et
2277 2792 2448 2845 uxor;
2471 2774 2531 2834 in
2557 2774 2991 2836 resurrectione
3012 2775 3349 2854 igitur,cuin
3376 2790 3718 2833 resurrexe-

2067 2861 2383 2941 rint,cujus
2402 2862 2633 2923 illorum
2656 2864 2768 2923 erit
2788 2861 3112 2925 uxor?Nam
3127 2870 3356 2942 septem
3381 2860 3716 2922 habuerunt

335 2956 497 3038 ἶσχον
556 2959 720 3029 αὐτὴν
752 2973 1006 3039 γυναῖκα.
1043 2964 1140 3021 Καὶ
1182 2953 1477 3043 ἀποκριθεὶς
1510 2966 1538 3020 6
1568 2953 1800 3044 Ἰησοῦς,
1833 2977 1984 3021 εῖπεν

2068 2971 2198 3013 eam
2232 2972 2498 3015 uxorem.
2535 2955 2609 3016 Et
2649 2954 3022 3035 respondens
3062 2956 3256 3028 Jesus,
3292 2953 3435 3014 dixit
3462 2954 3587 3015 eis:
3622 2956 3714 3015 An

338 3035 525 3111 αύτοῖς
558 3065 578 3085 ·
611 3049 670 3105 ού
700 3035 785 3106 διά
814 3056 968 3108 τοῦτο
1000 3049 1266 3133 πλανᾶσθε
1296 3035 1374 3129 μὴ
1403 3051 1597 3119 εἰδότες
1626 3054 1721 3119 τὰς
1750 3035 1981 3133 Γραφὰς,

2070 3060 2188 3103 non
2217 3051 2532 3122 propterea
2561 3044 2790 3116 erratis,
2825 3043 2981 3124 quod
3034 3043 3312 3105 nesciatis
3352 3042 3710 3123 Scripturas,
3795 3075 3802 3081 -

336 3133 473 3210 μηδὲ
515 3136 614 3203 τὴν
656 3135 871 3212 δύναμιν
901 3138 994 3195 τοῦ
1024 3146 1188 3214 Θεοῦ;
1224 3130 1395 3205 ’⁸οταν
1428 3142 1527 3221 γὰρ
1552 3140 1611 3198 ἐκ
1636 3130 1837 3221 νεκρῶν
1862 3130 1987 3199 ἀνα-

342 3225 558 3300 στῶσιν,
619 3227 736 3284 οὔτε
796 3249 1053 3305 γαμουσιν
1096 3227 1214 3287 οὔτε
1257 3230 1627 3308 γαμίσκονται.
1680 3229 1831 3288 Ἀλλ’
1862 3232 1987 3288 εἰσὶν

340 3316 415 3378 ὣς
458 3312 676 3392 ἄγγελοι
720 3318 765 3371 οἱ
821 3316 877 3373 ἐν
932 3330 1051 3382 τοῖς
1095 3319 1362 3397 οὐρανοῖς.
1398 3320 1520 3399 Περὶ
1562 3317 1617 3375 δὲ
1658 3326 1764 3376 τῶν
1790 3325 1986 3399 νεκρῶν

341 3404 423 3460 ὅτι
482 3403 789 3483 ἕγείρονται,
853 3408 947 3464 οὒκ
999 3406 1262 3486 ἀνέγνωτε
1318 3408 1373 3465 ἐν
1415 3415 1485 3485 τῇ
1528 3406 1695 3486 βίϐλῳ
1723 3409 1980 3491 Μωσέως,

340 3492 425 3549 ίπὶ
456 3497 555 3560 τῆς
610 3494 770 3569 βάτου
826 3496 901 3560 ὡς
945 3496 1102 3553 εἶπεν
1149 3497 1292 3570 αύτῷ
1320 3497 1349 3553 6
1376 3498 1505 3561 Θεὸς
1529 3496 1700 3576 λέγων
1731 3514 1747 3530 ⁸
1785 3498 1928 3576 Ἐγὼ
1956 3501 1984 3555 6

336 3582 465 3644 Θεὸς
525 3578 793 3663 Ἀϐραὰμ,
851 3586 939 3640 καὶ
994 3587 1023 3641 6
1081 3586 1210 3648 Θεὸς
1264 3582 1469 3665 Ἰσαὰκ,
1528 3587 1617 3643 καὶ
1645 3588 1673 3642 6
1704 3586 1835 3649 Θεὸς
1866 3585 1982 3644 Ἰα-

334 3666 449 3754 κώϐ
474 3688 490 3743 ;
518 3668 625 3727 Οὐκ
668 3670 808 3728 ἔστιν
863 3674 891 3728 6
952 3674 1082 3738 Θεὸς
1140 3673 1361 3754 νεκρῶν,
1406 3672 1544 3730 ἀλλὰ
1586 3675 1714 3738 Θεὸς
1743 3675 1977 3747 ζώντων,

336 3749 524 3832 ’Υμεῖς
584 3759 673 3816 οὗν
731 3759 867 3818 πολὺ
927 3749 1279 3821 πλανᾶσθεξε
1342 3749 1558 3841 Αἵρεσις
1615 3760 1903 3838 Ἰουδαίων,
1936 3766 1982 3822 οἱ

331 3846 710 3925 Σαδδουκαῖοι,
769 3849 1017 3929 λέγοντες
1060 3855 1139 3929 μὴ
1183 3856 1343 3926 εἶναιῖ
1366 3852 1674 3927 ἀνάστασιν,
1706 3855 1846 3929 μήτε
1875 3853 1979 3933 ἄγ-

330 3936 514 4019 γελον,
546 3939 682 4014 μήτε
726 3947 956 4016 πνεῦμα,
1003 3940 1249 4020 Πλαγίως
1305 3939 1359 3997 δὶ
1416 3943 1491 4006 ὡς
1545 3939 1711 4000 δόλιοι
1744 3943 1980 4022 προσελ-

2071 3150 2265 3212 neque
2298 3133 2570 3194 virtutem
2616 3132 2774 3196 Dei?
2809 3132 2951 3195 Cum
2985 3134 3142 3195 enim
3182 3152 3215 3193 ε
3247 3133 3492 3193 mortuis
3522 3150 3716 3192 resur-

2068 3221 2351 3298 rexerint,
2388 3240 2581 3303 neque
2618 3224 2973 3285 contrahunt
3017 3222 3482 3296 matrimonium,
3520 3239 3712 3301 neque

2069 3320 2317 3392 nuptum
2344 3312 2562 3375 dantur
2588 3333 2602 3373 :
2636 3312 2740 3373 sed
2763 3321 2901 3374 sunt
2922 3313 3079 3375 velut
3099 3312 3293 3391 angeli
3314 3312 3413 3394 qui
3434 3315 3491 3372 in
3516 3310 3706 3374 cmlis.

2068 3399 2360 3462 Caeterum
2394 3402 2468 3463 de
2502 3402 2747 3463 mortuis
2777 3402 2934 3483 quod
2977 3404 3429 3474 resuscitantur,
3465 3420 3584 3462 non
3619 3401 3709 3461 le-

2065 3489 2234 3568 gistis
2255 3490 2315 3550 in
2339 3490 2495 3552 libro
2519 3490 2688 3572 Mosi,
2710 3491 3005 3573 quomodo
3030 3492 3089 3551 in
3113 3491 3265 3554 rubo
3283 3493 3515 3554 locutus
3528 3491 3604 3554 sit
3628 3490 3710 3552 illi

2064 3578 2245 3655 Deus,
2275 3579 2481 3641 dicens
2523 3601 2535 3637 :
2591 3584 2711 3659 Ego
2746 3580 2845 3642 ille
2897 3583 3052 3643 Deus
3098 3580 3417 3656 Abraham,
3463 3589 3519 3642 et
3554 3581 3710 3642 Deus

2063 3666 2248 3741 Isaac,
2284 3678 2340 3730 et
2369 3667 2525 3731 Deus
2569 3668 2801 3731 Jacob?
2845 3670 2975 3732 Non
3009 3678 3095 3731 est
3124 3669 3281 3731 Deus
3312 3678 3705 3746 mortuorum,

2063 3758 2167 3818 sed
2198 3760 2353 3821 Deus
2380 3758 2721 3819 viventium.
2758 3759 2875 3819 Vos
2904 3757 3085 3837 igitur
3116 3758 3364 3820 multum
3400 3758 3633 3820 erratis.
3678 3784 3701 3816 υ

2063 3844 2339 3909 Haeretici
2374 3849 2529 3929 apud
2560 3846 2799 3911 Judzeos
2841 3857 3009 3910 erant
3055 3846 3386 3925 Sadducazi,
3435 3848 3709 3910 dicentes

2064 3954 2181 3998 non
2215 3955 2346 4002 esse
2390 3940 2917 4019 resurrectionem,
2954 3958 3143 4020 neque
3176 3946 3477 4018 angelum,
3512 3958 3706 4022 neque

326 4027 507 4092 θόντες
554 4026 843 4090 πλάττουσι
900 4030 996 4097 τὴν
1071 4029 1321 4109 διήγησιν
1383 4030 1602 4107 ταύτην,
1654 4028 1737 4087 διὰ
1778 4032 1977 4100 ταύτης

2068 4025 2620 4108 spiritum.0blique
2646 4036 2867 4108 autem,
2889 4038 2951 4089 ut
2979 4028 3192 4103 dolosi,
3226 4028 3709 4108 agressi,fmgunt

329 4113 488 4182 δῆθεν
542 4116 923 4197 ἀνατρέποντες
998 4119 1099 4186 τὴν
1166 4120 1473 4195 ἀνάστασιν,
1547 4122 1792 4178 ὑπόθεσιν
1837 4122 1973 4201 ὑφά-

2068 4116 2463 4178 narrationem
2483 4118 2795 4197 quamdam
2812 4136 2927 4197 qua
2942 4117 3231 4179 subvertai
3245 4118 3704 4191 urresurrectio,

332 4226 513 4271 ναντες
548 4206 839 4290 Δμηδέποτε
909 4210 1227 4290 γενομένην,
1280 4208 1416 4285 μηδὲ
1468 4208 1607 4276 ἵσως
1660 4214 1974 4289 γενησομη-

2068 4212 2336 4266 contexto
2367 4215 2714 4285 argumento
2737 4214 2893 4286 quod
2927 4226 3225 4287 nunquam
3260 4209 3474 4287 evenit,
3509 4226 3707 4288 neque

332 4317 453 4361 νην.
546 4286 714 4353 Ἐπτά
802 4295 857 4353 δὶ
924 4286 1223 4355 συντιθέασι
1296 4301 1417 4363 τοὺς
1485 4286 1829 4377 γαμήσαντας
1864 4286 1982 4369 τὴν

2068 4291 2214 4353 forte
2246 4294 2498 4355 eveniet.
2523 4291 2763 4374 Septem
2786 4303 2981 4355 autem
3006 4286 3231 4373 fingunt
3260 4296 3359 4374 qui
3392 4286 3567 4355 unam
3598 4286 3705 4355 du-

331 4358 582 4465 γυναῖκα,
627 4385 720 4443 ἵνα
779 4385 987 4462 μᾶλλον
1045 4385 1326 4466 διασύρωσι
1398 4358 1511 4456 τὴνΙ
1552 4358 1861 4451 ἀνάστασιν.
1920 4358 1977 4449 ’Θ

2068 4390 2205 4443 cunt
2227 4358 2623 4463 uxorem,qud
2633 4384 2817 4462 magis
2831 4358 3328 4445 resurrectionem
3342 4385 3699 4465 discerpant.

330 4474 419 4530 οὖν
479 4476 691 4555 Κύριος,
747 4474 931 4545 ἕπειδὴ
1010 4475 1401 4556 προεϐάλλοντο
1477 4477 1673 4535 ἰκεῖνοι
1744 4478 1980 4544 Μωσέως

331 4561 514 4641 νόμον,
578 4561 833 4621 δείκνυσιν
913 4566 1103 4629 αὐτοὺς
1176 4566 1490 4645 ἀγνοοῦντας
1560 4567 1654 4631 τὰς
1718 4568 1926 4647 Γραφάς
1960 4582 1975 4598 ⁸

333 4650 405 4736 ρῦ
435 4665 609 4709 νοεῖτε
653 4654 777 4733 γὰρ,
809 4656 964 4733 φησὶ,
1013 4654 1171 4712 ποίαν
1218 4655 1502 4715 ἀνάστασιν
1531 4657 1565 4724 ἡ
1597 4656 1780 4736 Γραφὴ
1809 4654 1977 4735 λέγει,

339 4728 529 4814 ’Υμεῖς
562 4728 676 4820 γὰρ*
707 4728 913 4800 δοκεῖτε
972 4742 1053 4800 ὅτι
1083 4742 1242 4801 πάλιν
1272 4744 1492 4811 τοιαύτη
1521 4728 1841 4808 κατάστασις
1871 4728 1984 4803 σω-

335 4829 673 4904 ματικωτέρα
714 4829 900 4904 μέλλει
957 4832 1127 4908 εἶναι,
1186 4832 1282 4891 οὒκ
1338 4831 1443 4889 ἔστι
1484 4831 1562 4897 δέ,
1595 4832 1745 4893 Οὕτω
1770 4835 1869 4909 μὲν
1895 4834 1984 4891 οὖν

334 4915 577 4994 ἀγνοεῖτε
649 4924 749 4987 τῆς
810 4920 1018 5000 Γραφῆς
1101 4921 1201 4988 τὴν
1260 4919 1486 4997 ἔννοιαν,
1541 4920 1679 4979 ἀλλά
1731 4924 1818 4979 καὶ
1883 4922 1984 4991 τὴν

338 5002 554 5081 δύναμιν
612 5016 703 5065 τοῦ
782 5008 916 5066 Θεοῦ
982 5010 1228 5090 ἀγνοεῖτε
1261 5025 1275 5039 ⁸
1342 5011 1496 5086 ὑμεῖς
1557 5010 1655 5086 μὲν
1697 5011 1796 5090 γὰρ
1845 5011 1980 5075 ’ἴσως

336 5092 667 5153 ἀποϐλέπετε
739 5099 871 5177 πρὸς
929 5100 991 5155 τὸ
1046 5097 1288 5180 χαλεπὸν
1343 5109 1437 5159 τοῦ
1489 5098 1822 5181 πράγματος,
1895 5101 1983 5157 καὶ

333 5181 416 5238 διὰ
467 5192 623 5243 τοῦτο
673 5184 1014 5263 ἱξαπορεῖσθε
1058 5194 1172 5255 πῶς
1212 5186 1524 5260 δυνήσονται
1567 5190 1633 5245 τὰ
1680 5188 1982 5247 διαλυθέντα

331 5272 552 5348 σώματα
611 5274 883 5334 συνελθεῖν
936 5288 1059 5342 ταῖς
1115 5281 1349 5358 ψυχαῖς,
1410 5284 1488 5356 Τῇ
1534 5276 1588 5334 δὲ
1631 5275 1845 5354 δυνάμει
1888 5288 1982 5338 τοῦ

330 5369 460 5420 Θεοῦ
502 5372 574 5430 ὡς
617 5361 764 5424 οὐδέν
806 5364 916 5423 ἔστι
945 5365 1125 5429 τοῦτο.
1180 5365 1389 5426 ’Ἔσται
1420 5368 1507 5425 οὖν
1538 5367 1844 5439 ἀνάστασις,
1892 5369 1981 5425 καὶ

326 5452 383 5507 03
440 5454 753 5533 σωματικὴ,
827 5454 967 5512 ἀλλά
1037 5456 1273 5537 θειοτέρα
1337 5478 1419 5520 τις
1490 5457 1811 5520 κατάστασις
1867 5458 1981 5534 βίου

329 5544 418 5596 καὶ
476 5541 765 5621 ἀγγελική.
812 5540 1030 5613 Ἐπειδὴ
1088 5546 1187 5626 γὰρ
1243 5548 1304 5604 οὒ
1352 5545 1620 5624 μέλλομεν
1662 5547 1977 5626 φθείρεσθαι,

326 5628 445 5685 ἀλλ’
498 5634 543 5687 οἱ
588 5632 733 5690 αὐτοὶ
787 5632 989 5716 μένειν,
1053 5631 1137 5691 διὰ
1192 5642 1346 5695 τοῦτο
1378 5638 1463 5693 καὶ
1494 5638 1522 5693 6
1550 5636 1721 5716 γάμος
1760 5636 1974 5715 ἀναιρε-

2066 4472 2249 4551 Igitur
2280 4472 2417 4553 quia
2453 4475 2852 4552 praetexebant
2892 4473 2975 4534 illi
3008 4473 3200 4551 legem
3240 4476 3415 4550 Mosi,
3449 4475 3708 4536 ostendit

2066 4579 2167 4622 eos
2184 4560 2472 4622 Dominus
2494 4560 2727 4640 ignaros
2757 4562 3221 4643 Scripturarum.
3254 4562 3381 4624 Non
3415 4564 3573 4624 enim
3606 4564 3701 4624 in-

2065 4650 2345 4731 telligitis,
2382 4651 2594 4731 inquit,
2647 4650 2721 4713 de
2754 4670 2869 4732 qua
2917 4653 3357 4714 resurrectione
3404 4652 3707 4733 Scriptura

2068 4739 2366 4821 loquatur.
2404 4742 2518 4801 Vos
2548 4740 2704 4801 enim
2737 4741 3065 4821 opinamini
3092 4742 3246 4823 quod
3270 4743 3488 4805 iterum
3523 4751 3704 4805 status

2072 4830 2199 4891 talis
2231 4830 2412 4909 magis
2442 4829 2768 4909 corporalis
2798 4830 2873 4890 sit
2913 4831 3183 4893 futurus:
3214 4841 3270 4892 at
3300 4852 3419 4893 non
3450 4834 3533 4894 sic
3566 4833 3701 4894 erit.

2068 4918 2268 5001 Itaque
2299 4919 2584 4999 ignoratis
2624 4917 2944 4999 Scriptura:
2989 4931 3249 4981 mentem
3282 4941 3294 4980 :
3334 4922 3437 4983 sed
3494 4932 3551 4985 et
3597 4925 3705 4988 Dei

2066 5010 2337 5070 virtutem
2383 5008 2686 5089 ignoratis.
2719 5008 3033 5071 Enimvero
3062 5030 3162 5071 vos
3191 5011 3262 5071 ad
3295 5012 3700 5076 difﬁcultatem

2063 5098 2149 5158 rei
2211 5098 2459 5159 fortasse
2508 5098 2826 5178 respicitis,
2866 5107 2924 5159 et
2984 5107 3295 5179 propterea
3351 5101 3706 5165 addubitatis

2063 5187 2364 5266 quomodo
2427 5196 2709 5269 poterunt
2757 5188 3041 5249 dissoluta
3088 5207 3337 5270 corpora
3383 5191 3582 5253 redire
3630 5194 3701 5254 ad

2063 5276 2471 5359 animam.Sed
2492 5275 2687 5359 virtuti
2713 5276 2927 5339 divina:
2953 5277 3063 5337 hoc
3079 5280 3247 5359 quasi
3270 5280 3417 5342 nihil
3442 5282 3705 5345 erit.Erit

2068 5356 2249 5435 igitur
2276 5356 2662 5436 resurrectio,
2695 5366 2751 5417 ct
2780 5376 2897 5418 non
2945 5356 3288 5437 corporalis,
3317 5361 3421 5422 sed
3451 5362 3707 5423 divinior

2064 5446 2301 5528 quidam
2326 5445 2459 5507 vitae
2475 5454 2680 5520 status,
2700 5446 3008 5525 angelicus
3032 5447 3326 5511 videlicet.
3348 5449 3702 5533 lncurrupti-

2064 5536 2214 5598 biles
2236 5533 2392 5594 enim
2428 5536 2671 5607 erimus,
2702 5545 2756 5596 et
2787 5534 2968 5596 iidem
2998 5536 3098 5616 qui
3129 5554 3334 5601 sumus
3368 5550 3699 5622 manentes,

2062 5632 2494 5708 proptereaque
2522 5622 2804 5685 tollentur
2834 5624 3009 5687 etiam
3058 5627 3299 5708 nuptiae.
3346 5629 3515 5694 Nunc
3546 5632 3702 5694 enim
