4162 6228
400 299 519 367 629

1104 305 1551 377 ENARRATIO
1591 310 1676 376 IN
1720 310 2230 376 EVANGELIUM
2275 311 2535 373 MARCI.
2582 340 2661 369 —.-
2702 310 2867 373 CAP.
2913 309 3050 373 XII.

3659 308 3780 377 630

395 440 792 517 κατηγορήσειν
844 441 1005 500 αὺτοῦ
1061 444 1135 509 ὥς
1193 443 1457 503 ἀντιθέτου
1521 450 1597 519 τῷ
1653 441 1821 521 νόμῳ.
1894 442 2010 503 Ἀλλ

2095 439 2275 519 λιεςὶε
2321 438 2714 502 adversarius.
2750 440 2970 501 Verum
3016 438 3303 503 Dominus
3351 440 3674 505 ostendens
3716 443 3774 506 ei

393 526 639 615 6‘iidptoc
670 526 915 588 δεικνύων
950 532 1091 607 αὖτῷ
1129 530 1209 590 ὅτι
1240 532 1346 589 ἀπὸ
1375 540 1469 590 τοῦ
1500 535 1576 610 μὴ
1604 532 1755 614 ἔχειν
1798 533 2036 615 ἀγάπην,

388 612 529 703 ἀλλά
576 623 654 690 τῷ
708 619 882 698 φθόνῳ
938 622 1215 702 τήκεσθαι,
1261 623 1479 703 ἔρχεται
1552 612 1673 679 ἐπὶη
1703 624 1771 679 τὰ
1825 612 2041 679 τοιαῦτα

390 702 737 783 ἱρωτήματα,
778 711 935 789 φησὶν
984 709 1134 792 (81),
1196 710 1274 769 ὅτι
1317 702 1504 793 πρώτη
1546 714 1634 771 καὶ
1688 711 1898 791 μεγάλη
1950 713 2037 769 ἐν-

390 797 554 878 τολὴ,
612 799 673 855 τὸ
723 798 933 877 ἀγαπᾷν
998 801 1089 857 τὸν
1160 803 1313 882 Θεὸν,
1375 799 1587 880 δευτέρα
1654 799 1709 857 δὲ
1752 802 1932 881 ὁμοία,
1978 804 2038 859 τὸ

391 887 604 965 ἀγαπᾷν
668 888 758 945 τὸν
816 886 1065 957 πλησίον.
1129 896 1248 955 Πῶς
1332 890 1388 947 δὲ
1466 890 1671 967 ὁμοία;
1751 891 1894 949 Διότι
1949 890 2036 947 ὑπ’

388 975 643 1047 ἀλλήλων
685 977 1115 1057 συγκρατοῦνται,
1179 971 1236 1039 ιΟ
1311 981 1413 1060 γάρ
1468 980 1691 1060 ἀγαπῶν
1731 981 1824 1037 τὸν
1880 982 2032 1052 Θεὸν,

386 1066 573 1144 ἀγαπᾷ
620 1068 708 1124 καὶ
763 1070 826 1125 τὸ
902 1068 1111 1146 ποίημα
1178 1073 1336 1129 αὐτοῦ
1368 1085 1383 1100 ⁸
1453 1070 1775 1127 οἰκειότατον
1824 1068 1880 1126 δὲ
1929 1076 2036 1125 τῶν

388 1157 730 1236 ποιημάτων,
792 1158 820 1213 6
863 1156 1158 1236 ἅνθρωπος,
1212 1158 1349 1216 ὥστε
1403 1161 1432 1216 6
1479 1158 1700 1237 ἀγαπῶν
1741 1160 1834 1215 τὸν
1876 1162 2027 1233 Θεὸν,

383 1243 654 1323 ἀγαπήσει
711 1246 797 1302 καὶ
875 1246 1075 1310 πάντας
1152 1247 1477 1328 ἀνθρώπους,
1537 1248 1566 1304 ὃ
1622 1269 1679 1304 τε
1733 1250 1824 1305 τὸν
1880 1246 2029 1316 πλη-

384 1334 501 1390 σίον
555 1333 805 1414 ἀγαπῶν,
873 1334 1061 1410 πολλῷ
1141 1335 1349 1413 μᾶλλον
1421 1338 1515 1394 τὸν
1589 1335 1719 1393 Θεόν
1804 1338 1863 1395 Εἰ
1930 1340 2028 1416 γὰρ

381 1420 686 1502 ἀνθρώποκ
742 1423 946 1501 ἀγαπᾷ,
1009 1426 1131 1489 τοὺς
1196 1424 1456 1491 πολλάκις
1500 1426 1747 1506 ἀφορμὴν
1791 1424 2023 1482 σκανδά-

381 1509 493 1568 λων
534 1513 621 1569 καὶ
681 1514 860 1587 μίσους
902 1513 1259 1595 παρέχοντας,
1316 1514 1501 1588 πολλῷ
1531 1514 1733 1591 μᾶλλον
1764 1516 1855 1571 τὸν
1900 1518 2030 1571 Θεὸν

381 1601 475 1657 τὸν
530 1601 612 1657 ἀεὶ
643 1601 1035 1681 εὐεργετοῦντα.
1066 1593 1296 1662 ἡ⁹Ἀκουε
1338 1603 1392 1661 δὲ
1432 1607 1520 1662 καὶ
1561 1612 1653 1661 του
1680 1602 1874 1681 Κυρίου
1907 1620 1921 1635 ⁸
1972 1595 2028 1663 Ὀ

379 1689 605 1766 ἀγαπῶν
663 1712 753 1771 με,
825 1692 921 1757 τάς
995 1691 1210 1757 ἐντολάς
1269 1716 1369 1770 μου
1424 1694 1671 1773 τηρήσει,
1738 1681 1890 1771 Ὀρᾷς
1950 1692 2028 1750 ὅτι

2124 528 2280 610 quod
2294 528 2646 591 charitatem
2661 528 2769 589 sim
2779 527 3011 609 pliciter
3032 548 3153 591 non
3174 528 3388 593 habeat
3399 530 3527 611 ,sed
3550 531 3775 593 invidia

2122 627 2433 697 corruptus
2484 618 2743 680 venisset
2790 617 2860 679 ad
2919 620 3047 679 haec
3096 618 3537 698 interroganda,
3572 619 3766 683 dicit:

2122 706 2390 770 Primum
2410 716 2468 770 et
2487 726 2760 786 magnum
2786 707 3128 770 mandatum
3145 713 3261 784 est,
3279 708 3528 788 diligere
3551 708 3764 785 Deum,

2121 806 2179 860 et
2200 797 2525 858 secundum
2544 796 2737 858 simile
2764 796 3770 878 (a),diligereproximum.Quomo-

2120 888 2193 950 do
2218 897 2416 950 autem
2451 886 2694 950 simile?
2721 888 2807 950 Eo
2830 888 2987 968 quod
3011 886 3185 949 simul
3216 888 3373 950 inter
3400 906 3465 949 se
3495 907 3766 952 connexa

2117 983 2278 1041 sunt.
2304 978 2413 1051 Qui
2445 977 2604 1039 enim
2629 976 2820 1057 diligit
2848 979 3035 1040 Deum
3055 976 3137 1053 93,
3174 975 3365 1057 diligit
3391 983 3452 1049 et
3477 976 3763 1041 facturam

2118 1067 2266 1147 ejus.
2304 1068 2492 1130 Homo
2525 1076 2720 1128 autem
2765 1067 3017 1128 maxime
3061 1067 3300 1148 propria
3350 1066 3576 1129 factura
3621 1070 3761 1130 239

2115 1156 2219 1220 Dei
2258 1175 2271 1219 :
2319 1166 2378 1220 et
2421 1159 2499 1219 ita
2528 1156 2629 1237 qui
2660 1155 2851 1235 diligit
2880 1155 3322 1236 Deum,diliget
3352 1154 3533 1219 etiam
3551 1174 3762 1219 omnes

2112 1246 2423 1309 homines:
2459 1258 2515 1308 ct
2545 1246 2685 1307 dum
2720 1246 3052 1326 proximum
3102 1244 3314 1323 diligit,
3352 1244 3538 1307 multo
3569 1246 3759 1325 magis

2113 1339 2296 1400 Deum
2320 1336 2529 1413 diligit.
2564 1334 2709 1396 Nam
2742 1336 2790 1395 si
2834 1336 3109 1397 homines
3148 1334 3365 1415 diligit,
3399 1334 3504 1417 qui
3535 1335 3755 1397 multas

2112 1445 2269 1507 saepe
2282 1426 2697 1488 scaudalorum
2718 1426 3060 1486 occasiones
3081 1434 3140 1489 et
3162 1425 3297 1487 odia
3316 1424 3758 1505 fovent,quanto

2116 1516 2299 1592 magis
2328 1516 2534 1579 Deum.
2571 1514 2673 1594 qui
2705 1533 2948 1594 semper
2978 1514 3315 1577 benefacit?
3356 1514 3510 1576 Audi
3552 1520 3753 1576 autem

2111 1604 2427 1666 Dominum
2462 1625 2475 1667 :
2509 1603 2621 1677 Qui
2661 1601 2851 1681 diligit
2904 1622 3021 1679 me,
3058 1603 3333 1665 mandata
3383 1621 3516 1665 mea
3544 1619 3755 1664 serva-

2112 1693 2294 1758 bit96.
2330 1694 2512 1757 Vides
2544 1712 2651 1754 nos
2676 1692 2979 1771 diligendo
3000 1692 3187 1755 Deum
3210 1711 3448 1756 servare
3480 1691 3754 1753 mandata

379 1775 487 1833 ἀπὸ
544 1785 636 1835 τοῦ
706 1779 916 1858 ἀγαπᾷν
988 1782 1077 1838 τὸν
1138 1784 1269 1839 Θεὸν
1325 1784 1587 1860 τηροῦμεν
1643 1781 1738 1844 τάς
1810 1780 2010 1838 ἐντολὰς

2112 1783 2536 1863 ejus.Mandata
2557 1783 2607 1861 ej
2619 1800 2684 1843 ns
2697 1782 2897 1842 omnia
2920 1781 2992 1843 de
3015 1800 3217 1845 amore
3248 1790 3448 1843 mutuo
3473 1788 3749 1842 tractant.

379 1863 562 1944 αὗτοῦ,
610 1870 663 1923 αί
718 1866 774 1925 δὲ
817 1868 1021 1927 ἐντολαὶ
1064 1874 1222 1930 αὐτοῦ
1276 1878 1441 1929 πᾶσαι
1483 1872 1601 1951 περὶ
1646 1877 1745 1939 τῆς
1802 1872 1876 1934 εἷς
1922 1870 2023 1926 ἀλ-

2108 1873 2176 1934 Εῑ
2197 1874 2434 1953 iterum,
2465 1874 2529 1935 In
2562 1873 2672 1934 hoc
2695 1872 2887 1932 scient
2918 1889 3129 1932 omnes
3146 1870 3305 1951 quod
3332 1870 3449 1933 mei
3471 1869 3750 1950 discipuli

379 1952 575 2025 λήλους
633 1965 862 2038 στοργῆς
909 1959 1341 2038 διαλαμϐάνουσι.
1376 1961 1482 2025 Καὶ
1510 1962 1699 2041 πάλιν,
1732 1960 1822 2019 Ἐν
1853 1963 2010 2036 τούτῳ

2105 1963 2270 2037 estis,
2301 1964 2347 2023 si
2372 1962 2613 2041 diligitis
2639 1979 2741 2022 vos
2764 1961 3036 2023 invicem.
3062 1959 3243 2024 Vides
3261 1960 3477 2023 iterum
3496 1959 3654 2041 quod
3676 1976 3747 2022 ex

376 2045 667 2122 γνώσονται
724 2049 938 2129 πάντες,
997 2050 1077 2108 ὅτι
1124 2052 1242 2128 ἐμοὶ
1284 2052 1515 2128 μαθηταί
1556 2052 1697 2125 ἐστε,
1743 2050 1832 2107 ἐὰν
1877 2051 2014 2129 ἀγα-

2101 2059 2303 2113 mutuo
2324 2069 2531 2112 amore
2564 2050 2811 2112 discitur
2841 2067 3009 2111 amor
3037 2066 3178 2129 erga
3219 2049 3547 2130 Christum,
3569 2048 3652 2111 ita
3684 2062 3751 2115 ut

374 2139 510 2223 πᾷτε
568 2135 855 2208 ἀλλήλους.
920 2132 1029 2222 ’ρᾷς
1100 2142 1284 2223 πάλιν,
1358 2148 1473 2206 πῶς
1531 2139 1591 2196 ἐκ
1652 2140 1746 2196 τοῖ’)
1800 2139 2010 2219 ἀγαπᾷν

2103 2139 2289 2200 simus
2321 2138 2449 2217 ejus
2471 2137 2746 2219 discipuli
2767 2146 2826 2200 et
2854 2138 3053 2201 amici.
3088 2137 3353 2201 Observa
3372 2150 3572 2200 autem
3604 2154 3748 2218 quo-

374 2221 639 2294 ἀλλήλους
681 2221 981 2288 συνίσταται
1024 2233 1085 2289 τὸ
1138 2221 1288 2313 ἔχειν
1330 2231 1505 2312 φιλίαν
1558 2230 1688 2308 πρὸς
1733 2230 1825 2285 τὸν
1886 2237 2010 2307 Χρι-

2104 2226 2281 2290 modo
2311 2244 2519 2289 omnes
2545 2229 2758 2288 animae
2787 2227 3029 2289 virtutes
3050 2228 3435 2290 enumerarit.
3459 2227 3567 2289 Est
3586 2224 3745 2313 enim

374 2313 521 2388 στὸν,
580 2317 669 2372 καὶ
724 2317 868 2375 εἶναι
913 2321 1071 2378 αὐτοῦ
1112 2312 1355 2397 μαθητὰς
1408 2320 1497 2377 καὶ
1552 2317 1732 2399 φίλους
1769 2335 1787 2394 ;
1820 2319 2010 2374 Σκόπει

2105 2316 2287 2378 virtus
2321 2316 2533 2376 animae
2570 2315 2862 2391 animalis,
2897 2333 3073 2396 quam
3106 2316 3364 2378 insinuat
3392 2315 3535 2377 dum
3572 2312 3741 2387 dicit,

373 2399 429 2457 δὲ
486 2403 601 2468 πῶς
654 2405 827 2471 πάσας
879 2410 973 2474 τὰς
1027 2410 1125 2479 τῆς
1170 2412 1356 2487 ψυχῆς
1414 2406 1657 2485 δυνάμεις
1705 2407 2017 2487 ἀπηριθμή-

2102 2424 2169 2467 ex
2192 2415 2312 2466 tota
2329 2405 2549 2467 anima.
2575 2407 2726 2467 Iram
2745 2403 2904 2467 enim
2920 2413 2977 2467 et
2994 2405 3537 2487 concupiscentiam
3565 2412 3743 2467 totam

373 2512 529 2553 σατο.
589 2490 760 2553 ’Ἔστι
819 2497 919 2578 γάρ
976 2502 1164 2581 ψυχῆς
1234 2498 1472 2574 δύναμις,
1545 2499 1580 2565 ἦ
1634 2494 1853 2568 ζωώδης
1889 2512 1903 2525 ⁹
1954 2498 2010 2564 ἡκ

2100 2494 2405 2556 dilectioni
2428 2494 2532 2555 Dei
2567 2493 2693 2555 dari
2710 2493 2854 2555 vult.
2874 2494 2979 2557 Est
2995 2494 3173 2556 etiam
3192 2494 3309 2556 alia
3331 2493 3748 2557 virtusanimaa

372 2581 653 2640 αἰνίττεται
696 2584 751 2641 ἐν
798 2592 876 2660 τῷ
930 2589 1126 2664 εἰπεῖν,
1178 2587 1231 2655 ἐξ
1260 2586 1393 2656 ὅλης
1421 2592 1519 2654 τῆς
1549 2584 1755 2666 ψυχῆς.
1788 2587 1889 2643 Τὸν
1917 2588 2010 2641 θυ-

2099 2602 2230 2664 quae
2259 2584 2476 2645 dicitur
2494 2583 2796 2657 nutritiva,
2830 2601 2900 2644 ea
2930 2591 3019 2644 est
3040 2596 3101 2645 et
3130 2583 3459 2664 plantarum
3488 2602 3501 2645 :
3532 2600 3664 2663 qua:
3688 2590 3741 2642 et

369 2670 474 2742 μδν
542 2672 643 2751 γὰρ
696 2677 782 2730 καὶ
834 2675 934 2744 τὴν
990 2676 1264 2754 ἐπιθυμίαν
1325 2674 1425 2734 ὅλα
1468 2673 1662 2732 διδόναι
1704 2680 1774 2751 τῇ
1827 2673 2011 2752 ἀγάπῃ

366 2760 461 2815 τοῦ
502 2766 634 2818 Θεοῦ
673 2762 940 2839 βούλεται.
990 2756 1157 2826 ’Ἐστι
1198 2768 1286 2824 καὶ
1342 2765 1492 2846 ἑτέρα
1534 2763 1751 2841 δύναμις
1795 2768 2006 2843 ψυχῆς,

361 2847 736 2937 ᾗκαλουμένη
794 2856 1015 2937 φυτικὴ,
1055 2855 1174 2925 ἥτις
1223 2855 1434 2935 λέγεται
1484 2854 1739 2935 θρεπτικὴ
1775 2855 1862 2911 καὶ
1907 2857 2006 2937 αὖ·

2095 2672 2223 2753 ipsa
2246 2690 2481 2753 quoque
2507 2672 2629 2733 Deo
2663 2679 2785 2733 tota
2803 2678 2894 2733 est
2920 2671 3136 2734 danda.
3160 2671 3262 2733 Est
3294 2671 3540 2751 insuper
3569 2669 3745 2732 ratio-

2094 2762 2241 2823 nalis
2264 2761 2364 2835 vis,
2379 2779 2553 2843 quam
2580 2760 2904 2822 nominavit
2923 2760 3016 2821 lex
3032 2756 3742 2841 intelligentiamﬂmnes

2092 2850 2272 2928 igitur
2300 2851 2513 2911 animae
2542 2849 2783 2910 virtutes
2815 2849 3088 2911 charitati
3119 2848 3442 2911 offerendas
3471 2854 3631 2910 sunt.

362 2935 577 3009 ξητική.
637 2938 741 3003 Καὶ
770 2932 967 3012 ταύτην
998 2932 1087 3002 οὖν
1128 2932 1309 3004 δοτέον
1360 2932 1628 3018 ὄληνήτῷ
1684 2947 1823 3017 Θεῷ.
1880 2932 2045 2999 ’Ἐστι
2099 2939 2153 2995 δὲ
2210 2942 2298 2997 καὶ
2341 2943 2375 3009 ἡ
2417 2938 2610 3018 λογικὴ
2650 2937 2887 3019 δύναμις,
2940 2940 3006 3008 ἢν
3048 2940 3322 3015 ὠνόμασεν
3354 2941 3382 2997 ὁ
3410 2938 3573 3017 νόμος
3616 2936 3736 2996 διά-

362 3048 530 3087 νοιαν.
558 3028 741 3094 Πάσας
770 3032 941 3089 τοίνυν
968 3036 1063 3099 τὰς
1092 3034 1191 3104 τῆς
1221 3040 1407 3115 ψυχῆς
1450 3032 1697 3109 δυνάμεις
1728 3030 2007 3089 ἀναθετέον
2036 3034 2105 3106 τῇ
2137 3030 2341 3105 ἀγάπῃ,

450 3138 474 3173 ε
535 3115 641 3180 Καὶ
690 3120 990 3201 ἀποκριθεὶς
1061 3128 1089 3181 6
1147 3122 1349 3192 Ἰησοῦς
1408 3122 1581 3201 ἔλεγε,
1629 3119 1887 3178 διδάσκων
1950 3120 2003 3175 ἐν

2167 3116 2348 3179 Vens.
2386 3116 2712 3181 35-40.«Et
2735 3116 3110 3198 respondens
3136 3118 3311 3180 Jesus
3340 3117 3598 3200 dicebat,
3629 3119 3731 3181 do-

363 3213 441 3281 τῷ
493 3208 641 3289 ιερῷ,
672 3209 793 3277 Πῶς
824 3210 1067 3291 λέγουσιν
1109 3216 1157 3270 οἱ
1213 3218 1555 3295 Γραμματετς
1586 3210 1665 3268 ὅτι
1696 3212 1724 3267 6
1756 3212 2004 3289 Χριστὸς,

364 3296 475 3361 υἱός
517 3295 626 3354 ἑστι
688 3298 846 3358 Δαόίδ
874 3321 891 3382 ;
951 3304 1107 3368 αὐτὸς
1157 3305 1257 3383 γάρ
1291 3302 1448 3361 Δαϐὶδ
1475 3302 1630 3360 εἶπεν
1660 3300 1715 3357 ἒν
1743 3300 2005 3375 Πνεύματι

364 3385 500 3474 iit“?
531 3403 545 3417 ’
610 3388 781 3447 Εἶπεν
821 3393 850 3447 δ
900 3392 1091 3474 Κύριος
1148 3398 1226 3467 τῷ
1294 3391 1473 3473 Κυρίῳ
1540 3414 1660 3468 μου,
1722 3388 1898 3451 Κάθου
1948 3389 2006 3444 ἐκ

363 3471 545 3541 δεξιῶν
585 3499 709 3551 μου,
758 3478 857 3544 ἕως
900 3471 1078 3540 ἃνήθῶ
1118 3483 1240 3548 τοὺς
1280 3471 1503 3563 ἔχθρούς
1573 3502 1666 3538 σου
1721 3476 2006 3535 ὑποπόδιον

358 3569 465 3621 τῶν
522 3564 695 3624 ποδῶν
753 3591 867 3630 σου.
930 3572 1095 3637 Αὐτὸς
1138 3572 1226 3630 οὖν
1275 3569 1434 3628 Δαόὶδ
1488 3569 1632 3649 λέγει
1675 3569 1832 3625 αὐτὸν
1888 3567 2004 3629 Κύ-

358 3674 498 3728 ριον,
546 3657 634 3713 καὶ
674 3659 835 3715 πόθεν
880 3660 990 3725 υἱὸς
1034 3661 1193 3718 αὖτοῦ
1239 3661 1349 3719 ἔστι
1383 3679 1400 3738 ;
1431 3659 1537 3723 Καὶ
1566 3661 1594 3715 6
1636 3656 1800 3721 πολὺς
1835 3655 2004 3737 ὄχλος

353 3741 542 3830 ἤκουεν
599 3749 756 3807 αὐτοῦ
795 3747 989 3817 ἡδέως.
1051 3748 1155 3813 Καὶ
1213 3750 1391 3830 ἔλεγεν
1456 3748 1638 3812 αὐτοῖς
1697 3747 1752 3804 ἐν
1808 3753 1877 3823 τῇ
1918 3744 2001 3802 δι-

352 3828 501 3919 δαχῇ
552 3837 709 3896 αὐτοῦ
743 3857 756 3870 ·
819 3837 1052 3897 Βλέπετε
1121 3840 1228 3897 ἀπὸ
1284 3828 1391 3897 τῶν
1447 3836 1832 3919 Γραμματέων,
1891 3836 1997 3892 τῶν

348 3918 612 3979 θελόντων
668 3924 722 3981 ἐν
766 3925 989 3991 στολαῖς
1044 3942 1378 4009 περιπατεῖν,
1438 3918 1526 3985 καὶ
1582 3928 1895 4001 ἀσπασμοὺς
1946 3924 1999 3979 ἐν

350 4009 474 4074 τάῖς
546 4013 795 4093 ἀγοραῖς,
853 4017 955 4074 παῖ
1002 4018 1454 4099 πρωτοκαθεδρίας
1515 4017 1569 4073 ἒν
1610 4029 1732 4082 ταῖς
1763 4036 2002 4091 συναγω-

352 4112 503 4178 γαῖς,
563 4103 650 4159 καὶ
733 4105 1118 4185 πρωτοκλισίας
1176 4107 1230 4164 ἐν
1287 4121 1404 4174 τοῖς
1463 4106 1716 4181 δείπνοις,
1777 4106 1824 4161 οἱ
1862 4125 1997 4159 κατ-

353 4190 611 4257 εσθίοντες
655 4193 749 4259 τὰς
807 4196 974 4260 οἰκίας
1035 4200 1138 4253 τῶν
1181 4198 1397 4278 χηρῶν,
1442 4199 1529 4255 καὶ
1570 4194 1830 4276 προφάσει
1887 4215 1996 4267 μα-

355 4279 457 4357 κρὰ
538 4282 983 4363 προσευχόμενοι,
1074 4284 1216 4343 οὗτοι
1293 4285 1555 4363 λήψονται
1629 4282 2000 4362 περισσότερον

352 4381 544 4445 κρῖμα.
602 4394 624 4429 ι
691 4372 910 4444 Ἐπειδή
966 4376 1097 4456 πρὸς
1138 4377 1200 4433 τὸ
1256 4377 1421 4441 πάθος
1480 4373 1700 4453 ἔμελλεν
1752 4371 1995 4452 ἔρχεσθαι

350 4458 378 4513 ὃ
433 4456 649 4539 Κύριος,
696 4460 987 4542 διορθοῦται
1044 4466 1142 4534 τὴν
1195 4464 1616 4543 πεπλανημένην
1657 4468 1765 4521 τῶν
1811 4469 1992 4539 Γραμ-

426 4574 491 4629 95
518 4579 546 4641 Ι
569 4578 736 4643 Joan.
771 4596 853 4659 IV,
884 4584 947 4648 5.
1031 4583 1103 4635 96
1130 4586 1300 4651 Joan.
1332 4602 1452 4665 xxv,
1480 4586 1579 4649 15.

2090 3224 2233 3268 cens
2258 3206 2319 3267 in
2345 3207 2564 3287 templo
2594 3228 2608 3272 :
2642 3206 2948 3279 Quomodo
2966 3206 3171 3269 dicunt
3191 3204 3417 3271 Scriba;
3433 3207 3731 3271 Christum

2088 3314 2220 3358 esse
2253 3296 2437 3357 tilium
2470 3296 2699 3358 David?
2730 3315 2863 3358 nam
2896 3296 3027 3377 ipse
3075 3296 3259 3361 David
3308 3297 3460 3360 dixit
3505 3298 3735 3362 alilatus

2090 3383 2311 3466 Spiritu
2371 3394 2572 3447 sancto
2627 3406 2641 3448 :
2699 3384 2859 3449 Dixit
2901 3386 3190 3449 Dominus
3234 3386 3487 3450 Domino
3542 3406 3728 3450 meo:

2087 3474 2244 3537 Sede
2274 3494 2307 3536 a
2336 3474 2559 3537 dextris
2592 3474 2761 3551 mihi,
2791 3477 2981 3538 donec
3005 3494 3258 3557 posuero
3287 3475 3565 3541 inimicos
3600 3486 3732 3539 tuos
3812 3526 3819 3533 κ

2087 3563 2406 3626 scabellum
2443 3564 2656 3644 pedum
2690 3573 2945 3627 tuorum.
2981 3565 3114 3646 ipse
3155 3584 3291 3644 ergo
3342 3565 3523 3627 David
3567 3574 3734 3628 vocat

2088 3672 2221 3714 eum
2254 3653 2592 3727 Dominum,
2629 3661 2686 3714 et
2713 3653 2872 3715 unde
2904 3653 3061 3715 ﬁlius
3091 3656 3224 3734 ejus
3255 3654 3394 3717 est?
3426 3656 3501 3717 Et
3528 3655 3729 3735 plera-

2087 3762 2202 3824 que
2232 3744 2401 3805 turba
2424 3742 2701 3805 audiebat
2728 3743 2894 3804 illum
2924 3743 3202 3807 libenter.
3236 3745 3311 3807 Et
3340 3743 3575 3805 dicebat
3612 3745 3729 3805 illis

2085 3830 2147 3891 in
2178 3830 2443 3893 doctrina
2468 3850 2572 3893 sua
2599 3851 2612 3894 :
2648 3831 2857 3893 Cavete
2877 3850 2910 3893 a
2940 3829 3187 3906 Scribis,
3223 3830 3324 3913 qui
3353 3839 3553 3893 amant
3572 3831 3726 3893 infu-

2083 3920 2181 3981 lati
2213 3919 2692 4001 obambulare,et
2714 3929 2912 3982 amant
2932 3920 3318 3984 salutationes
3343 3919 3405 3981 in
3426 3920 3726 4001 foris,pri-

2085 4028 2328 4091 masque
2350 4011 2600 4072 sellasin
2624 4010 3208 4089 congregationibus,
3235 4018 3294 4073 et
3313 4011 3537 4092 primos
3554 4029 3727 4073 accu-

2083 4100 2240 4160 bitus
2270 4099 2331 4160 in
2365 4101 2570 4176 caenis,
2606 4099 2705 4180 qui
2754 4099 3040 4161 devorant
3068 4098 3276 4162 domos
3303 4100 3635 4181 viduarum,
3670 4102 3729 4162 et

2085 4188 2196 4250 sub
2231 4198 2510 4269 praetextu
2535 4189 2740 4268 longas
2767 4189 2989 4250 faciunt
3015 4207 3225 4271 preces
3258 4211 3272 4250 :
3302 4190 3397 4252 isti
3426 4190 3726 4270 accipient

2081 4278 2409 4357 graviorem
2436 4279 2897 4340 damnationem.
2945 4301 2969 4338 ι
3006 4278 3157 4352 Quia
3185 4278 3458 4343 Christus
3485 4280 3559 4342 ad
3586 4299 3724 4361 pas-

2081 4367 2312 4429 sionem
2342 4384 2690 4429 accessurus
2714 4374 2864 4448 erat,
2905 4367 3146 4447 corrigit
3186 4370 3351 4448 prius
3379 4366 3722 4450 opinionem

2079 4455 2419 4520 Scribarum
2448 4474 2785 4532 erroneam,
2819 4454 2922 4538 qui
2951 4456 3408 4539 suspicabantur
3427 4456 3721 4522 Christum

1427 4710 1509 4774 Ex
1541 4710 1861 4776 collatione
1892 4703 2067 4766 codd.
2104 4702 2317 4764 Venet.
2342 4697 2405 4762 S.
2439 4698 2640 4763 Marci.

427 4820 560 4902 (δί)
589 4822 733 4915 60d;
767 4824 894 4915 26,2
950 4816 1225 4915 “EPXG‘Edt
1270 4830 1356 4915 Eni
1409 4831 1513 4915 c&__
1531 4839 1750 4915 τοιαῦτα
1781 4831 1989 4915 ἐρωτή-

2095 4823 2166 4915 lit
2220 4821 2294 4915 ad
2354 4821 2481 4915 haec
2537 4820 2982 4915 interroganda,
3012 4821 3226 4915 .dicit:
3280 4824 3475 4915 Aude“,
3496 4826 3721 4915 proel,

349 4922 513 4992 ματα,
561 4905 771 4992 ’ξρησὶη
822 4905 1110 4992 ’LAxoue,"
1152 4908 1394 4992 ξισραὴλ,
1468 4910 1660 4992 Κύριος
1750 4905 1820 4970 δ’
1863 4913 1991 4975 Θεὸς

343 4983 515 5058 ὑμῶν,
554 4983 755 5072 ,Κύριος
812 4987 895 5052 εἷς
950 4983 1116 5072 ἐστιν,
1150 4983 1424 5072 Ἐμφαίνει
1469 4990 1522 5047 δὲ
1552 4983 1639 5049 καὶ
1685 5000 1841 5049 τοῦτο
1898 4992 1991 5054 τὰς

345 5074 498 5152 τρεῖς⁸
548 5064 878 5152 ὑποστάσεις-
916 5069 1004 5152 καὶ
1057 5068 1158 5137 τὴν
1213 5064 1339 5147 μίαν
1393 5073 1543 5152 φύσιν
1573 5079 1670 5141 τῆς
1714 5076 1989 5142 θεοτητος,

346 5142 417 5232 Τὸ
445 5143 544 5220 γὰρ
574 5141 767 5232 Ιξύριος
796 5147 884 5232 καὶ
930 5150 992 5205 τὸ
1047 5152 1088 5232 67
1124 5141 1278 5232 Θεὸς,
1324 5141 1417 5208 καῖ
1454 5152 1603 5216 αὖθις
1656 5155 1719 5232 τὸ
1773 5141 1988 5232 Κύριος,

345 5227 451 5279 τῶν
494 5224 651 5305 τριῶν
695 5227 996 5305 προσώπων
1051 5231 1148 5287 εἶσὶ
1195 5224 1466 5299 δηλωτικὰ
1500 5252 1513 5265 ·
1565 5235 1626 5289 τὸ
1656 5231 1711 5291 δέ
1738 5224 1865 5300 εἷς(
1892 5224 1989 5299 τῆς

340 5307 467 5390 μιᾷς
514 5304 743 5390 qni-{sum
798 5304 903 5367 Καὶ
947 5308 1139 5390 ἑτέρως
1189 5309 1242 5368 δὲ
1292 5314 1510 5381 σύνηθες
1563 5325 1684 5379 τοῖς
1731 5305 1989 5390 Ἑϐραίοις

334 5382 375 5491 ἓ
408 5380 769 5491 ἀναδὲπλωσις
810 5394 926 5489 τρῦ,
986 5380 1467 5491 Κῦριος,“ξ(ύριος,
1504 5396 1684 5486 ,καὶξὸ
1717 5380 1900 5491 ’Θεὸς,
1965 5396 1991 5449 6

336 5462 488 5553 Θεὸς,
533 5462 631 5553 ,διά
686 5468 787 5534 τήν
821 5462 1141 5553 ’ὑπεροχῆιη
1189 5462 1358 5530 ⁷Μετά
1439 5462 1988 5553 τοῦτο”γέγραπται,

336 5492 488 5542 σευς,
548 5492 631 5520 om
686 5492 787 5534 την
841 5492 940 5525 υπε
975 5492 1141 5551 οχην,
1213 5492 1358 5530 Μετα
1439 5495 1593 5531 τουτο
1670 5492 1988 5553 γεγραπται,

330 5540 664 5651 Ἀγαπήσεις
749 5547 839 5649 καὶ
921 5492 1116 5651 ἰξύριον
1203 5553 1292 5610 τὸν
1370 5554 1501 5611 Θεόν
1560 5574 1679 5631 σου,
1765 5556 1852 5611 καὶ
1925 5556 1991 5609 τά

364 5628 454 5651 -1-
538 5634 657 5651 1..-”
720 5649 775 5651 κ-
816 5648 859 5651 ν-
1175 5630 1215 5651 Α
1298 5633 1314 5651 ο
1417 5632 1471 5651 \\
1719 5634 1737 5651 ε
1876 5634 1953 5651 1v,

2079 4904 2375 4966 Dominus
2405 4902 2563 4964 Deus
2593 4909 2812 4981 vester,
2848 4902 3141 4966 Dominus
3170 4922 3331 4968 unus
3352 4902 3470 4969 est.
3494 4904 3727 4969 Iudicat

2077 5001 2216 5044 vero
2278 4990 2335 5042 et
2391 4982 2502 5043 hoc
2560 4989 2681 5042 tres
2738 4998 3048 5059 personas,
3113 4991 3171 5045 et
3215 5003 3393 5047 unam
3454 4995 3724 5049 naturam

2075 5062 2341 5123 Deitatis.
2382 5060 2547 5133 Quod
2581 5060 2737 5122 enim
2767 5060 3003 5143 dicitur,
3035 5063 3330 5128 Dominus
3362 5072 3423 5128 et
3448 5066 3635 5139 Deus,
3669 5078 3729 5129 et

2077 5145 2288 5205 iterum
2329 5142 2644 5222 Dominus,
2686 5148 2811 5203 tres
2862 5142 3146 5222 perSonas
3190 5145 3533 5226 signiﬁcat:
3590 5167 3724 5209 cum

2076 5232 2313 5293 additur
2342 5248 2523 5305 unus,
2563 5248 2678 5311 una
2709 5238 2915 5292 natura
2944 5231 3277 5296 denotatur.
3312 5235 3471 5297 Alias
3498 5245 3724 5311 autem,

2075 5310 2384 5373 familiaris
2408 5319 2494 5373 est
2516 5309 2779 5393 Hebraeis
2804 5312 3190 5393 reduplicatio
3217 5314 3373 5378 haec:
3408 5309 3725 5391 Dominus,

2076 5393 2396 5454 Dominus.
2430 5400 2489 5452 et
2518 5392 2694 5464 Deus,
2740 5390 2929 5468 Deus,
2955 5390 3048 5453 'ad
3086 5395 3498 5458 excellentiam
3532 5400 3726 5458 deno-

2076 5472 2339 5555 tandam.
2370 5473 2585 5533 Postea
2631 5470 2920 5550 scriptum
2974 5480 3086 5549 est,
3139 5476 3372 5555 Diliges
3401 5476 3725 5539 Dominum

2073 5553 2271 5615 Deum
2303 5559 2497 5625 tuum,
2548 5559 2606 5640 et
2637 5570 2779 5640 quae
2817 5562 3165 5634 sequuntur.
3212 5553 3341 5620 Hoc
3364 5560 3637 5640 primum
3670 5564 3731 5618 et

334 5621 475 5689 ὲξῆις.
526 5624 668 5692 Αὕτη
715 5626 901 5707 πρώτη
919 5621 1022 5707 ,καὶ
1053 5630 1265 5712 μεγάλη
1295 5632 1511 5710 ἐντολὴ,
1545 5656 1601 5695 κ.
1631 5621 1685 5700 τ’,
1718 5634 1773 5696 λ.
1813 5658 1834 5691 ε
1876 5634 1989 5695 Ve—

2095 5650 2362 5714 nagnum
2394 5621 2750 5696 mandatum
2781 5621 2951 5711 θει,ἰ
2985 5642 3098 5698 etc.

423 5727 509 5810 (α)
541 5728 605 5794 In
640 5730 786 5798 edit.
821 5735 954 5802 Lut.
995 5736 1213 5803 desunt
1242 5760 1255 5801 :
1294 5740 1511 5819 Deum,
1545 5747 1602 5806 et
1630 5741 1959 5808 secundum
1984 5737 2222 5803 simile.
