4162 6228
410 263 519 331 631

1408 268 2006 337 THEOPHYLACTI
2050 267 2458 334 BULGARIE
2502 268 2857 335 ARCHIEP.

3677 264 3797 331 632

412 418 546 462 esse
578 400 763 464 ﬁlium
795 402 1000 481 David,
1023 404 1130 467 sed
1162 397 1281 467 non
1311 404 1650 469 Dominum.
1685 403 2065 466 Demonstrat

2152 400 2357 476 ματέων
2412 400 2587 483 δόξαν,
2661 402 3146 480 ὑπολαμϐανόντων
3229 404 3317 458 τὸν
3376 404 3599 475 Χριστὸν
3652 400 3796 455 εἶναι

413 490 593 569 igitur
622 509 689 553 se
717 491 903 554 Deum
939 512 1009 554 ex
1040 493 1189 574 ipsis
1213 494 1396 556 David
1424 494 1618 555 verbis
1653 512 1667 557 :
1698 501 1754 554 et
1784 511 1901 553 non
1925 490 2063 551 sim-

415 578 674 659 pliciter,
708 580 812 642 sed
852 582 1137 657 deterret,
1168 600 1238 644 eo
1269 583 1424 664 quod
1451 582 1614 661 dicit,
1657 607 1680 636 ‹‹
1718 581 1920 643 Donec
1953 599 2061 659 po—

414 686 590 730 suero
622 668 901 730 inimicos
935 678 1064 733 tuos
1095 670 1420 733 scabellum
1470 671 1681 751 pedum
1733 682 1994 730 tuorum.
2032 694 2057 721 ι›

415 757 563 819 Nam
597 756 708 836 ipsi
742 758 985 819 omnino
1020 767 1188 821 erant
1218 758 1446 821 inimici
1495 758 1649 839 ejus,
1681 777 1829 839 quos
1874 756 2065 838 posuit

414 844 570 907 Deus
602 845 777 909 Pater
806 848 1134 911 scabellum
1168 849 1385 930 pedum
1415 848 1651 911 Christi.
1684 847 1834 909 Vide
1864 851 2060 909 autem

416 942 475 997 et
527 937 825 1015 quomodo
875 938 1223 1018 interroget.
1279 942 1410 1002 Non
1460 938 1619 1001 enim
1676 937 1858 999 dixit:
1913 936 2059 1009 Quid

414 1022 581 1085 vobis
611 1025 847 1087 videtur
868 1027 944 1088 de
976 1047 1093 1102 me,
1135 1029 1263 1102 sed,
1309 1029 1384 1089 de
1427 1029 1706 1092 Christo?
1740 1032 1807 1092 Et
1843 1030 1916 1090 ita
1947 1044 2063 1087 non

418 1115 764 1193 perstringit
816 1135 940 1179 eos.
988 1117 1059 1178 Et
1106 1136 1300 1198 neque
1352 1118 1595 1198 potestis
1659 1118 1803 1179 mihi
1860 1116 2063 1178 dicere

418 1203 577 1283 quod
604 1203 828 1284 absque
848 1206 1070 1285 Spiritu
1094 1207 1204 1267 hoc
1222 1206 1433 1268 dixerit
1456 1207 1657 1286 David,
1686 1206 1788 1267 sed
1813 1205 2065 1285 Spiritus

416 1296 607 1357 sancti
635 1298 833 1359 amatu
880 1298 1026 1361 dixit
1073 1318 1208 1361 eum
1263 1300 1599 1374 Dominum,
1633 1300 1692 1361 id
1745 1308 1834 1360 est
1875 1309 2065 1359 mutus

332 1434 335 1437 η
416 1385 602 1463 gratia
631 1385 906 1466 Spiritus.
953 1388 1258 1459 Quomodo
1292 1407 1430 1468 ergo
1462 1390 1731 1452 Christus
1773 1388 1928 1450 [ilius
1971 1395 2063 1449 est

416 1472 622 1548 David,
649 1492 723 1535 an
749 1495 864 1537 non
897 1478 1184 1539 Dominus
1207 1481 1336 1558 ejus
1367 1487 1424 1540 et
1446 1477 1602 1540 Deus
1624 1479 1648 1539 ζ’
1673 1477 2063 1556 Turbaigitur

418 1562 698 1625 audiebat
730 1582 863 1625 eum
897 1565 1177 1629 libenter.
1214 1569 1283 1627 Et
1312 1566 1548 1629 dicebat
1590 1567 1816 1628 turbae:
1854 1566 2064 1629 Cavete

418 1670 453 1713 a
483 1650 728 1727 Scribis,
763 1655 863 1733 qui
897 1655 1336 1735 splendidiores
1364 1656 1564 1718 ferunt
1594 1655 1795 1728 stolas,
1831 1662 1888 1715 et
1920 1674 2026 1734 pro
2049 1688 2062 1697 -

2144 492 2253 547 υἱὸν
2297 499 2388 548 τοῦ
2434 490 2613 572 Δαϐὶδ,
2660 491 2781 549 ἀλλ’
2824 492 2949 573 οὐχὶ
2996 493 3193 572 κύριον.
3228 488 3586 548 Ἀποδείκνυσι
3627 489 3799 573 τοίνυν

2147 581 2335 639 ἑαυτὸν
2379 584 2532 656 Θεὸν,
2581 567 2632 648 ἕξ
2676 584 2846 638 αὐτῶν
2891 567 3004 638 ⁷τῶν
3052 567 3143 637 τοῦ
3191 577 3349 636 Δαϐὶδ
3403 580 3678 656 ῥηματων,
3710 567 3800 632 καὶ

2148 671 2252 749 οὐχ
2299 669 2503 743 ἁπλῶς,
2550 668 2670 727 ἀλλ’
2707 668 2945 751 ἱκφοϐὦν
2989 668 3074 726 διὰ
3115 676 3208 725 τοῦ
3238 668 3433 748 λέγειν,
3494 689 3516 721 α
3555 657 3708 730 ’Ἕως
3737 667 3799 721 ἂν

2144 763 2221 817 θῶ
2277 760 2399 824 τοὺς
2451 761 2675 840 ὶχθροὺς
2730 782 2822 818 σου
2876 758 3169 818 ὑποπόδιον
3229 759 3335 815 τῶν
3392 756 3567 815 ποδῶν
3610 777 3728 818 σου,
3770 778 3793 810 s

2148 850 2303 906 Αὕτοὶ
2345 847 2399 905 δὲ
2446 850 2656 915 πάντως
2710 851 2848 916 ἦσαν
2908 852 2955 905 οἱ
3011 850 3192 930 ἐχθροὶ
3254 848 3433 922 αὐτοῦ,
3477 845 3563 910 οὕς
3613 845 3801 912 ἔθηκεν

2148 939 2176 993 6
2231 940 2359 1001 Θεὸς
2410 941 2498 995 καὶ
2554 939 2737 1016 Πατὴρ
2819 936 3105 996 ὑποπόδιον
3162 944 3264 994 τῶν
3319 936 3493 993 ποδῶν
3536 947 3630 996 τοῦ
3662 944 3798 1012 Χρι-

2148 1037 2294 1090 στοῦ.
2359 1021 2511 1104 ’Ὅρα
2540 1025 2594 1084 δὲ
2624 1029 2711 1085 γαὶ
2740 1030 2855 1092 πῶς
2899 1028 3091 1099 ἐρωτᾷ.
3137 1032 3209 1087 Οὖ
3238 1028 3337 1106 γὰρ
3391 1028 3539 1100 εἶπε,
3571 1029 3629 1085 Τί
3670 1028 3800 1101 ύμῖν

2146 1119 2296 1176 δοκεῖ
2349 1120 2467 1195 περὶ
2525 1116 2676 1195 ἐμοῦ,
2732 1115 2892 1190 ἀλλὰ,
2938 1119 3183 1196 περὶτοῦ
3223 1123 3496 1196 Χριστοῦς
3540 1116 3677 1172 ὥστε
3721 1115 3799 1189 μὴ

2146 1203 2348 1273 πλῆξαι
2383 1207 2588 1272 αὐτούς.
2620 1204 2769 1264 Ἀλλ’
2803 1204 2918 1263 οὖδὲ
2966 1205 3122 1286 ἔχετέ
3165 1226 3254 1280 μοι
3305 1207 3478 1262 εἰπεῖν
3509 1204 3589 1262 ὅτι
3632 1204 3800 1284 χωρὶς

2148 1301 2240 1352 τοῦ
2274 1297 2577 1371 [Ινεύματος
2607 1303 2760 1353 τοῦτο
2790 1295 2946 1352 εἶπεν
2990 1298 3017 1352 6
3067 1293 3246 1368 Δαϐἰδ,
3305 1293 3422 1350 ἀλλ’
3454 1293 3509 1349 ὲν
3537 1294 3798 1368 [Ινεύματι

2149 1383 2397 1441 ὶκάλεσεν
2456 1387 2613 1444 αὐτὸν
2674 1390 2885 1463 Κύριον,
2944 1383 3206 1463 τουτέστι,
3265 1390 3332 1460 τῇ
3361 1391 3453 1441 τοῦ
3494 1383 3799 1456 ῐῐνεύματος

2143 1474 2450 1549 κινούμενος
2509 1474 2713 1553 χάριτι.
2800 1478 2921 1537 Πῶς
2998 1473 3086 1529 οὖν
3164 1475 3192 1529 ὁ
3249 1474 3471 1551 Χριστὸς
3518 1471 3627 1535 υἱός
3689 1471 3797 1526 ἐστι

2147 1569 2238 1642 τοῦ
2313 1560 2493 1635 Δαϐὶδ,
2546 1561 2668 1617 ἀλλ’
2729 1562 2850 1642 οὖχῖ
2898 1563 2988 1619 καὶ
3042 1562 3221 1639 κύριος
3292 1565 3446 1620 αὐτοῦ
3488 1563 3574 1618 καὶ
3618 1561 3798 1640 Θεόςς

2151 1641 2210 1709 Ὀ
2262 1650 2350 1707 οὗν
2380 1650 2547 1730 ὄχλος
2589 1650 2779 1718 ἤκουεν
2807 1653 2965 1708 αὐτοῦ
2994 1649 3188 1720 ἡδέως.
3243 1652 3336 1709 Καὶ
3370 1648 3547 1727 ἔλεγεν
3593 1665 3798 1718 αυτοῖς,

420 1748 556 1820 pter
583 1740 716 1802 illas
747 1742 1010 1822 praeferri
1038 1744 1261 1825 volunt,
1288 1745 1790 1824 salutationesque
1823 1752 1880 1804 et
1911 1743 2066 1804 cele—

2152 1754 2266 1803 τοῖς
2328 1748 2417 1798 τοῦ
2458 1739 2628 1820 ὄχλου
2672 1741 2831 1820 φημὶ,
2863 1739 3192 1797 Φυλάττισθε
3239 1740 3345 1796 ἀπὸ
3390 1740 3496 1796 τῶν
3538 1746 3801 1817 Γραμμα-

422 1829 668 1892 britates
708 1830 820 1892 fori
872 1832 1146 1912 probant,
1192 1841 1249 1895 et
1299 1835 1503 1914 gloriae
1549 1833 1825 1895 omnibus
1878 1832 2068 1893 modis

420 1918 664 1980 student
695 1937 709 1981 :
746 1922 842 2000 qui
874 1929 933 1982 et
963 1921 1174 1984 domus
1202 1924 1503 1985 viduarum
1554 1923 1894 1984 comedunt.
1929 1922 2068 1981 ΜΟ

421 2006 581 2069 Clam
612 2009 769 2095 enim
801 2018 1097 2072 accedunt
1125 2012 1196 2072 ad
1250 2012 1532 2074 mulieres
1568 2011 1840 2091 praesidio
1877 2010 2064 2073 desti—

423 2102 599 2169 tutas,
620 2096 786 2176 quasi
837 2098 1068 2159 illarum
1125 2100 1303 2160 futuri
1356 2108 1583 2161 tutores
1614 2108 1671 2160 et
1721 2099 1969 2179 patroni.
2011 2112 2068 2159 et

427 2191 708 2270 praetextu
739 2185 929 2262 longa;
948 2188 1229 2248 orationis
1249 2196 1307 2249 et
1331 2189 1562 2270 pietatis
1583 2189 1780 2250 colore
1811 2196 1867 2249 et
1888 2187 2067 2249 simu-

425 2269 642 2330 latione
666 2270 966 2349 decipiunt
1012 2274 1432 2354 simpliciores,
1480 2276 1829 2336 devorantes
1860 2276 2069 2337 domos

426 2357 695 2420 divitum.
734 2360 823 2421 [lli
854 2361 1029 2439 igitur
1052 2363 1380 2441 graviorem
1412 2365 1705 2444 accipient
1739 2364 2067 2424 damnatio-

427 2465 587 2521 nem,
621 2467 797 2529 quam
832 2451 932 2510 alii
964 2452 1151 2514 Judaei
1187 2460 1525 2533 peccantes.
1582 2456 1863 2515 Potentes
1907 2453 2064 2513 enim

429 2537 725 2616 potentius
754 2540 1079 2616 punientur
1095 2541 1179 2602 9⁷.
1207 2540 1449 2602 Interim
1478 2551 1535 2601 et
1564 2539 1860 2620 apostolos
1891 2540 2069 2602 docet

428 2642 505 2687 ne
551 2625 720 2705 juxta
773 2628 1116 2691 Scribarum
1174 2647 1399 2692 morem
1451 2631 1670 2701 vivant,
1723 2629 1826 2691 sed
1877 2631 2065 2710 ipsum

427 2714 752 2776 imitentur.
796 2718 1078 2780 Doctores
1110 2720 1269 2780 enim
1316 2720 1449 2781 illos
1498 2720 1779 2780 ordinans
1808 2737 2068 2780 consen-

430 2817 669 2865 taneum
705 2812 851 2885 erat,
882 2814 946 2866 ut
976 2815 1032 2867 et
1064 2808 1203 2869 vita;
1230 2827 1353 2870 suae
1380 2808 1599 2870 laceret
1644 2807 1987 2868 imitatores.

2148 1829 2307 1909 τέων,
2366 1836 2472 1885 τῶν
2530 1828 2723 1891 στολὰς
2787 1830 3088 1910 φορούντων
3174 1828 3513 1907 σεμνοτέρας,
3586 1831 3673 1885 καὶ
3738 1828 3803 1883 ἐκ

2149 1918 2349 1974 τούτων
2423 1916 2683 1974 θελόντων
2789 1921 3162 1997 προτιμᾶσθαι,
3244 1920 3333 1974 καὶ
3419 1919 3537 1984 τοὺς
3620 1918 3797 1974 ἀσπα-

2149 2007 2313 2082 σμοὺς
2365 2004 2419 2063 δὲ
2489 2007 2577 2062 καὶ
2637 2006 2731 2071 τὰς
2800 2006 3059 2085 εὔφημίας
3121 2004 3536 2087 ἀποδεχομένων
3594 2006 3648 2062 ἒν
3676 2020 3799 2074 ταῖς

2150 2098 2395 2174 ἀγοραῖς,
2488 2097 2576 2152 καὶ
2648 2094 2748 2151 ὅσα
2806 2093 2943 2150 ἄλλα
3018 2097 3148 2174 πρὸς
3232 2094 3381 2161 δόξαν
3453 2094 3799 2161 ἐπιτηδευόν-

2149 2206 2279 2258 των,
2336 2185 2389 2240 οἳ
2443 2186 2532 2242 καὶ
2605 2185 2701 2249 τὰς
2774 2184 2938 2248 οἰκίας
2989 2188 3095 2240 τῶν
3174 2190 3362 2264 χηρῶν
3417 2185 3797 2246 κατεσθίουσιν,

2154 2265 2577 2353 ’Υπεισήρχοντο
2659 2274 2759 2351 γὰρ
2829 2273 2923 2334 τὰς
2993 2272 3440 2351 ἀπροστατεύτους
3515 2287 3797 2351 γυναῖκας,

2150 2364 2223 2425 ὡς
2276 2359 2427 2431 δῆθεν
2497 2362 2786 2441 προστάται
2858 2363 3027 2417 αύτῶν
3095 2360 3361 2436 ἐσόμενοι,
3408 2362 3494 2417 καὶ
3544 2362 3800 2441 προφάσει

2149 2456 2244 2506 τοῦ
2300 2451 2474 2527 μακρὰ
2534 2451 2943 2530 προσεὺχεσθαι,
3005 2450 3093 2505 καὶ
3150 2452 3498 2529 προσχήματι
3530 2447 3800 2513 εὐλαϐείας

2150 2540 2240 2593 καὶ
2345 2538 2613 2616 ὑποκρίσει
2740 2538 3047 2602 ἀπατῶντες
3157 2539 3278 2601 τοὺς
3404 2535 3801 2619 ἀφελεστέρους,

2152 2626 2435 2695 κατήσθιον
2490 2627 2584 2690 τὰς
2644 2626 2809 2690 οἰκίας
2862 2628 2969 2681 τῶν
3051 2625 3335 2688 πλουσίων,
3404 2628 3563 2683 Οὗτοι
3632 2627 3803 2682 τοίνυν

2152 2713 2521 2793 περισσότερον
2605 2716 3080 2793 κατακριθήσονται
3159 2720 3262 2772 τῶν
3318 2713 3492 2770 ἄλλων
3539 2712 3802 2772 Ἰουδαίων

2153 2806 2259 2861 τῶν
2319 2804 2751 2881 ἁμαρτανόντων.
2816 2805 3032 2860 Δυνατοὶ
3093 2806 3215 2884 γὰρ,
3289 2802 3518 2868 δυνατῶς
3571 2804 3799 2875 ὶτασθή-

428 2915 647 2952 σονται.
692 2884 851 2969 ’Ἅμα
909 2893 963 2950 δὲ
1014 2894 1097 2952 διὰ
1151 2899 1351 2954 τούτων
1435 2899 1522 2953 καὶ
1599 2899 1721 2959 τοὺς
1793 2896 2123 2961 ἀπόστολους
2200 2891 2430 2949 διδάσκει
2511 2896 2589 2967 μὴ
2644 2893 2781 2948 κατὰ
2847 2893 2966 2954 τοὺς
3025 2899 3367 2970 Γραμματεῖς
3427 2891 3797 2949 πολιτεύεσθαι

427 2980 547 3039 ἀλλ’
602 2983 757 3039 αὐτὸν
812 2988 1116 3058 μιμεῖσθαι,
1197 2984 1549 3047 Διδασκαλους
1622 2986 1721 3063 γὰρ
1807 2986 1993 3048 αὖτοὺς
2070 2986 2418 3063 χειροτονῶν,
2503 2983 2716 3047 εἰκότως
2776 2982 2864 3037 καὶ
2920 2982 3037 3058 περὶ
3092 2984 3187 3039 τοῦ
3240 2982 3354 3058 βίον
3410 2984 3591 3044 αὐτοῖς
3665 2984 3799 3037 ὓπο-

429 3074 648 3133 τίθεται.

512 3160 691 3221 Vens.
722 3160 943 3221 41-44.
973 3184 992 3214 ι
1022 3159 1245 3221 Etcum
1271 3160 1511 3222 sederet
1535 3164 1708 3223 Jesus
1730 3178 1799 3223 ex
1825 3161 2068 3223 adverso
2089 3170 2129 3220 C

430 3246 853 3327 gazophylacii,
901 3247 1210 3326 spectabat
1254 3250 1549 3330 quomodo
1597 3250 1768 3312 turba
1819 3251 2074 3311 mitteret

432 3354 513 3398 aes
546 3336 606 3396 in
629 3336 1139 3416 gazophylacium,
1183 3346 1241 3399 et
1293 3339 1463 3400 multi
1504 3338 1715 3401 divites
1764 3338 2073 3400 mittebant

435 3423 618 3485 multa
651 3442 665 3483 :
715 3432 774 3484 et
802 3425 961 3485 venit
1007 3425 1278 3506 quaedam
1312 3426 1485 3488 vidua
1514 3445 1760 3509 pauper,
1796 3427 2074 3507 misitque

436 3511 661 3574 minuta
687 3511 826 3589 duo,
863 3514 1017 3595 quod
1050 3522 1138 3575 est
1167 3516 1486 3595 quadrans.
1519 3514 1869 3596 Vocatisque
1904 3516 1977 3577 ad
2009 3534 2073 3576 se

435 3601 747 3681 discipulis
776 3602 899 3663 suis
929 3602 1075 3663 dicit
1098 3602 1213 3664 illis
1248 3621 1261 3665 :
1294 3604 1483 3666 Amen
1517 3604 1649 3666 dico
1693 3605 1877 3680 vobis,
1912 3605 2069 3685 quod

430 3690 605 3753 vidua
637 3691 759 3752 haec
805 3710 1034 3772 pauper
1077 3692 1206 3772 plus
1256 3693 1435 3765 misit,
1490 3713 1667 3775 quam
1719 3712 1925 3754 omnes
1974 3697 2069 3774 qui

433 3778 725 3842 miserunt
757 3780 817 3841 in
869 3781 1377 3862 gazophylacium.
1431 3782 1576 3844 Nam
1625 3800 1832 3843 omnes
1881 3802 1949 3843 ex
2002 3802 2072 3844 eo

431 3868 586 3950 quod
621 3868 770 3950 ipsis
794 3886 1126 3950 supererat,
1162 3872 1453 3932 miserunt
1479 3890 1493 3934 :
1522 3879 1580 3931 at
1609 3871 1736 3933 haec
1766 3889 1800 3932 e
1823 3873 2069 3950 penuria

428 3975 537 4018 sua
566 3957 768 4018 omnia
812 3976 1181 4039 quaecunque
1212 3957 1468 4020 habebat
1501 3958 1679 4033 misit,
1715 3965 1894 4020 totam
1925 3959 2065 4019 sub-

430 4046 702 4109 stantiam
733 4064 924 4109 suam.
980 4070 1002 4105 ιι
1052 4046 1340 4109 Mirabilis
1383 4046 1647 4128 quaedam
1703 4046 2067 4108 consuetudo

428 4134 587 4215 apud
616 4133 854 4198 Judzeos
876 4145 1023 4199 erat.
1049 4134 1161 4207 Qui
1190 4135 1349 4197 enim
1383 4144 1652 4217 poterant
1684 4146 1741 4197 et
1767 4136 2060 4201 volebant.

430 4223 746 4286 mittebant
801 4228 861 4285 in
919 4225 1260 4287 thesaurum
1322 4225 1550 4307 templi,
1606 4226 1705 4307 qui
1757 4226 2073 4289 vocabatur

2241 3183 2265 3216 ιι
2307 3162 2404 3220 Καὶ
2458 3160 2673 3223 καθίσας
2732 3163 2759 3216 ὁ
2821 3161 3027 3229 Ἰησοῦς
3101 3158 3375 3215 κατέναντι
3430 3161 3523 3215 τού
3577 3166 3803 3239 γαζογυο

2156 3248 2364 3324 λακίου,
2423 3248 2634 3325 ἐθεώρει
2692 3256 2805 3311 πῶς
2860 3253 2887 3306 6
2947 3248 3113 3329 ὄχλος
3167 3246 3351 3323 βάλλει
3402 3246 3610 3327 χαλκὸν
3641 3248 3713 3311 εἰς
3744 3247 3802 3302 τὸ

2155 3336 2562 3419 γαζοφυλάκιον.
2628 3339 2726 3395 Καὶ
2781 3337 2969 3394 πολλοὶ
3024 3336 3266 3394 πλούσιοι
3329 3333 3549 3391 ἔϐαλλον
3604 3334 3798 3413 πολλὰ,

2158 3428 2244 3483 καὶ
2285 3426 2502 3483 ἐλθοῦσα
2544 3426 2639 3501 μία
2692 3428 2840 3506 χήρα
2895 3426 3093 3505 πτωχὴ
3148 3423 3336 3481 ἔϐαλλε
3385 3422 3550 3480 λιπτᾶ
3606 3421 3718 3502 δύο,
3774 3424 3803 3478 ὃ

2155 3514 2266 3573 ἔστι
2309 3513 2625 3593 κοδράντης.
2689 3516 2784 3573 Καὶ
2840 3513 3335 3594 προσκαλεσάμενος
3406 3514 3528 3576 τοὺς
3565 3514 3803 3587 μαθητὰς

2151 3604 2335 3677 αὐτοῦ,
2382 3602 2527 3683 λέγει
2570 3605 2754 3667 αὐτοῖς
2788 3621 2799 3636 ·
2865 3600 3040 3677 Ἀμὴν
3082 3601 3223 3680 λέγω
3263 3604 3392 3677 ὑμῖν
3448 3601 3527 3657 ὅτι
3583 3602 3617 3669 ἦ
3654 3602 3803 3680 χήρα

2155 3692 2288 3759 αὕτη
2345 3694 2380 3760 ἡ
2438 3692 2639 3772 πτωχ”ἲ“⁸
2691 3689 2880 3748 πλεῖον
2938 3691 3152 3747 πάντων
3207 3688 3436 3767 βέϐληκε
3466 3696 3573 3747 τῶν
3614 3688 3802 3766 βαλόν-

2154 3803 2261 3838 των
2304 3783 2377 3845 εἰς
2425 3783 2486 3837 τὸ
2543 3779 2953 3860 γαζοφυλάκιον,
3015 3781 3215 3843 Πάντες
3274 3781 3374 3858 γὰρ
3403 3778 3464 3834 ix
3490 3786 3583 3836 τοῦ
3614 3800 3802 3858 περισ-

2154 3871 2397 3935 σεύοντος
2457 3870 2639 3933 αὐτοῖς
2685 3867 2893 3939 ἔϐαλον,
2956 3869 3088 3936 αὕτη
3118 3868 3196 3949 δὲ,
3244 3869 3303 3924 ἐκ
3344 3869 3448 3931 τὼς
3477 3869 3804 3947 ὑστερήσεως

2150 3959 2338 4039 αὐτῆς,
2392 3959 2565 4015 πάντα
2632 3957 2730 4014 ὅσα
2777 3962 2934 4038 εἶχεν
2988 3956 3197 4030 ἔϐαλεκ,
3258 3957 3382 4014 ὅλον
3421 3959 3517 4013 τὸν
3566 3958 3677 4033 βίον
3709 3959 3803 4013 αύ-

2148 4050 2271 4115 τῆς.
2313 4071 2333 4105 ι
2401 4048 2713 4124 Θαυμαστόν
2746 4069 2793 4102 τι
2824 4046 2938 4109 ἔθος
2992 4048 3133 4125 παρὰ
3180 4059 3297 4106 τοῖς
3331 4043 3599 4108 Ἰουδαίοις
3642 4044 3801 4121 ἐκρά-

2150 4159 2253 4213 τει,
2312 4137 2448 4195 ὥστε
2507 4138 2627 4199 τοὺς
2719 4135 2947 4215 ἔχοντας
3026 4137 3112 4191 καὶ
3170 4134 3521 4213 βουλομένους
3592 4131 3802 4210 βάλλειν

2155 4227 2226 4292 είς
2266 4229 2358 4282 τὸν
2416 4226 2471 4282 ἰν
2536 4230 2615 4299 τῷ
2669 4226 2792 4304 ἱερῷ
2840 4226 3101 4302 θησαυρὸν
3158 4227 3329 4297 (οὗτος
3402 4224 3501 4302 γὰρ
3559 4221 3804 4278 ἐκαλεῖτο

427 4313 934 4396 gazophylacium,
968 4332 1000 4375 e
1030 4334 1142 4394 quo
1193 4310 1532 4377 sacerdotes
1567 4321 1629 4379 et
1679 4333 1969 4397 pauperes
2017 4325 2067 4377 et

2154 4312 2591 4395 γαζοφυλάκιον),
2636 4314 2710 4376 ὡς
2745 4312 2808 4368 ἂν
2838 4315 2890 4370 οἳ
2921 4334 2977 4369 τε
3019 4315 3180 4391 ἱερεῖς
3207 4315 3296 4369 καὶ
3352 4316 3397 4368 oi
3440 4312 3662 4377 πένητες
3718 4309 3803 4365 καὶ

427 4401 622 4464 vidum
668 4402 996 4464 alebantur.
1052 4402 1318 4485 Cumque
1369 4403 1428 4464 id
1479 4404 1642 4465 multi
1686 4405 1966 4467 facerent.
2019 4413 2067 4465 et

2155 4407 2207 4459 αἱ
2263 4404 2433 4483 χῆραι
2490 4401 2552 4459 ἔκ
2601 4403 2802 4458 τούτων
2873 4399 3250 4481 διατρέφοιντο.
3315 4400 3534 4459 Πολλῶν
3590 4399 3678 4455 οὖν
3743 4399 3802 4453 τὸ

424 4491 599 4553 vidua
628 4494 899 4565 accessit,
933 4511 1097 4553 suam
1128 4493 1486 4555 voluntatem
1520 4492 1828 4556 declarans
1862 4493 2067 4573 Opibus

2155 4501 2360 4552 τοιοῦτο
2402 4493 2722 4571 ποιούντων,
2788 4492 2878 4547 καὶ
2934 4491 3081 4571 χήρα
3138 4491 3494 4567 προσελθοῦσα
3536 4493 3635 4554 τὴν
3678 4488 3801 4546 ἐαυ-

423 4579 940 4642 abundantiorem.
973 4580 1174 4645 Gloria
1204 4580 1330 4654 tibi,
1365 4581 1621 4654 Christe,
1667 4582 1768 4663 qui
1802 4589 1857 4643 et
1899 4601 2067 4663 parva

2154 4587 2252 4647 τῆς
2308 4581 2611 4659 προαίρεσιν
2666 4578 2964 4645 ἐπεδείξατο
3030 4581 3394 4660 εὐπορωτέραν
3475 4600 3574 4645 της
3647 4575 3801 4636 δυνά-

421 4667 682 4748 gratiora
711 4687 869 4749 saepe
890 4669 1073 4731 habes
1094 4687 1268 4750 quam
1304 4688 1535 4748 magna.
1562 4669 1772 4743 Quaeso
1804 4679 1868 4731 ut
1890 4671 2065 4733 etiam

2153 4691 2321 4746 μεως.
2384 4669 2517 4734 Δόξα
2546 4690 2653 4741 σοι,
2706 4669 2921 4749 Χριστὲ,
2966 4670 3022 4730 ὃς
3066 4671 3155 4725 καὶ
3197 4670 3263 4724 τὰ
3307 4670 3469 4745 μικρὰ
3511 4666 3648 4746 δέχῃ
3678 4666 3803 4741 ὑπὲρ

424 4775 557 4819 mea
584 4756 782 4818 anima
812 4757 984 4819 vidua
1007 4757 1143 4819 talis
1175 4759 1271 4834 sit,
1308 4777 1438 4840 quae
1477 4758 1720 4840 abjiciat
1766 4758 2062 4828 Satanam,

2152 4760 2216 4815 τὰ
2259 4759 2468 4837 μεγάλα
2512 4756 2799 4822 πολλάκις,
2862 4758 3073 4815 Γὲνοιτο
3143 4761 3229 4815 καὶ
3288 4759 3384 4825 τὴν
3442 4757 3577 4831 ἐμὴν
3625 4755 3804 4834 ψυχὴν

423 4846 518 4908 cui
546 4846 819 4922 adhaesit,
846 4855 904 4909 et
935 4846 1128 4908 mittat
1165 4847 1225 4907 in
1274 4848 1615 4909 thesaurum
1665 4867 1895 4910 sacrum
1951 4850 2067 4910 duo

2152 4847 2329 4927 χήραν
2360 4844 2623 4925 γενέσθαι,
2655 4843 3033 4902 ἂποϐαλοῦσαν
3089 4848 3182 4902 τὸν
3238 4851 3503 4924 Σατανᾶν,
3633 4862 3800 4920 προσ-

424 4935 672 5010 minuta,
705 4954 943 4999 carnem
998 4945 1056 5000 et
1110 4944 1392 5006 mentem.
1442 4938 1689 5018 ipsaque
1732 4938 2063 5019 imminuat,

2152 4932 2443 5013 εκολλήθη,
2500 4935 2590 4991 καὶ
2644 4933 2835 5011 βαλεῖν
2896 4936 2970 4998 εἰς
3043 4934 3133 4991 τόν
3210 4936 3348 5012 ἱερὸν
3405 4933 3665 5010 θησαυρὸν
3696 4928 3804 5019 ,δύο

422 5023 788 5087 continentia
817 5026 1061 5108 quidem
1086 5044 1353 5107 carnem,
1382 5026 1714 5089 humilitate
1734 5044 1872 5088 vero
1906 5018 2067 5090 men-

2152 5023 2344 5103 λεπτὰ,
2402 5023 2501 5090 τὴν
2558 5023 2727 5101 σάρκα
2779 5026 2869 5079 καὶ
2918 5025 3010 5079 τὸν
3067 5030 3208 5098 νοῦν,
3282 5022 3609 5079 λεπτύνασαν
3654 5018 3800 5098 αὔτα,

421 5122 564 5195 tem,
598 5122 661 5175 ut
689 5124 745 5175 et
789 5132 895 5193 ego
942 5115 1175 5177 audiam
1224 5114 1381 5195 quod
1423 5122 1600 5176 totam
1650 5134 1841 5177 meam
1892 5120 2063 5177 vitam

2152 5111 2230 5169 ’διά
2284 5117 2383 5179 τῆς
2427 5111 2731 5190 ὶγκρατείας
2785 5111 2884 5187 μὲν
2924 5112 3022 5180 τὴν
3075 5112 3267 5192 σάρκα,
3313 5111 3397 5167 διὰ
3455 5108 3510 5166 δὲ
3564 5114 3664 5176 τῆς
3705 5129 3805 5195 τα-

419 5194 821 5263 consecrarim
856 5205 1001 5277 Deo,
1036 5223 1155 5265 non
1186 5194 1392 5265 relicta
1432 5204 1548 5265 ulla
1598 5205 1950 5284 cogitatione
1977 5206 2066 5267 vel

2152 5202 2476 5275 πεινώσεως⁹
2535 5202 2627 5256 τὸν
2684 5208 2826 5275 νοῦν,
2882 5201 2976 5257 ἵνα
3032 5202 3116 5258 καὶ
3166 5200 3275 5280 ἐγὼ
3320 5201 3530 5257 ἀκούσω
3558 5197 3638 5254 ὅτι
3684 5194 3805 5254 ὅλον

417 5289 737 5353 affectione
767 5291 908 5353 huic
942 5294 1191 5355 mundo.

2152 5315 2254 5368 μου
2281 5292 2374 5348 τὸν
2402 5291 2515 5367 βιον
2546 5291 2686 5369 ἱερὸν
2718 5289 3078 5367 ἐποιησάμην,
3134 5290 3279 5351 οὐδὲν
3308 5288 3600 5365 ὑπολείψας
3630 5285 3805 5360 νόημα

2154 5382 2190 5451 ἢ
2217 5380 2417 5456 κίιημα
2440 5386 2516 5454 τῷ
2558 5379 2768 5455 κόσμῳ-

489 5499 555 5551 97
579 5498 725 5581 Sap.
758 5516 841 5571 vi,
872 5499 936 5563 7.
