4162 6228
351 337 469 410 633

986 492 1237 550 neua.
1274 486 1362 550 n'.

358 574 479 649 Περῖ
548 579 646 642 τῆς
718 575 1039 639 συντελείας.
1104 577 1226 652 Περὶ
1276 581 1375 643 τῆς
1426 576 1628 655 ἡμέρας
1698 578 1783 633 καὶ
1831 576 1994 654 ὧρας.

443 686 471 719 ε
521 666 622 723 Καὶ
649 664 1069 745 ἐκπορευομένου
1112 667 1268 724 αὐτοῦ
1335 665 1395 722 ἐκ
1463 673 1556 722 τοῦ
1612 666 1781 745 ἱέροῦ,
1854 664 1996 743 λέγει

357 754 500 826 αὐτῷ
553 754 641 815 εἷς
698 759 803 810 τῶν
832 758 1081 830 μαθητῶν
1125 756 1302 811 αύτοῦ·
1354 752 1667 830 Διδάσκαλε,
1712 752 1794 810 ’ἴδε
1825 776 1996 811 ποτα-

356 845 447 900 ποὶ
516 842 674 924 λίθοι,
728 846 816 901 καὶ
870 846 1103 901 ποταπαὶ
1160 843 1454 919 οἰκοδομαί.
1538 846 1637 904 Καὶ
1714 847 1742 901 δ
1793 843 1995 911 Ἰησοῦς

352 932 654 1011 ἀποκριθεὶς
727 934 881 990 εἶπεν
924 932 1087 1007 αὐτῷ*
1124 933 1342 999 Βλέπεις
1386 934 1578 999 ταύτας
1619 934 1714 997 τὰς
1758 932 1995 1010 μεγάλας

348 1018 627 1095 οἰκοδομάς
662 1036 680 1095 ;
712 1022 770 1078 οὔ
824 1024 902 1098 μὴ
956 1022 1123 1103 ἀφεθῇ
1164 1021 1305 1086 λίθος
1363 1022 1449 1079 ἐπὶ
1505 1020 1632 1094 λίθῳ
1695 1020 1754 1085 ὅς
1804 1023 1864 1078 οὗ
1919 1022 1997 1096 μὴ

346 1109 638 1187 καταλυθῇ.
704 1113 801 1169 Καὶ
872 1110 1173 1185 καθημένου
1246 1115 1403 1170 αὕττῶ
1468 1112 1541 1177 εἰς
1612 1113 1673 1167 τὸ
1730 1109 1850 1189 ὅρος
1891 1116 1995 1166 τῶν

318 1196 595 1271 ³Ἐλαιῶν,
664 1198 939 1256 κατέναντι
996 1210 1087 1259 τοῦ
1142 1201 1302 1279 ἱεροῦ,
1336 1200 1623 1279 ἐπηρώτων
1677 1200 1831 1256 αὐτὸν
1875 1196 1994 1256 κατ’

347 1285 479 1345 ἰδίαν
537 1288 732 1367 Πέτρος
775 1290 863 1345 καὶ
923 1285 1171 1353 Ἰάκωϐος
1252 1291 1339 1345 καὶ
1401 1286 1649 1355 ⁹ιιιιᾶννης
1708 1290 1797 1345 καὶ
1866 1286 1992 1345 Ἀν-

349 1377 527 1457 δρέας·
606 1380 734 1436 Εἰπὲ
792 1380 928 1453 ἡμῖν
978 1379 1108 1436 πότε
1164 1389 1325 1438 ταῦτα
1351 1378 1503 1436 ἔσται
1542 1395 1559 1452 ;
1604 1382 1689 1437 καὶ
1731 1381 1779 1436 τί
1808 1380 1868 1435 τὸ
1900 1401 1991 1445 ση·

352 1481 509 1540 μεῖον
561 1469 688 1525 ὃταν
756 1466 929 1544 μέλλῃ
991 1466 1155 1524 ταῦτα
1252 1466 1423 1525 πάντα
1511 1468 1873 1527 συντελεὶσθοι
1907 1489 1923 1541 ;
1960 1492 1987 1522 ι

350 1555 571 1625 Ἐπειδὴ
628 1556 803 1615 πολλὰ
858 1559 976 1637 περὶ
1030 1561 1129 1625 τῆς
1186 1560 1507 1636 ἐρημώσεως
1576 1560 1675 1625 τῆς
1732 1549 1995 1634 Ἰερουσα-

351 1645 467 1720 λήμ
518 1645 697 1724 ἷλεγεν
752 1645 787 1704 δ’
814 1648 1026 1727 Κύριος,
1071 1648 1174 1727 ὃτι,
1211 1645 1445 1727 Ἀφίεται
1476 1650 1504 1705 ὁ
1531 1662 1681 1713 οἶκος
1706 1648 1853 1723 ὑμῶν
1875 1646 1995 1726 ἕρη-

349 1756 475 1814 μος,
581 1738 628 1793 οἱ
710 1737 942 1811 μαθηταὶ
1026 1740 1183 1796 αὐτοῦ
1263 1739 1639 1813 θαυμάζοντες,
1714 1737 1891 1815 ὥσπερ
1950 1738 1994 1793 εἰ

1010 353 1455 419 ENARRATIO
1500 354 1581 418 IN
1628 351 2134 416 EVANGELIUM
2185 350 2445 413 MARCI.
2502 385 2563 394 —
2613 353 2777 415 CAP.
2827 353 2994 414 XIII.

3613 345 3729 411 634

2688 484 2932 549 CAPUT
2979 482 3109 546 XIII

2276 570 2361 631 De
2406 575 2963 636 consummatione.
3006 572 3091 635 De
3130 573 3228 637 die
3268 580 3327 635 et
3370 571 3545 635 hora.

2162 662 2344 728 Vens.
2380 668 2508 728 1-4.
2545 688 2566 722 α
2605 665 2677 729 Ει
2708 685 2844 729 cum
2876 667 3065 729 exiret
3095 667 3168 729 de
3199 665 3444 748 tomplo,
3478 663 3619 726 dicit
3640 661 3725 723 illi

2081 752 2321 833 quidam
2349 772 2382 816 e
2404 754 2716 836 discipulis
2738 756 2897 817 illius
2928 777 2941 818 :
2977 758 3333 836 Praeceptor,
3363 753 3496 815 vide
3521 751 3727 831 quales

2081 840 2331 921 lapides,
2366 851 2423 903 et
2444 844 2649 924 quales
2666 843 3156 906 substructiones.
3193 846 3267 907 Et
3291 843 3464 907 Jesus
3483 860 3725 922 respon-

2079 930 2249 1001 dens,
2282 933 2362 992 ait
2392 931 2478 994 illi
2514 953 2527 995 :
2562 931 2743 995 Vides
2791 934 2895 995 has
2943 952 3184 1011 magnas
3214 930 3728 993 substructiones?

2079 1018 2211 1080 Non
2260 1019 2634 1101 relinquetur
2684 1022 2834 1103 lapis
2892 1042 3073 1104 super
3122 1022 3408 1105 lapidem,
3454 1020 3556 1101 qui
3606 1037 3723 1080 non

2080 1105 2373 1171 diruatur.
2410 1109 2643 1173 Etcum
2695 1111 2935 1175 sederet
2990 1115 3046 1174 in
3107 1119 3308 1173 monte
3354 1110 3640 1172 olivarum
3693 1127 3725 1168 e

2078 1197 2322 1275 regione
2354 1201 2556 1281 templi
2608 1200 3233 1280 interrogabantillum
3257 1208 3487 1261 socreto
3512 1200 3725 1260 Petrus

2078 1296 2138 1347 et
2167 1283 2445 1361 Iacobus,
2481 1298 2538 1350 et
2582 1291 2842 1352 Joannes
2888 1299 2945 1351 et
3000 1290 3319 1353 Andreas:
3371 1287 3477 1349 Dic
3528 1281 3721 1358 nobis,

2076 1374 2313 1453 quando
2344 1376 2471 1439 haec
2512 1378 2736 1440 erunt?
2765 1386 2824 1440 et
2863 1379 3020 1461 quod
3069 1379 3304 1459 signum
3356 1384 3448 1439 est
3489 1372 3723 1455 quando

2078 1463 2203 1526 haec
2235 1465 2433 1528 omnia
2464 1468 2581 1529 sint
2608 1468 3121 1530 consummanda‘.’
3154 1488 3184 1527 ι
3214 1466 3500 1541 Quoniam
3535 1463 3721 1525 multa

2078 1550 2153 1614 de
2211 1553 2582 1618 desolatione
2636 1555 2967 1620 Jerusalem
3016 1556 3252 1618 dicebat
3308 1556 3502 1627 Jesus,
3560 1551 3718 1635 quod

2076 1642 2519 1724 relinqueretur
2550 1646 2759 1707 domus
2784 1656 2976 1708 vestra
3005 1647 3264 1718 deserta,
3289 1642 3568 1724 discipuli
3591 1642 3718 1721 ejus

2076 1729 2462 1808 admirantes,
2540 1735 2696 1815 quod
2766 1744 2937 1798 tantae
2995 1733 3416 1815 magnitudinis
3480 1741 3717 1811 tamque

346 1832 578 1882 τοσαῦτα
660 1824 858 1903 μεγέθη
942 1827 1030 1881 καὶ
1098 1823 1275 1893 κάλλη
1331 1824 1770 1902 οἰκοδομημάτων
1812 1826 1988 1906 ἄφανι-

2080 1820 2327 1900 pulchra
2370 1821 2622 1885 aedilicia
2660 1823 2955 1886 abolenda
3004 1830 3222 1898 essent,
3272 1822 3592 1885 ostendunt
3632 1818 3717 1879 illi

346 1914 620 1985 σθήσεται,
694 1911 1013 1971 δεικνύουσιν
1072 1916 1215 1989 αὖτῷ
1290 1916 1386 1983 τὴν
1442 1922 1535 1972 τοῦ
1563 1922 1687 1971 ναοῦ
1732 1915 1990 1982 τοσαύτην

348 2001 681 2081 εὐπρέπειαν.
775 1995 831 2061 Ὀ
916 2002 971 2058 δὲ
1053 2001 1200 2059 ούδὲν
1304 2006 1458 2070 ἧττον
1542 2002 1990 2073 ἀπολεσθήσεσθαι

346 2098 511 2148 ταῦτα
565 2105 963 2173 προαναφωνεῖ,
1025 2095 1112 2149 καὶ
1178 2102 1445 2173 τοσοῦτον,
1505 2093 1641 2151 ὥστε
1684 2091 1819 2160 ιιηδὶ
1851 2092 1989 2149 λίθον

347 2179 435 2237 ἐπὶ
490 2179 618 2254 λίθῳ
671 2194 876 2257 μεῖναι.
954 2184 1051 2239 Καὶ
1120 2184 1227 2263 μὴν
1291 2184 1417 2263 φασί
1484 2204 1623 2245 τινες
1674 2184 1746 2246 ὡς
1817 2180 1991 2239 πολλὰ

345 2269 635 2345 ἀπέμειναν
700 2270 923 2347 λείψανα
1004 2273 1103 2337 τῆς
1168 2262 1515 2350 Ἰερουσαλὴμ
1584 2276 1682 2337 τῆς
1752 2270 1989 2335 παλαιᾶς

347 2358 584 2433 πόλεως,
655 2360 793 2417 ὥστε
851 2368 1133 2439 πειρῶνται
1192 2361 1356 2427 δεῖξαι
1388 2358 1553 2437 ψευδῆ
1604 2362 1696 2416 τὸν
1744 2361 1987 2439 Χριστὸν,

346 2447 467 2504 ἀλλ’
523 2449 617 2505 οὒκ
647 2448 761 2505 ἔστι
831 2456 1007 2519 τοῦτο,
1070 2451 1127 2507 El.
1175 2451 1275 2527 γὰρ
1327 2452 1413 2506 καὶ
1444 2449 1828 2529 ὃπελείφθησάν
1876 2470 1991 2504 τινα

344 2536 591 2613 λείψανα,
643 2538 771 2617 ὅπερ
829 2541 926 2596 οὐκ
980 2539 1123 2595 ἐστιν
1184 2538 1397 2609 ἀληθὲς,
1450 2537 1570 2594 ἀλλ’
1598 2539 1687 2594 οὗν
1718 2535 1846 2618 ἄχρι
1890 2542 1989 2603 τῆς

344 2626 571 2684 καθόλου
626 2626 924 2692 συντελείας
994 2628 1054 2685 οὗ
1112 2629 1188 2703 μὴ
1260 2630 1417 2704 μείνῃ
1473 2627 1613 2692 λίθος
1700 2627 1786 2683 ἐπὶ
1839 2625 1984 2698 λίθῳ,

348 2713 495 2783 Πλὴν
550 2717 847 2795 ἱστόρηται,
918 2716 1000 2772 ὅτι
1056 2718 1084 2772 ὃ
1116 2716 1303 2780 Αἴλιος
1365 2707 1635 2795 Ἀδριανὸς
1687 2715 1990 2790 κατέσκαψε

344 2804 444 2871 τὴν
500 2802 655 2861 πόλιν
714 2808 801 2862 καὶ
868 2808 930 2862 τὸ
964 2807 1103 2885 ἱερὸν
1150 2805 1210 2862 ἐκ
1277 2807 1481 2885 βάθρων
1512 2809 1704 2863 αὐτῶν.
1741 2804 1879 2861 ὥστε
1903 2805 1992 2860 καὶ

346 2901 501 2952 τοῦτο
556 2894 644 2951 ἐπ’
699 2898 858 2954 αὖτου
928 2894 1295 2974 πὶηρωθιὶναι,
1360 2896 1443 2967 τὸ,
1496 2892 1632 2971 μηδὲ
1664 2893 1805 2950 λίθον
1854 2895 1990 2949 ὑπο-

348 2980 624 3062 λειφθῆναι
680 2983 766 3040 ἐπὶ
822 2982 970 3057 λίθῳ.
1046 2985 1356 3059 Καθημένου
1397 2982 1450 3039 δὲ
1483 2987 1641 3041 αὐτοῦ
1683 2983 1754 3045 είς
1782 2983 1844 3037 τὸ
1872 2981 1991 3059 ὂρος

346 3073 453 3129 τῶν
510 3070 759 3146 Ἐλαιῶν,
806 3071 1105 3152 προσῆλθον
1140 3074 1283 3147 αὐτῷ
1311 3072 1634 3147 ἐρωτῶντες,
1666 3071 1797 3127 Πότε
1830 3076 1992 3126 ταῦτα

344 3162 541 3244 Iurat;
601 3164 861 3235 τουτέστι,
928 3164 1057 3220 πότε
1131 3162 1593 3234 συντελεσθήσεται
1630 3163 1698 3230 τὴ
1726 3166 1825 3229 τῆς
1885 3160 1989 3218 ἰε-

346 3251 622 3331 ρουσαλὴμ
656 3272 673 3332 ς
744 3252 804 3311 Ὀ
834 3250 912 3332 δὲ,
940 3255 1041 3331 πρὸ
1085 3260 1175 3310 τοῦ
1206 3253 1579 3332 ἀποκρίνασθαι
1626 3255 1812 3313 αὐτοῖς
1876 3269 1991 3325 περι

340 3344 417 3396 ὧν
473 3342 781 3419 ἠρώτησαν,
841 3341 1180 3421 ἀσφαλίζεται
1238 3343 1335 3409 τὴν
1390 3341 1621 3398 διάνοιαν
1672 3341 1865 3411 αὖτῶν,
1896 3338 1988 3392 ’ἕνα

342 3431 422 3505 μὴ
472 3430 835 3497 πλανηθῶσιν.
900 3430 1049 3489 Ἐπεὶ
1108 3432 1208 3510 γὰρ
1318 3428 1621 3511 ἀρξαμένων
1678 3434 1786 3484 τῶν
1855 3427 1990 3482 κατὰ

342 3520 440 3585 τὴν
494 3518 747 3577 Ἰουδαίαν
805 3533 1010 3593 νοσεῖν,
1081 3520 1447 3587 ἐπανέστησάν
1476 3539 1614 3581 τινες
1644 3514 1984 3579 διδασκάλους

344 3608 557 3671 ἑαυτοὺς
610 3606 878 3686 λέγοντες,
924 3610 1084 3687 φησὶν
1113 3611 1140 3664 ὁ
1172 3608 1384 3688 Κύριοςο
1446 3606 1676 3665 Βλέπετε
1720 3606 1799 3682 μὴ
1840 3602 1982 3661 πλα-

344 3698 540 3764 νηθῆτε
549 3745 563 3758 .

430 3812 458 3845 ε
506 3788 566 3846 ⁸0
619 3788 674 3845 δὲ
719 3787 946 3864 Ἰησοῦς,
982 3788 1276 3869 ἀποκριθεὶς
1309 3790 1516 3869 αὐτοῖς,
1561 3786 1757 3868 ἢρξατο
1784 3786 1980 3866 λέγειν,

342 3878 570 3937 Βλέπετε
603 3879 681 3954 μὴ
703 3901 785 3943 τις
815 3880 950 3954 ὑμᾶς
994 3879 1267 3957 πλανὴσῃ·
1324 3878 1512 3936 πολλοὶ
1539 3880 1638 3956 γὰρ
1681 3876 1985 3934 ἐλεύσονται

341 3967 427 4024 ἐπὶ
455 3974 532 4042 τῷ
560 3968 781 4044 ὀνόματί
808 3991 934 4048 μου,
965 3966 1209 4047 λέγοντες
1253 3968 1355 4036 ὅτι,
1408 3968 1550 4045 Ἐγὼ
1594 3968 1700 4042 εἰμι
1734 3966 1981 4043 Χριστὸς,

340 4057 429 4113 καὶ
470 4054 699 4121 πολλοὺς
730 4056 1107 4126 πλανήσουσιν*
1155 4057 1279 4115 ὅταν
1330 4056 1383 4113 δὲ
1412 4056 1674 4123 ἀκούσητε
1717 4053 1984 4129 πολέμους

340 4148 429 4202 καὶ
497 4146 658 4208 ἀκοὰς
714 4143 986 4219 πολέμων,
1023 4148 1100 4221 μὴ
1139 4150 1397 4225 θροεῖσθε⁶
1441 4144 1524 4201 δεῖ
1574 4142 1835 4221 γενέσθαι,
1864 4138 1983 4198 ἀλλ’

344 4234 490 4292 οὔπω
558 4236 619 4290 τὸ
703 4233 878 4296 τέλος.
938 4234 1307 4314 Ἐγερθήσεται
1366 4236 1465 4313 γὰρ
1535 4232 1678 4296 ἔθνος
1701 4230 1786 4287 ἐπὶ
1814 4230 1983 4305 ἔθνος,

345 4324 431 4380 καὶ
501 4321 741 4400 βασιλεία
797 4322 885 4379 ἐπὶ
943 4323 1231 4399 βασιλείαν,
1326 4322 1431 4385 Καὶ
1497 4321 1705 4378 ἔσονται
1784 4321 1989 4395 σεισμοὶ

346 4414 480 4470 κατὰ
507 4412 725 4475 τόπους.
771 4408 875 4472 Καὶ
924 4410 1129 4468 ’έσονται
1174 4412 1325 4487 λιμοὶ
1358 4415 1447 4469 καὶ
1488 4408 1738 4488 ταραχαί.
1795 4408 1988 4488 Ἀρχαὶ

2077 1908 2355 1971 decorem
2420 1911 2648 1992 templi.
2712 1913 2782 1974 At
2850 1913 2949 1975 ille
3010 1911 3395 1974 nihilominus
3456 1907 3721 1991 praedicit

2076 1998 2405 2081 perdenda,
2465 2009 2523 2061 et
2573 2002 2632 2063 in
2686 2010 2930 2077 tantum,
2986 2011 3048 2063 ut
3089 2010 3280 2083 neque
3338 2000 3486 2082 lapis
3540 2016 3719 2079 super

2076 2086 2333 2167 lapidem
2358 2098 2613 2152 maneat.
2647 2092 2776 2151 241
2811 2092 2979 2173 Atqui
3011 2092 3213 2152 dicunt
3237 2090 3478 2171 quidam
3510 2087 3719 2148 multas

2074 2176 2291 2236 veteris
2321 2176 2573 2239 civitatis
2600 2178 2933 2243 Jerusalem
2966 2180 3246 2262 reliquias
3277 2176 3719 2259 superstites,et

2074 2264 2157 2325 ita
2186 2263 2479 2327 Christum
2528 2270 2875 2332 mendacem
2932 2270 3251 2332 ostendere
3306 2275 3553 2345 tentant,
3612 2264 3715 2325 sed

2075 2354 2189 2415 hoc
2219 2355 2562 2437 neutiquam
2598 2376 2797 2421 verum
2830 2368 2939 2422 est.
2993 2362 3136 2421 Nam
3174 2357 3405 2421 etiamsi
3452 2355 3719 2436 reliquiae

2075 2443 2344 2523 quaedam
2377 2445 2607 2509 relictae
2638 2459 2856 2524 essent,
2891 2448 3047 2530 quod
3078 2465 3279 2509 verum
3314 2464 3430 2507 non
3463 2452 3574 2525 est,
3597 2462 3712 2505 non

2076 2540 2275 2593 tamen
2332 2534 2705 2615 relinquetur
2762 2557 2947 2619 usque
3013 2538 3084 2598 ad
3144 2533 3712 2598 consummationem

2072 2624 2273 2686 saeculi
2306 2625 2452 2706 lapis
2482 2646 2664 2706 super
2693 2628 2975 2708 lapidem.
3026 2626 3178 2700 Quin
3211 2624 3470 2686 historiae
3500 2623 3720 2684 habent

2072 2713 2234 2793 quod
2292 2714 2480 2777 [Elius
2532 2718 2825 2779 Adrianus
2883 2718 3167 2797 templum
3228 2724 3285 2775 et
3340 2715 3628 2774 civitatem
3684 2730 3720 2772 ει

2075 2802 2479 2867 fundamentis
2511 2807 2808 2883 eﬂ‘oderit,
2840 2816 2897 2869 et
2940 2808 3015 2867 ita
3055 2806 3112 2866 in
3143 2804 3246 2865 illo
3287 2802 3595 2881 impletum
3626 2808 3717 2860 est

2075 2892 2232 2969 quod
2262 2911 2381 2954 non
2411 2894 2488 2955 sit
2516 2895 2761 2957 relictus
2790 2896 2939 2977 lapis
2971 2912 3154 2975 super
3199 2891 3477 2972 lapidem.
3533 2892 3715 2951 l’orro

2076 2980 2324 3041 sedente
2356 2981 2457 3043 illo
2490 2983 2547 3044 in
2599 2992 2797 3045 monte
2845 2984 3158 3054 olivarum,
3218 2986 3597 3041 accesserunt
3642 2977 3713 3038 ad

2078 3084 2215 3129 eum
2247 3068 2681 3150 interrogantes
2712 3094 2725 3135 :
2774 3072 3019 3145 Quando
3050 3072 3176 3133 haec
3206 3068 3423 3130 erunt?
3462 3068 3575 3128 hoc
3602 3076 3714 3140 est,

2076 3157 2312 3237 quando
2354 3161 2863 3223 consummabitur
2892 3160 3270 3225 Jerusalem?
3310 3158 3382 3220 At
3412 3157 3539 3235 ipse
3580 3166 3713 3218 tan-

2075 3264 2249 3325 quam
2283 3250 2675 3328 responderet
2707 3251 2788 3311 eis
2820 3251 2893 3312 de
2928 3250 3024 3312 his
3068 3249 3142 3311 de
3187 3246 3406 3330 quibus
3454 3244 3714 3308 interro-

2073 3332 2290 3411 gabant
2322 3337 2509 3399 munit
2538 3339 2955 3417 c0gitationem
2990 3340 3248 3404 illorum.
3283 3345 3347 3397 ut
3387 3354 3461 3397 ne
3491 3341 3709 3397 errent.

2074 3421 2223 3495 Quia
2248 3424 2675 3507 incipientibus
2701 3437 2898 3491 autem
2923 3429 3102 3491 rebus
3129 3426 3390 3491 Judaicis
3411 3424 3717 3487 labascere

2069 3524 2455 3576 surrexerunt
2501 3517 2739 3597 quidam
2789 3518 2890 3599 qui
2939 3536 3003 3579 se
3047 3517 3323 3578 dicebant
3379 3512 3711 3593 magistros,

2068 3600 2215 3662 dicit
2247 3600 2536 3667 Dominus
2563 3627 2576 3668 :
2616 3607 2825 3671 Videte
2858 3626 2932 3669 ne
2964 3604 3363 3686 decipiamini.

2149 3780 2335 3845 Vens.
2379 3783 2552 3846 5-10.
2600 3808 2622 3840 ι
2676 3786 2749 3849 At
2779 3783 2953 3847 Jesus
2981 3782 3350 3863 respondens
3384 3778 3503 3840 illis
3534 3779 3713 3858 coepit

2068 3868 2321 3933 dicere:
2384 3871 2589 3934 Videte
2635 3892 2709 3936 ne
2754 3873 2884 3954 quis
2927 3891 3026 3934 vos
3070 3871 3274 3933 fallat:
3334 3866 3501 3930 multi
3551 3867 3709 3927 enim

2069 3959 2309 4021 venient
2337 3962 2397 4023 in
2433 3962 2674 4024 nomine
2706 3982 2841 4024 meo
2870 3961 3136 4024 dicentes
3164 3979 3177 4020 :
3225 3960 3347 4038 Ego
3374 3974 3503 4018 sum
3536 3954 3711 4018 Chri-

2069 4057 2213 4121 stus,
2247 4051 2581 4133 multosque
2610 4051 2931 4133 decipient.
2964 4050 3110 4113 Cum
3161 4056 3355 4109 autem
3404 4043 3712 4107 audieritis

2071 4135 2228 4199 bella
2258 4148 2315 4200 et
2343 4158 2616 4203 rumores
2648 4141 2965 4215 bellorum,
2992 4157 3065 4201 ne
3099 4134 3453 4199 turbemini:
3484 4139 3714 4213 oportet

2070 4224 2231 4286 enim
2262 4226 2415 4301 ﬁeri,
2450 4237 2508 4289 at
2548 4230 2808 4291 nondum
2856 4228 3011 4289 ﬁnis.
3048 4229 3315 4303 lnsurget
3363 4224 3519 4285 enim
3566 4237 3713 4300 gens

2069 4314 2355 4377 adversus
2383 4333 2646 4398 gentem,
2697 4327 2755 4379 et
2804 4336 3050 4395 regnum
3104 4315 3383 4378 adversus
3434 4328 3707 4390 regnum.

2070 4403 2140 4464 Et
2179 4415 2352 4467 erunt
2382 4415 2554 4468 terra;
2603 4416 2797 4468 motus
2846 4408 2903 4468 in
2936 4404 3186 4483 singulis
3228 4402 3396 4476 locis,
3433 4408 3492 4462 et
3539 4407 3715 4461 erunt

342 4500 542 4560 ὠδίνων
603 4507 789 4559 ταῦτα.
842 4498 1072 4557 Βλέπετε
1131 4501 1181 4557 δὲ
1253 4505 1407 4578 ὑμεῖς
1454 4487 1684 4563 ἑαυτούς.
1739 4487 1981 4576 παραδωο

2077 4495 2258 4557 fames
2317 4515 2385 4558 ac
2440 4498 2825 4560 turbationes.
2882 4496 3055 4558 Initia
3097 4494 3368 4556 dolorum
3418 4492 3564 4565 haec,
3605 4489 3709 4550 sed

343 4612 491 4647 σουσι
564 4590 664 4669 γὰρ
731 4590 867 4663 ὑμᾶς
928 4591 999 4651 εἷς
1074 4590 1332 4671 συνέδρια,
1413 4592 1500 4647 καὶ
1550 4589 1623 4651 εἰς
1676 4585 1987 4662 συναγωγὰς

340 4678 651 4758 δαρήσεσθε,
713 4679 802 4734 καὶ
858 4676 945 4733 ἐπί
999 4679 1279 4756 ἡγεμόνων
1336 4682 1423 4736 καὶ
1478 4674 1737 4755 βασιλέων
1785 4674 1988 4743 σταθή-

340 4772 489 4825 σεσθε
560 4768 737 4823 ἓνεκεν
815 4765 965 4841 ἐμοῦ,
1029 4769 1100 4828 εἰς
1158 4770 1437 4847 μαρτύριον
1506 4767 1707 4827 αὐτοῖς.
1759 4761 1861 4823 Καὶ
1913 4764 1985 4827 εἷς

340 4858 511 4913 πάντα
579 4857 642 4911 τὰ
691 4854 814 4923 ἔθνη
872 4854 955 4911 δεῖ
1008 4863 1217 4934 πρῶτον
1288 4855 1623 4937 κηρυχθῆναι
1652 4855 1714 4910 τὸ
1751 4851 1985 4929 Εὐαγγέ-

341 4945 476 5008 λιον,
557 4966 583 5003 ι
648 4942 846 5001 Πολλοὶ
900 4943 1227 5019 ἐλεύσονται,
1301 4950 1417 5011 οἷυς
1474 4946 1538 5013 ἦν
1589 4940 1811 5019 Ἰούδας,
1871 4943 1986 5001 οἷος

343 5032 556 5107 Θευδᾶς,
614 5032 669 5088 οῗ
730 5030 911 5110 ἔλεγον
971 5033 1185 5097 hvmi»;
1214 5038 1314 5092 ὑπὸ
1344 5044 1437 5093 τοῦ
1482 5040 1613 5091 Θεοῦ
1656 5031 1984 5109 πεμφθῆναι.

342 5121 613 5197 Πολέμους
671 5118 725 5176 δὲ
796 5120 1101 5198 ἀκούσεσθε,
1177 5127 1357 5204 ορησὶν,
1419 5121 1507 5186 οὓς
1535 5122 1624 5179 καὶ
1653 5121 1679 5175 ὁ
1721 5116 1988 5182 Ἰώσηπος

339 5217 528 5284 ἱστορει
583 5211 895 5289 γεγενῆσθαι
970 5214 1071 5292 πρὸ
1124 5212 1219 5281 τῆς
1246 5213 1524 5275 ἁλώσεως.
1566 5207 1671 5270 Καὶ
1698 5206 1798 5284 γὰρ
1854 5204 1985 5261 ἀντ-

338 5308 435 5381 ἧρε
494 5301 592 5376 μὲν
660 5301 721 5355 τὸ
789 5300 956 5373 ἔθνος,
1015 5303 1102 5358 καὶ
1133 5306 1226 5361 οὐκ
1256 5300 1421 5359 ἐδίδου
1448 5300 1569 5362 τοὺς
1629 5294 1818 5376 φόρους
1851 5292 1981 5350 Ῥω-

340 5392 566 5467 μαίοιςο.
628 5389 687 5446 Οἱ
745 5386 822 5468 δὲ,
883 5390 1231 5467 ὀργισθέντες,
1302 5390 1531 5458 ἐπῆλθον
1580 5387 1667 5443 καὶ
1738 5395 1986 5462 συνεχεῖς

336 5479 549 5561 ἱφόδοος
593 5476 825 5551 ἐποίουν,
896 5476 1017 5533 ἀλλ’
1070 5481 1215 5538 οὔπω
1287 5479 1340 5536 6‘;
1397 5478 1547 5541 τέλος
1580 5482 1675 5542 τῆς
1729 5471 1986 5561 Ἰεροοσα-

334 5560 474 5646 λημ.
541 5566 1089 5649 Ἐφιλανθρωπεύοντο
1140 5572 1239 5651 γὰρ
1269 5572 1312 5629 οἱ
1382 5570 1667 5646 Ῥωμαῖοι.
1704 5564 1775 5621 Οὔ
1822 5560 1983 5636 μόνον

2073 4594 2275 4647 cavete
2310 4602 2406 4647 vos
2426 4586 2615 4649 vobis.
2648 4586 2908 4649 Tradent
2937 4584 3097 4647 enim
3129 4603 3229 4644 vos
3258 4582 3318 4642 in
3346 4579 3620 4651 concilia.
3654 4585 3713 4639 εί

2072 4672 2131 4733 in
2186 4676 2492 4755 synagogis
2549 4676 2885 4752 caademini,
2941 4684 2995 4737 et
3056 4672 3165 4734 sub
3224 4668 3587 4751 principibus
3642 4686 3711 4727 ac

2070 4763 2313 4839 regibus
2362 4764 2664 4827 ducemini
2717 4774 2960 4845 propter
3015 4781 3131 4842 me,
3191 4761 3251 4821 in
3308 4755 3708 4845 testimonium

2069 4849 2212 4914 illis.
2244 4852 2313 4913 Et
2341 4853 2497 4933 apud
2518 4844 2731 4915 omnes
2747 4861 2953 4932 gentes
2975 4858 3207 4932 oportet
3230 4848 3391 4929 prius
3409 4844 3711 4927 praedicari

2073 4942 2475 5020 Evangelium.
2516 4969 2543 5000 ι
2576 4944 2732 5006 Multi
2783 4943 3042 5021 venient,
3091 4939 3282 5021 qualis
3324 4946 3451 4999 erat
3502 4933 3706 5007 Judas,

2072 5031 2261 5111 qualis
2287 5030 2583 5106 Theudas,
2609 5034 2707 5114 qui
2738 5032 3091 5095 dicebantse
3112 5049 3145 5091 a
3174 5029 3295 5091 Deo
3322 5027 3531 5087 missos
3553 5042 3706 5085 esse.

2072 5119 2235 5181 Bella
2267 5128 2462 5184 autem
2498 5123 2690 5184 futura
2722 5122 2884 5198 dicit,
2922 5140 3054 5202 qua:
3084 5129 3141 5181 et
3168 5118 3467 5197 Josepbus
3512 5124 3711 5176 narrat

2070 5216 2207 5270 ante
2234 5210 2630 5289 captivitatem
2673 5212 2841 5275 facla.
2889 5210 3033 5272 Nam
3082 5206 3424 5287 insurgebat
3468 5204 3706 5287 quidem

2068 5316 2237 5377 gens,
2272 5309 2335 5360 et
2357 5318 2473 5361 non
2496 5300 2783 5363 reddebat
2812 5301 3049 5363 tributa.
3081 5297 3332 5362 Romani
3360 5305 3556 5358 autem
3578 5296 3707 5356 irati

2070 5406 2173 5451 eos
2235 5387 2609 5466 infestarunt,
2663 5400 2722 5452 et
2777 5390 3075 5452 continuis
3137 5386 3588 5451 excursionibus
3641 5406 3709 5448 ac

2073 5475 2344 5538 cladibus
2374 5478 2723 5555 aﬂ'ecerunt,
2758 5479 2862 5541 sed
2894 5479 3153 5542 nondum
3187 5476 3319 5539 linis
3348 5477 3705 5541 Jerusalem.

2068 5564 2319 5629 Romani
2379 5568 2534 5629 enim
2598 5568 3015 5633 misericordes
3064 5575 3251 5633 erant.
3330 5568 3458 5632 Non
3516 5567 3705 5631 solum
