4162 6228
362 338 494 429 ’637
566 342 571 351 ’

1064 326 1509 439 ENARnATIo
1552 350 2183 439 IN‘EVANGELIUM
2223 374 2482 439 MARCI.
2532 409 2608 420 —
2652 378 2817 440 CAP.
2869 373 3028 439 xm.

3630 364 3748 435 638

372 504 453 577 τὸ,
508 498 737 564 "Easer
784 508 913 584 ἐμοῦ
982 509 1159 567 ἔσεσθε
1224 512 1561 586 μισούμενοι,
1610 513 1681 570 Τὸ
1711 512 1811 590 γὰρ
1836 510 1987 566 ἕνεκε

2094 514 2325 585 rentur,
2361 517 2420 570 et
2453 511 2787 591 periculum
2822 509 3052 571 facilius
3082 509 3310 572 ferant:
3345 506 3569 570 deinde
3598 524 3745 568 con-

369 593 529 651 αὐτοῦ
600 599 894 670 μισεῖσθαι,
946 598 1124 655 ἱκανόν
1174 600 1289 655 ἐστι
1346 598 1518 664 πάσας
1561 599 1890 679 ἐπικουφίσαι
1920 598 2013 660 τὰς

365 684 661 761 συμφοράς.
750 683 915 742 Ἀλλὰ
1003 688 1092 743 καὶ
1148 688 1212 743 τὸ
1296 688 1635 759 σωθήσεσθαυ
1724 689 1814 743 τὸν
1871 688 2011 744 ὑπο-

364 772 616 843 μείναντα
642 775 713 837 είς
757 773 931 851 τέλος,
964 777 1054 833 καὶ
1083 785 1239 836 τοῦτο
1270 776 1496 855 μεγίστη
1540 776 1897 855 παράκλησις.

449 1058 473 1092 ε
510 1028 688 1097 ’Ὀταν
731 1038 786 1097 δὲ
818 1040 971 1108 ἴδητε
1015 1042 1075 1098 τὸ
1118 1040 1388 1119 βδέλυγμα
1436 1047 1535 1112 τῆς
1567 1042 1917 1122 ἐρημώσεως,
1949 1045 2009 1099 τὸ

353 1124 513 1203 ῥηθὲν
560 1128 661 1184 ὑπὸ
725 1129 925 1197 Δανιὴλ
980 1138 1076 1187 τοῦ
1115 1132 1412 1211 προφήτου,
1448 1132 1614 1195 έστὼς
1645 1131 1777 1189 ὅπου
1808 1134 1868 1190 ού
1896 1130 2003 1197 δεῖ,

353 1216 385 1271 6
459 1214 841 1295 ἀναγινώσκων
885 1220 1092 1300 νοείτω,
1152 1220 1273 1278 τότε
1304 1224 1351 1277 οἱ
1382 1220 1436 1276 ἐν
1466 1226 1534 1297 τῇ
1596 1220 1819 1294 Ἰουδαίᾳ
1874 1244 2004 1301 φευ-

352 1303 592 1382 γέτωσαν
653 1308 726 1370 εἰς
788 1309 854 1365 τὰ
909 1308 1031 1387 ὄρη,
1097 1306 1155 1366 Ὀ
1218 1307 1273 1365 δὲ
1344 1310 1430 1366 ἐπὶ
1486 1317 1578 1367 τοῦ
1608 1308 1871 1385 δώματος,
1926 1310 2003 1385 μὴ

351 1391 637 1451 καταϐάτω
716 1398 789 1461 εἷς
845 1398 947 1465 τὴν
994 1398 1182 1473 οἰκίαν,
1247 1398 1383 1473 μηδὲ
1454 1398 1731 1455 εἰσελθέτω
1778 1400 1897 1477 ἇραί
1954 1422 2002 1455 τι

352 1479 416 1536 ἐκ
456 1486 555 1548 τῆς
625 1484 790 1548 οίκίας
849 1487 1029 1559 αἰτοῦ,
1090 1487 1177 1542 καὶ
1232 1488 1260 1543 6
1310 1489 1383 1549 είς
1444 1488 1531 1543 νὸν
1581 1487 1741 1566 ἆγρὸν
1770 1486 1867 1560 ὤν,
1928 1489 2004 1563 μὴ

347 1572 724 1649 ἐπιστρεψάτω
781 1575 853 1639 εἰς
910 1576 975 1630 τὰ
1028 1575 1218 1648 ὀπίσω,
1281 1576 1403 1653 ἆραι
1458 1579 1521 1632 τὸ
1552 1577 1761 1651 ἱμάτιον
1818 1579 1997 1637 αύτοῦ.

351 1663 480 1719 Οὖαὶ
535 1659 587 1716 δὲ
644 1676 765 1727 ταῖς
824 1667 880 1720 ἐν
932 1666 1117 1743 γαστρὶ
1173 1665 1424 1745 ἐχούσαις
1453 1667 1541 1722 καὶ
1582 1680 1705 1729 ταῖς
1735 1664 2000 1737 θηλαζού-

349 1771 471 1813 σαις
526 1751 581 1807 ἐν
638 1751 856 1818 ἐκείναις
916 1768 1037 1819 ταῖς
1067 1754 1317 1831 ἡμέραις.
1356 1778 1379 1809 υ
1429 1753 1706 1833 Βδέλυγμα
1748 1755 1845 1821 τῆς
1869 1758 1997 1834 ἔρη-

2096 596 2304 659 solatio
2328 600 2779 680 sequitur,quo«l
2804 602 3056 678 Propter
3080 617 3172 659 me
3186 598 3322 661 odio
3346 596 3513 659 eritis
3536 593 3745 657 habiti.

2094 683 2259 758 Quod
2296 688 2454 749 enim
2491 689 2942 770 propteripsum
2968 688 3207 750 fuerunt
3237 686 3374 748 odio
3392 683 3748 755 habiti,satis

2092 782 2221 835 erat
2250 777 2320 837 ad
2341 796 2550 839 omnes
2582 777 2945 840 calamitates
2971 776 3303 839 leniendas.
3327 775 3476 847 Quin
3508 782 3566 835 et
3584 771 3741 854 quod

2094 864 2365 926 salvandi
2398 877 2565 929 erant
2594 867 3026 948 perseveraturi
3052 885 3237 946 usque
3268 866 3326 926 in
3360 862 3741 943 tinem,etiam

2093 951 2287 1033 ipsum
2324 954 2639 1017 maximam
2673 955 2959 1018 afferebat
2983 954 3475 1018 consolationem.

2178 1045 2329 1106 Vens
2394 1047 2636 1109 t4-l7.«
2660 1049 2844 1108 Porro
2869 1067 3002 1108 cum
3049 1044 3320 1107 videritis
3351 1043 3741 1107 abominatio-

2090 1151 2227 1194 nem
2261 1133 2643 1198 desolationis
2694 1137 2767 1198 de
2827 1156 2941 1217 qua
3001 1136 3227 1198 dictum
3274 1144 3364 1196 est
3415 1153 3448 1195 a
3498 1131 3741 1196 Daniele

2089 1222 2397 1301 propheta,
2451 1234 2703 1287 stantem
2761 1226 2858 1287 ubi
2906 1244 3020 1285 non
3069 1231 3327 1303 oportet,
3377 1221 3479 1303 qui
3533 1220 3741 1299 legerit

2088 1310 2399 1389 intelligat.
2449 1314 2616 1377 Tunc
2648 1316 2746 1395 qui
2779 1316 2998 1376 fuerint
3044 1314 3102 1375 in
3136 1313 3363 1381 Judaea,
3398 1311 3620 1390 fugiant
3666 1309 3735 1371 ad

2090 1408 2319 1460 montes
2356 1422 2369 1463 :
2404 1402 2503 1482 qui
2535 1422 2669 1463 vero
2700 1404 2880 1464 fuerit
2914 1405 2969 1463 in
3003 1410 3178 1476 tecto,
3218 1420 3290 1461 ne
3320 1398 3649 1462 descendat
3678 1397 3737 1457 in

2086 1486 2475 1570 domum,nec
2502 1492 2865 1568 ingrediatur
2894 1501 2950 1552 ut
2974 1491 3289 1572 quicquam
3323 1490 3486 1551 tollat
3507 1506 3539 1548 e
3560 1487 3736 1547 domo

2086 1594 2191 1637 sua
2229 1597 2242 1637 :
2281 1588 2337 1638 et
2368 1580 2466 1658 qui
2499 1580 2671 1641 fuerit
2723 1582 2782 1642 in
2831 1600 2995 1659 agro,
3046 1600 3119 1640 ne
3153 1587 3484 1640 revertatur
3540 1577 3613 1637 ad
3668 1594 3737 1636 ea

2087 1684 2219 1744 quae
2249 1668 2493 1747 reliquit
2518 1688 2551 1729 a
2586 1678 2768 1749 tergo,
2805 1672 2874 1731 ad
2911 1669 3234 1732 to'leudum
3270 1668 3511 1748 pallium
3536 1684 3729 1726 suum.

2085 1755 2185 1815 Vae
2215 1765 2407 1816 autem
2444 1759 2900 1837 praegnantibus.
2942 1768 2995 1820 et
3038 1758 3390 1819 Iactantibus
3421 1758 3479 1816 in
3522 1754 3735 1815 diebus

349 1860 597 1912 μωσεως,
660 1843 689 1897 6
757 1839 963 1921 ἀνδριὰς
995 1849 1088 1899 τοῦ
1136 1844 1233 1910 τὴν
1264 1841 1420 1899 πόλιν
1454 1842 1688 1905 ἑλόντος.
1726 1842 1987 1921 Βδέλυγμα

2087 1842 2228 1903 illis.
2262 1869 2287 1899 ω
2318 1845 2699 1909 Abominatio
2732 1848 3119 1910 desolationis
3146 1855 3335 1908 statua
3368 1854 3455 1906 est
3483 1846 3611 1924 ejus
3634 1846 3731 1919 qui

346 1927 447 2005 γὰρ
503 1934 607 1983 πᾶν
685 1928 909 1985 εἴδωλον
979 1928 1213 2008 λέγεται.
1275 1930 1635 2011 Ἐρημώσεως
1692 1930 1771 2011 δὲ,
1872 1930 2000 1989 διότι

347 2015 578 2084 ἁλούσης
638 2023 735 2085 τῆς
798 2018 1172 2099 Ἰερουσαλὴμ,
1221 2021 1307 2077 καὶ
1351 2020 1620 2100 ἐρημωσιν
1680 2023 1999 2099 πασχούσης

344 2104 578 2173 ἔστησαν
630 2109 756 2164 αὒτὸ
812 2106 917 2165 ἔσω
973 2116 1078 2164 τῶν
1135 2108 1336 2165 ἀδύτων
1364 2117 1457 2167 τοῦ
1494 2120 1639 2169 ναοῦ.
1704 2109 1870 2166 Ἀλλὰ
1912 2113 1999 2167 καὶ

345 2197 373 2250 6
434 2194 686 2270 Πιλᾶτος,
746 2198 841 2262 τὰς
898 2206 990 2254 του
1048 2199 1308 2277 Καίσαρος
1340 2200 1544 2264 εἰκόνας
1588 2200 1791 2278 νύκτωρ
1822 2201 1894 2264 εἰς
1938 2201 1997 2256 τὸ

342 2285 483 2362 ἱερὸν
540 2284 777 2363 ἀγαγὼν,
841 2285 1041 2343 πολλου
1088 2284 1305 2365 θορύϐου
1378 2294 1455 2362 τῷ
1526 2286 1716 2358 πλήθει
1789 2287 1999 2367 ἐγένετο

344 2374 550 2436 αἰτιος,
597 2373 635 2400 "
648 2382 840 2431 Εκτοτε
871 2375 1065 2450 ἤρξατο
1095 2377 1183 2431 καὶ
1213 2378 1241 2432 6
1270 2375 1505 2452 πόλεμος
1580 2379 1667 2433 καὶ
1696 2380 1729 2446 ἡ
1774 2378 1995 2456 ἐρήμω-

343 2483 426 2525 σις
490 2466 590 2529 τῆς
644 2460 1013 2540 Ἰερουσαλὴμ.
1075 2464 1203 2521 Τότε
1264 2466 1433 2521 τοίνυν
1464 2467 1511 2521 οἱ
1542 2468 1595 2523 ἐν
1647 2473 1715 2542 τῇ
1774 2465 1997 2539 Ἰουδαίᾳ

344 2548 511 2625 ὄντες,
568 2552 900 2631 φευγέτωσαν
959 2554 1033 2617 εἷς
1064 2553 1129 2609 τὰ
1157 2553 1279 2631 δρη.
1330 2552 1519 2618 Καλῶς
1548 2553 1602 2610 δὲ
1633 2568 1810 2629 εἶπεν,
1843 2558 1890 2611 οἱ
1941 2556 1995 2612 ἐν

342 2645 413 2716 τῇ
473 2636 718 2713 Ἰουδαίᾳ,
772 2645 833 2699 οἱ
903 2642 1003 2720 γὰρ
1098 2641 1391 2699 ἀπόστολοι
1459 2644 1555 2699 οὒκ
1624 2648 1761 2713 ἦσαν
1815 2645 1869 2701 ἐν
1924 2652 1993 2723 τῇ

342 2726 589 2809 Ἰουδαίᾳ,
647 2727 792 2803 ἀλλ’⁹
825 2732 897 2795 ὡς
942 2729 1170 2811 ἔφημεν,
1202 2733 1303 2811 πρὸ
1334 2738 1426 2788 τοῦ
1454 2732 1693 2808 πολέμου
1731 2732 1991 2815 ἐδιώχθη-

340 2840 437 2874 σαν
497 2818 603 2875 ἇπὸ
674 2826 771 2887 τῆς
830 2817 1201 2896 Ἰερουσαλήμ⁶
1240 2819 1527 2896 μᾶλλονδὲ
1572 2821 1787 2889 ἐξῆλθον
1818 2824 1983 2899 αὐτοὶ,

338 2907 461 2984 θείῳ
517 2909 811 2985 κινούμενοι
865 2911 1153 2985 Πνεύματι.
1211 2914 1271 2968 Οἱ
1326 2913 1450 2987 γοῦν
1510 2912 1802 2990 εὑρεθέντες
1834 2912 1887 2968 ἐν
1916 2920 1984 2990 τῇ

340 2995 586 3078 Ἰουδαία,
659 2998 1017 3078 φευγέτωσαν,
1077 3001 1163 3056 καὶ
1211 3002 1238 3055 6
1269 2998 1354 3056 ἐπὶ
1379 3006 1469 3057 τοῦ
1498 2998 1767 3081 δώματος,
1823 3002 1978 3076 μηδι⁸

338 3088 427 3150 νὸς
485 3093 589 3143 τῶν
662 3087 715 3143 ἐν
770 3094 838 3165 τῇ
905 3089 1042 3161 οίκία
1096 3089 1499 3167 ἐπιστραφήτω,
1547 3087 1855 3167 Ἀγαπητόν
1887 3091 1985 3168 γὰρ

338 3176 381 3231 εί
438 3177 525 3232 καὶ
580 3182 763 3255 γυμνῷ
819 3179 1027 3253 σώματι
1113 3175 1392 3244 διασωθείη
1480 3201 1586 3257 τις,
1680 3176 1817 3235 ἀλλά
1900 3180 1986 3235 καὶ

2088 1932 2381 1995 civitatem
2417 1935 2729 1997 destruxit.
2784 1937 3158 2000 Abominatio
3193 1937 3350 1997 enim
3395 1952 3569 1994 omne
3599 1932 3729 1994 ido-

2086 2021 2207 2081 lum
2238 2023 2460 2085 dicitur
2496 2043 2507 2086 :
2546 2025 2930 2087 desolationis
2959 2044 3098 2085 vero
3129 2044 3200 2087 eo
3246 2024 3426 2105 quod,
3460 2031 3626 2102 capta
3677 2030 3735 2083 et

2084 2110 2347 2173 deSolata
2372 2113 2726 2190 Jerusalem,
2758 2116 2919 2176 illam
2954 2124 3283 2176 statuerunt
3312 2113 3465 2173 intra
3494 2112 3730 2192 adytum

2086 2201 2312 2280 templi.
2352 2202 2572 2265 Pilatus
2605 2224 2841 2284 quoque
2890 2203 3135 2269 Caesaris
3179 2202 3433 2281 imagine
3470 2212 3641 2261 noctu
3674 2201 3732 2260 in

2083 2290 2373 2369 templum
2411 2292 2593 2366 illata,
2631 2294 2826 2372 magni
2862 2294 3147 2355 tumultus
3177 2303 3385 2355 auctor
3410 2291 3515 2351 fuit
3550 2288 3730 2371 plebi.
3838 2324 3845 2331 -

2083 2376 2248 2439 Tunc
2275 2382 2430 2441 enim
2458 2382 2637 2462 cmpil
2670 2395 2726 2445 et
2751 2382 2971 2445 bellum
2998 2392 3052 2444 et
3072 2382 3357 2445 desolatio
3379 2381 3728 2443 Jerusalem.

2080 2465 2265 2545 Igitur
2296 2477 2433 2530 tunc
2463 2472 2520 2531 hi
2570 2472 2670 2553 qui
2722 2474 2780 2533 in
2832 2474 3030 2535 Juda‘a
3084 2473 3329 2552 fuerint,
3390 2471 3612 2549 fugiant
3667 2469 3727 2530 in

2081 2566 2337 2622 montes.
2373 2559 2537 2621 Bene
2564 2574 2758 2623 autem
2793 2562 2962 2637 dixit,
2999 2562 3061 2623 hi
3099 2562 3198 2643 qui
3231 2562 3288 2622 in
3321 2560 3542 2621 Judeea.
3579 2558 3722 2619 Nam

2076 2648 2328 2726 apostoli
2362 2667 2477 2709 non
2513 2651 2752 2711 fuerunt
2784 2652 2839 2710 in
2872 2650 3079 2712 Judzea
3117 2670 3129 2712 :
3191 2650 3325 2726 sed,
3354 2655 3419 2711 ut
3446 2648 3724 2719 diximus,

2073 2747 2390 2818 antequam
2439 2738 2657 2800 bellum
2695 2740 2835 2799 245
2871 2749 3138 2801 exortum
3176 2748 3284 2813 est,
3342 2741 3400 2797 in
3443 2754 3725 2818 persecu-

2074 2826 2237 2887 tione
2269 2828 2459 2887 exacti
2492 2837 2627 2889 sunt
2658 2848 2689 2889 e
2718 2829 3074 2908 Jerusalem,
3108 2828 3227 2889 imo
3272 2826 3385 2907 ipsi
3425 2825 3721 2897 exierunt,

2071 2914 2266 2976 divino
2301 2916 2479 2976 afﬂati
2513 2917 2758 2996 Spiritu.
2794 2918 2903 2990 Qui
2937 2917 3117 2995 igitur
3156 2916 3377 2976 inventi
3413 2913 3632 2975 fuerint
3665 2913 3724 2973 in

2069 3004 2292 3078 Judaaa,
2330 3006 2601 3082 fugiant:
2652 3016 2707 3067 et
2740 3008 2789 3067 is
2837 3008 2935 3087 qui
2991 3025 3169 3087 supra
3213 3013 3456 3077 tectum,
3506 3002 3725 3064 nullius

2068 3096 2153 3154 rei
2187 3094 2373 3171 gratia
2402 3113 2532 3175 quze
2562 3095 2621 3155 in
2654 3097 2854 3167 domo,
2890 3103 3241 3157 revertatur.
3278 3092 3535 3174 Expedit
3563 3093 3721 3153 enim

2070 3192 2131 3243 ut
2162 3183 2294 3262 quis
2321 3184 2409 3245 vel
2444 3185 2601 3245 nudo
2629 3203 2877 3265 corpore
2909 3184 3102 3246 salvus
3129 3184 3245 3246 fiat.
3292 3183 3542 3264 Insuper
3566 3200 3647 3243 va:
3669 3191 3726 3243 et

334 3278 456 3329 τοῖς
506 3265 757 3346 ἐχούσαις
816 3268 972 3324 τέκνα
1027 3268 1115 3324 καὶ
1156 3273 1279 3330 τᾶϊς
1328 3266 1560 3346 ἐγκύοις,
1615 3268 1748 3325 οὒαὶ.
1790 3268 1983 3341 Διατίς

2076 3272 2534 3355 praegnantibus,
2571 3282 2627 3334 et
2653 3274 3000 3334 lactantibus
3023 3293 3128 3336 vae.
3165 3272 3359 3347 Quare
3380 3279 3408 3336 ?
3438 3270 3586 3344 Quia
3606 3290 3722 3332 non

342 3355 488 3411 Διότι
535 3356 588 3411 αἱ
644 3356 741 3430 μὲν
808 3355 1026 3437 ἔχουσαι
1090 3356 1247 3413 τέκνα
1418 3356 1547 3435 πρὸς
1601 3355 1732 3413 αὐτὰ
1789 3361 1987 3435 στοργῇ

336 3443 723 3524 κατεχόμεναι,
787 3448 846 3503 ού
875 3444 1186 3515 δυνήσονται
1229 3445 1462 3525 φεύγειν,
1498 3447 1547 3500 αἱ
1604 3444 1659 3500 δὲ
1690 3445 1743 3501 ἐν
1802 3448 1987 3524 γαστρὶ

340 3532 583 3613 ἔχουσαι,
643 3532 727 3591 διὰ
754 3536 815 3592 τὸ
843 3540 941 3602 τῆς
972 3535 1249 3615 κυοφορίας
1304 3532 1494 3613 ἄχθος,
1528 3531 1643 3591 οὐδὲ
1676 3537 1827 3591 αὗται
1886 3534 1985 3613 ρᾳ-

336 3619 447 3677 δίαν
502 3623 601 3690 την
656 3623 827 3702 φυγὴν
894 3623 1114 3689 ἕξουσιν,
1174 3623 1343 3697 Οἶμαι
1375 3622 1429 3679 δὲ
1477 3624 1567 3681 καὶ
1596 3624 1692 3690 τὴν
1721 3644 1986 3703 τεκνοφα-

337 3712 453 3788 γίαν
520 3715 736 3771 ἐνταῦθα
786 3714 1084 3788 σημαίνειν,
1123 3714 1209 3770 Ἐν
1242 3713 1341 3791 γὰρ
1371 3720 1447 3788 τῷ
1478 3711 1623 3789 λιμῷ
1670 3711 1987 3792 πολιορκού-

335 3822 508 3880 μενοι,
541 3803 626 3858 καὶ
653 3807 761 3857 τῶν
791 3802 986 3859 τέκνων
1024 3802 1259 3878 ἥψαντο.

422 3915 445 3945 ε
500 3892 859 3973 Προσεύχεσθε
931 3890 1010 3973 δὲ,
1067 3892 1158 3948 ἵνα
1188 3896 1266 3968 μὴ
1311 3893 1528 3972 γένητλι
1579 3890 1614 3958 ἦ
1661 3892 1802 3971 φυγὴ
1831 3893 1986 3967 ἡμῶν

334 3985 629 4060 χειμῶνος.
691 3972 953 4038 ’Ἔσονται
996 3972 1123 4061 γὰρ
1175 3985 1226 4038 αἱ
1276 3981 1470 4061 ἡμέραι
1521 3978 1725 4037 ἐκεῖναι
1782 3978 1981 4056 θλίψις,

331 4067 423 4124 θ’ία
482 4068 541 4126 οὗ
598 4070 785 4149 γέγονε
849 4072 1071 4137 τοιαύτη
1129 4069 1223 4127 ἀπ’
1281 4071 1457 4151 ἀρχῆς
1488 4070 1710 4132 κτίσεως
1738 4068 1807 4135 ἧς
1833 4068 1980 4125 ἔκτι-

328 4179 419 4213 σεν
478 4161 505 4215 6
563 4162 693 4224 Θεὸς
763 4158 863 4221 Ῐως
893 4170 986 4218 τοῦ
1016 4166 1125 4233 νῦν,
1159 4162 1246 4215 καὶ
1288 4164 1346 4218 o6
1375 4159 1453 4234 μή
1502 4158 1742 4236 γένηται.
1786 4160 1883 4217 Καὶ
1939 4160 1981 4214 εί

329 4247 410 4321 μὴ
484 4249 669 4327 Κύριος
728 4247 1025 4305 ἐκολόϐωσε
1082 4250 1175 4314 τὰς
1255 4248 1481 4327 ἡμέρας,
1537 4251 1631 4306 οὐκ
1700 4245 1762 4302 ἂὶν
1808 4247 1979 4314 ἐσώθη

329 4343 477 4394 πᾶσα
534 4337 681 4417 σὰρξ,
741 4337 877 4394 ἀλλὰ
921 4336 1003 4393 διὰ
1059 4339 1178 4400 τοὺς
1252 4337 1527 4399 ἐκλεκτοὺς
1561 4335 1649 4399 οἷῖς
1682 4334 1974 4405 ἐξελέξατο,

330 4425 627 4484 ἐκολόϐωσε
682 4428 779 4491 τὰς
830 4427 1054 4505 ἢμέρας.
1122 4452 1147 4481 n
1186 4430 1242 4485 Ei
1301 4448 1571 4508 χειμωνος
1642 4426 1742 4504 γὰρ
1771 4424 1977 4502 γένοιτο

329 4519 364 4585 ἡ
424 4518 591 4596 φυγὴ,
646 4517 751 4573 ἀπὸ
806 4523 904 4584 τῆς
961 4526 1053 4574 τοῦ
1109 4523 1291 4595 καιροῦ
1345 4514 1615 4580 δυσκολίας
1658 4513 1975 4590 ἐμποδισθήο

330 4628 511 4663 σονται
569 4609 616 4663 οἱ
667 4607 875 4687 φεύγειν
932 4606 1196 4676 θέλοντες,
1270 4607 1357 4661 καὶ
1405 4603 1543 4666 ὅλως
1569 4602 1743 4679 θλίψις
1799 4601 1966 4674 ἔσται,

327 4701 433 4750 τῶν
504 4696 722 4752 πώποτε
781 4695 1081 4773 γενομένων
1112 4694 1147 4762 ἤ
1187 4692 1559 4773 γενησομένων
1602 4690 1975 4773 χαλεπωτέρα.

328 4785 428 4842 Καὶ
484 4785 528 4841 εί
588 4784 665 4860 μὴ
724 4782 1053 4841 ἐκολόϐωσεν
1126 4784 1153 4839 ὅ
1214 4785 1368 4855 Θεὸς,
1401 4781 1666 4862 τουτέστι,
1708 4783 1981 4856 συντόμως

328 4872 581 4929 κατέλυσε
650 4875 741 4930 τὸν
794 4873 1025 4949 πόλεμον
1085 4880 1189 4930 τῶν
1248 4871 1547 4948 Ῥωμαίων,
1582 4875 1677 4930 οὐκ
1705 4869 1765 4927 ἄν
1807 4871 1979 4939 ἐσώθη

326 4968 471 5019 πᾶσα
529 4962 684 5039 σάρξ,
732 4963 1023 5035 τουτέστιν,
1081 4960 1338 5026 Ἰουδαῖος
1398 4965 1491 5020 οὐκ
1559 4960 1621 5015 ἄν
1664 4960 1973 5041 ὑπελείφθη·

328 5050 463 5108 ἀλλὰ
534 5050 617 5108 διὰ
675 5052 796 5115 τοὺς
870 5051 1168 5115 ἐκλεκτοδς.
1201 5050 1438 5107 τουτέστι
1467 5051 1588 5115 τοὺς
1634 5048 1685 5114 ἐξ
1720 5048 1978 5128 Ἐϐραίων

326 5142 736 5221 πιστεύσαντας,
787 5140 821 5208 ἥ
888 5142 975 5197 καὶ
1050 5140 1263 5219 ὕστερον
1328 5138 1619 5209 μέλλοντας
1687 5139 1972 5212 πιστεύειν,

326 5228 586 5297 κατελύθη
658 5230 930 5306 συντόμως
991 5232 1019 5286 6
1060 5229 1321 5305 πόλεμος.
1381 5228 1439 5286 Ὀ
1491 5230 1590 5307 γὰρ
1621 5230 1751 5290 Θεὸς
1792 5250 1979 5306 προγιο

328 5320 568 5399 νώσκων,
620 5320 698 5376 ὅτι
750 5317 801 5385 ἐξ
870 5318 1126 5400 Ἐϐραίων
1184 5318 1373 5376 πολλοὶ
1450 5318 1781 5374 πιστεύσουσι
1842 5318 1975 5391 μετὰ

324 5409 421 5477 τὴν
473 5408 693 5488 ἅλωσιν,
756 5410 941 5466 τούτου
988 5410 1147 5489 χάριν
1212 5410 1272 5464 ού
1323 5406 1665 5486 συνεχώρησε
1698 5404 1972 5469 παντελῶς

322 5498 670 5579 ἀφανισθῆναι
724 5499 783 5553 τὸ
853 5497 1031 5577 γένος,
1092 5498 1315 5553 Δύναται
1366 5493 1421 5551 δὲ
1489 5503 1652 5553 ταῦτα
1700 5495 1786 5551 καὶ
1834 5493 1969 5549 ἀνα-

317 5590 518 5668 χθῆναι
576 5586 916 5659 ἠθικώτερον.
982 5584 1257 5664 Βδέλυγμα
1318 5584 1410 5652 τῆς
1468 5584 1816 5665 ἐρημώσεως,
1864 5582 1973 5640 ἐστὶ

318 5683 421 5734 πᾶν
480 5675 655 5754 νόημα
704 5677 1011 5755 σατανικὸν,
1046 5675 1212 5740 ἑστὼς
1268 5677 1323 5731 iv
1352 5673 1500 5749 τόπῳ
1546 5676 1702 5754 ἁγίῳ,
1736 5680 1814 5747 τῷ
1839 5674 1971 5748 ἡμε-

2072 3371 2323 3437 possunt
2351 3362 2867 3441 fugere;muliercs
2897 3361 3115 3444 quibus
3146 3372 3283 3423 sunt
3313 3361 3504 3443 pueri,
3539 3360 3721 3422 affec-

2074 3449 2234 3510 tione
2292 3470 2428 3530 erga
2486 3452 2619 3512 illos
2679 3453 2951 3516 detentae.
3037 3456 3417 3533 Prmgnantes
3487 3468 3723 3533 quoque

2072 3547 2319 3620 propter
2349 3541 2502 3601 uteri
2535 3541 2825 3603 sarcinam
2880 3561 3072 3623 neque
3122 3543 3267 3622 ipsa)
3323 3540 3493 3603 facile
3527 3541 3719 3619 fugam

2072 3627 2405 3689 inveniunt.
2444 3629 2726 3691 Existimo
2757 3639 2957 3691 autem
3011 3630 3167 3710 quod
3231 3638 3286 3691 et
3344 3647 3562 3709 pueros
3612 3629 3723 3688 hoc

2075 3715 2204 3777 loco
2238 3718 2535 3796 significet
2566 3724 2884 3781 vorandos.
2919 3719 3098 3780 Fame
3143 3719 3301 3780 enim
3334 3717 3561 3780 obsessi
3612 3736 3722 3780 nec

2072 3807 2278 3887 pueris
2312 3817 2727 3887 pepercerunt.

2155 3885 2332 3948 Vsus.
2380 3885 2590 3950 l8-‘20.
2641 3912 2666 3942 α
2723 3886 2902 3949 Orate
2951 3894 3146 3948 autem
3193 3905 3266 3947 ne
3325 3885 3462 3965 fuga
3518 3893 3715 3947 vestra

2070 3975 2171 4036 ﬁat
2201 3976 2438 4056 hyeme.
2474 3977 2667 4039 Erunt
2715 3976 2873 4037 enim
2932 3976 3061 4038 dies
3118 3975 3204 4036 illi
3266 3974 3399 4037 talis
3445 3973 3715 4054 afﬂictio,

2066 4066 2257 4144 qualis
2288 4084 2406 4126 non
2438 4066 2548 4127 fuit
2588 4065 2659 4127 ab
2692 4065 2863 4126 initio
2909 4083 3109 4126 rerum
3147 4063 3541 4137 conditarum,
3574 4080 3719 4143 quas

2066 4154 2332 4215 condidit
2366 4156 2544 4226 Deus,
2581 4173 2769 4235 usque
2803 4156 2873 4216 ad
2923 4154 3035 4215 hoc
3080 4162 3336 4234 tempus,
3385 4170 3494 4214 nec
3524 4155 3719 4212 fututa

2066 4254 2176 4304 est.
2212 4244 2286 4305 Et
2310 4243 2420 4303 nisi
2452 4243 2738 4305 Dominus
2761 4242 3317 4305 ablireviassetdies
3346 4240 3500 4322 illos,
3536 4239 3717 4302 haud-

2065 4349 2355 4410 quaquam
2390 4331 2545 4391 salva
2578 4332 2787 4392 fuisset
2818 4332 3092 4393 universa
3123 4348 3286 4391 caro.
3328 4329 3444 4393 Sed
3478 4336 3719 4409 propter

2062 4421 2286 4483 electos
2316 4440 2464 4501 quos
2496 4420 2696 4500 elegit,
2730 4420 3092 4482 abbreviavit
3122 4420 3273 4481 dies.
3315 4444 3337 4477 ι
3397 4420 3455 4482 Si
3505 4420 3716 4499 hyeme

2061 4509 2201 4587 fuga
2231 4512 2420 4589 fieret,
2448 4511 2734 4591 tomporis
2761 4511 2977 4589 iujuria
3007 4509 3431 4590 impedimenta
3456 4505 3715 4569 habituri

2066 4608 2267 4661 essent
2297 4600 2499 4678 fugere
2530 4598 2819 4679 volentes,
2854 4609 2911 4660 et
2941 4598 3187 4660 omnino
3229 4596 3469 4659 afflictio
3519 4596 3713 4657 futura

2004 4681 2156 4750 Dest
2188 4708 2423 4763 earum,
2456 4707 2585 4768 qum
2616 4688 2854 4750 fuerunt
2877 4689 2963 4750 vel
2989 4698 3164 4749 erunt
3196 4705 3451 4767 unquam
3485 4688 3711 4765 gravis-

2065 4776 2238 4853 sima,
2274 4786 2331 4838 et
2363 4777 2476 4838 nisi
2526 4776 2930 4840 abbreviasset
2981 4778 3163 4857 Deus,
3213 4777 3327 4838 hoc
3381 4784 3491 4849 est,
3540 4776 3711 4837 citius

2064 4864 2467 4929 Romanorum
2502 4865 2722 4927 bellum
2756 4866 3144 4941 dissolvisset,
3168 4884 3286 4926 non
3321 4868 3529 4927 tuisset
3554 4868 3711 4927 salva

2063 4957 2337 5017 universa
2368 4957 2647 5031 caro,hoc
2672 4957 3031 5030 est,Judzeus
3059 4974 3176 5016 non
3210 4954 3412 5016 fuisset
3445 4954 3709 5018 relictus.

2062 5046 2178 5107 Sed
2215 5054 2455 5124 propter
2484 5045 2730 5120 electos,
2773 5046 2883 5106 hoc
2916 5053 3025 5121 est,
3083 5063 3185 5105 eos
3237 5043 3336 5124 qui
3395 5061 3466 5104 ex
3496 5043 3712 5107 Judmis

2061 5134 2471 5207 crediderunt,
2528 5134 2615 5195 vel
2674 5144 2881 5214 postea
2928 5132 3217 5196 credituri
3274 5143 3433 5208 sunt,
3487 5132 3708 5194 bellum
3796 5148 3799 5155 ·

2060 5223 2229 5284 citius
2261 5223 2625 5303 diremptum
2655 5236 2761 5282 est.
2791 5223 2947 5286 Deus
2972 5226 3128 5284 enim
3153 5222 3290 5303 quia
3321 5224 3712 5303 prazcognovit

2058 5331 2126 5374 ex
2160 5310 2429 5373 Hebrzeis
2464 5312 2683 5373 multos
2735 5320 2866 5392 post
2918 5312 3315 5393 captivitatem
3348 5312 3704 5390 credituros,

2058 5421 2173 5463 non
2212 5402 2479 5481 permisit
2511 5409 2695 5462 totum
2736 5421 2923 5477 genus
2952 5402 3203 5464 aboleri.
3241 5403 3707 5464 l’ossuntautem

2057 5491 2181 5552 haec
2217 5490 2424 5551 morali
2456 5507 2635 5551 sensu
2669 5491 2753 5551 sic
2794 5492 3017 5569 exponi
3053 5510 3065 5554 :
3118 5490 3501 5553 Abominatio
3531 5491 3707 5553 deso-

2055 5578 2291 5642 latiouis
2325 5590 2415 5640 est
2445 5578 2637 5640 omnis
2670 5578 2962 5643 diabolica
3006 5580 3308 5661 cogitatio,
3344 5599 3475 5661 qua:
3504 5589 3619 5643 stat
3648 5583 3706 5643 in

2058 5671 2186 5731 loro
2217 5676 2446 5749 sancto,
2480 5668 2593 5730 hoc
2622 5676 2711 5731 est
2740 5678 2938 5731 nostra
2970 5671 3375 5733 mente.Tunc
3405 5669 3586 5749 igitur
3606 5674 3707 5753 qui
