4162 6228
425 270 545 340 643

1402 276 2000 340 THEOPHYLACTI
2050 268 2461 336 BULGARUE
2500 270 2853 334 ARCHIEP.

3691 272 3807 336 644

432 410 892 475 Consideremus
924 417 1121 474 autem
1177 411 1375 475 verba.
1408 410 1601 473 Tarde
1659 408 1894 491 quidem
1940 418 2069 469 tunc

2160 403 2460 461 συντέλειαν
2512 414 2603 463 τοῦ
2666 406 2802 481 βίου,
2858 404 2971 461 εἴτε
3027 406 3126 473 τὴν
3182 405 3488 487 καθολικὴν,
3546 406 3658 463 εἴτε
3707 409 3807 475 τὴν

427 500 592 561 adest
614 501 771 575 linis,
794 501 1031 581 quando
1062 502 1194 583 quis
1239 501 1298 563 in
1350 501 1506 563 bona
1533 509 1774 562 senecta
1804 499 2073 559 moritur-

424 589 620 653 Media
635 599 832 651 autem
856 601 1190 665 nocte,cum
1220 592 1474 653 mediam
1496 598 1729 654 aetatem
1759 586 2075 668 peregerit.

425 676 489 739 In
510 677 809 757 gallicinio
829 680 1296 761 autem,quando
1328 680 1387 740 in
1419 678 1590 740 nobis
1612 677 1760 738 ratio
1783 677 2077 758 completa

424 765 619 830 fuerit.
653 766 853 831 Gallus
884 769 1042 832 enim
1076 773 1227 830 ratio
1273 778 1383 839 est,
1430 786 1559 848 quae
1614 786 1720 827 nos
1777 786 1811 827 a
1867 785 2074 826 somno

428 857 727 931 excitat,et
753 865 1053 938 stuporem
1083 855 1493 938 repellit.Cum
1513 856 1852 935 igiturpuer
1877 855 2081 934 incipit

418 947 584 1026 juxta
609 946 897 1009 rationem
916 947 1115 1008 vivere
1142 957 1197 1008 et
1219 954 1601 1027 sapere,tunc
1615 945 1807 1024 gallus
1825 945 1879 1005 ei
1898 944 2075 1005 canit.

427 1036 759 1097 Diluculum
793 1044 988 1098 autem
1014 1036 1253 1098 omnino
1277 1035 1522 1115 puerilis
1548 1044 1685 1095 aetas
1717 1042 1827 1095 est.
1854 1035 2078 1095 Omnes

424 1124 603 1200 igitur
634 1123 810 1184 tinem
847 1125 905 1184 in
940 1126 1227 1185 memoria
1260 1123 1485 1185 habere
1534 1132 1810 1202 oportet:
1846 1119 2079 1181 etiamsi

428 1211 559 1292 quis
591 1230 739 1291 puer
768 1212 1301 1292 sit,providendum
1336 1232 1409 1273 ne
1430 1211 1575 1271 forte
1608 1230 1723 1270 non
1749 1209 2076 1288 baptizatus

426 1302 730 1364 moriatur.
758 1299 1050 1363 Omnibus
1080 1310 1272 1362 autem
1310 1301 1432 1361 hasc
1463 1299 1735 1381 praecipit
1766 1297 2071 1378 Dominus,

424 1399 480 1452 et
510 1390 603 1451 his
636 1390 736 1470 qui
789 1390 849 1451 in
899 1390 1120 1450 mundo
1168 1390 1393 1462 vivunt,
1428 1398 1484 1449 et
1516 1390 1606 1450 his
1657 1387 1756 1467 qui
1800 1405 2073 1448 secesse-

422 1478 890 1551 runt.Debemus
920 1479 1099 1558 igitur
1123 1478 1361 1558 vigilare
1394 1486 1451 1539 et
1476 1476 1934 1556 orare.Utraque
1951 1478 2075 1538 haec

427 1569 768 1630 necessaria
798 1576 953 1629 sunt.
1005 1567 1168 1629 Multi
1208 1567 1363 1628 enim
1411 1565 1665 1643 vigilant.
1703 1564 1804 1626 sed
1842 1574 2072 1627 noctem

424 1658 577 1719 male
602 1657 1099 1719 absumunt.\’ide
1128 1667 1325 1719 autem
1359 1656 1658 1737 quomodo
1685 1674 1798 1716 non
1831 1654 2068 1716 dixerit:

2164 495 2277 557 ἑνὸς
2350 494 2595 569 ἑκάστου,
2666 493 2758 549 ἵνα
2817 495 2890 558 ὡς
2947 493 3146 566 ἀδήλου
3176 495 3325 560 ὀκιτος
3367 504 3460 555 τοῦ
3486 494 3695 573 τέλους,
3727 499 3807 552 ἀεὶ

2161 583 2564 662 ἀγωνιζώμεθα,
2660 582 3053 663 προσδοκῶντες
3142 584 3269 642 αὐτὸ
3335 586 3423 642 καὶ
3491 583 3807 667 φοϐύμινοι

2162 673 2242 748 μὴ
2297 673 2595 749 ἀνετοίμοις
2653 671 2871 751 ἐπιστῇ.
2946 674 3062 751 (84)
3098 676 3481 752 ,Σκοπήσωμεν
3507 674 3561 731 δὲ
3596 676 3810 739 καὶτὰς

2160 760 2350 837 λέξεις,
2428 763 2540 839 Οψὲ
2566 762 2664 838 μὲν
2720 761 2991 842 ἐφίσταται
3021 764 3082 820 τὸ
3110 763 3287 838 τέλος,
3349 763 3474 821 ὅταν
3505 786 3588 830 τις
3632 765 3810 845 γηρά-

2163 873 2259 915 σας
2331 852 2594 929 ἀποθάνῃ.
2668 853 3019 910 Μεσονυκτίου
3061 851 3138 929 δὲ,
3198 853 3325 911 ὅταν
3354 876 3434 917 τις
3465 853 3638 930 μέσης
3677 852 3806 923 ἡλι-

2161 941 2277 1004 κίας
2336 940 2452 1008 εἴη.
2526 940 3007 1021 Ἀλεκτοροφωνίας
3051 940 3107 999 δὲ
3136 942 3263 999 ὃταν
3296 945 3324 999 ὁ
3367 941 3525 1023 λόγος
3553 944 3610 999 ἐν
3672 945 3809 1019 ἡμῖν

2162 1029 2547 1110 συμπληρωθῇ.
2637 1028 2904 1110 Ἀλέκτωρ
2971 1033 3070 1111 γὰρ
3153 1035 3182 1089 ὁ
3249 1032 3430 1111 λόγος,
3593 1033 3809 1113 ἐγείρων

2158 1120 2299 1194 ἡμᾶς
2374 1120 2479 1176 ἀπὸ
2533 1122 2628 1177 τοῦ
2693 1120 2857 1181 ὕπνου
2924 1127 3024 1189 τῆς
3082 1123 3449 1190 ἀναισθησίας.
3489 1112 3664 1180 ιὈταν
3720 1122 3811 1179 οὖν

2160 1206 2379 1287 ἄρξηται
2436 1210 2572 1265 κατὰ
2616 1207 2776 1287 λόγον
2837 1215 2931 1287 ζῇν
2988 1215 3016 1268 ὁ
3066 1226 3201 1276 παῖς
3243 1212 3331 1268 καὶ
3356 1224 3596 1291 φρονεῖν,
3624 1212 3747 1269 τότε
3776 1213 3804 1271 ὁ

2159 1296 2396 1371 ἀλέκτωρ
2459 1298 2514 1354 ἐν
2569 1302 2715 1374 αὐτῷ
2764 1320 2949 1379 φωνει.
3028 1302 3216 1379 Πρωΐα
3289 1298 3367 1380 δὲ,
3441 1302 3477 1369 ἡ
3531 1300 3808 1365 παντελῶς

2158 1384 2379 1454 παιδική
2409 1386 2613 1456 ἡλικία.
2651 1397 2748 1444 Δεῖ
2775 1388 2870 1444 οὖν
2920 1389 3122 1454 πάντας
3178 1393 3515 1469 προνοεῖσθαι
3570 1397 3663 1448 τοῦ
3713 1390 3813 1447 τές

2158 1478 2307 1540 λους,
2371 1475 2477 1534 Κᾶν
2529 1478 2628 1555 γὰρ
2683 1475 2890 1535 παιδίον
2946 1476 3069 1554 εἴη,
3126 1480 3451 1559 προνοητέον
3481 1480 3569 1536 καὶ
3598 1480 3810 1556 τούτου,

2158 1566 2357 1640 μήπως
2386 1564 2708 1625 ἀϐάπτιστον
2751 1566 2993 1630 ἀπέλθοι.
3053 1574 3190 1624 Πᾶσι
3229 1566 3285 1624 δὲ
3312 1574 3476 1625 ταῦτα
3502 1567 3812 1648 παραγγέλ-

2156 1653 2236 1711 λει
2270 1657 2299 1710 ὁ
2344 1655 2551 1734 Κύριος,
2586 1657 2675 1712 καὶ
2716 1669 2835 1721 τοῖς
2891 1655 3336 1737 κοσμικωτέροις,
3399 1659 3486 1714 καὶ
3512 1672 3632 1722 τοῖς
3673 1657 3809 1716 ἀνα-

306 2292 313 2303 ‘
393 2297 556 2341 cum
576 2280 807 2359 jactura
841 2280 1249 2359 paenitentiam
1272 2296 1607 2357 ageremus.

421 1747 635 1809 Nescio
668 1747 824 1808 enim
849 1745 1081 1824 quando
1116 1757 1349 1827 tempus
1373 1755 1463 1807 est
1514 1743 1926 1819 sed,Nescitis.
1954 1746 2069 1807 Oc-

2159 1758 2463 1825 χωρηταῖς.
2533 1745 2846 1826 Ὀφείλομεν
2903 1747 2993 1803 οὖν
3078 1760 3369 1825 γρηγορεῖν
3438 1748 3527 1804 καὶ
3583 1749 3810 1827 προσεύ-

422 1836 660 1898 cultavit
689 1836 846 1897 enim
880 1836 1019 1896 246
1052 1845 1309 1897 nostram
1358 1835 1431 1896 ob
1467 1835 1781 1895 utilitatem
1843 1831 1985 1893 Nam
2019 1832 2069 1894 si

2154 1838 2341 1913 χεσθαι
2425 1832 2587 1913 ἄμφω
2642 1842 2831 1899 ταῦτα.
2912 1834 3108 1894 Πολλοὶ
3176 1837 3276 1915 γὰρ
3346 1844 3661 1915 γρηγοροῦσι
3711 1839 3812 1913 μὲν

421 1945 600 2002 ηυιιο,
632 1944 763 1986 cum
795 1932 883 1986 est
914 1926 1046 1986 linis
1089 1925 1296 1987 mundi
1330 1926 1616 1994 incertus,
1657 1921 1874 1982 mutuis
1923 1922 2069 1983 odiis

2155 1921 2274 1979 ἀλλ’
2332 1925 2406 1987 εἷς
2448 1924 2659 2001 πονηρὰ
2711 1924 2806 1989 τὰς
2870 1925 3060 1990 νύκτας
3132 1923 3528 1991 ἀναλίσκοντες.
3601 1935 3709 2005 Ορα
3756 1924 3810 1981 δὲ

422 2016 771 2090 insanimus,
796 2012 934 2095 quid
962 2034 1077 2075 non
1112 2014 1442 2075 faceremus
1473 2014 1734 2074 scientes
1767 2010 1978 2072 ﬁnem?
2008 2010 2069 2071 In

2158 2020 2273 2077 πῶς
2319 2013 2414 2070 οὒκ
2462 2017 2641 2096 εἶπεν,
2696 2012 2804 2095 ὅτι,
2864 2016 2971 2073 Ούκ
3012 2012 3139 2073 οἶδα
3178 2015 3307 2072 πότε
3338 2017 3367 2072 ὁ
3408 2016 3588 2095 καιρός
3644 2016 3807 2097 ἐστιν,

420 2112 741 2164 extremam
759 2121 903 2163 sane
918 2102 1193 2163 malitiam
1220 2103 1655 2162 insumeremus
1677 2110 1907 2181 tempus
1919 2100 2069 2182 quod

2160 2100 2279 2159 ἀλλ’
2340 2104 2446 2160 Οὑκ
2502 2100 2707 2162 οἴδατε.
2769 2104 2867 2160 Διά
2922 2104 3022 2183 γὰρ
3080 2106 3143 2160 τὸ
3198 2105 3353 2179 ἡμῶν
3405 2104 3669 2185 συμφέρον
3709 2105 3811 2162 ἀπ-

422 2191 553 2251 νὶιω
587 2192 765 2251 ﬁnem
799 2192 1185 2269 praecederet,
1219 2191 1435 2250 deinde
1477 2190 1681 2250 ultimo
1716 2190 1813 2250 die
1844 2209 2069 2251 summa

2160 2192 2411 2272 έκρυψεν.
2474 2195 2531 2251 Εἰ
2574 2194 2674 2272 γὰρ
2706 2194 2796 2250 καὶ
2852 2200 2939 2249 νῦν
2994 2192 3192 2264 ἀδήλου
3260 2202 3353 2253 τοῦ
3406 2192 3593 2260 τέλους
3632 2192 3805 2265 ὄντος,

2155 2282 2274 2339 κατ’
2324 2282 2577 2353 ἀλλήλων
2634 2282 2955 2364 μαινόμεθα,
3029 2284 3080 2340 τί
3153 2284 3247 2340 οὔκ
3305 2282 3367 2340 ἂν
3420 2286 3702 2361 ἐποιοῦμεν
3755 2294 3801 2348 εἰ

420 2369 777 2447 ἐγινώσκομεν
825 2372 886 2424 τὸ
919 2368 1122 2448 τέλος,
1181 2372 1264 2431 Εἷς
1319 2370 1560 2447 ἐσχάτην
1617 2370 1717 2446 γὰρ
1773 2370 1964 2425 κακίαν
2014 2371 2107 2426 τὸν
2151 2373 2251 2451 πρὸ
2282 2378 2380 2439 τῆς
2436 2371 2689 2439 τελευτῆς
2732 2374 2915 2452 καιρὸν
2968 2371 3321 2449 ἂνηλὶσκομεν
3365 2371 3449 2453 ἂν,
3507 2376 3626 2430 εἶτα
3697 2381 3795 2452 μιᾷ

419 2457 593 2537 ἡμέρᾳ
623 2458 903 2533 μετάνοιαν
946 2456 1349 2532 ἐνδεικνύμενοι,
1386 2454 1751 2531 ἐϐλαπεόμεθα
1799 2458 1859 2512 ἂν
1891 2461 1953 2514 τὰ
1989 2460 2257 2539 χείριστα.

1062 2545 1300 2610 CAPUT
1340 2545 1493 2608 XIV.

2789 2557 3044 2614 ΚΕΦΑΛ.
3075 2550 3189 2613 IA'.

418 2639 507 2703 De
519 2640 800 2725 “muliere
826 2638 1082 2725 Domini
1109 2640 1610 2725 pedes_ungente.
1651 2642 1733 2700 De
1755 2639 2067 2725 Easchate.

2154 2642 2430 2725 ΠερὶΑτῆς
2491 2644 2793 2720 ἀλειψάσης
2848 2646 2940 2701 τὸν
3013 2644 3199 2725 Κύριον
3255 2644 3426 2724 μύρῳ,
3519 2646 3643 2725 Περὶ
3713 2653 3808 2704 τοῦ

506 2719 599 2804 De
627 2721 949 2804 traditione
980 2719 1242 2804 Christi.
1285 2721 1371 2781 De
1401 2722 1721 2804 negatione
1751 2719 1945 2804 Petri.
1982 2721 2069 2782 De

2233 2722 2451 2803 Πάσχα.
2532 2719 2657 2803 Περὶ
2753 2725 2849 2793 τῆς
2948 2731 3039 2781 τοῦ
3090 2719 3384 2804 ’Χριστοῧή
3432 2719 3801 2804 παραδόσεως.

506 2800 806 2886 impositis
837 2800 1080 2862 Christo
1130 2818 1328 2863 comm
1378 2801 1660 2881 principe
1688 2800 2066 2863 sacerdotum

2234 2800 2510 2886 Περῖ⁷τῆς
2551 2800 2855 2886 ἀρνήσεως
2935 2807 3027 2886 τού
3106 2800 3331 2885 Πέτρου,
3393 2800 3524 2886 Περῖ
3567 2811 3671 2864 τῶν
3727 2812 3807 2879 τῷ

504 2881 859 2943 calumniis.

2434 2884 2577 2964 παρά
2604 2881 2683 2958 τῷ
2712 2885 2959 2965 ἀρχιερεῖ
2987 2881 3324 2944 ἐπιτεθεισῶν
3352 2881 3560 2949 αἰτιῶν.

498 2972 1013 3037 VEBS.i-5.«Erat
1034 2982 1229 3035 autem
1255 2974 1475 3036 Pascha
1506 2987 1557 3035 et
1580 2993 1918 3055 azymorum
1942 2973 2069 3036 dies

2235 2957 2332 3034 Ἠν
2382 2957 2447 3033 δὲ
2487 2957 2550 3035 τὸ
2594 2957 2922 3059 Πάσχα-καὶ
2976 2978 3044 3034 τὰ
3072 2975 3268 3053 ἄζυμα,
3299 2981 3434 3056 μετὰ
3461 2976 3550 3036 δύο
3578 2979 3801 3059 ἡμέρας.

420 3064 597 3125 futuri
632 3072 761 3143 post
791 3061 1033 3124 biduum
1066 3062 1136 3124 Et
1170 3063 1514 3143 quaarebant
1544 3067 1756 3127 summi
1789 3063 2069 3126 sacerdo-

2157 3068 2256 3125 Καὶ
2312 3064 2529 3138 ἐζήτουν
2586 3068 2634 3125 οἱ
2676 3066 2951 3148 ἀρχιερεῖς
3000 3067 3097 3124 καὶ
3152 3070 3201 3125 οἱ
3268 3074 3634 3147 Γραμματεῖς,
3689 3075 3804 3132 πῶς

414 3160 505 3217 tes
521 3171 588 3213 ac
606 3150 831 3215 Scrisz
851 3152 1147 3231 quomodo
1174 3171 1308 3213 eum
1334 3172 1439 3233 per
1461 3153 1659 3214 dolum
1683 3153 2069 3233 comprehen-

2155 3154 2310 3212 αὐτὸν
2368 3155 2422 3211 ἐν
2477 3155 2617 3233 δόλῳ
2669 3158 3030 3237 κρατήσαντες
3100 3156 3505 3222 ἀποκτείνωσιν,
3559 3155 3804 3237 ’Ἔλεγον

417 3260 549 3303 sum
581 3238 1242 3303 occiderent.Dicebant
1271 3251 1468 3303 autem
1499 3261 1512 3305 :
1538 3244 1667 3305 Non
1688 3242 1746 3303 in
1778 3242 1875 3303 die
1895 3243 2069 3322 festo,

2154 3242 2235 3326 δὲ,
2282 3245 2372 3313 Μὴ
2417 3245 2469 3303 ἐν
2499 3252 2567 3323 τῇ
2600 3247 2780 3326 ἑορτῇ,
2840 3248 3050 3322 μήποτε
3104 3243 3320 3326 θόρυϐος
3350 3245 3497 3305 ’ἐσται
3527 3254 3622 3305 τοῦ
3648 3246 3803 3310 λαοῦ.

427 3349 505 3391 ne
531 3328 817 3390 tumultus
840 3329 941 3389 ﬁat
974 3329 1196 3410 populi.
1230 3331 1304 3392 Et
1332 3349 1465 3391 cum
1497 3340 1652 3392 esset
1681 3331 1980 3393 Bethania;
2008 3331 2068 3392 in

2157 3336 2256 3393 Καὶ
2310 3332 2462 3400 ὄντος
2518 3337 2676 3393 αὒτοῦ
2744 3335 2798 3392 ἐν
2855 3336 3087 3409 Βηθανίᾳ
3128 3334 3184 3391 ἐν
3239 3336 3376 3409 οἰκίᾳ
3428 3336 3671 3412 Σίμωνος
3713 3343 3805 3394 τοῦ

426 3417 873 3481 domoSimonis
904 3417 1539 3498 leprosi,accumbente
1563 3438 1656 3495 eo,
1681 3421 1841 3481 venit
1862 3421 2071 3484 mulier

420 3507 649 3569 habens
668 3505 1021 3569 alabastrum
1039 3509 1321 3587 unguenti
1346 3509 1511 3569 nardi
1533 3509 1757 3589 pisticze
1775 3512 2067 3590 pretiosae;

420 3607 481 3662 et
528 3597 893 3659 comminuto
923 3596 1217 3659 alabastro
1252 3599 1456 3659 elTudit
1484 3599 1569 3659 illi
1593 3599 1648 3659 in
1679 3610 1873 3680 caput.
1896 3598 2074 3669 Erant

417 3696 613 3749 autem
669 3686 910 3766 quidam
971 3686 1070 3767 qui
1120 3687 1575 3767 indignarentur
1621 3690 1773 3767 apud
1816 3707 1971 3768 sese,
2006 3708 2074 3750 ac

413 3776 702 3839 dicerent:
733 3777 823 3837 Ad
851 3776 991 3856 quid
1027 3777 1279 3856 perditio
1314 3779 1437 3838 hmo
1468 3778 1789 3854 unguenti?
1815 3796 1946 3838 nam
1974 3798 2072 3858 po-

413 3875 566 3928 terat
597 3868 706 3926 hoc
737 3864 913 3926 vendi
949 3866 1131 3945 pluris
1162 3885 1336 3947 quam
1375 3866 1657 3928 trecentis
1688 3866 1973 3937 denariis,
2002 3885 2071 3929 ac

410 3955 535 4017 dari
562 3953 1016 4035 pauperibusEt
1047 3954 1483 4017 infremuerunt
1515 3955 1798 4016 adversus
1818 3954 2004 4018 illam.
2042 3980 2063 4012 ι

411 4044 584 4106 Feria
608 4050 815 4124 quarta
846 4043 1163 4104 concilium
1185 4045 1548 4117 convenit,et
1567 4045 2067 4125 proptereajeju-

414 4151 625 4196 namus
646 4132 822 4195 etiam
851 4151 959 4192 nos
980 4132 1208 4212 quartis
1237 4133 1423 4194 feriis.
1459 4132 1549 4194 ΙΙΙὶ
1572 4133 1811 4213 quidem
1836 4134 2069 4196 consul-

410 4220 1033 4283 tabantsolemnitatis
1062 4228 1297 4300 tempus
1330 4222 1809 4301 praetermittere,
1844 4230 1901 4283 at
1952 4240 2068 4284 non

410 4312 764 4393 permissum
799 4317 890 4371 est
919 4310 1035 4385 eis,
1068 4311 1173 4371 sed
1212 4311 1338 4390 ipse
1369 4309 1483 4370 sibi
1515 4310 1628 4390 ipsi
1666 4317 1901 4390 tempus
1932 4330 2068 4393 pas-

2151 3421 2372 3503 λεπροῦ,
2406 3423 2790 3501 κατακειμένου
2848 3426 3028 3505 αὐτοῦ,
3074 3423 3200 3493 ῆλθε
3250 3426 3385 3506 γυνὴ
3435 3425 3639 3505 ἔχουσα
3668 3424 3805 3481 ἀλά-

2153 3509 2379 3592 ϐαστρον
2436 3514 2599 3592 μύρου
2668 3511 2854 3591 νάρδου
2934 3518 3211 3586 πιστικῆς,
3300 3512 3645 3580 πολυτελοῦς.
3708 3516 3804 3573 Καὶ

2154 3603 2588 3683 συντρίψασα-τὸ
2614 3599 2969 3680 ἀλάϐαστρον,
3001 3602 3260 3683 κατέχεεν
3306 3602 3464 3660 αὐτοῦ
3519 3606 3653 3661 κατὰ
3704 3609 3801 3672 τῆς

2157 3678 2421 3770 κεφαλῆς.
2483 3678 2651 3747 Ἠσαν
2708 3688 2763 3746 δέ
2823 3678 2964 3754 τινες
3017 3678 3437 3769 ἀγανακτοῦντες
3485 3694 3617 3770 πρὸς
3674 3693 3801 3749 lau-

2156 3780 2276 3843 τοὺς
2324 3780 2412 3835 καὶ
2468 3778 2741 3860 λέγοντες,
2805 3780 2893 3844 Εἰς
2949 3782 2999 3836 τί
3032 3782 3067 3848 ἡ
3097 3779 3337 3838 ἀπώλεια
3361 3780 3494 3850 αὕτη
3524 3789 3616 3839 τοῦ
3644 3783 3804 3861 μύρου

2154 3868 2420 3948 γέγονεν,
2478 3866 2704 3937 ἠδύνατο
2761 3869 2861 3949 γὰρ
2916 3877 3069 3926 τοῦτο
3124 3874 3385 3949 πραθῆναι
3428 3870 3608 3928 ἐπάνω
3652 3892 3804 3951 τρια-

2152 3959 2345 4016 κοσίων
2400 3956 2683 4036 δηναρίων,
2761 3960 2849 4014 καὶ
2907 3956 3121 4026 δοθῆναι
3166 3972 3287 4024 τοῖς
3346 3973 3619 4040 πτωχοῖς.
3710 3963 3807 4018 Καὶ

2153 4044 2503 4126 ἐνεϐριμῶντο
2754 4065 2781 4105 δ
2814 4047 2892 4117 Τῇ
2933 4044 3141 4125 τετράδι
3188 4049 3251 4104 τὸ
3304 4045 3620 4122 συμϐούλιον
3672 4070 3801 4105 συν.

2154 4136 2305 4203 έστη,
2368 4138 2467 4195 Καὶ
2522 4134 2607 4191 διὰ
2660 4142 2815 4193 τοῦτο
2872 4136 3194 4212 νηστεύομεν
3235 4137 3324 4193 καὶ
3376 4138 3541 4213 ἡμεῖς
3583 4138 3677 4201 τὰς
3706 4158 3801 4194 τε-

2152 4223 2367 4304 τράδας,
2434 4223 2668 4281 Ἐκεῖνοι
2736 4224 2835 4300 μὲν
2892 4224 2982 4281 οὖν
3010 4222 3302 4293 ἠϐούλοντο
3349 4227 3438 4282 τὸν
3480 4230 3581 4293 τῆς
3614 4226 3801 4303 ἑορτῆς

2149 4315 2331 4394 καιρὸν
2374 4312 2703 4394 ὑπερθέσθαι,
2779 4315 2840 4371 οὒ
2883 4316 3337 4394 συνεχωρήθησαν
3391 4313 3466 4389 δὲ,
3529 4313 3650 4372 ἀλλ’
3702 4317 3800 4373 αὖ·

412 4402 599 4464 sionis
619 4399 972 4474 statuens,in
1004 4398 1226 4460 Pascha
1249 4398 1514 4478 cruciﬁgi
1545 4399 1725 4460 voluit
1757 4398 1886 4481 Ipse
1907 4400 2066 4462 enim

2154 4407 2242 4469 τὸς
2302 4406 2471 4479 ἑαυτῷ
2525 4407 2618 4461 τὸν
2674 4408 2858 4485 καιρὸν
2913 4412 3006 4462 τοῦ
3061 4408 3259 4471 πάθους
3326 4408 3527 4487 τηρῶν,
3576 4407 3712 4465 κατὰ
3740 4408 3803 4464 τὸ

412 4500 540 4553 erat
572 4487 793 4551 Pascha
840 4505 1068 4550 verum.
1106 4487 1275 4551 Unde
1305 4488 1585 4549 virtutem
1621 4488 1751 4567 ejus
1781 4489 2069 4559 admirari

410 4583 569 4644 licet.
604 4580 747 4643 Nam
790 4597 923 4641 cum
943 4579 1025 4640 illi
1056 4579 1273 4641 vellent
1298 4579 1487 4659 ipsum
1521 4580 2061 4663 comprehendere,

410 4690 528 4734 non
558 4677 874 4753 potuerunt
906 4688 920 4729 :
965 4670 1202 4750 quando
1234 4679 1427 4731 autem
1461 4668 1550 4730 illi
1580 4672 1897 4732 noluerunt
1917 4690 2063 4753 pro-

2154 4496 2349 4574 Πάσχα
2405 4491 2657 4561 εὖδόκησε
2740 4498 3129 4573 σταυρωθῆναι.
3204 4495 3373 4560 Αὐτὸς
3454 4496 3554 4575 γὰρ
3616 4495 3685 4564 ἦν
3739 4498 3801 4553 τὸ

2151 4586 2346 4665 Πάσχα
2402 4585 2463 4640 τὸ
2537 4581 2811 4665 ἀληθινόν,
2869 4577 3045 4643 ’Ὅθεν
3125 4585 3389 4659 θαυμάσαι
3440 4585 3659 4664 πάρεστι
3702 4586 3802 4654 τὴν

2149 4662 2311 4736 αὐτού
2357 4670 2593 4748 δύναμιν.
2645 4662 2785 4731 U0n
2840 4674 2939 4749 μὲν
2995 4674 3095 4753 γὰρ
3145 4672 3341 4731 ἐκεῖνοι
3399 4662 3686 4742 ἠϐούλοντο
3712 4696 3802 4732 κα-

1490 4791 1572 4853 Ex
1604 4791 1922 4855 collatione
1951 4792 2132 4856 codd.
2164 4791 2377 4857 Venet.
2411 4790 2476 4854 S.
2514 4787 2725 4853 Marci.

500 4918 596 4991 ‘8‘
626 4917 773 4982 COd.
804 4917 882 4980 96
910 4915 1073 4978 addit
1108 4936 1122 4976 :
1178 4926 1312 4973 Εἶτα
1342 4914 1599 4992 λαμϐάνει
1646 4916 1733 4971 καὶ
1774 4914 2070 4992 ὑπόδειγμα

412 5002 530 5073 περὶ
584 5002 689 5055 τῶν
741 5005 969 5074 πιστῶν,
1026 4998 1113 5054 καὶ
1170 4998 1285 5073 περὶ
1343 4996 1553 5069 ἑαυτοῦ,
1622 4996 1711 5051 καί
1754 5018 1915 5075 φησιν
1996 5006 2069 5058 Ως

411 5081 703 5157 ἄνθρωπως
770 5078 1066 5155 ἀποδημῶν
1150 5076 1318 5147 ἔσται,
1407 5076 1681 5156 ἄνθρωπον
1734 5078 1832 5151 μὲν
1888 5078 2071 5133 ἑαυτὸν

410 5154 715 5236 ὑποδηλῶν,
760 5161 832 5225 ὡς
892 5159 944 5215 ἐν
995 5156 1246 5257 πολλοῖς,
1276 5154 1547 5257 εἴρηται
1609 5155 1916 5230 ἀποδημίαν
1989 5154 2067 5228 δὲ,

408 5242 504 5308 τὴν
564 5241 636 5303 εἷς
680 5234 896 5317 οὐρανὸν
943 5237 1208 5314 ἀνάληψιν
1237 5257 1249 5270 ·
1304 5234 1471 5294 οἰκίαν
1502 5234 1556 5293 δὲ
1589 5239 1768 5318 αὐτοῦ,
1800 5240 1891 5294 τὸν
1920 5258 2060 5315 παρ-

409 5322 536 5378 όντα
576 5320 777 5395 κόσμον
814 5336 827 5349 ⁸
889 5317 1099 5384 δούλους
1154 5317 1207 5374 δὲ
1274 5317 1432 5373 αὐτοῦ
1490 5318 1613 5381 τοὺς
1669 5317 2009 5396 Χριστιανούς
2042 5331 2058 5348 '

412 5402 634 5457 ἑκάστου
689 5397 743 5455 δὲ
788 5402 850 5457 τὸ
894 5398 1069 5477 ἔργον,
1115 5400 1215 5467 τὴν
1262 5396 1503 5478 φυλακὴν
1549 5404 1653 5454 τῶν
1684 5396 1914 5478 ἐντολῶν
1961 5399 2058 5454 αὐ-

410 5487 523 5555 τοῦ,
583 5482 669 5537 καὶ
729 5479 975 5559 ἐργασίαν
1053 5484 1158 5535 τῶν
1224 5478 1423 5557 ἀρετῶν
1458 5496 1469 5509 '
1541 5480 1771 5556 θυρωρὸν
1828 5477 1906 5552 δὲ,
1970 5478 2061 5533 τὸν

409 5562 632 5619 ἑκάστου
662 5562 799 5635 νοῦν,
862 5561 951 5615 τὸν
1009 5558 1388 5638 ἐπιστατοῦντα
1417 5570 1536 5621 τοῖς
1580 5560 1744 5638 θυρίσι
1796 5563 1893 5638 τῆς
1952 5562 2059 5633 ψυ-

407 5646 541 5721 χῆς,
574 5640 734 5721 ἤγουν
777 5640 874 5707 τῆς
905 5641 1219 5721 αἰσθήσεως,
1271 5636 1337 5692 δι’
1392 5639 1537 5721 avus
1583 5636 1773 5706 νοητὸς
1825 5636 2062 5721 κλέπτης

436 5715 670 5793 πιπηδᾷν
756 5722 925 5780 εἴωθε,
1015 5720 1381 5793 Σκοπήσωμεν
1466 5715 1517 5772 δὲ
1604 5722 1688 5775 καὶ
1777 5721 1869 5783 τὰς
1966 5717 2060 5774 λέ-

2153 4914 2280 4985 ξιις,
2310 4935 2368 4971 κ.
2396 4933 2449 4974 τ.
2482 4908 2535 4971 λ.
2570 4931 2595 4967 α
2622 4907 2773 4971 Dein
2790 4909 2963 4989 aﬂ‘ert
2983 4908 3321 4989 exemplum
3342 4907 3419 4971 de
3441 4906 3805 4987 ﬁdelibus,et

2154 4993 2230 5083 de
2253 4993 2472 5083 seipse,
2501 4990 2710 5083 dicens
2738 4988 2927 5080 :Erit
2946 4990 3103 5079 sicut
3115 4988 3553 5083 Itpnmoperegfe
3565 4992 3803 5083 proffc-

2155 5068 2395 5136 tus.Pér
2411 5068 2713 5134 heminam
2730 5070 2996 5151 seipsum
3020 5068 3333 5148 signiﬁcat,
3355 5078 3417 5131 ut
3437 5068 3662 5151 pluries
3680 5068 3807 5134 dic-

2152 5162 2276 5215 tum
2297 5161 2386 5214 est
2410 5172 2424 5210 :
2462 5170 2569 5233 per
2577 5150 3144 5233 peregrinationem
3164 5150 3803 5225 autem,ascensionem

2149 5239 2206 5296 in
2231 5232 2475 5313 malum;
2495 5250 2602 5312 per
2620 5232 2876 5313 domum
2898 5247 3089 5313 suam,
3111 5238 3478 5313 praesentem
3514 5234 3801 5303 mundum

2146 5312 2439 5392 intelligit;
2456 5309 2571 5393 per
2598 5328 2798 5393 servos
2825 5309 3375 5393 ejus,CbriStianos;
3393 5327 3801 5393 persuumcu-

2144 5390 2361 5475 jusque
2384 5390 3471 5475 opus,‘observautiammandatorum
3503 5391 3714 5473 ipsius,
3744 5400 3805 5455 et

2150 5471 2498 5538 exercitium
2531 5472 2840 5545 virtutum;
2876 5490 2983 5554 per
3020 5471 3341 5554 janitorem
3391 5471 3659 5554 demum,
3692 5490 3802 5554 cu:

2141 5556 2362 5637 jusque
2394 5560 2682 5627 mentem,
2716 5552 3410 5637 qump‘raasidetforibus
3450 5552 3702 5637 animae1
3711 5552 3804 5617 vel

2147 5631 2576 5719 sensuum,per
2594 5631 2753 5719 quos
2777 5631 3067 5719 spiritalis
3094 5632 3189 5696 fur
3216 5632 3451 5697 insilire
3475 5631 3805 5702 solonam-

2144 5714 2487 5779 stdoremus'
2504 5714 2713 5779 autem
2735 5714 2950 5791 verba,
2985 5737 3013 5772 ι
3052 5720 3167 5777 etc.
