4162 6228
454 240 565 311 651
1437 247 2032 316 THEOPHYLACTI
2074 243 2483 309 BULGARl/E
2527 246 2883 310 ARCHIEP.
3718 242 3840 310 653

455 387 512 442 et
541 397 781 442 carnem
812 379 1103 461 videntes,
1130 400 1250 444 non
1271 381 1585 464 ferremus,
1619 387 1725 448 sed
1757 384 2098 447 abhorrere-

2211 378 2431 454 ιείμενον
2486 380 2573 436 καὶ
2654 379 2825 459 σάρκα
2901 380 3152 460 δρῶντες,
3228 379 3323 437 σῦκ
3408 380 3471 435 ἂν
3526 380 3854 459 ἦνέγκαμεν,

455 487 589 531 mus
627 491 640 533 :
677 469 902 532 idcirco
935 470 1276 532 misericors
1317 474 1478 534 Deus
1516 481 1730 536 nostrae
1778 476 2098 539 inﬁrmitati

2215 465 2308 523 ελλ’
2339 467 2785 548 ἀπεναρκήσαμεν
2820 483 2834 499 ⁶
2895 466 2983 525 διὰ
3039 479 3196 529 τοῦτο
3238 468 3669 549 συγκαταϐαίνων
3716 472 3858 544 ἡμῖν

455 558 1234 642 condescendens,speciem
1248 562 1487 642 quidem
1503 564 1670 644 panis
1686 573 1743 625 et
1761 566 1873 626 vini
1887 573 2098 638 servat,

2207 582 2214 609 ι
2275 555 2668 637 φιλάνθρωπος,
2716 560 2777 615 τὸ
2821 559 2921 633 μὲν
2964 558 3109 623 εἶδος
3163 558 3322 639 ἄρτου
3351 561 3440 616 καὶ
3467 560 3617 615 οἴνου
3644 558 3850 638 φυλάτ-

454 648 511 709 in
544 648 815 710 virtutem
850 658 1047 711 autem
1106 652 1301 712 carnis
1352 659 1410 713 et
1450 654 1760 733 sanguinis
1810 655 2097 716 transele-

2207 665 2263 700 εει
2300 664 2313 677 '
2364 647 2438 709 είς
2489 646 2712 723 δύναμιν
2769 645 2825 703 δὲ
2883 648 3077 727 σάρκὸς
3137 650 3225 704 καὶ
3284 647 3519 724 αἵματος
3567 669 3850 724 μεταστοι-

454 746 697 801 mentat.
751 740 1100 817 Sanguinem
1164 757 1304 802 vero
1361 740 1501 803 Novi
1558 744 1893 805 testamenti
1925 744 2096 822 dixit,

2201 746 2361 813 (ειοτ.
2417 735 2571 811 Αἷμα
2614 734 2669 792 δὲ
2718 739 2919 803 Καινῆς
2982 740 3255 808 Διαθήκης
3316 738 3462 809 εἶπε,
3511 739 3642 816 πρὸς
3689 738 3844 792 ἀντι-

452 828 808 908 opponendo
839 827 1067 892 Veteri.
1092 826 1360 892 Habebat
1382 832 1539 894 enim
1588 838 1649 896 et
1683 834 1862 895 Vetus
1887 821 2095 895 Testa;

2196 821 2474 892 διαστολὴν
2533 830 2633 892 τῆς
2691 823 2948 891 Παλαιᾶς.
3011 830 3108 884 Καὶ
3138 827 3238 904 γὰρ
3266 828 3301 894 ἡ
3331 826 3540 883 Παλαιὰ
3573 830 3839 901 Διαθήκη,

449 925 715 979 mentum
743 916 1087 996 sanguinem
1121 936 1235 999 quo
1260 921 1723 1001 aspergebantur
1740 936 1798 985 et
1822 924 2092 1005 populus,

2201 912 2401 980 ιάκείνη
2447 915 2591 990 α’ίμια
2634 916 2788 995 εἶχε,
2826 913 2891 970 δι’
2936 918 2996 972 οὗ
3037 914 3343 994 ἒρῤαντίσθη
3388 918 3415 973 ὃ
3472 937 3528 971 τε
3568 914 3695 979 λαὸς
3753 920 3844 972 καὶ

449 1015 507 1069 et
537 1006 692 1068 liber
723 1006 868 1085 legis
898 1007 941 1066 ί.
989 1005 1111 1067 Non
1159 1018 1353 1069 autem
1406 1009 1602 1072 bibam
1655 1031 1725 1074 ex
1775 1001 2092 1088 hoc—vino,

2197 1003 2243 1057 τὸ
2300 1001 2508 1079 βιϐλίον
2551 1003 2643 1060 τοῦ
2687 1005 2876 1079 νόμου.
2939 1007 3012 1063 Οὔ
3056 1005 3134 1079 μὴ
3177 1005 3284 1060 πίω
3326 1005 3381 1061 δὲ
3427 1006 3485 1061 ἐκ
3527 1016 3619 1063 τοῦ
3667 1005 3840 1083 οῗνου²

447 1096 619 1169 dicit,
653 1095 935 1176 usquead
962 1096 1487 1173 resurrectionem,
1519 1099 1785 1180 Regnum
1809 1101 1968 1163 enim
1993 1121 2090 1165 re-

2203 1091 2350 1169 λέγει,
2427 1091 2561 1172 ἄχρι
2614 1097 2713 1160 τῆς
2788 1094 3155 1158 ἀναστάσεως.
3240 1092 3517 1150 Βασιλείαν
3576 1096 3676 1173 γὰρ
3742 1097 3846 1162 τὴν

446 1185 877 1247 surrectionem
928 1194 1115 1268 vocat,
1172 1195 1447 1267 tanquam
1505 1207 1610 1251 rex
1660 1190 1758 1270 qui
1818 1189 2089 1253 adversus

2201 1181 2472 1238 ινάστασιν
2543 1183 2817 1262 ὀνομάζει,
2890 1185 2963 1247 ὼς
3033 1182 3350 1259 βασιλεὺσας
3394 1185 3515 1239 τότε
3559 1186 3695 1241 κατά
3749 1196 3844 1244 τοῦ

445 1282 693 1335 mortem
741 1275 1001 1345 certarit,
1035 1284 1094 1336 et
1122 1275 1516 1354 regnat.Sane
1550 1286 1683 1351 post
1713 1281 2088 1341 resurrectio-

2194 1271 2424 1333 lzvétou.
2486 1273 2633 1327 Μετά
2676 1279 2800 1349 γοῦν
2843 1272 2941 1339 τὴν
2993 1272 3303 1351 ἀνάστασιν,
3362 1272 3523 1353 ἔφαγε
3581 1276 3667 1329 καὶ
3721 1273 3837 1329 ἔπιε

444 1381 579 1424 nem
614 1363 762 1425 bibit
792 1372 849 1425 et
877 1364 1133 1426 comedit
1162 1383 1295 1426 cum
1319 1364 1647 1446 discigulis,
1658 1368 1916 1447 probans
1932 1370 2087 1448 quod

2193 1360 2313 1414 ιετά
2364 1365 2471 1415 τῶν
2521 1363 2800 1441 μαθητῶν,
2843 1362 3211 1437 πιστούμενος,
3273 1362 3355 1418 ὅτι
3414 1365 3572 1427 αὐτὸς
3627 1362 3836 1427 ἐκεῖνός

442 1452 542 1514 ille
574 1454 699 1533 ipse
728 1462 886 1515 esset
905 1455 1001 1534 qui
1025 1472 1231 1535 passus
1252 1455 1526 1519 fuerat.N
1536 1445 1707 1517 ovum
1726 1465 1921 1519 autem
1944 1445 2085 1520 illud

2186 1446 2317 1504 ἐστιν
2372 1451 2400 1504 δ
2475 1449 2681 1509 παθών.
2765 1452 2956 1507 Καικιὸν
3021 1450 3075 1505 δὲ
3137 1452 3275 1506 πίνει
3332 1453 3481 1532 αὐτὸ,
3538 1453 3829 1533 τουτέστιν⁹

445 1542 614 1617 bibit,
641 1544 752 1604 hoc
792 1548 883 1605 est
916 1562 1063 1604 novo
1091 1544 1349 1623 quodam
1385 1546 1560 1607 modo
1594 1554 1651 1607 et
1680 1546 1945 1628 insolito,
1973 1567 2087 1609 non

2181 1537 2354 1592 καινόν
2396 1559 2514 1594 τινα
2542 1539 2738 1617 τρόπον
2792 1541 2880 1596 καὶ
2931 1538 3099 1613 ξένον,
3161 1543 3251 1598 οὐκ
3282 1539 3360 1596 ἔτι
3387 1543 3490 1619 γὰρ
3519 1548 3675 1616 σῶμα
3716 1564 3824 1598 πα-

440 1632 598 1728 enim
632 1633 788 1694 ultra
807 1650 1026 1728 corpus
1064 1632 1321 1728 habebat
1345 1626 2083 1728 passibile‘,quod_ciboin-

2185 1628 2334 1691 ὶητὸν
2365 1628 2519 1707 εἷχε,
2553 1627 2805 1704 δεόμενον
2856 1630 3083 1728 τροφῆ’ς,
3137 1626 3259 1685 ἀλλ’
3287 1627 3547 1709 ἄφθαρτον
3577 1633 3666 1687 καὶ
3694 1631 3828 1688 ἀθά-

439 1721 692 1798 digeret,
720 1722 822 1782 sed
856 1705 1189 1782 immortale
1221 1730 1276 1783 et
1307 1705 1779 1803 incorruptibile.
1821 1724 2082 1803 Intellige

2181 1736 2353 1775 νατον,
2406 1705 2529 1774 Non
2560 1714 2615 1772 δὲ
2646 1719 2733 1773 καὶ
2763 1705 2936 1782 αὕτως
2967 1705 2985 1747 ζ
3025 1705 3346 1794 ”Αμπελος,’
3372 1721 3400 1775 ὁ
3429 1705 3617 1797 Κύριος
3646 1721 3824 1792 αὐτὸς,

439 1819 634 1872 autem
671 1809 847 1871 etiam
877 1809 963 1871 sic
998 1830 1010 1872 :
1046 1807 1197 1871 Vitis
1224 1809 1511 1873 Dominus
1542 1811 1671 1892 ipse
1704 1821 1812 1888 est,
1867 1812 2082 1875 fructus

2188 1803 2413 1882 γέννημα
2469 1804 2524 1862 δὲ
2594 1805 2860 1881 ἀμπέλου,
2921 1808 2987 1863 τὰ
3044 1809 3332 1887 μυστήρια,
3393 1809 3482 1863 καὶ
3528 1811 3563 1877 ἡ
3634 1815 3831 1886 γνῶσις

437 1908 633 1961 autem
659 1901 793 1960 vitis
817 1898 1105 1979 mysteria
1142 1908 1279 1961 sunt
1329 1908 1387 1961 et
1436 1901 1784 1963 abscondita
1814 1902 2080 1975 scientia,

2186 1895 2207 1961 ἡ
2263 1893 2593 1973 ἀπόκρυφος,
2653 1895 2718 1963 ἢν
2777 1898 2932 1959 αὐτὸς
2977 1901 3159 1974 γεννᾷ,
3232 1899 3259 1954 ὁ
3307 1894 3567 1953 διδάσκων
3623 1894 3829 1975 ἀνθρω-

437 2008 610 2070 quam
644 1989 771 2069 ipse
802 1989 1044 2069 profert,
1078 1989 1301 2051 docens
1330 1989 1633 2051 hominem
1668 1990 2003 2057 scientiam.
2024 1992 2080 2056 lu

2190 2004 2271 2039 τον
2328 1990 2546 2062 γνῶσιν.
2598 1985 2687 2042 Ἐν
2741 1986 2915 2042 τοίνυν
2969 1992 3036 2062 τῇ
3085 1985 3329 2062 βασιλείᾳ
3356 1995 3451 2043 τοῦ
3495 1994 3648 2067 Θεοῦ,
3680 2009 3833 2043 τουτ-

434 2095 619 2156 regno
643 2078 841 2157 itaque
864 2076 991 2150 Dei,
1026 2078 1137 2137 hoc
1161 2086 1270 2153 est,
1310 2078 1370 2138 in
1402 2086 1604 2141 octavo
1654 2080 1894 2156 saeculo,
1926 2081 2077 2144 bibet

2186 2070 2335 2146 ἐστιν,
2370 2070 2425 2128 ἐν
2463 2080 2542 2148 τῷ
2571 2070 2743 2152 ὀγδόῳ
2786 2074 2959 2148 αἰῶνι,
3006 2076 3180 2131 πίεται
3227 2076 3361 2149 μετά
3415 2084 3523 2131 τῶν
3576 2078 3829 2149 μαθητῶν

437 2185 570 2226 cum
606 2165 913 2245 discipulis
941 2165 1251 2239 suis,250
1290 2168 1565 2247 mysteria
1621 2178 1674 2230 et
1734 2169 2080 2250 sapientiam

2177 2159 2350 2235 αὐτοῦ,
2409 2163 2477 2218 τὰ
2534 2165 2802 2238 μυστήρια
2877 2165 2966 2221 καὶ
3044 2165 3143 2231 τὴν
3217 2165 3430 2244 σοφίαν,
3487 2166 3646 2221 καινά
3705 2186 3820 2222 τινα

436 2271 645 2315 novam
680 2252 994 2333 quamdam
1019 2253 1242 2315 docens
1268 2263 1465 2326 nos,et
1485 2256 1756 2318 revelans
1778 2247 1912 2337 quae
1926 2277 2079 2321 nunc

2054 2279 2084 2321 ο
2168 2247 2427 2307 διδάσκων
2454 2252 2625 2328 ἡμᾶς,
2654 2254 2745 2308 καὶ
2776 2251 3170 2309 ἀποκαλύπτων
3199 2252 3234 2310 ἃ
3264 2260 3354 2311 νῦν
3383 2254 3692 2332 κέκρυπται,

432 2343 779 2405 abscondita
807 2350 965 2402 sunt.

515 2430 703 2494 Vsus.
725 2430 945 2495 36-31.
986 2456 1012 2485 «
1040 2430 1110 2492 Et
1139 2450 1270 2493 cum
1302 2433 1585 2514 hymnum
1616 2434 1924 2513 dixissent,
1948 2439 2078 2499 exi-

2246 2451 2275 2483 ι
2312 2432 2408 2487 Καὶ
2489 2431 2847 2506 ὑμνήσαντες,
2933 2430 3149 2501 Εξῆλθον
3230 2435 3304 2496 εἷς
3379 2433 3443 2489 τὸ
3509 2430 3630 2513 ὄρος
3707 2439 3814 2490 τῶν

437 2530 613 2584 erunt
662 2521 721 2583 in
751 2529 1010 2581 montem
1036 2518 1330 2585 Olivarum
1366 2544 1379 2587 :
1419 2535 1475 2585 et
1503 2523 1650 2585 dicit
1694 2524 1813 2586 illis
1852 2527 2024 2588 Jesus
2061 2548 2074 2591 :

2167 2516 2415 2594 Ἐλαιῶν,
2476 2522 2561 2576 καὶ
2617 2518 2761 2600 λέγει
2843 2522 3029 2587 αὐτοῖς
3090 2524 3118 2578 ὁ
3178 2522 3410 2603 Ἰησοῦς,
3465 2522 3545 2579 ὅτι
3613 2526 3810 2587 Παντες

431 2611 653 2674 Omnes
667 2610 1089 2672 offendiculum
1104 2611 1406 2689 patiemini
1433 2631 1538 2693 per
1560 2614 1727 2687 mein
1750 2614 1859 2676 hac
1881 2625 2074 2689 nocte;

2174 2605 2677 2679 σκανδαλισθήσεσθε
2740 2609 2795 2666 ἐν
2854 2610 2998 2691 ἐμοὶ,
3058 2611 3112 2667 ἐν
3170 2618 3240 2689 τῇ
3298 2614 3442 2670 νυκτὶ
3497 2614 3688 2694 ταύτῃ,
3736 2613 3817 2669 ὅτι

435 2702 573 2784 quia
596 2701 880 2781 scriptum
901 2708 1018 2763 est:
1046 2702 1379 2763 Pcrcutiam
1412 2712 1733 2784 pastorem,
1769 2711 1827 2765 et
1846 2706 2078 2786 disper-

2179 2695 2461 2776 γέγραπται
2487 2716 2503 2733 ο
2587 2699 2813 2765 Πατάξω
2894 2702 2986 2756 τὸν
3038 2700 3293 2782 ποιμένα,
3364 2710 3453 2758 καὶ
3498 2700 3822 2782 διασκορπι-

426 2788 935 2872 genturoves.Sed
951 2796 1329 2871 posteaquam
1343 2795 2069 2873 resurrexero,pr:ecedam

2179 2787 2451 2855 τθήσονται
2508 2788 2574 2843 τὰ
2624 2786 2890 2867 πρόϐατα,
2968 2788 3135 2845 Ἀλλὰ
3215 2792 3351 2866 μετὰ
3411 2793 3495 2873 ,τὸ
3545 2791 3822 2870 ἐγερθῆναί

432 2899 533 2944 vos
564 2882 623 2941 in
652 2879 977 2944 Galilaeam.
1016 2878 1226 2942 Petrus
1257 2889 1451 2943 autem
1484 2881 1629 2943 dixit
1659 2872 1795 2947 illi:
1838 2883 2075 2946 Etiamsi

2174 2895 2254 2947 ιε,
2306 2875 2520 2954 προάξω
2577 2878 2712 2953 ὑμᾶς
2762 2880 2834 2945 εἷς
2890 2879 2987 2947 τὴν
3050 2878 3360 2943 Γαλιλαίαν,
3408 2872 3465 2938 Ὀ
3509 2878 3564 2936 δὲ
3620 2880 3817 2958 Πέτρος

431 2987 641 3033 omnes
683 2969 1107 3031 oﬁ‘endiculum
1142 2970 1305 3051 passi
1335 2970 1576 3047 fuerint,
1604 2980 1662 3033 at
1691 2991 1799 3052 ego
1832 2993 1974 3034 non.
2011 2974 2074 3035 Et

2175 2962 2265 3044 ἔφη
2321 2967 2485 3041 αὐτῷ,
2530 2966 2633 3026 Καὶ
2692 2969 2737 3024 εἰ
2791 2968 2991 3033 πάντες
3048 2967 3624 3049 σκανδαλισθήσονται,
3696 2969 3818 3026 ἀλλ’

428 3060 573 3122 dicit
598 3060 684 3120 illi
712 3061 884 3122 Jesus
921 3081 933 3123 :
963 3063 1156 3122 Amen
1192 3058 1325 3121 dico
1369 3059 1477 3122 tibi
1507 3061 1663 3141 quod
1698 3069 1757 3122 tu
1791 3063 1968 3124 hodie
2016 3064 2071 3125 in

2173 3057 2253 3111 ιύκ
2308 3057 2436 3133 ὲγώ.
2490 3058 2589 3114 Καὶ
2646 3055 2793 3137 λέγει
2844 3060 2987 3132 αὖτῷ
3031 3060 3059 3113 ὁ
3113 3057 3323 3126 Ἰησοῦς
3356 3077 3375 3095 ⁶
3440 3058 3617 3135 Ἀμὴν
3674 3058 3816 3138 λέγω

429 3159 604 3211 nocte
634 3150 745 3209 hac
769 3149 1111 3229 priusquam
1138 3147 1229 3209 bis
1256 3149 1443 3228 gallus
1473 3150 1879 3230 cecinerit,ter
1899 3151 2072 3214 abne-

2169 3165 2267 3223 τοι,
2328 3142 2408 3200 ὅτι
2466 3146 2529 3200 σὺ
2586 3148 2817 3226 σήμερον
2868 3145 2924 3202 ἐν
2988 3152 3058 3223 τῇ
3102 3149 3247 3205 νυκτὶ
3287 3148 3474 3224 ταύτῃ,
3520 3149 3641 3225 πρὶν
3670 3148 3706 3216 ἢ
3738 3146 3812 3211 δὶς

427 3239 598 3318 gabis
628 3256 745 3299 me.
776 3241 855 3299 At
888 3238 986 3298 ille
1011 3238 1420 3299 vehementius
1451 3238 1722 3302 dicebat:
1758 3243 1881 3302 Imo
1912 3242 1959 3302 si
1981 3260 2070 3304 me

2168 3231 2423 3311 ἀλέκτορα
2482 3239 2758 3315 φωνῆσαι,
2790 3236 2901 3313 τρὶς
2946 3235 3230 3315 ἀπαρνήσῃ
3274 3258 3365 3313 με.
3425 3230 3481 3296 Ὀ
3512 3236 3566 3293 δὲ
3610 3236 3671 3293 ὲκ
3709 3258 3811 3294 πε-

427 3326 760 3408 oportuerit
785 3327 1070 3387 commori
1101 3325 1227 3400 tibi,
1253 3346 1368 3388 non
1408 3336 1463 3389 te
1509 3327 1755 3407 negabo.
1792 3328 2070 3394 Similiter

2165 3329 2338 3400 ρισσοῦ
2389 3321 2542 3402 ἔλεγε
2568 3338 2584 3354 ⁸
2632 3323 2849 3382 Μᾶλλον
2899 3323 2992 3408 ἐάν
3034 3346 3101 3401 με
3143 3322 3237 3402 δὲῃ
3265 3330 3649 3384 συναποθανεῖν
3703 3349 3808 3406 σοι,

427 3406 625 3478 autem
660 3424 719 3477 et
744 3434 959 3477 omnes
987 3414 1322 3477 dicebant.)
1360 3406 1864 3496 Gratias’egerunt
1886 3433 1944 3480 et
1973 3438 2070 3481 an-

2169 3410 2219 3467 δύ
2276 3414 2353 3487 μή
2391 3433 2450 3468 σε
2500 3414 2916 3493 ἀπαρνήσωμαι,
2980 3406 3257 3479 Ὠσαύτως
3341 3414 3397 3471 δὲ
3453 3418 3542 3472 καὶ
3619 3417 3812 3474 πάντες

428 3514 668 3586 tequam
718 3503 1050 3567 bibissent:
1090 3512 1149 3565 et
1178 3513 1485 3586 postquam
1534 3504 1822 3568 bibissent
1863 3508 2071 3586 gratias

2175 3497 2368 3578 ἔλεγον.
2415 3520 2444 3561 ι
2507 3502 2917 3583 Εὐχαρίστησαν
2980 3505 3068 3561 καὶ
3124 3506 3226 3583 πρὸ
3282 3513 3374 3561 τοῦ
3442 3518 3613 3581 πιεῖν,
3660 3506 3818 3586 εὐχαο

428 3602 676 3675 egerunt
702 3616 713 3657 :
738 3602 801 3655 ut
831 3602 890 3654 et
918 3612 1027 3654 nos
1055 3592 1353 3656 discamus
1385 3596 1538 3675 quod
1571 3604 1836 3675 oporteat
1865 3599 2071 3676 gratias

2172 3590 2410 3656 >ίστησαν
2467 3592 2557 3647 καὶ
2611 3593 2748 3668 μετὰ
2791 3594 2851 3648 τὸ
2908 3607 3082 3673 πιεῖν,
3140 3594 3234 3649 ἵνα
3278 3596 3366 3651 καὶ
3405 3597 3571 3671 ἡμεῖς
3630 3597 3815 3670 μάθω-

428 3703 607 3765 agere
639 3683 877 3748 Christo
926 3691 982 3744 et
1019 3682 1212 3762 ipsum
1246 3685 1488 3747 laudare
1510 3694 1568 3746 et
1597 3695 1732 3746 ante
1762 3686 1985 3761 cibum,
2022 3696 2071 3748 et

2170 3699 2279 3755 ιεν,
2338 3679 2419 3735 ὅτι
2477 3678 2561 3738 δεῖ
2603 3682 2949 3762 εὐχαριστεῖν
3000 3685 3089 3740 γαὶ
3144 3685 3358 3760 ὑμνεῖν,
3413 3686 3504 3741 καὶ
3556 3687 3657 3764 πρὸ
3716 3689 3813 3751 τῆς

428 3783 562 3857 post
592 3773 1122 3836 cibum.Praeterea
1154 3777 1327 3835 etiam
1355 3775 1465 3835 hoc
1495 3774 1889 3855 indicatquod
1912 3784 2071 3855 grata

2169 3773 2382 3849 τροφῆς,
2441 3772 2529 3826 καὶ
2583 3773 2719 3845 μετὰ
2766 3773 2865 3839 τὴν
2911 3774 3140 3852 τροφήν,
3188 3766 3358 3850 ’Ἅμα
3415 3772 3470 3830 δὲ
3524 3777 3612 3831 καὶ
3658 3782 3812 3831 τοῦτο

428 3853 504 3927 sit
534 3866 586 3926 ei
620 3881 783 3925 mors
816 3880 919 3943 pro
976 3861 1168 3936 nobis,
1219 3866 1498 3942 quoniam
1547 3864 1722 3924 etiam
1755 3853 1984 3927 exiens
2014 3876 2071 3926 ut

2168 3853 2437 3933 δείκνυσιν,
2498 3859 2579 3915 ὅτι
2638 3861 2910 3926 ἀσπαστός
2972 3862 3116 3920 ἐστιν
3175 3863 3319 3938 αὖτῴ
3376 3866 3403 3920 ὁ
3473 3864 3603 3942 ὑπὲρ
3657 3867 3811 3939 ἡμῶν

438 3951 1007 4026 traderetur,laudat
1032 3951 1637 4016 Dominum.0mnino
1667 3961 1863 4016 autem
1892 3962 1950 4015 et
1969 3974 2077 4017 nos

2168 3946 2405 4022 Baivatoc,
2462 3947 2520 4012 ὅς
2572 3972 2633 4027 γε
2714 3950 2801 4007 ἐπὶ
2878 3952 2953 4026 τῷ
3026 3951 3391 4032 παραδοθῆναι
3446 3952 3597 4018 ἐξιὼν
3653 3955 3811 4030 ὑμνεῖ

433 4047 627 4125 docet,
662 4043 713 4105 si
745 4041 980 4124 quando
1013 4040 1074 4101 in
1118 4042 1364 4103 adversa
1405 4060 1510 4122 pro
1543 4043 1859 4104 multorum
1889 4044 2076 4106 salute

2161 4036 2248 4092 τὸν
2279 4038 2434 4100 Θεόν.
2480 4040 2698 4102 Πάντως
2756 4037 2810 4095 δὲ
2868 4043 2958 4097 καὶ
3001 4044 3146 4117 ἡμᾶς
3175 4041 3431 4117 διδάσκει,
3464 4040 3589 4099 ὅταν
3618 4041 3804 4100 θλιϐε-

434 4134 929 4211 inciderimus,ne
959 4129 1163 4192 tristes
1186 4130 1504 4211 simus,sed
1535 4140 1589 4193 et
1605 4133 1817 4211 gratias
1838 4151 2077 4211 agamus

2159 4126 2276 4202 ροῖς
2332 4129 2704 4206 περιπέσωμεν
2769 4131 2843 4195 εἰς
2904 4131 3172 4210 σωτηρίαν
3229 4131 3466 4207 πολλῶν,
3526 4134 3607 4205 μὴ
3676 4133 3802 4192 ἀθυ-

428 4221 683 4302 Deo,qui
705 4230 965 4281 nostram
989 4218 1441 4281 alﬂictionemin
1474 4220 1795 4282 multorum
1826 4221 2071 4283 salutem

2163 4229 2309 4292 μεῖν,
2366 4216 2487 4273 ἀλλ’
2552 4219 2894 4298 εὐχαριστεῖν
2951 4227 3029 4296 τῷ
3087 4226 3226 4298 Θεῷ,
3269 4228 3346 4297 τῷ
3387 4221 3471 4280 διὰ
3513 4228 3611 4291 τῆς
3662 4225 3806 4299 ἦμε-

435 4320 735 4394 operatur.
771 4308 1082 4388 Egreditur
1126 4326 1263 4370 vero
1296 4308 1358 4370 in
1389 4319 1650 4371 montem
1682 4309 1983 4373 Olivarum
2016 4319 2078 4371 ut

2161 4306 2310 4383 τέρας
2386 4305 2615 4382 θλίψεως
2711 4309 3152 4389 κατεργαζομὲνῳ
3228 4315 3496 4391 σωτηρίαν
3566 4311 3804 4371 πολλῶν.

435 4402 758 4465 solitarium
817 4397 1215 4479 adorirentur,
1250 4407 1304 4459 et
1337 4398 1697 4462 detinerent.
1735 4418 1809 4460 ne
1840 4407 2065 4461 tantum

2165 4394 2465 4483 Έξὲρχεται
2513 4394 2569 4452 δὲ
2600 4397 2672 4460 εἷς
2699 4398 2761 4453 τὸ
2791 4396 2928 4477 ὄρως
2959 4405 3067 4456 τῶν
3097 4398 3353 4483 Ἐλαιῶν,
3381 4401 3477 4458 ἵνα
3505 4403 3808 4479 καταμόνας

433 4490 753 4553 tumultum
791 4488 1028 4549 faciant.
1077 4485 1220 4548 Nam
1253 4486 1302 4548 si
1335 4487 1396 4549 in
1427 4488 1663 4550 civitate
1684 4488 1879 4570 ipsum
1903 4487 2072 4550 inva-

2165 4482 2267 4542 ἕντι
2325 4484 2634 4548 ιπελθόντες
2703 4487 2792 4543 καὶ
2840 4486 3233 4568 κατασχόντες,
3276 4491 3356 4566 μὴ
3412 4492 3663 4547 τοσοῦτον
3713 4492 3808 4548 θό-

434 4582 677 4652 sissent,
709 4575 981 4638 fortassis
1005 4575 1243 4637 suborta
1277 4575 1486 4639 fuisset
1530 4576 1720 4652 turba,
1756 4586 1814 4639 et
1842 4577 2073 4640 inimici

2160 4571 2309 4653 ρυϐον
2366 4574 2692 4643 ποιήσωσιν,
2743 4576 2800 4632 Εἰ
2829 4576 2930 4656 γὰρ
2960 4575 3016 4633 ἒν
3070 4582 3139 4655 τῇ
3182 4577 3336 4635 πόλει
3394 4579 3507 4636 ὄντι
3553 4577 3803 4656 ἐπῆλθον,

432 4669 748 4734 occasione
778 4666 1217 4747 quapiam,quaa
1238 4666 1403 4745 justa
1430 4666 1615 4729 videri
1648 4666 2068 4748 potuisset,ap-

2160 4664 2320 4742 τυχὸν
2376 4660 2438 4720 ἂν
2499 4661 2775 4744 ἐταράχθη
2838 4667 2899 4721 τὸ
2954 4665 3159 4735 πλῆθος
3213 4667 3300 4725 ἐπ’
3356 4673 3521 4745 αὐτῷ’
3570 4671 3656 4727 καὶ
3684 4672 3803 4729 τότε

428 4760 745 4842 prehensa,
778 4755 889 4816 visi
922 4754 1171 4816 fuissent
1202 4755 1395 4836 ipsum
1422 4755 1584 4835 juste
1613 4767 1680 4820 ut
1720 4755 2066 4819 seditiosum

2159 4750 2540 4842 εὔλογοφανους
2580 4754 2829 4842 ἀφορμῆς
2886 4753 3199 4835 δραξάμενοι
3264 4761 3312 4816 οἱ
3358 4757 3567 4840 ἰχθροὶ,
3624 4756 3802 4826 ἔδοξαν

427 4839 1069 4912 ἰηιετίὶοθτθ.Ριυωᾱὶοἰι
1098 4853 1293 4906 autem
1332 4843 1448 4906 illis
1478 4845 1634 4926 quod
1668 4851 1730 4908 et
1750 4844 2070 4907 offendicu-

2154 4840 2212 4899 ἃν
2266 4841 2424 4898 αὐτὸν
2484 4839 2697 4900 ἀνελεῖν
2749 4840 2965 4911 δικαίως
3019 4847 3094 4909 ὥς
3164 4839 3512 4920 στασιαστήν,
3556 4839 3797 4929 Προφη-

428 4938 549 5001 lum
581 4937 808 5019 passuri
842 4941 1061 4996 essent.
1097 4936 1304 4995 Postea
1334 4952 1408 4996 ne
1437 4934 1748 4997 videantur
1780 4934 1907 4996 hanc
1937 4952 2070 4998 esse

2155 4930 2290 4988 τεύει
2344 4928 2399 4985 δὲ
2453 4931 2637 4997 αὐτοῖς
2691 4932 2771 4989 ὅτι
2817 4935 2906 4990 καὶ
2934 4932 3502 5007 σκανδαλισθήσονται.
3532 4939 3672 4997 Εἶτα
3700 4928 3798 4996 ἵνα

424 5028 484 5089 in
540 5017 906 5089 manifestam
965 5022 1229 5084 omnium
1296 5024 1731 5087 accusationem
1763 5074 1777 5101 ,
1831 5023 2067 5086 adducit

2153 5019 2230 5097 μὴ
2306 5017 2431 5096 δόξῃ
2502 5024 2776 5101 προφανὴς
2850 5026 2991 5081 εἶναι
3072 5028 3367 5105 κατηγορία
3436 5028 3651 5085 πάντων
3734 5030 3796 5085 τὸ

426 5119 602 5179 etiam
638 5112 1039 5179 testimonium
1075 5131 1142 5173 ex
1170 5112 1455 5193 propheta
1485 5112 1763 5176 Zacharia
1784 5113 1941 5196 quod
1973 5112 2069 5174 di-

2216 5116 2411 5190 ιοῦτον,
2480 5111 2705 5190 παράγει
2780 5113 2868 5169 καὶ
2944 5115 3234 5194 μαρτυρίαν
3276 5114 3336 5173 ἐκ
3377 5124 3472 5174 τοῦ
3523 5119 3799 5199 προφήτου
3835 5171 3857 5186 ,

425 5204 746 5287 spargendi
798 5210 1021 5265 essent.
1056 5201 1327 5282 Denique
1358 5211 1414 5263 et
1442 5204 1908 5266 consolationem
1951 5202 2068 5269 illis

2152 5200 2440 5281 Ζαχαρίου,
2498 5198 2578 5257 ὅτι
2653 5200 3247 5282 διασκορπισθήσονται.
3326 5198 3650 5267 Τελευταῦον
3714 5205 3792 5283 δὲ,

419 5297 592 5358 affert
624 5295 828 5356 dicens
859 5312 872 5354 :
907 5289 1243 5353 Prwcedam
1266 5309 1367 5352 vos
1388 5290 1449 5352 in
1479 5290 1923 5373 Galilmam,hoc
1953 5299 2062 5366 est,

2152 5293 2240 5348 καὶ
2293 5290 2625 5369 παραμυθίαν
2700 5292 2887 5371 ἐπάγει
2958 5296 3163 5372 αὐτοῖς,
3255 5294 3334 5354 ὅτι
3392 5296 3609 5377 Προάξω
3659 5298 3795 5373 ὑμᾶς

418 5382 807 5467 ρτωνθηὶειη.
840 5386 914 5443 At
941 5382 1146 5443 Petrus
1171 5378 1440 5443 obsistit:
1474 5381 1610 5447 ideo
1630 5391 1687 5445 et
1717 5383 1880 5445 audit
1908 5380 2061 5466 quod

2152 5382 2225 5447 εἰς
2276 5381 2375 5448 τὴν
2418 5377 2728 5457 Γαλιλαίαν,
2786 5382 3047 5443 τουτέστι.
3095 5382 3371 5465 προλάϐω,
3408 5384 3557 5443 ’Δλλ’
3601 5387 3630 5444 δ
3687 5385 3795 5442 Πέ-

494 5545 527 5598 4
553 5540 741 5611 Exod.
773 5557 934 5617 xxiv,
964 5540 1026 5605 8.
