4162 6228
275 286 394 352 653

274 509 309 531 Μ

269 514 343 574 δὶς
397 516 669 593 φωνῆσαι,
726 520 838 597 τρὶς
896 518 1184 597 ἆπαρνὴση
1245 538 1335 592 με.
1396 518 1560 573 Τοῦτο
1603 514 1655 571 δὲ
1700 516 1935 572 τοιοῦτόν

272 600 444 664 ἐστιν.
502 603 804 684 Ἠρνήσατο
878 606 1016 672 ἅπαξ
1101 609 1128 662 6
1207 606 1444 683 Πέτρος*
1526 609 1648 660 εἶτα
1698 602 1935 682 ἀλέκτωρ

275 691 575 771 ἐφώντὶειεν,
635 695 1007 775 ἀρνησαμένου
1063 694 1119 751 δὲ
1179 696 1392 757 καὶτὰς
1437 693 1601 757 ἄλλας
1630 691 1720 749 δύο
1764 693 1934 771 ἀρνή-

270 802 413 849 σεις,
471 783 590 839 τότε
648 785 925 864 ἐφώνησεν
984 787 1011 841 ὁ
1066 784 1327 853 ἀλέκτωρ.
1382 790 1546 841 Τοῦτο
1596 784 1683 839 οὖν
1713 781 1932 838 ἐνταῦθα

270 869 422 948 λέγει
460 890 481 954 ’λ
554 875 678 952 Πρὶν
737 873 1001 954 ἀλέκτορα
1056 874 1299 954 φωνῆσαι
1365 870 1465 952 δὶς,
1524 872 1806 950 ἀπαρνήσῃ
1863 892 1929 944 με

264 962 405 1038 τρίς.
471 952 699 1037 Ὀμοίως
785 962 840 1019 δὲ
932 966 1022 1020 καὶ
1106 964 1299 1027 πάντες
1357 963 1663 1037 θερμότητα
1719 962 1932 1039 ψυχρὰν

263 1048 683 1132 ἐνδεικνύμενοι,
741 1055 1101 1133 ὑπισχνοῦντο
1140 1075 1151 1086 '
1203 1053 1301 1118 τὴν
1359 1049 1741 1120 αὖτοαλήθειαν
1799 1050 1932 1124 ψεύ-

261 1138 444 1196 δεσθαι
495 1149 790 1216 ποιοῦντες,
838 1141 918 1199 διὸ
979 1144 1068 1199 καὶ
1122 1154 1448 1221 παραχωρεῖ
1504 1143 1530 1197 6
1587 1141 1799 1219 Κύριος,
1847 1141 1935 1194 καὶ

268 1231 302 1296 ἦ
354 1229 655 1307 ἀνθρωπῗνη
713 1233 862 1311 φύσις
909 1232 976 1287 τὰ
1036 1231 1224 1297 ἑαυτῆς
1282 1228 1657 1291 ἐπιδείκνυται,
1717 1230 1935 1292 Πάντως

271 1318 379 1397 γὰρ
424 1320 453 1374 ὁ
499 1321 681 1393 Κύριος
727 1319 951 1387 ἠδύνατο
1017 1326 1249 1399 τηρῆσαι
1302 1320 1511 1392 αὖτοὺς,
1562 1320 1650 1374 καὶ
1703 1318 1938 1393 μάλιστα

271 1409 369 1463 τὶν
432 1408 624 1479 Πέτρον
659 1427 673 1440 ·
734 1408 855 1466 ἀλλ’
894 1409 1043 1485 ὅμως
1101 1410 1325 1489 ἀφῆκεν,
1356 1408 1449 1464 ’ἵνα
1503 1409 1579 1483 μὴ
1627 1405 1936 1469 πεποιθότες

272 1497 423 1569 ὦμεν
480 1496 561 1576 ἐφ’
623 1499 863 1561 ἑαυτοῖς.
923 1501 994 1556 T6
1051 1496 1129 1571 δὲ,
1200 1497 1422 1562 Πατάξω
1479 1500 1569 1553 τόν
1612 1494 1862 1574 ποιμένα,
1909 1497 1935 1550 6

278 1586 469 1663 Πατὴρ
526 1586 691 1663 λέγει.
752 1588 902 1643 Ἐπεὶ
978 1589 1078 1665 γὰρ
1148 1588 1507 1666 παρεχώρησε
1567 1588 1933 1664 παταχθῆναι,

272 1675 505 1739 πατάξαι
564 1678 719 1738 αὐτὸς
754 1675 965 1750 λέγεται
1024 1679 1116 1731 τὸν
1167 1678 1304 1732 κατὰ
1352 1675 1743 1754 παραχώρησιν
1781 1675 1940 1729 αύτοῦ

985 295 1429 362 ENARRATIO
1474 295 1555 357 IN
1602 290 2108 357 EVANGELIUM
2154 288 2420 354 MARCI.
2467 323 2540 336 -—
2590 292 2752 355 CAP.
2804 294 2965 357 XIV.

264 445 393 499 τρος
449 425 740 505 ἐνίσταται,
804 427 883 484 διὸ
941 430 1029 485 καὶ
1086 429 1293 507 ἀκούει,
1327 424 1406 483 ὅτι
1455 426 1645 506 Πρὶνῆ
1677 425 1934 505 ἀλέκτορα

2027 424 2348 505 Antequam
2382 426 2569 505 gallus
2602 426 2691 490 bis
2723 436 2914 509 canat,
2949 437 3037 491 ter
3063 448 3156 492 me
3186 431 3665 511 abnegabis.Hoc

3547 296 3663 362 654

2019 528 2216 601 autem
2254 515 2310 575 in
2340 516 2494 577 hunc
2531 519 2767 578 modum
2802 537 2867 579 se
2898 519 3109 583 habet:
3145 520 3664 601 Negaveratsemel

2016 600 2248 674 Petrus,
2287 603 2502 664 deinde
2534 606 2720 682 gallus
2751 608 3005 668 cantavit
3040 630 3053 665 :
3089 618 3149 670 et
3178 628 3312 673 cum
3344 612 3487 672 alias
3519 611 3666 673 duas

2012 690 2431 769 abnegationes
2454 694 2716 767 fecisset,
2742 704 2800 756 et
2827 705 2964 757 tunc
2996 716 3230 777 quoque
3255 700 3506 761 cantavit
3533 701 3662 779 gal-

2014 780 2126 870 lus.
2165 783 2236 843 Et
2268 783 2378 843 hoc
2425 794 2511 844 est
2563 785 2719 864 quod
2771 786 2882 845 hoc
2931 786 3057 846 loco
3090 787 3279 850 dicit:
3315 787 3660 870 Priusquam

2012 869 2201 948 gallus
2236 870 2323 932 bis
2346 880 2561 945 cantet,
2599 882 2687 933 ter
2720 892 2813 934 me
2844 873 3189 952 abnegabis.
3226 869 3515 939 Similiter
3552 896 3661 938 au-

2012 965 2128 1018 tem
2164 968 2219 1019 et
2250 978 2458 1022 omnes
2484 961 2752 1038 frigidam
2781 962 3144 1023 alacritatem
3177 966 3666 1039 ostendentes,et

2012 1047 2197 1127 ipsam
2237 1050 2531 1110 veritatem
2566 1051 2914 1113 mendacem
2950 1052 3255 1135 facientes,
3285 1053 3662 1134 pollicentur:

2013 1135 2149 1197 ideo
2182 1137 2466 1199 Dominus
2495 1140 2780 1218 permittit
2828 1150 2890 1201 ut
2933 1142 3192 1203 humana
3240 1152 3450 1206 natura
3499 1163 3665 1206 suam

2020 1228 2228 1305 prodat
2259 1227 3018 1293 imbecillitatemﬂmnino
3043 1231 3204 1293 enim
3227 1233 3515 1313 potuisset
3533 1234 3667 1298 illos

2020 1316 2305 1378 Dominus
2337 1336 2593 1378 servare.
2632 1329 2689 1380 et
2710 1322 2947 1381 Petrum
2984 1319 3235 1382 maxime
3270 1341 3291 1382 :
3314 1322 3418 1382 sed
3450 1324 3668 1403 permi-

2016 1404 2117 1483 sit,
2158 1413 2218 1464 ut
2264 1424 2338 1465 ne
2386 1406 2445 1466 in
2493 1407 2811 1487 nobisipsis
2842 1408 3302 1472 conﬁderemus.
3349 1409 3664 1484 Caeterum,

2019 1494 2344 1555 Percutiam
2388 1504 2709 1575 pastorem,
2744 1516 2849 1557 vox
2892 1505 2981 1558 est
3012 1497 3200 1559 Patris
3235 1519 3249 1558 :
3285 1500 3666 1581 quandoqui-

2017 1581 2151 1643 dem
2188 1586 2409 1659 percuti
2444 1586 3104 1665 permisit,percussisse
3134 1586 3260 1666 ipse
3292 1588 3510 1649 dicitur
3529 1607 3665 1649 eum

2020 1672 2117 1751 qui
2169 1674 2351 1752 ipsius
2399 1675 2691 1752 permissu
2738 1693 3059 1754 percussus
3111 1687 3222 1735 est.
3276 1679 3425 1736 Oves
3463 1684 3665 1737 autem

272 1764 643 1842 πατιχθέντα.
707 1763 950 1844 Πρόϐατα
1006 1764 1059 1820 δὲ
1108 1766 1230 1828 τοὺς
1286 1762 1640 1837 ἀποστόλους,
1681 1764 1753 1824 ὡς
1801 1761 1935 1816 ἀκαί-

2027 1760 2339 1841 apostolos,
2376 1771 2439 1822 ut
2476 1762 2823 1824 innocentes
2856 1762 3138 1824 nominat.

271 1872 406 1915 κους
436 1852 733 1926 ὠνόμασεν,

368 1963 395 1992 ε
430 1941 526 1997 Καὶ
588 1941 839 2021 ἔρχονται
898 1944 970 2006 εἰς
1004 1943 1205 2022 χωρίον
1238 1942 1297 1997 οὗ
1328 1943 1387 1996 τὸ
1436 1941 1603 2015 ὄνομα
1656 1943 1937 2014 Γηθσεμα-

277 2034 377 2108 νή,
405 2032 493 2085 καὶ
521 2028 667 2107 λέγει
698 2044 816 2093 τοῖς
875 2035 1146 2106 μαθηταῖς
1178 2030 1337 2086 αὐτοῦ
1370 2051 1380 2063 '
1422 2031 1677 2087 Καθίσατε
1706 2027 1808 2085 ὦδε
1835 2026 1938 2091 ’ίως

278 2118 685 2196 προσεύξωμαι.
764 2122 861 2179 Καὶ
929 2117 1336 2200 παραλαμϐάνει
1414 2121 1504 2175 τὸν
1576 2118 1773 2193 Πέτρον
1854 2120 1942 2173 καὶ

282 2207 559 2283 Ἰάκωϐον,
639 2212 728 2267 καὶ
793 2212 1044 2279 Ἰωάννην
1119 2210 1233 2286 μεθ’
1308 2209 1517 2288 ἑαυτοῦ,
1592 2210 1678 2264 καὶ
1749 2206 1944 2285 ἤρξατο

280 2295 666 2371 ἆκθαμόεῖσθαι
723 2301 820 2354 καί
887 2300 1205 2375 ἀδημονεῖν.
1242 2299 1340 2356 Καὶ
1371 2297 1515 2375 λέγει
1559 2299 1742 2360 αὐτοῖς
1777 2314 1791 2329 ·
1832 2303 1940 2352 Πε-

282 2385 503 2465 ρίλυπός
561 2387 702 2444 ἐστιν
757 2391 792 2458 ἡ
880 2390 1035 2470 ψυχὴ
1108 2410 1212 2464 μου
1275 2386 1379 2450 ἕως
1430 2386 1672 2447 θανάτου.
1725 2389 1946 2442 Μείνατε

277 2474 410 2549 ὦδε,
471 2477 559 2532 καὶ
601 2492 946 2557 γρηγορεῖτε.
997 2480 1095 2536 Καὶ
1149 2475 1453 2557 προσελθὼν
1499 2478 1713 2555 μικρὸν,
1758 2474 1944 2531 ἔπεσεν

285 2565 373 2621 ἰπὶ
433 2571 532 2633 τῆς
592 2567 716 2647 γῆς,
763 2573 847 2623 καὶ
905 2568 1249 2647 προσηύχετο
1290 2565 1409 2646 ἵνα,
1454 2567 1498 2621 εἰ
1554 2563 1770 2622 δυνατόν
1804 2563 1941 2640 ἐστι,

286 2655 527 2734 παρέλθῃ
602 2656 694 2713 ἀπ’
769 2660 927 2715 αύτοῦ
981 2661 1015 2726 ἡ
1073 2657 1208 2736 ὥρα.
1273 2658 1370 2715 Καὶ
1412 2655 1594 2733 ἔλεγεν
1628 2672 1642 2686 ·
1693 2652 1861 2712 Ἀϐϐά
1916 2656 1944 2710 6

292 2746 499 2824 Πατὴρ,
573 2748 745 2803 πάντα
808 2745 998 2803 δυνατά
1056 2768 1163 2825 σοι,
1225 2745 1515 2822 παρένεγκε
1570 2746 1633 2801 τὸ
1688 2745 1943 2823 ποτήριον

290 2833 387 2890 ἀπ’
443 2836 573 2910 ἐμοῦ
628 2843 803 2909 τοῦτο,
854 2834 973 2892 ἀλλ’
1040 2837 1100 2892 οὗ
1143 2836 1192 2891 τί
1234 2834 1344 2912 ἐγὼ
1385 2833 1546 2914 θέλω,
1592 2832 1729 2889 ἀλλὰ
1771 2837 1820 2887 τί
1855 2832 1942 2891 σύ.

302 2925 398 2979 Καὶ
453 2924 697 3003 ἔρχεται,
760 2927 848 2981 καὶ
909 2927 1129 3005 εὑρίσκει
1188 2924 1375 2987 αὖτοὺς
1445 2921 1810 2997 καθεύδοντας,
1858 2923 1946 2977 καὶ

293 3010 437 3090 λέγει
482 3021 557 3088 τῷ
616 3015 798 3090 Πέτρῳ
833 3034 845 3048 ³
909 3016 1112 3091 Σίμων,
1186 3012 1502 3086 καθεύδεις;
1562 3012 1670 3069 Οὔκ
1712 3010 1943 3091 ἴσχυσας

2106 1939 2282 2002 Vsus.
2308 1940 2521 2004 32-42.
2560 1942 2669 2003 «Et
2698 1942 2939 2003 veniunt
2959 1940 3019 2001 in
3042 1940 3236 2003 locum
3262 1943 3431 2022 cujus
3449 1962 3666 2004 nomen

2022 2028 2427 2111 Gcthsemani,
2461 2039 2518 2092 et
2562 2029 2705 2091 dicit
2747 2028 3054 2110 discipulis
3098 2029 3220 2091 suis
3254 2051 3268 2093 :
3304 2032 3517 2093 Sedete
3548 2032 3664 2108 hic,

2024 2116 2214 2177 donec
2244 2117 2544 2196 digressus
2574 2118 2919 2179 oravero.Et
2949 2118 3199 2180 assumit
3228 2118 3473 2181 Petrum
3507 2122 3670 2183 etJa-

2025 2204 2237 2266 cobum
2270 2215 2327 2266 et
2356 2208 2641 2269 Joannem
2675 2207 2807 2267 25!
2870 2226 3069 2269 secum
3101 2226 3115 2271 :
3158 2209 3454 2290 capitque
3483 2228 3667 2291 expa-

2027 2312 2266 2356 vescere
2295 2305 2352 2356 et
2381 2298 2538 2376 angi.
2572 2298 2645 2359 Et
2675 2297 2819 2359 dicit
2846 2297 2990 2358 illis:
3027 2297 3240 2359 Dolore
3262 2298 3525 2362 afﬁcitur
3545 2299 3673 2360 ani-

2028 2401 2120 2442 ma
2152 2402 2283 2445 mea
2314 2404 2500 2466 usque
2529 2386 2601 2447 ad
2640 2388 3159 2449 mortem.Manete
3188 2388 3371 2461 hic,et
3404 2387 3668 2467 vigilate.

2025 2470 2095 2531 Et
2124 2490 2475 2552 progressus
2506 2474 2771 2556 paulum,
2806 2483 3134 2555 prostratus
3166 2485 3255 2535 est
3276 2476 3336 2537 in
3361 2484 3671 2552 terram,et

2027 2562 2211 2622 oravit
2258 2572 2317 2623 ut
2339 2562 2387 2624 si
2413 2564 2694 2644 possibile
2724 2574 2899 2638 esset,
2936 2565 3215 2626 transiret
3244 2582 3277 2625 a
3306 2582 3371 2626 se
3403 2565 3568 2627 hora.
3604 2565 3672 2627 Et

2027 2652 2260 2714 dicebat
2295 2672 2308 2715 :
2336 2655 2503 2717 Abba
2552 2652 2747 2729 Pater,
2777 2655 2978 2716 omnia
3007 2654 3311 2736 possibilia
3353 2665 3490 2717 sunt
3522 2657 3667 2719 tibi:

2025 2742 2191 2802 anfcr
2222 2743 2491 2821 poculum
2525 2763 2559 2805 a
2591 2763 2685 2806 me
2732 2745 2844 2805 hoc
2879 2764 2891 2806 :
2928 2754 3331 2804 verumtamen
3382 2763 3499 2806 non
3530 2744 3672 2826 quid

2029 2848 2134 2909 ego
2168 2833 2367 2903 velim,
2395 2832 2497 2892 sed
2524 2833 2661 2912 quid
2692 2833 2854 2895 tu.Et
2876 2831 3035 2893 venit
3057 2841 3112 2892 et
3135 2832 3381 2893 oll'endit
3404 2852 3506 2894 eos
3526 2835 3671 2895 dor-

2027 2920 2126 2979 mit
2154 2920 2571 3001 nteszdicitque
2596 2919 3296 3000 Petro:Simon,dormis?
3319 2940 3437 2982 non
3457 2922 3674 3002 potuis-

2030 3009 2067 3068 ti
2092 3026 2265 3068 unam
2300 3008 2502 3068 lmram
2530 3007 3053 3087 vigilarc?Vigilate
3079 3015 3137 3069 et
3168 3016 3331 3071 orate
3361 3027 3436 3071 ne
3468 3011 3672 3072 venia-

290 3102 417 3176 μίαν
450 3103 592 3178 ὥραν
647 3110 981 3183 γρηγορῆσαι
1014 3124 1030 3180 ς
1092 3110 1411 3183 Γρηγορεῖτε
1441 3104 1529 3156 καὶ
1560 3103 1941 3197 προσεύχεσθε,

2030 3097 2176 3158 tisin
2196 3098 3105 3179 tentationem,spiritusquidem
3132 3108 3673 3181 promptus,atcaro

289 3190 385 3247 ἵνα
444 3193 520 3267 μὴ
565 3193 834 3259 εἰσέλθητε
916 3194 988 3255 είς
1046 3192 1340 3271 πειρασμόν
1375 3211 1388 3222 ·
1450 3192 1510 3245 τὸ
1570 3190 1666 3265 μὲν
1738 3188 1945 3262 πνεῦμα

289 3282 578 3361 πρόθυμον,
636 3285 671 3351 ἡ
725 3281 780 3338 δὲ
837 3281 961 3361 σὰρξ
1026 3281 1273 3350 ἀσθενής.
1344 3281 1440 3338 Καὶ
1485 3278 1643 3340 πάλιν
1702 3276 1943 3334 ἀπελθὼν

291 3370 652 3448 προσηύξατο,
712 3374 803 3428 τὸν
862 3373 1016 3428 αὐτὸν
1069 3369 1227 3448 λόγον
1284 3369 1468 3431 εἰπών,
1534 3370 1630 3427 Καὶ
1681 3367 1945 3446 ὑποστρέ-

291 3465 423 3535 ψας,
487 3461 629 3538 εὗρεν
676 3462 863 3527 αὖτοὺς
908 3460 1069 3517 πάλιν
1130 3458 1475 3519 καθεύδοντας
1513 3480 1525 3493 ·
1572 3459 1708 3525 ἦσαν
1756 3459 1856 3536 γὰρ
1899 3460 1946 3513 οἱ

292 3548 556 3629 ὀφθαλμοὶ
618 3550 788 3606 αότῶν
874 3548 1252 3626 βεϐαρημένοι,
1313 3550 1403 3604 καὶ
1486 3548 1579 3604 οὐκ
1637 3546 1849 3624 ᾔδεισαν
1899 3546 1948 3601 τί

293 3641 438 3712 αὖτῴ
480 3639 826 3717 ἀποκριθῶσι.
877 3641 975 3697 Καὶ
1030 3638 1247 3717 ἔρχεται
1309 3639 1372 3693 16
1427 3638 1626 3717 τρίτον,
1672 3638 1761 3692 καὶ
1804 3636 1946 3714 λέγει

293 3732 479 3793 αὐτοῖς
513 3746 528 3760 ’
626 3726 907 3786 Καθεύδετε
1012 3730 1073 3784 τὸ
1156 3726 1344 3783 λοιπὸν
1424 3728 1513 3783 καὶ
1597 3726 1944 3805 ἁναπαύεσθε,

294 3817 511 3897 ἀπέχει.
574 3808 763 3874 Ἦλθεν
814 3820 847 3885 ἡ
905 3817 1041 3897 ὥρα,
1094 3815 1204 3872 ἰδοὺ
1261 3813 1601 3895 παραδίδοται
1632 3820 1659 3872 6
1704 3817 1824 3879 Υἱὸς
1856 3818 1948 3871 10-3

296 3908 571 3986 ἀνθρώπου
626 3909 700 3969 εἷς
763 3908 859 3970 τὰς
915 3918 1112 3985 χεῖρας
1190 3908 1295 3961 τῶν
1355 3903 1707 3983 ἁμαρτωλῶν,
1769 3904 1943 3983 Ἐγείο

294 4000 465 4075 ρεσθε,
527 3995 764 4074 ἄγωμεν,
820 3994 929 4051 ἰδοὺ
987 3998 1014 4051 6
1088 3992 1400 4074 παραδιδούς
1460 4016 1527 4071 με
1590 3993 1834 4073 ἤγγικεν.
1910 4014 1943 4052 ι

299 4085 617 4161 Καταμόνας
704 4084 891 4141 εἴωθεν
978 4085 1057 4141 ἀεὶ
1140 4084 1552 4163 προσεύχεσθαι,
1625 4083 1789 4139 τύπον
1862 4083 1949 4139 mi

295 4179 431 4252 ἡμῖν
489 4173 683 4255 διδοὺς,
741 4173 834 4230 ἵνα
889 4174 985 4241 τὴν
1043 4172 1273 4252 ἡσυχίαν
1326 4172 1663 4248 ἐπιζητῶμεν
1711 4171 1766 4227 ἐν
1822 4185 1944 4236 ταῖς

299 4278 655 4345 προσευχαῖς.
729 4260 1139 4343 Παραλαμϐάνει
1221 4260 1277 4318 δὲ
1347 4263 1470 4326 τοὺς
1523 4275 1671 4341 τρεῖς
1727 4263 1941 4337 μόνους,

2027 3186 2289 3248 inﬁrma.
2322 3186 2393 3248 Et
2423 3206 2657 3249 rursum
2690 3189 2991 3268 digressus
3032 3190 3260 3269 orabat,
3296 3198 3353 3250 et
3395 3191 3674 3251 eumdem

2026 3276 2171 3338 dixit
2202 3295 2565 3338 sermonem.
2603 3281 2671 3339 Et
2692 3296 2965 3340 reversus
2995 3277 3242 3340 offendit
3274 3277 3407 3340 illos
3437 3297 3673 3342 rursum

2029 3366 2593 3438 dormientes,erant
2625 3367 2782 3428 enim
2807 3368 2964 3429 oculi
2997 3385 3204 3428 eorum
3229 3369 3675 3450 gravati,neque

2028 3454 2295 3517 sciebant
2327 3456 2467 3535 quid
2495 3457 2578 3517 illi
2610 3458 3067 3539 responderent.
3097 3456 3167 3519 Et
3196 3459 3355 3519 venit
3385 3460 3556 3520 tertio
3574 3459 3675 3521 di-

2033 3544 2225 3624 citque
2256 3544 2377 3607 illis
2407 3566 2418 3607 :
2446 3546 2713 3608 Dormite
2750 3547 3084 3627 postliac,et
3114 3546 3676 3626 requiescite,sufli-

2030 3632 2315 3694 cit.Venit
2348 3634 2662 3707 bora,ecce
2697 3636 2946 3696 traditur
2970 3634 3151 3695 Filius
3184 3634 3446 3696 hominis
3467 3635 3529 3697 in
3555 3655 3676 3697 ma-

2030 3740 2140 3783 nus
2167 3732 2563 3802 peccatorum.
2599 3723 2857 3803 Surgite,
2894 3741 3099 3784 eamus
3132 3744 3144 3782 :
3179 3741 3321 3784 ecce
3351 3724 3449 3804 qui
3482 3725 3677 3804 prodit

2030 3828 2149 3887 me,
2180 3812 2637 3893 appropinquat.
2673 3835 2701 3870 »
2738 3810 3015 3873 Seorsum
3049 3829 3287 3890 semper
3315 3830 3494 3874 orare
3525 3832 3674 3873 con-

2029 3901 2238 3979 suevit,
2270 3901 2415 3961 dans
2438 3903 2613 3969 etiam
2648 3901 2818 3961 nobis
2849 3900 3211 3977 exemplum,
3248 3910 3308 3960 ut
3337 3900 3595 3981 quietem
3612 3901 3673 3962 in

2031 3988 2309 4069 precibus
2366 3990 2754 4071 inquiramus.
2809 3991 3075 4052 Assumit
3103 3998 3299 4051 autem
3333 3990 3523 4051 solum
3558 4002 3676 4052 tres

2031 4078 2161 4147 illos
2184 4078 2283 4158 qui
2310 4098 2433 4140 suae
2461 4081 2518 4140 in
2540 4079 2781 4141 Thabor
2801 4080 3009 4159 gloria;
3030 4086 3398 4160 spectatores
3420 4081 3673 4156 fuerant,

2029 4176 2093 4228 ut
2113 4167 2199 4228 illi
2229 4168 2341 4248 ipsi
2372 4169 2473 4249 qui
2496 4169 2751 4249 gloriosa
2782 4170 3071 4249 viderant,
3103 4168 3338 4230 videant
3369 4178 3427 4229 ct
3458 4169 3669 4233 tristia:

2029 4256 2377 4337 discantque
2407 4259 2561 4338 quod
2595 4268 2653 4319 et
2679 4259 2807 4339 ipse
2830 4276 2966 4319 vere
2995 4261 3173 4319 homo
3204 4258 3300 4328 sit,
3336 4266 3397 4320 et
3428 4267 3678 4321 mcereat

296 4356 419 4420 τοὺς
469 4355 557 4410 καὶ
609 4359 709 4421 τῆς
762 4350 915 4419 δόξης
964 4350 1125 4408 αύτοῦ
1152 4349 1207 4406 ἐν
1235 4356 1312 4425 τῷ
1342 4348 1529 4430 Θαϐὼρ
1555 4352 1744 4413 θεατὰς
1787 4372 1941 4429 γενο-

2031 4354 2089 4406 et
2108 4355 2355 4425 angatur
2385 4347 2535 4408 sicut
2574 4364 2705 4409 nos.
2738 4345 2882 4407 Nam
2916 4354 2975 4408 et
3012 4346 3113 4427 qui
3144 4355 3327 4407 totum
3374 4348 3677 4409 hominem

299 4444 514 4520 μένους,
570 4442 663 4498 ἵνα
720 4444 767 4498 οἱ
814 4439 1012 4505 ἰδόντες
1056 4441 1123 4497 τὰ
1164 4438 1365 4512 ἔνδοξα,
1407 4438 1561 4495 ἴδωσι
1611 4440 1791 4496 καὶτὰ
1819 4461 1946 4496 σκυο

296 4533 502 4612 θρωπὰ,
567 4533 653 4587 καὶ
712 4530 971 4610 μάθωσιν,
1018 4526 1100 4585 ὅτι
1140 4529 1229 4585 καὶ
1272 4529 1429 4593 αὐτὸς
1478 4526 1688 4594 ἀληθῶς
1738 4527 1945 4607 ἅνθρω-

298 4645 398 4687 πος
453 4622 543 4694 ἧν,
607 4622 694 4677 καὶ
752 4618 1000 4675 λυπεῖται
1054 4619 1143 4675 καὶ
1220 4616 1481 4694 άδημονιῖ
1540 4618 1729 4685 ἐπίσης
1786 4619 1945 4693 ἡμῖν,

297 4714 450 4771 Ἐπεὶ
507 4712 609 4790 γὰρ
663 4708 786 4766 ὅλον
828 4710 920 4765 τὸν
972 4706 1243 4786 ἄνθρωπον
1312 4706 1599 4764 ἁνελάϐετο
1667 4709 1802 4784 μετὰ
1844 4711 1947 4765 τῶν

298 4804 532 4880 ρυσικὼν
606 4799 931 4875 ἰδιωμάτων,
1014 4798 1226 4856 πάντως
1287 4799 1377 4854 καὶ
1444 4796 1805 4868 λυπηθήσεται
1861 4806 1948 4861 καὶ

299 4889 628 4967 ἂδημονήσει
686 4888 943 4970 φυσικῶς.
1003 4889 1063 4945 Οἱ
1118 4888 1219 4966 γὰρ
1267 4885 1553 4966 ἅνθρωποι,
1617 4886 1766 4967 φύσει
1817 4888 1947 4967 πρὸς

297 4981 386 5037 τὸν
443 4980 664 5036 θάνατον
722 4975 899 5044 ἀηδῶς
957 4974 1283 5051 διακείμεθα.
1351 4983 1437 5051 Τῷ
1481 4978 1578 5051 μὲν
1622 4979 1709 5033 οὖν
1752 4978 1944 5051 εἰπεῖν,

300 5067 613 5150 Παρελθέτω
695 5068 755 5123 τὸ
827 5068 1103 5144 ποτήριον,
1192 5062 1349 5130 ἔδειξε
1424 5066 1754 5144 ἀνθρώπινον
1796 5081 1809 5094 ·
1872 5067 1950 5140 τῷ

302 5159 357 5215 δέ
398 5160 592 5231 εἰπεῖν,
629 5156 745 5236 Οὒχ
776 5156 803 5212 ὃ
847 5155 955 5234 ἐγὼ
980 5154 1140 5224 θέλω,
1174 5153 1292 5210 ἀλλ’
1336 5156 1364 5210 ὃ
1394 5155 1477 5229 σὺ,
1523 5152 1752 5211 διδάσκει
1781 5156 1948 5230 ἡμᾶς,

2030 4454 2163 4497 cum
2198 4436 2563 4497 naturalibus
2584 4436 3026 4497 conditionibus
3042 4436 3325 4516 suscepit,
3356 4438 3598 4500 omnino
3622 4446 3680 4499 et

2029 4525 2322 4585 tristitiam
2354 4535 2413 4587 et
2433 4543 2716 4602 angorem
2750 4525 3077 4587 naturalem
3108 4524 3562 4588 habuit.0mnes
3579 4545 3681 4589 au-

2033 4623 2149 4676 tem
2176 4624 2385 4675 natura
2419 4613 2737 4676 insuaviter
2761 4631 2902 4692 erga
2932 4622 3183 4675 mortem
3217 4616 3412 4675 aﬂ‘ecti
3444 4635 3674 4680 sumus.

2031 4705 2323 4766 Cancrum
2354 4703 2605 4765 dicendo
2638 4724 2652 4766 :
2686 4704 2972 4765 TranSeat
3000 4703 3173 4777 calix,
3206 4706 3553 4767 monstravit
3575 4706 3681 4766 hu-

2034 4792 2675 4856 manitatem.Dicendo
2698 4801 2894 4854 autem
2914 4814 2927 4855 :
2953 4795 3086 4856 Non
3104 4794 3260 4873 quod
3285 4811 3392 4869 ego
3416 4793 3681 4870 volo,sed

2031 4884 2185 4964 quod
2219 4882 2483 4958 tu,docet
2512 4901 2620 4944 nos
2646 4890 2710 4942 ut
2734 4881 3109 4942 invadenlem
3140 4899 3208 4941 ac
3240 4890 3548 4959 urgentem
3580 4901 3685 4944 na-

2034 4984 2220 5034 turam
2246 4971 2883 5050 contemnamus,quod
2896 4969 3017 5030 Deo
3032 4977 3261 5047 gratum
3286 4980 3679 5051 estpetentes.

2034 5061 2353 5141 Postquam
2375 5068 2571 5121 autem
2598 5069 2727 5140 post
2754 5077 2961 5138 preces
2974 5058 3155 5139 venit,
3180 5060 3531 5123 invenittres
3550 5061 3683 5123 dor-

2042 5150 2380 5229 mientes,et
2405 5148 2727 5228 increpavit
2752 5151 2987 5209 Petrum
3010 5147 3226 5228 solum,
3260 5149 3427 5229 quasi
3447 5151 3584 5212 talia
3605 5151 3684 5213 ad

298 5248 388 5304 ’ίνα
444 5250 530 5303 καὶ
586 5245 683 5313 τῆς
740 5245 943 5324 φύσεως
1015 5242 1335 5321 βιαζομένης
1397 5244 1828 5323 ὑπερφρονῶμεν,
1894 5260 1941 5315 τὶ

2038 5241 2230 5320 ipsum
2287 5239 2532 5299 dicens:
2566 5236 2736 5324 Tune
2763 5236 2895 5324 _ille
2925 5254 3010 5311 es,
3053 5236 3154 5316 qui
3212 5239 3505 5318 pollicitus
3534 5258 3597 5302 es
3629 5248 3685 5302 te

298 5339 519 5417 ἀρεστὸν
545 5342 622 5407 τῷ
652 5322 768 5409 Θεῷ
828 5334 1151 5410 αἰτούμενοι.
1205 5325 1296 5398 Ὠς
1346 5331 1400 5389 δὲ
1457 5322 1593 5407 μετὰ
1644 5332 1742 5400 τὴν
1786 5334 1941 5413 εὐχὴν

2041 5322 2730 5390 mihicommoriturum?
2762 5322 2949 5387 Unam
3012 5325 3217 5386 horam
3269 5346 3385 5389 non
3445 5328 3688 5409 potuisti

297 5414 485 5502 ἐλθὼν,
559 5428 673 5504 εὗρε
748 5426 869 5490 τοὺς
930 5437 1076 5504 τρεῖς
1154 5420 1523 5498 καθεύδοντας,
1582 5422 1803 5496 ἐπιτιμᾷ
1872 5430 1941 5498 τῷ

2038 5414 2608 5497 vigilare,quomodo
2633 5422 2881 5504 mortem
2906 5414 3283 5504 contemnes?
3304 5414 3423 5479 Sed
3458 5417 3689 5497 vigilate

302 5517 485 5595 Πέτρῳ
539 5502 711 5595 μόνῳ,
743 5502 1032 5594 μονονουχὶ
1084 5520 1302 5570 τοιαῦτα
1332 5512 1506 5591 λέγων
1549 5513 1681 5590 πρὸς
1739 5511 1894 5571 αὐτόν
1932 5530 1941 5543 ·

2031 5517 2090 5570 et
2119 5514 2305 5577 orate,
2341 5516 2405 5565 ut
2437 5522 2511 5563 ne
2540 5502 2791 5595 veniatis
2822 5502 2883 5563 in
2914 5503 3299 5567 tentationem
3354 5505 3688 5585 abnegandi

301 5608 375 5665 06
411 5592 492 5662 -σὸ
541 5609 594 5662 εἴ
638 5608 665 5661 6
696 5592 1094 5684 ’ὑποσχόμενος
1141 5604 1230 5659 σὺν
1278 5602 1395 5678 ἐμοὶ
1446 5602 1734 5659 ἀποθανεῖν
1770 5619 1787 5676 ;
1818 5600 1941 5659 Min

2038 5592 2423 5674 me.Spiritus
2452 5592 2695 5673 quidem
2728 5600 3039 5673 promptus
3059 5601 3239 5674 est,ut
3258 5616 3355 5662 me
3372 5616 3490 5663 non
3509 5597 3691 5662 abne.
