4162 6228
305 337 422 402 657

1002 341 1447 412 ENARRATIO
1494 342 1576 404 IN
1621 340 2134 404 EVANGELIUM
2180 342 2441 404 MARGI.
2489 373 2567 385 —
2607 338 2774 404 CAP.
2823 343 2985 405 XIV.

3572 297 3708 408 οδε

306 455 443 531 ἸΟτι
475 475 570 532 τοῦ
613 476 820 553 πρώτου
844 479 1011 558 χοροῦ
1037 478 1136 548 ὢν,
1170 477 1309 534 κατὰ
1350 478 1444 533 τοῦ
1489 476 1760 533 Δεσπότον
1804 475 1950 532 ἐλύτ-

2049 473 2364 554 proditoris
2393 473 3042 555 detestationem,quod
3069 493 3202 536 cum
3224 494 3293 538 ex
3319 477 3510 557 primo
3530 476 3692 540 ordi-

296 585 482 630 τησεν.
553 555 667 622 ’Ἴδε
725 563 780 620 δὲ
849 555 949 622 ἐκαὶ
1023 566 1124 633 τὴν
1195 565 1548 631 ἀναισθησίαν
1603 564 1783 645 αὐτοῦ,
1840 565 1950 634 πῶς

2041 581 2118 625 ne
2138 564 2404 637 esset,ita
2434 573 2640 625 contra
2671 563 3013 641 magistrum
3039 555 3696 629 insanaveﬁritNideau-

294 652 510 728 ἐνόμισε
542 652 725 711 λαθεῖν
766 655 859 710 τὸν
889 656 1078 735 Κύριον
1122 654 1183 712 ἐκ
1235 653 1332 712 τοῦ
1379 654 1700 736 φιλήματος,
1737 656 1809 718 ὡς
1855 653 1950 722 δῆ-

2041 659 2156 713 tem
2179 662 2487 734 stuporem
2521 653 3007 734 illius,quomodo
3040 655 3254 734 poterit
3285 675 3458 735 posse
3482 655 3691 718 Domi-

287 744 375 797 θεν
435 741 585 821 φίλος
628 743 1105 819 νομισθησόμενος.
1159 745 1257 803 Καὶ
1332 745 1374 800 εἰ
1441 745 1590 825 φίλος
1667 743 1953 825 ἐτύγχανε,

2040 760 2178 802 num
2203 743 2567 823 Iatere,quod
2595 760 2698 822 pro
2717 742 2908 804 amico
2935 742 3245 804 habendus
3272 753 3427 805 esset
3452 755 3692 825 propter

289 832 428 894 τίνος
488 830 644 888 ἕνεκα
694 833 830 907 μετὰ
887 834 993 890 τῶν
1035 831 1246 912 ἐχθρῶν
1287 823 1499 910 ἦλθεν-ς
1536 823 1752 897 ΗΟντως
1783 823 1950 902 ἀνόηέ

2040 830 2326 906 osculum;
2353 850 2489 892 nam
2521 831 2570 891 si
2593 831 2816 893 amicus
2846 840 2992 905 erat,
3041 851 3226 912 quare
3257 852 3394 894 cum
3427 823 3690 896 inimicis

290 941 384 975 τον
435 921 468 988 ἡ
527 924 777 1000 πονηρία.
838 926 936 986 Εἷς
994 921 1054 978 δέ
1109 941 1200 990 τις,
1258 928 1366 979 τῶν
1418 923 1856 1003 παρεστηκότων,
1927 926 1950 979 ὁ

2040 917 2346 980 veniebat?
2376 920 2604 982 Revera
2639 918 2860 979 malitia
2893 937 3132 998 semper
3169 921 3352 981 stulta
3372 928 3484 982 est.
3519 921 3687 983 Unus

292 1009 487 1088 Πέτρος
542 1010 694 1074 οὗτος
741 1012 833 1087 ἦν,
892 1011 1179 1083 ἀποσιωπᾷ
1235 1009 1289 1068 δὲ
1346 1013 1408 1068 τὸ
1467 1011 1636 1088 ὄνομα
1703 1013 1862 1071 αὐτοῦ
1928 1018 1950 1071 ὁ

2040 1014 2232 1068 autem
2267 1007 2559 1088 quispiam
2581 1007 2917 1082 astantium,
2946 1011 3156 1070 Petrus
3185 1009 3280 1070 hic
3305 1009 3688 1084 erat,obticet

293 1097 528 1179 Μέρκος,
560 1101 652 1161 ἵνα
683 1103 759 1175 μὴ
787 1099 912 1177 δόξῃ
976 1103 1219 1159 ἐπαινεῖν
1271 1103 1361 1159 τὸν
1422 1101 1742 1159 διδάσκαλον
1797 1103 1950 1159 αὐτοῦ

2040 1105 2236 1158 autem
2260 1115 2478 1158 nomen
2499 1097 2628 1176 ejus
2664 1100 2910 1170 Marcus,
2946 1105 3008 1157 ut
3034 1116 3108 1156 ne
3141 1097 3414 1160 videatur
3443 1099 3684 1162 laudare

291 1187 514 1266 Πέτρον,
575 1191 649 1254 ὡς
716 1189 1034 1262 ζηλώσαντα
1092 1191 1221 1270 ὑπὲρ
1306 1190 1401 1248 τοῦ
1465 1199 1714 1270 Χριστοῦ.
1769 1190 1950 1257 Καλῶς

2040 1194 2466 1268 praeceptorem
2519 1204 2688 1247 suum
2742 1188 2978 1248 Petrum
3030 1186 3270 1267 majoris
3304 1206 3408 1268 pro
3443 1188 3684 1253 Christo

289 1277 347 1334 δὲ
403 1279 465 1333 τὸ
521 1278 677 1336 ὠτίον
725 1286 819 1335 τοῦ
865 1278 1052 1336 δούλου
1096 1287 1193 1337 τοῦ
1251 1279 1536 1359 ἀρχιερέπς
1581 1281 1820 1360 ἀφεῖλεν,
1855 1281 1950 1336 Αἰ-

2040 1275 2356 1336 zeliRecte
2385 1284 2576 1336 autem
2603 1276 2931 1337 auriculam
2965 1277 3120 1337 scrvi
3147 1277 3365 1336 summi
3399 1278 3681 1338 sacerdo-

289 1368 521 1421 νὲττεται
597 1368 690 1446 γὰρ
747 1366 826 1422 ὅτι
885 1369 1147 1446 παρήκοοι
1208 1369 1487 1437 ἦσαν-καὶ
1546 1368 1812 1443 ἀπειθεῖς,
1847 1373 1950 1424 τῶν

2040 1366 2108 1425 tis
2131 1369 2472 1446 alttpttlavli.
2503 1366 2700 1429 lnnuit
2733 1368 2891 1428 enim
2927 1367 3081 1447 quod
3115 1367 3322 1428 audire
3373 1368 3598 1430 nollent
3627 1378 3684 1430 et

288 1456 513 1534 Γραφῶν
595 1455 1043 1531 καταμελοῦντες,
1123 1459 1182 1514 Εἰ
1257 1458 1356 1536 γὰρ
1415 1458 1574 1536 εἶχον
1638 1460 1772 1530 ὦτα,
1847 1459 1950 1513 τῶν

2040 1457 2303 1524 credere,
2340 1465 2792 1517 contemnentes
2825 1457 3178 1535 Scripturas.
3217 1455 3278 1517 Si
3311 1457 3469 1518 enim
3512 1476 3685 1519 aures

289 1551 510 1623 Γραφῶν
563 1546 946 1618 κατακούοντα,
996 1549 1089 1603 οὒκ
1132 1545 1192 1603 ἂν
1261 1548 1355 1602 τὸν
1406 1547 1595 1624 Κύριον
1639 1548 1736 1612 τῆς
1797 1544 1950 1612 δόξης

2040 1543 2384 1604 habuissent
2416 1563 2544 1623 qua:
2566 1545 2905 1624 Scripturas
2935 1544 3680 1625 exaudirentmequaqnam

285 1635 644 1710 ἐσταύρωσαν,
709 1637 815 1692 Οὔκ
865 1634 1026 1692 ἄλλον
1069 1635 1123 1692 δὲ
1177 1635 1359 1700 δοῦλον
1390 1635 1603 1692 ἔπαισεν
1649 1638 1676 1691 ὁ
1731 1635 1946 1713 Πέτρος,

2037 1630 2347 1692 Dominum
2381 1633 2586 1709 gloriae
2618 1632 3073 1694 cruciﬁxissent.
3104 1630 3232 1692 Non
3270 1639 3462 1691 autem
3497 1631 3676 1691 alium

287 1723 428 1779 ἀλλά
483 1726 573 1778 τοῦ
618 1724 936 1804 ἀρχιερέως.
986 1728 1045 1784 Oi
1100 1727 1200 1804 γὰρ
1256 1726 1526 1803 ἀρχιερεῖς
1588 1731 1786 1804 πρῶτοι
1844 1727 1949 1781 τῶν

2040 1740 2207 1800 quam
2241 1722 2532 1798 pontilicis
2560 1741 2794 1782 servum
2831 1721 3120 1801 percussit
3164 1724 3388 1782 Petrus.
3427 1720 3672 1786 Pontiﬁ-

291 1819 513 1892 Γραιριῦν
582 1817 910 1892 παρήκουον,
988 1813 1162 1872 δοῦλοι
1237 1815 1423 1894 φθόνου
1513 1817 1601 1870 καὶ
1677 1813 1947 1894 φιλαυτίας

2040 1829 2132 1869 ccs
2160 1811 2314 1870 enim
2353 1810 2525 1889 primi
2575 1800 2879 1890 Sripturis
2912 1809 3401 1889 aspernabantur,
3437 1809 3568 1870 facti
3597 1811 3682 1870 in-

289 1903 592 1978 γενόμενοι,
655 1904 794 1960 Εἷπε
854 1902 908 1960 δὲ
990 1917 1108 1968 τοῖς
1166 1903 1355 1983 ὄχλοις
1391 1924 1406 1940 ’
1457 1895 1548 1966 Ὠς
1607 1902 1692 1958 ἐπὶ
1743 1902 1948 1980 λῃστὴν

2040 1899 2200 1960 Vidine
2230 1908 2286 1958 et
2319 1901 2404 1959 sui
2437 1899 2698 1978 ipsorum
2753 1899 2974 1960 amoris
3005 1897 3322 1978 mancipia.
3353 1897 3507 1958 Dixit
3535 1898 3674 1957 item

289 1991 536 2061 ἐξήλθετε
574 2013 587 2026 ο
622 1991 739 2048 καθ’
796 1993 1000 2072 ἡμέραν
1041 1992 1306 2050 ἐδίδασκον
1362 1993 1416 2048 ἐν
1471 2000 1548 2067 τῷ
1590 1995 1736 2070 ἱερῷ,
1784 2002 1948 2050 Τοῦτο

2040 1987 2269 2049 turbis:
2306 1986 2608 2066 Tanquam
2668 1987 2738 2047 ad
2788 1987 3073 2047 latronem
3127 1987 3198 2047 ad
3257 2005 3350 2047 me
3385 1985 3673 2060 exivistis,

287 2080 345 2136 δὲ
400 2081 497 2148 τὴν
557 2084 782 2148 θεότητα
846 2085 1003 2142 αὐτοῦ
1061 2081 1339 2144 δείκνυσιν,
1403 2072 1548 2140 "Ore
1618 2082 1717 2160 γὰρ
1778 2081 1831 2136 ἐν
1873 2088 1948 2154 τῷ

2040 2076 2290 2156 quotidie
2322 2076 2605 2137 docebam
2641 2077 2696 2136 in
2730 2076 2972 2155 templo.
3017 2075 3138 2136 Hoc
3168 2086 3362 2138 autem
3398 2075 3674 2137 divinita-

286 2173 416 2249 ἱερῷ
499 2169 786 2247 ἐδίδασκεν,
862 2175 956 2229 οὒκ
1032 2171 1366 2242 ἠδυνήθησαν
1444 2173 1598 2228 αὐτὸν
1695 2184 1942 2250 συσχεῖν,

2033 2177 2150 2230 tem
2187 2171 2316 2248 ejus
2338 2169 2721 2230 monstrabat.
2757 2167 2999 2240 Quando
3033 2167 3190 2228 enim
3223 2167 3285 2228 in
3315 2169 3540 2248 templo
3572 2167 3679 2228 do-

286 2261 462 2316 καίτοι
492 2258 543 2316 ἐν
571 2263 754 2340 χερσὶν
781 2265 951 2320 αὐτῶν
996 2259 1142 2323 ὄντα,
1209 2260 1290 2316 ὅτι
1336 2262 1504 2336 μήπω
1558 2262 1586 2315 ὑ
1642 2261 1825 2338 καιρὸς
1880 2260 1947 2327 ἦν

2040 2257 2218 2319 cebat.
2252 2277 2367 2318 non
2394 2265 2704 2338 potuerunt
2735 2258 2898 2317 illum
2933 2256 3679 2337 compreliendere,quam-

284 2358 381 2407 τοῦ
436 2351 654 2415 πάθους,
719 2342 864 2407 ’Ὅτε
921 2349 975 2406 δὲ
1025 2349 1276 2424 ἠθέλησε,
1322 2352 1442 2406 τότε
1499 2351 1683 2408 ἑαυτὸν
1715 2348 1948 2428 παρέδω-

2040 2346 2116 2408 vis
2149 2346 2208 2405 in
2244 2347 2479 2406 illorum
2517 2345 2786 2406 manibus
2819 2346 3142 2425 esset,quia
3163 2344 3426 2406 nondum
3451 2354 3682 2424 tempus

287 2462 444 2521 κεν,,
493 2439 584 2494 ἵνα
672 2439 1025 2508 πληρωθῶσιν
1086 2443 1135 2496 αἱ
1199 2443 1398 2519 Γραφαὶ
1456 2448 1559 2496 τῶν
1630 2447 1941 2521 προφητῶν,

287 2528 371 2584 ὅτι
435 2520 526 2591 ’δὶς
575 2527 837 2604 πρόϐατον
920 2529 1006 2586 ἐπὶ
1073 2531 1280 2610 σφαγὴν
1341 2529 1509 2610 ἤχθη,
1573 2520 1680 2587 οὒκ
1736 2530 1938 2609 ἐρίζων,

289 2616 408 2673 οὐδὲ
451 2619 780 2696 κραυγάζων,
811 2617 932 2675 ἀλλ’
962 2619 1222 2695 ἑπόμενος
1247 2619 1406 2681 ἑκών,

385 2819 402 2851 ι
447 2804 539 2855 Κοί
581 2796 799 2877 ἀφέντες
855 2799 1010 2854 αὐτὸν
1058 2798 1276 2872 πάντες,
1328 2797 1542 2877 ἔφυγον.
1579 2798 1676 2855 Καὶ
1734 2798 1820 2862 εἷς
1861 2820 1944 2862 τις

2030 2445 2153 2496 erat
2195 2435 2478 2516 patiendi;
2502 2435 2740 2515 quando
2771 2444 2967 2495 autem
2999 2434 3200 2495 voluit.
3239 2441 3380 2496 tunc
3410 2434 3674 2512 seipsum

2029 2524 2332 2600 obtulit,ut
2356 2524 2715 2604 impleantur
2736 2525 3056 2603 Scriptura!
3087 2524 3510 2603 prophetarum
3535 2521 3680 2582 2ὗῦ

2028 2615 2183 2694 quod
2207 2615 2374 2674 Sicut
2404 2615 2527 2674 ovis
2558 2615 2629 2674 ad
2665 2613 3021 2674 occisionem
3059 2613 3273 2674 ductus
3297 2613 3518 2686 sit,non
3537 2629 3679 2672 con-

2028 2704 2304 2785 tendens,
2340 2723 2530 2784 neque
2562 2705 2848 2776 clamans,
2884 2702 2986 2763 sed
3021 2721 3128 2762 sua
3155 2711 3362 2781 sponte
3389 2719 3670 2782 sequens.

2109 2793 2290 2856 VEltS.
2329 2795 2542 2856 50-54.
2584 2817 2608 2849 α
2646 2795 2716 2852 Et
2742 2792 2946 2852 relicto
2983 2791 3085 2851 illo
3131 2809 3338 2851 omnes
3369 2792 3670 2869 fugerunt.

288 2887 560 2951 νεανίσκος
614 2886 888 2954 ἠκολούθει
956 2888 1121 2962 αὑτῷ,
1203 2883 1655 2966 περιϐεϐλημένος
1731 2885 1943 2966 σινδόνα

2040 2882 2094 2942 Et
2127 2901 2275 2942 unus
2298 2881 2589 2960 quispiam
2613 2879 3095 2941 adolescentulus
3124 2878 3484 2958 sequebatur
3508 2877 3676 2940 illum

287 2973 376 3030 ἰπὶ
423 2985 645 3053 γυμνοῦ.
698 2977 796 3032 Καὶ
858 2982 1137 3054 κρατοῦσιν
1215 2975 1370 3031 αὐτὸν
1415 2978 1462 3031 οἱ
1520 2975 1802 3031 νεανίσκοι.
1882 2965 1939 3032 Ὀ

2040 2971 2501 3031 :ircutnamictus
2523 2969 2771 3029 sindone
2815 2985 2994 3048 super
3025 2967 3273 3041 nudum,
3308 2975 3368 3029 et
3393 2985 3674 3047 compre-

288 3062 329 3082 αἱ

282 3062 339 3119 δὲ
390 3062 698 3121 καταλιπὼν
750 3064 850 3131 τὴν
907 3062 1136 3138 σινδόνα,
1173 3065 1370 3143 γυμνὸς
1403 3062 1590 3144 ἔφυγεν
1619 3061 1712 3119 ἀπ’
1742 3063 1936 3126 αὐτῶν,

2025 3059 2295 3120 hendunt
2332 3059 2494 3119 illum
2526 3057 2976 3119 adolescentuli.
3009 3057 3114 3118 llle
3145 3074 3284 3118 vero
3315 3056 3521 3118 relicta
3545 3055 3676 3117 sin-

287 3155 387 3211 Καὶ
430 3153 714 3230 ἀπήγαγον
746 3155 839 3209 τὸν
867 3150 1042 3220 Ἰησῦν
1088 3127 1346 3232 πρὸς-τὸν
1397 3127 1674 3232 ἀρχιερέα,
1722 3154 1809 3207 καὶ
1839 3173 1937 3206 συ-

2040 3148 2178 3209 ione
2206 3147 2404 3209 nudus
2434 3146 2636 3225 eﬂ'ugit
2693 3146 2764 3207 ab
2811 3146 2948 3209 illis.
2978 3145 3048 3206 Et
3077 3144 3672 3208 adduxeruntJesum

283 3241 566 3322 νὲρχονται
619 3246 763 3316 αὖτῷ
803 3243 998 3306 πάντες
1042 3245 1088 3300 οἱ
1118 3243 1420 3322 ἀρχιερεῖς,
1450 3244 1538 3298 καὶ
1569 3245 1616 3298 οἱ
1644 3238 1930 3314 πρεσϐύτε-

2023 3237 2094 3297 ad
2145 3254 2445 3297 summum
2496 3235 2888 3304 sacerdotem.
2924 3243 2982 3296 et
3019 3235 3379 3296 conveniunt
3408 3253 3541 3296 cum
3573 3234 3674 3295 illo

284 3353 366 3409 ροι
395 3332 483 3386 καὶ
527 3333 574 3387 οἱ
617 3337 985 3410 Γραμματεϊς.
1036 3333 1134 3390 Καὶ
1190 3335 1218 3388 ὁ
1277 3331 1473 3400 Πέτρος
1515 3330 1620 3386 ἀπὸ
1679 3329 1941 3408 μακρόθεν

2040 3343 2232 3386 )tnnes
2258 3325 2475 3386 summi
2501 3326 2842 3386 sacerdotes
2873 3332 2930 3386 et
2960 3325 3233 3386 seniores
3261 3333 3318 3384 et
3339 3322 3584 3386 Scribze.
3605 3323 3676 3384 Et

284 3418 644 3488 ἠκολούθησεν
693 3421 834 3495 αὖτῷ
887 3419 986 3483 ἕως
1030 3419 1138 3477 ἔσω
1189 3423 1260 3487 εἰς
1290 3422 1390 3488 τὴν
1435 3419 1598 3489 αὐλὴν
1626 3427 1719 3477 τοὺ
1745 3419 1942 3498 ἀρχιεο

2027 3413 2239 3476 Petrus
2296 3413 2530 3477 eminus
2568 3414 2926 3494 sequebatur
2984 3415 3148 3475 illum
3193 3413 3349 3474 intro
3401 3431 3587 3492 usque
3616 3412 3676 3472 iu

288 3510 443 3588 ρέως,
505 3511 591 3565 καὶ
633 3514 701 3578 ἦν
764 3512 1165 3588 συγκαθήμενος
1210 3513 1345 3587 μετὰ
1398 3517 1503 3567 τῶν
1551 3511 1829 3589 ὑπηρετῶν
1858 3503 1946 3566 καὶ

2040 3502 2248 3564 atrium
2277 3501 2491 3562 summi
2523 3502 2870 3577 sacerdotis,
2907 3510 2964 3564 et
2992 3510 3118 3563 erat
3147 3502 3364 3563 sedens
3387 3520 3503 3562 una
3541 3519 3678 3560 cum

287 3599 699 3675 θερμαινόμενος
757 3601 888 3678 πρὸς
933 3601 992 3656 τὸ
1036 3603 1172 3680 φῶς.
1214 3624 1237 3658 n
1289 3591 1542 3680 ’Ἐφυγον
1586 3600 1633 3655 οἱ
1689 3599 1950 3673 μαθηταί-

290 3689 399 3746 Οὖκ
456 3687 522 3755 ἦν
567 3689 667 3768 γὰρ
726 3690 1015 3764 ψεύσασθαι
1067 3689 1166 3756 τὴν
1217 3687 1624 3763 αὐτοαλήθειαν,
1675 3686 1789 3744 οὐδὲ
1833 3689 1954 3746 τοὺς

284 3780 593 3858 προφήτας.
657 3783 751 3842 Εἷς
804 3779 857 3835 δέ
903 3802 980 3844 τις
1030 3781 1300 3845 νεανίσκος
1353 3778 1721 3847 ἠκολούθησεν
1780 3781 1960 3853 αὐτῷ·⁵

286 3869 356 3925 Οτ
515 3867 561 3900 ‘1
847 3869 904 3902 ο,
1097 3894 1106 3904 η
1234 3868 1258 3888 η
1349 3870 1384 3902 ῃ
1483 3869 1510 3880 ~
1806 3872 1818 3890 ν
1932 3877 1952 3890 .

329 3890 448 3932 υτος
509 3888 563 3923 0:.
624 3871 651 3925 ὁ
718 3890 985 3934 νεανισιιος
1048 3872 1187 3934 εἰκὸς
1231 3891 1312 3926 οτι
1346 3891 1406 3925 ειι
1447 3891 1546 3936 της
1579 3868 1748 3934 οἱκίας
1809 3870 1919 3925 εκεί

283 3980 381 4022 νης
426 3959 514 4030 ἧν,
551 3957 606 4013 ἐν
635 3960 670 4035 ᾖ
715 3958 911 4039 ἔφαγον
953 3962 1012 4016 τὸ
1065 3960 1278 4039 πάσχα,
1312 3958 1461 4021 Τινὲς
1492 3956 1548 4014 δέ
1578 3980 1704 4037 φασι
1737 3969 1926 4017 τοῦτον

284 4045 538 4104 Ἰάκωϐον
619 4052 758 4104 εἶναι
841 4050 932 4104 τὸν
1003 4046 1338 4128 ἀδελφόθεον,
1424 4049 1518 4104 τὸν
1589 4046 1956 4114 ἐπικληθέντα

288 4137 533 4198 Δίκαιον.
586 4138 751 4201 Οὗτος
813 4138 913 4216 γὰρ
969 4136 1042 4194 ἐνὶ
1125 4136 1447 4215 περιϐολαίῳ
1521 4136 1792 4216 ἐκέχρητο
1842 4144 1953 4193 πᾶ-

285 4248 383 4281 σαν
440 4230 540 4294 την
585 4229 744 4283 αὒτοῦ
801 4229 944 4297 ζωήν
980 4244 992 4257 ·
1028 4228 1086 4292 ὃς
1118 4229 1206 4284 καὶ
1248 4229 1340 4284 τὸν
1396 4225 1578 4304 θρόνον
1631 4232 1738 4282 τῶν
1787 4217 1955 4304 ιΙερο..

287 4314 536 4390 σολύμων
580 4317 721 4392 παρά
773 4322 880 4372 τῶν
941 4315 1254 4374 ἀποστόλων
1299 4314 1453 4373 ἔλαϐε
1525 4316 1662 4391 μετά
1720 4316 1822 4382 τὴν
1865 4315 1957 4373 τοῦ

2041 3592 2344 3664 ministris,
2375 3600 2434 3651 et
2463 3590 2773 3652 caletiebat
2803 3592 2873 3652 ad
2908 3592 3129 3652 lumen.
3163 3615 3186 3648 ιθ
3218 3591 3522 3670 Fugerunt
3551 3590 3678 3650 dis-

2041 3682 2242 3760 cipuli,
2298 3699 2490 3761 neque
2545 3682 2701 3741 enim
2760 3681 2993 3740 mentiri
3029 3687 3252 3760 poterat
3281 3680 3493 3740 veritas
3522 3681 3674 3759 ipsa,

2041 3789 2232 3850 neque
2266 3773 2588 3850 prOpltetaa.
2622 3769 3112 3831 Adulescentulus
3155 3778 3352 3830 autem
3385 3769 3677 3849 quispiam

2040 3858 2766 3940 sequebatur.Verisimile
2798 3867 2882 3919 est
2905 3860 3063 3940 quod
3089 3859 3185 3920 hic
3198 3858 3681 3920 adolescentulus

2041 3959 2165 4010 erat
2198 3951 2430 4028 quidam
2476 3967 2508 4009 e
2556 3949 2731 4008 domo
2763 3949 2822 4008 in
2855 3967 2969 4028 qua
2998 3949 3379 4009 cotnederant
3439 3949 3679 4028 pascha.

2041 4039 2290 4110 Quidam
2345 4047 2540 4099 autem
2593 4038 2795 4098 dicunt
2828 4037 2992 4099 illum
3024 4037 3204 4099 fuisse
3235 4037 3516 4100 Jacobum
3559 4037 3680 4098 ira-

2045 4140 2191 4188 trem
2263 4128 2524 4201 Domini,
2576 4127 2673 4207 qui
2733 4127 3254 4206 cognominabatur
3303 4130 3521 4190 Justus.
3573 4124 3683 4187 Hic

2039 4219 2196 4278 enim
2232 4237 2346 4277 una
2391 4226 2548 4278 veste
2583 4235 2721 4276 usus
2752 4227 2840 4278 est
2869 4236 2978 4297 per
3004 4236 3242 4278 omnem
3285 4219 3457 4278 vitain
3489 4235 3678 4295 suam,

2039 4308 2245 4387 qui,et
2273 4305 2475 4367 sedem
2507 4305 3096 4386 Hierosolymitanam
3147 4306 3219 4367 ab
3265 4305 3549 4386 apostolis
3575 4324 3680 4366 ac-

293 4406 483 4484 Κυρίου
529 4405 822 4480 ἀνάληψιν,
898 4407 994 4464 Καὶ
1050 4409 1201 4469 οὗτος
1262 4411 1435 4462 τοίνυν
1493 4403 1804 4461 καταλιπὼν
1856 4405 1950 4472 τὴ»

2043 4397 2195 4477 cepit
2231 4404 2358 4476 post
2390 4395 2855 4484 assutnptionem
2883 4396 3142 4458 Domini.
3162 4399 3234 4457 Et
3265 4397 3361 4457 hic
3382 4396 3559 4473 igitur
3587 4413 3683 4456 re—

587 4495 795 4574 ’ἐφυ-γεν.
858 4494 1018 4555 Οὐδὲν
1070 4495 1124 4552 δὲ
1183 4498 1362 4552 καινὸν
1413 4496 1457 4550 εἰ
1488 4501 1593 4550 τῶν
1658 4494 1955 4573 κορυφαίων

289 4584 588 4664 φυγόντων,
671 4588 758 4642 γαὶ
839 4589 992 4648 οὗτος
1048 4585 1303 4641 κατέλιπε
1374 4585 1466 4640 τὸν
1522 4584 1734 4663 Κύριον.
1803 4581 1955 4640 Ἀλλ’

290 4672 384 4752 ὅγε
474 4675 669 4752 Πέτρος
744 4674 1050 4754 ἀκολουθεῖ,
1139 4675 1472 4752 θερμοτάτην
1531 4673 1746 4751 ἀγάπην
1825 4675 1956 4752 πρὸς

287 4765 380 4819 τὸν
431 4761 758 4822 Διδάσκαλον
813 4763 1236 4839 ἐκδεικνύμενος.
1299 4770 1400 4821 Τοῦ
1456 4760 1510 4818 δὲ
1555 4763 1718 4838 νόμου
1763 4761 1953 4818 κελεύ-

293 4875 446 4916 οντος
504 4853 596 4910 ἕνα
678 4858 816 4910 εἶναι
896 4853 1150 4934 ἀρχιερέα
1218 4851 1301 4908 διὰ
1379 4853 1514 4932 βίου,
1574 4851 1762 4909 πολλοὶ
1835 4852 1955 4908 τότε

289 4943 452 5015 ἦσαν,
523 4941 870 5008 ἐξωνούμενοι
969 4943 1086 4999 καθ’
1183 4941 1406 4998 ἕκαστον
1494 4940 1728 4998 ἐνιαυτὸν
1813 4941 1956 5019 παρά

301 5024 578 5106 Ῥωμαίων
637 5033 732 5095 τὰς
775 5033 974 5112 ἀρχάς,
1024 5031 1329 5111 Ἀρχιερετς
1383 5031 1471 5087 οὗν
1500 5030 1666 5109 λέγει,
1701 5032 1822 5093 τοὺς
1852 5028 1954 5097 ἤδη

297 5120 726 5192 πεπληρωκότας
794 5123 885 5176 τὸν
955 5120 1250 5200 ὡρισμένον
1323 5121 1503 5191 καιρόν
1580 5120 1789 5192 αὒτοῖς,
1868 5121 1955 5174 καὶ

299 5208 762 5286 ἀποϐαλλομένους
791 5211 892 5278 τὴν
921 5210 1346 5290 ἀρχιερωσύνην,

385 5321 407 5355 tt
447 5302 506 5358 Οἱ
550 5298 604 5356 δὲ
663 5301 940 5380 ἀρχιερεῖς
1005 5301 1093 5356 καὶ
1139 5298 1262 5356 ὅλον
1307 5300 1367 5356 τὸ
1421 5295 1682 5375 συνέδριον
1739 5295 1954 5366 ἐζήτουν

298 5392 435 5446 κατά
490 5391 582 5447 τοῦ
634 5389 812 5458 ’[ησοῦ
856 5398 1141 5470 μαρτυρίαν
1186 5392 1256 5455 εἰς
1305 5391 1366 5446 τὸ
1415 5391 1713 5445 θανατῶσαι
1748 5389 1901 5443 αὓτον
1936 5401 1950 5414 ⁹

301 5481 388 5535 καὶ
439 5481 544 5560 οὔχ
601 5479 862 5560 εὕρισκον.
902 5479 1096 5538 Πολλοὶ
1156 5480 1257 5557 γὰρ
1315 5475 1795 5554 ἐψευδομαρτύρουν
1838 5478 1955 5532 κατ’

299 5570 478 5647 αἰτοῦ,
554 5570 640 5624 καὶ
688 5568 810 5625 ’ἶσαι
874 5572 926 5624 αἱ
984 5567 1259 5647 μαρτυρίαι
1314 5570 1407 5624 οὔκ
1450 5566 1610 5634 ἦσαν,
1673 5563 1777 5625 Καί
1821 5584 1958 5628 τινες

296 5657 643 5732 ἀναστάντες,
707 5656 1192 5738 ἐψευδομαρτύρουν
1266 5656 1386 5714 κατ’
1448 5656 1628 5734 αὑτοῦ,
1686 5653 1960 5732 λέγοντες,

292 4494 532 4575 σινδόνα,

2041 4487 2178 4547 licta
2200 4485 2452 4545 sindone
2483 4485 2651 4562 fugit.
2686 4483 2843 4544 Nihil
2863 4493 3054 4545 autem
3086 4488 3219 4546 novi
3253 4486 3302 4546 si
3323 4485 3685 4564 fugientibus

2043 4575 2355 4656 praecipuis
2388 4574 2563 4634 etiam
2595 4572 2687 4634 hic
2718 4573 3028 4653 reliquerit
3087 4574 3429 4638 Dominum.
3478 4579 3684 4634 Petrus

2042 4684 2177 4726 vero
2209 4673 2446 4725 secutus
2477 4671 2585 4734 est,
2621 4663 2971 4741 ampliorem
3023 4682 3158 4742 erga
3207 4663 3521 4724 Dominum
3572 4662 3682 4722 de-

2039 4757 2272 4816 clarans
2345 4770 2634 4813 amorem.
2695 4751 2838 4813 Cum
2912 4761 3108 4814 autem
3168 4753 3260 4814 lex
3337 4751 3688 4833 praeciperet

2041 4864 2224 4906 unum
2285 4862 2416 4904 esse
2475 4840 2811 4922 pontiﬁcem
2872 4859 2979 4920 per
3042 4851 3216 4903 totam
3261 4842 3462 4917 vitam,
3518 4840 3685 4909 multi

2041 4946 2180 4995 tunc
2234 4940 2401 4995 erant
2449 4939 2715 4994 ementes
2765 4931 3080 5007 quotannis
3126 4949 3161 4991 a
3207 4929 3491 4991 Romanis
3529 4929 3689 5009 prin-

2041 5025 2291 5106 cipatus.
2357 5021 2672 5084 Pontilices
2724 5019 2921 5100 itaque
2976 5019 3122 5081 dicit
3179 5038 3319 5095 eos,
3374 5019 3475 5100 qui
3530 5025 3686 5078 tem-

2046 5134 2153 5195 pus
2204 5131 2374 5174 suutn
2413 5112 2534 5191 jam
2589 5115 2926 5190 exegerant,
2966 5118 3024 5170 et
3056 5109 3459 5190 pontiﬁcatum
3496 5109 3686 5190 depo-

2041 5210 2304 5344 mirga;
2340 5282 2510 5345 55-6t
2531 5306 2578 5344 .‹
2595 5279 2909 5345 Pontiﬁces
2939 5297 3077 5341 vero
3101 5286 3160 5341 et
3176 5287 3360 5341 totum
3378 5276 3692 5340 consilium

2042 5371 2386 5455 quaerebant
2413 5371 2696 5434 adversus
2723 5369 2923 5433 Jesum
2961 5368 3360 5430 testimonium
3411 5375 3476 5427 ut
3516 5370 3694 5431 morti

2043 5465 2350 5525 traderent
2378 5479 2656 5532 eum,nec
2679 5457 3088 5520 inveniebant.
3114 5456 3260 5520 Nam
3286 5456 3456 5518 multi
3482 5455 3695 5517 falsum

2043 5551 2447 5612 testimonium
2496 5549 2764 5610 dixerant
2822 5547 3108 5608 adversus
3163 5544 3352 5624 illum,
3388 5561 3500 5604 nec
3530 5549 3699 5604 erant

2044 5642 2184 5704 satis
2217 5642 2430 5702 idonea
2459 5637 2820 5702 testimonia.
2851 5637 2926 5699 Et
2951 5636 3190 5718 quidam
3220 5632 3615 5718 assurgebant
3641 5647 3699 5703 et
