4162 6228
430 296 550 362 659
1216 320 1221 325 '
1387 293 1983 364 THEOPHYLACTI
2026 290 2123 353 BU
2134 288 2440 354 LGARI/E
2485 294 2844 357 ARCHIEP.
3702 277 3837 353 660

431 427 647 490 falsum
676 428 1085 492 testimonium
1118 428 1389 492 ferebant
1431 429 1711 491 adversus
1770 428 1963 506 illum,
1991 424 2085 486 di-

2183 421 2252 479 i1t
2286 414 2477 501 Ἠμεῒς
2522 426 2827 503 ἠκούσαμεν
2871 427 3028 484 αὐτοῦ
3057 424 3331 505 λέγοντος,
3381 424 3461 482 ὅτι
3494 425 3636 504 Ἐγὼ
3663 446 3831 480 κατα-

436 526 673 580 centes:
701 520 820 582 Nos
837 518 1171 581 audivimus
1193 538 1325 581 eum
1349 520 1647 582 dicentem
1670 539 1688 579 :
1715 519 1838 596 Ego
1857 515 2086 578 diruam

2183 514 2313 570 lusu)
2369 516 2460 572 τὸν
2520 515 2643 571 ναόν
2708 522 2893 572 τοῦτον
2965 515 3058 571 τὶν
3115 514 3495 594 χειροποίητον
3521 534 3535 548 ο
3592 515 3680 570 καὶ
3740 512 3828 568 διὰ

436 607 723 687 templum
754 608 888 682 hoc,
923 609 1079 689 quod
1115 618 1201 670 est
1234 609 1509 670 manibus
1541 610 1780 681 factum,
1816 618 1875 667 et
1900 604 2090 666 tribus

436 694 648 757 diebus
680 696 835 759 aliud
871 698 998 759 sine
1025 697 1301 759 manibus
1333 698 1547 760 factum
1581 694 1985 759 exstruam.Et
2015 711 2090 755 ne

439 784 526 846 sic
547 784 787 866 quidem
805 788 944 847 satis
964 786 1246 849 idoneum
1263 795 1387 849 erat
1400 785 1798 849 testimonium
1827 784 2086 846 illorum.

444 873 510 936 Et
533 892 781 953 surgens
797 895 1066 938 summus
1085 876 1364 938 sacerdos
1392 877 1453 938 in
1486 875 1743 937 medium
1767 874 2091 951 interroga-

440 964 539 1025 bat
559 962 1002 1037 Jesum,dicens
1026 987 1039 1027 :
1064 967 1194 1029 Non
1219 965 1546 1045 respondes
1575 961 1931 1045 quidquam?
1947 960 2089 1042 quid

440 1053 534 1115 isti
552 1053 860 1115 adversum
899 1062 953 1116 te
985 1054 1189 1116 dicunt
1220 1054 1586 1117 testimonia?
1620 1053 1690 1115 At
1714 1052 1811 1113 ille
1835 1050 2084 1126 tacebat,

444 1160 636 1222 neque
650 1142 790 1222 quid
802 1162 974 1223 quam
1002 1142 1942 1227 respondebat.»Judiciiformam
1956 1158 2090 1201 ser-

444 1238 582 1292 vant
605 1230 690 1292 illi
722 1232 835 1310 ipsi
862 1233 1358 1295 condemnatione
1392 1232 1649 1311 digni,ut
1671 1230 1983 1291 videantur
2013 1229 2090 1290 il-

445 1319 564 1381 lum
599 1321 976 1398 cumjudicio
1009 1322 1307 1387 occidere.
1343 1321 1648 1395 Quomodo
1710 1320 1865 1382 enim
1921 1318 2089 1399 judi-

445 1410 598 1471 cium
621 1410 1027 1489 justum,cum
1061 1412 1208 1474 tales
1253 1412 1468 1474 adsunt
1519 1419 1721 1482 testes,
1763 1409 1906 1469 nihil
1938 1407 2087 1483 sani,

444 1498 549 1560 sed
584 1498 816 1560 turbata
844 1511 900 1563 et
931 1501 1247 1581 inaequalia
1276 1502 1544 1563 dicentes
1588 1498 1815 1560 omnia?
1855 1497 1923 1558 Et
1979 1496 2091 1577 ipsi

445 1607 679 1670 quoque
702 1588 804 1669 qui
835 1588 941 1651 visi
980 1600 1117 1651 sunt
1162 1591 1360 1653 dicere
1393 1588 1694 1663 quiddam,
1728 1586 2094 1648 mendaciter

443 1677 741 1739 dixerunt.
768 1678 896 1740 Non
927 1679 1070 1741 dixit
1095 1680 1280 1754 enim,
1314 1684 1431 1758 Ego
1469 1678 1764 1739 destruam
1803 1676 2088 1756 templum

444 1766 555 1838 hoc
586 1788 599 1830 :
636 1767 766 1842 sed,
794 1767 1012 1831 Solvite
1047 1790 1059 1831 :
1088 1777 1149 1830 et
1182 1787 1299 1829 non
1332 1767 1500 1847 dixit,
1536 1764 1958 1828 manufactum:
1987 1763 2092 1826 sed

2183 1768 2408 1841 Ἰησοῦν,
2474 1765 2793 1843 βουλόμενος
2852 1766 2925 1829 εἷς

446 1856 820 1938 simpliciter,
858 1857 1172 1939 templum.
1228 1857 1498 1921 Pontifex
1547 1863 1742 1916 autem
1796 1854 2005 1933 surgit,
2041 1862 2099 1916 et

447 1944 769 2026 interrogat
796 1947 1023 2021 Jesum,
1067 1948 1268 2009 volens
1318 1948 1511 2027 ipsum
1561 1944 1629 2005 ad
1688 1943 2097 2005 defensionem

448 2036 709 2116 trahere,
746 2044 808 2096 ut
837 2037 933 2097 vel
968 2056 1036 2098 ex
1069 2036 1417 2100 defensione
1468 2043 1526 2095 et
1582 2050 1868 2112 responso
1910 2035 2100 2114 ipsum

446 2124 1003 2204 comprehenderet.
1041 2128 1114 2187 At
1143 2124 1317 2187 Jesus
1353 2132 1530 2197 tacet,
1585 2123 1782 2184 sciens
1817 2122 1949 2184 illos
1981 2143 2100 2185 non

446 2218 777 2273 attenturos
818 2213 911 2275 his
943 2232 1072 2293 quae
1103 2213 1174 2274 ab
1200 2216 1325 2293 ipso
1358 2213 1721 2292 dicerentur,
1760 2211 1815 2272 id
1863 2213 2015 2291 quod
2045 2223 2102 2276 et

2169 610 2328 681 τριῶν
2370 605 2586 683 ἡμερῶν
2616 602 2776 662 ἄλλον
2833 604 3253 685 ἀχειροποίητον
3311 601 3669 678 οἰκοδομήσω.
3724 602 3831 665 Καὶ

2172 689 2287 748 ουδὲ
2344 692 2507 759 οὕτως
2556 691 2656 760 ἴση
2716 695 2751 763 ἡ
2802 694 3059 773 μαρτυρία
3112 694 3307 756 αὐτῶν,
3359 690 3463 754 Καὶ
3518 693 3745 759 ἀναστὰς
3799 696 3828 750 6

2172 780 2452 861 ἀρχιερεὺς
2484 785 2557 848 εἰς
2603 783 2788 859 μέσον,
2822 781 3138 862 ἐπηρώτησε
3186 782 3278 838 τὸν
3321 780 3549 858 Ἰησοῦν,
3602 781 3774 861 λέγων
3809 802 3823 818 ·

2174 874 2280 930 Οὔκ
2336 872 2591 952 ἀποκρίνῃ
2637 870 2834 947 οὗδένς
2893 873 2953 930 Τί
3022 870 3165 927 οὗτοί
3235 893 3329 928 σου
3387 880 3823 951 καταμαρτυροῦ-

2362 951 2375 972 ε
2480 951 2486 952 ί
3039 958 3081 978 ν
3177 960 3190 979 ν
3716 963 3741 973 υ

2173 980 2307 1033 σιν;
2379 971 2419 1019 Ο
2473 961 2528 1018 δὲ
2586 961 2789 1019 ἐσιώπα
2832 961 2918 1018 καὶ
2971 964 3119 1019 ούοεν
3170 962 3507 1039 απεκρίνατο.
3560 984 3587 1014 ι
3622 968 3826 1040 Σχημα

2172 1046 2325 1116 δῆθεν
2382 1052 2652 1131 κριτηρίου
2707 1053 2754 1107 οἱ
2825 1049 3262 1130 αὖτοκατάκριτοι
3332 1048 3678 1125 πλάττονται,
3734 1050 3827 1105 ἵνα

2173 1136 2366 1206 δόξωσι
2423 1142 2558 1217 μετά
2600 1141 2820 1221 κρίσεως
2877 1138 3032 1196 αὒτὸν
3094 1138 3324 1198 ἀνελεῖν.
3373 1145 3481 1198 Ποῦ
3528 1140 3627 1217 γὰρ
3680 1139 3829 1219 ὀρθὸν

2172 1230 2466 1309 κριτήριον,
2546 1228 2679 1287 ὅπου
2793 1229 3047 1308 μάρτυρες
3143 1230 3370 1285 τοιοῦτοι
3475 1226 3824 1307 παράγονται,

2174 1316 2318 1377 οὐδὲν
2358 1320 2501 1394 ὑγιὲς
2559 1318 2831 1397 λέγοντες,
2892 1316 3028 1375 ἀλλὰ
3101 1318 3270 1374 πάντα
3311 1316 3681 1397 τεταραγμένα
3739 1327 3830 1381 καὶ

2173 1408 2353 1484 dividat;
2399 1407 2504 1470 Καὶ
2533 1408 2679 1465 αὐτοὶ
2707 1405 2761 1463 δὲ
2789 1410 2832 1464 ος
2867 1405 3106 1473 δόξαντες
3166 1429 3217 1463 τι
3260 1406 3459 1486 λέγειν,
3515 1406 3682 1483 ψευδῆ
3736 1408 3831 1463 εῖ-

2174 1522 2295 1558 πον.
2362 1489 2419 1555 Ὀ
2462 1499 2561 1578 γὰρ
2617 1496 2807 1577 Κύριος
2857 1498 2951 1553 οὑκ
3008 1497 3159 1574 εἷπε,
3225 1495 3525 1558 Καταλύσω
3577 1496 3686 1576 ἐγὼ
3737 1499 3831 1552 τὸν

2174 1589 2322 1661 ναὸν,
2359 1586 2518 1662 ἀλλὰ,
2564 1586 2784 1645 Λύσατε.
2817 1584 2922 1647 Καὶ
2980 1585 3122 1659 οὔδε,
3183 1592 3587 1667 χειροποίητον,
3649 1592 3827 1660 εἶπεν,

2174 1676 2294 1733 ἀλλ’
2338 1676 2543 1757 ἀπλῶς,
2578 1677 2725 1735 ναόν.
2759 1668 2816 1735 Ὀ
2849 1674 2902 1732 δὲ
2933 1676 3209 1756 ἀρχιερεὺς
3240 1677 3469 1741 ἀναστὰς
3530 1676 3699 1750 ἐρωτᾷ
3740 1678 3830 1732 τὸν

3013 1766 3304 1845 ἀπολογίαν
3377 1767 3533 1822 αὐτὸν
3590 1765 3831 1843 ἑλκύσαι,

2177 1854 2272 1913 ἵνα
2316 1860 2376 1913 ἐκ
2406 1858 2503 1924 τῆς
2560 1855 2849 1934 ἀπολογίας
2894 1854 3141 1932 δράξηται
3185 1855 3363 1916 abte-3.
3416 1847 3473 1914 Ὀ
3517 1853 3570 1910 δὲ
3632 1862 3832 1927 σιωπᾷ,

2179 1946 2456 2026 γινώσκων
2536 1945 2614 2003 ὅτι
2679 1947 2736 2001 οὑ
2810 1943 3121 2025 προσέξουσι
3200 1958 3320 2009 τοῖς
3393 1949 3550 2004 αὐτοῦ
3605 1943 3785 2021 λόγοις
3818 1960 3832 1974 ⁸

2182 2038 2210 2093 ὃ
2264 2038 2351 2094 καὶ
2403 2038 2430 2093 ὁ
2487 2042 2691 2099 Λουκᾶς
2754 2034 2928 2113 λέγει,
2987 2033 3067 2091 ὁτι
3124 2034 3469 2113 ἐρωτώμενος
3528 2037 3556 2090 6
3614 2033 3837 2113 Κύριος,

2183 2126 2337 2182 εἶπεν
2372 2144 2387 2160 ⁸
2452 2116 2574 2182 Ἐὰν
2628 2122 2771 2180 εἵπω
2828 2125 2983 2203 ὑμῖν,
3044 2126 3102 2182 οὗ
3160 2124 3239 2198 μὴ
3282 2123 3623 2189 πιστεύσητε·
3660 2124 3749 2179 ἐὰν
3779 2122 3834 2179 δὲ

2184 2214 2460 2294 ἐρωτήσω,
2495 2213 2554 2270 οὗ
2596 2215 2674 2289 μὴ
2710 2215 3053 2291 ἀποκριθῆτε,

450 2298 637 2361 Lucas
669 2300 833 2376 dicit,
868 2303 1009 2380 quia
1034 2322 1165 2363 cum
1202 2302 1670 2379 interrogaretur
1714 2302 1854 2360 254
1887 2303 2198 2379 Dominus,
2231 2302 2377 2364 dixit
2410 2324 2423 2362 :
2458 2301 2520 2364 Si
2550 2300 2755 2364 dixero
2783 2300 2973 2378 vobis,
3006 2319 3127 2363 non
3158 2300 3415 2363 credetis
3449 2317 3463 2364 :
3498 2300 3591 2362 sin
3634 2299 3826 2363 inter-

450 2407 730 2468 rogavero
761 2410 885 2472 vos,
948 2412 1063 2452 non
1123 2390 1580 2472 respondebitis.

531 2480 717 2541 νεεδ.
746 2480 948 2545 61-65.
980 2482 1278 2543 «Rursum
1305 2498 1573 2540 summus
1604 2480 1881 2541 sacerdos
1910 2481 2098 2542 inter-

453 2566 678 2646 rogavit
709 2568 924 2648 ipsum,
962 2578 1018 2630 et
1048 2567 1294 2631 dicitilli
1328 2590 1340 2632 :
1368 2568 1452 2629 Tu
1487 2587 1548 2628 es
1582 2568 1680 2628 ille
1701 2567 1964 2630 Christus
1996 2568 2098 2630 Fi-

454 2655 569 2726 lius
592 2655 696 2717 Dei
721 2656 1050 2720 benedicti?
1097 2657 1268 2721 Jesus
1324 2665 1522 2719 autem
1555 2657 1739 2720 dixit:
1778 2657 1895 2736 Ego
1941 2676 2097 2734 sum,

455 2753 513 2805 et
557 2744 829 2808 videbitis
876 2746 1083 2809 Filiqu
1146 2745 1405 2807 hominis
1461 2745 1771 2807 sedentem
1817 2766 1849 2807 a
1881 2745 2103 2808 dextris

455 2834 705 2911 virtutis,
741 2844 798 2896 et
831 2836 1171 2897 venientem
1205 2836 1261 2896 in
1312 2834 1569 2895 nubibus
1617 2835 1771 2898 coeli.
1827 2837 2103 2898 Summus

452 2931 649 2985 autem
712 2924 987 2986 sacerdos
1032 2925 1367 2987 dilaceratis
1419 2922 1682 2985 vestibus
1733 2923 1855 2985 suis
1906 2924 2101 2987 dixit:

2269 2502 2296 2541 ι
2331 2480 2496 2541 Πάλιν
2552 2485 2579 2539 ὁ
2634 2481 2916 2562 ἀρχιερεὺς
2986 2480 3238 2561 ἐπηρώτα
3301 2483 3478 2563 αὐτὸν,
3542 2484 3628 2539 καὶ
3687 2482 3829 2561 λέγει

2182 2573 2324 2646 αὖτῷ
2360 2586 2375 2601 ’
2426 2572 2498 2626 Σὺ
2529 2571 2584 2629 εἴ
2615 2574 2643 2628 6
2672 2572 2895 2651 Χριστὸς
2925 2573 2952 2627 6
2986 2572 3103 2636 Υἱὸς
3134 2578 3226 2629 τοῦ
3274 2570 3562 2650 εὐλογητοῦ
3594 2587 3610 2646 ;
3659 2564 3716 2631 Ὀ
3776 2571 3831 2628 δὲ

2185 2660 2388 2728 Ἰησούς
2433 2674 2585 2717 εἴπεν
2618 2678 2632 2693 ⁸
2669 2657 2812 2739 Ἐγώ
2870 2662 3004 2738 εἰμι,
3058 2662 3145 2717 καὶ
3201 2658 3392 2735 ὄψεσθε
3449 2662 3539 2717 τὸν
3583 2662 3703 2717 Υἱὸν
3745 2664 3837 2717 τοῦ

2184 2750 2457 2830 ἀνθρώπου
2507 2750 2567 2807 ἐκ
2635 2748 2814 2816 δεξιῶν
2879 2751 3182 2824 καθήμενον
3257 2754 3356 2816 τῆς
3413 2747 3710 2826 δυνάμεως,
3754 2753 3843 2806 καὶ

2186 2843 2483 2921 ἐρχόμενον
2527 2842 2661 2916 μετὰ
2691 2846 2796 2898 τῶν
2828 2838 3060 2920 νεφελῶν
3092 2846 3185 2896 τοῦ
3240 2844 3478 2916 ούρανοῦ.
3518 2831 3576 2898 Ὀ
3630 2838 3684 2896 δὲ
3742 2840 3842 2917 ἀρ-

2191 2931 2433 3010 χιερεὺς,
2467 2928 2743 3009 διαρρήξας
2795 2930 2917 2992 τοὺς
2976 2935 3213 3008 χιτῶνας
3272 2928 3452 3003 αὑτοῦ,
3516 2927 3661 3006 λέγει
3699 2948 3717 2967 ⁶
3788 2934 3849 2987 Τί

455 3011 605 3085 Quid
645 3022 928 3093 praeterea
978 3032 1126 3094 opus
1183 3012 1469 3075 habemus
1525 3013 1804 3077 testibus?
1846 3014 2099 3076 Audistis

2188 3019 2266 3075 ἔτι
2327 3021 2513 3099 χρείαν
2560 3018 2762 3100 ἔχομεν
2816 3019 3144 3097 μαρτύρων,
3192 3015 3482 3075 Ἠκούσατε
3529 3024 3628 3085 τῆς
3671 3017 3845 3095 βλασ-

457 3101 907 3182 blasphemiam,
942 3103 1083 3185 quid
1114 3104 1286 3164 vobis
1317 3102 1579 3165 videtur?
1608 3102 1699 3164 Illi
1730 3122 1866 3165 vero
1898 3123 2099 3166 omnes

2189 3110 2416 3190 φημίας,
2477 3109 2527 3164 τί
2582 3111 2710 3184 ὑμῖν
2783 3109 3071 3187 φαίνεται,
3144 3110 3202 3164 Οἱ
3249 3103 3303 3162 δὲ
3359 3108 3552 3170 πάντες
3590 3106 3842 3186 κατέκρι-

456 3191 1001 3253 condemnaverunt
1028 3210 1163 3252 eum
1195 3210 1328 3253 esse
1359 3210 1525 3252 reum
1564 3192 1871 3256 mortis.Et
1903 3211 2099 3274 crepe-

2190 3220 2281 3254 ναν
2330 3199 2485 3254 αὑτὸν
2541 3198 2683 3254 εἶναι
2735 3196 2924 3277 ’ἐνοχυν
2981 3196 3204 3255 θανάτου
3232 3213 3248 3229 ⁶
3293 3197 3379 3251 καὶ
3437 3193 3658 3275 ἤρξαντό
3700 3218 3840 3261 τινες

457 3286 599 3341 runt
629 3279 872 3357 quidam
900 3299 1231 3362 conspuere
1266 3280 1327 3341 in
1351 3289 1575 3360 eum,et
1597 3280 1870 3343 obvelare
1892 3282 2099 3343 faciem

2188 3286 2438 3361 ἐμπτύειν
2516 3288 2680 3366 αὐτῷ,
2766 3288 2853 3341 καὶ
2939 3283 3341 3363 περικαλύπτειν
3424 3287 3487 3341 τὸ
3556 3285 3840 3360 πρόσωπον

459 3367 637 3442 illius,
665 3374 723 3429 et
752 3368 1021 3450 colaphis
1046 3388 1180 3431 eum
1214 3369 1442 3431 caedere
1475 3380 1529 3431 et
1560 3369 1764 3431 dicere
1795 3371 1906 3451 illi,
1939 3371 2099 3431 Divi-

2187 3376 2367 3449 αὐτοῦ,
2427 3377 2514 3433 καὶ
2570 3375 2870 3456 κολαφίζειν
2920 3375 3098 3449 αὺτὸν,
3149 3375 3238 3431 καὶ
3266 3373 3440 3453 λέγειν
3470 3375 3633 3450 αὐτῷ,
3698 3382 3835 3451 Προ-

458 3477 576 3534 na;
609 3477 676 3519 ac
709 3458 960 3520 ministri
995 3458 1194 3540 alapas
1240 3458 1327 3519 illi
1377 3458 1801 3539 impingebant.
1835 3483 1862 3515 υ
1920 3461 2099 3538 Rogat

2186 3466 2444 3545 φήτευσον
2479 3481 2492 3494 ’
2543 3467 2627 3522 καὶ
2685 3467 2731 3520 οἱ
2787 3463 3044 3543 ὑπηρέται
3100 3464 3419 3541 ῥαπίσμασιν
3470 3463 3625 3520 αὐτὸν
3674 3461 3837 3520 ἔϐα).-

458 3549 654 3612 denuo
678 3548 959 3630 pontifex,
996 3568 1111 3609 non
1147 3549 1421 3609 utdiscat
1443 3556 1500 3609 et
1530 3549 1729 3610 credat
1761 3567 1774 3611 :
1802 3549 1902 3610 sed
1928 3559 2099 3610 utca-

2186 3553 2301 3617 λον,
2367 3579 2393 3609 ι
2456 3553 2661 3631 Ἐρωτᾷ
2716 3554 2873 3610 πάλιν
2930 3556 2958 3610 6
3010 3554 3313 3633 ἀρχιερεὺς,
3372 3553 3477 3634 οὐχ
3518 3553 3611 3609 ’ίνα
3658 3555 3837 3629 μαθὼν

460 3644 581 3718 ptet
609 3646 814 3698 contra
845 3639 1410 3723 eumoccasionem.
1446 3637 1665 3718 Adjicit
1694 3646 1888 3699 autem
1914 3638 1982 3698 ad
2017 3637 2099 3700 is-

2189 3645 2469 3723 πιστεύσθ,
2503 3643 2622 3700 ἀλλ’
2679 3644 2771 3699 ἵνα
2828 3642 3076 3723 δραξηταί
3131 3664 3273 3707 τινος
3317 3643 3562 3723 ἀφορμῆς
3599 3660 3614 3675 ⁸
3670 3665 3839 3721 προσ-

460 3726 561 3789 tud
598 3744 612 3789 :
646 3724 735 3787 Tu
762 3744 828 3789 es
855 3720 1149 3798 Christus.
1186 3727 1363 3789 etiam
1396 3728 1530 3799 hoc,
1567 3726 1746 3789 Filius
1782 3728 1881 3789 Dei
1918 3727 2099 3788 bene-

2189 3735 2361 3800 τίθησι
2419 3720 2474 3788 δέ
2527 3740 2626 3812 τῷ,
2701 3734 2773 3788 Σὺ
2827 3720 2881 3789 εἷ
2937 3735 2964 3789 6
3028 3733 3275 3811 Χριστὸς,
3334 3720 3430 3812 το,
3476 3735 3503 3788 6
3578 3720 3721 3794 Υἱὸς
3754 3735 3845 3787 τοῦ

458 3815 620 3878 dicti.
656 3816 817 3877 Multi
849 3816 1006 3877 enim
1041 3817 1280 3877 fuerunt
1315 3817 1544 3887 christi,
1573 3834 1747 3895 reges
1777 3816 2016 3896 inquam
2051 3824 2109 3877 et

461 3904 791 3986 pontifices,
848 3905 953 3967 sed
1000 3906 1196 3966 nullus
1255 3904 1463 3966 horum
1498 3905 1602 3966 fuit
1632 3903 1812 3966 Filius
1845 3904 1970 3978 Dei,
2006 3906 2105 3986 qui

458 4002 549 4055 est
578 4011 817 4074 semper
846 3991 1295 4056 benedicendus
1327 4003 1380 4055 et
1408 3994 1766 4056 laudandus.
1800 3996 1969 4057 Jesus
2015 3993 2108 4055 di-

457 4082 540 4144 xit
573 4104 586 4141 :
614 4083 735 4162 Ego
763 4100 919 4146 sum.
947 4081 1182 4146 Sciebat
1215 4082 1456 4164 quidem
1490 4082 1644 4164 quod
1680 4102 1794 4143 nun
1827 4082 2108 4144 credituri

458 4179 680 4246 essent,
705 4177 965 4234 attamen
997 4172 1309 4254 respondit
1338 4181 1599 4246 coactus,
1637 4178 1699 4232 ut
1749 4191 1822 4233 ne
1853 4172 2108 4234 habeant

460 4267 663 4340 postea
692 4260 847 4340 quod
889 4260 1082 4324 dicant
1109 4280 1124 4325 :
1152 4260 1213 4325 Si
1247 4260 1558 4323 manifeste
1606 4261 1799 4341 ipsum
1845 4260 2106 4323 audivis-

457 4366 658 4410 semus
702 4350 813 4411 hoc
857 4349 1099 4431 dixisse,
1150 4350 1633 4426 credidissemus;
1696 4359 1750 4412 et
1796 4360 2110 4431 propterea

458 4436 877 4499 condemnatio
910 4457 1115 4499 eorum
1152 4440 1344 4521 major
1375 4439 1502 4512 fuit,
1538 4439 1674 4519 quia
1701 4448 1752 4500 et
1787 4440 1941 4500 hunc
1973 4458 2106 4501 cum

2190 3821 2504 3900 εὐλογητοῦ.
2563 3820 2761 3880 Πολλοὶ
2829 3824 2929 3901 γὰρ
2984 3823 3119 3889 ἦσαν
3192 3825 3423 3900 χριστοὶ,
3488 3825 3535 3878 οἱ
3594 3820 3838 3899 βασιλεῖς

2188 3912 2330 3990 λέγω
2360 3912 2445 3968 καὶ
2503 3914 2550 3968 οἱ
2607 3912 2905 3991 ἀρχιερεῖς,
2965 3910 3084 3967 ἀλλ’
3135 3908 3299 3976 οὐδεὶς
3349 3912 3547 3968 τούτων
3605 3914 3721 3974 Υἱὸς
3777 3910 3841 3977 ἧν

2188 4011 2279 4060 τοῦ
2340 4003 2493 4080 Θεοῦ,
2554 4007 2647 4057 τοῦ
2704 4000 2784 4056 ἀεὶ
2843 3999 3202 4079 εὐλογημένου
3250 4003 3337 4057 καὶ
3382 4001 3727 4077 ὑμνουμένου.
3783 3992 3839 4057 ’0

2193 4086 3775 4116 «κ,--,ρ,,.ηκ...

2188 4108 2242 4147 οε
2308 4102 2492 4158 ιησους
2535 4111 2711 4162 ειπεν,
2774 4113 2853 4145 οτι
2936 4098 3057 4166 Εγω
3105 4111 3236 4164 ειμι.
3320 4097 3441 4146 Ποει
3474 4112 3571 4164 μεν
3601 4112 3701 4169 γαρ
3758 4110 3837 4145 οτι

2190 4184 2248 4240 οὔ
2301 4181 2668 4238 πιστεύσουσιν
2705 4199 2719 4215 ·
2790 4176 2936 4254 ὅμως
2994 4176 3040 4233 δ’
3104 4182 3190 4235 οὗν
3262 4179 3597 4253 ἀποκρίνεται
3650 4178 3836 4235 ἐκϐια-

2188 4272 2348 4344 σθεὶς,
2393 4269 2487 4327 ’ίνα
2545 4270 2622 4345 μὴ
2674 4267 2875 4349 ἔχωσιν
2904 4268 3117 4347 ὕστερον
3160 4267 3356 4346 λέγειν,
3391 4268 3470 4325 ὅτι
3501 4266 3626 4325 Ἐὰν
3657 4274 3835 4348 σαφῶς

2190 4360 2428 4424 εἰπόντος
2482 4362 2640 4417 αὐτοῦ
2688 4358 3012 4432 ἠκούσαμεν,
3094 4357 3476 4433 ἐπιστεύσαμεν
3554 4356 3616 4413 ἂν
3650 4374 3665 4390 ·
3756 4356 3840 4413 διὰ

2189 4456 2342 4507 τοῦτο
2399 4450 2487 4505 καί
2545 4455 2726 4523 μεῖζον
2786 4448 2967 4513 αὐτοῖς
3010 4448 3071 4502 τὸ
3112 4447 3436 4525 κατάκριμα,
3500 4446 3579 4503 ὄτι
3638 4448 3724 4502 καὶ
3753 4449 3839 4501 νῦν

454 4524 826 4615 δυόὶνθευῃι,
862 4543 982 4588 non
1010 4527 1414 4592 crediderunt.
1455 4526 1526 4589 Et
1557 4528 1851 4603 videbitis,
1892 4528 2099 4609 inquit,

2189 4539 2531 4611 ἀκούσαντες,
2580 4537 2673 4593 οὒκ
2716 4535 3048 4596 ἐπίστευσαν.
3108 4534 3213 4596 Καὶ
3265 4524 3455 4611 ὄψεσθέ
3506 4557 3595 4611 με,
3656 4537 3838 4615 φησὶν,

457 4631 553 4675 me
585 4621 646 4675 ut
675 4613 885 4675 Filium
920 4615 1179 4677 hominis
1212 4617 1521 4678 sedentem
1552 4617 1621 4678 ad
1648 4616 1948 4678 dexteram
1985 4618 2106 4679 vir-

458 4702 622 4779 tutis,
658 4721 875 4784 nempe
906 4705 1092 4767 Patris
1128 4723 1141 4769 :
1176 4706 1450 4769 virtutem
1503 4707 1685 4787 enim,
1728 4705 1958 4768 Patrem
1996 4709 2106 4769 hoc

456 4790 588 4853 loco
620 4791 781 4855 dicit.
817 4791 946 4854 Non
978 4794 1137 4855 enim
1172 4794 1303 4856 sine
1326 4813 1579 4878 corpore
1618 4795 1952 4870 veniet,sed
1976 4796 2105 4858 talis

456 4881 554 4961 qui
582 4880 761 4942 videri
794 4882 979 4963 possit
1008 4893 1067 4946 et
1098 4884 1332 4963 agnosci
1364 4883 1437 4944 ab
1474 4884 1563 4945 his
1594 4884 1693 4964 qui
1737 4902 1869 4945 eum
1903 4885 2103 4946 cruci-

455 4969 945 5051 ﬁxerunt.Itaque
977 4972 1236 5051 pontifex
1273 4991 1499 5033 morem
1533 4971 1874 5034 Judaaorum
1901 4973 2104 5035 obser-

454 5056 820 5130 vat.Quando
852 5058 1010 5120 enim
1041 5079 1215 5140 grave
1243 5069 1299 5121 et
1330 5069 1495 5122 atrox
1529 5062 1826 5143 quippiam
1860 5065 2100 5126 evenie-

456 5146 555 5235 bat
578 5149 687 5229 eis,
715 5148 1119 5213 dilacerabant
1146 5153 1395 5213 tunicas.
1433 5151 1515 5212 Ita
1544 5161 1601 5214 et
1635 5157 1741 5216 llOC
1771 5153 1899 5215 loco
1935 5154 2129 5235 quasi.

456 5233 927 5317 blasphemasset
954 5238 1329 5322 Dominus,et
1362 5241 1699 5303 malefactor
1731 5233 1978 5320 magnus
1997 5264 2096 5306 es-

455 5325 858 5412 set,discindit
881 5337 1102 5390 vestem
1138 5329 1608 5410 pontifexRecte
1639 5332 1769 5412 quis
1796 5332 1907 5395 hoc
1929 5332 2096 5397 Davi-

453 5411 545 5475 dis
574 5413 669 5475 hic
696 5413 982 5479 diceretza
1012 5415 1255 5481 Discissi
1287 5427 1423 5482 sunt
1447 5419 1494 5495 ί,
1531 5427 1589 5482 et
1621 5439 1736 5481 non
1768 5430 1903 5483 sunt
1934 5443 2096 5485 com-

531 5555 559 5602 ²
588 5556 742 5619 Psal.
775 5574 954 5624 κων
977 5561 1076 5627 16.

2189 4631 2262 4693 ὡς
2328 4629 2446 4684 Υἱὸν
2503 4626 2799 4706 ἀνθρώπω,
2871 4628 3171 4702 καθήμενον
3226 4628 3287 4683 ὲκ
3349 4624 3529 4691 δεξιῶν
3593 4630 3693 4692 τῆς
3747 4623 3839 4683 δυ-

2188 4719 2397 4794 νάμεως
2474 4722 2569 4772 τοῦ
2649 4716 2853 4786 Πατρός
2894 4735 2906 4748 ⁸
2980 4714 3197 4791 δύναμιν
3273 4716 3374 4794 γὰρ
3449 4714 3688 4789 ἐνταῦθα,
3749 4716 3838 4769 τὸν

2188 4806 2394 4885 Πατέρα
2454 4806 2613 4884 φησίν
2650 4824 2663 4837 ⁶
2725 4808 2784 4863 οὗ
2839 4805 2938 4883 γὰρ
2994 4805 3161 4884 χωρίς
3221 4805 3472 4879 σώματος
3540 4802 3832 4882 ἐλεύσεται,

2185 4892 2303 4951 ἀλλ’
2354 4894 2474 4958 οἶος
2508 4894 2753 4963 θεαθῆναι
2804 4895 2907 4951 ὑπὸ
2957 4897 3060 4950 τῶν
3099 4895 3538 4972 σταυρωσάντων,
3578 4896 3664 4948 καὶ
3709 4892 3831 4948 ἐπι-

2184 4988 2509 5063 γνωσθῆναι.
2557 4975 2614 5042 Ὀ
2661 4992 2784 5062 γοῦν
2852 4984 3153 5064 ἀρχιερεὺς,
3198 4982 3309 5046 ἔθος
3359 4980 3652 5039 Ἰουδαϊκὸν
3683 4980 3831 5046 πλη-

2182 5062 2291 5152 ροῖ.
2351 5062 2527 5131 ΗΟταν
2581 5074 2680 5152 γὰρ
2724 5062 2897 5128 δεινόν
2926 5062 3121 5129 ντινκαὶ
3176 5071 3429 5152 δυσχερὲς
3488 5070 3699 5139 ἀπήντα
3746 5069 3833 5124 αὖ·

2180 5176 2320 5239 τοῖς,
2381 5160 2684 5241 διὲῤῥησσον
2728 5162 2847 5224 τοὺς
2897 5162 3157 5240 χιτῶνας.
3210 5160 3487 5222 Κάνταῦθα
3517 5160 3713 5238 τοίνυν,
3760 5160 3831 5221 ὡς

2177 5251 2667 5332 βλασφημήσαντος
2745 5257 2838 5307 τοῦ
2902 5248 3116 5330 Κυρίου,
3207 5251 3294 5308 καὶ
3376 5247 3609 5327 μεγάλου
3667 5254 3836 5304 κακοῦ

2178 5342 2481 5421 γεγονότος,
2570 5338 2868 5419 διαῤῥήσσει
2949 5340 3072 5404 τοὺς
3142 5346 3377 5421 χιτῶνας
3437 5342 3464 5395 6
3533 5338 3833 5418 ἀρχιερεύς.

2178 5430 2339 5489 Εἴποι
2368 5439 2493 5509 γοῦν
2522 5430 2585 5487 ἅν
2617 5451 2697 5493 τις
2742 5428 2827 5487 ἐπὶ
2857 5429 3061 5493 τούτοις
3094 5430 3344 5509 εὐκαίρως
3373 5430 3433 5486 τὸ
3474 5439 3567 5487 τοὺ
3626 5425 3784 5483 Δαείδ
3817 5466 3836 5485 .
