4162 6228
355 360 464 429 661

1041 366 1486 433 ΕΝΛΒΗΑΤΙΟ
1530 367 1615 431 1N
1660 366 1975 433 EVANGB

2068 368 2171 431 ΠΜ
2218 368 2480 432 ΜΛΗΟΙ.
2517 401 2581 413 -
2631 369 2794 431 CAP.
2846 370 3008 434 XIV.

3616 370 3733 436 662

354 523 383 556 σ
435 500 850 583 Διεσχίσθησαν,
922 498 1011 561 καὶ
1064 507 1125 563 οὐ
1194 503 1558 581 κατενύγησαν
1590 518 1605 534 ’
1656 526 1685 559 ι
1748 500 1978 579 σύμϐολα

2068 502 2323 581 puncti.
2391 526 2419 558 ι
2463 498 2684 565 Verum
2728 500 2962 579 signum
3010 500 3123 564 hoc
3155 511 3301 579 erat,
3358 504 3609 567 tametsi»
3643 505 3730 568 illi

344 587 398 643 ἃ
442 591 529 646 καὶ
577 598 732 649 τοῦτο
760 593 847 673 ἧν,
880 593 978 649 κᾶν
1007 592 1213 656 ἰκτῖνος
1258 597 1319 654 οὗ
1348 594 1530 675 συνίει,
1562 592 1656 651 106
1684 593 1782 661 τῆν
1810 593 1990 673 ἀρχιε-

343 678 583 752 ρωσύνην
641 687 748 736 τῶν
825 680 1086 740 Ἰουδαίων
1140 681 1482 763 διαῤῥαγῆναι
1543 683 1632 740 καὶ
1688 682 1993 762 ἀφανισθῆ-

338 789 452 826 ναι.
498 766 650 826 ἐπεὶ
693 772 863 827 τοίνυν
916 772 950 840 ἡ
995 772 1147 840 κοινῆ
1175 774 1355 852 ψῆφος
1396 778 1504 828 τῶν
1546 770 1839 850 ἀρχιερέων
1868 791 1995 826 κατ·

340 855 542 932 ἔκρινεν
598 860 779 940 αὐτὸν,
853 860 975 917 τότε
1058 862 1106 917 οἱ
1185 860 1442 938 ὑπηρέται
1513 860 1990 937 περικαλύπτοντες

338 947 516 1027 αὐτὸν,
572 946 755 1006 ἔπαιον
793 951 880 1007 καὶ
938 949 1121 1029 aqua;
1156 966 1171 981 ’
1220 952 1611 1032 Προφήτευσον,
1657 950 1733 1013 τίς
1776 949 1919 1006 ἐστιν
1962 952 1989 1006 6

339 1036 529 1100 παίσας
575 1059 633 1094 σε
668 1059 686 1111 ;
730 1038 874 1096 Πόσα
915 1041 1086 1097 τοίνυν
1114 1040 1369 1115 πάθοιμεν
1396 1038 1459 1097 ἂν
1496 1042 1681 1115 ἡμεῖς,
1717 1038 1809 1096 ’ίνα
1838 1038 1987 1096 ἀντι-

336 1122 555 1200 δοίημεν
625 1128 691 1184 τὰ
745 1127 840 1184 ’ἶσα
919 1136 995 1203 τῷ
1058 1133 1351 1206 Δεσπότης
1408 1130 1609 1206 Φρίκης
1668 1135 1829 1186 ταῦτα
1881 1151 1986 1203 με·

332 1213 455 1277 στά,

419 1325 445 1357 ιι
495 1303 599 1362 Καὶ
657 1303 808 1369 ὄντος
840 1312 933 1362 τοῦ
1000 1306 1199 1386 Πέτρου
1227 1310 1283 1363 ἓν
1312 1314 1379 1384 τῇ
1422 1306 1557 1384 αὖλῇ
1614 1309 1785 1387 κάτω,
1817 1307 1978 1389 ἔρχε-

2080 608 2197 651 non
2231 591 2648 670 intelligerent,
2683 589 3081 669 rumpendum
3113 597 3175 655 et
3202 590 3561 655 abolendum
3611 592 3723 657 Ju-

2077 678 2339 740 daeorum
2390 677 2811 741 sacerdotium.
2871 676 3070 759 Itaque
3128 682 3369 761 quando
3428 686 3726 745 communi

2077 770 2425 847 pontificum
2457 767 2734 845 suffragio
2765 767 3195 831 condemnatus
3230 778 3340 846 est,
3377 781 3512 833 tunc
3545 773 3726 834 mini«

2074 857 2180 919 stri
2236 856 2658 920 obvelaverunt
2686 854 2853 918 illum
2889 865 2948 919 et
2980 857 3357 933 caaciderunt,
3403 860 3723 923 dixerunt-

2073 964 2187 1027 que
2224 968 2236 1006 :
2274 947 2649 1028 PrOphetiza,
2697 946 2829 1027 quis
2860 956 2950 1008 est
2980 946 3080 1029 qui
3111 955 3168 1009 te
3201 949 3540 1028 percussit?
3568 950 3721 1023 Quid

2073 1034 2248 1113 igitur
2279 1036 2396 1117 pati
2427 1045 2486 1098 et
2515 1055 2623 1097 nos
2654 1036 2967 1117 debemus,
3002 1045 3063 1097 ut
3091 1036 3412 1099 reddamus
3454 1057 3559 1119 par
3594 1039 3717 1102 Do-

2073 1123 2264 1187 mino?
2293 1124 2554 1188 Horrore
2588 1125 2762 1204 plena
2788 1133 2925 1187 sunt
2953 1125 3101 1187 haec.

2151 1304 2557 1366 VERS.66-72.
2590 1302 2693 1365 «Et
2716 1321 2853 1365 cum
2886 1311 3044 1366 esset
3065 1302 3349 1365 Petrusiu
3382 1306 3528 1366 atrio
3560 1305 3718 1370 infe-

330 1412 417 1445 ται
449 1395 543 1466 μία
575 1399 681 1449 τῶν
712 1392 1004 1452 παιδισκῶν
1033 1402 1126 1452 τοῦ
1175 1396 1464 1476 ἀρχιερέως
1492 1416 1507 1432 ⁸
1542 1398 1629 1453 καὶ
1660 1395 1837 1454 ἰδοῦσα
1892 1399 1978 1453 τὸν

2068 1392 2511 1472 rius,venituna
2542 1393 2889 1455 ancillarum
2916 1393 3133 1454 summi
3157 1393 3505 1468 sacerdotis,
3544 1413 3717 1456 cum-

331 1479 530 1557 Πὲτρον
564 1484 1000 1561 θερμαινόμενον,
1058 1483 1369 1561 ἒμϐλέψασα
1427 1488 1590 1561 αὐτῷ,
1623 1485 1767 1565 λέγει
1802 1506 1817 1522 ⁸
1882 1482 1977 1545 Καὶ

2068 1500 2178 1560 que
2215 1482 2454 1543 vidisset
2478 1487 2710 1544 l‘etrnm
2749 1482 3195 1544 calefacientem
3228 1482 3714 1551 se,intuitaillum

328 1570 391 1625 σὺ
444 1572 578 1645 μετά
639 1580 732 1629 106
777 1580 1083 1651 Ναζαρηνοῦ
1143 1575 1320 1642 ’[ησοῦ
1386 1577 1543 1645 ῆσθα.
1595 1567 1651 1633 Ὀ
1710 1574 1764 1632 δὲ
1806 1576 1977 1655 ἠρνή-

2068 1569 2206 1632 dicit
2235 1592 2247 1631 :
2278 1573 2346 1632 Et
2375 1581 2435 1633 tu
2468 1589 2599 1634 cum
2630 1572 2772 1635 Jesu
2797 1570 3096 1633 Nazarene
3144 1570 3339 1632 fuisti?
3364 1572 3437 1632 At
3466 1572 3567 1633 ille
3599 1592 3712 1635 ne-

327 1680 482 1737 σατο,
514 1658 685 1738 λέγων
718 1679 733 1694 ⁸
774 1664 880 1719 Οὔκ
905 1660 1054 1742 οῖδα,
1102 1662 1218 1721 οὐδὲ
1249 1665 1537 1740 ἐπίσταμαι
1567 1666 1618 1723 τί
1648 1666 1709 1723 σὺ
1752 1664 1924 1745 λέγεις
1960 1683 1974 1698 ⁸

2068 1662 2218 1738 gavit
2245 1664 2486 1727 dicens:
2523 1662 2653 1724 Non
2685 1663 2842 1737 novi,
2879 1681 3073 1743 neque
3107 1662 3228 1723 scio
3260 1661 3400 1742 quid
3425 1662 3609 1726 dicas.
3646 1664 3716 1725 Et

328 1750 417 1803 καὶ
458 1748 669 1817 ἐξῆλθεν
714 1750 812 1817 ἔξω
856 1754 929 1816 εἰς
980 1752 1041 1808 16
1084 1753 1391 1831 προαύλιον,
1426 1756 1521 1813 Καὶ
1552 1754 1789 1835 ἀλέκτωρ
1831 1756 1975 1835 ἐφώ-

2068 1751 2233 1812 exivit
2292 1752 2448 1813 foras
2496 1752 2555 1813 in
2610 1751 2994 1825 vestibulum,
3030 1760 3087 1813 et
3116 1750 3305 1830 gallus
3354 1750 3594 1812 cecinit.
3644 1752 3715 1814 Et

328 1859 481 1904 νησε.
529 1841 626 1897 Καὶ
679 1842 712 1909 ἡ
771 1840 1020 1911 παιδίσκη
1088 1841 1265 1902 ἰδοῦσα
1336 1846 1492 1901 αὐτὸν
1550 1846 1735 1918 πάλιν,
1783 1843 1975 1924 ἤρξατο

2068 1840 2271 1902 ancilla
2302 1861 2435 1903 cum
2470 1842 2714 1903 vidisset
2746 1860 2907 1921 eum,
2931 1859 3166 1902 rursum
3194 1839 3372 1919 cmpit
3397 1839 3599 1904 dicere
3622 1842 3711 1903 his

327 1924 505 2004 λέγειν
588 1942 706 1993 τοῖς
802 1935 1213 2011 παρεστηκόσιν,
1294 1932 1374 1989 ὅτι
1449 1936 1609 1997 Οὗτος
1688 1932 1739 1999 ἐξ
1806 1937 1974 1991 αὖτῶν

2068 1930 2159 2009 qui
2187 1931 2457 1992 astabant
2491 1948 2505 1992 ε
2540 1930 2648 1993 Hic
2678 1950 2749 1992 ex
2782 1931 2897 1991 illis
2930 1930 3124 1992 est.At
3146 1929 3244 1990 ille
3272 1948 3505 1991 rursum
3534 1950 3713 2010 nega-

325 2018 468 2072 ἔστιν
501 2032 515 2046 ·
577 2018 605 2073 6
663 2016 716 2075 δὲ
774 2019 933 2077 πάλιν
976 2024 1213 2093 ἠρνεῖτο,
1282 2024 1379 2081 Καὶ
1438 2024 1574 2097 μετά
1630 2025 1819 2101 μικρὸν
1875 2025 1974 2080 πά-

2068 2018 2195 2097 bat;
2229 2036 2297 2079 ac
2331 2019 2500 2098 paulo
2535 2028 2663 2099 post
2694 2019 2911 2081 iterum
2959 2019 3059 2099 qui
3104 2016 3396 2092 astabant,
3433 2017 3712 2080 dicebant

321 2102 431 2185 λιν,
490 2108 536 2163 0i
599 2116 931 2186 παρεστῶτες
1014 2110 1197 2190 ἔλεγον
1279 2119 1356 2186 τῷ
1439 2110 1621 2190 Πέτρῳ
1652 2128 1667 2143 ⁸
1732 2108 1973 2183 Ἀληθῶς

2068 2108 2234 2168 Petro
2262 2128 2274 2168 :
2311 2106 2464 2169 Vore
2490 2127 2561 2169 ex
2588 2108 2703 2169 illis
2734 2126 2798 2171 es
2833 2130 2846 2168 :
2879 2128 3015 2169 nam
3043 2116 3101 2168 et
3130 2106 3405 2171 Galilaeus
3435 2115 3591 2177 es,et
3614 2108 3708 2170 lo-

322 2193 375 2259 ἐξ
421 2196 591 2251 αὐτῶν
634 2200 710 2278 εἶ,
770 2200 859 2255 καὶ
890 2200 989 2278 γὰρ
1042 2199 1319 2265 Γαλιλαῖος
1364 2204 1443 2276 εἴ,
1486 2201 1573 2257 καὶ
1610 2201 1646 2269 ἡ
1690 2198 1848 2257 λαλιά
1880 2224 1974 2260 σου

2068 2197 2233 2275 quela
2260 2207 2356 2259 tua
2386 2198 2683 2259 convenit.
2712 2200 2791 2261 At
2820 2198 2923 2260 ille
2955 2197 3135 2277 ccepit
3167 2196 3461 2258 exsecrari
3501 2214 3570 2258 ac
3595 2197 3705 2258 de-

320 2284 585 2357 ὁμοιάζει,
636 2276 693 2343 Ὀ
765 2285 820 2343 δὲ
886 2287 1076 2367 ἤρξατο
1132 2290 1523 2364 ἀναθεματίζειν
1592 2291 1679 2346 καὶ
1735 2291 1968 2370 ὀμνύειν,

2068 2288 2276 2363 ierare:
2314 2290 2445 2350 Non
2470 2287 2604 2347 novi
2627 2286 2929 2348 hominem
2962 2276 3139 2348 istum
3164 2287 3238 2347 de
3256 2303 3374 2365 quo
3392 2284 3613 2349 dicitis.
3636 2287 3711 2348 Et

320 2371 407 2427 ὅτι
438 2375 547 2431 Οὐκ
574 2372 699 2432 οἶδα
727 2376 816 2433 τὸν
863 2376 1133 2455 ἄνθρωπον
1160 2380 1349 2436 τοῦτον
1404 2378 1462 2433 ὃν
1505 2376 1713 2445 λέγετε.
1770 2382 1867 2437 Καὶ
1919 2379 1978 2436 ἐκ

2068 2374 2274 2435 iterum
2299 2376 2486 2455 gallus
2513 2376 2732 2438 cecinit
2758 2398 2770 2440 :
2796 2376 3256 2455 recordatusque
3293 2372 3434 2434 255
3464 2384 3555 2435 est
3594 2377 3706 2436 Pe-

317 2460 559 2532 δευτέρου
615 2463 854 2545 ἀλέκτωρ
915 2466 1180 2547 ὲφώνησε,
1265 2468 1351 2525 καὶ
1407 2468 1711 2543 ἀνεμνήσθη
1784 2471 1812 2525 6
1871 2469 1975 2525 Πέ-

2068 2471 2184 2524 trus
2214 2464 2372 2526 verbi
2396 2465 2551 2546 quod
2575 2465 2805 2527 dixerat
2836 2465 2920 2526 illi
2947 2462 3503 2544 JesuszPriusquam
3519 2464 3709 2543 gallus

318 2573 439 2630 τρος
497 2561 590 2610 106
643 2554 907 2632 ῥήματος,
967 2556 1027 2614 οὗ
1081 2557 1240 2615 εἶπεν
1322 2560 1464 2632 αὖτῷ
1523 2560 1550 2613 ὁ
1594 2557 1831 2639 Ἰησοῦς,
1893 2558 1974 2616 ὅτι

2068 2552 2339 2615 cecinerit
2374 2552 2817 2632 bis,abnegabis
2851 2574 2945 2616 me
2978 2562 3088 2617 ter.
3111 2552 3182 2614 Et
3209 2572 3342 2613 cum
3374 2552 3702 2633 injecisset,

321 2643 445 2719 Πρὶν
500 2642 761 2723 ἀλέκτορα
809 2651 1052 2725 φωνῆσαι
1101 2645 1201 2721 δὶς,
1235 2647 1519 2726 ἀπαρνήσῃ
1562 2667 1629 2723 με
1669 2648 1777 2727 τρίς
1812 2667 1827 2683 ·
1887 2642 1976 2727 καὶ

2068 2645 2278 2705 flexit.»
2307 2645 2584 2708 Infirmus
2615 2655 2742 2708 erat
2764 2646 2996 2727 Petrus,
3033 2649 3263 2707 tametsi
3289 2644 3489 2706 alacer
3519 2653 3701 2718 esset,

316 2728 609 2805 ἐπιϐαλὼν,
657 2722 887 2796 ἔκλαιεν.
954 2758 981 2790 ι
1041 2722 1359 2802 Ἦσθένησεν
1427 2737 1454 2791 ὁ
1496 2722 1728 2815 Πέτρος,
1789 2737 1833 2792 εί
1888 2722 1976 2792 καιὶ

2068 2748 2115 2795 et
2140 2754 2259 2812 prae
2290 2739 2504 2798 timore
2551 2737 2816 2798 turbatus
2848 2722 3164 2797 Dominum
3212 2733 3489 2809 abnegat,
3526 2733 3707 2814 idque

313 2820 627 2901 θερμότερος
685 2823 775 2903 ῆν,
834 2824 920 2879 καὶ
964 2824 1202 2904 ἀρνεῖται
1285 2825 1376 2880 τὸν
1437 2824 1624 2901 Κύρων
1684 2825 1786 2880 ὑπὸ
1866 2828 1962 2892 τῆς

2068 2824 2118 2885 ib
2144 2824 2362 2887 ancilla
2383 2826 2846 2905 obstupefactus.
2885 2824 3160 2887 Permisit
3189 2830 3387 2884 autem
3427 2822 3587 2883 Deus
3617 2824 3701 2883 is-

312 2908 509 2974 δειλίας
553 2909 925 2993 διαταραχθείς
954 2931 966 2946 ·
1013 2915 1102 2971 καὶ
1161 2919 1325 2970 ταῦτα
1380 2912 1663 2980 παιδίσκης
1723 2913 1950 2981 ὶκπτοη-

2071 2913 2145 2973 ud
2175 2914 2461 2989 singulari
2492 2914 2941 2995 dispensatione
2969 2913 3124 2985 fieri,
3162 2920 3223 2971 ut
3254 2929 3328 2973 ne
3374 2910 3697 2972 extollere-

309 2998 482 3066 σασης
525 3000 682 3059 αὐτόν
718 3018 733 3032 ·
764 3009 920 3059 τοῦτο
977 3001 1032 3059 δὲ
1074 3000 1194 3060 κατ’
1241 3002 1545 3079 οἰκονομίαν
1588 3003 1961 3083 συνεχώρησεν

2069 3010 2227 3076 ur,et
2255 3003 2325 3063 ad
2360 3002 2565 3077 hoc,ut
2594 3011 3036 3083 compateretur
3062 3000 3419 3075 labentibus,
3446 3020 3478 3063 a
3503 3000 3701 3081 seipso

308 3090 467 3145 αὐτὸν
523 3092 551 3147 6
606 3092 733 3156 Θεὸς
790 3095 1001 3166 παθεῖν,
1060 3092 1154 3149 ἵνα
1209 3092 1290 3169 μὴ
1348 3092 1653 3172 ἰπαίρηται,
1718 3094 1807 3149 καὶ
1847 3092 1960 3152 ἅμα

2068 3092 2310 3154 eruditus
2321 3101 2541 3173 quanta
2557 3093 2631 3153 sit
2645 3092 2911 3155 humana
2923 3090 3301 3154 imbecillitas
3314 3100 3372 3152 et
3387 3090 3697 3169 fragilitas.

308 3175 405 3235 τνα
453 3180 544 3235 καὶ
594 3194 707 3244 τοῖς
766 3182 1007 3239 πταίουσι
1078 3184 1359 3258 συμπαθὴς
1433 3182 1553 3255 εἴη,
1623 3182 1714 3262 ἀφ’
1772 3183 1958 3240 ἑαυτοῦ

2068 3182 2171 3244 ion
2202 3180 2387 3243 refert
2412 3184 2536 3244 sive
2569 3181 2836 3257 una,sive
2878 3182 3010 3243 duae
3037 3179 3268 3242 ancillae
3297 3180 3517 3242 fuerint
3562 3198 3695 3259 qua:

312 3266 602 3332 παιδευθεὶς
672 3284 734 3327 10
818 3276 915 3339 τῆς
1001 3245 1353 3353 ἀνθρωπίνης
1410 3245 1683 3335 ἀσθενείας⁸
1760 3260 1978 3348 βίαιον.¹

2068 3270 2349 3349 ιιευθτὶιιι
2381 3270 2649 3335 Petrum.
2675 3245 2980 3333 hiatthmus
3011 3288 3154 3332 sane
3178 3270 3345 3330 istam
3380 3288 3496 3329 non
3531 3245 3693 3329 cam-

316 3356 627 3439 Ἀδιάφορον
685 3358 739 3416 δὲ
780 3360 892 3419 εἴτε
934 3364 969 3431 ἡ
1022 3363 1154 3431 αὐτῆ
1208 3360 1462 3429 παιδίσκη
1492 3362 1579 3435 ἧν,
1630 3361 1742 3419 εἴτε
1800 3362 1961 3438 ἄλλη,

2068 3360 2181 3420 lem
2214 3360 2622 3430 dicit,Marcus
2652 3379 2789 3422 vero
2810 3359 3277 3422 eamdem..\'ihil
3304 3366 3501 3420 autem
3527 3358 3701 3419 nobis

315 3449 352 3514 ir,
422 3447 676 3526 ἱλέγξασα
730 3451 822 3506 τὸν
877 3451 1094 3530 Πέτρον.
1149 3452 1423 3516 Ματθατος
1478 3452 1576 3527 μὲν
1634 3452 1735 3531 γὰρ
1798 3450 1966 3520 ἄλλην

2073 3468 2107 3509 ιι
2140 3448 2252 3510 hoc
2282 3448 2569 3511 obstaculi
2600 3450 2672 3511 ad
2708 3451 3007 3530 Evangelii
3054 3449 3386 3510 veritatem.
3421 3448 3698 3527 Nunquid

316 3538 517 3604 ταύτην
567 3537 757 3617 λέγει’
821 3541 1032 3620 Μάρκος
1088 3538 1144 3596 δὲ
1186 3542 1284 3605 τὴν
1326 3539 1514 3611 αὐτήν,
1548 3538 1704 3600 Οὐδὲν
1733 3539 1787 3597 δὲ
1832 3542 1966 3610 ἡμῖν

2068 3538 2207 3599 inim
2233 3538 2292 3599 in
2329 3558 2538 3616 magno
2562 3540 2758 3621 aliquo
2783 3548 2839 3601 et
2860 3542 3115 3601 salutem
3149 3548 3408 3600 nostram
3441 3537 3700 3618 comple-

312 3634 470 3684 10610
528 3625 776 3702 ἐμπόδιον
820 3631 951 3707 πρὸς
1007 3630 1107 3699 τήν
1149 3628 1399 3700 ἀλήθειαν
1441 3636 1535 3687 τοῦ
1590 3630 1908 3709 Εὒαγγελίου
1943 3648 1956 3662 ’

2068 3637 2242 3689 :tente
2272 3628 2654 3689 discordant?
2681 3628 2962 3710 Nunquid
2996 3628 3098 3689 ille
3127 3628 3275 3689 dixit
3308 3626 3464 3707 quod
3499 3627 3701 3688 cruci-

310 3717 388 3791 μῆ
446 3717 545 3794 γὰρ
601 3716 656 3773 ἐν
716 3718 937 3798 μεγάλῳ
979 3720 1079 3777 τινὶ
1108 3721 1194 3777 καὶ
1223 3724 1510 3794 συνεκτικῴ
1540 3719 1638 3787 τῆς
1697 3723 1959 3801 σωτηρίας

2068 3720 2194 3779 ixus
2214 3717 2376 3797 sit,et
2402 3718 2551 3779 alius
2581 3721 2733 3779 non?
2752 3718 2927 3779 absit.
2949 3717 3131 3795 Igitur
3152 3716 3361 3779 Petrus
3394 3735 3513 3797 prae
3542 3724 3701 3777 metu

311 3806 463 3880 ἡμων
516 3804 885 3886 διαφωνοῦσις
940 3810 1027 3877 Μὴ
1080 3812 1107 3866 6
1151 3810 1249 3885 μὲν
1282 3810 1460 3889 εἶπεν,
1516 3808 1596 3865 δτι
1656 3809 1959 3890 ἐσταυρώθη

2070 3807 2337 3882 urbatus,
2362 3816 2419 3868 et
2448 3807 2667 3871 oblitus
2700 3808 2996 3869 sermonis
3021 3825 3197 3887 quem
3231 3806 3460 3867 dixerat
3490 3804 3700 3867 Domi-

308 3896 338 3950 6
386 3892 593 3971 Κύριος,
657 3897 684 3952 ὁ
741 3894 822 3974 δὲ,
883 3896 997 3972 06';
1054 3896 1249 3976 ἄπαγε.
1307 3888 1364 3955 Ὀ
1408 3888 1579 3954 τοίνυν
1622 3888 1961 3977 [1519006116

2068 3896 2343 3977 ius,quud
2359 3895 2503 3957 Eum
2529 3897 2629 3977 qui
2652 3915 2747 3957 me
2769 3893 3487 3974 abnegaverit,abnegabo
3508 3900 3567 3953 et
3586 3911 3699 3971 ego

306 3989 405 4050 τῆς
465 3982 659 4051 δειλίας
701 3988 1092 4069 διαταραχθεὶς,
1155 3988 1243 4044 καὶ
1294 3986 1676 4062 ἐπιλαθόμενος
1711 3996 1806 4046 τοῦ
1863 3989 1960 4047 λόοι

304 4080 402 4151 γοῦ
474 4073 533 4130 οὗ
592 4074 745 4132 εἶπεν
817 4078 845 4132 6
906 4076 1113 4157 Κύριος,
1176 4077 1257 4133 ὄτί
1312 4078 1413 4134 Τὸν
1482 4077 1849 4154 ἁρνησάμενόν
1904 4104 1973 4155 με

307 4162 606 4240 ἀρνήσομαι
651 4163 802 4243 κάγὼ
887 4165 1113 4223 ἐνώπιον
1187 4173 1279 4223 106
1338 4164 1540 4243 Πατρός
1605 4188 1732 4247 μου,
1792 4168 1973 4247 ἠρνή..

310 4272 464 4330 σατο,
524 4251 644 4309 ἀλλ⁹
699 4256 733 4321 ἡ
777 4254 1031 4329 μετάνοια
1060 4255 1222 4312 πάλιν
1251 4256 1410 4311 αὐτὸν
1439 4255 1677 4329 ᾡκεῖωσε
1723 4264 1801 4330 τῷ
1836 4266 1968 4337 Χρι-

309 4346 442 4413 στῷ,
515 4343 602 4397 καὶ
652 4343 718 4399 τὰ
765 4341 982 4422 δάκρυα.
1018 4341 1329 4401 Ἐπιϐαλὼν
1371 4342 1494 4421 γὰρ,
1528 4343 1714 4423 φησὶν,
1760 4343 1971 4421 ἔκλαιε,

310 4428 601 4505 τουοὲστιν,
681 4431 1141 4510 ἐπικαλυψαμενος
1229 4434 1328 4500 τῆν
1415 4430 1657 4512 κεφαλήν
1689 4447 1704 4462 ⁶
1773 4433 1809 4501 ἢ
1861 4433 1975 4493 ἀντὶ

311 4526 425 4598 106,
486 4520 774 4599 ἀρξάμενος
832 4524 968 4599 μετά
1037 4521 1395 4603 σφοδρότητος
1439 4540 1453 4556 ⁸

310 4608 530 4687 ἀσαφῶς
584 4613 613 4668 6
657 4617 953 4687 Ματθατος,
1043 4612 1124 4669 ὅτι
1182 4613 1306 4691 Πρὶν
1366 4610 1627 4690 ἀλέκτορα
1699 4617 1971 4691 φωνῆσαι,

300 4698 641 4774 ,ἡρμήνευσεν
699 4704 727 4758 6
798 4703 1033 4783 Μάρκος,
1093 4700 1175 4758 ὅτι
1227 4702 1350 4780 Πρὶν
1394 4704 1638 4780 φωνῆσαι
1697 4698 1797 4765 δίς.
1836 4702 1975 4758 Εἰώ-

310 4791 429 4843 θασι
488 4790 587 4868 γὰρ
625 4793 671 4847 οἱ
730 4791 1033 4871 ἀλέκτορες,
1092 4792 1228 4848 κατά
1275 4791 1397 4866 μίαν
1428 4789 1653 4868 ἀγωγὴν
1714 4789 1972 4855 πολλάκις

312 4892 534 4956 φωνεῖν,
594 4883 715 4937 εἶτα
764 4882 886 4940 οἷον
940 4882 1254 4959 ὑπνώττειν,
1320 4881 1407 4937 καὶ
1463 4877 1626 4935 πάλιν
1675 4879 1813 4955 μετα
1854 4904 1972 4938 τινα

316 4971 520 5045 καιρὸν,
558 4970 747 5050 ὲτάραν
788 4972 966 5053 ἀρχὴν
1024 4975 1288 5029 ποιεῖσθαι
1321 4971 1415 5027 106
1465 4981 1692 5049 φωνεῖν.
1755 4961 1768 4981 ’
1794 4981 1833 5028 Ο
1889 4971 1976 5027 οὖν

313 5057 470 5114 εἶπεν
524 5061 552 5115 6
613 5064 909 5137 Ματθαῐος,
969 5062 1124 5120 τοῦτό
1175 5060 1342 5139 ἐστιν,
1397 5057 1475 5113 ὅτι
1535 5058 1661 5135 Πρὶν
1722 5057 1977 5139 ἀλέκτορι

316 5152 583 5227 φωνῆσαι,
617 5151 880 5225 τουτέστι,
937 5151 1220 5232 πληρῶσαι
1266 5150 1359 5214 τάς
1405 5149 1638 5226 κραυγὰς
1668 5154 1766 5215 τῆς
1822 5151 1967 5230 πρώ.

319 5260 413 5303 νης
474 5238 715 5318 ἀγωγῆς,
790 5242 1073 5321 ἀπαρνήσῃ
1126 5262 1192 5316 με
1248 5239 1378 5316 τρίς.
1444 5238 1884 5317 Αἰσχυνὲσθωσαν
1927 5241 1981 5297 δὲ

319 5326 366 5381 oi
409 5332 726 5385 Ναυατιανοὶ
774 5331 821 5387 οἱ
889 5330 1009 5395 τοὺς
1083 5330 1219 5406 μετά
1274 5330 1334 5383 τὸ
1413 5326 1691 5402 βάπτισμα
1746 5330 1835 5384 καὶ
1880 5330 1981 5396 τὴν

315 5415 618 5493 μετάληψιν
671 5424 777 5476 τῶν
839 5420 1144 5498 μυστηρίων
1190 5416 1625 5496 ἁμαρτήσαντας,
1688 5417 1767 5490 μὴ
1822 5416 1981 5499 δεχό-

314 5524 485 5579 μειοι.
549 5506 681 5563 ’ἰδοὺ
740 5508 839 5587 γὰρ
910 5510 939 5565 6
1026 5508 1243 5587 Πέτρος,
1344 5506 1433 5561 καὶ
1505 5501 1822 5578 μεταλαϐὼν
1888 5508 1982 5565 106

314 5592 578 5673 ἀχράντου
635 5597 885 5673 σώματος
956 5600 1043 5655 καὶ
1113 5596 1371 5674 αἵματος,
1439 5594 1528 5649 καὶ
1584 5591 1978 5672 ἀρνησάμενος,

2057 4004 2256 4047 coram
2288 3984 2457 4045 Patre
2480 3984 3013 4062 meo,negnvit:sed
3049 3982 3396 4064 paenitentia
3424 3989 3483 4043 et
3507 3981 3700 4060 lacry-

2061 4093 2168 4135 nia:
2196 4074 2362 4134 illum
2385 4073 2457 4133 ad
2482 4072 2779 4135 Christum
2813 4072 3201 4134 reduxerunt.
3256 4070 3327 4134 Et
3358 4090 3490 4131 cum
3542 4070 3701 4149 inje-

2057 4163 2425 4237 cisset,flevit
2452 4183 2464 4224 :
2492 4163 2605 4223 hoc
2637 4169 2727 4222 est
2753 4181 2885 4222 cum
2920 4178 3095 4243 caput
3124 4161 3567 4233 obvelasset,vel
3596 4177 3702 4239 pro

2058 4271 2128 4314 eo
2153 4252 2311 4333 quod
2343 4252 2518 4331 caepit
2544 4270 2755 4323 magna
2785 4251 3182 4312 vehementia.
3202 4248 3328 4311 Jam
3354 4252 3513 4330 quod
3554 4251 3701 4310 Mat-

2060 4343 2243 4403 thzens
2275 4341 2527 4401 obscure
2550 4340 2881 4419 dixit,quod
2910 4341 3250 4420 Priusquam
3275 4340 3461 4418 gallus
3484 4348 3701 4412 cantet,

2058 4434 2478 4511 interpretatus
2508 4438 2596 4490 est
2627 4432 2877 4509 Marcus,
2903 4429 3039 4509 quia
3075 4428 3426 4509 Priusquam
3464 4427 3551 4489 bis
3572 4446 3706 4489 can-

1513 4519 1643 4601 ὅπερ
1700 4520 1756 4578 δὲ
1817 4523 1975 4580 εἶπεν

2068 4531 2167 4583 tet.
2205 4521 2650 4583 Consuevernnt
2681 4518 2841 4578 enim
2895 4518 3033 4596 galli
3082 4537 3197 4578 uno
3248 4527 3515 4597 tempore
3548 4534 3704 4595 saepe

2058 4628 2294 4682 sonare,
2343 4616 2399 4669 et
2434 4616 2636 4687 postea
2676 4607 2959 4681 dormire,
2993 4616 3051 4667 et
3085 4616 3216 4686 post
3245 4618 3479 4685 tempus
3510 4606 3702 4686 quod-

2060 4699 2193 4760 dam
2246 4699 2462 4759 iterum
2514 4705 2749 4757 cantum
2810 4696 3096 4776 incipere.
3131 4695 3300 4768 Quod
3351 4695 3529 4773 igitur
3554 4696 3705 4755 Mat—

2058 4790 2221 4849 baeus
2252 4786 2417 4861 dixit,
2441 4786 2552 4847 hoc
2583 4794 2671 4847 es:
2697 4806 2709 4848 :
2747 4785 3096 4866 Priusquam
3125 4784 3314 4865 gallus
3344 4793 3561 4863 cantet,
3592 4784 3706 4845 hoc

2058 4890 2172 4951 est,
2206 4876 2451 4956 impleat
2488 4875 2807 4936 clamorem
2845 4877 3018 4957 primi
3049 4884 3277 4949 cantus,
3315 4872 3559 4952 negabis
3610 4890 3706 4934 me

2063 4978 2169 5030 ter.
2209 4965 2577 5028 Erubescant
2606 4962 3053 5045 Novatiani,qui
3083 4983 3185 5026 eos
3215 4963 3314 5045 qui
3349 4970 3480 5042 post
3510 4961 3707 5042 bapti-

2061 5074 2253 5117 smum
2287 5067 2344 5114 et
2376 5063 2888 5115 sacramentorum
2948 5054 3431 5115 communionem
3490 5068 3707 5130 pecca-

2063 5154 2221 5223 runt,
2250 5163 2364 5204 non
2395 5142 2745 5222 suscipiunt.
2772 5142 2925 5205 Ecce
2958 5153 3014 5205 et
3047 5145 3255 5205 Petrus
3284 5147 3561 5218 suscepto
3589 5139 3707 5199 im-

2068 5234 2358 5295 maculato
2376 5249 2626 5310 corpore
2656 5232 3041 5311 etsanguine,
3074 5250 3205 5292 cum
3242 5234 3533 5308 negasset,
3572 5245 3708 5308 pro—

2067 5336 2197 5404 pter
2229 5320 2631 5403 paenitentiam
2665 5331 2940 5402 receptus
2977 5330 3086 5381 est.
3142 5322 3494 5382 Sanctorum
3551 5315 3710 5379 enim

2063 5414 2278 5475 delicta
2299 5411 2432 5471 idco
2465 5409 2687 5489 scripta
2717 5422 2877 5489 sunt,
2910 5419 2973 5472 ut
2997 5419 3057 5473 et
3086 5428 3195 5470 nos
3226 5408 3275 5469 si
3300 5406 3712 5488 quandoalapsi

2063 5502 2348 5562 fuerimus
2376 5516 2497 5558 non
2530 5497 3384 5580 animadvertendo,possimus
3415 5495 3476 5555 in
3504 5512 3713 5557 exem-

2066 5592 2159 5671 pla
2181 5589 2413 5649 illorum
2446 5588 2775 5668 respicere,
2806 5607 2863 5651 ei
2889 5608 2993 5670 per
3025 5585 3433 5672 pmnitentiam
3467 5581 3707 5663 corrigi.

316 5680 401 5739 διὰ
458 5689 560 5751 τῆς
615 5688 899 5762 μετανοίας
959 5686 1317 5769 προσεδέχθη.
1379 5684 1456 5743 Τὰ
1511 5683 1613 5761 γὰρ
1671 5680 2021 5763 ὶλαττώμαςα
2085 5688 2190 5740 τῶν
2246 5679 2409 5756 ἁγίων
2471 5676 2563 5734 διὰ
2632 5691 2786 5741 τοῦτο
2843 5681 3236 5762 ἀνεγράφησαν,
3280 5677 3373 5733 ’ἶνα
3421 5676 3506 5730 καὶ
3528 5676 3713 5753 ἡμεῖς,
