4162 6228
338 336 461 403 665
1091 340 1536 405 ΕΝΑΒΒΑΤΙΟ
1582 342 1662 404 ΙΝ
1708 339 1971 404 EVANG

2064 340 2215 402 .IUM
2260 337 2515 403 MARCI.
2556 373 2634 385 —
2677 339 2841 403 CAP.
2890 334 3014 402 XV.
3598 323 3715 390 666

337 473 771 539 ὑποκατακλιθεὶς
826 484 903 551 τῷ
965 475 1225 553 θελήματι
1292 475 1535 554 ἐκείνων,
1582 471 1978 556 ἐφραγγὲλλωσὲ

2072 480 2423 553 putarentur
2449 474 2752 554 accepisse
2786 492 2891 553 pro
2922 471 3205 535 tribunali
3226 468 3713 556 condemnatum:

337 584 392 618 τε
463 565 557 619 τὸν
619 565 805 645 Κύριον
855 563 1419 640 τουτὲστιν,ἒμάστιξε
1465 562 1717 629 πλεκτοῖς
1770 562 1984 639 λώροις,

336 652 428 709 ’ἶνα
483 651 700 719 δόξωσιν
756 653 837 711 ὅτι
895 655 1001 711 ἀπὸ
1051 654 1387 733 δικαστηρίω
1458 654 1612 710 αὐτὸν
1666 672 1978 729 κατακεκρι-

2071 650 2407 713 satisfacere
2438 652 2741 733 plebi,hoc
2775 660 2886 732 est,
2920 651 3237 730 gratiﬁcari
3268 655 3555 726 quantum
3588 663 3717 726 pos-

338 740 495 813 μὲνον
553 740 876 823 παρέλαϐον·
932 745 1019 800 καὶ
1072 741 1375 821 παρέδωκεν
1445 742 1601 800 αὐτὸν
1651 745 1860 818 αὐτοῖς,
1892 738 1978 795 ’ίνα

2071 737 2269 815 sibile,
2306 759 2425 802 non
2454 750 2650 804 autem
2685 740 2842 822 quod
2873 751 3102 819 gratum
3137 748 3262 801 erat
3274 740 3435 818 justo
3468 744 3525 797 et
3565 737 3712 797 Deo.

338 833 637 909 σταυρωθῇ.
708 830 996 890 Ἦϐοὺλετο
1052 834 1153 912 γὰρ
1209 834 1271 889 τὸ
1341 832 1520 891 ἱκανὸν
1576 837 1654 906 τῷ
1702 830 1857 912 ὄχλῳ
1912 833 2157 909 ποιῆσαι,
2206 829 2466 905 τουτέστι,
2521 834 2582 888 τὸ
2630 833 2871 912 ἀρεστὸν,
2905 833 2966 887 τὸ
3032 830 3401 910 ἐνδεχόμενον.
3481 826 3602 905 ουχὶ
3654 824 3715 879 τὸ

332 920 554 997 ἀρεστὸν
586 928 663 995 τῷ
690 910 877 995 δικαίῳ
919 923 1007 978 καὶ
1047 910 1134 997 τῷν
1165 929 1281 997 Θεῷ
1737 910 1772 912 Π
2062 914 2067 919 ”

422 1030 447 1065 ι
513 1011 573 1067 Oi
631 1008 685 1065 δὲ
742 1018 1058 1090 στρατιῶται
1108 1012 1389 1090 ἀπὴγαγον
1419 1013 1573 1069 αὐτὸν
1600 1010 1707 1067 ἔσω
1734 1015 1832 1077 τῆς
1884 1010 1978 1066 αὒ-

2149 1008 2312 1072 VERS
2366 1011 2584 1075 16-91.
2637 1035 2657 1066 ι
2697 1010 2910 1073 Milites
2940 1016 3138 1071 autem
3171 1008 3547 1069 abduxerunt
3576 1018 3713 1063 eum

330 1097 456 1179 λῆς,
514 1098 549 1155 δ’
612 1099 725 1158 ἐστι
779 1102 1120 1181 πραιτώριον,
1178 1104 1264 1158 καὶ
1307 1100 1659 1180 συγκαλοῦσιν
1703 1099 1837 1168 ὅλην
1888 1100 1978 1166 τὴν

2068 1096 2304 1160 introin
2334 1100 2576 1181 atrium,
2609 1100 2764 1181 quod
2798 1108 2887 1162 est
2923 1099 3369 1180 praetorium,et
3393 1097 3719 1181 convocant

329 1201 577 1265 σπεῖραν,
640 1191 728 1249 mi
784 1188 1041 1246 ἐνδύουσιν
1100 1180 1255 1249 αὺτὸν
1291 1191 1580 1271 πορφύραν,
1635 1192 1722 1247 καὶ
1774 1211 1978 1270 περιτι-

2069 1195 2244 1249 totam
2282 1180 2706 1265 cohortem,et
2738 1190 2993 1251 induunt
3024 1188 3191 1249 illum
3228 1180 3715 1268 purpura,etcir--

328 1278 505 1335 θέασιν
564 1281 708 1353 αὐτῷ
737 1277 1021 1344 πλέξαντες
1047 1281 1320 1336 ἀκάνθινον
1349 1280 1626 1361 στέφανον·
1673 1281 1759 1335 καὶ
1788 1278 1978 1354 ἤρξαν-

2067 1289 2434 1359 cumponunt
2464 1281 2517 1341 ei
2543 1290 2876 1341 contextam
2907 1298 2939 1340 e
2971 1278 3157 1359 spinis
3187 1279 3559 1338 coronam.et
3591 1287 3714 1330 ca:-

326 1389 387 1423 το
446 1367 766 1439 ἀσπάζεσθαι
825 1369 1001 1425 αὐτόν·
1042 1376 1229 1447 Χαῖρε,
1287 1368 1505 1445 βασιλεῦ
1560 1370 1664 1425 τῶν
1722 1366 1978 1424 Ἰουδαίων

2070 1377 2282 1444 perunt
2302 1369 2559 1431 salutare
2591 1369 2761 1432 illum
2794 1390 2807 1432 :
2834 1371 3087 1449 Ave,rex
3117 1361 3717 1449 JudreorumEtver—

329 1457 429 1515 Καὶ
460 1455 682 1512 ἔτυπτον
712 1458 810 1524 τὴν
842 1456 1080 1538 κεφαλὴν
1112 1464 1273 1515 αὕτοῦ
1316 1458 1567 1533 καλάμῳ,
1614 1459 1701 1513 καὶ
1731 1456 1978 1513 ενέπτυον

2065 1456 2352 1519 berabant
2382 1459 2545 1521 illius
2567 1468 2741 1539 caput
2788 1448 3103 1537 arundine,
3135 1466 3191 1519 et
3247 1451 3602 1533 inspuebaut
3651 1448 3712 1509 in

328 1548 495 1625 αὐτῷ,
550 1547 637 1604 καὶ
694 1546 922 1612 τιθέντες
984 1549 1049 1603 τὰ
1134 1547 1355 1625 γόνατα,
1418 1547 1767 1626 προσεκύνουν
1811 1550 1975 1607 αὐτῷ.

2064 1546 2252 1621 illum,
2289 1557 2345 1609 et
2385 1548 2586 1629 positis
2614 1548 2866 1628 genibus
2917 1546 3244 1609 adorabant
3276 1539 3548 1605 illum.Et
3578 1556 3712 1599 cum

330 1637 430 1692 Καὶ
486 1634 573 1691 ὅτε
632 1633 908 1701 ἐνέπαιξαν
967 1640 1127 1711 αὐτῷ,
1191 1635 1430 1701 ἐξέδυσαν
1456 1636 1612 1693 αυτὸν
1641 1637 1975 1714 τὴνπορφύ-

2064 1635 2387 1697 illusissent
2422 1639 2497 1711 oi,
2524 1649 2811 1699 exuerunt
2833 1656 2966 1697 eum
3002 1653 3284 1716 purpura,
3316 1629 3714 1693 etinduerunt

326 1746 443 1804 ραν,
478 1726 563 1780 καὶ
592 1723 835 1784 ἒνίδυσαν
869 1726 1022 1783 αὐτὸν
1053 1726 1119 1780 τα
1148 1727 1331 1801 ἱμάτια
1360 1728 1427 1781 τὰ
1460 1724 1590 1781 ἴδια·
1639 1728 1724 1781 καὶ
1758 1724 1978 1801 ἐξάγω-ι

2064 1724 2227 1784 illum
2267 1725 2527 1788 vestibus
2562 1726 2815 1806 propriis
2853 1748 2864 1789 :
2900 1726 3037 1785 257
3088 1732 3146 1785 et
3178 1723 3437 1784 educunt
3482 1736 3615 1778 eum
3650 1724 3711 1775 ut

326 1836 409 1869 σιν
466 1815 649 1888 αὒτὸν,
708 1813 801 1869 ’ίνα
850 1816 1222 1889 σταυρώσωσιν
1269 1816 1447 1893 αυτὸν,
1496 1816 1582 1870 καὶ
1632 1814 1978 1893 ἀγγαρεύουσι

2067 1816 2481 1894 cruciﬁgerent
2530 1836 2689 1877 eum.
2742 1817 2813 1876 Et
2876 1823 3199 1894 coegerunt
3258 1814 3709 1910 prmtemuntem

325 1903 634 1980 παράγοντά
715 1926 833 1959 τινα
902 1905 1119 1978 Σίμωνα
1181 1915 1501 1981 Κυρηναῖον,
1558 1904 1852 1983 ἐρχόμενον
1888 1901 1978 1958 ἀπ’

2068 1906 2383 1985 quemdam
2420 1904 2723 1967 Simonem
2759 1908 3183 1984 Cyrenensem,
3216 1902 3313 1981 qui
3346 1898 3611 1959 veniebat
3640 1913 3706 1954 cx

325 1994 508 2071 ὀγροῦ,
582 1994 673 2048 τὸν
740 1993 942 2071 πατέρα
1002 1991 1345 2072 Ἀλεξάνδρου
1428 1996 1513 2049 καὶ
1587 1987 1827 2073 Ῥούφου,
1892 1994 1978 2049 ἴνα

2066 2014 2228 2073 agro,
2265 2008 2493 2074 patrem
2527 1995 2847 2056 Alexandri
2878 2003 2934 2055 et
2962 1994 3186 2066 Ruﬁ,ut
3210 1992 3442 2052 tolleret
3470 2004 3705 2047 crucem

324 2080 427 2158 ἄρῃ
488 2083 581 2137 τὸν
647 2083 868 2156 σταυρὸν
904 2086 1086 2145 αὐτοῦ,
1137 2106 1162 2135 ι
1201 2086 1271 2139 Τὸ
1296 2085 1674 2159 στρατιωτικὸν
1710 2082 1870 2161 φῦλον
1904 2082 1978 2137 ἀεὶ

2065 2086 2255 2163 ejus.»
2292 2084 2544 2145 Militare
2576 2104 2763 2162 genus
2793 2102 3031 2164 semper
3060 2080 3369 2152 conviciis,
3405 2080 3619 2155 gaudet
3640 2093 3706 2164 ac

2072 569 2130 621 et
2158 561 2398 623 tradidit
2424 562 2544 625 illis
2568 581 2699 624 eum
2727 556 3534 641 utcrucifigeretur.Volebat
3555 555 3711 617 enim
3802 628 3815 643 α

323 2168 559 2235 ἀταξίαις
630 2184 831 2250 χαῖρον
890 2173 979 2227 καὶ
1033 2170 1232 2249 ὕϐρεσι,
1296 2173 1361 2226 τα
1421 2173 1595 2227 οἰκεῖα
1624 2170 1977 2228 ἐπεδείκνυτο’

323 2261 392 2315 εἷ’
426 2262 525 2339 γὰρ
581 2262 627 2316 οἱ
697 2261 895 2339 μυρίων
954 2258 1304 2316 διδασκαλιῶν
1338 2261 1657 2325 ἀκούσαντες
1700 2260 1974 2340 Ἰουδαῖοι,

323 2358 546 2406 τοιαῦτα
600 2349 757 2405 αυτὸν
808 2348 1056 2425 διέθεντο,
1120 2354 1164 2406 οἱ
1230 2348 1405 2406 πολλὰ
1434 2351 1524 2406 καὶ
1545 2349 1804 2414 πολλάκις
1837 2353 1978 2429 εὔερ-

326 2438 662 2516 γετηθὲντες,
736 2439 786 2493 τί
839 2438 900 2493 ἄν
974 2439 1195 2519 ἔχοιμεν
1227 2441 1401 2496 εἰπεῖν
1435 2441 1551 2519 περὶ
1582 2445 1687 2495 τῶν
1716 2440 1973 2519 ἐθνικῶνς

2066 2173 2439 2247 tumultibus,
2476 2184 2536 2234 et
2563 2174 2675 2234 sibi
2696 2174 2892 2235 simile
2924 2163 3184 2233 est.Nam
3220 2188 3353 2231 cum
3375 2165 3584 2239 Judaei,
3610 2163 3708 2244 qui

2062 2263 2351 2342 plurimas
2383 2262 2692 2324 audierant
2722 2263 3110 2333 doctrinas,et
3134 2262 3191 2321 in
3214 2278 3361 2340 quos
3392 2256 3573 2317 multa
3594 2253 3711 2314 col-

2060 2355 2181 2414 lata
2215 2360 2382 2413 erant
2417 2352 2729 2428 benelicia,
2775 2352 2968 2412 taliter
2998 2350 3192 2412 allecti
3224 2356 3410 2415 erant,
3446 2344 3585 2426 quid
3638 2343 3710 2403 de

2062 2441 2384 2522 gentilibus
2399 2460 2713 2520 possumus
2733 2440 3305 2504 dicere?Convocant
3323 2438 3518 2516 itaque
3537 2441 3713 2495 totam

328 2526 688 2605 Συγκαλοῦσιν
746 2537 833 2586 οόν
897 2527 1029 2595 ὃλην
1100 2529 1199 2596 τὴν
1257 2543 1508 2608 σπεῖραν,
1557 2530 1672 2586 ἀντὶ
1708 2538 1823 2603 τοῦ,
1857 2528 1978 2586 ὅλον

2064 2532 2515 2604 cohortem,hoc
2538 2538 2840 2607 est,totum
2873 2532 3287 2599 exercitum,et
3306 2528 3555 2588 induunt
3578 2542 3711 2584 eum

327 2619 389 2673 τὸ
456 2617 657 2696 τάγμα,
719 2620 806 2673 καὶ
862 2616 1125 2675 ἐνδύουσιν
1183 2620 1339 2677 αὐτὸν
1406 2621 1698 2699 πορφύραν,
1746 2622 1820 2681 ὡς
1875 2621 1978 2696 βα-

2067 2630 2420 2703 purpura,ut
2448 2622 2573 2701 regi
2604 2622 2921 2682 illudentes
2953 2644 2964 2679 :
2995 2630 3051 2681 et
3074 2638 3353 2681 coronam
3377 2634 3484 2695 pro
3512 2612 3714 2674 diade-

328 2706 483 2762 σιλεα
541 2707 840 2777 παίζοντες’
902 2704 989 2763 καὶ
1040 2710 1131 2764 τὸν
1183 2708 1440 2788 στέφανον
1512 2710 1624 2765 ἀντὶ
1711 2706 1978 2784 διαδήμα-

2067 2702 2244 2785 mate,
2280 2719 2341 2772 et
2371 2712 2662 2773 calamum
2696 2730 2803 2793 pro
2835 2720 3075 2790 sceptro
3107 2714 3413 2770 assumunt
3447 2705 3558 2793 hoc
3584 2702 3713 2761 loco

327 2818 442 2871 τος,
501 2797 589 2852 καὶ
646 2798 737 2852 τὸν
795 2796 1036 2871 κάλαμον
1107 2796 1169 2854 δὰ
1239 2798 1352 2855 ἀντὶ
1386 2801 1655 2878 σκήπτρου
1693 2797 1978 2876 παραλαμ-

2068 2800 2443 2861 diabolorum
2479 2800 2647 2862 socii.
2680 2790 3007 2878 Angariant
3053 2806 3250 2859 autem
3301 2790 3617 2878 quemdam
3652 2797 3714 2849 ut

328 2882 575 2941 ϐαίνουσιν
646 2886 864 2941 ἐνταῦθα
923 2887 967 2942 οἱ
1028 2894 1114 2943 τοῦ
1170 2884 1415 2945 διαϐολου
1480 2877 1751 2968 χορευταί·
1808 2887 1978 2966 ἀγγα-

2070 2890 2236 2951 tollat
2269 2907 2510 2950 crucem
2543 2891 2692 2968 ejus,
2718 2877 2982 2969 quamvis
3011 2887 3159 2949 alius
3185 2877 3717 2969 evangelista‘dicat

328 2974 537 3052 ρεύουσι
596 2972 650 3030 δὲ
693 2996 833 3042 τινα,
878 2974 973 3030 ἵνα
1017 2974 1117 3055 ἄρῃ
1149 2978 1240 3032 τὸν
1271 2967 1706 3054 σταυρὸναῦτοῦ,
1751 2977 1978 3055 καίτοιγε

2071 2978 2224 3060 quod
2255 2977 2558 3056 bajulans3
2574 2967 3002 3041 lesuscrucem
3024 2969 3521 3060 exierit.Utraque
3538 2967 3715 3046 igitur

328 3061 492 3127 ἄλλος
565 3062 949 3142 εὐαγγελιστής
1005 3087 1193 3145 φησιν,
1266 3063 1347 3122 ὅτι
1391 3066 1666 3142 βαστάζων
1695 3068 1722 3122 6
1767 3064 1977 3131 Ἰησοῦς

2064 3058 2214 3132 facta
2242 3075 2396 3128 sunt.
2433 3067 2789 3148 Aliquandiu
2822 3067 2980 3129 enim
3016 3062 3264 3146 portavit
3292 3062 3417 3140 ipse
3462 3058 3711 3148 lignum,

328 3155 420 3210 τὸν
490 3154 710 3231 σταυρὸν
762 3158 920 3213 αὐτοῦ
975 3153 1209 3223 ἐξῆλθεν’
1288 3156 1560 3235 ἀμφότερα
1619 3158 1706 3212 οὖν
1764 3154 1974 3232 γέγονε⁸

330 3243 491 3323 μέχρι
549 3244 647 3317 μὲν
704 3245 804 3322 γὰρ
860 3266 1024 3319 τινος,
1098 3242 1381 3317 ἐϐάσταζεν
1440 3246 1596 3307 αὒτὸς
1660 3246 1719 3301 τὸ
1804 3243 1978 3309 ξύλον

332 3333 447 3389 ἐπεὶ
498 3331 552 3388 δί
607 3335 755 3411 εὖρον
801 3334 892 3389 τὸν
949 3334 1308 3414 βαστάσοντα,
1364 3334 1696 3413 ἠγγάρευσαν
1746 3332 1976 3409 ἐκεῖνον,

332 3423 418 3479 καὶ
475 3421 663 3479 λοιπὸν
720 3419 1036 3494 ἐϐαστάζετο
1085 3420 1174 3479 ὑπ’
1247 3426 1404 3480 αὐτοῦ
1454 3426 1481 3480 6
1533 3423 1779 3503 σταυρός.
1831 3425 1979 3488 Τίνος

333 3510 387 3566 δὲ
469 3510 645 3567 ἕνεκεν
702 3512 850 3591 εἷπε,
926 3515 1016 3568 καὶ
1043 3512 1198 3568 τίνων
1230 3509 1432 3569 παίδων
1460 3512 1527 3580 ἧν
1556 3515 1735 3592 πατὴρ
1766 3532 1783 3586 ς
1847 3514 1982 3591 Πρὸς

334 3602 588 3657 πίστωσιν
648 3599 887 3658 πλείονα·
962 3602 1101 3665 εἰκὸς
1155 3602 1254 3681 γὰρ
1308 3608 1401 3678 ζῇν
1431 3603 1518 3658 τὸν
1569 3601 1840 3681 ἄνθρωπον
1882 3602 1983 3676 ἔτι,

332 3692 421 3746 καὶ
478 3688 719 3747 δύνασθαι
788 3690 855 3746 τὰ
915 3690 969 3747 ἐν
1026 3697 1104 3764 τῷ
1162 3700 1368 3769 σταυρῷ
1445 3693 1617 3748 πάντα
1689 3692 1979 3772 ἀφηγήσα-

333 3783 449 3835 σθαι
486 3779 632 3859 (88),
689 3778 854 3835 Ἀλλὰ
922 3781 1022 3860 γὰρ
1078 3780 1383 3859 φορέσωμεν
1426 3784 1513 3840 καὶ
1565 3782 1736 3857 ἡμεῖς
1790 3783 1987 3861 πορφύ-

334 3891 449 3946 ραν,
518 3871 612 3937 τὴν
657 3867 939 3945 βασιλικὴν
972 3869 1190 3940 στολήν
1229 3871 1346 3927 οἷόν
1395 3895 1444 3927 τι
1479 3870 1644 3950 λέγω·
1685 3863 1775 3936 Ὠς
1820 3873 1981 3948 βασι-

334 3957 449 4023 λεῖς
514 3958 786 4038 ὀφείλομεν
840 3974 1172 4037 περιπατεῖν,
1244 3968 1531 4026 πατοῦντες
1582 3961 1759 4017 ἐπάνω
1810 3962 1978 4041 ὄφεων

333 4049 419 4103 καὶ
475 4049 762 4127 σκορπίων,
821 4052 905 4105 καὶ
990 4058 1439 4128 κατακρατοῦντες
1524 4053 1622 4117 τῆς
1692 4052 1971 4129 ἁμαρτίας

337 4139 635 4214 λριστιανοὶ
691 4138 790 4216 γὰρ
861 4136 1149 4215 λεγόμεθα,
1210 4139 1480 4219 τουτέστι,
1517 4139 1862 4220 κεχρισμένοι
1894 4141 1983 4196 καὶ

337 4227 502 4307 αὑτοὶ,
561 4225 739 4306 ὣσπερ
794 4228 914 4282 τότε
991 4229 1038 4282 οἷ
1123 4227 1365 4302 βασιλεῖς
1437 4228 1688 4307 ἐλέγοντο
1744 4230 1979 4307 Χριστοί.

2063 3156 2285 3220 deinde
2317 3167 2512 3218 autem
2537 3147 2670 3219 cum
2695 3154 3061 3217 invenissent
3108 3153 3365 3233 aliquem
3386 3147 3487 3229 qui
3511 3152 3710 3233 porta-

2062 3256 2153 3310 ret
2182 3255 2506 3324 coegerunt
2539 3246 2730 3326 illum,
2762 3254 2819 3308 et
2852 3253 3053 3326 postea
3097 3226 3321 3324 gestata
3381 3226 3468 3299 est
3493 3226 3710 3322 abillo

2063 3353 2223 3398 crux.
2272 3334 2465 3407 Quare
2493 3343 2689 3396 autem
2716 3335 3142 3415 dixit,quorum
3174 3331 3350 3394 etiam
3389 3342 3709 3408 puerorum

2065 3434 2222 3488 esset
2243 3431 2438 3505 pater?
2468 3424 2556 3487 Ad
2578 3426 2859 3505 majorem
2892 3424 3029 3486 ﬁdei
3056 3415 3716 3485 conﬁrmationem.Ve-

2065 3514 2316 3575 risimile
2350 3513 2508 3575 enim
2535 3520 2663 3576 erat
2693 3513 2994 3575 hominem
3027 3512 3220 3574 adhuc
3248 3509 3466 3580 vivere,
3501 3512 3558 3565 et
3582 3519 3713 3578 pos-

2067 3622 2131 3664 se
2163 3620 2447 3663 enarrare
2468 3602 2666 3663 omnia
2688 3620 2818 3683 qum
2848 3602 2904 3663 in
2941 3619 3115 3662 cruce
3147 3600 3319 3661 facta.
3355 3599 3536 3659 Porro
3561 3593 3711 3654 fera-

2072 3710 2205 3753 mus
2231 3701 2289 3753 et
2323 3710 2430 3752 nos
2481 3709 2830 3771 purpuram,
2881 3690 3141 3769 regalem
3196 3695 3442 3755 vestem;
3487 3684 3599 3743 hoc
3626 3686 3716 3741 est

2071 3781 2226 3862 quod
2261 3782 2395 3843 dico
2428 3799 2443 3844 :
2480 3781 2642 3844 Sicut
2676 3800 2848 3861 reges
2876 3780 3185 3842 ambulare
3217 3775 3505 3838 debemus
3534 3788 3715 3862 super

2066 3858 2375 3950 serpentes
2406 3880 2463 3933 et
2484 3858 2916 3950 scorpiones,et
2945 3869 3239 3948 imperare
3265 3858 3711 3950 peccato.Cliri-

2063 3947 2239 4019 διίειίιί
2286 3960 2444 4020 enim
2498 3947 2781 4034 dicimur,
2814 3947 2925 4020 hoc
2957 3947 3068 4031 est,
3099 3955 3264 4017 uncti
3297 3962 3354 4013 et
3385 3949 3520 4032 ipsi,
3560 3947 3713 4007 sicut

2065 4060 2202 4112 tunc
2227 4066 2398 4129 reges
2431 4050 2781 4112 dicebantur
2811 4046 3149 4111 Christi.Sit
3169 4045 3347 4125 igitur
3376 4043 3490 4101 vita
3514 4045 3709 4129 nostra

2066 4156 2182 4200 non
2217 4127 2447 4200 servilis
2478 4149 2537 4201 et
2566 4140 2891 4212 illiberalis,
2927 4139 3030 4200 sed
3060 4137 3273 4215 regalis
3293 4152 3362 4195 ac
3391 4127 3714 4192 libera.Fe-

2066 4246 2268 4289 ramus
2297 4238 2493 4289 autem
2541 4238 2599 4291 et
2649 4248 2926 4291 coronam
2976 4227 3269 4309 spineam,
3305 4225 3419 4284 hoc
3447 4227 3558 4291 est,
3584 4225 3711 4309 stu-

335 4298 374 4337 "
487 4298 499 4306 ”
618 4318 641 4334 ν
713 4298 723 4306 ‘
1102 4298 1132 4329 ω’
1266 4318 1277 4333 ‘
1527 4298 1553 4335 ‘v
1792 4298 1801 4307 1

377 4324 529 4372 Εστω
586 4338 673 4371 ουν
729 4318 757 4372 6
840 4316 951 4391 βιος
1009 4318 1163 4389 ἡμων
1216 4340 1291 4389 μη
1343 4316 1583 4382 δουλικος
1615 4320 1702 4373 καὶ
1728 4317 1978 4397 ἀγεννὴς,

2068 4318 2320 4378 deamus
2364 4318 2637 4379 coronari
2692 4298 3025 4398 asperitate.
3069 4324 3125 4377 et
3172 4298 3537 4375 continentia
3559 4306 3711 4379 vitaz,

337 4403 474 4461 ἀλλὰ
530 4402 808 4480 βασιλικὸς
882 4406 970 4460 καὶ
1054 4406 1349 4483 ἒλεόθερος’
1412 4406 1716 4486 φορέσωμεν
1774 4405 1828 4462 δὲ
1898 4410 1978 4463 καὶ

2074 4426 2190 4467 non
2224 4407 2590 4487 voluptuarie
2621 4425 2815 4487 neque
2845 4405 3121 4467 delicate.
3177 4402 3376 4465 Simus
3429 4403 3624 4460 autem
3658 4403 3716 4455 et

336 4494 611 4550 ἀκάνθινον
670 4495 947 4573 στέφανον,
1008 4493 1273 4575 τουτέστι,
1333 4492 1713 4569 σπουδάσωμεν
1788 4516 1978 4575 στεφα-

2075 4494 2304 4576 Simon,
2341 4496 2493 4575 quod
2524 4508 2615 4558 est
2645 4495 2984 4558 obedientia
3017 4513 3029 4557 ς
3064 4504 3121 4555 et
3146 4492 3420 4554 tollamus
3475 4505 3709 4548 crucem

336 4582 566 4651 νωθῆναι
624 4589 702 4656 τῷ
770 4598 968 4661 τραγεῖ
999 4584 1097 4659 βίῳ
1147 4585 1233 4639 καὶ
1288 4583 1538 4661 ἐγκρατεῖ
1588 4586 1674 4640 καὶ
1725 4582 1978 4658 ἀνηδόνιρ,

2072 4584 2236 4664 Jesu,
2271 4605 2401 4666 quae
2432 4586 2747 4648 mortiﬁcet
2801 4585 3069 4646 membra
3117 4591 3317 4644 nostra
3368 4596 3497 4659 quae
3535 4594 3716 4655 super

338 4672 416 4747 μὴ
473 4677 551 4744 τῷ
606 4671 859 4751 τρυφηλῷ
915 4675 1001 4727 καὶ
1046 4671 1171 4745 λείῳ
1200 4674 1287 4728 καὶ
1318 4672 1575 4747 ἑνηδὸνῳο
1636 4675 1908 4751 γενώμεθα
1936 4673 1978 4731 δξ

2076 4683 2295 4736 terram
2328 4684 2484 4739 sunt.

338 4762 427 4817 καὶ
459 4763 663 4841 Σίμων,
709 4762 739 4817 ὅ
771 4761 911 4818 ἐστιν
966 4763 1201 4833 ὑπακοὴ,
1236 4764 1324 4819 καὶ
1368 4761 1576 4840 ἅρωμεν
1607 4764 1698 4818 τὸν
1730 4766 1950 4842 σταυρὺν
1974 4773 2067 4822 τοῦ
2100 4765 2297 4837 Ἰησοῦ,
2362 4768 2718 4844 νεκρώσαντες
2756 4768 2814 4822 τὰ
2842 4766 2981 4841 μέλη
3015 4767 3155 4840 ἐμῶν
3187 4763 3252 4817 τα
3311 4761 3395 4816 ἐπὶ
3436 4764 3535 4825 τῆς
3585 4757 3706 4835 γῆς.

608 4852 622 4870 ς
748 4850 757 4867 ο
1003 4853 1018 4882 ς
1068 4853 1079 4869 \
1171 4850 1185 4867 9
1236 4852 1249 4873 κ
1495 4858 1515 4867 ε-
1810 4850 1835 4871 υ

426 4874 453 4904 ι
530 4859 627 4907 Και
697 4872 937 4931 φερουσιν
968 4873 1123 4907 art-0v
1168 4870 1251 4906 επι
1284 4850 1548 4923 Γολγοθαν
1578 4852 1763 4925 τόπον,
1808 4872 1836 4907 0
1872 4853 1978 4909 ἐστι

2152 4854 2670 4917 νεῐιδ.¹22-28.«Ει
2686 4855 2909 4917 ducunt
2930 4872 3067 4916 eum
3090 4851 3148 4914 in
3181 4848 3471 4929 Golgotha
3491 4847 3711 4917 locum,

340 4939 861 5018 μεθερμηνευόμενον
922 4948 1140 5018 Κρανίοτ
1223 4940 1410 5004 τόπος⁶
1468 4942 1556 4996 καὶ
1628 4939 1824 4996 ἐδίδουν
1884 4944 1978 4997 αὓ-

2066 4943 2223 5019 quod
2255 4952 2364 5016 est,
2392 4946 2439 5005 si
2471 4940 3190 5023 interpreterisﬁalvariaa
3220 4939 3403 5000 locus.
3437 4934 3713 4998 Etdede-

338 5034 417 5104 τῷ
461 5045 609 5086 πιεῖν
687 5028 1101 5108 ἐσμυρνισμὶνον
1159 5033 1328 5086 οἶνον·
1411 5031 1439 5085 6
1511 5027 1566 5085 δὲ
1653 5032 1746 5086 οὑκ
1801 5028 1978 5091 ἔλαϐε.

2069 5040 2208 5093 runt
2238 5031 2326 5093 illi
2359 5031 2565 5095 bibere
2612 5034 2977 5112 myrrhatum
3025 5030 3248 5101 vinum,
3303 5026 3407 5089 sed
3462 5024 3560 5086 ille.
3594 5042 3713 5085 non

343 5120 442 5177 Καὶ
490 5119 887 5191 σταυρώσαντες
987 5121 1164 5189 αὐτὸν,
1243 5117 1629 5199 διαμερίζονται
1672 5120 1739 5174 τὰ
1799 5119 1978 5193 ἱμάτια

2068 5122 2345 5202 sumpsit.
2404 5125 2672 5203 Cumque
2702 5121 3134 5183 cruciﬁxissent
3167 5136 3328 5191 cum,
3356 5114 3555 5198 partiti
3579 5125 3717 5178 sunt

417 5225 809 5301 310an.xrx,
850 5224 945 5289 17.

1388 5343 1476 5405 Ex
1504 5341 1823 5405 collatione
1854 5344 2030 5409 codd.
2067 5345 2279 5409 Venet.
2311 5347 2375 5409 S.
2406 5347 2617 5412 Marci.

582 5469 732 5533 Cod.
764 5465 843 5528 26
874 5463 1292 5549 haecsnpplet,
1327 5466 1413 5521 καὶ
1463 5465 1583 5527 τοὺς
1640 5466 1777 5549 υἱους
1806 5467 1978 5549 τούτοι

2078 5466 2593 5549 ΐυίεεοῌειροειοιίε
2626 5486 2638 5526 :
2675 5464 3154 5549 quandoquidem
3186 5462 3451 5549 nonnulli
3484 5459 3714 5549 dicunt,

423 5484 547 5549 (δῦ)
582 5484 732 5533 Cod.
764 5484 843 5528 20
875 5484 1001 5527 ιιωο
1032 5484 1292 5545 supplet,
1327 5484 1413 5521 και
1463 5486 1583 5527 τους
1640 5484 1777 5528 υιους
1806 5484 1978 5523 τουτοι

338 5548 687 5627 γινώσκεσθαι
761 5570 878 5613 σιολς
993 5544 1389 5627 ἆποστόλοιςζ-
1412 5546 1831 5627 πεπιστευκότας
1920 5548 1978 5601 εἰς

2078 5484 2259 5527 tuisse
2313 5484 2593 5547 aposwus
2626 5486 2638 5526 :
2675 5484 2910 5546 quando
2957 5484 3154 5525 uiaem
3186 5484 3451 5524 nonnum
3484 5484 3712 5531 dicunt,

2080 5564 2180 5627 eos
2210 5547 2527 5607 adhaesisse
2556 5547 2838 5627 apostolis
2874 5484 2963 5625 (ὦ
3001 5553 3058 5605 et
3090 5545 3150 5605 in
3181 5544 3478 5607 Christum
3512 5539 3712 5602 credi-

338 5623 585 5709 Χριστόν.
642 5628 831 5703 Ἀλλὰ,
895 5648 949 5685 κ.
1004 5647 1056 5687 τ.
1115 5624 1170 5688 λ.
1234 5646 1258 5681 ιι
1326 5623 1585 5705 Ejusque
1618 5625 1769 5686 ﬁlios
1824 5631 1978 5687 noto:

2078 5626 2260 5689 disse.
2294 5631 2495 5702 l'orro,
2536 5652 2556 5682 ι
2594 5623 2708 5688 etc.

380 5726 1303 5880 ‘(qhzerbadgluat‘doquidemn
1319 5780 1332 5795 .
1346 5778 1361 5796 .
1385 5731 1675 5812 apostolis
1691 5730 1753 5793 iu
1785 5729 1990 5795 Graeco
2002 5733 2384 5817 praetermisit
2413 5734 2807 5819 typographus
2825 5735 3107 5810 Venetus,
3130 5730 3204 5796 ab
3224 5728 3710 5809 homceotelouto,

428 5832 484 5879 τι
590 5832 684 5880 ur.
818 5831 888 5878 us
969 5859 991 5878 .

335 5831 402 5878 ut
428 5831 684 5893 ridetur,
714 5831 991 5880 aetum.
