4162 6228
417 318 529 381 671
1383 323 1975 388 THEOPHYLAGTI
2021 324 2042 383 1

2125 315 2431 382 [λϐΛῆΙῶ
2474 319 2828 382 ΑεΡιιΟΗΙΕΡ.
3674 313 3792 378 672

415 444 662 526 deserti,
699 446 806 510 ille
824 466 1130 530 nunquam
1164 468 1196 511 a
1228 451 1403 514 Patre
1420 451 1741 516 derelictus
1770 451 2038 516 iuit.Aud

2125 448 2355 506 ηέκεϊνοσ
2411 446 2472 504 δὲ
2509 450 2604 505 οὒκ
2633 446 3012 528 ἐγκατελείφθη
3057 447 3188 506 ποτέ
3230 448 3371 527 παρὰ
3413 457 3507 506 τοῦ
3560 447 3784 526 Πατρός.

415 534 571 596 enim
604 536 742 616 quid
778 536 935 599 dicat
969 559 982 598 :
1021 543 1153 601 Non
1185 559 1312 601 sum
1347 541 1532 616 solus,
1557 542 1768 624 inquit,
1804 542 1907 605 sed
1943 542 2042 603 Pa-

2140 536 2354 596 ’¹Ακουε
2425 539 2525 618 γὰρ
2584 539 2760 612 αὑτοῦ,
2823 550 2873 596 τί
2915 558 3098 620 φησιν’
3135 541 3242 599 Οὔκ
3271 540 3376 616 εἰμὶ
3405 540 3594 624 μὸνος,
3625 537 3704 594 ὅτι
3757 539 3785 594 6

416 632 504 685 ter
544 644 776 686 mecum
803 635 910 688 est.
941 626 1046 691 Vel
1072 630 1244 689 etiam
1302 649 1404 710 pro
1454 631 1720 694 Hebraeis
1739 633 1904 707 dicit,
1930 641 2061 696 erat

413 713 570 774 enim
606 714 888 777 Hebraeus
914 728 970 777 et
1002 718 1127 797 ipse
1160 720 1486 782 secundum
1511 739 1774 785 carnem.
1799 722 1920 784 Cur
1935 740 2054 797 me,

409 801 519 865 hoc
549 811 660 875 est,
713 823 817 866 cur
874 804 1230 868 Hebraicum
1285 809 1564 890 populum
1621 809 1963 886 deseruisti,
1995 820 2062 876 ut

410 892 826 968 cruciﬁgerent
852 895 1066 957 Filium
1103 899 1296 957 tuum?
1335 896 1843 969 Quemadmodum
1893 899 2058 962 enim

409 983 826 1042 consuevimus
857 983 1242 1059 dicere,Deus
1272 987 1402 1046 tulit
1432 1007 1549 1058 me,
1582 990 1695 1050 hoc
1724 996 1811 1050 est
1851 990 2055 1050 huma-

411 1089 541 1131 nam
573 1081 840 1133 naturam
873 1095 884 1134 :
919 1073 967 1134 si
1014 1082 1071 1135 et
1093 1075 1209 1136 hoc
1240 1076 1369 1137 loco
1388 1076 1769 1159 Dereliquisti
1797 1098 1912 1149 me,
1943 1079 2056 1140 hoc

407 1169 518 1239 est,
551 1161 639 1221 vel
674 1180 865 1223 meam
899 1163 1214 1225 humanam
1251 1174 1540 1242 naturam,
1573 1168 1663 1229 vel
1716 1187 1910 1230 meum
1937 1189 2048 1250 po-

408 1251 609 1329 pulum
634 1249 972 1313 Judaicum.
1003 1255 1430 1317 Cucurritvero
1455 1276 1607 1318 unus
1636 1266 1701 1318 ut
1729 1249 1961 1319 acetum
1994 1259 2047 1318 ei

404 1341 724 1419 potandum
763 1343 1112 1421 porrigeret,
1153 1365 1266 1425 quo
1301 1345 1472 1406 citius
1504 1365 1636 1408 eum
1683 1347 1828 1409 aceti
1859 1351 2047 1410 conli-

402 1437 566 1490 ceret
597 1431 1100 1494 amaritudo.Cum
1129 1443 1323 1495 autem
1356 1435 1667 1496 clamasset
1700 1435 1874 1498 Jesus
1904 1456 2050 1499 voce

405 1537 638 1596 magni»,
677 1520 1022 1600 exspiravit,
1058 1523 1229 1602 quasi
1263 1525 1504 1585 irritans
1537 1534 1785 1586 mortem
1820 1536 1877 1586 ut
1930 1528 2045 1587 Do-

404 1607 624 1687 minus,
659 1620 715 1670 et
748 1618 1034 1688 potestate
1065 1630 1167 1672 sua
1203 1614 1487 1676 moriens.
1517 1613 1657 1684 Qum
1704 1624 1900 1675 autem
1945 1635 2049 1677 vox

401 1695 500 1758 illa
534 1697 730 1778 fuerit,
773 1702 956 1760 Lucas
1015 1701 1444 1765 manifestavit:
1485 1706 1674 1775 Pater,
1716 1723 1775 1762 in
1841 1725 2109 1801 nmnusB

402 1795 529 1846 tuas
575 1788 929 1848 commendo
988 1791 1262 1868 spiritum
1313 1811 1532 1852 meum.
1583 1792 1816 1852 Etenim
1849 1802 1904 1852 et
1938 1795 2048 1855 hoc

401 1873 758 1937 beneficium
796 1877 1014 1940 Christi
1047 1889 1156 1955 est,
1194 1881 1349 1960 quod
1383 1900 1537 1942 nunc
1564 1890 1900 1941 sam-torum
1925 1884 2044 1963 spi-

398 1965 546 2025 ritus
579 1965 638 2025 in
671 1985 880 2027 manus
913 1967 1095 2029 Patris
1125 1971 1472 2046 ascendunt,
1509 1970 1606 2050 qui
1641 1969 1777 2030 olim
1834 1972 1906 2032 ab
1949 1975 2043 2035 in-

399 2053 563 2114 ferno
617 2056 990 2129 tenebantur,
1027 2059 1218 2121 donec
1268 2061 1492 2121 veniret
1549 2061 1651 2141 qui
1712 2061 2046 2142 praedicavit

400 2142 646 2222 captivis
679 2144 1121 2210 remissionem.

478 2322 664 2382 Vagus.
702 2322 777 2382 38
811 2323 908 2384 41.
951 2348 975 2376 (ε
1013 2322 1080 2384 Et
1113 2325 1305 2386 velum
1342 2327 1544 2409 templi
1591 2329 1838 2392 scissum
1870 2342 1958 2393 est
1990 2333 2045 2393 in

400 2408 550 2470 duas
582 2419 777 2489 partes
799 2430 829 2470 a
860 2429 1093 2472 summo
1128 2433 1312 2494 usque
1343 2416 1411 2476 ad
1447 2408 1653 2478 imum.
1677 2421 1818 2480 Cum
1845 2431 2039 2482 autem

398 2499 638 2560 vidisset
670 2499 942 2562 centurio
983 2502 1122 2562 260
1161 2504 1258 2583 qui
1291 2505 1515 2565 astabat
1548 2525 1616 2567 ex
1647 2509 1891 2571 adverso
1933 2511 2038 2584 illi,

394 2589 550 2669 quod
584 2589 673 2650 sic
701 2591 917 2652 emisso
968 2592 1226 2654 clamore
1278 2596 1852 2674 exspirasset,(lixit:
1890 2602 2044 2663 Vere

393 2678 568 2739 homo
595 2679 693 2740 hic
727 2679 910 2742 Filius
943 2691 1068 2742 erat
1095 2681 1414 2745 Dei.Erant
1442 2694 1638 2746 autem
1674 2696 1731 2748 et
1760 2688 2043 2750 mulieres

394 2785 426 2828 e
486 2769 809 2851 longinquo
860 2781 1221 2850 spectantes,
1278 2774 1431 2834 inter
1485 2795 1635 2855 quas
1679 2785 1804 2838 erat
1859 2779 2044 2840 Maria

393 2857 754 2949 Magdalene,
791 2868 847 2921 et
873 2861 1060 2923 Maria
1099 2861 1304 2925 Jacobi
1351 2866 1534 2946 parvi,
1571 2873 1629 2926 et
1654 2865 1793 2929 Jose
1827 2876 2037 2949 mater,

391 2955 447 3009 et
478 2946 712 3012 Salome
745 2969 758 3009 :
797 2969 927 3030 quae
957 2953 1132 3014 etiam
1165 2972 1298 3013 cum
1349 2964 1508 3015 esset
1554 2954 1615 3016 in
1647 2957 1906 3028 Galilwa,
1939 2946 2038 3020 se?

2139 628 2320 706 Πατὴρ
2373 628 2488 704 μετ’
2565 627 2698 705 ἐμοῦ
2747 619 2937 709 ἐστιν,
2978 627 3065 686 ’Ἥ
3096 631 3184 685 καὶ
3213 630 3342 708 ὅπερ
3383 635 3491 684 τῶν
3531 619 3790 705 Ἐϐραίων

2138 717 2292 773 τουτό
2363 739 2546 797 φησιν,
2606 719 2680 783 ὡς
2741 708 2985 796 Ἐϐραῖος
3028 718 3116 774 καὶ
3145 719 3303 781 αὐτὸς
3346 719 3408 773 τὸ
3452 718 3590 773 κατὰ
3616 716 3784 795 σάρκα

2137 806 2232 862 ὤν’
2300 808 2385 871 Εἷς
2431 806 2481 862 τί
2512 803 2630 882 ἑμέ,
2667 807 2932 881 τουτέστι,
2978 809 3066 865 τὸν
3100 797 3376 887 Ἐϐραικὸν
3415 805 3567 880 λαὸν,
3613 805 3783 884 ἐγκα-

2138 893 2372 975 τέλιπες,
2431 894 2524 952 ἵνα
2583 896 2920 972 σταυρώσωσι
2981 898 3074 952 τὸν
3144 897 3264 952 Υἱὸν
3293 897 3383 952 τὸν
3416 894 3557 972 adv;
3604 904 3784 972 Ωσπερ

2139 987 2255 1065 γὰρ·
2293 986 2546 1060 εἰώθαμεν
2579 983 2776 1064 λέγειν,
2829 987 2909 1042 ὅτι
2943 978 3000 1044 Ὀ
3051 987 3180 1048 Θεὸς
3209 985 3458 1065 ἐφόρεσεν
3501 985 3620 1059 ἐμὲ,
3669 985 3783 1040 ἀντὶ

2135 1078 2250 1155 τοῦ,
2324 1076 2424 1142 τὴν
2475 1074 2805 1154 ἀνθρωπίνην
2875 1078 3050 1156 φύσιν
3127 1075 3265 1132 οὕτω
3295 1077 3383 1131 καὶ
3425 1075 3640 1132 ἐνταῦθα
3694 1076 3779 1147 τὸ,

2138 1161 2515 1244 Ἐγκατέλιπές
2573 1187 2663 1245 με,
2723 1166 2829 1222 νόει
2901 1166 3016 1222 ἀντί
3045 1173 3160 1235 τοῦ,
3191 1165 3291 1233 τὴν
3319 1164 3456 1240 ἐμὴν
3500 1165 3650 1244 φύσιν
3681 1165 3781 1230 τὴν

2131 1253 2485 1333 ἀνθρωπίνην,
2559 1253 2594 1322 ἥ
2664 1256 2755 1311 τὸν
2827 1254 2955 1330 ἐμὸν
2983 1255 3112 1311 λαὸν
3165 1256 3256 1311 τὸν
3286 1251 3599 1312 Ἰουδαϊκόν.
3637 1262 3782 1332 Δρα-

2132 1345 2246 1418 μὼν
2303 1341 2357 1399 δὲ
2412 1344 2521 1416 εἷς,
2595 1344 2710 1408 ὄξος
2767 1344 3002 1417 ἐπότιζεν
3034 1344 3214 1419 αῦτὸν,
3249 1342 3338 1398 ἵνα
3386 1343 3782 1420 συντομώτερον

2133 1435 2286 1490 αὐτὸν
2343 1433 2376 1500 ἡ
2433 1431 2685 1511 δριμύτης
2752 1441 2844 1490 τοῦ
2873 1431 3019 1500 ὄξους
3049 1433 3349 1509 θινατώσῃ.
3418 1431 3617 1510 Κράξας
3666 1429 3720 1486 δὲ
3752 1433 3782 1488 6

2133 1519 2337 1588 Ἰησοῦς
2395 1528 2545 1598 φωνῇ
2603 1521 2840 1600 μεγάλῃ,
2902 1523 3224 1595 ἐξέπνευσεν,
3259 1523 3418 1578 οἱονεὶ
3447 1519 3784 1599 προσκαλού-

2131 1632 2290 1685 μενος
2350 1613 2440 1667 τον
2523 1612 2768 1685 θάνατον,
2821 1613 2894 1676 ὡς
2929 1614 3203 1677 Δεσπότης
3236 1612 3321 1666 καὶ
3369 1607 3486 1665 κατ’
3544 1609 3779 1674 ἐξουσίαν

2711 1699 2764 1756 δὲ
2793 1703 2861 1767 ἦν
2892 1703 2925 1768 ἡ
2973 1702 3149 1781 φωνὴ,
3177 1699 3441 1769 ἐδήλωσεν
3487 1702 3514 1756 6
3547 1705 3773 1761 Λουκᾶς·

2388 1793 2458 1855 εἷς
2532 1791 2727 1870 χεῖράς
2788 1813 2881 1846 σου
2951 1793 3274 1868 παρατίθημι
3326 1791 3386 1843 τὸ
3416 1789 3622 1862 πνεῦμα
3650 1810 3774 1862 μου.

2132 1700 2502 1770 ἀποθνήσκων.
2571 1703 2657 1763 Τίς

2137 1789 2324 1868 Πέτερ,

2137 1880 2230 1936 Καὶ
2280 1882 2380 1958 γὰρ
2433 1883 2518 1936 καὶ
2581 1887 2732 1936 τοῦτο
2782 1880 3126 1959 κατώρθωσεν
3182 1881 3318 1952 ἡμῖν
3377 1879 3404 1932 6
3460 1878 3670 1954 Κύριος,
3715 1898 3777 1931 το

2132 1967 2205 2028 εἰς
2261 1981 2453 2046 χεῖρας
2511 1975 2603 2023 τοῦ
2662 1974 2793 2024 Θεοῦ
2836 1965 3132 2023 ἀναϐαίνειν
3160 1967 3225 2022 τα
3254 1975 3360 2021 τπῦν
3407 1965 3568 2045 ἁγίων
3613 1965 3772 2020 πνεύ-

2131 2077 2295 2128 μκττ
2358 2057 2541 2131 πρώην
2602 2059 2700 2135 γὰρ
2752 2060 2806 2112 ἓν
2861 2055 2982 2129 ᾅδου
3043 2057 3251 2111 πάντων
3309 2057 3356 2110 αἱ
3390 2055 3560 2133 ψυχαὶ
3613 2053 3774 2133 ἐκρκ-

2133 2146 2340 2219 τοῦντο,
2401 2145 2500 2209 ἕως
2535 2148 2594 2202 οὗ
2647 2146 2803 2213 ἦλθεν
2835 2148 2862 2201 6
2893 2145 3119 2221 κηρύξας
3163 2141 3532 2223 αἰχμαλώτοις
3566 2141 3772 2222 ἄφεσιν.

2221 2256 2243 2288 ιι
2311 2236 2407 2292 Καὶ
2465 2236 2524 2290 τὸ
2583 2234 2964 2306 καταπέτασμα
3007 2241 3098 2289 τοῦ
3154 2240 3277 2289 ναοῦ
3307 2231 3530 2313 ἐσχίσθη
3560 2234 3632 2295 εἰς
3661 2229 3772 2307 δύο,

2133 2323 2237 2378 ἀπὸ
2295 2322 2488 2380 ἂνωθεν
2545 2321 2643 2386 ἕως
2697 2324 2864 2386 κάτω,
2927 2321 3071 2380 ἰδὼν
3124 2320 3178 2377 δὲ
3211 2324 3237 2377 6
3268 2321 3545 2400 κεντυρίων
3575 2324 3602 2377 6
3632 2343 3772 2400 παρ-

2132 2413 2371 2479 έστηκὼς
2429 2412 2480 2478 ἐξ
2537 2413 2772 2476 ἐναντίας
2831 2415 2987 2470 αὒτοῦ
3035 2413 3114 2468 ὅτι
3145 2409 3474 2488 οὕτωκράξας
3525 2409 3771 2475 ἐξέπνευ-

2127 2523 2240 2573 σεν,
2301 2503 2477 2558 εἶπεν·
2542 2500 2784 2568 Ἀληθῶς
2807 2505 2834 2558 6
2865 2501 3133 2580 ἅνθρωπος
3167 2503 3316 2564 οὗτος
3353 2503 3468 2562 Υἱὸς
3501 2501 3566 2567 ἦν
3617 2507 3766 2561 Θεοῦ.

2126 2581 2290 2648 Ἠσαν
2348 2592 2400 2649 δὲ
2461 2602 2548 2651 καί
2605 2609 2856 2672 γυναῖκες
2916 2594 3021 2649 ἀπὸ
3053 2593 3313 2672 μακρόθεν
3355 2595 3664 2670 θεωροῦσαι,
3717 2593 3770 2648 ἐν

2126 2686 2214 2747 αἷς
2271 2683 2335 2750 ἦν
2396 2685 2565 2762 Μαρία
2622 2686 2655 2752 ἡ
2715 2682 3064 2763 Μαγδαληνὴ,
3095 2685 3183 2739 καὶ
3217 2683 3385 2756 Μαρία
3431 2685 3466 2750 ἡ
3521 2679 3772 2738 Ἰακώϐου

2126 2778 2217 2827 τοῦ
2259 2772 2469 2851 μικροῦ,
2537 2774 2623 2828 καὶ
2695 2772 2854 2840 Ἰωσῆ
2883 2774 3085 2849 μήτηρ,
3121 2772 3205 2826 ιιΖῖ
3239 2770 3500 2847 Σαλώμη.
3549 2771 3616 2827 Αἵ
3677 2774 3764 2826 καὶ

2124 2859 2210 2916 ὅτε
2277 2860 2342 2928 ἧν
2412 2861 2466 2917 ἐν
2496 2867 2566 2939 τῇ
2594 2860 2872 2936 Γαλιλαίᾳ,
2903 2860 3221 2928 ἠκολούθουν
3262 2865 3424 2934 αὐτῷ,
3458 2861 3544 2936 καὶ
3579 2859 3770 2926 διηκό-

2123 2972 2242 3006 νουν
2305 2953 2469 3026 αὖτῷ.
2532 2953 2619 3007 καὶ
2671 2948 2827 3006 ἄλλαι
2887 2949 3101 3026 πολλαὶ,
3154 2951 3206 3007 αἶ
3251 2947 3601 3006 συναναϐᾶσαι
3632 2951 3771 3025 αῦτῷ

391 3045 540 3099 cum
575 3038 812 3100 fuerant
857 3039 1049 3122 illum,
1085 3051 1141 3102 et
1173 3043 1652 3106 ministraverant
1685 3045 1764 3122 ei,
1793 3046 2038 3127 aliaeque

2125 3041 2193 3102 εἰς
2258 3031 2616 3120 ιιεροσόλυμα..
2701 3065 2724 3094 ι
2793 3037 3051 3119 Ἐσχίσθη
3107 3041 3168 3095 τὸ
3228 3038 3635 3120 καταπέτασμα,
3667 3036 3769 3106 δη·-

390 3127 730 3206 complures
752 3147 882 3210 qua;
904 3129 1082 3192 simul
1104 3132 1640 3194 ascenderantcum
1669 3153 1737 3196 eo
1764 3134 2042 3197 Hieroso-

387 3216 665 3296 lymam.»
702 3215 962 3280 Scissum
997 3227 1078 3280 est
1113 3221 1448 3301 velum,per
1476 3223 1589 3286 hoc
1622 3224 2039 3288 manifestante

389 3303 508 3395 [)eo
539 3325 653 3385 quo
684 3307 867 3385 gratia
917 3309 1172 3387 Spiritus
1202 3334 1233 3370 e
1265 3312 1484 3390 templo
1531 3315 1742 3393 evolet,
1777 3323 1835 3374 et
1881 3317 2035 3395 quod

389 3392 604 3456 Sancta
626 3404 962 3458 sanctorum
996 3399 1274 3460 omnibus
1321 3402 1642 3482 conspicua
1695 3412 1752 3463 et
1802 3392 2039 3465 accessa

364 3483 573 3545 lieni:
611 3486 763 3564 quod
802 3494 858 3546 et
892 3487 1109 3549 factum
1165 3497 1274 3560 est,
1311 3491 1594 3552 Romanis
1645 3492 1955 3571 ingressis;
1991 3496 2049 3554 et

386 3572 540 3652 quod
601 3575 797 3653 lugeat
853 3576 1027 3636 etiam
1083 3579 1366 3658 templum
1405 3597 1418 3641 :
1450 3599 1584 3641 nam
1614 3582 1768 3661 quod
1804 3583 1863 3642 in
1898 3584 2050 3644 cala-

388 3662 902 3726 mitatibuslacere
934 3666 1128 3727 solent
1173 3667 1385 3736 Judaei,
1425 3687 1558 3730 cum
1596 3679 1785 3731 vestes
1815 3671 2043 3732 dilace-

383 3761 540 3833 rant,
577 3753 686 3814 hoc
710 3763 766 3814 et
798 3756 1081 3834 templum
1117 3759 1281 3836 quasi
1336 3760 1662 3820 animatum
1689 3770 1868 3833 esset,
1898 3761 2038 3821 fecit

385 3844 752 3922 compatiens
785 3845 1087 3906 Conditori
1119 3865 1226 3907 suo
1260 3847 1532 3927 patienti,
1569 3857 1624 3908 et
1655 3858 1851 3909 vestes
1899 3868 2036 3910 suas

383 3930 784 4012 disrumpens:
817 3935 1050 3994 t-taliud
1083 3935 1359 4014 quiddam
1390 3937 1447 3996 in
1475 3937 1586 3998 hoc
1609 3939 2032 4000 manifestatur.

386 4021 531 4082 Caro
563 4021 690 4101 ipsa
725 4024 1126 4085 velamentum
1164 4034 1250 4085 est
1288 4026 1469 4086 nostri
1504 4027 1728 4105 templi,
1763 4029 1875 4088 hoc
1921 4039 2031 4108 est,

387 4110 623 4170 mentis.
679 4113 884 4192 Itaque
911 4112 1098 4174 virtus
1129 4132 1304 4193 quam
1348 4115 1551 4176 habuit
1580 4135 1716 4176 caro
1757 4117 2038 4178 adversus

384 4199 680 4280 spiritum,
717 4201 1096 4280 passionibus
1128 4204 1346 4266 Christi
1373 4205 1658 4267 dissoluta
1691 4215 1798 4278 est,
1824 4227 1855 4267 a
1877 4226 2038 4267 sum-

388 4308 481 4348 mo
516 4308 706 4370 usque
732 4291 1033 4371 deorsum,
1070 4293 1181 4354 hoc
1215 4303 1322 4366 est,
1383 4293 1456 4355 ab
1514 4295 1697 4356 Adam
1749 4297 2034 4377 usquead

2121 3125 2335 3192 λοῦντος
2406 3136 2496 3185 τοῦ
2547 3135 2701 3202 Θεοῦ,
2762 3127 2843 3185 ὅτι
2899 3133 2933 3196 ἡ
2994 3127 3155 3208 χάρις
3187 3134 3278 3208 τοῦ
3319 3127 3625 3202 Πνεύματος
3658 3127 3768 3183 ὰπ-

2123 3215 2250 3284 ἐστη
2308 3217 2414 3274 ἀπὸ
2471 3220 2565 3274 τοῦ
2647 3225 2794 3292 ναοῦ,
2854 3221 2941 3275 καὶ
2971 3217 3057 3274 ὅτι
3127 3217 3195 3273 τὰ
3227 3207 3407 3294 ’Ἅγια
3452 3217 3556 3272 τῶν
3606 3216 3767 3294 ἁγίων

2121 3311 2250 3360 πᾶσι
2319 3308 2479 3364 θεατὰ
2529 3308 2618 3363 καὶ
2671 3308 2873 3383 βάσιμα
2929 3307 3378 3376 καταστήσονται·
3453 3304 3481 3359 ὅ
3525 3305 3614 3360 καὶ
3670 3303 3768 3382 γέ-

2134 3415 2277 3470 γονε,
2353 3399 2458 3451 τῶν
2519 3386 2790 3472 ιΡωμαίων
2845 3394 3203 3452 εἰσελθόντων
3276 3395 3364 3450 καὶ
3443 3393 3526 3449 ὅτι
3586 3397 3768 3450 πενθεῖ

2131 3484 2217 3540 καὶ
2274 3486 2302 3540 6
2358 3486 2506 3548 ναός.
2578 3484 2748 3565 ’Ὅπερ
2819 3486 2917 3563 γὰρ
2947 3486 3186 3541 εἰώθασιν
3241 3481 3487 3540 Ἰουδαῖοι
3535 3482 3589 3538 ἐν
3645 3496 3768 3548 ταῖς

2131 3575 2430 3653 συμφοραῖς
2488 3591 2693 3646 ποιεῖν,
2753 3575 2843 3630 καὶ
2909 3571 3276 3652 διαῤῥηγνύναι
3332 3574 3453 3635 τοὺς
3503 3579 3764 3652 χιτῶνας,

2127 3669 2280 3718 τοῦτο
2336 3666 2421 3720 καὶ
2505 3666 2532 3720 6
2591 3666 2737 3736 ναὸς,
2798 3665 2989 3720 ὡσανεὶ
3037 3663 3301 3742 ἔμψυχος,
3347 3660 3631 3727 ἐνεδείξατο
3681 3663 3766 3718 ἐπι

2118 3757 2194 3826 τῷ
2262 3754 2456 3830 Κτίοτῃ
2507 3755 2794 3832 πάσχοντι,
2862 3756 2921 3810 τὸ
2967 3753 3151 3812 ἑαυτοῦ
3215 3751 3422 3828 ἱμάτιον
3467 3749 3758 3829 ὃιαρῥήξας·

2118 3845 2205 3899 καὶ
2263 3843 2392 3899 ἄλλο
2449 3843 2502 3900 δὲ
2574 3869 2623 3901 τι
2682 3844 2742 3902 ἐκ
2794 3847 2979 3902 τούτου
3037 3844 3313 3912 δηλοῦται.
3371 3835 3433 3900 Ἠ
3465 3842 3589 3921 σὰρξ
3632 3842 3764 3909 αὕτη

2118 3933 2508 4009 καταπέτασμα
2571 3934 2682 3990 ἐστι
2755 3942 2846 3991 τοῦ
2899 3933 3154 4014 ἡμετέρου
3186 3941 3332 4013 ναοῦ,
3379 3932 3642 4006 τουτέστι,
3676 3939 3768 3987 τοῦ

2120 4025 2260 4086 νοός⁶
2325 4026 2355 4091 ἡ
2414 4035 2537 4101 γοῦν
2610 4025 2704 4092 τῆς
2765 4026 2953 4103 σαρκὸς
2984 4022 3223 4099 δύναμις,
3259 4023 3326 4091 ἣν
3353 4023 3481 4102 εἶχε
3510 4023 3646 4080 κατὰ
3674 4028 3766 4078 τοῦ

2127 4117 2435 4188 πνευματος,
2509 4112 2754 4192 διερρσίγη
2813 4114 2930 4177 τοῖς
2986 4114 3172 4170 πάθεσι
3226 4120 3319 4170 τοῦ
3366 4114 3612 4191 Χριστοῦ,
3659 4112 3765 4167 ἀπὸ

2122 4201 2315 4258 ἄνωθεν
2371 4202 2471 4266 ἕως
2543 4207 2709 4278 κάτω,
2770 4203 3059 4278 τουτέστιν,
3120 4204 3226 4260 ἀπὸ
3295 4200 3465 4278 Ἀδὰμ
3521 4202 3622 4266 ἓως
3678 4202 3766 4256 καὶ

2121 4298 2225 4346 τῶν
2283 4291 2594 4349 τελευταίων
2651 4293 2959 4371 ἀνθρώπων.
3039 4295 3136 4351 Καὶ
3166 4292 3264 4372 γὰρ
3335 4295 3362 4348 6
3395 4291 3566 4366 Ἀδὰμ
3601 4291 3762 4367 ἡγία-

386 4378 736 4440 ιιονίεεὶηιοε
788 4380 1093 4441 homines.
1152 4383 1385 4443 Etenim
1451 4385 1635 4446 Adam
1679 4387 2037 4447 sanrtilicato

2125 4402 2240 4436 σται
2300 4396 2418 4444 τοῖς
2477 4385 2662 4439 πάθεσι
2715 4393 2804 4441 τοῦ
2861 4390 3108 4461 Χριστοῦ,
3168 4385 3256 4438 καὶ
3285 4381 3382 4438 οὒκ
3451 4381 3590 4448 ἒτιὴ
3641 4377 3765 4456 σὰρξ

385 4468 762 4548 passionibus
797 4470 1165 4545 Christi,non
1193 4473 1340 4533 ultra
1365 4493 1497 4534 caro
1537 4475 1695 4536 illius
1726 4475 2042 4536 maledicta

383 4557 720 4639 erit,neque
745 4560 1109 4637 corruptioni
1143 4561 1531 4636 obnoxia,st
1566 4565 2037 4644 incorruptibili-

382 4655 501 4708 tate
531 4647 804 4708 honorati
836 4667 1042 4708 sumus
1095 4669 1327 4714 omnes.
1365 4656 1548 4716 Porro
1599 4655 1890 4726 centurio,
1927 4656 2046 4715 hoc

382 4746 494 4816 est,
527 4738 625 4818 qui
667 4747 933 4798 sanctum
964 4749 1233 4818 praeerat,
1265 4742 1468 4804 videns
1499 4744 1655 4824 quod
1689 4754 1804 4804 tam
1833 4754 2037 4823 poten-

381 4835 576 4888 tenter
601 4842 657 4887 et
692 4827 844 4889 sicut
878 4827 1163 4888 Dominus
1199 4835 1402 4894 mortis
1429 4835 1808 4913 exspirasset,
1842 4832 2035 4894 admi-

384 4925 545 4979 ratus
576 4925 750 4978 estet
783 4917 1114 4978 confessus.
1155 4917 1296 4983 Vide
1327 4931 1521 4983 autem
1568 4923 1838 4982 ordinem
1889 4942 2032 4983 con-

381 5023 638 5068 versum.
679 5004 868 5068 Judaei
925 5007 1314 5084 interﬁciunt,
1374 5012 1609 5089 gentilis
1667 5015 2030 5073 conlitetur:

379 5095 652 5175 discipuli
703 5093 951 5173 fugiunt,
991 5098 1274 5160 mulieres
1323 5111 1583 5162 manent.
1631 5100 1812 5163 Erant
1844 5102 2026 5175 enim,

383 5183 592 5264 inquit,
627 5183 706 5245 ibi
738 5194 796 5245 et
827 5185 1129 5258 mulieres,
1164 5188 1322 5250 inter
1350 5210 1500 5270 quas
1552 5192 1736 5254 Maria
1786 5191 2031 5270 Magda-

383 5273 538 5346 lene,
572 5281 635 5333 et
661 5272 843 5335 Maria
884 5273 1090 5336 Jacobi
1155 5288 1212 5338 et
1265 5281 1403 5341 Jose
1437 5289 1646 5354 mater,
1670 5280 1742 5343 Et
1772 5281 1895 5342 haec
1925 5279 2030 5341 Dei

381 5360 642 5426 Geuitrix
675 5370 823 5439 erat,
848 5382 978 5444 quae
1008 5375 1305 5445 quatenus
1356 5366 1616 5450 Josepho
1675 5370 2031 5449 desponsata

381 5451 712 5524 fuit,mater
743 5461 870 5513 erat
904 5461 960 5514 et
983 5455 1239 5516 ﬁliorum
1265 5457 1692 5539 Josepb,cujus
1721 5459 1832 5522 ﬁlii
1864 5463 2031 5520 fuere

377 5541 632 5604 Jacebus
659 5549 716 5602 et
742 5539 934 5605 Joses.
992 5543 1216 5608 Dicitur
1265 5547 1476 5610 horum
1532 5564 1743 5632 mater,
1777 5552 1890 5612 hoc
1918 5561 2027 5621 est,

379 5648 671 5698 noverca:
705 5630 857 5692 sicut
895 5641 953 5695 et
977 5636 1200 5718 Ioseph
1229 5655 1379 5700 uxor
1407 5630 1737 5723 dicebatur,
1774 5642 1886 5703 hoc
1917 5650 2026 5719 est,

2125 4470 2323 4528 ἐκείνου
2378 4472 2760 4551 ἐπικατάρατος
2829 4470 2996 4552 ἔσται,
3085 4470 3202 4528 οῦδὲ
3283 4475 3446 4552 φθορᾷ
3545 4468 3760 4550 ἔνοχος,

2122 4559 2241 4614 ἀλλ’
2323 4562 2578 4642 ὀιόθαρσίᾳ
2663 4561 2988 4637 ἐτιμὴθημεν
3084 4561 3332 4625 ἅπαντες.
3424 4559 3568 4618 Ἰδὼν
3625 4559 3680 4615 δὲ
3736 4561 3766 4614 6

2123 4653 2421 4729 κεντυρίων,
2487 4652 2777 4729 τουτέστιν,
2838 4653 2865 4707 6
2921 4652 3312 4731 ἑκατόνταρχος
3374 4649 3623 4730 (κέντουμ
3665 4649 3766 4727 γὰρ

2120 4738 2370 4818 λέγουσιν
2420 4743 2466 4796 οἱ
2527 4732 2784 4816 Ῥωμαῖοι
2853 4743 2914 4798 τὸ
2973 4742 3178 4813 ἑκατόν)
3223 4741 3302 4797 ὅτι
3378 4741 3516 4798 οὕτω
3565 4737 3764 4796 δεσπο-

2119 4835 2280 4894 τικςὺς
2339 4829 2660 4904 ἐξέπνευσεν,
2715 4830 2974 4907 ἐθαύμασε
3043 4833 3130 4887 καὶ
3188 4829 3564 4909 ὡμολόγησεν,
3620 4819 3764 4908 ’Ὅρα

2119 4919 2172 4975 δὲ
2244 4920 2331 4978 καὶ
2382 4921 2480 4987 τὴν
2532 4920 2673 4984 τάξιν
2724 4920 3188 5000 ἀντιστραφεϊσαν·
3252 4923 3300 4976 οἱ
3331 4917 3574 4979 Ἰουδαῖοι
3597 4923 3763 4976 θανα-

2115 5016 2313 5088 τοῦσιν,
2369 5011 2396 5065 6
2463 5012 2666 5074 ἓθνικὸς
2695 5007 2976 5090 ὁμολογεῖ·
3016 5013 3064 5068 οἱ
3097 5011 3328 5087 μαθηταὶ
3375 5010 3677 5091 φεύγουσιν,
3714 5011 3765 5065 αἱ

2115 5111 2361 5177 γυναῖκες
2447 5101 2861 5180 παραμένωσιν,
2946 5109 3091 5159 Ησαν
3147 5103 3269 5180 γὰρ,
3316 5101 3469 5179 φησὶ,
3531 5099 3619 5155 καὶ
3671 5120 3768 5177 γυοτ

2114 5202 2321 5263 ναῖκες,
2397 5193 2452 5245 ἓν
2510 5192 2602 5256 αἷς
2655 5192 2721 5260 ἦν
2754 5196 2925 5273 Μαρία
2965 5194 3000 5260 ἡ
3036 5189 3390 5268 Μαγδαληνὴ,
3451 5190 3540 5244 καὶ
3595 5189 3764 5266 Μαρία

2114 5281 2147 5346 ἡ
2197 5277 2474 5360 Ἰακώϐου,
2541 5283 2629 5338 καὶ
2672 5281 2828 5350 ἰωσῆ
2857 5282 3060 5362 μὴτσιρ⁶
3110 5281 3242 5347 αὕτη
3292 5277 3371 5353 δὲ,
3416 5281 3450 5346 ἠ
3507 5279 3765 5340 Θεοτόκος

2113 5369 2202 5441 ἦν,
2260 5367 2380 5436 ἥτις
2437 5370 2553 5426 καθ’
2633 5370 2660 5427 6'
2737 5372 3070 5446 ἐμνηστεύθη
3143 5377 3218 5445 τῷ
3299 5368 3524 5450 Ἰωσὴφ,
3585 5366 3767 5446 μὴτηρ

2115 5457 2286 5513 at"):th
2359 5459 2447 5526 ἧν·
2509 5468 2602 5516 τοῦ
2658 5458 2712 5516 δὲ
2744 5461 2945 5540 Ἰωσὴφ
2974 5457 3163 5524 παῖδες
3193 5459 3354 5534 ἦσαν,
3387 5454 3636 5521 Ἰάκωϐος
3679 5465 3768 5520 καὶ

2115 5542 2333 5610 Ἰωσῆς.
2388 5545 2606 5623 Λέγεται
2664 5548 2836 5605 τοίνυν
2926 5550 3107 5626 μήτηρ
3191 5547 3386 5620 αὐτῶν,
3460 5545 3578 5601 ἀντὶ
3647 5555 3766 5623 τοῦ,-

2115 5635 2365 5713 μητρυιά’
2453 5636 2632 5712 ὥσπερ
2688 5640 2922 5702 καὶτοῦ
2965 5638 3164 5718 Ἰωσὴφ
3195 5637 3406 5717 ἐλέγετο
3436 5636 3596 5714 γυνὴ,
3655 5636 3767 5693 ἀντὶ
