4162 6228
389 327 512 393 673

389 485 479 519 του

388 510 698 614 Ζειτέέδαῧυ.⁵
722 510 818 611 καὶ
873 550 1031 608 ἄλλαι
1102 510 1200 607 8‘:
1217 510 1436 612 πολλαί.
1473 510 1714 628 Τιῖῗνιγὰρ
1761 547 2033 625 ἐπισημο-

383 641 548 719 τέρων
575 642 826 716 ὀνομαστὶ
858 640 1274 718 ἐμνημόνευσεν.

1146 327 1592 395 ENARRATIO
1636 330 1718 392 IN
1761 315 2274 392 EVANGELIUM
2318 323 2576 387 MARCI.
2629 358 2698 370 --
2746 327 2910 388 CAP.
2958 319 3066 389 XV

591 464 826 539 μνηστή.
887 453 948 520 Ἠ
1000 460 1238 537 Σαλώμη
1268 459 1349 536 δὲ,
1371 459 1443 528 ἧν
1468 461 1502 528 ἡ
1537 460 1716 538 μήτηρ
1766 459 1872 516 τῶν
1904 457 2008 516 Υἱῶ

2095 473 2362 534 .εροηεει.
2399 455 2632 519 Salome
2661 467 2856 520 autem
2890 469 3016 521 erat
3066 468 3252 520 mater
3282 459 3535 521 ﬁliorum
3569 459 3760 522 Zebe-

3645 323 3762 388 674

2118 543 2250 607 diei.
2283 545 2366 606 Et
2397 546 2537 608 aliae
2569 567 2801 628 quoque
2831 549 3058 620 mullos,
3097 551 3337 612 nomina
3388 551 3546 611 enim
3597 553 3759 613 cele-

2117 631 2378 694 briorum
2409 643 2630 696 tantum
2659 639 3164 702 commemoravit.

472 754 498 783 σ
562 732 660 788 Καὶ
731 729 833 798 ἤδη
865 731 1020 806 ὀψίας
1064 728 1381 808 γενομένης,
1431 726 1544 784 ἐπεὶ
1602 726 2029 804 ἧνΠαρασκευὴ,
2123 791 2128 797 ⁴

380 819 410 874 ὅ
479 820 591 876 ἐστι
651 818 1042 900 προσάϐϐατον,
1103 819 1262 888 ἦλθεν
1324 817 1524 897 Ἰωσὴφ
1579 819 1606 872 ὸ
1664 818 1769 872 ἀπὸ
1800 814 2030 890 Ἀριμα-

376 910 524 973 θαίας
598 909 894 990 εῦσχήμων
962 909 1270 986 βουλευτὴς,
1347 909 1404 969 ὃς
1461 909 1547 962 καὶ
1576 905 1734 968 αῦτος
1765 906 1829 973 ἦν
1860 928 2032 983 προσ-

375 996 671 1079 δεχόμενος
755 1000 854 1067 τὴν
931 997 1202 1076 βασιλείαν
1305 1004 1400 1054 τοῦ
1516 998 1668 1053 Θεοῦ·
1758 993 2032 1070 τολμήσας

375 1087 584 1154 εἰσῆλθε
643 1090 775 1167 πρὸς
841 1087 1094 1160 Πιλάτον,
1157 1089 1241 1144 καὶ
1316 1087 1555 1164 ᾐτήσατο
1609 1087 1670 1140 τὸ
1730 1089 1885 1159 σῶμα
1941 1091 2032 1140 τοῦ

374 1175 572 1244 Ἰησοῦ.
637 1169 694 1234 Ὀ
759 1177 813 1232 δὲ
877 1176 1105 1242 Πιλᾶτος
1150 1176 1469 1252 ἐθαύμασεν,
1544 1177 1588 1230 εἰ
1645 1172 1751 1242 ἢδη
1783 1173 2023 1240 τέθνηκε·

370 1268 460 1322 καὶ
543 1265 1041 1346 προσκαλεσάμενος
1161 1267 1253 1322 τὸν
1351 1265 1692 1343 κενῖλρίωνα,
1810 1263 2027 1338 ἐπηρώ-

368 1377 530 1423 τησεν
583 1357 763 1436 αὖτὸν,
821 1358 864 1412 εἰ
918 1355 1083 1413 παλαι
1183 1356 1435 1414 ἀπέθανεο
1521 1357 1607 1410 καὶ
1694 1355 1848 1433 γνοὺς
1924 1355 2028 1408 ἀπὸ

366 1455 464 1504 τοῦ
520 1446 888 1526 κεντυρίωνος,
962 1443 1267 1522 ἐδωρήσατο
1338 1445 1401 1500 τὸ
1487 1447 1643 1520 σῶμα
1740 1449 1815 1516 τῷ
1899 1448 2024 1499 Ἰω-

366 1535 502 1614 σὴφ.
560 1535 657 1592 Καὶ
727 1535 994 1614 ἀγοράσας
1046 1533 1258 1591 σινδόνα
1357 1535 1444 1590 καὶ
1519 1531 1757 1590 καθελὼν
1843 1533 2018 1610 αὖτὸν,

365 1622 603 1690 ἐνείλησε
661 1629 729 1698 τῇ
785 1622 1009 1698 σινδόνι,
1069 1624 1155 1678 καὶ
1205 1621 1500 1689 κατέθηκεν
1572 1623 1728 1678 αὺτὸν
1775 1620 1826 1676 ἐν
1878 1644 1984 1688 μνη
2011 1653 2024 1664 ο

2197 809 2373 876 Vens.
2411 812 2614 877 42-47.
2653 840 2678 870 α
2717 814 2782 875 Ει
2842 835 2974 878 cum
3027 817 3150 896 jam
3201 819 3456 878 venisset
3490 837 3754 899 vespera,

2116 902 2393 980 quoniam
2445 913 2570 965 erat
2594 903 2912 965 Parasceve
2939 925 3066 985 qua:
3101 906 3377 984 przecedit
3409 905 3752 980 Sahhatum,

2116 991 2266 1050 venit
2299 991 2520 1073 Joseph
2541 1003 2702 1055 ortus
2729 1014 2794 1055 ex
2829 995 3065 1057 civitate
3092 996 3757 1070 Arimathzea,lionestus

2115 1083 2481 1162 senator,qui
2515 1093 2571 1144 et
2605 1085 2728 1164 ipse
2761 1094 2884 1144 erat
2917 1100 3270 1164 exspeCtans
3295 1105 3542 1164 regnum
3567 1087 3757 1161 l‘ei;et

2112 1179 2342 1249 sumpta
2366 1171 2611 1233 audacia
2654 1172 2956 1249 ingressus
2978 1183 3066 1234 est
3095 1175 3167 1234 ad
3203 1174 3471 1248 Pilatum,
3509 1183 3565 1234 et
3593 1175 3758 1254 petiit

2113 1276 2328 1338 corpus
2364 1261 2526 1321 ἔθευ.
2568 1263 2790 1323 Pilatus
2821 1275 3014 1324 autem
3067 1264 3394 1325 admiratus
3427 1273 3514 1323 est
3543 1265 3591 1323 si
3631 1264 3753 1344 jam

2113 1357 2378 1410 mort:.us
2400 1343 2655 1411 esset.Et
2677 1353 2962 1412 accersito
2985 1353 3054 1412 ad
3091 1371 3157 1414 se
3190 1355 3536 1414 centurione
3567 1343 3758 1413 inter:

2108 1441 2329 1514 rogavit
2359 1438 2630 1510 illum,an
2656 1441 3005 1519 jamdudum
3045 1449 3308 1502 mortuus
3341 1441 3646 1505 fuisset.Et
3669 1462 3759 1504 re-

2111 1526 2347 1603 Cognita
2381 1547 2448 1588 ex
2471 1531 3090 1601 centurione,(lonavit
3123 1549 3340 1610 corpus
3371 1531 3480 1611 ipsi
3509 1530 3754 1612 Joseph.

2111 1615 2183 1675 Et
2214 1617 2262 1676 is
2295 1626 2592 1677 mercatus
2622 1617 2960 1693 sindonem,
2987 1619 3317 1695 depositum
3352 1638 3486 1680 eum
3521 1622 3758 1682 involvit

364 1715 523 1786 μείῳ,
595 1713 623 1768 ὃ
691 1711 756 1778 ἧν
829 1710 1271 1786 λελατομημένον
1342 1711 1403 1767 ἐκ
1451 1709 1671 1789 πέτραςο
1729 1711 1818 1768 καὶ
1848 1732 2010 1799 προσ-

2108 1704 2368 1776 sindoni,
2394 1707 2778 1787 repusuitque
2802 1707 2860 1766 in
2888 1716 3273 1768 monumento
3306 1710 3462 1787 quod
3497 1719 3623 1770 erat
3649 1729 3754 1769 ex-

364 1800 573 1857 εκύλισε
623 1799 767 1858 λίθον
821 1800 905 1858 ἐπὶ
965 1801 1064 1868 τὴν
1121 1801 1276 1880 θὺραν
1327 1809 1420 1858 τοῦ
1499 1799 1786 1874 μνημείου.
1848 1789 1910 1855 Ἠ
1961 1797 2010 1854 δὲ

2105 1794 2291 1854 cisum
2322 1814 2353 1854 ο
2388 1804 2549 1874 petra
2582 1813 2595 1857 :
2633 1796 2924 1858 etavolvit
2969 1796 3218 1876 lapidem
3269 1798 3338 1857 ad
3383 1798 3596 1858 ostium
3633 1817 3754 1860 mo-

366 1890 539 1968 Μαρία
593 1891 628 1957 in
687 1889 1016 1969 Μαγδαληνὴ
1077 1891 1164 1946 καὶ
1222 1890 1394 1968 Μαρία
1463 1891 1498 1958 ἡ
1533 1886 1717 1968 Ἰωσῆ,
1764 1888 2014 1968 ἐθεώρουν

365 1978 469 2036 ποῦ
527 1979 742 2037 τίθεται.
803 2002 826 2036 ι
893 1969 950 2037 Ὀ
1005 1979 1262 2057 μακάριος
1321 1977 1546 2057 Ἰωσὴφ,
1603 1977 1681 2034 in
1742 1984 1820 2052 τῷ
1867 1977 2015 2052 νόμῳ

363 2066 646 2144 δουλεύων,
699 2069 790 2126 καὶ
845 2069 936 2125 τὸν
1007 2069 1231 2148 Χριστὸν
1305 2069 1434 2124 Θεὸν
1493 2066 1724 2145 ἐπέγνω,
1787 2065 1867 2122 διὸ
1928 2067 2016 2122 καὶ

363 2156 538 2232 τολμᾷ
595 2156 800 2234 τόλμαν
869 2157 1175 2225 ἐπαινετὴνο
1238 2159 1343 2239 οὐχ
1369 2155 1723 2234 ὑπελογίσατο
1777 2156 1899 2236 γὰρ,
1933 2155 2013 2212 ὅτι

365 2245 626 2310 Πλούσιός
699 2248 832 2324 εἶμι,
886 2249 974 2305 καὶ
1055 2250 1386 2323 ὶκπεσοὺμαι
1464 2253 1558 2304 τοῦ
1614 2243 1865 2318 πλούτου,
1925 2244 2012 2302 ἐὰν

365 2336 668 2411 αἰτήσωμαι
725 2339 787 2394 τὸ
837 2339 996 2414 σῶμα
1049 2343 1142 2395 τοῦ
1198 2335 1282 2392 ἐπὶ
1340 2333 1599 2416 τυραννίδι
1666 2332 2011 2414 κατακριθέν-

364 2446 482 2504 τος,
539 2427 627 2481 καὶ
679 2423 1105 2502 διαϐληθήσομαι
1159 2439 1280 2491 τοῖς
1330 2411 1630 2489 ’τιουδαίοιςο
1681 2422 1828 2480 οῦδὲν
1883 2424 2012 2480 τού-

363 2503 475 2572 των
529 2517 651 2570 εἶπε
723 2503 842 2572 καθ’
885 2516 1094 2574 ἑαυτόν·
1167 2513 1304 2572 ἀλλὰ
1363 2514 1535 2572 πάντα
1579 2513 1791 2594 δεύτερα
1862 2514 2010 2591 ἡγη-

365 2603 614 2677 σάμενος,
673 2605 914 2681 ᾐτήσατο
980 2602 1075 2660 ἵνα
1120 2605 1266 2682 θάψη
1311 2605 1372 2660 τὸ
1425 2611 1506 2660 τοῦ
1562 2601 2010 2682 κατακεκριμένον)

367 2698 546 2768 σῶμα.
621 2683 678 2750 Ὀ
735 2689 789 2748 δὲ
847 2692 1073 2760 Πιλᾶτος
1116 2692 1430 2768 ἐθαύμασεν,
1491 2694 1533 2748 εἷ
1581 2690 1687 2761 ἢδη
1733 2691 2005 2758 τέθνηκεν,

366 2779 572 2856 ἐνόμιζε
645 2783 744 2862 γὰρ
794 2786 950 2843 αὺτὸν
1019 2783 1104 2840 ἐπὶ
1159 2781 1294 2840 πολὺ
1352 2781 1600 2863 ἀνθέξειν,
1686 2783 1864 2860 ὥσπερ
1921 2783 2009 2839 καὶ

364 2871 484 2944 τοὺς
545 2869 770 2948 λῃστάς,
835 2871 1188 2951 Ἐπηρώτησε
1257 2869 1310 2928 δέ
1341 2872 1427 2928 καὶ
1470 2872 1561 2928 τὸν
1618 2871 1935 2948 κεντυρίωνα
1966 2873 2008 2926 εἰ

367 2958 530 3016 παλαι
601 2961 846 3040 ἀπέθανε,
903 2962 1194 3035 τουτέστιν,
1257 2961 1300 3016 εἰ
1370 2963 1471 3041 πρὸ
1513 2960 1654 3040 ὥρας
1726 2959 2004 3019 ὁπέθανεν.

2099 1884 2368 1945 numenti
2402 1884 2473 1944 At
2526 1886 2703 1947 Maria
2732 1885 3069 1964 Magdalene
3101 1893 3158 1946 et
3180 1887 3362 1948 Maria
3404 1886 3543 1949 Jose
3573 1907 3752 1968 spec-

2102 1970 2301 2032 tabant
2335 1971 2432 2032 ubi
2468 1983 2808 2052 poneretur.
2852 1999 2876 2028 n
2913 1975 3128 2036 Beatus
3163 1974 3386 2056 Joseph
3421 1975 3615 2038 adhuc
3638 1976 3751 2056 legi

2097 2061 2226 2121 261
2269 2063 2563 2137 serviens,
2620 2063 2916 2126 Christum
2967 2063 3151 2125 Deum
3205 2066 3463 2146 agnovit,
3509 2064 3645 2127 ideo
3695 2080 3754 2132 et

2099 2147 2404 2210 laudatum
2434 2150 2614 2212 audet
2667 2151 2916 2212 facinus.
2953 2151 3154 2232 Neque
3206 2153 3498 2231 cogitabat
3538 2152 3754 2216 :Dives

2097 2255 2254 2318 sum,
2288 2247 2345 2300 et
2377 2239 2608 2301 divitias
2659 2241 2932 2302 amittere
2973 2260 3213 2321 possum
3246 2262 3260 2304 :
3293 2243 3343 2303 si
3378 2242 3749 2320 postulavero

2097 2346 2315 2407 corpus
2345 2329 2477 2406 ejus
2509 2329 2612 2410 qui
2645 2339 2886 2411 propter
2915 2331 3281 2412 tyrannidem
3314 2332 3585 2394 affectam
3610 2352 3751 2394 con-

2096 2416 2412 2479 demnatus
2454 2426 2563 2492 est,
2596 2419 2920 2481 accusabor
2961 2439 2995 2481 a
3045 2420 3284 2482 Judaeis.
3314 2419 3476 2482 Nihil
3504 2422 3620 2484 tale
3645 2441 3748 2484 se-

2095 2505 2354 2588 dicebat,
2390 2508 2496 2569 sed
2529 2509 2729 2569 omnia
2761 2509 3122 2590 posthabens
3144 2517 3202 2571 et
3225 2511 3467 2572 minoris
3496 2511 3746 2588 faciens,

2097 2596 2299 2676 petivit
2325 2597 2684 2677 utsepeliret
2710 2598 3086 2659 condemnati
3119 2617 3360 2677 corpus.
3390 2599 3613 2661 Pilatus
3645 2620 3748 2662 ve-

2096 2703 2161 2746 ro
2216 2685 2537 2746 mirabatur
2581 2686 2737 2766 quod
2780 2687 3231 2765 jain'mortuus
3284 2697 3463 2748 esset.
3497 2689 3739 2752 Putabat

2093 2776 2252 2835 enim
2288 2775 2476 2855 ipsum
2509 2776 2611 2835 diu
2641 2775 2699 2834 in
2731 2793 2918 2854 agone
2950 2775 3328 2848 luctaturum,
3363 2777 3518 2837 sicut
3549 2787 3606 2838 et
3651 2779 3742 2840 la-

2095 2873 2317 2924 trones.
2375 2863 2702 2942 lnterrogat
2747 2881 2943 2924 autem
2994 2873 3051 2924 et
3080 2866 3519 2940 centurionem,
3554 2867 3603 2927 si
3637 2867 3741 2928 du-

2092 2953 2232 3020 dum
2262 2958 2529 3014 mortuus
2563 2965 2746 3031 esset,
2781 2951 2892 3012 hoc
2935 2963 3026 3014 est
3080 2965 3216 3013 ante
3250 2953 3455 3014 horam
3513 2953 3735 3036 Joseph

369 3038 426 3106 Ὀ
482 3047 662 3106 τοίνυν
693 3049 891 3128 Ἰωσὴφ
916 3047 1093 3106 λαϐὼν
1126 3051 1185 3106 τὸ
1217 3056 1395 3125 σῶμα,
1441 3049 1674 3129 ἠγόρασε
1704 3051 1799 3124 μὲν
1831 3049 2004 3106 σινδό-

2095 3042 2287 3122 itaque
2319 3049 2559 3120 acet-pto
2593 3059 2843 3120 corpore
2867 3050 3160 3102 mercatus
3191 3050 3281 3104 est
3309 3043 3649 3116 sindonem,
3680 3047 3740 3106 in

366 3161 448 3196 να.
515 3137 758 3196 Καθελὼν
817 3136 870 3194 δὲ
931 3141 1110 3213 αὑτὸν,
1173 3139 1408 3205 ἐνείλησε
1456 3144 1525 3214 τῇ
1583 3138 1800 3212 σινδόνι,
1834 3139 1894 3195 τὸ
1924 3137 2008 3193 τί·

365 3249 488 3300 μιον
557 3229 743 3302 τιμίως
807 3227 1151 3308 ἐνταφιάζων,
1213 3228 1466 3294 Μαθητης
1509 3229 1607 3306 γὰρ
1641 3230 1704 3294 ἦν
1735 3229 1822 3286 καὶ
1853 3228 2005 3290 αὖτός

363 3319 456 3370 τοῦ
522 3323 766 3395 Χριστοῦ,
835 3319 922 3372 καὶ
977 3315 1121 3380 ὅπως
1181 3315 1264 3373 δεῖ
1319 3324 1482 3394 τιμᾷν

1157 3406 1393 3463 τουτέστι
1452 3408 1667 3482 σεμνὸς,

1579 3319 1668 3373 τὸν
1732 3318 2006 3383 Δεσπότην

364 3402 536 3470 εἰδώς·
595 3408 678 3462 καὶ
755 3407 1068 3486 εὖσχήμων,
1157 3406 1393 3463 τουτέστι
1452 3408 1667 3482 σεμνὸς,
1754 3403 2002 3480 εῦλαὸὴς,

360 3493 659 3568 ἄμεμπτος.
726 3495 1018 3562 Βουλευτὴς
1073 3493 1128 3550 δὲ
1179 3495 1382 3570 ἀξίωμά
1435 3518 1482 3551 τι
1541 3498 1630 3576 ἦν,
1690 3494 1892 3570 μᾶλλον
1951 3496 2005 3551 δὲ

360 3581 718 3661 λειτούργημα
774 3585 860 3639 καὶ
927 3587 1083 3664 βάρος
1155 3583 1456 3658 πολιτικὸν,
1545 3586 1568 3639 ὅ
1655 3588 1700 3640 οἱ
1783 3584 2002 3665 ἔχοντες

359 3672 719 3749 ἠναγκάζοντο
759 3675 824 3730 τὰ
893 3675 990 3740 τῆς
1046 3674 1238 3753 ἆγορᾶς
1322 3674 1653 3731 ἐπισκοπεῖν
1717 3675 1805 3732 καὶ
1863 3674 2000 3731 πολ-

357 3761 476 3823 λοῖς
547 3761 800 3828 πολλάκις
857 3761 1087 3824 κίνδυνος
1145 3762 1368 3830 ἐπῆλθεν
1421 3764 1480 3821 ἐκ
1548 3766 1754 3838 τούτου,
1797 3762 1880 3820 διὰ
1909 3766 2006 3832 τὴν

355 3857 454 3918 τῆς
514 3851 708 3931 ἀγορᾶς
759 3852 1145 3931 κακοπραγίαν.
1226 3851 1590 3909 Ἀκουέτωσαν
1639 3857 1684 3909 οἱ
1737 3852 2002 3926 πλούσιοι,

355 3941 443 3996 καὶ
525 3938 802 4016 δημοσίοις
857 3940 1308 4022 ἐνασχολούμενοι
1368 3943 1697 4022 πράγμασιν,
1752 3941 1898 4006 ὅπως
1930 3952 2005 4018 τῷ

356 4029 556 4108 Ἰωσὴφ
611 4027 758 4085 οῦδὲν
805 4029 1076 4086 ἐνεπόδισε
1123 4032 1254 4109 πρὸς
1318 4031 1510 4110 ἀρετὴν
1552 4034 1613 4087 τὸ
1669 4031 2005 4108 βουλευτικὸν

354 4118 582 4194 ἀξίωμα,
637 4117 833 4199 Ἰωσὴφ
885 4117 940 4174 δὲ
1035 4121 1403 4199 ἑρμηνεύεται,
1494 4121 1790 4199 πρόσθεσις
1853 4121 2006 4200 Ἀρι-

355 4211 581 4282 μαθαϊος
636 4205 714 4282 δὲ,
775 4207 944 4287 αἴρων
1004 4209 1205 4272 ἐκεῖνο.
1268 4209 1480 4265 Γένοιτο
1534 4216 1622 4265 οῦν
1705 4211 1794 4265 καὶ
1865 4211 2007 4282 ἡμᾶς

351 4297 490 4353 κατὰ
540 4297 631 4353 τὸν
707 4295 906 4377 Ἰωσὴφ
981 4297 1242 4376 γενέσθαι,
1328 4297 1409 4352 ἀεί
1485 4300 1855 4377 προστιθεντας
1931 4304 2008 4372 τῷ

2089 3151 2203 3210 qua
2234 3130 2567 3210 depositum
2603 3129 2842 3190 involvit
2877 3151 2890 3192 :
2927 3139 2983 3190 et
3013 3131 3168 3211 quod
3213 3131 3438 3193 honore
3467 3133 3733 3212 dignum,

2090 3241 2225 3280 cum
2262 3221 2486 3280 honore
2519 3220 2806 3299 sepelivit.
2841 3221 2975 3282 Erat
3011 3221 3168 3281 enim
3217 3231 3272 3282 et
3315 3223 3438 3301 ipse
3471 3223 3736 3304 discipu-

2091 3311 2179 3368 lus
2201 3311 2566 3380 Jesn,sciens
2586 3309 2824 3386 dignum
2856 3314 3079 3370 honore
3106 3309 3511 3385 Dominum;et
3530 3315 3742 3375 hones-

2094 3405 2205 3473 tus,
2244 3399 2352 3457 hoc
2385 3399 3233 3478 est,pins,n'reprehensibilis;
3257 3408 3494 3461 senator
3514 3411 3734 3475 autem.

2090 3507 2219 3566 quae
2251 3488 2499 3564 dignitas
2525 3487 2792 3566 quwdam
2828 3497 2954 3547 erat
2982 3488 3062 3548 vel
3102 3490 3294 3568 potius
3341 3491 3733 3552 ministerium

2089 3593 2143 3635 et
2178 3597 2326 3633 unus
2357 3576 2528 3636 civile
2555 3595 2660 3655 per
2713 3578 2867 3655 quod
2922 3577 3280 3654 cogebantur
3312 3580 3622 3640 intendere
3651 3581 3738 3646 his

2086 3686 2216 3746 quae
2247 3668 2354 3726 t'ori
2388 3676 2577 3745 erant,
2609 3676 2664 3728 et
2697 3669 2879 3728 multa
2910 3688 3066 3745 saepe
3092 3668 3230 3727 inde
3263 3669 3734 3751 tu'iebnnturpe-

2091 3757 2279 3816 ricula
2321 3771 2564 3836 propfer
2602 3756 2712 3816 lori
2765 3759 3070 3819 malitiam.
3119 3759 3378 3818 Audiant
3425 3760 3653 3833 divites,
3682 3771 3738 3822 et.

2094 3845 2342 3924 publicis
2381 3845 2728 3905 muneribus
2771 3847 3102 3927 fungentes,
3135 3849 3434 3927 quomodo
3475 3847 3734 3928 Jusepho

2091 3933 2237 3995 nihil
2277 3934 2522 3993 obsistat
2555 3935 2625 3994 ad
2666 3935 2937 3996 \irtutem
2977 3937 3270 3997 senatoria
3321 3937 3593 4016 dignitas.
3626 3939 3732 3999 Jo-

2089 4024 2236 4103 seph
2276 4022 2650 4102 interpretari
2690 4043 3002 4104 possumus
3032 4035 3460 4103 augmentum:
3497 4028 3732 4088 Arima-

2093 4114 2276 4172 thteus
2296 4131 2458 4192 vero,
2497 4112 2708 4173 tollens
2740 4115 2868 4174 hoc.
2909 4116 3204 4177 Concedat
3234 4124 3425 4175 antl'm
3460 4115 3640 4196 Deus,
3675 4129 3736 4177 ut

2089 4201 2266 4262 etiam
2297 4219 2405 4261 nos
2438 4202 2588 4261 sicut
2608 4203 2827 4282 .loseph
2858 4203 2956 4263 ille
2982 4204 3192 4264 ﬁamus
3215 4222 3454 4282 semper
3482 4207 3734 4286 aucti,et

2089 4289 2441 4369 adjicientes
2479 4289 2537 4349 in
2581 4309 2754 4351 cursu
2810 4292 3066 4373 virtutis,
3098 4311 3165 4352 ac
3199 4293 3474 4353 tollentes
3505 4294 3635 4365 hoc,
3673 4295 3728 4354 id

353 4383 532 4462 δρόμῳ
599 4391 696 4453 τῆς
753 4385 975 4466 ἀρετῆς,
1034 4387 1121 4442 καὶ
1177 4379 1426 4464 αἴροντας
1481 4385 1680 4462 ἐκεῖνο,
1737 4385 2002 4460 τουτέστι,

2095 4391 2200 4446 est.
2253 4379 2310 4439 id
2346 4379 2503 4458 quod
2567 4389 2654 4441 est
2707 4398 2844 4441 vere
2896 4380 3119 4442 bonum
3155 4400 3167 4444 :
3205 4383 3562 4463 accipiamus
3595 4403 3730 4445 vero

353 4474 416 4529 τὸ
483 4470 648 4536 ὅντως
699 4473 916 4552 ἀγαθόν’
947 4472 1136 4531 λαϐεῖν
1191 4473 1246 4531 δὲ
1287 4475 1375 4530 καὶ
1404 4476 1466 4532 τὸ
1497 4482 1652 4551 σῶμα
1679 4483 1771 4534 τοῦ
1821 4474 1997 4542 Ἰησοῦ

352 4560 437 4618 διὰ
496 4567 596 4629 τῆς
654 4566 957 4644 κοινωθίας,
991 4565 1078 4622 καὶ
1111 4563 1427 4630 καταθέσθαι
1471 4572 1626 4636 τοῦτο
1667 4565 1721 4620 ἐν
1751 4567 1997 4642 μνημείῳ

354 4649 781 4732 λελατομημένῳ
838 4653 898 4716 ὲκ
967 4653 1188 4732 πέτρας,
1246 4651 1541 4727 τουτέστιν,
1603 4653 1660 4709 ἐν
1688 4661 1998 4731 μνημονικῇ

354 4744 509 4823 ψυχῇ
541 4729 655 4799 ’καὶ
708 4743 788 4819 μὴ
857 4729 1309 4818 ἐπιλανθανομένῃ
1380 4752 1471 4802 τοῦ
1529 4750 1684 4806 Θεοῦ.
1718 4729 1912 4801 "Ertio
1941 4729 1995 4799 δέ

353 4829 528 4898 ἐκείνη
585 4833 620 4899 η
677 4831 854 4914 ψυχὴ,
907 4831 967 4890 ἐκ
1008 4830 1201 4909 πέτρας
1232 4829 1668 4918 λελατομημένη,
1701 4834 1996 4913 τσυτέστιν,

356 4921 460 4976 ἀπὸ
534 4927 780 5000 Χριστοῦ,
841 4920 896 4986 ὅς
939 4920 1080 4976 ἐστιν
1137 4921 1172 4988 ἠ
1227 4919 1392 4999 πέτρα
1443 4919 1646 5002 ἔχουσα
1673 4923 1770 4991 τὴν
1799 4924 1996 4980 σύστα-

355 5025 458 5066 σιν⁸
501 5009 772 5077 ἐνειλῆσαι
828 5007 883 5065 δὲ
938 5011 1064 5066 αὐτὸ
1118 5007 1172 5064 ἐν
1227 5007 1422 5066 σινδόνι
1451 5011 1742 5082 τουτέστιν,
1771 5015 1829 5067 ιν
1885 5012 1998 5068 σώ-

355 5121 480 5174 ματι
538 5102 751 5179 καθαρῷ
805 5097 1044 5164 δέξασθαι
1116 5097 1264 5154 αὐτό⁶
1327 5095 1515 5155 σινδὼν
1545 5100 1644 5179 γὰρ
1673 5105 1771 5168 τῆς
1812 5104 1997 5182 ψυχῆς

355 5189 441 5244 καὶ
500 5191 620 5243 οἷον
675 5187 905 5262 ἱμάτιον,
959 5189 1021 5244 τὸ
1081 5193 1263 5262 σῶμα,
1334 5197 1428 5243 Δεῖ
1474 5187 1562 5244 οῦν
1621 5188 1698 5262 μὴ
1741 5187 1902 5264 μόνον
1944 5192 1998 5244 ἐν

355 5283 509 5357 ψυχῇ
579 5279 779 5355 καθαρᾷ
836 5273 1082 5355 δέχεσθαι
1141 5278 1201 5332 τὸ
1258 5279 1404 5332 θεῖον
1456 5275 1611 5350 σῶμα
1642 5283 1736 5332 τοῦ
1789 5278 1995 5355 Κυρίου,

353 5364 490 5422 ἀλλὰ
557 5367 646 5422 καὶ
703 5365 758 5421 ἐν
828 5366 1036 5440 σώματι
1111 5367 1354 5438 τοιούτῳ⁶
1429 5362 1654 5421 ἐνειλεῒν
1709 5362 1763 5421 δὲ
1819 5369 1998 5445 τοῦτο,

353 5454 614 5529 τουτέστι,
699 5453 1004 5534 συστρέφειν
1099 5455 1186 5509 καὶ
1265 5449 1589 5527 συστέλλειν,
1691 5452 1829 5510 ἀλλὰ
1922 5456 2000 5530 μὴ

359 5541 632 5607 ἐξαπλοῦνο
691 5545 754 5599 τὸ
839 5544 939 5621 γὰρ
1021 5543 1308 5619 μυστήριον
1387 5541 1806 5619 συνεσταλμένον
1893 5544 1999 5600 ἐστὶ

355 5633 441 5688 καὶ
472 5632 800 5712 ἀπόκρυφον,
834 5633 922 5689 καὶ
951 5633 1046 5689 οὒκ
1073 5629 1474 5707 ἐξηπλωμὲνον.
1947 5645 1953 5651 “

2086 4486 2298 4549 corpus
2325 4467 2465 4530 Jesu
2493 4486 2599 4547 per
2619 4470 3129 4547 communionem,
3167 4481 3224 4532 et
3267 4472 3627 4534 collocemus
3670 4474 3732 4535 in

2082 4565 2469 4620 monumento
2501 4557 2698 4618 exciso
2720 4577 2788 4620 ex
2821 4569 3009 4640 petra,
3035 4561 3146 4621 hoc
3169 4561 3345 4636 est,in
3376 4561 3573 4622 anima
3600 4581 3728 4624 me-

2086 4647 2257 4720 mori,
2293 4665 2424 4728 quae
2454 4648 2642 4709 Deum
2679 4666 2795 4709 non
2823 4649 3222 4712 obliviscatur.
3255 4649 3339 4711 Sit
3361 4659 3556 4712 autem
3591 4652 3727 4712 ani-

2087 4755 2181 4797 ma
2204 4735 2303 4798 illa
2333 4753 2400 4799 ex
2435 4743 2600 4816 petra
2634 4738 2849 4811 excisa,
2884 4737 2994 4799 hoc
3025 4748 3134 4812 est,
3169 4738 3472 4814 aChristo,
3498 4741 3595 4820 qui
3644 4749 3733 4802 est

2086 4836 2253 4906 petra
2276 4827 2335 4886 in
2357 4843 2472 4904 qua
2499 4826 2824 4887 consistere
2851 4826 3198 4906 poterimus.
3233 4829 3562 4890 lnvolvatur
3591 4848 3725 4890 vero

2083 4917 2142 4975 in
2169 4915 2441 4978 sindone.
2480 4918 2591 4978 hoc
2625 4918 2804 4994 est,in
2827 4938 3076 5000 corpore
3109 4921 3329 4981 mundo
3353 4921 3726 5002 suscipiatur.

2085 5003 2226 5066 Nam
2259 5006 2470 5066 sindon
2502 5006 2716 5068 animm
2747 5016 2836 5068 est
2865 5027 3080 5089 corpus
3106 5011 3272 5090 quasi
3304 5011 3502 5072 vestis.
3531 5013 3729 5092 Opor-

2087 5102 2168 5157 tet
2190 5095 2374 5176 igitur
2423 5115 2538 5155 non
2573 5096 2762 5156 solum
2792 5097 2852 5157 in
2884 5099 3081 5158 anima
3125 5117 3270 5178 pura
3300 5104 3603 5180 suscipere
3631 5102 3726 5161 di—
3820 5165 3824 5172 ,

2083 5185 2280 5244 vinum
2315 5204 2532 5264 corpus
2553 5185 2814 5260 Domini,
2849 5187 2950 5248 sed
3003 5189 3059 5247 in
3119 5206 3370 5268 corpore
3422 5209 3586 5268 puro.
3623 5190 3726 5251 ln-

2084 5273 2432 5334 volvendum
2465 5283 2663 5336 autem
2701 5283 2790 5336 est
2843 5275 2981 5356 hoc,
3009 5275 3064 5336 id
3111 5285 3222 5341 est.
3256 5280 3724 5340 contrahendum

2085 5371 2142 5424 et
2190 5363 2614 5424 continendum
2644 5373 2700 5424 et
2733 5365 3343 5446 uon-explanandnm.
3386 5369 3724 5448 Mysterium

2084 5453 2242 5514 enim
2272 5453 2328 5512 in
2365 5462 2664 5514 contracto
2697 5463 2786 5514 est
2816 5461 2874 5516 et
2923 5454 3242 5530 occultum,
3279 5465 3336 5517 et
3386 5477 3500 5518 non
3545 5459 3730 5523 cuivis

2084 5541 2501 5623 aperiendum.
