4162 6228
426 410 536 495 691

1393 421 1983 486 THEOPHYLACTI
2029 418 2439 484 ΒΠΕΟΑΒΙιΕ
2480 417 2834 484 ABCHIEP.

3685 418 3811 496 692

593 707 1521 840 EPMHNEIA
1624 708 1900 833 ΕΙΣ
2006 706 2066 831 Ἱ

2152 704 2232 831 Ι)
2343 701 2812 831 ΚΑΤΑ
2919 700 3637 832 ΛΟΥΚΑΝ

1790 975 2487 1062 ΕΥΑΓΓΕΛΙΟΝ

1007 1314 1736 1412 ΕΝΛΗΒΑΤΙΟ
1806 1307 1915 1403 IN
2009 1308 2066 1402 E

2152 1308 2807 1406 ’ANGELIUM
2891 1311 3240 1409 LUCzE

943 1644 1085 1707 289
1132 1640 1560 1708 PREFATIO.

514 1721 697 1789 Vens.
743 1724 875 1788 1-4.
928 1748 953 1777 ι
992 1724 1284 1797 Quoniam
1316 1721 1489 1784 multi
1536 1724 1901 1783 attentarunt
1930 1734 2079 1777 con-

435 1822 637 1875 texere
667 1812 1069 1875 narrationem
1115 1830 1317 1876 earum
1357 1829 1488 1893 quae
1520 1810 1675 1872 inter
1720 1825 1827 1870 nos
1878 1804 2080 1867 multis

430 1901 799 1980 argumentis
833 1901 1232 1983 comprobatae
1260 1909 1395 1963 sunt
1423 1918 1621 1963 rerum
1665 1896 1840 1960 sicuti
1890 1893 2077 1956 tradi-

431 1988 649 2051 derunt
673 1990 845 2053 nobis
875 1991 957 2064 hi,
992 1991 1092 2072 qui
1122 1990 1196 2052 ab
1230 1989 1399 2051 initio
1430 1989 1553 2051 suis
1571 1986 1758 2050 oculis
1781 1984 2078 2062 viderunt.

433 2086 493 2141 et
521 2079 783 2142 ministri
811 2080 1054 2142 fuerunt
1074 2078 1391 2156 sermonis,
1411 2078 1601 2139 visum
1633 2084 1723 2139 est
1752 2083 1810 2138 et
1840 2072 2079 2147 mihi,ut

433 2176 646 2229 cuncta
673 2167 746 2230 ab
772 2168 941 2231 initio
969 2168 1287 2247 diligenter
1316 2167 1718 2248 pervestigans
1739 2164 1949 2226 ordine
1972 2160 2077 2223 tibi

432 2255 715 2331 scribam,
749 2265 992 2318 strenue
1021 2256 1375 2336 Theophile,
1409 2275 1523 2337 quo
1553 2271 1838 2335 agnoscas
1868 2270 2076 2314 eorum

433 2342 652 2422 quibus
681 2346 1003 2407 instructus
1019 2364 1083 2407 es
1113 2363 1457 2408 sermonum
1479 2341 2033 2405 communitionem.
2050 2364 2071 2398 ιο

432 2430 545 2505 Qui
576 2432 819 2496 fuerunt
868 2434 1035 2495 muiti
1084 2434 1167 2495 illi
1215 2433 1316 2515 qui
1360 2430 1770 2495 attentarunt?
1814 2430 2081 2492 Pseudo-

432 2522 766 2604 apostoliM
776 2522 883 2584 ulti
903 2524 1062 2585 enim
1085 2533 1224 2586 tunc
1244 2522 1728 2603 conscripserunt
1742 2518 2078 2596 Evangelia,

432 2612 514 2674 uti
546 2622 636 2675 est
668 2612 824 2693 quod
861 2624 1073 2675 vocant
1109 2611 1490 2693 Evangelium
1527 2608 1852 2671 secundum
1893 2609 2077 2688 Egy-

436 2701 611 2781 ptios,
645 2710 702 2765 et
749 2703 906 2784 quod
940 2703 1284 2765 inscribitur
1325 2701 1705 2780 Evangelium
1752 2699 2078 2760 secundum

434 2789 771 2853 duodecim.
807 2790 981 2855 Tales
1010 2791 1210 2873 itaque
1238 2798 1608 2855 attentarunt
1638 2788 1940 2868 duntaxat,
1974 2790 2079 2851 sed

433 2896 553 2941 non
587 2880 986 2961 perfecerunt.
1022 2880 1168 2954 Quia
1199 2880 1355 2943 enim
1403 2878 1627 2960 absque
1667 2878 1863 2941 divina
1893 2879 2077 2959 gratia

432 2980 766 3051 coeperunt,
830 2979 1141 3053 propterea
1195 2988 1389 3052 neque
1445 2968 1847 3032 absolverunt.
1911 2969 2066 3033 Bene

2160 2977 2352 3057 ὀλίγοι,
2412 2980 2532 3036 οἷον
2568 2982 2595 3036 ὑ
2658 2984 2953 3050 Ματθαῒος,

432 3060 613 3142 igitur
640 3061 782 3125 dixit
812 3061 1021 3135 Lucas,
1047 3063 1214 3126 multi
1245 3062 1443 3125 conati
1467 3068 1605 3123 sunt
1636 3080 1650 3121 :
1699 3069 1757 3121 at
1787 3061 1978 3140 pauci,
2013 3073 2073 3125 ut

430 3150 739 3215 Mattheus
785 3160 843 3212 et
887 3154 1144 3226 Marcus,
1179 3172 1297 3214 non
1341 3160 1564 3213 tantum
1613 3157 2064 3227 altentaverunt,

431 3240 538 3302 sed
578 3247 635 3302 et
678 3240 1077 3321 perfecerunt.
1108 3243 1255 3305 Nam
1307 3240 1588 3321 Spiritum
1638 3240 1828 3301 sortiti
1873 3252 2063 3324 erant,

370 3338 377 3343 “
432 3329 532 3410 qui
562 3330 823 3409 perfecta
849 3340 1146 3412 operatur.
1176 3330 1292 3395 Res
1313 3330 1511 3393 multis
1529 3330 1891 3408 argumentis
1911 3350 2055 3391 com-

432 3418 708 3499 probatas
738 3419 905 3484 dixit.
941 3422 1062 3484 Res
1095 3422 1250 3483 enim
1303 3419 1523 3484 Christi
1575 3438 1689 3481 non
1724 3419 2078 3499 simpliciter

432 3515 493 3570 et
519 3507 929 3572 nudetradita:
970 3515 1138 3585 sunt,
1180 3510 1285 3573 sed
1323 3528 1461 3571 vera
1510 3517 1568 3571 et
1606 3508 1798 3570 solida
1840 3510 1979 3584 ﬁde,
2016 3524 2071 3576 et

432 3596 748 3659 multorum
763 3608 1252 3677 argumentorum
1269 3598 1733 3662 certitudine.Et
1749 3601 2045 3679 quomodo
2058 3650 2072 3674 ,

432 3684 551 3765 dic,
586 3687 761 3768 Luca,
797 3688 996 3750 multis
1040 3688 1403 3769 argumentis
1435 3686 1831 3767 comprobata)
1884 3691 2075 3754 sunt?

430 3771 597 3839 Sicut
618 3776 988 3840 tradiderunt
1009 3778 1179 3841 nobis
1201 3778 1285 3855 hi,
1306 3776 1408 3860 qui
1439 3776 1511 3838 ab
1540 3776 1709 3838 initio
1740 3777 1864 3839 suis
1885 3780 2071 3841 oculis

432 3864 738 3941 viderunt,
766 3873 826 3929 et
855 3866 1111 3931 ministri
1141 3868 1379 3931 fuerunt
1407 3864 1719 3929 sermonis.
1752 3864 1903 3929 Hinc
1936 3888 2065 3932 ma-

426 3954 707 4018 nifestum
737 3964 828 4017 est
856 3958 1073 4020 Lucam
1106 3956 1181 4019 ah
1229 3956 1395 4019 initio
1436 3975 1553 4017 non
1583 3956 1766 4019 fuisse
1796 3956 2065 4039 discipu-

424 4044 573 4124 lum,
606 4043 710 4107 sed
744 4044 1172 4126 posterioribus
1202 4044 1590 4127 temporibus.
1643 4046 1754 4108 Alii
1804 4048 1962 4109 enim
1994 4048 2066 4110 ab

420 4130 592 4195 initio
621 4132 978 4207 didicerant,
1015 4141 1078 4195 ut
1110 4136 1316 4198 Petrus
1339 4141 1398 4196 et
1426 4133 1532 4196 til’ii
1558 4133 1852 4210 Zcbedaei,
1884 4137 1985 4218 qui
2011 4147 2069 4200 et

422 4221 793 4285 tradiderunt
809 4223 1328 4305 huicquaacunque
1343 4223 1472 4305 ipse
1485 4242 1603 4285 non
1620 4224 2067 4308 viderat,neque

2102 1644 2136 1691 Α
2785 1643 3151 1697 ΠΡΟΟΙΜΙΟΝ
3164 1686 3177 1700 .

2251 1753 2277 1783 ι
2356 1728 2672 1809 Ἐπειδήπερ
2746 1729 2933 1788 πολλοὶ
3022 1731 3377 1812 ἐπεχείρησαν
3461 1729 3807 1795 ἀνατάξασθαι

2163 1815 2413 1895 διήγησιν
2467 1822 2586 1898 περὶ
2642 1819 2747 1876 τῶν
2804 1819 3368 1901 πεπληροφορημένων
3414 1820 3465 1877 ἐν
3514 1821 3650 1894 ἡμῖν
3679 1839 3809 1896 πρα-

2162 1908 2402 1983 γμάτων,
2458 1910 2632 1973 καθὼς
2702 1907 2995 1988 παρέδοσαν
3048 1912 3185 1985 ἡμῖν
3248 1913 3296 1965 οἱ
3341 1909 3433 1967 απ⁹
3484 1909 3659 1988 ἀρχῆς
3695 1908 3809 1961 αὑτ-

2162 1996 2320 2052 όπται
2407 1999 2495 2054 καὶ
2578 1998 2833 2076 ὑπηρέται
2920 1999 3195 2078 γενόμενοι
3255 2010 3346 2058 του
3415 1996 3599 2077 λόγου,
3670 1993 3807 2059 ἔδοξε

2160 2086 2320 2163 κάμοὶ
2418 2088 2913 2167 παρηκολουθηκότι
3013 2088 3207 2146 ἄνωθεν
3242 2116 3251 2125 ·
3292 2096 3448 2146 πᾶσιν
3554 2084 3802 2166 ἀκριϐῶς,

2158 2175 2380 2245 καθεξῆς
2440 2199 2522 2235 σοι
2574 2180 2804 2259 γράψαι,
2850 2178 3096 2256 κράτιστε
3143 2177 3362 2259 Θεόιξσιλε
3397 2198 3410 2210 ·
3461 2178 3552 2234 ἵνα
3581 2178 3807 2252 ἐπιγνῷς

2160 2267 2275 2342 περὶ
2317 2269 2390 2322 ὧν
2455 2269 2776 2347 κατηχήθης
2859 2265 3033 2345 λόγων
3088 2268 3187 2335 τὴν
3229 2266 3541 2347 ἀσφάλειαν,
3583 2290 3606 2322 ιι
3665 2265 3805 2329 Τίνες

2164 2355 2300 2421 ἦσαν
2357 2357 2404 2411 οἱ
2459 2356 2649 2413 πολλοὶ
2693 2358 2833 2413 οὗτοι
2884 2359 2929 2414 οἱ
2984 2355 3475 2436 ἐπιχειρήσαντες;
3536 2356 3593 2412 Οἱ
3642 2352 3805 2429 ψευδο
3874 2410 3881 2415 ,

2165 2443 2451 2501 απόστολοι
2486 2462 2503 2481 ⁶
2536 2443 2722 2502 πολλοὶ
2770 2447 2868 2524 γὰρ
2912 2448 3245 2523 συνέγραψαθ
3299 2444 3593 2523 Εὖαγγέλια
3631 2442 3803 2515 δῆθε-ι,

2165 2534 2284 2589 οὑόν
2314 2534 2429 2590 ἐστι
2462 2536 2523 2591 τὸ
2552 2533 2672 2592 κατ’
2730 2537 3069 2615 Αἰγυπτίους,
3114 2537 3201 2591 καὶ
3259 2536 3318 2591 τὸ
3362 2534 3804 2613 ἐπιγραφόμενον,

2166 2627 2281 2680 Τῶν
2339 2621 2563 2685 δώδεκα.
2613 2625 2673 2681 Οἱ
2710 2632 2939 2682 τοιοῦτοι
2981 2624 3070 2680 οὗν
3125 2624 3480 2703 ἐπεχείρησαν
3535 2623 3714 2701 μόνον,
3750 2622 3807 2677 οὗ

2164 2711 2345 2786 μέντοι
2402 2714 2490 2769 καὶ
2547 2711 2858 2769 ἑτελείωσαν
2892 2730 2908 2748 ⁶
2942 2715 3057 2770 επεὶ
3085 2714 3183 2790 γὰρ
3235 2715 3402 2793 χωρὶς
3447 2713 3585 2776 Θεὲας
3641 2713 3803 2791 χαρι-

2161 2823 2250 2863 τος
2310 2800 2556 2878 ἤρξαντο,
2602 2799 2686 2857 διὰ
2741 2809 2893 2858 τοῦτο
2951 2802 3065 2858 οὑδὲ
3097 2801 3428 2863 ἐτελείωσαν.
3479 2800 3663 2864 Καλῶς
3721 2803 3809 2857 οὑν

2161 2904 2311 2946 εἴπεν
2372 2892 2399 2946 ὁ
2430 2898 2658 2963 Λουκᾶς,
2706 2892 2785 2946 ὃτι
2816 2894 2860 2949 οἱ
2889 2890 3077 2947 πολλοὶ
3108 2892 3460 2970 ἐπεχείρησαν
3501 2909 3514 2924 ⁸
3550 2896 3597 2945 οἱ
3628 2890 3807 2966 μέντοι

3013 2983 3039 3037 ὃ
3092 2982 3330 3058 Μάρκος,
3381 2981 3475 3036 οὑκ
3504 2980 3809 3060 ὶπειχείρηο

2155 3089 2250 3124 σαν
2308 3068 2489 3147 μόνον,
2541 3067 2678 3125 ἀλλὰ
2717 3072 2803 3125 καὶ
2858 3068 3165 3126 ὲτελείωσαν
3200 3085 3213 3100 ⁶
3246 3070 3306 3125 τὸ
3338 3070 3436 3148 γὰρ
3465 3068 3727 3126 τελειοποι
3754 3093 3807 3150 ς’

2153 3164 2360 3231 πνεῦμα
2419 3162 2602 3238 εἶχοι,
2670 3158 3238 3239 ΙΙεπλτροφορημένων
3320 3156 3371 3214 δε
3455 3159 3579 3213 εἷπε
3668 3181 3808 3238 πρα-

2150 3247 2367 3327 γιιάτων
2402 3265 2419 3282 ⁶
2449 3250 2508 3303 οὔ
2536 3250 2635 3326 γὰρ
2667 3248 2849 3311 ἁπλῶς
2906 3251 3039 3303 κατα
3091 3247 3255 3323 ψιλην
3304 3244 3585 3326 παράδοσιν
3615 3249 3713 3303 εἶσι
3744 3251 3807 3304 τα

2157 3343 2251 3390 τοῦ
2314 3336 2562 3416 Χριστοῦ,
2596 3336 2713 3392 ἀλλ’
2774 3338 2827 3393 ἐν
2890 3336 3106 3410 ἀληθείᾳ
3164 3338 3251 3393 καὶ
3280 3338 3451 3392 πίστει
3482 3333 3666 3413 βεϐαίᾳ
3723 3339 3807 3393 καὶ

2162 3426 2292 3497 μετὰ
2345 3426 2522 3491 πάσης
2582 3424 2965 3505 πληραφορῖας.
3024 3434 3142 3491 Πῶς
3196 3424 3248 3483 δέ
3308 3428 3405 3483 εἰσι
3462 3424 3804 3505 πεπληροφο-

2162 3514 2366 3591 Nam
2424 3525 2607 3593 ταῦτα,
2671 3516 2805 3593 εἰπὲ,
2877 3518 2921 3571 ὦ
2981 3518 3202 3589 Λουκᾶς
3266 3517 3445 3580 Καθὼς
3517 3514 3807 3593 παρέδοσαν

2161 3605 2295 3677 ἡμῖν
2340 3606 2387 3659 οἱ
2431 3601 2522 3659 ἀπ’
2556 3605 2727 3683 ἀργῆς
2782 3605 3035 3663 αὐτόπται
3074 3608 3159 3661 καὶ
3190 3605 3444 3680 ὑπηρέται
3476 3611 3567 3661 τοὺ
3596 3604 3754 3683 λόγου
3788 3625 3801 3639 ”

2160 3693 2222 3746 iv.
2278 3694 2458 3748 τούτου
2500 3693 2683 3763 ὀῆ)ον,
2755 3692 2834 3748 ὅτι
2892 3696 2985 3750 οὑκ
3038 3697 3105 3760 ἦν
3160 3697 3187 3750 ὃ
3246 3700 3448 3756 Λουκᾶς
3494 3691 3586 3748 ἀπ’
3626 3694 3801 3773 ἀρχῆς

2155 3781 2425 3857 μαθητὴς,
2487 3780 2606 3837 ἀλλ’
2636 3782 3017 3862 ὑστερόχρονος
3052 3800 3064 3813 ⁸
3106 3781 3256 3839 ἄλλοι
3311 3784 3410 3861 γὰρ
3441 3783 3578 3850 ἦσαν
3610 3786 3655 3837 οἱ
3708 3784 3803 3838 ἀπ’

2152 3868 2327 3949 ἀρχῆς
2360 3873 2769 3939 μαθητευθέντες
2800 3892 2815 3906 ·
2877 3876 2924 3928 οἱ
2973 3875 3087 3951 περὶ
3137 3874 3330 3949 Πέτρον
3376 3873 3462 3929 καὶ
3518 3873 3638 3934 τους
3699 3897 3793 3930 του

2151 3957 2423 4016 Ζεϐεδαίου
2460 3983 2470 3992 ’
2508 3964 2561 4016 οἳ
2619 3962 2705 4016 καὶ
2760 3959 3052 4041 παρέδοσαν
3091 3964 3233 4035 αὑτῷ
3262 3962 3359 4017 ὅσα
3404 3960 3498 4016 οὑκ
3527 3960 3672 4017 εἶδεν
3704 3967 3795 4020 αὖ·

2150 4048 2262 4117 τὸς,
2324 4049 2441 4105 οὔτε
2502 4051 2758 4119 αὐτήκοος
2821 4051 3050 4128 ἐγένετο.
3100 4054 3158 4108 Τί
3200 4050 3254 4107 δέ
3285 4050 3394 4107 ἔστι
3439 4053 3521 4118 τὸ,
3569 4051 3660 4106 ’ἕνα
3690 4054 3801 4107 ἑπι-

2148 4144 2288 4215 γνῷς
2346 4140 2443 4206 τὴν
2474 4138 2763 4219 ἀσφάλειαν
2813 4143 2930 4228 περὶ
2984 4147 3059 4195 ὡν
3115 4144 3435 4221 κατηχήθης
3470 4163 3487 4210 ;
3525 4142 3684 4197 Διττὰ
3727 4143 3797 4205 εἷς

2148 4232 2303 4283 τοῦτο
2361 4226 2477 4307 ἔχω
2510 4230 2776 4303 νοήματα,
2814 4221 2923 4286 ’Ἐν
2958 4232 3079 4305 μὲν,
3125 4228 3206 4285 ὅτι
3234 4222 3485 4309 πρότερον
3514 4229 3611 4304 μὲν
3640 4230 3796 4308 ἀγρά-

3241 4327 3257 4335 τ
3328 4317 3347 4335 Ν

418 4311 548 4391 ipse
588 4311 878 4377 audierat.
913 4311 1064 4386 Quid
1123 4320 1319 4374 autem
1378 4321 1472 4375 est
1521 4315 1679 4395 quod
1733 4314 1897 4391 dicit,
1948 4335 2063 4397 quo

2152 4337 2259 4393 φως
2318 4337 2376 4371 σε
2432 4320 2748 4397 κατήχησα,
2795 4320 2840 4375 ὦ
2898 4318 3115 4398 Θεόφιλε
3152 4336 3168 4355 ο
3204 4327 3291 4375 νῦν
3321 4317 3373 4374 δὲ
3406 4319 3680 4397 ἐγγράφως
3714 4341 3794 4375 σοι

416 4417 703 4479 agnoscas
723 4420 953 4473 eorum,
973 4402 1052 4464 de
1071 4402 1213 4462 270
1234 4400 1456 4483 quibus
1479 4402 1725 4465 edoctus
1746 4423 1813 4467 es
1837 4423 2061 4467 sermo-

2152 4402 2456 4481 παριόιδοὺς
2496 4406 2555 4461 τι)
2618 4406 2957 4488 Εὑαγγέλιον,
3018 4408 3367 4489 ἀσφαλὲζομαι
3413 4412 3500 4463 τὸν
3563 4409 3650 4463 σὺν
3694 4407 3789 4465 λου

415 4508 557 4552 num
588 4491 1113 4554 communitionem
1135 4498 1163 4556 ?
1191 4491 1348 4557 Duos
1380 4492 1441 4553 in
1475 4492 1589 4555 hoc
1610 4510 1820 4556 sensus
1844 4493 2033 4558 habeo

2152 4495 2358 4572 γισμὸν,
2412 4495 2504 4551 ἵνα
2556 4496 2634 4569 μὴ
2684 4494 3001 4563 ἐπιλάθηται
3032 4504 3138 4552 τῶν
3193 4499 3439 4576 ἀγράφως
3502 4495 3789 4575 παραδεδω-

417 4576 578 4644 Unus
598 4579 839 4661 quidem
863 4582 1078 4651 esthic:
1111 4579 1283 4643 Prius
1306 4589 1363 4644 te
1383 4581 1515 4644 sine
1540 4580 1780 4663 scriptis
1803 4581 2053 4667 institui,

2152 4582 2335 4654 μένων.
2373 4581 2615 4661 ’Ἕτερον
2646 4582 2701 4639 δὲ
2738 4593 2969 4642 τοιοῦτον
3004 4602 3016 4614 ·
3051 4589 3109 4643 0':
3145 4588 3403 4663 ἅνθρωποι
3435 4584 3545 4649 ἔθος
3594 4585 3790 4666 ἔχομεν

414 4689 448 4732 ο
469 4668 823 4751 Theophile,
845 4690 1003 4734 nunc
1022 4670 1307 4753 scriptum
1332 4671 1435 4733 tibi
1460 4672 1625 4734 trado
1648 4674 2051 4753 Evangelium:

2152 4670 2427 4744 πολλάκις,
2490 4672 2615 4728 ὅταν
2656 4695 2735 4738 τις
2794 4675 3045 4755 ἀγρέφως
3106 4674 3236 4753 λέγῃ
3267 4677 3424 4749 ἡμῖν,
3478 4675 3787 4730 ὑποπτεύειν

409 4767 583 4841 atque
606 4760 688 4821 ita
720 4769 979 4824 mentem
1014 4769 1173 4825 tuam
1208 4761 1435 4836 munio,
1473 4770 1534 4823 ut
1563 4780 1638 4823 ne
1679 4761 2058 4826 obliviscatur

2152 4768 2323 4817 τοῦτον
2373 4763 2447 4825 ὡς
2489 4764 2655 4841 τυχὸν
2714 4762 3037 4839 ψευδόμενον
3072 4786 3084 4799 ο
3146 4764 3269 4818 ὖτιν
3330 4761 3381 4817 δὲ
3428 4764 3513 4818 καὶ
3544 4764 3723 4841 γράψῃ
3758 4764 3789 4819 ἃ

410 4867 615 4913 eorum
639 4868 775 4929 quae
794 4850 926 4914 sine
964 4851 1199 4932 scriptis
1222 4850 1433 4913 tradita
1464 4857 1619 4914 sunt.
1669 4851 1836 4914 Alter
1864 4870 2003 4915 vero
2036 4874 2050 4917 :

2152 4850 2307 4930 λέγει,
2368 4851 2487 4907 τότε
2538 4853 2879 4928 πιστεύομεν,
2914 4855 2988 4917 ὡς
3034 4854 3121 4909 ἐὰν
3154 4855 3231 4925 μὴ
3264 4851 3486 4931 ἐϐαῤῥει,
3534 4852 3614 4907 ὅτι
3648 4853 3787 4919 ἀλη-

407 4939 683 5002 Solemus
714 4959 822 5002 nos
878 4939 1152 5004 homines
1204 4958 1363 5022 saepe
1418 4939 1653 5021 quando
1702 4939 1833 5021 quis
1881 4941 2054 5005 nobis

2152 4941 2200 5007 ’ἦ
2261 4938 2429 5017 λέγει,
2486 4939 2581 4996 οὒκ
2639 4940 2702 4995 ἂν
2762 4941 2980 5021 ἔγραφε.
3043 4953 3206 5000 Τουτο
3268 4941 3356 4998 οὖν
3412 4942 3499 4997 καὶ
3556 4943 3582 4996 ὁ
3626 4944 3785 5018 ε’)αγ-

405 5028 536 5090 sine
562 5028 874 5111 scripturis
916 5029 1197 5112 loquitur,
1243 5028 1535 5111 suspicari
1580 5047 1655 5091 ne
1707 5031 1856 5093 forte
1908 5031 2047 5111 quid

405 5118 1027 5181 mendaciiadmistum
1044 5119 1139 5181 sit:
1166 5119 1404 5200 quando
1426 5127 1622 5181 autem
1642 5117 1817 5181 etiam
1842 5120 2047 5183 scribit

400 5224 533 5289 quae
563 5207 845 5289 loquitur,
874 5215 1013 5271 tunc
1033 5208 1333 5272 credimus
1360 5208 1515 5289 quod
1542 5227 1657 5270 non
1683 5209 2041 5290 scripsisset,

400 5296 515 5359 nisi
532 5314 669 5359 vera
686 5316 750 5361 se
766 5298 971 5360 dicere
990 5298 1343 5363 conﬁderet.
1365 5298 1593 5360 Idcirco
1613 5307 1672 5361 et
1687 5300 2045 5380 evangelista

395 5385 543 5449 dicit
576 5406 592 5448 :
637 5388 962 5469 Propterea
982 5387 1198 5469 scripsi
1230 5388 1335 5450 tibi
1362 5387 1769 5470 Evangelium,
1796 5397 1860 5450 ut
1879 5408 1951 5450 ea
1969 5390 2043 5452 de

395 5476 613 5557 quibus
642 5477 770 5538 sine
798 5475 1036 5558 scriptis
1085 5477 1349 5540 eruditus
1392 5498 1481 5557 es,
1515 5479 1573 5539 in
1621 5479 1833 5560 majori
1865 5496 2040 5540 secu-

394 5563 569 5627 ritate
585 5566 1222 5647 conserves,majorem
1250 5566 1388 5627 mihi
1407 5567 1586 5629 tidem
1608 5586 1769 5629 nunc
1791 5566 2039 5642 habens,

393 5654 495 5737 qui
524 5654 675 5717 adeo
705 5652 780 5717 de
805 5652 899 5717 his
929 5673 1061 5736 quae
1090 5674 1207 5717 non
1239 5655 1464 5737 scripto
1486 5656 1686 5719 docui.
1718 5656 2039 5734 conﬁdam,

2133 5030 2387 5106 γελιστής
2419 5050 2603 5108 φησιν,
2637 5027 2739 5096 ὅτι,
2805 5032 2897 5086 Διὺ
2959 5032 3110 5088 τοῦτό
3146 5053 3225 5085 σοι
3258 5029 3461 5107 ἔγραψα
3506 5032 3565 5085 τὺ
3619 5032 3784 5108 Εὑαγο

2132 5115 2335 5196 γέλιον,
2392 5118 2483 5173 Ἵνα
2554 5117 2586 5173 ἂ
2670 5118 2921 5199 ἀγράφως
2996 5123 3343 5200 κατηχήθης,
3420 5120 3473 5175 ἐν
3531 5119 3787 5199 ἀσφαλείᾳ

2126 5204 2330 5262 πλείονι
2403 5205 2669 5287 κατέχῃς,
2739 5212 3026 5273 Πιστεύσας
3105 5232 3196 5284 μοι
3268 5208 3472 5284 μᾶλλον
3532 5234 3636 5275 νυν,
3710 5212 3783 5271 ὡς

2126 5303 2375 5352 τοσοῦτον
2419 5294 2690 5374 Οαρῤοὑντι
2746 5296 2829 5354 ἐπὶ
2889 5311 3006 5362 τοῖς
3053 5299 3333 5378 ἀγράφοις,
3370 5298 3505 5355 ὥστε
3557 5299 3643 5354 καὶ
3701 5298 3786 5376 ἐγ-

2125 5385 2337 5466 γράφως
2378 5393 2541 5442 ταὺτα
2596 5388 2829 5443 εκθεῐναι
2945 5390 3037 5467 ὅρα
3085 5388 3137 5444 δὲ
3169 5389 3369 5467 καὶτὸ,
3401 5392 3651 5466 ἐπιγνῷς.
3711 5390 3782 5445 Οὑ

2128 5477 2226 5553 γὰρ
2271 5475 2419 5555 εἷπε,
2454 5482 2617 5555 γνῷς,
2653 5473 2798 5557 ἀλλ’,
2829 5480 3082 5555 ὶπιγνῷς,
3131 5477 3421 5551 τουτέστιν,
3455 5476 3515 5532 ἐκ
3543 5474 3779 5555 δευτέρου

2125 5563 2344 5622 πλείονα
2398 5570 2593 5642 γνῶσιν
2648 5562 2843 5645 λάϐῃς,
2902 5568 2987 5622 καὶ
3017 5565 3197 5645 Θάῤῥος
3229 5568 3313 5623 καὶ
3358 5564 3647 5644 ἀσφαλειαν
3704 5569 3775 5628 ὡς

2125 5656 2183 5712 οὑ
2214 5650 2496 5730 ψεύδομαι.

384 5752 450 5808 ut
474 5744 652 5809 etiam
682 5744 997 5827 scripturis
1028 5745 1285 5826 prodere
1317 5765 1440 5810 non
1472 5746 1868 5811 formidarim.
1928 5745 2183 5809 Attende
2213 5741 2354 5806 item
2386 5740 2546 5824 quod
2575 5741 2745 5817 dicit,
2789 5761 3104 5825 agnoscas,
3140 5762 3281 5813 non.
3311 5742 3486 5815 scias,
3523 5746 3632 5805 hoc
3662 5752 3771 5821 est,

381 5834 648 5900 secundo
682 5834 970 5913 majorem
1015 5832 1280 5914 accipias
1305 5834 1614 5898 scientiam
1648 5844 1706 5898 et
1734 5834 2014 5899 ﬁduciam
2043 5853 2115 5899 ac
2141 5830 2523 5898 securitatem
2546 5830 2705 5912 quod
2737 5849 2858 5896 non
2886 5832 3159 5895 mentiar.
