4162 6228
451 374 569 441 695
1422 378 2011 445 THEOPHYLACTI
2055 379 2464 445 nunciam
2506 385 2866 448 meum.
2920 376 2927 379 '
3004 362 3015 371 ’
3705 377 3828 446 696

447 511 673 597 justum
705 508 933 597 faciens
959 508 1290 585 hominem,
1338 508 1462 572 imo
1503 517 1563 573 et
1601 508 1710 574 Dei
1751 512 2093 592 justiﬁcatio

2182 521 2403 572 ποιοῦσα
2458 516 2549 572 τᾶν
2591 515 2884 597 ἄνθρωπον,
2932 516 3135 594 μᾶλλον
3186 516 3242 573 δὲ
3298 517 3386 574 καὶ
3411 524 3505 574 τοῦ
3538 522 3671 571 Θεοῦ
3698 514 3829 571 οὖσα

455 596 773 660 exsistens.
805 594 871 658 In
902 596 1004 661 die
1030 597 1190 660 enim
1222 597 1344 679 illa,
1376 598 1542 680 quasi
1580 599 1863 681 scriptam
1894 622 2093 684 quam-

2182 599 2469 678 δικαίωμα.
2518 601 2608 661 Ἐν
2655 594 2755 684 γὰρ
2804 594 2878 682 τῇ
2902 606 3076 685 ἡμέρᾳ
3105 605 3280 682 ἰκείνῃ
3309 606 3490 682 ὥσπερ
3519 626 3569 659 τι
3608 601 3831 659 δικαίω-

453 686 589 751 dam
611 685 1103 776 justiﬁcationem
1154 686 1383 750 habens
1415 690 1577 753 Deus
1620 687 1748 769 ipsa
1797 694 2093 776 mandata,

2182 713 2255 765 μα
2305 690 2589 773 ἔγγραφον,
2657 693 2800 774 ἔχων
2863 697 2899 752 6.
2947 697 3077 759 Θεὸς
3108 696 3201 761 τας
3230 692 3473 773 ἐντολὰς,
3531 692 3832 770 κατακρίνει

450 777 811 845 condemnat
852 794 984 840 nos.
1031 774 1157 839 Nisi
1206 778 1364 840 enim
1408 778 1729 860 venissem,
1775 781 1988 864 inquit,
2039 774 2098 846 et

450 867 684 931 locutus
713 882 906 930 essem
934 865 1044 947 eis,
1093 874 1399 946 peccatum
1450 886 1571 929 non
1618 867 1989 935 habuissent.
2024 872 2095 936 Et

450 957 708 1019 iterum:
744 953 957 1018 Sermo
1004 972 1184 1035 quem
1233 954 1466 1017 locutus
1504 974 1637 1018 sum
1682 957 1792 1032 eis,
1846 959 1947 1022 ille
1992 981 2097 1024 eos

451 1043 896 1111 condemnabit.
934 1042 1131 1117 Quare
1158 1052 1352 1106 autem
1372 1063 1507 1108 cum
1535 1045 1701 1121 dixit,
1724 1046 2098 1114 ambulantes

449 1137 511 1200 in
545 1133 821 1198 omnibus
854 1132 1169 1205 mandatis,
1190 1132 1477 1214 adjunxit,
1506 1134 2099 1215 irreprehensibiles?

449 1224 626 1289 Audi.
660 1220 825 1286 Multi
880 1221 1185 1284 ambulant
1238 1222 1297 1284 in
1352 1222 1483 1301 lege
1538 1224 1667 1304 Dei,
1735 1227 1839 1289 sed
1898 1230 2098 1292 omnia

448 1314 674 1378 faciunt
704 1322 769 1377 ut
804 1311 1119 1376 videantur
1162 1310 1238 1373 ab
1285 1312 1647 1376 hominibus.
1698 1313 1872 1378 Tales
1916 1318 2098 1398 igitur

452 1422 572 1466 non
601 1410 739 1466 sunt
768 1400 1352 1482 irreprehensibiles.
1378 1401 1494 1465 Sed
1521 1403 1832 1467 Zaeharias
1860 1415 1919 1469 et
1957 1408 2096 1471 fecit

450 1494 752 1568 mandata,
786 1498 845 1554 et
881 1489 1031 1553 citra
1081 1490 1615 1571 reprehensionem
1662 1492 1820 1568 fecit,
1870 1514 1990 1560 non
2031 1509 2093 1562 ut

448 1580 794 1646 hominibus
825 1579 1054 1661 placeat
1085 1580 1220 1642 talia
1249 1579 1495 1645 faciens.

525 1670 714 1735 Vens.
750 1670 808 1732 ’1.
847 1694 867 1726 ι
912 1668 1034 1731 Nec
1064 1676 1192 1732 erat
1237 1669 1358 1731 illis
1388 1671 1610 1753 proles,
1646 1692 1716 1734 eo
1759 1674 1917 1755 quod
1961 1678 2090 1742 Eli-

2177 779 2348 855 ἡμᾶς.
2397 783 2453 840 Εἰ
2497 782 2577 859 μὴ
2619 781 2784 850 ἦλθον
2826 785 2950 864 γὰρ,
2997 785 3151 865 φησὶ,
3183 785 3270 865 καὶ
3331 781 3569 848 ἐλάλησα
3619 783 3830 859 αὐτοῖς,

2178 870 2435 949 ἁμαρτίαν
2466 874 2560 929 οὒκ
2603 873 2765 953 εἶχον
2796 890 2812 906 ·
2862 876 2949 930 καὶ
2978 873 3159 953 πάλιν,
3200 864 3257 931 Ὀ
3302 870 3460 950 λόγος
3492 872 3552 928 ὃν
3594 869 3832 937 ἐλάλησα

2178 960 2387 1034 αὐτοῖς,
2446 958 2656 1025 ἐκεῖνος
2700 963 2887 1025 αὐτοὺς
2938 976 3135 1042 κρινεῖ,
3191 962 3341 1025 Τίνος
3371 958 3425 1016 δὲ
3455 959 3630 1016 ἕνεκεν
3662 959 3826 1037 πρόσ-

2177 1066 2347 1103 κειται
2421 1052 2520 1128 τῷ,
2582 1050 2928 1129 πορευόμενοι
3000 1050 3053 1108 ἒν
3128 1052 3324 1114 πάσαις
3382 1063 3507 1112 ταῖς
3557 1046 3829 1125 ἰντολαῐς,

2176 1136 2261 1208 τὸ,
2314 1134 2586 1213 ἄμεμπτοι
2622 1158 2639 1214 ;
2684 1138 2898 1199 "Ancus
2932 1156 2946 1171 '
2982 1139 3239 1205 πολλάκις
3270 1141 3407 1201 τινὲς
3438 1138 3745 1218 πορεῦονται
3776 1137 3831 1193 ἓν

2178 1229 2255 1297 τῷ
2311 1225 2458 1301 νόμῳ
2510 1237 2601 1286 τοῦ
2659 1228 2813 1301 Θεοῦ,
2875 1228 3011 1286 ἀλλὰ
3068 1232 3242 1286 πάντα
3297 1239 3507 1288 ποιοῦσι
3579 1229 3708 1303 πρὸς
3770 1229 3832 1282 τὸ

2177 1314 2424 1379 θεαθῆναι
2469 1329 2587 1379 τοῖς
2644 1317 2937 1395 ἀνθρώποις
2973 1335 2987 1350 ⁸
3033 1316 3218 1375 οὔκουν
3272 1318 3543 1392 ἄμεμπτοι
3573 1318 3621 1372 οἱ
3650 1322 3830 1372 τοιοῦ-

2176 1421 2257 1458 τοι
2287 1416 2309 1439 ⁶
2375 1405 2402 1459 6
2453 1401 2508 1460 δὲ
2566 1409 2834 1486 Ζαχαρίας
2883 1429 2972 1463 και
3028 1408 3253 1486 ἔπραττε
3308 1409 3402 1470 τὰς
3456 1404 3697 1477 ἐντολὰς,
3742 1403 3830 1459 καὶ

2179 1490 2459 1567 ἀμέμπτος
2504 1492 2749 1573 ἔπραττε,
2814 1496 2891 1572 μὴ
2950 1493 3034 1552 διὰ
3093 1498 3153 1553 τὸ
3182 1496 3364 1575 ἀρέσαι
3393 1509 3511 1558 τοῖς
3537 1494 3827 1573 ἀνθρώποις

2174 1580 2367 1647 ταύτας
2398 1581 2592 1646 τελῶν,

2262 1692 2285 1725 ιι
2340 1674 2437 1728 Καὶ
2489 1673 2584 1729 οὐκ
2643 1673 2710 1741 ἦν
2764 1674 2949 1739 αὖτοτς
2978 1673 3186 1746 τέκνον,
3217 1670 3334 1732 καθ’
3364 1673 3445 1730 ὅτι
3486 1675 3517 1740 ἠ
3550 1668 3827 1729 Ἐλισάὸετ

447 1760 654 1825 sabetb
693 1758 915 1866 sterilis
940 1766 1100 1821 esset
1227 1757 1402 1821 ambo
1430 1769 1721 1861 provecta)
1743 1763 1868 1843 jam
1903 1769 2092 1832 astatis

2182 1762 2242 1827 ἦν
2292 1773 2477 1838 στεῖρα
2506 1774 2525 1793 ⁸
2596 1763 2683 1818 καὶ
2761 1760 3047 1843 ἂμφότεροι
3115 1759 3504 1842 προϐεϐηκότες
3575 1761 3628 1818 ἰν
3702 1774 3825 1822 ταῖς

446 1860 705 1915 essent.»
724 1851 1025 1911 Justorum
1054 1847 1336 1911 mulieres
1365 1856 1423 1911 et
1440 1849 1638 1931 justze,
1669 1869 1828 1933 saepe
1857 1856 2091 1919 steriles

442 1939 707 2020 fuerunt,
742 1948 804 2000 ut
833 1938 1027 2000 discas
1045 1938 1254 2018 Jegem
1286 1956 1405 2000 non
1431 1941 1668 2018 exigere
1693 1945 2088 2022 corporalium

445 2029 702 2093 ﬁliorum
764 2026 1260 2109 procreationem,
1310 2026 1415 2089 sed
1464 2028 1892 2109 spiritualium.
1940 2036 2090 2098 Pro-

442 2125 629 2182 vecta;
649 2126 848 2179 autem
869 2117 1057 2179 astatis
1076 2114 1251 2178 ambo
1270 2124 1462 2198 erant,
1488 2125 1606 2181 tam
1621 2137 1897 2200 corpore,
1914 2141 2090 2201 quam

443 2207 664 2271 anima.
725 2205 961 2270 Etenim
1014 2206 1181 2285 juxta
1246 2206 1503 2268 animam
1554 2208 1984 2289 profecerant5
2034 2221 2095 2275 et

444 2295 747 2379 progressi
776 2303 971 2385 erant,
1015 2301 1306 2385 ponentes
1342 2297 1729 2362 ascensiones
1777 2299 1839 2361 in
1886 2303 2089 2385 corde,

444 2394 504 2448 et
531 2385 691 2449 diem
732 2383 1045 2457 habentes,
1078 2383 1183 2445 sed
1221 2402 1340 2446 non
1389 2394 1624 2449 noctem
1656 2388 1833 2453 vitam
1870 2412 1884 2450 :
1932 2400 1998 2454 ut
2028 2383 2089 2455 in

445 2474 579 2539 luce
607 2475 858 2537 honeste
884 2480 1151 2554 agentes.

520 2651 705 2717 Vens.
728 2650 894 2717 8-10.
935 2673 956 2709 ι
989 2648 1234 2714 Factum
1265 2657 1359 2716 est
1375 2659 1574 2715 autem
1597 2672 1729 2716 cum
1755 2659 2090 2726 sacerdotio

440 2742 794 2824 fungeretur
835 2740 1148 2805 Zacharias
1178 2739 1241 2801 in
1285 2740 1501 2804 ordine
1543 2744 1686 2805 vicis
1736 2764 1860 2809 suae
1890 2768 2088 2812 coram

2173 1846 2396 1925 ἡμέραις
2440 1852 2612 1908 αὐτῶν
2657 1854 2813 1919 ἦσαν.
2859 1876 2885 1906 s
2946 1853 3009 1908 Al
3058 1858 3162 1907 τῶν
3191 1849 3405 1907 δικαίων
3432 1864 3707 1928 γυναῖκες.
3738 1852 3828 1905 καὶ

2174 1937 2224 1991 αἱ
2278 1934 2498 2012 δίκαιαι,
2532 1938 2793 2004 πολλάκις
2830 1939 3038 1998 ἄτεκνοι
3072 1961 3089 1978 ·
3120 1941 3213 1997 ’ἵνα
3242 1942 3303 1996 σὺ
3335 1943 3531 2016 μάθῃς,
3568 1939 3648 1994 ὅτι
3680 1942 3707 1996 6
3738 1939 3825 1994 νόο

2173 2046 2275 2100 μος
2330 2027 2424 2083 οὐκ
2479 2029 2699 2085 ἀπαιτεῖ
2729 2028 3073 2089 πολυτεκνίαν
3118 2029 3458 2104 σωματικὴν,
3488 2026 3625 2084 ἄλλα
3666 2049 3824 2084 πνευ-

2174 2117 2429 2189 ματικήν.
2515 2116 2909 2197 Προϐεϐηκότες
2991 2116 3047 2176 δί
3122 2120 3255 2187 ἦσαν
3346 2119 3657 2198 ἀμφότεροι,
3739 2126 3828 2178 καὶ

2173 2206 2309 2261 κατὰ
2339 2207 2399 2261 τὸ
2428 2207 2583 2281 σῶμα
2623 2210 2710 2264 καὶ
2766 2211 2901 2265 κατὰ
2950 2211 3008 2265 τὸ
3035 2216 3242 2284 πνεῦμα
3275 2210 3288 2238 ⁵
3322 2210 3409 2265 καὶ
3437 2209 3539 2285 γὰρ
3566 2209 3652 2262 καὶ
3692 2209 3828 2263 κατὰ

2175 2294 2359 2373 ψυχὴν
2428 2294 2753 2374 προέϐησαν,
2827 2298 3063 2355 τουτέστι
3138 2300 3462 2376 προέκοψαν,
3550 2295 3826 2361 ἀναϐάσεις

2172 2380 2228 2437 ἰν
2282 2390 2351 2459 τῇ
2393 2382 2575 2461 καρδὶᾳ
2603 2386 2886 2462 τιθέμενοι,
2950 2389 3037 2444 καὶ
3092 2388 3294 2462 ἡμέραν
3324 2387 3568 2466 ἔχοντες,
3601 2384 3720 2441 ἀλλ’
3764 2387 3826 2442 οὗ

2172 2469 2330 2527 νύκτα
2359 2473 2450 2529 τὸν
2474 2474 2614 2549 βίον,
2659 2477 2733 2534 ὡς
2781 2476 2836 2531 ἐν
2886 2478 3020 2557 φωτὶ
3064 2480 3475 2556 περιπατοῦντες
3539 2477 3821 2554 εὐσχημό-

2173 2581 2275 2624 νως
2283 2602 2298 2620 .

2260 2672 2285 2704 ιι
2322 2648 2567 2728 Ἐγένετο
2628 2650 2682 2709 δὲ
2731 2655 2786 2711 ἐν
2831 2661 2908 2729 τῷ
2962 2656 3241 2734 ἱερατεύειν
3299 2656 3455 2713 αὐτὸν
3487 2654 3543 2710 ὲτ
3577 2660 3641 2730 τῇ
3682 2653 3823 2719 τάξει

2172 2738 2268 2805 τῆς
2318 2738 2605 2819 ἐφημερίας
2658 2744 2815 2801 αἱ)τοῦ
2878 2744 3047 2801 ἔναντι
3098 2752 3191 2800 τοῦ
3232 2751 3386 2815 Θεοῦ,
3438 2743 3575 2799 κατὰ
3620 2745 3681 2800 τὸ
3710 2742 3825 2809 ἔθος

2172 2828 2271 2893 τῆς
2322 2831 2603 2906 ἱερατείας,
2664 2830 2831 2912 ἔλαχε
2888 2844 2979 2893 τοῦ
3020 2834 3295 2909 θυμιάσαι,
3346 2830 3591 2889 εἰσελθὼν
3622 2833 3695 2896 εἷς
3732 2832 3825 2889 τὸν

2175 2918 2298 2972 ναὸν
2347 2928 2439 2977 τοῦ
2492 2920 2677 2999 Κυρίου
2711 2936 2724 2950 ·
2790 2924 2879 2979 καὶ
2927 2931 3031 2979 παν
3090 2926 3149 2979 τὸ
3208 2921 3409 2989 πλῆθος
3454 2921 3520 2989 ἧν
3549 2924 3641 2978 τοῦ
3696 2928 3825 2979 λαου

442 2833 589 2907 Deo,
618 2830 949 2895 secundum
993 2829 1490 2893 consuetudinem
1534 2831 1856 2897 functionis
1887 2855 2090 2902 sacer-

441 2920 679 3002 dotalis,
724 2937 856 2982 sors
914 2918 1002 2981 illi
1057 2918 1294 2981 obvenit
1348 2928 1411 2981 ut
1465 2921 1682 2986 odores
1739 2923 2091 2993 incenderet

439 3011 745 3092 ingressus
761 3010 825 3072 in
855 3010 1142 3091 templum
1173 3009 1433 3088 Domini,
1458 3020 1517 3073 et
1548 3014 1743 3076 omnis
1772 3017 2086 3083 multitudo

2182 3010 2605 3087 προσευχόμενον
2661 3008 2760 3076 ἔξω
2802 3017 2869 3087 τῇ
2897 3012 3006 3090 ὥρᾳ
3049 3019 3140 3068 τοι)
3196 3011 3616 3087 θυμιάματοςν»
3675 3008 3821 3067 ’Ἕν-

441 3099 644 3183 populi
690 3098 1043 3180 precabatur
1080 3098 1223 3161 foris
1272 3107 1540 3181 tempore
1591 3102 2006 3184 thymiamatis.
2057 3136 2081 3164 ι»

2182 3116 2287 3150 ιντι
2344 3103 2476 3154 Θεοὸ
2520 3101 2565 3153 οἱ
2633 3103 2846 3179 καθαροὶ
2914 3102 3066 3177 μόνοι
3141 3101 3491 3178 ἱερατέυουσιν
3530 3116 3543 3129 ⁸
3606 3101 3710 3155 ἀπὸ
3766 3098 3821 3155 δὲ

441 3192 653 3280 Qoram
683 3188 805 3280 Deo
822 3187 1029 3251 mundi
1059 3186 1334 3280 soliilZQ
1366 3190 1703 3280 sacerdotio
1733 3192 2080 3280 funguntur,

2182 3190 2273 3238 τῶν
2324 3188 2400 3261 μὴ
2459 3190 2700 3266 καθαρῶν
2749 3190 3065 3270 ἀποστρέφει
3117 3192 3145 3247 ὃ
3208 3191 3348 3280 Θεὸς1
3417 3190 3477 3246 τὸ
3532 3189 3819 3261 πρόσωπον

439 3278 514 3341 ab
535 3277 787 3360 impuris
799 3284 994 3340 autem
1013 3277 1222 3341 avertit
1243 3278 1400 3341 Deus
1410 3278 1620 3342 faciem
1636 3299 1800 3344 suam
1813 3263 2080 3357 .Duando

2182 3274 2345 3336 ιῦτοῦ,
2400 3274 2534 3331 Πότε
2565 3275 2619 3331 δὲ
2651 3276 2816 3357 ἔλαχε
2847 3288 2936 3334 του
2968 3279 3218 3354 θυμιάσαι
3255 3294 3271 3351 ;
3315 3263 3397 3333 ’Ἢ
3427 3278 3639 3339 πάντως
3682 3282 3819 3333 κατα

439 3376 636 3432 autem
668 3384 798 3430 sors
829 3366 918 3428 illi
948 3366 1187 3429 obvenit
1221 3375 1287 3430 ut
1313 3367 1663 3433 incenderet
1689 3370 1952 3435 odores?
1979 3372 2079 3440 Vel

2182 3362 2252 3418 ξὺν
2300 3366 2480 3441 καιρὸν
2532 3374 2625 3421 τοὺ
2653 3366 2903 3442 ἱλασμοῦ,
2962 3366 3049 3424 ὅτε
3106 3368 3267 3442 μόνος
3321 3367 3607 3445 εἰσήρχετο
3637 3367 3711 3431 είς
3751 3367 3818 3424 τὰ

439 3454 685 3519 omnino
709 3455 1037 3518 secundum
1082 3463 1316 3535 tempus
1345 3456 1806 3538 deprecationis,
1843 3466 2080 3543 quando

2184 3450 2340 3529 Ἀγια
2395 3460 2502 3509 τῶν
2564 3456 2726 3533 ἁγίων
2786 3459 2812 3512 6
2883 3459 3159 3536 ἀρχιερεύς
3200 3472 3211 3485 ·
3285 3455 3377 3511 ’ἶνα
3444 3458 3694 3543 μάθωμεν
3736 3454 3817 3511 δτι

439 3546 602 3609 solus
631 3546 691 3607 in
716 3546 934 3608 Sancta
962 3553 1305 3607 sanctomm
1335 3535 2080 3626 ingrediebatursummus

2182 3541 2344 3615 ὧσπερ
2404 3545 2429 3598 6
2461 3543 2735 3623 ἀρχιερεὺς
2788 3548 2966 3617 οὗτος,
3014 3546 3261 3602 εἰσελθὼν
3306 3546 3377 3610 είς
3411 3546 3475 3599 τα
3508 3535 3682 3622 υΑγια
3712 3550 3818 3601 τῶν

438 3633 758 3697 sacerdos:
786 3642 851 3695 ut
877 3632 1176 3696 discamus
1198 3633 1357 3716 quod
1388 3635 1889 3714 quemadmodum
1915 3659 2081 3703 sum-

2182 3629 2333 3703 ἱγίων
2389 3629 2543 3687 ἔλαϐε
2601 3635 2825 3712 καρπὸν,
2889 3635 3027 3691 οὕτω
3068 3638 3155 3692 καὶ
3198 3636 3226 3692 6
3286 3636 3469 3710 Κύριος
3518 3630 3726 3699 ἰτισοῦς
3790 3634 3820 3689 6

440 3742 572 3786 mus
600 3722 881 3786 sacerdos
911 3725 1021 3786 iste
1050 3722 1354 3803 ingressus
1394 3725 1457 3786 in
1489 3723 1705 3788 Sancta
1742 3739 2082 3794 sanctorum

2182 3721 2325 3804 »τόνος
2374 3722 2459 3776 καὶ
2488 3722 2658 3800 μέγας
2688 3729 2765 3797 τῷ
2820 3724 2929 3780 ὄντι
2977 3725 3279 3804 ἀρχιερεὺς,
3328 3721 3574 3779 εἰσελθὼν
3626 3723 3695 3782 είς
3754 3723 3818 3777 τὰ

436 3813 695 3877 fructum
724 3812 979 3895 accepit,
1010 3812 1098 3876 sic
1120 3800 1205 3877 iet
1244 3812 1531 3876 Dominus
1558 3812 1732 3877 Jesus
1765 3816 1895 3897 ipse
1923 3820 2085 3883 solus

2182 3800 2345 3885 "Ayz:
2388 3810 2494 3864 τῶν
2554 3812 2741 3889 ἁγίων,
2801 3814 3087 3893 τουτέστιν,
3134 3815 3207 3877 εἰς
3280 3814 3369 3868 τὸν
3425 3813 3641 3890 οὗρανὸν
3682 3814 3818 3885 μετὰ

438 3911 499 3968 et
526 3921 735 3967 revera
777 3921 1044 3967 summus
1092 3902 1371 3967 sacerdos
1413 3905 1717 3981 ingressus
1752 3895 1813 3968 in
1870 3909 2084 3972 Sancta

2182 3900 2382 3975 ταρκὸς,
2429 3895 2585 3954 ἔλαϐε
2634 3900 2834 3976 καρπὸν
2880 3902 2972 3969 τῆς
3020 3901 3272 3981 ἰνσςίρκου
3319 3903 3477 3959 αὐτοῦ
3505 3897 3812 3979 ἐπιδημίας,

435 4001 803 4067 sanctorum,
835 3993 947 4056 hac
972 4000 1065 4055 est
1095 3994 1155 4054 in
1182 3992 1396 4055 caelum
1434 4011 1568 4055 cum
1601 4011 1803 4076 carne,
1831 3996 2081 4059 fructum

2182 3988 2263 4055 την
2293 3986 2553 4065 ἡμετέραν
2596 3990 2851 4045 υἱοθεσίαν
2881 4005 2968 4046 και
2998 3992 3286 4071 σωτηρίαν.

433 4083 666 4165 accepit
694 4101 979 4165 suae,quaa
1000 4081 1063 4143 in
1088 4100 1269 4145 carne
1292 4067 1802 4155 erat,visitationis
1822 4094 2081 4149 nostram

2255 4100 2281 4131 ι
2318 4067 2508 4155 "ager.
2537 4074 2591 4131 δὲ.
2623 4081 2763 4151 αὺτῷ
2819 4078 3043 4157 ἅγγελος
3095 4067 3310 4159 Κυρίου,
3343 4080 3510 4141 ἑστὼς
3545 4078 3605 4133 ἐκ
3633 4076 3812 4144 δεξιῶν

433 4171 681 4235 salutem
713 4181 771 4236 et
800 4172 859 4233 in
891 4171 1048 4234 ﬁlios
1077 4171 1483 4252 adoptionem.

2182 4173 2258 4222 ςοῡ
2298 4167 2667 4244 θυσιαστηρίου
2722 4176 2814 4224 τοῦ
2867 4171 3221 4245 θυμιάματος,
3278 4196 3301 4226 s
3366 4168 3438 4226 Οὐ
3469 4175 3596 4224 πᾶσι
3628 4169 3813 4247 ιραίνε-

513 4259 696 4325 Vens.
735 4263 829 4325 11.
870 4281 897 4320 ε
919 4260 1209 4342 Apparuit
1234 4267 1431 4323 autem
1465 4260 1551 4322 illi
1580 4261 1824 4339 angelus
1852 4263 2089 4327 Domini

2182 4278 2253 4312 ται
2284 4258 2312 4312 6
2353 4253 2601 4335 ἄγγελος,
2634 4254 2771 4312 ἀλλὰ
2800 4271 2917 4320 τοῖς
2972 4262 3224 4337 καθαροῖς
3256 4264 3323 4335 τῇ
3353 4255 3558 4337 καρδίᾳ,
3593 4258 3714 4321 οἶος
3748 4259 3814 4325 ἦν

434 4357 597 4413 stans
626 4368 662 4412 a
681 4350 907 4413 dextris
926 4350 1129 4413 altaris
1160 4349 1633 4431 thymiamatis.)
1648 4349 1782 4414 Non
1807 4353 2087 4416 omnibus

2182 4348 2195 4401 5
2240 4345 2532 4424 Ζαχαρίας.
2593 4347 2976 4423 Θυσιαστήριον
3032 4345 3084 4402 δὲ
3114 4354 3207 4404 τοῦ
3253 4348 3583 4423 θυμιάματος
3630 4348 3808 4421 εἶπεν,

429 4448 680 4545 apparet
704 4440 976 4545 angelus,
1024 4440 1138 4545 sed.
1178 4439 1421 4545 mundis
1464 4438 1670 4542 corde,
1724 4442 1915 4545 qualis
1958 4451 2086 4544 erat

2182 4435 2281 4491 insi
2318 4432 2385 4502 ἧι
2438 4434 2525 4489 καὶ
2566 4432 2739 4512 ἕτερον
2796 4437 3187 4515 θυσιαστήριον,
3244 4441 3303 4492 τὸ
3356 4459 3457 4492 των
3503 4435 3809 4493 ὁλοκαυτωο

2224 4525 2235 4545 ι

428 4528 764 4593 Zacharias.
797 4529 998 4592 Altare
1044 4535 1242 4591 autem
1295 4527 1694 4609 thymiamatis
1742 4529 1908 4606 dixit,
1944 4525 2372 4613 (ιυίεινμάτωνο

429 4626 558 4682 erat
587 4625 645 4681 et
667 4620 923 4682 alterum
951 4618 1138 4681 altare
1167 4618 1677 4682 holocaustorum.
2156 4652 2159 4663 ι

509 4793 691 4862 Vsus.
732 4795 945 4861 12-14.
984 4820 1011 4853 ι
1044 4796 1118 4860 Et
1159 4794 1428 4859 turbatus
1474 4804 1563 4858 est
1607 4795 1942 4875 Zacharias,
1975 4797 2078 4861 illo

2248 4813 2275 4845 α
2322 4787 2426 4851 Καὶ
2470 4788 2741 4870 ἐταράχθη
2772 4794 3041 4871 Ζαγαρίας
3100 4792 3243 4872 ἰδὼν,
3297 4795 3381 4847 καὶ
3426 4790 3586 4871 φόϐος
3620 4795 3811 4849 επετεο

424 4888 572 4964 viso,
606 4904 675 4949 ac
705 4885 887 4948 timor
915 4885 1085 4948 irruit
1137 4903 1319 4967 super
1357 4903 1521 4949 eum.
1570 4884 1728 4947 Dixit
1772 4894 1971 4950 autem
2003 4888 2075 4949 ad

2182 4900 2251 4935 τεν
2281 4879 2367 4936 ἄπ’
2426 4878 2605 4941 αὐτόν.
2657 4883 2792 4937 Εἷπε
2836 4879 2891 4936 δὲ
2936 4883 3066 4960 πρὸς
3112 4883 3263 4938 αὐτὸν
3309 4882 3336 4936 6
3385 4878 3613 4957 ἄγγελος
3650 4897 3663 4910 ·
3725 4883 3816 4948 Μὴ

425 4993 563 5038 eum
614 4975 865 5053 angelus
915 4993 930 5039 :
986 4974 1072 5039 Ne
1130 4965 1359 5049 timeas,
1421 4972 1729 5051 Zacharia,
1798 4974 2080 5057 quoniam

2182 4965 2350 5048 ροϐοὖ,
2398 4968 2661 5047 Ζαχαρία,
2721 4967 2858 5025 διότι
2918 4971 3236 5037 είσηκοόσθη
3280 4972 3314 5036 ἡ
3343 4968 3523 5035 δέησις
3553 4991 3645 5025 σου
3681 4989 3694 5001 ·
3734 4973 3819 5024 καὶ

424 5064 700 5128 exaudita
745 5074 835 5129 est
872 5064 1219 5145 deprecatio
1265 5072 1399 5126 tua:
1438 5081 1711 5145 uxorque
1760 5055 1861 5126 tua
1889 5063 2077 5126 Elisa-

2182 5081 2195 5125 λ
2248 5059 2379 5135 γυνή
2432 5077 2524 5113 σου
2582 5055 2858 5114 Ἐλισάϐετ
2913 5061 3157 5137 γεννήσει
3213 5060 3324 5114 υίόν
3394 5078 3495 5136 σοι,
3573 5059 3660 5113 καὶ
3712 5080 3816 5113 κα-

424 5152 567 5217 beth
616 5154 807 5236 pariet
855 5144 963 5217 tibi
1012 5153 1226 5230 ﬁlium,
1272 5160 1333 5215 et
1383 5144 1627 5215 vocabis,
1672 5171 1889 5215 nomen
1948 5154 2078 5234 ejus

2182 5147 2331 5210 ιέσεις
2376 5147 2436 5202 τὸ
2465 5144 2632 5222 ὄνομα
2688 5147 2847 5205 αὐτοῦ
2884 5144 3133 5214 Ἰωάννην
3167 5164 3183 5179 ’
3244 5150 3332 5202 καὶ
3365 5145 3511 5202 ἔσται
3540 5147 3685 5226 χαρά
3731 5170 3813 5203 σοι

419 5234 710 5306 Joannem
764 5266 779 5305 :
838 5252 898 5306 et
955 5243 1071 5306 erit
1114 5243 1394 5324 gaudium
1452 5241 1561 5305 tibi
1623 5250 1683 5304 et
1734 5241 2069 5317 exsultatio,

2182 5238 2245 5293 Lai
2296 5234 2627 5316 ἀγγελίασις,
2688 5239 2774 5291 καὶ
2840 5236 3031 5295 πολλοὶ
3086 5236 3171 5293 ἐπὶ
3243 5242 3312 5311 τῇ
3367 5256 3611 5313 γεννησει
3655 5238 3813 5293 αὐτοῦ

423 5332 709 5415 multique
739 5332 799 5394 in
831 5323 1278 5413 nativitateejus
1305 5331 1670 5413 gaudebunt.
1712 5356 1738 5388 ν
1774 5329 2073 5393 Turbatur

2182 5327 2506 5406 ιαρήσονται.
2556 5347 2580 5382 ι
2660 5326 2981 5404 Ταράττεται
3029 5327 3125 5401 μὶν
3175 5328 3202 5382 6
3273 5324 3564 5403 Ζαχαρίας,
3611 5323 3806 5379 Ἀσυν-

421 5411 666 5503 quidem
706 5420 1041 5486 Zacharias.
1076 5411 1334 5484 Insolitai
1379 5422 1539 5484 enim
1588 5420 1844 5484 visiones
1880 5420 2066 5482 etiam

2182 5419 2288 5487 ίθης
2331 5416 2429 5494 γὰρ
2470 5414 2593 5488 (ῖψις
2664 5417 2751 5471 καὶ
2813 5416 2937 5479 τοὺς
2989 5416 3166 5494 ἁγίους
3226 5417 3491 5493 ταράττει,
3566 5411 3719 5469 Ἀλλ’
3779 5415 3805 5468 6

414 5502 655 5575 sanctos
684 5510 947 5576 turbant.
980 5510 1203 5576 Verum
1235 5510 1465 5591 angelis
1494 5510 1805 5574 confestim
1854 5507 2063 5571 turba-

2186 5503 2378 5583 γγελος
2449 5502 2796 5559 καταστέλλει
2852 5506 2949 5570 τὴν
3000 5506 3243 5584 ταραχήν
3280 5520 3292 5533 ⁸
3374 5504 3647 5581 πανταχοῦ
3708 5505 3806 5579 γαρ

492 5646 525 5698 5
556 5646 710 5711 Psal.
735 5661 982 5721 LXXXIII,
1020 5646 1080 5709 t.
