4162 6228
426 252 531 314 711

1404 252 1946 317 THOPHYLACTI
1990 212 2398 313 BIJ'LGARI/E
2442 248 2796 311 ARCHIEP.

3692 246 3812 312 71?

427 390 867 465 generationem
900 397 1099 453 autem
1138 395 1198 451 et
1227 386 1672 467 generationem
1706 387 1911 447 dicens
1936 403 2069 447 esse

2154 380 2452 443 ἐλεοῦνται.
2512 384 2598 450 Εἷς
2665 385 2850 462 γενεὰν
2909 384 2963 441 δὲ
3021 387 3106 442 καὶ
3160 387 3346 464 γενεὰν
3402 388 3618 443 εἰποῦσα
3664 386 3808 442 εἶναι

429 478 898 540 misericordiam
931 478 1059 551 Dei,
1095 478 1352 539 ostendit
1383 477 1537 557 quod
1600 475 2067 537 misericordiam

427 578 814 648 assequentur
839 576 894 628 et
926 569 983 628 in
1027 568 1303 647 praesenti
1359 565 1598 645 saeculo,
1634 573 1691 625 et
1741 563 1801 625 in
1848 566 2065 637 tuturo,

429 656 1053 733 n'empezeternoﬁam
1073 657 1165 717 hic
1179 654 1519 735 centuplum
1546 653 1927 733 accipiunt,et
1948 654 2069 714 illic

430 747 603 823 longe
630 747 1375 825 ampliusAttendeautem
1398 743 1553 824 quod
1575 742 1827 822 primum
1854 742 2072 821 magni-

429 838 559 895 licat
584 836 780 896 anima
812 836 1148 906 Dominum,
1186 843 1244 893 et
1268 834 1487 917 deinde
1521 833 1765 912 spiritus
1796 835 2067 893 exsultat:

428 932 489 984 ut
516 924 711 985 simile
740 925 881 1005 quid
916 924 1133 995 dicam,
1158 924 1491 1001 magniﬁcat
1522 925 1731 993 Deum,
1765 922 1861 999 qui
1897 922 2073 1000 digne

418 1012 586 1092 juxta
620 1016 801 1074 Deum
834 1012 1118 1074 ambulat.
1152 1014 1406 1073 Vocatus
1439 1030 1501 1072 es
1527 1011 1919 1083 Christianus,
1955 1031 2072 1073 non

427 1110 741 1163 attenuans
772 1120 988 1163 nomen
1036 1109 1092 1162 et
1148 1101 1493 1180 dignitatem
1546 1099 1759 1162 Christi
1802 1101 2072 1162 faciendo

428 1192 579 1270 quod
615 1210 732 1252 non
765 1199 1026 1270 Oportet,
1063 1191 1165 1252 sed
1204 1191 1590 1269 magnificans
1627 1191 1926 1268 operando
1952 1208 2075 1249 ma-

428 1299 562 1355 gna,
616 1281 1001 1360 ccelestiaque
1044 1299 1249 1359 opera.
1302 1279 1370 1339 Et
1426 1287 1565 1339 tunc
1609 1280 1778 1339 etiam
1832 1279 2076 1359 spiritus

431 1379 562 1429 tuus
597 1371 933 1451 exsultabit,
970 1372 1078 1431 huc
1113 1379 1223 1446 est,
1281 1369 1586 1449 spirituale
1638 1370 1855 1428 donum
1916 1367 2072 1447 quod

426 1460 704 1537 accepisti
731 1478 835 1539 per
864 1462 1101 1540 egregia
1132 1478 1335 1538 opera,
1362 1457 1673 1519 exsultabit
1701 1468 1757 1519 et
1780 1458 2068 1537 proﬁciet.

432 1548 498 1608 Et
532 1567 646 1608 non
666 1551 1072 1622 contrahetur,
1108 1558 1187 1629 et,
1222 1559 1281 1610 ut
1311 1550 1386 1611 ita
1420 1548 1635 1608 dlcam.
1683 1547 2071 1609 mortiﬁcabi-

2152 471 2212 526 τὸ
2282 469 2429 535 θεός
2478 479 2571 530 τοῦ
2640 479 2793 548 Θεοῦ,
2859 484 3016 533 τοῦτο
3080 470 3370 546 ἐδήλωσεν,
3403 474 3484 530 ὅτι
3540 476 3627 531 καὶ
3658 473 3711 530 ἒν
3742 478 3811 551 τῇ

2154 566 2239 615 νῦν
2288 565 2446 639 γενεᾷ
2501 559 2794 637 ἐλεοῦνται,
2867 562 3105 620 τουτέστι
3161 569 3240 637 τῷ
3334 569 3421 620 νῦν
3478 564 3649 620 αἰῶνι·
3719 566 3806 620 καὶ

2154 645 2210 703 ἔν
2250 654 2320 725 τῇ
2375 646 2648 727 μελλοῦσῃ
2702 657 2883 729 γενεᾷ,
2968 658 3045 726 τῷ
3096 651 3377 729 ἆπερᾶντῳ
3430 650 3575 731 λέγω
3629 654 3804 708 αἰῶνιο

2155 738 2418 795 κάνταῦθα
2482 740 2585 819 γὰρ
2666 740 3182 799 ἑκατονταπλασίονα
3279 739 3631 821 λαμϐάνουσι,
3699 740 3805 797 κᾶ-

2154 841 2305 884 κεῖσε
2376 827 2562 904 πολλῷ
2613 828 2852 893 πλείονα.
2904 833 3152 913 Πρόσχεσ
3205 828 3260 888 δί
3307 829 3389 888 ὅτι
3418 832 3672 912 πρότερον
3702 853 3801 896 μεο

2154 914 2369 995 γαλύνει
2425 920 2459 986 ἠ
2522 920 2677 1000 ψυχὴ
2729 921 2820 976 τὸν
2882 922 3091 1001 Κύριον,
3126 925 3246 978 εἶτα
3274 922 3336 978 τὸ
3363 928 3569 996 πνεῦμα
3627 919 3803 999 ἄγαλο

2156 1004 2354 1063 λιᾶται’
2417 1008 2536 1065 οἷόν
2592 1030 2642 1065 τι
2700 1008 2864 1089 λέγω*
2926 1010 3224 1089 Μεγαλύνει
3282 1012 3373 1067 τὸν
3402 1013 3533 1068 Θεὸν
3567 1011 3596 1068 ό
3650 1008 3803 1076 ἀξίως

2156 1102 2248 1152 τοῦ
2333 1104 2464 1155 Θεοῦ
2549 1102 2928 1177 πορευόμενος,
3017 1101 3328 1181 Χριστιανὸς
3408 1099 3664 1175 ἐκλήθης,
3724 1103 3802 1175 μὴ

2158 1188 2452 1266 σμικρύνῃς
2515 1190 2578 1246 τὸ
2629 1188 2834 1266 ἀξίωμα
2892 1198 2986 1249 τοῦ
3060 1198 3283 1270 Χριστοῦ
3361 1191 3449 1248 καὶ
3495 1192 3557 1247 τὸ
3610 1189 3800 1265 ὄνομα,

2158 1272 2242 1331 διὰ
2292 1286 2385 1337 τοῦ
2438 1279 2687 1357 πράττειν
2742 1280 2808 1337 τὰ
2864 1282 2941 1355 μὴ
2997 1278 3202 1362 δέοντα,
3276 1280 3412 1338 ἀλλὰ
3509 1278 3805 1359 μεγάλυνον

2157 1365 2306 1445 αὐτὸ,
2370 1367 2608 1446 μεγάλας
2668 1370 2755 1426 καὶ
2809 1369 3077 1451 ούρανίους
3148 1369 3362 1449 πράξεις
3441 1371 3633 1427 τελῶν·
3718 1369 3805 1425 καὶ

2153 1452 2275 1510 τότε
2331 1457 2418 1513 καὶ
2464 1459 2527 1514 τὸ
2579 1460 2788 1536 πνεῦμά
2842 1482 2934 1516 σου
2990 1458 3395 1538 ἀγαλλιάσεται,
3453 1457 3687 1517 τουτέστι
3743 1459 3805 1513 τὸ

2154 1548 2510 1619 πνευματικὸν
2574 1548 2838 1628 χάρισμα,
2905 1548 2933 1604 ὅ
3004 1546 3191 1613 ἔλαϐες
3241 1546 3325 1605 διὰ
3388 1549 3495 1606 τῶν
3554 1546 3805 1627 μεγάλων

431 1645 545 1698 tur.
573 1636 735 1698 Scias
767 1647 1054 1717 prieterea
1093 1638 1277 1699 videri
1309 1636 1674 1715 Scripturam
1722 1635 2070 1715 simpliciter

2154 1631 2414 1710 πράξεων,
2484 1639 2757 1716 σκιρτήσει
2826 1639 2915 1695 καὶ
2970 1638 3252 1717 προκόψει·
3310 1636 3431 1694 ἀλλ’
3488 1639 3548 1695 οὗ
3601 1656 3801 1692 συστα-

427 1725 581 1784 idem
606 1726 806 1787 dicere
830 1727 1098 1805 spiritum
1132 1734 1191 1786 et
1222 1726 1479 1786 animam
1509 1726 1563 1797 8,
1598 1725 1838 1804 proprie
1873 1734 2069 1791 tamen

2156 1717 2377 1807 λήσεται
2435 1725 2544 1805 καὶ,
2618 1730 2737 1784 οἷον
2794 1727 2989 1801 εἰπεῖν,
3077 1728 3488 1807 νεκρωθήσεται.
3571 1725 3800 1782 roum

425 1813 640 1876 diil'ert.
673 1817 1003 1879 Animalem
1042 1816 1198 1877 enim
1229 1825 1397 1875 280
1430 1816 1731 1875 hominem
1765 1814 1910 1877 dicit
1932 1834 2069 1876 eum

426 1902 522 1982 qui
545 1904 710 1982 juxta
745 1915 1009 1966 naturam
1046 1906 1199 1985 vivit,
1236 1916 1295 1966 et
1326 1905 1600 1966 humanis
1631 1903 1957 1965 rationibus
1980 1923 2071 1966 re-

426 1994 595 2068 gitur.
631 1995 919 2074 siquando
951 1995 1223 2055 esuriens
1244 1994 1686 2066 comodat,odio
1713 1992 1925 2054 haheat
1948 1994 2069 2054 ini-

428 2083 671 2156 micum,
707 2094 763 2144 et
794 2088 851 2144 in
885 2102 1135 2163 summa,
1172 2085 1219 2144 si
1253 2084 1399 2144 nihil
1433 2101 1611 2161 supra
1636 2083 1936 2144 hominem
1961 2101 2070 2162 ap-

429 2182 648 2249 pareat.
697 2172 1076 2251 Spiritualem
1124 2192 1284 2246 vero,
1331 2172 1431 2252 qui
1488 2172 1853 2233 transcendit
1910 2171 2074 2251 leges

426 2270 671 2334 naturae,
714 2270 771 2322 et
800 2280 915 2320 non
952 2261 1211 2322 humano
1257 2280 1421 2323 more
1474 2262 1641 2339 sapit.
1704 2263 1769 2322 Et
1815 2261 1943 2323 haec
1983 2271 2073 2323 est

429 2350 769 2413 itiﬂerentia
798 2351 1009 2410 anima:
1040 2359 1093 2410 et
1121 2350 1370 2430 spiritus
1402 2351 1459 2411 in
1488 2350 1819 2430 Scriptura.
1863 2353 2072 2413 Medici

428 2439 670 2500 forsitan
704 2440 827 2499 haec
857 2439 1026 2499 aliter
1055 2439 1426 2513 discernunt,
1460 2440 1563 2501 sed
1604 2438 1772 2501 nobis
1801 2438 2073 2520 Sciptura

427 2528 591 2589 cordi
620 2537 731 2601 est,
766 2528 986 2589 medici
1016 2547 1154 2589 vero
1184 2529 1436 2592 valeant.

506 2795 689 2857 Vens.
724 2796 942 2858 51-56.
976 2820 996 2851 α
1024 2796 1189 2858 Fecit
1226 2796 1408 2858 robur
1439 2798 1494 2858 in
1529 2796 1772 2858 brachio
1810 2818 1936 2871 suo,
1971 2801 2067 2862 ni-

425 2886 642 2968 spersit
661 2884 954 2966 superbos
973 2885 1322 2964 cognatione
1343 2886 1542 2947 cordis
1573 2887 2071 2967 ipsorum.Detra-

2154 1806 2209 1865 δὲ
2271 1811 2351 1869 ὅτι
2422 1814 2457 1881 ἡ
2514 1816 2697 1896 Γραφὴ
2768 1815 2955 1880 ἁπλῶς
3012 1816 3111 1892 μὲν
3174 1806 3237 1873 τὸ
3267 1818 3392 1874 αὐτὸ
3449 1813 3600 1873 δοκεῖ
3627 1814 3800 1893 λέγειν

2156 1906 2362 1977 πνεῦμα
2429 1905 2517 1959 καὶ
2590 1906 2799 1985 ψυχὴν,
2834 1906 3035 1986 κυρίως
3092 1903 3147 1962 δὶ
3203 1903 3526 1964 διαστέλλειο
3571 1907 3803 1985 ψυχικὸν

2156 1998 2254 2064 μὲν
2307 1992 2407 2072 γὰρ
2478 1992 2750 2073 ἄνθρωπον
2805 1994 2951 2076 λέγει
2986 1996 3076 2052 τὸν
3112 1997 3250 2053 κατὰ
3295 1997 3448 2076 φύσιν
3488 2002 3686 2077 ζῶντα,
3714 1997 3803 2051 καὶ

2155 2078 2495 2159 ἀνθρωπίνοις
2606 2083 2889 2165 λογισμοῖς
2970 2083 3354 2162 διοικούμενον,
3449 2086 3571 2143 οἷον
3674 2084 3803 2141 ὅταν

2155 2174 2331 2245 πεινᾷ,
2391 2171 2651 2249 ὶτθίοντα,
2711 2176 2805 2232 τὸν
2858 2174 3053 2255 ἐχθρὸν
3126 2180 3406 2252 μισοῦντα,
3440 2176 3526 2232 καὶ
3591 2173 3802 2247 ἁπλῶς,

2156 2258 2323 2332 μηδὲν
2381 2259 2510 2341 ὑπὲρ
2580 2263 2732 2342 φύσιν
2804 2265 3220 2343 φανταζόμενον⁶
3296 2266 3647 2341 πνευματικὸν
3719 2262 3797 2335 δὲ,

2152 2348 2245 2403 τὸν
2313 2348 2710 2426 ᾧπεραναϐαἱντα
2783 2352 2904 2417 τοὺς
2989 2354 3087 2420 τῆς
3156 2353 3360 2433 φύσεως
3438 2354 3654 2433 νόμους,
3712 2354 3801 2409 καὶ

2154 2434 2323 2510 μηδὲν
2376 2438 2702 2516 ἀνθρώπινον
2758 2443 3069 2521 φρονοῦντα⁸
3147 2441 3236 2499 καὶ
3312 2440 3448 2509 αὕτη
3544 2441 3683 2499 ἐστὶν
3763 2443 3797 2509 ἡ

2153 2522 2372 2611 διαφορὰ
2433 2531 2620 2608 ψυχῆς
2678 2531 2764 2586 καὶ
2820 2531 3118 2607 πνεύματος
3148 2530 3203 2588 ἂν
3392 2535 3432 2586 Γ
3434 2536 3598 2611 ραφῇ⁶
3651 2529 3798 2609 τάχα

2152 2610 2207 2668 δὲ
2273 2615 2439 2693 ἰατροὶ
2511 2614 2688 2683 ἄλλως
2757 2625 2921 2676 ταῦτα
2978 2616 3349 2698 διακρίνουσιν’
3382 2610 3668 2693 mihva
3698 2623 3795 2685 τῆς

2152 2706 2363 2783 Γραφῆς
2405 2703 2581 2780 μέλεισ
2614 2707 2781 2787 ἰατροὶ
2813 2705 2868 2764 δὲ
2896 2706 3307 2788 ψειρέσθωσαν.

2238 2813 2267 2846 ε
2326 2794 2578 2862 Ἐποίησε
2636 2798 2828 2875 κράτος
2901 2797 2956 2853 ἐν
3004 2798 3249 2878 βραχίονι
3309 2799 3489 2857 αὐτοῦ’
3548 2794 3793 2875 διεσκόρο

2154 2902 2307 2937 πισεν
2374 2884 2739 2965 ὑπερηφάνως
2782 2883 2984 2958 διανοίᾳ
3039 2884 3252 2965 καρδίας
3324 2888 3516 2944 αὐτῶν
3579 2883 3793 2942 καθεῖλε

428 2967 506 3038 xit
528 2985 810 3057 potentes
838 2976 911 3036 de
934 2976 1266 3050 sedibus,et
1297 2976 1569 3037 exaltavit
1597 2978 1877 3041 humiles.
1913 2980 2069 3041 Esu-

2154 2967 2409 3036 δυνάστας
2464 2973 2570 3031 ἀπὸ
2627 2974 2846 3053 θρόνων,
2907 2975 2995 3031 καὶ
3066 2974 3247 3051 ὕψωσε
3292 2975 3600 3037 ταπεινούς·
3669 2994 3795 3030 πει-

426 3068 651 3125 rientcs
691 3065 952 3145 iinplevit
996 3065 1190 3139 bonis,
1241 3075 1295 3126 et
1334 3065 1545 3126 divites
1578 3067 1801 3128 dimisit
1836 3068 2065 3133 inanes.

2154 3066 2353 3126 νῶντας
2421 3061 2714 3131 ὶνέπλησεν
2817 3064 3050 3143 ἀγαθῶν,
3124 3067 3212 3121 καὶ
3296 3062 3649 3128 πλουτοῦντας
3708 3062 3797 3128 ἐξ·

424 3152 696 3234 Suscepit
725 3153 902 3214 Israel
939 3174 1185 3233 puerum
1220 3173 1418 3229 suum,
1443 3166 1502 3214 ut
1536 3175 1764 3216 memor
1784 3168 1942 3219 esset
1968 3159 2070 3220 mi-

2154 3149 2432 3208 απὲστειλε
2487 3155 2691 3217 κενούς*
2746 3151 3064 3211 ἀντελάϐετο
3124 3151 3334 3226 Ἰσραὴλ
3404 3151 3589 3219 παιδὸς
3613 3154 3793 3231 αὑτοῦ,

396 3243 784 3317 νερείεοτιίἰαξ.
822 3241 983 3304 Sicut
1027 3243 1260 3304 locutus
1316 3256 1405 3305 est
1459 3247 1529 3304 ad
1584 3254 1780 3325 patres
1810 3257 2063 3321 nostros,

2154 3243 2449 3314 μνησθῆναι
2496 3240 2697 3314 ιλέους,
2787 3246 2958 3309 καθὼς
3042 3243 3271 3311 ἐλάλησε
3328 3244 3459 3323 πρὸς
3514 3245 3636 3307 τοὺς
3693 3263 3799 3298 πασ-

422 3332 743 3404 Abraham,
772 3341 826 3391 et
857 3332 1069 3393 semini
1096 3333 1246 3413 ejus,
1278 3332 1336 3392 in
1367 3334 1670 3397 saeculum.
1718 3336 1925 3397 Mansit
1954 3357 2063 3398 au-

2154 3328 2302 3406 τέρας
2358 3332 2513 3405 ἡμῶν
2569 3339 2646 3407 τῷ
2707 3329 2950 3411 Ἀϐραὰμ
3002 3335 3091 3390 καὶ
3150 3339 3227 3407 τῷ
3288 3334 3551 3414 σπέρματι
3607 3333 3790 3404 αῦτοῦ,

423 3430 541 3484 tem
575 3422 753 3483 Maria
784 3441 914 3482 cum
948 3421 1043 3482 illa
1068 3422 1369 3483 mensibus
1396 3423 1634 3485 circiter
1665 3424 1940 3503 tribus,et
1966 3445 2062 3488 re-

2154 3438 2219 3481 εις
2276 3419 2364 3475 τὸν
2412 3422 2598 3482 αἰῶνα.
2660 3420 2896 3497 ’Ἔμεινε
2947 3421 3002 3478 δὲ
3048 3424 3266 3501 Μαριὰμ
3322 3423 3417 3480 σὺν
3474 3424 3607 3499 αύτῇ
3671 3419 3796 3476 ὡσεὶ

420 3531 590 3572 versa
620 3521 709 3573 est
734 3512 790 3570 in
817 3510 1055 3570 domum
1089 3530 1277 3574 suam.
1311 3538 1334 3567 ιο
1375 3512 1689 3574 Brachium
1725 3514 1928 3593 patris,
1960 3517 2059 3577 Fi-

2154 3510 2319 3574 αῆνας
2389 3522 2557 3588 τρεῖς.
2613 3512 2710 3567 Καὶ
2757 3510 3086 3591 ὑπέστρεψεν
3116 3513 3191 3593 είς
3217 3515 3311 3568 τον
3340 3512 3498 3568 οἷκον
3539 3511 3726 3576 αύτῆς.
3765 3530 3788 3565 ε

425 3604 559 3661 lius.
590 3600 753 3662 Fecit
796 3600 972 3678 igitur
1001 3600 1181 3660 robur
1212 3610 1267 3661 et
1310 3601 1583 3663 virtutem
1626 3622 1691 3663 ac
1725 3588 2060 3675 'potentian

2154 3598 2396 3676 Βραχίων
2450 3608 2540 3657 τοῦ
2595 3602 2817 3678 Πατρὸς,
2880 3588 3101 3664 όΥίός.
3165 3588 3450 3667 Ἐποίησεν
3473 3599 3563 3656 οὖν
3604 3598 3796 3677 κρίτος

422 3700 625 3751 contra
654 3700 918 3750 naturam
949 3692 1103 3751 Deus
1127 3688 1367 3751 etPater
1390 3691 1443 3750 in
1469 3690 1618 3753 Filio
1642 3694 2064 3756 suo.lncarna-

2154 3688 2236 3742 καὶ
2290 3685 2507 3763 δύναμιν
2576 3690 2713 3745 κατὰ
2785 3692 2885 3759 τῆς
2941 3692 3146 3769 φύσεως
3198 3689 3227 3745 ό
3287 3690 3418 3751 Θεὸς
3478 3688 3567 3745 καὶ
3614 3686 3797 3765 Πατὴρ

424 3788 480 3839 to
506 3781 663 3840 enim
687 3778 857 3849 Filio,
891 3779 1036 3839 victa
1087 3788 1177 3839 est
1226 3793 1457 3851 natura,
1495 3779 1739 3859 Virgine
1774 3782 2058 3861 pariente,

2154 3773 2203 3830 ἐν
2259 3782 2336 3851 τῷ
2395 3778 2499 3851 ι’ἱῴ
2529 3777 2707 3841 αὑτοῦ,
2786 3779 3158 3857 Σαρκωθὲντος
3216 3778 3317 3856 γὰρ
3389 3779 3481 3834 τοῦ
3511 3777 3655 3856 ι’ίοῦ,
3716 3775 3799 3831 ιν-

423 3869 542 3930 Deo
566 3869 809 3929 homine
840 3868 988 3929 facto
1015 3886 1028 3931 :
1064 3869 1304 3930 homine
1326 3889 1465 3931 vero
1504 3870 1801 3933 deiﬁcato.
1837 3871 1905 3932 Et
1935 3874 2064 3933 dist-

2154 3866 2326 3935 ηκήθη
2384 3867 2418 3933 ἡ
2475 3866 2647 3946 φύσις,
2706 3868 2965 3948 παρθένου
3021 3868 3304 3941 τεκούσης,
3341 3874 3475 3923 Θεοῦ
3527 3865 3796 3945 ἀνθρωπι-

424 3960 605 4036 persit
632 3957 915 4018 Dominus
945 3958 1234 4038 superbos
1266 3959 1591 4033 diemones,
1620 3961 1823 4039 ejectis
1846 3962 1965 4023 illis
1994 3981 2060 4024 ex

2154 3953 2380 4034 πθέντος,
2442 3955 2715 4034 ἀνθρώπου
2797 3957 3107 4020 θεωθὲντοςσ
3181 3957 3269 4013 καὶ
3351 3952 3713 4034 διεσκόρπισεν
3768 3956 3798 4011 ὁ

420 4049 694 4109 humanis
714 4046 1112 4121 animabus,et
1133 4048 1263 4108 aliis
1287 4048 1527 4128 quidem
1558 4048 1615 4110 in
1639 4049 1910 4129 abyssum
1926 4053 2066 4113 mis-

2154 4044 2335 4124 Κύριος
2403 4044 2524 4109 τοὺς
2587 4046 2953 4126 ὑπερηφάνους
3004 4044 3283 4127 δαίμονας,
3328 4042 3569 4102 ἐκϐαλὼν
3609 4044 3796 4105 αὐτοὺς

421 4138 874 4209 sis,aliisautem
904 4138 961 4194 in
991 4154 1200 4216 porcos
1234 4139 1450 4198 Poterit
1471 4146 1665 4198 autem
1682 4142 1826 4200 etde
1848 4141 2065 4203 Iudaeis

2154 4134 2254 4189 ἀπὸ
2314 4138 2420 4190 τῶν
2484 4136 2819 4214 ἀνθρωπίνων
2886 4140 3100 4216 ψυχῶν·
3160 4136 3249 4192 καί
3304 4133 3393 4198 οὓς
3437 4134 3538 4210 μὲν
3581 4134 3657 4199 εἰς
3696 4132 3797 4200 τὴν

417 4225 693 4303 intelligi,
718 4243 866 4305 quos
912 4224 1193 4304 dispersit
1239 4226 1295 4285 in
1342 4245 1577 4287 omnem
1633 4228 1974 4305 regionem:
2007 4240 2064 4291 et

2154 4219 2374 4280 Ξὶϐυσσον
2422 4223 2667 4300 πέμψας,
2726 4224 2812 4290 οὕς
2862 4223 2917 4281 δὲ
2974 4226 3049 4289 είς
3106 4224 3228 4289 τοὺς
3271 4224 3511 4305 χοίρους.
3570 4223 3795 4280 Δύναται

421 4313 1480 4394 nuncdispersisunt.Porrodetraxit
1501 4317 1675 4378 etiam
1708 4320 2066 4398 potentesde

2154 4308 2202 4367 δὲ
2272 4314 2358 4369 καὶ
2414 4314 2531 4391 περί
2590 4317 2695 4369 τῶν
2750 4311 3027 4371 Ἰουδαίων
3055 4317 3334 4386 νοηθῆναι,
3367 4313 3457 4378 οὕς
3487 4311 3794 4393 διεσκόρπι-

422 4402 687 4476 sedibus,
721 4403 1023 4464 daemones
1050 4403 1207 4477 dico,
1243 4404 1344 4486 qui
1378 4413 1582 4466 contra
1611 4405 1883 4469 homines
1907 4427 2060 4488 prae-

2154 4421 2235 4457 σεν
2292 4402 2387 4481 εἰς
2424 4408 2596 4461 πᾶσαν
2648 4403 2856 4484 χώραν,
2912 4404 3001 4462 καὶ
3093 4411 3181 4462 νῦν
3242 4400 3614 4479 διεσπαρμενοι
3674 4403 3790 4459 είσί·

421 4500 748 4565 vatuerunt,
783 4501 838 4553 et
870 4493 1041 4554 sedes
1073 4493 1129 4553 in
1166 4493 1440 4555 humanis
1472 4495 1763 4557 habebant
1799 4500 2061 4576 pectori-

2154 4490 2361 4549 καθεῖλε
2431 4490 2486 4549 δὲ
2557 4495 2648 4550 καὶ
2704 4493 2959 4557 δυνάστας
2990 4494 3096 4551 ἀπὸ
3123 4494 3346 4574 θρόνων,
3376 4494 3501 4559 τοὺς
3542 4490 3793 4569 δαίμονας

422 4585 622 4661 lms,in
651 4582 770 4642 illis
790 4582 1253 4661 requiescentes.
1282 4584 1445 4645 Sicut
1468 4592 1529 4646 et
1548 4585 1828 4647 Pharisaei
1862 4597 2064 4665 poten-

2154 4580 2312 4659 λέγω,
2385 4579 2443 4636 οἵ
2510 4581 2948 4642 κατεδυνάστευον
3004 4589 3112 4639 τῶν
3182 4582 3495 4662 ἀνθρώπων,
3526 4584 3612 4639 καὶ
3668 4582 3793 4662 θρό-

421 4672 817 4753 tes,nimirum
844 4689 913 4731 ea
945 4690 1075 4751 quae
1093 4690 1445 4752 pauperum,
1476 4672 1935 4755 deripientes,et
1963 4696 2062 4739 ca-

2154 4693 2267 4735 νους
2324 4671 2486 4751 ε’ίχον
2540 4673 2631 4739 τὰς
2687 4672 3015 4753 ἀνθρωπίνας
3072 4674 3278 4755 ψυχὰς,
3309 4676 3367 4730 εν
3412 4676 3603 4738 αὖταῖς
3659 4672 3794 4735 ἄνι-

422 4763 660 4823 thedras
691 4759 914 4823 habent
946 4770 1007 4820 ut
1037 4761 1374 4834 doctores,a
1396 4762 1612 4842 quibus
1630 4762 1878 4843 depositi
1903 4776 2057 4827 sunt.

2154 4760 2467 4837 παυόμενοι·
2514 4760 2652 4819 ἀλλὰ
2706 4765 2794 4820 καὶ
2851 4764 2898 4820 oi
2944 4768 3229 4843 Φαρισαῖοι
3300 4761 3578 4843 δύνάσται,
3607 4764 3681 4829 ὣς
3734 4764 3797 4819 τὰ

421 4851 488 4912 Et
519 4850 791 4912 exaltavit
820 4849 1377 4929 humiles,homiues
1407 4870 1554 4932 quos
1574 4852 2061 4936 humiliaratpec-

2154 4851 2255 4908 τῶν
2323 4856 2563 4931 πτωχῶν
2592 4853 3038 4931 καθαρπάζοντες,
3085 4852 3297 4931 θρόνους
3327 4850 3381 4907 δὲ
3417 4850 3667 4933 ἔχοντες,
3723 4854 3797 4915 ὣς

418 4941 731 5015 catum,vel
756 4939 1280 5018 gentes.Exaltavit
1310 4948 1506 5002 autem
1534 4941 1827 5023 adoptatis
1852 4944 1985 5006 illos
2003 4946 2061 5006 in

2154 4936 2471 5017 διδάσκαλοι,
2530 4939 2622 5019 ἀφ’
2682 4942 2757 4999 ὧν
2808 4942 3197 5023 καθῃρέθησαν
3266 4944 3356 4998 καὶ
3435 4943 3618 5017 ’ύψωσε
3693 4963 3796 4999 τα-

420 5031 595 5092 tilius.
631 5030 812 5110 Igitur
832 5028 983 5091 sicut
1006 5037 1064 5090 et
1088 5029 1421 5093 esurientes
1439 5030 1640 5094 dicere
1666 5031 1798 5095 licet
1819 5035 2064 5096 eosdem

2154 5029 2360 5093 πεινοὺς
2415 5029 2535 5095 τοὺς
2592 5029 2918 5112 ἀνθρώπους,
2973 5030 3061 5097 οὕς
3130 5029 3477 5089 ὶταπείνωσεν
3520 5032 3557 5098 ἡ
3613 5032 3792 5110 ἆμαρ-

396 5120 907 5199 ‘gentiles,utpote
939 5137 1055 5180 non
1083 5117 1375 5183 habentes
1396 5120 1484 5181 vel
1506 5121 1965 5201 Scripturas,vel
1987 5122 2067 5186 le-

2154 5120 2255 5199 τία,
2314 5117 2351 5187 ἢ
2406 5119 2475 5177 τὰ
2527 5117 2674 5202 ἴθνηο
2707 5119 2888 5198 ὕψωσε
2912 5121 3013 5202 γὰρ
3040 5128 3228 5197 ταῦτα,
3259 5120 3513 5178 υἱοθεσίαν
3556 5121 3794 5201 χαρισά-

420 5227 575 5286 gem,
612 5214 697 5269 vel
726 5210 1019 5282 mandata,
1054 5227 1203 5287 quos
1231 5208 1493 5289 implevit
1528 5199 1698 5272 bonis
1729 5210 2061 5293 Scriptura-

2154 5228 2309 5285 μενος
2366 5209 2572 5273 αὐτοῖς.
2610 5199 2829 5290 υΩιτιπερ
2858 5199 2947 5269 οὖν
2973 5199 3061 5269 καὶ
3108 5218 3401 5274 πεινῶντας
3427 5210 3549 5275 τοὺς
3579 5199 3791 5285 αὐτοὺς,

420 5314 551 5357 rom
578 5297 656 5359 ita
677 5308 739 5360 et
768 5298 1003 5360 Judaaos
1036 5297 1244 5359 divites
1274 5306 1332 5358 et
1356 5298 1414 5358 in
1446 5298 1599 5379 lege,
1633 5318 1700 5362 ac
1730 5301 1788 5362 in
1824 5302 2067 5364 manda-

2154 5300 2286 5365 τοῦ(
2310 5296 2363 5365 ἒξ
2388 5296 2548 5357 ἐθνῶν
2578 5297 2744 5380 λέγον
2778 5300 2838 5359 οὗ
2869 5300 2969 5381 γὰρ
2997 5301 3163 5381 εἶχον
3190 5301 3425 5382 Γραφᾶς,
3470 5300 3506 5369 ἢ
3539 5299 3728 5382 νόμον,
3757 5299 3795 5368 ἢ

420 5386 518 5467 tis,
541 5406 691 5467 quos
722 5387 899 5450 etiam
936 5385 1134 5450 emisit
1166 5394 1328 5449 extra
1354 5394 1651 5461 terrenam
1674 5398 1733 5451 et
1756 5390 2060 5454 caelestem

2154 5388 2387 5452 ἱντολάς·
2420 5387 2714 5456 ὂνέπλησεν
2784 5391 2995 5469 ἀγαθῶν
3050 5396 3154 5449 τῶν
3210 5389 3513 5470 Γραφικῶν,
3572 5391 3694 5456 τοὺς
3740 5387 3793 5446 ὃ

497 5558 529 5605 ⁸
610 5554 751 5619 Cor.
786 5573 853 5632 tl,
888 5557 985 5621 15.
