4162 6228
449 307 570 377 715
1408 316 1996 387 THEOPHYLACTI
2039 315 2453 384 BULGABIAB
2499 316 2856 386 ARCHIEP.
3709 314 3837 387 716

450 454 709 516 Joannes
766 452 1000 533 sibiipsi
1066 454 1285 517 indidit
1340 452 1585 539 nomen,
1636 458 1931 540 matrique
1979 474 2071 518 sua

2157 452 2412 522 ,ἐλάλησε
2467 456 2586 536 περὶ
2639 457 2730 512 τοὺ
2794 457 3082 533 ὀνόματος,
3160 457 3242 515 ὅτι
3302 456 3557 525 Ἰωάννης
3611 458 3719 516 ἐστὶ
3774 460 3842 514 τὸ

451 544 904 605 communicavit
932 543 1153 605 donum
1186 547 1627 626 propheticum.
1657 549 1840 610 Porro
1871 547 2071 608 Zacha‘

2180 541 2348 618 ὄνομα
2406 549 2565 604 αὐτοῦ
2596 561 2611 575 ⁸
2667 545 2815 626 τάχα
2869 544 2923 602 δὲ
2981 549 3071 605 καὶ
3119 548 3148 603 ὁ
3198 545 3450 613 Ἰωάννης
3480 548 3634 611 αὐτὸς
3665 547 3841 622 ἑαυτῴ

448 632 568 693 rias
593 651 727 693 cum
752 651 868 693 non
904 640 1098 712 posset
1129 642 1275 697 nutu
1303 636 1680 699 manifestare
1713 655 1953 711 nomen,
1986 655 2097 717 pe-

452 721 519 781 tit
545 721 816 786 tabellas.
848 720 921 783 Et
951 722 1091 802 quia
1118 723 1469 803 astipulatus
1498 734 1587 786 est
1615 727 1925 787 sententiae
1957 746 2095 787 uxo-

444 809 530 871 ris
560 811 619 870 in
666 811 907 873 nomine
956 811 1146 892 pueri,
1199 812 1627 895 obstupescunt
1669 833 1922 878 omnes:
1975 834 2093 877 non

448 900 606 960 enim
631 908 756 960 erat
784 900 844 960 in
875 901 1225 979 cognatione
1255 920 1462 964 eorum
1496 903 1785 985 quispiam
1819 906 1949 984 ejus
1978 924 2092 966 no-

446 989 646 1065 minis,
684 996 747 1050 ut
777 990 908 1069 quis
930 988 1132 1050 dicere
1159 992 1343 1070 possit
1373 992 1529 1072 quod
1557 1003 1695 1055 ante
1744 1004 1975 1073 tempus
2017 994 2092 1055 de

444 1077 559 1139 hoc
590 1077 763 1139 ambo
795 1077 1122 1141 tra'ctarint.
1165 1081 1421 1141 Joannes
1447 1083 1615 1159 juxta
1642 1081 2091 1163 interpretatio-

444 1185 583 1229 nem
614 1175 725 1247 est,
756 1166 862 1228 Dei
892 1167 1081 1245 gratia
1108 1189 1121 1230 :
1157 1168 1407 1247 proinde
1437 1179 1495 1231 et
1517 1179 1681 1249 pater
1710 1170 1867 1233 illius
1896 1171 2089 1232 statim

443 1266 754 1319 assecutus
783 1257 1059 1336 gratiam,
1091 1257 1347 1337 primum
1373 1258 1449 1320 de
1482 1258 1734 1333 Christo,
1768 1260 1987 1323 deinde
2015 1261 2090 1323 de

444 1364 626 1426 puero
653 1346 1037 1426 prophetizat.

520 1523 703 1586 VERs.
731 1524 935 1587 65-75.
977 1547 999 1580 α
1036 1523 1104 1584 Et
1128 1523 1316 1585 factus
1350 1532 1441 1585 est
1487 1525 1664 1587 timor
1720 1546 1826 1605 per
1877 1546 2086 1590 omnes

437 1612 661 1674 vicinos
690 1630 919 1687 eorum,
947 1611 1083 1673 etin
1118 1619 1236 1672 tota
1270 1620 1547 1674 montana
1586 1614 1828 1693 regione
1869 1616 2087 1678 Judaaae

436 1700 1100 1799 divulgabanturumnia
1110 1700 1285 1761 verba
1303 1701 1516 1799 hmc,et
1538 1713 1863 1781 posuerunt
1878 1723 2084 1766 omnes
2107 1750 2144 1799 Β

435 1792 535 1870 qui
552 1789 859 1851 audierant
879 1789 939 1850 in
963 1789 1141 1850 corde
1164 1790 1606 1864 suo,dicentes:
1634 1792 1915 1864 Quisnam
1940 1813 2085 1874 puer

433 1880 529 1941 hic
559 1880 701 1943 erit?
730 1878 800 1940 Et
831 1897 1039 1940 manus
1081 1877 1315 1940 Domini
1370 1889 1496 1941 erat
1531 1899 1665 1942 cum
1714 1881 1836 1946 illo.
1868 1884 1943 1945 Et
1970 1886 2080 1947 Za-

433 1970 664 2032 charias
700 1977 869 2049 pater
891 1969 1021 2047 ejus
1049 1968 1315 2047 repletus
1354 1978 1446 2030 est
1466 1970 1689 2049 Spiritu
1710 1981 2071 2049 sancto,pro.

438 2059 818 2139 phetavitque
862 2056 1115 2117 dicens:
1157 2057 1519 2119 Benedictus
1582 2058 1869 2123 Dominus
1923 2061 2082 2124 Deus

435 2146 637 2220 Israel,
674 2148 774 2226 qui
805 2145 1053 2206 visitavit
1082 2152 1142 2204 et
1168 2144 1307 2206 fecit
1336 2147 1809 2227 redemptionem
1864 2153 2081 2231 populo

429 2254 534 2297 suo
593 2235 663 2295 Et
692 2233 963 2295 excitavit
992 2250 1177 2293 cornu
1207 2233 1410 2295 salutis
1437 2236 1605 2297 nobis
1650 2238 1710 2297 in
1755 2238 1931 2300 domo
1960 2239 2081 2302 Da-

432 2324 527 2384 vid
560 2323 729 2403 pueri
763 2321 856 2383 sui
891 2340 904 2381 :
936 2322 1087 2381 sicut
1114 2321 1252 2381 282
1283 2322 1519 2384 locutus
1551 2334 1639 2387 est
1690 2345 1795 2405 per
1824 2346 1888 2388 os
1932 2347 2079 2390 san-

428 2421 683 2493 ctorum,
716 2411 819 2492 qui
846 2430 879 2471 a
909 2410 1123 2470 saeculo
1156 2420 1294 2472 sunt
1342 2414 1763 2493 prophetarum
1798 2434 2067 2482 suorum.

424 2503 687 2565 Salutem
719 2519 788 2561 ex
818 2498 1075 2560 inimicis
1121 2499 1362 2581 nostris,
1397 2509 1455 2562 et
1484 2500 1560 2562 de
1590 2521 1768 2564 manu
1801 2505 2068 2568 omnium

424 2593 524 2675 qui
556 2592 807 2653 oderunt
861 2606 994 2650 nos.
1022 2585 1093 2650 Ut
1138 2587 1359 2650 faceret
1416 2590 1883 2653 misericordiam
1935 2614 2068 2656 cum

424 2681 696 2764 patrihus
725 2678 958 2752 nostris,
999 2685 1056 2738 et
1104 2694 1336 2739 memor
1392 2687 1550 2740 esset
1606 2683 1945 2743 testamenti
1977 2685 2068 2746 sui

419 2773 606 2834 sancti
619 2768 813 2834 .Juxta
827 2765 1243 2847 jusjurandum
1260 2767 1415 2847 quod
1433 2769 1653 2847 juravit
1672 2770 1744 2831 ad
1766 2772 2066 2835 Abraham

418 2870 649 2943 patrem
678 2866 974 2936 nostrum,
1000 2863 1062 2915 ut
1092 2854 1258 2916 daret
1290 2856 1561 2920 nobis.Ut
1589 2861 1734 2921 citra
1766 2860 2064 2938 timorem,

416 2953 492 3014 de
523 2968 699 3011 manu
721 2946 1096 3008 inimicorum
1125 2951 1461 3007 nostrorum
1488 2948 1723 3010 liberati
1742 2951 2068 3014 serviamus

2178 632 2457 712 περιέθηκε
2514 635 2575 690 τὸ
2629 634 2797 711 ὄνομα
2831 655 2845 669 ⁸
2900 641 2969 713 τῇ
3023 637 3125 717 γὰρ
3169 638 3331 715 μητρὶ
3374 637 3527 702 αὐτὸς
3567 631 3835 712 μετέδωκέ

2176 728 2269 778 τοῦ
2325 732 2653 802 προφητικοῦ
2703 724 3058 803 χαρίσματος.
3142 726 3240 781 Διὰ
3298 726 3555 801 νεύματος
3624 723 3678 780 δὲ
3747 726 3830 801 μὴ

2176 806 2462 886 δυνάμενος
2539 815 2567 869 ὁ
2638 814 2907 892 Ζαχαρίας
2974 811 3211 881 δηλῶσαι
3296 816 3357 870 τὸ
3434 812 3625 894 ὄνομα,
3687 816 3830 871 αἰτεῖ

2174 898 2465 957 πινακίδιον
2500 920 2512 933 ·
2576 903 2665 958 καὶ
2723 899 2904 970 ἐπειδὴ
2957 902 3292 980 ὠμοφώνησε
3349 908 3417 979 τῇ
3459 904 3666 981 γυναικὶ
3707 905 3827 981 περὶ

2174 988 2235 1042 τὸ
2291 986 2461 1063 ὄνομα
2489 996 2581 1046 τοῦ
2638 986 2849 1065 παιδὸς,
2897 989 3283 1060 ἐκπλήττονται
3325 992 3517 1056 πάντες
3554 1011 3570 1026 ο
3621 995 3680 1050 οὗ
3722 994 3827 1070 γὰρ

2172 1074 2238 1143 ἧν
2290 1076 2342 1133 ἐν
2397 1083 2468 1155 τῇ
2525 1079 2797 1157 συγγενείᾳ
2855 1081 3051 1159 αὐτῶν,
3113 1078 3207 1136 ἵνα
3249 1102 3328 1143 τις
3362 1079 3471 1161 ἔχῃ
3514 1083 3708 1161 εἰπεῖν,
3742 1080 3825 1138 ὅτι

2175 1166 2276 1244 πρὸ
2334 1174 2519 1246 καιροῦ
2575 1175 2729 1225 τοῦτο
2759 1166 3026 1244 ἐμελέτων
3080 1168 3394 1249 ἀμφότεροι.
3457 1167 3708 1238 Ἰωάννης
3766 1169 3824 1227 δὲ

2174 1254 2521 1330 ἑρμηνεύεται
2566 1264 2699 1316 Θεοῦ
2756 1258 2918 1337 χάρις
2952 1277 2969 1293 ο
3029 1254 3110 1313 διὸ
3182 1260 3270 1317 καὶ
3326 1261 3355 1315 ὁ
3427 1259 3603 1336 πατὴρ
3666 1261 3825 1317 αὐτοῦ

2172 1343 2360 1409 εῦθέως
2418 1347 2756 1425 χαριτωθεὶς,
2807 1346 3130 1426 προφητεύει
3186 1348 3307 1426 περί
3353 1370 3410 1404 τε
3461 1355 3556 1405 τοῦ
3596 1355 3823 1428 Χριστοῦ

2170 1431 2443 1513 πρότερον,
2476 1436 2565 1490 καὶ
2593 1435 2710 1511 περὶ
2738 1441 2829 1490 τοῦ
2856 1432 3043 1499 παιδὸς
3086 1434 3327 1513 ὕστερον,

2256 1533 2280 1569 ι
2317 1516 2416 1572 Καὶ
2473 1513 2682 1593 ἐγένετο
2724 1514 2810 1571 ἐπὶ
2860 1516 3061 1578 πάντας
3106 1517 3268 1596 φόβος
3312 1516 3434 1581 τοὺς
3482 1525 3816 1597 περιοικοῦν-

2167 1623 2262 1665 τας
2320 1603 2507 1667 αὐτούς
2540 1622 2557 1639 ⁸
2618 1606 2704 1661 καὶ
2761 1604 2817 1660 ἐν
2886 1604 2991 1681 ὅλη
3043 1610 3113 1681 τῇ
3175 1609 3356 1685 ὀρεινῇ
3413 1612 3510 1673 τῆς
3566 1606 3816 1672 ἰουδαίας

2167 1687 2466 1749 διελαλεῖτο
2494 1696 2667 1750 πάντα
2708 1694 2775 1751 τὰ
2802 1693 3017 1771 ῥήματα
3046 1694 3213 1753 ταῦτα
3248 1712 3262 1726 ’
3309 1697 3398 1753 καὶ
3444 1694 3617 1753 ἔθεντο
3672 1698 3813 1753 πάν-

2165 1801 2252 1844 τες
2321 1784 2369 1837 οἱ
2422 1782 2738 1847 ἀκούσαντες
2792 1785 2847 1839 ἓν
2905 1789 2974 1859 τῇ
3028 1781 3210 1857 καρδίᾳ
3261 1784 3463 1861 αὐτῶν,
3514 1783 3759 1865 λέγοντες
3793 1802 3809 1819 ·

2166 1869 2226 1926 Τί
2276 1870 2376 1950 ἄρα
2419 1873 2479 1927 τὸ
2535 1868 2742 1929 παιδίον
2799 1880 2952 1930 τοῦτο
3005 1870 3149 1928 ἔσται
3185 1888 3201 1947 ;
3236 1874 3335 1931 Καὶ
3366 1875 3485 1955 χεὶρ
3520 1877 3705 1954 Κυρίου
3747 1876 3813 1944 ἧν

2166 1959 2282 2034 μετ’
2342 1964 2525 2019 αὐτοῦ.
2588 1962 2684 2017 Καὶ
2740 1961 3005 2040 Ζαχαρίας
3062 1963 3091 2017 ὁ
3147 1962 3326 2042 πατὴρ
3368 1967 3527 2023 αῦτου
3571 1963 3812 2034 ἐπλήσθη

2166 2049 2468 2123 Πνεύματος
2527 2049 2698 2128 ἁγίου,
2756 2051 2844 2105 καὶ
2922 2050 3306 2131 προεφήτευσε,
3363 2050 3535 2131 λέγων
3571 2076 3584 2089 ·
3647 2051 3811 2112 Εὔλαι-

2164 2139 2329 2214 γητὸς
2372 2136 2568 2218 Κύριος
2617 2141 2645 2194 'o
2709 2140 2840 2201 Θεὸς
2905 2145 2996 2194 τοῦ
3053 2135 3288 2219 Ἰσραὴλ,
3344 2139 3425 2196 ὅτι
3483 2141 3813 2217 ἐπεσκέψατο

2163 2227 2249 2283 καὶ
2292 2226 2511 2295 ἐποίησε
2569 2225 2825 2307 λύτρωσιν
2881 2233 2957 2301 τῷ
3024 2225 3141 2300 λαῷ
3224 2228 3384 2285 αὐτοῦ
3413 2246 3428 2261 ⁸
3490 2231 3577 2287 καὶ
3633 2230 3810 2309 ἤγειρε

2160 2314 2317 2394 κέρας
2375 2317 2640 2396 σωτηρίας
2695 2318 2832 2391 ἡμῖν
2890 2316 2945 2372 ἐν
2985 2321 3063 2390 τῷ
3102 2314 3242 2392 οἴκῳ
3288 2316 3449 2376 Δαϐὶδ
3478 2327 3572 2377 τοῦ
3625 2318 3811 2384 παιδὸς

2160 2405 2316 2464 αὑτοῦ
2350 2424 2363 2438 ’
2424 2406 2599 2468 καθὼς
2658 2403 2888 2471 ἐλάλησε
2921 2404 3005 2461 διὰ
3037 2406 3304 2481 στόματος
3347 2414 3454 2464 τῶν
3484 2409 3648 2487 ἁγίων
3700 2415 3806 2465 τῶν

2155 2490 2248 2548 ἀπ’
2308 2495 2498 2559 αἰῶνος
2557 2499 2846 2574 προφητῶν
2921 2497 3078 2552 αὐτοῦ
3114 2512 3128 2527 ⁸
3190 2498 3455 2576 σωτηρίαν
3498 2496 3549 2562 ἐξ
3594 2498 3797 2578 ἐχθρῶν

2152 2582 2331 2663 ἡμῶν,
2387 2585 2477 2640 καὶ
2510 2584 2571 2640 ἐκ
2626 2584 2811 2664 χειρὸς
2854 2583 3068 2641 πάντων
3111 2586 3217 2641 τῶν
3265 2587 3561 2661 μισούντων
3602 2591 3742 2663 ἡμᾶς
3774 2606 3789 2620 ·

2151 2673 2373 2737 ποιησαι
2446 2672 2593 2739 ἕλεος
2650 2673 2787 2749 μετὰ
2855 2673 2961 2730 τῶν
3018 2672 3259 2753 πατέρωι
3313 2676 3491 2750 ἡμῶν,
3539 2677 3625 2732 καὶ
3654 2699 3795 2752 μνη-

2153 2762 2338 2827 σθῆναι
2410 2760 2668 2833 διαθήκης
2754 2762 2907 2842 ἁγίας
2996 2763 3177 2827 αὐτοῦ,
3236 2762 3436 2840 "Op-ao.)
3506 2768 3565 2822 οὗ
3618 2765 3796 2841 ὤμοσε

2151 2853 2281 2929 πρὸς
2341 2849 2582 2932 Ἀϐραὰμ
2634 2854 2725 2909 τὸν
2775 2851 2977 2927 πατέρα
3036 2853 3216 2929 ἡμῶν,
3276 2861 3368 2911 τοῦ
3437 2853 3611 2913 δοῦναι
3664 2858 3796 2930 ἡμῖν

2152 2937 2387 3019 ἀφόϐως,
2446 2945 2507 2999 ἐκ
2563 2943 2747 3022 χειρὸς
2778 2942 2884 2998 τῶν
2936 2941 3143 3021 ἐχθρῶν
3170 2944 3326 3017 ἡμῶν
3352 2943 3652 3025 ῥυσθέντας,
3694 2943 3798 3000 λα-

416 3040 531 3122 ipsi
574 3040 636 3100 in
688 3035 994 3099 sanctitate
1040 3042 1100 3095 et
1138 3034 1366 3112 justitia
1416 3054 1614 3098 coram
1649 3038 1803 3120 ipso,
1840 3042 2068 3103 cunctis

2157 3030 2352 3107 τρεύειν
2409 3030 2552 3105 αὐτῷ
2620 3032 2674 3089 ἐν
2730 3031 2970 3099 ὁσιότητι
3043 3032 3131 3088 καὶ
3208 3030 3508 3111 δικαιοσύνη
3579 3034 3800 3091 ἐνώπιον

414 3128 625 3191 diebus
661 3127 791 3187 vitae
821 3132 1060 3186 nostrae.
1100 3145 1123 3179 υ
1158 3122 1367 3184 Factus
1399 3133 1487 3185 est
1513 3125 1690 3187 timor
1719 3146 1901 3207 super
1934 3149 2066 3190 om-

414 3238 543 3297 nes,
579 3224 820 3298 propter
852 3211 1197 3273 miraculum
1225 3212 1522 3293 loquentis
1543 3216 1860 3281 Zachariaa.
1896 3216 2066 3281 Sicut

414 3309 574 3372 enim
610 3304 772 3386 prius
795 3322 927 3364 cum
952 3301 1688 3384 obmutuisset,stupuerat
1706 3308 2071 3387 populus,ita

418 3398 592 3460 etiam
612 3413 767 3456 nunc
787 3410 917 3452 cum
941 3390 1179 3451 redditu
1200 3409 1226 3449 s
1254 3400 1341 3451 est
1373 3395 1423 3454 ei
1452 3398 1937 3477 sermo.Propter
1952 3398 2071 3459 duo

419 3489 599 3566 igitur
630 3480 913 3544 miracula
934 3480 1059 3540 haec
1089 3478 1425 3557 cogitabant
1454 3480 1527 3542 de
1562 3494 1699 3545 nato
1734 3485 1890 3565 quod
1912 3488 2069 3548 mul-

416 3586 507 3639 tos
541 3572 930 3657 praecelleret.
966 3570 1143 3631 Facta
1174 3578 1369 3629 autem
1396 3572 1682 3633 sunthaec
1714 3575 1913 3636 omnia
1945 3576 2067 3636 sin-

417 3667 550 3746 gula
575 3663 826 3746 quadam
860 3657 1320 3746 dispensatione,
1349 3670 1409 3721 ut
1443 3663 1540 3739 qui
1570 3668 1644 3722 de
1676 3661 1910 3725 Christo
1937 3682 2066 3745 pro.

416 3744 816 3837 phetiiaturus
847 3755 1022 3821 esset,
1050 3746 1163 3807 ﬁde
1181 3744 1394 3825 dignus
1424 3747 1835 3837 haberetur,et
1855 3744 2067 3816 omnes

419 3836 489 3908 ex
539 3846 664 3923 ipsa
724 3837 1026 3906 nativitate
1067 3838 1315 3897 Joannis
1346 3836 1637 3899 certiores
1668 3839 2066 3905 redderentur

419 3936 577 4018 quod
603 3930 801 3993 multis
820 3927 1010 4018 major
1032 3924 1527 4018 esset._Bene_dicit
1545 3933 1741 4018 (uitem
1758 3928 2067 3993 Zacharias

418 4013 629 4103 Deum,
664 4020 801 4101 quia
827 4016 1158 4077 visitaverat
1206 4013 1525 4078 Israelitas.
1560 4016 1628 4078 Et
1670 4019 1928 4098 profecto
1959 4039 2059 4082 ve-

425 4120 597 4176 nerat
617 4102 690 4170 ad
720 4124 857 4169 oves
886 4121 1016 4184 quae
1050 4102 1294 4183 perditae
1323 4111 1492 4163 erant
1520 4106 1593 4166 de
1624 4106 1801 4167 domo
1856 4106 2062 4178 Israel,

421 4204 524 4266 sed
559 4198 825 4282 plerique
842 4192 1198 4256 beneficium
1232 4192 1362 4271 ejus
1390 4194 1697 4274 suscipere
1720 4195 2058 4276 noluerunt,

420 4281 586 4355 unde
607 4306 776 4351 veros
806 4282 1097 4346 Israelitas
1120 4281 1342 4345 invisit.
1378 4284 1448 4343 Et
1473 4284 1711 4363 quinam
1746 4293 1882 4346 sunt
1928 4287 2063 4351 illi?

2158 3120 2315 3175 αῦτου
2357 3121 2531 3185 πάσας
2561 3121 2656 3184 τὰς
2682 3121 2886 3199 ἡμέρας
2931 3125 3031 3189 τῆς
3077 3122 3219 3192 ζωῆς
3249 3124 3431 3198 ἡμῶν.
3462 3143 3493 3184 ι
3557 3122 3801 3203 Ἐγένετο

2156 3206 2243 3265 ἐπὶ
2298 3211 2499 3274 πάντας
2558 3208 2741 3290 φόϐος,
2788 3208 2874 3266 διὰ
2922 3211 2985 3266 τὸ
3014 3208 3307 3289 παράδοξον
3332 3218 3432 3280 τῆς
3476 3220 3570 3271 τοῦ
3610 3220 3797 3293 Ζαχα-

2154 3298 2265 3375 ρίου
2295 3298 2662 3370 ἐκλαλήσεως.
2721 3299 2930 3380 ’Ὥσπερ
2984 3300 3085 3379 γὰρ
3140 3299 3227 3358 ἐπὶ
3280 3306 3349 3378 τῇ
3403 3308 3584 3379 σιωπῇ
3612 3300 3794 3368 ἐξέστη

2157 3388 2184 3441 ὁ
2241 3386 2397 3465 λαὸς,
2445 3389 2584 3448 οὕτω
2624 3392 2713 3447 καὶ
2757 3389 2842 3447 ἐπὶ
2896 3395 2974 3464 τῷ
3016 3387 3249 3457 λαλῆσαι
3302 3391 3481 3449 αὐτόν’
3515 3394 3589 3456 ὡς
3619 3393 3679 3449 ἂν
3711 3389 3793 3448 διὰ

2154 3479 2256 3534 τῶν
2315 3476 2403 3535 δύο
2476 3480 2677 3536 τούτων
2732 3479 3036 3555 θαυμάτων,
3123 3477 3543 3558 συλλογίσωνται
3598 3482 3791 3546 πάντες

2153 3568 2269 3644 περὶ
2337 3570 2432 3625 τοῦ
2485 3568 2793 3649 τεχθέντος,
2861 3570 2936 3631 ὡς
2992 3567 3123 3647 ὑπὲρ
3176 3569 3297 3633 τοὺς
3354 3568 3586 3633 πολλούς
3656 3570 3791 3633 ἐστι,

2152 3663 2325 3712 Ταῦτα
2367 3654 2423 3712 δὲ
2460 3657 2634 3714 πάντα
2681 3658 2917 3736 ἐγίνοντο
2971 3657 3348 3734 οἰκονομικῶς,
3379 3656 3472 3714 ’ίνα
3499 3660 3528 3714 ὁ
3556 3660 3674 3738 περὶ
3701 3666 3795 3717 τοῦ

2150 3752 2377 3824 Χριστοῦ
2445 3745 2658 3822 μέλλων
2709 3747 3087 3827 μαρτυρήσειν,
3150 3743 3457 3812 ἀξιόπιστος
3527 3747 3646 3827 εἴη,
3706 3750 3795 3805 καὶ

2148 3836 2343 3898 πάντες
2400 3834 2877 3917 πληροφορηθῶσιν
2934 3834 2985 3902 ἐξ
3049 3834 3213 3905 αὐτῆς
3275 3841 3376 3904 τῆς
3418 3847 3511 3898 τοῦ
3555 3835 3794 3898 Ἰωάννου

2148 3926 2475 4001 γεννήσεως,
2534 3925 2616 3982 ὅτι
2659 3926 2954 4001 ὑπὲρ.τοὺς
2985 3923 3215 3989 πολλούς
3259 3925 3424 3990 ἐστιν,
3487 3926 3712 4006 Εὗλογεϊ
3739 3925 3794 3984 δὲ

2148 4015 2175 4068 ὁ
2233 4015 2501 4094 Ζαχαρίας
2556 4015 2649 4071 τὸν
2707 4017 2860 4091 Θεὸν,
2916 4016 2990 4079 ὡς
3041 4013 3467 4092 ἐπισκεψάμενον
3516 4018 3636 4081 τοὺς
3682 4014 3791 4074 Ἰσ-

2151 4102 2456 4181 ραηλίτας;
2515 4111 2592 4177 τῷ
2646 4104 2754 4161 ὄντι
2812 4105 2913 4183 γὰρ
2964 4107 3039 4169 είς
3101 4105 3167 4161 τὰ
3234 4102 3475 4184 πρόϐατα
3531 4104 3657 4174 ἦλθε
3724 4107 3791 4166 τὰ

2148 4191 2466 4250 ἀπολωλότα
2535 4192 2691 4251 οἴνου
2760 4190 3000 4272 Ἰσραὴλ,
3076 4189 3198 4249 ἀλλ’
3256 4195 3351 4251 οὒκ
3419 4193 3683 4263 ἠθέλησαν
3743 4197 3791 4253 οἱ

2146 4280 2382 4346 πλείονες
2441 4284 2611 4339 αὐτῶν
2668 4279 2906 4348 δέξασθαι
2984 4282 3083 4350 τὴν
3125 4282 3285 4363 χάριν
3314 4299 3333 4320 ⁸
3383 4281 3464 4341 διὸ
3533 4286 3618 4342 καὶ
3672 4285 3793 4353 τοῦς

419 4382 490 4445 Hi
524 4382 621 4463 qui
653 4373 1054 4439 crediderunt.
1088 4370 1585 4463 Excitavitautem
1610 4390 1797 4434 cornu
1828 4377 2055 4451 salutis,

2157 4371 2356 4439 ἱληθῶς
2416 4370 2748 4463 Ἰσραηλίτας
2836 4371 3194 4449 ἐπεσκέψατο,
3271 4373 3470 4438 οἵτινές
3551 4376 3683 4432 εἰσιν
3750 4398 3779 4433 ο

420 4461 671 4543 hoc'est,
695 4467 973 4530 virtutem
1006 4468 1064 4523 et
1091 4480 1340 4541 regnum
1373 4461 1651 4525 salutare.
1682 4462 1879 4526 Cornu
1904 4466 2062 4527 enim

421 4561 510 4623 vel
534 4555 854 4642 potentiam
888 4551 1202 4642 significat,
1233 4562 1480 4642 cornuta
1527 4552 1683 4613 enim
1740 4553 2065 4617 animantia

422 4653 484 4713 in
523 4639 709 4712 cornu
745 4645 929 4707 robur
987 4639 1234 4712 habent,
1290 4640 1381 4701 vel
1430 4659 1720 4720 regnum:
1756 4660 1826 4703 ex
1875 4662 2058 4707 cornu

419 4745 577 4805 enim
610 4755 783 4817 reges
805 4728 1470 4810 inungebantur.1taque
1488 4730 1759 4792 Christus
1775 4739 1833 4793 et
1855 4742 2061 4813 poten-

418 4833 499 4894 tia
530 4838 622 4891 est
647 4836 705 4890 et
733 4842 979 4903 regnum
1012 4819 1224 4882 Patris.
1260 4818 1583 4881 Excitatem
1625 4820 1805 4898 igitur
1834 4831 1922 4883 est
1950 4842 2063 4885 no-

415 4920 508 4983 bis
552 4935 736 4980 cornu
789 4911 1017 4985 salutis,
1052 4909 1343 4972 Christus.
1376 4906 1702 4970 Videbatur
1730 4909 1888 4971 enim
1919 4909 2063 4974 dor-

392 5012 591 5082 ‘mire,
627 5012 1017 5068 contemnens
1055 4998 1371 5059 multorum
1408 5006 1667 5077 peccata,
1702 4998 2062 5077 longanimi-

414 5106 593 5160 tatem
624 5096 683 5155 in
714 5090 1165 5154 simulacrorum
1192 5087 1399 5147 insano
1419 5085 1576 5148 cultu
1605 5105 1729 5165 pra}
1751 5104 1815 5148 se
1837 5086 2057 5165 ferens,

410 5188 514 5249 sed
541 5186 599 5247 in
626 5180 964 5245 novissimis
1008 5176 1375 5259 temporibus
1405 5176 1741 5238 incarnatus
1773 5177 2059 5242 excitatus

411 5287 522 5351 est,
560 5286 617 5337 et
647 5271 921 5335 contrivit
954 5287 1160 5329 omnes
1182 5266 1282 5348 qui
1309 5267 1565 5328 oderunt
1588 5286 1695 5328 nos
1726 5266 2047 5344 daemones,

408 5386 526 5428 non
553 5365 675 5445 jam
710 5363 862 5423 ultra
895 5358 1346 5438 longanimiset
1400 5356 1726 5417 dormiens.
1775 5354 1957 5418 Porro
1987 5358 2049 5420 in

406 5456 584 5519 domo
618 5450 799 5517 David
833 5448 1120 5512 excitatus
1152 5466 1235 5522 es,
1268 5447 1380 5508 hoc
1433 5454 1542 5521 est,
1577 5445 1635 5506 in
1685 5445 1990 5508 Bethleem
2027 5469 2042 5512 :

402 5545 526 5608 illic
559 5542 718 5606 enim
751 5548 923 5602 natus
946 5544 1057 5600 est.
1091 5535 1398 5598 Bethleem
1431 5542 1622 5596 autem
1650 5536 1835 5617 patria
1864 5534 2040 5600 David

2146 4462 2545 4527 πιστεύσαντες,
2594 4453 2831 4542 ’Ἦγειρε
2890 4459 2943 4517 δὲ
2996 4462 3153 4540 κέρας
3199 4464 3491 4544 σωτηρίας,
3526 4463 3789 4541 τουτέστι,

2144 4548 2363 4625 δὺναμιν
2421 4552 2514 4608 καὶ
2579 4549 2855 4627 βασιλείαν
2915 4552 3180 4630 σωτήριον
3214 4567 3230 4585 ·
3292 4554 3353 4609 τὸ
3403 4554 3504 4633 γὰρ
3557 4553 3714 4633 κέρας
3756 4554 3794 4623 ἢ

2143 4637 2363 4716 δύναμιν
2420 4643 2668 4717 σημαίνει
2699 4657 2718 4676 ⁸
2789 4641 2856 4697 τὰ
2898 4641 2998 4719 γὰρ
3060 4642 3359 4723 κερασφόρα
3407 4648 3518 4714 ζῶα
3561 4642 3616 4700 ἐν
3673 4658 3791 4708 τοῖς

2147 4729 2328 4805 κέρασι
2376 4730 2473 4798 τὴν
2528 4728 2745 4806 δύναμιν
2802 4729 3041 4810 ἔχουσιν,
3101 4730 3163 4814 ἢ⁸
3195 4729 3466 4808 βασιλείαν
3498 4751 3511 4766 ⁶
3566 4740 3644 4808 τῷ
3692 4734 3792 4814 γὰρ

2148 4817 2327 4897 κέρατι
2399 4818 2641 4899 ἐχρίοντο
2696 4820 2744 4876 οἱ
2819 4809 3086 4896 βασιλεῖς.
3148 4809 3206 4878 Ὀ
3264 4822 3353 4877 οὖν
3409 4822 3631 4901 Χριστὸς
3702 4809 3792 4879 iuit

2146 4905 2361 4983 δύναμίς
2434 4907 2544 4966 ἐστι
2613 4909 2701 4965 καὶ
2768 4906 3011 4984 βασιλεία
3080 4910 3173 4965 τοῦ
3216 4910 3421 4989 Πατρὸς
3456 4926 3470 4940 ·
3529 4910 3785 4992 ἐξηγέρθη

2146 4997 2234 5053 οῦν
2288 4999 2424 5072 ἡμῖν
2483 4996 2641 5077 κέρας
2713 4998 2977 5077 σωτηρίας
3029 4998 3057 5052 ὃ
3114 4998 3364 5077 Χριστός,
3436 4996 3641 5057 Ἐδοκει
3685 5002 3786 5080 γὰρ

2145 5086 2454 5161 ὅπνώττειν,
2513 5084 2985 5165 παραϐλεπόμενος
3069 5088 3163 5150 τὰς
3239 5086 3443 5153 πολλὰς
3499 5089 3781 5169 ἁμαρτίας,

2141 5178 2227 5233 καὶ
2299 5179 2646 5256 μακροθυμῶν
2700 5177 2788 5232 ἐπὶ
2844 5182 2912 5254 τῇ
2954 5173 3300 5253 εἶδωλομανίᾳ
3331 5191 3348 5207 ⁸
3396 5176 3516 5235 ἀλλ’
3563 5178 3617 5235 ἐν
3663 5192 3783 5245 τοῖς

2136 5265 2388 5347 ἐσχάτοις
2458 5266 2744 5346 σαρκωθεὶς
2788 5279 3018 5347 καιροῖς,
3071 5264 3327 5346 ἐξηγέρθη
3366 5269 3455 5325 καὶ
3505 5266 3780 5349 συνέτριψε

2133 5358 2332 5421 πάντας
2380 5356 2498 5421 τοὺς
2558 5365 2842 5433 μισοῦντας
2876 5358 3021 5433 ἡμᾶς
3064 5354 3341 5433 δαίμονας.
3394 5357 3601 5426 Μηκέτι
3644 5358 3781 5415 ἆνα-

2129 5448 2401 5526 σχόμενος
2458 5448 2651 5503 ὑπνοῦν
2703 5447 2792 5503 καὶ
2842 5448 3202 5526 μακροθυμεῖν
3231 5462 3249 5481 ⁶
3300 5445 3355 5503 ἐν
3412 5454 3491 5523 τῷ
3545 5447 3687 5522 οἴκῳ
3728 5447 3782 5506 δὲ

2129 5532 2293 5592 Δαὸὶδ
2351 5534 2635 5615 ἐξηγέρθη,
2714 5536 2982 5597 τουτέστιν
3066 5536 3121 5593 ἐν
3192 5537 3459 5615 Βηθλεέμ,
3520 5536 3638 5595 ἐκεῖ
3680 5539 3780 5618 γὰρ

404 5643 557 5715 erat,
594 5632 750 5695 sicut
780 5626 963 5691 locuti
992 5627 1229 5688 fuerunt
1257 5624 1578 5705 prophetae.
1610 5622 1831 5687 Omnes
1879 5625 2036 5688 enim

2157 5626 2383 5705 γεννήθη
2418 5642 2432 5657 ·
2481 5627 2518 5695 ἡ
2546 5624 2601 5683 δὲ
2632 5625 2900 5704 Βηθλείμ,
2949 5626 3160 5692 πάντως
3216 5625 3379 5694 ,πόλις
3430 5633 3521 5684 τοῦ
3593 5625 3773 5713 Δαϐὶδ,
