4162 6228
411 352 527 418 7l9
902 372 905 373 '
1372 350 1968 419 THEOPHYLACTI
2007 346 2425 445 .BULGARIE
2468 348 2824 411 ARCHIEP.
3679 334 3803 406 720

413 500 659 561 puerum
675 481 933 563 loquitur
949 481 1146 545 adhuc
1162 482 1526 543 inseusatum
1550 502 1618 543 ea
1632 503 1763 565 qua
1783 484 2045 565 loquitur

2130 483 2299 562 ,λέγει
2332 499 2347 514 ⁸
2407 483 2621 542 πάντως
2675 483 2777 563 γὰρ
2832 481 3135 554 ἀναισθήτῳ
3191 483 3304 536 ὁντι
3348 484 3426 554 τῷ
3468 475 3682 549 παιδίῳ,
3743 479 3806 535 οὑ

408 569 932 651 Dicendumigitur
944 572 1098 652 quod
1113 572 1263 633 sicut
1280 571 1573 633 insolitam
1590 573 2046 635 etadmirabileu

2154 572 2257 630 ἔδει
2314 572 2558 651 ὁμιλεῖν,
2607 571 2812 630 ’Ἔστιν
2877 573 2965 628 οὗν
3034 572 3207 627 εἰπεῖν
3262 569 3367 643 ὅτι,
3427 567 3607 643 ὥσπερ
3648 565 3801 633 ξένην

408 659 611 721 habuit
642 661 1020 723 nativitatum
1061 681 1233 743 puer.
1269 662 1367 742 qui
1401 662 1708 723 exsultavit
1730 671 1787 724 et
1817 664 2046 744 prophe

2152 668 2282 746 ἔσχε
2341 668 2441 732 τὴν
2484 665 2731 743 γέννησιν
2773 663 2835 720 τὸ
2892 660 3115 733 παιδίον,
3171 665 3463 740 σκιρτῆσαν
3508 659 3596 713 καὶ
3657 680 3798 734 προ-

408 749 547 810 tavit
576 750 636 825 in
670 758 836 811 utero
883 750 955 811 ad
1012 741 1332 813 adventum
1391 752 1594 814 Maria
1629 771 1641 814 :
1678 752 1764 812 sic
1816 741 1947 812 non
1980 770 2043 813 es

2150 741 2415 834 φτίέεῧσαν
2474 741 2528 810 ἕλ’
2572 759 2641 830 τῇ
2697 754 2876 831 μήτρᾳ
2929 753 3017 807 ἒπὶ
3081 751 3149 818 τῆ
3206 750 3463 823 παρουσίᾳ
3523 752 3621 814 τῆς
3681 753 3799 834 μοι-

407 840 621 901 mirum
656 839 706 900 si
737 838 913 900 etiam
954 858 1024 901 ea
1074 859 1201 919 qua
1246 859 1278 900 a
1318 848 1485 921 patre
1534 840 1909 913 dicebantur,
1934 860 2043 919 pos

2149 833 2299 923 ριὰμ,
2358 842 2523 908 οὕτως
2609 840 2758 898 οὒδὲν
2831 840 3054 897 ἄπιστον
3154 840 3242 897 καὶ
3311 838 3418 893 τῶν
3492 833 3799 914 λεγομένων

405 928 768 989 nativitatem
827 928 1213 991 intellexerit.
1278 927 1524 990 Praibis
1577 938 1795 1006 autem,
1852 930 2061 1010 inquit,

402 1025 539 1078 ante
591 1016 909 1101 Dominum
948 1035 1042 1077 me
1077 1018 1251 1097 paulo
1300 1013 1788 1097 post'derelicto.
1825 1017 2065 1080 Sciebat

405 1106 563 1167 enim
616 1106 929 1168 Zacharias
985 1107 1141 1186 quod
1180 1126 1295 1167 non
1330 1107 1513 1168 multo
1570 1116 1699 1188 post
1748 1108 2065 1189 privandus

402 1204 559 1257 esset
587 1196 926 1276 eo,quando
960 1196 1249 1275 fugiturus
1280 1206 1406 1258 erat
1435 1197 1494 1257 in
1532 1197 2064 1269 desertum.Quare

402 1294 599 1346 autem
635 1284 904 1366 praibis?
932 1284 1007 1347 Ut
1043 1296 1327 1366 parentur
1375 1286 1480 1346 via
1514 1286 1771 1348 Domini.
1803 1285 1931 1349 Via
1954 1306 2062 1347 au-

398 1383 515 1435 tem
552 1384 687 1436 sunt
717 1374 937 1435 anima
966 1374 1027 1434 in
1058 1374 1271 1455 quibus
1320 1374 1542 1435 incedit
1573 1375 1882 1449 Dominus,
1911 1394 2061 1455 quas

402 1463 1113 1545 praparavitPracursor
1140 1464 1284 1524 utin
1308 1463 1394 1525 eis
1414 1464 1749 1525 ambularet
1768 1463 2056 1527 Christus.

399 1551 703 1625 Quomodo
724 1560 920 1612 autem
949 1552 1085 1613 illas
1111 1550 1499 1634 praparavit?
1519 1553 1722 1615 Dando
1752 1552 2061 1614 scientiam

400 1641 603 1702 salutis
632 1639 1053 1720 populo.Salus
1078 1640 1319 1721 quidem
1350 1648 1476 1701 erat
1495 1639 1784 1713 Dominus
1806 1642 1945 1701 284
1967 1644 2058 1705 Je-

398 1729 674 1792 sus.Data
697 1737 784 1790 est
810 1728 989 1807 igitur
1005 1728 1252 1791 scientia
1277 1729 1509 1803 salutis,
1536 1731 1647 1791 hoc
1680 1740 1788 1810 est,
1817 1730 2057 1810 Christi,

2145 934 2287 1011 παρά
2342 941 2435 990 τοῦ
2492 932 2693 1010 πατρὸς
2766 930 3097 986 αἰσθάνεσθαι
3163 929 3299 997 μετὰ
3356 928 3457 993 την
3528 924 3795 1000 γέννησιν,

2146 1022 2489 1101 Προπορεύσῃ
2534 1018 2613 1099 δὲ,
2648 1021 2829 1099 φησὶν,
2891 1017 3185 1093 ἔμπροσθεν
3227 1022 3321 1071 τοῦ
3367 1016 3574 1093 Κυρίου,
3624 1034 3796 1069 κατα-

2145 1110 2315 1167 λιπὼν
2373 1110 2472 1185 ἒμὲ
2556 1110 2680 1168 ὅσον
2748 1109 2920 1166 οὕπω.
2996 1108 3289 1185 Ἐγίνωσκε
3374 1107 3474 1185 γὰρ
3532 1103 3797 1182 Ζαχαρίας

2146 1199 2225 1256 ὅτι
2273 1201 2655 1278 στερηθήσεται
2734 1196 2853 1275 μετ’
2932 1195 3111 1275 ὀλίγον
3155 1197 3337 1271 αὖτοῦ,
3384 1198 3456 1257 εἱς
3510 1194 3607 1257 τὰς
3666 1192 3793 1271 ἒρήοι

2145 1312 2275 1365 μους
2336 1288 2628 1363 μέλλοντος
2685 1301 2896 1369 φυγεῖν.
2946 1289 3095 1342 Διατί
3137 1283 3191 1341 δὲ
3252 1286 3637 1363 προπορεύσῃς
3697 1284 3793 1337 Διὰ

2140 1381 2203 1434 τὸ
2261 1378 2538 1452 ἔτοιμάσαι
2612 1378 2706 1443 τὰς
2784 1375 2931 1440 ὁδοὺς
2989 1375 3084 1432 τοῦ
3158 1375 3346 1454 Κυρίου
3378 1390 3394 1406 ⁸
3452 1370 3559 1429 ὁδοὶ
3602 1369 3681 1446 δὲ,
3742 1374 3795 1426 αἱ

2142 1468 2316 1546 ψυχαὶ
2372 1466 2453 1545 ἐφ’
2484 1469 2558 1522 ὧν
2606 1464 2775 1522 ὁδεύει
2823 1468 2851 1521 6
2898 1466 3084 1543 Κύριος
3117 1483 3129 1495 ⁸
3178 1464 3272 1527 τὰς
3300 1464 3389 1519 οὗν
3433 1462 3613 1541 ψυχὰς
3641 1460 3791 1528 ἦτοι-

2143 1577 2312 1630 μασεν
2369 1557 2397 1610 6
2455 1552 2784 1633 Πρόδρομος,
2840 1552 2934 1608 ἵνα
2991 1552 3045 1608 ἐν
3122 1553 3313 1614 αὒτατς
3369 1551 3708 1629 περιπατήσῃ
3764 1551 3790 1604 6

2143 1643 2396 1722 Χριστός,
2470 1644 2591 1707 Πῶς
2649 1642 2703 1698 δὲ
2782 1642 2975 1705 ταύτας
3032 1640 3348 1716 ἧτθίμασες
3411 1639 3542 1701 Δοὺς
3595 1645 3792 1716 γνῶσιν

2142 1734 2408 1810 σωτηρίας
2466 1739 2545 1807 τῷ
2599 1731 2715 1805 λαῷ
2751 1750 2766 1768 ⁸
2829 1731 3065 1810 σωτηρία
3109 1730 3210 1806 μὲν
3252 1728 3340 1786 οὗν
3373 1731 3400 1785 6
3450 1729 3642 1805 Κύριος
3672 1727 3790 1794 ἰηο

397 1818 625 1910 populq
662 1838 695 1910 a
725 1819 973 1910 Joanne.
1024 1817 1291 1910 Joannes
1320 1819 1478 1879 enim
1509 1820 1948 1910 testificabatur
1977 1820 2046 1881 de

2142 1828 2263 1887 σοῦς
2302 1838 2316 1851 ⁸
2377 1819 2531 1889 ἐδόθη
2577 1819 2631 1877 δὲ
2690 1823 2724 1889 ἡ
2783 1825 2980 1895 γνῶσις
3036 1823 3136 1885 τῆς
3191 1817 3484 1897 σωτηρίας,
3530 1816 3789 1889 τουτέστι,

394 1907 557 1975 Jesu.
590 1905 853 1969 Scientia
884 1918 1082 1968 autem
1116 1918 1247 1970 erat
1278 1908 1336 1968 in
1366 1908 1723 1969 remissione
1764 1925 2044 1988 peccato-

2131 1919 2223 1969 τοῦ
2286 1912 2535 1988 Χριστοῦ,
2615 1916 2691 1985 τῷ
2748 1909 2864 1984 λαῷ
2924 1909 3066 1988 παρὰ
3123 1914 3217 1964 τοῦ
3275 1907 3525 1963 Ἰωάννου
3556 1920 3571 1935 ⁸
3624 1906 3794 1987 ὁγὰρ

394 2015 550 2059 rum.
571 1997 701 2059 Non
725 1996 883 2057 enim
918 1995 1090 2057 aliter
1117 1996 1387 2059 Christus
1410 1996 1643 2076 agnitus
1678 1997 1885 2059 fuisset
1914 2016 2047 2060 esse

397 2084 699 2159 Deus,nisi
720 2084 1045 2145 remisisset
1079 2093 1321 2165 peccata
1357 2086 1596 2166 populo.
1632 2086 1735 2147 Dei
1769 2087 1927 2148 enim
1954 2096 2047 2149 est

392 2174 697 2235 remittere
732 2180 997 2253 peccata.
1036 2173 1289 2236 Remisit
1320 2184 1515 2235 autem
1552 2174 1722 2236 nobis
1756 2175 2039 2257 istn,pro-

393 2272 525 2342 pter
576 2262 803 2322 viscera
863 2261 1312 2323 misericordia.
1384 2266 1514 2327 Non
1566 2268 1723 2325 enim
1799 2274 2046 2345 propter

392 2370 573 2432 opera
610 2358 829 2424 nostra,
867 2350 1015 2410 nihil
1067 2351 1226 2412 enim
1289 2352 1538 2413 fecimus
1576 2352 1716 2413 boni
1751 2371 1764 2415 :
1803 2354 1907 2414 sed
1940 2354 2042 2414 ille

391 2440 641 2501 visitavit
672 2458 779 2500 nos
804 2457 873 2500 ex
897 2439 1035 2514 alto,
1070 2440 1172 2520 qui
1224 2440 1427 2503 oriens
1479 2440 1720 2504 dicitur.
1749 2442 1849 2504 Sol
1882 2444 2038 2503 enim

384 2530 631 2611 justitia
663 2538 771 2604 est,
808 2537 865 2590 et
893 2529 1086 2592 illuxit
1142 2529 1313 2591 nobis
1364 2531 1464 2612 qui
1495 2532 1555 2592 in
1589 2532 1849 2594 tenebris
1903 2551 2039 2593 era-

392 2638 548 2695 mus,
611 2619 721 2680 boc
782 2626 893 2691 est,
952 2627 1010 2679 et
1068 2618 1421 2700 ignorantia,
1452 2630 1509 2681 et
1560 2620 1772 2682 umbra
1807 2623 2037 2701 mortis,

394 2708 506 2769 hoc
529 2714 642 2780 est,
674 2706 955 2786 peccatis,
987 2706 1424 2769 sedentes.Duo
1449 2708 1608 2768 enim
1641 2708 1795 2770 mala
1825 2708 2041 2769 huma-

392 2815 531 2858 num
586 2812 772 2872 genus
828 2793 1179 2857 invaserunt
1226 2815 1239 2855 :
1296 2796 1631 2876 ignorantia
1684 2796 1814 2872 Dei,
1866 2815 2041 2877 quam

392 2883 689 2946 habebant
716 2883 1009 2962 gentiles:
1060 2893 1118 2945 et
1149 2893 1484 2965 peccatum,
1532 2884 1687 2966 quod
1748 2884 2045 2947 habebant

392 2972 652 3053 Hebrai,
678 2972 820 3033 licet
853 2971 1038 3033 Deum
1068 2974 1815 3055 cognoscerent.Apparuit
1846 2974 2044 3055 itaque

384 3062 663 3123 humana
695 3069 940 3135 natura,
975 3064 1042 3123 ut
1073 3069 1129 3122 et
1155 3081 1256 3124 eos
1288 3062 1391 3143 qui
1417 3063 1475 3123 in
1501 3063 1908 3145 tenebris,hoc
1931 3074 2043 3143 est,

2131 1999 2384 2067 Ἰωάννης
2434 2000 2713 2079 ἐμαρτύρει
2773 2002 2890 2079 περὶ
2949 2006 3041 2056 τοῦ
3092 1997 3270 2064 ἰησοῦ
3306 2013 3318 2026 ⁸
3379 1998 3414 2064 ἢ
3471 1993 3527 2052 δὲ
3572 2001 3790 2074 γνῶσις,

2128 2090 2184 2146 ἐν
2243 2089 2426 2169 ἀφέσει
2498 2090 2775 2167 ἁμαρτιῶν
2835 2087 3069 2167 ἐγένετο,
3131 2088 3239 2145 Οὔκ
3313 2085 3375 2141 ἂν
3458 2087 3559 2163 γὰρ
3616 2082 3790 2148 ἄλλως

2130 2178 2439 2257 ἐπεγνώσθη
2500 2180 2631 2241 Θεὸς
2702 2179 2846 2234 εἶναι
2892 2180 2919 2233 6
2982 2177 3196 2257 Κύριος,
3258 2176 3302 2231 εἰ
3340 2174 3420 2250 μὴ
3477 2173 3650 2254 ἀφῆκε
3692 2173 3787 2235 τὰς

2127 2269 2383 2345 ἁμαρτίας
2442 2274 2520 2342 τῷ
2563 2266 2678 2342 λαῷ
2707 2286 2725 2305 ⁸
2798 2273 2930 2323 Θεοῦ
2988 2267 3089 2345 γὰρ
3130 2266 3192 2321 τὸ
3249 2264 3457 2343 ἀφιέναι
3501 2263 3782 2342 ἁμαρτίας.

2126 2358 2332 2436 Ἀερῆκε
2390 2355 2443 2412 δὲ
2496 2356 2628 2432 ἡμῖν
2670 2358 2887 2431 ταύτας,
2947 2354 3033 2411 διὰ
3089 2353 3381 2433 σπλάγχνα
3436 2350 3612 2417 ἐλέους
3647 2371 3661 2386 ⁸
3720 2353 3779 2409 οὗ

2125 2447 2225 2524 γὰρ
2276 2444 2361 2502 διὰ
2389 2448 2454 2501 τὰ
2484 2445 2613 2523 ἔργα
2644 2447 2799 2522 ἡμῶν
2839 2461 2853 2476 ⁸
2905 2447 2965 2503 ού
3015 2445 3115 2523 γὰρ
3158 2442 3487 2518 ἑποιήσαμέν
3538 2465 3588 2497 τι
3645 2441 3777 2519 ἄγα-

2123 2536 2212 2591 θόν
2245 2555 2259 2569 ⁸
2348 2532 2470 2591 ἀλλ’
2555 2534 2763 2600 ἐκεῖνος
2849 2534 3185 2611 ιεπεσκέψατο
3259 2534 3404 2607 ἡμᾶς
3480 2530 3531 2596 ἒξ
3587 2531 3774 2609 ὕψους,

2126 2622 2362 2691 ἅνατολη
2406 2621 2699 2703 λεγόμενος
2736 2645 2750 2661 ⁸
2786 2616 2993 2689 ἿΗΛιος
3023 2625 3123 2702 γὰρ
3151 2620 3489 2688 δικαιοσύνης
3520 2620 3649 2682 ἐστί,
3683 2622 3779 2678 Καὶ

2128 2712 2385 2792 ἐπέφανεν
2438 2715 2597 2788 ἡμῖν,
2648 2728 2765 2777 τοῖς
2811 2713 2864 2769 ἒν
2934 2713 3139 2793 σκότει,
3180 2709 3443 2789 τουτέστι,
3488 2715 3557 2787 τῇ
3597 2709 3777 2788 ἀγνω-

2127 2804 2253 2874 σίᾳ·
2315 2803 2404 2860 καὶ
2461 2808 2531 2880 τῇ
2585 2810 2710 2876 σκιᾷ
2763 2811 2857 2860 τοῦ
2911 2803 3158 2881 θανάτου,
3218 2805 3289 2876 τῇ
3334 2798 3587 2875 ἁμαρτίᾳ,
3647 2803 3777 2854 καθ·
3841 2858 3849 2864 ,

2127 2891 2349 2965 ημὲνοις
2384 2910 2402 2929 ⁸
2464 2890 2553 2949 δύο
2609 2895 2710 2972 γὰρ
2768 2894 2907 2950 κακὰ
2944 2892 3150 2970 ἐκράτει
3207 2892 3305 2958 τῆς
3350 2895 3462 2972 ’τῶν
3490 2888 3780 2968 ἀνθρώπων

2127 2982 2330 3061 φύσεως
2366 2996 2381 3012 ⁸
2437 2968 2693 3060 ὄιγνωσία⁷
2724 2988 2856 3039 Θεοῦ
2898 2980 2963 3049 ἢν
3009 2968 3183 3060 ήεῖχον
3226 2980 3274 3035 οἱ
3320 2968 3597 3045 ’Έλληνες
3628 2994 3643 3007 ⁸
3696 2980 3780 3033 καὶ

2127 3070 2379 3151 ἁμαρτία,
2428 3071 2495 3139 ἣν
2546 3072 2712 3151 εἶχον
2764 3074 2811 3128 οἱ
2872 3061 3137 3147 Ἑϐραῖοι,
3197 3068 3240 3123 εἱ
3295 3067 3383 3123 καὶ
3436 3068 3565 3123 Θεὸν
3595 3066 3776 3146 ἐπιγί-

398 3152 505 3214 Dei
533 3150 885 3230 ignorantia,
914 3158 973 3210 et
1000 3149 1214 3211 umbra
1235 3152 1464 3227 mortis,
1494 3153 1605 3214 hoc
1635 3161 1747 3229 est,
1776 3162 2040 3235 peccato,

2130 3149 2373 3224 νωσκονξ
2410 3149 2704 3239 Ἐπέφανεν
2786 3160 2875 3217 οὖν
2957 3164 3025 3235 τῇ
3100 3156 3401 3238 ἀνθρωπίνῃ
3457 3157 3627 3235 φύσει,
3681 3154 3774 3212 ἵνα

389 3248 479 3301 est
502 3241 662 3301 enim
695 3245 1001 3318 peccatum
1036 3238 1247 3301 umbra
1280 3242 1507 3316 mortis,
1541 3251 1709 3302 erant
1740 3241 2042 3325 sedentes,

392 3330 742 3392 illustraret.
778 3326 916 3387 Ideo
945 3339 1140 3389 autem
1175 3328 1443 3391 umbram
1480 3330 1687 3393 mortis
1710 3332 2052 3412 diciopinor

398 3426 726 3499 peccatum,
762 3416 915 3496 quod
946 3417 1097 3476 sicut
1129 3417 1340 3479 umbra
1372 3419 1641 3499 sequitur
1690 3438 1929 3499 corpus,
1964 3422 2045 3483 ita

388 3508 484 3569 ubi
522 3524 705 3580 mors,
740 3505 863 3565 illic
914 3515 970 3567 et
1030 3517 1357 3586 peccatum.
1413 3507 1582 3572 Unde
1613 3511 1749 3589 quia
1778 3519 2044 3571 mortuus

406 3607 493 3659 est
524 3598 1211 3670 Adam,consentaneum
1247 3596 1329 3658 ibi
1362 3598 1539 3659 etiam
1574 3615 1708 3659 esse
1730 3608 2034 3677 peccatum

388 3686 459 3749 Et
490 3702 681 3767 neque
714 3683 929 3745 Christi
965 3693 1215 3745 mortem
1269 3686 1401 3749 sine
1451 3694 1692 3766 peccato
1745 3688 2032 3751 invenies.

388 3780 650 3840 Mortuus
708 3782 797 3833 est
849 3772 1007 3833 enim
1041 3772 1333 3855 Christus,
1367 3776 1471 3837 sed
1527 3784 1769 3856 propter
1798 3784 2039 3856 peccata

390 3861 688 3928 n'ostra.Et
720 3863 797 3924 ita
830 3862 1037 3923 merito
1072 3875 1381 3943 peccatum
1416 3862 1634 3925 dicitur
1665 3883 1795 3926 esse
1826 3864 2039 3926 umbra

394 3954 624 4028 mortis,
656 3951 797 4033 quia
848 3969 1084 4030 semper
1140 3952 1458 4014 comitatur
1516 3954 1700 4034 ipsam
1760 3970 2036 4015 mortem.

388 4049 639 4109 Possent
662 4051 719 4102 et
743 4042 858 4101 alia
884 4042 955 4101 ad
988 4040 1099 4101 boc
1132 4040 1273 4117 dici,
1308 4050 1364 4103 et
1395 4042 1608 4122 opinor
1628 4043 1848 4103 dictum
1879 4062 2041 4104 ano-

392 4137 483 4199 bis
512 4137 572 4197 in
604 4132 898 4193 Mattbao.
933 4132 1085 4192 Num
1117 4130 1297 4208 igitur
1326 4131 1543 4193 sufficit
1571 4134 1760 4194 solum
1813 4132 2041 4194 illuxis—

390 4250 455 4292 se
486 4223 927 4290 obtenebratis?
963 4223 1211 4285 Minime
1246 4246 1259 4286 ;
1296 4225 1399 4286 sed
1451 4225 1626 4287 etiam
1687 4244 1834 4306 opus
1864 4234 1952 4286 est
1982 4230 2044 4286 ut

388 4319 722 4397 dirigantur
778 4312 960 4393 pedes
1020 4312 1205 4373 nostri
1251 4313 1311 4374 in
1367 4313 1516 4375 viam
1551 4314 1734 4395 pacis,
1764 4316 1881 4376 hoc
1924 4322 2037 4389 est,

383 4408 648 4488 justitia.
688 4402 854 4465 Sicut
875 4401 1034 4463 enim
1060 4410 1363 4482 peccatum
1390 4403 1719 4465 inimicitia
1744 4413 1879 4465 sunt
1901 4422 2036 4464 cum

2130 3251 2217 3306 καὶ
2270 3251 2392 3315 τοὺς
2453 3249 2509 3305 ἐν
2566 3256 2644 3325 τῷ
2702 3250 2905 3324 σκότει,
2957 3247 3220 3327 τουτέστι,
3295 3251 3363 3324 τῇ
3418 3243 3650 3323 ἆγνωσίᾳ
3685 3256 3775 3311 καὶ

2127 3338 2306 3420 ἂθεῖᾳ,
2352 3340 2440 3396 καὶ
2469 3340 2589 3401 τοὺς
2621 3339 2675 3395 ἑν
2704 3344 2773 3416 τῇ
2801 3344 2925 3411 σκιᾷ
2974 3343 3069 3393 τοῦ
3108 3335 3355 3416 θανάτου,
3403 3340 3473 3411 τῇ
3517 3334 3770 3415 ἁμαρτίᾳ,

2126 3428 2452 3504 καθημένους
2523 3430 2730 3508 φωτίσῃ
2759 3444 2773 3458 ⁸
2836 3430 2871 3497 ἡ
2918 3425 2973 3483 δὲ
3032 3425 3262 3506 ἁμαρτία
3308 3424 3435 3482 σκιὰ
3476 3431 3568 3481 τοῦ
3622 3427 3777 3480 θανα-

2123 3538 2214 3573 του
2272 3516 2383 3573 ἐστὶ
2412 3518 2549 3574 κατὰ
2578 3523 2788 3592 τοῦτον,
2851 3518 2926 3579 ὡς
2986 3516 3169 3591 οἶμαι,
3202 3514 3295 3571 τὸν
3327 3511 3488 3593 λόγον
3522 3528 3538 3543 ⁸
3597 3512 3775 3592 ὥσπερ

2122 3607 2157 3673 ἡ
2202 3606 2325 3663 σκιᾶ
2379 3611 2458 3679 τῷ
2515 3606 2723 3681 σώματι
2783 3604 2991 3679 ἕπεται,
3038 3604 3179 3661 οὕτω
3224 3603 3315 3658 καὶ
3362 3600 3481 3659 ’ἔνθα
3529 3602 3774 3682 θάνατος,

2122 3694 2239 3752 ἐκεῖ
2306 3697 2394 3752 καὶ
2453 3694 2708 3775 ἁμαρτία.
2758 3695 2917 3771 Οῒον,
2978 3692 3237 3750 ἀπέθανεν
3295 3693 3323 3748 6
3394 3688 3588 3771 Ἀδὰμ,
3658 3691 3775 3748 ἐκεῖ

2122 3783 2309 3841 λοιπὸν
2350 3787 2440 3840 καὶ
2496 3784 2725 3863 ἁμαρτία
2751 3803 2765 3817 ⁸
2799 3785 2888 3841 καὶ
2918 3781 3034 3840 οὐδὲ
3076 3783 3168 3839 τὸν
3198 3787 3292 3838 τοῦ
3341 3788 3569 3860 Χριστοῦ
3607 3784 3773 3837 θάνα-

2121 3896 2210 3931 τον
2254 3875 2492 3952 εὑρήσεις
2553 3875 2721 3955 χωρὶς
2764 3874 3021 3953 ἁμαρτίας
3058 3891 3075 3909 ⁸
3141 3870 3367 3927 ἀπέθανε
3426 3871 3526 3950 γὰρ
3569 3873 3596 3926 6
3639 3878 3768 3950 Χρι-

2124 3963 2271 4037 στὸς,
2327 3961 2464 4019 ἀλλὰ
2506 3961 2589 4018 διὰ
2646 3964 2740 4029 τὰς
2794 3961 2927 4038 ἐμὰς
3001 3961 3258 4040 ἁμαρτίας
3295 3978 3311 3994 ⁸
3357 3958 3493 4016 ὥστε
3554 3960 3770 4024 εἰκότως

2126 4050 2337 4130 λέγεται
2385 4052 2507 4107 σκιὰ
2563 4052 2705 4108 εἶναι
2765 4058 2858 4107 τοῦ
2913 4049 3136 4107 θανάτου
3187 4050 3222 4117 ἡ
3272 4048 3523 4127 ἁμαρτία,
3568 4051 3643 4113 ὼς
3690 4049 3771 4105 ἀεὶ

2129 4138 2477 4220 παρεπομένη
2535 4142 2677 4213 αὒτῷ
2708 4155 2725 4173 ⁸
2786 4140 2875 4195 καὶ
2929 4137 3066 4195 ἄλλα
3140 4135 3195 4193 δέ
3278 4136 3419 4194 ἔστιν
3472 4139 3642 4194 εἰπεῖν
3695 4138 3768 4201 εἷς

2125 4237 2301 4287 τοῦτο’
2334 4231 2423 4286 καὶ
2455 4230 2635 4307 οἶμαι,
2684 4228 2913 4306 εἴπομεν
2957 4227 3307 4309 ἱξηγούμεοοοι
3336 4228 3427 4283 τὸν
3471 4231 3765 4290 Ματθαῐον.

2126 4309 2253 4399 vAp:
2296 4315 2352 4374 δὲ
2383 4318 2539 4399 ἀρκεῖ
2567 4320 2628 4375 τὸ
2657 4321 2908 4399 ἐπιφᾶναι
2938 4318 3102 4394 μόνον
3157 4331 3278 4381 τοῖς
3324 4316 3718 4394 ἔσκοτισμένοις
3751 4336 3769 4393 ;

2125 4408 2262 4489 Οὐχί
2294 4428 2311 4445 ⁸
2357 4408 2495 4466 άλλὰ
2550 4406 2633 4466 δεῖ
2677 4409 2765 4466 καὶ
2807 4411 3114 4465 κατευθῦναι
3167 4408 3289 4470 τοὺς
3319 4405 3485 4471 πόδας
3513 4409 3668 4483 ἡμῶν
3697 4409 3771 4470 εἰς

386 4480 535 4573 Deo,
564 4497 639 4556 ita
670 4492 914 4573 justitia,
938 4480 1183 4570 pax.Via
1217 4490 1392 4569 igitur
1425 4492 1586 4573 pacis
1615 4493 1729 4553 vita
1762 4501 1847 4554 est
1864 4493 2040 4573 justi-

2130 4480 2243 4554 666v
2321 4500 2559 4574 εἰρήνης,
2638 4498 2903 4573 τουτέστι,
2976 4498 3077 4565 τῆς
3149 4494 3489 4564 δικαιοσύνης
3522 4480 3563 4531 ⁸-
3597 4496 3772 4576 ὥσπερ

388 4586 583 4661 tia,ad
617 4602 794 4663 quam
820 4580 1037 4641 direxit
1082 4580 1414 4642 animarum
1454 4591 1786 4643 nostrarum
1832 4582 2034 4663 pedes,

385 4677 484 4761 qui
518 4695 585 4738 ex
640 4690 873 4735 summo
905 4679 1071 4731 ortus
1101 4680 1189 4730 est
1219 4669 1510 4733 Christus.
1564 4674 1854 4733 (laterum
1892 4690 2040 4761 puer

2120 4588 2219 4663 γὰρ
2248 4589 2285 4655 ἡ
2326 4587 2579 4667 ἁμαρτία,
2634 4586 2801 4667 ἔχθρα
2851 4589 2926 4653 εἰς
2973 4588 3127 4662 Θεὸν,
3178 4584 3343 4651 οὕτως
3371 4588 3406 4654 ἡ
3438 4584 3767 4663 δικαιοσύνη,

2120 4677 2331 4755 εἰρήνη,
2394 4666 2545 4742 Ὀδὸς
2605 4678 2694 4734 οὗν
2752 4677 2992 4755 εἰρήνης,
3054 4676 3088 4745 ἡ
3142 4679 3241 4742 τῆς
3296 4673 3636 4743 δικαιοσύνης
3664 4696 3768 4731 πο-

383 4759 691 4829 crescebat
715 4763 884 4841 juxta
914 4767 1193 4820 staturam
1226 4762 1621 4843 corporalem,
1646 4770 1703 4822 et
1745 4759 2033 4823 corrobo-

2130 4766 2311 4839 ltttefa,
2343 4766 2480 4829 παὸς
2530 4765 2596 4834 ἣν
2638 4766 2919 4823 κατεύθυνε
2974 4766 3097 4829 τοὺς
3138 4761 3305 4828 πόδας
3356 4770 3463 4822 τῶν
3493 4764 3767 4844 ἡμετέρων

381 4858 623 4918 rabatur
651 4852 895 4932 Spiritu.
932 4846 1076 4911 Cum
1110 4866 1362 4931 corpore
1396 4851 1571 4911 simul
1623 4850 1929 4912 crescebat
1972 4859 2027 4910 et

2130 4858 2331 4934 μυχῶν,
2365 4857 2394 4911 6
2424 4854 2477 4921 ἐξ
2528 4854 2691 4931 ὕψους
2747 4853 3026 4920 ἀνατείλας
3058 4853 3285 4933 Χριστός
3318 4868 3336 4886 ⁸
3370 4854 3560 4922 ηὔξανε
3606 4851 3661 4909 δὲ
3701 4856 3762 4910 τὸ

381 4942 689 5026 spirituale
774 4939 1023 4999 donum.
1078 4938 1150 5000 Et
1206 4947 1422 5019 quanto
1482 4940 1667 5026 magis
1723 4938 2030 5001 crescebat

2130 4941 2318 5000 ταιδίον
2375 4945 2511 5002 κατὰ
2593 4946 2691 5013 τὴν
2776 4944 3090 5021 σωματικὴν
3154 4941 3395 5017 ἡλιγίαν,
3450 4944 3540 5000 καὶ
3594 4945 3760 5021 ἔκρα-

385 5024 553 5115 ρίιθν,
591 5040 748 5093 tanto
796 5026 984 5106 magis
1038 5032 1099 5089 et
1152 5028 1429 5090 efﬁcacia
1461 5024 1714 5109 Spiritus
1745 5028 1803 5089 in
1836 5028 1933 5088 illo
1964 5045 2027 5088 se

2130 5040 2321 5090 ταιοῡτο
2367 5034 2633 5109 Πνεύματι
2668 5050 2684 5067 ⁸
2746 5040 2824 5109 τῷ
2893 5034 2993 5112 γὰρ
3049 5032 3258 5109 σώματι
3314 5031 3760 5109 συνωδξανόμενον

380 5121 794 5193 ostendebant,
858 5136 1079 5196 organo
1128 5116 1358 5178 illarum
1415 5136 1633 5197 capace
1682 5118 2023 5180 exsistente.

2130 5121 2176 5188 iv
2235 5124 2324 5179 καὶ
2378 5125 2441 5180 τὸ
2496 5124 2856 5199 πνευματικὸν
2904 5123 3150 5203 χάρισμα
3182 5141 3199 5158 ⁸
3260 5123 3349 5178 καὶ
3395 5119 3505 5195 ὅσῳ
3557 5120 3761 5198 μᾶλλον

378 5214 576 5287 Quare
604 5219 800 5272 autem
832 5215 959 5268 erat
1003 5207 1057 5266 in
1093 5206 1378 5268 desertis?
1422 5206 1495 5271 Ut
1525 5226 1600 5268 ne
1631 5207 2028 5270 multitudinis

2130 5209 2299 5275 ὤξετο
2356 5215 2384 5269 6
2430 5226 2584 5287 παῖς,
2630 5213 2868 5285 τοσούτῳ
2908 5213 2998 5268 καὶ
3041 5213 3093 5268 αἱ
3126 5217 3219 5268 τοῦ
3262 5212 3567 5289 Πνεύματος
3610 5210 3764 5291 ἑνίρ-

380 5302 617 5364 malitia
647 5298 943 5381 particeps
973 5296 1162 5377 fieret,
1192 5304 1249 5358 et
1286 5306 1348 5358 ut
1378 5298 1680 5359 neminem
1732 5297 2022 5359 reveritus

2130 5321 2247 5377 τειαι
2304 5298 2647 5359 διεδείκνυντο
2677 5317 2698 5337 ⁸
2756 5308 2850 5358 τοῦ
2905 5301 3129 5380 ὀργάνου
3204 5299 3499 5383 δυναμένου
3556 5314 3765 5383 χωρεῖν

371 5393 560 5455 libere
610 5386 1101 5470 reprehenderet.
1144 5386 1289 5448 Nam
1342 5387 1389 5446 si
1439 5386 1643 5448 fuisset
1674 5387 1733 5447 in
1769 5386 2016 5461 mundo,

2135 5390 2317 5452 αύτας.
2388 5392 2487 5447 Διὰ
2542 5391 2592 5446 τί
2643 5388 2697 5446 δὲ
2758 5390 2825 5459 ἧν
2868 5389 2922 5447 ἐν
2967 5403 3091 5454 ταῖς
3146 5390 3421 5470 ἐρήμοιςς
3482 5382 3607 5448 ’Ίνα
3652 5382 3763 5458 ἔξω

368 5480 635 5544 fortassis
656 5475 1085 5540 consuetudine
1115 5476 1440 5536 amicorum
1476 5485 1534 5537 et
1553 5475 1835 5539 societate
1855 5476 2015 5538 coin-

2130 5482 2191 5544 ἧς
2247 5486 2355 5535 τῶν
2414 5478 2629 5537 πολλῶν
2672 5481 2859 5544 κακίας
2903 5477 3087 5560 διάγῃ,
3139 5480 3229 5537 καὶ
3271 5479 3364 5539 ἵνα
3418 5478 3619 5558 μηδένα
3665 5481 3753 5537 αί-

369 5574 647 5655 quinatus
676 5568 881 5629 fuisset
915 5585 928 5625 ε
966 5565 1071 5655 sed
1107 5573 1164 5625 et
1195 5565 1390 5626 utﬁde
1419 5564 2002 5655 dignushaberetur,

2130 5568 2366 5645 ›ύμενος,
2426 5568 2631 5650 ἐλέγχῃ
2702 5569 2835 5647 μετὰ
2886 5568 3182 5648 παρρησίας
3211 5589 3225 5603 ⁸
3294 5572 3338 5627 εἰ
3409 5572 3509 5651 γὰρ
3562 5570 3629 5637 ἦν
3690 5569 3746 5627 ἐν

364 5652 461 5748 qui
494 5661 840 5747 pradicaret
867 5652 1191 5729 Christum,
1217 5662 1418 5734 utpote
1464 5654 1735 5730 eremita,
1764 5653 1999 5735 vitaque

2130 5663 2160 5731 ᾗ
2232 5657 2444 5733 κόσμῳ,
2498 5662 2665 5739 τυχὸν
2724 5657 2787 5714 ἂν
2844 5656 3110 5733 ἕμολύνθη
3191 5659 3396 5739 φιλίαις
3452 5661 3539 5717 καὶ
3612 5680 3739 5717 συν-
