  <div class='ocr_page' id='page_1' title='image "/cluster/home/n/w/nwhite01/storage/ocr_20150623/123/hvd.32044073502445/380.png"; bbox 0 0 4162 6228; ppageno 0'>
   <div class='ocr_carea' id='block_1_1' title="bbox 1724 198 1753 217">
    <p class='ocr_par' dir='ltr' id='par_1_1' title="bbox 1724 198 1753 217">
     <span class='ocr_line' id='line_1_1' title="bbox 1724 198 1753 217; baseline 0 0"><span class='ocrx_word' id='word_1_1' title='bbox 1724 198 1753 217; x_wconf 55' lang='grc' dir='ltr'><strong>κ</strong></span> 
     </span>
    </p>
   </div>
   <div class='ocr_carea' id='block_1_2' title="bbox 378 318 3748 393">
    <p class='ocr_par' dir='ltr' id='par_1_2' title="bbox 378 318 3748 393">
     <span class='ocr_line' id='line_1_2' title="bbox 378 318 3748 393; baseline -0.001 -7"><span class='ocrx_word' id='word_1_2' title='bbox 378 326 485 393; x_wconf 71' lang='lat'><strong>72!</strong></span> <span class='ocrx_word' id='word_1_3' title='bbox 1103 326 1551 393; x_wconf 74' lang='lat' dir='ltr'><strong>ENARRATIO</strong></span> <span class='ocrx_word' id='word_1_4' title='bbox 1594 327 1679 393; x_wconf 84' lang='lat' dir='ltr'><strong>IN</strong></span> <span class='ocrx_word' id='word_1_5' title='bbox 1722 318 2233 391; x_wconf 77' lang='lat' dir='ltr'><strong>EVANGELIUM</strong></span> <span class='ocrx_word' id='word_1_6' title='bbox 2294 323 2541 387; x_wconf 73' lang='lat' dir='ltr'><strong>LUC/E.</strong></span> <span class='ocrx_word' id='word_1_7' title='bbox 2585 358 2663 368; x_wconf 98' lang='lat'>—</span> <span class='ocrx_word' id='word_1_8' title='bbox 2704 325 2872 389; x_wconf 76' lang='lat' dir='ltr'><strong>CAP.</strong></span> <span class='ocrx_word' id='word_1_9' title='bbox 2920 322 2998 386; x_wconf 83' lang='lat' dir='ltr'><strong>II.</strong></span> <span class='ocrx_word' id='word_1_10' title='bbox 3628 323 3748 387; x_wconf 74' lang='lat'><strong>722</strong></span> 
     </span>
    </p>
   </div>
   <div class='ocr_carea' id='block_1_3' title="bbox 371 451 2013 537">
    <p class='ocr_par' dir='ltr' id='par_1_3' title="bbox 371 454 2013 537">
     <span class='ocr_line' id='line_1_3' title="bbox 371 454 2013 537; baseline -0.005 -20"><span class='ocrx_word' id='word_1_11' title='bbox 371 464 576 529; x_wconf 79' lang='grc' dir='ltr'>ηθείαις</span> <span class='ocrx_word' id='word_1_12' title='bbox 631 461 920 534; x_wconf 82' lang='grc' dir='ltr'>ἀνθρώπων</span> <span class='ocrx_word' id='word_1_13' title='bbox 956 479 969 494; x_wconf 87' lang='grc'><strong>⁸</strong></span> <span class='ocrx_word' id='word_1_14' title='bbox 1026 460 1138 537; x_wconf 76' lang='grc' dir='ltr'><strong>ἅμα</strong></span> <span class='ocrx_word' id='word_1_15' title='bbox 1187 459 1243 516; x_wconf 81' lang='grc' dir='ltr'>δὲ</span> <span class='ocrx_word' id='word_1_16' title='bbox 1293 460 1383 515; x_wconf 80' lang='grc' dir='ltr'><strong>καὶ</strong></span> <span class='ocrx_word' id='word_1_17' title='bbox 1424 458 1518 514; x_wconf 69' lang='grc' dir='ltr'>’ίνα</span> <span class='ocrx_word' id='word_1_18' title='bbox 1574 456 1877 523; x_wconf 77' lang='grc' dir='ltr'>ἀξιόπιστος</span> <span class='ocrx_word' id='word_1_19' title='bbox 1935 454 2013 510; x_wconf 75' lang='grc' dir='ltr'><strong>εἴτ</strong></span> 
     </span>
    </p>
   </div>
   <div class='ocr_carea' id='block_1_4' title="bbox 2101 451 3756 537">
    <p class='ocr_par' dir='ltr' id='par_1_4' title="bbox 2113 451 3756 531">
     <span class='ocr_line' id='line_1_4' title="bbox 2113 451 3756 531; baseline 0.002 -18"><span class='ocrx_word' id='word_1_20' title='bbox 2113 451 2411 515; x_wconf 82' lang='lat' dir='ltr'><strong>excellens</strong></span> <span class='ocrx_word' id='word_1_21' title='bbox 2441 453 2813 516; x_wconf 87' lang='lat' dir='ltr'><strong>alios.Latuit</strong></span> <span class='ocrx_word' id='word_1_22' title='bbox 2834 462 3029 517; x_wconf 78' lang='lat' dir='ltr'><strong>autem</strong></span> <span class='ocrx_word' id='word_1_23' title='bbox 3060 454 3120 516; x_wconf 89' lang='lat' dir='ltr'><strong>in</strong></span> <span class='ocrx_word' id='word_1_24' title='bbox 3150 455 3426 531; x_wconf 79' lang='lat' dir='ltr'><strong>desertis,</strong></span> <span class='ocrx_word' id='word_1_25' title='bbox 3460 456 3650 518; x_wconf 91' lang='lat' dir='ltr'><strong>donec</strong></span> <span class='ocrx_word' id='word_1_26' title='bbox 3667 456 3756 516; x_wconf 89' lang='lat' dir='ltr'><strong>vi-</strong></span> 
     </span>
    </p>
   </div>
   <div class='ocr_carea' id='block_1_5' title="bbox 374 541 2013 630">
    <p class='ocr_par' dir='ltr' id='par_1_5' title="bbox 374 542 2013 630">
     <span class='ocr_line' id='line_1_5' title="bbox 374 542 2013 630; baseline -0.004 -25"><span class='ocrx_word' id='word_1_27' title='bbox 374 548 588 623; x_wconf 74' lang='grc' dir='ltr'>μὲλλων</span> <span class='ocrx_word' id='word_1_28' title='bbox 645 551 762 627; x_wconf 77' lang='grc' dir='ltr'>περὶ</span> <span class='ocrx_word' id='word_1_29' title='bbox 818 549 1051 630; x_wconf 80' lang='grc' dir='ltr'>Χρεστού</span> <span class='ocrx_word' id='word_1_30' title='bbox 1116 548 1420 628; x_wconf 74' lang='grc' dir='ltr'><strong>κηρύττειν,</strong></span> <span class='ocrx_word' id='word_1_31' title='bbox 1492 549 1586 603; x_wconf 79' lang='grc' dir='ltr'>οἷα</span> <span class='ocrx_word' id='word_1_32' title='bbox 1643 542 1709 613; x_wconf 79' lang='grc' dir='ltr'><strong>δὴ</strong></span> <span class='ocrx_word' id='word_1_33' title='bbox 1766 544 2013 622; x_wconf 76' lang='grc' dir='ltr'>ἑρημίτης</span> 
     </span>
    </p>
   </div>
   <div class='ocr_carea' id='block_1_6' title="bbox 2101 541 3752 630">
    <p class='ocr_par' dir='ltr' id='par_1_6' title="bbox 2106 541 3752 630">
     <span class='ocr_line' id='line_1_6' title="bbox 2106 541 3752 630; baseline 0.003 -29"><span class='ocrx_word' id='word_1_34' title='bbox 2106 557 2236 630; x_wconf 85' lang='lat' dir='ltr'><strong>sum</strong></span> <span class='ocrx_word' id='word_1_35' title='bbox 2267 541 2376 604; x_wconf 82' lang='lat' dir='ltr'><strong>fuit</strong></span> <span class='ocrx_word' id='word_1_36' title='bbox 2405 542 2529 606; x_wconf 88' lang='lat' dir='ltr'><strong>Deo</strong></span> <span class='ocrx_word' id='word_1_37' title='bbox 2546 542 2941 606; x_wconf 89' lang='lat' dir='ltr'><strong>Israelitarum</strong></span> <span class='ocrx_word' id='word_1_38' title='bbox 2977 544 3190 626; x_wconf 92' lang='lat' dir='ltr'><strong>populo</strong></span> <span class='ocrx_word' id='word_1_39' title='bbox 3231 545 3396 607; x_wconf 90' lang='lat' dir='ltr'><strong>illum</strong></span> <span class='ocrx_word' id='word_1_40' title='bbox 3427 546 3752 608; x_wconf 89' lang='lat' dir='ltr'><strong>ostenden-</strong></span> 
     </span>
    </p>
   </div>
   <div class='ocr_carea' id='block_1_7' title="bbox 371 628 2432 719">
    <p class='ocr_par' dir='ltr' id='par_1_7' title="bbox 371 628 2432 719">
     <span class='ocr_line' id='line_1_7' title="bbox 371 628 2432 719; baseline 0 -26"><span class='ocrx_word' id='word_1_41' title='bbox 371 639 458 694; x_wconf 84' lang='grc' dir='ltr'><strong>καὶ</strong></span> <span class='ocrx_word' id='word_1_42' title='bbox 515 639 647 719; x_wconf 76' lang='grc' dir='ltr'>ὑπὲρ</span> <span class='ocrx_word' id='word_1_43' title='bbox 706 640 827 702; x_wconf 80' lang='grc' dir='ltr'>τοὺς</span> <span class='ocrx_word' id='word_1_44' title='bbox 870 628 1134 703; x_wconf 31' lang='grc' dir='ltr'>-πολλοὺς</span> <span class='ocrx_word' id='word_1_45' title='bbox 1211 637 1285 694; x_wconf 82' lang='grc' dir='ltr'>ὥν</span> <span class='ocrx_word' id='word_1_46' title='bbox 1319 654 1335 671; x_wconf 88' lang='grc'><strong>·</strong></span> <span class='ocrx_word' id='word_1_47' title='bbox 1383 635 1669 714; x_wconf 77' lang='grc' dir='ltr'><strong>ἐκρύπτετο</strong></span> <span class='ocrx_word' id='word_1_48' title='bbox 1712 632 1765 690; x_wconf 78' lang='grc' dir='ltr'>δὲ</span> <span class='ocrx_word' id='word_1_49' title='bbox 1802 633 1856 690; x_wconf 78' lang='grc' dir='ltr'>ἐν</span> <span class='ocrx_word' id='word_1_50' title='bbox 1899 645 2022 696; x_wconf 81' lang='grc' dir='ltr'>ταῖς</span> <span class='ocrx_word' id='word_1_51' title='bbox 2108 628 2248 691; x_wconf 85' lang='lat' dir='ltr'><strong>dum</strong></span> <span class='ocrx_word' id='word_1_52' title='bbox 2279 648 2432 696; x_wconf 90' lang='lat' dir='ltr'><strong>esse.</strong></span> 
     </span>
    </p>
   </div>
   <div class='ocr_carea' id='block_1_8' title="bbox 373 722 2023 809">
    <p class='ocr_par' dir='ltr' id='par_1_8' title="bbox 373 722 2023 809">
     <span class='ocr_line' id='line_1_8' title="bbox 373 722 2023 809; baseline -0.002 -28"><span class='ocrx_word' id='word_1_53' title='bbox 373 726 594 805; x_wconf 79' lang='grc' dir='ltr'>ἐρήμοις</span> <span class='ocrx_word' id='word_1_54' title='bbox 644 727 807 809; x_wconf 75' lang='grc' dir='ltr'>ἄχρις</span> <span class='ocrx_word' id='word_1_55' title='bbox 850 731 912 786; x_wconf 82' lang='grc' dir='ltr'><strong>οὗ</strong></span> <span class='ocrx_word' id='word_1_56' title='bbox 952 726 1236 795; x_wconf 74' lang='grc' dir='ltr'>εὐδόκησεν</span> <span class='ocrx_word' id='word_1_57' title='bbox 1279 728 1307 784; x_wconf 99' lang='lat'><strong>6</strong></span> <span class='ocrx_word' id='word_1_58' title='bbox 1349 727 1479 791; x_wconf 79' lang='grc' dir='ltr'>Θεὸς</span> <span class='ocrx_word' id='word_1_59' title='bbox 1548 722 1815 791; x_wconf 73' lang='grc' dir='ltr'><strong>ἀναδεῖξαι</strong></span> <span class='ocrx_word' id='word_1_60' title='bbox 1865 723 2023 782; x_wconf 67' lang='grc' dir='ltr'>αὺτὸν</span> 
     </span>
    </p>
   </div>
   <div class='ocr_carea' id='block_1_9' title="bbox 374 814 958 896">
    <p class='ocr_par' dir='ltr' id='par_1_9' title="bbox 374 814 958 896">
     <span class='ocr_line' id='line_1_9' title="bbox 374 814 958 896; baseline 0.007 -24"><span class='ocrx_word' id='word_1_61' title='bbox 374 823 452 891; x_wconf 84' lang='grc' dir='ltr'>τῷ</span> <span class='ocrx_word' id='word_1_62' title='bbox 485 814 791 896; x_wconf 74' lang='grc' dir='ltr'>Ἰσραηλίτῃ</span> <span class='ocrx_word' id='word_1_63' title='bbox 822 817 958 893; x_wconf 83' lang='grc' dir='ltr'>λαῷ.</span> 
     </span>
    </p>
   </div>
   <div class='ocr_carea' id='block_1_10' title="bbox 1010 908 1721 985">
    <p class='ocr_par' dir='ltr' id='par_1_10' title="bbox 1010 908 1721 985">
     <span class='ocr_line' id='line_1_10' title="bbox 1010 908 1721 985; baseline 0.004 -14"><span class='ocrx_word' id='word_1_64' title='bbox 1010 908 1387 974; x_wconf 57' lang='grc' dir='ltr'><strong>ΚΕΦΑΛ.ΒἏ</strong></span> <span class='ocrx_word' id='word_1_65' title='bbox 1718 980 1721 985; x_wconf 50' lang='grc'><strong>,</strong></span> 
     </span>
    </p>
   </div>
   <div class='ocr_carea' id='block_1_11' title="bbox 376 1004 2018 1085">
    <p class='ocr_par' dir='ltr' id='par_1_11' title="bbox 376 1004 2018 1085">
     <span class='ocr_line' id='line_1_11' title="bbox 376 1004 2018 1085; baseline -0.001 -26"><span class='ocrx_word' id='word_1_66' title='bbox 376 1006 496 1083; x_wconf 82' lang='grc' dir='ltr'>Περὶ</span> <span class='ocrx_word' id='word_1_67' title='bbox 551 1010 651 1072; x_wconf 80' lang='grc' dir='ltr'>τῆς</span> <span class='ocrx_word' id='word_1_68' title='bbox 715 1006 1052 1085; x_wconf 66' lang='grc' dir='ltr'>ἀπογραφῆς.</span> <span class='ocrx_word' id='word_1_69' title='bbox 1140 1007 1264 1084; x_wconf 83' lang='grc' dir='ltr'>Περὶ</span> <span class='ocrx_word' id='word_1_70' title='bbox 1344 1010 1438 1060; x_wconf 72' lang='grc' dir='ltr'>τοῦ</span> <span class='ocrx_word' id='word_1_71' title='bbox 1519 1008 1619 1085; x_wconf 77' lang='grc' dir='ltr'><strong>τῆς</strong></span> <span class='ocrx_word' id='word_1_72' title='bbox 1704 1004 1903 1085; x_wconf 72' lang='grc' dir='ltr'>Μαρίας</span> <span class='ocrx_word' id='word_1_73' title='bbox 1931 1023 2018 1058; x_wconf 77' lang='grc' dir='ltr'>τοο</span> 
     </span>
    </p>
   </div>
   <div class='ocr_carea' id='block_1_12' title="bbox 449 1082 2013 1165">
    <p class='ocr_par' dir='ltr' id='par_1_12' title="bbox 449 1082 2013 1165">
     <span class='ocr_line' id='line_1_12' title="bbox 449 1082 2013 1165; baseline 0.001 -25"><span class='ocrx_word' id='word_1_74' title='bbox 449 1082 667 1165; x_wconf 26' lang='grc' dir='ltr'>κετοῦη</span> <span class='ocrx_word' id='word_1_75' title='bbox 718 1082 869 1165; x_wconf 67' lang='grc' dir='ltr'><strong>Περῖ</strong></span> <span class='ocrx_word' id='word_1_76' title='bbox 924 1082 1031 1143; x_wconf 84' lang='grc' dir='ltr'>τῶν</span> <span class='ocrx_word' id='word_1_77' title='bbox 1116 1082 1409 1165; x_wconf 71' lang='grc' dir='ltr'>ποιμένων.</span> <span class='ocrx_word' id='word_1_78' title='bbox 1504 1084 1628 1165; x_wconf 84' lang='grc' dir='ltr'>Περὶ</span> <span class='ocrx_word' id='word_1_79' title='bbox 1676 1082 2013 1165; x_wconf 34' lang='grc' dir='ltr'>’Συμεῶνος</span> 
     </span>
    </p>
   </div>
   <div class='ocr_carea' id='block_1_13' title="bbox 447 1158 2014 1242">
    <p class='ocr_par' dir='ltr' id='par_1_13' title="bbox 447 1158 2014 1242">
     <span class='ocr_line' id='line_1_13' title="bbox 447 1158 2014 1242; baseline -0.001 -22"><span class='ocrx_word' id='word_1_80' title='bbox 447 1166 572 1242; x_wconf 73' lang='grc' dir='ltr'>Περὶ</span> <span class='ocrx_word' id='word_1_81' title='bbox 630 1158 845 1233; x_wconf 73' lang='grc' dir='ltr'>’Ἅννης</span> <span class='ocrx_word' id='word_1_82' title='bbox 916 1170 1015 1234; x_wconf 77' lang='grc' dir='ltr'>τῆς</span> <span class='ocrx_word' id='word_1_83' title='bbox 1082 1158 1425 1242; x_wconf 59' lang='grc' dir='ltr'>προφήτιδος.</span> <span class='ocrx_word' id='word_1_84' title='bbox 1495 1158 1620 1241; x_wconf 83' lang='grc' dir='ltr'>Περὶ</span> <span class='ocrx_word' id='word_1_85' title='bbox 1676 1158 1854 1229; x_wconf 86' lang='grc' dir='ltr'><strong>Ἰησοῦ</strong></span> <span class='ocrx_word' id='word_1_86' title='bbox 1921 1163 2014 1219; x_wconf 74' lang='grc' dir='ltr'><strong>εὖ·-</strong></span> 
     </span>
    </p>
   </div>
   <div class='ocr_carea' id='block_1_14' title="bbox 441 1243 1488 1323">
    <p class='ocr_par' dir='ltr' id='par_1_14' title="bbox 441 1243 1488 1323">
     <span class='ocr_line' id='line_1_14' title="bbox 441 1243 1488 1323; baseline 0.006 -23"><span class='ocrx_word' id='word_1_87' title='bbox 441 1244 682 1323; x_wconf 76' lang='grc' dir='ltr'>ρεθέντος</span> <span class='ocrx_word' id='word_1_88' title='bbox 717 1246 772 1304; x_wconf 81' lang='grc' dir='ltr'>ἐν</span> <span class='ocrx_word' id='word_1_89' title='bbox 806 1244 957 1323; x_wconf 78' lang='grc' dir='ltr'>μέσῳ</span> <span class='ocrx_word' id='word_1_90' title='bbox 985 1251 1091 1303; x_wconf 82' lang='grc' dir='ltr'>τῶν</span> <span class='ocrx_word' id='word_1_91' title='bbox 1136 1243 1488 1306; x_wconf 73' lang='grc' dir='ltr'><strong>διδασκάλων.</strong></span> 
     </span>
    </p>
   </div>
   <div class='ocr_carea' id='block_1_15' title="bbox 450 1328 2013 1413">
    <p class='ocr_par' dir='ltr' id='par_1_15' title="bbox 450 1328 2013 1413">
     <span class='ocr_line' id='line_1_15' title="bbox 450 1328 2013 1413; baseline -0.001 -25"><span class='ocrx_word' id='word_1_92' title='bbox 450 1358 477 1388; x_wconf 73' lang='grc' dir='ltr'><strong>α</strong></span> <span class='ocrx_word' id='word_1_93' title='bbox 540 1333 788 1413; x_wconf 80' lang='grc' dir='ltr'>Ἐγένετο</span> <span class='ocrx_word' id='word_1_94' title='bbox 846 1333 901 1390; x_wconf 81' lang='grc' dir='ltr'>δὲ</span> <span class='ocrx_word' id='word_1_95' title='bbox 962 1334 1016 1391; x_wconf 71' lang='grc' dir='ltr'>ἰν</span> <span class='ocrx_word' id='word_1_96' title='bbox 1084 1347 1208 1399; x_wconf 76' lang='grc' dir='ltr'>ταῖς</span> <span class='ocrx_word' id='word_1_97' title='bbox 1264 1334 1490 1411; x_wconf 69' lang='grc' dir='ltr'>ἡμέραις</span> <span class='ocrx_word' id='word_1_98' title='bbox 1548 1331 1794 1412; x_wconf 72' lang='grc' dir='ltr'>ἐκείναις,</span> <span class='ocrx_word' id='word_1_99' title='bbox 1829 1328 2013 1399; x_wconf 74' lang='grc' dir='ltr'>ἒξῆλθε</span> 
     </span>
    </p>
   </div>
   <div class='ocr_carea' id='block_1_16' title="bbox 362 1421 2011 1503">
    <p class='ocr_par' dir='ltr' id='par_1_16' title="bbox 362 1421 2011 1503">
     <span class='ocr_line' id='line_1_16' title="bbox 362 1421 2011 1503; baseline -0.002 -24"><span class='ocrx_word' id='word_1_100' title='bbox 362 1422 535 1502; x_wconf 88' lang='grc' dir='ltr'>δόγμα</span> <span class='ocrx_word' id='word_1_101' title='bbox 624 1425 768 1503; x_wconf 87' lang='grc' dir='ltr'><strong>παρά</strong></span> <span class='ocrx_word' id='word_1_102' title='bbox 852 1423 1115 1500; x_wconf 81' lang='grc' dir='ltr'>Καίσαρος</span> <span class='ocrx_word' id='word_1_103' title='bbox 1227 1424 1527 1503; x_wconf 69' lang='grc' dir='ltr'>Αὐγούστου</span> <span class='ocrx_word' id='word_1_104' title='bbox 1615 1421 2011 1501; x_wconf 69' lang='grc' dir='ltr'>ἀπογράφεσθαι</span> 
     </span>
    </p>
   </div>
   <div class='ocr_carea' id='block_1_17' title="bbox 364 1510 2012 1593">
    <p class='ocr_par' dir='ltr' id='par_1_17' title="bbox 364 1510 2012 1593">
     <span class='ocr_line' id='line_1_17' title="bbox 364 1510 2012 1593; baseline -0.002 -23"><span class='ocrx_word' id='word_1_105' title='bbox 364 1520 537 1570; x_wconf 78' lang='grc' dir='ltr'>πᾶσαν</span> <span class='ocrx_word' id='word_1_106' title='bbox 595 1514 694 1580; x_wconf 79' lang='grc' dir='ltr'>τὴν</span> <span class='ocrx_word' id='word_1_107' title='bbox 758 1513 1075 1589; x_wconf 76' lang='grc' dir='ltr'><strong>οἰκουμένην</strong></span> <span class='ocrx_word' id='word_1_108' title='bbox 1110 1529 1125 1544; x_wconf 92' lang='grc'><strong>⁸</strong></span> <span class='ocrx_word' id='word_1_109' title='bbox 1188 1514 1325 1581; x_wconf 80' lang='grc' dir='ltr'>αὕτη</span> <span class='ocrx_word' id='word_1_110' title='bbox 1381 1514 1416 1581; x_wconf 78' lang='grc' dir='ltr'>ἡ</span> <span class='ocrx_word' id='word_1_111' title='bbox 1460 1512 1766 1593; x_wconf 73' lang='grc' dir='ltr'>ἀπογραφὴ,</span> <span class='ocrx_word' id='word_1_112' title='bbox 1826 1510 2012 1587; x_wconf 83' lang='grc' dir='ltr'>πρώτη</span> 
     </span>
    </p>
   </div>
   <div class='ocr_carea' id='block_1_18' title="bbox 363 1600 2013 1687">
    <p class='ocr_par' dir='ltr' id='par_1_18' title="bbox 363 1600 2013 1682">
     <span class='ocr_line' id='line_1_18' title="bbox 363 1600 2013 1682; baseline 0 -24"><span class='ocrx_word' id='word_1_113' title='bbox 363 1601 571 1680; x_wconf 68' lang='grc' dir='ltr'>ὶγένετο</span> <span class='ocrx_word' id='word_1_114' title='bbox 612 1600 1030 1681; x_wconf 69' lang='grc' dir='ltr'>ἠγεμονεΰοιιτος</span> <span class='ocrx_word' id='word_1_115' title='bbox 1101 1606 1201 1671; x_wconf 80' lang='grc' dir='ltr'>τῆς</span> <span class='ocrx_word' id='word_1_116' title='bbox 1279 1603 1470 1682; x_wconf 83' lang='grc' dir='ltr'>Συρίας</span> <span class='ocrx_word' id='word_1_117' title='bbox 1563 1601 1819 1681; x_wconf 68' lang='grc' dir='ltr'>Κυρηνίου</span> <span class='ocrx_word' id='word_1_118' title='bbox 1850 1614 1865 1630; x_wconf 88' lang='grc'><strong><em>⁸</em></strong></span> <span class='ocrx_word' id='word_1_119' title='bbox 1925 1604 2013 1658; x_wconf 86' lang='grc' dir='ltr'>καί</span> 
     </span>
    </p>
   </div>
   <div class='ocr_carea' id='block_1_19' title="bbox 2101 1600 3744 1687">
    <p class='ocr_par' dir='ltr' id='par_1_19' title="bbox 2101 1604 3744 1687">
     <span class='ocr_line' id='line_1_19' title="bbox 2101 1604 3744 1687; baseline 0.001 -24"><span class='ocrx_word' id='word_1_120' title='bbox 2101 1609 2213 1665; x_wconf 90' lang='lat' dir='ltr'><strong>tem</strong></span> <span class='ocrx_word' id='word_1_121' title='bbox 2250 1604 2454 1681; x_wconf 82' lang='lat' dir='ltr'><strong>David,</strong></span> <span class='ocrx_word' id='word_1_122' title='bbox 2485 1624 2614 1687; x_wconf 71' lang='lat' dir='ltr'><strong>quae</strong></span> <span class='ocrx_word' id='word_1_123' title='bbox 2644 1614 2886 1668; x_wconf 79' lang='lat' dir='ltr'><strong>vocatur</strong></span> <span class='ocrx_word' id='word_1_124' title='bbox 2927 1606 3261 1679; x_wconf 75' lang='lat' dir='ltr'><strong>Bethleem,</strong></span> <span class='ocrx_word' id='word_1_125' title='bbox 3296 1623 3366 1667; x_wconf 91' lang='lat' dir='ltr'><strong>eo</strong></span> <span class='ocrx_word' id='word_1_126' title='bbox 3396 1604 3551 1685; x_wconf 92' lang='lat' dir='ltr'><strong>quod</strong></span> <span class='ocrx_word' id='word_1_127' title='bbox 3584 1616 3744 1666; x_wconf 81' lang='lat' dir='ltr'><strong>esset</strong></span> 
     </span>
    </p>
   </div>
   <div class='ocr_carea' id='block_1_20' title="bbox 364 1688 2013 1775">
    <p class='ocr_par' dir='ltr' id='par_1_20' title="bbox 364 1688 2012 1773">
     <span class='ocr_line' id='line_1_20' title="bbox 364 1688 2012 1773; baseline -0.002 -26"><span class='ocrx_word' id='word_1_128' title='bbox 364 1690 584 1769; x_wconf 73' lang='grc' dir='ltr'>ἔπορεύο</span> <span class='ocrx_word' id='word_1_129' title='bbox 598 1712 676 1748; x_wconf 75' lang='lat' dir='ltr'><strong>rce</strong></span> <span class='ocrx_word' id='word_1_130' title='bbox 750 1692 946 1755; x_wconf 83' lang='grc' dir='ltr'>πάντες</span> <span class='ocrx_word' id='word_1_131' title='bbox 1038 1690 1436 1773; x_wconf 75' lang='grc' dir='ltr'>ἀπογράφεσθαι</span> <span class='ocrx_word' id='word_1_132' title='bbox 1509 1688 1730 1755; x_wconf 73' lang='grc' dir='ltr'>ἕκαστος</span> <span class='ocrx_word' id='word_1_133' title='bbox 1784 1690 1857 1755; x_wconf 86' lang='grc' dir='ltr'><strong>εἰς</strong></span> <span class='ocrx_word' id='word_1_134' title='bbox 1912 1689 2012 1756; x_wconf 78' lang='grc' dir='ltr'>τὴν</span> 
     </span>
    </p>
   </div>
   <div class='ocr_carea' id='block_1_21' title="bbox 2101 1688 3744 1775">
    <p class='ocr_par' dir='ltr' id='par_1_21' title="bbox 2101 1690 3744 1775">
     <span class='ocr_line' id='line_1_21' title="bbox 2101 1690 3744 1775; baseline 0.001 -23"><span class='ocrx_word' id='word_1_135' title='bbox 2101 1690 2171 1753; x_wconf 88' lang='lat' dir='ltr'><strong>de</strong></span> <span class='ocrx_word' id='word_1_136' title='bbox 2197 1691 2372 1755; x_wconf 92' lang='lat' dir='ltr'><strong>domo</strong></span> <span class='ocrx_word' id='word_1_137' title='bbox 2404 1703 2461 1755; x_wconf 93' lang='lat' dir='ltr'><strong>et</strong></span> <span class='ocrx_word' id='word_1_138' title='bbox 2490 1693 2712 1757; x_wconf 83' lang='lat' dir='ltr'><strong>familia</strong></span> <span class='ocrx_word' id='word_1_139' title='bbox 2732 1694 2937 1769; x_wconf 85' lang='lat' dir='ltr'><strong>David,</strong></span> <span class='ocrx_word' id='word_1_140' title='bbox 2970 1704 3035 1757; x_wconf 93' lang='lat' dir='ltr'><strong>ut</strong></span> <span class='ocrx_word' id='word_1_141' title='bbox 3056 1693 3436 1775; x_wconf 84' lang='lat' dir='ltr'><strong>proﬁteretur</strong></span> <span class='ocrx_word' id='word_1_142' title='bbox 3460 1711 3592 1753; x_wconf 88' lang='lat' dir='ltr'><strong>cum</strong></span> <span class='ocrx_word' id='word_1_143' title='bbox 3625 1696 3744 1754; x_wconf 76' lang='lat' dir='ltr'><strong>Ma-</strong></span> 
     </span>
    </p>
   </div>
   <div class='ocr_carea' id='block_1_22' title="bbox 362 1752 2013 1865">
    <p class='ocr_par' dir='ltr' id='par_1_22' title="bbox 362 1752 2012 1861">
     <span class='ocr_line' id='line_1_22' title="bbox 362 1752 2012 1861; baseline -0.001 -24"><span class='ocrx_word' id='word_1_144' title='bbox 362 1752 493 1837; x_wconf 65' lang='grc' dir='ltr'>ἷδίαν</span> <span class='ocrx_word' id='word_1_145' title='bbox 542 1779 722 1843; x_wconf 89' lang='grc' dir='ltr'>πόλιν.</span> <span class='ocrx_word' id='word_1_146' title='bbox 791 1752 985 1849; x_wconf 68' lang='grc' dir='ltr'>’Λνόόη</span> <span class='ocrx_word' id='word_1_147' title='bbox 1036 1778 1091 1837; x_wconf 75' lang='grc' dir='ltr'>δὲ</span> <span class='ocrx_word' id='word_1_148' title='bbox 1150 1752 1490 1861; x_wconf 45' lang='grc' dir='ltr'>καὶ⁸³1ωσὴφ</span> <span class='ocrx_word' id='word_1_149' title='bbox 1552 1781 1658 1837; x_wconf 81' lang='grc' dir='ltr'>ἀπὸ</span> <span class='ocrx_word' id='word_1_150' title='bbox 1713 1752 1808 1849; x_wconf 69' lang='grc' dir='ltr'><strong>τῆς</strong></span> <span class='ocrx_word' id='word_1_151' title='bbox 1844 1752 2012 1836; x_wconf 55' lang='grc' dir='ltr'>Ταλέ.</span> 
     </span>
    </p>
   </div>
   <div class='ocr_carea' id='block_1_23' title="bbox 2101 1752 3743 1865">
    <p class='ocr_par' dir='ltr' id='par_1_23' title="bbox 2101 1752 3743 1865">
     <span class='ocr_line' id='line_1_23' title="bbox 2101 1752 3743 1865; baseline 0.001 -24"><span class='ocrx_word' id='word_1_152' title='bbox 2101 1780 2184 1842; x_wconf 88' lang='lat' dir='ltr'><strong>ria</strong></span> <span class='ocrx_word' id='word_1_153' title='bbox 2215 1780 2574 1863; x_wconf 85' lang='lat' dir='ltr'><strong>desponsata</strong></span> <span class='ocrx_word' id='word_1_154' title='bbox 2602 1784 2715 1846; x_wconf 90' lang='lat' dir='ltr'><strong>sibi</strong></span> <span class='ocrx_word' id='word_1_155' title='bbox 2744 1752 3088 1865; x_wconf 38' lang='lat' dir='ltr'><strong>uxorezquae</strong></span> <span class='ocrx_word' id='word_1_156' title='bbox 3118 1792 3244 1844; x_wconf 88' lang='lat' dir='ltr'><strong>erat</strong></span> <span class='ocrx_word' id='word_1_157' title='bbox 3268 1800 3601 1862; x_wconf 79' lang='lat' dir='ltr'><strong>praegnans.</strong></span> <span class='ocrx_word' id='word_1_158' title='bbox 3634 1783 3743 1843; x_wconf 86' lang='lat' dir='ltr'><strong>Ac-</strong></span> 
     </span>
    </p>
   </div>
   <div class='ocr_carea' id='block_1_24' title="bbox 364 1867 2013 1955">
    <p class='ocr_par' dir='ltr' id='par_1_24' title="bbox 364 1867 2013 1945">
     <span class='ocr_line' id='line_1_24' title="bbox 364 1867 2013 1945; baseline -0.001 -20"><span class='ocrx_word' id='word_1_159' title='bbox 364 1869 515 1934; x_wconf 85' lang='grc' dir='ltr'>λαίας</span> <span class='ocrx_word' id='word_1_160' title='bbox 571 1869 633 1927; x_wconf 75' lang='grc' dir='ltr'>ἐκ</span> <span class='ocrx_word' id='word_1_161' title='bbox 690 1869 899 1934; x_wconf 87' lang='grc' dir='ltr'>πόλεως</span> <span class='ocrx_word' id='word_1_162' title='bbox 956 1870 1213 1945; x_wconf 78' lang='grc' dir='ltr'>Ναζαρὲτ,</span> <span class='ocrx_word' id='word_1_163' title='bbox 1276 1871 1349 1933; x_wconf 75' lang='grc' dir='ltr'><strong>εἰς</strong></span> <span class='ocrx_word' id='word_1_164' title='bbox 1437 1871 1537 1937; x_wconf 77' lang='grc' dir='ltr'>τὴν</span> <span class='ocrx_word' id='word_1_165' title='bbox 1610 1867 1881 1945; x_wconf 74' lang='grc' dir='ltr'>Ἰουδαίαν,</span> <span class='ocrx_word' id='word_1_166' title='bbox 1942 1870 2013 1934; x_wconf 80' lang='grc' dir='ltr'>εἷς</span> 
     </span>
    </p>
   </div>
   <div class='ocr_carea' id='block_1_25' title="bbox 2101 1867 3748 1955">
    <p class='ocr_par' dir='ltr' id='par_1_25' title="bbox 2101 1868 3748 1955">
     <span class='ocr_line' id='line_1_25' title="bbox 2101 1868 3748 1955; baseline 0.001 -24"><span class='ocrx_word' id='word_1_167' title='bbox 2101 1868 2618 1955; x_wconf 82' lang='lat' dir='ltr'><strong>ciditautem,cum</strong></span> <span class='ocrx_word' id='word_1_168' title='bbox 2654 1881 2852 1935; x_wconf 90' lang='lat' dir='ltr'><strong>essent</strong></span> <span class='ocrx_word' id='word_1_169' title='bbox 2875 1871 3299 1951; x_wconf 87' lang='lat' dir='ltr'><strong>ibi,complecti</strong></span> <span class='ocrx_word' id='word_1_170' title='bbox 3334 1878 3473 1933; x_wconf 90' lang='lat' dir='ltr'><strong>sunt</strong></span> <span class='ocrx_word' id='word_1_171' title='bbox 3494 1870 3623 1933; x_wconf 89' lang='lat' dir='ltr'><strong>dies</strong></span> <span class='ocrx_word' id='word_1_172' title='bbox 3644 1891 3748 1951; x_wconf 87' lang='lat' dir='ltr'><strong>pa-</strong></span> 
     </span>
    </p>
   </div>
   <div class='ocr_carea' id='block_1_26' title="bbox 363 1956 2013 2043">
    <p class='ocr_par' dir='ltr' id='par_1_26' title="bbox 363 1956 2011 2036">
     <span class='ocr_line' id='line_1_26' title="bbox 363 1956 2011 2036; baseline -0.001 -21"><span class='ocrx_word' id='word_1_173' title='bbox 363 1958 518 2015; x_wconf 90' lang='grc' dir='ltr'>πόλιν</span> <span class='ocrx_word' id='word_1_174' title='bbox 578 1958 771 2034; x_wconf 62' lang='grc' dir='ltr'>Δαυλιδ,</span> <span class='ocrx_word' id='word_1_175' title='bbox 830 1957 949 2027; x_wconf 72' lang='grc' dir='ltr'>ἥτις</span> <span class='ocrx_word' id='word_1_176' title='bbox 1010 1956 1260 2015; x_wconf 76' lang='grc' dir='ltr'>καλεῖται</span> <span class='ocrx_word' id='word_1_177' title='bbox 1320 1958 1577 2036; x_wconf 81' lang='grc' dir='ltr'>Βεθλεὲμ,</span> <span class='ocrx_word' id='word_1_178' title='bbox 1622 1956 1706 2015; x_wconf 79' lang='grc' dir='ltr'>διὰ</span> <span class='ocrx_word' id='word_1_179' title='bbox 1746 1960 1810 2016; x_wconf 87' lang='grc' dir='ltr'>τὸ</span> <span class='ocrx_word' id='word_1_180' title='bbox 1868 1959 2011 2017; x_wconf 78' lang='grc' dir='ltr'>εἶναι</span> 
     </span>
    </p>
   </div>
   <div class='ocr_carea' id='block_1_27' title="bbox 2101 1956 3744 2043">
    <p class='ocr_par' dir='ltr' id='par_1_27' title="bbox 2101 1958 3744 2043">
     <span class='ocr_line' id='line_1_27' title="bbox 2101 1958 3744 2043; baseline 0.001 -25"><span class='ocrx_word' id='word_1_181' title='bbox 2101 1959 2377 2031; x_wconf 81' lang='lat' dir='ltr'><strong>riendi;et</strong></span> <span class='ocrx_word' id='word_1_182' title='bbox 2400 1961 2629 2043; x_wconf 76' lang='lat' dir='ltr'><strong>peperit</strong></span> <span class='ocrx_word' id='word_1_183' title='bbox 2646 1961 2856 2023; x_wconf 87' lang='lat' dir='ltr'><strong>Filium</strong></span> <span class='ocrx_word' id='word_1_184' title='bbox 2881 1980 3052 2023; x_wconf 92' lang='lat' dir='ltr'><strong>suum</strong></span> <span class='ocrx_word' id='word_1_185' title='bbox 3080 1958 3647 2042; x_wconf 83' lang='lat' dir='ltr'><strong>primogenitum,ac</strong></span> <span class='ocrx_word' id='word_1_186' title='bbox 3667 1960 3744 2021; x_wconf 85' lang='lat' dir='ltr'><strong>fa-</strong></span> 
     </span>
    </p>
   </div>
   <div class='ocr_carea' id='block_1_28' title="bbox 361 2047 2013 2132">
    <p class='ocr_par' dir='ltr' id='par_1_28' title="bbox 361 2047 2010 2128">
     <span class='ocr_line' id='line_1_28' title="bbox 361 2047 2010 2128; baseline -0.002 -22"><span class='ocrx_word' id='word_1_187' title='bbox 361 2049 517 2106; x_wconf 72' lang='grc' dir='ltr'>αὒτὸν</span> <span class='ocrx_word' id='word_1_188' title='bbox 574 2047 627 2114; x_wconf 75' lang='grc' dir='ltr'>ἐξ</span> <span class='ocrx_word' id='word_1_189' title='bbox 672 2048 826 2106; x_wconf 81' lang='grc' dir='ltr'>οἴκου</span> <span class='ocrx_word' id='word_1_190' title='bbox 883 2050 970 2105; x_wconf 89' lang='grc' dir='ltr'><strong>καὶ</strong></span> <span class='ocrx_word' id='word_1_191' title='bbox 1039 2054 1262 2128; x_wconf 83' lang='grc' dir='ltr'>πατριᾶς</span> <span class='ocrx_word' id='word_1_192' title='bbox 1338 2047 1528 2123; x_wconf 75' lang='grc' dir='ltr'>Δαυ³ιδ,</span> <span class='ocrx_word' id='word_1_193' title='bbox 1606 2048 2010 2128; x_wconf 79' lang='grc' dir='ltr'>ἀπογράψασθαι</span> 
     </span>
    </p>
   </div>
   <div class='ocr_carea' id='block_1_29' title="bbox 2101 2047 3741 2132">
    <p class='ocr_par' dir='ltr' id='par_1_29' title="bbox 2101 2048 3741 2132">
     <span class='ocr_line' id='line_1_29' title="bbox 2101 2048 3741 2132; baseline 0 -23"><span class='ocrx_word' id='word_1_194' title='bbox 2101 2048 2229 2109; x_wconf 83' lang='lat' dir='ltr'><strong>sciis</strong></span> <span class='ocrx_word' id='word_1_195' title='bbox 2242 2067 2374 2109; x_wconf 91' lang='lat' dir='ltr'><strong>eum</strong></span> <span class='ocrx_word' id='word_1_196' title='bbox 2389 2049 3065 2132; x_wconf 89' lang='lat' dir='ltr'><strong>involvitreclinavitque</strong></span> <span class='ocrx_word' id='word_1_197' title='bbox 3079 2062 3213 2111; x_wconf 91' lang='lat' dir='ltr'><strong>eum</strong></span> <span class='ocrx_word' id='word_1_198' title='bbox 3228 2049 3289 2110; x_wconf 91' lang='lat' dir='ltr'><strong>in</strong></span> <span class='ocrx_word' id='word_1_199' title='bbox 3309 2049 3741 2130; x_wconf 63' lang='lat' dir='ltr'><strong>praesepi,quod</strong></span> 
     </span>
    </p>
   </div>
   <div class='ocr_carea' id='block_1_30' title="bbox 358 2136 2013 2219">
    <p class='ocr_par' dir='ltr' id='par_1_30' title="bbox 358 2136 2007 2217">
     <span class='ocr_line' id='line_1_30' title="bbox 358 2136 2007 2217; baseline 0 -23"><span class='ocrx_word' id='word_1_200' title='bbox 358 2139 449 2194; x_wconf 85' lang='grc' dir='ltr'>σὺν</span> <span class='ocrx_word' id='word_1_201' title='bbox 494 2139 715 2217; x_wconf 72' lang='grc' dir='ltr'>Μαριὰμ</span> <span class='ocrx_word' id='word_1_202' title='bbox 757 2144 826 2215; x_wconf 78' lang='grc' dir='ltr'>τῇ</span> <span class='ocrx_word' id='word_1_203' title='bbox 902 2137 1350 2215; x_wconf 73' lang='grc' dir='ltr'>μεμνηστευμένῃ</span> <span class='ocrx_word' id='word_1_204' title='bbox 1404 2142 1548 2213; x_wconf 75' lang='grc' dir='ltr'>αὐτῷ</span> <span class='ocrx_word' id='word_1_205' title='bbox 1586 2138 1816 2217; x_wconf 84' lang='grc' dir='ltr'>γυναικὶ,</span> <span class='ocrx_word' id='word_1_206' title='bbox 1877 2136 2007 2214; x_wconf 74' lang='grc' dir='ltr'>οὔσῃ</span> 
     </span>
    </p>
   </div>
   <div class='ocr_carea' id='block_1_31' title="bbox 2101 2136 3741 2219">
    <p class='ocr_par' dir='ltr' id='par_1_31' title="bbox 2101 2138 3741 2219">
     <span class='ocr_line' id='line_1_31' title="bbox 2101 2138 3741 2219; baseline 0 -20"><span class='ocrx_word' id='word_1_207' title='bbox 2101 2157 2209 2199; x_wconf 88' lang='lat' dir='ltr'><strong>non</strong></span> <span class='ocrx_word' id='word_1_208' title='bbox 2234 2149 2391 2203; x_wconf 87' lang='lat' dir='ltr'><strong>esset</strong></span> <span class='ocrx_word' id='word_1_209' title='bbox 2419 2141 2504 2201; x_wconf 89' lang='lat' dir='ltr'><strong>eis</strong></span> <span class='ocrx_word' id='word_1_210' title='bbox 2527 2141 2690 2202; x_wconf 91' lang='lat' dir='ltr'><strong>locus</strong></span> <span class='ocrx_word' id='word_1_211' title='bbox 2709 2140 2771 2201; x_wconf 87' lang='lat' dir='ltr'><strong>iu</strong></span> <span class='ocrx_word' id='word_1_212' title='bbox 2791 2140 3115 2202; x_wconf 91' lang='lat' dir='ltr'><strong>diversorio</strong></span> <span class='ocrx_word' id='word_1_213' title='bbox 3150 2162 3172 2197; x_wconf 73' lang='grc' dir='ltr'><strong>ε</strong></span> <span class='ocrx_word' id='word_1_214' title='bbox 3194 2141 3516 2219; x_wconf 77' lang='lat' dir='ltr'><strong>Propterea</strong></span> <span class='ocrx_word' id='word_1_215' title='bbox 3539 2138 3603 2199; x_wconf 85' lang='lat' dir='ltr'><strong>ﬁt</strong></span> <span class='ocrx_word' id='word_1_216' title='bbox 3633 2138 3741 2199; x_wconf 86' lang='lat' dir='ltr'><strong>de-</strong></span> 
     </span>
    </p>
   </div>
   <div class='ocr_carea' id='block_1_32' title="bbox 2655 723 3201 789">
    <p class='ocr_par' dir='ltr' id='par_1_32' title="bbox 2655 723 3201 789">
     <span class='ocr_line' id='line_1_32' title="bbox 2655 723 3201 789; baseline 0.005 -5"><span class='ocrx_word' id='word_1_217' title='bbox 2655 723 2797 785; x_wconf 72' lang='grc'><strong>285</strong></span> <span class='ocrx_word' id='word_1_218' title='bbox 2838 724 3083 789; x_wconf 81' lang='lat' dir='ltr'><strong>CAPUT</strong></span> <span class='ocrx_word' id='word_1_219' title='bbox 3128 725 3201 788; x_wconf 89' lang='lat' dir='ltr'><strong>II.</strong></span> 
     </span>
    </p>
   </div>
   <div class='ocr_carea' id='block_1_33' title="bbox 2106 816 3755 900">
    <p class='ocr_par' dir='ltr' id='par_1_33' title="bbox 2106 816 3755 900">
     <span class='ocr_line' id='line_1_33' title="bbox 2106 816 3755 900; baseline 0.002 -22"><span class='ocrx_word' id='word_1_220' title='bbox 2106 816 2191 879; x_wconf 82' lang='lat' dir='ltr'><strong>De</strong></span> <span class='ocrx_word' id='word_1_221' title='bbox 2218 819 2661 900; x_wconf 61' lang='lat' dir='ltr'><strong>conscriptione</strong></span> <span class='ocrx_word' id='word_1_222' title='bbox 2685 820 2871 900; x_wconf 78' lang='lat' dir='ltr'><strong>orbis.</strong></span> <span class='ocrx_word' id='word_1_223' title='bbox 2911 818 2997 881; x_wconf 85' lang='lat' dir='ltr'><strong>De</strong></span> <span class='ocrx_word' id='word_1_224' title='bbox 3032 827 3353 900; x_wconf 81' lang='lat' dir='ltr'><strong>puerperio</strong></span> <span class='ocrx_word' id='word_1_225' title='bbox 3400 821 3639 882; x_wconf 75' lang='grc' dir='ltr'>Μανὶω.</span> <span class='ocrx_word' id='word_1_226' title='bbox 3678 822 3755 881; x_wconf 84' lang='lat' dir='ltr'><strong>De</strong></span> 
     </span>
    </p>
   </div>
   <div class='ocr_carea' id='block_1_34' title="bbox 2181 898 3745 981">
    <p class='ocr_par' dir='ltr' id='par_1_34' title="bbox 2181 898 3745 981">
     <span class='ocr_line' id='line_1_34' title="bbox 2181 898 3745 981; baseline 0.003 -22"><span class='ocrx_word' id='word_1_227' title='bbox 2181 898 2639 981; x_wconf 57' lang='lat' dir='ltr'><strong>pastoribusﬂe</strong></span> <span class='ocrx_word' id='word_1_228' title='bbox 2668 899 2985 981; x_wconf 63' lang='lat' dir='ltr'><strong>Symeone.</strong></span> <span class='ocrx_word' id='word_1_229' title='bbox 3020 898 3102 961; x_wconf 87' lang='lat' dir='ltr'><strong>De</strong></span> <span class='ocrx_word' id='word_1_230' title='bbox 3132 898 3312 963; x_wconf 69' lang='lat' dir='ltr'><strong>Anna</strong></span> <span class='ocrx_word' id='word_1_231' title='bbox 3340 900 3745 981; x_wconf 72' lang='lat' dir='ltr'><strong>prophetissa.</strong></span> 
     </span>
    </p>
   </div>
   <div class='ocr_carea' id='block_1_35' title="bbox 2184 977 3210 1059">
    <p class='ocr_par' dir='ltr' id='par_1_35' title="bbox 2184 977 3210 1059">
     <span class='ocr_line' id='line_1_35' title="bbox 2184 977 3210 1059; baseline 0.003 -21"><span class='ocrx_word' id='word_1_232' title='bbox 2184 977 2265 1039; x_wconf 82' lang='lat' dir='ltr'><strong>De</strong></span> <span class='ocrx_word' id='word_1_233' title='bbox 2290 980 2433 1042; x_wconf 72' lang='lat' dir='ltr'><strong>Jexu</strong></span> <span class='ocrx_word' id='word_1_234' title='bbox 2464 987 2699 1059; x_wconf 80' lang='lat' dir='ltr'><strong>reperto</strong></span> <span class='ocrx_word' id='word_1_235' title='bbox 2721 977 2897 1043; x_wconf 60' lang='lat' dir='ltr'><strong>inter</strong></span> <span class='ocrx_word' id='word_1_236' title='bbox 2924 980 3210 1043; x_wconf 81' lang='lat' dir='ltr'><strong>doctores.</strong></span> 
     </span>
    </p>
   </div>
   <div class='ocr_carea' id='block_1_36' title="bbox 2182 1068 3757 1143">
    <p class='ocr_par' dir='ltr' id='par_1_36' title="bbox 2182 1068 3757 1143">
     <span class='ocr_line' id='line_1_36' title="bbox 2182 1068 3757 1143; baseline 0.001 -12"><span class='ocrx_word' id='word_1_237' title='bbox 2182 1068 2491 1135; x_wconf 69' lang='lat' dir='ltr'><strong>VsasJ-‘i’.</strong></span> <span class='ocrx_word' id='word_1_238' title='bbox 2524 1070 2800 1133; x_wconf 77' lang='lat' dir='ltr'><strong>«Factum</strong></span> <span class='ocrx_word' id='word_1_239' title='bbox 2821 1078 2908 1134; x_wconf 88' lang='lat' dir='ltr'><strong>est</strong></span> <span class='ocrx_word' id='word_1_240' title='bbox 2934 1079 3129 1133; x_wconf 89' lang='lat' dir='ltr'><strong>autem</strong></span> <span class='ocrx_word' id='word_1_241' title='bbox 3153 1070 3214 1132; x_wconf 91' lang='lat' dir='ltr'><strong>in</strong></span> <span class='ocrx_word' id='word_1_242' title='bbox 3234 1069 3442 1133; x_wconf 89' lang='lat' dir='ltr'><strong>diebus</strong></span> <span class='ocrx_word' id='word_1_243' title='bbox 3467 1070 3757 1143; x_wconf 86' lang='lat' dir='ltr'><strong>illis,exiit</strong></span> 
     </span>
    </p>
   </div>
   <div class='ocr_carea' id='block_1_37' title="bbox 2100 1156 3751 1240">
    <p class='ocr_par' dir='ltr' id='par_1_37' title="bbox 2100 1156 3751 1240">
     <span class='ocr_line' id='line_1_37' title="bbox 2100 1156 3751 1240; baseline 0.002 -21"><span class='ocrx_word' id='word_1_244' title='bbox 2100 1156 2408 1221; x_wconf 89' lang='lat' dir='ltr'><strong>decretum</strong></span> <span class='ocrx_word' id='word_1_245' title='bbox 2441 1180 2475 1222; x_wconf 91' lang='lat' dir='ltr'><strong>a</strong></span> <span class='ocrx_word' id='word_1_246' title='bbox 2505 1159 2739 1223; x_wconf 85' lang='lat' dir='ltr'><strong>Caesare</strong></span> <span class='ocrx_word' id='word_1_247' title='bbox 2759 1165 3027 1240; x_wconf 84' lang='lat' dir='ltr'><strong>Augusto</strong></span> <span class='ocrx_word' id='word_1_248' title='bbox 3085 1169 3146 1222; x_wconf 93' lang='lat' dir='ltr'><strong>ut</strong></span> <span class='ocrx_word' id='word_1_249' title='bbox 3195 1166 3544 1223; x_wconf 85' lang='lat' dir='ltr'><strong>censeretur</strong></span> <span class='ocrx_word' id='word_1_250' title='bbox 3592 1168 3751 1223; x_wconf 85' lang='lat' dir='ltr'><strong>totus</strong></span> 
     </span>
    </p>
   </div>
   <div class='ocr_carea' id='block_1_38' title="bbox 2097 1245 3752 1329">
    <p class='ocr_par' dir='ltr' id='par_1_38' title="bbox 2097 1245 3752 1329">
     <span class='ocr_line' id='line_1_38' title="bbox 2097 1245 3752 1329; baseline 0.002 -24"><span class='ocrx_word' id='word_1_251' title='bbox 2097 1245 2257 1307; x_wconf 87' lang='lat' dir='ltr'><strong>orbis</strong></span> <span class='ocrx_word' id='word_1_252' title='bbox 2288 1246 2424 1309; x_wconf 66' lang='lat' dir='ltr'><strong>Haec</strong></span> <span class='ocrx_word' id='word_1_253' title='bbox 2446 1247 2770 1329; x_wconf 87' lang='lat' dir='ltr'><strong>descriptio</strong></span> <span class='ocrx_word' id='word_1_254' title='bbox 2796 1248 2987 1329; x_wconf 89' lang='lat' dir='ltr'><strong>prima</strong></span> <span class='ocrx_word' id='word_1_255' title='bbox 3008 1247 3159 1310; x_wconf 80' lang='lat' dir='ltr'><strong>facta</strong></span> <span class='ocrx_word' id='word_1_256' title='bbox 3176 1257 3266 1313; x_wconf 90' lang='lat' dir='ltr'><strong>est</strong></span> <span class='ocrx_word' id='word_1_257' title='bbox 3293 1246 3542 1328; x_wconf 58' lang='lat' dir='ltr'><strong>praeside</strong></span> <span class='ocrx_word' id='word_1_258' title='bbox 3570 1246 3752 1328; x_wconf 67' lang='lat' dir='ltr'><strong>Syriae</strong></span> 
     </span>
    </p>
   </div>
   <div class='ocr_carea' id='block_1_39' title="bbox 2096 1333 3748 1418">
    <p class='ocr_par' dir='ltr' id='par_1_39' title="bbox 2096 1333 3748 1418">
     <span class='ocr_line' id='line_1_39' title="bbox 2096 1333 3748 1418; baseline 0.001 -21"><span class='ocrx_word' id='word_1_259' title='bbox 2096 1333 2346 1416; x_wconf 80' lang='lat' dir='ltr'><strong>Cyreno.</strong></span> <span class='ocrx_word' id='word_1_260' title='bbox 2395 1335 2465 1398; x_wconf 89' lang='lat' dir='ltr'><strong>Et</strong></span> <span class='ocrx_word' id='word_1_261' title='bbox 2494 1337 2654 1399; x_wconf 91' lang='lat' dir='ltr'><strong>ibant</strong></span> <span class='ocrx_word' id='word_1_262' title='bbox 2685 1356 2894 1399; x_wconf 92' lang='lat' dir='ltr'><strong>omnes</strong></span> <span class='ocrx_word' id='word_1_263' title='bbox 2926 1346 2988 1398; x_wconf 93' lang='lat' dir='ltr'><strong>ut</strong></span> <span class='ocrx_word' id='word_1_264' title='bbox 3014 1338 3456 1418; x_wconf 81' lang='lat' dir='ltr'><strong>proﬁterentur,</strong></span> <span class='ocrx_word' id='word_1_265' title='bbox 3492 1336 3553 1397; x_wconf 89' lang='lat' dir='ltr'><strong>in</strong></span> <span class='ocrx_word' id='word_1_266' title='bbox 3583 1356 3748 1399; x_wconf 91' lang='lat' dir='ltr'><strong>suam</strong></span> 
     </span>
    </p>
   </div>
   <div class='ocr_carea' id='block_1_40' title="bbox 2095 1423 3746 1506">
    <p class='ocr_par' dir='ltr' id='par_1_40' title="bbox 2095 1423 3746 1506">
     <span class='ocr_line' id='line_1_40' title="bbox 2095 1423 3746 1506; baseline 0.002 -23"><span class='ocrx_word' id='word_1_267' title='bbox 2095 1424 2345 1505; x_wconf 90' lang='lat' dir='ltr'><strong>quisque</strong></span> <span class='ocrx_word' id='word_1_268' title='bbox 2387 1425 2699 1488; x_wconf 90' lang='lat' dir='ltr'><strong>civitatem.</strong></span> <span class='ocrx_word' id='word_1_269' title='bbox 2754 1428 3037 1489; x_wconf 89' lang='lat' dir='ltr'><strong>Ascendit</strong></span> <span class='ocrx_word' id='word_1_270' title='bbox 3088 1435 3284 1488; x_wconf 92' lang='lat' dir='ltr'><strong>autem</strong></span> <span class='ocrx_word' id='word_1_271' title='bbox 3340 1435 3401 1487; x_wconf 92' lang='lat' dir='ltr'><strong>et</strong></span> <span class='ocrx_word' id='word_1_272' title='bbox 3453 1423 3678 1506; x_wconf 87' lang='lat' dir='ltr'><strong>Joseph</strong></span> <span class='ocrx_word' id='word_1_273' title='bbox 3711 1446 3746 1487; x_wconf 88' lang='lat' dir='ltr'><strong>a</strong></span> 
     </span>
    </p>
   </div>
   <div class='ocr_carea' id='block_1_41' title="bbox 2097 1513 3738 1594">
    <p class='ocr_par' dir='ltr' id='par_1_41' title="bbox 2097 1513 3738 1594">
     <span class='ocr_line' id='line_1_41' title="bbox 2097 1513 3738 1594; baseline 0.001 -19"><span class='ocrx_word' id='word_1_274' title='bbox 2097 1513 2333 1576; x_wconf 68' lang='lat' dir='ltr'><strong>Galilaaa</strong></span> <span class='ocrx_word' id='word_1_275' title='bbox 2362 1516 2438 1577; x_wconf 87' lang='lat' dir='ltr'><strong>de</strong></span> <span class='ocrx_word' id='word_1_276' title='bbox 2464 1516 2694 1578; x_wconf 87' lang='lat' dir='ltr'><strong>civitate</strong></span> <span class='ocrx_word' id='word_1_277' title='bbox 2726 1515 3010 1579; x_wconf 87' lang='lat' dir='ltr'><strong>Nazareth</strong></span> <span class='ocrx_word' id='word_1_278' title='bbox 3042 1516 3104 1577; x_wconf 91' lang='lat' dir='ltr'><strong>in</strong></span> <span class='ocrx_word' id='word_1_279' title='bbox 3135 1514 3497 1594; x_wconf 69' lang='lat' dir='ltr'><strong>Jutlaeam,in</strong></span> <span class='ocrx_word' id='word_1_280' title='bbox 3534 1515 3738 1577; x_wconf 90' lang='lat' dir='ltr'><strong>civita-</strong></span> 
     </span>
    </p>
   </div>
   <div class='ocr_carea' id='block_1_42' title="bbox 362 2225 2010 2306">
    <p class='ocr_par' dir='ltr' id='par_1_42' title="bbox 362 2225 2010 2306">
     <span class='ocr_line' id='line_1_42' title="bbox 362 2225 2010 2306; baseline -0.001 -22"><span class='ocrx_word' id='word_1_281' title='bbox 362 2228 538 2305; x_wconf 75' lang='grc' dir='ltr'>ἐγκύῳ</span> <span class='ocrx_word' id='word_1_282' title='bbox 566 2242 582 2258; x_wconf 94' lang='grc'><strong>⁸</strong></span> <span class='ocrx_word' id='word_1_283' title='bbox 636 2227 847 2306; x_wconf 77' lang='grc' dir='ltr'>ἐγένετο</span> <span class='ocrx_word' id='word_1_284' title='bbox 904 2226 958 2283; x_wconf 74' lang='grc' dir='ltr'>δὲ</span> <span class='ocrx_word' id='word_1_285' title='bbox 1002 2227 1056 2284; x_wconf 80' lang='grc' dir='ltr'>ἐν</span> <span class='ocrx_word' id='word_1_286' title='bbox 1098 2232 1175 2301; x_wconf 81' lang='grc' dir='ltr'><strong>τῷ</strong></span> <span class='ocrx_word' id='word_1_287' title='bbox 1218 2228 1362 2284; x_wconf 81' lang='grc' dir='ltr'>εἶναι</span> <span class='ocrx_word' id='word_1_288' title='bbox 1407 2228 1594 2284; x_wconf 78' lang='grc' dir='ltr'>αὒτοῦς</span> <span class='ocrx_word' id='word_1_289' title='bbox 1642 2228 1781 2302; x_wconf 74' lang='grc' dir='ltr'>ἐκεῖ,</span> <span class='ocrx_word' id='word_1_290' title='bbox 1835 2225 2010 2296; x_wconf 78' lang='grc' dir='ltr'>ἐπλή-</span> 
     </span>
    </p>
   </div>
   <div class='ocr_carea' id='block_1_43' title="bbox 359 2315 2009 2395">
    <p class='ocr_par' dir='ltr' id='par_1_43' title="bbox 359 2315 2009 2395">
     <span class='ocr_line' id='line_1_43' title="bbox 359 2315 2009 2395; baseline 0 -24"><span class='ocrx_word' id='word_1_291' title='bbox 359 2321 527 2384; x_wconf 85' lang='grc' dir='ltr'>θησαν</span> <span class='ocrx_word' id='word_1_292' title='bbox 580 2318 630 2373; x_wconf 83' lang='grc' dir='ltr'>αἶ</span> <span class='ocrx_word' id='word_1_293' title='bbox 684 2315 883 2395; x_wconf 75' lang='grc' dir='ltr'>ἡμέραι</span> <span class='ocrx_word' id='word_1_294' title='bbox 947 2325 1039 2375; x_wconf 78' lang='grc' dir='ltr'>τοῦ</span> <span class='ocrx_word' id='word_1_295' title='bbox 1095 2330 1274 2373; x_wconf 76' lang='grc' dir='ltr'>τεκεῖν</span> <span class='ocrx_word' id='word_1_296' title='bbox 1328 2317 1492 2386; x_wconf 75' lang='grc' dir='ltr'>αὑτήν</span> <span class='ocrx_word' id='word_1_297' title='bbox 1528 2336 1543 2352; x_wconf 76' lang='grc' dir='ltr'><strong>ο</strong></span> <span class='ocrx_word' id='word_1_298' title='bbox 1596 2317 1684 2373; x_wconf 79' lang='grc' dir='ltr'><strong>καὶ</strong></span> <span class='ocrx_word' id='word_1_299' title='bbox 1729 2315 1876 2373; x_wconf 81' lang='grc' dir='ltr'>ἔτεκε</span> <span class='ocrx_word' id='word_1_300' title='bbox 1918 2317 2009 2372; x_wconf 84' lang='grc' dir='ltr'>τὸν</span> 
     </span>
    </p>
   </div>
   <div class='ocr_carea' id='block_1_44' title="bbox 364 2404 2005 2486">
    <p class='ocr_par' dir='ltr' id='par_1_44' title="bbox 364 2404 2005 2486">
     <span class='ocr_line' id='line_1_44' title="bbox 364 2404 2005 2486; baseline -0.001 -24"><span class='ocrx_word' id='word_1_301' title='bbox 364 2408 484 2462; x_wconf 78' lang='grc' dir='ltr'>ι’ίὸν</span> <span class='ocrx_word' id='word_1_302' title='bbox 536 2406 699 2475; x_wconf 72' lang='grc' dir='ltr'>αὐτῆς</span> <span class='ocrx_word' id='word_1_303' title='bbox 763 2408 856 2462; x_wconf 80' lang='grc' dir='ltr'><strong>τὸν</strong></span> <span class='ocrx_word' id='word_1_304' title='bbox 898 2408 1261 2485; x_wconf 86' lang='grc' dir='ltr'>πρωτὸτοκον,</span> <span class='ocrx_word' id='word_1_305' title='bbox 1323 2407 1411 2463; x_wconf 78' lang='grc' dir='ltr'><strong>καὶ</strong></span> <span class='ocrx_word' id='word_1_306' title='bbox 1450 2404 1858 2486; x_wconf 68' lang='grc' dir='ltr'>ἔσπαργάνωσεν</span> <span class='ocrx_word' id='word_1_307' title='bbox 1907 2406 2005 2461; x_wconf 74' lang='grc' dir='ltr'><strong>αὖ·</strong></span> 
     </span>
    </p>
   </div>
   <div class='ocr_carea' id='block_1_45' title="bbox 362 2494 2032 2577">
    <p class='ocr_par' dir='ltr' id='par_1_45' title="bbox 362 2494 2032 2577">
     <span class='ocr_line' id='line_1_45' title="bbox 362 2494 2032 2577; baseline 0.001 -25"><span class='ocrx_word' id='word_1_308' title='bbox 362 2498 452 2552; x_wconf 75' lang='grc' dir='ltr'>τὸν</span> <span class='ocrx_word' id='word_1_309' title='bbox 481 2497 569 2552; x_wconf 86' lang='grc' dir='ltr'>καὶ</span> <span class='ocrx_word' id='word_1_310' title='bbox 600 2494 867 2553; x_wconf 77' lang='grc' dir='ltr'>ἀνέκλινεν</span> <span class='ocrx_word' id='word_1_311' title='bbox 922 2498 1079 2556; x_wconf 74' lang='grc' dir='ltr'>αὐτὸν</span> <span class='ocrx_word' id='word_1_312' title='bbox 1122 2495 1176 2551; x_wconf 78' lang='grc' dir='ltr'>ἐν</span> <span class='ocrx_word' id='word_1_313' title='bbox 1233 2500 1301 2572; x_wconf 77' lang='grc' dir='ltr'>τῇ</span> <span class='ocrx_word' id='word_1_314' title='bbox 1358 2497 1529 2577; x_wconf 75' lang='grc' dir='ltr'>φάτνῃ</span> <span class='ocrx_word' id='word_1_315' title='bbox 1564 2514 1581 2531; x_wconf 81' lang='grc'><strong>⁸</strong></span> <span class='ocrx_word' id='word_1_316' title='bbox 1632 2494 1763 2552; x_wconf 82' lang='grc' dir='ltr'>διότι</span> <span class='ocrx_word' id='word_1_317' title='bbox 1805 2498 1899 2553; x_wconf 70' lang='grc' dir='ltr'>οὒκ</span> <span class='ocrx_word' id='word_1_318' title='bbox 1941 2495 2032 2562; x_wconf 72' lang='grc' dir='ltr'><strong>ἦν.</strong></span> 
     </span>
    </p>
   </div>
   <div class='ocr_carea' id='block_1_46' title="bbox 365 2583 2015 2660">
    <p class='ocr_par' dir='ltr' id='par_1_46' title="bbox 365 2583 2015 2660">
     <span class='ocr_line' id='line_1_46' title="bbox 365 2583 2015 2660; baseline -0.001 -18"><span class='ocrx_word' id='word_1_319' title='bbox 365 2585 548 2649; x_wconf 73' lang='grc' dir='ltr'>αὒτοϊς</span> <span class='ocrx_word' id='word_1_320' title='bbox 582 2586 745 2649; x_wconf 84' lang='grc' dir='ltr'>τόπος</span> <span class='ocrx_word' id='word_1_321' title='bbox 808 2584 861 2642; x_wconf 78' lang='grc' dir='ltr'>ἐν</span> <span class='ocrx_word' id='word_1_322' title='bbox 911 2592 989 2659; x_wconf 85' lang='grc' dir='ltr'>τῷ</span> <span class='ocrx_word' id='word_1_323' title='bbox 1031 2583 1385 2660; x_wconf 82' lang='grc' dir='ltr'>καταλύματι.</span> <span class='ocrx_word' id='word_1_324' title='bbox 1421 2606 1449 2645; x_wconf 72' lang='grc' dir='ltr'><strong><em>ι</em></strong></span> <span class='ocrx_word' id='word_1_325' title='bbox 1507 2586 1605 2641; x_wconf 81' lang='grc' dir='ltr'>Διά</span> <span class='ocrx_word' id='word_1_326' title='bbox 1639 2591 1785 2642; x_wconf 80' lang='grc' dir='ltr'>τοῦτο</span> <span class='ocrx_word' id='word_1_327' title='bbox 1816 2583 2015 2656; x_wconf 85' lang='grc' dir='ltr'>γίνεται</span> 
     </span>
    </p>
   </div>
   <div class='ocr_carea' id='block_1_47' title="bbox 360 2672 2013 2754">
    <p class='ocr_par' dir='ltr' id='par_1_47' title="bbox 360 2672 2013 2754">
     <span class='ocr_line' id='line_1_47' title="bbox 360 2672 2013 2754; baseline 0.001 -24"><span class='ocrx_word' id='word_1_328' title='bbox 360 2674 675 2754; x_wconf 68' lang='grc' dir='ltr'>ἀπογραφὴ,</span> <span class='ocrx_word' id='word_1_329' title='bbox 743 2674 837 2731; x_wconf 66' lang='grc' dir='ltr'>’ἕνα</span> <span class='ocrx_word' id='word_1_330' title='bbox 916 2674 1131 2730; x_wconf 87' lang='grc' dir='ltr'>πάντων</span> <span class='ocrx_word' id='word_1_331' title='bbox 1200 2672 1459 2731; x_wconf 76' lang='grc' dir='ltr'>ἐλθόντων</span> <span class='ocrx_word' id='word_1_332' title='bbox 1538 2676 1611 2738; x_wconf 73' lang='grc' dir='ltr'><strong>εἰς</strong></span> <span class='ocrx_word' id='word_1_333' title='bbox 1667 2674 1763 2737; x_wconf 76' lang='grc' dir='ltr'><strong>τὰς</strong></span> <span class='ocrx_word' id='word_1_334' title='bbox 1820 2673 2013 2737; x_wconf 67' lang='grc' dir='ltr'>οἰκείας</span> 
     </span>
    </p>
   </div>
   <div class='ocr_carea' id='block_1_48' title="bbox 372 2761 2008 2841">
    <p class='ocr_par' dir='ltr' id='par_1_48' title="bbox 372 2761 2008 2841">
     <span class='ocr_line' id='line_1_48' title="bbox 372 2761 2008 2841; baseline -0.001 -21"><span class='ocrx_word' id='word_1_335' title='bbox 372 2761 645 2841; x_wconf 80' lang='grc' dir='ltr'>πατρίδας,</span> <span class='ocrx_word' id='word_1_336' title='bbox 705 2761 899 2839; x_wconf 79' lang='grc' dir='ltr'>ἀνέλθῃ</span> <span class='ocrx_word' id='word_1_337' title='bbox 941 2764 1028 2819; x_wconf 87' lang='grc' dir='ltr'><strong>καὶ</strong></span> <span class='ocrx_word' id='word_1_338' title='bbox 1070 2764 1122 2831; x_wconf 80' lang='grc' dir='ltr'>ἡ,</span> <span class='ocrx_word' id='word_1_339' title='bbox 1165 2763 1420 2836; x_wconf 77' lang='grc' dir='ltr'>Παρθένος</span> <span class='ocrx_word' id='word_1_340' title='bbox 1476 2765 1549 2827; x_wconf 84' lang='grc' dir='ltr'>εἷς</span> <span class='ocrx_word' id='word_1_341' title='bbox 1599 2764 1695 2831; x_wconf 75' lang='grc' dir='ltr'>τὴν</span> <span class='ocrx_word' id='word_1_342' title='bbox 1747 2761 2008 2839; x_wconf 78' lang='grc' dir='ltr'>Βηθλεὲμ,</span> 
     </span>
    </p>
   </div>
   <div class='ocr_carea' id='block_1_49' title="bbox 370 2851 2011 2933">
    <p class='ocr_par' dir='ltr' id='par_1_49' title="bbox 370 2851 2011 2933">
     <span class='ocr_line' id='line_1_49' title="bbox 370 2851 2011 2933; baseline -0.001 -24"><span class='ocrx_word' id='word_1_343' title='bbox 370 2855 443 2915; x_wconf 86' lang='grc' dir='ltr'>ὡς</span> <span class='ocrx_word' id='word_1_344' title='bbox 500 2852 695 2909; x_wconf 77' lang='grc' dir='ltr'>οἰκείαν</span> <span class='ocrx_word' id='word_1_345' title='bbox 758 2851 1001 2931; x_wconf 70' lang='grc' dir='ltr'>πατρίδα,</span> <span class='ocrx_word' id='word_1_346' title='bbox 1061 2854 1148 2909; x_wconf 79' lang='grc' dir='ltr'>καὶ</span> <span class='ocrx_word' id='word_1_347' title='bbox 1205 2851 1342 2909; x_wconf 66' lang='grc' dir='ltr'>οὕτω</span> <span class='ocrx_word' id='word_1_348' title='bbox 1415 2853 1585 2933; x_wconf 77' lang='grc' dir='ltr'>τέχθῇ</span> <span class='ocrx_word' id='word_1_349' title='bbox 1639 2854 1667 2909; x_wconf 88' lang='lat'><strong>6</strong></span> <span class='ocrx_word' id='word_1_350' title='bbox 1709 2853 1896 2932; x_wconf 75' lang='grc' dir='ltr'>Κύριος</span> <span class='ocrx_word' id='word_1_351' title='bbox 1954 2855 2011 2908; x_wconf 74' lang='grc' dir='ltr'>ἒν</span> 
     </span>
    </p>
   </div>
   <div class='ocr_carea' id='block_1_50' title="bbox 370 2940 2013 3022">
    <p class='ocr_par' dir='ltr' id='par_1_50' title="bbox 370 2940 2013 3022">
     <span class='ocr_line' id='line_1_50' title="bbox 370 2940 2013 3022; baseline 0 -24"><span class='ocrx_word' id='word_1_352' title='bbox 370 2940 638 3020; x_wconf 78' lang='grc' dir='ltr'>Βηθλεὲμ,</span> <span class='ocrx_word' id='word_1_353' title='bbox 680 2942 770 2998; x_wconf 86' lang='grc' dir='ltr'><strong>καὶ</strong></span> <span class='ocrx_word' id='word_1_354' title='bbox 826 2940 1085 3019; x_wconf 75' lang='grc' dir='ltr'><strong>πληρωθῇ</strong></span> <span class='ocrx_word' id='word_1_355' title='bbox 1126 2942 1161 3010; x_wconf 76' lang='grc' dir='ltr'>ἡ</span> <span class='ocrx_word' id='word_1_356' title='bbox 1205 2943 1499 3022; x_wconf 76' lang='grc' dir='ltr'>προφητεία</span> <span class='ocrx_word' id='word_1_357' title='bbox 1533 2961 1545 2975; x_wconf 88' lang='grc'><strong>·</strong></span> <span class='ocrx_word' id='word_1_358' title='bbox 1614 2940 1719 2999; x_wconf 79' lang='grc' dir='ltr'>ἔδει</span> <span class='ocrx_word' id='word_1_359' title='bbox 1772 2940 1827 2997; x_wconf 75' lang='grc' dir='ltr'>δὲ</span> <span class='ocrx_word' id='word_1_360' title='bbox 1880 2948 2013 2998; x_wconf 80' lang='grc' dir='ltr'>Θεοῦ</span> 
     </span>
    </p>
   </div>
   <div class='ocr_carea' id='block_1_51' title="bbox 364 3028 2010 3110">
    <p class='ocr_par' dir='ltr' id='par_1_51' title="bbox 364 3028 2010 3110">
     <span class='ocr_line' id='line_1_51' title="bbox 364 3028 2010 3110; baseline 0 -23"><span class='ocrx_word' id='word_1_361' title='bbox 364 3032 480 3093; x_wconf 81' lang='grc' dir='ltr'>ἐνὸς</span> <span class='ocrx_word' id='word_1_362' title='bbox 540 3028 830 3105; x_wconf 76' lang='grc' dir='ltr'>μέλλοντος</span> <span class='ocrx_word' id='word_1_363' title='bbox 880 3037 1077 3087; x_wconf 82' lang='grc' dir='ltr'>παῦσαι</span> <span class='ocrx_word' id='word_1_364' title='bbox 1141 3031 1241 3098; x_wconf 77' lang='grc' dir='ltr'>τὴν</span> <span class='ocrx_word' id='word_1_365' title='bbox 1297 3029 1606 3110; x_wconf 79' lang='grc' dir='ltr'>πολυθείαν,</span> <span class='ocrx_word' id='word_1_366' title='bbox 1655 3033 1740 3088; x_wconf 74' lang='grc' dir='ltr'><strong>καὶ</strong></span> <span class='ocrx_word' id='word_1_367' title='bbox 1782 3029 1873 3087; x_wconf 79' lang='grc' dir='ltr'>ἕνα</span> <span class='ocrx_word' id='word_1_368' title='bbox 1904 3031 2010 3107; x_wconf 85' lang='grc' dir='ltr'>βα-</span> 
     </span>
    </p>
   </div>
   <div class='ocr_carea' id='block_1_52' title="bbox 362 3119 1430 3199">
    <p class='ocr_par' dir='ltr' id='par_1_52' title="bbox 362 3119 1430 3199">
     <span class='ocr_line' id='line_1_52' title="bbox 362 3119 1430 3199; baseline 0 -22"><span class='ocrx_word' id='word_1_369' title='bbox 362 3119 513 3177; x_wconf 71' lang='grc' dir='ltr'>σιλέα</span> <span class='ocrx_word' id='word_1_370' title='bbox 590 3120 873 3199; x_wconf 74' lang='grc' dir='ltr'>κρατῆσαι,</span> <span class='ocrx_word' id='word_1_371' title='bbox 963 3121 1055 3175; x_wconf 80' lang='grc' dir='ltr'>τὸν</span> <span class='ocrx_word' id='word_1_372' title='bbox 1144 3120 1379 3199; x_wconf 82' lang='grc' dir='ltr'>Καίσαρα</span> <span class='ocrx_word' id='word_1_373' title='bbox 1415 3138 1430 3155; x_wconf 88' lang='grc'><strong>⁸</strong></span> 
     </span>
    </p>
   </div>
   <div class='ocr_carea' id='block_1_53' title="bbox 364 3206 2001 3289">
    <p class='ocr_par' dir='ltr' id='par_1_53' title="bbox 364 3206 2001 3289">
     <span class='ocr_line' id='line_1_53' title="bbox 364 3206 2001 3289; baseline 0 -24"><span class='ocrx_word' id='word_1_374' title='bbox 364 3212 451 3265; x_wconf 84' lang='grc' dir='ltr'>καὶ</span> <span class='ocrx_word' id='word_1_375' title='bbox 508 3212 535 3265; x_wconf 88' lang='lat'><strong>6</strong></span> <span class='ocrx_word' id='word_1_376' title='bbox 596 3210 820 3287; x_wconf 73' lang='grc' dir='ltr'>Χριστὸς</span> <span class='ocrx_word' id='word_1_377' title='bbox 864 3210 999 3285; x_wconf 88' lang='grc' dir='ltr'><strong>μετά</strong></span> <span class='ocrx_word' id='word_1_378' title='bbox 1053 3208 1290 3289; x_wconf 79' lang='grc' dir='ltr'>πάντων,</span> <span class='ocrx_word' id='word_1_379' title='bbox 1348 3206 1451 3265; x_wconf 76' lang='grc' dir='ltr'>ἔδει</span> <span class='ocrx_word' id='word_1_380' title='bbox 1494 3210 1594 3289; x_wconf 82' lang='grc' dir='ltr'><strong>γὰρ</strong></span> <span class='ocrx_word' id='word_1_381' title='bbox 1643 3211 1729 3266; x_wconf 82' lang='grc' dir='ltr'><strong>καὶ</strong></span> <span class='ocrx_word' id='word_1_382' title='bbox 1770 3210 1860 3265; x_wconf 86' lang='grc' dir='ltr'>τὸν</span> <span class='ocrx_word' id='word_1_383' title='bbox 1898 3209 2001 3267; x_wconf 79' lang='grc' dir='ltr'><strong>Κύ-</strong></span> 
     </span>
    </p>
   </div>
   <div class='ocr_carea' id='block_1_54' title="bbox 370 3297 2009 3380">
    <p class='ocr_par' dir='ltr' id='par_1_54' title="bbox 370 3297 2009 3380">
     <span class='ocr_line' id='line_1_54' title="bbox 370 3297 2009 3380; baseline -0.001 -25"><span class='ocrx_word' id='word_1_384' title='bbox 370 3320 508 3378; x_wconf 81' lang='grc' dir='ltr'>ριον,</span> <span class='ocrx_word' id='word_1_385' title='bbox 566 3305 635 3376; x_wconf 73' lang='grc' dir='ltr'>τῇ</span> <span class='ocrx_word' id='word_1_386' title='bbox 716 3298 999 3374; x_wconf 73' lang='grc' dir='ltr'>οἰκουμένῃ</span> <span class='ocrx_word' id='word_1_387' title='bbox 1087 3298 1575 3380; x_wconf 69' lang='grc' dir='ltr'>ωναπογραφῆναι,</span> <span class='ocrx_word' id='word_1_388' title='bbox 1640 3297 1733 3355; x_wconf 75' lang='grc' dir='ltr'>’ίνα</span> <span class='ocrx_word' id='word_1_389' title='bbox 1809 3299 2009 3377; x_wconf 73' lang='grc' dir='ltr'>ἁγιάσῃ</span> 
     </span>
    </p>
   </div>
   <div class='ocr_carea' id='block_1_55' title="bbox 365 3386 2006 3468">
    <p class='ocr_par' dir='ltr' id='par_1_55' title="bbox 365 3386 2006 3468">
     <span class='ocr_line' id='line_1_55' title="bbox 365 3386 2006 3468; baseline -0.001 -23"><span class='ocrx_word' id='word_1_390' title='bbox 365 3390 485 3451; x_wconf 81' lang='grc' dir='ltr'>τοὺς</span> <span class='ocrx_word' id='word_1_391' title='bbox 529 3387 1023 3468; x_wconf 68' lang='grc' dir='ltr'>ἀπογραφομένους,</span> <span class='ocrx_word' id='word_1_392' title='bbox 1080 3388 1163 3444; x_wconf 87' lang='grc' dir='ltr'><strong>κοὶ</strong></span> <span class='ocrx_word' id='word_1_393' title='bbox 1229 3389 1543 3466; x_wconf 73' lang='grc' dir='ltr'>καταργήσῃ</span> <span class='ocrx_word' id='word_1_394' title='bbox 1586 3387 1685 3455; x_wconf 74' lang='grc' dir='ltr'>τὴν</span> <span class='ocrx_word' id='word_1_395' title='bbox 1726 3386 1961 3445; x_wconf 86' lang='grc' dir='ltr'>δουλείαν</span> <span class='ocrx_word' id='word_1_396' title='bbox 1990 3401 2006 3419; x_wconf 90' lang='grc'><strong>⁸</strong></span> 
     </span>
    </p>
   </div>
   <div class='ocr_carea' id='block_1_56' title="bbox 367 3476 2007 3557">
    <p class='ocr_par' dir='ltr' id='par_1_56' title="bbox 367 3476 2007 3557">
     <span class='ocr_line' id='line_1_56' title="bbox 367 3476 2007 3557; baseline -0.002 -23"><span class='ocrx_word' id='word_1_397' title='bbox 367 3476 544 3555; x_wconf 78' lang='grc' dir='ltr'>ὥσπερ</span> <span class='ocrx_word' id='word_1_398' title='bbox 600 3479 699 3555; x_wconf 74' lang='grc' dir='ltr'><strong>γὰρ</strong></span> <span class='ocrx_word' id='word_1_399' title='bbox 757 3477 1121 3557; x_wconf 81' lang='grc' dir='ltr'>περιτμηθεὶς,</span> <span class='ocrx_word' id='word_1_400' title='bbox 1170 3479 1479 3557; x_wconf 84' lang='grc' dir='ltr'>κατήργησε</span> <span class='ocrx_word' id='word_1_401' title='bbox 1530 3478 1631 3545; x_wconf 77' lang='grc' dir='ltr'><strong>τὴν</strong></span> <span class='ocrx_word' id='word_1_402' title='bbox 1688 3478 2007 3555; x_wconf 80' lang='grc' dir='ltr'>περιτομὴν,</span> 
     </span>
    </p>
   </div>
   <div class='ocr_carea' id='block_1_57' title="bbox 368 3563 2010 3646">
    <p class='ocr_par' dir='ltr' id='par_1_57' title="bbox 368 3563 2010 3646">
     <span class='ocr_line' id='line_1_57' title="bbox 368 3563 2010 3646; baseline 0 -23"><span class='ocrx_word' id='word_1_403' title='bbox 368 3566 533 3631; x_wconf 77' lang='grc' dir='ltr'>οὕτως</span> <span class='ocrx_word' id='word_1_404' title='bbox 591 3567 915 3646; x_wconf 75' lang='grc' dir='ltr'>ἀπογραφεὶς</span> <span class='ocrx_word' id='word_1_405' title='bbox 980 3567 1053 3629; x_wconf 87' lang='grc' dir='ltr'>ὼς</span> <span class='ocrx_word' id='word_1_406' title='bbox 1118 3563 1327 3641; x_wconf 77' lang='grc' dir='ltr'>δοῦλος,</span> <span class='ocrx_word' id='word_1_407' title='bbox 1385 3568 1693 3646; x_wconf 87' lang='grc' dir='ltr'>κατήργησε</span> <span class='ocrx_word' id='word_1_408' title='bbox 1732 3567 1829 3635; x_wconf 75' lang='grc' dir='ltr'>τὴν</span> <span class='ocrx_word' id='word_1_409' title='bbox 1886 3564 2010 3623; x_wconf 86' lang='grc' dir='ltr'>δου-</span> 
     </span>
    </p>
   </div>
   <div class='ocr_carea' id='block_1_58' title="bbox 365 3654 2010 3736">
    <p class='ocr_par' dir='ltr' id='par_1_58' title="bbox 365 3654 2010 3736">
     <span class='ocr_line' id='line_1_58' title="bbox 365 3654 2010 3736; baseline 0.001 -25"><span class='ocrx_word' id='word_1_410' title='bbox 365 3655 511 3711; x_wconf 86' lang='grc' dir='ltr'>λείαν</span> <span class='ocrx_word' id='word_1_411' title='bbox 554 3655 648 3723; x_wconf 81' lang='grc' dir='ltr'><strong>τῆς</strong></span> <span class='ocrx_word' id='word_1_412' title='bbox 704 3656 909 3736; x_wconf 76' lang='grc' dir='ltr'>φύσεως</span> <span class='ocrx_word' id='word_1_413' title='bbox 952 3655 1130 3731; x_wconf 76' lang='grc' dir='ltr'>ἡμῶν,</span> <span class='ocrx_word' id='word_1_414' title='bbox 1183 3657 1290 3714; x_wconf 76' lang='grc' dir='ltr'>Οὐκ</span> <span class='ocrx_word' id='word_1_415' title='bbox 1367 3654 1443 3712; x_wconf 76' lang='grc' dir='ltr'>ἔτι</span> <span class='ocrx_word' id='word_1_416' title='bbox 1506 3657 1606 3734; x_wconf 79' lang='grc' dir='ltr'>γὰρ</span> <span class='ocrx_word' id='word_1_417' title='bbox 1663 3654 1837 3714; x_wconf 84' lang='grc' dir='ltr'>δοῦλοί</span> <span class='ocrx_word' id='word_1_418' title='bbox 1882 3658 2010 3712; x_wconf 81' lang='grc' dir='ltr'>εἰσιν</span> 
     </span>
    </p>
   </div>
   <div class='ocr_carea' id='block_1_59' title="bbox 365 3741 2008 3823">
    <p class='ocr_par' dir='ltr' id='par_1_59' title="bbox 365 3741 2008 3823">
     <span class='ocr_line' id='line_1_59' title="bbox 365 3741 2008 3823; baseline 0.002 -24"><span class='ocrx_word' id='word_1_419' title='bbox 365 3744 676 3823; x_wconf 77' lang='grc' dir='ltr'>ἀνθρώπων,</span> <span class='ocrx_word' id='word_1_420' title='bbox 727 3747 773 3800; x_wconf 82' lang='grc' dir='ltr'>οἱ</span> <span class='ocrx_word' id='word_1_421' title='bbox 856 3750 934 3819; x_wconf 80' lang='grc' dir='ltr'>τῷ</span> <span class='ocrx_word' id='word_1_422' title='bbox 996 3745 1167 3823; x_wconf 80' lang='grc' dir='ltr'>Κυρίῳ</span> <span class='ocrx_word' id='word_1_423' title='bbox 1227 3742 1580 3818; x_wconf 79' lang='grc' dir='ltr'>δουλεύοντες,</span> <span class='ocrx_word' id='word_1_424' title='bbox 1638 3746 1712 3809; x_wconf 82' lang='grc' dir='ltr'>ὼς</span> <span class='ocrx_word' id='word_1_425' title='bbox 1757 3746 1784 3802; x_wconf 90' lang='lat'><strong>6</strong></span> <span class='ocrx_word' id='word_1_426' title='bbox 1836 3741 2008 3802; x_wconf 82' lang='grc' dir='ltr'>Ἀπό-</span> 
     </span>
    </p>
   </div>
   <div class='ocr_carea' id='block_1_60' title="bbox 363 3831 2004 3914">
    <p class='ocr_par' dir='ltr' id='par_1_60' title="bbox 363 3831 2004 3914">
     <span class='ocr_line' id='line_1_60' title="bbox 363 3831 2004 3914; baseline 0.003 -25"><span class='ocrx_word' id='word_1_427' title='bbox 363 3832 552 3898; x_wconf 90' lang='grc' dir='ltr'>στολος</span> <span class='ocrx_word' id='word_1_428' title='bbox 611 3831 805 3911; x_wconf 81' lang='grc' dir='ltr'>λέγει’</span> <span class='ocrx_word' id='word_1_429' title='bbox 875 3853 897 3888; x_wconf 81' lang='grc' dir='ltr'><strong>ε</strong></span> <span class='ocrx_word' id='word_1_430' title='bbox 977 3833 1065 3901; x_wconf 76' lang='grc' dir='ltr'><strong>Μὴ</strong></span> <span class='ocrx_word' id='word_1_431' title='bbox 1123 3833 1324 3912; x_wconf 81' lang='grc' dir='ltr'>γίνεσθε</span> <span class='ocrx_word' id='word_1_432' title='bbox 1381 3831 1554 3891; x_wconf 82' lang='grc' dir='ltr'>δοῦλοι</span> <span class='ocrx_word' id='word_1_433' title='bbox 1601 3834 1889 3914; x_wconf 84' lang='grc' dir='ltr'>ἀνθρώπων</span> <span class='ocrx_word' id='word_1_434' title='bbox 1922 3851 1940 3871; x_wconf 88' lang='grc'><strong>⁸</strong></span> <span class='ocrx_word' id='word_1_435' title='bbox 1980 3856 2004 3894; x_wconf 71' lang='grc' dir='ltr'><strong>ε</strong></span> 
     </span>
    </p>
   </div>
   <div class='ocr_carea' id='block_1_61' title="bbox 362 3921 2015 4003">
    <p class='ocr_par' dir='ltr' id='par_1_61' title="bbox 362 3921 2015 4003">
     <span class='ocr_line' id='line_1_61' title="bbox 362 3921 2015 4003; baseline 0.001 -24"><span class='ocrx_word' id='word_1_436' title='bbox 362 3922 483 3980; x_wconf 87' lang='grc' dir='ltr'>ἀλλ’</span> <span class='ocrx_word' id='word_1_437' title='bbox 536 3924 578 3979; x_wconf 76' lang='grc' dir='ltr'>εἰ</span> <span class='ocrx_word' id='word_1_438' title='bbox 638 3923 725 3978; x_wconf 77' lang='grc' dir='ltr'><strong>καὶ</strong></span> <span class='ocrx_word' id='word_1_439' title='bbox 797 3927 873 3994; x_wconf 82' lang='grc' dir='ltr'>τῷ</span> <span class='ocrx_word' id='word_1_440' title='bbox 915 3922 1123 3996; x_wconf 77' lang='grc' dir='ltr'>σώματι</span> <span class='ocrx_word' id='word_1_441' title='bbox 1181 3921 1378 4003; x_wconf 78' lang='grc' dir='ltr'>δοῦλοι,</span> <span class='ocrx_word' id='word_1_442' title='bbox 1438 3922 1697 4001; x_wconf 59' lang='grc' dir='ltr'>ἕλε-ἰθεροι</span> <span class='ocrx_word' id='word_1_443' title='bbox 1746 3931 1824 3999; x_wconf 87' lang='grc' dir='ltr'>τῷ</span> <span class='ocrx_word' id='word_1_444' title='bbox 1852 3926 2015 3981; x_wconf 82' lang='grc' dir='ltr'>πνεύ-</span> 
     </span>
    </p>
   </div>
   <div class='ocr_carea' id='block_1_62' title="bbox 370 4007 2012 4092">
    <p class='ocr_par' dir='ltr' id='par_1_62' title="bbox 370 4007 2012 4092">
     <span class='ocr_line' id='line_1_62' title="bbox 370 4007 2012 4092; baseline 0.001 -23"><span class='ocrx_word' id='word_1_445' title='bbox 370 4035 519 4089; x_wconf 84' lang='grc' dir='ltr'>ματι,</span> <span class='ocrx_word' id='word_1_446' title='bbox 571 4012 649 4088; x_wconf 75' lang='grc' dir='ltr'>μὴ</span> <span class='ocrx_word' id='word_1_447' title='bbox 691 4018 760 4089; x_wconf 77' lang='grc' dir='ltr'><strong>τῇ</strong></span> <span class='ocrx_word' id='word_1_448' title='bbox 803 4007 1016 4084; x_wconf 73' lang='grc' dir='ltr'>ἀσεϐείᾳ</span> <span class='ocrx_word' id='word_1_449' title='bbox 1072 4013 1180 4068; x_wconf 77' lang='grc' dir='ltr'><strong>τῶν</strong></span> <span class='ocrx_word' id='word_1_450' title='bbox 1228 4011 1496 4070; x_wconf 78' lang='grc' dir='ltr'>δεσποτῶν</span> <span class='ocrx_word' id='word_1_451' title='bbox 1562 4015 2012 4092; x_wconf 88' lang='grc' dir='ltr'>συναπαγόμενοι,</span> 
     </span>
    </p>
   </div>
   <div class='ocr_carea' id='block_1_63' title="bbox 372 4098 2016 4182">
    <p class='ocr_par' dir='ltr' id='par_1_63' title="bbox 372 4098 2016 4182">
     <span class='ocr_line' id='line_1_63' title="bbox 372 4098 2016 4182; baseline 0 -21"><span class='ocrx_word' id='word_1_452' title='bbox 372 4103 717 4182; x_wconf 82' lang='grc' dir='ltr'>Πρωτότοκον</span> <span class='ocrx_word' id='word_1_453' title='bbox 801 4098 857 4156; x_wconf 74' lang='grc' dir='ltr'><strong>δί</strong></span> <span class='ocrx_word' id='word_1_454' title='bbox 942 4103 1063 4157; x_wconf 76' lang='grc' dir='ltr'><strong>Υἱὸν</strong></span> <span class='ocrx_word' id='word_1_455' title='bbox 1146 4102 1391 4179; x_wconf 84' lang='grc' dir='ltr'>ὠνόμασε</span> <span class='ocrx_word' id='word_1_456' title='bbox 1472 4107 1571 4169; x_wconf 77' lang='grc' dir='ltr'>τῆς</span> <span class='ocrx_word' id='word_1_457' title='bbox 1631 4102 1891 4182; x_wconf 76' lang='grc' dir='ltr'>Παρθένου</span> <span class='ocrx_word' id='word_1_458' title='bbox 1926 4105 2016 4161; x_wconf 82' lang='grc' dir='ltr'>τὸν</span> 
     </span>
    </p>
   </div>
   <div class='ocr_carea' id='block_1_64' title="bbox 377 4189 2016 4273">
    <p class='ocr_par' dir='ltr' id='par_1_64' title="bbox 377 4189 2016 4273">
     <span class='ocr_line' id='line_1_64' title="bbox 377 4189 2016 4273; baseline -0.001 -23"><span class='ocrx_word' id='word_1_459' title='bbox 377 4193 588 4273; x_wconf 77' lang='grc' dir='ltr'>Κύριον,</span> <span class='ocrx_word' id='word_1_460' title='bbox 671 4192 841 4248; x_wconf 86' lang='grc' dir='ltr'>καίτοι</span> <span class='ocrx_word' id='word_1_461' title='bbox 927 4191 1005 4268; x_wconf 77' lang='grc' dir='ltr'><strong>μὴ</strong></span> <span class='ocrx_word' id='word_1_462' title='bbox 1087 4189 1325 4271; x_wconf 81' lang='grc' dir='ltr'>δευτέρου</span> <span class='ocrx_word' id='word_1_463' title='bbox 1367 4192 1509 4253; x_wconf 78' lang='grc' dir='ltr'>τινὸς</span> <span class='ocrx_word' id='word_1_464' title='bbox 1536 4192 1844 4271; x_wconf 77' lang='grc' dir='ltr'>τεχθέντος,</span> <span class='ocrx_word' id='word_1_465' title='bbox 1872 4193 2016 4249; x_wconf 78' lang='grc' dir='ltr'>εἰκό-</span> 
     </span>
    </p>
   </div>
   <div class='ocr_carea' id='block_1_65' title="bbox 370 4279 2017 4362">
    <p class='ocr_par' dir='ltr' id='par_1_65' title="bbox 370 4279 2017 4362">
     <span class='ocr_line' id='line_1_65' title="bbox 370 4279 2017 4362; baseline 0 -25"><span class='ocrx_word' id='word_1_466' title='bbox 370 4302 475 4345; x_wconf 88' lang='grc' dir='ltr'><strong>τως</strong></span> <span class='ocrx_word' id='word_1_467' title='bbox 510 4296 525 4310; x_wconf 93' lang='grc'><strong>⁸</strong></span> <span class='ocrx_word' id='word_1_468' title='bbox 614 4280 951 4360; x_wconf 90' lang='grc' dir='ltr'>πρωτότοκος</span> <span class='ocrx_word' id='word_1_469' title='bbox 1034 4281 1135 4360; x_wconf 78' lang='grc' dir='ltr'>γὰρ</span> <span class='ocrx_word' id='word_1_470' title='bbox 1217 4279 1454 4360; x_wconf 85' lang='grc' dir='ltr'>λέγεται.</span> <span class='ocrx_word' id='word_1_471' title='bbox 1490 4282 1517 4337; x_wconf 87' lang='lat'><strong>6</strong></span> <span class='ocrx_word' id='word_1_472' title='bbox 1569 4286 1778 4360; x_wconf 83' lang='grc' dir='ltr'>πρῶτος</span> <span class='ocrx_word' id='word_1_473' title='bbox 1808 4283 2017 4362; x_wconf 78' lang='grc' dir='ltr'>τεχθεὶς</span> 
     </span>
    </p>
   </div>
   <div class='ocr_carea' id='block_1_66' title="bbox 368 4368 2013 4451">
    <p class='ocr_par' dir='ltr' id='par_1_66' title="bbox 368 4368 2013 4451">
     <span class='ocr_line' id='line_1_66' title="bbox 368 4368 2013 4451; baseline 0.001 -26"><span class='ocrx_word' id='word_1_474' title='bbox 368 4368 466 4425; x_wconf 73' lang='grc' dir='ltr'><strong>κᾶν</strong></span> <span class='ocrx_word' id='word_1_475' title='bbox 523 4369 601 4445; x_wconf 82' lang='grc' dir='ltr'><strong>μη</strong></span> <span class='ocrx_word' id='word_1_476' title='bbox 651 4368 887 4450; x_wconf 83' lang='grc' dir='ltr'>δεύτερος</span> <span class='ocrx_word' id='word_1_477' title='bbox 932 4369 1198 4451; x_wconf 80' lang='grc' dir='ltr'>ἒπετὲχθη</span> <span class='ocrx_word' id='word_1_478' title='bbox 1228 4388 1244 4405; x_wconf 86' lang='grc'>⁶</span> <span class='ocrx_word' id='word_1_479' title='bbox 1307 4370 1362 4426; x_wconf 79' lang='grc' dir='ltr'>ἐν</span> <span class='ocrx_word' id='word_1_480' title='bbox 1417 4368 1589 4451; x_wconf 64' lang='grc' dir='ltr'>φάτνῆ</span> <span class='ocrx_word' id='word_1_481' title='bbox 1644 4368 1699 4426; x_wconf 81' lang='grc' dir='ltr'>δὲ</span> <span class='ocrx_word' id='word_1_482' title='bbox 1754 4369 2013 4428; x_wconf 87' lang='grc' dir='ltr'>κατακλί-</span> 
     </span>
    </p>
   </div>
   <div class='ocr_carea' id='block_1_67' title="bbox 365 4456 2013 4539">
    <p class='ocr_par' dir='ltr' id='par_1_67' title="bbox 365 4456 2013 4539">
     <span class='ocr_line' id='line_1_67' title="bbox 365 4456 2013 4539; baseline 0.001 -25"><span class='ocrx_word' id='word_1_483' title='bbox 365 4480 533 4533; x_wconf 82' lang='grc' dir='ltr'>νεται,</span> <span class='ocrx_word' id='word_1_484' title='bbox 580 4459 726 4539; x_wconf 68' lang='grc' dir='ltr'>τάχα</span> <span class='ocrx_word' id='word_1_485' title='bbox 755 4458 853 4535; x_wconf 77' lang='grc' dir='ltr'>μὶν</span> <span class='ocrx_word' id='word_1_486' title='bbox 910 4463 998 4517; x_wconf 82' lang='grc' dir='ltr'>καὶ</span> <span class='ocrx_word' id='word_1_487' title='bbox 1042 4459 1309 4517; x_wconf 67' lang='grc' dir='ltr'>εὐτέλειαν</span> <span class='ocrx_word' id='word_1_488' title='bbox 1366 4461 1512 4535; x_wconf 76' lang='grc' dir='ltr'>ἡμᾶς</span> <span class='ocrx_word' id='word_1_489' title='bbox 1568 4456 1620 4525; x_wconf 62' lang='grc' dir='ltr'><strong>ἒξ</strong></span> <span class='ocrx_word' id='word_1_490' title='bbox 1668 4458 1846 4539; x_wconf 76' lang='grc' dir='ltr'>ἀρχῆς</span> <span class='ocrx_word' id='word_1_491' title='bbox 1876 4482 2013 4516; x_wconf 88' lang='grc' dir='ltr'>παι-</span> 
     </span>
    </p>
   </div>
   <div class='ocr_carea' id='block_1_68' title="bbox 368 4545 2013 4629">
    <p class='ocr_par' dir='ltr' id='par_1_68' title="bbox 368 4545 2013 4629">
     <span class='ocr_line' id='line_1_68' title="bbox 368 4545 2013 4629; baseline 0.001 -26"><span class='ocrx_word' id='word_1_492' title='bbox 368 4545 528 4603; x_wconf 78' lang='grc' dir='ltr'>δεύων</span> <span class='ocrx_word' id='word_1_493' title='bbox 563 4596 578 4611; x_wconf 90' lang='grc'><strong>,</strong></span> <span class='ocrx_word' id='word_1_494' title='bbox 644 4548 793 4629; x_wconf 76' lang='grc' dir='ltr'>τάχα</span> <span class='ocrx_word' id='word_1_495' title='bbox 860 4546 915 4605; x_wconf 73' lang='grc' dir='ltr'>δὲ</span> <span class='ocrx_word' id='word_1_496' title='bbox 981 4550 1079 4606; x_wconf 82' lang='grc' dir='ltr'><strong>καὶ</strong></span> <span class='ocrx_word' id='word_1_497' title='bbox 1152 4546 1485 4625; x_wconf 81' lang='grc' dir='ltr'>συμϐολικῶς</span> <span class='ocrx_word' id='word_1_498' title='bbox 1570 4546 1842 4623; x_wconf 80' lang='grc' dir='ltr'>δεικνύων,</span> <span class='ocrx_word' id='word_1_499' title='bbox 1931 4547 2013 4605; x_wconf 82' lang='grc' dir='ltr'><strong>ὅτι</strong></span> 
     </span>
    </p>
   </div>
   <div class='ocr_carea' id='block_1_69' title="bbox 367 4633 2015 4714">
    <p class='ocr_par' dir='ltr' id='par_1_69' title="bbox 367 4633 2015 4714">
     <span class='ocr_line' id='line_1_69' title="bbox 367 4633 2015 4714; baseline -0.001 -22"><span class='ocrx_word' id='word_1_500' title='bbox 367 4634 671 4712; x_wconf 77' lang='grc' dir='ltr'>ἐπεδήμησε</span> <span class='ocrx_word' id='word_1_501' title='bbox 715 4644 792 4713; x_wconf 83' lang='grc' dir='ltr'><strong>τῷ</strong></span> <span class='ocrx_word' id='word_1_502' title='bbox 845 4638 1032 4714; x_wconf 83' lang='grc' dir='ltr'>κόσμῳ</span> <span class='ocrx_word' id='word_1_503' title='bbox 1087 4638 1285 4713; x_wconf 79' lang='grc' dir='ltr'>τούτῳ,</span> <span class='ocrx_word' id='word_1_504' title='bbox 1338 4637 1489 4710; x_wconf 84' lang='grc' dir='ltr'>τόπῳ</span> <span class='ocrx_word' id='word_1_505' title='bbox 1556 4633 1668 4693; x_wconf 68' lang='grc' dir='ltr'>ὄντι</span> <span class='ocrx_word' id='word_1_506' title='bbox 1722 4637 1878 4712; x_wconf 72' lang='grc' dir='ltr'>ὴμῶν</span> <span class='ocrx_word' id='word_1_507' title='bbox 1910 4644 2015 4694; x_wconf 82' lang='grc' dir='ltr'><strong>τῶν</strong></span> 
     </span>
    </p>
   </div>
   <div class='ocr_carea' id='block_1_70' title="bbox 368 4724 1506 4805">
    <p class='ocr_par' dir='ltr' id='par_1_70' title="bbox 368 4724 1506 4805">
     <span class='ocr_line' id='line_1_70' title="bbox 368 4724 1506 4805; baseline -0.003 -23"><span class='ocrx_word' id='word_1_508' title='bbox 368 4738 483 4789; x_wconf 75' lang='grc' dir='ltr'>τοῖς</span> <span class='ocrx_word' id='word_1_509' title='bbox 542 4724 727 4805; x_wconf 77' lang='grc' dir='ltr'>ἀλόγοι</span> <span class='ocrx_word' id='word_1_510' title='bbox 785 4728 1033 4799; x_wconf 73' lang='grc' dir='ltr'>κτήνεσιν</span> <span class='ocrx_word' id='word_1_511' title='bbox 1091 4726 1457 4803; x_wconf 74' lang='grc' dir='ltr'>ὁμοιωθέντων</span> <span class='ocrx_word' id='word_1_512' title='bbox 1492 4740 1506 4756; x_wconf 91' lang='grc'><strong>⁸</strong></span> 
     </span>
    </p>
   </div>
   <div class='ocr_carea' id='block_1_71' title="bbox 369 4812 2016 4896">
    <p class='ocr_par' dir='ltr' id='par_1_71' title="bbox 369 4812 2016 4896">
     <span class='ocr_line' id='line_1_71' title="bbox 369 4812 2016 4896; baseline 0.001 -26"><span class='ocrx_word' id='word_1_513' title='bbox 369 4816 540 4896; x_wconf 68' lang='grc' dir='ltr'>φάτνῃ</span> <span class='ocrx_word' id='word_1_514' title='bbox 571 4814 676 4871; x_wconf 81' lang='grc' dir='ltr'><strong>τῶν</strong></span> <span class='ocrx_word' id='word_1_515' title='bbox 706 4814 918 4894; x_wconf 80' lang='grc' dir='ltr'>ἀλόγων</span> <span class='ocrx_word' id='word_1_516' title='bbox 987 4817 1184 4881; x_wconf 77' lang='grc' dir='ltr'>οἰκεῖος</span> <span class='ocrx_word' id='word_1_517' title='bbox 1234 4815 1418 4890; x_wconf 82' lang='grc' dir='ltr'>τόπος,</span> <span class='ocrx_word' id='word_1_518' title='bbox 1453 4812 1591 4871; x_wconf 67' lang='grc' dir='ltr'>οὕτω</span> <span class='ocrx_word' id='word_1_519' title='bbox 1619 4814 1758 4871; x_wconf 83' lang='grc' dir='ltr'>καὶὸ</span> <span class='ocrx_word' id='word_1_520' title='bbox 1813 4814 2016 4890; x_wconf 80' lang='grc' dir='ltr'>κόσμος</span> 
     </span>
    </p>
   </div>
   <div class='ocr_carea' id='block_1_72' title="bbox 374 4903 2018 4985">
    <p class='ocr_par' dir='ltr' id='par_1_72' title="bbox 374 4903 2018 4985">
     <span class='ocr_line' id='line_1_72' title="bbox 374 4903 2018 4985; baseline -0.001 -22"><span class='ocrx_word' id='word_1_521' title='bbox 374 4907 525 4967; x_wconf 81' lang='grc' dir='ltr'>οὗτος</span> <span class='ocrx_word' id='word_1_522' title='bbox 568 4905 728 4980; x_wconf 75' lang='grc' dir='ltr'>ἡμῶν</span> <span class='ocrx_word' id='word_1_523' title='bbox 758 4920 773 4934; x_wconf 95' lang='grc'><strong>⁸</strong></span> <span class='ocrx_word' id='word_1_524' title='bbox 837 4905 983 4961; x_wconf 75' lang='grc' dir='ltr'>ἔστιν</span> <span class='ocrx_word' id='word_1_525' title='bbox 1011 4906 1098 4962; x_wconf 84' lang='grc' dir='ltr'><strong>οὗν</strong></span> <span class='ocrx_word' id='word_1_526' title='bbox 1148 4903 1185 4970; x_wconf 68' lang='grc' dir='ltr'>ἡ</span> <span class='ocrx_word' id='word_1_527' title='bbox 1246 4904 1443 4985; x_wconf 67' lang='grc' dir='ltr'>φάτνῃ,</span> <span class='ocrx_word' id='word_1_528' title='bbox 1477 4904 1506 4960; x_wconf 85' lang='grc' dir='ltr'>ὀ</span> <span class='ocrx_word' id='word_1_529' title='bbox 1557 4903 1778 4977; x_wconf 85' lang='grc' dir='ltr'>κόσμος⁸</span> <span class='ocrx_word' id='word_1_530' title='bbox 1829 4905 2018 4985; x_wconf 77' lang='grc' dir='ltr'>ἡμεῖς,</span> 
     </span>
    </p>
   </div>
   <div class='ocr_carea' id='block_1_73' title="bbox 372 4990 2022 5072">
    <p class='ocr_par' dir='ltr' id='par_1_73' title="bbox 372 4990 2022 5072">
     <span class='ocr_line' id='line_1_73' title="bbox 372 4990 2022 5072; baseline 0.001 -23"><span class='ocrx_word' id='word_1_531' title='bbox 372 4994 439 5049; x_wconf 77' lang='grc' dir='ltr'><strong>τα</strong></span> <span class='ocrx_word' id='word_1_532' title='bbox 495 4991 665 5071; x_wconf 71' lang='grc' dir='ltr'>ἄλογα</span> <span class='ocrx_word' id='word_1_533' title='bbox 697 5011 713 5026; x_wconf 82' lang='grc'><strong>⁸</strong></span> <span class='ocrx_word' id='word_1_534' title='bbox 746 4992 838 5049; x_wconf 71' lang='grc' dir='ltr'>’ίνα</span> <span class='ocrx_word' id='word_1_535' title='bbox 867 4990 920 5049; x_wconf 76' lang='grc' dir='ltr'>δὲ</span> <span class='ocrx_word' id='word_1_536' title='bbox 962 4996 1105 5069; x_wconf 75' lang='grc' dir='ltr'>ἡμᾶς</span> <span class='ocrx_word' id='word_1_537' title='bbox 1137 4990 1476 5072; x_wconf 85' lang='grc' dir='ltr'>λυτρώσηται</span> <span class='ocrx_word' id='word_1_538' title='bbox 1506 4996 1605 5059; x_wconf 82' lang='grc' dir='ltr'>τῆς</span> <span class='ocrx_word' id='word_1_539' title='bbox 1634 4991 1877 5071; x_wconf 82' lang='grc' dir='ltr'>ἀλογίας,</span> <span class='ocrx_word' id='word_1_540' title='bbox 1938 4992 2022 5051; x_wconf 79' lang='grc' dir='ltr'>διὰ</span> 
     </span>
    </p>
   </div>
   <div class='ocr_carea' id='block_1_74' title="bbox 370 5086 1134 5164">
    <p class='ocr_par' dir='ltr' id='par_1_74' title="bbox 370 5086 1134 5164">
     <span class='ocr_line' id='line_1_74' title="bbox 370 5086 1134 5164; baseline 0.001 -22"><span class='ocrx_word' id='word_1_541' title='bbox 370 5093 523 5142; x_wconf 73' lang='grc' dir='ltr'>τοῦτο</span> <span class='ocrx_word' id='word_1_542' title='bbox 549 5087 766 5142; x_wconf 72' lang='grc' dir='ltr'>ενταῦθα</span> <span class='ocrx_word' id='word_1_543' title='bbox 795 5086 1134 5164; x_wconf 82' lang='grc' dir='ltr'>παρεγένετο.</span> 
     </span>
    </p>
   </div>
   <div class='ocr_carea' id='block_1_75' title="bbox 454 5173 2017 5254">
    <p class='ocr_par' dir='ltr' id='par_1_75' title="bbox 454 5173 2017 5254">
     <span class='ocr_line' id='line_1_75' title="bbox 454 5173 2017 5254; baseline 0.003 -27"><span class='ocrx_word' id='word_1_544' title='bbox 454 5199 478 5227; x_wconf 79' lang='grc' dir='ltr'><strong>ιι</strong></span> <span class='ocrx_word' id='word_1_545' title='bbox 518 5175 616 5232; x_wconf 81' lang='grc' dir='ltr'><strong>Καὶ</strong></span> <span class='ocrx_word' id='word_1_546' title='bbox 674 5174 924 5250; x_wconf 77' lang='grc' dir='ltr'>ποιμένες</span> <span class='ocrx_word' id='word_1_547' title='bbox 973 5173 1109 5241; x_wconf 77' lang='grc' dir='ltr'>ἦσαν</span> <span class='ocrx_word' id='word_1_548' title='bbox 1164 5174 1218 5230; x_wconf 73' lang='grc' dir='ltr'>ἓν</span> <span class='ocrx_word' id='word_1_549' title='bbox 1278 5178 1345 5250; x_wconf 78' lang='grc' dir='ltr'>τῇ</span> <span class='ocrx_word' id='word_1_550' title='bbox 1375 5176 1530 5254; x_wconf 71' lang='grc' dir='ltr'>χώρᾳ</span> <span class='ocrx_word' id='word_1_551' title='bbox 1558 5177 1625 5249; x_wconf 75' lang='grc' dir='ltr'><strong>τῇ</strong></span> <span class='ocrx_word' id='word_1_552' title='bbox 1654 5173 1789 5251; x_wconf 72' lang='grc' dir='ltr'>αὖτῇ</span> <span class='ocrx_word' id='word_1_553' title='bbox 1816 5173 2017 5254; x_wconf 83' lang='grc' dir='ltr'>ἀγραυ-</span> 
     </span>
    </p>
   </div>
   <div class='ocr_carea' id='block_1_76' title="bbox 372 5261 2021 5343">
    <p class='ocr_par' dir='ltr' id='par_1_76' title="bbox 372 5261 2021 5343">
     <span class='ocr_line' id='line_1_76' title="bbox 372 5261 2021 5343; baseline 0 -24"><span class='ocrx_word' id='word_1_554' title='bbox 372 5262 613 5343; x_wconf 71' lang='grc' dir='ltr'>λοῦντες,</span> <span class='ocrx_word' id='word_1_555' title='bbox 673 5264 760 5322; x_wconf 79' lang='grc' dir='ltr'><strong>καὶ</strong></span> <span class='ocrx_word' id='word_1_556' title='bbox 810 5261 1166 5343; x_wconf 73' lang='grc' dir='ltr'>φυλάσσοντες</span> <span class='ocrx_word' id='word_1_557' title='bbox 1224 5262 1458 5343; x_wconf 78' lang='grc' dir='ltr'>φυλακὰς</span> <span class='ocrx_word' id='word_1_558' title='bbox 1513 5266 1613 5329; x_wconf 75' lang='grc' dir='ltr'>τῆς</span> <span class='ocrx_word' id='word_1_559' title='bbox 1681 5264 1867 5326; x_wconf 83' lang='grc' dir='ltr'>νυκτὸς</span> <span class='ocrx_word' id='word_1_560' title='bbox 1934 5262 2021 5321; x_wconf 73' lang='grc' dir='ltr'>ἐπὶ</span> 
     </span>
    </p>
   </div>
   <div class='ocr_carea' id='block_1_77' title="bbox 368 5349 2018 5430">
    <p class='ocr_par' dir='ltr' id='par_1_77' title="bbox 368 5349 2018 5430">
     <span class='ocr_line' id='line_1_77' title="bbox 368 5349 2018 5430; baseline 0.002 -23"><span class='ocrx_word' id='word_1_561' title='bbox 368 5352 469 5419; x_wconf 72' lang='grc' dir='ltr'><strong>τὴν</strong></span> <span class='ocrx_word' id='word_1_562' title='bbox 525 5352 758 5428; x_wconf 89' lang='grc' dir='ltr'>ποίμνην</span> <span class='ocrx_word' id='word_1_563' title='bbox 813 5353 1010 5423; x_wconf 73' lang='grc' dir='ltr'>αὐτῶν,</span> <span class='ocrx_word' id='word_1_564' title='bbox 1070 5352 1161 5409; x_wconf 80' lang='grc' dir='ltr'><strong>καὶ</strong></span> <span class='ocrx_word' id='word_1_565' title='bbox 1213 5351 1322 5408; x_wconf 79' lang='grc' dir='ltr'>ἰδοὺ</span> <span class='ocrx_word' id='word_1_566' title='bbox 1381 5349 1610 5429; x_wconf 74' lang='grc' dir='ltr'>ἅγγελος</span> <span class='ocrx_word' id='word_1_567' title='bbox 1666 5352 1853 5430; x_wconf 83' lang='grc' dir='ltr'>Κυρίου</span> <span class='ocrx_word' id='word_1_568' title='bbox 1917 5353 2018 5410; x_wconf 76' lang='grc' dir='ltr'><strong>ἐπ-</strong></span> 
     </span>
    </p>
   </div>
   <div class='ocr_carea' id='block_1_78' title="bbox 374 5438 2017 5521">
    <p class='ocr_par' dir='ltr' id='par_1_78' title="bbox 374 5438 2017 5521">
     <span class='ocr_line' id='line_1_78' title="bbox 374 5438 2017 5521; baseline 0 -22"><span class='ocrx_word' id='word_1_569' title='bbox 374 5440 503 5508; x_wconf 78' lang='grc' dir='ltr'>έστη</span> <span class='ocrx_word' id='word_1_570' title='bbox 560 5444 744 5506; x_wconf 73' lang='grc' dir='ltr'>αὐτοῖς</span> <span class='ocrx_word' id='word_1_571' title='bbox 778 5457 794 5474; x_wconf 92' lang='grc'><strong>⁸</strong></span> <span class='ocrx_word' id='word_1_572' title='bbox 846 5442 933 5498; x_wconf 83' lang='grc' dir='ltr'>καὶ</span> <span class='ocrx_word' id='word_1_573' title='bbox 988 5438 1110 5508; x_wconf 78' lang='grc' dir='ltr'>δόξα</span> <span class='ocrx_word' id='word_1_574' title='bbox 1170 5440 1353 5521; x_wconf 76' lang='grc' dir='ltr'>Κυρίου</span> <span class='ocrx_word' id='word_1_575' title='bbox 1391 5438 1752 5519; x_wconf 76' lang='grc' dir='ltr'>περιέλαμψεν</span> <span class='ocrx_word' id='word_1_576' title='bbox 1782 5440 1968 5507; x_wconf 69' lang='grc' dir='ltr'>αὐτούς</span> <span class='ocrx_word' id='word_1_577' title='bbox 2002 5459 2017 5474; x_wconf 94' lang='grc'><strong>⁸</strong></span> 
     </span>
    </p>
   </div>
   <div class='ocr_carea' id='block_1_79' title="bbox 2094 2228 3745 2309">
    <p class='ocr_par' dir='ltr' id='par_1_79' title="bbox 2094 2228 3745 2309">
     <span class='ocr_line' id='line_1_79' title="bbox 2094 2228 3745 2309; baseline -0.001 -20"><span class='ocrx_word' id='word_1_578' title='bbox 2094 2229 2595 2309; x_wconf 82' lang='lat' dir='ltr'><strong>scriptio,ut,cum</strong></span> <span class='ocrx_word' id='word_1_579' title='bbox 2620 2248 2829 2292; x_wconf 89' lang='lat' dir='ltr'><strong>omnes</strong></span> <span class='ocrx_word' id='word_1_580' title='bbox 2860 2231 2917 2291; x_wconf 91' lang='lat' dir='ltr'><strong>in</strong></span> <span class='ocrx_word' id='word_1_581' title='bbox 2951 2247 3088 2290; x_wconf 90' lang='lat' dir='ltr'><strong>suas</strong></span> <span class='ocrx_word' id='word_1_582' title='bbox 3120 2228 3336 2308; x_wconf 89' lang='lat' dir='ltr'><strong>patrias</strong></span> <span class='ocrx_word' id='word_1_583' title='bbox 3359 2230 3745 2298; x_wconf 87' lang='lat' dir='ltr'><strong>irent,ascen-</strong></span> 
     </span>
    </p>
   </div>
   <div class='ocr_carea' id='block_1_80' title="bbox 2092 2315 3742 2399">
    <p class='ocr_par' dir='ltr' id='par_1_80' title="bbox 2092 2315 3742 2399">
     <span class='ocr_line' id='line_1_80' title="bbox 2092 2315 3742 2399; baseline -0.001 -22"><span class='ocrx_word' id='word_1_584' title='bbox 2092 2316 2263 2379; x_wconf 90' lang='lat' dir='ltr'><strong>deret</strong></span> <span class='ocrx_word' id='word_1_585' title='bbox 2306 2326 2363 2379; x_wconf 90' lang='lat' dir='ltr'><strong>et</strong></span> <span class='ocrx_word' id='word_1_586' title='bbox 2384 2316 2562 2398; x_wconf 86' lang='lat' dir='ltr'><strong>Virgo</strong></span> <span class='ocrx_word' id='word_1_587' title='bbox 2597 2319 2655 2380; x_wconf 91' lang='lat' dir='ltr'><strong>in</strong></span> <span class='ocrx_word' id='word_1_588' title='bbox 2688 2319 3023 2399; x_wconf 81' lang='lat' dir='ltr'><strong>Bethleem,</strong></span> <span class='ocrx_word' id='word_1_589' title='bbox 3058 2337 3187 2399; x_wconf 64' lang='lat' dir='ltr'><strong>qua?</strong></span> <span class='ocrx_word' id='word_1_590' title='bbox 3218 2317 3347 2397; x_wconf 85' lang='lat' dir='ltr'><strong>ejus</strong></span> <span class='ocrx_word' id='word_1_591' title='bbox 3379 2315 3564 2397; x_wconf 90' lang='lat' dir='ltr'><strong>patria</strong></span> <span class='ocrx_word' id='word_1_592' title='bbox 3593 2325 3742 2390; x_wconf 89' lang='lat' dir='ltr'><strong>erat,</strong></span> 
     </span>
    </p>
   </div>
   <div class='ocr_carea' id='block_1_81' title="bbox 2092 2405 3746 2489">
    <p class='ocr_par' dir='ltr' id='par_1_81' title="bbox 2092 2405 3746 2489">
     <span class='ocr_line' id='line_1_81' title="bbox 2092 2405 3746 2489; baseline -0.001 -22"><span class='ocrx_word' id='word_1_593' title='bbox 2092 2416 2553 2489; x_wconf 88' lang='lat' dir='ltr'><strong>nascereturque</strong></span> <span class='ocrx_word' id='word_1_594' title='bbox 2613 2408 2699 2469; x_wconf 91' lang='lat' dir='ltr'><strong>sic</strong></span> <span class='ocrx_word' id='word_1_595' title='bbox 2752 2408 3042 2470; x_wconf 89' lang='lat' dir='ltr'><strong>Dominus</strong></span> <span class='ocrx_word' id='word_1_596' title='bbox 3107 2407 3169 2468; x_wconf 89' lang='lat' dir='ltr'><strong>in</strong></span> <span class='ocrx_word' id='word_1_597' title='bbox 3232 2405 3541 2469; x_wconf 88' lang='lat' dir='ltr'><strong>Bethleem</strong></span> <span class='ocrx_word' id='word_1_598' title='bbox 3574 2406 3649 2480; x_wconf 68' lang='lat'><strong>‘5,</strong></span> <span class='ocrx_word' id='word_1_599' title='bbox 3678 2424 3746 2466; x_wconf 91' lang='lat' dir='ltr'><strong>ac</strong></span> 
     </span>
    </p>
   </div>
   <div class='ocr_carea' id='block_1_82' title="bbox 2090 2494 3745 2578">
    <p class='ocr_par' dir='ltr' id='par_1_82' title="bbox 2090 2494 3745 2578">
     <span class='ocr_line' id='line_1_82' title="bbox 2090 2494 3745 2578; baseline -0.002 -22"><span class='ocrx_word' id='word_1_600' title='bbox 2090 2494 2441 2575; x_wconf 88' lang='lat' dir='ltr'><strong>impleretur</strong></span> <span class='ocrx_word' id='word_1_601' title='bbox 2454 2496 3097 2578; x_wconf 85' lang='lat' dir='ltr'><strong>prophetia.Decebant</strong></span> <span class='ocrx_word' id='word_1_602' title='bbox 3120 2503 3313 2557; x_wconf 90' lang='lat' dir='ltr'><strong>autem</strong></span> <span class='ocrx_word' id='word_1_603' title='bbox 3340 2502 3565 2575; x_wconf 83' lang='lat' dir='ltr'><strong>ut,cum</strong></span> <span class='ocrx_word' id='word_1_604' title='bbox 3588 2496 3745 2557; x_wconf 82' lang='lat' dir='ltr'><strong>Deus</strong></span> 
     </span>
    </p>
   </div>
   <div class='ocr_carea' id='block_1_83' title="bbox 2100 2583 3742 2663">
    <p class='ocr_par' dir='ltr' id='par_1_83' title="bbox 2100 2583 3742 2663">
     <span class='ocr_line' id='line_1_83' title="bbox 2100 2583 3742 2663; baseline -0.001 -18"><span class='ocrx_word' id='word_1_605' title='bbox 2100 2604 2252 2646; x_wconf 90' lang='lat' dir='ltr'><strong>unus</strong></span> <span class='ocrx_word' id='word_1_606' title='bbox 2283 2586 2599 2648; x_wconf 90' lang='lat' dir='ltr'><strong>multorum</strong></span> <span class='ocrx_word' id='word_1_607' title='bbox 2648 2589 2897 2649; x_wconf 80' lang='lat' dir='ltr'><strong>deorum</strong></span> <span class='ocrx_word' id='word_1_608' title='bbox 2931 2586 3113 2648; x_wconf 89' lang='lat' dir='ltr'><strong>cultui</strong></span> <span class='ocrx_word' id='word_1_609' title='bbox 3146 2587 3324 2646; x_wconf 80' lang='lat' dir='ltr'><strong>tinem</strong></span> <span class='ocrx_word' id='word_1_610' title='bbox 3360 2593 3519 2646; x_wconf 89' lang='lat' dir='ltr'><strong>esset</strong></span> <span class='ocrx_word' id='word_1_611' title='bbox 3546 2583 3742 2663; x_wconf 84' lang='lat' dir='ltr'><strong>impo-</strong></span> 
     </span>
    </p>
   </div>
   <div class='ocr_carea' id='block_1_84' title="bbox 2096 2673 3740 2757">
    <p class='ocr_par' dir='ltr' id='par_1_84' title="bbox 2096 2673 3740 2757">
     <span class='ocr_line' id='line_1_84' title="bbox 2096 2673 3740 2757; baseline 0 -22"><span class='ocrx_word' id='word_1_612' title='bbox 2096 2674 2506 2755; x_wconf 84' lang='lat' dir='ltr'><strong>siturus,unus</strong></span> <span class='ocrx_word' id='word_1_613' title='bbox 2537 2676 2711 2738; x_wconf 86' lang='lat' dir='ltr'><strong>etiam</strong></span> <span class='ocrx_word' id='word_1_614' title='bbox 2743 2694 2869 2753; x_wconf 81' lang='lat' dir='ltr'><strong>rex,</strong></span> <span class='ocrx_word' id='word_1_615' title='bbox 2897 2693 3111 2757; x_wconf 90' lang='lat' dir='ltr'><strong>nempe</strong></span> <span class='ocrx_word' id='word_1_616' title='bbox 3144 2676 3359 2745; x_wconf 65' lang='lat' dir='ltr'><strong>Caasar,</strong></span> <span class='ocrx_word' id='word_1_617' title='bbox 3395 2673 3740 2752; x_wconf 85' lang='lat' dir='ltr'><strong>imperaret.</strong></span> 
     </span>
    </p>
   </div>
   <div class='ocr_carea' id='block_1_85' title="bbox 2100 2760 3747 2840">
    <p class='ocr_par' dir='ltr' id='par_1_85' title="bbox 2100 2760 3747 2840">
     <span class='ocr_line' id='line_1_85' title="bbox 2100 2760 3747 2840; baseline -0.002 -16"><span class='ocrx_word' id='word_1_618' title='bbox 2100 2766 2278 2826; x_wconf 90' lang='lat' dir='ltr'><strong>Porro</strong></span> <span class='ocrx_word' id='word_1_619' title='bbox 2312 2766 2577 2827; x_wconf 66' lang='lat' dir='ltr'><strong>Christus</strong></span> <span class='ocrx_word' id='word_1_620' title='bbox 2608 2784 2742 2826; x_wconf 87' lang='lat' dir='ltr'><strong>cum</strong></span> <span class='ocrx_word' id='word_1_621' title='bbox 2784 2764 3059 2826; x_wconf 88' lang='lat' dir='ltr'><strong>omnibus</strong></span> <span class='ocrx_word' id='word_1_622' title='bbox 3082 2762 3458 2825; x_wconf 86' lang='lat' dir='ltr'><strong>describitur.</strong></span> <span class='ocrx_word' id='word_1_623' title='bbox 3500 2760 3747 2840; x_wconf 90' lang='lat' dir='ltr'><strong>Oportet</strong></span> 
     </span>
    </p>
   </div>
   <div class='ocr_carea' id='block_1_86' title="bbox 2094 2850 3742 2926">
    <p class='ocr_par' dir='ltr' id='par_1_86' title="bbox 2094 2850 3742 2926">
     <span class='ocr_line' id='line_1_86' title="bbox 2094 2850 3742 2926; baseline -0.003 -11"><span class='ocrx_word' id='word_1_624' title='bbox 2094 2853 2253 2915; x_wconf 77' lang='lat' dir='ltr'><strong>enim</strong></span> <span class='ocrx_word' id='word_1_625' title='bbox 2282 2854 2456 2915; x_wconf 89' lang='lat' dir='ltr'><strong>etiam</strong></span> <span class='ocrx_word' id='word_1_626' title='bbox 2492 2854 2810 2917; x_wconf 91' lang='lat' dir='ltr'><strong>Dominum</strong></span> <span class='ocrx_word' id='word_1_627' title='bbox 2842 2873 2976 2916; x_wconf 90' lang='lat' dir='ltr'><strong>cum</strong></span> <span class='ocrx_word' id='word_1_628' title='bbox 3012 2862 3131 2914; x_wconf 90' lang='lat' dir='ltr'><strong>toto</strong></span> <span class='ocrx_word' id='word_1_629' title='bbox 3173 2851 3321 2913; x_wconf 86' lang='lat' dir='ltr'><strong>orbe</strong></span> <span class='ocrx_word' id='word_1_630' title='bbox 3371 2850 3626 2926; x_wconf 89' lang='lat' dir='ltr'><strong>censeri,</strong></span> <span class='ocrx_word' id='word_1_631' title='bbox 3681 2861 3742 2911; x_wconf 95' lang='lat' dir='ltr'><strong>ut</strong></span> 
     </span>
    </p>
   </div>
   <div class='ocr_carea' id='block_1_87' title="bbox 2093 2939 3743 3025">
    <p class='ocr_par' dir='ltr' id='par_1_87' title="bbox 2093 2939 3743 3025">
     <span class='ocr_line' id='line_1_87' title="bbox 2093 2939 3743 3025; baseline -0.002 -22"><span class='ocrx_word' id='word_1_632' title='bbox 2093 2943 2488 3004; x_wconf 82' lang='lat' dir='ltr'><strong>sanctiﬁcaret</strong></span> <span class='ocrx_word' id='word_1_633' title='bbox 2519 2962 2621 3005; x_wconf 90' lang='lat' dir='ltr'><strong>eos</strong></span> <span class='ocrx_word' id='word_1_634' title='bbox 2672 2942 2774 3025; x_wconf 89' lang='lat' dir='ltr'><strong>qui</strong></span> <span class='ocrx_word' id='word_1_635' title='bbox 2804 2952 3145 3022; x_wconf 88' lang='lat' dir='ltr'><strong>censentur,</strong></span> <span class='ocrx_word' id='word_1_636' title='bbox 3199 2939 3583 3019; x_wconf 88' lang='lat' dir='ltr'><strong>aboleretque</strong></span> <span class='ocrx_word' id='word_1_637' title='bbox 3611 2958 3743 3000; x_wconf 90' lang='lat' dir='ltr'><strong>ser-</strong></span> 
     </span>
    </p>
   </div>
   <div class='ocr_carea' id='block_1_88' title="bbox 2092 3027 3738 3110">
    <p class='ocr_par' dir='ltr' id='par_1_88' title="bbox 2092 3027 3738 3110">
     <span class='ocr_line' id='line_1_88' title="bbox 2092 3027 3738 3110; baseline -0.001 -19"><span class='ocrx_word' id='word_1_638' title='bbox 2092 3030 2645 3110; x_wconf 79' lang='lat' dir='ltr'><strong>vitutemzquoniam</strong></span> <span class='ocrx_word' id='word_1_639' title='bbox 2661 3034 2811 3095; x_wconf 86' lang='lat' dir='ltr'><strong>sicut</strong></span> <span class='ocrx_word' id='word_1_640' title='bbox 2825 3027 3738 3094; x_wconf 57' lang='lat' dir='ltr'><strong>circumcisuscircumcisionem</strong></span> 
     </span>
    </p>
   </div>
   <div class='ocr_carea' id='block_1_89' title="bbox 1521 3118 2013 3203">
    <p class='ocr_par' dir='ltr' id='par_1_89' title="bbox 1521 3118 2007 3200">
     <span class='ocr_line' id='line_1_89' title="bbox 1521 3118 2007 3200; baseline -0.002 -24"><span class='ocrx_word' id='word_1_641' title='bbox 1521 3120 1881 3200; x_wconf 72' lang='grc' dir='ltr'>ἀπογράφεται</span> <span class='ocrx_word' id='word_1_642' title='bbox 1952 3118 2007 3176; x_wconf 77' lang='grc' dir='ltr'>δὲ</span> 
     </span>
    </p>
   </div>
   <div class='ocr_carea' id='block_1_90' title="bbox 2101 3118 3738 3203">
    <p class='ocr_par' dir='ltr' id='par_1_90' title="bbox 2101 3118 3738 3203">
     <span class='ocr_line' id='line_1_90' title="bbox 2101 3118 3738 3203; baseline -0.002 -21"><span class='ocrx_word' id='word_1_643' title='bbox 2101 3121 2347 3183; x_wconf 73' lang='lat' dir='ltr'><strong>abolevit</strong></span> <span class='ocrx_word' id='word_1_644' title='bbox 2368 3123 2447 3203; x_wconf 65' lang='grc' dir='ltr'>η,</span> <span class='ocrx_word' id='word_1_645' title='bbox 2479 3124 2557 3185; x_wconf 88' lang='lat' dir='ltr'><strong>ita</strong></span> <span class='ocrx_word' id='word_1_646' title='bbox 2580 3122 2916 3203; x_wconf 90' lang='lat' dir='ltr'><strong>descriptus</strong></span> <span class='ocrx_word' id='word_1_647' title='bbox 2948 3123 3102 3184; x_wconf 92' lang='lat' dir='ltr'><strong>sicut</strong></span> <span class='ocrx_word' id='word_1_648' title='bbox 3134 3136 3363 3193; x_wconf 86' lang='lat' dir='ltr'><strong>servus,</strong></span> <span class='ocrx_word' id='word_1_649' title='bbox 3398 3118 3738 3181; x_wconf 86' lang='lat' dir='ltr'><strong>servitutem</strong></span> 
     </span>
    </p>
   </div>
   <div class='ocr_carea' id='block_1_91' title="bbox 2092 3208 3740 3275">
    <p class='ocr_par' dir='ltr' id='par_1_91' title="bbox 2092 3208 3740 3275">
     <span class='ocr_line' id='line_1_91' title="bbox 2092 3208 3740 3275; baseline 0 -5"><span class='ocrx_word' id='word_1_650' title='bbox 2092 3216 2315 3271; x_wconf 68' lang='lat' dir='ltr'><strong>natura:</strong></span> <span class='ocrx_word' id='word_1_651' title='bbox 2339 3219 2553 3274; x_wconf 68' lang='lat' dir='ltr'><strong>nostra:</strong></span> <span class='ocrx_word' id='word_1_652' title='bbox 2579 3211 2859 3274; x_wconf 86' lang='lat' dir='ltr'><strong>abolevit.</strong></span> <span class='ocrx_word' id='word_1_653' title='bbox 2887 3213 3017 3275; x_wconf 89' lang='lat' dir='ltr'><strong>Non</strong></span> <span class='ocrx_word' id='word_1_654' title='bbox 3050 3209 3214 3272; x_wconf 88' lang='lat' dir='ltr'><strong>enim</strong></span> <span class='ocrx_word' id='word_1_655' title='bbox 3246 3208 3401 3270; x_wconf 90' lang='lat' dir='ltr'><strong>ultra</strong></span> <span class='ocrx_word' id='word_1_656' title='bbox 3428 3216 3565 3270; x_wconf 88' lang='lat' dir='ltr'><strong>sunt</strong></span> <span class='ocrx_word' id='word_1_657' title='bbox 3586 3209 3740 3270; x_wconf 84' lang='lat' dir='ltr'><strong>servi</strong></span> 
     </span>
    </p>
   </div>
   <div class='ocr_carea' id='block_1_92' title="bbox 2093 3298 3740 3383">
    <p class='ocr_par' dir='ltr' id='par_1_92' title="bbox 2093 3298 3740 3383">
     <span class='ocr_line' id='line_1_92' title="bbox 2093 3298 3740 3383; baseline 0.001 -23"><span class='ocrx_word' id='word_1_658' title='bbox 2093 3300 2427 3375; x_wconf 91' lang='lat' dir='ltr'><strong>hominum,</strong></span> <span class='ocrx_word' id='word_1_659' title='bbox 2465 3302 2563 3383; x_wconf 90' lang='lat' dir='ltr'><strong>qui</strong></span> <span class='ocrx_word' id='word_1_660' title='bbox 2612 3302 2862 3365; x_wconf 92' lang='lat' dir='ltr'><strong>Domino</strong></span> <span class='ocrx_word' id='word_1_661' title='bbox 2908 3299 3194 3373; x_wconf 89' lang='lat' dir='ltr'><strong>serviunt,</strong></span> <span class='ocrx_word' id='word_1_662' title='bbox 3226 3298 3380 3361; x_wconf 90' lang='lat' dir='ltr'><strong>sicut</strong></span> <span class='ocrx_word' id='word_1_663' title='bbox 3420 3298 3740 3379; x_wconf 85' lang='lat' dir='ltr'><strong>Apostolus</strong></span> 
     </span>
    </p>
   </div>
   <div class='ocr_carea' id='block_1_93' title="bbox 2093 3388 3737 3453">
    <p class='ocr_par' dir='ltr' id='par_1_93' title="bbox 2093 3388 3737 3453">
     <span class='ocr_line' id='line_1_93' title="bbox 2093 3388 3737 3453; baseline 0.001 -4"><span class='ocrx_word' id='word_1_664' title='bbox 2093 3388 2502 3453; x_wconf 65' lang='lat' dir='ltr'><strong>dicitnNolite</strong></span> <span class='ocrx_word' id='word_1_665' title='bbox 2533 3389 2662 3453; x_wconf 83' lang='lat' dir='ltr'><strong>ﬁeri</strong></span> <span class='ocrx_word' id='word_1_666' title='bbox 2680 3391 2838 3453; x_wconf 90' lang='lat' dir='ltr'><strong>servi</strong></span> <span class='ocrx_word' id='word_1_667' title='bbox 2871 3390 3266 3452; x_wconf 58' lang='lat' dir='ltr'><strong>hominum“:</strong></span> <span class='ocrx_word' id='word_1_668' title='bbox 3299 3414 3325 3445; x_wconf 80' lang='grc'>»</span> <span class='ocrx_word' id='word_1_669' title='bbox 3364 3388 3468 3451; x_wconf 87' lang='lat' dir='ltr'><strong>sed</strong></span> <span class='ocrx_word' id='word_1_670' title='bbox 3496 3388 3737 3452; x_wconf 85' lang='lat' dir='ltr'><strong>tametsi</strong></span> 
     </span>
    </p>
   </div>
   <div class='ocr_carea' id='block_1_94' title="bbox 2094 3477 3736 3561">
    <p class='ocr_par' dir='ltr' id='par_1_94' title="bbox 2094 3477 3736 3561">
     <span class='ocr_line' id='line_1_94' title="bbox 2094 3477 3736 3561; baseline -0.001 -22"><span class='ocrx_word' id='word_1_671' title='bbox 2094 3497 2343 3559; x_wconf 91' lang='lat' dir='ltr'><strong>corpore</strong></span> <span class='ocrx_word' id='word_1_672' title='bbox 2372 3480 2558 3542; x_wconf 90' lang='lat' dir='ltr'><strong>simus</strong></span> <span class='ocrx_word' id='word_1_673' title='bbox 2587 3482 2766 3556; x_wconf 90' lang='lat' dir='ltr'><strong>servi,</strong></span> <span class='ocrx_word' id='word_1_674' title='bbox 2800 3480 3009 3561; x_wconf 89' lang='lat' dir='ltr'><strong>spiritu</strong></span> <span class='ocrx_word' id='word_1_675' title='bbox 3060 3488 3258 3541; x_wconf 85' lang='lat' dir='ltr'><strong>tamen</strong></span> <span class='ocrx_word' id='word_1_676' title='bbox 3290 3496 3496 3540; x_wconf 91' lang='lat' dir='ltr'><strong>sumus</strong></span> <span class='ocrx_word' id='word_1_677' title='bbox 3538 3477 3736 3553; x_wconf 90' lang='lat' dir='ltr'><strong>liberi,</strong></span> 
     </span>
    </p>
   </div>
   <div class='ocr_carea' id='block_1_95' title="bbox 2097 3565 3739 3651">
    <p class='ocr_par' dir='ltr' id='par_1_95' title="bbox 2097 3565 3739 3651">
     <span class='ocr_line' id='line_1_95' title="bbox 2097 3565 3739 3651; baseline 0.001 -22"><span class='ocrx_word' id='word_1_678' title='bbox 2097 3586 2293 3648; x_wconf 91' lang='lat' dir='ltr'><strong>neque</strong></span> <span class='ocrx_word' id='word_1_679' title='bbox 2324 3588 2454 3629; x_wconf 89' lang='lat' dir='ltr'><strong>cum</strong></span> <span class='ocrx_word' id='word_1_680' title='bbox 2490 3569 2795 3651; x_wconf 84' lang='lat' dir='ltr'><strong>impietate</strong></span> <span class='ocrx_word' id='word_1_681' title='bbox 2842 3568 3220 3631; x_wconf 90' lang='lat' dir='ltr'><strong>dominorum</strong></span> <span class='ocrx_word' id='word_1_682' title='bbox 3280 3567 3455 3629; x_wconf 90' lang='lat' dir='ltr'><strong>simul</strong></span> <span class='ocrx_word' id='word_1_683' title='bbox 3489 3565 3739 3630; x_wconf 91' lang='lat' dir='ltr'><strong>abduci-</strong></span> 
     </span>
    </p>
   </div>
   <div class='ocr_carea' id='block_1_96' title="bbox 2098 3656 3741 3738">
    <p class='ocr_par' dir='ltr' id='par_1_96' title="bbox 2098 3656 3741 3738">
     <span class='ocr_line' id='line_1_96' title="bbox 2098 3656 3741 3738; baseline -0.002 -21"><span class='ocrx_word' id='word_1_684' title='bbox 2098 3675 2257 3721; x_wconf 89' lang='lat' dir='ltr'><strong>mur.</strong></span> <span class='ocrx_word' id='word_1_685' title='bbox 2288 3656 2752 3738; x_wconf 84' lang='lat' dir='ltr'><strong>Primogenitum</strong></span> <span class='ocrx_word' id='word_1_686' title='bbox 2797 3678 2933 3721; x_wconf 91' lang='lat' dir='ltr'><strong>vero</strong></span> <span class='ocrx_word' id='word_1_687' title='bbox 2981 3658 3188 3721; x_wconf 84' lang='lat' dir='ltr'><strong>Filium</strong></span> <span class='ocrx_word' id='word_1_688' title='bbox 3254 3657 3578 3719; x_wconf 87' lang='lat' dir='ltr'><strong>nominavit</strong></span> <span class='ocrx_word' id='word_1_689' title='bbox 3607 3656 3741 3720; x_wconf 86' lang='lat' dir='ltr'><strong>Vir.</strong></span> 
     </span>
    </p>
   </div>
   <div class='ocr_carea' id='block_1_97' title="bbox 2097 3746 3733 3829">
    <p class='ocr_par' dir='ltr' id='par_1_97' title="bbox 2097 3746 3733 3829">
     <span class='ocr_line' id='line_1_97' title="bbox 2097 3746 3733 3829; baseline 0.001 -23"><span class='ocrx_word' id='word_1_690' title='bbox 2097 3746 2250 3825; x_wconf 78' lang='lat' dir='ltr'><strong>ginis</strong></span> <span class='ocrx_word' id='word_1_691' title='bbox 2297 3746 2639 3824; x_wconf 91' lang='lat' dir='ltr'><strong>Dominum,</strong></span> <span class='ocrx_word' id='word_1_692' title='bbox 2674 3748 2939 3829; x_wconf 83' lang='lat' dir='ltr'><strong>quamvis</strong></span> <span class='ocrx_word' id='word_1_693' title='bbox 2994 3747 3219 3809; x_wconf 89' lang='lat' dir='ltr'><strong>nullum</strong></span> <span class='ocrx_word' id='word_1_694' title='bbox 3273 3746 3601 3808; x_wconf 88' lang='lat' dir='ltr'><strong>secundum</strong></span> <span class='ocrx_word' id='word_1_695' title='bbox 3635 3766 3733 3828; x_wconf 88' lang='lat' dir='ltr'><strong>pe-</strong></span> 
     </span>
    </p>
   </div>
   <div class='ocr_carea' id='block_1_98' title="bbox 2098 3834 3738 3918">
    <p class='ocr_par' dir='ltr' id='par_1_98' title="bbox 2098 3834 3738 3918">
     <span class='ocr_line' id='line_1_98' title="bbox 2098 3834 3738 3918; baseline -0.001 -20"><span class='ocrx_word' id='word_1_696' title='bbox 2098 3837 2269 3915; x_wconf 84' lang='lat' dir='ltr'><strong>perit.</strong></span> <span class='ocrx_word' id='word_1_697' title='bbox 2306 3836 2486 3918; x_wconf 90' lang='lat' dir='ltr'><strong>quue</strong></span> <span class='ocrx_word' id='word_1_698' title='bbox 2546 3838 2778 3901; x_wconf 89' lang='lat' dir='ltr'><strong>merito.</strong></span> <span class='ocrx_word' id='word_1_699' title='bbox 2810 3836 3245 3915; x_wconf 84' lang='lat' dir='ltr'><strong>Primogenitus</strong></span> <span class='ocrx_word' id='word_1_700' title='bbox 3297 3835 3456 3896; x_wconf 87' lang='lat' dir='ltr'><strong>enim</strong></span> <span class='ocrx_word' id='word_1_701' title='bbox 3498 3834 3738 3915; x_wconf 86' lang='lat' dir='ltr'><strong>dicitur,</strong></span> 
     </span>
    </p>
   </div>
   <div class='ocr_carea' id='block_1_99' title="bbox 2098 3926 3741 4007">
    <p class='ocr_par' dir='ltr' id='par_1_99' title="bbox 2098 3926 3741 4007">
     <span class='ocr_line' id='line_1_99' title="bbox 2098 3926 3741 4007; baseline -0.001 -21"><span class='ocrx_word' id='word_1_702' title='bbox 2098 3926 2198 4006; x_wconf 87' lang='lat' dir='ltr'><strong>qui</strong></span> <span class='ocrx_word' id='word_1_703' title='bbox 2220 3926 2446 4007; x_wconf 90' lang='lat' dir='ltr'><strong>primus</strong></span> <span class='ocrx_word' id='word_1_704' title='bbox 2471 3937 2642 3991; x_wconf 89' lang='lat' dir='ltr'><strong>natus</strong></span> <span class='ocrx_word' id='word_1_705' title='bbox 2689 3926 3039 4002; x_wconf 87' lang='lat' dir='ltr'><strong>est,etiamsi</strong></span> <span class='ocrx_word' id='word_1_706' title='bbox 3075 3944 3193 3987; x_wconf 87' lang='lat' dir='ltr'><strong>non</strong></span> <span class='ocrx_word' id='word_1_707' title='bbox 3228 3933 3505 3986; x_wconf 89' lang='lat' dir='ltr'><strong>nascatur</strong></span> <span class='ocrx_word' id='word_1_708' title='bbox 3536 3932 3741 4005; x_wconf 88' lang='lat' dir='ltr'><strong>postea</strong></span> 
     </span>
    </p>
   </div>
   <div class='ocr_carea' id='block_1_100' title="bbox 2100 4013 3742 4097">
    <p class='ocr_par' dir='ltr' id='par_1_100' title="bbox 2100 4013 3742 4097">
     <span class='ocr_line' id='line_1_100' title="bbox 2100 4013 3742 4097; baseline -0.001 -22"><span class='ocrx_word' id='word_1_709' title='bbox 2100 4014 2416 4079; x_wconf 89' lang='lat' dir='ltr'><strong>secundus.</strong></span> <span class='ocrx_word' id='word_1_710' title='bbox 2441 4016 2504 4077; x_wconf 90' lang='lat' dir='ltr'><strong>In</strong></span> <span class='ocrx_word' id='word_1_711' title='bbox 2538 4016 2894 4097; x_wconf 66' lang='lat' dir='ltr'><strong>praesepium</strong></span> <span class='ocrx_word' id='word_1_712' title='bbox 2925 4022 3118 4076; x_wconf 89' lang='lat' dir='ltr'><strong>autem</strong></span> <span class='ocrx_word' id='word_1_713' title='bbox 3151 4013 3657 4088; x_wconf 88' lang='lat' dir='ltr'><strong>reclinatur,forte</strong></span> <span class='ocrx_word' id='word_1_714' title='bbox 3681 4021 3742 4074; x_wconf 94' lang='lat' dir='ltr'><strong>ut</strong></span> 
     </span>
    </p>
   </div>
   <div class='ocr_carea' id='block_1_101' title="bbox 2101 4102 3736 4184">
    <p class='ocr_par' dir='ltr' id='par_1_101' title="bbox 2101 4102 3736 4184">
     <span class='ocr_line' id='line_1_101' title="bbox 2101 4102 3736 4184; baseline -0.001 -19"><span class='ocrx_word' id='word_1_715' title='bbox 2101 4105 2297 4165; x_wconf 89' lang='lat' dir='ltr'><strong>statim</strong></span> <span class='ocrx_word' id='word_1_716' title='bbox 2348 4105 2424 4167; x_wconf 90' lang='lat' dir='ltr'><strong>ab</strong></span> <span class='ocrx_word' id='word_1_717' title='bbox 2474 4105 2640 4166; x_wconf 87' lang='lat' dir='ltr'><strong>initio</strong></span> <span class='ocrx_word' id='word_1_718' title='bbox 2685 4105 2818 4167; x_wconf 65' lang='lat' dir='ltr'><strong>vitae</strong></span> <span class='ocrx_word' id='word_1_719' title='bbox 2865 4104 3258 4184; x_wconf 82' lang='lat' dir='ltr'><strong>frugalitatem</strong></span> <span class='ocrx_word' id='word_1_720' title='bbox 3314 4121 3419 4163; x_wconf 87' lang='lat' dir='ltr'><strong>nos</strong></span> <span class='ocrx_word' id='word_1_721' title='bbox 3449 4102 3736 4164; x_wconf 89' lang='lat' dir='ltr'><strong>doceret:</strong></span> 
     </span>
    </p>
   </div>
   <div class='ocr_carea' id='block_1_102' title="bbox 2101 4190 3745 4275">
    <p class='ocr_par' dir='ltr' id='par_1_102' title="bbox 2101 4190 3745 4275">
     <span class='ocr_line' id='line_1_102' title="bbox 2101 4190 3745 4275; baseline -0.001 -21"><span class='ocrx_word' id='word_1_722' title='bbox 2101 4194 2252 4254; x_wconf 83' lang='lat' dir='ltr'><strong>forte</strong></span> <span class='ocrx_word' id='word_1_723' title='bbox 2282 4194 2457 4256; x_wconf 91' lang='lat' dir='ltr'><strong>etiam</strong></span> <span class='ocrx_word' id='word_1_724' title='bbox 2483 4192 2733 4275; x_wconf 89' lang='lat' dir='ltr'><strong>quodam</strong></span> <span class='ocrx_word' id='word_1_725' title='bbox 2757 4194 3021 4275; x_wconf 83' lang='lat' dir='ltr'><strong>symbolo</strong></span> <span class='ocrx_word' id='word_1_726' title='bbox 3052 4191 3369 4254; x_wconf 86' lang='lat' dir='ltr'><strong>declaravit</strong></span> <span class='ocrx_word' id='word_1_727' title='bbox 3393 4190 3549 4271; x_wconf 91' lang='lat' dir='ltr'><strong>quod</strong></span> <span class='ocrx_word' id='word_1_728' title='bbox 3577 4208 3745 4271; x_wconf 86' lang='lat' dir='ltr'><strong>pere-</strong></span> 
     </span>
    </p>
   </div>
   <div class='ocr_carea' id='block_1_103' title="bbox 2101 4282 3739 4363">
    <p class='ocr_par' dir='ltr' id='par_1_103' title="bbox 2101 4282 3739 4363">
     <span class='ocr_line' id='line_1_103' title="bbox 2101 4282 3739 4363; baseline -0.002 -20"><span class='ocrx_word' id='word_1_729' title='bbox 2101 4282 2363 4361; x_wconf 84' lang='lat' dir='ltr'><strong>grinatus</strong></span> <span class='ocrx_word' id='word_1_730' title='bbox 2392 4282 2468 4344; x_wconf 92' lang='lat' dir='ltr'><strong>sit</strong></span> <span class='ocrx_word' id='word_1_731' title='bbox 2500 4283 2560 4343; x_wconf 91' lang='lat' dir='ltr'><strong>in</strong></span> <span class='ocrx_word' id='word_1_732' title='bbox 2594 4282 2704 4344; x_wconf 90' lang='lat' dir='ltr'><strong>hoc</strong></span> <span class='ocrx_word' id='word_1_733' title='bbox 2731 4283 2973 4357; x_wconf 89' lang='lat' dir='ltr'><strong>mundo,</strong></span> <span class='ocrx_word' id='word_1_734' title='bbox 3011 4284 3110 4363; x_wconf 88' lang='lat' dir='ltr'><strong>qui</strong></span> <span class='ocrx_word' id='word_1_735' title='bbox 3168 4282 3333 4343; x_wconf 92' lang='lat' dir='ltr'><strong>locus</strong></span> <span class='ocrx_word' id='word_1_736' title='bbox 3376 4288 3578 4343; x_wconf 90' lang='lat' dir='ltr'><strong>noster</strong></span> <span class='ocrx_word' id='word_1_737' title='bbox 3625 4286 3739 4361; x_wconf 82' lang='lat' dir='ltr'><strong>est,</strong></span> 
     </span>
    </p>
   </div>
   <div class='ocr_carea' id='block_1_104' title="bbox 2099 4367 3743 4453">
    <p class='ocr_par' dir='ltr' id='par_1_104' title="bbox 2099 4367 3743 4453">
     <span class='ocr_line' id='line_1_104' title="bbox 2099 4367 3743 4453; baseline 0 -22"><span class='ocrx_word' id='word_1_738' title='bbox 2099 4375 2196 4453; x_wconf 92' lang='lat' dir='ltr'><strong>qui</strong></span> <span class='ocrx_word' id='word_1_739' title='bbox 2246 4370 2434 4433; x_wconf 81' lang='lat' dir='ltr'><strong>brutis</strong></span> <span class='ocrx_word' id='word_1_740' title='bbox 2484 4371 2886 4434; x_wconf 82' lang='lat' dir='ltr'><strong>animantibus</strong></span> <span class='ocrx_word' id='word_1_741' title='bbox 2937 4372 3254 4450; x_wconf 89' lang='lat' dir='ltr'><strong>comparati</strong></span> <span class='ocrx_word' id='word_1_742' title='bbox 3304 4389 3529 4431; x_wconf 92' lang='lat' dir='ltr'><strong>sumus.</strong></span> <span class='ocrx_word' id='word_1_743' title='bbox 3578 4367 3743 4432; x_wconf 88' lang='lat' dir='ltr'><strong>Sicut</strong></span> 
     </span>
    </p>
   </div>
   <div class='ocr_carea' id='block_1_105' title="bbox 2097 4458 3747 4543">
    <p class='ocr_par' dir='ltr' id='par_1_105' title="bbox 2097 4458 3747 4543">
     <span class='ocr_line' id='line_1_105' title="bbox 2097 4458 3747 4543; baseline -0.002 -20"><span class='ocrx_word' id='word_1_744' title='bbox 2097 4460 2254 4523; x_wconf 90' lang='lat' dir='ltr'><strong>enim</strong></span> <span class='ocrx_word' id='word_1_745' title='bbox 2292 4480 2557 4543; x_wconf 67' lang='lat' dir='ltr'><strong>praasepe</strong></span> <span class='ocrx_word' id='word_1_746' title='bbox 2589 4460 2867 4543; x_wconf 69' lang='lat' dir='ltr'><strong>proprius</strong></span> <span class='ocrx_word' id='word_1_747' title='bbox 2890 4460 3194 4521; x_wconf 88' lang='lat' dir='ltr'><strong>brutorum</strong></span> <span class='ocrx_word' id='word_1_748' title='bbox 3229 4461 3392 4522; x_wconf 91' lang='lat' dir='ltr'><strong>locus</strong></span> <span class='ocrx_word' id='word_1_749' title='bbox 3423 4458 3619 4533; x_wconf 88' lang='lat' dir='ltr'><strong>est,ita</strong></span> <span class='ocrx_word' id='word_1_750' title='bbox 3643 4478 3747 4520; x_wconf 90' lang='lat' dir='ltr'><strong>no-</strong></span> 
     </span>
    </p>
   </div>
   <div class='ocr_carea' id='block_1_106' title="bbox 2097 4548 3742 4631">
    <p class='ocr_par' dir='ltr' id='par_1_106' title="bbox 2097 4548 3742 4631">
     <span class='ocr_line' id='line_1_106' title="bbox 2097 4548 3742 4631; baseline -0.002 -20"><span class='ocrx_word' id='word_1_751' title='bbox 2097 4549 2189 4611; x_wconf 91' lang='lat' dir='ltr'><strong>bis</strong></span> <span class='ocrx_word' id='word_1_752' title='bbox 2251 4550 2414 4612; x_wconf 90' lang='lat' dir='ltr'><strong>locus</strong></span> <span class='ocrx_word' id='word_1_753' title='bbox 2458 4552 2735 4631; x_wconf 73' lang='lat' dir='ltr'><strong>praprius</strong></span> <span class='ocrx_word' id='word_1_754' title='bbox 2790 4559 2879 4613; x_wconf 89' lang='lat' dir='ltr'><strong>est</strong></span> <span class='ocrx_word' id='word_1_755' title='bbox 2937 4551 3216 4616; x_wconf 82' lang='lat' dir='ltr'><strong>mundus;</strong></span> <span class='ocrx_word' id='word_1_756' title='bbox 3252 4548 3508 4609; x_wconf 88' lang='lat' dir='ltr'><strong>mundus</strong></span> <span class='ocrx_word' id='word_1_757' title='bbox 3546 4548 3742 4627; x_wconf 88' lang='lat' dir='ltr'><strong>itaque</strong></span> 
     </span>
    </p>
   </div>
   <div class='ocr_carea' id='block_1_107' title="bbox 2098 4636 3739 4720">
    <p class='ocr_par' dir='ltr' id='par_1_107' title="bbox 2098 4636 3739 4720">
     <span class='ocr_line' id='line_1_107' title="bbox 2098 4636 3739 4720; baseline -0.002 -21"><span class='ocrx_word' id='word_1_758' title='bbox 2098 4656 2361 4720; x_wconf 69' lang='lat' dir='ltr'><strong>praesepe</strong></span> <span class='ocrx_word' id='word_1_759' title='bbox 2388 4648 2499 4716; x_wconf 90' lang='lat' dir='ltr'><strong>est,</strong></span> <span class='ocrx_word' id='word_1_760' title='bbox 2534 4659 2642 4701; x_wconf 89' lang='lat' dir='ltr'><strong>nos</strong></span> <span class='ocrx_word' id='word_1_761' title='bbox 2674 4659 2813 4701; x_wconf 84' lang='lat' dir='ltr'><strong>vero</strong></span> <span class='ocrx_word' id='word_1_762' title='bbox 2845 4639 3017 4701; x_wconf 90' lang='lat' dir='ltr'><strong>bruta</strong></span> <span class='ocrx_word' id='word_1_763' title='bbox 3051 4657 3064 4701; x_wconf 93' lang='lat'>:</span> <span class='ocrx_word' id='word_1_764' title='bbox 3101 4650 3166 4699; x_wconf 89' lang='lat' dir='ltr'><strong>ut</strong></span> <span class='ocrx_word' id='word_1_765' title='bbox 3194 4650 3395 4700; x_wconf 88' lang='lat' dir='ltr'><strong>autem</strong></span> <span class='ocrx_word' id='word_1_766' title='bbox 3439 4654 3546 4697; x_wconf 91' lang='lat' dir='ltr'><strong>nos</strong></span> <span class='ocrx_word' id='word_1_767' title='bbox 3576 4636 3739 4697; x_wconf 89' lang='lat' dir='ltr'><strong>redi-</strong></span> 
     </span>
    </p>
   </div>
   <div class='ocr_carea' id='block_1_108' title="bbox 1583 4724 3739 4805">
    <p class='ocr_par' dir='ltr' id='par_1_108' title="bbox 1583 4724 3739 4805">
     <span class='ocr_line' id='line_1_108' title="bbox 1583 4724 3739 4805; baseline 0.002 -23"><span class='ocrx_word' id='word_1_768' title='bbox 1583 4724 1763 4803; x_wconf 80' lang='grc' dir='ltr'>ὥσπερ</span> <span class='ocrx_word' id='word_1_769' title='bbox 1819 4726 1920 4805; x_wconf 76' lang='grc' dir='ltr'>γὰρ</span> <span class='ocrx_word' id='word_1_770' title='bbox 1974 4727 2010 4794; x_wconf 70' lang='grc' dir='ltr'>ἡ</span> <span class='ocrx_word' id='word_1_771' title='bbox 2034 4736 2284 4790; x_wconf 87' lang='lat' dir='ltr'><strong>Dmeret</strong></span> <span class='ocrx_word' id='word_1_772' title='bbox 2323 4728 2671 4791; x_wconf 90' lang='lat' dir='ltr'><strong>abrutorum</strong></span> <span class='ocrx_word' id='word_1_773' title='bbox 2705 4748 2882 4791; x_wconf 87' lang='lat' dir='ltr'><strong>sensu</strong></span> <span class='ocrx_word' id='word_1_774' title='bbox 2917 4738 2974 4791; x_wconf 89' lang='lat' dir='ltr'><strong>et</strong></span> <span class='ocrx_word' id='word_1_775' title='bbox 3009 4726 3527 4797; x_wconf 87' lang='lat' dir='ltr'><strong>irrationibilitate,</strong></span> <span class='ocrx_word' id='word_1_776' title='bbox 3555 4743 3739 4805; x_wconf 83' lang='lat' dir='ltr'><strong>prop—</strong></span> 
     </span>
    </p>
   </div>
   <div class='ocr_carea' id='block_1_109' title="bbox 2102 4817 3345 4900">
    <p class='ocr_par' dir='ltr' id='par_1_109' title="bbox 2102 4817 3345 4900">
     <span class='ocr_line' id='line_1_109' title="bbox 2102 4817 3345 4900; baseline 0 -21"><span class='ocrx_word' id='word_1_777' title='bbox 2102 4826 2306 4898; x_wconf 83' lang='lat' dir='ltr'><strong>pterea</strong></span> <span class='ocrx_word' id='word_1_778' title='bbox 2333 4826 2391 4879; x_wconf 91' lang='lat' dir='ltr'><strong>et</strong></span> <span class='ocrx_word' id='word_1_779' title='bbox 2417 4817 2545 4900; x_wconf 87' lang='lat' dir='ltr'><strong>ipse</strong></span> <span class='ocrx_word' id='word_1_780' title='bbox 2576 4819 2673 4881; x_wconf 87' lang='lat' dir='ltr'><strong>tali</strong></span> <span class='ocrx_word' id='word_1_781' title='bbox 2705 4820 2832 4881; x_wconf 91' lang='lat' dir='ltr'><strong>loco</strong></span> <span class='ocrx_word' id='word_1_782' title='bbox 2867 4820 2974 4883; x_wconf 86' lang='lat' dir='ltr'><strong>fuit</strong></span> <span class='ocrx_word' id='word_1_783' title='bbox 3005 4819 3345 4883; x_wconf 90' lang='lat' dir='ltr'><strong>reclinatus.</strong></span> 
     </span>
    </p>
   </div>
   <div class='ocr_carea' id='block_1_110' title="bbox 2188 5174 3746 5257">
    <p class='ocr_par' dir='ltr' id='par_1_110' title="bbox 2188 5174 3746 5257">
     <span class='ocr_line' id='line_1_110' title="bbox 2188 5174 3746 5257; baseline 0.007 -25"><span class='ocrx_word' id='word_1_784' title='bbox 2188 5176 2365 5238; x_wconf 69' lang='lat' dir='ltr'><strong>Vens.</strong></span> <span class='ocrx_word' id='word_1_785' title='bbox 2403 5177 2578 5239; x_wconf 79' lang='grc'><strong>8-14.</strong></span> <span class='ocrx_word' id='word_1_786' title='bbox 2611 5174 2716 5236; x_wconf 71' lang='lat' dir='ltr'><strong>«Et</strong></span> <span class='ocrx_word' id='word_1_787' title='bbox 2740 5184 3003 5256; x_wconf 89' lang='lat' dir='ltr'><strong>pastores</strong></span> <span class='ocrx_word' id='word_1_788' title='bbox 3032 5186 3200 5239; x_wconf 89' lang='lat' dir='ltr'><strong>erant</strong></span> <span class='ocrx_word' id='word_1_789' title='bbox 3219 5177 3281 5239; x_wconf 88' lang='lat' dir='ltr'><strong>in</strong></span> <span class='ocrx_word' id='word_1_790' title='bbox 3312 5178 3517 5257; x_wconf 79' lang='lat' dir='ltr'><strong>regine</strong></span> <span class='ocrx_word' id='word_1_791' title='bbox 3538 5178 3746 5243; x_wconf 88' lang='lat' dir='ltr'><strong>eadem</strong></span> 
     </span>
    </p>
   </div>
   <div class='ocr_carea' id='block_1_111' title="bbox 2103 5264 3750 5349">
    <p class='ocr_par' dir='ltr' id='par_1_111' title="bbox 2103 5264 3750 5349">
     <span class='ocr_line' id='line_1_111' title="bbox 2103 5264 3750 5349; baseline 0.004 -23"><span class='ocrx_word' id='word_1_792' title='bbox 2103 5264 2481 5337; x_wconf 87' lang='lat' dir='ltr'><strong>rusticantes,</strong></span> <span class='ocrx_word' id='word_1_793' title='bbox 2516 5272 2573 5326; x_wconf 91' lang='lat' dir='ltr'><strong>et</strong></span> <span class='ocrx_word' id='word_1_794' title='bbox 2602 5264 2963 5328; x_wconf 83' lang='lat' dir='ltr'><strong>excubantes</strong></span> <span class='ocrx_word' id='word_1_795' title='bbox 3021 5266 3305 5329; x_wconf 79' lang='lat' dir='ltr'><strong>excubias</strong></span> <span class='ocrx_word' id='word_1_796' title='bbox 3360 5278 3534 5331; x_wconf 90' lang='lat' dir='ltr'><strong>nocte</strong></span> <span class='ocrx_word' id='word_1_797' title='bbox 3566 5288 3750 5349; x_wconf 80' lang='lat' dir='ltr'><strong>super</strong></span> 
     </span>
    </p>
   </div>
   <div class='ocr_carea' id='block_1_112' title="bbox 2102 5355 3745 5440">
    <p class='ocr_par' dir='ltr' id='par_1_112' title="bbox 2102 5355 3745 5440">
     <span class='ocr_line' id='line_1_112' title="bbox 2102 5355 3745 5440; baseline 0.004 -27"><span class='ocrx_word' id='word_1_798' title='bbox 2102 5371 2338 5433; x_wconf 81' lang='lat' dir='ltr'><strong>gregem</strong></span> <span class='ocrx_word' id='word_1_799' title='bbox 2364 5371 2534 5414; x_wconf 92' lang='lat' dir='ltr'><strong>suum</strong></span> <span class='ocrx_word' id='word_1_800' title='bbox 2571 5374 2585 5415; x_wconf 89' lang='lat'><strong>:</strong></span> <span class='ocrx_word' id='word_1_801' title='bbox 2620 5364 2677 5416; x_wconf 92' lang='lat' dir='ltr'><strong>et</strong></span> <span class='ocrx_word' id='word_1_802' title='bbox 2694 5373 2833 5417; x_wconf 87' lang='lat' dir='ltr'><strong>ecce</strong></span> <span class='ocrx_word' id='word_1_803' title='bbox 2863 5355 3106 5436; x_wconf 80' lang='lat' dir='ltr'><strong>angelus</strong></span> <span class='ocrx_word' id='word_1_804' title='bbox 3142 5356 3377 5420; x_wconf 91' lang='lat' dir='ltr'><strong>Domini</strong></span> <span class='ocrx_word' id='word_1_805' title='bbox 3406 5358 3745 5440; x_wconf 83' lang='lat' dir='ltr'><strong>astititillis,</strong></span> 
     </span>
    </p>
   </div>
   <div class='ocr_carea' id='block_1_113' title="bbox 2105 5442 3753 5523">
    <p class='ocr_par' dir='ltr' id='par_1_113' title="bbox 2105 5442 3753 5523">
     <span class='ocr_line' id='line_1_113' title="bbox 2105 5442 3753 5523; baseline 0.004 -18"><span class='ocrx_word' id='word_1_806' title='bbox 2105 5454 2163 5505; x_wconf 91' lang='lat' dir='ltr'><strong>et</strong></span> <span class='ocrx_word' id='word_1_807' title='bbox 2192 5442 2427 5505; x_wconf 87' lang='lat' dir='ltr'><strong>claritas</strong></span> <span class='ocrx_word' id='word_1_808' title='bbox 2455 5443 2700 5507; x_wconf 88' lang='lat' dir='ltr'><strong>Domini</strong></span> <span class='ocrx_word' id='word_1_809' title='bbox 2729 5444 3122 5510; x_wconf 83' lang='lat' dir='ltr'><strong>circumfulsit</strong></span> <span class='ocrx_word' id='word_1_810' title='bbox 3145 5447 3300 5523; x_wconf 90' lang='lat' dir='ltr'><strong>illos,</strong></span> <span class='ocrx_word' id='word_1_811' title='bbox 3336 5454 3395 5510; x_wconf 88' lang='lat' dir='ltr'><strong>et</strong></span> <span class='ocrx_word' id='word_1_812' title='bbox 3424 5448 3753 5513; x_wconf 83' lang='lat' dir='ltr'><strong>timuerunt</strong></span> 
     </span>
    </p>
   </div>
   <div class='ocr_carea' id='block_1_114' title="bbox 458 5606 2243 5692">
    <p class='ocr_par' dir='ltr' id='par_1_114' title="bbox 458 5606 2243 5692">
     <span class='ocr_line' id='line_1_114' title="bbox 458 5606 2243 5692; baseline -0.001 -18"><span class='ocrx_word' id='word_1_813' title='bbox 458 5608 515 5660; x_wconf 67' lang='grc'>⁸³</span> <span class='ocrx_word' id='word_1_814' title='bbox 548 5607 736 5675; x_wconf 75' lang='lat' dir='ltr'><strong>Iicb.</strong></span> <span class='ocrx_word' id='word_1_815' title='bbox 768 5625 830 5688; x_wconf 89' lang='lat' dir='ltr'><strong>v,</strong></span> <span class='ocrx_word' id='word_1_816' title='bbox 853 5607 916 5675; x_wconf 78' lang='lat'><strong>2.</strong></span> <span class='ocrx_word' id='word_1_817' title='bbox 999 5607 1060 5662; x_wconf 67' lang='lat'><strong>“</strong></span> <span class='ocrx_word' id='word_1_818' title='bbox 1085 5607 1277 5677; x_wconf 83' lang='lat' dir='ltr'><strong>Galat.</strong></span> <span class='ocrx_word' id='word_1_819' title='bbox 1304 5627 1362 5689; x_wconf 73' lang='grc' dir='ltr'><strong>ν,</strong></span> <span class='ocrx_word' id='word_1_820' title='bbox 1388 5609 1449 5674; x_wconf 80' lang='grc' dir='ltr'>ε.</span> <span class='ocrx_word' id='word_1_821' title='bbox 1533 5606 1598 5663; x_wconf 69' lang='grc'><strong>1⁵</strong></span> <span class='ocrx_word' id='word_1_822' title='bbox 1622 5608 1804 5675; x_wconf 84' lang='lat' dir='ltr'><strong>IGor.</strong></span> <span class='ocrx_word' id='word_1_823' title='bbox 1839 5624 1965 5692; x_wconf 82' lang='lat' dir='ltr'><strong>vttt,</strong></span> <span class='ocrx_word' id='word_1_824' title='bbox 1997 5612 2100 5677; x_wconf 69' lang='lat'><strong>23.</strong></span> <span class='ocrx_word' id='word_1_825' title='bbox 2229 5658 2243 5687; x_wconf 59' lang='grc' dir='ltr'>ς</span> 
     </span>
    </p>
   </div>
  </div>
