4162 6228
401 314 521 379 72s
920 294 923 297 “
1374 312 1974 378 THEOPHYLACTI
2014 312 2044 374 ξ

2139 311 2429 375 manus
2469 308 2831 375 ARCHIIP.
2865 274 2882 304 ⁷
2968 324 2971 327 π
3658 308 3782 374 724

401 447 621 511 tlmore
649 444 961 527 magno.Et
979 445 1127 509 dixit
1154 446 1275 510 illis
1305 447 1551 526 angelus
1582 466 1597 505 :
1628 444 1715 507 Ne
1744 443 2003 507 timeatis
2038 466 2044 508 ι

2144 448 2227 502 καὶ
2280 444 2617 527 ἐφοϐήθησαν
2675 442 2838 524 φόϐον
2880 442 3050 523 μέγαν
3084 458 3097 474 ‘
3172 446 3261 501 καὶ
3328 446 3483 501 εἶπεν
3528 445 3709 510 αὐτοῖς
3756 449 3787 502 ὃ

403 553 545 601 ecce
576 535 741 599 enim
774 536 1064 598 annuntio
1085 536 1253 598 vobis
1278 535 1561 615 gaudium
1584 534 1723 594 286
1752 551 2046 614 magnum,

2146 533 2368 613 ἄγγελος
2403 552 2417 567 ⁶
2467 535 2558 603 Μὴ
2600 532 2845 614 φοϐεῖσθε
2878 549 2894 565 ⁸
2940 533 3046 590 ἰδοὺ
3089 533 3194 613 γὰρ
3224 533 3624 613 εῦαγγελίζομαι
3652 536 3789 610 ὑμῖν

405 625 558 706 quod
592 624 856 687 futurum
888 631 980 686 est
1010 624 1115 687 toti
1138 626 1383 707 populo,
1412 624 1551 705 quia
1579 632 1750 686 natus
1785 633 1872 685 est
1895 622 2048 684 vobis

2144 624 2316 704 χαρὰν
2364 620 2627 704 μεγάλην,
2686 621 2804 691 ἥτις
2861 621 3007 679 ἕσται
3056 624 3213 679 παντὶ
3241 630 3319 696 τῷ
3346 622 3482 700 λαῷ,
3516 623 3602 680 ὅτι
3662 622 3787 680 ἐτέ-

402 714 583 777 hodie
608 712 911 788 Servator,
945 714 1048 795 qui
1078 722 1169 777 est
1192 713 1469 777 Christus
1490 713 1802 793 Dominus,
1836 714 1894 773 in
1917 710 2045 773 civi-

2142 716 2251 791 χθη
2295 715 2424 788 ὑμῖν
2475 714 2708 792 σήμερον
2752 712 2964 792 Σωτὴρ,
3013 712 3071 777 ὃς
3133 712 3243 769 ἐστι
3285 714 3509 783 Χριστὸς
3568 713 3785 792 Κύριος,

403 811 525 867 tate
549 802 756 866 David.
782 804 858 867 Et
886 804 998 867 hoc
1017 804 1184 866 vobis
1211 802 1444 883 signum
1475 821 1490 866 :
1514 801 1834 866 Invenietis
1858 801 2046 862 infan-

2145 800 2195 857 ἐν
2224 800 2377 859 πόλει
2412 799 2572 858 Δαϐίδ
2605 816 2620 832 ⁶
2658 802 2747 857 καὶ
2777 800 2932 859 τοῦτο
2960 802 3091 877 ὑμῖν
3132 803 3192 858 τὸ
3221 814 3451 877 σημεῖον
3472 817 3486 831 ⁹
3522 803 3788 880 Εὑρήσετε

403 901 521 956 tem
572 893 776 955 fasciis
822 893 1172 967 involutum,
1229 891 1486 972 positum
1536 892 1593 953 in
1645 890 1920 973 praesepi.
1986 893 2046 954 El

2143 888 2330 970 βρέφος
2386 889 2884 969 ἐσπαργανωμένον,
2962 890 3205 965 κείμενον
3290 890 3344 946 ἐν
3426 897 3495 967 τῇ
3563 891 3735 969 φάτνῃ
3766 907 3786 927 ⁸

403 980 601 1043 subito
632 982 784 1043 facta
814 989 905 1043 est
936 1000 1071 1044 cum
1103 981 1315 1061 angelo
1341 979 1659 1042 multitudo
1684 979 1910 1041 militiae
1929 996 2046 1041 cm-

2145 980 2225 1036 ιιαὶ
2275 978 2519 1060 ἐξαίφνης
2564 979 2774 1059 ἐγένετο
2832 981 2923 1036 σὺν
2980 987 3057 1053 τῷ
3114 979 3328 1059 ἀγγέλῳ
3381 977 3583 1048 πλῆθος
3614 1002 3788 1060 στρα-

408 1069 579 1133 lestis
601 1069 967 1133 laudantium
1005 1070 1224 1141 Deum,
1255 1089 1322 1132 ac
1351 1069 1674 1132 dicentium
1706 1090 1720 1129 :
1754 1068 1958 1132 Gloria
1996 1068 2051 1129 in

2136 1073 2252 1132 τιᾶς
2310 1070 2572 1146 οὐρανίου,
2660 1067 2941 1125 αἰνούντων
2998 1068 3089 1125 τὸν
3161 1070 3290 1125 Θεὸν
3342 1070 3427 1125 καὶ
3468 1068 3779 1147 λεγόντων-⁸

406 1158 712 1220 altissimis
734 1159 883 1236 Deo,
916 1167 971 1221 et
1001 1161 1062 1220 in
1099 1167 1256 1221 terra
1286 1178 1419 1239 pax,
1454 1159 1513 1219 in
1536 1157 1875 1220 hominibus
1905 1156 2049 1219 bena

2147 1156 2279 1223 Δόξα
2327 1155 2380 1213 ἐν
2437 1157 2675 1232 ὑψίστοις
2720 1163 2835 1232 Θεῷ
2868 1175 2883 1191 ο
2944 1157 3032 1213 καὶ
3088 1155 3175 1214 ἐπὶ
3218 1159 3319 1237 γῆς
3351 1158 3556 1235 εἰρήνη,
3589 1161 3646 1214 ἓν
3688 1158 3790 1213 ἆν-

406 1248 698 1310 voluntas.
720 1271 748 1309 ›
787 1252 1063 1313 Pastores
1094 1255 1267 1311 erant
1296 1247 1672 1321 rusticantes,
1709 1248 1821 1308 hoc
1855 1254 1943 1308 est
1966 1244 2049 1307 vel

2145 1245 2374 1325 θρώποις
2445 1244 2673 1308 εὒδοκία.
2729 1269 2758 1302 ι
2846 1244 3100 1322 Ποιμένες
3174 1248 3311 1315 ἦσαν
3380 1246 3783 1327 ἀγραυλοῦντες,

408 1337 690 1400 rusticam
727 1346 972 1418 agentes
1000 1338 1201 1414 vitam,
1235 1337 1321 1399 vel
1348 1336 1407 1397 in
1436 1355 1579 1415 agro
1612 1336 1977 1398 stabulantes
2000 1342 2051 1397 el

2149 1335 2436 1410 τουτέστιν,
2496 1335 2777 1415 ἆγροτικὸν
2867 1334 3166 1406 αὐλοῦντες,
3236 1336 3273 1404 ἢ
3328 1335 3381 1393 ἐν
3472 1344 3549 1413 τῷ
3639 1337 3792 1415 ἀγρῷ

407 1435 716 1489 versantes
751 1445 764 1491 :
806 1426 1027 1508 quibus
1072 1436 1320 1508 apparet
1347 1425 1616 1504 angelus,
1651 1432 1892 1505 propter
1921 1423 2050 1485 sim-

2146 1423 2475 1501 αὐλιζόμενοι
2526 1425 2613 1481 καὶ
2680 1422 2947 1501 διάγοντες
2978 1439 2993 1453 ⁸
3067 1423 3392 1504 ἐπιφαίνεται
3457 1422 3511 1481 δὲ
3580 1426 3789 1488 τούτοις

408 1512 725 1595 plicitatem
745 1524 806 1579 et
827 1516 1229 1578 innocentiam
1256 1533 1487 1576 morum
1516 1514 1745 1595 etquod
1759 1514 2051 1593 justorum

2145 1516 2172 1570 ὁ
2208 1512 2454 1594 ἄγγελος,
2521 1510 2605 1571 διὰ
2647 1514 2707 1569 τὸ
2753 1510 3022 1572 ἄπλαστον
3079 1520 3171 1569 τοῦ
3227 1512 3381 1581 ἤθους
3427 1516 3514 1571 καὶ
3563 1512 3786 1575 ἄκακον,

405 1602 583 1665 vitam
613 1604 833 1666 imitari
857 1605 1197 1667 videantur.
1228 1602 1465 1664 Etenim
1499 1600 1679 1684 prisci
1707 1601 2048 1682 patriarchae

2145 1601 2291 1662 Ἐπεὶ
2344 1603 2430 1660 καὶ
2480 1602 2577 1671 τὴν
2631 1604 2738 1658 τῶν
2780 1599 2993 1658 δικαίων
3042 1599 3312 1658 πολιτείαν
3369 1604 3640 1682 φαίνονται
3689 1627 3788 1684 μι-

410 1699 673 1772 pastores
695 1702 883 1775 erant,
919 1703 983 1755 ut
1016 1693 1199 1756 Jacob
1227 1693 1311 1773 *6,
1347 1680 1558 1774 Moses,
1616 1680 1820 1756 David.
1853 1690 2053 1773 Neque

2143 1693 2394 1769 μούμενοι
2421 1708 2440 1727 ⁶
2499 1692 2584 1749 καὶ
2624 1692 2724 1771 γὰρ
2776 1692 2824 1746 οἱ
2883 1688 3125 1768 παλαιοὶ,
3185 1680 3456 1767 ποιμένες,
3503 1695 3550 1750 οἱ
3591 1680 3786 1773 πατρι-

408 1753 469 1843 in
498 1753 1145 1864 tensa'na“;,.;mair
1176 1753 1492 1846 malas.
1521 1753 1643 1843 {ef
1662 1753 1910 1860 Scribis,
1955 1753 2051 1860 ἱιιιῑ

2147 1753 2328 1863 άρχὶαι,
2361 1779 2575 1861 Ἰακὼϐ,
2609 1753 2829 1855 δίυύσῆς,
2881 1778 3064 1842 Δαϐίδ.
3105 1753 3198 1839 ’οὖ
3228 1753 3327 1859 γάρ
3357 1753 3790 1863 έν-ίιερουσαλίὴμ

411 1870 607 1933 omnis
638 1872 878 1935 malitia:
930 1871 1313 1954 receptacula
1346 1878 1536 1933 erant.
1572 1870 1663 1931 Illi
1692 1879 1887 1932 autem
1924 1888 2054 1932 cum

2144 1873 2378 1953 ἐπεφάνη
2434 1870 2741 1950 Φαρισαίοις
2823 1870 2860 1939 ἢ
2938 1876 3313 1949 Γραμματεῦσι
3351 1887 3365 1901 ⁸
3450 1875 3627 1940 πάσης
3688 1874 3787 1951 γὰρ

409 1960 713 2041 simplices
747 1969 968 2037 essent,
1002 1961 1219 2023 divinis
1250 1959 1607 2041 spectaculis
1655 1958 1821 2039 potiti
1875 1966 2009 2019 sunt
2040 1978 2052 2019 :

2141 1962 2400 2041 πονηρίας
2458 1958 2655 2040 δοχετα
2723 1962 2923 2016 ἐκεῖνοι
2959 1974 2973 1989 ⁸
3033 1957 3176 2016 οὗτοι
3259 1957 3314 2016 δὲ
3380 1959 3558 2019 ἄδολοι
3613 1960 3783 2041 ὄντες,

412 2058 778 2112 monstrante
810 2049 951 2125 Deo,
983 2051 1141 2131 quod
1176 2049 1370 2111 statim
1402 2049 1475 2110 ab
1524 2048 1689 2110 initio
1724 2066 1826 2110 eos
1856 2066 2055 2127 agres-

2141 2050 2292 2107 Θείων
2346 2049 2627 2126 θεαμάτων
2698 2046 2999 2114 ὖξιώθησαν
3035 2063 3048 2078 ⁹
3112 2046 3412 2116 δεικνύντος
3482 2057 3574 2107 τοῦ
3633 2058 3784 2131 Θεοῦ,

412 2137 593 2200 tiores
652 2158 773 2218 prae
819 2140 951 2201 aliis
1010 2140 1280 2219 elegerit,
1348 2155 1770 2218 praeconesque
1831 2136 2055 2199 fecerit.

2144 2138 2224 2195 ὅτι
2280 2139 2402 2203 τοὺς
2458 2136 2859 2218 ἀγροικοτέρους
2903 2142 3013 2192 τῶν
3072 2134 3272 2213 ἄλλων,
3328 2138 3473 2203 εὐθὺς
3524 2138 3786 2219 ἒξ.ἆρχῆς

410 2224 702 2288 Abierunt
730 2232 914 2303 enim,
948 2238 1006 2289 et
1052 2229 1127 2291 de
1157 2225 1439 2289 omnibus
1490 2226 1606 2287 illis
1638 2224 2053 2307 praedicarunt.

2144 2226 2411 2295 ἐξελέξατο
2471 2228 2561 2284 καὶ
2643 2227 2875 2306 κήρυκας
2934 2224 3182 2293 ἐποίησεν
3209 2244 3225 2260 ⁸
3298 2226 3613 2294 ἀπελθόντες
3688 2230 3787 2306 γὰρ

411 2313 673 2392 Angelus
736 2332 874 2377 vero
907 2334 1184 2395 magnum
1245 2314 1363 2375 illis
1413 2313 1693 2393 gaudium
1759 2313 2054 2391 evangeli-

2142 2316 2399 2397 ἐκήρυξαν
2451 2319 2570 2396 περὶ
2626 2316 2838 2373 πάντων
2893 2317 3092 2374 τούτων
3121 2334 3136 2351 °
3198 2314 3579 2395 εὔηγγελίσατο
3647 2315 3702 2373 δὲ
3757 2321 3784 2375 ὁ

412 2401 590 2478 zavit,
624 2402 780 2483 quod
812 2405 947 2484 erit,
980 2402 1193 2483 inquit,
1227 2401 1391 2463 omni
1416 2401 1657 2482 populo,
1695 2402 1793 2482 qui
1823 2403 2055 2482 proprie

2144 2405 2371 2485 ἅγγελος
2403 2407 2578 2487 χαρὰν
2636 2403 2902 2483 μεγάλην,
2963 2403 3080 2472 ἥτις
3129 2404 3298 2479 ἔσται,
3331 2407 3481 2484 φησὶ,
3514 2408 3670 2464 παντὶ
3710 2412 3786 2480 τῷ

416 2490 670 2573 populus
702 2491 970 2556 Dei.Non
1001 2492 1159 2554 enim
1188 2510 1398 2553 omnes
1425 2490 1612 2552 Judaei
1646 2490 1896 2570 populus
1926 2488 2057 2553 Dei.

2142 2493 2281 2571 λαῷ,
2340 2498 2418 2570 τῷ
2465 2495 2652 2574 κυρίως
2709 2494 2824 2569 λαῷ
2865 2502 2955 2552 τοῦ
2998 2502 3130 2551 Θεοῦ
3164 2508 3179 2524 ⁸
3243 2494 3303 2550 οὗ
3351 2495 3544 2561 πάντες
3597 2497 3696 2575 γὰρ
3737 2498 3785 2553 οἱ

412 2581 558 2642 Nam
591 2586 651 2642 et
676 2575 946 2643 omnium
978 2581 1282 2642 hominum
1338 2581 1555 2661 popqu
1606 2579 1931 2640 incarnatio
1953 2578 2055 2641 Dei

2144 2582 2419 2665 Ἰουδαῖοι,
2477 2582 2605 2649 λαὸς
2659 2591 2751 2642 τοῦ
2808 2590 2961 2644 Θεοῦ.
3029 2581 3196 2641 Ἀλλὰ
3236 2583 3324 2641 καὶ
3365 2586 3523 2642 παντὶ
3562 2593 3639 2661 τῷ
3678 2591 3782 2643 τῶν

411 2668 565 2733 facta
588 2680 679 2733 est
708 2669 1011 2748 gaudium.
1039 2668 1190 2743 Quid
1220 2678 1415 2731 autem
1444 2671 1692 2750 hymnus
1715 2668 2054 2747 angelorum

2144 2672 2429 2753 ἀνθρώπων
2473 2671 2589 2747 λαῴ
2645 2674 2789 2753 χαρὰ
2840 2671 3049 2752 ἐγένετο
3100 2674 3135 2741 ἡ
3179 2676 3441 2753 σαρκωσις
3482 2680 3576 2730 τοῦ
3627 2681 3781 2735 Θεοῦ.

412 2757 706 2822 declarat?
728 2758 836 2822 Vel
868 2758 1110 2821 omnino
1138 2758 1458 2839 gratiarum
1502 2760 1795 2820 actionem
1843 2776 2055 2839 super-

2144 2765 2204 2821 Τί
2232 2752 2287 2819 δὲ
2317 2761 2478 2829 δηλοῖ
2506 2763 2535 2818 ὁ
2565 2752 2726 2838 ὕμνος
2756 2767 2862 2818 τῶν
2893 2761 3135 2840 ἀγγέλων
3168 2784 3187 2837 ;
3224 2752 3284 2819 Ἠ
3319 2762 3529 2827 πάντως
3560 2763 3784 2842 εὔχαρι-

412 2866 623 2910 norum
657 2848 1048 2921 exercituum,
1084 2855 1143 2909 et
1172 2847 1479 2926 gaudium,
1510 2865 1579 2908 eo
1633 2846 1790 2927 quod
1837 2847 2055 2909 terreni

2144 2852 2291 2908 στίαν
2320 2857 2424 2909 τῶν
2483 2850 2593 2907 ἅνω
2646 2851 2938 2930 τειγμοίτων¹
2979 2852 3064 2907 καὶ
3122 2852 3320 2931 χαρὰν,
3380 2848 3516 2908 διότι
3560 2851 3785 2931 εὐηργε-

414 2936 711 2999 beneﬁcia
752 2946 911 3000 tanta
966 2954 1432 3017 consequamur.
1465 2934 1668 2999 Gloria
1700 2936 1858 2997 enim
1910 2935 2057 3012 Deo,

2143 2943 2380 3017 τήθημεν
2439 2943 2484 2998 οἱ
2540 2939 2626 2997 ἐπὶ
2694 2941 2790 3008 τῆς
2834 2943 2959 3019 γῆς.
3017 2939 3157 3006 Δόξα
3191 2941 3290 3020 γὰρ
3318 2947 3396 3015 τῷ
3425 2947 3565 3022 Θεῷ,
3610 2944 3786 3022 φασὶν,

414 3025 656 3090 dicunt:
691 3045 872 3108 super
900 3034 1116 3088 terram
1146 3033 1341 3088 autem
1375 3042 1485 3114 pax
1529 3041 1687 3087 nunc
1740 3024 1891 3085 facta
1924 3031 2053 3101 est;

2144 3028 2227 3086 ἐπὶ
2271 3035 2373 3109 γῆς
2416 3031 2516 3110 γὰρ
2558 3031 2740 3109 εἰρήνη
2800 3040 2885 3088 νῦν
2944 3029 3129 3109 γέγονε
3165 3047 3181 3064 ⁹
3226 3030 3412 3107 πρώην
3457 3031 3555 3106 μὲν
3615 3032 3714 3110 γὰρ
3752 3033 3787 3101 ἡ

413 3122 473 3177 et
501 3134 634 3183 cum
670 3114 833 3196 prius
862 3115 1121 3177 humana
1148 3122 1358 3176 natura
1406 3112 1649 3175 inimica
1696 3114 1869 3176 fuerit
1903 3114 2049 3190 Deo,

2143 3118 2441 3199 ἀνθρωπίνη
2500 3120 2649 3200 φύσις
2726 3118 2920 3199 ἔχθραν
3001 3118 3129 3198 εἶχε
3215 3120 3347 3198 πρὸς
3421 3120 3548 3177 Θεόν
3585 3135 3601 3150 ·
3682 3114 3786 3176 νυνὶ

417 3223 574 3266 nunc
603 3204 686 3265 ita
715 3203 1026 3266 conciliata
1054 3212 1165 3279 est,
1198 3211 1262 3266 ut
1285 3210 1343 3265 et
1370 3201 1497 3265 Deo
1545 3203 1823 3283 adjuncta
1869 3204 1967 3277 sit,
2001 3212 2060 3267 et

2143 3205 2195 3262 δὲ
2281 3211 2531 3266 τοσοῦτον
2621 3206 2961 3288 κατηλλάγη,
3047 3207 3186 3265 ὥστε
3269 3210 3357 3264 καὶ
3441 3206 3786 3287 προσεπλάκη

412 3293 719 3355 incarnato
750 3292 940 3356 unita.
972 3291 1156 3354 Vides
1180 3292 1357 3371 igitur
1394 3310 1596 3372 paceni
1629 3291 1734 3353 Dei
1767 3312 1901 3354 cum
1942 3292 2055 3355 ho-

2143 3303 2217 3369 τῷ
2301 3305 2439 3372 Θεῷ,
2527 3299 2613 3353 καὶ
2716 3296 2897 3364 ἡνώθη
2980 3296 3122 3371 αὐτῷ
3203 3297 3544 3373 καρκωθέντι.
3634 3289 3786 3377 Ὀρᾷς

414 3380 608 3444 mine?
635 3379 707 3442 Et
754 3381 927 3444 aliter
954 3400 1193 3463 quoque
1223 3380 1609 3457 intelligitur:
1639 3401 1747 3461 pax
1788 3390 1877 3443 est
1930 3381 2057 3462 ipse

2144 3389 2231 3443 οὖν
2303 3387 2517 3465 εἰρήνην
2581 3395 2676 3444 τοῦ
2728 3388 2860 3442 Θεοῦ
2927 3387 3057 3464 πρὸς
3122 3385 3212 3442 τὸν
3287 3382 3601 3465 ἄνθρωπον,
3685 3387 3787 3447 Καὶ

418 3470 602 3534 Filius
622 3469 752 3534 Dei.
785 3469 907 3551 Ego
934 3470 1119 3546 enim,
1152 3469 1368 3552 inquit,
1388 3473 1533 3535 Pax.
1566 3468 1682 3533 Ista
1711 3471 1891 3550 igitur
1922 3490 2056 3552 pax,

2143 3474 2315 3540 ἄλλως
2379 3474 2434 3531 δὲ
2489 3478 2805 3545 νοηθήσεται
2847 3490 2861 3505 ⁶
2939 3476 3137 3555 Εἰρήνη
3198 3475 3345 3532 ἐστὶν
3390 3475 3546 3540 αὐτὸς
3596 3478 3625 3533 ὁ
3669 3479 3786 3542 Υἱὸς

413 3558 596 3622 Filius
626 3559 760 3634 Dei,
794 3559 1061 3641 inquam,
1085 3578 1266 3641 super
1297 3573 1515 3621 terram
1563 3561 1715 3622 facta
1763 3569 1874 3624 est.
1902 3561 2056 3623 Etin

2145 3573 2230 3631 106
2288 3573 2421 3625 Θεοῦ
2451 3580 2465 3595 ⁸
2517 3565 2662 3644 Ἐγὼ
2712 3566 2837 3645 γὰρ,
2892 3567 3075 3645 φησὶν,
3143 3566 3178 3633 ἡ
3243 3566 3425 3644 εἰρήνη
3463 3581 3476 3595 ·
3524 3566 3655 3633 αὕτη
3701 3570 3788 3624 οῦν

414 3646 760 3710 hominibus
811 3647 968 3710 bona
1010 3648 1286 3711 voluntas
1316 3649 1421 3712 ηε
1476 3650 1588 3711 hoc
1635 3658 1747 3729 est,
1792 3648 1897 3711 Dei
1955 3667 2057 3713 re-

2146 3656 2174 3724 ἡ
2235 3655 2442 3734 εἰρήνη,
2499 3655 2527 3711 ὃ
2585 3656 2705 3719 Υἱὸς
2763 3662 2853 3711 τοῦ
2918 3654 3069 3728 Θεοῦ,
3138 3652 3223 3710 ἐπὶ
3282 3659 3385 3732 γῆς
3444 3654 3655 3733 γέγονε,
3701 3649 3789 3712 καὶ

413 3739 606 3823 quies.
637 3741 947 3823 Requievit
972 3740 1130 3802 enim
1161 3740 1284 3803 sive
1313 3741 1672 3804 rel‘ocillatus
1701 3751 1791 3803 est
1812 3760 1972 3804 nunc
2003 3749 2056 3804 et

2143 3742 2194 3800 ἐν
2238 3755 2368 3809 ,τοῖς
2441 3743 2735 3822 ἀνθρώποις
2814 3740 3042 3816 εὐδοκία,
3100 3741 3375 3800 τουτέστιν
3430 3742 3786 3809 ἐπανάπαυσις

413 3828 570 3893 bene
607 3829 841 3893 habitus
895 3831 958 3892 in
1003 3829 1386 3892 hominibus:
1418 3850 1556 3891 nam
1612 3829 1775 3911 prius
1819 3830 2056 3910 quidem

2144 3837 2236 3887 106
2296 3837 2451 3909 Θεοῦ,
2497 3830 2832 3898 ἐπανεπαύθη
2888 3832 2988 3910 γὰρ
3044 3832 3073 3887 ὁ
3147 3831 3277 3893 Θεὸς
3341 3837 3426 3887 νῦν
3467 3832 3555 3887 καὶ
3596 3830 3786 3910 εὖηρε-

410 3938 533 3985 non
562 3919 675 3983 sibi
705 3920 1203 4003 complacuit,nec
1231 3920 1452 3983 bonum
1476 3921 1746 3983 allectum
1774 3921 1980 3983 habuit
2002 3921 2053 3983 in

2148 3921 2317 3990 στήθη
2351 3919 2404 3977 ἐν
2448 3934 2565 3985 τοῖς
2598 3920 2911 3996 ἀνθρώποις,
2956 3921 3013 3983 ὃς
3042 3920 3230 3999 πρώην
3286 3941 3370 4000 γε,
3431 3920 3524 3977 οὐκ
3552 3918 3784 4001 ηὐδόκει,

410 4009 776 4073 hominibus.

2146 4007 2261 4067 οὐδὲ
2290 4008 2543 4088 ἠρέσκετο
2571 4008 2626 4067 ἐν
2654 4023 2773 4074 τοῖς
2805 4010 3123 4086 ἀνθρώποις.

490 4097 675 4162 Vsus.
718 4100 927 4163 15-20.
975 4124 995 4153 ι
1034 4098 1107 4162 Et
1135 4099 1351 4163 factum
1386 4109 1501 4175 est,
1535 4106 1599 4162 ut
1658 4099 2064 4164 discrsserunt

2231 4123 2257 4154 ιι
2296 4100 2392 4158 Καὶ
2455 4097 2665 4177 ἐγένετο
2721 4101 2792 4164 ὡς
2848 4098 3087 4167 ἀπῆλθον
3130 4098 3225 4156 ἀπ’
3268 4104 3439 4159 αὐτῶν
3495 4101 3542 4155 οἱ
3574 4098 3787 4177 ἄγγελοι

408 4186 483 4251 ab
511 4188 597 4250 eis
610 4189 805 4268 angeli
824 4188 885 4249 in
907 4187 1430 4263 caalum,homines
1451 4197 1718 4270 pastores
1741 4188 2051 4269 loqueban-

2145 4190 2215 4253 είς
2246 4190 2339 4246 τὸν
2380 4190 2620 4268 οὖρανὸν,
2678 4190 2765 4245 καὶ
2819 4191 2865 4247 οἱ
2922 4187 3186 4268 ἄνθρωποι
3242 4193 3288 4246 οἱ
3347 4188 3597 4264 ποιμένες
3633 4189 3788 4244 εἶπον

410 4284 517 4341 tur
534 4276 693 4339 inter
712 4296 881 4339 sese:
912 4277 1311 4340 Transeamus
1331 4280 1455 4358 jam
1488 4278 1800 4341 Bethleem
1847 4297 2053 4360 usque,

2142 4280 2274 4358 πρὸς
2303 4276 2591 4349 ἀλλήλους.
2628 4276 2927 4355 Διέλθωμεν
2956 4276 3021 4345 δὴ
3050 4276 3151 4341 ἕως
3184 4277 3449 4358 Βηθλεὲμ,
3510 4280 3598 4335 καὶ
3652 4274 3785 4333 ἴδω-

408 4375 468 4430 et
494 4366 799 4429 videamus
829 4366 943 4428 hoc
977 4365 1135 4447 qupd
1165 4365 1570 4447 accidit,quod
1594 4367 1881 4431 Dominus
1910 4386 2051 4449 ape-

2143 4389 2238 4443 μεν
2295 4369 2357 4424 τὸ
2398 4368 2547 4445 ῥῆμα
2587 4368 2743 4425 τοῦτο
2783 4369 2846 4425 τὸ
2896 4366 3139 4447 γεγονὸς,
3172 4370 3200 4425 ὃ
3230 4371 3257 4425 ὁ
3290 4369 3477 4446 Κύριος
3507 4367 3786 4446 ἐγνώρισεν

406 4457 527 4520 ruit
552 4454 749 4520 nobis.
792 4455 863 4518 Et
893 4463 1184 4517 venerunt
1212 4455 1584 4537 festinantes,
1613 4465 1670 4519 et
1703 4455 2049 4520 invenerunt

2144 4458 2278 4532 ἡμῖν
2313 4474 2325 4488 ’
2386 4459 2476 4514 καὶ
2532 4454 2694 4525 ἦλθον
2736 4456 3055 4522 σπεύσαντες
3090 4473 3103 4486 ·
3165 4458 3252 4512 καὶ
3309 4456 3523 4535 ἀνεῦρον
3577 4457 3676 4524 τήν
3730 4475 3787 4511 τε

404 4544 651 4611 Mariam
677 4554 737 4610 et
763 4545 1074 4625 .loseph,et
1094 4544 1381 4607 infantem
1407 4545 1662 4627 positum
1695 4546 1754 4608 in
1785 4545 2047 4627 praesepi.

2145 4545 2362 4625 Μαριὰμ
2418 4547 2507 4603 καὶ
2556 4546 2649 4603 τὸν
2706 4544 2930 4624 Ἰωσὴφ,
3014 4547 3102 4602 καὶ
3183 4547 3245 4601 τὸ
3302 4545 3493 4624 βρέφος
3548 4546 3788 4620 κείμενον

403 4636 552 4698 Cum
577 4634 864 4697 vidissent
882 4642 1101 4708 autem,
1132 4632 1581 4713 divulgaverunt
1603 4633 1677 4696 de
1701 4634 1879 4696 verbo
1903 4635 2046 4716 quod

2143 4634 2196 4692 ἐν
2251 4640 2321 4713 τῇ
2364 4636 2537 4716 φάτνῃ
2571 4651 2585 4665 '
2633 4633 2828 4700 ἰδόντες
2876 4632 2932 4691 δὲ
2987 4630 3326 4713 διεγνώρισαν
3384 4636 3501 4712 περὶ
3539 4639 3632 4689 τοῦ
3684 4632 3785 4710 ῥή-

404 4725 628 4789 dictum
664 4735 792 4789 erat
811 4723 957 4807 ipsis
986 4724 1061 4786 de
1095 4742 1280 4805 puero
1313 4725 1427 4786 hoc
1457 4742 1471 4788 :
1506 4733 1563 4786 et
1584 4744 1793 4788 omnes
1824 4726 1921 4808 qui
1945 4743 2047 4788 au-

2144 4746 2311 4801 ματος
2364 4734 2457 4784 τοῦ
2497 4721 2819 4791 λαληθέντος
2874 4725 3056 4789 αὐτοῖς
3099 4726 3217 4804 περὶ
3258 4731 3351 4780 τοῦ
3402 4721 3606 4779 παιδίου
3659 4722 3787 4778 τού-

404 4813 670 4897 dierunt,
703 4813 900 4876 mirati
932 4821 1073 4876 sunt
1102 4812 1177 4874 de
1203 4811 1295 4874 his
1325 4831 1457 4894 quae
1484 4811 1641 4874 dicta
1676 4817 1847 4877 erant
1866 4832 1899 4875 a
1923 4831 2047 4895 pas-

2143 4836 2232 4873 του
2268 4832 2283 4848 ⁶
2318 4814 2411 4873 καὶ
2454 4814 2649 4876 πάντες
2696 4815 2743 4871 οἱ
2798 4813 3139 4892 ἀκούσαντες,
3190 4813 3489 4888 ἐθαύμασαν
3538 4812 3653 4889 περὶ
3682 4818 3786 4867 τῶν

406 4904 642 4967 toribus
670 4905 744 4967 ad
785 4903 968 4986 ipsos.
1004 4927 1026 4959 ο
1053 4900 1327 4964 Pastores
1352 4901 1435 4963 illi
1464 4902 1648 4982 ﬁgura
1691 4910 1825 4964 sunt
1872 4901 2049 4983 spiri-

2145 4900 2475 4970 λαληθέντων
2505 4903 2606 4959 ὑπὸ
2648 4902 2755 4959 τῶν
2783 4901 3052 4978 ποιμένωι
3096 4904 3225 4983 πρὸς
3257 4901 3465 4964 αὐτούς.
3504 4924 3531 4955 ι
3572 4901 3631 4959 Οἱ
3663 4923 3788 4985 ποιῇ

402 4992 706 5056 ritualium
758 5001 1058 5075 pastorum
1116 4998 1177 5053 et
1228 4990 1573 5072 praesulum.
1607 4991 1853 5071 Oportet
1882 4990 2045 5071 igitut

2144 4990 2297 5068 μένες
2355 4992 2499 5048 οὗτοι
2556 4987 2819 5067 σύμϐολόν
2900 4992 3000 5048 εἱσι
3049 4997 3154 5049 τῶν
3226 4996 3596 5067 πνευματικῶν
3662 5011 3787 5045 ποι-

401 5081 717 5164 episcopos
759 5072 1057 5144 custodire
1116 5096 1356 5159 gregem
1409 5098 1607 5155 suum,
1671 5088 1728 5142 et
1766 5080 2044 5161 ἆγραυλεῖι

2145 5081 2339 5158 μένων,
2396 5087 2503 5139 τῶν
2552 5081 2845 5162 ἁρχιερέων
2882 5100 2895 5115 °
2943 5078 3027 5137 δεῖ
3081 5081 3168 5140 εὖν
3213 5082 3335 5146 τοὺς
3381 5081 3653 5160 ἀρχιερεῖς
3685 5072 3788 5159 φυέ

399 5172 461 5233 in
509 5189 651 5251 agro
698 5188 941 5251 canere,
986 5169 1101 5230 hoc
1147 5177 1258 5250 est,
1306 5185 1523 5230 canere
1563 5167 1938 5248 sipiritualia,
1999 5178 2042 5233 el

2138 5169 2351 5228 λάσσειν
2394 5172 2494 5238 τὴν
2533 5176 2763 5247 ποίμνην
2792 5173 2960 5229 αὐτῶν
3005 5173 3094 5228 καὶ
3152 5169 3459 5251 ὰγραυλεϊν,
3498 5169 3781 5247 τουτέστιν,

403 5259 624 5324 docere
654 5259 962 5342 populum,
1001 5265 1060 5319 et
1088 5257 1174 5319 sic
1207 5256 1369 5337 digni
1419 5258 1557 5319 fient
1602 5262 1689 5336 (α)
1731 5256 2046 5321 visionibus

2141 5258 2278 5335 ᾅδειν
2330 5260 2660 5336 πνευματικά
2745 5282 2886 5336 τινα,
2983 5262 3074 5318 καὶ
3154 5257 3414 5319 διδάσκειν
3483 5259 3571 5316 τὸν
3632 5257 3784 5333 λαὸν,

476 5420 543 5473 08
567 5420 722 5488 Gen.
756 5436 938 5495 XLVII,
961 5420 1021 5483 3.
1107 5417 1171 5467 '7
1202 5417 1346 5480 Luc.
1381 5434 1446 5494 ιι,
1482 5419 1581 5482 14.

468 5555 561 5636 (a)
600 5554 763 5619 Edit.
794 5554 926 5618 Lut.
963 5544 1083 5615 non
1113 5550 1394 5632 exprimit
1422 5550 1685 5615 Graecam
1717 5569 1953 5639 vocem,
1984 5555 2111 5624 ἀειω

750 5603 763 5618 .
794 5554 926 5618 Lut.
963 5544 1083 5615 non
1113 5550 1394 5632 exprimit
1422 5550 1685 5615 Graecam
1717 5569 1953 5639 vocem,
1984 5555 2385 5633 ἀξιωθήσονται.
