4162 6228
372 322 485 395 725
1099 326 1547 393 ENARBATIO
1591 326 1673 389 IN
1721 320 2000 387 EVANGJ

2091 319 2232 384 IUM
2278 322 2518 388 LUC/ﬂ.
2566 361 2643 371 —
2683 323 2851 390 CAP.
2900 329 2979 391 ΙΙ.
3330 386 3333 389 ,
3624 325 3746 391 726

364 467 452 524 καὶ
544 465 711 531 οὕτως
821 468 1198 538 ἁξιωθήσονται
1310 467 1460 522 θείων
1566 462 1843 539 θεαμάτων
1924 453 2000 512 καῖ

2095 452 2336 533 divinis,
2369 465 2425 519 et
2456 457 2885 521 auditionibus.
2920 458 3226 521 Bethleem
3280 460 3745 539 interpretamur

361 556 731 633 ἀκουσμάτων.
807 555 1049 633 Βηθλεὲμ
1110 554 1165 611 δὲ
1248 554 1589 634 ἑρμηνεύεται
1672 552 1827 615 οἶκος
1911 550 2000 605 106

2091 542 2312 607 donum
2370 548 2565 627 panis.
2599 547 2741 621 Quae
2788 555 2985 611 autem
3037 549 3153 610 alia
3183 556 3273 611 est
3302 550 3514 611 domus
3548 551 3743 637 panis,

354 644 509 722 ἄρτου
542 662 559 680 ⁸
620 646 699 709 τίς
757 644 811 703 δὲ
870 644 1030 709 ἄλλος
1082 644 1219 702 ὶστὶν
1270 647 1298 701 ὁ
1380 644 1536 708 οἶκος
1588 650 1682 701 τοῦ
1736 641 1916 722 ἄρτου,
1965 639 2000 706 ἢ

352 735 387 801 ἡ
438 730 757 809 Ἐκκλησία,
813 734 869 792 ἐν
930 736 965 804 ἦ
1023 736 1050 791 ὃ
1106 732 1261 814 ἄρτος
1304 733 1585 790 ἀπόκειται
1622 753 1638 803 ;
1671 731 1885 810 ⁹¹Εγρον
1913 728 2000 786 οὖν

353 821 464 879 ἐστι
494 836 610 889 τοῖς
637 823 881 903 λογιγοῖς
910 823 1156 899 ποιμέσιν
1186 823 1461 894 ἐπιζητεῖν
1513 820 1751 901 οὐράνιον
1790 819 1945 898 ἄρτον
1981 834 1994 847 “

350 912 442 968 καὶ
498 910 616 976 μεθ’
695 914 725 969 ὃ
783 911 937 969 ἴδωσι
1010 914 1103 969 τὸν
1168 911 1348 991 ἄρτον,
1430 911 1694 993 ὀφείλουσι
1750 911 1837 966 καὶ
1889 920 2005 972 τοῖς

2082 652 2258 713 quam
2294 638 2587 713 Ecclesia,
2620 638 2677 698 in
2710 656 2825 716 qua
2859 638 3028 718 panis
3074 638 3211 698 287
3269 641 3563 719 repositus
3596 648 3741 705 est?
3788 666 3789 669 η

2081 722 2355 789 Oﬂicium
2385 728 2583 809 itaque
2614 728 3012 809 spiritualium
3046 738 3340 808 pastorum
3374 729 3743 813 fuerit,quae-

2087 832 2223 877 rere
2268 836 2481 896 panem
2529 817 2863 891 caelestem,
2912 836 3087 896 quem
3148 836 3282 879 cum
3315 819 3589 901 viderint,
3628 820 3739 883 de-

2090 903 2236 965 bent
2291 905 2459 967 illum
2519 914 2576 968 et
2628 906 2760 967 aliis
2822 904 3149 985 praedicare
3205 927 3217 967 :
3280 905 3429 967 sicut
3481 916 3538 969 et
3597 928 3737 988 pas-

358 999 542 1067 ἄλ).οις
571 1003 852 1082 κηρύττειν
882 1018 899 1035 ⁸
947 1002 1126 1081 ὥσπερ
1154 1002 1243 1058 καὶ
1294 1003 1340 1057 οἱ
1397 1000 1647 1079 ποιμένες
1703 998 1899 1063 ἰδόντες
1946 998 2000 1053 τὸ

2091 999 2247 1082 tores
2296 995 2398 1075 qui
2439 994 2719 1058 viderunt
2744 994 3057 1070 infantem,
3093 994 3277 1057 locuti
3306 1004 3443 1058 sunt
3472 996 3547 1058 de
3579 1016 3649 1059 eo
3682 1007 3741 1061 et

357 1088 571 1170 βρέφος,
618 1088 939 1159 διελάλησαν
968 1093 1057 1148 καὶ
1085 1104 1204 1155 τοῖς
1235 1089 1437 1157 ἄλλοις.

446 1204 474 1234 ι
511 1170 572 1237 Ἠ
606 1178 661 1236 δὲ
692 1180 909 1259 Μαριὰμ
951 1180 1123 1237 πάντα
1180 1181 1450 1260 συνετήρει
1492 1180 1558 1236 τὰ
1586 1180 1797 1257 ῥήματα
1839 1185 2002 1237 ταῦτα

360 1266 733 1345 συμϐάλλουσα
782 1268 845 1333 ¹ἐν
887 1275 956 1346 τῇ
1008 1267 1192 1347 καρδίᾳ
1264 1273 1429 1337 αὐτῆς
1462 1289 1478 1305 ο
1537 1269 1627 1326 καὶ
1674 1267 2002 1346 δπέστρεψαν

355 1360 402 1415 οἱ
458 1359 733 1439 ποιμένες,
792 1356 1094 1431 δοξάζοντες
1150 1358 1238 1415 καὶ
1282 1360 1547 1424 αἰνοῦντες
1593 1359 1684 1414 τὸν
1729 1358 1859 1414 Θεὸν
1918 1354 2003 1412 ἐπὶ

353 1452 541 1527 πᾶσιν,
601 1448 691 1511 οἶς
747 1446 982 1515 ἤκουσαν
1024 1448 1113 1505 καὶ
1157 1445 1322 1521 εἶδον,
1355 1448 1529 1511 καθὼς
1580 1444 1815 1516 ἐλαλήθη
1870 1446 2001 1523 πρὸς

351 1535 562 1601 αὖτούς.
600 1558 629 1592 ι
664 1543 805 1595 Ποῖα
850 1538 1065 1615 ῥήματα
1120 1538 1391 1617 συνετήρει
1442 1539 1475 1606 ἡ
1508 1535 1767 1617 Παρθένος
1803 1554 1820 1616 ;
1854 1534 2003 1596 Τινὲς

350 1626 450 1700 μὲν
512 1624 755 1705 λέγουσιν
812 1626 893 1683 ὅτι
936 1626 1037 1684 ὅσα
1094 1627 1289 1704 εἰρήκει
1347 1628 1480 1703 αὒτῇ
1535 1629 1563 1683 ὁ
1610 1622 1858 1705 ἄγγελος,
1918 1625 2003 1679 καὶ

351 1712 452 1771 ὅσα
510 1717 556 1772 οἱ
590 1714 842 1791 ποιμένες
888 1716 1071 1796 εἷπον,
1118 1715 1363 1787 ἐπετήρει
1424 1717 1525 1795 γὰρ
1554 1721 1717 1772 ταῦτα
1744 1715 1832 1771 καὶ
1874 1734 1998 1769 συν·-

2088 1080 2237 1141 aliis.

2165 1168 2349 1234 Vens.
2388 1170 2480 1241 19,
2515 1171 2613 1236 20.
2656 1171 2869 1234 «Maria
2890 1182 3089 1237 autem
3123 1172 3509 1239 conservabat
3541 1179 3739 1238 omnia

2085 1257 2263 1320 verba
2294 1260 2768 1333 llaec,conferens
2798 1263 2861 1324 in
2893 1264 3074 1327 corde
3103 1284 3233 1327 suo.
3260 1264 3330 1326 Et
3354 1264 3580 1326 reversi
3602 1274 3737 1328 sunt

2086 1357 2354 1435 pastores
2407 1350 2810 1430 gloriﬁcantes
2860 1370 2927 1414 ac
2982 1353 3293 1416 laudantes
3336 1353 3524 1415 Deum
3560 1373 3739 1435 super

2086 1434 2363 1499 omnibus
2393 1458 2525 1519 quae
2553 1440 2871 1502 audierant
2920 1450 2979 1503 et
3008 1443 3279 1504 viderant
3307 1442 3390 1505 ita
3422 1452 3483 1504 ut
3513 1434 3735 1505 dictum

2087 1525 2279 1587 fuerat
2304 1526 2470 1606 ipsis.
2506 1554 2532 1584 ι
2570 1528 2711 1601 Quae
2740 1528 2919 1591 verba
2951 1530 3343 1594 conservabat
3372 1531 3732 1608 Virgo?Qui-

2086 1615 2220 1676 dam
2254 1614 2460 1677 dicunt
2489 1617 2643 1698 quod
2671 1636 2739 1679 ea
2761 1637 2893 1699 qua;
2914 1620 3160 1699 angelus
3184 1621 3239 1682 ei
3268 1620 3581 1692 dixerat,et
3606 1640 3736 1701 quae

2088 1710 2358 1784 pastores
2393 1716 2801 1782 narraverant,
2823 1712 3189 1771 conservarit
3220 1718 3275 1770 et
3300 1709 3623 1770 contulerit
3644 1727 3736 1769 se-

350 1802 569 1861 ἔϐαλλεν
626 1787 699 1861 ἐν⁷
755 1812 825 1883 τῇ
884 1787 1070 1885 καρδία
1126 1805 1315 1885 αὐτῆς,
1388 1787 1653 1878 τουτέστι,
1713 1802 1999 1880 συνέκρινε,

2091 1811 2245 1874 cum,
2286 1793 2700 1875 inveneritque
2730 1795 2795 1858 in
2827 1795 3104 1859 omnibus
3135 1797 3487 1859 sententiam
3526 1816 3732 1858 conso-

353 1896 442 1950 ναὶ
487 1894 743 1973 εὕρισκεν,
789 1894 852 1951 ἐκ
906 1894 1120 1951 πάντων
1172 1894 1295 1969 μίαν
1324 1894 1603 1975 σύμφωνον
1633 1892 1879 1973 γνώμην,
1924 1890 2005 1947 ὅτι

2090 1900 2225 1943 nam
2258 1901 2459 1958 unam,
2495 1884 2656 1964 quod
2691 1883 2844 1946 Deus
2866 1886 2943 1947 sit
2972 1885 3157 1949 Filius
3182 1904 3346 1949 suus.
3374 1884 3511 1947 Mihi
3534 1894 3730 1947 autem

357 1982 487 2047 Θεός
546 1970 688 2040 ἐστιν
743 1985 770 2040 ὁ
831 1985 952 2049 Υἱὸς
999 1983 1188 2052 αὐτῆς.
1248 1979 1399 2059 Ἐμοὶ
1445 1970 1529 2039 ’δὲ
1587 1970 1738 2041 δοκεῖ
1795 1970 2000 2059 ῥήματα

2091 1970 2365 2033 videntur
2392 1972 2571 2035 verba
2603 1974 2715 2036 hoc
2747 1974 2878 2041 loco
2927 1993 3025 2036 res
3078 1975 3169 2037 vel
3217 1985 3385 2054 gesta
3414 1974 3553 2049 dici,
3591 1982 3648 2036 et
3673 1974 3731 2035 id

355 2071 571 2130 ἐνταῦθα
622 2073 689 2131 τὰ
748 2073 1037 2153 πράγματα
1068 2071 1313 2152 λέγεσθαι
1340 2088 1354 2104 ⁶
1403 2073 1542 2130 ὥστε
1584 2076 1723 2128 εἶναι
1754 2072 1813 2127 τὰ
1843 2069 2005 2149 λεγό-

353 2182 512 2236 μενον
568 2171 807 2222 τοιοῦτον
839 2180 855 2198 ο
902 2164 937 2231 ἡ
994 2161 1049 2218 δὲ
1117 2163 1335 2243 Μαριὰμ
1395 2162 1663 2240 συνετήρει
1706 2160 1877 2217 πάντα
1935 2160 2001 2216 τὰ

348 2251 587 2332 ῥήματα,
632 2250 753 2319 ἤτοι
802 2251 869 2308 τὰ
928 2252 1217 2331 πράγματα
1262 2258 1449 2332 ταῦτα,
1496 2250 1528 2307 ἃ
1571 2254 1657 2309 νῦν
1690 2249 1799 2329 ἐγὼ
1857 2248 2000 2327 λέγω

350 2340 441 2395 καὶ
470 2347 611 2398 ποιῶ
640 2341 790 2398 εἶναι
830 2341 1044 2418 ῥήματα
1077 2356 1092 2371 ⁸
1126 2342 1188 2398 τὸ
1233 2341 1335 2420 γὰρ
1378 2347 1598 2420 πρᾶγμα
1646 2338 1771 2395 ὅταν
1800 2338 1998 2419 λεχθῇ,

351 2428 551 2505 γίνεται
607 2429 754 2507 ῥῆμα
786 2444 799 2459 ⁸
854 2428 1185 2510 ὑπέστρεψαν
1242 2428 1297 2486 δὲ
1375 2433 1421 2487 οἱ
1478 2428 1725 2505 ποιμένες
1772 2429 1998 2508 εὐχαρι-

350 2524 597 2582 στούντες
654 2526 731 2593 τῷ
774 2526 891 2594 Θεῷ
933 2518 1020 2576 ἐπὶ
1077 2526 1237 2576 πᾶσιν
1269 2534 1283 2549 ⁶
1337 2519 1399 2577 οὐ
1444 2519 1543 2599 γὰρ
1573 2519 1709 2587 ἦσαν
1737 2518 1994 2599 φθονεροὶ,

353 2608 490 2663 κατὰ
517 2608 639 2674 τοὺς
671 2606 971 2672 Ἰουδαίους.

440 2718 463 2752 α
515 2699 614 2757 Καὶ
671 2696 759 2755 ὅτε
828 2697 1174 2770 ἐπλήσθησαν
1244 2698 1439 2779 ἡμέραι
1512 2698 1654 2755 ὀκτὼ
1697 2696 1788 2755 106
1844 2718 1999 2776 περι-

357 2800 543 2862 τεμεῖν
572 2787 757 2862 αὐτὸν,
800 2789 890 2845 καὶ
938 2787 1137 2859 ἐκλήθη
1169 2789 1229 2845 τὸ
1258 2787 1428 2863 ὄνομα
1455 2789 1611 2845 αὖτοῦ
1653 2785 1881 2860 Ἰησοῦς,
1940 2788 2001 2842 τὸ

350 2876 543 2945 κληθὲν
572 2879 675 2935 ὑπὸ
706 2886 796 2935 τοῦ
842 2877 1071 2957 ἀγγέλου
1129 2880 1231 2959 πρὸ
1287 2886 1378 2936 τοῦ
1425 2878 1787 2958 συλληφθῆναι
1845 2876 1999 2934 αὐτὸν

350 2967 405 3022 ἐν
448 2972 516 3043 τῇ
557 2965 731 3039 κοιλίᾳ
766 2986 778 2999 ·
809 2970 899 3025 καὶ
953 2967 1041 3025 ὅτε
1072 2968 1416 3039 ἐπλήσθησαν
1448 2971 1499 3024 αἱ
1526 2967 1722 3042 ἡμέραι
1753 2973 1846 3023 τοῦ
1900 2988 1998 3021 κα-

352 3060 609 3135 θαρισμοῦ
664 3060 837 3115 αὐτῶν
880 3058 1018 3114 κατὰ
1066 3059 1159 3114 τὸν
1195 3058 1359 3133 νόμον
1415 3056 1672 3136 Μωσέως,
1732 3056 1999 3134 ὰνήγογον

352 3147 509 3203 αὐτον
564 3146 639 3207 εἷς
688 3136 1048 3223 Ἰεροσόλυμα,
1098 3151 1435 3226 παραστῆσαι
1464 3153 1541 3221 τῷ
1574 3145 1741 3224 Κυρίῳ
1776 3163 1792 3180 ⁸
1825 3146 1995 3210 καθὼς

2091 2078 2224 2122 esse
2253 2062 2410 2142 quod
2439 2062 2657 2124 dicitur
2692 2085 2705 2127 :
2738 2063 2923 2126 Maria
2953 2072 3153 2127 autem
3188 2063 3580 2126 conservabat
3610 2084 3733 2125 om-

2090 2150 2186 2210 nia
2215 2149 2393 2212 verba
2422 2150 2571 2227 haec,
2606 2152 2665 2214 id
2698 2161 2809 2234 est,
2865 2162 3029 2233 gesta
3082 2155 3209 2216 haec
3271 2172 3404 2236 quae
3436 2172 3594 2215 nunc
3624 2170 3731 2233 ego

2081 2238 2217 2301 dico
2250 2248 2308 2302 et
2334 2240 2486 2303 facio
2518 2260 2651 2303 esse
2680 2242 2885 2304 verba.
2916 2247 3097 2307 Gesta
3126 2243 3288 2305 enim
3322 2243 3561 2324 quando
3590 2262 3732 2304 nar-

2082 2338 2309 2416 rantur,
2361 2333 2644 2397 dicuntur
2697 2335 2899 2398 verba.
2954 2340 3139 2399 Porro
3192 2342 3461 2417 pastores
3500 2335 3731 2396 reversi

2081 2429 2219 2483 sunt
2247 2422 2461 2499 gratias
2491 2431 2734 2501 agentes
2766 2426 2887 2488 Deo
2919 2425 2981 2488 in
3011 2424 3311 2489 omnibus.
3338 2422 3541 2505 Neque
3572 2425 3731 2486 enim

2082 2518 2253 2572 erant
2282 2510 2467 2573 invidi
2492 2522 2553 2573 ut
2583 2513 2793 2576 Judaei.

2164 2687 2345 2753 Vtms.
2371 2689 2591 2753 22-24.
2634 2717 2659 2748 α
2690 2693 2761 2754 Et
2791 2701 3096 2773 postquam
3149 2692 3549 2755 consummati
3596 2701 3734 2754 sunt

2084 2776 2215 2839 dies
2244 2789 2379 2842 octo
2435 2789 2498 2842 ut
2545 2781 3079 2844 circumcideretur
3136 2801 3305 2862 puer,
3340 2788 3605 2842 vocatum
3640 2789 3732 2842 est

2089 2886 2306 2931 nomen
2339 2871 2469 2950 ejus
2499 2873 2690 2939 Jesus.
2728 2871 2886 2952 quod
2941 2879 3211 2932 vocatum
3260 2878 3384 2933 erat
3414 2870 3490 2933 ab
3522 2870 3731 2947 angelo

2087 2957 2429 3039 priusquam
2462 2960 2522 3021 in
2554 2969 2723 3023 utero
2757 2960 3196 3042 conciperetur.
3231 2961 3300 3022 Et
3329 2967 3530 3041 postea
3554 2978 3730 3041 quam

2084 3047 2361 3127 completi
2374 3047 2623 3111 fuissent
2648 3049 2774 3112 dies
2788 3050 3155 3131 purgationis
3177 3068 3384 3112 eorum
3399 3048 3728 3111 secundum

2080 3134 2270 3214 legem
2305 3137 2506 3219 Moysi,
2559 3139 2931 3203 adduxerunt
2963 3158 3097 3201 eum
3131 3139 3627 3220 Hierosolymam,
3664 3146 3729 3198 ut

350 3234 644 3313 γέγραπται
673 3234 726 3291 ἐν
778 3236 928 3311 νόμῳ
982 3225 1192 3315 Κυρίου,
1238 3235 1317 3292 ὅτι
1363 3242 1474 3292 Πᾶν
1516 3234 1671 3314 ἄρσεν
1724 3233 1992 3311 διανοῖγον

2091 3225 2359 3289 sisterent
2378 3248 2514 3291 eum
2546 3227 2821 3306 Domino,
2848 3232 3002 3294 sicut
3030 3232 3318 3311 scriptum
3358 3237 3446 3291 est
3497 3229 3560 3291 in
3593 3228 3725 3307 lege

348 3325 582 3402 μήτραν,
626 3323 779 3402 ἅγιον
831 3331 907 3399 τῷ
972 3326 1141 3405 Κυρίῳ
1188 3324 1540 3406 κληθήσεται,
1585 3325 1673 3381 καὶ
1699 3330 1791 3379 τοῦ
1819 3321 1993 3380 δοῦναι

347 3413 526 3469 θυσίαν
579 3414 715 3469 κατὰ
756 3414 817 3469 τὸ
860 3414 1136 3493 εἰρημένον
1192 3414 1247 3471 ἐν
1300 3415 1447 3491 νόμῳ
1523 3414 1731 3494 Κυρίου,
1819 3411 2002 3491 ζεῦγος

345 3502 634 3582 τρυγόνων,
691 3503 727 3570 ἢ
786 3503 875 3560 δύο
950 3504 1201 3568 νεοσσοὺς
1238 3508 1582 3582 περιστερῶν.
1620 3523 1650 3562 ι
1700 3511 1804 3561 T06
1837 3501 2004 3577 νόμου

350 3590 531 3654 δόντος
563 3590 800 3672 ἐντολὰς,
836 3596 883 3650 οἱ
924 3591 1336 3672 παραϐαίνοντες
1386 3594 1579 3658 ταύτας
1621 3592 1723 3649 ὑπὸ
1772 3592 2002 3669 κατάραν

351 3680 512 3748 ἦσαν.
566 3670 622 3737 ‘0
668 3680 837 3737 τοίνυν
892 3670 1080 3761 Κύριος
1132 3685 1524 3762 περιτέμνεται,
1570 3680 1663 3735 ’ίνα
1707 3679 1804 3736 κᾶν
1834 3677 2004 3752 1061p

350 3768 639 3845 πληρώσας
688 3768 779 3826 τὸν
837 3771 999 3846 νόμον
1041 3772 1128 3827 καὶ
1188 3769 1356 3846 μηδὲν
1399 3769 1647 3847 ἐλλείψας
1688 3770 1764 3823 ὧν
1794 3767 1998 3832 ἐκεῖνος

2089 3315 2323 3377 Domini
2360 3339 2371 3376 :
2406 3317 2596 3381 Omne
2647 3320 3042 3382 masculinum
3089 3319 3445 3398 adaperiens
3476 3318 3728 3390 vulvam,

2087 3414 2352 3466 sanctum
2377 3406 2630 3471 Domino
2656 3408 2956 3471 vocabitur
2991 3430 3003 3471 :
3040 3418 3099 3471 et
3142 3418 3204 3470 ut
3235 3411 3448 3470 darent
3480 3406 3729 3468 hostiam

2084 3495 2413 3557 secundum
2449 3497 2604 3577 quod
2633 3497 2856 3579 dictum
2875 3496 3038 3561 estin
3072 3498 3201 3578 lege
3217 3497 3595 3577 Domini,par
3616 3505 3731 3556 ture

2088 3590 2305 3666 turum,
2334 3594 2435 3647 aut
2455 3586 2603 3648 duos
2630 3586 2823 3667 pullos
2849 3586 3441 3659 columbarum.»Qui
3460 3586 3734 3647 mandata

2084 3674 2233 3752 legis
2254 3674 2935 3755 przevaricabantur,sub
2962 3676 3388 3741 maledictione
3412 3677 3733 3737 erant.Do-

2087 3763 2284 3825 minus
2316 3766 2496 3843 igitur
2520 3766 3065 3842 circumciditur,ut
3101 3767 3276 3828 etiam
3308 3766 3368 3827 in
3402 3766 3515 3827 hoc
3546 3765 3735 3825 adim-

351 3858 686 3940 ἐντέταλκεν,
760 3859 1003 3929 ἐξέληται
1074 3861 1225 3937 ἡμῆς
1294 3866 1393 3929 τῆς
1470 3862 1703 3941 κατάρας
1738 3875 1753 3889 ⁸
1818 3859 1999 3937 ἐντρέ-

2091 3853 2243 3933 pleta
2260 3853 2477 3934 lege,et
2494 3855 2655 3916 nullo
2674 3855 3072 3936 praatermisso
3095 3854 3249 3936 quod
3265 3854 3366 3915 illa
3387 3852 3730 3934 mandabat,

348 3970 551 4004 πωνται
606 3947 662 4005 δὲ
706 3948 939 4007 ἐντεῦθεν
977 3953 1023 4007 οἱ
1080 3950 1349 4029 λέγοντες,
1407 3949 1487 4007 ὅτι
1546 3951 1682 4007 κατὰ
1712 3951 1999 4031 φαντασίαν

2091 3942 2297 4024 eripiat
2329 3964 2438 4007 nos
2462 3964 2493 4009 a
2513 3945 2852 4008 maledicto.
2884 3948 3294 4009 Revereantur
3315 3945 3454 4005 hinc
3484 3943 3586 4025 qui
3635 3943 3731 4005 di-

347 4035 651 4116 ἐσαρκώθη.
708 4044 828 4103 Πῶς
872 4040 973 4119 γὰρ
1028 4042 1381 4119 περιετμήθη,
1425 4042 1469 4097 εἰ
1514 4041 1651 4096 κατὰ
1710 4039 1995 4119 φαντασίαν

2091 4042 2221 4095 :unt
2250 4034 2405 4114 quod
2436 4036 2704 4099 Christus
2736 4037 3075 4097 incarnatus
3106 4035 3181 4096 sit
3213 4042 3581 4115 apparenter
3612 4040 3737 4094 tan-

344 4124 625 4205 ἐσαρκώθη
660 4145 677 4208 ς
735 4127 1022 4196 Ἀνόνητον
1051 4126 1106 4184 δὲ
1136 4130 1312 4186 καὶτὸ
1355 4128 1610 4201 ἐξετάζειν
1651 4139 1753 4188 ποῦ
1796 4128 1908 4185 ἐστι
1930 4129 1992 4184 τὸ

2091 4129 2222 4184 tum.
2258 4123 2565 4195 Quomodo
2592 4126 2752 4187 enim
2776 4125 3169 4190 circumcisus
3192 4124 3427 4196 fuisset,
3468 4121 3518 4184 si
3549 4140 3735 4203 appa-

346 4214 654 4291 ἀποτμηθὲν
710 4215 885 4275 ἐκεῖνο
945 4216 1136 4297 μόριον
1170 4233 1185 4250 ·
1251 4216 1285 4274 ἃ
1331 4219 1431 4297 γὰρ
1460 4219 1495 4286 ἡ
1538 4219 1720 4298 Γραφὴ
1750 4218 1991 4275 ἀπεσιώ-

2091 4220 2276 4273 renter
2304 4213 2642 4276 incarnatus
2676 4214 3212 4277 fuisset?lnutiliter
3239 4222 3433 4276 autem
3448 4213 3735 4293 quaeritur

349 4326 543 4379 πησεν,
574 4306 634 4362 οὗ
665 4304 750 4364 δεῖ
805 4305 1085 4381 ἐξετάζειν,
1132 4308 1219 4364 καὶ
1265 4313 1428 4365 ταῦτα
1470 4306 1553 4364 ἐπὶ
1584 4306 1819 4383 μηδεμιᾷ
1847 4307 1993 4386 ὠφε-

2091 4299 2184 4362 ubi
2218 4300 2295 4361 sit
2322 4302 2558 4365 absecta
2596 4305 2695 4368 illa
2729 4305 3036 4385 particula.
3074 4307 3222 4367 Nam
3255 4320 3385 4384 quaa
3419 4302 3731 4382 Scriptura

352 4392 468 4466 λείᾳ
497 4410 511 4426 '
547 4394 657 4452 ἔστι
699 4394 758 4452 δὲ
787 4397 982 4471 εἰπεῖν,
1016 4395 1096 4452 ὅτι
1124 4397 1246 4453 τότε
1276 4396 1373 4473 μὶν
1418 4394 1505 4453 ὅτε
1550 4396 1857 4477 ἀπετμήθη,
1901 4401 1999 4463 τῆς

2091 4390 2364 4458 tacuit,ea
2392 4412 2659 4473 quaerere
2680 4413 2799 4456 non
2823 4394 3414 4475 oportet,praesertim
3443 4391 3544 4453 ubi
3569 4391 3732 4454 nulla

354 4490 455 4562 γῆς
487 4488 716 4566 ψαῦσαν,
770 4487 959 4565 ἠγίασε
1014 4488 1236 4566 ταύτην,
1283 4487 1463 4566 ὥσπερ
1519 4488 1607 4543 καὶ
1656 4488 1715 4543 τὸ
1748 4487 1889 4562 αἷμα
1919 4506 2000 4556 καῖ

2091 4480 2463 4544 utilitas.Dici
2496 4490 2693 4547 autem
2727 4492 2925 4565 posset
2950 4483 3103 4563 quod
3127 4482 3362 4562 quando
3394 4501 3462 4542 ea
3492 4480 3735 4543 absecta

355 4575 416 4630 τὸ
471 4572 632 4655 ὕδωρ,
691 4574 724 4633 ἃ
782 4576 870 4632 ἐκ·
900 4576 997 4644 τῆς
1032 4574 1259 4655 πλεῦρας
1304 4576 1467 4635 αὐτοῦ
1497 4575 1740 4655 ἔῤῥευσαν
1776 4592 1789 4605 ·
1825 4577 1915 4639 οἶς
1957 4574 2000 4641 δὲ

2093 4581 2310 4634 terram
2339 4574 2712 4654 tetigit,illam
2736 4570 3733 4653 quoquesanctilicarit,sicutetiam

356 4662 469 4721 οἶδε
525 4664 729 4745 λόγοις,
775 4664 997 4745 ἐφύλαξε
1053 4668 1209 4722 τοῦτο
1266 4667 1327 4723 1‘0
1391 4666 1575 4743 μόριον
1632 4663 1881 4731 ἀϐλαϐές
1926 4675 2000 4723 καἼ

2093 4660 2335 4739 sanguis
2357 4670 2415 4723 et
2435 4681 2583 4743 aqua
2600 4682 2731 4744 quae
2757 4681 2825 4724 ex
2854 4663 3043 4724 latere
3064 4661 3194 4740 ejus
3216 4662 3535 4723 ﬂuxerunt.
3559 4660 3633 4722 Et
3652 4660 3734 4721 vi-

356 4756 491 4831 μετα
537 4756 638 4812 τσλν
693 4756 981 4812 ἀνάστασιν
1050 4754 1451 4833 άναλαϐόμενος
1532 4766 1711 4838 τοῦτο,
1784 4756 2000 4837 ἠγέρθη,

2096 4750 2269 4813 detur
2299 4752 2454 4833 quod
2485 4753 2731 4814 servarit
2763 4751 3048 4833 particula
3075 4748 3506 4838 illzesam,etiin
3532 4766 3732 4838 resur-

351 4846 445 4904 ἴνα
483 4849 569 4902 καὶ
630 4846 765 4901 κατὰ
820 4846 976 4902 τοῦτο
1038 4844 1337 4913 ἂνελλιπῶς
1395 4846 1542 4927 ἔχων
1827 4863 1840 4877 ⁶
1895 4844 2000 4903 ἐπεῖ

2091 4821 2356 4904 rectione
2385 4841 2599 4905 iterum
2622 4821 3030 4923 rcsuinpserit,
3055 4848 3118 4901 ut
3148 4840 3275 4901 haec
3300 4821 3585 4919 particula
3602 4856 3734 4927 non

352 4937 438 4993 καὶ
464 4936 628 5009 ἡμεῖς
659 4932 866 4990 τέλειον
895 4936 957 4990 τὸ
987 4934 1250 5014 ἡμέτερον
1303 4926 1463 5012 σῶμα
1512 4936 1566 4993 ἐν
1612 4926 1681 5011 τῇ
1728 4936 2000 4992 ἀναστάσει

2092 4930 2425 4993 inveniatur
2455 4932 2690 4996 deesse.
2734 4931 2964 5012 Quippe
2995 4936 3050 4991 et
3072 4946 3179 4990 nos
3204 4929 3265 4989 in
3294 4926 3737 4988 resurrectione

353 5022 767 5099 ἀποληψόμεθα.
830 5024 1142 5099 Σημείωσαι
1189 5023 1245 5081 δὲ
1303 5025 1385 5081 ὅτι
1443 5028 1547 5105 οὔχ
1590 5026 1703 5101 ἅμα
1734 5032 1808 5099 τῷ
1839 5026 2000 5081 εἰπεῖν

2094 5022 2422 5100 perfectum
2448 5039 2662 5102 corpus
2687 5020 3048 5101 resumpturi
3082 5036 3289 5079 sumus
3325 5015 3593 5080 Observa
3623 5035 3734 5077 au-

354 5116 444 5170 τδν
473 5111 721 5192 ἄγγελον,
760 5110 893 5169 ’ἰδοὺ
936 5111 1191 5189 συλλήψη
1234 5115 1370 5190 υἱὸν,
1402 5114 1703 5194 συνελήφθη
1734 5116 1759 5171 δ
1796 5114 2000 5193 Κύριος,

2094 5117 2210 5170 tem
2243 5110 2398 5189 quod
2433 5130 2549 5172 non
2576 5110 2769 5172 statim
2804 5117 2869 5170 ut
2889 5108 3035 5169 dixit
3062 5105 3494 5184 angelus,Ecce
3524 5105 3735 5166 conci-

360 5201 497 5259 ἄλλα
539 5201 675 5277 μετὰ
716 5207 881 5257 ταῦτα
950 5198 1039 5258 ὅτε
1090 5201 1349 5270 ἠθέλησεν
1386 5220 1400 5234 ⁶
1475 5203 1567 5283 ὅρα
1610 5204 1709 5283 γὰρ
1765 5202 1815 5259 τί
1865 5202 2000 5279 λέγει

2096 5198 2223 5278 pies
2258 5198 2489 5273 Filium,
2527 5206 2851 5279 conceptus
2890 5205 2978 5260 est
3018 5195 3332 5275 Dominus,
3367 5194 3470 5256 sed
3506 5197 3734 5283 postea,

360 5292 599 5364 ἐνταῦθα,
660 5290 731 5347 Τὸ
784 5287 977 5356 κληθὲν
1032 5292 1135 5347 ὑπὸ
1189 5299 1284 5349 106
1340 5282 1569 5371 ἀγγέλου
1616 5282 1718 5370 πρὸ
1746 5299 1837 5348 106
1869 5290 2000 5347 συλ-

2091 5286 2324 5367 quando
2356 5288 2714 5353 voluit.Vide
2734 5288 2893 5349 enim
2917 5286 3060 5367 quid
3089 5285 3247 5347 dicat
3266 5284 3378 5345 hoc
3404 5282 3737 5355 loco.Quod

358 5381 623 5461 ληφθῆναι
681 5378 836 5436 αὒτὸν
893 5377 946 5436 ἐν
978 5386 1047 5457 τῇ
1091 5380 1266 5454 κοιλίᾳ
1292 5399 1316 5429 .⁶
1349 5384 1438 5439 καὶ
1481 5382 1576 5440 ἀπ’
1611 5383 1773 5457 αὐτῆς
1804 5379 1858 5437 δὲ
1900 5386 1999 5447 τῆς

2091 5384 2355 5439 vocatum
2382 5387 2468 5437 est
2490 5377 2562 5437 ab
2595 5376 2805 5455 angelo
2846 5379 3188 5456 priusquam
3211 5371 3739 5461 concipereturiin

357 5460 572 5544 λέξεως,
629 5466 886 5524 δείκνυται
942 5475 1099 5527 τοῦτο
1133 5489 1148 5505 °
1199 5473 1259 5529 οὖ
1301 5472 1400 5550 γὰρ
1444 5473 1625 5546 εἶπεν,
1675 5467 1809 5530 ’ἰδοὺ
1867 5468 1999 5527 συλ-

2091 5465 2356 5528 utero.Et
2378 5466 2487 5528 hoc
2512 5466 2689 5541 verbo
2716 5464 3053 5528 ostenditur
3078 5463 3131 5524 id
3150 5462 3307 5544 quod
3325 5460 3739 5525 diximus.Non

357 5558 667 5635 λαμϐάνεις·
703 5553 848 5636 ἀλλ’,
888 5554 1021 5616 ’ἰδοὺ
1051 5559 1324 5637 συλλήψῃ.
1360 5553 1543 5620 ’Ὥστε
1572 5562 1633 5619 ἐκ
1660 5561 1859 5618 τούτων
1890 5558 2000 5615 ’ἐστι

2091 5554 2244 5616 enim
2273 5554 2607 5631 dixit,Ecce
2636 5554 2929 5637 concipis,
2964 5552 3257 5629 sed,Ecce
3287 5550 3733 5635 concipies.At-

358 5648 789 5729 συλλογίσασθαι,
847 5643 927 5703 ὅτι
984 5654 1053 5725 τῇ
1095 5648 1206 5729 ὥρα
1258 5649 1356 5727 μὲν
1412 5650 1588 5719 ἐκείνη
1639 5649 1937 5730 συνελήφθη
1972 5648 2000 5703 ὃ

2091 5662 2199 5725 que
2212 5645 2385 5707 e'xbis
2396 5643 3207 5724 animadverterelicet,quod
3227 5644 3369 5704 bora
3382 5640 3622 5723 quidem
3642 5640 3743 5703 illa

3788 6118 4059 6195 Α
4159 6056 4162 6157 1
