4162 6228
398 275 515 339 727
1353 278 1948 343 THEOPHYLACTI
1992 281 2404 347 sumsum
2444 284 2806 349 meumr.
3660 260 3825 352 ω’

400 419 726 492 conceptus
755 411 933 474 fuerit
954 411 1388 475 Dominusznon
1400 420 1596 476 autem
1618 412 1720 476 illo
1745 418 2043 474 momento

2152 413 2340 493 ἱύριος,
2401 412 2461 470 οὒ
2508 414 2617 490 μὴν
2661 414 2796 484 αύτῆ
2838 421 2906 492 τῇ
2953 422 3157 494 στιγμῇ
3189 416 3305 473 καθ’
3340 417 3405 483 ἢν
3436 418 3466 475 ὁ
3495 414 3782 495 ’¹Αγγελος

402 520 519 585 quo
546 500 791 581 angelus
812 501 979 575 dixit;
1008 502 1115 563 sed
1138 502 1288 563 forte
1316 510 1705 582 posteaquam
1734 500 2054 582 complevit

2152 502 2343 581 ἔλεγεν,
2400 502 2536 563 ἀλλά
2592 505 2782 584 τυχὸν,
2861 504 2950 561 ὅτε
3025 504 3331 562 συνετέλεσε
3389 507 3512 571 τοὺς
3566 504 3783 584 λόγους.

402 591 871 653 sermones.288
889 591 1027 654 Haec
1039 600 1235 653 autem
1254 610 1371 653 non
1386 590 2051 653 dixerimusdeﬁnilive.

2152 599 2312 649 ταῦτα
2368 590 2422 649 δὲ
2477 594 2542 672 ,οὒ
2591 591 2925 672 δογματικῶς
2981 592 3237 673 λέγομεν.
3300 594 3681 666 Ἐπλήσθησαν
3731 594 3786 651 δὲ

402 679 637 761 Impleti
661 689 859 741 autem
881 690 1019 743 sunt
1037 681 1167 744 dies
1191 680 1558 763 purgationis
1576 681 1815 743 illorum
1842 697 2055 743 secun-

2152 683 2190 739 ιὶ
2262 681 2457 761 ἡμέραι
2513 690 2606 741 τοῦ
2660 687 2988 763 καθαρισμοῦ
3043 684 3217 741 αὐτῶν
3288 687 3423 742 κατὰ
3477 687 3568 742 τὸν
3622 686 3789 762 νόμον

404 769 546 831 dum
602 769 792 848 legem
853 771 1023 833 Mosi.
1075 772 1239 833 Bene
1289 770 1435 832 dixit
1475 770 1804 832 secundum
1860 769 2053 848 legem

2152 772 2397 835 Μωσέως.
2452 771 2641 837 Καλῶς
2671 772 2797 830 εἶπε
2831 772 2965 829 κατά
2990 774 3081 829 τὸν
3129 773 3291 843 νόμον
3336 774 3568 837 Μωσέως
3604 792 3618 805 ’
3653 775 3791 831 κατὰ

405 857 633 920 Mosi“:
657 878 791 920 nam
816 859 1143 922 secundum
1168 859 1474 922 veritatem
1504 859 1666 921 nulla
1699 857 2058 921 necessitate

2152 861 2239 939 γὰρ
2291 861 2390 929 τὴν
2447 858 2726 933 ἀλήθειαν,
2785 862 2880 919 οὐκ
2939 862 3097 942 εἶχεν
3152 862 3391 942 ἀνάγκην
3447 864 3482 931 ἡ
3528 862 3789 942 Παρθένος

407 946 587 1023 Virgo
620 947 1059 1025 astringehatur
1088 948 1584 1029 exspectaredies
1603 946 2054 1028 puriﬁcationis,

2152 950 2441 1029 περιμένειν
2499 952 2593 1014 τάς
2692 950 2894 1028 ἡμέρας
2976 959 3069 1008 τοῦ
3150 957 3503 1029 καθαρισμοῦ,
3588 954 3793 1015 αἵτινες

408 1035 510 1117 qui
541 1045 679 1097 sunt
712 1036 1121 1117 quadraginta,
1159 1047 1299 1100 nato
1322 1037 1749 1100 mare.Dictum
1779 1036 1937 1097 enim
1969 1055 2061 1115 es;

2152 1040 2277 1109 ἦσαν
2330 1040 2742 1120 τεσσαράκοντα,
2815 1040 2903 1097 ἐπὶ
2959 1040 3134 1120 ἄρσενι
3205 1044 3478 1122 τεχθέντι.
3566 1041 3794 1121 Εἴρηται

408 1125 473 1187 in
505 1125 880 1206 lege,Mulier
910 1146 1040 1206 qua;
1069 1134 1345 1207 suscepto
1379 1127 1611 1188 semine
1628 1126 2063 1206 conceperit,ei

2152 1130 2242 1208 γὰρ
2285 1129 2340 1187 ἓν
2383 1136 2460 1203 τῷ
2516 1130 2666 1205 νόμῳ
2699 1144 2713 1159 ⁸
2778 1129 2914 1198 Γυνὴ
2974 1130 3092 1198 ἥτις
3137 1130 3226 1188 ἐὰν
3269 1136 3655 1211 σπερματισθῇ,
3705 1132 3797 1186 καὶ

411 1214 646 1295 peperit
695 1216 1047 1278 masculum.
1077 1214 1250 1293 Virgo
1283 1226 1482 1277 autem
1516 1235 1632 1276 non
1662 1216 1937 1295 concepit
1985 1214 2061 1274 de

2152 1218 2273 1295 τέκῃ
2325 1216 2479 1297 ἄρσεν
2513 1234 2527 1249 ⁸
2610 1221 2644 1287 ἡ
2721 1217 2777 1275 δὲ
2852 1220 3110 1299 Παρθένος
3193 1221 3289 1277 οὐκ
3370 1221 3794 1298 ὲσπερματίσθη,

410 1302 665 1383 semine,
700 1303 803 1364 sed
838 1322 905 1365 ex
935 1302 1159 1386 Spiritu
1190 1313 1395 1366 sancto
1419 1308 1651 1385 peperit
1680 1322 1693 1368 :
1723 1304 1881 1365 unde
1902 1304 2062 1364 nulla

2152 1306 2264 1364 ἀλλ’
2339 1308 2400 1364 ἐκ
2450 1309 2754 1384 Πνεύματος
2810 1308 2963 1387 ἀγίου
3034 1308 3211 1366 ἔτεκεν
3239 1329 3253 1344 ·
3305 1310 3442 1367 ὥστε
3489 1312 3584 1367 οῦκ
3634 1310 3799 1390 εἶχεν

410 1389 576 1454 illam
593 1392 923 1454 necessitas
944 1392 1215 1472 urgebat;
1231 1392 1335 1455 sed
1350 1397 1551 1455 volens
1569 1394 1821 1471 implere
1841 1393 2058 1472 legem,

2152 1396 2408 1475 ἀνάγκην,
2466 1396 2603 1454 ἀλλά
2647 1396 2929 1475 πληρῶσαι
2977 1399 3069 1455 τὸν
3099 1399 3261 1475 νόμον
3291 1399 3539 1478 θέλουσα,
3571 1389 3800 1465 ἀνῆλθεν

412 1480 573 1542 venit
604 1480 663 1541 in
686 1481 1200 1561 templum.Quare
1226 1492 1421 1544 autem
1452 1482 1512 1542 in
1544 1483 1806 1543 masculo
1831 1490 2059 1563 septem

2152 1488 2218 1550 εἰς
2276 1491 2337 1543 τὸ
2393 1487 2553 1565 ἱερόν.
2591 1488 2689 1543 Διά
2714 1488 2765 1544 τί
2806 1486 2860 1543 δὲ
2889 1488 2977 1545 ltiti
3020 1487 3118 1564 μὶν
3165 1487 3346 1567 ἄρσενι
3399 1489 3534 1545 ἐπτά
3574 1487 3795 1566 ἡμέραι,

414 1569 567 1649 dies,
594 1569 653 1630 in
690 1570 939 1632 muliere
969 1590 1106 1632 vero
1148 1570 1238 1631 his
1286 1571 1531 1632 totidem
1559 1571 1589 1631 ?
1630 1571 1840 1632 Mulier
1874 1572 2058 1645 enim,

2152 1574 2231 1632 ἒπὶ
2260 1574 2313 1631 δὲ
2344 1575 2530 1649 θηλείᾳ
2558 1574 2747 1633 διπλαῖ
2778 1595 2795 1657 ς
2857 1577 2993 1644 Γυνὴ
3040 1578 3159 1656 γὰρ,
3195 1579 3378 1657 φησὶν,
3412 1578 3503 1633 ἐὰν
3545 1598 3796 1657 σπερμα-

416 1658 683 1740 inquit,si
704 1668 979 1741 suscepto
1003 1662 1233 1723 semine
1258 1660 1589 1724 masculum
1624 1660 2065 1741 pepererit,im-

2152 1669 2327 1745 τισθῇ,
2405 1667 2498 1723 καὶ
2571 1665 2705 1743 τέκῃ
2788 1665 2968 1743 ἀρσεν,
3046 1668 3183 1723 ἐπτά
3232 1666 3432 1745 ἡμέρας
3502 1666 3799 1745 ἀκάθαρτος

414 1749 636 1810 munda
667 1748 781 1810 erit
809 1758 1035 1829 septem
1069 1750 1284 1811 diebus
1320 1771 1333 1812 :
1368 1751 1458 1811 sin
1500 1756 1726 1811 autem!
1753 1749 2060 1820 feminam,

2152 1754 2293 1812 ἕσται
2329 1770 2344 1785 ⁶
2391 1753 2480 1811 ἐὰν
2524 1752 2579 1811 δε
2606 1754 2764 1834 θῆλυ,
2815 1754 2890 1820 ἃς
2923 1755 3078 1815 ἑπτά.
3129 1754 3351 1824 Ἐπειδὴ
3380 1757 3415 1824 ἡ
3448 1757 3547 1826 μὲν
3573 1762 3799 1813 τεκοῦτα

414 1836 722 1900 immunda
744 1838 859 1901 erit
889 1840 1119 1901 duabus
1154 1838 1649 1901 hebdomadibus.
1686 1838 1971 1912 Quoniam
1996 1856 2066 1900 ea

2152 1844 2207 1901 τὸ
2265 1842 2444 1924 ἄρσεν,
2477 1842 2715 1924 δεύτερον
2758 1841 2928 1920 Ἀδὰμ
2972 1846 3045 1909 εἷς
3088 1847 3180 1903 τὸν
3226 1845 3429 1920 κόσμον
3459 1846 3744 1923 εἰσήγαγεν
3779 1863 3797 1880 ο

415 1945 547 2007 quae
564 1928 866 2008 pepererit
886 1928 1043 2007 quod
1063 1928 1388 1990 masculum
1403 1928 1853 2005 est,secundum
1873 1927 2063 1990 Adam

2152 1935 2181 2002 ἡ
2241 1931 2297 1990 δὲ
2366 1934 2427 1991 τὸ
2488 1933 2645 2008 θῆλυ,
2706 1932 2949 2012 δευτέραν
3010 1935 3146 1992 Εὕαν
3220 1934 3419 1992 ἕτεκεν⁶
3477 1937 3541 1991 τὸ
3608 1936 3801 2012 σαθρὸν

415 2015 478 2077 in
508 2016 795 2078 mundum
822 2016 1225 2090 induxit.Qua3
1253 2036 1394 2080 vero
1434 2017 1588 2098 quod
1622 2017 1942 2090 muliebre,
1964 2036 2065 2079 se-

418 2103 675 2166 cundam
706 2103 882 2165 Evam
922 2106 1246 2186 pepererit,
1281 2124 1381 2167 vas
1413 2114 1582 2187 putre
1605 2114 1661 2168 et
1686 2105 1909 2179 debile,
1932 2125 2063 2167 am-

418 2193 666 2273 phoram
693 2194 1027 2256 contritam.
1069 2195 1340 2256 baculum
1376 2194 2066 2275 deceptionis,induc=ri-

2148 2032 2358 2100 σκεῦος,
2416 2028 2478 2083 τὸ
2534 2026 2748 2092 ἀσθενὲς
2798 2026 3044 2106 ἀγγεῖον,
3095 2029 3156 2083 τὸ
3214 2027 3655 2105 συντετριμμένον
3699 2047 3800 2082 κε-

2148 2117 2359 2195 ράμιοθ,
2418 2117 2515 2184 τὴν
2573 2117 2863 2195 βακτηρίαν
2906 2116 3004 2183 τῆς
3051 2115 3285 2187 ἀπάτης,
3329 2118 3426 2183 τὴν
3454 2117 3800 2195 χειραγωγὸν

2148 2211 2245 2273 τῆς
2306 2207 2608 2285 παρακοῆς.
2668 2212 2760 2262 τοῦ
2817 2203 2872 2261 δὲ
2916 2206 3079 2281 νόμου
3123 2204 3374 2283 λέγοντος
3408 2219 3422 2235 ⁸
3470 2211 3579 2260 Πᾶν
3604 2206 3665 2260 τὸ
3710 2202 3798 2259 δι-

419 2302 551 2345 cem
610 2282 1049 2346 inohedientize.
1107 2285 1272 2358 Quod
1305 2295 1503 2348 autem
1542 2286 1708 2361 dicit,
1743 2286 1932 2349 Omne
1953 2288 2064 2347 ad-

420 2373 695 2453 aperiens
742 2374 969 2435 vulvam
1020 2383 1291 2437 sanctum
1348 2375 1641 2438 Domino:
1705 2376 1941 2456 proprie
1991 2376 2063 2437 ad

423 2461 726 2526 Christum
744 2463 935 2524 solum
957 2464 1386 2545 pertinet.lpse
1410 2464 1568 2526 cnim
1595 2465 1823 2543 aperuit
1844 2463 2065 2525 vulvam

423 2550 708 2631 Virginis,
743 2572 875 2613 cum
909 2554 1039 2614 aliis
1070 2555 1155 2615 vir
1194 2553 1420 2635 aperiat
1467 2554 1719 2615 vulvam.
1772 2556 2066 2615 Caeterum

426 2659 534 2721 par
576 2648 873 2703 turturum
904 2642 1106 2704 oll'erri
1132 2642 1314 2723 jussit
1350 2643 1797 2715 lex,ostendens
1819 2642 1972 2724 quod
1998 2661 2067 2702 ex

424 2738 586 2792 casto
616 2731 891 2811 conjugio
925 2741 1271 2807 procreatus
1301 2731 1399 2795 sit.
1438 2731 1651 2795 Dicunt
1683 2732 1842 2794 enim
1874 2739 2067 2793 turtu‘

420 2841 547 2886 rem
572 2842 703 2885 esse
722 2833 947 2887 castum
970 2825 1214 2898 animal,
1249 2844 1505 2906 cumque
1536 2824 1846 2905 conjugem
1888 2824 2066 2884 amit-

421 2915 511 2987 tit,
547 2932 664 2975 non
695 2914 958 2977 secundo
989 2933 1053 2976 se
1083 2914 1347 2995 copulet.
1381 2913 1527 2976 Cum
1553 2924 1754 2975 autem
1807 2932 1925 2974 non
1961 2914 2069 2973 lia-

425 3005 637 3067 herent
664 3014 947 3080 turtures,
981 3006 1317 3068 offerebant
1345 3005 1496 3068 duos
1528 3006 1719 3087 pullos
1752 3004 2067 3067 columba-

421 3111 580 3171 rum,
613 3104 675 3157 ut
698 3095 1106 3175 multiplicatio
1132 3096 1314 3177 prolis
1343 3097 1514 3157 fieret
1543 3096 1657 3157 vita
1689 3094 1857 3172 pueri
1882 3094 2062 3156 illius:

421 3184 742 3245 fecundum
775 3185 931 3245 cnim
963 3185 1182 3247 animal
1215 3185 1510 3248 columba.

504 3272 689 3337 Vsus.
714 3274 933 3339 25-32.
966 3300 990 3330 α
1016 3275 1085 3337 Et
1113 3294 1255 3337 ecce
1286 3276 1463 3337 homo
1485 3281 1611 3336 erat
1646 3272 2068 3355 Hierosolymis

422 3363 517 3425 cui
548 3378 765 3424 nomen
794 3362 1061 3444 Simeon,
1096 3372 1153 3426 et
1184 3365 1359 3425 homo
1394 3366 1503 3425 iste
1546 3364 1741 3444 justus
1789 3382 1859 3423 ac
1909 3363 2061 3443 pius,

424 3461 771 3533 exspectans
799 3452 1262 3515 consolationem
1296 3452 1501 3529 Israel,
1538 3461 1595 3513 et
1624 3451 1879 3534 Spiritus
1901 3471 2066 3511 sanc-

425 3556 517 3609 tus
530 3554 850 3628 eratsuper
863 3556 1086 3609 eumzet
1099 3566 1449 3628 responsum
1475 3544 2067 3627 acceperataSpiritu

421 3646 773 3714 sancto,nnn
805 3638 1065 3700 visurum
1096 3658 1161 3701 se
1199 3648 1468 3713 mortem,
1504 3638 1617 3700 nisi
1660 3638 1820 3718 prius
1847 3638 2069 3698 videret

423 3726 720 3792 Christum
774 3727 1033 3791 Domini.
1066 3727 1141 3789 Et
1171 3727 1333 3789 venit
1362 3746 1470 3808 per
1500 3726 1782 3807 Spiritum
1819 3726 1877 3786 in
1913 3739 2067 3785 tem-

423 3821 830 3902 plum.Etcum
847 3822 1201 3884 inducerent
1220 3839 1468 3901 puerum
1490 3818 1695 3883 Jesum
1720 3828 1987 3899 parentes
2008 3827 2071 3879 ut

420 3911 681 3974 facerent
701 3912 1025 3972 secundum
1043 3909 1533 3971 consuetudinem
1555 3908 1701 3988 legis
1716 3927 1819 3987 pro
1840 3927 1930 3976 eo.
1944 3907 2069 3985 ipse

420 4018 661 4082 quoque
693 4001 919 4079 accepit
962 4017 1096 4062 eum
1134 4000 1193 4059 in
1225 3999 1394 4060 ulnas
1444 4016 1605 4071 suas,
1654 4005 1710 4057 et
1761 3995 2070 4058 benedixit

2146 2308 2370 2373 ανοτγον
2428 2296 2660 2375 μήτραν,
2705 2294 2857 2373 ἅγιον
2903 2302 2980 2370 τῷ
3028 2300 3221 2374 Κυρίῳ,
3256 2296 3329 2356 είς
3382 2294 3605 2368 Χριστὸν
3635 2292 3798 2368 μόνον

2148 2385 2339 2462 κυρίως
2389 2381 2545 2451 ὶξέὄη
2575 2386 2729 2441 τοῦτο
2756 2400 2770 2415 ⁸
2838 2386 2994 2448 αὐτὸς
3043 2386 3143 2462 γὰρ
3189 2383 3420 2453 διήνοιξε
3448 2384 3547 2450 τὴν
3591 2384 3797 2460 μήτραν

2146 2478 2246 2540 τῆς
2307 2473 2589 2553 Παρθένου,
2643 2473 2755 2529 ἐπεὶ
2786 2486 2907 2539 ταῖς
2952 2495 3014 2553 γε
3063 2471 3249 2536 ἄλλαις
3284 2473 3571 2552 μητράσιν,
3606 2474 3633 2528 ὁ
3663 2472 3797 2547 ἀνὴρ

2149 2559 2398 2639 διανοίγει
2444 2562 2543 2628 τὴν
2622 2563 2851 2640 μήτραν,
2935 2569 3126 2641 Ζεῦγος
3197 2561 3252 2617 δὲ
3306 2562 3572 2641 τρυγόνων
3630 2581 3796 2639 προσ-

2151 2652 2324 2731 φέρειν
2356 2648 2627 2707 ἐκέλευσεν
2658 2653 2686 2708 ὁ
2743 2653 2928 2731 νόμος,
2977 2650 3228 2709 δεικνύων
3283 2650 3363 2707 ὅτι
3396 2651 3499 2707 ἀπὸ
3530 2650 3797 2729 σώφρονος

2151 2740 2393 2819 συζδγίας
2449 2742 2485 2809 ἡ
2540 2739 2848 2799 παιδοποιία
2883 2762 2897 2778 ’
2958 2744 3082 2823 φασὶ
3112 2742 3211 2821 γὰρ
3252 2763 3352 2808 την
3380 2740 3625 2819 τρυγόνα,
3684 2744 3798 2794 σῶ-

2150 2852 2277 2910 φρον
2332 2830 2473 2886 εἶναι
2504 2836 2662 2904 ζῶον,
2696 2830 2834 2887 ὥστε
2889 2833 2977 2887 καὶ
3018 2828 3388 2889 ἀποϐαλοῦσαν
3435 2831 3526 2885 τὸν
3556 2829 3795 2906 σύζυγον,

2152 2919 2231 2995 μὴ
2287 2917 2695 2999 δευτερογαμεῒν
2731 2939 2745 2957 ·
2809 2922 2853 2977 εἰ
2907 2919 2961 2976 δὲ
3016 2920 3094 2995 μὴ
3127 2920 3288 2999 εἶχον
3317 2918 3599 2997 τρυγόνας,
3625 2938 3797 2995 προσ-

2155 3008 2334 3088 έφερον
2382 3007 2471 3066 δύο
2528 3010 2772 3073 νεοσσοὺς
2816 3009 3162 3087 περιστερῶν,
3223 3007 3315 3063 ’ίνα
3371 3005 3453 3063 ἐπὶ
3513 3005 3799 3078 πολυτοκίᾳ

2150 3098 2369 3174 γένηται
2417 3100 2451 3167 ἡ
2514 3104 2626 3170 ζωὴ
2667 3106 2759 3156 τοῦ
2790 3097 2972 3161 παιδὸς
3022 3097 3222 3154 ἐκείνου
3250 3117 3263 3132 ·
3306 3098 3343 3165 ἡ
3373 3098 3472 3175 γάρ
3516 3095 3796 3173 περιστερά

2149 3185 2445 3246 πολύτοκον
2476 3191 2609 3259 ζῶον
2620 3235 2634 3251 ,

2234 3303 2260 3333 α
2312 3281 2409 3337 Καὶ
2439 3277 2547 3336 ἰδοὺ
2575 3281 2641 3346 ἦν
2700 3279 2974 3358 ἅνθρωπος
3028 3279 3082 3335 ὲν
3144 3269 3514 3356 Ἰερουσαλὴμ,
3546 3278 3592 3349 ᾧ
3632 3274 3799 3349 ὄνομα

2150 3369 2368 3443 Συμεών
2394 3386 2409 3402 ⁸
2445 3370 2531 3425 καὶ
2586 3371 2615 3425 ὁ
2646 3367 2917 3442 ἄνθρωπος
2975 3369 3150 3446 οὗτος,
3189 3365 3383 3429 δίκαιος
3413 3367 3499 3423 καὶ
3544 3361 3794 3436 εὐλαϐὴς,

2149 3456 2579 3539 προσδεχόμενος
2637 3458 2970 3537 παράκλησιν
3020 3466 3110 3515 τοῦ
3161 3454 3376 3534 Ἰσραὴλ
3409 3471 3423 3485 ⁸
3459 3456 3545 3511 καὶ
3590 3460 3798 3527 Πνεῦμα

2150 3547 2300 3625 ἅγιον
2352 3548 2417 3616 ἦν
2479 3546 2564 3604 ἐπ’
2608 3550 2787 3628 αὐτὸν,
2838 3549 2923 3605 καὶ
2975 3547 3040 3615 ἧν
3103 3550 3245 3620 αὒτῷ
3298 3541 3799 3624 κεχρηματισμένον

2150 3638 2252 3693 ὑπὸ
2310 3659 2403 3693 το)
2462 3638 2765 3714 Πνεύματος
2826 3646 2918 3693 τοῦ
2999 3638 3174 3715 ἀγῖου,
3254 3636 3332 3711 μὴ
3388 3632 3521 3690 ἰδεῖν
3576 3632 3798 3688 θάνατον

2152 3727 2270 3804 πρὶν
2326 3726 2361 3793 ἢ
2423 3725 2517 3803 ἴδῃ
2577 3728 2665 3784 τὸν
2711 3729 2934 3806 Χριστὸν
2984 3727 3168 3805 Κυρίου
3201 3739 3215 3753 '
3278 3725 3365 3779 καὶ
3411 3720 3568 3790 ἦλθεν
3611 3719 3664 3776 ἐν
3725 3726 3801 3792 τῷ

2152 3816 2416 3891 Πνεύματι
2471 3819 2544 3880 εἰς
2602 3819 2664 3873 τὸ
2714 3817 2852 3895 ἱερόν
2887 3836 2902 3854 ⁸
2966 3816 3057 3871 καὶ
3106 3815 3161 3870 ἐν
3216 3818 3293 3886 τῷ
3348 3812 3654 3888 εἰσαγαγεῖν
3679 3807 3799 3869 τοὺς

2151 3919 2331 3982 γονεῖς
2363 3906 2422 3961 τὰ
2463 3905 2670 3983 παιδίον
2733 3904 2961 3980 Ἰησοῦν,
3020 3911 3113 3962 τοῦ
3168 3909 3389 3969 ποιῆσαι
3450 3900 3639 3963 αὐτοὺς
3666 3918 3801 3954 κατα

2150 3995 2211 4049 τὸ
2243 3994 2532 4069 εἰθισμένον
2563 3982 2653 4051 τῦῦ
2709 3995 2871 4071 νόμου
2924 3996 3043 4072 περὶ
3074 3993 3253 4070 αὖτοῦ,
3288 3992 3375 4046 καὶ
3407 3990 3561 4053 αὐτὸς
3594 3986 3801 4052 ἐδέξατο

421 4078 638 4162 Deum,
670 4108 740 4151 ac
770 4078 917 4150 dixit
953 4109 966 4151 :
997 4090 1167 4150 Nunc
1193 4087 1448 4149 ahsolvis
1470 4105 1702 4148 servum
1729 4096 1905 4149 tuum.
1938 4086 2059 4147 Do-

2152 4085 2271 4140 αὒτὸ
2316 4085 2389 4148 εἰς
2429 4085 2523 4147 τὰς
2559 4083 2795 4162 ἀγκάλας
2834 4086 2989 4141 αὒτοῦ
3021 4099 3034 4113 ⁶
3085 4083 3170 4139 καὶ
3200 4079 3459 4158 εύλόγησε
3491 4080 3584 4134 τὸν
3642 4078 3796 4161 Θεὸν,

420 4182 605 4260 mine,
636 4178 965 4241 secundum
1001 4177 1246 4239 verbum
1282 4177 1539 4257 tuum,in
1572 4175 1886 4257 pacezquia
1907 4176 2065 4237 vide-

2152 4174 2232 4229 καὶ
2263 4173 2389 4229 εἷπε
2420 4190 2434 4203 '
2496 4175 2598 4231 Νῦν
2653 4172 2903 4238 ἀπολύεις
2952 4174 3043 4229 τὸν
3102 4169 3285 4228 δοῦλόν
3349 4191 3468 4248 σου,
3532 4166 3793 4233 Δέσποτα,

416 4280 558 4333 runt
593 4269 746 4331 oculi
798 4267 915 4329 mei
961 4267 1219 4329 salutare
1270 4275 1457 4338 tuum,
1493 4268 1649 4346 quod
1687 4266 1901 4346 parasti
1928 4274 2066 4328 ante

2146 4262 2283 4318 κατά
2338 4263 2400 4318 τὸ
2442 4262 2590 4341 ῥῆμά
2639 4285 2758 4337 σου,
2806 4262 2862 4319 ἒν
2894 4264 3080 4341 εἰρήνῃ
3115 4279 3131 4296 ⁸
3165 4260 3245 4315 ὅτι
3292 4257 3437 4316 εἶδον
3466 4260 3512 4312 οἱ
3542 4254 3800 4335 ὀφθαλμοί

417 4359 628 4421 faciem
652 4357 917 4420 omnium
932 4356 1310 4437 populorum:
1330 4354 1528 4417 lumen
1552 4355 1622 4415 ad
1643 4354 2064 4417 revelationem

2152 4374 2251 4427 μου
2302 4355 2365 4408 τὸ
2408 4352 2671 4431 σωτήριόν
2723 4374 2839 4426 σου,
2894 4353 2923 4409 ὃ
2970 4352 3267 4426 ἡτοίμασας
3323 4350 3461 4404 κατά
3516 4347 3799 4423 πρόσωπον

416 4447 711 4528 gentium,
746 4456 802 4507 et
851 4445 1101 4525 gloriam
1164 4443 1356 4525 plebis
1398 4453 1511 4505 tua;
1539 4443 1742 4507 Israel.
1779 4447 1911 4507 Non
1946 4451 2070 4506 erat

415 4536 657 4601 Simeon
691 4534 1103 4611 sacerdos,sed
1132 4534 1308 4594 homo
1334 4534 1519 4595 Deum
1544 4542 1843 4606 amans,et
1865 4552 2071 4612 exspe-

414 4635 580 4689 ctans
593 4625 833 4707 quando
846 4623 1040 4687 veniat
1051 4622 1322 4686 Christus
1335 4622 1757 4685 consolaturus
1769 4622 2067 4703 Hebraeos,

414 4725 474 4779 et
500 4714 860 4777 liberaturus
893 4732 928 4775 a
959 4712 1247 4775 servitute
1291 4710 1546 4791 peccati,
1579 4711 1730 4774 forte
1762 4722 1819 4773 et
1844 4730 1915 4773 ea
1954 4730 2070 4792 qua

414 4806 701 4870 Romanis
732 4812 789 4865 et
812 4802 1032 4865 Herodi
1077 4799 1436 4864 serviebant.
1487 4798 1634 4861 Nam
1684 4800 1784 4882 qui
1833 4800 2067 4862 Christo

412 4894 625 4967 credit,
660 4892 815 4956 liber
835 4902 925 4955 est
957 4909 1189 4965 revera,
1225 4898 1283 4952 et
1331 4890 1652 4951 honoratur
1675 4909 1708 4950 a
1732 4889 1970 4970 regibus
1997 4909 2066 4952 ac

410 4982 753 5047 hominibus
779 4982 1081 5045 omnibus.
1114 4978 1264 5043 Vide
1308 4979 1632 5060 apostolos,
1672 4999 1793 5041 non
1829 4980 2068 5041 fuerunt

410 5072 564 5137 servi
590 5069 1147 5137 Romanorum?sed
1170 5087 1329 5131 nunc
1352 5078 1706 5130 venerantur
1728 5088 1830 5130 eos
1854 5071 2068 5133 Roma.

412 5183 625 5226 norum
656 5182 851 5243 reges.
907 5161 1113 5243 Itaque
1159 5160 1268 5221 hos
1312 5178 1447 5220 cum
1506 5167 1707 5220 essent
1758 5158 2060 5233 Israelitaa,

408 5252 753 5316 consolatus
782 5260 874 5315 est
897 5249 1191 5315 Christus.
1228 5250 1412 5311 Porro
1448 5248 1541 5309 hic
1573 5246 1818 5311 Simeon
1842 5245 2064 5328 Spiritu

2823 4446 2933 4522 φῶς
2979 4443 3054 4503 εἰς
3105 4437 3439 4513 ἀποκάλυψιν
3494 4436 3679 4509 ἐθνῶν,
3714 4440 3800 4495 καὶ

2150 4528 2301 4597 δόξαν
2360 4529 2493 4588 λαοῦ
2534 4552 2629 4588 σου
2679 4530 2917 4610 Ἰσραήλ.
2959 4555 2982 4588 ο
3021 4532 3129 4589 Οὐκ
3170 4533 3236 4598 ἦν
3286 4529 3453 4605 ἱερεὺς
3494 4527 3521 4581 ὂ
3556 4524 3798 4599 Συμεὼν.

2150 4619 2268 4678 ἀλλ’
2315 4620 2584 4700 ἄνθρωπος
2615 4620 2887 4702 θεοφιλὴς,
2946 4622 3034 4678 καὶ
3074 4618 3518 4702 προσδεχόμενος
3535 4615 3614 4670 ὅτι
3646 4612 3798 4668 ἱλεύ-

2149 4731 2298 4767 σεται
2343 4712 2371 4766 ὁ
2410 4696 2674 4789 Χριστὸς,
2719 4696 3447 4790 ’παραμυθησόμενοςντοὺς
3505 4696 3799 4780 Ἐϐραίους,

2150 4800 2238 4855 καὶ
2288 4797 2569 4856 ἀπολύσων
2624 4805 2722 4867 τῆς
2781 4798 3016 4863 δουλείας
3075 4801 3169 4867 τῆς
3229 4799 3330 4853 ὑπὸ
3372 4796 3473 4862 τὴν
3518 4792 3797 4869 ἀμαρτίαν,

2148 4888 2296 4968 τάχα
2327 4886 2381 4945 δὲ
2414 4890 2501 4945 καὶ
2531 4895 2629 4956 τῆς
2682 4891 2784 4946 ὑπό
2828 4892 2949 4953 τοὺς
3009 4881 3297 4964 Ῥωμαίους
3356 4886 3444 4941 καὶ
3498 4885 3590 4939 τὸν
3620 4874 3799 4959 ’Πρώ-

2148 4975 2244 5045 δην
2280 4993 2294 5008 ·
2354 4979 2382 5035 ὀ
2426 4980 2525 5057 γάρ
2556 4985 2633 5054 τῷ
2685 4986 2901 5059 Χριστῷ
2931 4982 3239 5052 πιστεύσας,
3275 4976 3541 5054 ἐλεύθερος
3572 4977 3650 5045 τῷ
3691 4970 3799 5028 ὄντι

2150 5067 2313 5147 ἐστὶν,
2346 5069 2450 5125 ὑπὸ
2503 5067 2765 5144 βασιλέων
2809 5071 2897 5125 καὶ
2954 5069 3165 5129 πάντων
3224 5072 3332 5123 τῶν
3373 5064 3661 5142 ἀνθρώπων
3716 5082 3792 5116 τι-

2148 5156 2417 5233 μώμενος.
2452 5154 2487 5185 ’¹
2501 5155 2576 5215 ιδε
2618 5159 2741 5223 τοὺς
2767 5156 3093 5219 ἀποστόλους
3131 5175 3143 5187 ·
3182 5159 3278 5215 οὒκ
3313 5156 3453 5220 ἦσαν
3495 5148 3668 5207 δοῦλοι
3693 5155 3798 5205 τῶν

2149 5236 2421 5321 Ῥωμαίων
2456 5264 2471 5280 '
2531 5246 2665 5303 ὑλλά
2721 5249 2811 5303 νῦν
2866 5246 3068 5322 τιμῶσι
3124 5247 3213 5302 καὶ
3268 5250 3647 5323 προσκυνοῦσιν
3699 5237 3797 5293 αὒ-

2150 4442 2364 4498 πάντων
2412 4448 2519 4498 τῶν
2576 4440 2720 4498 λαῶν
2755 4459 2770 4473 °

408 5350 610 5405 sancto
648 5351 843 5405 motus
872 5338 1221 5403 ascenditin
1244 5336 1529 5418 templum
1556 5338 1791 5419 quando
1819 5326 2065 5398 adduxit

2152 5335 2266 5398 τοὺς
2324 5338 2371 5392 οἱ
2417 5326 2692 5412 Ῥωμαίων
2746 5334 2990 5413 βασιλεῖς
3026 5354 3041 5370 ⁶
3086 5332 3197 5391 ἰδοὺ
3250 5334 3339 5391 οὖν
3388 5332 3590 5395 τούτοις
3619 5326 3794 5403 παρά-

408 5430 729 5497 Dominum
752 5428 959 5507 Mater,
993 5437 1053 5492 et
1074 5435 1355 5509 suscepto
1388 5425 1513 5502 illo,
1540 5418 1725 5491 Deum
1755 5427 2064 5488 confessus

2152 5424 2336 5494 ιιλησις
2382 5425 2598 5506 γέγονεν
2645 5427 2673 5483 ὁ
2722 5427 2971 5507 Χριστὸς,
3034 5421 3390 5505 Ἰσραηλίταις
3420 5420 3565 5479 οὖσιν
3596 5436 3613 5451 ⁸
3647 5418 3798 5480 οὗτος

480 5565 546 5618 68
577 5565 759 5629 Lavit.
786 5582 897 5647 xu,
928 5563 991 5639 3,
1023 5563 1087 5627 4.
