  <div class='ocr_page' id='page_1' title='image "/cluster/home/n/w/nwhite01/storage/ocr_20150623/123/hvd.32044073502445/384.png"; bbox 0 0 4162 6228; ppageno 0'>
   <div class='ocr_carea' id='block_1_1' title="bbox 359 331 478 398">
    <p class='ocr_par' dir='ltr' id='par_1_1' title="bbox 359 331 478 398">
     <span class='ocr_line' id='line_1_1' title="bbox 359 331 478 398; baseline 0 0"><span class='ocrx_word' id='word_1_1' title='bbox 359 331 478 398; x_wconf 70' lang='lat'><strong>729</strong></span> 
     </span>
    </p>
   </div>
   <div class='ocr_carea' id='block_1_2' title="bbox 1096 323 2965 398">
    <p class='ocr_par' dir='ltr' id='par_1_2' title="bbox 1096 323 2965 398">
     <span class='ocr_line' id='line_1_2' title="bbox 1096 323 2965 398; baseline -0.005 0"><span class='ocrx_word' id='word_1_2' title='bbox 1096 334 1542 398; x_wconf 77' lang='lat' dir='ltr'><strong>ENARRATIO</strong></span> <span class='ocrx_word' id='word_1_3' title='bbox 1586 333 1666 396; x_wconf 88' lang='lat' dir='ltr'><strong>IN</strong></span> <span class='ocrx_word' id='word_1_4' title='bbox 1714 327 2216 396; x_wconf 82' lang='lat' dir='ltr'><strong>EVANGELIUM</strong></span> <span class='ocrx_word' id='word_1_5' title='bbox 2265 323 2508 390; x_wconf 66' lang='lat' dir='ltr'><strong>LUCJ‘J.</strong></span> <span class='ocrx_word' id='word_1_6' title='bbox 2552 363 2626 372; x_wconf 89' lang='lat'><strong>—-</strong></span> <span class='ocrx_word' id='word_1_7' title='bbox 2671 328 2836 391; x_wconf 81' lang='lat' dir='ltr'><strong>CAP.</strong></span> <span class='ocrx_word' id='word_1_8' title='bbox 2889 329 2965 391; x_wconf 91' lang='lat' dir='ltr'><strong>II.</strong></span> 
     </span>
    </p>
   </div>
   <div class='ocr_carea' id='block_1_3' title="bbox 3616 317 3734 386">
    <p class='ocr_par' dir='ltr' id='par_1_3' title="bbox 3616 317 3734 386">
     <span class='ocr_line' id='line_1_3' title="bbox 3616 317 3734 386; baseline -0.017 -2"><span class='ocrx_word' id='word_1_9' title='bbox 3616 317 3734 386; x_wconf 77' lang='lat'><strong>730</strong></span> 
     </span>
    </p>
   </div>
   <div class='ocr_carea' id='block_1_4' title="bbox 350 455 1981 548">
    <p class='ocr_par' dir='ltr' id='par_1_4' title="bbox 350 461 1981 548">
     <span class='ocr_line' id='line_1_4' title="bbox 350 461 1981 548; baseline -0.005 -22"><span class='ocrx_word' id='word_1_10' title='bbox 350 468 437 526; x_wconf 84' lang='grc' dir='ltr'>οὖν</span> <span class='ocrx_word' id='word_1_11' title='bbox 486 473 514 526; x_wconf 99' lang='lat'><strong>6</strong></span> <span class='ocrx_word' id='word_1_12' title='bbox 574 472 820 546; x_wconf 81' lang='grc' dir='ltr'>Συμεὼν,</span> <span class='ocrx_word' id='word_1_13' title='bbox 869 469 1130 544; x_wconf 82' lang='grc' dir='ltr'>[Ινεύματι</span> <span class='ocrx_word' id='word_1_14' title='bbox 1192 469 1326 548; x_wconf 77' lang='grc' dir='ltr'>ἀγίιρ</span> <span class='ocrx_word' id='word_1_15' title='bbox 1392 469 1728 544; x_wconf 86' lang='grc' dir='ltr'>κινούμενος,</span> <span class='ocrx_word' id='word_1_16' title='bbox 1773 461 1981 532; x_wconf 64' lang='grc' dir='ltr'>ἀνῆλθει</span> 
     </span>
    </p>
   </div>
   <div class='ocr_carea' id='block_1_5' title="bbox 2066 455 3721 548">
    <p class='ocr_par' dir='ltr' id='par_1_5' title="bbox 2076 455 3721 548">
     <span class='ocr_line' id='line_1_5' title="bbox 2076 455 3721 548; baseline 0.001 -31"><span class='ocrx_word' id='word_1_17' title='bbox 2076 455 2412 548; x_wconf 67' lang='lat' dir='ltr'><strong>estDicere</strong></span> <span class='ocrx_word' id='word_1_18' title='bbox 2434 457 2573 520; x_wconf 71' lang='lat'><strong>289</strong></span> <span class='ocrx_word' id='word_1_19' title='bbox 2593 459 2956 548; x_wconf 81' lang='lat' dir='ltr'><strong>enim,Nunc</strong></span> <span class='ocrx_word' id='word_1_20' title='bbox 2981 459 3236 522; x_wconf 86' lang='lat' dir='ltr'><strong>absolvis</strong></span> <span class='ocrx_word' id='word_1_21' title='bbox 3267 477 3502 521; x_wconf 85' lang='lat' dir='ltr'><strong>servum</strong></span> <span class='ocrx_word' id='word_1_22' title='bbox 3529 466 3721 548; x_wconf 74' lang='lat' dir='ltr'><strong>tuum,</strong></span> 
     </span>
    </p>
   </div>
   <div class='ocr_carea' id='block_1_6' title="bbox 351 555 1994 638">
    <p class='ocr_par' dir='ltr' id='par_1_6' title="bbox 351 555 1994 638">
     <span class='ocr_line' id='line_1_6' title="bbox 351 555 1994 638; baseline -0.002 -24"><span class='ocrx_word' id='word_1_23' title='bbox 351 559 425 622; x_wconf 68' lang='grc' dir='ltr'><strong>εἷς</strong></span> <span class='ocrx_word' id='word_1_24' title='bbox 467 559 528 616; x_wconf 87' lang='grc' dir='ltr'>τὸ</span> <span class='ocrx_word' id='word_1_25' title='bbox 581 561 744 638; x_wconf 78' lang='grc' dir='ltr'>ἱερὸν,</span> <span class='ocrx_word' id='word_1_26' title='bbox 778 559 866 616; x_wconf 84' lang='grc' dir='ltr'><strong>ὅτε</strong></span> <span class='ocrx_word' id='word_1_27' title='bbox 898 559 1136 638; x_wconf 75' lang='grc' dir='ltr'><strong>ἀνήγαγε</strong></span> <span class='ocrx_word' id='word_1_28' title='bbox 1184 561 1276 615; x_wconf 91' lang='grc' dir='ltr'><strong>τὸν</strong></span> <span class='ocrx_word' id='word_1_29' title='bbox 1333 557 1526 638; x_wconf 79' lang='grc' dir='ltr'>Κύριον</span> <span class='ocrx_word' id='word_1_30' title='bbox 1575 560 1609 626; x_wconf 76' lang='grc' dir='ltr'>ἡ</span> <span class='ocrx_word' id='word_1_31' title='bbox 1643 559 1825 634; x_wconf 83' lang='grc' dir='ltr'>μήτηρ</span> <span class='ocrx_word' id='word_1_32' title='bbox 1859 573 1874 588; x_wconf 75' lang='grc'>⁸</span> <span class='ocrx_word' id='word_1_33' title='bbox 1906 555 1994 611; x_wconf 86' lang='grc' dir='ltr'><strong>καὶ</strong></span> 
     </span>
    </p>
   </div>
   <div class='ocr_carea' id='block_1_7' title="bbox 352 646 1996 726">
    <p class='ocr_par' dir='ltr' id='par_1_7' title="bbox 352 646 1996 726">
     <span class='ocr_line' id='line_1_7' title="bbox 352 646 1996 726; baseline -0.005 -22"><span class='ocrx_word' id='word_1_34' title='bbox 352 646 628 724; x_wconf 56' lang='lat' dir='ltr'><strong>acapna;</strong></span> <span class='ocrx_word' id='word_1_35' title='bbox 677 650 855 719; x_wconf 73' lang='grc' dir='ltr'>αὑτὸν,</span> <span class='ocrx_word' id='word_1_36' title='bbox 918 651 1046 706; x_wconf 82' lang='grc' dir='ltr'><strong>Θεὸν</strong></span> <span class='ocrx_word' id='word_1_37' title='bbox 1106 647 1364 726; x_wconf 75' lang='grc' dir='ltr'>ὁμολογεῖ</span> <span class='ocrx_word' id='word_1_38' title='bbox 1395 665 1410 680; x_wconf 88' lang='grc'>⁶</span> <span class='ocrx_word' id='word_1_39' title='bbox 1471 650 1533 705; x_wconf 90' lang='grc' dir='ltr'><strong>τὸ</strong></span> <span class='ocrx_word' id='word_1_40' title='bbox 1562 649 1662 726; x_wconf 80' lang='grc' dir='ltr'><strong>γὰρ</strong></span> <span class='ocrx_word' id='word_1_41' title='bbox 1693 649 1865 704; x_wconf 75' lang='grc' dir='ltr'>εἰπεῖν</span> <span class='ocrx_word' id='word_1_42' title='bbox 1909 652 1996 700; x_wconf 81' lang='grc' dir='ltr'>νῦν</span> 
     </span>
    </p>
   </div>
   <div class='ocr_carea' id='block_1_8' title="bbox 347 732 1998 820">
    <p class='ocr_par' dir='ltr' id='par_1_8' title="bbox 347 732 1998 820">
     <span class='ocr_line' id='line_1_8' title="bbox 347 732 1998 820; baseline -0.003 -26"><span class='ocrx_word' id='word_1_43' title='bbox 347 737 593 803; x_wconf 85' lang='grc' dir='ltr'>ἀπολύεις</span> <span class='ocrx_word' id='word_1_44' title='bbox 649 761 742 814; x_wconf 89' lang='grc' dir='ltr'><strong>με,</strong></span> <span class='ocrx_word' id='word_1_45' title='bbox 811 739 1080 820; x_wconf 83' lang='grc' dir='ltr'>Δέσποτα,</span> <span class='ocrx_word' id='word_1_46' title='bbox 1129 737 1518 820; x_wconf 77' lang='grc' dir='ltr'>ὁμολογοῦντός</span> <span class='ocrx_word' id='word_1_47' title='bbox 1563 740 1728 816; x_wconf 69' lang='grc' dir='ltr'>ἔστιν,</span> <span class='ocrx_word' id='word_1_48' title='bbox 1773 736 1854 793; x_wconf 77' lang='grc' dir='ltr'><strong>ὅτι</strong></span> <span class='ocrx_word' id='word_1_49' title='bbox 1883 732 1998 796; x_wconf 81' lang='grc' dir='ltr'><strong>Κύ-</strong></span> 
     </span>
    </p>
   </div>
   <div class='ocr_carea' id='block_1_9' title="bbox 347 818 1997 906">
    <p class='ocr_par' dir='ltr' id='par_1_9' title="bbox 347 818 1997 906">
     <span class='ocr_line' id='line_1_9' title="bbox 347 818 1997 906; baseline -0.001 -24"><span class='ocrx_word' id='word_1_50' title='bbox 347 848 452 905; x_wconf 79' lang='grc' dir='ltr'>ριος</span> <span class='ocrx_word' id='word_1_51' title='bbox 495 827 651 889; x_wconf 75' lang='grc' dir='ltr'>αὐτός</span> <span class='ocrx_word' id='word_1_52' title='bbox 702 826 813 883; x_wconf 72' lang='grc' dir='ltr'>ἐστι</span> <span class='ocrx_word' id='word_1_53' title='bbox 869 833 1010 898; x_wconf 73' lang='grc' dir='ltr'>ζωῆς</span> <span class='ocrx_word' id='word_1_54' title='bbox 1063 818 1149 884; x_wconf 83' lang='grc' dir='ltr'><strong>καὶ</strong></span> <span class='ocrx_word' id='word_1_55' title='bbox 1186 828 1438 889; x_wconf 80' lang='grc' dir='ltr'>θανάτου.</span> <span class='ocrx_word' id='word_1_56' title='bbox 1487 818 1640 906; x_wconf 73' lang='grc' dir='ltr'>’Ὅρα</span> <span class='ocrx_word' id='word_1_57' title='bbox 1682 825 1737 882; x_wconf 55' lang='grc' dir='ltr'><strong>δέ</strong></span> <span class='ocrx_word' id='word_1_58' title='bbox 1777 832 1891 890; x_wconf 91' lang='grc' dir='ltr'><strong>πῶς</strong></span> <span class='ocrx_word' id='word_1_59' title='bbox 1949 821 1997 881; x_wconf 68' lang='grc' dir='ltr'>οἱ</span> 
     </span>
    </p>
   </div>
   <div class='ocr_carea' id='block_1_10' title="bbox 345 913 1990 996">
    <p class='ocr_par' dir='ltr' id='par_1_10' title="bbox 345 913 1990 996">
     <span class='ocr_line' id='line_1_10' title="bbox 345 913 1990 996; baseline -0.002 -23"><span class='ocrx_word' id='word_1_60' title='bbox 345 917 512 995; x_wconf 73' lang='grc' dir='ltr'>ἅγιοι,</span> <span class='ocrx_word' id='word_1_61' title='bbox 571 915 765 991; x_wconf 84' lang='grc' dir='ltr'>δεσμὸν</span> <span class='ocrx_word' id='word_1_62' title='bbox 809 915 1106 996; x_wconf 75' lang='grc' dir='ltr'>λογίζονται</span> <span class='ocrx_word' id='word_1_63' title='bbox 1165 919 1227 974; x_wconf 89' lang='grc' dir='ltr'><strong>τὸ</strong></span> <span class='ocrx_word' id='word_1_64' title='bbox 1284 917 1441 993; x_wconf 88' lang='grc' dir='ltr'>σῶμα</span> <span class='ocrx_word' id='word_1_65' title='bbox 1476 935 1491 952; x_wconf 75' lang='grc'>⁸</span> <span class='ocrx_word' id='word_1_66' title='bbox 1555 914 1634 972; x_wconf 84' lang='grc' dir='ltr'><strong>διὸ</strong></span> <span class='ocrx_word' id='word_1_67' title='bbox 1692 917 1780 973; x_wconf 86' lang='grc' dir='ltr'><strong>καὶ</strong></span> <span class='ocrx_word' id='word_1_68' title='bbox 1822 913 1990 990; x_wconf 83' lang='grc' dir='ltr'><strong>λέγει·</strong></span> 
     </span>
    </p>
   </div>
   <div class='ocr_carea' id='block_1_11' title="bbox 349 1002 1990 1082">
    <p class='ocr_par' dir='ltr' id='par_1_11' title="bbox 349 1002 1990 1082">
     <span class='ocr_line' id='line_1_11' title="bbox 349 1002 1990 1082; baseline -0.001 -22"><span class='ocrx_word' id='word_1_69' title='bbox 349 1005 450 1061; x_wconf 65' lang='grc' dir='ltr'><strong>Νῦν</strong></span> <span class='ocrx_word' id='word_1_70' title='bbox 475 1004 747 1079; x_wconf 81' lang='grc' dir='ltr'>ἀπολύεις,</span> <span class='ocrx_word' id='word_1_71' title='bbox 805 1007 877 1066; x_wconf 79' lang='grc' dir='ltr'>ὡς</span> <span class='ocrx_word' id='word_1_72' title='bbox 923 1007 1026 1062; x_wconf 81' lang='grc' dir='ltr'><strong>ἀπὸ</strong></span> <span class='ocrx_word' id='word_1_73' title='bbox 1069 1005 1264 1080; x_wconf 68' lang='grc' dir='ltr'>δεσμοῦ</span> <span class='ocrx_word' id='word_1_74' title='bbox 1301 1027 1312 1039; x_wconf 88' lang='grc'><strong>·</strong></span> <span class='ocrx_word' id='word_1_75' title='bbox 1375 1006 1510 1063; x_wconf 88' lang='grc' dir='ltr'><strong>κατά</strong></span> <span class='ocrx_word' id='word_1_76' title='bbox 1541 1006 1602 1061; x_wconf 88' lang='grc' dir='ltr'><strong>τὸ</strong></span> <span class='ocrx_word' id='word_1_77' title='bbox 1629 1005 1774 1082; x_wconf 77' lang='grc' dir='ltr'>ῥῆμά</span> <span class='ocrx_word' id='word_1_78' title='bbox 1803 1025 1896 1060; x_wconf 88' lang='grc' dir='ltr'><strong>σου</strong></span> <span class='ocrx_word' id='word_1_79' title='bbox 1939 1002 1990 1058; x_wconf 78' lang='grc' dir='ltr'>δὲ</span> 
     </span>
    </p>
   </div>
   <div class='ocr_carea' id='block_1_12' title="bbox 344 1093 1989 1174">
    <p class='ocr_par' dir='ltr' id='par_1_12' title="bbox 344 1093 1989 1174">
     <span class='ocr_line' id='line_1_12' title="bbox 344 1093 1989 1174; baseline -0.001 -26"><span class='ocrx_word' id='word_1_80' title='bbox 344 1096 493 1166; x_wconf 74' lang='grc' dir='ltr'>εἷπε,</span> <span class='ocrx_word' id='word_1_81' title='bbox 527 1093 612 1150; x_wconf 77' lang='grc' dir='ltr'><strong>διὰ</strong></span> <span class='ocrx_word' id='word_1_82' title='bbox 652 1096 743 1150; x_wconf 87' lang='grc' dir='ltr'><strong>τὸν</strong></span> <span class='ocrx_word' id='word_1_83' title='bbox 773 1097 1025 1174; x_wconf 74' lang='grc' dir='ltr'>χρησιὸν</span> <span class='ocrx_word' id='word_1_84' title='bbox 1057 1097 1114 1151; x_wconf 78' lang='grc' dir='ltr'>ὃν</span> <span class='ocrx_word' id='word_1_85' title='bbox 1158 1093 1363 1168; x_wconf 74' lang='grc' dir='ltr'>ἔλαϐεν,</span> <span class='ocrx_word' id='word_1_86' title='bbox 1413 1095 1493 1151; x_wconf 76' lang='grc' dir='ltr'><strong>ὅτι</strong></span> <span class='ocrx_word' id='word_1_87' title='bbox 1525 1099 1585 1154; x_wconf 71' lang='grc' dir='ltr'>οὗ</span> <span class='ocrx_word' id='word_1_88' title='bbox 1629 1094 1706 1169; x_wconf 78' lang='grc' dir='ltr'><strong>μὴ</strong></span> <span class='ocrx_word' id='word_1_89' title='bbox 1752 1093 1989 1170; x_wconf 69' lang='grc' dir='ltr'>ἀποθάνῃ</span> 
     </span>
    </p>
   </div>
   <div class='ocr_carea' id='block_1_13' title="bbox 338 1181 1984 1264">
    <p class='ocr_par' dir='ltr' id='par_1_13' title="bbox 338 1181 1984 1264">
     <span class='ocr_line' id='line_1_13' title="bbox 338 1181 1984 1264; baseline 0.001 -26"><span class='ocrx_word' id='word_1_90' title='bbox 338 1181 438 1247; x_wconf 77' lang='grc' dir='ltr'>ἕως</span> <span class='ocrx_word' id='word_1_91' title='bbox 482 1185 542 1238; x_wconf 73' lang='grc' dir='ltr'>οὗ</span> <span class='ocrx_word' id='word_1_92' title='bbox 591 1181 682 1250; x_wconf 77' lang='grc' dir='ltr'><strong>ἴδη</strong></span> <span class='ocrx_word' id='word_1_93' title='bbox 742 1185 834 1240; x_wconf 84' lang='grc' dir='ltr'><strong>τὸν</strong></span> <span class='ocrx_word' id='word_1_94' title='bbox 881 1185 1102 1262; x_wconf 69' lang='grc' dir='ltr'>Χριστόν</span> <span class='ocrx_word' id='word_1_95' title='bbox 1133 1201 1147 1214; x_wconf 84' lang='grc'><strong><em>⁸</em></strong></span> <span class='ocrx_word' id='word_1_96' title='bbox 1196 1186 1257 1240; x_wconf 84' lang='grc' dir='ltr'><strong>τὸ</strong></span> <span class='ocrx_word' id='word_1_97' title='bbox 1287 1185 1364 1254; x_wconf 77' lang='grc' dir='ltr'>δὲ,</span> <span class='ocrx_word' id='word_1_98' title='bbox 1393 1183 1446 1240; x_wconf 79' lang='grc' dir='ltr'>ἐν</span> <span class='ocrx_word' id='word_1_99' title='bbox 1479 1185 1684 1264; x_wconf 74' lang='grc' dir='ltr'>εἰρήνῃ,</span> <span class='ocrx_word' id='word_1_100' title='bbox 1719 1183 1830 1239; x_wconf 85' lang='grc' dir='ltr'>ἀντὶ</span> <span class='ocrx_word' id='word_1_101' title='bbox 1872 1190 1984 1262; x_wconf 84' lang='grc' dir='ltr'>τοῦ,</span> 
     </span>
    </p>
   </div>
   <div class='ocr_carea' id='block_1_14' title="bbox 334 1270 1982 1352">
    <p class='ocr_par' dir='ltr' id='par_1_14' title="bbox 334 1270 1982 1352">
     <span class='ocr_line' id='line_1_14' title="bbox 334 1270 1982 1352; baseline 0.001 -25"><span class='ocrx_word' id='word_1_102' title='bbox 334 1270 392 1327; x_wconf 75' lang='grc' dir='ltr'>ἐν</span> <span class='ocrx_word' id='word_1_103' title='bbox 445 1271 736 1328; x_wconf 74' lang='grc' dir='ltr'>ἀναπαύσει</span> <span class='ocrx_word' id='word_1_104' title='bbox 771 1290 788 1308; x_wconf 88' lang='grc'>⁶</span> <span class='ocrx_word' id='word_1_105' title='bbox 845 1271 946 1337; x_wconf 78' lang='grc' dir='ltr'>ἕως</span> <span class='ocrx_word' id='word_1_106' title='bbox 1005 1275 1102 1347; x_wconf 76' lang='grc' dir='ltr'>μὲν</span> <span class='ocrx_word' id='word_1_107' title='bbox 1146 1275 1245 1352; x_wconf 79' lang='grc' dir='ltr'><strong>γὰρ</strong></span> <span class='ocrx_word' id='word_1_108' title='bbox 1305 1280 1371 1350; x_wconf 76' lang='grc' dir='ltr'>ζῇ</span> <span class='ocrx_word' id='word_1_109' title='bbox 1400 1276 1428 1330; x_wconf 87' lang='lat'><strong>6</strong></span> <span class='ocrx_word' id='word_1_110' title='bbox 1459 1273 1753 1352; x_wconf 77' lang='grc' dir='ltr'>ἅνθρωπος,</span> <span class='ocrx_word' id='word_1_111' title='bbox 1785 1273 1982 1349; x_wconf 82' lang='grc' dir='ltr'>ταράτ-</span> 
     </span>
    </p>
   </div>
   <div class='ocr_carea' id='block_1_15' title="bbox 334 1360 1980 1442">
    <p class='ocr_par' dir='ltr' id='par_1_15' title="bbox 334 1360 1980 1442">
     <span class='ocr_line' id='line_1_15' title="bbox 334 1360 1980 1442; baseline 0.001 -26"><span class='ocrx_word' id='word_1_112' title='bbox 334 1381 504 1439; x_wconf 81' lang='grc' dir='ltr'>τεται,</span> <span class='ocrx_word' id='word_1_113' title='bbox 551 1362 686 1418; x_wconf 80' lang='grc' dir='ltr'><strong>καθά</strong></span> <span class='ocrx_word' id='word_1_114' title='bbox 714 1362 803 1418; x_wconf 82' lang='grc' dir='ltr'><strong>καὶ</strong></span> <span class='ocrx_word' id='word_1_115' title='bbox 836 1361 1006 1418; x_wconf 59' lang='lat' dir='ltr'><strong>Ant-1‘13</strong></span> <span class='ocrx_word' id='word_1_116' title='bbox 1033 1361 1174 1442; x_wconf 80' lang='grc' dir='ltr'>λέγει</span> <span class='ocrx_word' id='word_1_117' title='bbox 1211 1383 1223 1396; x_wconf 89' lang='grc'><strong>·</strong></span> <span class='ocrx_word' id='word_1_118' title='bbox 1277 1363 1554 1419; x_wconf 84' lang='grc' dir='ltr'>ἀποθατὼν</span> <span class='ocrx_word' id='word_1_119' title='bbox 1583 1361 1661 1436; x_wconf 74' lang='grc' dir='ltr'>δὲ,</span> <span class='ocrx_word' id='word_1_120' title='bbox 1708 1360 1980 1440; x_wconf 73' lang='grc' dir='ltr'>εἰρηνεύειο</span> 
     </span>
    </p>
   </div>
   <div class='ocr_carea' id='block_1_16' title="bbox 336 1447 1981 1531">
    <p class='ocr_par' dir='ltr' id='par_1_16' title="bbox 336 1447 1981 1531">
     <span class='ocr_line' id='line_1_16' title="bbox 336 1447 1981 1531; baseline 0.002 -26"><span class='ocrx_word' id='word_1_121' title='bbox 336 1451 425 1506; x_wconf 82' lang='grc' dir='ltr'><strong>καὶ</strong></span> <span class='ocrx_word' id='word_1_122' title='bbox 481 1447 657 1514; x_wconf 66' lang='grc' dir='ltr'>ἄλλως</span> <span class='ocrx_word' id='word_1_123' title='bbox 702 1447 755 1506; x_wconf 78' lang='grc' dir='ltr'><strong>δί</strong></span> <span class='ocrx_word' id='word_1_124' title='bbox 787 1453 850 1507; x_wconf 92' lang='grc' dir='ltr'><strong>τὸ</strong></span> <span class='ocrx_word' id='word_1_125' title='bbox 882 1451 936 1507; x_wconf 79' lang='grc' dir='ltr'>ἐν</span> <span class='ocrx_word' id='word_1_126' title='bbox 969 1452 1152 1530; x_wconf 73' lang='grc' dir='ltr'>εἱρὴνῃ</span> <span class='ocrx_word' id='word_1_127' title='bbox 1196 1454 1431 1530; x_wconf 70' lang='grc' dir='ltr'>νοήσεις,</span> <span class='ocrx_word' id='word_1_128' title='bbox 1463 1451 1754 1531; x_wconf 71' lang='grc' dir='ltr'><strong>τουτέστιν,</strong></span> <span class='ocrx_word' id='word_1_129' title='bbox 1801 1451 1856 1507; x_wconf 84' lang='grc' dir='ltr'>ἐν</span> <span class='ocrx_word' id='word_1_130' title='bbox 1913 1458 1981 1528; x_wconf 79' lang='grc' dir='ltr'><strong>τῇ</strong></span> 
     </span>
    </p>
   </div>
   <div class='ocr_carea' id='block_1_17' title="bbox 336 1535 1981 1620">
    <p class='ocr_par' dir='ltr' id='par_1_17' title="bbox 336 1535 1981 1620">
     <span class='ocr_line' id='line_1_17' title="bbox 336 1535 1981 1620; baseline 0.001 -28"><span class='ocrx_word' id='word_1_131' title='bbox 336 1538 432 1605; x_wconf 76' lang='grc' dir='ltr'><strong>τῆς</strong></span> <span class='ocrx_word' id='word_1_132' title='bbox 461 1535 672 1602; x_wconf 74' lang='grc' dir='ltr'>ἐλπῖδος</span> <span class='ocrx_word' id='word_1_133' title='bbox 732 1537 1024 1615; x_wconf 80' lang='grc' dir='ltr'>ἀπολήψει,</span> <span class='ocrx_word' id='word_1_134' title='bbox 1073 1542 1196 1620; x_wconf 81' lang='grc' dir='ltr'>Πρὶν</span> <span class='ocrx_word' id='word_1_135' title='bbox 1254 1541 1349 1616; x_wconf 72' lang='grc' dir='ltr'>μὲν</span> <span class='ocrx_word' id='word_1_136' title='bbox 1392 1542 1492 1620; x_wconf 80' lang='grc' dir='ltr'><strong>γὰρ</strong></span> <span class='ocrx_word' id='word_1_137' title='bbox 1521 1539 1644 1620; x_wconf 75' lang='grc' dir='ltr'>ἴδω,</span> <span class='ocrx_word' id='word_1_138' title='bbox 1678 1541 1830 1619; x_wconf 73' lang='grc' dir='ltr'>φησὶ,</span> <span class='ocrx_word' id='word_1_139' title='bbox 1889 1540 1981 1595; x_wconf 91' lang='grc' dir='ltr'><strong>τὸν</strong></span> 
     </span>
    </p>
   </div>
   <div class='ocr_carea' id='block_1_18' title="bbox 343 1626 1980 1708">
    <p class='ocr_par' dir='ltr' id='par_1_18' title="bbox 343 1626 1980 1708">
     <span class='ocr_line' id='line_1_18' title="bbox 343 1626 1980 1708; baseline -0.001 -25"><span class='ocrx_word' id='word_1_140' title='bbox 343 1630 550 1706; x_wconf 81' lang='grc' dir='ltr'>Κύριον,</span> <span class='ocrx_word' id='word_1_141' title='bbox 606 1629 700 1685; x_wconf 70' lang='grc' dir='ltr'>οὔκ</span> <span class='ocrx_word' id='word_1_142' title='bbox 782 1629 1046 1706; x_wconf 81' lang='grc' dir='ltr'>εἰρήνευον</span> <span class='ocrx_word' id='word_1_143' title='bbox 1121 1643 1238 1688; x_wconf 67' lang='grc' dir='ltr'>τοῖς</span> <span class='ocrx_word' id='word_1_144' title='bbox 1308 1629 1617 1708; x_wconf 64' lang='grc' dir='ltr'>λογισμοῖς,</span> <span class='ocrx_word' id='word_1_145' title='bbox 1677 1626 1980 1707; x_wconf 77' lang='grc' dir='ltr'>προσδοκῶν</span> 
     </span>
    </p>
   </div>
   <div class='ocr_carea' id='block_1_19' title="bbox 339 1715 1986 1796">
    <p class='ocr_par' dir='ltr' id='par_1_19' title="bbox 339 1715 1986 1796">
     <span class='ocr_line' id='line_1_19' title="bbox 339 1715 1986 1796; baseline 0.001 -24"><span class='ocrx_word' id='word_1_146' title='bbox 339 1715 496 1772; x_wconf 65' lang='grc' dir='ltr'>αὺτὸν</span> <span class='ocrx_word' id='word_1_147' title='bbox 552 1718 641 1773; x_wconf 88' lang='grc' dir='ltr'><strong>καὶ</strong></span> <span class='ocrx_word' id='word_1_148' title='bbox 709 1717 792 1773; x_wconf 77' lang='grc' dir='ltr'><strong>ἀεὶ</strong></span> <span class='ocrx_word' id='word_1_149' title='bbox 848 1721 1136 1796; x_wconf 73' lang='grc' dir='ltr'>φροντίζων</span> <span class='ocrx_word' id='word_1_150' title='bbox 1206 1719 1336 1776; x_wconf 86' lang='grc' dir='ltr'>πότε</span> <span class='ocrx_word' id='word_1_151' title='bbox 1396 1718 1666 1776; x_wconf 75' lang='grc' dir='ltr'>ἐλεύσεται</span> <span class='ocrx_word' id='word_1_152' title='bbox 1697 1736 1714 1751; x_wconf 84' lang='grc'>⁶</span> <span class='ocrx_word' id='word_1_153' title='bbox 1787 1726 1873 1776; x_wconf 84' lang='grc' dir='ltr'><strong>νῦν</strong></span> <span class='ocrx_word' id='word_1_154' title='bbox 1932 1716 1986 1774; x_wconf 75' lang='grc' dir='ltr'>δὲ</span> 
     </span>
    </p>
   </div>
   <div class='ocr_carea' id='block_1_20' title="bbox 338 1806 1969 1890">
    <p class='ocr_par' dir='ltr' id='par_1_20' title="bbox 338 1806 1969 1890">
     <span class='ocr_line' id='line_1_20' title="bbox 338 1806 1969 1890; baseline 0.001 -27"><span class='ocrx_word' id='word_1_155' title='bbox 338 1806 459 1864; x_wconf 80' lang='grc' dir='ltr'>ἷδὼν</span> <span class='ocrx_word' id='word_1_156' title='bbox 517 1809 672 1867; x_wconf 73' lang='grc' dir='ltr'>αὐτὸν</span> <span class='ocrx_word' id='word_1_157' title='bbox 743 1810 832 1865; x_wconf 87' lang='grc' dir='ltr'><strong>καὶ</strong></span> <span class='ocrx_word' id='word_1_158' title='bbox 918 1810 1221 1888; x_wconf 76' lang='grc' dir='ltr'>εἶρηνεύσας</span> <span class='ocrx_word' id='word_1_159' title='bbox 1277 1812 1367 1866; x_wconf 83' lang='grc' dir='ltr'><strong>καὶ</strong></span> <span class='ocrx_word' id='word_1_160' title='bbox 1431 1809 1839 1890; x_wconf 62' lang='grc' dir='ltr'>ἀποφροντίσαςς</span> <span class='ocrx_word' id='word_1_161' title='bbox 1910 1808 1969 1864; x_wconf 77' lang='grc' dir='ltr'>ἵν</span> 
     </span>
    </p>
   </div>
   <div class='ocr_carea' id='block_1_21' title="bbox 335 1895 1114 1975">
    <p class='ocr_par' dir='ltr' id='par_1_21' title="bbox 335 1895 1114 1975">
     <span class='ocr_line' id='line_1_21' title="bbox 335 1895 1114 1975; baseline 0.003 -22"><span class='ocrx_word' id='word_1_162' title='bbox 335 1897 503 1962; x_wconf 80' lang='grc' dir='ltr'>οὕτως</span> <span class='ocrx_word' id='word_1_163' title='bbox 536 1895 702 1970; x_wconf 73' lang='grc' dir='ltr'>εἴπω,</span> <span class='ocrx_word' id='word_1_164' title='bbox 763 1897 1064 1975; x_wconf 76' lang='grc' dir='ltr'>ἀπολύομαι</span> <span class='ocrx_word' id='word_1_165' title='bbox 1101 1918 1114 1933; x_wconf 84' lang='grc'><em>’</em></span> 
     </span>
    </p>
   </div>
   <div class='ocr_carea' id='block_1_22' title="bbox 336 1988 1988 2067">
    <p class='ocr_par' dir='ltr' id='par_1_22' title="bbox 336 1988 1988 2067">
     <span class='ocr_line' id='line_1_22' title="bbox 336 1988 1988 2067; baseline 0.001 -24"><span class='ocrx_word' id='word_1_166' title='bbox 336 2009 502 2043; x_wconf 86' lang='grc' dir='ltr'>κωσιν</span> <span class='ocrx_word' id='word_1_167' title='bbox 569 1994 661 2044; x_wconf 83' lang='grc' dir='ltr'>τοῦ</span> <span class='ocrx_word' id='word_1_168' title='bbox 746 1995 1097 2067; x_wconf 78' lang='grc' dir='ltr'>Μονογενοῦς,</span> <span class='ocrx_word' id='word_1_169' title='bbox 1158 1989 1222 2057; x_wconf 68' lang='grc' dir='ltr'>ἢν</span> <span class='ocrx_word' id='word_1_170' title='bbox 1287 1988 1576 2063; x_wconf 70' lang='grc' dir='ltr'>ἡτοίμασεν</span> <span class='ocrx_word' id='word_1_171' title='bbox 1635 1991 1662 2044; x_wconf 93' lang='lat'><strong>6</strong></span> <span class='ocrx_word' id='word_1_172' title='bbox 1709 1991 1838 2052; x_wconf 87' lang='grc' dir='ltr'>Θεὸς</span> <span class='ocrx_word' id='word_1_173' title='bbox 1887 1989 1988 2066; x_wconf 86' lang='grc' dir='ltr'><strong>πρὸ</strong></span> 
     </span>
    </p>
   </div>
   <div class='ocr_carea' id='block_1_23' title="bbox 335 2075 1987 2158">
    <p class='ocr_par' dir='ltr' id='par_1_23' title="bbox 335 2075 1987 2158">
     <span class='ocr_line' id='line_1_23' title="bbox 335 2075 1987 2158; baseline -0.001 -26"><span class='ocrx_word' id='word_1_174' title='bbox 335 2077 548 2132; x_wconf 63' lang='grc' dir='ltr'>πάντων</span> <span class='ocrx_word' id='word_1_175' title='bbox 595 2083 701 2132; x_wconf 91' lang='grc' dir='ltr'><strong>τῶν</strong></span> <span class='ocrx_word' id='word_1_176' title='bbox 743 2076 947 2133; x_wconf 78' lang='grc' dir='ltr'>αἰώνων</span> <span class='ocrx_word' id='word_1_177' title='bbox 979 2094 994 2110; x_wconf 89' lang='grc'><strong>·</strong></span> <span class='ocrx_word' id='word_1_178' title='bbox 1033 2079 1170 2134; x_wconf 82' lang='grc' dir='ltr'><strong>κατά</strong></span> <span class='ocrx_word' id='word_1_179' title='bbox 1213 2079 1498 2158; x_wconf 83' lang='grc' dir='ltr'>πρόσωπον</span> <span class='ocrx_word' id='word_1_180' title='bbox 1528 2075 1581 2133; x_wconf 75' lang='grc' dir='ltr'><strong>δέ</strong></span> <span class='ocrx_word' id='word_1_181' title='bbox 1625 2077 1838 2134; x_wconf 76' lang='grc' dir='ltr'>πάντων</span> <span class='ocrx_word' id='word_1_182' title='bbox 1882 2083 1987 2131; x_wconf 86' lang='grc' dir='ltr'><strong>τῶν</strong></span> 
     </span>
    </p>
   </div>
   <div class='ocr_carea' id='block_1_24' title="bbox 336 2165 1985 2244">
    <p class='ocr_par' dir='ltr' id='par_1_24' title="bbox 336 2165 1985 2244">
     <span class='ocr_line' id='line_1_24' title="bbox 336 2165 1985 2244; baseline 0 -24"><span class='ocrx_word' id='word_1_183' title='bbox 336 2165 477 2220; x_wconf 87' lang='grc' dir='ltr'>λαῶν</span> <span class='ocrx_word' id='word_1_184' title='bbox 531 2169 727 2233; x_wconf 85' lang='grc' dir='ltr'>ταύτην</span> <span class='ocrx_word' id='word_1_185' title='bbox 771 2167 869 2232; x_wconf 76' lang='grc' dir='ltr'><strong>τὴν</strong></span> <span class='ocrx_word' id='word_1_186' title='bbox 914 2166 1178 2244; x_wconf 70' lang='grc' dir='ltr'>σωτηρίαν</span> <span class='ocrx_word' id='word_1_187' title='bbox 1210 2166 1500 2242; x_wconf 75' lang='grc' dir='ltr'>ἡτοίμασεν</span> <span class='ocrx_word' id='word_1_188' title='bbox 1535 2171 1550 2197; x_wconf 89' lang='lat'>‘</span> <span class='ocrx_word' id='word_1_189' title='bbox 1581 2165 1674 2222; x_wconf 78' lang='grc' dir='ltr'>ἵνα</span> <span class='ocrx_word' id='word_1_190' title='bbox 1706 2167 1806 2243; x_wconf 77' lang='grc' dir='ltr'><strong>γὰρ</strong></span> <span class='ocrx_word' id='word_1_191' title='bbox 1838 2166 1985 2242; x_wconf 78' lang='grc' dir='ltr'>σώσῃ</span> 
     </span>
    </p>
   </div>
   <div class='ocr_carea' id='block_1_25' title="bbox 333 2253 1980 2336">
    <p class='ocr_par' dir='ltr' id='par_1_25' title="bbox 333 2253 1980 2336">
     <span class='ocr_line' id='line_1_25' title="bbox 333 2253 1980 2336; baseline 0 -27"><span class='ocrx_word' id='word_1_192' title='bbox 333 2255 424 2310; x_wconf 91' lang='grc' dir='ltr'><strong>τὸν</strong></span> <span class='ocrx_word' id='word_1_193' title='bbox 456 2253 685 2332; x_wconf 81' lang='grc' dir='ltr'>κόσμον,</span> <span class='ocrx_word' id='word_1_194' title='bbox 727 2257 815 2311; x_wconf 80' lang='grc' dir='ltr'>καὶ</span> <span class='ocrx_word' id='word_1_195' title='bbox 858 2254 951 2310; x_wconf 88' lang='grc' dir='ltr'>’ίνα</span> <span class='ocrx_word' id='word_1_196' title='bbox 1007 2262 1167 2312; x_wconf 80' lang='grc' dir='ltr'>πᾶσιν</span> <span class='ocrx_word' id='word_1_197' title='bbox 1219 2255 1522 2336; x_wconf 71' lang='grc' dir='ltr'>ἐμφανισθῇ</span> <span class='ocrx_word' id='word_1_198' title='bbox 1576 2257 1604 2322; x_wconf 67' lang='grc' dir='ltr'>ἓ,</span> <span class='ocrx_word' id='word_1_199' title='bbox 1637 2256 1794 2312; x_wconf 73' lang='grc' dir='ltr'>αὐτοῦ</span> <span class='ocrx_word' id='word_1_200' title='bbox 1851 2255 1980 2331; x_wconf 82' lang='grc' dir='ltr'>σάρ-</span> 
     </span>
    </p>
   </div>
   <div class='ocr_carea' id='block_1_26' title="bbox 336 2343 1986 2421">
    <p class='ocr_par' dir='ltr' id='par_1_26' title="bbox 336 2343 1986 2421">
     <span class='ocr_line' id='line_1_26' title="bbox 336 2343 1986 2421; baseline -0.001 -22"><span class='ocrx_word' id='word_1_201' title='bbox 336 2364 524 2416; x_wconf 83' lang='grc' dir='ltr'>κωσις,</span> <span class='ocrx_word' id='word_1_202' title='bbox 591 2345 776 2401; x_wconf 85' lang='grc' dir='ltr'>τούτου</span> <span class='ocrx_word' id='word_1_203' title='bbox 861 2343 1038 2400; x_wconf 77' lang='grc' dir='ltr'>ἕνεκεν</span> <span class='ocrx_word' id='word_1_204' title='bbox 1106 2343 1407 2421; x_wconf 76' lang='grc' dir='ltr'>ἐσαρκώθη.</span> <span class='ocrx_word' id='word_1_205' title='bbox 1485 2345 1556 2401; x_wconf 85' lang='grc' dir='ltr'>Τὸ</span> <span class='ocrx_word' id='word_1_206' title='bbox 1608 2343 1663 2398; x_wconf 77' lang='grc' dir='ltr'><strong>δέ</strong></span> <span class='ocrx_word' id='word_1_207' title='bbox 1723 2345 1986 2418; x_wconf 85' lang='grc' dir='ltr'>σωτήριον</span> 
     </span>
    </p>
   </div>
   <div class='ocr_carea' id='block_1_27' title="bbox 337 2432 1983 2513">
    <p class='ocr_par' dir='ltr' id='par_1_27' title="bbox 337 2432 1983 2513">
     <span class='ocr_line' id='line_1_27' title="bbox 337 2432 1983 2513; baseline -0.002 -25"><span class='ocrx_word' id='word_1_208' title='bbox 337 2439 489 2489; x_wconf 82' lang='grc' dir='ltr'>τοῦτο</span> <span class='ocrx_word' id='word_1_209' title='bbox 552 2439 661 2513; x_wconf 74' lang='grc' dir='ltr'><strong>φῶς</strong></span> <span class='ocrx_word' id='word_1_210' title='bbox 723 2434 866 2489; x_wconf 80' lang='grc' dir='ltr'>ἐστιν</span> <span class='ocrx_word' id='word_1_211' title='bbox 921 2435 995 2495; x_wconf 76' lang='grc' dir='ltr'>εἷς</span> <span class='ocrx_word' id='word_1_212' title='bbox 1052 2433 1388 2509; x_wconf 67' lang='grc' dir='ltr'>ἀποκάλυψιν</span> <span class='ocrx_word' id='word_1_213' title='bbox 1451 2432 1633 2506; x_wconf 78' lang='grc' dir='ltr'>ἐθνῶν,</span> <span class='ocrx_word' id='word_1_214' title='bbox 1693 2432 1983 2511; x_wconf 81' lang='grc' dir='ltr'>τουτέστιν,</span> 
     </span>
    </p>
   </div>
   <div class='ocr_carea' id='block_1_28' title="bbox 336 2520 1987 2602">
    <p class='ocr_par' dir='ltr' id='par_1_28' title="bbox 336 2520 1987 2602">
     <span class='ocr_line' id='line_1_28' title="bbox 336 2520 1987 2602; baseline -0.002 -24"><span class='ocrx_word' id='word_1_215' title='bbox 336 2524 410 2587; x_wconf 85' lang='grc' dir='ltr'><strong>εἰς</strong></span> <span class='ocrx_word' id='word_1_216' title='bbox 467 2524 741 2602; x_wconf 77' lang='grc' dir='ltr'>φωτισμόν</span> <span class='ocrx_word' id='word_1_217' title='bbox 818 2529 923 2579; x_wconf 84' lang='grc' dir='ltr'><strong>τῶν</strong></span> <span class='ocrx_word' id='word_1_218' title='bbox 1000 2523 1387 2597; x_wconf 82' lang='grc' dir='ltr'>έσκοτισμένων</span> <span class='ocrx_word' id='word_1_219' title='bbox 1446 2525 1630 2596; x_wconf 72' lang='grc' dir='ltr'>ἒθνῶν,</span> <span class='ocrx_word' id='word_1_220' title='bbox 1691 2523 1780 2578; x_wconf 85' lang='grc' dir='ltr'><strong>καὶ</strong></span> <span class='ocrx_word' id='word_1_221' title='bbox 1837 2520 1987 2586; x_wconf 79' lang='grc' dir='ltr'>δόξαν</span> 
     </span>
    </p>
   </div>
   <div class='ocr_carea' id='block_1_29' title="bbox 335 2610 1984 2692">
    <p class='ocr_par' dir='ltr' id='par_1_29' title="bbox 335 2610 1984 2692">
     <span class='ocr_line' id='line_1_29' title="bbox 335 2610 1984 2692; baseline -0.001 -24"><span class='ocrx_word' id='word_1_222' title='bbox 335 2615 440 2668; x_wconf 81' lang='grc' dir='ltr'><strong>τῶν</strong></span> <span class='ocrx_word' id='word_1_223' title='bbox 502 2612 846 2691; x_wconf 78' lang='grc' dir='ltr'>Ἰσραηλιτῶν</span> <span class='ocrx_word' id='word_1_224' title='bbox 880 2628 894 2642; x_wconf 85' lang='grc'><strong>⁸</strong></span> <span class='ocrx_word' id='word_1_225' title='bbox 959 2611 1080 2677; x_wconf 77' lang='grc' dir='ltr'>δόξα</span> <span class='ocrx_word' id='word_1_226' title='bbox 1139 2615 1240 2691; x_wconf 75' lang='grc' dir='ltr'><strong>γὰρ</strong></span> <span class='ocrx_word' id='word_1_227' title='bbox 1295 2615 1323 2668; x_wconf 87' lang='lat'><strong>6</strong></span> <span class='ocrx_word' id='word_1_228' title='bbox 1377 2614 1600 2692; x_wconf 80' lang='grc' dir='ltr'>Χριστὸς</span> <span class='ocrx_word' id='word_1_229' title='bbox 1639 2619 1733 2669; x_wconf 68' lang='grc' dir='ltr'>τοῦ</span> <span class='ocrx_word' id='word_1_230' title='bbox 1773 2610 1984 2678; x_wconf 77' lang='grc' dir='ltr'>ἀληθῶς</span> 
     </span>
    </p>
   </div>
   <div class='ocr_carea' id='block_1_30' title="bbox 336 2699 1983 2779">
    <p class='ocr_par' dir='ltr' id='par_1_30' title="bbox 336 2699 1983 2779">
     <span class='ocr_line' id='line_1_30' title="bbox 336 2699 1983 2779; baseline -0.001 -22"><span class='ocrx_word' id='word_1_231' title='bbox 336 2700 469 2758; x_wconf 69' lang='grc' dir='ltr'>λαοῦ</span> <span class='ocrx_word' id='word_1_232' title='bbox 508 2709 602 2759; x_wconf 82' lang='grc' dir='ltr'>τοῦ</span> <span class='ocrx_word' id='word_1_233' title='bbox 655 2700 890 2779; x_wconf 75' lang='grc' dir='ltr'>Ἰσραὴλ,</span> <span class='ocrx_word' id='word_1_234' title='bbox 949 2703 1079 2758; x_wconf 77' lang='grc' dir='ltr'>καθὸ</span> <span class='ocrx_word' id='word_1_235' title='bbox 1131 2701 1186 2767; x_wconf 64' lang='grc' dir='ltr'><strong>ἒξ</strong></span> <span class='ocrx_word' id='word_1_236' title='bbox 1242 2705 1412 2758; x_wconf 73' lang='grc' dir='ltr'>αὒτῶν</span> <span class='ocrx_word' id='word_1_237' title='bbox 1470 2699 1791 2757; x_wconf 79' lang='grc' dir='ltr'>ἀνατέταλκε</span> <span class='ocrx_word' id='word_1_238' title='bbox 1825 2717 1840 2732; x_wconf 87' lang='grc'><strong><em>⁸</em></strong></span> <span class='ocrx_word' id='word_1_239' title='bbox 1896 2702 1983 2756; x_wconf 81' lang='grc' dir='ltr'><strong>καὶ</strong></span> 
     </span>
    </p>
   </div>
   <div class='ocr_carea' id='block_1_31' title="bbox 337 2789 1983 2868">
    <p class='ocr_par' dir='ltr' id='par_1_31' title="bbox 337 2789 1983 2868">
     <span class='ocr_line' id='line_1_31' title="bbox 337 2789 1983 2868; baseline -0.001 -22"><span class='ocrx_word' id='word_1_240' title='bbox 337 2789 828 2868; x_wconf 74' lang='grc' dir='ltr'>ἐγκαλλωπίζονται</span> <span class='ocrx_word' id='word_1_241' title='bbox 887 2789 1057 2864; x_wconf 78' lang='grc' dir='ltr'>τούτῳ</span> <span class='ocrx_word' id='word_1_242' title='bbox 1124 2793 1172 2846; x_wconf 70' lang='grc' dir='ltr'>οἱ</span> <span class='ocrx_word' id='word_1_243' title='bbox 1228 2789 1392 2852; x_wconf 70' lang='grc' dir='ltr'>ὅντως</span> <span class='ocrx_word' id='word_1_244' title='bbox 1425 2791 1754 2868; x_wconf 74' lang='grc' dir='ltr'>εὒγνώμονες</span> <span class='ocrx_word' id='word_1_245' title='bbox 1810 2792 1983 2847; x_wconf 64' lang='grc' dir='ltr'>Ταῦτα</span> 
     </span>
    </p>
   </div>
   <div class='ocr_carea' id='block_1_32' title="bbox 331 2878 1982 2956">
    <p class='ocr_par' dir='ltr' id='par_1_32' title="bbox 331 2878 1982 2956">
     <span class='ocr_line' id='line_1_32' title="bbox 331 2878 1982 2956; baseline -0.001 -20"><span class='ocrx_word' id='word_1_246' title='bbox 331 2883 358 2936; x_wconf 90' lang='lat'><strong>6</strong></span> <span class='ocrx_word' id='word_1_247' title='bbox 420 2880 664 2956; x_wconf 84' lang='grc' dir='ltr'>Συμεών.</span> <span class='ocrx_word' id='word_1_248' title='bbox 717 2889 879 2937; x_wconf 75' lang='grc' dir='ltr'>Δοκεῖ</span> <span class='ocrx_word' id='word_1_249' title='bbox 917 2878 973 2936; x_wconf 81' lang='grc' dir='ltr'><strong>δέ</strong></span> <span class='ocrx_word' id='word_1_250' title='bbox 1014 2903 1105 2956; x_wconf 85' lang='grc' dir='ltr'><strong>μοι</strong></span> <span class='ocrx_word' id='word_1_251' title='bbox 1149 2881 1238 2936; x_wconf 81' lang='grc' dir='ltr'>καὶ</span> <span class='ocrx_word' id='word_1_252' title='bbox 1275 2882 1339 2936; x_wconf 83' lang='grc' dir='ltr'><strong>τά</strong></span> <span class='ocrx_word' id='word_1_253' title='bbox 1380 2882 1474 2936; x_wconf 77' lang='grc' dir='ltr'>τοῦ</span> <span class='ocrx_word' id='word_1_254' title='bbox 1509 2878 1675 2938; x_wconf 65' lang='grc' dir='ltr'><strong>Δαυῖδ</strong></span> <span class='ocrx_word' id='word_1_255' title='bbox 1700 2879 1784 2936; x_wconf 80' lang='grc' dir='ltr'><strong>ἐπὶ</strong></span> <span class='ocrx_word' id='word_1_256' title='bbox 1814 2880 1982 2952; x_wconf 82' lang='grc' dir='ltr'>τούτῷ</span> 
     </span>
    </p>
   </div>
   <div class='ocr_carea' id='block_1_33' title="bbox 326 2967 1982 3050">
    <p class='ocr_par' dir='ltr' id='par_1_33' title="bbox 326 2967 1982 3050">
     <span class='ocr_line' id='line_1_33' title="bbox 326 2967 1982 3050; baseline -0.002 -24"><span class='ocrx_word' id='word_1_257' title='bbox 326 2970 578 3048; x_wconf 78' lang='grc' dir='ltr'>ἀρμύζειν</span> <span class='ocrx_word' id='word_1_258' title='bbox 621 2971 698 3044; x_wconf 80' lang='grc' dir='ltr'>τῷ</span> <span class='ocrx_word' id='word_1_259' title='bbox 727 2969 969 3046; x_wconf 83' lang='grc' dir='ltr'>Συμεῶνι</span> <span class='ocrx_word' id='word_1_260' title='bbox 1004 2985 1020 3002; x_wconf 89' lang='grc'><strong>⁰</strong></span> <span class='ocrx_word' id='word_1_261' title='bbox 1057 2969 1405 3050; x_wconf 76' lang='grc' dir='ltr'>Μακρότητος</span> <span class='ocrx_word' id='word_1_262' title='bbox 1455 2971 1670 3048; x_wconf 70' lang='grc' dir='ltr'>ἡμερῶν</span> <span class='ocrx_word' id='word_1_263' title='bbox 1718 2967 1982 3044; x_wconf 79' lang='grc' dir='ltr'>ἐμπλήσω</span> 
     </span>
    </p>
   </div>
   <div class='ocr_carea' id='block_1_34' title="bbox 329 3057 1878 3137">
    <p class='ocr_par' dir='ltr' id='par_1_34' title="bbox 329 3057 1878 3137">
     <span class='ocr_line' id='line_1_34' title="bbox 329 3057 1878 3137; baseline 0 -22"><span class='ocrx_word' id='word_1_264' title='bbox 329 3061 506 3132; x_wconf 80' lang='grc' dir='ltr'>αὐτὸν,</span> <span class='ocrx_word' id='word_1_265' title='bbox 541 3061 630 3116; x_wconf 84' lang='grc' dir='ltr'><strong>καὶ</strong></span> <span class='ocrx_word' id='word_1_266' title='bbox 655 3057 806 3124; x_wconf 80' lang='grc' dir='ltr'>δείξω</span> <span class='ocrx_word' id='word_1_267' title='bbox 831 3060 972 3132; x_wconf 72' lang='grc' dir='ltr'>αὒτῷ</span> <span class='ocrx_word' id='word_1_268' title='bbox 1001 3061 1062 3115; x_wconf 90' lang='grc' dir='ltr'><strong>τὸ</strong></span> <span class='ocrx_word' id='word_1_269' title='bbox 1090 3059 1358 3137; x_wconf 83' lang='grc' dir='ltr'>σωτήριόν</span> <span class='ocrx_word' id='word_1_270' title='bbox 1380 3081 1508 3134; x_wconf 74' lang='grc' dir='ltr'>μου.</span> <span class='ocrx_word' id='word_1_271' title='bbox 1874 3075 1878 3079; x_wconf 64' lang='grc'><strong>⁷</strong></span> 
     </span>
    </p>
   </div>
   <div class='ocr_carea' id='block_1_35' title="bbox 415 3147 2038 3236">
    <p class='ocr_par' dir='ltr' id='par_1_35' title="bbox 415 3147 2038 3236">
     <span class='ocr_line' id='line_1_35' title="bbox 415 3147 2038 3236; baseline 0 -32"><span class='ocrx_word' id='word_1_272' title='bbox 415 3171 439 3204; x_wconf 74' lang='grc' dir='ltr'>ι</span> <span class='ocrx_word' id='word_1_273' title='bbox 480 3150 576 3207; x_wconf 77' lang='grc' dir='ltr'>Καὶ</span> <span class='ocrx_word' id='word_1_274' title='bbox 605 3149 671 3216; x_wconf 75' lang='grc' dir='ltr'>ἦν</span> <span class='ocrx_word' id='word_1_275' title='bbox 716 3147 914 3227; x_wconf 71' lang='grc' dir='ltr'>Ἰωσὴφ</span> <span class='ocrx_word' id='word_1_276' title='bbox 957 3149 1044 3204; x_wconf 86' lang='grc' dir='ltr'><strong>καὶ</strong></span> <span class='ocrx_word' id='word_1_277' title='bbox 1090 3150 1124 3217; x_wconf 72' lang='grc' dir='ltr'><strong>ἡ</strong></span> <span class='ocrx_word' id='word_1_278' title='bbox 1172 3151 1354 3228; x_wconf 81' lang='grc' dir='ltr'>μήτηρ</span> <span class='ocrx_word' id='word_1_279' title='bbox 1384 3148 1565 3220; x_wconf 73' lang='grc' dir='ltr'>αὖτοῦ,</span> <span class='ocrx_word' id='word_1_280' title='bbox 1622 3148 2038 3236; x_wconf 41' lang='grc' dir='ltr'>θαυμάζοντεςυ</span> 
     </span>
    </p>
   </div>
   <div class='ocr_carea' id='block_1_36' title="bbox 1542 3223 3707 3313">
    <p class='ocr_par' dir='ltr' id='par_1_36' title="bbox 1542 3223 3707 3313">
     <span class='ocr_line' id='line_1_36' title="bbox 1542 3223 3707 3313; baseline -0.004 -21"><span class='ocrx_word' id='word_1_281' title='bbox 1542 3237 1631 3293; x_wconf 84' lang='grc' dir='ltr'><strong>καὶ</strong></span> <span class='ocrx_word' id='word_1_282' title='bbox 1691 3234 1979 3313; x_wconf 66' lang='grc' dir='ltr'>εὐλόγησεν</span> <span class='ocrx_word' id='word_1_283' title='bbox 2000 3223 2038 3236; x_wconf 63' lang='grc' dir='ltr'>ν</span> <span class='ocrx_word' id='word_1_284' title='bbox 2061 3233 2263 3313; x_wconf 70' lang='lat' dir='ltr'><strong>rantes</strong></span> <span class='ocrx_word' id='word_1_285' title='bbox 2292 3243 2472 3313; x_wconf 90' lang='lat' dir='ltr'><strong>super</strong></span> <span class='ocrx_word' id='word_1_286' title='bbox 2502 3225 2590 3285; x_wconf 92' lang='lat' dir='ltr'><strong>his</strong></span> <span class='ocrx_word' id='word_1_287' title='bbox 2621 3239 2753 3306; x_wconf 57' lang='lat' dir='ltr'><strong>quin</strong></span> <span class='ocrx_word' id='word_1_288' title='bbox 2783 3225 3134 3287; x_wconf 75' lang='lat' dir='ltr'><strong>dicebantur</strong></span> <span class='ocrx_word' id='word_1_289' title='bbox 3165 3225 3239 3287; x_wconf 82' lang='lat' dir='ltr'><strong>de</strong></span> <span class='ocrx_word' id='word_1_290' title='bbox 3271 3225 3394 3287; x_wconf 93' lang='lat' dir='ltr'><strong>illo.</strong></span> <span class='ocrx_word' id='word_1_291' title='bbox 3429 3223 3498 3285; x_wconf 89' lang='lat' dir='ltr'><strong>Et</strong></span> <span class='ocrx_word' id='word_1_292' title='bbox 3519 3223 3707 3285; x_wconf 82' lang='lat' dir='ltr'><strong>bene-</strong></span> 
     </span>
    </p>
   </div>
   <div class='ocr_carea' id='block_1_37' title="bbox 328 3235 1481 3315">
    <p class='ocr_par' dir='ltr' id='par_1_37' title="bbox 328 3235 1481 3315">
     <span class='ocr_line' id='line_1_37' title="bbox 328 3235 1481 3315; baseline 0.001 -21"><span class='ocrx_word' id='word_1_293' title='bbox 328 3239 414 3294; x_wconf 74' lang='grc' dir='ltr'>ὶπὶ</span> <span class='ocrx_word' id='word_1_294' title='bbox 469 3251 589 3300; x_wconf 77' lang='grc' dir='ltr'>τοῖς</span> <span class='ocrx_word' id='word_1_295' title='bbox 675 3235 1022 3311; x_wconf 66' lang='grc' dir='ltr'>λαλουμένοις</span> <span class='ocrx_word' id='word_1_296' title='bbox 1100 3238 1217 3315; x_wconf 85' lang='grc' dir='ltr'>περὶ</span> <span class='ocrx_word' id='word_1_297' title='bbox 1274 3239 1432 3295; x_wconf 73' lang='grc' dir='ltr'><strong>αὖτοῦ</strong></span> <span class='ocrx_word' id='word_1_298' title='bbox 1466 3255 1481 3270; x_wconf 84' lang='grc'><strong>⁸</strong></span> 
     </span>
    </p>
   </div>
   <div class='ocr_carea' id='block_1_38' title="bbox 332 3325 1980 3404">
    <p class='ocr_par' dir='ltr' id='par_1_38' title="bbox 332 3325 1980 3404">
     <span class='ocr_line' id='line_1_38' title="bbox 332 3325 1980 3404; baseline -0.003 -18"><span class='ocrx_word' id='word_1_299' title='bbox 332 3327 519 3390; x_wconf 73' lang='grc' dir='ltr'>αὖτοὺς</span> <span class='ocrx_word' id='word_1_300' title='bbox 569 3327 812 3402; x_wconf 83' lang='grc' dir='ltr'>Συμεὼν,</span> <span class='ocrx_word' id='word_1_301' title='bbox 867 3329 952 3382; x_wconf 78' lang='grc' dir='ltr'><strong>καὶ</strong></span> <span class='ocrx_word' id='word_1_302' title='bbox 1010 3330 1134 3382; x_wconf 83' lang='grc' dir='ltr'>εἷπε</span> <span class='ocrx_word' id='word_1_303' title='bbox 1191 3327 1322 3403; x_wconf 84' lang='grc' dir='ltr'>πρὸς</span> <span class='ocrx_word' id='word_1_304' title='bbox 1383 3325 1596 3404; x_wconf 79' lang='grc' dir='ltr'>Μαριὰμ</span> <span class='ocrx_word' id='word_1_305' title='bbox 1642 3326 1740 3391; x_wconf 76' lang='grc' dir='ltr'>τὴν</span> <span class='ocrx_word' id='word_1_306' title='bbox 1776 3325 1980 3404; x_wconf 85' lang='grc' dir='ltr'>μητέρα</span> 
     </span>
    </p>
   </div>
   <div class='ocr_carea' id='block_1_39' title="bbox 335 3414 1980 3480">
    <p class='ocr_par' dir='ltr' id='par_1_39' title="bbox 335 3414 1980 3480">
     <span class='ocr_line' id='line_1_39' title="bbox 335 3414 1980 3480; baseline -0.002 -8"><span class='ocrx_word' id='word_1_307' title='bbox 335 3419 490 3476; x_wconf 70' lang='grc' dir='ltr'>αὐτοῦ</span> <span class='ocrx_word' id='word_1_308' title='bbox 521 3435 539 3454; x_wconf 79' lang='grc' dir='ltr'><strong>ο</strong></span> <span class='ocrx_word' id='word_1_309' title='bbox 595 3414 728 3472; x_wconf 75' lang='grc' dir='ltr'>Ἰδοὺ</span> <span class='ocrx_word' id='word_1_310' title='bbox 775 3423 927 3480; x_wconf 77' lang='grc' dir='ltr'>ουτος</span> <span class='ocrx_word' id='word_1_311' title='bbox 955 3429 1134 3472; x_wconf 72' lang='grc' dir='ltr'>κεῖται</span> <span class='ocrx_word' id='word_1_312' title='bbox 1191 3417 1264 3479; x_wconf 82' lang='grc' dir='ltr'><strong>εἰς</strong></span> <span class='ocrx_word' id='word_1_313' title='bbox 1320 3418 1522 3472; x_wconf 83' lang='grc' dir='ltr'>πτῶσιν</span> <span class='ocrx_word' id='word_1_314' title='bbox 1565 3416 1652 3470; x_wconf 86' lang='grc' dir='ltr'><strong>καὶ</strong></span> <span class='ocrx_word' id='word_1_315' title='bbox 1695 3414 1980 3471; x_wconf 76' lang='grc' dir='ltr'>ἀνάστασιν</span> 
     </span>
    </p>
   </div>
   <div class='ocr_carea' id='block_1_40' title="bbox 327 3502 1976 3584">
    <p class='ocr_par' dir='ltr' id='par_1_40' title="bbox 327 3502 1976 3584">
     <span class='ocr_line' id='line_1_40' title="bbox 327 3502 1976 3584; baseline -0.001 -23"><span class='ocrx_word' id='word_1_316' title='bbox 327 3504 540 3562; x_wconf 78' lang='grc' dir='ltr'>πολλῶν</span> <span class='ocrx_word' id='word_1_317' title='bbox 594 3504 649 3559; x_wconf 82' lang='grc' dir='ltr'>ἐν</span> <span class='ocrx_word' id='word_1_318' title='bbox 678 3511 756 3578; x_wconf 83' lang='grc' dir='ltr'>τῷ</span> <span class='ocrx_word' id='word_1_319' title='bbox 799 3502 1034 3584; x_wconf 67' lang='grc' dir='ltr'>Ἰσραὴλ,</span> <span class='ocrx_word' id='word_1_320' title='bbox 1060 3506 1147 3560; x_wconf 80' lang='grc' dir='ltr'>καὶ</span> <span class='ocrx_word' id='word_1_321' title='bbox 1179 3507 1251 3569; x_wconf 77' lang='grc' dir='ltr'>εἰς</span> <span class='ocrx_word' id='word_1_322' title='bbox 1285 3517 1513 3580; x_wconf 75' lang='grc' dir='ltr'>σημεῖον</span> <span class='ocrx_word' id='word_1_323' title='bbox 1544 3502 1976 3582; x_wconf 82' lang='grc' dir='ltr'>ἀντιλεγόμενον·</span> 
     </span>
    </p>
   </div>
   <div class='ocr_carea' id='block_1_41' title="bbox 322 3592 1969 3674">
    <p class='ocr_par' dir='ltr' id='par_1_41' title="bbox 322 3592 1969 3674">
     <span class='ocr_line' id='line_1_41' title="bbox 322 3592 1969 3674; baseline -0.001 -23"><span class='ocrx_word' id='word_1_324' title='bbox 322 3597 410 3651; x_wconf 82' lang='grc' dir='ltr'><strong>καὶ</strong></span> <span class='ocrx_word' id='word_1_325' title='bbox 461 3602 555 3652; x_wconf 81' lang='grc' dir='ltr'>σοῦ</span> <span class='ocrx_word' id='word_1_326' title='bbox 602 3593 656 3650; x_wconf 76' lang='grc' dir='ltr'>δὲ</span> <span class='ocrx_word' id='word_1_327' title='bbox 715 3592 879 3659; x_wconf 77' lang='grc' dir='ltr'>αὐτῆς</span> <span class='ocrx_word' id='word_1_328' title='bbox 940 3595 1040 3659; x_wconf 67' lang='grc' dir='ltr'><strong>τὴν</strong></span> <span class='ocrx_word' id='word_1_329' title='bbox 1097 3595 1282 3674; x_wconf 67' lang='grc' dir='ltr'>ψυχὴν</span> <span class='ocrx_word' id='word_1_330' title='bbox 1339 3593 1660 3650; x_wconf 81' lang='grc' dir='ltr'>διελεύσεται</span> <span class='ocrx_word' id='word_1_331' title='bbox 1716 3594 1969 3673; x_wconf 69' lang='grc' dir='ltr'>ῥομφαία,</span> 
     </span>
    </p>
   </div>
   <div class='ocr_carea' id='block_1_42' title="bbox 323 3681 1968 3763">
    <p class='ocr_par' dir='ltr' id='par_1_42' title="bbox 323 3681 1968 3763">
     <span class='ocr_line' id='line_1_42' title="bbox 323 3681 1968 3763; baseline 0 -23"><span class='ocrx_word' id='word_1_332' title='bbox 323 3682 471 3746; x_wconf 83' lang='grc' dir='ltr'>ὅπως</span> <span class='ocrx_word' id='word_1_333' title='bbox 515 3682 577 3738; x_wconf 75' lang='grc' dir='ltr'><strong>ἂν</strong></span> <span class='ocrx_word' id='word_1_334' title='bbox 634 3681 1076 3762; x_wconf 74' lang='grc' dir='ltr'>ἀποκαλυφθῶσιν</span> <span class='ocrx_word' id='word_1_335' title='bbox 1121 3683 1180 3739; x_wconf 82' lang='grc' dir='ltr'>ἐκ</span> <span class='ocrx_word' id='word_1_336' title='bbox 1247 3681 1460 3741; x_wconf 82' lang='grc' dir='ltr'>πολλῶν</span> <span class='ocrx_word' id='word_1_337' title='bbox 1516 3681 1745 3763; x_wconf 83' lang='grc' dir='ltr'>καρδιῶν</span> <span class='ocrx_word' id='word_1_338' title='bbox 1795 3681 1968 3740; x_wconf 83' lang='grc' dir='ltr'>διαλο-</span> 
     </span>
    </p>
   </div>
   <div class='ocr_carea' id='block_1_43' title="bbox 2074 544 3725 628">
    <p class='ocr_par' dir='ltr' id='par_1_43' title="bbox 2074 544 3725 628">
     <span class='ocr_line' id='line_1_43' title="bbox 2074 544 3725 628; baseline -0.001 -20"><span class='ocrx_word' id='word_1_339' title='bbox 2074 544 2696 621; x_wconf 82' lang='lat' dir='ltr'><strong>Domine,conﬁtentis</strong></span> <span class='ocrx_word' id='word_1_340' title='bbox 2724 549 3003 628; x_wconf 79' lang='lat' dir='ltr'><strong>est,quod</strong></span> <span class='ocrx_word' id='word_1_341' title='bbox 3031 551 3161 628; x_wconf 89' lang='lat' dir='ltr'><strong>ipse</strong></span> <span class='ocrx_word' id='word_1_342' title='bbox 3191 549 3264 610; x_wconf 88' lang='lat' dir='ltr'><strong>sit</strong></span> <span class='ocrx_word' id='word_1_343' title='bbox 3294 548 3582 612; x_wconf 87' lang='lat' dir='ltr'><strong>Dominus</strong></span> <span class='ocrx_word' id='word_1_344' title='bbox 3596 544 3725 606; x_wconf 71' lang='lat' dir='ltr'><strong>vitm</strong></span> 
     </span>
    </p>
   </div>
   <div class='ocr_carea' id='block_1_44' title="bbox 2075 634 3724 718">
    <p class='ocr_par' dir='ltr' id='par_1_44' title="bbox 2075 634 3724 718">
     <span class='ocr_line' id='line_1_44' title="bbox 2075 634 3724 718; baseline -0.001 -23"><span class='ocrx_word' id='word_1_345' title='bbox 2075 653 2142 695; x_wconf 90' lang='lat' dir='ltr'><strong>ac</strong></span> <span class='ocrx_word' id='word_1_346' title='bbox 2178 635 2567 699; x_wconf 85' lang='lat' dir='ltr'><strong>mortis.Vide</strong></span> <span class='ocrx_word' id='word_1_347' title='bbox 2590 646 2784 699; x_wconf 83' lang='lat' dir='ltr'><strong>autem</strong></span> <span class='ocrx_word' id='word_1_348' title='bbox 2818 637 3112 718; x_wconf 90' lang='lat' dir='ltr'><strong>quomodo</strong></span> <span class='ocrx_word' id='word_1_349' title='bbox 3145 637 3332 700; x_wconf 88' lang='lat' dir='ltr'><strong>sancti</strong></span> <span class='ocrx_word' id='word_1_350' title='bbox 3355 655 3459 717; x_wconf 91' lang='lat' dir='ltr'><strong>pro</strong></span> <span class='ocrx_word' id='word_1_351' title='bbox 3487 634 3724 696; x_wconf 78' lang='lat' dir='ltr'><strong>vinculo</strong></span> 
     </span>
    </p>
   </div>
   <div class='ocr_carea' id='block_1_45' title="bbox 2077 722 3724 806">
    <p class='ocr_par' dir='ltr' id='par_1_45' title="bbox 2077 722 3724 806">
     <span class='ocr_line' id='line_1_45' title="bbox 2077 722 3724 806; baseline -0.001 -20"><span class='ocrx_word' id='word_1_352' title='bbox 2077 741 2291 803; x_wconf 91' lang='lat' dir='ltr'><strong>corpus</strong></span> <span class='ocrx_word' id='word_1_353' title='bbox 2317 725 2561 789; x_wconf 86' lang='lat' dir='ltr'><strong>habent.</strong></span> <span class='ocrx_word' id='word_1_354' title='bbox 2597 725 2827 788; x_wconf 80' lang='lat' dir='ltr'><strong>Idcirco</strong></span> <span class='ocrx_word' id='word_1_355' title='bbox 2857 725 3041 788; x_wconf 88' lang='lat' dir='ltr'><strong>dicit:</strong></span> <span class='ocrx_word' id='word_1_356' title='bbox 3075 729 3244 790; x_wconf 88' lang='lat' dir='ltr'><strong>Nunc</strong></span> <span class='ocrx_word' id='word_1_357' title='bbox 3275 722 3724 806; x_wconf 87' lang='lat' dir='ltr'><strong>absolvis,quasi</strong></span> 
     </span>
    </p>
   </div>
   <div class='ocr_carea' id='block_1_46' title="bbox 2078 813 3724 896">
    <p class='ocr_par' dir='ltr' id='par_1_46' title="bbox 2078 813 3724 896">
     <span class='ocr_line' id='line_1_46' title="bbox 2078 813 3724 896; baseline 0.001 -24"><span class='ocrx_word' id='word_1_358' title='bbox 2078 830 2111 873; x_wconf 91' lang='lat' dir='ltr'><strong>a</strong></span> <span class='ocrx_word' id='word_1_359' title='bbox 2143 813 2377 875; x_wconf 89' lang='lat' dir='ltr'><strong>vinculo</strong></span> <span class='ocrx_word' id='word_1_360' title='bbox 2414 835 2428 874; x_wconf 90' lang='lat'><strong>:</strong></span> <span class='ocrx_word' id='word_1_361' title='bbox 2463 815 2790 877; x_wconf 89' lang='lat' dir='ltr'><strong>secundum</strong></span> <span class='ocrx_word' id='word_1_362' title='bbox 2823 815 3069 878; x_wconf 84' lang='lat' dir='ltr'><strong>verbum</strong></span> <span class='ocrx_word' id='word_1_363' title='bbox 3105 831 3288 889; x_wconf 82' lang='lat' dir='ltr'><strong>tuum,</strong></span> <span class='ocrx_word' id='word_1_364' title='bbox 3325 825 3566 896; x_wconf 82' lang='lat' dir='ltr'><strong>propter</strong></span> <span class='ocrx_word' id='word_1_365' title='bbox 3594 832 3724 874; x_wconf 86' lang='lat' dir='ltr'><strong>ora-</strong></span> 
     </span>
    </p>
   </div>
   <div class='ocr_carea' id='block_1_47' title="bbox 2079 901 3718 986">
    <p class='ocr_par' dir='ltr' id='par_1_47' title="bbox 2079 901 3718 986">
     <span class='ocr_line' id='line_1_47' title="bbox 2079 901 3718 986; baseline 0.001 -24"><span class='ocrx_word' id='word_1_366' title='bbox 2079 901 2279 964; x_wconf 89' lang='lat' dir='ltr'><strong>culum</strong></span> <span class='ocrx_word' id='word_1_367' title='bbox 2312 903 2466 984; x_wconf 80' lang='lat' dir='ltr'><strong>quod</strong></span> <span class='ocrx_word' id='word_1_368' title='bbox 2499 913 2809 985; x_wconf 81' lang='lat' dir='ltr'><strong>acceperat</strong></span> <span class='ocrx_word' id='word_1_369' title='bbox 2840 905 2988 986; x_wconf 90' lang='lat' dir='ltr'><strong>quod</strong></span> <span class='ocrx_word' id='word_1_370' title='bbox 3023 925 3142 966; x_wconf 89' lang='lat' dir='ltr'><strong>non</strong></span> <span class='ocrx_word' id='word_1_371' title='bbox 3191 915 3348 966; x_wconf 84' lang='lat' dir='ltr'><strong>esset</strong></span> <span class='ocrx_word' id='word_1_372' title='bbox 3377 905 3718 978; x_wconf 85' lang='lat' dir='ltr'><strong>moriturus,</strong></span> 
     </span>
    </p>
   </div>
   <div class='ocr_carea' id='block_1_48' title="bbox 2075 990 3720 1075">
    <p class='ocr_par' dir='ltr' id='par_1_48' title="bbox 2075 990 3720 1075">
     <span class='ocr_line' id='line_1_48' title="bbox 2075 990 3720 1075; baseline 0.001 -23"><span class='ocrx_word' id='word_1_373' title='bbox 2075 990 2268 1053; x_wconf 90' lang='lat' dir='ltr'><strong>donec</strong></span> <span class='ocrx_word' id='word_1_374' title='bbox 2301 991 2529 1054; x_wconf 87' lang='lat' dir='ltr'><strong>videret</strong></span> <span class='ocrx_word' id='word_1_375' title='bbox 2561 991 2884 1057; x_wconf 90' lang='lat' dir='ltr'><strong>Christum.</strong></span> <span class='ocrx_word' id='word_1_376' title='bbox 2919 993 2982 1055; x_wconf 92' lang='lat' dir='ltr'><strong>In</strong></span> <span class='ocrx_word' id='word_1_377' title='bbox 3038 1013 3181 1075; x_wconf 87' lang='lat' dir='ltr'><strong>pace</strong></span> <span class='ocrx_word' id='word_1_378' title='bbox 3211 1003 3429 1066; x_wconf 90' lang='lat' dir='ltr'><strong>autem,</strong></span> <span class='ocrx_word' id='word_1_379' title='bbox 3466 995 3579 1057; x_wconf 92' lang='lat' dir='ltr'><strong>hoc</strong></span> <span class='ocrx_word' id='word_1_380' title='bbox 3608 1001 3720 1066; x_wconf 86' lang='lat' dir='ltr'><strong>est,</strong></span> 
     </span>
    </p>
   </div>
   <div class='ocr_carea' id='block_1_49' title="bbox 2073 1081 3724 1163">
    <p class='ocr_par' dir='ltr' id='par_1_49' title="bbox 2073 1081 3724 1163">
     <span class='ocr_line' id='line_1_49' title="bbox 2073 1081 3724 1163; baseline 0.002 -24"><span class='ocrx_word' id='word_1_381' title='bbox 2073 1081 2293 1159; x_wconf 86' lang='lat' dir='ltr'><strong>quiete,</strong></span> <span class='ocrx_word' id='word_1_382' title='bbox 2322 1100 2455 1142; x_wconf 86' lang='lat' dir='ltr'><strong>nam</strong></span> <span class='ocrx_word' id='word_1_383' title='bbox 2482 1083 2657 1144; x_wconf 87' lang='lat' dir='ltr'><strong>homo</strong></span> <span class='ocrx_word' id='word_1_384' title='bbox 2689 1084 2877 1163; x_wconf 84' lang='lat' dir='ltr'><strong>quoad</strong></span> <span class='ocrx_word' id='word_1_385' title='bbox 2912 1084 3048 1144; x_wconf 85' lang='lat' dir='ltr'><strong>vivit</strong></span> <span class='ocrx_word' id='word_1_386' title='bbox 3069 1081 3340 1144; x_wconf 90' lang='lat' dir='ltr'><strong>turbatur</strong></span> <span class='ocrx_word' id='word_1_387' title='bbox 3360 1084 3438 1155; x_wconf 66' lang='lat'><strong>49,</strong></span> <span class='ocrx_word' id='word_1_388' title='bbox 3471 1082 3622 1142; x_wconf 88' lang='lat' dir='ltr'><strong>sicut</strong></span> <span class='ocrx_word' id='word_1_389' title='bbox 3666 1094 3724 1143; x_wconf 90' lang='lat' dir='ltr'><strong>et</strong></span> 
     </span>
    </p>
   </div>
   <div class='ocr_carea' id='block_1_50' title="bbox 2073 1169 3724 1252">
    <p class='ocr_par' dir='ltr' id='par_1_50' title="bbox 2073 1169 3724 1252">
     <span class='ocr_line' id='line_1_50' title="bbox 2073 1169 3724 1252; baseline 0.002 -22"><span class='ocrx_word' id='word_1_390' title='bbox 2073 1169 2255 1232; x_wconf 86' lang='lat' dir='ltr'><strong>David</strong></span> <span class='ocrx_word' id='word_1_391' title='bbox 2289 1170 2435 1232; x_wconf 88' lang='lat' dir='ltr'><strong>dicit</strong></span> <span class='ocrx_word' id='word_1_392' title='bbox 2470 1193 2484 1234; x_wconf 90' lang='lat'>:</span> <span class='ocrx_word' id='word_1_393' title='bbox 2513 1181 2776 1234; x_wconf 87' lang='lat' dir='ltr'><strong>mortuus</strong></span> <span class='ocrx_word' id='word_1_394' title='bbox 2809 1190 2944 1234; x_wconf 74' lang='lat' dir='ltr'><strong>vero</strong></span> <span class='ocrx_word' id='word_1_395' title='bbox 2977 1191 3179 1252; x_wconf 77' lang='lat' dir='ltr'><strong>pacem</strong></span> <span class='ocrx_word' id='word_1_396' title='bbox 3203 1171 3518 1234; x_wconf 81' lang='lat' dir='ltr'><strong>habet.Vel</strong></span> <span class='ocrx_word' id='word_1_397' title='bbox 3546 1171 3724 1233; x_wconf 87' lang='lat' dir='ltr'><strong>aliter</strong></span> 
     </span>
    </p>
   </div>
   <div class='ocr_carea' id='block_1_51' title="bbox 2067 1258 3716 1342">
    <p class='ocr_par' dir='ltr' id='par_1_51' title="bbox 2067 1258 3716 1342">
     <span class='ocr_line' id='line_1_51' title="bbox 2067 1258 3716 1342; baseline 0 -24"><span class='ocrx_word' id='word_1_398' title='bbox 2067 1258 2380 1338; x_wconf 83' lang='lat' dir='ltr'><strong>intellige:</strong></span> <span class='ocrx_word' id='word_1_399' title='bbox 2421 1259 2484 1321; x_wconf 87' lang='lat' dir='ltr'><strong>In</strong></span> <span class='ocrx_word' id='word_1_400' title='bbox 2547 1279 2716 1341; x_wconf 85' lang='lat' dir='ltr'><strong>pace,</strong></span> <span class='ocrx_word' id='word_1_401' title='bbox 2753 1263 2864 1322; x_wconf 89' lang='lat' dir='ltr'><strong>hoc</strong></span> <span class='ocrx_word' id='word_1_402' title='bbox 2924 1271 3036 1342; x_wconf 88' lang='lat' dir='ltr'><strong>est,</strong></span> <span class='ocrx_word' id='word_1_403' title='bbox 3081 1263 3208 1342; x_wconf 89' lang='lat' dir='ltr'><strong>spei</strong></span> <span class='ocrx_word' id='word_1_404' title='bbox 3265 1260 3716 1323; x_wconf 86' lang='lat' dir='ltr'><strong>consecutione.</strong></span> 
     </span>
    </p>
   </div>
   <div class='ocr_carea' id='block_1_52' title="bbox 2066 1346 3722 1432">
    <p class='ocr_par' dir='ltr' id='par_1_52' title="bbox 2066 1346 3722 1432">
     <span class='ocr_line' id='line_1_52' title="bbox 2066 1346 3722 1432; baseline 0.002 -25"><span class='ocrx_word' id='word_1_405' title='bbox 2066 1346 2436 1430; x_wconf 83' lang='lat' dir='ltr'><strong>Priusquam,</strong></span> <span class='ocrx_word' id='word_1_406' title='bbox 2465 1349 2960 1429; x_wconf 86' lang='lat' dir='ltr'><strong>inquit,vidissem</strong></span> <span class='ocrx_word' id='word_1_407' title='bbox 2980 1351 3321 1432; x_wconf 77' lang='lat' dir='ltr'><strong>Dominum,</strong></span> <span class='ocrx_word' id='word_1_408' title='bbox 3368 1370 3486 1412; x_wconf 90' lang='lat' dir='ltr'><strong>non</strong></span> <span class='ocrx_word' id='word_1_409' title='bbox 3515 1358 3722 1431; x_wconf 88' lang='lat' dir='ltr'><strong>pacata</strong></span> 
     </span>
    </p>
   </div>
   <div class='ocr_carea' id='block_1_53' title="bbox 2065 1439 3712 1519">
    <p class='ocr_par' dir='ltr' id='par_1_53' title="bbox 2065 1439 3712 1519">
     <span class='ocr_line' id='line_1_53' title="bbox 2065 1439 3712 1519; baseline 0.001 -23"><span class='ocrx_word' id='word_1_410' title='bbox 2065 1447 2264 1498; x_wconf 87' lang='lat' dir='ltr'><strong>mente</strong></span> <span class='ocrx_word' id='word_1_411' title='bbox 2292 1455 2478 1511; x_wconf 89' lang='lat' dir='ltr'><strong>eram,</strong></span> <span class='ocrx_word' id='word_1_412' title='bbox 2500 1447 2845 1519; x_wconf 71' lang='lat' dir='ltr'><strong>exspectans</strong></span> <span class='ocrx_word' id='word_1_413' title='bbox 2865 1439 3124 1513; x_wconf 88' lang='lat' dir='ltr'><strong>illum,et</strong></span> <span class='ocrx_word' id='word_1_414' title='bbox 3153 1457 3394 1519; x_wconf 90' lang='lat' dir='ltr'><strong>semper</strong></span> <span class='ocrx_word' id='word_1_415' title='bbox 3425 1439 3712 1500; x_wconf 89' lang='lat' dir='ltr'><strong>sollicitus</strong></span> 
     </span>
    </p>
   </div>
   <div class='ocr_carea' id='block_1_54' title="bbox 2063 1526 3715 1610">
    <p class='ocr_par' dir='ltr' id='par_1_54' title="bbox 2063 1526 3715 1610">
     <span class='ocr_line' id='line_1_54' title="bbox 2063 1526 3715 1610; baseline 0.002 -25"><span class='ocrx_word' id='word_1_416' title='bbox 2063 1526 2298 1606; x_wconf 86' lang='lat' dir='ltr'><strong>quando</strong></span> <span class='ocrx_word' id='word_1_417' title='bbox 2326 1527 2740 1590; x_wconf 75' lang='lat' dir='ltr'><strong>veniatmunc</strong></span> <span class='ocrx_word' id='word_1_418' title='bbox 2759 1537 2952 1590; x_wconf 87' lang='lat' dir='ltr'><strong>autem</strong></span> <span class='ocrx_word' id='word_1_419' title='bbox 3007 1529 3136 1608; x_wconf 89' lang='lat' dir='ltr'><strong>ipso</strong></span> <span class='ocrx_word' id='word_1_420' title='bbox 3182 1528 3329 1610; x_wconf 80' lang='lat' dir='ltr'><strong>viso,</strong></span> <span class='ocrx_word' id='word_1_421' title='bbox 3376 1535 3433 1590; x_wconf 89' lang='lat' dir='ltr'><strong>et</strong></span> <span class='ocrx_word' id='word_1_422' title='bbox 3489 1546 3715 1608; x_wconf 85' lang='lat' dir='ltr'><strong>pacem,</strong></span> 
     </span>
    </p>
   </div>
   <div class='ocr_carea' id='block_1_55' title="bbox 2068 1616 3712 1698">
    <p class='ocr_par' dir='ltr' id='par_1_55' title="bbox 2068 1616 3712 1698">
     <span class='ocr_line' id='line_1_55' title="bbox 2068 1616 3712 1698; baseline 0.001 -22"><span class='ocrx_word' id='word_1_423' title='bbox 2068 1625 2448 1698; x_wconf 85' lang='lat' dir='ltr'><strong>consecutus,</strong></span> <span class='ocrx_word' id='word_1_424' title='bbox 2481 1626 2538 1678; x_wconf 92' lang='lat' dir='ltr'><strong>et</strong></span> <span class='ocrx_word' id='word_1_425' title='bbox 2561 1617 2771 1678; x_wconf 60' lang='lat' dir='ltr'><strong>sollici;</strong></span> <span class='ocrx_word' id='word_1_426' title='bbox 2786 1617 2966 1680; x_wconf 92' lang='lat' dir='ltr'><strong>udine</strong></span> <span class='ocrx_word' id='word_1_427' title='bbox 2998 1618 3375 1690; x_wconf 83' lang='lat' dir='ltr'><strong>liberatus,ut</strong></span> <span class='ocrx_word' id='word_1_428' title='bbox 3395 1616 3712 1690; x_wconf 89' lang='lat' dir='ltr'><strong>sicdicam,</strong></span> 
     </span>
    </p>
   </div>
   <div class='ocr_carea' id='block_1_56' title="bbox 2069 1703 3713 1785">
    <p class='ocr_par' dir='ltr' id='par_1_56' title="bbox 2069 1703 3713 1785">
     <span class='ocr_line' id='line_1_56' title="bbox 2069 1703 3713 1785; baseline 0.001 -19"><span class='ocrx_word' id='word_1_429' title='bbox 2069 1703 2644 1770; x_wconf 81' lang='lat' dir='ltr'><strong>absolvor.Salutare</strong></span> <span class='ocrx_word' id='word_1_430' title='bbox 2667 1716 2887 1780; x_wconf 84' lang='lat' dir='ltr'><strong>autem,</strong></span> <span class='ocrx_word' id='word_1_431' title='bbox 2920 1706 3251 1769; x_wconf 89' lang='lat' dir='ltr'><strong>incarnatio</strong></span> <span class='ocrx_word' id='word_1_432' title='bbox 3279 1707 3576 1785; x_wconf 81' lang='lat' dir='ltr'><strong>Unigeniti</strong></span> <span class='ocrx_word' id='word_1_433' title='bbox 3602 1715 3713 1778; x_wconf 89' lang='lat' dir='ltr'><strong>est,</strong></span> 
     </span>
    </p>
   </div>
   <div class='ocr_carea' id='block_1_57' title="bbox 1973 1795 3806 1877">
    <p class='ocr_par' dir='ltr' id='par_1_57' title="bbox 1973 1795 3806 1877">
     <span class='ocr_line' id='line_1_57' title="bbox 1973 1795 3806 1877; baseline 0 -23"><span class='ocrx_word' id='word_1_434' title='bbox 1973 1805 1987 1828; x_wconf 87' lang='lat'><strong>’</strong></span> <span class='ocrx_word' id='word_1_435' title='bbox 2070 1810 2247 1873; x_wconf 88' lang='lat' dir='ltr'><strong>quam</strong></span> <span class='ocrx_word' id='word_1_436' title='bbox 2271 1802 2409 1856; x_wconf 88' lang='lat' dir='ltr'><strong>ante</strong></span> <span class='ocrx_word' id='word_1_437' title='bbox 2439 1796 2655 1856; x_wconf 81' lang='lat' dir='ltr'><strong>saecula</strong></span> <span class='ocrx_word' id='word_1_438' title='bbox 2677 1797 2878 1857; x_wconf 86' lang='lat' dir='ltr'><strong>omnia</strong></span> <span class='ocrx_word' id='word_1_439' title='bbox 2932 1799 3090 1859; x_wconf 88' lang='lat' dir='ltr'><strong>Deus</strong></span> <span class='ocrx_word' id='word_1_440' title='bbox 3136 1795 3506 1877; x_wconf 62' lang='lat' dir='ltr'><strong>praeparavit.</strong></span> <span class='ocrx_word' id='word_1_441' title='bbox 3562 1797 3716 1858; x_wconf 87' lang='lat' dir='ltr'><strong>Ante</strong></span> <span class='ocrx_word' id='word_1_442' title='bbox 3803 1817 3806 1820; x_wconf 93' lang='grc'><strong>·</strong></span> 
     </span>
    </p>
   </div>
   <div class='ocr_carea' id='block_1_58' title="bbox 1165 1881 1981 1978">
    <p class='ocr_par' dir='ltr' id='par_1_58' title="bbox 1165 1898 1981 1978">
     <span class='ocr_line' id='line_1_58' title="bbox 1165 1898 1981 1978; baseline 0 -23"><span class='ocrx_word' id='word_1_443' title='bbox 1165 1901 1429 1978; x_wconf 72' lang='grc' dir='ltr'>σωτήριοι</span> <span class='ocrx_word' id='word_1_444' title='bbox 1456 1898 1510 1955; x_wconf 73' lang='grc' dir='ltr'><strong>δέ</strong></span> <span class='ocrx_word' id='word_1_445' title='bbox 1555 1901 1704 1973; x_wconf 77' lang='grc' dir='ltr'>εἷπε,</span> <span class='ocrx_word' id='word_1_446' title='bbox 1734 1899 1834 1966; x_wconf 78' lang='grc' dir='ltr'>τὴν</span> <span class='ocrx_word' id='word_1_447' title='bbox 1864 1899 1981 1977; x_wconf 89' lang='grc' dir='ltr'>σάρ-</span> 
     </span>
    </p>
   </div>
   <div class='ocr_carea' id='block_1_59' title="bbox 2066 1881 3717 1978">
    <p class='ocr_par' dir='ltr' id='par_1_59' title="bbox 2071 1881 3717 1964">
     <span class='ocr_line' id='line_1_59' title="bbox 2071 1881 3717 1964; baseline 0.002 -23"><span class='ocrx_word' id='word_1_448' title='bbox 2071 1881 2280 1943; x_wconf 83' lang='lat' dir='ltr'><strong>faciem</strong></span> <span class='ocrx_word' id='word_1_449' title='bbox 2295 1902 2434 1945; x_wconf 91' lang='lat' dir='ltr'><strong>vero</strong></span> <span class='ocrx_word' id='word_1_450' title='bbox 2455 1887 2717 1945; x_wconf 90' lang='lat' dir='ltr'><strong>omnium</strong></span> <span class='ocrx_word' id='word_1_451' title='bbox 2746 1883 3283 1964; x_wconf 86' lang='lat' dir='ltr'><strong>populorumistam</strong></span> <span class='ocrx_word' id='word_1_452' title='bbox 3302 1884 3550 1946; x_wconf 82' lang='lat' dir='ltr'><strong>salutem</strong></span> <span class='ocrx_word' id='word_1_453' title='bbox 3572 1902 3717 1964; x_wconf 67' lang='lat' dir='ltr'><strong>prse-</strong></span> 
     </span>
    </p>
   </div>
   <div class='ocr_carea' id='block_1_60' title="bbox 2074 1972 3716 2054">
    <p class='ocr_par' dir='ltr' id='par_1_60' title="bbox 2074 1972 3716 2054">
     <span class='ocr_line' id='line_1_60' title="bbox 2074 1972 3716 2054; baseline 0.002 -24"><span class='ocrx_word' id='word_1_454' title='bbox 2074 1972 2388 2052; x_wconf 85' lang='lat' dir='ltr'><strong>paravit,ut</strong></span> <span class='ocrx_word' id='word_1_455' title='bbox 2419 1973 2673 2033; x_wconf 83' lang='lat' dir='ltr'><strong>salvarct</strong></span> <span class='ocrx_word' id='word_1_456' title='bbox 2712 1974 3089 2038; x_wconf 90' lang='lat' dir='ltr'><strong>mundum.et</strong></span> <span class='ocrx_word' id='word_1_457' title='bbox 3113 1981 3172 2033; x_wconf 91' lang='lat' dir='ltr'><strong>ut</strong></span> <span class='ocrx_word' id='word_1_458' title='bbox 3201 1972 3716 2054; x_wconf 84' lang='lat' dir='ltr'><strong>omnibusliquida</strong></span> 
     </span>
    </p>
   </div>
   <div class='ocr_carea' id='block_1_61' title="bbox 2071 2061 3713 2143">
    <p class='ocr_par' dir='ltr' id='par_1_61' title="bbox 2071 2061 3713 2143">
     <span class='ocr_line' id='line_1_61' title="bbox 2071 2061 3713 2143; baseline 0.004 -23"><span class='ocrx_word' id='word_1_459' title='bbox 2071 2061 2168 2120; x_wconf 82' lang='lat' dir='ltr'><strong>ﬁat</strong></span> <span class='ocrx_word' id='word_1_460' title='bbox 2199 2062 2331 2140; x_wconf 85' lang='lat' dir='ltr'><strong>ejus</strong></span> <span class='ocrx_word' id='word_1_461' title='bbox 2361 2062 2710 2143; x_wconf 88' lang='lat' dir='ltr'><strong>incarnatio,</strong></span> <span class='ocrx_word' id='word_1_462' title='bbox 2743 2065 2911 2139; x_wconf 85' lang='lat' dir='ltr'><strong>cujus</strong></span> <span class='ocrx_word' id='word_1_463' title='bbox 2939 2063 3124 2142; x_wconf 77' lang='lat' dir='ltr'><strong>gratia</strong></span> <span class='ocrx_word' id='word_1_464' title='bbox 3143 2061 3206 2123; x_wconf 82' lang='lat' dir='ltr'><strong>et</strong></span> <span class='ocrx_word' id='word_1_465' title='bbox 3235 2063 3576 2124; x_wconf 88' lang='lat' dir='ltr'><strong>incarnatus</strong></span> <span class='ocrx_word' id='word_1_466' title='bbox 3600 2068 3713 2126; x_wconf 89' lang='lat' dir='ltr'><strong>est.</strong></span> 
     </span>
    </p>
   </div>
   <div class='ocr_carea' id='block_1_62' title="bbox 2070 2147 3719 2232">
    <p class='ocr_par' dir='ltr' id='par_1_62' title="bbox 2070 2147 3719 2232">
     <span class='ocr_line' id='line_1_62' title="bbox 2070 2147 3719 2232; baseline 0.002 -20"><span class='ocrx_word' id='word_1_467' title='bbox 2070 2147 2339 2212; x_wconf 88' lang='lat' dir='ltr'><strong>Salutare</strong></span> <span class='ocrx_word' id='word_1_468' title='bbox 2366 2170 2603 2232; x_wconf 90' lang='lat' dir='ltr'><strong>quoque</strong></span> <span class='ocrx_word' id='word_1_469' title='bbox 2636 2152 2772 2228; x_wconf 84' lang='lat' dir='ltr'><strong>hoc,</strong></span> <span class='ocrx_word' id='word_1_470' title='bbox 2810 2153 3008 2214; x_wconf 89' lang='lat' dir='ltr'><strong>lumen</strong></span> <span class='ocrx_word' id='word_1_471' title='bbox 3051 2161 3138 2213; x_wconf 92' lang='lat' dir='ltr'><strong>est</strong></span> <span class='ocrx_word' id='word_1_472' title='bbox 3184 2153 3256 2214; x_wconf 90' lang='lat' dir='ltr'><strong>ad</strong></span> <span class='ocrx_word' id='word_1_473' title='bbox 3293 2151 3719 2216; x_wconf 80' lang='lat' dir='ltr'><strong>revelationem.</strong></span> 
     </span>
    </p>
   </div>
   <div class='ocr_carea' id='block_1_63' title="bbox 2069 2239 3717 2321">
    <p class='ocr_par' dir='ltr' id='par_1_63' title="bbox 2069 2239 3717 2321">
     <span class='ocr_line' id='line_1_63' title="bbox 2069 2239 3717 2321; baseline 0.001 -22"><span class='ocrx_word' id='word_1_474' title='bbox 2069 2239 2354 2318; x_wconf 83' lang='lat' dir='ltr'><strong>gentium,</strong></span> <span class='ocrx_word' id='word_1_475' title='bbox 2390 2241 2502 2301; x_wconf 89' lang='lat' dir='ltr'><strong>hoc</strong></span> <span class='ocrx_word' id='word_1_476' title='bbox 2527 2249 2638 2321; x_wconf 82' lang='lat' dir='ltr'><strong>est,</strong></span> <span class='ocrx_word' id='word_1_477' title='bbox 2667 2243 2739 2302; x_wconf 88' lang='lat' dir='ltr'><strong>ad</strong></span> <span class='ocrx_word' id='word_1_478' title='bbox 2771 2239 3228 2302; x_wconf 87' lang='lat' dir='ltr'><strong>illustrationem</strong></span> <span class='ocrx_word' id='word_1_479' title='bbox 3262 2242 3528 2318; x_wconf 77' lang='lat' dir='ltr'><strong>gentium</strong></span> <span class='ocrx_word' id='word_1_480' title='bbox 3553 2239 3717 2301; x_wconf 84' lang='lat' dir='ltr'><strong>obte.</strong></span> 
     </span>
    </p>
   </div>
   <div class='ocr_carea' id='block_1_64' title="bbox 2068 2329 3716 2408">
    <p class='ocr_par' dir='ltr' id='par_1_64' title="bbox 2068 2329 3716 2408">
     <span class='ocr_line' id='line_1_64' title="bbox 2068 2329 3716 2408; baseline 0 -18"><span class='ocrx_word' id='word_1_481' title='bbox 2068 2329 2539 2405; x_wconf 89' lang='lat' dir='ltr'><strong>nebratarum,et</strong></span> <span class='ocrx_word' id='word_1_482' title='bbox 2558 2331 2804 2408; x_wconf 78' lang='lat' dir='ltr'><strong>gloriam</strong></span> <span class='ocrx_word' id='word_1_483' title='bbox 2830 2330 3534 2394; x_wconf 86' lang='lat' dir='ltr'><strong>lsraelilarum.Christus</strong></span> <span class='ocrx_word' id='word_1_484' title='bbox 3556 2330 3716 2391; x_wconf 90' lang='lat' dir='ltr'><strong>enim</strong></span> 
     </span>
    </p>
   </div>
   <div class='ocr_carea' id='block_1_65' title="bbox 2069 2418 3713 2501">
    <p class='ocr_par' dir='ltr' id='par_1_65' title="bbox 2069 2418 3713 2501">
     <span class='ocr_line' id='line_1_65' title="bbox 2069 2418 3713 2501; baseline -0.001 -21"><span class='ocrx_word' id='word_1_485' title='bbox 2069 2418 2258 2496; x_wconf 80' lang='lat' dir='ltr'><strong>gloria</strong></span> <span class='ocrx_word' id='word_1_486' title='bbox 2288 2429 2376 2479; x_wconf 89' lang='lat' dir='ltr'><strong>est</strong></span> <span class='ocrx_word' id='word_1_487' title='bbox 2407 2421 2604 2500; x_wconf 75' lang='grc' dir='ltr'>μορυΙί</span> <span class='ocrx_word' id='word_1_488' title='bbox 2623 2420 2724 2501; x_wconf 87' lang='lat' dir='ltr'><strong>qui</strong></span> <span class='ocrx_word' id='word_1_489' title='bbox 2749 2439 2886 2482; x_wconf 82' lang='lat' dir='ltr'><strong>vere</strong></span> <span class='ocrx_word' id='word_1_490' title='bbox 2902 2419 3082 2482; x_wconf 83' lang='lat' dir='ltr'><strong>Israel</strong></span> <span class='ocrx_word' id='word_1_491' title='bbox 3106 2420 3433 2482; x_wconf 59' lang='lat' dir='ltr'><strong>s-ncundum</strong></span> <span class='ocrx_word' id='word_1_492' title='bbox 3460 2418 3616 2500; x_wconf 88' lang='lat' dir='ltr'><strong>quod</strong></span> <span class='ocrx_word' id='word_1_493' title='bbox 3643 2437 3713 2480; x_wconf 80' lang='lat' dir='ltr'><strong>ex</strong></span> 
     </span>
    </p>
   </div>
   <div class='ocr_carea' id='block_1_66' title="bbox 2072 2508 3717 2588">
    <p class='ocr_par' dir='ltr' id='par_1_66' title="bbox 2072 2508 3717 2588">
     <span class='ocr_line' id='line_1_66' title="bbox 2072 2508 3717 2588; baseline -0.001 -20"><span class='ocrx_word' id='word_1_494' title='bbox 2072 2508 2176 2568; x_wconf 93' lang='lat' dir='ltr'><strong>illo</strong></span> <span class='ocrx_word' id='word_1_495' title='bbox 2208 2519 2376 2571; x_wconf 87' lang='lat' dir='ltr'><strong>ortus</strong></span> <span class='ocrx_word' id='word_1_496' title='bbox 2408 2518 2584 2583; x_wconf 79' lang='lat' dir='ltr'><strong>est,et</strong></span> <span class='ocrx_word' id='word_1_497' title='bbox 2615 2511 2674 2570; x_wconf 91' lang='lat' dir='ltr'><strong>in</strong></span> <span class='ocrx_word' id='word_1_498' title='bbox 2708 2511 2818 2571; x_wconf 85' lang='lat' dir='ltr'><strong>hoc</strong></span> <span class='ocrx_word' id='word_1_499' title='bbox 2851 2518 3138 2571; x_wconf 85' lang='lat' dir='ltr'><strong>ornantur</strong></span> <span class='ocrx_word' id='word_1_500' title='bbox 3161 2508 3259 2588; x_wconf 87' lang='lat' dir='ltr'><strong>qui</strong></span> <span class='ocrx_word' id='word_1_501' title='bbox 3284 2508 3520 2588; x_wconf 65' lang='lat' dir='ltr'><strong>sapiunt</strong></span> <span class='ocrx_word' id='word_1_502' title='bbox 3541 2527 3606 2569; x_wconf 89' lang='lat' dir='ltr'><strong>ac</strong></span> <span class='ocrx_word' id='word_1_503' title='bbox 3632 2508 3717 2570; x_wconf 89' lang='lat' dir='ltr'><strong>in-</strong></span> 
     </span>
    </p>
   </div>
   <div class='ocr_carea' id='block_1_67' title="bbox 2073 2596 3715 2676">
    <p class='ocr_par' dir='ltr' id='par_1_67' title="bbox 2073 2596 3715 2676">
     <span class='ocr_line' id='line_1_67' title="bbox 2073 2596 3715 2676; baseline -0.002 -18"><span class='ocrx_word' id='word_1_504' title='bbox 2073 2596 2509 2676; x_wconf 72' lang='lat' dir='ltr'><strong>telligunt.Haec</strong></span> <span class='ocrx_word' id='word_1_505' title='bbox 2532 2597 3101 2660; x_wconf 79' lang='lat' dir='ltr'><strong>Simeon.Videutur</strong></span> <span class='ocrx_word' id='word_1_506' title='bbox 3118 2608 3312 2659; x_wconf 85' lang='lat' dir='ltr'><strong>autem</strong></span> <span class='ocrx_word' id='word_1_507' title='bbox 3338 2596 3480 2657; x_wconf 89' lang='lat' dir='ltr'><strong>mihi</strong></span> <span class='ocrx_word' id='word_1_508' title='bbox 3504 2603 3564 2658; x_wconf 91' lang='lat' dir='ltr'><strong>et</strong></span> <span class='ocrx_word' id='word_1_509' title='bbox 3585 2613 3715 2675; x_wconf 62' lang='lat' dir='ltr'><strong>quae</strong></span> 
     </span>
    </p>
   </div>
   <div class='ocr_carea' id='block_1_68' title="bbox 2067 2685 3713 2766">
    <p class='ocr_par' dir='ltr' id='par_1_68' title="bbox 2067 2685 3713 2766">
     <span class='ocr_line' id='line_1_68' title="bbox 2067 2685 3713 2766; baseline -0.001 -20"><span class='ocrx_word' id='word_1_510' title='bbox 2067 2686 2224 2747; x_wconf 88' lang='lat' dir='ltr'><strong>dicta</strong></span> <span class='ocrx_word' id='word_1_511' title='bbox 2252 2695 2390 2746; x_wconf 91' lang='lat' dir='ltr'><strong>sunt</strong></span> <span class='ocrx_word' id='word_1_512' title='bbox 2419 2707 2453 2748; x_wconf 85' lang='lat' dir='ltr'><strong>a</strong></span> <span class='ocrx_word' id='word_1_513' title='bbox 2485 2687 2696 2766; x_wconf 80' lang='lat' dir='ltr'><strong>David,</strong></span> <span class='ocrx_word' id='word_1_514' title='bbox 2722 2690 3039 2748; x_wconf 85' lang='lat' dir='ltr'><strong>convenire</strong></span> <span class='ocrx_word' id='word_1_515' title='bbox 3056 2685 3322 2748; x_wconf 87' lang='lat' dir='ltr'><strong>Simeoni</strong></span> <span class='ocrx_word' id='word_1_516' title='bbox 3356 2707 3368 2745; x_wconf 92' lang='lat'>:</span> <span class='ocrx_word' id='word_1_517' title='bbox 3403 2685 3713 2763; x_wconf 65' lang='lat' dir='ltr'><strong>«Longitu-</strong></span> 
     </span>
    </p>
   </div>
   <div class='ocr_carea' id='block_1_69' title="bbox 2065 2773 3710 2856">
    <p class='ocr_par' dir='ltr' id='par_1_69' title="bbox 2065 2773 3710 2856">
     <span class='ocr_line' id='line_1_69' title="bbox 2065 2773 3710 2856; baseline -0.001 -21"><span class='ocrx_word' id='word_1_518' title='bbox 2065 2775 2207 2837; x_wconf 88' lang='lat' dir='ltr'><strong>dine</strong></span> <span class='ocrx_word' id='word_1_519' title='bbox 2236 2775 2471 2837; x_wconf 87' lang='lat' dir='ltr'><strong>dierum</strong></span> <span class='ocrx_word' id='word_1_520' title='bbox 2497 2777 2753 2856; x_wconf 86' lang='lat' dir='ltr'><strong>implebo</strong></span> <span class='ocrx_word' id='word_1_521' title='bbox 2778 2785 3004 2850; x_wconf 83' lang='lat' dir='ltr'><strong>enm,et</strong></span> <span class='ocrx_word' id='word_1_522' title='bbox 3028 2775 3333 2836; x_wconf 81' lang='lat' dir='ltr'><strong>ostendam</strong></span> <span class='ocrx_word' id='word_1_523' title='bbox 3367 2773 3451 2835; x_wconf 89' lang='lat' dir='ltr'><strong>illi</strong></span> <span class='ocrx_word' id='word_1_524' title='bbox 3483 2774 3710 2836; x_wconf 84' lang='lat' dir='ltr'><strong>saluta-</strong></span> 
     </span>
    </p>
   </div>
   <div class='ocr_carea' id='block_1_70' title="bbox 2066 2865 2534 2926">
    <p class='ocr_par' dir='ltr' id='par_1_70' title="bbox 2066 2865 2534 2926">
     <span class='ocr_line' id='line_1_70' title="bbox 2066 2865 2534 2926; baseline -0.013 0"><span class='ocrx_word' id='word_1_525' title='bbox 2066 2881 2131 2926; x_wconf 86' lang='lat' dir='ltr'><strong>re</strong></span> <span class='ocrx_word' id='word_1_526' title='bbox 2163 2883 2362 2926; x_wconf 88' lang='lat' dir='ltr'><strong>meum</strong></span> <span class='ocrx_word' id='word_1_527' title='bbox 2391 2865 2466 2922; x_wconf 69' lang='lat'><strong>20.</strong></span> <span class='ocrx_word' id='word_1_528' title='bbox 2509 2890 2534 2920; x_wconf 70' lang='grc' dir='ltr'><strong>ι</strong></span> 
     </span>
    </p>
   </div>
   <div class='ocr_carea' id='block_1_71' title="bbox 2144 3129 3708 3214">
    <p class='ocr_par' dir='ltr' id='par_1_71' title="bbox 2144 3129 3708 3214">
     <span class='ocr_line' id='line_1_71' title="bbox 2144 3129 3708 3214; baseline -0.001 -23"><span class='ocrx_word' id='word_1_529' title='bbox 2144 3129 2330 3194; x_wconf 68' lang='lat' dir='ltr'><strong>Vsus.</strong></span> <span class='ocrx_word' id='word_1_530' title='bbox 2359 3130 2574 3194; x_wconf 74' lang='lat'><strong>33-35.</strong></span> <span class='ocrx_word' id='word_1_531' title='bbox 2617 3130 2718 3192; x_wconf 77' lang='lat' dir='ltr'><strong>~Et</strong></span> <span class='ocrx_word' id='word_1_532' title='bbox 2748 3141 2914 3194; x_wconf 84' lang='lat' dir='ltr'><strong>erant</strong></span> <span class='ocrx_word' id='word_1_533' title='bbox 2947 3142 3110 3214; x_wconf 89' lang='lat' dir='ltr'><strong>pater</strong></span> <span class='ocrx_word' id='word_1_534' title='bbox 3139 3141 3198 3193; x_wconf 87' lang='lat' dir='ltr'><strong>et</strong></span> <span class='ocrx_word' id='word_1_535' title='bbox 3229 3139 3416 3193; x_wconf 90' lang='lat' dir='ltr'><strong>mater</strong></span> <span class='ocrx_word' id='word_1_536' title='bbox 3448 3131 3578 3210; x_wconf 89' lang='lat' dir='ltr'><strong>ejus</strong></span> <span class='ocrx_word' id='word_1_537' title='bbox 3605 3131 3708 3190; x_wconf 82' lang='lat' dir='ltr'><strong>Ini-</strong></span> 
     </span>
    </p>
   </div>
   <div class='ocr_carea' id='block_1_72' title="bbox 2062 3311 3704 3393">
    <p class='ocr_par' dir='ltr' id='par_1_72' title="bbox 2062 3311 3704 3393">
     <span class='ocr_line' id='line_1_72' title="bbox 2062 3311 3704 3393; baseline 0.001 -19"><span class='ocrx_word' id='word_1_538' title='bbox 2062 3311 2209 3374; x_wconf 79' lang='lat' dir='ltr'><strong>dixit</strong></span> <span class='ocrx_word' id='word_1_539' title='bbox 2242 3312 2357 3375; x_wconf 83' lang='lat' dir='ltr'><strong>i|.is</strong></span> <span class='ocrx_word' id='word_1_540' title='bbox 2389 3313 2722 3377; x_wconf 78' lang='lat' dir='ltr'><strong>Simeonzet</strong></span> <span class='ocrx_word' id='word_1_541' title='bbox 2743 3313 2887 3376; x_wconf 83' lang='lat' dir='ltr'><strong>dixit</strong></span> <span class='ocrx_word' id='word_1_542' title='bbox 2915 3316 2986 3376; x_wconf 81' lang='lat' dir='ltr'><strong>ad</strong></span> <span class='ocrx_word' id='word_1_543' title='bbox 3010 3314 3254 3378; x_wconf 84' lang='lat' dir='ltr'><strong>Mariam</strong></span> <span class='ocrx_word' id='word_1_544' title='bbox 3288 3324 3531 3376; x_wconf 86' lang='lat' dir='ltr'><strong>matrem</strong></span> <span class='ocrx_word' id='word_1_545' title='bbox 3556 3313 3704 3393; x_wconf 80' lang='lat' dir='ltr'><strong>ejus:</strong></span> 
     </span>
    </p>
   </div>
   <div class='ocr_carea' id='block_1_73' title="bbox 2059 3403 3708 3485">
    <p class='ocr_par' dir='ltr' id='par_1_73' title="bbox 2059 3403 3708 3485">
     <span class='ocr_line' id='line_1_73' title="bbox 2059 3403 3708 3485; baseline -0.001 -20"><span class='ocrx_word' id='word_1_546' title='bbox 2059 3405 2214 3465; x_wconf 89' lang='lat' dir='ltr'><strong>Ecce</strong></span> <span class='ocrx_word' id='word_1_547' title='bbox 2237 3403 2458 3483; x_wconf 87' lang='lat' dir='ltr'><strong>positus</strong></span> <span class='ocrx_word' id='word_1_548' title='bbox 2493 3412 2580 3464; x_wconf 84' lang='lat' dir='ltr'><strong>est</strong></span> <span class='ocrx_word' id='word_1_549' title='bbox 2613 3403 2707 3464; x_wconf 90' lang='lat' dir='ltr'><strong>hic</strong></span> <span class='ocrx_word' id='word_1_550' title='bbox 2745 3404 2804 3464; x_wconf 88' lang='lat' dir='ltr'><strong>in</strong></span> <span class='ocrx_word' id='word_1_551' title='bbox 2837 3405 3092 3485; x_wconf 85' lang='lat' dir='ltr'><strong>ruinam,</strong></span> <span class='ocrx_word' id='word_1_552' title='bbox 3126 3412 3184 3466; x_wconf 91' lang='lat' dir='ltr'><strong>et</strong></span> <span class='ocrx_word' id='word_1_553' title='bbox 3211 3403 3708 3466; x_wconf 88' lang='lat' dir='ltr'><strong>resurrectionem</strong></span> 
     </span>
    </p>
   </div>
   <div class='ocr_carea' id='block_1_74' title="bbox 2064 3489 3706 3573">
    <p class='ocr_par' dir='ltr' id='par_1_74' title="bbox 2064 3489 3706 3573">
     <span class='ocr_line' id='line_1_74' title="bbox 2064 3489 3706 3573; baseline 0.002 -21"><span class='ocrx_word' id='word_1_554' title='bbox 2064 3491 2385 3553; x_wconf 87' lang='lat' dir='ltr'><strong>multorum</strong></span> <span class='ocrx_word' id='word_1_555' title='bbox 2420 3493 2474 3553; x_wconf 92' lang='lat' dir='ltr'><strong>in</strong></span> <span class='ocrx_word' id='word_1_556' title='bbox 2501 3492 2770 3569; x_wconf 88' lang='lat' dir='ltr'><strong>lsrael,et</strong></span> <span class='ocrx_word' id='word_1_557' title='bbox 2789 3493 2847 3553; x_wconf 92' lang='lat' dir='ltr'><strong>in</strong></span> <span class='ocrx_word' id='word_1_558' title='bbox 2871 3495 3107 3573; x_wconf 80' lang='lat' dir='ltr'><strong>signum</strong></span> <span class='ocrx_word' id='word_1_559' title='bbox 3131 3495 3222 3556; x_wconf 89' lang='lat' dir='ltr'><strong>cui</strong></span> <span class='ocrx_word' id='word_1_560' title='bbox 3243 3489 3706 3556; x_wconf 74' lang='lat' dir='ltr'><strong>contradicetur.</strong></span> 
     </span>
    </p>
   </div>
   <div class='ocr_carea' id='block_1_75' title="bbox 2064 3579 3713 3663">
    <p class='ocr_par' dir='ltr' id='par_1_75' title="bbox 2064 3579 3713 3663">
     <span class='ocr_line' id='line_1_75' title="bbox 2064 3579 3713 3663; baseline -0.001 -21"><span class='ocrx_word' id='word_1_561' title='bbox 2064 3579 2213 3652; x_wconf 84' lang='lat' dir='ltr'><strong>Quin</strong></span> <span class='ocrx_word' id='word_1_562' title='bbox 2246 3590 2303 3642; x_wconf 88' lang='lat' dir='ltr'><strong>et</strong></span> <span class='ocrx_word' id='word_1_563' title='bbox 2336 3593 2492 3642; x_wconf 87' lang='lat' dir='ltr'><strong>tuam</strong></span> <span class='ocrx_word' id='word_1_564' title='bbox 2527 3582 2714 3661; x_wconf 80' lang='lat' dir='ltr'><strong>ipsius</strong></span> <span class='ocrx_word' id='word_1_565' title='bbox 2749 3582 3007 3643; x_wconf 85' lang='lat' dir='ltr'><strong>animam</strong></span> <span class='ocrx_word' id='word_1_566' title='bbox 3045 3581 3378 3663; x_wconf 89' lang='lat' dir='ltr'><strong>penetrabit</strong></span> <span class='ocrx_word' id='word_1_567' title='bbox 3400 3581 3629 3660; x_wconf 83' lang='lat' dir='ltr'><strong>gladius</strong></span> <span class='ocrx_word' id='word_1_568' title='bbox 3649 3598 3713 3650; x_wconf 69' lang='lat' dir='ltr'><strong>ut</strong></span> 
     </span>
    </p>
   </div>
   <div class='ocr_carea' id='block_1_76' title="bbox 2052 3668 3706 3750">
    <p class='ocr_par' dir='ltr' id='par_1_76' title="bbox 2052 3668 3706 3750">
     <span class='ocr_line' id='line_1_76' title="bbox 2052 3668 3706 3750; baseline 0.001 -20"><span class='ocrx_word' id='word_1_569' title='bbox 2052 3679 2396 3748; x_wconf 81' lang='lat' dir='ltr'><strong>retegantur</strong></span> <span class='ocrx_word' id='word_1_570' title='bbox 2417 3689 2484 3731; x_wconf 79' lang='lat' dir='ltr'><strong>ex</strong></span> <span class='ocrx_word' id='word_1_571' title='bbox 2509 3668 2720 3732; x_wconf 83' lang='lat' dir='ltr'><strong>multis</strong></span> <span class='ocrx_word' id='word_1_572' title='bbox 2741 3671 3023 3732; x_wconf 77' lang='lat' dir='ltr'><strong>eordibus</strong></span> <span class='ocrx_word' id='word_1_573' title='bbox 3045 3670 3706 3750; x_wconf 67' lang='lat' dir='ltr'><strong>cogitationes.»Bene-</strong></span> 
     </span>
    </p>
   </div>
   <div class='ocr_carea' id='block_1_77' title="bbox 316 3758 1981 3850">
    <p class='ocr_par' dir='ltr' id='par_1_77' title="bbox 316 3769 1966 3850">
     <span class='ocr_line' id='line_1_77' title="bbox 316 3769 1966 3850; baseline 0 -22"><span class='ocrx_word' id='word_1_574' title='bbox 316 3774 524 3850; x_wconf 75' lang='grc' dir='ltr'>γισμοί.</span> <span class='ocrx_word' id='word_1_575' title='bbox 567 3795 590 3828; x_wconf 71' lang='grc' dir='ltr'><strong>ιι</strong></span> <span class='ocrx_word' id='word_1_576' title='bbox 648 3769 921 3849; x_wconf 66' lang='grc' dir='ltr'>Εὒλόγησε</span> <span class='ocrx_word' id='word_1_577' title='bbox 969 3771 1064 3846; x_wconf 63' lang='grc' dir='ltr'>μὲν</span> <span class='ocrx_word' id='word_1_578' title='bbox 1124 3772 1450 3850; x_wconf 71' lang='grc' dir='ltr'>ἀμφοτέρους</span> <span class='ocrx_word' id='word_1_579' title='bbox 1507 3773 1534 3829; x_wconf 86' lang='grc' dir='ltr'><strong>ὁ</strong></span> <span class='ocrx_word' id='word_1_580' title='bbox 1600 3771 1842 3847; x_wconf 72' lang='grc' dir='ltr'>Συμεώνο</span> <span class='ocrx_word' id='word_1_581' title='bbox 1875 3774 1966 3829; x_wconf 91' lang='grc' dir='ltr'><strong>τὸν</strong></span> 
     </span>
    </p>
   </div>
   <div class='ocr_carea' id='block_1_78' title="bbox 2066 3758 3707 3850">
    <p class='ocr_par' dir='ltr' id='par_1_78' title="bbox 2066 3758 3707 3850">
     <span class='ocr_line' id='line_1_78' title="bbox 2066 3758 3707 3850; baseline 0.001 -30"><span class='ocrx_word' id='word_1_582' title='bbox 2066 3759 2196 3821; x_wconf 78' lang='lat' dir='ltr'><strong>lixit</strong></span> <span class='ocrx_word' id='word_1_583' title='bbox 2224 3758 2467 3850; x_wconf 88' lang='lat' dir='ltr'><strong>quidem</strong></span> <span class='ocrx_word' id='word_1_584' title='bbox 2492 3758 2779 3821; x_wconf 70' lang='lat' dir='ltr'><strong>ambobus</strong></span> <span class='ocrx_word' id='word_1_585' title='bbox 2796 3761 3058 3824; x_wconf 81' lang='lat' dir='ltr'><strong>Simeon:</strong></span> <span class='ocrx_word' id='word_1_586' title='bbox 3083 3762 3512 3840; x_wconf 80' lang='lat' dir='ltr'><strong>rejectoautem</strong></span> <span class='ocrx_word' id='word_1_587' title='bbox 3542 3769 3707 3850; x_wconf 85' lang='lat' dir='ltr'><strong>patre</strong></span> 
     </span>
    </p>
   </div>
   <div class='ocr_carea' id='block_1_79' title="bbox 313 3835 1981 3941">
    <p class='ocr_par' dir='ltr' id='par_1_79' title="bbox 313 3859 1962 3941">
     <span class='ocr_line' id='line_1_79' title="bbox 313 3859 1962 3941; baseline -0.002 -23"><span class='ocrx_word' id='word_1_588' title='bbox 313 3860 367 3918; x_wconf 70' lang='grc' dir='ltr'>δὲ</span> <span class='ocrx_word' id='word_1_589' title='bbox 412 3861 756 3936; x_wconf 80' lang='grc' dir='ltr'>νομιζόμενον</span> <span class='ocrx_word' id='word_1_590' title='bbox 809 3859 1009 3939; x_wconf 86' lang='grc' dir='ltr'>πατέρα</span> <span class='ocrx_word' id='word_1_591' title='bbox 1048 3861 1221 3941; x_wconf 56' lang='grc' dir='ltr'>ἀφεὶς,</span> <span class='ocrx_word' id='word_1_592' title='bbox 1275 3885 1404 3930; x_wconf 65' lang='grc' dir='ltr'>προς</span> <span class='ocrx_word' id='word_1_593' title='bbox 1457 3865 1556 3918; x_wconf 65' lang='grc' dir='ltr'><strong>τὴν</strong></span> <span class='ocrx_word' id='word_1_594' title='bbox 1601 3860 1814 3928; x_wconf 80' lang='grc' dir='ltr'>ἀληθῶς</span> <span class='ocrx_word' id='word_1_595' title='bbox 1846 3883 1962 3936; x_wconf 83' lang='grc' dir='ltr'>μη-</span> 
     </span>
    </p>
   </div>
   <div class='ocr_carea' id='block_1_80' title="bbox 2066 3835 3707 3941">
    <p class='ocr_par' dir='ltr' id='par_1_80' title="bbox 2066 3835 3707 3924">
     <span class='ocr_line' id='line_1_80' title="bbox 2066 3835 3707 3924; baseline 0.001 -16"><span class='ocrx_word' id='word_1_596' title='bbox 2066 3835 2344 3924; x_wconf 67' lang='lat' dir='ltr'><strong>Jutativo,</strong></span> <span class='ocrx_word' id='word_1_597' title='bbox 2383 3850 2454 3910; x_wconf 84' lang='lat' dir='ltr'><strong>ad</strong></span> <span class='ocrx_word' id='word_1_598' title='bbox 2499 3868 2697 3910; x_wconf 77' lang='lat' dir='ltr'><strong>verum</strong></span> <span class='ocrx_word' id='word_1_599' title='bbox 2733 3863 2979 3911; x_wconf 82' lang='lat' dir='ltr'><strong>matrem</strong></span> <span class='ocrx_word' id='word_1_600' title='bbox 3009 3835 3240 3911; x_wconf 73' lang='lat' dir='ltr'><strong>locutus</strong></span> <span class='ocrx_word' id='word_1_601' title='bbox 3267 3858 3389 3911; x_wconf 86' lang='lat' dir='ltr'><strong>est:</strong></span> <span class='ocrx_word' id='word_1_602' title='bbox 3425 3835 3580 3911; x_wconf 82' lang='lat' dir='ltr'><strong>Ecce</strong></span> <span class='ocrx_word' id='word_1_603' title='bbox 3610 3849 3707 3910; x_wconf 81' lang='lat' dir='ltr'><strong>hic</strong></span> 
     </span>
    </p>
   </div>
   <div class='ocr_carea' id='block_1_81' title="bbox 311 3937 1981 4029">
    <p class='ocr_par' dir='ltr' id='par_1_81' title="bbox 311 3947 1959 4029">
     <span class='ocr_line' id='line_1_81' title="bbox 311 3947 1959 4029; baseline -0.002 -21"><span class='ocrx_word' id='word_1_604' title='bbox 311 3954 436 4029; x_wconf 79' lang='grc' dir='ltr'>τέρα</span> <span class='ocrx_word' id='word_1_605' title='bbox 484 3951 804 4029; x_wconf 75' lang='grc' dir='ltr'>ἐφθέγγετο·</span> <span class='ocrx_word' id='word_1_606' title='bbox 852 3947 1007 4019; x_wconf 79' lang='grc' dir='ltr'>Ἰδοὺ,</span> <span class='ocrx_word' id='word_1_607' title='bbox 1057 3954 1237 4029; x_wconf 53' lang='grc' dir='ltr'><strong>νξησὶν,</strong></span> <span class='ocrx_word' id='word_1_608' title='bbox 1281 3973 1427 4017; x_wconf 76' lang='grc' dir='ltr'>ουτος</span> <span class='ocrx_word' id='word_1_609' title='bbox 1473 3954 1653 4008; x_wconf 72' lang='grc' dir='ltr'>κεῖται</span> <span class='ocrx_word' id='word_1_610' title='bbox 1703 3953 1776 4013; x_wconf 78' lang='grc' dir='ltr'><strong>εἰς</strong></span> <span class='ocrx_word' id='word_1_611' title='bbox 1806 3958 1959 4008; x_wconf 88' lang='grc' dir='ltr'>πτῶ-</span> 
     </span>
    </p>
   </div>
   <div class='ocr_carea' id='block_1_82' title="bbox 2066 3937 3702 4029">
    <p class='ocr_par' dir='ltr' id='par_1_82' title="bbox 2066 3937 3702 4020">
     <span class='ocr_line' id='line_1_82' title="bbox 2066 3937 3702 4020; baseline -0.001 -23"><span class='ocrx_word' id='word_1_612' title='bbox 2066 3937 2277 3999; x_wconf 74' lang='grc' dir='ltr'>ιοεὶιυε</span> <span class='ocrx_word' id='word_1_613' title='bbox 2309 3948 2397 4000; x_wconf 88' lang='lat' dir='ltr'><strong>est</strong></span> <span class='ocrx_word' id='word_1_614' title='bbox 2431 3939 2491 3999; x_wconf 84' lang='lat' dir='ltr'><strong>in</strong></span> <span class='ocrx_word' id='word_1_615' title='bbox 2520 3938 2843 4020; x_wconf 89' lang='lat' dir='ltr'><strong>ruinam,et</strong></span> <span class='ocrx_word' id='word_1_616' title='bbox 2863 3941 3356 4002; x_wconf 59' lang='lat' dir='ltr'><strong>resurrectionem</strong></span> <span class='ocrx_word' id='word_1_617' title='bbox 3385 3939 3702 4000; x_wconf 86' lang='lat' dir='ltr'><strong>multorum</strong></span> 
     </span>
    </p>
   </div>
   <div class='ocr_carea' id='block_1_83' title="bbox 313 4027 1981 4120">
    <p class='ocr_par' dir='ltr' id='par_1_83' title="bbox 313 4038 1965 4120">
     <span class='ocr_line' id='line_1_83' title="bbox 313 4038 1965 4120; baseline -0.001 -23"><span class='ocrx_word' id='word_1_618' title='bbox 313 4064 394 4098; x_wconf 91' lang='grc' dir='ltr'><strong>σιν</strong></span> <span class='ocrx_word' id='word_1_619' title='bbox 452 4041 540 4096; x_wconf 82' lang='grc' dir='ltr'><strong>καὶ</strong></span> <span class='ocrx_word' id='word_1_620' title='bbox 598 4039 884 4095; x_wconf 77' lang='grc' dir='ltr'>ἀνάστασιν</span> <span class='ocrx_word' id='word_1_621' title='bbox 939 4038 1150 4095; x_wconf 62' lang='grc' dir='ltr'>πολλῶν</span> <span class='ocrx_word' id='word_1_622' title='bbox 1213 4040 1265 4095; x_wconf 83' lang='grc' dir='ltr'>ἐν</span> <span class='ocrx_word' id='word_1_623' title='bbox 1325 4048 1400 4114; x_wconf 73' lang='grc' dir='ltr'>τῷ</span> <span class='ocrx_word' id='word_1_624' title='bbox 1460 4038 1699 4120; x_wconf 76' lang='grc' dir='ltr'>Ἰσραήλ⁶</span> <span class='ocrx_word' id='word_1_625' title='bbox 1763 4047 1965 4097; x_wconf 89' lang='grc' dir='ltr'>πτῶσιν</span> 
     </span>
    </p>
   </div>
   <div class='ocr_carea' id='block_1_84' title="bbox 2066 4027 3704 4120">
    <p class='ocr_par' dir='ltr' id='par_1_84' title="bbox 2066 4027 3704 4110">
     <span class='ocr_line' id='line_1_84' title="bbox 2066 4027 3704 4110; baseline 0.001 -24"><span class='ocrx_word' id='word_1_626' title='bbox 2066 4047 2110 4098; x_wconf 87' lang='lat' dir='ltr'><strong>n</strong></span> <span class='ocrx_word' id='word_1_627' title='bbox 2146 4027 2613 4089; x_wconf 76' lang='lat' dir='ltr'><strong>lsraelJtninam</strong></span> <span class='ocrx_word' id='word_1_628' title='bbox 2645 4028 2884 4109; x_wconf 91' lang='lat' dir='ltr'><strong>quidem</strong></span> <span class='ocrx_word' id='word_1_629' title='bbox 2919 4029 3062 4092; x_wconf 89' lang='lat' dir='ltr'><strong>dicit</strong></span> <span class='ocrx_word' id='word_1_630' title='bbox 3093 4048 3297 4093; x_wconf 87' lang='lat' dir='ltr'><strong>eorum</strong></span> <span class='ocrx_word' id='word_1_631' title='bbox 3323 4029 3557 4110; x_wconf 85' lang='lat' dir='ltr'><strong>quinon</strong></span> <span class='ocrx_word' id='word_1_632' title='bbox 3581 4045 3704 4088; x_wconf 83' lang='lat' dir='ltr'><strong>cre-</strong></span> 
     </span>
    </p>
   </div>
   <div class='ocr_carea' id='block_1_85' title="bbox 1262 4115 1981 4208">
    <p class='ocr_par' dir='ltr' id='par_1_85' title="bbox 1262 4128 1971 4208">
     <span class='ocr_line' id='line_1_85' title="bbox 1262 4128 1971 4208; baseline 0.001 -24"><span class='ocrx_word' id='word_1_633' title='bbox 1262 4131 1548 4185; x_wconf 70' lang='grc' dir='ltr'>ἀνάστασιν</span> <span class='ocrx_word' id='word_1_634' title='bbox 1591 4128 1668 4208; x_wconf 79' lang='grc' dir='ltr'>δὲ,</span> <span class='ocrx_word' id='word_1_635' title='bbox 1727 4135 1830 4184; x_wconf 87' lang='grc' dir='ltr'><strong>τῶν</strong></span> <span class='ocrx_word' id='word_1_636' title='bbox 1874 4153 1971 4185; x_wconf 87' lang='grc' dir='ltr'>πι-</span> 
     </span>
    </p>
   </div>
   <div class='ocr_carea' id='block_1_86' title="bbox 2066 4115 3700 4208">
    <p class='ocr_par' dir='ltr' id='par_1_86' title="bbox 2066 4115 3700 4198">
     <span class='ocr_line' id='line_1_86' title="bbox 2066 4115 3700 4198; baseline -0.001 -22"><span class='ocrx_word' id='word_1_637' title='bbox 2066 4115 2357 4182; x_wconf 74' lang='lat' dir='ltr'><strong>iiderunt.</strong></span> <span class='ocrx_word' id='word_1_638' title='bbox 2395 4117 2496 4198; x_wconf 90' lang='lat' dir='ltr'><strong>qui</strong></span> <span class='ocrx_word' id='word_1_639' title='bbox 2551 4136 2685 4178; x_wconf 82' lang='lat' dir='ltr'><strong>vero</strong></span> <span class='ocrx_word' id='word_1_640' title='bbox 2735 4119 3143 4194; x_wconf 86' lang='lat' dir='ltr'><strong>crediderunt,</strong></span> <span class='ocrx_word' id='word_1_641' title='bbox 3176 4118 3700 4180; x_wconf 83' lang='lat' dir='ltr'><strong>resurrectionem.</strong></span> 
     </span>
    </p>
   </div>
   <div class='ocr_carea' id='block_1_87' title="bbox 2062 4205 3709 4290">
    <p class='ocr_par' dir='ltr' id='par_1_87' title="bbox 2062 4205 3709 4290">
     <span class='ocr_line' id='line_1_87' title="bbox 2062 4205 3709 4290; baseline 0.002 -26"><span class='ocrx_word' id='word_1_642' title='bbox 2062 4206 2168 4267; x_wconf 84' lang='lat' dir='ltr'><strong>Vel</strong></span> <span class='ocrx_word' id='word_1_643' title='bbox 2201 4207 2376 4268; x_wconf 90' lang='lat' dir='ltr'><strong>etiam</strong></span> <span class='ocrx_word' id='word_1_644' title='bbox 2408 4207 2582 4268; x_wconf 80' lang='lat' dir='ltr'><strong>aliter</strong></span> <span class='ocrx_word' id='word_1_645' title='bbox 2616 4229 2631 4268; x_wconf 91' lang='lat'><strong>:</strong></span> <span class='ocrx_word' id='word_1_646' title='bbox 2665 4205 2730 4269; x_wconf 92' lang='lat' dir='ltr'><strong>ln</strong></span> <span class='ocrx_word' id='word_1_647' title='bbox 2762 4210 2996 4270; x_wconf 84' lang='lat' dir='ltr'><strong>ruinam</strong></span> <span class='ocrx_word' id='word_1_648' title='bbox 3045 4210 3272 4290; x_wconf 88' lang='lat' dir='ltr'><strong>positus</strong></span> <span class='ocrx_word' id='word_1_649' title='bbox 3301 4217 3390 4270; x_wconf 88' lang='lat' dir='ltr'><strong>est</strong></span> <span class='ocrx_word' id='word_1_650' title='bbox 3421 4208 3709 4271; x_wconf 87' lang='lat' dir='ltr'><strong>Dominus</strong></span> 
     </span>
    </p>
   </div>
   <div class='ocr_carea' id='block_1_88' title="bbox 316 4297 1981 4386">
    <p class='ocr_par' dir='ltr' id='par_1_88' title="bbox 316 4305 1977 4386">
     <span class='ocr_line' id='line_1_88' title="bbox 316 4305 1977 4386; baseline -0.002 -22"><span class='ocrx_word' id='word_1_651' title='bbox 316 4315 424 4364; x_wconf 90' lang='grc' dir='ltr'><strong>τῶν</strong></span> <span class='ocrx_word' id='word_1_652' title='bbox 475 4310 533 4364; x_wconf 71' lang='grc' dir='ltr'>ἒν</span> <span class='ocrx_word' id='word_1_653' title='bbox 589 4319 713 4369; x_wconf 77' lang='grc' dir='ltr'>ταῖς</span> <span class='ocrx_word' id='word_1_654' title='bbox 763 4311 970 4386; x_wconf 72' lang='grc' dir='ltr'>ψυχαῖς</span> <span class='ocrx_word' id='word_1_655' title='bbox 1021 4310 1172 4381; x_wconf 62' lang='grc' dir='ltr'>ἡμῶν</span> <span class='ocrx_word' id='word_1_656' title='bbox 1223 4314 1401 4362; x_wconf 69' lang='grc' dir='ltr'>κακῶν</span> <span class='ocrx_word' id='word_1_657' title='bbox 1435 4322 1449 4336; x_wconf 81' lang='grc'><strong><em>⁸</em></strong></span> <span class='ocrx_word' id='word_1_658' title='bbox 1500 4308 1569 4367; x_wconf 77' lang='grc' dir='ltr'><strong>εἰς</strong></span> <span class='ocrx_word' id='word_1_659' title='bbox 1606 4306 1897 4362; x_wconf 77' lang='grc' dir='ltr'>ἀνάστασιν</span> <span class='ocrx_word' id='word_1_660' title='bbox 1925 4305 1977 4362; x_wconf 76' lang='grc' dir='ltr'>δὲ</span> 
     </span>
    </p>
   </div>
   <div class='ocr_carea' id='block_1_89' title="bbox 2066 4297 3704 4386">
    <p class='ocr_par' dir='ltr' id='par_1_89' title="bbox 2066 4297 3704 4376">
     <span class='ocr_line' id='line_1_89' title="bbox 2066 4297 3704 4376; baseline 0.002 -21"><span class='ocrx_word' id='word_1_661' title='bbox 2066 4297 2352 4357; x_wconf 91' lang='lat' dir='ltr'><strong>malorum</strong></span> <span class='ocrx_word' id='word_1_662' title='bbox 2391 4315 2522 4376; x_wconf 65' lang='lat' dir='ltr'><strong>quae</strong></span> <span class='ocrx_word' id='word_1_663' title='bbox 2553 4297 2609 4356; x_wconf 91' lang='lat' dir='ltr'><strong>in</strong></span> <span class='ocrx_word' id='word_1_664' title='bbox 2657 4297 2968 4360; x_wconf 88' lang='lat' dir='ltr'><strong>animabus</strong></span> <span class='ocrx_word' id='word_1_665' title='bbox 3017 4299 3234 4361; x_wconf 82' lang='lat' dir='ltr'><strong>nostris</strong></span> <span class='ocrx_word' id='word_1_666' title='bbox 3271 4320 3284 4362; x_wconf 90' lang='lat'>:</span> <span class='ocrx_word' id='word_1_667' title='bbox 3319 4299 3376 4358; x_wconf 90' lang='lat' dir='ltr'><strong>in</strong></span> <span class='ocrx_word' id='word_1_668' title='bbox 3429 4316 3704 4359; x_wconf 88' lang='lat' dir='ltr'><strong>resurre-</strong></span> 
     </span>
    </p>
   </div>
   <div class='ocr_carea' id='block_1_90' title="bbox 316 4385 1981 4474">
    <p class='ocr_par' dir='ltr' id='par_1_90' title="bbox 316 4396 1975 4474">
     <span class='ocr_line' id='line_1_90' title="bbox 316 4396 1975 4474; baseline -0.001 -22"><span class='ocrx_word' id='word_1_669' title='bbox 316 4402 422 4452; x_wconf 85' lang='grc' dir='ltr'><strong>τῶν</strong></span> <span class='ocrx_word' id='word_1_670' title='bbox 479 4396 712 4474; x_wconf 78' lang='grc' dir='ltr'>ἀγαθῶν.</span> <span class='ocrx_word' id='word_1_671' title='bbox 746 4397 932 4452; x_wconf 76' lang='grc' dir='ltr'>Πίπτει</span> <span class='ocrx_word' id='word_1_672' title='bbox 992 4398 1233 4473; x_wconf 65' lang='grc' dir='ltr'>πορνεία,</span> <span class='ocrx_word' id='word_1_673' title='bbox 1287 4397 1560 4452; x_wconf 80' lang='grc' dir='ltr'>ἀνίσταται</span> <span class='ocrx_word' id='word_1_674' title='bbox 1617 4396 1930 4473; x_wconf 77' lang='grc' dir='ltr'>σωφροσύνη</span> <span class='ocrx_word' id='word_1_675' title='bbox 1963 4405 1975 4419; x_wconf 83' lang='grc'><strong><em>⁸</em></strong></span> 
     </span>
    </p>
   </div>
   <div class='ocr_carea' id='block_1_91' title="bbox 2066 4385 3704 4474">
    <p class='ocr_par' dir='ltr' id='par_1_91' title="bbox 2066 4385 3704 4466">
     <span class='ocr_line' id='line_1_91' title="bbox 2066 4385 3704 4466; baseline 0.002 -22"><span class='ocrx_word' id='word_1_676' title='bbox 2066 4385 2318 4445; x_wconf 89' lang='lat' dir='ltr'><strong>ctionem</strong></span> <span class='ocrx_word' id='word_1_677' title='bbox 2381 4403 2517 4446; x_wconf 87' lang='lat' dir='ltr'><strong>vero</strong></span> <span class='ocrx_word' id='word_1_678' title='bbox 2567 4385 2884 4450; x_wconf 79' lang='lat' dir='ltr'><strong>bonorum.</strong></span> <span class='ocrx_word' id='word_1_679' title='bbox 2915 4389 3084 4450; x_wconf 89' lang='lat' dir='ltr'><strong>Cadit</strong></span> <span class='ocrx_word' id='word_1_680' title='bbox 3137 4388 3472 4463; x_wconf 81' lang='lat' dir='ltr'><strong>furnicatio,</strong></span> <span class='ocrx_word' id='word_1_681' title='bbox 3519 4386 3704 4466; x_wconf 84' lang='lat' dir='ltr'><strong>surgit</strong></span> 
     </span>
    </p>
   </div>
   <div class='ocr_carea' id='block_1_92' title="bbox 313 4473 1981 4562">
    <p class='ocr_par' dir='ltr' id='par_1_92' title="bbox 313 4481 1976 4562">
     <span class='ocr_line' id='line_1_92' title="bbox 313 4481 1976 4562; baseline 0.001 -23"><span class='ocrx_word' id='word_1_682' title='bbox 313 4488 402 4542; x_wconf 80' lang='grc' dir='ltr'><strong>καὶ</strong></span> <span class='ocrx_word' id='word_1_683' title='bbox 432 4483 608 4548; x_wconf 75' lang='grc' dir='ltr'>ἄλλως</span> <span class='ocrx_word' id='word_1_684' title='bbox 651 4481 707 4540; x_wconf 74' lang='grc' dir='ltr'>δὲ</span> <span class='ocrx_word' id='word_1_685' title='bbox 735 4481 946 4540; x_wconf 87' lang='grc' dir='ltr'>δύναται</span> <span class='ocrx_word' id='word_1_686' title='bbox 977 4489 1232 4551; x_wconf 71' lang='grc' dir='ltr'>νοηθῆναι</span> <span class='ocrx_word' id='word_1_687' title='bbox 1275 4502 1288 4515; x_wconf 87' lang='lat'><strong><em>°</em></strong></span> <span class='ocrx_word' id='word_1_688' title='bbox 1323 4499 1504 4541; x_wconf 70' lang='grc' dir='ltr'>κεῖται</span> <span class='ocrx_word' id='word_1_689' title='bbox 1549 4485 1650 4562; x_wconf 78' lang='grc' dir='ltr'><strong>γὰρ</strong></span> <span class='ocrx_word' id='word_1_690' title='bbox 1695 4486 1723 4541; x_wconf 86' lang='grc' dir='ltr'><strong>ὸ</strong></span> <span class='ocrx_word' id='word_1_691' title='bbox 1755 4485 1976 4562; x_wconf 74' lang='grc' dir='ltr'>Χριστὸς</span> 
     </span>
    </p>
   </div>
   <div class='ocr_carea' id='block_1_93' title="bbox 2066 4473 3696 4562">
    <p class='ocr_par' dir='ltr' id='par_1_93' title="bbox 2066 4473 3696 4559">
     <span class='ocr_line' id='line_1_93' title="bbox 2066 4473 3696 4559; baseline 0.002 -25"><span class='ocrx_word' id='word_1_692' title='bbox 2066 4473 2446 4535; x_wconf 85' lang='lat' dir='ltr'><strong>continentia.</strong></span> <span class='ocrx_word' id='word_1_693' title='bbox 2489 4475 2592 4536; x_wconf 86' lang='lat' dir='ltr'><strong>Vel</strong></span> <span class='ocrx_word' id='word_1_694' title='bbox 2640 4475 2812 4537; x_wconf 82' lang='lat' dir='ltr'><strong>aliter</strong></span> <span class='ocrx_word' id='word_1_695' title='bbox 2859 4496 3095 4559; x_wconf 92' lang='lat' dir='ltr'><strong>quoque</strong></span> <span class='ocrx_word' id='word_1_696' title='bbox 3147 4477 3402 4556; x_wconf 80' lang='lat' dir='ltr'><strong>intelligi</strong></span> <span class='ocrx_word' id='word_1_697' title='bbox 3461 4485 3696 4557; x_wconf 86' lang='lat' dir='ltr'><strong>potest:</strong></span> 
     </span>
    </p>
   </div>
   <div class='ocr_carea' id='block_1_94' title="bbox 311 4563 1981 4646">
    <p class='ocr_par' dir='ltr' id='par_1_94' title="bbox 311 4574 1976 4646">
     <span class='ocr_line' id='line_1_94' title="bbox 311 4574 1976 4646; baseline -0.001 -16"><span class='ocrx_word' id='word_1_698' title='bbox 311 4576 384 4636; x_wconf 81' lang='grc' dir='ltr'>εἷς</span> <span class='ocrx_word' id='word_1_699' title='bbox 425 4576 654 4646; x_wconf 83' lang='grc' dir='ltr'>πτῶσιν,</span> <span class='ocrx_word' id='word_1_700' title='bbox 689 4574 802 4630; x_wconf 86' lang='grc' dir='ltr'>ἀντὶ</span> <span class='ocrx_word' id='word_1_701' title='bbox 845 4597 936 4630; x_wconf 74' lang='grc' dir='ltr'><strong>τον</strong></span> <span class='ocrx_word' id='word_1_702' title='bbox 983 4574 1175 4630; x_wconf 65' lang='grc' dir='ltr'>Μέλλει</span> <span class='ocrx_word' id='word_1_703' title='bbox 1231 4578 1424 4631; x_wconf 73' lang='grc' dir='ltr'>παθεῖν</span> <span class='ocrx_word' id='word_1_704' title='bbox 1454 4576 1636 4645; x_wconf 73' lang='grc' dir='ltr'>αὐτὸς,</span> <span class='ocrx_word' id='word_1_705' title='bbox 1667 4575 1756 4629; x_wconf 87' lang='grc' dir='ltr'><strong>καὶ</strong></span> <span class='ocrx_word' id='word_1_706' title='bbox 1784 4589 1976 4630; x_wconf 62' lang='grc' dir='ltr'>πεσεέν</span> 
     </span>
    </p>
   </div>
   <div class='ocr_carea' id='block_1_95' title="bbox 2066 4563 3704 4646">
    <p class='ocr_par' dir='ltr' id='par_1_95' title="bbox 2066 4563 3704 4646">
     <span class='ocr_line' id='line_1_95' title="bbox 2066 4563 3704 4646; baseline 0.002 -22"><span class='ocrx_word' id='word_1_707' title='bbox 2066 4563 2299 4626; x_wconf 76' lang='lat' dir='ltr'><strong>l’ositus</strong></span> <span class='ocrx_word' id='word_1_708' title='bbox 2329 4572 2418 4625; x_wconf 88' lang='lat' dir='ltr'><strong>est</strong></span> <span class='ocrx_word' id='word_1_709' title='bbox 2445 4564 2604 4626; x_wconf 88' lang='lat' dir='ltr'><strong>enim</strong></span> <span class='ocrx_word' id='word_1_710' title='bbox 2633 4563 2917 4628; x_wconf 90' lang='lat' dir='ltr'><strong>Dominus</strong></span> <span class='ocrx_word' id='word_1_711' title='bbox 2948 4568 3006 4628; x_wconf 89' lang='lat' dir='ltr'><strong>in</strong></span> <span class='ocrx_word' id='word_1_712' title='bbox 3035 4567 3295 4642; x_wconf 87' lang='lat' dir='ltr'><strong>ruinam,</strong></span> <span class='ocrx_word' id='word_1_713' title='bbox 3321 4568 3432 4628; x_wconf 86' lang='lat' dir='ltr'><strong>hoc</strong></span> <span class='ocrx_word' id='word_1_714' title='bbox 3456 4565 3704 4646; x_wconf 88' lang='lat' dir='ltr'><strong>est,ipse</strong></span> 
     </span>
    </p>
   </div>
   <div class='ocr_carea' id='block_1_96' title="bbox 309 4656 1981 4743">
    <p class='ocr_par' dir='ltr' id='par_1_96' title="bbox 309 4661 1968 4743">
     <span class='ocr_line' id='line_1_96' title="bbox 309 4661 1968 4743; baseline -0.002 -23"><span class='ocrx_word' id='word_1_715' title='bbox 309 4665 384 4728; x_wconf 80' lang='grc' dir='ltr'><strong>εἰς</strong></span> <span class='ocrx_word' id='word_1_716' title='bbox 412 4664 661 4743; x_wconf 81' lang='grc' dir='ltr'>Θάνατον,</span> <span class='ocrx_word' id='word_1_717' title='bbox 719 4665 807 4720; x_wconf 73' lang='grc' dir='ltr'>καὶ</span> <span class='ocrx_word' id='word_1_718' title='bbox 865 4663 1156 4729; x_wconf 68' lang='grc' dir='ltr'>ἀναστῆναι</span> <span class='ocrx_word' id='word_1_719' title='bbox 1203 4662 1457 4739; x_wconf 84' lang='grc' dir='ltr'>μέλλουσι</span> <span class='ocrx_word' id='word_1_720' title='bbox 1521 4661 1734 4736; x_wconf 81' lang='grc' dir='ltr'>πολλοὶ,</span> <span class='ocrx_word' id='word_1_721' title='bbox 1770 4663 1968 4718; x_wconf 82' lang='grc' dir='ltr'>πεσόν-</span> 
     </span>
    </p>
   </div>
   <div class='ocr_carea' id='block_1_97' title="bbox 2066 4656 3701 4743">
    <p class='ocr_par' dir='ltr' id='par_1_97' title="bbox 2066 4656 3701 4733">
     <span class='ocr_line' id='line_1_97' title="bbox 2066 4656 3701 4733; baseline 0.001 -20"><span class='ocrx_word' id='word_1_722' title='bbox 2066 4671 2335 4733; x_wconf 86' lang='lat' dir='ltr'><strong>passurus</strong></span> <span class='ocrx_word' id='word_1_723' title='bbox 2365 4662 2544 4728; x_wconf 78' lang='lat' dir='ltr'><strong>cst,et</strong></span> <span class='ocrx_word' id='word_1_724' title='bbox 2576 4672 2822 4716; x_wconf 89' lang='lat' dir='ltr'><strong>casurus</strong></span> <span class='ocrx_word' id='word_1_725' title='bbox 2851 4666 2939 4716; x_wconf 89' lang='lat' dir='ltr'><strong>est</strong></span> <span class='ocrx_word' id='word_1_726' title='bbox 2960 4656 3018 4716; x_wconf 90' lang='lat' dir='ltr'><strong>in</strong></span> <span class='ocrx_word' id='word_1_727' title='bbox 3054 4668 3304 4718; x_wconf 85' lang='lat' dir='ltr'><strong>mortem</strong></span> <span class='ocrx_word' id='word_1_728' title='bbox 3331 4677 3344 4715; x_wconf 91' lang='lat'><strong>:</strong></span> <span class='ocrx_word' id='word_1_729' title='bbox 3371 4663 3580 4716; x_wconf 88' lang='lat' dir='ltr'><strong>etcum</strong></span> <span class='ocrx_word' id='word_1_730' title='bbox 3597 4673 3701 4714; x_wconf 86' lang='lat' dir='ltr'><strong>ce-</strong></span> 
     </span>
    </p>
   </div>
   <div class='ocr_carea' id='block_1_98' title="bbox 2055 4741 3704 4824">
    <p class='ocr_par' dir='ltr' id='par_1_98' title="bbox 2055 4741 3704 4824">
     <span class='ocr_line' id='line_1_98' title="bbox 2055 4741 3704 4824; baseline -0.001 -21"><span class='ocrx_word' id='word_1_731' title='bbox 2055 4741 2270 4824; x_wconf 86' lang='lat' dir='ltr'><strong>ciderit</strong></span> <span class='ocrx_word' id='word_1_732' title='bbox 2304 4742 2776 4824; x_wconf 82' lang='lat' dir='ltr'><strong>ipse,resurgent</strong></span> <span class='ocrx_word' id='word_1_733' title='bbox 2810 4745 3298 4807; x_wconf 81' lang='lat' dir='ltr'><strong>multi.l’unclum</strong></span> <span class='ocrx_word' id='word_1_734' title='bbox 3330 4753 3526 4806; x_wconf 88' lang='lat' dir='ltr'><strong>autem</strong></span> <span class='ocrx_word' id='word_1_735' title='bbox 3552 4761 3704 4823; x_wconf 88' lang='lat' dir='ltr'><strong>pono</strong></span> 
     </span>
    </p>
   </div>
   <div class='ocr_carea' id='block_1_99' title="bbox 2055 4822 3701 4914">
    <p class='ocr_par' dir='ltr' id='par_1_99' title="bbox 2055 4822 3701 4914">
     <span class='ocr_line' id='line_1_99' title="bbox 2055 4822 3701 4914; baseline 0.001 -24"><span class='ocrx_word' id='word_1_736' title='bbox 2055 4851 2189 4892; x_wconf 77' lang='lat' dir='ltr'><strong>rum</strong></span> <span class='ocrx_word' id='word_1_737' title='bbox 2223 4822 2471 4902; x_wconf 82' lang='lat' dir='ltr'><strong>dixeris.</strong></span> <span class='ocrx_word' id='word_1_738' title='bbox 2499 4832 2558 4893; x_wconf 92' lang='lat' dir='ltr'><strong>in</strong></span> <span class='ocrx_word' id='word_1_739' title='bbox 2591 4822 2825 4895; x_wconf 82' lang='lat' dir='ltr'><strong>ruinam</strong></span> <span class='ocrx_word' id='word_1_740' title='bbox 2853 4852 2866 4898; x_wconf 93' lang='lat'><strong>:</strong></span> <span class='ocrx_word' id='word_1_741' title='bbox 2903 4835 3124 4898; x_wconf 89' lang='lat' dir='ltr'><strong>deinde</strong></span> <span class='ocrx_word' id='word_1_742' title='bbox 3154 4835 3374 4914; x_wconf 88' lang='lat' dir='ltr'><strong>incipe,</strong></span> <span class='ocrx_word' id='word_1_743' title='bbox 3406 4842 3465 4895; x_wconf 89' lang='lat' dir='ltr'><strong>et</strong></span> <span class='ocrx_word' id='word_1_744' title='bbox 3501 4822 3701 4894; x_wconf 80' lang='lat' dir='ltr'><strong>resur-</strong></span> 
     </span>
    </p>
   </div>
   <div class='ocr_carea' id='block_1_100' title="bbox 317 4128 1204 4208">
    <p class='ocr_par' dir='ltr' id='par_1_100' title="bbox 317 4128 1204 4208">
     <span class='ocr_line' id='line_1_100' title="bbox 317 4128 1204 4208; baseline -0.003 -23"><span class='ocrx_word' id='word_1_745' title='bbox 317 4130 436 4208; x_wconf 77' lang='grc' dir='ltr'>μὲν,</span> <span class='ocrx_word' id='word_1_746' title='bbox 497 4135 602 4184; x_wconf 92' lang='grc' dir='ltr'><strong>τῶν</strong></span> <span class='ocrx_word' id='word_1_747' title='bbox 663 4128 742 4202; x_wconf 73' lang='grc' dir='ltr'>μὴ</span> <span class='ocrx_word' id='word_1_748' title='bbox 799 4129 1154 4184; x_wconf 76' lang='grc' dir='ltr'>πιστευόντων</span> <span class='ocrx_word' id='word_1_749' title='bbox 1191 4148 1204 4162; x_wconf 79' lang='grc' dir='ltr'><strong>ο</strong></span> 
     </span>
    </p>
   </div>
   <div class='ocr_carea' id='block_1_101' title="bbox 1146 4219 1970 4293">
    <p class='ocr_par' dir='ltr' id='par_1_101' title="bbox 1146 4219 1970 4293">
     <span class='ocr_line' id='line_1_101' title="bbox 1146 4219 1970 4293; baseline 0.001 -21"><span class='ocrx_word' id='word_1_750' title='bbox 1146 4221 1217 4282; x_wconf 79' lang='grc' dir='ltr'>εἷς</span> <span class='ocrx_word' id='word_1_751' title='bbox 1259 4220 1462 4274; x_wconf 72' lang='grc' dir='ltr'>πτῶσιν</span> <span class='ocrx_word' id='word_1_752' title='bbox 1494 4233 1670 4274; x_wconf 70' lang='grc' dir='ltr'>κεῖται</span> <span class='ocrx_word' id='word_1_753' title='bbox 1702 4221 1728 4274; x_wconf 85' lang='grc' dir='ltr'>ὂ</span> <span class='ocrx_word' id='word_1_754' title='bbox 1764 4219 1970 4293; x_wconf 69' lang='grc' dir='ltr'>Κύριος,</span> 
     </span>
    </p>
   </div>
   <div class='ocr_carea' id='block_1_102' title="bbox 1500 4305 1977 4367">
    <p class='ocr_par' dir='ltr' id='par_1_102' title="bbox 1500 4305 1977 4367">
     <span class='ocr_line' id='line_1_102' title="bbox 1500 4305 1977 4367; baseline -0.002 -6"><span class='ocrx_word' id='word_1_755' title='bbox 1500 4308 1569 4367; x_wconf 81' lang='grc' dir='ltr'><strong>εἰς</strong></span> <span class='ocrx_word' id='word_1_756' title='bbox 1606 4306 1897 4362; x_wconf 76' lang='grc' dir='ltr'>ἀνάστασιν</span> <span class='ocrx_word' id='word_1_757' title='bbox 1925 4305 1977 4362; x_wconf 76' lang='grc' dir='ltr'>δὲ</span> 
     </span>
    </p>
   </div>
   <div class='ocr_carea' id='block_1_103' title="bbox 315 4216 1094 4296">
    <p class='ocr_par' dir='ltr' id='par_1_103' title="bbox 315 4216 1094 4296">
     <span class='ocr_line' id='line_1_103' title="bbox 315 4216 1094 4296; baseline -0.006 -20"><span class='ocrx_word' id='word_1_758' title='bbox 315 4219 611 4276; x_wconf 80' lang='grc' dir='ltr'>στευόντων</span> <span class='ocrx_word' id='word_1_759' title='bbox 645 4237 660 4252; x_wconf 83' lang='lat'><strong><em>°</em></strong></span> <span class='ocrx_word' id='word_1_760' title='bbox 695 4216 732 4285; x_wconf 73' lang='grc' dir='ltr'><strong>ἢ</strong></span> <span class='ocrx_word' id='word_1_761' title='bbox 762 4219 849 4273; x_wconf 79' lang='grc' dir='ltr'><strong>καί</strong></span> <span class='ocrx_word' id='word_1_762' title='bbox 894 4216 1094 4296; x_wconf 68' lang='grc' dir='ltr'>ἄλλως,</span> 
     </span>
    </p>
   </div>
   <div class='ocr_carea' id='block_1_104' title="bbox 309 4749 1968 4832">
    <p class='ocr_par' dir='ltr' id='par_1_104' title="bbox 309 4749 1968 4832">
     <span class='ocr_line' id='line_1_104' title="bbox 309 4749 1968 4832; baseline -0.001 -24"><span class='ocrx_word' id='word_1_763' title='bbox 309 4775 400 4815; x_wconf 80' lang='grc' dir='ltr'><strong>τος</strong></span> <span class='ocrx_word' id='word_1_764' title='bbox 447 4754 630 4814; x_wconf 69' lang='grc' dir='ltr'>αὐτοῦ.</span> <span class='ocrx_word' id='word_1_765' title='bbox 667 4751 847 4818; x_wconf 76' lang='grc' dir='ltr'>Στίξον</span> <span class='ocrx_word' id='word_1_766' title='bbox 892 4763 980 4811; x_wconf 77' lang='grc' dir='ltr'>οὐν</span> <span class='ocrx_word' id='word_1_767' title='bbox 1013 4753 1064 4806; x_wconf 77' lang='grc' dir='ltr'>ἐν</span> <span class='ocrx_word' id='word_1_768' title='bbox 1109 4758 1209 4832; x_wconf 82' lang='grc' dir='ltr'><strong>τῷ,</strong></span> <span class='ocrx_word' id='word_1_769' title='bbox 1237 4754 1310 4817; x_wconf 84' lang='grc' dir='ltr'><strong>είς</strong></span> <span class='ocrx_word' id='word_1_770' title='bbox 1343 4758 1548 4809; x_wconf 89' lang='grc' dir='ltr'>πτῶσιν</span> <span class='ocrx_word' id='word_1_771' title='bbox 1584 4770 1600 4788; x_wconf 85' lang='grc'>⁶</span> <span class='ocrx_word' id='word_1_772' title='bbox 1634 4756 1753 4807; x_wconf 80' lang='grc' dir='ltr'>εἶτα</span> <span class='ocrx_word' id='word_1_773' title='bbox 1797 4749 1968 4830; x_wconf 64' lang='grc' dir='ltr'>ἔρξαι,</span> 
     </span>
    </p>
   </div>
   <div class='ocr_carea' id='block_1_105' title="bbox 312 4839 1971 4918">
    <p class='ocr_par' dir='ltr' id='par_1_105' title="bbox 312 4839 1971 4918">
     <span class='ocr_line' id='line_1_105' title="bbox 312 4839 1971 4918; baseline -0.001 -21"><span class='ocrx_word' id='word_1_774' title='bbox 312 4843 398 4898; x_wconf 85' lang='grc' dir='ltr'><strong>καὶ</strong></span> <span class='ocrx_word' id='word_1_775' title='bbox 453 4842 740 4903; x_wconf 80' lang='grc' dir='ltr'>ἀνάστασιν</span> <span class='ocrx_word' id='word_1_776' title='bbox 799 4839 1012 4898; x_wconf 80' lang='grc' dir='ltr'>πολλῶν</span> <span class='ocrx_word' id='word_1_777' title='bbox 1049 4859 1062 4872; x_wconf 92' lang='grc'><strong>·</strong></span> <span class='ocrx_word' id='word_1_778' title='bbox 1114 4858 1342 4916; x_wconf 61' lang='grc' dir='ltr'>σημεῖον</span> <span class='ocrx_word' id='word_1_779' title='bbox 1388 4841 1466 4915; x_wconf 70' lang='grc' dir='ltr'>δὲ,</span> <span class='ocrx_word' id='word_1_780' title='bbox 1514 4844 1542 4899; x_wconf 86' lang='grc' dir='ltr'><strong>ὸ</strong></span> <span class='ocrx_word' id='word_1_781' title='bbox 1610 4842 1856 4918; x_wconf 69' lang='grc' dir='ltr'>σταυρὸς,</span> <span class='ocrx_word' id='word_1_782' title='bbox 1914 4841 1971 4904; x_wconf 83' lang='grc' dir='ltr'>ὃς</span> 
     </span>
    </p>
   </div>
   <div class='ocr_carea' id='block_1_106' title="bbox 312 4927 1968 5010">
    <p class='ocr_par' dir='ltr' id='par_1_106' title="bbox 312 4927 1968 5010">
     <span class='ocr_line' id='line_1_106' title="bbox 312 4927 1968 5010; baseline -0.007 -21"><span class='ocrx_word' id='word_1_783' title='bbox 312 4931 475 5010; x_wconf 84' lang='grc' dir='ltr'>μέχρι</span> <span class='ocrx_word' id='word_1_784' title='bbox 532 4939 624 4988; x_wconf 76' lang='grc' dir='ltr'>τοῦ</span> <span class='ocrx_word' id='word_1_785' title='bbox 680 4938 768 4988; x_wconf 73' lang='grc' dir='ltr'>νῦν</span> <span class='ocrx_word' id='word_1_786' title='bbox 828 4929 1187 5010; x_wconf 74' lang='grc' dir='ltr'>ἀντιλέγεται,</span> <span class='ocrx_word' id='word_1_787' title='bbox 1218 4931 1487 4988; x_wconf 70' lang='grc' dir='ltr'>τουτέστιν</span> <span class='ocrx_word' id='word_1_788' title='bbox 1521 4935 1580 4989; x_wconf 62' lang='grc' dir='ltr'><strong>οὗ</strong></span> <span class='ocrx_word' id='word_1_789' title='bbox 1609 4927 1968 5008; x_wconf 71' lang='grc' dir='ltr'>πιραδὲχετχι</span> 
     </span>
    </p>
   </div>
   <div class='ocr_carea' id='block_1_107' title="bbox 312 5019 1968 5098">
    <p class='ocr_par' dir='ltr' id='par_1_107' title="bbox 312 5019 1968 5098">
     <span class='ocr_line' id='line_1_107' title="bbox 312 5019 1968 5098; baseline 0 -22"><span class='ocrx_word' id='word_1_790' title='bbox 312 5022 454 5098; x_wconf 78' lang='grc' dir='ltr'>παρὰ</span> <span class='ocrx_word' id='word_1_791' title='bbox 504 5024 609 5078; x_wconf 87' lang='grc' dir='ltr'><strong>τῶν</strong></span> <span class='ocrx_word' id='word_1_792' title='bbox 666 5020 927 5080; x_wconf 86' lang='grc' dir='ltr'>ἀπίστων.</span> <span class='ocrx_word' id='word_1_793' title='bbox 992 5022 1216 5097; x_wconf 79' lang='grc' dir='ltr'>Λέγεται</span> <span class='ocrx_word' id='word_1_794' title='bbox 1261 5019 1314 5075; x_wconf 71' lang='grc' dir='ltr'>δὲ</span> <span class='ocrx_word' id='word_1_795' title='bbox 1363 5021 1599 5095; x_wconf 76' lang='grc' dir='ltr'>σημεῖον</span> <span class='ocrx_word' id='word_1_796' title='bbox 1626 5021 1714 5077; x_wconf 82' lang='grc' dir='ltr'><strong>καὶ</strong></span> <span class='ocrx_word' id='word_1_797' title='bbox 1743 5020 1778 5086; x_wconf 79' lang='grc' dir='ltr'>ἡ</span> <span class='ocrx_word' id='word_1_798' title='bbox 1834 5019 1968 5098; x_wconf 75' lang='grc' dir='ltr'>σάρ-</span> 
     </span>
    </p>
   </div>
   <div class='ocr_carea' id='block_1_108' title="bbox 312 5105 1966 5188">
    <p class='ocr_par' dir='ltr' id='par_1_108' title="bbox 312 5105 1966 5188">
     <span class='ocr_line' id='line_1_108' title="bbox 312 5105 1966 5188; baseline -0.002 -24"><span class='ocrx_word' id='word_1_799' title='bbox 312 5131 476 5174; x_wconf 86' lang='grc' dir='ltr'>κωσις</span> <span class='ocrx_word' id='word_1_800' title='bbox 520 5119 614 5169; x_wconf 81' lang='grc' dir='ltr'>τοῦ</span> <span class='ocrx_word' id='word_1_801' title='bbox 653 5107 846 5188; x_wconf 63' lang='grc' dir='ltr'>Κυρίου</span> <span class='ocrx_word' id='word_1_802' title='bbox 877 5129 894 5146; x_wconf 72' lang='grc' dir='ltr'><strong>ο</strong></span> <span class='ocrx_word' id='word_1_803' title='bbox 955 5111 1040 5164; x_wconf 83' lang='grc' dir='ltr'><strong>καὶ</strong></span> <span class='ocrx_word' id='word_1_804' title='bbox 1100 5108 1241 5174; x_wconf 79' lang='grc' dir='ltr'>ξένον</span> <span class='ocrx_word' id='word_1_805' title='bbox 1272 5124 1525 5182; x_wconf 73' lang='grc' dir='ltr'>σημεῖον,</span> <span class='ocrx_word' id='word_1_806' title='bbox 1564 5111 1693 5172; x_wconf 85' lang='grc' dir='ltr'>Θεὸς</span> <span class='ocrx_word' id='word_1_807' title='bbox 1725 5109 1824 5186; x_wconf 78' lang='grc' dir='ltr'>γὰρ</span> <span class='ocrx_word' id='word_1_808' title='bbox 1868 5105 1966 5162; x_wconf 72' lang='grc' dir='ltr'>ἀν-</span> 
     </span>
    </p>
   </div>
   <div class='ocr_carea' id='block_1_109' title="bbox 308 5196 1966 5279">
    <p class='ocr_par' dir='ltr' id='par_1_109' title="bbox 308 5196 1966 5279">
     <span class='ocr_line' id='line_1_109' title="bbox 308 5196 1966 5279; baseline -0.001 -27"><span class='ocrx_word' id='word_1_809' title='bbox 308 5200 520 5276; x_wconf 81' lang='grc' dir='ltr'>Θρωπος</span> <span class='ocrx_word' id='word_1_810' title='bbox 565 5199 750 5279; x_wconf 78' lang='grc' dir='ltr'>γέγονε</span> <span class='ocrx_word' id='word_1_811' title='bbox 786 5215 800 5229; x_wconf 84' lang='grc'><strong><em>⁸</em></strong></span> <span class='ocrx_word' id='word_1_812' title='bbox 837 5199 924 5254; x_wconf 81' lang='grc' dir='ltr'><strong>καὶ</strong></span> <span class='ocrx_word' id='word_1_813' title='bbox 979 5199 1257 5277; x_wconf 78' lang='grc' dir='ltr'>παρθένος,</span> <span class='ocrx_word' id='word_1_814' title='bbox 1293 5201 1475 5277; x_wconf 86' lang='grc' dir='ltr'>μήτηρ</span> <span class='ocrx_word' id='word_1_815' title='bbox 1511 5213 1526 5228; x_wconf 85' lang='grc'><strong>⁹</strong></span> <span class='ocrx_word' id='word_1_816' title='bbox 1558 5200 1620 5254; x_wconf 91' lang='grc' dir='ltr'><strong>τὸ</strong></span> <span class='ocrx_word' id='word_1_817' title='bbox 1649 5196 1704 5254; x_wconf 71' lang='grc' dir='ltr'>δὲ</span> <span class='ocrx_word' id='word_1_818' title='bbox 1735 5200 1966 5271; x_wconf 77' lang='grc' dir='ltr'>σημεῖον</span> 
     </span>
    </p>
   </div>
   <div class='ocr_carea' id='block_1_110' title="bbox 307 5285 1960 5368">
    <p class='ocr_par' dir='ltr' id='par_1_110' title="bbox 307 5285 1960 5368">
     <span class='ocr_line' id='line_1_110' title="bbox 307 5285 1960 5368; baseline -0.001 -26"><span class='ocrx_word' id='word_1_819' title='bbox 307 5297 490 5362; x_wconf 74' lang='grc' dir='ltr'>τοῦτο,</span> <span class='ocrx_word' id='word_1_820' title='bbox 521 5291 556 5356; x_wconf 80' lang='grc' dir='ltr'><strong>ἡ</strong></span> <span class='ocrx_word' id='word_1_821' title='bbox 592 5289 857 5368; x_wconf 77' lang='grc' dir='ltr'>σάρκωσις</span> <span class='ocrx_word' id='word_1_822' title='bbox 914 5286 1055 5364; x_wconf 79' lang='grc' dir='ltr'>λέγω</span> <span class='ocrx_word' id='word_1_823' title='bbox 1120 5289 1214 5344; x_wconf 74' lang='grc' dir='ltr'><strong>τοῦ</strong></span> <span class='ocrx_word' id='word_1_824' title='bbox 1271 5295 1520 5366; x_wconf 80' lang='grc' dir='ltr'>Χριστοῦ,</span> <span class='ocrx_word' id='word_1_825' title='bbox 1582 5285 1909 5364; x_wconf 84' lang='grc' dir='ltr'>ἀντιλέγεται</span> <span class='ocrx_word' id='word_1_826' title='bbox 1946 5299 1960 5314; x_wconf 86' lang='grc'>⁶</span> 
     </span>
    </p>
   </div>
   <div class='ocr_carea' id='block_1_111' title="bbox 307 5374 1969 5458">
    <p class='ocr_par' dir='ltr' id='par_1_111' title="bbox 307 5374 1969 5458">
     <span class='ocr_line' id='line_1_111' title="bbox 307 5374 1969 5458; baseline -0.001 -26"><span class='ocrx_word' id='word_1_827' title='bbox 307 5378 354 5433; x_wconf 77' lang='grc' dir='ltr'>οἱ</span> <span class='ocrx_word' id='word_1_828' title='bbox 407 5380 504 5453; x_wconf 72' lang='grc' dir='ltr'>μὲν</span> <span class='ocrx_word' id='word_1_829' title='bbox 555 5380 678 5458; x_wconf 76' lang='grc' dir='ltr'>γὰρ,</span> <span class='ocrx_word' id='word_1_830' title='bbox 744 5379 796 5445; x_wconf 79' lang='grc' dir='ltr'><strong>ἐξ</strong></span> <span class='ocrx_word' id='word_1_831' title='bbox 856 5382 1076 5455; x_wconf 74' lang='grc' dir='ltr'>ούρανοῦ</span> <span class='ocrx_word' id='word_1_832' title='bbox 1129 5379 1188 5434; x_wconf 89' lang='grc' dir='ltr'><strong>τὸ</strong></span> <span class='ocrx_word' id='word_1_833' title='bbox 1224 5377 1380 5453; x_wconf 83' lang='grc' dir='ltr'>σῶμά</span> <span class='ocrx_word' id='word_1_834' title='bbox 1402 5399 1558 5458; x_wconf 79' lang='grc' dir='ltr'>φασιν</span> <span class='ocrx_word' id='word_1_835' title='bbox 1592 5393 1606 5406; x_wconf 80' lang='grc'><strong>⁸</strong></span> <span class='ocrx_word' id='word_1_836' title='bbox 1644 5381 1690 5435; x_wconf 77' lang='grc' dir='ltr'>οἱ</span> <span class='ocrx_word' id='word_1_837' title='bbox 1719 5374 1798 5456; x_wconf 71' lang='grc' dir='ltr'><strong>δέ,</strong></span> <span class='ocrx_word' id='word_1_838' title='bbox 1832 5375 1969 5431; x_wconf 83' lang='grc' dir='ltr'><strong>κατά</strong></span> 
     </span>
    </p>
   </div>
   <div class='ocr_carea' id='block_1_112' title="bbox 304 5464 1962 5550">
    <p class='ocr_par' dir='ltr' id='par_1_112' title="bbox 304 5464 1962 5550">
     <span class='ocr_line' id='line_1_112' title="bbox 304 5464 1962 5550; baseline 0 -26"><span class='ocrx_word' id='word_1_839' title='bbox 304 5468 618 5545; x_wconf 69' lang='grc' dir='ltr'>φαντασίαν·</span> <span class='ocrx_word' id='word_1_840' title='bbox 651 5471 700 5526; x_wconf 82' lang='grc' dir='ltr'>οἱ</span> <span class='ocrx_word' id='word_1_841' title='bbox 727 5466 808 5550; x_wconf 80' lang='grc' dir='ltr'>δὲ,</span> <span class='ocrx_word' id='word_1_842' title='bbox 838 5465 972 5525; x_wconf 74' lang='grc' dir='ltr'>ἄλλο</span> <span class='ocrx_word' id='word_1_843' title='bbox 1016 5488 1066 5522; x_wconf 89' lang='grc' dir='ltr'><strong>τι</strong></span> <span class='ocrx_word' id='word_1_844' title='bbox 1097 5464 1408 5547; x_wconf 70' lang='grc' dir='ltr'>φλυαροῦσι.</span> <span class='ocrx_word' id='word_1_845' title='bbox 1447 5469 1543 5527; x_wconf 80' lang='grc' dir='ltr'>Καὶ</span> <span class='ocrx_word' id='word_1_846' title='bbox 1574 5475 1666 5526; x_wconf 81' lang='grc' dir='ltr'>σοῦ</span> <span class='ocrx_word' id='word_1_847' title='bbox 1695 5465 1750 5522; x_wconf 74' lang='grc' dir='ltr'>δὲ</span> <span class='ocrx_word' id='word_1_848' title='bbox 1774 5465 1962 5536; x_wconf 72' lang='grc' dir='ltr'>αὐτῆς,</span> 
     </span>
    </p>
   </div>
   <div class='ocr_carea' id='block_1_113' title="bbox 369 5620 1594 5707">
    <p class='ocr_par' dir='ltr' id='par_1_113' title="bbox 369 5620 1594 5707">
     <span class='ocr_line' id='line_1_113' title="bbox 369 5620 1594 5707; baseline 0.009 -28"><span class='ocrx_word' id='word_1_849' title='bbox 369 5620 445 5680; x_wconf 73' lang='grc' dir='ltr'>’σο</span> <span class='ocrx_word' id='word_1_850' title='bbox 471 5627 629 5696; x_wconf 72' lang='lat' dir='ltr'><strong>Psal.</strong></span> <span class='ocrx_word' id='word_1_851' title='bbox 651 5642 897 5702; x_wconf 75' lang='lat' dir='ltr'><strong>Luxu,</strong></span> <span class='ocrx_word' id='word_1_852' title='bbox 931 5627 992 5690; x_wconf 88' lang='lat'><strong>7.</strong></span> <span class='ocrx_word' id='word_1_853' title='bbox 1079 5623 1146 5680; x_wconf 74' lang='grc' dir='ltr'><strong>³ο</strong></span> <span class='ocrx_word' id='word_1_854' title='bbox 1176 5625 1340 5692; x_wconf 80' lang='lat' dir='ltr'><strong>Psal.</strong></span> <span class='ocrx_word' id='word_1_855' title='bbox 1362 5642 1468 5707; x_wconf 75' lang='grc' dir='ltr'>ιι,</span> <span class='ocrx_word' id='word_1_856' title='bbox 1498 5627 1594 5696; x_wconf 84' lang='grc'><strong>16.</strong></span> 
     </span>
    </p>
   </div>
   <div class='ocr_carea' id='block_1_114' title="bbox 2055 4922 3702 5003">
    <p class='ocr_par' dir='ltr' id='par_1_114' title="bbox 2055 4922 3702 5003">
     <span class='ocr_line' id='line_1_114' title="bbox 2055 4922 3702 5003; baseline 0.001 -20"><span class='ocrx_word' id='word_1_857' title='bbox 2055 4922 2383 4986; x_wconf 89' lang='lat' dir='ltr'><strong>rectionem</strong></span> <span class='ocrx_word' id='word_1_858' title='bbox 2399 4925 2720 4985; x_wconf 88' lang='lat' dir='ltr'><strong>multorum</strong></span> <span class='ocrx_word' id='word_1_859' title='bbox 2735 4924 2999 5002; x_wconf 81' lang='lat' dir='ltr'><strong>.Signum</strong></span> <span class='ocrx_word' id='word_1_860' title='bbox 3013 4932 3209 4985; x_wconf 89' lang='lat' dir='ltr'><strong>autem</strong></span> <span class='ocrx_word' id='word_1_861' title='bbox 3221 4923 3504 4998; x_wconf 83' lang='lat' dir='ltr'><strong>,crux.cui</strong></span> <span class='ocrx_word' id='word_1_862' title='bbox 3517 4939 3702 5003; x_wconf 87' lang='lat' dir='ltr'><strong>usque</strong></span> 
     </span>
    </p>
   </div>
   <div class='ocr_carea' id='block_1_115' title="bbox 2052 5012 3706 5092">
    <p class='ocr_par' dir='ltr' id='par_1_115' title="bbox 2052 5012 3706 5092">
     <span class='ocr_line' id='line_1_115' title="bbox 2052 5012 3706 5092; baseline -0.001 -20"><span class='ocrx_word' id='word_1_863' title='bbox 2052 5012 2110 5072; x_wconf 90' lang='lat' dir='ltr'><strong>in</strong></span> <span class='ocrx_word' id='word_1_864' title='bbox 2132 5013 2243 5076; x_wconf 89' lang='lat' dir='ltr'><strong>hoc</strong></span> <span class='ocrx_word' id='word_1_865' title='bbox 2265 5021 2499 5092; x_wconf 89' lang='lat' dir='ltr'><strong>tempus</strong></span> <span class='ocrx_word' id='word_1_866' title='bbox 2531 5013 3108 5090; x_wconf 87' lang='lat' dir='ltr'><strong>contradicitur,hoc</strong></span> <span class='ocrx_word' id='word_1_867' title='bbox 3130 5023 3239 5085; x_wconf 89' lang='lat' dir='ltr'><strong>est,</strong></span> <span class='ocrx_word' id='word_1_868' title='bbox 3276 5031 3392 5074; x_wconf 87' lang='lat' dir='ltr'><strong>non</strong></span> <span class='ocrx_word' id='word_1_869' title='bbox 3417 5012 3706 5091; x_wconf 78' lang='lat' dir='ltr'><strong>recipitur</strong></span> 
     </span>
    </p>
   </div>
   <div class='ocr_carea' id='block_1_116' title="bbox 2050 5100 3699 5180">
    <p class='ocr_par' dir='ltr' id='par_1_116' title="bbox 2050 5100 3699 5180">
     <span class='ocr_line' id='line_1_116' title="bbox 2050 5100 3699 5180; baseline -0.001 -16"><span class='ocrx_word' id='word_1_870' title='bbox 2050 5101 2124 5164; x_wconf 84' lang='lat' dir='ltr'><strong>ab</strong></span> <span class='ocrx_word' id='word_1_871' title='bbox 2146 5100 2736 5164; x_wconf 86' lang='lat' dir='ltr'><strong>incredulis.Dicitur</strong></span> <span class='ocrx_word' id='word_1_872' title='bbox 2759 5112 2814 5164; x_wconf 91' lang='lat' dir='ltr'><strong>et</strong></span> <span class='ocrx_word' id='word_1_873' title='bbox 2837 5103 3168 5165; x_wconf 87' lang='lat' dir='ltr'><strong>incarnatio</strong></span> <span class='ocrx_word' id='word_1_874' title='bbox 3182 5101 3421 5164; x_wconf 83' lang='lat' dir='ltr'><strong>Domini</strong></span> <span class='ocrx_word' id='word_1_875' title='bbox 3442 5102 3699 5180; x_wconf 82' lang='lat' dir='ltr'><strong>signum,</strong></span> 
     </span>
    </p>
   </div>
   <div class='ocr_carea' id='block_1_117' title="bbox 2051 5191 3701 5274">
    <p class='ocr_par' dir='ltr' id='par_1_117' title="bbox 2051 5191 3701 5274">
     <span class='ocr_line' id='line_1_117' title="bbox 2051 5191 3701 5274; baseline -0.001 -19"><span class='ocrx_word' id='word_1_876' title='bbox 2051 5203 2107 5255; x_wconf 85' lang='lat' dir='ltr'><strong>et</strong></span> <span class='ocrx_word' id='word_1_877' title='bbox 2133 5191 2405 5254; x_wconf 84' lang='lat' dir='ltr'><strong>mirabile</strong></span> <span class='ocrx_word' id='word_1_878' title='bbox 2436 5193 2693 5271; x_wconf 80' lang='lat' dir='ltr'><strong>signum.</strong></span> <span class='ocrx_word' id='word_1_879' title='bbox 2726 5192 2887 5255; x_wconf 92' lang='lat' dir='ltr'><strong>Deus</strong></span> <span class='ocrx_word' id='word_1_880' title='bbox 2910 5193 3068 5256; x_wconf 90' lang='lat' dir='ltr'><strong>enim</strong></span> <span class='ocrx_word' id='word_1_881' title='bbox 3101 5192 3278 5254; x_wconf 91' lang='lat' dir='ltr'><strong>homo</strong></span> <span class='ocrx_word' id='word_1_882' title='bbox 3301 5192 3430 5274; x_wconf 79' lang='lat' dir='ltr'><strong>fuit,</strong></span> <span class='ocrx_word' id='word_1_883' title='bbox 3452 5200 3512 5254; x_wconf 91' lang='lat' dir='ltr'><strong>et</strong></span> <span class='ocrx_word' id='word_1_884' title='bbox 3542 5193 3701 5271; x_wconf 82' lang='lat' dir='ltr'><strong>\irgo</strong></span> 
     </span>
    </p>
   </div>
   <div class='ocr_carea' id='block_1_118' title="bbox 2049 5280 3698 5364">
    <p class='ocr_par' dir='ltr' id='par_1_118' title="bbox 2049 5280 3698 5364">
     <span class='ocr_line' id='line_1_118' title="bbox 2049 5280 3698 5364; baseline 0 -22"><span class='ocrx_word' id='word_1_885' title='bbox 2049 5288 2261 5355; x_wconf 84' lang='lat' dir='ltr'><strong>mater;</strong></span> <span class='ocrx_word' id='word_1_886' title='bbox 2294 5281 2434 5342; x_wconf 84' lang='lat' dir='ltr'><strong>huic</strong></span> <span class='ocrx_word' id='word_1_887' title='bbox 2484 5287 2683 5343; x_wconf 89' lang='lat' dir='ltr'><strong>autem</strong></span> <span class='ocrx_word' id='word_1_888' title='bbox 2744 5282 2937 5364; x_wconf 80' lang='lat' dir='ltr'><strong>signo,</strong></span> <span class='ocrx_word' id='word_1_889' title='bbox 2990 5281 3400 5358; x_wconf 82' lang='lat' dir='ltr'><strong>incarnationi,</strong></span> <span class='ocrx_word' id='word_1_890' title='bbox 3436 5280 3698 5363; x_wconf 88' lang='lat' dir='ltr'><strong>inquam,</strong></span> 
     </span>
    </p>
   </div>
   <div class='ocr_carea' id='block_1_119' title="bbox 2047 5369 3701 5445">
    <p class='ocr_par' dir='ltr' id='par_1_119' title="bbox 2047 5369 3701 5445">
     <span class='ocr_line' id='line_1_119' title="bbox 2047 5369 3701 5445; baseline -0.002 -12"><span class='ocrx_word' id='word_1_891' title='bbox 2047 5370 2266 5433; x_wconf 83' lang='lat' dir='ltr'><strong>Christi</strong></span> <span class='ocrx_word' id='word_1_892' title='bbox 2293 5369 3006 5445; x_wconf 84' lang='lat' dir='ltr'><strong>contradicitur.Quidam</strong></span> <span class='ocrx_word' id='word_1_893' title='bbox 3034 5374 3194 5434; x_wconf 89' lang='lat' dir='ltr'><strong>enim</strong></span> <span class='ocrx_word' id='word_1_894' title='bbox 3229 5369 3436 5432; x_wconf 90' lang='lat' dir='ltr'><strong>dicunt</strong></span> <span class='ocrx_word' id='word_1_895' title='bbox 3461 5390 3701 5433; x_wconf 88' lang='lat' dir='ltr'><strong>carnem</strong></span> 
     </span>
    </p>
   </div>
   <div class='ocr_carea' id='block_1_120' title="bbox 2048 5457 3700 5547">
    <p class='ocr_par' dir='ltr' id='par_1_120' title="bbox 2048 5457 3700 5547">
     <span class='ocr_line' id='line_1_120' title="bbox 2048 5457 3700 5547; baseline 0 -25"><span class='ocrx_word' id='word_1_896' title='bbox 2048 5480 2083 5525; x_wconf 88' lang='lat' dir='ltr'><strong>e</strong></span> <span class='ocrx_word' id='word_1_897' title='bbox 2099 5459 2240 5522; x_wconf 69' lang='lat'><strong>290</strong></span> <span class='ocrx_word' id='word_1_898' title='bbox 2259 5457 2677 5541; x_wconf 70' lang='lat' dir='ltr'><strong>ctelo,quidaui</strong></span> <span class='ocrx_word' id='word_1_899' title='bbox 2704 5478 2841 5524; x_wconf 90' lang='lat' dir='ltr'><strong>vero</strong></span> <span class='ocrx_word' id='word_1_900' title='bbox 2863 5457 3489 5547; x_wconf 82' lang='lat' dir='ltr'><strong>apparenter,quidam</strong></span> <span class='ocrx_word' id='word_1_901' title='bbox 3503 5468 3700 5530; x_wconf 81' lang='lat' dir='ltr'><strong>autem</strong></span> 
     </span>
    </p>
   </div>
  </div>
