4162 6228
526 308 644 385 739
1508 305 2105 385 THEOPHYLACTI
2146 304 2554 377 BULGARUE
2596 315 2952 381 ARCHIEP.
3104 319 3117 325 ’
3704 366 3713 373 .
3781 320 3920 389 740

527 475 694 520 cans.
752 455 881 521 Nisi
939 456 1117 536 igitur
1172 454 1574 537 paenitentiam
1632 450 1895 531 egeritis,
1957 444 2138 528 inquit

2223 467 2456 503 ιπτουσα
2498 448 2619 511 τοὺς
2640 448 2878 515 ἀναξίοτς
2908 451 2969 508 ἐκ
2994 456 3093 519 τῆς
3118 457 3284 524 ζωῆς.
3322 456 3379 513 Ei
3406 456 3486 531 μὴ
3506 456 3595 514 οὗν
3628 460 3913 533 μετανοή-

528 546 889 610 excidemini
935 545 1010 609 ab
1039 549 1151 608 hac
1181 546 1315 608 vita.
1346 544 1591 605 Securis
1638 540 1798 603 enim
1853 537 2042 619 posita
2081 555 2138 598 es

2251 557 2403 610 σητε,
2485 538 2667 617 φησὶν,
2741 539 3103 612 ἐκκοπήσεσθε
3133 542 3240 600 άπὸ
3270 548 3370 611 τῆς
3398 550 3565 617 ζωῆς.
3597 542 3910 604 Ἐπίκειται

524 637 597 698 ad
630 635 892 698 radicem
929 648 1257 698 vestrarum
1289 633 1597 696 arborum.
1632 628 1888 691 Proinde
1919 636 1980 687 ut
2009 626 2138 688 dixi.

2249 625 2348 704 γὰρ
2402 627 2437 693 ἡ
2494 626 2642 695 ἀξίνη
2700 631 2832 709 πρὸς
2884 630 2986 698 τὴν
3042 630 3184 709 ῥίζαν
3239 633 3386 709 ὑμῶν
3446 634 3551 694 τῶν
3646 634 3905 714 δένδρων.

527 744 682 801 mus,
725 744 829 807 per
881 725 1172 796 radicem,
1222 723 1338 785 vita
1386 719 1755 799 intelligitur.
1814 715 2138 807 lntelligitu

2248 722 2464 807 ἓοεῖται
2521 715 2618 807 μεν
2650 720 2761 807 ,οὖν
2816 719 2952 801 ῥίζα,
2998 722 3034 790 ἡ
3080 721 3216 807 ζωὴ,
3250 723 3326 787 ὡς
3380 722 3629 799 εἴπομεν.
3662 726 3907 794 Νοηθείη

523 804 811 879 ειυιοηιόι
842 832 952 893 per
995 814 1284 884 radicem,
1317 811 1576 874 Abrahae
1618 806 1908 884 cognatio.
1960 804 2167 885 Itaque

521 905 671 966 rami
702 905 802 965 illo
834 904 1062 982 indigni
1111 902 1467 965 exciduntur
1503 899 1575 961 ab
1628 897 1755 977 ejus
1786 895 2159 973 cognatione,

515 994 683 1075 juxta
703 993 1073 1073 Apostolum.
1099 992 1389 1054 Caeterum
1420 988 1637 1069 duplex
1660 993 1746 1047 est
1777 982 2159 1075 supplicium.

409 1088 412 1099 '
518 1071 805 1145 Feccator
834 1081 994 1143 enim
1028 1088 1086 1143 et
1116 1078 1336 1143 sterilis
1383 1096 1499 1139 non
1550 1075 1740 1138 solum
1795 1071 2089 1134 exciditur
2129 1090 2164 1133 a

521 1172 871 1251 cognatione
895 1171 1216 1251 justorum,
1250 1166 1356 1230 sed
1394 1174 1454 1229 et
1494 1167 1554 1228 in
1596 1166 1794 1243 ignem
1826 1162 2161 1243 conjicitur.

601 1349 780 1414 Vens.
800 1349 1003 1411 10-18.
1018 1374 1038 1405 ι
1059 1347 1130 1409 Et
1150 1347 1365 1409 intem
1383 1343 1596 1425 gabant
1613 1362 1746 1405 eum
1764 1341 1951 1405 turbm
1964 1341 2163 1404 dicen-

519 1448 640 1503 tes:
677 1439 830 1512 Quid
849 1457 993 1516 ergo
1022 1436 1342 1499 faciemus?
1377 1432 1773 1515 Hespondens
1793 1441 1992 1493 autem
2018 1431 2160 1493 dicit

516 1528 772 1601 illiszQui
796 1528 973 1589 habet
991 1528 1136 1589 duas
1164 1523 1725 1604 tunicas,impertiat
1747 1540 1865 1583 non
1890 1520 2153 1582 habenti:

517 1628 577 1681 et
608 1618 707 1700 qui
724 1616 899 1678 habet
916 1634 1104 1697 escas,
1132 1613 1408 1676 similiter
1427 1613 1940 1676 faciat.Venerunt
1959 1619 2157 1700 autem

514 1716 573 1769 et
593 1699 901 1788 publicani
928 1714 984 1767 ut
1016 1704 1544 1784 baptizarentur,et
1564 1701 1841 1763 dixerunt
1862 1700 1933 1761 ad
1958 1699 2149 1763 illum:

2246 797 2295 856 δ’
2349 802 2412 858 ἂν
2492 805 2579 861 καὶ
2635 806 2771 884 ῥίζα,
2828 810 2863 876 ἡ
2918 797 3013 866 τοῦ
3051 806 3300 888 Ἀϐραὰμ
3355 797 3654 892 συγγέ-νειαο
3684 811 3779 892 ὃφ⁹
3832 817 3905 883 ἧς

2247 893 2550 978 συγγενείας
2606 901 2700 952 τοῦ
2756 894 3000 972 Ἀϐραὰμ
3052 896 3401 956 έκκόπτονται
3472 904 3521 958 οἱ
3590 902 3668 978 μὴ
3741 903 3903 968 ὄντες

2245 975 2377 1041 ἄξιοι
2416 978 2602 1038 κλάδοι
2630 983 2775 1040 εἶναι
2818 986 2997 1062 αὐτοῦ,
3045 987 3182 1043 κατά
3207 988 3301 1044 τὸν
3330 975 3676 1051 Ἀπόστολον.
3714 990 3903 1059 Διπλῆ

2244 1064 2318 1160 δὲΔ
2356 1069 2390 1137 ἡ
2427 1072 2695 1160 Δτιμωρία.
2768 1076 2830 1131 ού
2882 1075 3046 1151 μόνον
3098 1077 3199 1155 γὰρ
3268 1075 3582 1136 δκκόπτετιι
3612 1084 3711 1147 τῆς
3755 1082 3902 1160 πρὸς

2243 1157 2366 1250 τους
2420 1155 2650 1226 δικαίους
2721 1165 3027 1243 συγγενείας
3084 1167 3114 1221 ὁ
3163 1166 3480 1246 ἁμαρτωλὸς
3507 1169 3597 1226 καὶ
3626 1155 3897 1250 ἄκαρπὸς,

2245 1244 2383 1302 ἀλλὰ
2409 1250 2499 1305 καὶ
2527 1251 2601 1314 εἰς
2626 1258 2727 1331 πῦρ
2768 1251 3045 1329 βάλλεται.

2327 1355 2359 1394 ι
2388 1334 2492 1397 Καὶ
2521 1338 2813 1420 ὶπηρώτων
2868 1344 3025 1402 αὐτὸν
3053 1345 3101 1401 οἱ
3143 1344 3325 1424 ὄχλοι,
3370 1345 3640 1425 Λέγοντις,
3672 1350 3734 1406 Τί
3788 1348 3892 1405 οὖν

2241 1427 2582 1519 ποιήσομενς
2645 1431 2972 1510 Ἀποκριθεὶς
3024 1430 3102 1511 δὲ,
3166 1432 3311 1514 λέγει
3370 1434 3576 1500 αὐτοῖς·
3625 1429 3686 1495 Ὀ
3739 1436 3897 1519 ἔχων

2241 1512 2338 1607 δύοΔ
2407 1520 2661 1600 χιτῶνας,
2721 1519 2997 1597 μεταδότω
3066 1526 3174 1607 τῷ-
3198 1512 3276 1599 μὴ
3324 1523 3528 1601 ἕψοντυ
3562 1528 3651 1583 καὶ
3680 1528 3710 1584 ὃ
3739 1512 3896 1607 {iam

2240 1604 2517 1688 βρώματα,
2576 1610 2773 1686 ὁμοίως
2831 1612 3071 1677 ποιείτω,
3142 1600 3336 1670 Ἦλθον
3368 1600 3438 1671 δὲ
3515 1617 3603 1672 καὶ

2237 1693 2610 1773 βαπτισθῆναι,
2664 1700 2758 1785 ’καὶ
2811 1700 2970 1757 εἶπον
3025 1702 3157 1781 πρὸς
3207 1704 3386 1762 αὐτόν’
3448 1701 3772 1785 Διδάσκαλε,
3834 1707 3896 1761 τί

509 1773 806 1876 Magister,
839 1795 977 1877 quid
1012 1773 1339 1856 faciemus?
1368 1773 1571 1853 Atille
1597 1790 1745 1853 dixit
1773 1790 1843 1851 ad
1885 1807 1987 1851 eos
2021 1811 2036 1852 :
2070 1788 2138 1850 Νι

2239 1785 2601 1877 ποιήσωμεν-ς
2664 1778 2722 1846 Ὀ
2779 1787 2835 1845 δὲ
2895 1790 3021 1847 εἶπε
3068 1773 3212 1872 ’πρὸς
3269 1793 3476 1857 αὐτούς’
3513 1792 3690 1861 Μηδὲν
3718 1773 3893 1852 πλέον

508 1887 651 1968 quid
681 1885 934 1966 amplius
964 1903 1142 1965 quam
1187 1883 1343 1963 quod
1400 1881 1785 1944 constitutum
1821 1889 1910 1941 est
1959 1879 2149 1949 vobis.

508 1972 1225 2055 exigatis.lnterrogabant
1246 1981 1442 2033 autem
1470 1989 1603 2032 eum
1621 1977 1678 2031 et
1704 1968 2157 2043 milites,diceu-

509 2074 597 2126 tes
632 2088 643 2123 :
679 2067 754 2127 Et
785 2082 891 2125 nos
926 2063 1066 2144 quid
1099 2060 1436 2123 faciemus?
1467 2059 1538 2122 Et
1568 2059 1647 2120 ait
1679 2058 1836 2122 illis:
1870 2056 1957 2120 Ne
1979 2076 2153 2138 quem

509 2153 879 2226 concutiatis,
903 2170 979 2213 ne
999 2170 1175 2231 quem
1199 2147 1667 2223 calumniemini,
1695 2157 1753 2212 et
1774 2148 2035 2210 contenti
2058 2166 2155 2209 es-

509 2255 629 2308 tote
658 2245 921 2307 obsoniis
946 2243 1180 2307 vestris.
1202 2242 1599 2324 Exspectante
1618 2250 1811 2305 autem
1840 2242 2081 2323 populo,
2099 2252 2157 2305 et

508 2332 900 2412 cogitantibus
924 2332 1201 2393 omnibus
1232 2332 1290 2392 in
1323 2331 1500 2394 corde
1531 2351 1636 2392 suo
1658 2331 1732 2392 de
1751 2330 2151 2405 Joanne,num

506 2424 636 2504 ipse
658 2421 1087 2485 essetChristus
1110 2420 1807 2501 ille,responditJoannes
1831 2419 2149 2497 universis,

504 2512 714 2574 dicens
745 2532 759 2573 :
791 2509 912 2590 Ego
944 2508 1183 2590 quidem
1216 2528 1366 2591 aqua
1396 2508 1628 2590 baptizo
1658 2528 1783 2582 vos,
1817 2509 1920 2571 sed
1955 2509 2152 2570 veniet

503 2601 714 2664 fortior
736 2619 853 2681 me,
874 2602 1045 2679 cujus
1059 2619 1175 2661 non
1199 2617 1329 2661 sum
1352 2598 1566 2679 dignus
1585 2598 1811 2660 solvere
1835 2598 2149 2678 corrigiam

507 2692 1073 2763 calceamentorum,
1098 2689 1228 2768 ipse
1256 2706 1350 2750 vos
1365 2687 1681 2769 baptizabit
1702 2687 1925 2770 Spiritu
1947 2698 2150 2751 sancto

505 2789 563 2843 et
596 2777 919 2860 igni,cujus
940 2776 1331 2840 ventilabrum
1354 2777 1415 2838 in
1439 2796 1618 2839 manu
1638 2777 1911 2857 ipsius,et
1933 2796 2147 2858 purga-

503 2871 588 2933 hit
607 2888 810 2933 aream
833 2875 1090 2943 suam,et
1110 2866 1763 2946 congregabittriticum
1784 2866 1843 2926 in
1863 2865 1960 2927 hor
1974 2884 2144 2928 reum

499 2978 698 3040 suum,
716 2959 912 3040 paleas
931 2965 1127 3018 autem
1161 2955 1472 3018 comburet
1500 2955 1622 3035 igni
1645 2953 2138 3034 inexstinguibili.

2240 1874 2381 1964 παρὰ
2439 1877 2498 1931 τὸ
2553 1874 2961 1957 διατεταγμένον
3029 1883 3160 1958 ὑμῖν
3216 1883 3503 1962 πράσσετε·
3555 1884 3892 1964 Ἐπηρώτων

2237 1958 2292 2017 δὲ
2347 1965 2503 2020 αὐτὸν
2558 1968 2648 2024 καὶ
2709 1971 3141 2049 στρατευόμενοι,
3175 1958 3445 2051 λέγοντες·
3478 1973 3585 2036 Καὶ
3636 1958 3804 2051 ἡμεῖς
3832 1975 3895 2030 τί

2236 2052 2583 2131 ποιήσομεν;
2644 2059 2741 2115 Καὶ
2790 2059 2915 2116 εἷπε
2981 2062 3112 2137 πρὸς
3168 2063 3377 2126 αὐτούς·
3434 2061 3647 2130 Μηδένα
3676 2062 3891 2120 διασεί-

2238 2162 2391 2217 σητε,
2448 2143 2585 2220 μηδὲ
2643 2151 3102 2228 συκοφαντήσητε,
3156 2152 3244 2208 καὶ
3305 2153 3549 2232 ἀρκεῖσθε
3577 2166 3693 2217 τοῖς
3725 2155 3887 2230 ὀψω-

2238 2231 2365 2323 νίοις
2420 2234 2591 2309 ὑμῶν.
2676 2236 3076 2318 Προσδοκῶντος
3101 2238 3157 2297 δὲ
3190 2242 3283 2298 τοῦ
3315 2231 3464 2323 λαοῦ,
3508 2243 3596 2299 καὶ
3637 2240 3883 2323 διαλογι-

2236 2321 2473 2410 ζομένων
2528 2326 2742 2383 πάντων
2798 2326 2853 2384 έν
2906 2342 3031 2395 ταῖς
3098 2327 3333 2409 καρδίαις
3379 2321 3552 2389 αὐτῶν
3606 2333 3726 2410 περὶ
3783 2321 3885 2391 τοῦ

2236 2406 2503 2499 Ἰωάννου,
2574 2416 2784 2489 μήποτε
2814 2416 2971 2480 αὐτὸς
3000 2417 3092 2485 εἴη
3135 2406 3181 2474 δ’
3207 2420 3455 2498 Χριστὸς,
3500 2406 3818 2499 ἀπεκρίνατο
3846 2424 3881 2477 ὃ

2234 2498 2486 2570 Ἰωάννης
2556 2502 2745 2582 ἅπασι,
2805 2503 3000 2584 λέγων.
3063 2508 3205 2587 Ἐγὼ
3274 2509 3374 2584 μὲν
3435 2507 3582 2566 ὕδατι

2231 2590 2394 2665 ὑμᾶς’
2452 2590 2670 2672 ἔρχεται
2726 2591 2783 2650 δὲ
2842 2598 2870 2651 ὁ
2932 2598 3273 2677 ἰσχυρότερός
3331 2620 3456 2676 μου,
3514 2598 3575 2656 οὗ
3622 2602 3718 2659 οὐκ
3765 2602 3877 2677 εἰμὶ

2218 2680 2410 2744 ’ἱκανός
2460 2679 2614 2739 λῦσαι
2668 2684 2762 2740 τὸν
2829 2685 3023 2760 ἱμάντα
3093 2693 3197 2743 τῶν
3262 2686 3617 2764 ὑποδημάτων
3689 2691 3870 2765 αὑτοῦ,

2230 2770 2384 2836 αὐτὸς
2432 2771 2569 2848 ὑμᾶς
2636 2772 2879 2850 βαπτίσει
2935 2773 2990 2830 ἰν
3039 2777 3305 2852 Πνεύματι
3333 2778 3469 2856 ἁγίῳ
3495 2779 3583 2835 καὶ
3634 2778 3777 2857 πυρί·
3812 2779 3875 2835 οὗ

2227 2860 2289 2949 tuo
2360 2862 2520 2918 πτύον
2579 2862 2633 2919 ιν
2689 2870 2758 2937 τῇ
2815 2866 2956 2944 χειρὶ
3011 2868 3190 2943 αὐτοῦ,
3250 2868 3339 2924 καὶ
3393 2865 3725 2949 διακαθαριεῖ
3769 2869 3872 2937 τήν

2226 2946 2405 3006 ἂλωνα
2479 2952 2658 3027 αὐτοῦ,
2714 2954 2802 3010 καὶ
2859 2954 3061 3021 συνάξει
3118 2958 3209 3013 τὸν
3238 2970 3389 3015 σῖτον
3420 2958 3495 3023 εἰς
3534 2946 3634 3027 τὴν
3669 2958 3871 3027 eum-

502 3050 683 3111 Multa
715 3047 956 3129 quidem
982 3052 1040 3107 et
1076 3044 1194 3107 alia
1232 3045 1546 3107 exhortans
1566 3042 2004 3123 evangelizabat
2030 3063 2138 3125 po-

2223 3060 2327 3105 κην
2370 3041 2547 3116 αὐτοῦ,
2632 3044 2694 3098 τὸ
2742 3040 2798 3098 δὲ
2853 3043 3055 3124 ἄχυρον
3108 3047 3427 3106 κανακαύσει
3455 3048 3577 3126 πυρὶ
3602 3045 3867 3122 ἀσϐέστῳ.

500 3139 661 3218 pulo.
695 3126 1050 3200 {Admonet
1094 3144 1152 3197 et
1182 3134 1526 3197 exhortatur
1555 3143 1673 3197 tres
1718 3133 1851 3196 illos
1898 3133 2138 3195 ordines

2228 3126 2406 3218 Πολλά
2464 3130 2563 3206 μὲν
2622 3132 2711 3188 οὖν
2790 3133 2879 3189 καὶ
2906 3132 3058 3213 ἕτερα
3105 3134 3449 3215 παρακαλῶν,
3496 3134 3867 3216 εὐηγγελίζετο

500 3226 601 3307 qui
620 3226 693 3288 ad
715 3225 1004 3289 Joannem
1023 3231 1425 3297 accesserant,
1450 3222 1673 3299 turbas,
1699 3221 2141 3304 publicanos,et

499 3315 744 3378 milites.
770 3313 842 3376 Et
863 3312 1065 3375 turbas
1088 3312 1327 3393 quidem
1349 3312 1630 3375 admonet
1657 3322 1719 3374 ut
1744 3312 2139 3395 eleemosynze

493 3414 723 3477 vacent,
735 3402 1079 3485 praecipiens
1102 3400 1342 3463 habenti
1357 3402 1502 3464 duas
1516 3403 2142 3473 vestes,communica-

494 3513 561 3555 re
586 3495 640 3556 ei
673 3494 769 3575 qui
796 3511 913 3554 non
933 3491 1127 3553 habet.
1142 3490 1480 3553 Publicanis
1501 3510 1639 3554 vero
1664 3510 1781 3553 non
1804 3491 1935 3572 plus
1956 3510 2133 3573 quam

492 3584 880 3647 constitutum
911 3590 997 3643 est
1028 3581 1174 3662 ipsis
1203 3589 1577 3662 extorquere,
1605 3581 1716 3642 hoc
1741 3588 1831 3642 est
1855 3583 2128 3662 exigere:

494 3672 782 3734 militibus
812 3678 1009 3733 autem
1062 3689 1180 3732 non
1217 3689 1451 3752 rapere,
1502 3670 1604 3732 sed
1657 3680 1970 3735 contentos
2003 3690 2136 3735 esse

493 3761 781 3842 obsoniis,
806 3761 917 3822 hoc
940 3769 1049 3837 est,
1077 3760 1169 3821 his
1200 3779 1328 3841 qua;
1358 3775 1391 3821 a
1421 3778 1566 3841 rege
1586 3761 1758 3840 juxta
1788 3770 2131 3823 consuetam

482 3850 905 3913 liberalitatem
922 3849 1625 3929 erogantur.Videauteni
1639 3850 1934 3930 quomodo
1950 3850 2135 3913 turbis

489 3959 600 4004 ceu
631 3939 1054 4002 innocentibus
1083 3940 1252 4013 dicit,
1277 3939 1590 4021 exhortans
1613 3947 1675 3999 ut
1705 3938 1924 4001 bonum
1955 3940 2132 4021 quid-

489 4030 623 4092 dam
653 4030 889 4109 faciant,
921 4028 1033 4091 hoc
1066 4037 1178 4104 est,
1212 4037 1273 4090 ut
1303 4027 1767 4093 communicent.
1794 4029 2133 4092 Publicanis

490 4134 623 4181 vero
649 4118 1081 4200 mllitibusque,
1098 4127 1161 4179 ut
1180 4117 1469 4180 absistant
1488 4137 1520 4179 a
1544 4117 1720 4181 malo.
1746 4120 1952 4200 Neque
1968 4119 2127 4181 enim

484 4227 732 4290 capaces
763 4208 847 4270 illi
877 4215 1068 4286 erant,
1101 4225 1295 4289 neque
1327 4207 1548 4269 bonum
1595 4207 1897 4289 quidpiam
1932 4209 2129 4272 facere

480 4305 774 4377 poterant,
805 4296 911 4358 sed
962 4295 1291 4357 sufficiebat
1349 4296 1434 4357 cis
1486 4316 1603 4358 non
1642 4296 1843 4359 facere
1876 4298 2122 4363 malum.

482 4385 623 4449 295
655 4384 904 4458 Quidam
937 4385 1282 4463 anagogiam
1317 4385 1411 4446 hic
1439 4385 1775 4461 admittunt,
1812 4395 1870 4448 et
1898 4387 2125 4449 intelli-

2220 3216 2310 3305 τδν
2369 3215 2519 3283 λαόν,
2595 3242 2625 3276 ι
2683 3221 2809 3300 Τρία
2877 3222 3125 3299 τάγματα
3206 3222 3561 3304 προσελθόντα
3611 3224 3776 3305 αὐτῷ,
3836 3227 3867 3280 ὁ

2222 3303 2475 3376 Ἰωάννης
2546 3312 2804 3389 νουθετεῖ,
2860 3312 2984 3375 τοὺς
3047 3303 3272 3393 ὄχλους,
3328 3314 3451 3378 τοὺς
3486 3303 3865 3396 τελώνας,-καὶ

2217 3396 2341 3460 τοὺς
2392 3399 2744 3477 στρατιώταςς
2801 3401 2934 3464 Τοῖς
3019 3401 3117 3477 μὲν
3195 3410 3285 3460 οὖν
3343 3401 3529 3483 ὄχλοις
3612 3416 3867 3483 παραινεῖ

2217 3487 2505 3567 προσέχειν
2561 3494 2630 3566 τῇ
2682 3488 3047 3568 ἒλεημοσύνῃ,
3107 3493 3200 3548 τὸν
3258 3492 3460 3573 ἔχοντα
3491 3491 3581 3551 δύο
3622 3498 3863 3574 χιτῶνας

2218 3574 2446 3632 κελεύων
2505 3575 2816 3653 μεταδοῦναι
2846 3579 2925 3653 τῷ
2987 3581 3065 3656 μὴ
3095 3578 3304 3661 ἔχοντι·
3335 3593 3452 3647 τοῖς
3495 3580 3549 3638 δὲ
3578 3580 3857 3659 τελώναις,

2217 3666 2278 3720 τὸ
2338 3663 2505 3741 μηδὲν
2573 3665 2737 3724 πλέον
2783 3668 3139 3749 εἰσπράσσειν,
3200 3669 3493 3747 τουτέστιν,
3580 3672 3856 3729 ἀπαιτεῖν

2217 3766 2335 3819 τοῖς
2392 3752 2449 3811 δὲ
2498 3757 2872 3833 στρατιώταις,
2941 3759 3003 3815 τὸ
3058 3759 3137 3835 μὴ
3207 3760 3480 3839 ἁρπάζειν,
3514 3758 3635 3818 ἀλλ’
3664 3761 3858 3840 ἀρκετ-

2218 3847 2335 3901 σθαι
2419 3858 2537 3909 τοῖς
2596 3847 2870 3927 ὀψωνίοις,
2929 3852 3190 3922 τουτέστι,
3223 3863 3348 3914 ταῖς
3386 3849 3686 3931 διδομέναις
3713 3852 3858 3931 παρὰ

2216 3936 2309 3990 τοὸ
2356 3933 2619 4011 βασιλέως
2680 3938 2815 3993 κατὰ
2868 3938 3143 4009 συνήθειαν
3199 3937 3546 4019 φιλοτιμίαις.
3601 3929 3746 4020 ’Ὅρα
3795 3929 3858 3995 δὲ

2213 4028 2329 4087 πῶς
2387 4037 2502 4088 τοῖς
2552 4025 2651 4100 μὲν
2693 4022 2881 4105 ὄχλοις
2923 4028 2996 4091 ὡς
3027 4026 3246 4093 ἀκάκοις
3276 4027 3389 4085 οὖσι
3420 4042 3671 4108 παραινεῖ
3711 4034 3857 4108 πρᾶ-

2213 4110 2293 4178 ξαί
2347 4134 2397 4170 τι
2458 4113 2678 4194 ἀγαθὸν,
2736 4115 2998 4197 τουτέστι,
3052 4117 3113 4173 τὸ
3155 4116 3492 4193 μεταδοῦναι,
3526 4131 3645 4184 τοῖς
3674 4116 3727 4174 δὲ
3773 4139 3857 4175 τε·

2210 4200 2403 4267 λώναις
2459 4204 2547 4260 καὶ
2631 4204 3003 4283 στρατιώταις,
3068 4206 3398 4287 ἀποσχέσθαι
3497 4210 3592 4265 τοῦ
3657 4215 3849 4267 κακοῦ.

2211 4289 2359 4348 οὔπω
2412 4292 2512 4372 γὰρ
2568 4290 2809 4373 ἐχώρουν
2865 4297 3031 4373 οὗτοι,
3088 4293 3204 4353 οὐδὲ
3247 4294 3502 4364 ἠδύναντο
3552 4297 3775 4366 ποιῆσαί
3800 4321 3851 4359 τι

2207 4380 2425 4459 ἀγαθὸν,
2475 4379 2597 4438 ἀλλ’
2652 4381 2871 4462 ἀρκετὸν
2923 4388 3106 4451 αὐτοῖς
3175 4388 3238 4444 τὸ
3290 4387 3370 4462 μὴ
3427 4388 3565 4446 κατὰ
3646 4401 3847 4453 ποιεῖν,

484 4485 630 4557 gunt
659 4475 813 4556 quod
843 4473 1131 4536 habentes
1151 4474 1297 4535 duas
1316 4482 1505 4536 vestes
1539 4475 1983 4539 communicare
2013 4477 2122 4539 de-

2223 4472 2359 4536 Γινὲς
2408 4470 2464 4527 δὲ
2517 4472 2604 4529 καὶ
2654 4474 2791 4530 κατὰ
2842 4474 3129 4555 ἀναγωγὴν
3181 4482 3356 4535 νοοῦσι
3385 4478 3467 4552 τὸ,
3515 4479 3606 4535 τὸν
3654 4477 3851 4559 ’έχοντα

483 4566 665 4629 beant
695 4583 814 4626 non
845 4563 1111 4634 habenti.
1138 4563 1405 4626 dicentes
1426 4568 1573 4626 duas
1607 4574 1817 4640 vestes,
1851 4567 2123 4647 spiritum

481 4654 826 4736 Scriptura},
854 4662 911 4715 et
939 4653 1218 4715 litteram:
1254 4661 1311 4714 et
1340 4655 1686 4717 exhortatur
1704 4673 1837 4716 eum
1858 4656 1957 4735 qui
1978 4655 2124 4717 duas

480 4745 682 4820 habet,
718 4755 776 4806 ul
810 4743 1212 4807 communicet
1241 4746 1297 4806 ei
1328 4745 1426 4825 qui
1478 4747 1722 4807 omnino
1760 4745 1956 4810 nudus
1980 4754 2071 4808 est
2102 4765 2119 4810 :

477 4843 543 4897 ut
572 4836 618 4897 si
650 4836 783 4916 quis
814 4835 885 4895 sit
915 4834 1017 4915 qui
1049 4832 1414 4914 Scripturam
1447 4832 1717 4896 bifariam
1753 4835 2123 4914 intelligat,et

474 4926 803 4987 secundum
836 4923 1134 5005 spiritum,
1171 4931 1228 4985 et
1269 4924 1598 4987 secundum
1633 4923 1914 5000 litteram,
1949 4943 2121 4986 com-

477 5014 740 5076 municet
766 5015 818 5077 ei
844 5015 943 5096 qui
977 5034 1095 5075 non
1118 5014 1321 5087 habet,
1345 5015 1457 5079 hoc
1480 5022 1595 5095 est,
1620 5014 1826 5076 doceat
1849 5015 2122 5093 ignoran-

477 5112 623 5185 tem,
649 5112 709 5166 et
730 5104 831 5167 det
852 5106 905 5166 ei
930 5106 1016 5165 vel
1037 5102 1292 5167 litteram
1307 5104 1511 5167 .Tanta
1527 5111 1723 5166 autem
1746 5104 1855 5167 fuit
1875 5104 2121 5169 Joannis

472 5192 685 5269 virtus,
718 5201 781 5254 ut
810 5212 1019 5255 omnes
1062 5192 1390 5273 cogitarent
1417 5202 1577 5274 apud
1603 5211 1667 5256 se
1697 5193 1771 5256 de
1814 5194 1916 5257 illo
1956 5196 2114 5277 quod

475 5280 1136 5345 essetChristus.Talem
1160 5283 1356 5363 itaque
1377 5281 1777 5363 suspicionem
1791 5285 2112 5368 repellens,

470 5370 665 5453 inquit
698 5389 713 5435 :
767 5369 1021 5437 Tantum
1044 5372 1204 5433 inter
1227 5389 1321 5432 me
1346 5379 1404 5432 et
1428 5370 1725 5433 Christum
1749 5371 2019 5451 interest,
2052 5382 2118 5434 ut

472 5479 581 5541 ego
635 5460 877 5543 quidem
934 5460 995 5523 in
1054 5480 1208 5542 aqua
1254 5460 1579 5542 baptizem,
1633 5460 1734 5522 ille
1782 5469 1983 5525 autem
2052 5463 2115 5524 in

471 5549 694 5632 Spiritu
727 5560 785 5614 et
813 5549 936 5632 igni
972 5572 986 5612 :
1020 5559 1079 5613 et
1098 5568 1290 5631 neque
1311 5567 1419 5627 ego
1448 5549 1665 5631 dignus
1694 5568 1825 5613 sum
1854 5551 1957 5634 qui
1987 5570 2117 5615 cor-

467 5640 685 5725 rigiam
720 5640 1257 5705 calceamentorum
1308 5639 1467 5704 illius
1509 5640 1754 5704 solvam.
1809 5641 1961 5716 Quid
2002 5656 2141 5708 au-'

2207 4560 2295 4618 δύο
2353 4567 2590 4642 χιτῶνας
2649 4561 2960 4640 μεταδοῦναι
3012 4573 3091 4641 τῷ
3132 4567 3211 4643 μὴ
3236 4566 3444 4648 ἓχοντιο
3478 4569 3604 4649 φασὶ
3629 4570 3731 4647 γὰρ
3759 4566 3849 4627 δύο

2207 4653 2443 4732 χιτῶνας
2504 4652 2673 4729 εἶναι,
2728 4654 2791 4709 τὸ
2846 4674 2905 4711 τε
2959 4655 3167 4732 πνεῦμα
3218 4662 3317 4725 τῆς
3384 4661 3621 4739 Γραφῆς,
3651 4658 3741 4715 καὶ
3786 4659 3849 4715 τὸ

2206 4742 2450 4820 γράμμα.
2516 4742 2619 4800 Τὶν
2675 4740 2875 4823 ἕχσντα
2920 4743 3009 4801 οὗν
3068 4747 3135 4802 τὰ
3207 4743 3317 4821 δύο,
3410 4747 3762 4826 προτρὲπεται
3820 4751 3848 4804 ὁ

2206 4830 2459 4897 Ἰωάννης
2516 4828 2828 4907 μεταδοῦναι
2885 4840 2963 4909 τῷ
3048 4833 3325 4899 παντελῶς
3410 4841 3619 4916 γυμνῷο
3704 4840 3845 4911 οἷον,

2202 4919 2313 4977 ἔστι
2370 4942 2451 4985 τις
2502 4922 2601 4989 τήν
2650 4923 2862 5003 Γραφὴν
2916 4925 3049 4980 νοῶν
3077 4921 3286 5005 διττῶς,
3319 4927 3458 4983 κατά
3487 4947 3544 4983 τε
3585 4928 3650 4983 τὸ
3678 4928 3851 5006 γράμ-

2203 5032 2277 5086 μα
2332 5014 2420 5068 καὶ
2462 5011 2598 5069 κατὰ
2625 5013 2687 5068 τὸ
2714 5022 2944 5088 πνεῦμα,
2978 5011 3253 5088 μεταδότω
3295 5015 3384 5071 οὖν
3412 5022 3489 5089 τῷ
3527 5016 3607 5091 μὴ
3635 5016 3839 5097 ἔχοντι,

2202 5098 2458 5166 διδαξάτω
2523 5101 2614 5157 τὸν
2670 5100 2981 5181 ἀγνοοῦντα,
3038 5105 3125 5160 καὶ
3182 5100 3318 5160 δότω
3391 5103 3533 5180 αύτῷ
3614 5106 3715 5162 κᾶν
3781 5108 3841 5161 τὸ

2201 5189 2443 5269 γράμμα.
2505 5190 2747 5258 Τοσαύτη
2817 5189 2871 5247 δὲ
2916 5192 2982 5261 ἧν
3008 5193 3043 5261 ἡ
3071 5201 3167 5252 τοῦ
3215 5192 3461 5251 Ἰωάννου
3492 5194 3674 5274 ἀρετὴ,
3707 5195 3845 5251 ὥστε

2198 5280 2401 5343 πάντας
2470 5278 2867 5359 ὒπολογίζεσθαι
2914 5282 3032 5361 περὶ
3086 5285 3266 5363 αὐτοῦ,
3325 5284 3537 5359 μήποτε
3598 5283 3697 5361 ἄρα
3739 5285 3841 5339 αύ-

2198 5371 2289 5436 τός
2332 5371 2472 5429 ἑστιν
2516 5372 2545 5427 ὁ
2592 5372 2841 5450 Χριστός,
2876 5371 2983 5439 Τὴν
3012 5372 3263 5440 τοιαύτην
3307 5372 3397 5429 οὖν
3423 5372 3666 5431 ὑπόνοιαν
3696 5371 3838 5428 ἀπο-

2198 5460 2541 5541 κρουόμενος,
2611 5460 2797 5540 φησὶν,
2859 5461 2958 5517 Καὶ
3013 5467 3261 5519 τοσοῦτον
3307 5465 3439 5539 ὶμοῦ
3502 5467 3727 5541 Χριστοῦ
3779 5462 3843 5519 τὸ

2197 5550 2472 5630 διάφορον,
2522 5547 2661 5606 ὥστε
2718 5548 2828 5629 ίγὼ
2871 5548 2992 5631 μὶν,
3024 5548 3080 5606 ἐν
3132 5548 3279 5609 ὕδατι
3322 5552 3587 5630 βαπτίζω,
3635 5554 3846 5615 ἰκτῖνος

2198 5647 2253 5706 δί
2319 5644 2379 5699 tv
2427 5640 2690 5717 Πνεύματι
2747 5640 2837 5697 καὶ
2885 5640 3027 5718 πυρί*
3090 5640 3176 5698 καὶ
3249 5637 3404 5722 ἄλλο,
3478 5641 3558 5698 ὅτι
3609 5641 3723 5699 ουἳὲ
3754 5644 3845 5699 τὸν
