4162 6228
502 298 618 369 ’743

500 547 789 592 aunorum
825 532 1086 612 triginta,
1123 541 1188 594 ut
1217 530 1552 613 putabatur,
1588 529 1746 591 filius
1769 529 2016 609 Joseph,
2043 526 2146 605 qui

500 619 605 678 fuit
627 619 780 681 filius
803 619 958 690 Heli.
987 621 1084 703 qui
1109 621 1218 683 fuit
1243 620 1597 700 Mathat,qui
1623 619 1725 679 fuit
1752 618 2018 698 Levi,qui
2039 617 2148 677 fuit

498 708 736 782 Melchi,
764 710 864 790 qui
887 711 991 771 fuit
1010 711 1223 784 Janne,
1248 710 1345 790 qui
1369 709 1734 789 fuitJoseph,
1753 708 1850 788 qui
1875 708 1984 767 fuit
2005 711 2146 769 Mat-

499 796 718 870 tathiae,
744 801 841 878 qui
877 799 986 861 fuit
1015 800 1326 880 Amos,qui
1355 799 1461 860 fuit
1482 799 1804 876 Naum,qui
1831 795 2139 869 fuitHesli,

497 885 599 978 qui
630 886 739 978 fuit
761 887 996 978 Naggaz.
1027 889 1126 968 qui
1159 888 1265 978 fuit
1298 889 1516 978 Maath,
1543 887 1778 978 quifuit
1801 886 2140 978 Miattathiaa,

495 973 592 1053 qui
627 975 734 1035 luit
763 977 984 1049 Semei,
1021 978 1117 1057 qui
1151 977 1259 1037 fuit
1287 976 1530 1046 Josech,
1569 977 1664 1055 qui
1702 976 1808 1035 fuit
1837 975 2008 1046 Juda,
2043 973 2143 1054 qui

493 1058 600 1154 fuit
628 1061 880 1154 Joanna,
910 1065 1379 1154 quifuitlthiesa,
1411 1063 1509 1144 qui
1544 1064 1646 1154 fuit
1667 1061 2018 1154 Zorobaliel,
2045 1061 2145 1154 qui

495 1151 605 1213 fuit
634 1153 938 1228 Salathiel,
973 1153 1073 1233 qui
1105 1154 1212 1214 fuit
1243 1152 1409 1228 Neri,
1453 1153 1554 1232 qui
1606 1154 1711 1213 fuit
1761 1151 2003 1226 Melchi,
2045 1151 2148 1236 qui

491 1238 598 1299 fuit
623 1241 798 1321 Addi,
835 1243 932 1323 qui
963 1244 1070 1303 fuit
1100 1242 1338 1316 Cosam,
1373 1244 1472 1322 qui
1505 1242 1614 1302 fuit
1646 1241 2018 1317 Helmadam,
2046 1245 2147 1320 qul

494 1329 599 1388 fuit
626 1327 770 1403 Her,
807 1332 904 1412 qui
937 1332 1042 1392 fuit
1071 1335 1230 1394 Jeso.
1286 1331 1386 1412 qui
1437 1332 1540 1391 fuit
1587 1331 1838 1401 Eliezer,
1891 1331 1992 1411 qui
2041 1331 2146 1398 fuit

491 1417 718 1489 Jorem,
755 1421 854 1500 qui
902 1421 1007 1482 fult
1059 1424 1289 1482 Mattlza.
1353 1421 1452 1500 qui
1505 1420 1610 1480 fuit
1667 1419 1823 1492 Levi,
1887 1420 1986 1499 qui
2033 1419 2145 1479 fuit

495 1506 760 1588 Simeou,
797 1510 895 1590 qui
941 1511 1049 1570 fuit
1077 1511 1251 1582 .lnda,
1286 1511 1385 1591 qui
1437 1509 1544 1570 fuit
1591 1508 1835 1589 Joseph,
1885 1509 1986 1589 qui
2035 1508 2143 1569 fuit

491 1599 723 1678 lunam,
757 1599 859 1678 qui
885 1599 990 1660 fuit
1020 1599 1368 1670 Heliachim,
1395 1598 1494 1680 qui
1521 1599 1628 1659 fuit
1649 1599 2008 1679 Mcleali,qui
2033 1599 2140 1658 fuit

495 1689 731 1778 blenna,
758 1688 852 1778 qei
871 1688 1347 1778 fuitblatthatha,
1372 1690 1589 1778 quifuit
1613 1688 1862 1758 Nathan,
1895 1687 1997 1778 qui
2024 1688 2138 1750 fuit
2160 1731 2197 1778 Β

491 1773 695 1848 David,
731 1777 830 1856 qui
855 1778 963 1840 fuit
988 1776 1180 1849 Jesse,
1208 1778 1305 1858 qui
1328 1778 1436 1840 fuit
1467 1777 1657 1856 Obed,
1696 1781 1792 1857 qui
1826 1777 2130 1846 tuitBooz.

491 1866 586 1943 qui
623 1864 728 1924 fuit
759 1867 1103 1947 Salmo,qui
1133 1866 1509 1947 fuitNaason,
1539 1868 1634 1947 qui
1658 1866 2133 1940 fuitAminadab,

490 1954 588 2032 qui
621 1955 726 2014 fuit
757 1957 956 2028 Aram,
985 1956 1212 2036 quifuit
1242 1956 1476 2028 Esrom,
1511 1956 1611 2036 qui
1644 1956 1749 2016 fuit
1785 1957 2136 2036 Phares,qui

487 2042 595 2101 luit
621 2045 807 2118 Judae,
837 2045 934 2123 qui
990 2046 1094 2104 fuit
1125 2044 1330 2119 Jacob,
1373 2046 1472 2125 qui
1523 2047 1631 2105 fuit
1663 2047 1845 2126 lsaac,
1881 2046 1982 2126 qui
2031 2046 2139 2107 fuit

490 2130 760 2202 Abrahw,
795 2133 893 2211 qui
928 2133 1033 2192 fuit
1062 2132 1325 2199 Tliarrze.
1353 2134 1455 2214 qui
1486 2133 1591 2194 fuit
1617 2136 1874 2214 Nachor,
1898 2135 1998 2216 qui
2028 2135 2136 2196 fuit

488 2219 742 2298 Sarurh,
793 2221 892 2300 qui
927 2221 1031 2281 fuit
1069 2223 1293 2300 I'tagau,
1327 2222 1425 2300 qui
1475 2223 1581 2283 fuit
1631 2224 1870 2298 Phalec,
1898 2224 1997 2304 qui
2027 2224 2133 2285 fuit

486 2306 707 2381 Heber,
743 2310 843 2388 qui
873 2309 982 2370 fuit
1013 2309 1170 2386 Sale,
1205 2311 1304 2390 qui
1331 2311 1436 2372 fuit
1467 2310 1709 2391 Cainan,
1739 2313 1840 2392 qui
1885 2315 1990 2374 fuit
2021 2318 2130 2375 Ar-

484 2395 844 2478 phaxad,qui
876 2398 984 2458 fuit
1008 2400 1276 2480 Sem,qui
1311 2401 1416 2460 fuit
1440 2401 1699 2481 Noe,qui
1721 2403 1828 2463 fuit
1850 2404 2127 2476 Lamecb,

485 2486 585 2565 qui
619 2486 727 2547 fuit
759 2488 1104 2558 Mathusale,
1142 2487 1243 2568 qui
1274 2489 1382 2549 fuit
1408 2490 1640 2563 Enoch,
1675 2491 1774 2570 qui
1799 2491 1904 2552 fuit
1928 2493 2128 2574 Jared,

486 2575 584 2655 qui
617 2575 724 2635 fuit
752 2576 1086 2650 Malalehel,
1121 2578 1220 2657 qui
1251 2578 1358 2639 fuit
1402 2580 1646 2650 Cainan,
1682 2584 1782 2660 qui
1813 2580 1919 2641 fuit
1947 2580 2125 2654 Enos,

488 2666 582 2745 qui
615 2665 723 2726 fuit
755 2663 923 2746 Seth,
958 2667 1055 2747 qui
1090 2667 1200 2727 fuit
1229 2668 1440 2747 Adam,
1475 2669 1576 2748 qui
1611 2669 1717 2730 fuit
1748 2670 1878 2732 Dei.
1917 2697 1941 2726 ι
1981 2671 2126 2734 Cum

486 2754 724 2832 triginta
745 2774 1034 2816 annorum
1069 2766 1224 2818 esset
1255 2757 1566 2832 Dominus,
1590 2758 1915 2839 baptizatus
1939 2771 2127 2832 est,eo

486 2843 640 2923 quod
673 2854 812 2906 aetas
852 2845 953 2906 illa
997 2846 1434 2926 perfectissima
1470 2857 1580 2921 est,
1615 2860 1672 2910 ιῐ
1700 2849 1798 2910 illa
1829 2850 2007 2914 homo
2039 2853 2126 2914 vel

486 2933 704 3013 probus
747 2934 838 2995 vel
887 2935 1195 3014 improbus
1241 2939 1635 3016 cognoscitur.
1689 2938 1878 3020 Ipsius
1926 2952 2123 3005 autem

1365 303 1959 370 THEOPHYLACTI
2007 298 2415 367 BULGARIIE
2487 295 2846 361 ABCHIEP.

583 439 757 503 Vens.
787 442 992 506 93-28.
1009 443 1112 504 «Et
1131 446 1254 524 ipse
1275 444 1446 504 Jesus
1464 440 1785 521 incipiebat
1807 458 1938 501 esse
1958 440 2146 501 ferme
2167 447 2206 493 Α

3764 297 3891 366 744

2316 454 2340 488 ιι
2406 433 2504 490 Καὶ
2561 434 2716 496 αὐτὸς
2747 431 2812 499 ἦν
2845 435 2871 489 6
2903 431 3107 499 ’[ησοῦς
3154 433 3281 490 ὡσεὶ
3310 431 3442 490 έτων
3473 435 3757 510 τριάκοντα
3786 435 3886 514 ἆρ-

2229 521 2464 601 χόμενος
2535 521 2634 603 ὧν,
2688 525 2761 585 ὥς
2820 523 3114 598 ἐνομίζετο,
3158 523 3267 586 υἱὸς
3339 522 3562 604 Ἰωσὴφ,
3595 534 3687 583 106
3731 515 3879 598 Ἠλὶ,

2229 617 2322 666 τοῦ
2385 611 2591 688 Μαθᾶτ,
2665 620 2758 668 106
2805 613 2957 691 Aeu'i‘,
3029 618 3122 668 106
3181 609 3380 692 Μελχὶ,
3411 611 3504 668 106
3534 611 3730 686 Ἰαννᾶ,
3787 620 3890 670 τοῦ

2231 698 2448 779 Ἰωσὴφ,
2503 701 2598 757 τοῦ
2671 702 2988 775 Ματταθίου,
3049 707 3142 757 τοῦ
3175 699 3378 777 ’Λμὼς,
3407 708 3497 757 τοῦ
3547 703 3756 781 Ναοὺμ,
3789 709 3888 758 τοῦ

2231 787 2399 862 Ἐσλὶ,
2471 791 2564 846 106
2611 791 2838 868 Ναγγαὶ,
2891 796 2982 845 τοῦ
3042 790 3216 869 Μάάθ,
3274 792 3367 846 106
3434 792 3752 866 Ματταθίου,
3787 801 3888 850 τοῦ

2226 881 2422 954 Σεμεῖ,
2484 881 2577 934 106
2626 878 2856 958 Ἰωσήχ,
2915 887 3008 934 106
3063 877 3258 952 Ἰούδα,
3315 886 3408 936 106
3487 878 3728 960 Ἰωαννᾶ,
3785 884 3888 937 τοῦ

2230 957 2414 1041 Ῥησᾶ,
2475 973 2591 1042 τοῦ,
2620 957 2938 1047 Ζοροϐάϐελ,
2983 970 3078 1025 106
3102 966 3398 1043 Σαλαθιὴλ,
3449 975 3538 1048 τοῦ
3574 957 3727 1048 Napi,
3786 978 3886 1027 106

2229 1054 2455 1136 Μελχεὶ,
2497 1067 2606 1131 106
2678 1057 2870 1138 Ἀδδεί,
2914 1064 3007 1114 106
3041 1058 3264 1137 Κωσὰμ,
3298 1060 3392 1114 106
3452 1047 3752 1134 Ἐλμαδᾶμ,
3787 1065 3885 1114 τοῦ

2231 1142 2379 1224 ”Ηρ,
2429 1152 2519 1202 106
2573 1145 2758 1221 Ἰησὼ,
2791 1153 2885 1204 106
2923 1145 3183 1225 Ἐλιέζερ,
3214 1152 3306 1202 τοῦ
3335 1145 3554 1224 Ἰωρὴμ,
3598 1156 3692 1204 106
3721 1153 3883 1202 Ματ-

2228 1234 2344 1309 θὰτ,
2412 1243 2504 1292 τοῦ
2576 1238 2747 1310 Λευεὶ,
2799 1244 2889 1294 τοῦ
2950 1237 3194 1315 Συμεὼν,
3253 1241 3346 1291 τοῦ
3381 1233 3574 1310 ἰούδα,
3627 1237 3720 1290 106
3749 1233 3878 1292 ἰω-

2229 1323 2359 1401 σήφ,
2422 1331 2514 1382 106
2571 1322 2788 1404 ἰωνὰμ,
2853 1335 2946 1384 106
3017 1324 3315 1404 Ἐλιακεὶμ,
3377 1334 3469 1383 τοῦ
3523 1323 3721 1398 Μελεᾶ,
3781 1332 3880 1381 τοῦ

2227 1413 2453 1488 Μαινὰν,
2514 1420 2607 1470 τοῦ
2678 1418 2950 1494 Ματταθᾶ,
3019 1420 3112 1469 τοῦ
3169 1415 3364 1488 Ναϐὰν,
3411 1420 3504 1470 106
3544 1412 3733 1486 Λαυίδ,
3781 1421 3878 1469 106

2226 1496 2440 1577 Ἰεσσαὶ,
2489 1511 2581 1560 του
2610 1500 2802 1582 Ὠϐὴδ,
2833 1506 2926 1560 106
2967 1505 3121 1577 Βοὸζ,
3155 1509 3248 1558 106
3280 1501 3535 1582 Σαλμὼν,
3560 1509 3654 1559 τοῦ
3696 1513 3880 1559 Ναασ-

2220 1589 2350 1663 σὼν,
2416 1599 2508 1648 τοῦ
2567 1581 2882 1669 Ἀμιναδὰϐ,
2941 1594 3036 1650 106
3091 1582 3284 1671 Ἀρὰμ,
3343 1599 3438 1648 106
3472 1581 3708 1671 Ἐσρὼμ,
3779 1600 3878 1650 τοῦ

2218 1679 2416 1756 Φαρὲς,
2476 1687 2569 1736 τοῦ
2644 1680 2833 1756 Ἰούδα,
2924 1688 3014 1737 τοῦ
3089 1670 3300 1754 Ἰακὼϐ,
3358 1681 3452 1738 106
3506 1670 3706 1756 Ἰσαὰκ,
3783 1688 3876 1738 τοῦ

2226 1759 2490 1854 ἶΔόραὰμ,
2549 1781 2643 1830 τοῦ
2701 1774 2868 1854 Θάρα,
2934 1781 3029 1831 τοῦ
3075 1774 3296 1853 Ναχὼρ,
3357 1775 3451 1830 τοῦ
3507 1774 3744 1854 Σαροὺχ,
3779 1781 3875 1830 τοῦ

2225 1851 2441 1941 Ῥαγαῦ,
2475 1851 2591 1942 7106
2649 1851 2863 1938 Φαλὲκ,
2931 1870 3023 1919 τοῦ
3060 1851 3237 1942 Ἐϐὲρ,
3266 1851 3359 1920 τοῦ
3402 1862 3573 1939 Σαλα,
3599 1851 3690 1920 106
3708 1851 3871 1920 kat-

2222 1949 2351 2024 νὰμ,
2409 1940 2502 2006 106
2558 1940 2841 2031 Ἂρῳιξὰδ,
2900 1959 2992 2032 τοῦ
3048 1940 3489 2032 Σὴμ,τοῦλΝὼε,
3521 1959 3614 2009 τοῦ
3644 1953 3868 2032 Λάμεχ,

2219 2039 2313 2093 τοῦ
2367 2028 2707 2114 Μαθουσαλά,
2779 2028 2870 2098 τοῦ
2931 2028 3133 2121 Ἐνὼχ,
3189 2051 3281 2101 106
3326 2029 3512 2120 Ἰαρέδ,
3544 2048 3636 2098 τοῦ
3675 2047 3870 2121 μαλε-

2217 2123 2374 2207 λεὴλ,
2445 2128 2539 2186 106
2598 2136 2825 2206 Καϊνᾶν,
2883 2137 2977 2186 106
3024 2119 3212 2210 Ἐνὼς,
3243 2138 3336 2187 τοῦ
3367 2119 3500 2204 Σὴθ,
3548 2140 3640 2188 106
3673 2119 3866 2210 Ἀδὰμ,

2214 2222 2308 2271 106
2364 2224 2516 2276 Θεοῦ.
2600 2240 2624 2276 ι
2683 2219 2975 2298 Τριάκοντα
3031 2221 3130 2295 μὲν
3198 2219 3273 2275 ὤν
3303 2219 3460 2299 ἑτῶν,
3493 2217 3780 2286 ἐϐαπτίσθη
3837 2223 3868 2276 6

2218 2305 2426 2383 Κύριος,
2502 2305 2634 2363 διότι
2691 2307 2826 2375 αὕτη
2881 2311 2917 2377 ἡ
2972 2307 3156 2380 ἡλικία
3214 2308 3324 2366 ἐστὶ
3379 2310 3714 2376 τεκειοτάτη⁶
3773 2317 3867 2372 καὶ

2213 2395 2354 2448 κατὰ
2400 2395 2602 2463 ταύτην
2654 2399 2682 2452 6
2740 2395 3035 2477 ἅνθρωπος,
3094 2398 3130 2465 ἢ
3178 2394 3394 2473 δόκιμος
3461 2397 3498 2464 ἢ
3583 2394 3859 2472 ἀδόκιμος.

2215 2481 2533 2562 Γεθεαλογεϊ
2587 2484 2641 2540 δὲ
2686 2487 2841 2544 αὐτὸν
2871 2489 2898 2542 6
2929 2493 3159 2567 Λουκᾶς,
3207 2485 3566 2566 ἀντιστρόφως
3595 2492 3673 2560 τῷ
3705 2493 3862 2542 Ματ-

2212 2572 2364 2647 θαίῳ,
2437 2573 2532 2630 ’ἱνα
2583 2572 2724 2651 δείξῃ
2777 2574 2886 2654 ’ὅτι
2938 2578 2966 2632 6
3045 2583 3124 2632 νῦν
3155 2577 3421 2653 γεννηθεὶς
3451 2574 3504 2632 ἐν
3534 2576 3710 2654 σαρκὶ,
3756 2575 3864 2630 ὰπὸ

2209 2667 2303 2715 τοῦ
2361 2668 2492 2719 Θεοῦ
2549 2646 2713 2723 ἐστιν,
2777 2646 2919 2744 ἱὈρα
2988 2666 3088 2743 γὰρ
3306 2646 3671 2743 γενεαλογίαν,
3745 2667 3865 2727 πῶς

2210 2757 2446 2824 καταντᾷ
2502 2753 2575 2817 εἰς
2606 2755 2698 2809 τὸν
2729 2756 2882 2831 Θεὸν,
2915 2756 3004 2811 καὶ
3031 2755 3163 2830 ἅμα,
3212 2754 3304 2812 ἵνα
3349 2755 3625 2831 μάθωμεν,
3656 2754 3737 2809 ὃτι
3767 2753 3864 2809 ἵνα

2210 2840 2412 2905 πάντας
2470 2843 2593 2906 τοὺς
2653 2842 2706 2898 ἒν
2755 2843 2904 2918 μέσῳ
2931 2843 3163 2924 πατέρας
3194 2845 3266 2908 εἰς
3319 2846 3450 2901 Θεόν
3499 2843 3743 2924 ἀναγάγῃ
3773 2852 3862 2906 καὶ

2208 2930 2347 2995 υἱοὺς
2400 2933 2630 3014 ποιήσῃ,
2687 2937 2874 2990 τούτου
2929 2933 3104 2990 ἕνεκεν
3134 2935 3435 3013 ὲσαρκώθη.
3465 2923 3639 3012 "Exin
3688 2931 3862 2989 δὲκαὶ

482 3022 885 3100 genealogiam
923 3013 1195 3086 recenset
1241 3013 1428 3088 Lucas
1469 3013 1816 3107 retrogrado
1849 3030 2059 3093 ordine
2091 3050 2125 3092 a

2212 3018 2402 3099 ἑτέρως
2461 3023 2656 3079 εἰπεῖν·
2722 3013 3032 3080 Ἠπιστεϊτο
3064 3025 3094 3092 ἦ
3127 3024 3372 3102 γέννησις
3397 3030 3488 3079 τοῦ
3525 3022 3734 3100 Κυρίου,
3782 3023 3857 3083 ὡς

484 3113 865 3220 Mattlizeo,'pt
887 3115 1164 3220 ostendat.
1182 3115 1337 3196 quod
1359 3116 1409 3177 is
1431 3116 1530 3197 qui
1552 3103 1709 3220 nunc
1742 3127 1910 3180 natus
1941 3131 2032 3183 est
2064 3122 2122 3183 in

2212 3107 2334 3164 iich
2393 3118 2591 3190 σπορᾶς
2649 3114 2798 3172 οὗτα⁹
2846 3111 3011 3169 θέλων
3042 3116 3132 3170 οὖν
3172 3112 3341 3178 δεῖξαι
3372 3116 3400 3169 6
3449 3110 3856 3190 εὐαγγελιστὴς,

2212 3197 2236 3220 '1
2432 3203 2445 3220 \
2511 3200 2593 3220 !\‘\
2762 3202 2786 3220 ν
3070 3209 3097 3219 ~
3191 3204 3204 3220 ν
3263 3205 3272 3216 '
3429 3202 3451 3220 ν
3486 3206 3510 3220 Λ
3759 3201 3773 3220 9
3842 3202 3854 3220 1

486 3218 690 3280 carne,
725 3220 758 3261 a
781 3200 904 3262 Deo
934 3201 1030 3264 sit.
1057 3201 1208 3265 Vide
1236 3207 1391 3265 enim
1424 3207 1724 3286 quomodo
1756 3210 2124 3272 recensendo

2212 3197 2290 3254 ὅτι
2362 3203 2450 3257 καὶ
2503 3200 2697 3260 ἂλλοτε
2755 3202 2876 3260 ἄνευ
2929 3209 3128 3282 σπορᾶς
3188 3204 3396 3282 ἐγένετο
3422 3202 3716 3280 ἄνθρωπος,
3750 3201 3856 3256 ἀπό

2251 3293 2277 3303 υ
2427 3290 2437 3303 Ι
2580 3293 2591 3303 ι
2651 3291 2661 3303 ι
2918 3292 2931 3303 ι
2982 3295 2994 3303 ι
3097 3294 3107 3303 ι
3201 3283 3214 3303 9
3269 3291 3310 3303 αι
3491 3293 3503 3303 ι
3578 3292 3590 3303 ι
3703 3297 3728 3303 Α
3784 3290 3794 3303 ο

487 3289 840 3368 catalogum,
876 3300 1145 3354 recurrat
1193 3294 1250 3353 in
1294 3293 1504 3371 Deum,
1540 3303 1602 3356 ut
1643 3296 1939 3359 discamus
1969 3300 2124 3379 quod

2212 3293 2314 3344 τῶν
2375 3290 2521 3347 κάτω
2573 3291 2855 3372 ὰνέρχεται
2915 3292 3000 3350 ἐπὶ
3048 3294 3140 3350 τόν
3201 3289 3368 3368 ’Λδὰμ
3422 3293 3510 3348 καὶ
3538 3292 3636 3346 τὸν
3695 3290 3850 3346 Θεόν⁶

2236 3399 2241 3400 ,
2485 3381 2499 3400 κ
2559 3379 2579 3400 Ἷ
2607 3381 2615 3392 ¹
2793 3384 2805 3400 ι
2868 3395 2891 3400 .-
2931 3399 2934 3400 ,
3023 3384 3076 3400 σε,
3147 3382 3159 3400 τ
3332 3394 3356 3400 ..
3470 3383 3494 3394 θ’
3567 3382 3580 3400 ι
3624 3377 3646 3400 Β
3688 3379 3699 3400 Ι
3745 3399 3753 3400 κ

481 3385 677 3457 patres
703 3379 1314 3443 omnesintermedios
1337 3383 1601 3446 inDeum
1625 3386 1956 3463 reducat,et
1974 3377 2127 3450 filios

2212 3381 2502 3463 μονονουχὶ
2558 3379 2729 3459 λέγων
2785 3384 2942 3458 ἡμῖν·
3022 3384 3079 3439 Ei
3139 3382 3386 3444 intento;
3416 3383 3529 3444 πῶς
3561 3382 3589 3436 6
3618 3377 3855 3456 δεύτερος

477 3467 668 3529 faciat.
709 3469 844 3530 ideo
873 3469 1212 3532 incarnatus
1234 3481 1344 3534 est.
1380 3476 1628 3536 Possum
1653 3483 1849 3537 autem
1873 3486 1932 3538 et
1953 3477 2122 3538 aliter

2216 3457 2384 3544 ’Λδὰμ
2441 3457 2652 3548 έῇένετο
2707 3469 2834 3551 δίχα
2893 3479 3118 3549 σπορᾶς,
3176 3470 3358 3528 ἄνελθέ
3415 3477 3614 3546 μοιτῷ
3665 3476 3739 3544 νῷ
3769 3469 3854 3525 ἐπὶ

2250 3559 2261 3578 l
2439 3559 2450 3578 1
2485 3562 2495 3578 ι
2662 3549 2703 3578 9.
2732 3559 2770 3578 ’κε
2994 3563 3007 3578 \
3072 3563 3083 3578 ο
3149 3562 3161 3578 ι
3351 3560 3364 3576 ν
3425 3562 3435 3578 ι
3506 3558 3530 3578 n
3793 3565 3817 3573 -

479 3557 676 3619 dicere
727 3579 740 3618 :
803 3558 1071 3620 Diilicilis
1124 3562 1350 3623 creditu
1411 3572 1536 3625 erat
1587 3564 1852 3626 nativitas
1901 3567 2118 3628 Christi

2212 3559 2292 3613 τόν
2353 3559 2602 3637 πρότερον
2663 3557 2852 3637 Ἃδὰμ,
2925 3563 3010 3618 καὶ
3041 3562 3280 3641 εὑρήσεις
3311 3560 3468 3616 αὐτόν
3499 3558 3620 3614 ἂνευ
3651 3565 3853 3635 σπορᾶς

477 3647 634 3727 quod
682 3648 810 3709 sine
854 3650 1081 3711 semine
1124 3651 1240 3732 sit;
1287 3652 1490 3714 volens
1536 3654 1716 3733 igitur
1760 3657 2144 3733 evangelista-

479 3737 823 3810 ostendere,
849 3740 984 3798 297
1010 3741 1160 3819 quod
1186 3750 1244 3800 ct
1274 3741 1419 3802 alias
1435 3742 1565 3802 sine
1580 3743 1809 3805 semine
1837 3744 2022 3806 factus
2041 3746 2115 3808 sit

476 3825 654 3885 homo
688 3826 759 3888 ab
793 3827 1175 3889 inferioribus
1205 3831 1474 3892 ascendit
1506 3831 1574 3891 ad
1599 3833 1784 3892 Adam
1812 3841 1872 3895 et
1901 3833 2111 3910 Deum,

473 3916 636 3995 quasi
663 3917 868 3978 dicens
898 3936 911 3980 :
949 3920 1008 3979 Si
1043 3938 1158 3979 non
1182 3920 1380 3980 credis
1416 3921 1569 4000 quod
1606 3923 1904 3983 secundus
1929 3925 2113 3985 Adam

471 4005 600 4064 sine
621 4006 850 4066 semine
873 4007 1063 4067 factus
1087 4009 2015 4090 sit,ascende,precor,memoria
2042 4015 2113 4074 ad

475 4094 731 4174 priorem
758 4095 1033 4178 Adam,et
1055 4097 1321 4158 invenies
1350 4098 1522 4159 etiam
1550 4099 1713 4160 illum
1740 4101 1868 4163 sine
1883 4104 2116 4165 semine

469 4189 682 4242 tactum
716 4203 747 4244 a
778 4183 918 4258 Deo,
956 4196 1012 4246 et
1046 4186 1284 4265 posmac
1322 4207 1394 4247 ne
1425 4187 1506 4249 sis
1539 4191 1900 4253 incredulus.
1938 4191 2112 4264 Quae-

469 4280 605 4360 runt
634 4279 827 4333 autem
862 4273 1100 4353 quidam
1138 4276 1434 4355 quomodo
1471 4278 1771 4339 .‘Jattlueus
1793 4281 2112 4360 Josephum

471 4359 629 4420 dicat
661 4361 845 4421 tilium
878 4363 1080 4436 Jacob,
1121 4366 1306 4425 Lucas
1336 4375 1531 4428 autem
1567 4367 1746 4428 tilium
1781 4359 1950 4432 Heli}
1994 4372 2110 4431 imo

2199 3647 2484 3726 γενόμενον
2531 3651 2631 3706 ὑπό
2699 3657 2793 3707 τοῦ
2852 3659 3002 3727 Θεοῦ,
3064 3654 3151 3708 καὶ
3219 3649 3431 3730 λοιπόν,
3488 3650 3566 3724 μὴ
3615 3648 3849 3712 ἀπίστει,

2199 3744 2423 3804 Ζητοῦσι
2483 3736 2539 3794 δέ
2597 3761 2762 3814 τινες,
2813 3747 2928 3805 πῶς
2987 3744 3015 3797 6
3081 3741 3178 3816 μὲν
3207 3744 3477 3802 Ματθαῐος
3510 3741 3600 3796 τόν
3650 3737 3852 3818 Ἰωσὴφ

2198 3829 2292 3883 106
2375 3825 2567 3884 Ἰακὼϐ
2609 3829 2752 3907 λέγει
2810 3830 2951 3887 εἶναι
3010 3829 3200 3887 παῖδα·
3275 3832 3302 3885 6
3357 3827 3410 3883 δὲ
3457 3834 3686 3907 Λουκᾶς,
3758 3834 3852 3882 τοῦ

2203 3907 2339 3972 Ἠλί·
2424 3915 2675 3974 ἀδύνατον
2730 3921 2855 3999 γὰρ,
2923 3923 3071 4000 φασὶ,
3125 3922 3214 3976 τὸν
3267 3920 3423 3976 αὐτὸν
3475 3916 3564 3973 δύο
3605 3915 3848 3994 πατέρων

2199 4009 2340 4062 εἶναι
2398 4005 2590 4068 παῖδα.
2651 4008 2906 4088 Λέγουσιν
2961 4010 3051 4065 οὖν
3105 4011 3235 4088 πρὸς
3292 4015 3464 4082 τοῦτο,
3510 4005 3592 4062 ὅτι
3635 4008 3662 4062 6
3735 4004 3847 4061 Ἰα-

2197 4094 2312 4151 κὼὸ
2365 4099 2452 4153 καὶ
2509 4100 2537 4152 6
2597 4088 2735 4178 Ἠλὶ,
2795 4101 3115 4178 ὁμομήτριοι
3163 4098 3397 4177 ἀδελφοὶ,
3426 4095 3615 4178 Δἄλλον.)
3661 4092 3716 4150 δὲ
3759 4096 3846 4150 καὶ

2198 4182 2364 4242 ἄλλου
2420 4188 2640 4265 πατρός·
2703 4176 3056 4251 ᾶποθανόντος
3123 4191 3210 4245 οὗν
3278 4176 3370 4246 τοῦ
3424 4176 3538 4244 Ἠλὶ
3597 4182 3841 4260 ἄπαιδος,

2196 4272 2430 4352 ἠγάγετο
2483 4278 2580 4344 τὴν
2649 4291 2878 4354 γυναῖκα
2927 4281 3084 4336 αὐτοῦ
3135 4281 3164 4335 6
3198 4276 3410 4357 Ἰακὼϐ,
3445 4273 3847 4344 παιδοποιήσων

2198 4363 2249 4431 ἐξ
2306 4366 2490 4431 αὐτῆς·
2545 4368 2633 4422 καὶ
2689 4365 2827 4423 οὕτω
2882 4366 3094 4444 λέγεται
3125 4369 3153 4424 6
3196 4368 3417 4446 Ἰωσὴφ,
3471 4361 3660 4423 Ἰτκὼϐ
3701 4364 3846 4421 εἶναι

473 4448 750 4528 possibile
770 4460 963 4512 autem
994 4473 1173 4513 unum
1202 4453 1480 4516 habuisse
1500 4456 1647 4518 duos
1671 4460 2113 4536 patres.Dicunt

2212 4466 2326 4517 ταῖς
2382 4455 2449 4522 τῆ
2489 4456 2661 4534 φύσει,
2720 4459 2808 4512 καὶ
2864 4465 2956 4514 106
3023 4448 3138 4515 Ἠλὶ
3192 4463 3270 4531 τῷ
3326 4459 3493 4531 νόμιμ’
3527 4456 3554 4510 6
3593 4455 3693 4528 μὲν
3746 4456 3847 4532 γὰρ

469 4539 664 4617 itaque
689 4539 759 4600 ad
792 4541 926 4620 hoc,
962 4542 1117 4622 quod
1150 4543 1330 4605 Iacob
1365 4558 1423 4605 et
1469 4544 1601 4606 Heli
1646 4548 1862 4608 uterini
1897 4549 2110 4610 fratres

467 4628 685 4688 fuerint
705 4648 772 4689 ex
788 4629 1038 4691 diversis
1063 4632 1590 4709 patribuszmortuo
1605 4645 1801 4697 autem
1831 4638 1957 4699 Heli
1980 4642 2109 4700 sine

467 4717 881 4789 liberis,Jacob
904 4721 1030 4800 ejus
1048 4741 1288 4783 uxorem
1307 4724 1642 4801 duxerit,ex
1663 4726 1761 4787 illa
1779 4739 2112 4806 procreatu-

467 4826 568 4868 rus
595 4808 767 4869 ﬁlios.
817 4807 886 4869 Et
931 4811 1016 4872 sic
1047 4811 1266 4873 dicitur
1309 4813 1528 4895 Joseph
1581 4834 1714 4876 esse
1749 4817 1901 4878 filius
1928 4820 2108 4880 .lacob

465 4905 673 4958 natura
704 4915 716 4960 :
752 4899 909 4960 filius
941 4910 1137 4962 autem
1170 4901 1486 4982 Heli,lege.
1519 4905 1701 4967 Jacob
1734 4908 1890 4966 enim
1916 4909 2108 4986 ipsum

465 4995 669 5047 natura
701 4989 924 5068 genuit,
962 4997 1018 5050 et
1060 5009 1217 5066 vero,
1254 4992 1511 5074 denique
1561 5003 1618 5055 et
1669 4997 1949 5058 naturalis
1981 4999 2109 5077 ejus

465 5076 625 5136 filius
648 5077 899 5150 est,He|i
922 5097 1058 5139 vero
1084 5081 1238 5141 filius
1261 5083 1700 5160 legitimus.Lex
1721 5086 1879 5146 enim
1901 5076 2102 5169 jusSit,

463 5165 512 5225 si
546 5166 678 5245 quis
709 5167 836 5228 sine
865 5168 1071 5229 liberis
1105 5171 1412 5245 moriatur,
1447 5179 1511 5233 ut
1561 5173 1690 5251 ejus
1736 5193 1884 5234 uxor
1925 5165 2108 5256 ipsius

462 5254 630 5315 fratri
661 5257 975 5335 copuletur
991 5259 1070 5335 ὗ,
1106 5268 1164 5320 et
1196 5262 1351 5340 quod
1384 5261 1525 5323 inde
1557 5271 1857 5344 nascetur,
1889 5254 2107 5327 mortui

463 5360 596 5405 esse
635 5355 970 5421 censeatur,
1008 5351 1238 5410 tametsi
1279 5358 1487 5412 natura
1514 5351 1589 5411 sit
1618 5351 1886 5415 viventis.
1920 5352 1989 5416 Et
2019 5354 2106 5417 sic

462 5431 613 5492 bene
646 5432 850 5496 dicunt
880 5437 1275 5517 evangelista,
1308 5458 1500 5522 neque
1531 5446 1670 5503 sunt
1698 5440 1855 5502 inter
1879 5460 1945 5503 se
1966 5463 2104 5507 con-

538 5592 594 5644 ’3
623 5591 792 5659 Deut.
832 5612 978 5662 xxv.

2199 4531 2409 4618 Ἰακὼϐ,
2469 4547 2616 4624 φύσει
2671 4548 2825 4604 αὒτόν
2887 4547 3134 4626 ἐγέννησε
3182 4552 3270 4604 καὶ
3341 4546 3577 4626 ἀληθῶς,
3609 4546 3696 4599 καὶ
3740 4566 3843 4624 φυ-

2195 4653 2342 4697 σικος
2413 4633 2608 4691 λοιπόν
2650 4635 2759 4701 υἱός
2804 4637 2946 4694 ἐστιν
2975 4642 3153 4697 αὐτοῦ·
3185 4638 3278 4695 106
3305 4635 3360 4692 δὲ
3407 4625 3546 4714 Ἠλὶ,
3588 4633 3725 4690 κατὰ
3754 4635 3844 4690 τόν

2195 4721 2354 4797 νόμον
2413 4727 2574 4806 μόνον
2631 4725 2696 4793 ἦν
2734 4740 2892 4790 παῖς·
2938 4729 2967 4784 6
3010 4729 3111 4807 γὰρ
3141 4729 3299 4803 νόμος
3333 4725 3592 4798 ἐκέλευεν,
3623 4721 3713 4777 ἐὰν
3762 4746 3842 4790 τις

2193 4811 2485 4894 τελευτήσῃ
2542 4815 2724 4880 ἄπαις,
2781 4819 2963 4877 τούτου
3016 4819 3118 4886 τὴν
3189 4832 3416 4898 γυναῖκα
3475 4819 3842 4889 συζεύγνυσθαι

2191 4908 2268 4977 τῷ
2337 4901 2546 4984 αδελφῴ
2589 4909 2768 4982 αὐτοῦ,
2842 4911 2928 4966 καὶ
2987 4913 3047 4966 10'
3093 4910 3154 4966 ἐκ
3183 4909 3368 4967 τούτου
3415 4909 3840 4988 τεχθησόμενον,

2191 4993 2484 5068 νομίζεσθαι
2555 4996 2699 5054 εἶναι
2755 5005 2849 5054 106
2910 4998 3251 5074 τεθνηκότος,
3324 5001 3366 5054 εἰ
3411 5000 3498 5054 καὶ
3547 4999 3693 5076 φύσει
3748 5005 3843 5056 τοῦ

2189 5088 2385 5153 ζῶντος
2457 5083 2547 5150 ἧν·
2609 5086 2748 5144 ὥστε
2811 5087 2990 5153 καλῶς
3048 5088 3287 5166 λέγουσιν
3341 5090 3388 5145 οἱ
3443 5085 3837 5168 εὖαγγελισταὶ,

2190 5174 2278 5229 καὶ
2350 5175 2443 5230 οὐκ
2513 5174 2889 5234 ἐναντιοῦνται·
2944 5181 2972 5235 6
3028 5178 3124 5256 μὲν
3157 5181 3256 5258 γὰρ
3288 5181 3578 5258 Ματθαῖος,
3611 5179 3704 5234 τὸν
3735 5199 3842 5257 φυ-

2189 5265 2337 5319 σικὸν
2396 5264 2596 5344 πατέρα
2670 5275 2762 5324 τοῦ
2817 5252 3040 5348 Ἰωσὴφ*
3072 5252 3426 5348 ἅνείγρᾶψατθ
3465 5269 3493 5322 6
3521 5265 3574 5321 δὲ
3607 5252 3838 5343 Λουκᾶς,

2188 5355 2280 5408 τὸν
2334 5357 2474 5412 κατὰ
2528 5358 2609 5413 τὸν
2642 5359 2803 5434 νόμον
2848 5359 3049 5437 πατέρα
3077 5360 3236 5416 a6106
3277 5358 3642 5436 λογιζόμενον,
3673 5387 3837 5422 τουτ-

2187 5443 2319 5525 έστι,
2386 5447 2474 5502 τόν
2534 5436 2672 5523 Ἠλὶ,
2731 5449 2824 5505 ἵνα
2923 5436 3155 5518 δείξωσιν
3224 5453 3536 5531 ἀμφότεροι,
3624 5458 3703 5514 6'1t
3753 5457 3839 5516 διὰ
