4162 6228
438 255 556 330 747
593 267 603 293 ⁷

1407 268 1999 335 THEOPHYLACTI
2043 258 2453 336 BULGARMJ
2495 275 2853 340 ARCHIEP.

3694 274 3833 341 748

439 401 896 482 ἰιδήυεὼαίιιιι,
930 403 979 466 si
1024 401 1291 465 fortassis
1322 404 1670 488 adulatione
1701 405 1984 486 deceptus
2015 392 2060 467 si

2162 409 2353 470 ταύτας
2387 425 2403 441 ⁹
2461 409 2603 477 πλὴν
2663 409 2782 468 ἀλλ’
2816 415 2877 470 οὒ
2905 414 3041 469 κατὰ
3091 411 3324 470 διάνοιαν
3367 414 3548 488 οἶμαι,
3576 412 3697 469 ἀλλ’
3732 415 3823 469 αἷ-

388 548 391 549 .
437 491 651 555 Filium
684 492 791 554 Dei
823 499 1122 554 ostentare
1142 493 1300 568 velit,
1322 482 1672 574 'dejiciendo
1696 513 1761 557 se
1782 482 2086 570 deorsum,

438 592 831 662 cognosceret
877 582 1146 663 quisnam
1206 590 1382 643 esset.
1439 583 1514 644 At
1573 584 1860 647 Dominus
1916 584 2084 646 illum

435 670 761 753 Scripturis
790 672 1031 753 repellit
1060 692 1073 734 :
1128 695 1151 727 α
1187 673 1319 734 Non
1352 671 1628 743 tentabis,
1663 673 2056 754 inquit,Domi

437 779 576 825 num
605 763 791 824 Deum
818 770 1006 825 tuum.
1048 784 1070 816 ι
1107 760 1311 842 Neque
1343 761 1499 824 enim
1534 764 1667 842 quis
1704 780 1769 823 se
1798 763 1859 823 in
1890 764 2084 824 mani-

434 850 674 912 festaria
702 851 974 931 pericula
1018 850 1196 911 debet
1245 848 1529 929 objicere,
1583 850 1889 931 probando
1941 870 2081 913 num

424 939 596 1020 juvet
627 959 693 1002 se
742 940 920 1002 Deus.
970 939 1396 1002 Animadverte
1448 940 1685 1000 interim
1744 949 1960 1020 quanta
2003 942 2082 1002 slt

435 1031 658 1093 utilitas
682 1030 834 1093 scire
862 1029 1220 1111 Scripturas.
1255 1029 1579 1110 Scripturis
1603 1030 1760 1089 enim
1792 1028 2081 1092 Dominus

434 1121 709 1182 Satanam
740 1119 979 1201 repulit.
1012 1118 1142 1182 Hoe
1190 1118 1374 1181 enim.
1418 1118 1544 1179 Non
1589 1118 1715 1179 solo
1763 1138 1912 1197 pane
1942 1119 2117 1184 vivit

432 1207 637 1285 homo,
663 1208 986 1271 Mosaicum
1006 1215 1096 1269 est
1126 1207 1201 1268 de
1234 1209 1443 1268 Manna
1468 1207 1689 1269 dictum
1724 1228 1737 1270 :
1773 1226 1907 1268 nam
1941 1207 2079 1268 licet

433 1315 553 1358 non
585 1306 743 1365 esset
771 1297 938 1376 panis
959 1296 1267 1371 Manna,eo
1297 1304 1490 1357 tamen
1508 1295 1775 1357 alebatur
1801 1295 2073 1375 populus.

430 1383 725 1449 Similiter
752 1394 810 1447 et
837 1385 938 1447 illa
968 1404 1002 1446 a
1030 1384 1187 1454 Mose
1208 1386 1558 1465 deprompta
1579 1393 1738 1460 sunt,
1759 1385 2073 1447 Dominum

427 1483 633 1542 autem.
657 1474 847 1536 Deum
881 1482 1041 1536 tuum
1075 1472 1373 1555 adorabis,
1407 1482 1465 1535 et
1497 1492 1510 1537 :
1558 1472 1686 1534 Non
1714 1473 1993 1536 tentabis.

2169 502 2372 565 σθητῶς
2416 501 2609 564 ταύτας
2666 503 2807 575 αὐτῷ
2864 501 3151 576 ὑπέδειξεν,
3188 503 3243 559 ἐν
3271 505 3532 583 φαντασίᾳ
3584 505 3828 572 ποιήσας

2167 595 2419 666 φανῆναι,
2451 596 2545 645 τοῦ
2602 590 2789 666 Κυρίου
2849 591 2926 665 μὴ
2978 591 3411 670 φανταζομένου’
3466 595 3637 670 τρίτον
3679 593 3830 664 αὖτῷ

2164 673 2510 756 προσϐλλλει,
2558 676 2663 733 ἀπὸ
2716 683 2816 743 τῆς
2871 678 3188 759 φιλοδοξίας
3237 683 3293 737 Ei
3343 682 3453 745 υίὸς
3484 682 3606 759 γὰρ,
3634 681 3827 760 φησὶν,

2166 764 2221 820 εί
2262 772 2356 823 τοῦ
2408 768 2560 842 Θεοῦ,
2609 766 2739 842 βάλε
2783 771 3004 826 σεαυτὸν
3056 770 3205 826 κάτω
3236 786 3250 799 ⁶
3299 770 3602 831 κολακεύων
3632 766 3684 824 δὲ
3717 768 3824 823 αὖ-

2164 855 2276 932 16v,
2336 855 2402 910 τὰ
2457 861 2674 911 τοιαῦτα
2718 855 2923 935 ἐλήρει,
2983 856 3036 913 εἴ
3092 881 3207 923 πως
3258 861 3365 915 ἀπὸ
3406 864 3505 926 τῆς
3536 856 3824 919 κολακείας

2165 942 2479 1023 ἀπατηθεὶς,
2537 945 2625 1000 καὶ
2668 944 2835 1001 θέλων
2879 943 3046 1011 δεῖξαι
3079 948 3262 1002 ἑαυτὸν
3304 949 3425 1002 ι’ἱὸν
3477 953 3629 1018 Θεοῦ,
3676 945 3825 1021 βάλῃ

2166 1031 2350 1088 ἑαυτὸν
2408 1032 2579 1108 κάτω,
2637 1035 2724 1089 καὶ
2768 1033 2907 1091 οὕτω
2950 1034 3252 1113 διαγνωσθῇ
3304 1037 3467 1109 αὐτῷ,
3512 1037 3588 1101 τίς
3646 1036 3817 1093 ἐστιν.

2167 1112 2223 1176 Ὀ
2281 1118 2335 1175 δὲ
2399 1123 2583 1200 Κύριος
2642 1121 2737 1202 ὅρα
2781 1126 2897 1187 πῶς
2958 1124 3307 1203 ἀποκρούεται
3355 1125 3514 1181 αὐτὸν
3566 1126 3672 1181 ἀπὸ
3714 1129 3819 1191 τῆς

2162 1213 2373 1289 Γραφῆς
2409 1227 2423 1241 ⁸
2488 1233 2511 1266 ι
2563 1215 2670 1271 Οὐκ
2726 1213 3056 1291 εκπειράσεις
3111 1216 3236 1293 γὰρ,
3297 1215 3446 1294 φησὶ,
3506 1215 3693 1292 Κύριον
3723 1216 3816 1270 τὸν

2161 1297 2289 1354 Θεόν
2351 1320 2466 1359 σου.
2523 1324 2551 1355 ι
2617 1300 2688 1357 Οὔ
2758 1303 2859 1381 γὰρ
2915 1300 2999 1358 δεῖ
3071 1305 3144 1365 εἰς
3201 1318 3497 1383 προφανεϊς
3548 1301 3819 1368 κινδύνους

2159 1384 2447 1461 ἐμϐάλλειν
2519 1391 2638 1445 τινα
2712 1391 2921 1471 ἑαυτὸν,
3002 1389 3355 1467 δοκιμάζοντα
3426 1394 3470 1449 εἰ
3555 1393 3811 1469 βοηθήσει

2159 1479 2301 1550 αὖτῷ
2330 1479 2358 1532 6
2391 1478 2542 1541 Θεός,
2578 1480 2888 1553 Σημείωσαι
2942 1479 2997 1536 δὲ
3040 1484 3128 1537 καὶ
3156 1488 3336 1557 τοῦτο,
3364 1480 3446 1537 ὅτι
3476 1482 3616 1561 μέγα
3680 1482 3810 1560 ὄφε-

429 1563 522 1629 λος
577 1567 640 1623 τὰ
685 1564 870 1622 εἰδέναι
915 1568 1008 1629 τὰς
1038 1566 1246 1645 Γραφάς
1286 1584 1298 1596 ’
1347 1567 1435 1621 καὶ
1464 1566 1562 1643 γὰρ
1591 1566 1679 1620 καὶ
1709 1567 1736 1620 6
1771 1567 1955 1644 Κύριυς
2004 1567 2094 1622 τὸν
2136 1570 2375 1623 Σατανᾶν
2425 1567 2532 1623 ἀπὸ
2586 1576 2691 1625 τῶν
2742 1569 2962 1648 Γραφῶν
3009 1569 3371 1649 ἀπεκρούσατο
3405 1590 3417 1603 ·
3451 1572 3512 1626 τό
3564 1592 3621 1628 τε
3683 1576 3806 1650 γὰρ.

429 1654 541 1711 Οὒκ
597 1657 685 1711 ἔπ’
739 1654 880 1733 ἄρτῳ
936 1653 1084 1730 μόνῳ
1126 1655 1343 1725 ζήσεται
1400 1653 1695 1732 ἅνθρωπος,
1752 1654 2026 1710 Μοσαῖκόν
2105 1652 2239 1733 ἐστίν
2299 1657 2415 1733 περἱ
2486 1664 2577 1714 τοῦ
2653 1658 2832 1713 Μάννα
2888 1658 3043 1734 ῥηθὲν
3076 1679 3092 1696 ⁸
3157 1660 3219 1715 τὸ
3262 1660 3362 1737 γὰρ
3422 1660 3605 1716 Μάνη
3654 1659 3809 1737 ἄρτος

427 1744 519 1819 μὴ.
550 1744 644 1824 -ὃν,
702 1743 847 1821 ὅμως
876 1743 1059 1821 ἔθρεψε
1088 1745 1178 1799 τὸν
1210 1743 1338 1799 λαόν
1372 1759 1386 1772 ·
1417 1744 1505 1799 καὶ
1535 1744 1618 1822 τὸ,
1656 1742 1841 1821 Κύριον
1871 1740 1926 1799 δὲ
1969 1744 2059 1799 τὸν
2105 1742 2234 1799 Θεόν
2280 1766 2372 1801 σου
2427 1748 2838 1827 προσκυνήσεις,
2900 1749 2987 1805 καὶ
3029 1750 3115 1823 τὸ,
3168 1749 3275 1806 Οὔκ
3314 1748 3676 1829 ἒκπειράσεις,
3720 1750 3811 1804 καὶ

424 1839 588 1890 ταῦτα
619 1834 904 1896 Μωσαῖκά,

508 1922 692 1985 Vens.
729 1921 807 1983 13
836 1923 937 1987 15.
966 1947 992 1978 σι
1026 1920 1097 1983 Et
1126 1928 1535 1983 consummata
1559 1921 1720 1983 omni
1751 1919 2060 1983 tentationt

2245 1944 2273 1976 α
2323 1925 2421 1981 Καὶ
2467 1923 2782 1990 συντελέσας
2838 1926 3009 1982 πάντα
3065 1927 3361 2002 πειρασμὸν
3432 1928 3460 1984 6
3536 1925 3804 2002 διάϐολος,

425 2010 698 2073 diabolus
726 2011 976 2072 recessit
1005 2012 1078 2073 ab
1121 2010 1222 2071 illo
1254 2029 1441 2091 usque
1470 2010 1541 2072 ad
1574 2018 1832 2090 tempus.
1863 2010 1937 2071 Et
1965 2028 2060 2072 re-

2152 2009 2360 2079 ἀπέστη
2414 2013 2509 2069 ἀπ’
2572 2014 2733 2074 αὐτοῦ
2787 2014 2916 2096 ἄχρι
2972 2014 3156 2094 καιροῦ
3188 2034 3204 2050 ⁸
3268 2018 3354 2073 καὶ
3396 2016 3718 2097 ὑπέστρεψεν
3778 2022 3808 2074 6

424 2117 632 2161 versus
663 2109 754 2161 est
778 2098 955 2161 Jesus
985 2100 1045 2161 in
1076 2100 1284 2161 virtute
1314 2100 1559 2180 spiritus
1589 2100 1650 2160 in
1678 2099 2060 2171 Galilaeam,el

2151 2097 2355 2166 Ἰησοῦς
2412 2101 2465 2158 ἐν
2524 2109 2593 2179 τῇ
2646 2100 2860 2179 δυνάμει
2915 2112 3008 2160 τοῦ
3056 2104 3353 2179 πνεύματος
3407 2108 3481 2168 εἰς
3509 2109 3608 2174 τὴν
3637 2107 3805 2163 Γαλι-

424 2188 580 2250 fama
602 2188 745 2250 exiit
774 2193 881 2267 per
912 2188 1249 2250 universam
1279 2188 1583 2267 regionem
1617 2189 1690 2249 de
1711 2188 2067 2269 illo.Etipse

423 2276 681 2339 docebat
723 2277 784 2338 in
816 2277 1130 2356 synagogis
1154 2295 1383 2357 eurum,
1420 2286 1478 2338 et
1521 2277 1962 2356 gloriﬁcabatur
1986 2277 2061 2340 ab

424 2364 728 2430 omnibus.
766 2393 791 2422 ι
825 2368 1080 2428 Omnem
1110 2364 1497 2427 tentationem
1530 2366 1686 2451 dicit,
1706 2369 1902 2429 Lucas
1930 2384 2067 2428 con-

421 2473 753 2519 summasse
773 2455 1120 2537 Dominum,
1144 2454 1410 2536 quamvis
1429 2455 1615 2516 tribus
1636 2455 1920 2517 duntaxat
1942 2464 2065 2517 ten-

422 2543 1044 2607 tationibustentatum
1075 2566 1088 2608 ε
1122 2563 1191 2606 eo
1213 2543 1369 2624 quod
1390 2543 1776 2606 tentationum
1799 2546 2066 2606 omnium

420 2633 540 2695 sint
589 2635 780 2715 capita
808 2635 943 2715 tria,
993 2634 1260 2713 avaritia,
1307 2634 1463 2713 gula,
1510 2643 1567 2695 et
1611 2635 1805 2696 inanis
1852 2634 2065 2713 gloria.

425 2722 610 2786 Porro
645 2725 797 2802 gulae
832 2725 1218 2787 tentationem
1266 2725 1503 2804 repulit,
1537 2724 1742 2786 dicens
1776 2744 1789 2784 :
1842 2726 1973 2787 Non
2006 2723 2066 2785 in

421 2813 548 2876 solo
572 2833 724 2896 pane
745 2814 893 2875 vivet
922 2815 1123 2877 homo.
1139 2816 1259 2876 Hac
1275 2816 1433 2876 euim
1460 2814 1647 2894 primo
1674 2813 1887 2876 invasit
1904 2832 2061 2887 eum,

416 2904 570 2965 sicut
598 2912 656 2965 et
686 2904 996 2966 Adamum.
1014 2904 1204 2967 Adam
1219 2906 1377 2966 enim
1400 2922 1516 2965 non
1541 2903 1728 2984 potuit
1748 2922 1853 2983 per
1872 2904 2064 2965 avari-

418 2995 557 3056 tiam
576 2994 1089 3075 supplantarimon
1106 2996 1264 3057 enim
1282 3001 1511 3075 poterat
1526 2994 1803 3074 pluraille
1814 3013 2059 3075 cupere,

2147 2187 2299 2245 λαίαν
2331 2212 2343 2226 ·
2406 2192 2492 2248 καὶ
2541 2194 2699 2272 φήμη
2753 2193 2936 2261 ἐξῆλθε
2992 2193 3109 2251 καθ’
3157 2192 3290 2261 ὅλης
3347 2199 3446 2262 τῆς
3497 2197 3805 2276 περιχώρου
3846 2260 3849 2261 ν

2148 2279 2266 2355 περὶ
2326 2281 2483 2337 αὐτοῦ
2515 2301 2529 2314 ·
2580 2284 2666 2339 καὶ
2743 2285 2898 2347 αὐτὸς
2953 2281 3216 2339 ἐδίδασκεν
3274 2281 3328 2338 ἐν
3384 2298 3503 2350 ταῖς
3554 2307 3802 2364 συναγω-

2149 2378 2277 2445 γαῖς
2338 2369 2514 2424 αὑτῶν
2572 2369 2919 2447 δοξαζόμενος
2975 2373 3076 2428 ὑπὸ
3133 2372 3370 2435 πάντων,
3412 2392 3440 2431 ι
3472 2374 3651 2431 Πάντα
3675 2395 3803 2431 πει-

2150 2456 2354 2531 ρασμόν
2425 2480 2588 2536 φησιν
2644 2461 2672 2515 ὁ
2756 2465 2959 2524 Λουκᾶς
2992 2521 2996 2525 _
3030 2459 3337 2519 συντελέσαι
3421 2464 3512 2518 τὸν
3585 2468 3799 2542 Κύριον,

2150 2543 2321 2599 καίτοι
2369 2560 2519 2623 τρεῖς
2576 2550 2904 2627 πειρασμοὺς
2960 2549 3333 2628 πειρασθέντα,
3365 2549 3507 2608 δνότι
3537 2551 3800 2632 κεφάλαια

2148 2638 2255 2687 τῶν
2312 2642 2621 2713 πειρασμῶν
2680 2639 2894 2694 πάντων
2933 2641 2981 2695 οἱ
3022 2651 3168 2715 τρεῖς
3211 2638 3354 2696 οὗτοί
3403 2642 3557 2717 εἰσιν,
3617 2644 3644 2697 6
3699 2646 3843 2708 τῆς.

2148 2718 2604 2811 ιριλοχρηματίας,
2665 2728 2693 2782 6
2747 2726 2843 2793 τῆς
2898 2726 3343 2806 γαστριμαργίας,
3394 2732 3422 2785 6
3480 2731 3582 2796 τῆς
3638 2729 3796 2811 φιλο-

2147 2807 2341 2898 δοξίας.
2388 2815 2491 2869 Τὸν
2544 2815 2642 2889 μὲν
2711 2815 2799 2871 οὖν
2841 2820 2941 2884 τῆς
2985 2819 3405 2895 γαστριμαργίας
3458 2807 3795 2898 ἀπεκρούσα-
3830 2860 3857 2889 .

2146 2919 2207 2955 το
2237 2896 2322 2955 διὰ
2370 2908 2463 2958 τοῦ
2526 2904 2725 2978 εἰπεῖν,
2773 2904 2853 2961 ὅτι
2899 2907 3006 2963 Οὔκ
3063 2904 3149 2962 ἐπ’
3197 2904 3340 2985 ἄρτῳ
3388 2908 3535 2982 μόνῳ
3576 2896 3796 2980 ζήσεται

2146 2986 2418 3067 ἄνθρωπος
2454 3008 2467 3021 ·
2569 3000 2781 3073 πρῶτον
2865 2996 2967 3074 γὰρ
3063 2997 3155 3052 τὸν
3229 2999 3525 3075 πειρασμὸν
3611 3007 3798 3056 τοῦτον

417 3083 477 3145 id
510 3083 650 3145 299
679 3084 836 3163 quod
868 3083 1125 3145 avaritia;
1171 3091 1281 3156 est,
1316 3082 1474 3144 solus
1511 3082 1823 3147 exsistens.
1857 3081 2060 3164 Neque

2146 3079 2486 3167 προσήγαγεν
2535 3085 2696 3156 αὺτῴ,
2730 3086 2803 3148 ὡς
2836 3085 2925 3141 καὶ
2966 3091 3045 3160 τῷ
3074 3082 3245 3162 Ἀδάμ
3277 3100 3293 3116 ⁸
3340 3088 3431 3143 τὸν
3483 3088 3583 3167 γὰρ
3623 3086 3797 3164 Ἀδὰμ

418 3189 528 3251 per
558 3171 705 3232 iram
735 3193 750 3232 :
786 3171 879 3233 cui
899 3172 1058 3233 enim
1082 3171 1554 3233 succensuisset‘?
1568 3170 1775 3251 Neque
1794 3190 1900 3249 per
1922 3173 2060 3232 invi-

2146 3166 2262 3222 οὕτε
2319 3167 2426 3225 ἀπὸ
2479 3168 2783 3237 πλεονεξίας
2864 3171 3088 3240 ἠδύνατο
3140 3173 3505 3255 ὑποσκελίσαι,
3560 3166 3627 3233 οὗ
3696 3178 3797 3256 γὰρ

416 3261 601 3363 diam:
619 3260 888 3361 _l’roinde
906 3349 919 3360 .
938 3278 1044 3340 per
1074 3260 1266 3339 gulam
1294 3261 1732 3364 supplantavit,
1753 3261 2058 3364 ‘Cieterum

2146 3255 2272 3335 εἶχε
2330 3266 2420 3315 τὸν
2490 3258 3004 3343 πλεονεκτούμενον,
3075 3263 3240 3338 μόνος
3268 3263 3365 3327 ὤν,
3405 3265 3536 3323 Οὔτε
3566 3266 3674 3322 ἀπὸ
3697 3255 3793 3344 dp?

416 3351 689 3413 avaritia:
717 3349 1101 3412 tentationem
1140 3352 1355 3429 repulit
1397 3369 1512 3410 non
1566 3349 1880 3430 procidens
1924 3359 2060 3411 ante

416 3439 746 3509 diabolum,
782 3456 980 3517 neque
1012 3457 1149 3499 eum
1181 3438 1459 3499 adorans.
1491 3437 1635 3500 Nam
1660 3458 1792 3501 cum
1816 3438 2061 3500 demon«

414 3538 661 3592 strasset
683 3527 883 3589 omnia
901 3545 1084 3605 regna
1106 3526 1471 3589 sensibiliter
1487 3528 1613 3607 ejus
1632 3528 2055 3606 imaginationi,

413 3638 531 3680 non
558 3618 629 3680 ad
670 3635 741 3679 ea
775 3617 1073 3697 respexit:
1111 3619 1341 3678 tametsi
1384 3617 1653 3677 nonnulli
1699 3617 1812 3677 hoc
1842 3636 1960 3678 non
1984 3616 2060 3678 de

412 3706 795 3768 sensibilibus
814 3705 1036 3785 regnis,
1063 3705 1164 3766 sed
1190 3704 1549 3767 mentalibus
1566 3705 2058 3780 intellenrintmt

412 3798 568 3878 quod
601 3795 1021 3858 monstraverit
1049 3794 1118 3871 ei.
1136 3813 1381 3873 regnum
1417 3795 1649 3857 invidiae
1679 3813 1928 3874 regnum
1960 3796 2056 3856 in-

410 3885 792 3948 continentiae
837 3894 895 3946 et
954 3884 1016 3944 in
1065 3902 1296 3945 summa
1344 3885 1607 3945 omnium
1677 3892 2054 3965 peccatorum

411 3995 632 4055 regna:
670 3984 729 4036 et
759 3974 923 4055 quasi
961 3972 1098 4033 talia
1141 3972 1195 4033 ei
1246 3973 1513 4035 diceret:
1560 3972 1620 4036 Si
1673 3975 1754 4036 vis
1801 3991 2053 4051 regnare

408 4064 817 4127 affectionibus
834 4062 1117 4142 illis,etin
1140 4062 1247 4123 hoc
1268 4062 1565 4137 venisti,ut
1585 4080 1686 4124 eos
1705 4063 1806 4143 qui
1824 4063 1933 4124 sub
1956 4081 2050 4124 me

416 4162 556 4215 sunt
577 4152 1052 4234 rapias,procide
1075 4160 1133 4212 et
1156 4151 1335 4212 adora
1360 4169 1456 4214 me
1482 4171 1494 4214 :
1530 4161 1586 4212 et
1614 4155 1818 4232 accipe
1845 4170 2052 4213 omnes

410 4243 511 4324 qui
554 4262 589 4305 a
620 4261 711 4302 me
743 4240 1171 4319 gubernantur.
1222 4240 1508 4304 Dominus
1555 4251 1750 4302 autem
1800 4259 2051 4318 regnare

2140 3349 2242 3421 γῆς
2276 3360 2289 3374 ⁸
2337 3348 2399 3435 οὐ
2439 3348 2538 3427 γὰρ
2582 3352 2739 3428 εἶχεν
2782 3354 2829 3425 ᾧ
2857 3352 3103 3429 ὀργισθῇ,
3133 3354 3266 3411 Οὒτε
3290 3354 3397 3410 ἀπὸ
3425 3354 3612 3435 φθόνου
3638 3373 3653 3390 '
3685 3356 3794 3412 ἀπὸ

2139 3438 2241 3500 τῆς
2298 3434 2503 3500 κοιλίας
2534 3437 2623 3495 οὖν
2675 3439 3017 3497 ὑπεσκέλισεν
3070 3440 3250 3501 αὐτόν.
3284 3445 3385 3500 Τὸν
3414 3434 3473 3499 δὲ
3502 3449 3602 3512 τῆς
3634 3444 3793 3525 φιλο-

2140 3529 2449 3601 χρηματίας
2520 3526 2906 3606 ἀπεκρούσατο,
2964 3527 3050 3587 διὰ
3125 3530 3219 3587 τοῦ
3264 3532 3342 3608 μὴ
3396 3546 3605 3606 πεσεῖν,
3655 3534 3790 3609 μηδὲ

2139 3619 2499 3690 προσκυνῆσαι
2566 3621 2730 3691 αὐτῷ,
2796 3610 3152 3684 Ὑποδείξαντι
3200 3621 3301 3699 γὰρ
3369 3622 3463 3687 τὰς
3519 3622 3791 3699 βασιλείας

2141 3701 2314 3766 πάσας
2371 3706 2635 3772 αἰσθητῶς
2719 3710 2858 3765 κατὰ
2927 3709 3241 3789 φαντασίαν,
3321 3709 3428 3791 οὐχ
3504 3712 3738 3788 ὑπέκυψε
3769 3730 3783 3744 ⁸

2139 3790 2309 3847 καίτοι
2353 3792 2415 3871 γέ
2471 3816 2611 3860 τινες
2666 3800 2725 3856 οὐ
2777 3799 2896 3876 περὶ
2971 3800 3235 3866 αἰσθητῶν
3293 3790 3579 3875 βασιλειῶν
3633 3813 3789 3861 τοῦτο

2138 3876 2388 3956 ἑνοησαν,
2431 3880 2566 3939 ἀλλὰ
2602 3928 2605 3929 ν
2632 3887 2751 3965 περὶ
2791 3886 3092 3963 νοουμένων
3124 3903 3141 3920 '
3176 3887 3322 3961 οἷον,
3355 3887 3618 3955 ὑπέδειξεν
3648 3894 3789 3966 αὐτῷ

2136 3967 2235 4034 τὴν
2290 3968 2561 4045 βασιλείαν
2621 3973 2718 4041 τῆς
2794 3976 3112 4056 ἀκολασίας,
3191 3977 3292 4044 τὴν
3356 3976 3628 4053 βασιλείαν
3691 3989 3784 4037 τοῦ

2134 4057 2347 4146 ιρθόνου,
2405 4063 2493 4117 καὶ
2562 4061 2746 4128 ἁπλῶς
2795 4071 2981 4121 πασῶν
3035 4066 3142 4123 τῶν
3198 4066 3472 4146 ἁμαρτιῶν
3495 4069 3591 4134 τὰς
3620 4070 3779 4146 βασι-

2133 4142 2278 4209 λείας
2314 4163 2329 4177 '
2392 4151 2478 4205 καὶ
2530 4152 2723 4208 ὡσανεὶ
2778 4161 2996 4211 τοιαῦτα
3043 4154 3224 4234 ἔλεγεν
3280 4142 3423 4231 αὖτῷ
3457 4173 3472 4187 ⁸
3512 4159 3571 4214 Εἰ
3612 4142 3781 4223 θέλε.ς

2131 4234 2436 4309 βασιλεῦσαι
2497 4241 2696 4297 τούτων
2736 4248 2843 4298 τῶν
2874 4246 3080 4318 παθῶν,
3131 4246 3220 4301 καὶ
3271 4243 3356 4301 ἐπὶ
3385 4246 3553 4319 τούτῳ
3579 4246 3783 4318 ὶλήλυ-

2133 4324 2250 4403 θας,
2311 4325 2404 4381 ἵνα
2462 4330 2584 4393 τοὺς
2643 4329 2734 4386 ὑπ’
2791 4331 2922 4406 ἐμοῦ
2978 4332 3377 4413 κατεχομένους
3434 4334 3776 4415 ἀφαρπάσῃς,

410 4333 650 4414 quidem
673 4332 819 4406 vult,
846 4338 905 4392 et
938 4331 1009 4392 ad
1053 4330 1164 4392 hoc
1203 4331 1383 4393 venit:
1411 4349 1661 4409 regnare
1698 4340 1893 4393 autem
1930 4350 2047 4392 non

409 4440 543 4484 cum
577 4429 840 4502 peccato,
875 4438 1066 4500 neque
1091 4439 1217 4481 sme
1232 4420 1580 4500 certamine,
1612 4420 1716 4481 sed
1741 4430 1974 4482 certans
1993 4429 2051 4481 et

2146 4414 2307 4470 πεσὼν
2361 4418 2725 4495 προνκύνησόν
2769 4442 2883 4495 μοι,
2932 4422 3020 4477 καὶ
3068 4420 3341 4500 παράλαϐε
3412 4414 3617 4488 πάντας
3660 4427 3781 4491 τοὺς

406 4500 671 4575 vincens.
700 4508 798 4573 Sic
817 4510 1057 4589 quidam
1082 4508 1539 4570 intellexerunt:
1574 4527 1749 4589 quem
1776 4527 2043 4582 sensum,

2146 4500 2218 4589 »π’
2277 4503 2408 4579 ἐμοῦ
2462 4506 2930 4584 βασιλευομένους.
2992 4500 3049 4567 Ὀ
3108 4508 3163 4566 δὲ
3222 4508 3415 4588 Κύριος
3475 4513 3781 4589 βασιλεῦσαι

404 4601 453 4662 si
485 4600 580 4662 cui
609 4586 1136 4681 placet,_recipiat.
1172 4598 1356 4659 Porro
1412 4606 1469 4658 et
1507 4586 1744 4658 inanem
1797 4597 2043 4675 gloriam

2146 4587 2229 4644 ιὲν
2283 4590 2448 4667 θέλει,
2509 4597 2599 4652 καὶ
2653 4598 2729 4660 εἷς
2789 4605 2945 4655 τοῦτο
2985 4596 3230 4675 ἐλήλυθε,
3275 4586 3589 4675 βἀσιλεῦσαι
3640 4601 3695 4659 δὲ
3724 4607 3784 4661 οὗ

401 4679 624 4769 repulit
638 4685 1538 4766 verboScripturae.Eripeigitur
1550 4694 1608 4749 et
1629 4704 1759 4761 nos,
1773 4686 2040 4761 Domine,

2146 4679 2266 4735 ιετὰ
2320 4680 2601 4759 ἁμαρτίας,
2660 4684 2768 4743 οὐδ’
2826 4685 2948 4742 ἄνευ
3026 4686 3256 4768 ἀγῶνος,
3316 4687 3453 4745 ἀλλὰ
3512 4690 3780 4755 παλαίσας

401 4795 435 4860 a
456 4768 643 4860 tribus
660 4776 777 4860 illis
794 4773 1085 4860 capitibus
1100 4774 1399 4860 draconis.
1423 4774 1716 4860 Reversus
1736 4783 1826 4860 est
1845 4790 2043 4860 autem

2146 4768 2215 4823 ιαὶ
2272 4771 2520 4860 νικήσας,
2579 4774 2753 4830 Ταῦτά
2814 4796 2955 4839 τινες
3012 4773 3239 4843 ἐνοησαν
3270 4792 3286 4808 ·
3332 4777 3440 4851 ὅτῳ
3495 4776 3549 4834 δὲ
3598 4780 3775 4860 φίλον,

397 4856 572 4920 Jesus
596 4857 655 4917 in
680 4853 890 4947 virtute
913 4855 1174 4935 spiritus.
1204 4853 1452 4947 Videtur
1480 4855 1624 4947 mihi
1651 4855 1809 4935 quod
1841 4856 2043 4947 divino

2146 4854 2511 4939 ταραδεχέσθω
2564 4868 2752 4926 ταῦτα.
2799 4862 2969 4923 Ἀλλᾶ
3009 4865 3097 4920 καὶ
3167 4866 3259 4921 τὸν
3322 4866 3420 4935 τῆς
3482 4853 3776 4947 φιλοδοξίας

350 5022 354 5027 θ
401 4947 656 5026 quodam
686 4944 888 5006 afflatu
936 4952 1243 5035 correptus
1278 4943 1560 5035 redierit:
1614 4945 1724 5005 boc
1757 4944 1914 5035 enim
1957 4959 2047 5012 est

2146 4949 2512 5035 ἱπεκρούσατο,
2572 4949 2657 5007 διὰ
2730 4962 2825 5011 τοῦ
2892 4954 2955 5010 τὸ
3019 4955 3277 5033 γραφικὸν
3340 4943 3513 5013 εἰπεῖν
3588 4958 3773 5035 ῥητόν.

398 5035 557 5116 quod
575 5035 748 5127 ait,in
761 5038 973 5095 virtute
985 5034 1513 5127 spiri_tus.Attende
1534 5051 1769 5114 quoque
1780 5033 2041 5127 Scriptu-

2148 5034 2340 5101 Εξελοῦ
2382 5038 2469 5096 οὖν
2502 5040 2591 5097 καὶ
2618 5041 2788 5116 ἡμᾶς,
2816 5039 3018 5127 βύριεί
3048 5044 3249 5099 τούτων
3279 5047 3384 5101 τῶν
3415 5048 3574 5125 τριῶν
3591 5033 3769 5127 κεφα-

395 5142 550 5200 rain,
574 5124 730 5205 quod
752 5132 1059 5205 postquam
1086 5123 1227 5213 vicit
1242 5131 1591 5213 tentantem,
1618 5131 1675 5213 et
1693 5123 2038 5186 monstravit

2146 5129 2227 5181 ,ῶν
2283 5133 2378 5182 τοῦ
2432 5124 2737 5206 δράκοντος.
2816 5121 3139 5209 ’Υπέστρεψε
3196 5129 3251 5188 δὲ
3295 5134 3323 5188 6
3370 5121 3577 5202 Ἰησοῦς
3625 5121 3776 5213 ἰντῇ

392 5217 669 5276 virtutem
699 5230 890 5287 suam,
929 5221 1067 5273 tunc
1110 5211 1255 5272 illud
1286 5213 1570 5293 scriptum
1604 5211 1702 5287 sit,
1735 5213 1794 5274 in
1823 5215 2033 5275 virtute

394 5301 663 5383 spiritus.
696 5300 963 5364 Recessit
990 5308 1183 5362 autem
1214 5299 1287 5361 ab
1319 5300 1420 5362 illo
1453 5320 1640 5382 usque
1671 5302 1744 5362 ad
1778 5311 2030 5384 tempus,

394 5391 556 5454 hunc
580 5409 818 5453 sensum
844 5388 1050 5452 habet:
1078 5387 1356 5452 Diabolus
1373 5390 1785 5458 affectionibus
1807 5391 2036 5453 duabus

394 5480 714 5545 Dominum
727 5479 970 5541 adortus
986 5493 1072 5542 est
1084 5478 1743 5559 ,voluptatisscilicetac
1757 5480 2031 5559 tristitiae;

394 5577 453 5637 et
478 5570 730 5636 accessit
773 5570 850 5630 ad
882 5566 1198 5631 Dominum
1241 5570 1314 5630 de
1359 5569 1653 5652 voluptate
1700 5579 1932 5634 tentans
1974 5573 2033 5635 in

2117 5211 2331 5291 δυνάμει
2385 5223 2478 5272 τοῦ
2517 5220 2815 5294 πνεύματος
2852 5236 2866 5250 ⁶
2915 5218 3066 5277 δοκεῖ
3117 5243 3210 5297 μοι
3271 5220 3352 5278 ὅτι
3406 5224 3689 5282 ἐνθουσιῶν

2121 5302 2328 5371 Ἰησοῦς
2379 5306 2703 5387 ὑπέστρεψεν
2728 5324 2742 5339 ⁸
2804 5308 2958 5366 τοῦτο
3000 5310 3102 5389 γάρ
3135 5310 3246 5367 ἐστι
3294 5314 3378 5392 τὸ,
3412 5313 3467 5370 ἐν
3495 5320 3564 5392 τῇ
3615 5312 3773 5372 δυνά-

2117 5400 2333 5484 μει-τοῦ
2387 5396 2686 5472 πνεύματος
2720 5415 2735 5431 ’
2802 5399 2949 5478 τάχα
2978 5395 3031 5454 δὲ
3061 5419 3300 5479 προσχες
3330 5406 3397 5478 τῇ
3426 5408 3632 5484 Γραφῇ,
3692 5403 3773 5460 ὅτι

2074 5534 2077 5539 .
2116 5479 2231 5557 μεθ’
2261 5482 2290 5538 ὀ
2340 5484 2550 5552 ἐνίκησε
2594 5487 2684 5543 τὸν
2709 5486 3047 5565 πειράζοντα,
3132 5490 3220 5544 καὶ
3275 5488 3433 5557 ἔδειξε
3468 5479 3592 5565 ⁷τήν
3615 5479 3805 5565 δύνα-,ί

2116 5595 2207 5649 μιν
2262 5571 2447 5648 αὐτοῦ,
2501 5575 2620 5631 τότε
2681 5576 2981 5656 γέγραπται
3028 5578 3113 5652 τὸ,
3166 5576 3222 5633 ἐν
3271 5586 3340 5660 τῇ
3395 5579 3609 5659 δυνάμει
3682 5590 3774 5641 τοῦ
