4162 6228
351 311 470 375 749
1098 313 1541 378 ENARRATIO
1585 312 1663 376 IN
1710 305 2211 377 EVANGELIUM
2250 305 2485 374 LUCxE.
2531 344 2609 356 —
2650 310 2818 375 CAP.
2866 311 2971 376 IV.

3610 305 3729 380 750

350 447 653 520 πνεύματος
690 462 704 476 ⁸
764 447 825 501 τὸ
882 444 960 519 δὲ,
1007 443 1214 513 ἀπέστη
1273 442 1367 502 ἀπ’
1425 446 1583 503 αὑτοῦ
1624 444 1752 525 ἄχρι
1795 451 2000 524 καιροῦ,

2089 449 2311 504 monte.
2348 443 2597 504 recessit
2626 461 2761 505 vero
2792 461 2980 525 usque
3005 444 3078 506 ad
3111 453 3367 526 tempus,
3401 448 3599 512 crucis
3619 451 3731 511 sci-

348 537 584 590 τοιούτον
631 532 749 614 ἔχει
796 544 935 594 νοῦν.
985 525 1043 591 Ὀ
1095 531 1337 596 διάϐολος
1372 532 1457 590 διὰ
1499 532 1588 591 δύο
1618 535 1798 590 παθῶν
1831 554 2001 612 προσ-

2089 530 2243 605 licet,
2280 540 2416 592 tunc
2446 532 2609 592 illum
2660 551 2766 613 per
2794 533 3039 594 adversa
3068 552 3136 596 ac
3186 525 3337 597 dura
3371 544 3721 601 tentaturus.

347 621 530 679 ϐάλλει
563 630 640 697 τῷ
673 626 870 703 Κυρίῳ,
914 622 1107 692 ἡδονῆς
1157 625 1245 679 καὶ
1311 622 1482 690 λύπης
1519 640 1532 655 ⁸
1582 625 1669 679 καὶ
1745 625 1844 701 γὰρ
1899 618 2189 701 προσέϐαλε
2252 628 2327 694 τῷ
2386 626 2554 698 Κυρίῳ
2609 620 2693 677 διὰ
2750 621 2965 696 ἡδονῆς,
3016 623 3191 703 ὥσπερ
3235 625 3319 681 ἐπὶ
3363 634 3451 683 τοῦ
3507 629 3657 707 ὄρους
3706 651 3718 667 ·

346 712 551 779 ἀπέστη
582 711 628 768 δ’
658 711 753 769 ἀπ’
784 712 965 787 αὒτοῦ,
999 712 1127 793 ἄχρι
1173 720 1380 792 καιροῦ,
1410 718 1676 770 τουτέστιν
1708 710 1836 791 ἄχρι
1866 718 1959 768 τοῦ
1986 712 2173 788 καιροῦ
2218 716 2309 765 τοῦ
2338 719 2560 789 σταυροῦ
2592 727 2606 742 ⁸
2640 712 2759 767 τότε
2789 713 2889 790 γὰρ
2918 710 3240 789 προσϐαλεῖν
3266 717 3407 789 αὖτῴ
3437 714 3519 772 διὰ
3550 715 3721 786 λύπης

350 798 592 874 ἔμελλεν,

437 913 461 942 υ
522 890 619 947 Καὶ
678 889 837 957 ἦλθεν
882 891 955 954 εἰς
1016 890 1114 957 τὴν
1169 891 1428 970 Ναζαρὲτ,
1473 891 1534 947 οὗ
1575 890 1640 958 ἦν
1696 888 1996 965 τεθραμμέ-

2160 884 2341 948 Vens.
2378 886 2583 950 16-21.
2624 912 2649 942 α
2686 887 2760 949 Et
2787 886 2950 951 venit
2977 889 3290 969 Nazareth,
3338 890 3439 953 ubi
3470 899 3597 955 erat
3619 912 3723 955 nu-

352 1001 462 1057 νος,
526 980 614 1035 καὶ
679 978 885 1047 εἰσῆλθε
943 980 1079 1035 κατά
1119 981 1182 1035 τὸ
1225 982 1407 1044 εἰωθὸς
1456 982 1597 1055 αὒτῷ
1643 979 1698 1035 ἐν
1728 985 1796 1055 τῇ
1827 978 2000 1056 ἡμέρᾳ

2089 975 2290 1035 tritus:
2326 986 2383 1037 et
2408 978 2641 1038 intravit
2670 977 2999 1038 secundum
3032 980 3526 1042 consuetudinem
3553 1001 3719 1043 suam

349 1074 454 1123 τῶν
512 1064 825 1138 Σαϐϐάτων,
917 1070 990 1130 εἰς
1072 1068 1171 1134 τὴν
1241 1070 1593 1149 Συναγωγὴν,
1648 1070 1735 1124 καὶ
1805 1068 1997 1133 ἀνέστη

2089 1065 2180 1126 die
2211 1067 2596 1129 Sabbatorum
2624 1068 2681 1129 in
2712 1066 3173 1148 Synagogam,et
3193 1073 3445 1133 surrexit
3467 1080 3530 1134 ut
3553 1073 3720 1151 lege-

348 1157 671 1235 ἀναγνῶναι,
725 1158 813 1213 καὶ
870 1156 1094 1223 ἐπεδόθη
1153 1158 1296 1232 αὒτῷ
1364 1155 1573 1234 βιϐλίον
1629 1149 1852 1213 Ἠσαίου
1910 1164 2002 1213 τοὺ

2089 1162 2196 1217 ret.
2234 1158 2301 1217 Et
2332 1157 2577 1219 traditus
2609 1166 2698 1219 est
2727 1158 2814 1218 illi
2835 1158 2990 1220 liber
3012 1160 3175 1221 Isaiae
3200 1161 3506 1242 prophetae
3532 1182 3546 1227 :
3581 1149 3643 1224 et
3663 1171 3727 1224 ut

347 1249 621 1327 προφήτου
655 1264 669 1278 ⁸
728 1248 818 1304 καὶ
874 1246 1170 1312 ἀναπτύξας
1226 1248 1288 1303 τὸ
1339 1244 1564 1326 βιϐλίον,
1617 1249 1729 1325 εὗρε
1766 1248 1857 1302 τὸν
1900 1248 1997 1302 τό-

2089 1243 2369 1332 explicuit
2401 1247 2641 1328 librum,
2670 1247 2891 1308 invenit
2912 1248 3108 1310 locum
3130 1249 3230 1310 ubi
3252 1250 3537 1332 scriptum
3564 1262 3721 1315 erat:

346 1359 445 1392 πον
500 1344 560 1393 οῦ
601 1336 666 1403 ἦν
723 1335 1090 1413 γεγραμμένον
1124 1351 1138 1365 ⁸
1214 1341 1427 1410 Πνεῦμα
1484 1336 1673 1415 Κυρίου
1730 1334 1817 1391 ἔπ’
1874 1335 1993 1410 ἐμὲ,

2089 1331 2338 1413 Spiritus
2382 1335 2616 1399 Domini
2648 1353 2831 1416 super
2862 1355 2978 1412 me,
3018 1346 3332 1418 propterea
3372 1331 3531 1421 quod
3566 1341 3729 1403 unxit

348 1426 408 1482 οὗ
464 1425 642 1482 ἕνεκεν
684 1425 870 1504 ἔχρισέ
929 1446 1020 1501 με,
1081 1423 1516 1503 εὐαγγελίσασθαι
1579 1437 1830 1504 πτωχοῖς
1886 1424 1995 1481 ἀπ·-

2089 1439 2203 1501 me,
2235 1422 2307 1483 ad
2349 1424 2872 1501 evangelizandum
2906 1425 3263 1505 pauperibus
3313 1427 3474 1489 misit
3510 1447 3627 1503 me,
3662 1437 3728 1490 ut

347 1515 570 1573 έσταλκέ
625 1536 691 1591 με
727 1530 741 1545 ⁸
774 1515 1014 1573 ἰάσασθαι
1067 1515 1191 1578 τοὺς
1222 1513 1698 1593 συντετριμμένους
1731 1514 1827 1580 τὴν
1870 1536 1997 1593 καρ-

2089 1528 2279 1572 sanem
2296 1513 2580 1574 contritos
2603 1512 2805 1588 corde,
2836 1521 2899 1574 ut
2921 1512 3234 1594 praedicem
3259 1517 3506 1598 captivis
3520 1520 3728 1581 remis-

346 1605 457 1663 δίαν
494 1622 508 1635 ⁸

348 1694 637 1772 ἀνάϐλεψιν
672 1712 686 1727 ⁸
761 1692 1079 1750 ἀποστεῖλαι
1164 1694 1575 1770 τεθραυσμένους
1653 1693 1708 1749 ἐν
1764 1693 1943 1772 ἀφέσει
1982 1709 1996 1723 ⁸

342 1783 563 1864 κηρύξαι
642 1785 875 1840 ἐνιαυτὸν
964 1783 1147 1862 Κυρίου
1230 1781 1433 1843 δεκτόν.
1494 1784 1592 1841 Καὶ
1659 1781 1853 1848 πτύξας
1940 1785 2001 1839 τὸ

345 1873 573 1955 βιϐλίον,
630 1871 855 1935 ἀποδοὺς
902 1876 978 1945 τῷ
1032 1871 1296 1950 ὑπηρέτῃ,
1352 1870 1562 1926 ἐκάθισε
1598 1886 1613 1901 ⁸
1659 1871 1749 1939 καὶ
1789 1871 2002 1926 πάντων

346 1967 396 2021 οἱ
439 1962 699 2044 ὀφθαλμοὶ
750 1962 805 2020 ἂν
858 1967 930 2037 τῇ
985 1966 1285 2039 Συναγωγῇ
1313 1964 1451 2028 ἦσαν
1481 1959 1802 2031 ἀτενίζοντες
1834 1963 1996 2033 αὐτῷ.

349 2053 600 2125 ”Ηρξατο
628 2052 683 2108 δὲ
717 2050 895 2132 λέγειν
936 2052 1067 2129 πρὸς
1101 2050 1314 2128 αὐτοὺς,
1360 2049 1441 2106 ὅτι
1499 2051 1747 2128 Σήμερον
1780 2048 1999 2118 πεπλή-

350 2165 511 2223 ρωται
554 2145 589 2211 ἡ
622 2141 805 2221 Γραφὴ
833 2139 965 2208 αὕτη
996 2140 1050 2197 ἐν
1079 2152 1198 2202 τοῖς
1248 2140 1376 2196 ὠσὶν
1418 2140 1590 2215 ὑμῶν,
1628 2161 1655 2192 ι
1717 2135 2003 2194 Ἠϐούλετο

350 2234 446 2308 μὲν
490 2233 517 2288 ὁ
552 2232 735 2309 Κύριος
781 2229 991 2309 ἐμφανῆ
1046 2228 1231 2286 ἑαυτὸν
1278 2228 1604 2293 καταστῆσαι
1646 2239 1766 2290 τοῖς
1824 2225 2001 2305 Ἰσρα-

349 2321 584 2399 ηλίταις,
647 2321 735 2376 καὶ
776 2319 856 2374 ὅτι
905 2318 1047 2391 παρὰ
1088 2324 1180 2374 τοῦ
1224 2323 1354 2373 θεοῦ
1403 2318 1493 2373 καὶ
1546 2316 1749 2395 Πατρὸς
1779 2315 2003 2395 ἐχρίσθη

352 2413 427 2474 εἰς
472 2412 532 2466 τὸ
575 2416 745 2466 σῶσαι
807 2408 925 2471 τοὺς
969 2405 1055 2463 ὑπ’
1130 2405 1371 2486 οὒρανόν.
1435 2405 1751 2481 εαυμασίως
1805 2402 1861 2459 δὲ
1911 2404 2000 2459 καὶ

348 2508 503 2557 τοῦτο
559 2500 857 2573 οἰκονομεῖ,
934 2497 1042 2573 Πρὸ
1098 2502 1206 2551 τῶν
1263 2492 1439 2551 ἄλλων
1495 2507 1615 2558 τοῖς
1671 2493 1725 2550 ἐν
1771 2493 2006 2573 Ναζαρὲτ

352 2592 538 2647 ἑαυτὸν
598 2588 919 2669 ἐμφανίζων,
965 2586 1055 2648 οἷς
1118 2585 1483 2664 συνανετράφη
1515 2602 1530 2618 ⁸
1587 2584 1682 2639 ’ίνα
1723 2585 1810 2640 καὶ
1860 2584 2003 2658 ἡμᾶς

350 2679 550 2755 διδάξῃ,
598 2678 851 2756 πρότερον
895 2675 1014 2738 τοὺς
1057 2674 1278 2737 οἰκείους
1352 2674 1672 2753 εὐεργετεῖν,
1733 2674 1822 2729 καὶ
1876 2672 2002 2728 τού-

349 2791 468 2832 τους
502 2765 850 2839 ἐκδιδάσκειν,
897 2768 1018 2820 εἶτα
1060 2765 1148 2820 καὶ
1192 2766 1265 2827 εἰς
1322 2764 1443 2826 τοὺς
1493 2762 1712 2827 λοιποὺς
1744 2762 1844 2829 τὴν
1874 2768 2002 2840 φιλ-

1082 2851 1362 2911 Ἐπιδοθὲν
1445 2851 1500 2907 δὲ
1584 2855 1726 2924 αὖτῷ
1806 2848 2006 2927 βιϐλίον

351 2859 646 2937 ανθρωπίαν
743 2855 976 2936 ἒκχέειν.

596 1602 816 1683 κηρύξαι
900 1601 1271 1683 αἰχμαλώτοις
1358 1600 1567 1683 ἄφεσιν,
1628 1604 1717 1659 καὶ
1770 1602 1991 1683 τυφλοῖς

2089 1599 2327 1678 sionem,
2350 1610 2408 1662 et
2428 1604 2603 1664 caecis
2624 1602 2836 1678 visum,
2869 1611 2933 1663 ut
2962 1603 3224 1666 emittam
3260 1605 3590 1668 confractos
3622 1626 3730 1688 per

2085 1690 2498 1751 remissionem
2511 1699 2594 1763 ,ut
2608 1691 2922 1771 praedicem
2940 1710 3161 1753 annum
3172 1695 3727 1777 Dominiacceptum

2085 1777 2159 1838 Et
2189 1778 2541 1859 complicato
2572 1779 2722 1840 libro
2762 1780 3023 1841 reddidit
3053 1780 3350 1855 ministro,
3383 1803 3451 1845 ac
3480 1784 3727 1850 resedit.

2084 1864 2152 1925 Et
2182 1868 2446 1927 omnium
2480 1867 2540 1928 in
2574 1869 2880 1948 Synagoga
2908 1870 3062 1931 oculi
3094 1879 3262 1932 erant
3290 1872 3540 1935 defixiin
3565 1892 3725 1935 eum.

2085 1955 2272 2035 Ccepit
2291 1965 2486 2018 autem
2513 1956 2717 2018 dicere
2732 1957 2802 2018 ad
2822 1958 2992 2021 illos:
3022 1957 3212 2021 Hodie
3234 1960 3476 2041 impleta
3497 1971 3587 2023 est
3604 1963 3731 2024 hmo

2085 2046 2387 2124 Scriptura
2439 2045 2499 2106 in
2551 2046 2798 2108 auribus
2840 2049 3070 2111 vestris.
3105 2073 3130 2103 ι
3191 2049 3435 2112 Volebat
3486 2052 3728 2132 quidem

2086 2134 2257 2194 Jesus
2290 2135 2665 2195 manifestum
2697 2154 2761 2197 se
2798 2135 3054 2198 reddere
3085 2135 3391 2212 lsraelitis,
3424 2147 3483 2201 et
3512 2141 3669 2221 quod
3698 2158 3734 2202 a

2089 2223 2211 2283 Deo
2242 2240 2310 2282 ac
2340 2226 2513 2285 Patre
2536 2234 2750 2286 unctus
2773 2224 2847 2285 sit
2870 2232 2931 2285 ut
2954 2225 3137 2287 salvet
3165 2245 3271 2288 eos
3310 2228 3410 2308 qui
3440 2227 3550 2289 sub
3581 2228 3732 2292 caelo

2087 2323 2242 2375 sunt.
2264 2316 2408 2375 Cum
2433 2334 2639 2394 magna
2656 2315 3052 2379 admiratione
3070 2327 3130 2378 et
3159 2319 3270 2381 hoc
3298 2320 3577 2396 agit.Pra3
3600 2322 3735 2383 aliis

2086 2411 2281 2464 autem
2315 2422 2380 2465 se
2425 2402 2744 2466 Nazarenis
2786 2424 2921 2466 cum
2973 2407 3188 2486 quibus
3245 2408 3733 2486 conversabatur,

2090 2491 2466 2555 manifestat:
2500 2502 2563 2554 ut
2596 2502 2654 2556 et
2688 2513 2794 2554 nos
2831 2494 3063 2570 doceat,
3097 2496 3354 2577 primum
3389 2504 3447 2559 et
3477 2500 3735 2579 propriis

2090 2582 2464 2664 benefacere,
2509 2592 2685 2664 atque
2713 2583 2848 2645 illos
2880 2583 3124 2659 docere,
3158 2594 3218 2647 et
3262 2595 3464 2665 postea
3495 2588 3552 2648 in
3583 2589 3734 2649 alios

2086 2691 2321 2753 quoque
2354 2673 2779 2752 benignitatem
2804 2674 3237 2736 transfundere.
3263 2674 3446 2736 Porro
3469 2674 3732 2738 oblatum

2087 2760 2200 2821 sibi
2237 2761 2451 2822 librum
2494 2761 2750 2843 aperuit,
2782 2781 2851 2822 ac
2874 2762 3119 2838 invenit,
3145 2780 3262 2823 non
3288 2764 3443 2843 quod
3465 2762 3615 2825 forte
3635 2783 3731 2825 oc-

2089 2851 2445 2930 currit,300
2466 2850 2571 2911 sed
2595 2850 2750 2931 quod
2780 2850 2908 2930 ipse
2930 2850 3230 2913 voluit.Ne
3250 2852 3407 2911 enim
3429 2852 3732 2914 existimes

350 2947 624 3021 ἀνέπτυξε,
690 2947 775 3002 καὶ
832 2948 1001 3022 εὗρεν,
1046 2946 1150 3023 οὔχ
1211 2945 1239 3000 ὃ
1268 2943 1592 3023 παρέτυχεν,
1626 2941 1746 2999 ἀλλ’
1778 2943 1805 2997 ὃ
1835 2938 2002 3008 13306-

2089 2938 2238 3001 forte
2267 2946 2473 3019 aperto
2506 2938 2655 3001 libro
2680 2940 2963 3001 incidisse
2995 2958 3132 3001 eum
3158 2940 3218 3002 in
3242 2940 3407 3002 illum
3443 2941 3637 3003 locum
3671 2943 3731 3004 in

350 3039 477 3095 λετο
538 3035 716 3101 αὒτός.
785 3036 872 3103 Μὴ
949 3035 1049 3112 γὰρ
1124 3033 1326 3107 νόμιζε,
1388 3032 1469 3088 ὅτι
1528 3034 1661 3088 κατὰ
1723 3030 2004 3109 συντυχίαν

354 3126 651 3192 ἀνοίξαντος
703 3127 858 3184 ιῦτοῦ
885 3125 947 3180 τὸ
977 3121 1200 3200 βιϐλίον,
1248 3122 1433 3202 εὑρέθη
1486 3125 1513 3179 ὁ
1564 3123 1727 3184 τόπος
1773 3120 2001 3192 ἐκεῖνος,

355 3217 415 3273 οὗ
467 3215 762 3295 ἐγέγραπτο
816 3214 883 3270 τα
932 3214 1051 3292 περὶ
1106 3214 1263 3271 αὐτοῦ
1295 3228 1309 3243 ⁸
1345 3209 1465 3268 ἀλλ’
1498 3213 1653 3268 αὐτοῦ
1682 3209 2003 3279 θελήσαντος

355 3292 518 3363 τοῦτο
539 3292 770 3383 ἐγένετο,
804 3304 863 3361 Τί
893 3302 946 3357 δὲ
981 3301 1276 3380 ἐγέγραπτο
1311 3320 1327 3381 ;
1391 3292 1426 3327 ’¹
1436 3310 1530 3358 Οτι
1579 3306 1786 3374 πνεῦμα
1819 3297 2007 3375 Κυρίου

354 3395 537 3475 ἔχρισε
569 3415 658 3472 με,
704 3391 996 3463 τουτέστιν,
1044 3389 1307 3469 ἀῳιέρωσέ
1364 3412 1457 3457 με.
1494 3386 1802 3455 Κατέστησέ
1833 3408 1898 3460 με
1932 3386 2004 3448 εἰς

356 3474 419 3540 τδ
460 3481 894 3561 εὒαγγελίσασθαι
939 3492 1057 3543 τοῖς
1101 3492 1382 3558 πτωχοῖς,
1441 3476 1677 3534 τουτέστι
1706 3489 1826 3538 τοῖς
1857 3474 2004 3531 ἔθνε-

356 3596 464 3653 σιν,
524 3572 557 3628 ἂ
615 3572 730 3629 οὔτε
792 3570 975 3645 νόμον,
1040 3572 1155 3626 οὔτε
1214 3570 1489 3649 προφήτας
1534 3565 1759 3647 ἔχοντα,
1791 3572 1868 3640 τῷ
1897 3563 2007 3620 ὄντι

358 3665 412 3719 ἐν
455 3661 632 3739 πολλῇ
674 3660 919 3739 πτωχείᾳ
961 3663 1099 3727 ἦσαν
1133 3676 1147 3691 ⁸
1195 3661 1242 3715 οἱ
1304 3656 1358 3714 δὲ
1416 3655 1849 3736 συντετριμμένοι
1909 3656 2008 3719 τὴν

355 3752 593 3829 γαρόίαν,
647 3751 787 3819 ἦσαν
858 3751 1004 3830 τάχα
1060 3750 1108 3805 οἶ
1193 3747 1245 3814 ἐξ
1327 3745 1570 3826 Ἰσραὴλ,
1628 3748 1704 3801 ὦν
1775 3746 1807 3813 ἡ
1877 3764 2009 3823 καρο

358 3843 437 3900 δία
500 3840 752 3920 πρότερον
822 3838 1035 3917 μεγάλη
1105 3859 1163 3894 τε
1208 3837 1274 3905 ἦν
1317 3838 1405 3893 καὶ
1459 3833 1671 3915 ὑψηλὴ,
1715 3837 1802 3891 καὶ
1856 3834 2010 3899 οἶκος

358 3939 511 3993 Θεοῦ.
570 3920 835 4009 Ηι’σιέερον
868 3927 923 3985 δὲ
982 3925 1583 4005 εἰδωλολατρησάντων,
1632 3926 1719 3980 καὶ
1748 3922 2009 4002 διαφόρως

358 4020 731 4101 ἀμαρτόντων,
790 4014 1064 4093 συνετρίϐη
1147 4018 1182 4083 ἡ
1253 4012 1437 4092 καρδία
1492 4013 1691 4092 αύτῶθ,
1743 4013 1832 4068 καὶ
1872 4033 2007 4067 κατ-

2087 3047 2204 3108 quo
2231 3033 2358 3089 haec
2388 3028 2463 3089 de
2489 3028 2616 3109 ipso
2648 3029 2870 3109 scripta
2899 3036 3099 3091 erant:
3136 3048 3269 3089 nam
3323 3029 3452 3110 ipso
3498 3030 3735 3093 volente

2089 3117 2203 3177 hoc
2231 3115 2468 3179 accidit.
2505 3115 2655 3189 Quid
2696 3126 2892 3179 autem
2936 3118 3221 3199 scriptum
3255 3119 3428 3180 erat?
3477 3117 3735 3199 Spiritus

2088 3204 2325 3268 Domini
2360 3206 2526 3268 unxit
2560 3226 2675 3281 me,
2698 3206 2809 3267 hoc
2830 3214 2946 3288 est,
2967 3208 3338 3269 consecravit
3360 3227 3479 3283 me,
3517 3210 3737 3271 consti-

2090 3296 2197 3358 tuit
2221 3316 2337 3369 me,
2367 3304 2431 3358 ut
2450 3296 2915 3375 evangelizarem
2941 3298 3322 3379 pauperibus,
3348 3299 3461 3360 hoc
3479 3308 3737 3380 est,gen-

2092 3388 2246 3447 tibus
2266 3404 2397 3466 quae
2410 3404 2605 3466 neque
2626 3386 2839 3465 legem,
2863 3405 3058 3468 neque
3070 3387 3388 3469 prophetas
3410 3389 3732 3470 habebant,

2091 3484 2149 3537 et
2177 3494 2385 3537 revera
2445 3477 2613 3537 valde
2671 3494 2964 3556 pauperes
3009 3487 3198 3541 erant.
3236 3479 3490 3541 Contriti
3536 3486 3733 3542 autem

2092 3565 2274 3628 corde
2302 3565 2567 3627 fortassis
2586 3565 2824 3627 fuerunt
2843 3566 3143 3647 israelitze,
3170 3585 3421 3648 quorum
3445 3586 3549 3629 cor
3574 3569 3738 3649 prius

2095 3654 2201 3716 fuit
2231 3672 2504 3734 magnum
2540 3662 2597 3715 et
2627 3654 2905 3729 sublime,
2934 3663 2991 3717 et
3012 3655 3225 3717 domus
3248 3657 3377 3718 Dei.
3407 3660 3616 3721 Postea
3637 3676 3739 3719 au-

2098 3753 2218 3805 tem
2250 3744 2351 3805 ubi
2383 3761 2592 3806 vacare
2643 3752 2951 3824 ceperunt
3000 3744 3195 3818 idolis,
3245 3754 3302 3806 et
3335 3746 3512 3807 variis
3546 3747 3739 3809 modis

2097 3839 2439 3911 peccarunt,
2461 3831 2777 3893 contritum
2798 3832 3230 3894 etdestructum
3251 3841 3339 3894 est
3354 3852 3459 3895 cor
3474 3834 3737 3911 illorum,

2097 3921 2209 3981 hoc
2239 3929 2350 3994 est,
2388 3921 2599 3981 domus
2630 3920 2730 3982 Dei
2774 3921 2929 3985 facta
2960 3931 3047 3983 est
3087 3922 3392 4003 spelunca,
3414 3923 3736 3987 latronum.

2101 4010 2274 4071 Venit
2302 4009 2482 4087 igitur
2509 4010 2793 4071 Dominus
2814 4020 2958 4072 utet
2989 4011 3124 4072 illos
3146 4022 3471 4087 sanari-Le!
3493 4013 3740 4095 captivis

359 4099 543 4181 ελύθη,
578 4109 692 4164 ἀντὶ
733 4118 826 4165 τοῦ
869 4110 1019 4171 οἰκος
1064 4106 1207 4161 εἶναι
1268 4111 1421 4183 Θεοῦ,
1456 4103 1717 4181 γενομένη
1747 4099 2003 4171 σπήλαιον

2095 4100 2512 4161 remissionem
2545 4100 2731 4175 daret,
2770 4110 2828 4161 et
2858 4101 3032 4162 caecis
3058 4102 3270 4171 visum,
3306 4103 3418 4163 hoc
3450 4112 3540 4164 est
3560 4103 3745 4182 genti-

360 4200 595 4272 λῃστῶν,
651 4193 838 4253 Ἦλθεν
868 4195 959 4252 οὖν
1004 4196 1032 4251 ὁ
1084 4191 1302 4271 Κύριος,
1355 4191 1447 4248 τίνα
1488 4192 1578 4248 καὶ
1606 4191 1821 4253 τούτους
1849 4190 2003 4256 ἰάση-

2096 4187 2206 4248 bus
2227 4197 2284 4249 et
2302 4187 2524 4249 Iudaeis
2553 4188 2745 4250 Ambo
2758 4189 2920 4250 enim
2939 4190 3023 4250 illi
3044 4191 3243 4272 populi
3264 4193 3547 4272 etcaptivi
3574 4201 3743 4255 erant

356 4310 466 4367 ται,
526 4288 613 4344 καὶ
670 4298 789 4352 τοῖς
846 4282 1220 4364 αἰχμαλώτοις
1272 4280 1327 4337 δὲ
1379 4279 1588 4360 ἄφεσιν,
1634 4283 1725 4336 καὶ
1790 4277 2003 4358 τυφλοῖς

2094 4278 2205 4339 sub
2235 4278 2471 4359 Satana,
2505 4296 2574 4339 ac
2625 4279 2791 4367 caici.
2850 4249 3341 4342 Possuiitlautem
3390 4249 3517 4344 iuraac
3560 4292 3618 4344 et
3665 4282 3742 4344 de

358 4365 650 4451 ἀνάϐλεψιν
678 4372 773 4448 δῷ,
819 4386 939 4437 τοῖς
968 4394 1027 4430 τε
1058 4370 1109 4438 ἐξ
1154 4370 1317 4428 ἐθνῶν
1344 4370 1432 4427 καὶ
1488 4381 1608 4431 τοῖς
1658 4367 1709 4433 ἐξ
1768 4365 2003 4444 Ἰσραήλ.

2098 4366 2347 4429 mortuis
2392 4367 2660 4446 intelligi.
2696 4366 2881 4430 Erant
2931 4369 3087 4430 edim
3122 4381 3178 4432 et
3211 4371 3297 4432 illi
3327 4372 3535 4451 captivi
3566 4379 3744 4452 atque

362 4466 667 4545 Ἀμφοτερα
709 4465 809 4542 γὰρ
864 4469 1029 4519 ταῦτα
1071 4462 1139 4517 τὰ
1193 4460 1331 4539 μέρη
1387 4459 1477 4514 καὶ
1525 4455 1846 4545 αἰχμάλωτα
1878 4456 2003 4521 ἦσαν

2094 4456 2305 4533 saucii,
2340 4456 2692 4538 liberalique
2724 4466 2859 4518 sunt
2881 4477 2914 4519 a
2947 4468 3231 4538 potestate
3263 4460 3480 4523 inferni
3515 4478 3621 4542 per
3650 4478 3739 4522 re-

366 4543 496 4611 ‘mo
523 4556 615 4610 τὸν
673 4557 940 4623 Σατανᾶν,
1012 4550 1102 4607 καὶ
1159 4548 1353 4629 τυφλά,
1432 4547 1688 4604 Δύνανται
1746 4543 1800 4600 δὲ
1850 4551 2003 4600 ταῦτα

2097 4546 2545 4609 surrectionem.
2578 4546 2916 4608 l’raadicavit
2936 4548 3076 4609 item
3092 4558 3149 4609 et
3169 4568 3388 4611 annum
3407 4557 3739 4630 acceptum.

358 4646 611 4711 νοηθῆναι
677 4642 764 4697 καὶ
806 4641 922 4719 περὶ
982 4644 1084 4695 νῶν
1144 4645 1343 4718 νεκρῶν
1371 4652 1385 4667 ⁸
1433 4637 1522 4693 καὶ
1552 4637 1694 4693 οὗτοι
1737 4634 1837 4713 γὰρ
1881 4634 2003 4719 αἰχ-

2098 4634 2242 4707 Quis
2270 4644 2468 4698 autem
2522 4635 2627 4697 fuit
2686 4652 2880 4698 annus
2930 4637 3030 4699 ille
3072 4637 3406 4718 acceptus?
3452 4637 3743 4701 Fortassis

361 4731 600 4808 μάλωτοι
658 4729 804 4793 ὄντες
881 4717 983 4786 καὶ
1062 4717 1461 4808 τεθραυσμένοι,
1523 4723 1861 4791 ἀπελύθησαν
1916 4717 2003 4791 τῆς

2098 4725 2379 4786 saeculum
2411 4726 2698 4806 futurum,
2730 4728 2804 4787 de
2842 4746 2958 4807 quo
2982 4717 3318 4809 praedicavit
3341 4726 3626 4791 Dominus
3654 4727 3745 4789 di-

361 4828 455 4879 τοῦ
510 4819 633 4893 ᾅδου
677 4818 909 4885 ἐξουσίας
961 4817 1045 4875 διὰ
1105 4821 1205 4884 τῆς
1266 4817 1605 4878 ἀναστάσεως
1641 4830 1656 4845 ⁸
1702 4811 1918 4893 ἐκήρυξε
1961 4810 2003 4868 δὲ

2100 4832 2243 4876 cens
2269 4834 2285 4876 :
2319 4813 2385 4875 In
2416 4815 2512 4876 die
2540 4814 2641 4877 illa
2660 4834 2780 4876 non
2814 4814 3253 4894 interrogabitis
3275 4835 3369 4878 me
3394 4816 3739 4898 quidquam.

361 4914 448 4969 καὶ
505 4911 743 4967 ἐνιαυτὸν
774 4908 978 4968 δεκτόν.
1030 4910 1117 4972 Τίς
1170 4906 1226 4964 δὲ
1281 4908 1350 4973 ἦν
1380 4909 1407 4962 ὁ
1439 4905 1674 4965 ἐνιαυτὸς
1711 4904 1739 4959 ὀ
1781 4901 1962 4968 δεκτός
1997 4922 2003 4983 ς

2100 4904 2174 4967 Et
2204 4905 2420 4966 iterum
2457 4924 2471 4964 :
2506 4902 2680 4967 Venit
2714 4904 2859 4965 hora
2890 4906 3123 4985 quando
3157 4905 3373 4967 mortui
3404 4914 3740 4985 resurgent.

362 5002 516 5082 Τάχα
562 5002 660 5077 μὲν
717 5002 806 5058 καὶ
865 5001 893 5055 ὁ
965 4997 1177 5074 μέλλων
1233 4998 1385 5070 αἰὼν,
1449 4997 1567 5070 περὶ
1610 5000 1671 5049 οὗ
1713 4991 2003 5082 έκήρυξενί

2100 4996 2395 5075 Acceptus
2426 5001 2621 5082 autem
2656 5000 2762 5082 est,
2793 4993 2893 5055 ille
2922 5012 3137 5068 annus,
3169 4994 3283 5055 hoc
3311 5003 3400 5056 est
3431 4996 3743 5057 desidera-

365 5080 577 5171 Κύριος,
633 5088 808 5167 λέγων
841 5107 858 5125 ⁸
895 5086 985 5145 Ἐν
1031 5086 1206 5163 ἐκείνη
1235 5086 1332 5153 τὴν
1381 5082 1557 5161 ἡμέρᾳ
1587 5083 1681 5171 obit
1722 5080 2003 5171 ἐρωτήσετε

2101 5083 2261 5157 bilis,
2291 5091 2350 5144 et
2365 5080 2544 5162 justis
2572 5081 2845 5144 amabilis
2870 5104 2883 5144 :
2938 5102 3113 5164 quem
3164 5093 3507 5166 exspectant
3536 5104 3744 5148 omnes

363 5169 450 5256 με⁷
485 5177 655 5241 οὒδέν.
716 5176 820 5239 Καὶ
878 5175 1039 5234 πάλιν
1071 5191 1086 5206 ⁸
1136 5174 1415 5254 ’Ἔρχεται
1459 5170 1572 5251 ὥρα
1622 5169 1710 5226 ὅτε
1743 5170 1789 5225 οἱ
1847 5172 2003 5249 νεκρο

2102 5172 2203 5254 qui
2232 5173 2327 5233 hic
2355 5179 2701 5249 operantur.
2733 5173 2840 5234 Est
2868 5183 3065 5235 autem
3095 5182 3151 5236 et
3184 5183 3417 5256 tempus
3448 5175 3745 5242 Dominici

361 5270 772 5339 ἀναστήσονται.
836 5267 1033 5329 Δεκτὸς
1063 5263 1119 5320 δέ
1200 5265 1342 5320 ἐστιν
1401 5262 1607 5324 ἐκεῖνος
1666 5261 1694 5315 ὁ
1756 5257 2003 5331 ἐνιαυτὸςε

2100 5264 2385 5325 adventus
2415 5259 2476 5321 in
2514 5278 2693 5322 carne
2722 5279 2912 5324 annus
2935 5272 3253 5344 acceptus:
3289 5266 3364 5326 de
3392 5285 3508 5347 quo
3531 5265 3746 5331 Paulus

360 5359 653 5438 τουτέστιν,
717 5356 1050 5432 ἐπιθυμητὸς
1106 5367 1224 5417 τοῖς
1287 5351 1504 5414 δικαίοις
1548 5352 1635 5407 καὶ
1675 5347 2003 5438 ἐπέραστος⁴

2101 5351 2288 5415 dicit:
2333 5373 2355 5405 ε
2393 5350 2565 5412 Nune
2598 5359 2831 5432 tempus
2873 5362 2963 5415 est
2994 5354 3379 5436 acceptabile,
3424 5375 3581 5419 nunc
3616 5356 3746 5420 dies

360 5449 419 5504 ὃν
477 5437 866 5526 προσὸέχονται
926 5444 1122 5506 πάντες
1202 5445 1249 5499 οἱ
1324 5443 1540 5498 ἐνταῦθα
1612 5437 2003 5517 ἐργαζόμενοιυ

2102 5438 2403 5505 salutis‘u.
2445 5463 2467 5498 ν
2529 5444 2713 5502 Porro
2768 5441 2868 5502 ubi
2919 5444 3043 5505 haec
3094 5444 3259 5525 legit,
3312 5445 3508 5509 dixit:
3555 5446 3747 5510 Hodie

436 5606 502 5659 9‘
532 5609 585 5671 ΙΙ
621 5605 757 5670 Cor.
792 5620 873 5683 VI,
906 5607 968 5668 2.
