4162 6228
474 327 584 395 751

1437 332 2033 400 THEOPHYLACTI
2076 328 2486 397 BULGARLE
2528 330 2886 397 ARCHIEP.

3731 329 3866 396 752

475 467 722 547 impleta
752 475 841 528 est
870 465 1168 547 scriptura
1196 467 1321 529 haec
1367 468 1425 529 in
1461 468 1703 531 auribus
1729 469 1962 550 vestris,
1999 488 2114 531 ma-

2202 466 2311 524 ἕστι
2369 466 2422 524 δὲ
2467 470 2553 524 καὶ
2610 472 2637 524 6
2688 469 2785 536 τῆς
2848 468 2935 524 τοῦ
2990 468 3175 545 Κυρίου
3236 467 3290 524 ἐν
3344 470 3495 542 σαρκὶ
3567 466 3859 544 ἐπιδημίας

477 555 688 617 nifeste
716 573 783 617 se
809 554 1191 618 audientibus
1237 558 1682 634 commendans,
1730 560 1867 639 quia
1895 559 2024 640 ipse
2052 558 2128 619 sit

478 644 554 707 de
582 662 702 725 quo
734 645 860 706 haec
888 644 1109 725 scripta
1135 645 1376 708 fuerint.

2209 560 2392 637 καιρὸς
2464 557 2701 621 ὶνιαυτὸς
2760 556 2942 620 δεκτός
2976 573 2990 587 ⁸
3040 559 3164 634 Περὶ
3227 566 3287 616 οὗ
3341 559 3368 613 6
3411 555 3615 622 Παῦλος
3657 557 3813 636 λέγει
3848 580 3862 594 ·

2214 669 2239 704 ε
2291 656 2394 706 Νῦν
2449 648 2629 726 καιρός
2661 644 3041 726 εὐπρόσδεκτος
3075 662 3089 677 ⁸
3138 653 3228 702 νῦν
3268 646 3443 725 ὴμέρα
3488 648 3775 724 σωτηρίας.
3831 672 3857 703 ο

478 733 760 812 Ἀναγνοὺς
788 732 842 788 δὲ
869 733 1056 809 ταῦτα,
1095 734 1246 813 εἷπε,
1278 735 1521 811 Σήμερον
1553 735 1897 807 πεπλήρωται
1924 738 1959 804 ἡ
1991 737 2171 816 Γραφὴ
2201 734 2335 802 αὕτη
2364 737 2420 790 ἓν
2448 747 2563 800 τοῖς
2587 735 2712 792 ὠσὶν
2742 736 2913 811 ὑμῶν,
2947 741 3186 815 φανερῶς
3221 734 3406 791 ἑαυτὸν
3428 738 3697 812 παριστῶν
3726 748 3853 799 τοῖς

476 824 774 902 ἀκούωσιν,
806 821 885 879 ὅτι
915 822 1071 888 αὐτός
1114 822 1225 880 ἐστι
1254 824 1370 901 περὶ
1400 824 1461 880 οὗ
1489 831 1652 881 ταῦτα
1696 826 2020 905 γέγραπται.

556 909 743 974 Vens.
766 910 1021 973 92-304
1049 908 1119 971 Et
1141 928 1354 973 omnes
1373 912 1780 975 testimonium
1802 912 1888 974 illi
1910 912 2126 974 dabant

475 1017 544 1062 ac
574 998 943 1061 mirabantur
971 1016 1154 1079 super
1192 1001 1375 1078 gratia
1402 1019 1743 1063 sermonum
1776 1002 1878 1082 qui
1910 1019 2122 1082 proce-

475 1087 696 1151 debant
725 1107 795 1149 ex
827 1105 931 1148 ore
962 1086 1175 1168 ipsius,
1205 1086 1635 1168 dicebantque:
1671 1088 1879 1151 Nonne
1908 1090 2003 1151 hic
2032 1096 2126 1154 est

474 1177 631 1240 ﬁlius
650 1174 903 1257 Ioseph?
925 1176 997 1237 Et
1018 1175 1097 1237 ait
1114 1174 1263 1237 illis:
1290 1175 1547 1239 Omnino
1570 1177 1781 1240 dicetis
1804 1178 1950 1239 mihi
1971 1180 2124 1241 hanc

474 1265 955 1341 similitudinem,
981 1264 1240 1345 Medice,
1269 1284 1412 1327 cura
1435 1266 1710 1345 teipsum.
1746 1266 2119 1348 Quaecunque

471 1355 804 1418 audivimus
832 1353 984 1415 facta
1012 1353 1073 1414 in
1106 1354 1603 1434 Capernaum,fac
1635 1364 1695 1417 et
1726 1356 1822 1416 hic
1852 1357 1914 1418 in
1931 1357 2121 1437 patria

473 1453 597 1508 tua.
631 1444 728 1507 Ait
756 1451 952 1506 autem
988 1461 1003 1506 :
1040 1444 1233 1505 Amen
1266 1444 1398 1506 dico
1421 1443 1608 1525 vobis,
1635 1464 1809 1507 nemo
1834 1446 2121 1526 propheta

470 1543 750 1616 acceptus
771 1541 861 1596 est
888 1534 949 1594 in
982 1531 1171 1614 patria
1201 1551 1331 1597 sua.
1361 1531 1477 1596 Sed
1511 1533 1571 1595 in
1602 1535 1849 1598 veritate
1868 1535 2002 1598 dico
2018 1556 2121 1599 vo-

468 1623 562 1686 bis
600 1646 613 1687 :
666 1623 868 1685 multa)
896 1622 1091 1684 viduae
1121 1630 1291 1683 erant
1333 1624 1392 1683 in
1442 1623 1653 1686 diebus
1682 1623 1823 1686 Elia:
1851 1625 1913 1687 in
1938 1625 2119 1687 Israel

2290 936 2319 967 ι
2381 916 2480 973 Καὶ
2520 914 2714 978 πάντες
2769 914 3088 992 ὶμαρτύρουν
3160 915 3320 988 αὐτῷ.
3402 910 3505 973 Καὶ
3561 913 3854 987 ἐθαύμαζον

2205 1001 2290 1058 ἐπὶ
2332 1015 2451 1068 τοῖς
2482 1001 2661 1081 λόγοις
2690 1004 2790 1068 τῆς
2844 1002 3067 1081 χάριτος
3123 1015 3243 1065 τοῖς
3299 1000 3733 1081 ἐκπορευομένοις
3788 1006 3855 1058 ὲκ

2202 1095 2295 1145 τοῦ
2350 1090 2613 1166 στόματος
2669 1092 2850 1165 αὐτοῦ,
2894 1091 2982 1145 καὶ
3026 1088 3211 1169 ἔλεγον
3246 1111 3258 1123 ·
3309 1090 3427 1170 Οὐχ
3466 1091 3618 1154 οὗτός
3647 1090 3791 1146 ἆστιν
3822 1093 3853 1145 6

2203 1179 2312 1240 υἱὸς
2369 1189 2461 1238 τοῦ
2514 1178 2762 1259 Ἰωσὴφ;
2824 1179 2922 1235 Καὶ
2982 1179 3113 1235 οῖπε
3170 1180 3302 1256 πρὸς
3361 1180 3569 1258 αὑτοὺς,
3631 1179 3855 1243 Πάντως

2201 1265 2373 1345 ἐρεῖτέ
2416 1290 2507 1343 μοι
2565 1270 2662 1334 τὴν
2707 1264 3016 1346 παραϐολὴν
3072 1268 3296 1341 ταύτην,
3368 1268 3559 1343 Ἰατρὲ,
3591 1269 3854 1346 θεράπευε

2200 1376 2292 1410 σον
2334 1357 2555 1413 σεαυτόν
2582 1373 2598 1390 ⁸
2631 1354 2731 1412 ὅσα
2780 1355 3083 1431 ἠκούσαμεν
3130 1356 3391 1434 γενόμενα
3429 1355 3485 1411 ἐν
3635 1366 3858 1435 Καπερ⁸

2202 1444 2391 1521 ναοὺμ,
2437 1445 2663 1513 ποίησον
2724 1446 2808 1500 καὶ
2844 1442 2945 1500 ὦδε
2974 1444 3029 1500 ἓν
3070 1451 3141 1522 τῇ
3166 1443 3374 1524 πατρίδι
3405 1466 3521 1508 σου,
3579 1445 3717 1502 Εἶπε
3770 1444 3852 1501 δέ’

2203 1530 2377 1608 Ἀμὴν
2432 1533 2575 1613 λέγω
2628 1535 2779 1609 ὑμῖν,
2830 1531 2911 1589 ὅτι
2963 1530 3127 1597 οὐδεὶς
3184 1536 3467 1613 προφήτης
3498 1532 3679 1597 δεκτός
3710 1533 3858 1590 ἐστιν

2202 1622 2257 1678 ἰν
2286 1623 2356 1691 τῇ
2411 1621 2616 1703 πατρίδι
2672 1627 2853 1683 αὺτοῦ.
2914 1619 3034 1679 Ἐπ’
3090 1621 3341 1690 ἀληθείας
3392 1621 3445 1679 δὲ
3504 1621 3650 1701 λέγω
3694 1625 3853 1699 ὑμῖν,

469 1713 703 1796 quando
726 1712 987 1774 clausum
1009 1718 1099 1772 est
1128 1711 1349 1773 caelum
1392 1714 1562 1775 annis
1603 1712 1790 1775 tribus
1811 1722 1869 1776 et
1890 1714 2114 1776 mensi-

2201 1710 2395 1769 πολλαὶ
2451 1718 2621 1793 χῆραι
2676 1716 2812 1781 ἦσαν
2870 1712 2925 1768 ἐν
2983 1726 3107 1776 ταῖς
3153 1712 3375 1791 ἁμέραις
3434 1710 3619 1770 Ἦλιοὺ
3663 1712 3718 1768 ἐν
3773 1721 3857 1789 τῷ

467 1801 581 1865 bus
612 1819 743 1883 sex,
778 1819 913 1862 cum
944 1799 1284 1878 facta,esset
1307 1798 1492 1862 fames
1512 1820 1721 1881 magna
1753 1821 1859 1883 per
1879 1822 2114 1865 omnem

2202 1798 2438 1879 Ἰσραὴλ,
2500 1802 2589 1859 ὅτε
2658 1800 2901 1868 ἐκλείσθη
2953 1803 2981 1858 6
3044 1802 3260 1881 οὗρανὸς
3315 1804 3401 1858 επὶ
3454 1801 3548 1870 ἔτη
3590 1803 3707 1883 τρία
3764 1808 3858 1859 καὶ

467 1900 687 1955 terram
713 1909 728 1954 :
764 1898 823 1952 et
850 1889 923 1951 ad
952 1888 1173 1950 nullam
1207 1887 1442 1951 illarum
1474 1892 1692 1953 missus
1721 1904 1811 1953 est
1829 1890 1986 1954 Elias
2008 1893 2114 1968 nisi

2203 1894 2378 1964 μῆνας
2429 1889 2505 1966 ἓξ,
2559 1893 2631 1955 ὼς
2687 1889 2896 1968 ὶγένετο
2952 1888 3110 1965 λιμὸς
3164 1889 3333 1966 μέγας
3371 1890 3458 1947 ἐπὶ
3521 1897 3696 1947 πᾶσαν
3751 1891 3855 1959 τὴν

466 1980 529 2042 in
552 1978 883 2061 Sarephtha
898 1976 1143 2039 Sidonis
1165 1976 1237 2039 ad
1253 1978 1566 2040 mulierem
1589 1979 1927 2043 viduam.Et
1948 1983 2114 2051 multi

2204 1984 2331 2060 γῆν,
2377 1982 2465 2037 καὶ
2518 1982 2649 2059 πρὸς
2705 1976 2948 2053 οὒδεμίαν
3012 1979 3181 2034 αὐτῶν
3241 1977 3486 2058 ἐπέμφθη
3546 1979 3752 2058 Ἠλίας,
3807 1987 3858 2043 εἰ

465 2068 695 2149 leprosi
714 2076 883 2130 erant
900 2067 961 2127 in
974 2066 1159 2128 Israel
1183 2065 1294 2127 sub
1312 2067 1523 2129 Eliszeo
1547 2070 1924 2149 propheta,et
1944 2089 2114 2133 nemo

2204 2068 2284 2143 μὴ
2331 2069 2404 2133 εἷς
2451 2068 2701 2147 Σαραφθὰ
2749 2072 2848 2133 τῆς
2906 2064 3137 2130 Σιδῶνος
3174 2067 3305 2145 πρὸς
3355 2080 3585 2146 γυναῖκα
3644 2070 3853 2147 χήραν.

468 2176 671 2219 eorum
702 2155 1025 2216 mundatus
1046 2162 1136 2215 cst
1156 2154 1272 2216 nisi
1292 2153 1551 2217 Naaman
1584 2156 1786 2237 Syrus.
1812 2158 1881 2220 Et
1908 2160 2114 2241 repleti

2202 2159 2290 2214 καὶ
2344 2155 2533 2215 πολλοὶ
2577 2154 2763 2232 λεπροί
2824 2154 2960 2223 ἦσαν
3014 2154 3100 2241 ἐπὶ
3145 2154 3447 2213 Ἐλισσαίου
3496 2165 3591 2215 τοῦ
3638 2157 3862 2236 προφή-

466 2254 603 2307 sunt
650 2261 859 2306 omnes
907 2244 966 2305 in
1018 2243 1324 2322 Synagoga
1361 2246 1470 2325 ira,
1517 2246 1641 2308 hazc
1676 2240 2015 2311 audientes.
2047 2251 2114 2312 Et

2200 2267 2292 2301 του
2346 2243 2399 2301 ἐν
2441 2250 2520 2319 τῷ
2548 2241 2791 2322 Ἰσραὴλ,
2850 2242 2937 2299 καὶ
2989 2240 3155 2305 οὐδεὶς
3212 2244 3383 2299 αὐτῶν
3440 2241 3755 2321 ἐκαθαρίσθη
3813 2244 3861 2298 εἰ

465 2335 944 2411 insurrexerunt,
994 2331 1424 2413 ejeceruntque
1468 2334 1634 2396 illum
1681 2355 1713 2397 e
1758 2336 2014 2419 civitate,
2062 2349 2114 2401 et

2201 2334 2280 2409 μή
2334 2334 2543 2407 Νεεμὰν
2574 2335 2601 2388 6
2639 2332 2828 2411 Σύρος.
2892 2332 2988 2388 Καὶ
3046 2330 3389 2401 ἐπλήσθησαν
3440 2333 3636 2396 πάντες
3689 2336 3860 2395 θυμοῦ

465 2423 762 2486 duxerunt
790 2421 957 2482 illum
989 2438 1176 2499 usque
1199 2420 1271 2481 ad
1287 2422 1671 2500 supercilium
1693 2426 2114 2507 montis,super

2202 2421 2256 2476 ἐν
2294 2427 2365 2498 τῇ
2406 2427 2705 2500 Συναγωγῇ
2758 2420 3079 2486 ἀκούσαντες
3121 2427 3309 2484 ταῦτα.
3373 2422 3469 2478 Καὶ
3501 2420 3852 2495 ἆναστάντες,

463 2530 639 2593 quem
673 2510 875 2572 civitas
904 2508 1145 2569 illorum
1177 2517 1304 2569 erat
1333 2509 1644 2587 aedificata,
1676 2520 1740 2573 ut
1778 2513 2114 2595 praecipita-

2199 2507 2444 2575 ἐξέϐαλον
2494 2512 2653 2568 αὐτὸν
2710 2508 2808 2575 ἔξω
2864 2514 2965 2576 τῆς
3009 2508 3215 2595 πόλεως
3249 2530 3265 2546 ο
3319 2511 3407 2565 καὶ
3454 2508 3659 2588 ἤγαγον
3690 2511 3853 2567 αὑτὸν

460 2589 807 2664 renteumJ
813 2616 916 2679 pse
935 2605 1133 2659 autem
1159 2598 1463 2659 transiens
1480 2618 1587 2680 per
1603 2589 1864 2663 medium
1879 2589 2112 2665 illorum

2199 2600 2301 2663 ἕως
2342 2605 2440 2667 τῆς
2501 2601 2689 2679 ὀφρύος
2719 2602 2812 2656 τοῦ
2842 2599 3018 2679 ὄρους,
3052 2589 3137 2679 ἐφ’
3166 2606 3226 2655 οὗ
3256 2601 3291 2668 ἡ
3322 2597 3477 2663 πόλις
3507 2603 3679 2659 αὐτῶν
3708 2601 3849 2674 ᾠκο-

462 2690 609 2753 ibat.
646 2712 674 2751 ι
713 2689 860 2753 Cum
915 2685 1192 2749 audirent
1247 2687 1433 2749 turbae
1488 2708 1621 2770 qum
1675 2690 2025 2754 dicebantur
2080 2712 2113 2754 a

2199 2686 2423 2764 δόμητο,
2458 2690 2531 2753 εἰς
2562 2690 2623 2745 16
2652 2688 3077 2768 κατακρημνίσαι
3111 2688 3268 2745 αὐτόν
3302 2707 3317 2722 ⁸
3351 2688 3507 2752 αὐτὸς
3537 2685 3593 2743 δὲ
3622 2685 3839 2745 διελθὼν

458 2780 733 2854 Christo,
795 2774 1243 2840 admirabantur
1298 2795 1483 2857 super
1538 2780 1914 2843 sermonibus
1974 2784 2102 2843 501

2199 2774 2280 2833 διὰ
2336 2776 2500 2852 μέσου
2557 2781 2754 2858 αὐτῶν,
2804 2776 3104 2857 ἐπορεύετο.
3159 2800 3187 2833 ι
3250 2775 3561 2842 Ἀκούοντες
3615 2778 3681 2833 τὰ
3734 2778 3840 2834 ὑπό

458 2870 780 2950 gratiarum
796 2865 1197 2928 .Admirantes
1214 2866 1715 2938 autem,dicteriis
1737 2869 2114 2935 incessebant

2199 2873 2423 2933 Χριστοῦ
2478 2865 2741 2946 λεγόμενα
2771 2868 2818 2923 οἱ
2860 2865 3046 2947 ὄχλοι,
3078 2866 3369 2943 ἐθαύμαζον
3397 2866 3482 2923 ἰπὶ
3511 2880 3631 2930 τοῖς
3661 2866 3842 2945 λόγοις

458 2978 593 3021 eum
612 2959 916 3021 dicentes:
945 2953 1154 3015 Nonne
1177 2953 1273 3015 hic
1298 2962 1387 3015 est
1426 2955 1577 3018 fabri
1600 2959 1759 3020 filius
1779 2965 1807 3022 ?
1836 2957 2114 3032 Quamvis

2199 2960 2294 3024 τῆς
2352 2957 2598 3035 χάριτος.
2685 2956 3053 3031 Θαυμάζοντες
3107 2953 3161 3011 δὲ
3232 2953 3602 3032 διεκωμῴὸουν
3657 2955 3843 3026 αυτὸν,

457 3047 601 3130 quid
624 3042 1178 3128 prohiberetipsum
1197 3041 1317 3103 dici
1330 3042 1740 3108 admirabilem
1766 3056 1825 3109 et
1844 3048 2106 3111 adorabi-

2199 3044 2443 3123 λέγοντες
2467 3061 2483 3077 ⁸
2534 3048 2652 3125 Οὐχ
2705 3047 2855 3110 οὗτός
2899 3045 3041 3102 ἐστιν
3069 3046 3096 3101 6
3125 3054 3219 3104 τοῦ
3260 3044 3502 3110 τέκτονος
3529 3046 3681 3122 υίός;
3716 3045 3846 3103 Καί-

458 3120 767 3199 ΙὶωίίΝοῐι
788 3132 954 3193 vides
976 3120 1193 3211 quanta
1220 3130 1384 3193 facit?
1404 3132 1534 3194 Non
1556 3136 1722 3197 audis
1741 3156 2114 3220 quaecunque

2199 3158 2277 3192 τοι
2331 3136 2381 3192 τί
2421 3136 2483 3192 16
2511 3133 2717 3192 κωλύον
2747 3135 2890 3191 εἶναι
2934 3136 3093 3191 αὐτὸν
3133 3135 3432 3211 θαυμαστὸν
3488 3136 3576 3192 καὶ
3604 3156 3847 3213 προσκυ-

461 3226 633 3288 dicit?
660 3222 889 3286 Deinde
920 3220 1202 3282 conviciis
1230 3228 1456 3301 patrem
1491 3222 1653 3286 illius
1675 3226 1962 3287 lacessis?
1994 3226 2111 3290 Re-

2199 3225 2358 3292 νητόν
2393 3243 2410 3300 ;
2443 3226 2560 3304 Οὒχ
2589 3226 2711 3303 ὁρᾷς
2757 3223 2857 3280 ὅσα
2885 3236 3033 3281 ποιεῖ
3067 3243 3083 3304 ς
3128 3223 3237 3281 Οὔκ
3269 3224 3477 3304 ἀκούεις
3515 3222 3613 3279 ὅσα
3642 3222 3787 3301 λέγει
3824 3242 3842 3303 ;

465 3330 608 3377 vera
639 3313 715 3375 de
744 3311 863 3373 illis
891 3309 1093 3371 dicere
1123 3307 1299 3370 licet:
1328 3308 1485 3372 Ecce
1524 3314 1778 3393 populus
1811 3315 2027 3378 stultus
2057 3326 2114 3379 et

2199 3314 2335 3371 Εἶτα
2391 3303 2673 3390 κωμῴδεϊς
2727 3315 2821 3369 τὸν
2871 3303 3077 3391 πατέρα
3131 3314 3331 3387 αἰτοῦ;
3388 3303 3609 3378 ’Ὄντως
3650 3311 3847 3380 ἀληθὲς

459 3403 689 3485 absque
711 3400 914 3473 corde;
937 3396 1094 3459 oculi
1116 3396 1350 3459 illorum
1372 3418 1488 3461 non
1505 3402 1913 3483 vident,aures
1932 3404 2110 3467 etiam

2199 3401 2282 3459 ἰπ’
2340 3403 2526 3468 αὐτοῖς
2586 3403 2758 3459 εἰπεῖν
2791 3418 2805 3433 ⁸
2853 3400 2985 3459 Ἰδοὺ
3037 3402 3165 3465 λαὸς
3224 3403 3403 3480 μωρὸς
3455 3404 3543 3458 καὶ
3564 3399 3844 3480 ἀκάρδιος⁸

459 3512 577 3554 non
601 3491 851 3554 audiunt
870 3488 951 3547 25.
974 3485 1259 3549 Dominus
1289 3487 1468 3567 igitur
1488 3492 1627 3572 quid
1654 3491 1828 3553 dicit?
1850 3493 2109 3557 Omnino

2199 3491 2451 3572 ὀφθαλμοὶ
2510 3490 2723 3566 αὐτοῖς,
2776 3492 2865 3548 καὶ
2919 3495 2979 3551 οὐ
3046 3489 3330 3568 βλέπουσιν
3363 3506 3379 3523 ⁸
3424 3493 3558 3567 ὦτα,
3612 3492 3699 3547 καὶ
3746 3490 3845 3548 ουκ

461 3580 674 3643 dicetis
699 3578 867 3651 mihi,
900 3580 1018 3640 Fac
1044 3584 1103 3638 et
1133 3576 1195 3637 in
1227 3576 1416 3657 patria
1446 3587 1544 3641 tua
1576 3580 1872 3643 mirabilia
1895 3602 2027 3664 quae
2050 3585 2110 3645 in

2199 3581 2495 3643 ἆκούουσίν.
2546 3572 2604 3638 Ὀ
2663 3581 2850 3660 Κύριος
2898 3587 2986 3638 οὖν
3042 3579 3099 3637 τί
3142 3601 3303 3660 φησιν
3341 3579 3576 3654 αὐτοτςς
3623 3581 3844 3645 Πάντως

460 3671 831 3752 Capernaum
856 3665 1203 3729 fecisti.Hoc
1222 3667 1377 3728 enim
1394 3677 1481 3729 est
1500 3669 1655 3749 quod
1677 3670 2107 3749 dicitzMedice,

2199 3669 2365 3749 ἐρεῖτέ
2419 3693 2541 3746 μοι,
2588 3668 2669 3726 ὅτι
2700 3669 2754 3725 ἐν
2784 3674 2853 3746 τῇ
2880 3668 3086 3750 πατρίδι
3146 3690 3240 3725 σου
3297 3668 3522 3736 ποίησον
3576 3670 3844 3745 θαυμάσια

462 3779 606 3824 cura
625 3761 900 3840 teipsum.
938 3755 1325 3819 Proverbium
1352 3757 1508 3818 enim
1538 3768 1669 3820 erat
1696 3762 1853 3839 apud
1876 3762 2112 3824 Judaaos

2199 3758 2292 3813 ὅσα
2320 3762 2410 3815 καὶ
2438 3756 2491 3815 ἐν
2522 3756 2906 3837 Καπερναούμ.
2970 3768 3133 3817 Τοῦτο
3175 3758 3274 3837 γάρ
3329 3756 3440 3814 ὶστι
3496 3762 3581 3836 τὸ,
3644 3756 3842 3835 Ἰατρέ,

462 3854 619 3936 quod
644 3850 1065 3933 aegrotantibus
1088 3849 1338 3911 medicis
1368 3849 1704 3914 dicebatur.
1739 3854 1813 3915 At
1843 3872 1953 3932 ego
1976 3855 2111 3918 dico

462 3943 632 4005 vobis
662 3942 820 4023 quod
853 3939 1129 4001 fecissem
1173 3938 1359 3999 multa
1383 3938 1555 4017 signa
1582 3942 1762 4004 etiam
1797 3944 1949 4023 apud
1982 3963 2105 4019 vos,

465 4033 746 4114 patriotas
772 4048 974 4091 meos:
1012 4025 1115 4088 sed
1137 4027 1260 4088 scio
1285 4045 1661 4091 communem
1688 4032 1953 4093 omnium
1974 4035 2113 4096 affe-

466 4130 655 4198 ctum,
689 4121 843 4201 quod
874 4125 1337 4180 contemnantur
1361 4117 1538 4178 etiam
1561 4136 1659 4180 res
1683 4120 1973 4204 maxime,
1997 4123 2111 4185 nisi

467 4229 601 4271 cum
629 4228 779 4272 rara;
803 4208 1042 4279 fuerint,
1079 4204 1129 4265 si
1158 4205 1404 4283 vulgatae
1433 4208 1552 4267 sint
1575 4209 2023 4289 etquotidianze,
2054 4222 2113 4274 et

467 4300 555 4361 eis
584 4316 791 4361 omnes
837 4296 1075 4376 copiose
1105 4293 1393 4354 fruantur.
1444 4298 1698 4377 Semper
1727 4300 1887 4360 enim
1919 4302 2113 4363 solent

467 4388 743 4450 homines
769 4402 905 4448 rara
932 4392 991 4446 et
1017 4382 1388 4445 admirabilia
1420 4403 1650 4461 curare,
1685 4380 1992 4469 despicere
2011 4409 2111 4453 au-

470 4488 589 4541 tem
616 4474 956 4540 communia
977 4481 1035 4534 et
1062 4471 1391 4533 familiaria.
1422 4474 1492 4534 Et
1518 4474 1744 4537 idcirco
1766 4477 1963 4540 nullus
1983 4498 2111 4558 pro-

2192 3848 2512 3926 θεράπευσον
2550 3848 2769 3904 σεαυτόν
2807 3865 2821 3879 ⁸
2874 3848 3053 3913 κοινὸς
3097 3848 3197 3925 γὰρ
3225 3845 3291 3913 ἧν
3319 3844 3481 3925 λόγος
3528 3846 3671 3925 παρὰ
3725 3860 3846 3912 τοῖς

2195 3933 2467 4000 Ἰουδαίοις
2509 3946 2685 4017 οὗτος,
2748 3949 2866 3999 τοῖς
2923 3935 3279 4015 ἀρῤωστοῦσιν
3333 3939 3541 4015 ἰατροῖς
3588 3934 3847 4013 ἑπιλεγό-

2195 4047 2375 4101 μενος.
2436 4022 2586 4083 Ἀλλ’
2632 4025 2740 4105 ἑγὼ
2793 4023 2934 4104 λέγω
2991 4027 3146 4103 ὑμῖν,
3195 4023 3275 4081 ὅτι
3326 4024 3555 4092 ἐποίησα
3578 4023 3643 4080 ἂν
3669 4022 3845 4083 πολλὰ

2195 4128 2402 4190 σημεῖα
2431 4116 2519 4171 καὶ
2563 4114 2689 4195 παρ’
2734 4116 2863 4191 ὑμῖν
2919 4127 3037 4179 τοῖς
3092 4113 3249 4190 ἐμοῖς
3305 4114 3667 4194 πατριώταις⁸
3721 4112 3845 4170 ἀλλ’

2195 4201 2318 4261 οἶδα
2366 4205 2429 4260 16
2475 4206 2653 4261 κοινὸν
2709 4205 2797 4261 καὶ
2824 4202 2990 4260 ἅπασι
3020 4201 3314 4280 συμϐαῖνον
3342 4203 3533 4283 πάθος,
3567 4202 3648 4259 ὅτι
3677 4224 3844 4259 κατα-

2194 4300 2503 4374 φρονοῦνται
2561 4295 2647 4350 καὶ
2701 4294 2768 4349 τὰ
2810 4290 3042 4372 ἐξαίρετα
3100 4299 3206 4351 τῶν
3283 4293 3632 4373 πραγμάτων,
3715 4291 3844 4349 ὅταν

2193 4384 2271 4459 μὴ
2331 4395 2526 4439 σπάνια
2581 4383 2642 4457 ἦ,
2701 4381 2838 4439 ἀλλὰ
2908 4384 3061 4440 κοινὰ
3114 4383 3203 4440 καὶ
3245 4382 3471 4462 συνήθη,
3515 4383 3603 4439 καὶ
3646 4382 3841 4446 πάντες

2193 4470 2279 4529 ἐπ’
2322 4470 2497 4535 ἀδείας
2542 4471 2746 4552 ἔχωσιν
2774 4470 3062 4530 ἀπολαύειν
3095 4473 3268 4529 αὐτῶν
3301 4487 3315 4501 ⁸
3373 4472 3455 4528 ἀεὶ
3489 4472 3590 4551 γὰρ
3648 4472 3838 4529 εἰώθα-

467 4568 646 4649 pbeta
665 4566 727 4627 in
747 4564 934 4646 patria
956 4578 1060 4623 sua
1082 4560 1399 4649 pretiosus:
1426 4563 1529 4624 sed
1554 4562 1603 4649 si
1626 4563 1867 4626 aliunde
1889 4567 2104 4643 veniat,

2199 4581 2276 4616 σιν
2332 4562 2379 4615 οἱ
2458 4558 2720 4636 ἄνθρωποι
2795 4565 2903 4616 τῶν
2958 4559 3056 4636 μὲν
3113 4559 3271 4626 ξένων
3337 4560 3424 4616 καὶ
3466 4565 3701 4619 σπανίων
3756 4562 3843 4618 καὶ

468 4654 840 4719 admirantur
868 4652 1059 4715 illum.
1097 4648 1196 4712 Sic
1227 4657 1284 4710 et
1327 4648 1512 4711 Ellam
1545 4648 1889 4715 Judmorum
1922 4656 2112 4718 viduae

468 4764 587 4807 non
612 4746 1002 4822 susceperunt
1026 4760 1039 4801 :
1076 4738 1489 4819 Sarephthana
1516 4748 1710 4802 autem
1734 4744 2019 4824 suscepit.
2042 4744 2114 4805 Et

468 4834 716 4897 Elisaeus
747 4830 1137 4908 alienigenam
1181 4828 1477 4908 leprosum
1513 4830 1867 4909 purificavit,
1903 4832 2021 4894 fide
2051 4836 2111 4896 in

468 4924 633 4985 illum
665 4922 978 4985 declarata.
1018 4921 1165 4982 Nam
1197 4916 1515 4979 familiares
1546 4918 1694 4998 ejus,
1717 4921 1816 5001 qui
1840 4921 2109 5001 ejusdem

468 5024 642 5075 erant
672 5012 899 5092 patriae,
936 5010 991 5071 ei
1015 5027 1132 5069 non
1154 5006 1536 5079 crediderunt
1566 5017 1626 5071 et
1648 5018 1960 5090 propterea
1991 5030 2109 5073 non

466 5110 605 5163 sunt
631 5098 947 5183 puriﬁcati.
976 5096 1268 5161 Similiter
1294 5104 1352 5157 et
1371 5114 1483 5177 ego
1514 5096 1684 5159 vobis
1708 5099 1972 5180 patriotis
1988 5119 2106 5164 non

464 5190 672 5251 videor
694 5187 1084 5263 admirabilis,
1105 5186 1208 5248 sed
1228 5193 1605 5266 contemptus
1635 5208 1648 5249 :
1684 5192 1743 5250 et
1761 5187 1982 5251 idcirco
2006 5208 2105 5253 ne-

464 5298 579 5360 que
600 5278 768 5358 signa
786 5277 960 5340 facio.
988 5275 1094 5338 His
1119 5294 1261 5337 sane
1283 5274 1382 5356 qui
1405 5275 1463 5335 in
1485 5274 1878 5356 Capernaum,
1906 5278 2110 5341 videor

469 5366 863 5443 admirabilis,
897 5375 956 5429 et
993 5364 1159 5445 signa
1190 5364 1367 5438 facio,
1401 5372 1459 5425 et
1503 5375 1785 5447 acceptus
1830 5366 1919 5429 eis
1947 5386 2103 5434 snm.

462 5457 787 5522 Audientes
816 5463 1012 5519 autem
1046 5454 1171 5516 haec
1221 5455 1281 5515 hi
1329 5452 1431 5534 qui
1478 5453 1537 5514 in
1566 5451 1870 5535 Synagoga
1913 5466 2103 5534 erant,

536 5620 603 5674 α
630 5620 851 5686 Ιοεοω.
886 5634 946 5697 v,
976 5615 1079 5681 21.

2194 4650 2483 4729 φροντίζειν
2535 4651 2624 4705 καὶ
2679 4649 2987 4725 θαυμάζειν,
3018 4655 3125 4707 τῶν
3174 4648 3230 4706 δὲ
3276 4656 3469 4707 κοινῶν
3530 4651 3619 4706 καὶ
3674 4652 3843 4721 συνή-

2191 4742 2296 4795 θων
2339 4751 2693 4818 καταφρονεῖν
2724 4752 2740 4767 ⁸
2788 4737 2874 4794 διὰ
2916 4758 3070 4795 τουτο
3127 4736 3294 4802 ουδεὶς
3342 4740 3623 4818 προφήτης
3668 4740 3845 4816 τίμιός

2193 4829 2335 4884 ἐστιν
2393 4826 2449 4882 ἐν
2503 4833 2571 4904 τῇ
2629 4824 2834 4902 πατρίδι
2880 4830 3037 4885 αὐτοῦ
3073 4844 3089 4860 ⁸
3118 4850 3121 4853 ·
3149 4826 3270 4884 ἀλλ’
3317 4827 3404 4884 ἐὰν
3436 4826 3657 4885 ἄλλοθέν
3684 4832 3843 4886 ποθεν

2191 4915 2340 4994 ἔλθη,
2401 4917 2749 4993 θαυμάζουσιν
2794 4916 2951 4973 αὐτόν
2982 4931 2997 4947 ⁸
3056 4915 3194 4973 οὕτω
3242 4918 3332 4973 καὶ
3388 4918 3479 4973 τὸν
3550 4913 3734 4973 Ἠλίαν
3789 4919 3841 4974 αἰ

2192 5008 2291 5083 μὲν
2347 5012 2446 5074 τῆς
2503 5004 2755 5072 Ἰουδαίας
2799 5010 2970 5086 χῆραι
3027 5009 3122 5065 οὔκ
3164 5004 3422 5083 ἐδέξαντο,
3480 5008 3517 5075 ἡ
3572 5003 3627 5062 δὲ
3660 5013 3840 5086 Σαρα-

2189 5097 2309 5176 φθία
2366 5092 2571 5161 ἐδέξατο
2597 5113 2610 5127 ⁸
2667 5096 2755 5151 καὶ
2796 5095 2861 5151 θ
2889 5085 2893 5086 ν
2921 5085 3230 5158 Ἐλισσαῖος
3286 5096 3378 5152 τὸν
3434 5092 3577 5160 ξένον
3641 5085 3838 5173 λεπρὸν

2190 5184 2484 5265 ἒκαθσίρισε,
2544 5183 2720 5240 πίστιν
2805 5185 2879 5247 είς
2931 5182 3088 5240 αὐτὸν
3164 5182 3577 5265 ἑνδειξάμενον⁸
3630 5185 3678 5240 οἱ
3732 5185 3835 5264 γὰρ

2188 5276 2429 5345 συνήθεις
2521 5273 2611 5330 καὶ
2680 5278 3083 5352 συμπατριῶται
3163 5274 3324 5332 αὺτοῦ
3398 5273 3494 5329 οὒκ
3563 5272 3834 5331 ἐπίστευον

2190 5367 2352 5439 αὐτῷ,
2414 5363 2501 5420 καὶ
2580 5361 2662 5418 διὰ
2739 5362 2895 5419 τοῦτο
2963 5365 3056 5421 οὐκ
3106 5360 3540 5441 ἰκαθαρίσθησαν.
3604 5352 3832 5439 Ὀμοίως

2191 5462 2279 5513 οὖν
2335 5452 2489 5532 κάγὼ
2527 5454 2654 5529 ὑμῖν
2698 5452 2798 5530 μὲν
2862 5464 2984 5517 τοῖς
3040 5452 3364 5532 πατριώταις
3414 5452 3474 5509 ὠ
3522 5448 3660 5508 ὂοκῶ
3702 5458 3830 5511 θαυ-
