  <div class='ocr_page' id='page_1' title='image "/cluster/home/n/w/nwhite01/storage/ocr_20150623/123/hvd.32044073502445/396.png"; bbox 0 0 4162 6228; ppageno 0'>
   <div class='ocr_carea' id='block_1_1' title="bbox 362 323 479 390">
    <p class='ocr_par' dir='ltr' id='par_1_1' title="bbox 362 323 479 390">
     <span class='ocr_line' id='line_1_1' title="bbox 362 323 479 390; baseline 0.034 -4"><span class='ocrx_word' id='word_1_1' title='bbox 362 323 479 390; x_wconf 76' lang='lat'><strong>753</strong></span> 
     </span>
    </p>
   </div>
   <div class='ocr_carea' id='block_1_2' title="bbox 1085 326 2984 399">
    <p class='ocr_par' dir='ltr' id='par_1_2' title="bbox 1085 326 2984 399">
     <span class='ocr_line' id='line_1_2' title="bbox 1085 326 2984 399; baseline 0.001 -7"><span class='ocrx_word' id='word_1_2' title='bbox 1085 327 1530 394; x_wconf 73' lang='lat' dir='ltr'><strong>ENARRATIO</strong></span> <span class='ocrx_word' id='word_1_3' title='bbox 1574 329 1656 392; x_wconf 89' lang='lat' dir='ltr'><strong>IN</strong></span> <span class='ocrx_word' id='word_1_4' title='bbox 1700 326 2207 392; x_wconf 70' lang='lat' dir='ltr'><strong>EVANGELIUM</strong></span> <span class='ocrx_word' id='word_1_5' title='bbox 2254 330 2496 393; x_wconf 63' lang='lat' dir='ltr'><strong>LUCE.</strong></span> <span class='ocrx_word' id='word_1_6' title='bbox 2548 364 2616 375; x_wconf 88' lang='lat'><strong><em>—</em></strong></span> <span class='ocrx_word' id='word_1_7' title='bbox 2661 333 2829 396; x_wconf 80' lang='lat' dir='ltr'><strong>CAP.</strong></span> <span class='ocrx_word' id='word_1_8' title='bbox 2878 335 2984 399; x_wconf 87' lang='lat' dir='ltr'><strong>IV.</strong></span> 
     </span>
    </p>
   </div>
   <div class='ocr_carea' id='block_1_3' title="bbox 3629 332 3746 404">
    <p class='ocr_par' dir='ltr' id='par_1_3' title="bbox 3629 332 3746 404">
     <span class='ocr_line' id='line_1_3' title="bbox 3629 332 3746 404; baseline 0.026 -3"><span class='ocrx_word' id='word_1_9' title='bbox 3629 332 3746 404; x_wconf 71' lang='grc'><strong>754</strong></span> 
     </span>
    </p>
   </div>
   <div class='ocr_carea' id='block_1_4' title="bbox 352 456 1996 549">
    <p class='ocr_par' dir='ltr' id='par_1_4' title="bbox 352 459 1996 546">
     <span class='ocr_line' id='line_1_4' title="bbox 352 459 1996 546; baseline -0.002 -28"><span class='ocrx_word' id='word_1_10' title='bbox 352 464 583 543; x_wconf 82' lang='grc' dir='ltr'>μαστὸς,</span> <span class='ocrx_word' id='word_1_11' title='bbox 631 463 771 522; x_wconf 83' lang='grc' dir='ltr'><strong>ἀλλά</strong></span> <span class='ocrx_word' id='word_1_12' title='bbox 828 472 1258 546; x_wconf 78' lang='grc' dir='ltr'>καταφρονοῦμαι</span> <span class='ocrx_word' id='word_1_13' title='bbox 1292 478 1307 495; x_wconf 91' lang='grc'>⁶</span> <span class='ocrx_word' id='word_1_14' title='bbox 1359 462 1440 520; x_wconf 78' lang='grc' dir='ltr'>διὸ</span> <span class='ocrx_word' id='word_1_15' title='bbox 1468 461 1584 523; x_wconf 69' lang='grc' dir='ltr'>οὐδὲ</span> <span class='ocrx_word' id='word_1_16' title='bbox 1614 474 1821 540; x_wconf 76' lang='grc' dir='ltr'>σημεῖα</span> <span class='ocrx_word' id='word_1_17' title='bbox 1844 459 1996 518; x_wconf 78' lang='grc' dir='ltr'>ποιῶ¹</span> 
     </span>
    </p>
   </div>
   <div class='ocr_carea' id='block_1_5' title="bbox 2083 456 3737 549">
    <p class='ocr_par' dir='ltr' id='par_1_5' title="bbox 2094 456 3737 549">
     <span class='ocr_line' id='line_1_5' title="bbox 2094 456 3737 549; baseline 0.009 -32"><span class='ocrx_word' id='word_1_18' title='bbox 2094 456 2493 549; x_wconf 65' lang='lat' dir='ltr'><strong>implebantur</strong></span> <span class='ocrx_word' id='word_1_19' title='bbox 2520 461 2910 549; x_wconf 61' lang='lat' dir='ltr'><strong>furore,quod</strong></span> <span class='ocrx_word' id='word_1_20' title='bbox 2934 474 3167 543; x_wconf 85' lang='lat' dir='ltr'><strong>oportet</strong></span> <span class='ocrx_word' id='word_1_21' title='bbox 3195 466 3568 548; x_wconf 88' lang='lat' dir='ltr'><strong>admirari,et</strong></span> <span class='ocrx_word' id='word_1_22' title='bbox 3590 487 3737 549; x_wconf 68' lang='lat' dir='ltr'><strong>prm-</strong></span> 
     </span>
    </p>
   </div>
   <div class='ocr_carea' id='block_1_6' title="bbox 355 549 2009 634">
    <p class='ocr_par' dir='ltr' id='par_1_6' title="bbox 355 549 2009 634">
     <span class='ocr_line' id='line_1_6' title="bbox 355 549 2009 634; baseline -0.001 -29"><span class='ocrx_word' id='word_1_23' title='bbox 355 564 473 613; x_wconf 77' lang='grc' dir='ltr'>τοῖς</span> <span class='ocrx_word' id='word_1_24' title='bbox 517 549 567 607; x_wconf 84' lang='grc' dir='ltr'>δ’</span> <span class='ocrx_word' id='word_1_25' title='bbox 592 552 647 608; x_wconf 74' lang='grc' dir='ltr'>ἐν</span> <span class='ocrx_word' id='word_1_26' title='bbox 682 555 1033 634; x_wconf 76' lang='grc' dir='ltr'>Καπερναοὺμ</span> <span class='ocrx_word' id='word_1_27' title='bbox 1091 552 1262 609; x_wconf 81' lang='grc' dir='ltr'>δοκῶν</span> <span class='ocrx_word' id='word_1_28' title='bbox 1322 553 1644 629; x_wconf 80' lang='grc' dir='ltr'>θαυμαστὸς,</span> <span class='ocrx_word' id='word_1_29' title='bbox 1680 553 1768 607; x_wconf 87' lang='grc' dir='ltr'>καὶ</span> <span class='ocrx_word' id='word_1_30' title='bbox 1803 561 2009 626; x_wconf 79' lang='grc' dir='ltr'>σημεῖα</span> 
     </span>
    </p>
   </div>
   <div class='ocr_carea' id='block_1_7' title="bbox 355 636 2009 717">
    <p class='ocr_par' dir='ltr' id='par_1_7' title="bbox 355 636 2009 717">
     <span class='ocr_line' id='line_1_7' title="bbox 355 636 2009 717; baseline -0.001 -23"><span class='ocrx_word' id='word_1_31' title='bbox 355 644 497 696; x_wconf 87' lang='grc' dir='ltr'>ποιῶ</span> <span class='ocrx_word' id='word_1_32' title='bbox 527 643 615 697; x_wconf 83' lang='grc' dir='ltr'><strong>καὶ</strong></span> <span class='ocrx_word' id='word_1_33' title='bbox 644 640 826 707; x_wconf 82' lang='grc' dir='ltr'>δεκτὸς</span> <span class='ocrx_word' id='word_1_34' title='bbox 883 643 1072 707; x_wconf 67' lang='grc' dir='ltr'>αὐτοῖς</span> <span class='ocrx_word' id='word_1_35' title='bbox 1124 644 1258 717; x_wconf 74' lang='grc' dir='ltr'>εἰμι,</span> <span class='ocrx_word' id='word_1_36' title='bbox 1310 639 1622 706; x_wconf 77' lang='grc' dir='ltr'><strong>Ἀκούοντες</strong></span> <span class='ocrx_word' id='word_1_37' title='bbox 1653 639 1901 697; x_wconf 75' lang='grc' dir='ltr'>δὲταῦτα</span> <span class='ocrx_word' id='word_1_38' title='bbox 1955 636 2009 692; x_wconf 77' lang='grc' dir='ltr'><strong>ὲν</strong></span> 
     </span>
    </p>
   </div>
   <div class='ocr_carea' id='block_1_8' title="bbox 359 728 2007 811">
    <p class='ocr_par' dir='ltr' id='par_1_8' title="bbox 359 728 2007 811">
     <span class='ocr_line' id='line_1_8' title="bbox 359 728 2007 811; baseline -0.008 -17"><span class='ocrx_word' id='word_1_39' title='bbox 359 733 426 802; x_wconf 70' lang='grc' dir='ltr'><strong>τῇ</strong></span> <span class='ocrx_word' id='word_1_40' title='bbox 483 736 793 808; x_wconf 69' lang='grc' dir='ltr'>συναγωγῇ,</span> <span class='ocrx_word' id='word_1_41' title='bbox 879 730 1204 811; x_wconf 68' lang='grc' dir='ltr'><strong>ἐπληροῦντο</strong></span> <span class='ocrx_word' id='word_1_42' title='bbox 1283 730 1466 805; x_wconf 77' lang='grc' dir='ltr'>θυμοῦ,</span> <span class='ocrx_word' id='word_1_43' title='bbox 1529 728 1645 787; x_wconf 85' lang='grc' dir='ltr'>δέον</span> <span class='ocrx_word' id='word_1_44' title='bbox 1698 728 2007 801; x_wconf 77' lang='grc' dir='ltr'>θαυμάζειν,</span> 
     </span>
    </p>
   </div>
   <div class='ocr_carea' id='block_1_9' title="bbox 360 813 2007 899">
    <p class='ocr_par' dir='ltr' id='par_1_9' title="bbox 360 813 2007 899">
     <span class='ocr_line' id='line_1_9' title="bbox 360 813 2007 899; baseline 0 -28"><span class='ocrx_word' id='word_1_45' title='bbox 360 818 447 872; x_wconf 86' lang='grc' dir='ltr'><strong>καὶ</strong></span> <span class='ocrx_word' id='word_1_46' title='bbox 510 820 799 896; x_wconf 70' lang='grc' dir='ltr'>ὶπειρῶντο</span> <span class='ocrx_word' id='word_1_47' title='bbox 880 816 1303 899; x_wconf 83' lang='grc' dir='ltr'>κατακρημνίσαι</span> <span class='ocrx_word' id='word_1_48' title='bbox 1386 819 1565 880; x_wconf 76' lang='grc' dir='ltr'>αὐτόν.</span> <span class='ocrx_word' id='word_1_49' title='bbox 1652 813 1801 874; x_wconf 83' lang='grc' dir='ltr'>Ἀλλ’</span> <span class='ocrx_word' id='word_1_50' title='bbox 1852 815 2007 878; x_wconf 72' lang='grc' dir='ltr'>αὐτὸς</span> 
     </span>
    </p>
   </div>
   <div class='ocr_carea' id='block_1_10' title="bbox 359 902 2006 988">
    <p class='ocr_par' dir='ltr' id='par_1_10' title="bbox 359 902 2006 988">
     <span class='ocr_line' id='line_1_10' title="bbox 359 902 2006 988; baseline 0.001 -29"><span class='ocrx_word' id='word_1_51' title='bbox 359 902 573 961; x_wconf 75' lang='grc' dir='ltr'>διελθὼν</span> <span class='ocrx_word' id='word_1_52' title='bbox 630 904 715 962; x_wconf 64' lang='grc' dir='ltr'><strong>διὰ</strong></span> <span class='ocrx_word' id='word_1_53' title='bbox 772 906 936 982; x_wconf 80' lang='grc' dir='ltr'><strong>μέσου</strong></span> <span class='ocrx_word' id='word_1_54' title='bbox 992 908 1189 981; x_wconf 66' lang='grc' dir='ltr'>αὐτῶν,</span> <span class='ocrx_word' id='word_1_55' title='bbox 1250 907 1508 988; x_wconf 74' lang='grc' dir='ltr'><strong>ἐπορεύθη</strong></span> <span class='ocrx_word' id='word_1_56' title='bbox 1544 925 1560 943; x_wconf 75' lang='grc' dir='ltr'><strong>ο</strong></span> <span class='ocrx_word' id='word_1_57' title='bbox 1610 910 1670 964; x_wconf 74' lang='grc' dir='ltr'>οὗ</span> <span class='ocrx_word' id='word_1_58' title='bbox 1710 907 1771 961; x_wconf 69' lang='grc' dir='ltr'>τὸ</span> <span class='ocrx_word' id='word_1_59' title='bbox 1816 907 2006 961; x_wconf 78' lang='grc' dir='ltr'>παθεῖν</span> 
     </span>
    </p>
   </div>
   <div class='ocr_carea' id='block_1_11' title="bbox 358 992 2006 1073">
    <p class='ocr_par' dir='ltr' id='par_1_11' title="bbox 358 992 2006 1073">
     <span class='ocr_line' id='line_1_11' title="bbox 358 992 2006 1073; baseline -0.002 -22"><span class='ocrx_word' id='word_1_60' title='bbox 358 994 589 1073; x_wconf 76' lang='grc' dir='ltr'>φεύγων,</span> <span class='ocrx_word' id='word_1_61' title='bbox 648 993 784 1051; x_wconf 89' lang='grc' dir='ltr'><strong>ἀλλά</strong></span> <span class='ocrx_word' id='word_1_62' title='bbox 840 998 929 1052; x_wconf 80' lang='grc' dir='ltr'><strong>τὸν</strong></span> <span class='ocrx_word' id='word_1_63' title='bbox 973 996 1157 1067; x_wconf 76' lang='grc' dir='ltr'>καιρὸν</span> <span class='ocrx_word' id='word_1_64' title='bbox 1187 995 1488 1071; x_wconf 83' lang='grc' dir='ltr'>ἀναμένων.</span> <span class='ocrx_word' id='word_1_65' title='bbox 1536 996 1621 1061; x_wconf 77' lang='grc' dir='ltr'><strong>Εἷς</strong></span> <span class='ocrx_word' id='word_1_66' title='bbox 1650 995 1751 1071; x_wconf 85' lang='grc' dir='ltr'><strong>γάρ</strong></span> <span class='ocrx_word' id='word_1_67' title='bbox 1790 994 1852 1050; x_wconf 83' lang='grc' dir='ltr'>τὸ</span> <span class='ocrx_word' id='word_1_68' title='bbox 1878 992 2006 1071; x_wconf 74' lang='grc' dir='ltr'>ὑπὲρ</span> 
     </span>
    </p>
   </div>
   <div class='ocr_carea' id='block_1_12' title="bbox 352 1083 2004 1165">
    <p class='ocr_par' dir='ltr' id='par_1_12' title="bbox 352 1083 2004 1165">
     <span class='ocr_line' id='line_1_12' title="bbox 352 1083 2004 1165; baseline 0 -26"><span class='ocrx_word' id='word_1_69' title='bbox 352 1084 509 1157; x_wconf 78' lang='grc' dir='ltr'>ἡμῶν</span> <span class='ocrx_word' id='word_1_70' title='bbox 566 1087 756 1140; x_wconf 71' lang='grc' dir='ltr'>παθεῖν</span> <span class='ocrx_word' id='word_1_71' title='bbox 787 1083 1039 1154; x_wconf 67' lang='grc' dir='ltr'>ίλήλυθεν</span> <span class='ocrx_word' id='word_1_72' title='bbox 1074 1101 1089 1115; x_wconf 86' lang='lat'>&#39;</span> <span class='ocrx_word' id='word_1_73' title='bbox 1152 1084 1292 1141; x_wconf 87' lang='grc' dir='ltr'><strong>ἀλλά</strong></span> <span class='ocrx_word' id='word_1_74' title='bbox 1321 1093 1408 1142; x_wconf 90' lang='grc' dir='ltr'>νῦν</span> <span class='ocrx_word' id='word_1_75' title='bbox 1437 1084 1616 1165; x_wconf 77' lang='grc' dir='ltr'>ἀρχὴν</span> <span class='ocrx_word' id='word_1_76' title='bbox 1646 1083 1869 1163; x_wconf 79' lang='grc' dir='ltr'>ἔχοντος</span> <span class='ocrx_word' id='word_1_77' title='bbox 1911 1089 2004 1139; x_wconf 90' lang='grc' dir='ltr'><strong>τοῦ</strong></span> 
     </span>
    </p>
   </div>
   <div class='ocr_carea' id='block_1_13' title="bbox 350 1171 1999 1250">
    <p class='ocr_par' dir='ltr' id='par_1_13' title="bbox 350 1171 1999 1250">
     <span class='ocr_line' id='line_1_13' title="bbox 350 1171 1999 1250; baseline -0.001 -22"><span class='ocrx_word' id='word_1_78' title='bbox 350 1173 715 1250; x_wconf 79' lang='grc' dir='ltr'>κηρύγματος,</span> <span class='ocrx_word' id='word_1_79' title='bbox 780 1178 874 1233; x_wconf 75' lang='grc' dir='ltr'><strong>οὐκ</strong></span> <span class='ocrx_word' id='word_1_80' title='bbox 927 1171 1035 1229; x_wconf 82' lang='grc' dir='ltr'>ἔδει</span> <span class='ocrx_word' id='word_1_81' title='bbox 1096 1175 1282 1231; x_wconf 80' lang='grc' dir='ltr'>ἑαυτὸν</span> <span class='ocrx_word' id='word_1_82' title='bbox 1326 1171 1589 1231; x_wconf 72' lang='grc' dir='ltr'>ἐπιδοῦναι</span> <span class='ocrx_word' id='word_1_83' title='bbox 1639 1179 1716 1246; x_wconf 82' lang='grc' dir='ltr'>τῷ</span> <span class='ocrx_word' id='word_1_84' title='bbox 1767 1171 1999 1246; x_wconf 63' lang='grc' dir='ltr'>θανάτῳ,</span> 
     </span>
    </p>
   </div>
   <div class='ocr_carea' id='block_1_14' title="bbox 346 1258 1998 1343">
    <p class='ocr_par' dir='ltr' id='par_1_14' title="bbox 346 1258 1998 1343">
     <span class='ocr_line' id='line_1_14' title="bbox 346 1258 1998 1343; baseline 0 -28"><span class='ocrx_word' id='word_1_85' title='bbox 346 1258 469 1318; x_wconf 86' lang='grc' dir='ltr'>ἀλλ’</span> <span class='ocrx_word' id='word_1_86' title='bbox 519 1264 714 1324; x_wconf 72' lang='grc' dir='ltr'>ἱκανῶς</span> <span class='ocrx_word' id='word_1_87' title='bbox 793 1260 1091 1343; x_wconf 74' lang='grc' dir='ltr'>διδάξαντα,</span> <span class='ocrx_word' id='word_1_88' title='bbox 1176 1262 1315 1321; x_wconf 77' lang='grc' dir='ltr'>οὕτω</span> <span class='ocrx_word' id='word_1_89' title='bbox 1395 1261 1739 1328; x_wconf 75' lang='grc' dir='ltr'><strong>τελειωθῆναι</strong></span> <span class='ocrx_word' id='word_1_90' title='bbox 1774 1277 1787 1290; x_wconf 90' lang='grc'><strong>·</strong></span> <span class='ocrx_word' id='word_1_91' title='bbox 1862 1259 1998 1316; x_wconf 83' lang='grc' dir='ltr'>ὥστε</span> 
     </span>
    </p>
   </div>
   <div class='ocr_carea' id='block_1_15' title="bbox 342 1346 1997 1429">
    <p class='ocr_par' dir='ltr' id='par_1_15' title="bbox 342 1346 1997 1429">
     <span class='ocr_line' id='line_1_15' title="bbox 342 1346 1997 1429; baseline -0.001 -25"><span class='ocrx_word' id='word_1_92' title='bbox 342 1350 403 1404; x_wconf 74' lang='grc' dir='ltr'>ἐκ</span> <span class='ocrx_word' id='word_1_93' title='bbox 454 1351 643 1407; x_wconf 88' lang='grc' dir='ltr'>τούτου</span> <span class='ocrx_word' id='word_1_94' title='bbox 702 1348 891 1426; x_wconf 79' lang='grc' dir='ltr'>δῆλον,</span> <span class='ocrx_word' id='word_1_95' title='bbox 965 1350 1048 1408; x_wconf 83' lang='grc' dir='ltr'>ὅτι</span> <span class='ocrx_word' id='word_1_96' title='bbox 1107 1355 1168 1411; x_wconf 74' lang='grc' dir='ltr'>οὗ</span> <span class='ocrx_word' id='word_1_97' title='bbox 1211 1350 1260 1407; x_wconf 85' lang='grc' dir='ltr'>δ’</span> <span class='ocrx_word' id='word_1_98' title='bbox 1304 1350 1431 1408; x_wconf 80' lang='grc' dir='ltr'>ὅταν</span> <span class='ocrx_word' id='word_1_99' title='bbox 1493 1349 1822 1429; x_wconf 69' lang='grc' dir='ltr'>ἰσταυρώθη,</span> <span class='ocrx_word' id='word_1_100' title='bbox 1856 1346 1997 1404; x_wconf 75' lang='grc' dir='ltr'>ἄκων</span> 
     </span>
    </p>
   </div>
   <div class='ocr_carea' id='block_1_16' title="bbox 346 1438 1992 1518">
    <p class='ocr_par' dir='ltr' id='par_1_16' title="bbox 346 1438 1992 1518">
     <span class='ocr_line' id='line_1_16' title="bbox 346 1438 1992 1518; baseline -0.001 -24"><span class='ocrx_word' id='word_1_101' title='bbox 346 1438 676 1518; x_wconf 74' lang='grc' dir='ltr'>ἑσταυρώθη,</span> <span class='ocrx_word' id='word_1_102' title='bbox 738 1438 858 1496; x_wconf 79' lang='grc' dir='ltr'>ἀλλ’</span> <span class='ocrx_word' id='word_1_103' title='bbox 911 1441 1050 1497; x_wconf 71' lang='grc' dir='ltr'><strong>ὶκὼν</strong></span> <span class='ocrx_word' id='word_1_104' title='bbox 1122 1441 1307 1497; x_wconf 77' lang='grc' dir='ltr'>ἑαυτὸν</span> <span class='ocrx_word' id='word_1_105' title='bbox 1362 1438 1581 1506; x_wconf 74' lang='grc' dir='ltr'>ὶξέδωκε</span> <span class='ocrx_word' id='word_1_106' title='bbox 1636 1446 1712 1513; x_wconf 85' lang='grc' dir='ltr'>τῷ</span> <span class='ocrx_word' id='word_1_107' title='bbox 1762 1438 1992 1509; x_wconf 84' lang='grc' dir='ltr'>θανάτῳ.</span> 
     </span>
    </p>
   </div>
   <div class='ocr_carea' id='block_1_17' title="bbox 350 1526 1991 1610">
    <p class='ocr_par' dir='ltr' id='par_1_17' title="bbox 350 1526 1991 1610">
     <span class='ocr_line' id='line_1_17' title="bbox 350 1526 1991 1610; baseline 0 -26"><span class='ocrx_word' id='word_1_108' title='bbox 350 1526 501 1585; x_wconf 62' lang='lat' dir='ltr'><strong>&quot;iam</strong></span> <span class='ocrx_word' id='word_1_109' title='bbox 550 1526 604 1584; x_wconf 77' lang='grc' dir='ltr'>δὲ</span> <span class='ocrx_word' id='word_1_110' title='bbox 645 1527 727 1585; x_wconf 80' lang='grc' dir='ltr'>ὅτι</span> <span class='ocrx_word' id='word_1_111' title='bbox 772 1531 959 1608; x_wconf 79' lang='grc' dir='ltr'>πατρὶς</span> <span class='ocrx_word' id='word_1_112' title='bbox 1001 1536 1108 1587; x_wconf 87' lang='grc' dir='ltr'><strong>τῶν</strong></span> <span class='ocrx_word' id='word_1_113' title='bbox 1163 1535 1452 1610; x_wconf 76' lang='grc' dir='ltr'>προφητῶν</span> <span class='ocrx_word' id='word_1_114' title='bbox 1492 1531 1526 1596; x_wconf 79' lang='grc' dir='ltr'>ἡ</span> <span class='ocrx_word' id='word_1_115' title='bbox 1556 1526 1820 1586; x_wconf 63' lang='grc' dir='ltr'>Ἰουδαίων</span> <span class='ocrx_word' id='word_1_116' title='bbox 1851 1533 1991 1584; x_wconf 81' lang='grc' dir='ltr'><strong>Συν-</strong></span> 
     </span>
    </p>
   </div>
   <div class='ocr_carea' id='block_1_18' title="bbox 352 1612 1995 1697">
    <p class='ocr_par' dir='ltr' id='par_1_18' title="bbox 352 1612 1995 1697">
     <span class='ocr_line' id='line_1_18' title="bbox 352 1612 1995 1697; baseline -0.001 -26"><span class='ocrx_word' id='word_1_117' title='bbox 352 1617 567 1697; x_wconf 79' lang='grc' dir='ltr'>αγωγὴ,</span> <span class='ocrx_word' id='word_1_118' title='bbox 613 1617 668 1674; x_wconf 81' lang='grc' dir='ltr'><strong>ἒν</strong></span> <span class='ocrx_word' id='word_1_119' title='bbox 724 1619 761 1695; x_wconf 74' lang='grc' dir='ltr'>ᾗ</span> <span class='ocrx_word' id='word_1_120' title='bbox 815 1618 1159 1694; x_wconf 75' lang='grc' dir='ltr'><strong>ἀτιμάζονται</strong></span> <span class='ocrx_word' id='word_1_121' title='bbox 1217 1622 1265 1675; x_wconf 77' lang='grc' dir='ltr'>οἱ</span> <span class='ocrx_word' id='word_1_122' title='bbox 1334 1622 1602 1697; x_wconf 71' lang='grc' dir='ltr'>προφῆται</span> <span class='ocrx_word' id='word_1_123' title='bbox 1637 1632 1651 1646; x_wconf 80' lang='grc'>⁸</span> <span class='ocrx_word' id='word_1_124' title='bbox 1728 1612 1845 1672; x_wconf 73' lang='grc' dir='ltr'>οὐδὲ</span> <span class='ocrx_word' id='word_1_125' title='bbox 1896 1614 1995 1693; x_wconf 83' lang='grc' dir='ltr'>γὰρ</span> 
     </span>
    </p>
   </div>
   <div class='ocr_carea' id='block_1_19' title="bbox 2092 545 3731 633">
    <p class='ocr_par' dir='ltr' id='par_1_19' title="bbox 2092 545 3731 633">
     <span class='ocr_line' id='line_1_19' title="bbox 2092 545 3731 633; baseline 0.007 -26"><span class='ocrx_word' id='word_1_126' title='bbox 2092 545 2336 625; x_wconf 86' lang='lat' dir='ltr'><strong>cipitare</strong></span> <span class='ocrx_word' id='word_1_127' title='bbox 2367 547 2755 613; x_wconf 83' lang='lat' dir='ltr'><strong>conabantur.</strong></span> <span class='ocrx_word' id='word_1_128' title='bbox 2790 551 2862 612; x_wconf 89' lang='lat' dir='ltr'><strong>At</strong></span> <span class='ocrx_word' id='word_1_129' title='bbox 2899 551 3028 632; x_wconf 90' lang='lat' dir='ltr'><strong>ipse</strong></span> <span class='ocrx_word' id='word_1_130' title='bbox 3058 572 3164 633; x_wconf 89' lang='lat' dir='ltr'><strong>per</strong></span> <span class='ocrx_word' id='word_1_131' title='bbox 3188 556 3452 617; x_wconf 88' lang='lat' dir='ltr'><strong>medium</strong></span> <span class='ocrx_word' id='word_1_132' title='bbox 3488 545 3731 619; x_wconf 75' lang='lat' dir='ltr'><strong>illorum</strong></span> 
     </span>
    </p>
   </div>
   <div class='ocr_carea' id='block_1_20' title="bbox 2092 634 3737 727">
    <p class='ocr_par' dir='ltr' id='par_1_20' title="bbox 2092 634 3737 727">
     <span class='ocr_line' id='line_1_20' title="bbox 2092 634 3737 727; baseline 0.009 -32"><span class='ocrx_word' id='word_1_133' title='bbox 2092 634 2219 708; x_wconf 86' lang='lat' dir='ltr'><strong>ivit,</strong></span> <span class='ocrx_word' id='word_1_134' title='bbox 2253 654 2371 697; x_wconf 92' lang='lat' dir='ltr'><strong>non</strong></span> <span class='ocrx_word' id='word_1_135' title='bbox 2416 638 2655 727; x_wconf 78' lang='lat' dir='ltr'><strong>quidem</strong></span> <span class='ocrx_word' id='word_1_136' title='bbox 2702 641 3037 719; x_wconf 81' lang='lat' dir='ltr'><strong>passionem</strong></span> <span class='ocrx_word' id='word_1_137' title='bbox 3078 642 3332 721; x_wconf 79' lang='lat' dir='ltr'><strong>fugiens,</strong></span> <span class='ocrx_word' id='word_1_138' title='bbox 3367 644 3472 706; x_wconf 85' lang='lat' dir='ltr'><strong>sad</strong></span> <span class='ocrx_word' id='word_1_139' title='bbox 3504 654 3737 727; x_wconf 80' lang='lat' dir='ltr'><strong>tempus</strong></span> 
     </span>
    </p>
   </div>
   <div class='ocr_carea' id='block_1_21' title="bbox 2089 725 3732 812">
    <p class='ocr_par' dir='ltr' id='par_1_21' title="bbox 2089 725 3732 812">
     <span class='ocr_line' id='line_1_21' title="bbox 2089 725 3732 812; baseline 0.007 -26"><span class='ocrx_word' id='word_1_140' title='bbox 2089 725 2643 804; x_wconf 84' lang='lat' dir='ltr'><strong>exspectans.Venit</strong></span> <span class='ocrx_word' id='word_1_141' title='bbox 2674 728 2832 789; x_wconf 91' lang='lat' dir='ltr'><strong>enim</strong></span> <span class='ocrx_word' id='word_1_142' title='bbox 2864 738 2926 790; x_wconf 90' lang='lat' dir='ltr'><strong>ut</strong></span> <span class='ocrx_word' id='word_1_143' title='bbox 2958 748 3062 809; x_wconf 93' lang='lat' dir='ltr'><strong>pro</strong></span> <span class='ocrx_word' id='word_1_144' title='bbox 3093 731 3267 792; x_wconf 88' lang='lat' dir='ltr'><strong>nobis</strong></span> <span class='ocrx_word' id='word_1_145' title='bbox 3295 740 3597 812; x_wconf 89' lang='lat' dir='ltr'><strong>pateretur</strong></span> <span class='ocrx_word' id='word_1_146' title='bbox 3626 725 3732 797; x_wconf 82' lang='lat' dir='ltr'><strong>sed</strong></span> 
     </span>
    </p>
   </div>
   <div class='ocr_carea' id='block_1_22' title="bbox 2091 812 3739 894">
    <p class='ocr_par' dir='ltr' id='par_1_22' title="bbox 2091 812 3739 894">
     <span class='ocr_line' id='line_1_22' title="bbox 2091 812 3739 894; baseline 0.008 -22"><span class='ocrx_word' id='word_1_147' title='bbox 2091 812 2318 874; x_wconf 88' lang='lat' dir='ltr'><strong>nuncin</strong></span> <span class='ocrx_word' id='word_1_148' title='bbox 2335 815 2772 894; x_wconf 65' lang='lat' dir='ltr'><strong>prmdicationis</strong></span> <span class='ocrx_word' id='word_1_149' title='bbox 2789 818 3030 879; x_wconf 81' lang='lat' dir='ltr'><strong>exordio</strong></span> <span class='ocrx_word' id='word_1_150' title='bbox 3057 837 3174 880; x_wconf 93' lang='lat' dir='ltr'><strong>non</strong></span> <span class='ocrx_word' id='word_1_151' title='bbox 3197 821 3451 884; x_wconf 79' lang='lat' dir='ltr'><strong>debebat</strong></span> <span class='ocrx_word' id='word_1_152' title='bbox 3471 841 3536 885; x_wconf 93' lang='lat' dir='ltr'><strong>se</strong></span> <span class='ocrx_word' id='word_1_153' title='bbox 3555 823 3739 885; x_wconf 87' lang='lat' dir='ltr'><strong>morti</strong></span> 
     </span>
    </p>
   </div>
   <div class='ocr_carea' id='block_1_23' title="bbox 2090 904 3735 981">
    <p class='ocr_par' dir='ltr' id='par_1_23' title="bbox 2090 904 3735 981">
     <span class='ocr_line' id='line_1_23' title="bbox 2090 904 3735 981; baseline 0.008 -20"><span class='ocrx_word' id='word_1_154' title='bbox 2090 918 2410 981; x_wconf 86' lang='lat' dir='ltr'><strong>exponere:</strong></span> <span class='ocrx_word' id='word_1_155' title='bbox 2437 904 2537 964; x_wconf 91' lang='lat' dir='ltr'><strong>sed</strong></span> <span class='ocrx_word' id='word_1_156' title='bbox 2554 912 2691 966; x_wconf 91' lang='lat' dir='ltr'><strong>tunc</strong></span> <span class='ocrx_word' id='word_1_157' title='bbox 2716 907 2888 979; x_wconf 89' lang='lat' dir='ltr'><strong>mori,</strong></span> <span class='ocrx_word' id='word_1_158' title='bbox 2915 925 3049 968; x_wconf 92' lang='lat' dir='ltr'><strong>cum</strong></span> <span class='ocrx_word' id='word_1_159' title='bbox 3074 908 3497 972; x_wconf 67' lang='lat' dir='ltr'><strong>suﬁcientibus</strong></span> <span class='ocrx_word' id='word_1_160' title='bbox 3520 911 3735 974; x_wconf 87' lang='lat' dir='ltr'><strong>doctri-</strong></span> 
     </span>
    </p>
   </div>
   <div class='ocr_carea' id='block_1_24' title="bbox 2087 990 3732 1080">
    <p class='ocr_par' dir='ltr' id='par_1_24' title="bbox 2087 990 3732 1080">
     <span class='ocr_line' id='line_1_24' title="bbox 2087 990 3732 1080; baseline 0.009 -32"><span class='ocrx_word' id='word_1_161' title='bbox 2087 990 2177 1049; x_wconf 89' lang='lat' dir='ltr'><strong>nis</strong></span> <span class='ocrx_word' id='word_1_162' title='bbox 2196 1009 2302 1053; x_wconf 87' lang='lat' dir='ltr'><strong>nos</strong></span> <span class='ocrx_word' id='word_1_163' title='bbox 2318 991 2721 1054; x_wconf 88' lang='lat' dir='ltr'><strong>docuisset.Et</strong></span> <span class='ocrx_word' id='word_1_164' title='bbox 2742 993 2903 1055; x_wconf 85' lang='lat' dir='ltr'><strong>itaex</strong></span> <span class='ocrx_word' id='word_1_165' title='bbox 2928 995 3041 1056; x_wconf 82' lang='lat' dir='ltr'><strong>hoc</strong></span> <span class='ocrx_word' id='word_1_166' title='bbox 3066 997 3442 1059; x_wconf 72' lang='lat' dir='ltr'><strong>manifestum</strong></span> <span class='ocrx_word' id='word_1_167' title='bbox 3465 1007 3556 1061; x_wconf 92' lang='lat' dir='ltr'><strong>est</strong></span> <span class='ocrx_word' id='word_1_168' title='bbox 3576 1000 3732 1080; x_wconf 92' lang='lat' dir='ltr'><strong>quod</strong></span> 
     </span>
    </p>
   </div>
   <div class='ocr_carea' id='block_1_25' title="bbox 2087 1081 3731 1167">
    <p class='ocr_par' dir='ltr' id='par_1_25' title="bbox 2087 1081 3731 1167">
     <span class='ocr_line' id='line_1_25' title="bbox 2087 1081 3731 1167; baseline 0.008 -30"><span class='ocrx_word' id='word_1_169' title='bbox 2087 1096 2278 1158; x_wconf 90' lang='lat' dir='ltr'><strong>neque</strong></span> <span class='ocrx_word' id='word_1_170' title='bbox 2301 1097 2433 1140; x_wconf 91' lang='lat' dir='ltr'><strong>cum</strong></span> <span class='ocrx_word' id='word_1_171' title='bbox 2458 1081 3166 1163; x_wconf 77' lang='lat' dir='ltr'><strong>crucifigeretur,invitus</strong></span> <span class='ocrx_word' id='word_1_172' title='bbox 3188 1083 3263 1145; x_wconf 92' lang='lat' dir='ltr'><strong>sit</strong></span> <span class='ocrx_word' id='word_1_173' title='bbox 3282 1086 3731 1167; x_wconf 83' lang='lat' dir='ltr'><strong>cruciﬁxus,sed</strong></span> 
     </span>
    </p>
   </div>
   <div class='ocr_carea' id='block_1_26' title="bbox 2082 1169 3733 1255">
    <p class='ocr_par' dir='ltr' id='par_1_26' title="bbox 2082 1169 3733 1255">
     <span class='ocr_line' id='line_1_26' title="bbox 2082 1169 3733 1255; baseline 0.005 -27"><span class='ocrx_word' id='word_1_174' title='bbox 2082 1176 2291 1246; x_wconf 63' lang='lat' dir='ltr'><strong>Sponte</strong></span> <span class='ocrx_word' id='word_1_175' title='bbox 2311 1176 2559 1229; x_wconf 92' lang='lat' dir='ltr'><strong>mortem</strong></span> <span class='ocrx_word' id='word_1_176' title='bbox 2584 1169 2818 1232; x_wconf 90' lang='lat' dir='ltr'><strong>obierit.</strong></span> <span class='ocrx_word' id='word_1_177' title='bbox 2844 1169 3007 1233; x_wconf 89' lang='lat' dir='ltr'><strong>Scias</strong></span> <span class='ocrx_word' id='word_1_178' title='bbox 3021 1180 3220 1234; x_wconf 90' lang='lat' dir='ltr'><strong>autem</strong></span> <span class='ocrx_word' id='word_1_179' title='bbox 3237 1175 3391 1251; x_wconf 87' lang='lat' dir='ltr'><strong>quod</strong></span> <span class='ocrx_word' id='word_1_180' title='bbox 3419 1175 3733 1255; x_wconf 88' lang='lat' dir='ltr'><strong>propheta-</strong></span> 
     </span>
    </p>
   </div>
   <div class='ocr_carea' id='block_1_27' title="bbox 2082 1255 3732 1343">
    <p class='ocr_par' dir='ltr' id='par_1_27' title="bbox 2082 1255 3732 1343">
     <span class='ocr_line' id='line_1_27' title="bbox 2082 1255 3732 1343; baseline 0.006 -29"><span class='ocrx_word' id='word_1_181' title='bbox 2082 1273 2212 1316; x_wconf 92' lang='lat' dir='ltr'><strong>rum</strong></span> <span class='ocrx_word' id='word_1_182' title='bbox 2247 1255 2457 1336; x_wconf 85' lang='lat' dir='ltr'><strong>patria.</strong></span> <span class='ocrx_word' id='word_1_183' title='bbox 2497 1258 2803 1337; x_wconf 82' lang='lat' dir='ltr'><strong>Synagoga</strong></span> <span class='ocrx_word' id='word_1_184' title='bbox 2829 1258 3174 1322; x_wconf 57' lang='lat' dir='ltr'><strong>Iudaeorum</strong></span> <span class='ocrx_word' id='word_1_185' title='bbox 3208 1268 3322 1340; x_wconf 91' lang='lat' dir='ltr'><strong>est,</strong></span> <span class='ocrx_word' id='word_1_186' title='bbox 3358 1263 3418 1322; x_wconf 91' lang='lat' dir='ltr'><strong>in</strong></span> <span class='ocrx_word' id='word_1_187' title='bbox 3449 1282 3564 1343; x_wconf 91' lang='lat' dir='ltr'><strong>qua</strong></span> <span class='ocrx_word' id='word_1_188' title='bbox 3594 1281 3732 1343; x_wconf 90' lang='lat' dir='ltr'><strong>pro-</strong></span> 
     </span>
    </p>
   </div>
   <div class='ocr_carea' id='block_1_28' title="bbox 2082 1343 3731 1430">
    <p class='ocr_par' dir='ltr' id='par_1_28' title="bbox 2082 1343 3731 1430">
     <span class='ocr_line' id='line_1_28' title="bbox 2082 1343 3731 1430; baseline 0.006 -27"><span class='ocrx_word' id='word_1_189' title='bbox 2082 1344 2275 1423; x_wconf 63' lang='lat' dir='ltr'><strong>phetae</strong></span> <span class='ocrx_word' id='word_1_190' title='bbox 2304 1343 2704 1425; x_wconf 89' lang='lat' dir='ltr'><strong>despicabiles</strong></span> <span class='ocrx_word' id='word_1_191' title='bbox 2734 1356 2894 1423; x_wconf 90' lang='lat' dir='ltr'><strong>sunt,</strong></span> <span class='ocrx_word' id='word_1_192' title='bbox 2928 1357 2987 1409; x_wconf 89' lang='lat' dir='ltr'><strong>et</strong></span> <span class='ocrx_word' id='word_1_193' title='bbox 3019 1368 3138 1410; x_wconf 91' lang='lat' dir='ltr'><strong>non</strong></span> <span class='ocrx_word' id='word_1_194' title='bbox 3163 1350 3586 1430; x_wconf 88' lang='lat' dir='ltr'><strong>suscipiuntur:</strong></span> <span class='ocrx_word' id='word_1_195' title='bbox 3622 1370 3731 1413; x_wconf 79' lang='lat' dir='ltr'><strong>nos</strong></span> 
     </span>
    </p>
   </div>
   <div class='ocr_carea' id='block_1_29' title="bbox 2079 1433 3727 1517">
    <p class='ocr_par' dir='ltr' id='par_1_29' title="bbox 2079 1433 3727 1517">
     <span class='ocr_line' id='line_1_29' title="bbox 2079 1433 3727 1517; baseline 0.006 -25"><span class='ocrx_word' id='word_1_196' title='bbox 2079 1440 2272 1492; x_wconf 91' lang='lat' dir='ltr'><strong>autem</strong></span> <span class='ocrx_word' id='word_1_197' title='bbox 2304 1433 2657 1512; x_wconf 86' lang='lat' dir='ltr'><strong>alienigenae</strong></span> <span class='ocrx_word' id='word_1_198' title='bbox 2703 1438 3074 1517; x_wconf 89' lang='lat' dir='ltr'><strong>suscepimus</strong></span> <span class='ocrx_word' id='word_1_199' title='bbox 3120 1437 3277 1501; x_wconf 91' lang='lat' dir='ltr'><strong>illos.</strong></span> <span class='ocrx_word' id='word_1_200' title='bbox 3325 1438 3519 1502; x_wconf 85' lang='lat' dir='ltr'><strong>Vidua</strong></span> <span class='ocrx_word' id='word_1_201' title='bbox 3570 1440 3727 1501; x_wconf 91' lang='lat' dir='ltr'><strong>enim</strong></span> 
     </span>
    </p>
   </div>
   <div class='ocr_carea' id='block_1_30' title="bbox 2080 1520 3732 1604">
    <p class='ocr_par' dir='ltr' id='par_1_30' title="bbox 2080 1520 3732 1604">
     <span class='ocr_line' id='line_1_30' title="bbox 2080 1520 3732 1604; baseline 0.007 -24"><span class='ocrx_word' id='word_1_202' title='bbox 2080 1520 2365 1589; x_wconf 81' lang='lat' dir='ltr'><strong>Ecclesia,</strong></span> <span class='ocrx_word' id='word_1_203' title='bbox 2402 1521 2665 1603; x_wconf 89' lang='lat' dir='ltr'><strong>inquam,</strong></span> <span class='ocrx_word' id='word_1_204' title='bbox 2699 1543 2829 1604; x_wconf 63' lang='lat' dir='ltr'><strong>qum</strong></span> <span class='ocrx_word' id='word_1_205' title='bbox 2852 1543 2918 1585; x_wconf 84' lang='lat' dir='ltr'><strong>ex</strong></span> <span class='ocrx_word' id='word_1_206' title='bbox 2941 1524 3220 1602; x_wconf 80' lang='lat' dir='ltr'><strong>gentibus</strong></span> <span class='ocrx_word' id='word_1_207' title='bbox 3241 1527 3509 1602; x_wconf 90' lang='lat' dir='ltr'><strong>collecta,</strong></span> <span class='ocrx_word' id='word_1_208' title='bbox 3532 1546 3732 1591; x_wconf 86' lang='lat' dir='ltr'><strong>susce-</strong></span> 
     </span>
    </p>
   </div>
   <div class='ocr_carea' id='block_1_31' title="bbox 2079 1608 3729 1695">
    <p class='ocr_par' dir='ltr' id='par_1_31' title="bbox 2079 1608 3729 1695">
     <span class='ocr_line' id='line_1_31' title="bbox 2079 1608 3729 1695; baseline 0.005 -27"><span class='ocrx_word' id='word_1_209' title='bbox 2079 1609 2163 1689; x_wconf 89' lang='lat' dir='ltr'><strong>pit</strong></span> <span class='ocrx_word' id='word_1_210' title='bbox 2177 1608 2359 1671; x_wconf 86' lang='lat' dir='ltr'><strong>Eliam</strong></span> <span class='ocrx_word' id='word_1_211' title='bbox 2372 1662 2380 1676; x_wconf 87' lang='lat'><strong>,</strong></span> <span class='ocrx_word' id='word_1_212' title='bbox 2394 1610 2503 1670; x_wconf 90' lang='lat' dir='ltr'><strong>hoc</strong></span> <span class='ocrx_word' id='word_1_213' title='bbox 2517 1618 2606 1670; x_wconf 88' lang='lat' dir='ltr'><strong>est</strong></span> <span class='ocrx_word' id='word_1_214' title='bbox 2621 1613 3031 1691; x_wconf 81' lang='lat' dir='ltr'><strong>propheticum</strong></span> <span class='ocrx_word' id='word_1_215' title='bbox 3050 1631 3553 1695; x_wconf 84' lang='lat' dir='ltr'><strong>sermonem,cum</strong></span> <span class='ocrx_word' id='word_1_216' title='bbox 3569 1624 3729 1678; x_wconf 89' lang='lat' dir='ltr'><strong>esset</strong></span> 
     </span>
    </p>
   </div>
   <div class='ocr_carea' id='block_1_32' title="bbox 351 1697 1996 1786">
    <p class='ocr_par' dir='ltr' id='par_1_32' title="bbox 351 1702 1993 1783">
     <span class='ocr_line' id='line_1_32' title="bbox 351 1702 1993 1783; baseline -0.001 -23"><span class='ocrx_word' id='word_1_217' title='bbox 351 1703 524 1762; x_wconf 86' lang='grc' dir='ltr'>δεκτοί</span> <span class='ocrx_word' id='word_1_218' title='bbox 561 1707 693 1763; x_wconf 76' lang='grc' dir='ltr'>εἰσιν</span> <span class='ocrx_word' id='word_1_219' title='bbox 725 1725 745 1744; x_wconf 78' lang='grc' dir='ltr'><strong>ο</strong></span> <span class='ocrx_word' id='word_1_220' title='bbox 784 1709 951 1782; x_wconf 74' lang='grc' dir='ltr'>ἡμεῖς</span> <span class='ocrx_word' id='word_1_221' title='bbox 999 1705 1054 1763; x_wconf 71' lang='grc' dir='ltr'>δὲ</span> <span class='ocrx_word' id='word_1_222' title='bbox 1097 1710 1145 1763; x_wconf 79' lang='grc' dir='ltr'>οἱ</span> <span class='ocrx_word' id='word_1_223' title='bbox 1218 1705 1486 1783; x_wconf 73' lang='grc' dir='ltr'>ἀλλότριοι</span> <span class='ocrx_word' id='word_1_224' title='bbox 1536 1703 1813 1781; x_wconf 72' lang='grc' dir='ltr'><strong>ἐδεξάμεθα</strong></span> <span class='ocrx_word' id='word_1_225' title='bbox 1863 1702 1993 1759; x_wconf 88' lang='grc' dir='ltr'>τού-</span> 
     </span>
    </p>
   </div>
   <div class='ocr_carea' id='block_1_33' title="bbox 2083 1697 3725 1786">
    <p class='ocr_par' dir='ltr' id='par_1_33' title="bbox 2093 1697 3725 1786">
     <span class='ocr_line' id='line_1_33' title="bbox 2093 1697 3725 1786; baseline 0.005 -29"><span class='ocrx_word' id='word_1_226' title='bbox 2093 1697 2277 1758; x_wconf 84' lang='lat' dir='ltr'><strong>fames</strong></span> <span class='ocrx_word' id='word_1_227' title='bbox 2300 1697 2623 1777; x_wconf 88' lang='lat' dir='ltr'><strong>spiritualis</strong></span> <span class='ocrx_word' id='word_1_228' title='bbox 2656 1700 2805 1761; x_wconf 84' lang='lat' dir='ltr'><strong>facta</strong></span> <span class='ocrx_word' id='word_1_229' title='bbox 2836 1701 2895 1761; x_wconf 93' lang='lat' dir='ltr'><strong>in</strong></span> <span class='ocrx_word' id='word_1_230' title='bbox 2924 1700 3166 1775; x_wconf 70' lang='lat' dir='ltr'><strong>Judaea;</strong></span> <span class='ocrx_word' id='word_1_231' title='bbox 3202 1703 3415 1778; x_wconf 82' lang='lat' dir='ltr'><strong>fames,</strong></span> <span class='ocrx_word' id='word_1_232' title='bbox 3451 1703 3725 1786; x_wconf 83' lang='lat' dir='ltr'><strong>inquam,</strong></span> 
     </span>
    </p>
   </div>
   <div class='ocr_carea' id='block_1_34' title="bbox 350 1786 1996 1875">
    <p class='ocr_par' dir='ltr' id='par_1_34' title="bbox 350 1788 1996 1875">
     <span class='ocr_line' id='line_1_34' title="bbox 350 1788 1996 1875; baseline -0.002 -27"><span class='ocrx_word' id='word_1_233' title='bbox 350 1814 471 1855; x_wconf 77' lang='grc' dir='ltr'>τους</span> <span class='ocrx_word' id='word_1_234' title='bbox 506 1810 520 1824; x_wconf 89' lang='grc'><strong>⁹</strong></span> <span class='ocrx_word' id='word_1_235' title='bbox 570 1794 605 1861; x_wconf 78' lang='grc' dir='ltr'><strong>ἡ</strong></span> <span class='ocrx_word' id='word_1_236' title='bbox 636 1795 736 1873; x_wconf 77' lang='grc' dir='ltr'><strong>γὰρ</strong></span> <span class='ocrx_word' id='word_1_237' title='bbox 764 1795 934 1875; x_wconf 73' lang='grc' dir='ltr'>χήρα,</span> <span class='ocrx_word' id='word_1_238' title='bbox 982 1796 1017 1863; x_wconf 79' lang='grc' dir='ltr'><strong>ἡ</strong></span> <span class='ocrx_word' id='word_1_239' title='bbox 1059 1793 1113 1861; x_wconf 67' lang='grc' dir='ltr'>ὶξ</span> <span class='ocrx_word' id='word_1_240' title='bbox 1164 1793 1324 1852; x_wconf 74' lang='grc' dir='ltr'>ἐθνῶν</span> <span class='ocrx_word' id='word_1_241' title='bbox 1374 1792 1667 1861; x_wconf 78' lang='grc' dir='ltr'><strong>Ἐκκλησία</strong></span> <span class='ocrx_word' id='word_1_242' title='bbox 1696 1790 1863 1868; x_wconf 84' lang='grc' dir='ltr'>λέγω,</span> <span class='ocrx_word' id='word_1_243' title='bbox 1889 1788 1996 1846; x_wconf 67' lang='grc' dir='ltr'>ἰδέ·</span> 
     </span>
    </p>
   </div>
   <div class='ocr_carea' id='block_1_35' title="bbox 2083 1786 3721 1875">
    <p class='ocr_par' dir='ltr' id='par_1_35' title="bbox 2083 1786 3721 1874">
     <span class='ocr_line' id='line_1_35' title="bbox 2083 1786 3721 1874; baseline 0.005 -27"><span class='ocrx_word' id='word_1_244' title='bbox 2083 1786 2355 1848; x_wconf 83' lang='lat' dir='ltr'><strong>audiendi</strong></span> <span class='ocrx_word' id='word_1_245' title='bbox 2376 1806 2711 1849; x_wconf 88' lang='lat' dir='ltr'><strong>sermonem</strong></span> <span class='ocrx_word' id='word_1_246' title='bbox 2732 1788 2950 1854; x_wconf 91' lang='lat' dir='ltr'><strong>Dei.De</strong></span> <span class='ocrx_word' id='word_1_247' title='bbox 2973 1792 3081 1852; x_wconf 87' lang='lat' dir='ltr'><strong>hac</strong></span> <span class='ocrx_word' id='word_1_248' title='bbox 3104 1810 3246 1853; x_wconf 87' lang='lat' dir='ltr'><strong>sane</strong></span> <span class='ocrx_word' id='word_1_249' title='bbox 3267 1793 3440 1855; x_wconf 88' lang='lat' dir='ltr'><strong>vidua</strong></span> <span class='ocrx_word' id='word_1_250' title='bbox 3468 1794 3721 1874; x_wconf 90' lang='lat' dir='ltr'><strong>prophe-</strong></span> 
     </span>
    </p>
   </div>
   <div class='ocr_carea' id='block_1_36' title="bbox 346 1878 1989 1962">
    <p class='ocr_par' dir='ltr' id='par_1_36' title="bbox 346 1878 1989 1962">
     <span class='ocr_line' id='line_1_36' title="bbox 346 1878 1989 1962; baseline -0.002 -25"><span class='ocrx_word' id='word_1_251' title='bbox 346 1880 469 1945; x_wconf 83' lang='grc' dir='ltr'>ξατο</span> <span class='ocrx_word' id='word_1_252' title='bbox 521 1883 613 1939; x_wconf 77' lang='grc' dir='ltr'>τὸν</span> <span class='ocrx_word' id='word_1_253' title='bbox 668 1882 876 1962; x_wconf 87' lang='grc' dir='ltr'>Ἠλίαν,</span> <span class='ocrx_word' id='word_1_254' title='bbox 930 1883 1191 1956; x_wconf 78' lang='grc' dir='ltr'>τουτέστι,</span> <span class='ocrx_word' id='word_1_255' title='bbox 1252 1884 1345 1939; x_wconf 81' lang='grc' dir='ltr'>τὸν</span> <span class='ocrx_word' id='word_1_256' title='bbox 1419 1882 1749 1960; x_wconf 74' lang='grc' dir='ltr'>προφητικὸν</span> <span class='ocrx_word' id='word_1_257' title='bbox 1806 1878 1989 1957; x_wconf 83' lang='grc' dir='ltr'>λόγον,</span> 
     </span>
    </p>
   </div>
   <div class='ocr_carea' id='block_1_37' title="bbox 342 1968 1991 2050">
    <p class='ocr_par' dir='ltr' id='par_1_37' title="bbox 342 1968 1991 2050">
     <span class='ocr_line' id='line_1_37' title="bbox 342 1968 1991 2050; baseline -0.003 -22"><span class='ocrx_word' id='word_1_258' title='bbox 342 1969 499 2047; x_wconf 89' lang='grc' dir='ltr'>λιμοῦ</span> <span class='ocrx_word' id='word_1_259' title='bbox 552 1970 836 2050; x_wconf 84' lang='grc' dir='ltr'>γενομένου</span> <span class='ocrx_word' id='word_1_260' title='bbox 902 1972 1096 2040; x_wconf 85' lang='grc' dir='ltr'>νοητοῦ</span> <span class='ocrx_word' id='word_1_261' title='bbox 1165 1971 1218 2029; x_wconf 74' lang='grc' dir='ltr'><strong>ἐν</strong></span> <span class='ocrx_word' id='word_1_262' title='bbox 1260 1977 1330 2048; x_wconf 75' lang='grc' dir='ltr'>τῇ</span> <span class='ocrx_word' id='word_1_263' title='bbox 1380 1968 1623 2044; x_wconf 77' lang='grc' dir='ltr'><strong>Ἰουδαίᾳ,</strong></span> <span class='ocrx_word' id='word_1_264' title='bbox 1678 1968 1837 2045; x_wconf 82' lang='grc' dir='ltr'>λιμοῦ</span> <span class='ocrx_word' id='word_1_265' title='bbox 1897 1974 1991 2024; x_wconf 90' lang='grc' dir='ltr'><strong>τοῦ</strong></span> 
     </span>
    </p>
   </div>
   <div class='ocr_carea' id='block_1_38' title="bbox 341 2058 1984 2140">
    <p class='ocr_par' dir='ltr' id='par_1_38' title="bbox 341 2058 1984 2140">
     <span class='ocr_line' id='line_1_38' title="bbox 341 2058 1984 2140; baseline -0.003 -23"><span class='ocrx_word' id='word_1_266' title='bbox 341 2061 562 2117; x_wconf 78' lang='grc' dir='ltr'>ἀκοῦσαι</span> <span class='ocrx_word' id='word_1_267' title='bbox 619 2060 778 2140; x_wconf 87' lang='grc' dir='ltr'>λόγον</span> <span class='ocrx_word' id='word_1_268' title='bbox 832 2068 965 2119; x_wconf 83' lang='grc' dir='ltr'>Θεοῦ</span> <span class='ocrx_word' id='word_1_269' title='bbox 998 2076 1012 2091; x_wconf 80' lang='grc'><strong>⁸</strong></span> <span class='ocrx_word' id='word_1_270' title='bbox 1061 2062 1181 2140; x_wconf 83' lang='grc' dir='ltr'>περὶ</span> <span class='ocrx_word' id='word_1_271' title='bbox 1221 2060 1419 2126; x_wconf 81' lang='grc' dir='ltr'>ταύτης</span> <span class='ocrx_word' id='word_1_272' title='bbox 1472 2058 1526 2114; x_wconf 68' lang='grc' dir='ltr'>δὲ</span> <span class='ocrx_word' id='word_1_273' title='bbox 1576 2064 1675 2125; x_wconf 81' lang='grc' dir='ltr'>τῆς</span> <span class='ocrx_word' id='word_1_274' title='bbox 1732 2058 1911 2137; x_wconf 80' lang='grc' dir='ltr'>χήρας</span> <span class='ocrx_word' id='word_1_275' title='bbox 1956 2058 1984 2112; x_wconf 86' lang='lat'><strong>6</strong></span> 
     </span>
    </p>
   </div>
   <div class='ocr_carea' id='block_1_39' title="bbox 2075 1874 3724 1963">
    <p class='ocr_par' dir='ltr' id='par_1_39' title="bbox 2075 1874 3724 1963">
     <span class='ocr_line' id='line_1_39' title="bbox 2075 1874 3724 1963; baseline 0.005 -28"><span class='ocrx_word' id='word_1_276' title='bbox 2075 1883 2131 1936; x_wconf 85' lang='lat' dir='ltr'><strong>ta</strong></span> <span class='ocrx_word' id='word_1_277' title='bbox 2162 1874 2483 1963; x_wconf 87' lang='lat' dir='ltr'><strong>dicitquod</strong></span> <span class='ocrx_word' id='word_1_278' title='bbox 2517 1876 2717 1956; x_wconf 90' lang='lat' dir='ltr'><strong>plures</strong></span> <span class='ocrx_word' id='word_1_279' title='bbox 2754 1888 2890 1939; x_wconf 89' lang='lat' dir='ltr'><strong>sunt</strong></span> <span class='ocrx_word' id='word_1_280' title='bbox 2927 1879 3031 1940; x_wconf 80' lang='lat' dir='ltr'><strong>ﬁlii</strong></span> <span class='ocrx_word' id='word_1_281' title='bbox 3062 1879 3336 1952; x_wconf 69' lang='lat' dir='ltr'><strong>desertae,</strong></span> <span class='ocrx_word' id='word_1_282' title='bbox 3357 1883 3551 1963; x_wconf 87' lang='lat' dir='ltr'><strong>&#39;quam</strong></span> <span class='ocrx_word' id='word_1_283' title='bbox 3593 1884 3724 1961; x_wconf 83' lang='lat' dir='ltr'><strong>ejus</strong></span> 
     </span>
    </p>
   </div>
   <div class='ocr_carea' id='block_1_40' title="bbox 2072 1962 3725 2049">
    <p class='ocr_par' dir='ltr' id='par_1_40' title="bbox 2072 1962 3725 2049">
     <span class='ocr_line' id='line_1_40' title="bbox 2072 1962 3725 2049; baseline 0.003 -26"><span class='ocrx_word' id='word_1_284' title='bbox 2072 1981 2201 2043; x_wconf 73' lang='lat' dir='ltr'><strong>quae</strong></span> <span class='ocrx_word' id='word_1_285' title='bbox 2239 1962 2417 2024; x_wconf 88' lang='lat' dir='ltr'><strong>habet</strong></span> <span class='ocrx_word' id='word_1_286' title='bbox 2450 1964 2666 2028; x_wconf 92' lang='lat' dir='ltr'><strong>virum.</strong></span> <span class='ocrx_word' id='word_1_287' title='bbox 2709 1964 2778 2026; x_wconf 87' lang='lat' dir='ltr'><strong>Et</strong></span> <span class='ocrx_word' id='word_1_288' title='bbox 2817 1984 3055 2027; x_wconf 86' lang='lat' dir='ltr'><strong>rursum</strong></span> <span class='ocrx_word' id='word_1_289' title='bbox 3078 1967 3217 2047; x_wconf 89' lang='lat' dir='ltr'><strong>quia</strong></span> <span class='ocrx_word' id='word_1_290' title='bbox 3247 1962 3468 2031; x_wconf 82' lang='lat' dir='ltr'><strong>sterilis</strong></span> <span class='ocrx_word' id='word_1_291' title='bbox 3492 1968 3725 2049; x_wconf 89' lang='lat' dir='ltr'><strong>peperit</strong></span> 
     </span>
    </p>
   </div>
   <div class='ocr_carea' id='block_1_41' title="bbox 2070 2053 3717 2134">
    <p class='ocr_par' dir='ltr' id='par_1_41' title="bbox 2070 2053 3717 2134">
     <span class='ocr_line' id='line_1_41' title="bbox 2070 2053 3717 2134; baseline 0.004 -22"><span class='ocrx_word' id='word_1_292' title='bbox 2070 2060 2319 2132; x_wconf 84' lang='lat' dir='ltr'><strong>septem:</strong></span> <span class='ocrx_word' id='word_1_293' title='bbox 2343 2063 2403 2113; x_wconf 87' lang='lat' dir='ltr'><strong>et</strong></span> <span class='ocrx_word' id='word_1_294' title='bbox 2424 2070 2553 2134; x_wconf 89' lang='lat' dir='ltr'><strong>quae</strong></span> <span class='ocrx_word' id='word_1_295' title='bbox 2576 2053 2791 2118; x_wconf 90' lang='lat' dir='ltr'><strong>multos</strong></span> <span class='ocrx_word' id='word_1_296' title='bbox 2806 2054 3069 2117; x_wconf 87' lang='lat' dir='ltr'><strong>habebat</strong></span> <span class='ocrx_word' id='word_1_297' title='bbox 3093 2055 3266 2133; x_wconf 84' lang='lat' dir='ltr'><strong>ﬁlias,</strong></span> <span class='ocrx_word' id='word_1_298' title='bbox 3292 2057 3587 2119; x_wconf 83' lang='lat' dir='ltr'><strong>inﬁrmata</strong></span> <span class='ocrx_word' id='word_1_299' title='bbox 3606 2065 3717 2119; x_wconf 88' lang='lat' dir='ltr'><strong>est.</strong></span> 
     </span>
    </p>
   </div>
   <div class='ocr_carea' id='block_1_42' title="bbox 352 2142 3722 2230">
    <p class='ocr_par' dir='ltr' id='par_1_42' title="bbox 352 2142 3722 2230">
     <span class='ocr_line' id='line_1_42' title="bbox 352 2142 3722 2230; baseline -0.001 -23"><span class='ocrx_word' id='word_1_300' title='bbox 352 2151 634 2229; x_wconf 69' lang='grc' dir='ltr'>προφήτης</span> <span class='ocrx_word' id='word_1_301' title='bbox 665 2151 846 2230; x_wconf 77' lang='grc' dir='ltr'>φησὶν,</span> <span class='ocrx_word' id='word_1_302' title='bbox 886 2146 966 2207; x_wconf 82' lang='grc' dir='ltr'>δ’τι</span> <span class='ocrx_word' id='word_1_303' title='bbox 997 2148 1171 2206; x_wconf 87' lang='grc' dir='ltr'>πολλά</span> <span class='ocrx_word' id='word_1_304' title='bbox 1196 2150 1261 2205; x_wconf 82' lang='grc' dir='ltr'>τὰ</span> <span class='ocrx_word' id='word_1_305' title='bbox 1289 2148 1447 2205; x_wconf 79' lang='grc' dir='ltr'>τέκνα</span> <span class='ocrx_word' id='word_1_306' title='bbox 1475 2147 1573 2215; x_wconf 73' lang='grc' dir='ltr'>τῆς</span> <span class='ocrx_word' id='word_1_307' title='bbox 1607 2148 1809 2227; x_wconf 68' lang='grc' dir='ltr'>ἒρήμου</span> <span class='ocrx_word' id='word_1_308' title='bbox 1853 2142 2057 2222; x_wconf 80' lang='grc' dir='ltr'>μᾶλλον</span> <span class='ocrx_word' id='word_1_309' title='bbox 2113 2143 2149 2210; x_wconf 73' lang='grc' dir='ltr'>ἢ</span> <span class='ocrx_word' id='word_1_310' title='bbox 2179 2147 2275 2208; x_wconf 77' lang='grc' dir='ltr'>τῆς</span> <span class='ocrx_word' id='word_1_311' title='bbox 2324 2145 2558 2221; x_wconf 78' lang='grc' dir='ltr'>ἐχούσης</span> <span class='ocrx_word' id='word_1_312' title='bbox 2588 2145 2677 2199; x_wconf 83' lang='grc' dir='ltr'>τὸν</span> <span class='ocrx_word' id='word_1_313' title='bbox 2710 2143 2865 2223; x_wconf 69' lang='grc' dir='ltr'>ἄνδρα</span> <span class='ocrx_word' id='word_1_314' title='bbox 2900 2165 2913 2179; x_wconf 74' lang='grc' dir='ltr'><strong><em>ο</em></strong></span> <span class='ocrx_word' id='word_1_315' title='bbox 2960 2148 3048 2202; x_wconf 85' lang='grc' dir='ltr'><strong>καὶ</strong></span> <span class='ocrx_word' id='word_1_316' title='bbox 3074 2145 3235 2202; x_wconf 89' lang='grc' dir='ltr'>πάλιν</span> <span class='ocrx_word' id='word_1_317' title='bbox 3263 2145 3509 2226; x_wconf 79' lang='grc' dir='ltr'>ὅτστεϊρα</span> <span class='ocrx_word' id='word_1_318' title='bbox 3547 2149 3722 2203; x_wconf 81' lang='grc' dir='ltr'>ἔτεκεν</span> 
     </span>
    </p>
   </div>
   <div class='ocr_carea' id='block_1_43' title="bbox 340 2236 1543 2315">
    <p class='ocr_par' dir='ltr' id='par_1_43' title="bbox 340 2236 1543 2315">
     <span class='ocr_line' id='line_1_43' title="bbox 340 2236 1543 2315; baseline -0.002 -20"><span class='ocrx_word' id='word_1_319' title='bbox 340 2239 496 2315; x_wconf 75' lang='grc' dir='ltr'>ἑπτὰ,</span> <span class='ocrx_word' id='word_1_320' title='bbox 528 2240 614 2295; x_wconf 87' lang='grc' dir='ltr'><strong>καὶ</strong></span> <span class='ocrx_word' id='word_1_321' title='bbox 635 2241 668 2307; x_wconf 74' lang='grc' dir='ltr'>ἡ</span> <span class='ocrx_word' id='word_1_322' title='bbox 693 2238 871 2307; x_wconf 77' lang='grc' dir='ltr'>πολλὴ</span> <span class='ocrx_word' id='word_1_323' title='bbox 902 2238 957 2295; x_wconf 69' lang='grc' dir='ltr'><strong>ἐν</strong></span> <span class='ocrx_word' id='word_1_324' title='bbox 987 2238 1193 2303; x_wconf 85' lang='grc' dir='ltr'>τέκνοις</span> <span class='ocrx_word' id='word_1_325' title='bbox 1224 2236 1543 2305; x_wconf 79' lang='grc' dir='ltr'>ἠσθένησεν,</span> 
     </span>
    </p>
   </div>
   <div class='ocr_carea' id='block_1_44' title="bbox 432 2323 1991 2404">
    <p class='ocr_par' dir='ltr' id='par_1_44' title="bbox 432 2323 1991 2404">
     <span class='ocr_line' id='line_1_44' title="bbox 432 2323 1991 2404; baseline -0.004 -19"><span class='ocrx_word' id='word_1_326' title='bbox 432 2347 459 2385; x_wconf 71' lang='grc' dir='ltr'><strong>ε</strong></span> <span class='ocrx_word' id='word_1_327' title='bbox 497 2328 594 2385; x_wconf 83' lang='grc' dir='ltr'>Καὶ</span> <span class='ocrx_word' id='word_1_328' title='bbox 653 2325 913 2395; x_wconf 79' lang='grc' dir='ltr'>κατῆλθεν</span> <span class='ocrx_word' id='word_1_329' title='bbox 971 2328 1044 2390; x_wconf 83' lang='grc' dir='ltr'><strong>είς</strong></span> <span class='ocrx_word' id='word_1_330' title='bbox 1102 2325 1477 2404; x_wconf 81' lang='grc' dir='ltr'>Καπερναοὺμ,</span> <span class='ocrx_word' id='word_1_331' title='bbox 1537 2323 1692 2381; x_wconf 83' lang='grc' dir='ltr'>πόλιν</span> <span class='ocrx_word' id='word_1_332' title='bbox 1735 2328 1835 2391; x_wconf 78' lang='grc' dir='ltr'>τῆς</span> <span class='ocrx_word' id='word_1_333' title='bbox 1880 2328 1991 2379; x_wconf 83' lang='grc' dir='ltr'><strong>Γα-</strong></span> 
     </span>
    </p>
   </div>
   <div class='ocr_carea' id='block_1_45' title="bbox 348 2408 1988 2482">
    <p class='ocr_par' dir='ltr' id='par_1_45' title="bbox 348 2408 1988 2482">
     <span class='ocr_line' id='line_1_45' title="bbox 348 2408 1988 2482; baseline -0.001 -16"><span class='ocrx_word' id='word_1_334' title='bbox 348 2411 553 2479; x_wconf 76' lang='grc' dir='ltr'>λιλαίας</span> <span class='ocrx_word' id='word_1_335' title='bbox 586 2428 601 2443; x_wconf 86' lang='grc'><em>’</em></span> <span class='ocrx_word' id='word_1_336' title='bbox 666 2415 753 2471; x_wconf 83' lang='grc' dir='ltr'><strong>καὶ</strong></span> <span class='ocrx_word' id='word_1_337' title='bbox 808 2414 873 2482; x_wconf 79' lang='grc' dir='ltr'>ἦν</span> <span class='ocrx_word' id='word_1_338' title='bbox 916 2412 1173 2470; x_wconf 73' lang='grc' dir='ltr'>διδάσκων</span> <span class='ocrx_word' id='word_1_339' title='bbox 1213 2413 1400 2477; x_wconf 75' lang='grc' dir='ltr'>αὐτοὺς</span> <span class='ocrx_word' id='word_1_340' title='bbox 1441 2414 1499 2469; x_wconf 59' lang='lat' dir='ltr'><strong>tv</strong></span> <span class='ocrx_word' id='word_1_341' title='bbox 1553 2425 1673 2477; x_wconf 79' lang='grc' dir='ltr'>τοῖς</span> <span class='ocrx_word' id='word_1_342' title='bbox 1730 2408 1988 2468; x_wconf 77' lang='grc' dir='ltr'><strong>Σάϐϐασι⁹</strong></span> 
     </span>
    </p>
   </div>
   <div class='ocr_carea' id='block_1_46' title="bbox 346 2498 1989 2582">
    <p class='ocr_par' dir='ltr' id='par_1_46' title="bbox 346 2498 1989 2582">
     <span class='ocr_line' id='line_1_46' title="bbox 346 2498 1989 2582; baseline -0.001 -25"><span class='ocrx_word' id='word_1_343' title='bbox 346 2503 435 2558; x_wconf 82' lang='grc' dir='ltr'><strong>καὶ</strong></span> <span class='ocrx_word' id='word_1_344' title='bbox 489 2500 873 2572; x_wconf 71' lang='grc' dir='ltr'>ἱξεπλήσσοντο</span> <span class='ocrx_word' id='word_1_345' title='bbox 916 2501 1000 2559; x_wconf 73' lang='grc' dir='ltr'>ἐπὶ</span> <span class='ocrx_word' id='word_1_346' title='bbox 1030 2507 1099 2578; x_wconf 73' lang='grc' dir='ltr'>τῇ</span> <span class='ocrx_word' id='word_1_347' title='bbox 1139 2499 1336 2582; x_wconf 79' lang='grc' dir='ltr'>διδαχῇ</span> <span class='ocrx_word' id='word_1_348' title='bbox 1386 2502 1567 2575; x_wconf 78' lang='grc' dir='ltr'>αὐτοῦ,</span> <span class='ocrx_word' id='word_1_349' title='bbox 1626 2499 1707 2557; x_wconf 82' lang='grc' dir='ltr'>ὅτι</span> <span class='ocrx_word' id='word_1_350' title='bbox 1733 2503 1790 2557; x_wconf 64' lang='grc' dir='ltr'><strong>εν</strong></span> <span class='ocrx_word' id='word_1_351' title='bbox 1835 2498 1989 2566; x_wconf 74' lang='grc' dir='ltr'>ὶξου-</span> 
     </span>
    </p>
   </div>
   <div class='ocr_carea' id='block_1_47' title="bbox 343 2586 1984 2669">
    <p class='ocr_par' dir='ltr' id='par_1_47' title="bbox 343 2586 1984 2669">
     <span class='ocr_line' id='line_1_47' title="bbox 343 2586 1984 2669; baseline -0.001 -25"><span class='ocrx_word' id='word_1_352' title='bbox 343 2591 431 2661; x_wconf 79' lang='grc' dir='ltr'><strong>σίᾳ</strong></span> <span class='ocrx_word' id='word_1_353' title='bbox 487 2592 555 2657; x_wconf 78' lang='grc' dir='ltr'><strong>ἦν</strong></span> <span class='ocrx_word' id='word_1_354' title='bbox 610 2591 638 2646; x_wconf 98' lang='lat'><strong>6</strong></span> <span class='ocrx_word' id='word_1_355' title='bbox 682 2589 839 2669; x_wconf 82' lang='grc' dir='ltr'>λόγος</span> <span class='ocrx_word' id='word_1_356' title='bbox 877 2593 1035 2648; x_wconf 73' lang='grc' dir='ltr'>αὐτοῦ</span> <span class='ocrx_word' id='word_1_357' title='bbox 1066 2608 1083 2625; x_wconf 80' lang='grc'><strong><em>⁸</em></strong></span> <span class='ocrx_word' id='word_1_358' title='bbox 1144 2591 1232 2646; x_wconf 84' lang='grc' dir='ltr'><strong>καὶ</strong></span> <span class='ocrx_word' id='word_1_359' title='bbox 1281 2589 1338 2645; x_wconf 66' lang='grc' dir='ltr'><strong>ἄν</strong></span> <span class='ocrx_word' id='word_1_360' title='bbox 1380 2589 1447 2658; x_wconf 78' lang='grc' dir='ltr'><strong>τῆ</strong></span> <span class='ocrx_word' id='word_1_361' title='bbox 1481 2594 1776 2666; x_wconf 72' lang='grc' dir='ltr'><strong>Συναγωγῇ</strong></span> <span class='ocrx_word' id='word_1_362' title='bbox 1805 2587 1871 2655; x_wconf 79' lang='grc' dir='ltr'>ἧν</span> <span class='ocrx_word' id='word_1_363' title='bbox 1900 2586 1984 2643; x_wconf 83' lang='grc' dir='ltr'><strong>ἅν-</strong></span> 
     </span>
    </p>
   </div>
   <div class='ocr_carea' id='block_1_48' title="bbox 342 2675 1989 2759">
    <p class='ocr_par' dir='ltr' id='par_1_48' title="bbox 342 2675 1989 2759">
     <span class='ocr_line' id='line_1_48' title="bbox 342 2675 1989 2759; baseline -0.001 -25"><span class='ocrx_word' id='word_1_364' title='bbox 342 2682 570 2756; x_wconf 86' lang='grc' dir='ltr'>θρωπος,</span> <span class='ocrx_word' id='word_1_365' title='bbox 635 2679 782 2759; x_wconf 77' lang='grc' dir='ltr'>ἔχων</span> <span class='ocrx_word' id='word_1_366' title='bbox 866 2685 1074 2753; x_wconf 82' lang='grc' dir='ltr'>πνεῦμα</span> <span class='ocrx_word' id='word_1_367' title='bbox 1150 2676 1438 2759; x_wconf 21' lang='grc' dir='ltr'>δαιμονίου,</span> <span class='ocrx_word' id='word_1_368' title='bbox 1496 2675 1792 2754; x_wconf 72' lang='grc' dir='ltr'>ἀκαθάρτου</span> <span class='ocrx_word' id='word_1_369' title='bbox 1824 2691 1839 2706; x_wconf 88' lang='grc'>⁶</span> <span class='ocrx_word' id='word_1_370' title='bbox 1899 2676 1989 2732; x_wconf 87' lang='grc' dir='ltr'><strong>καὶ</strong></span> 
     </span>
    </p>
   </div>
   <div class='ocr_carea' id='block_1_49' title="bbox 343 2757 1989 2847">
    <p class='ocr_par' dir='ltr' id='par_1_49' title="bbox 343 2757 1989 2847">
     <span class='ocr_line' id='line_1_49' title="bbox 343 2757 1989 2847; baseline -0.001 -25"><span class='ocrx_word' id='word_1_371' title='bbox 343 2766 593 2845; x_wconf 79' lang='grc' dir='ltr'>ἀνέκραξε</span> <span class='ocrx_word' id='word_1_372' title='bbox 852 2764 1086 2845; x_wconf 72' lang='grc' dir='ltr'>μεγάλη,</span> <span class='ocrx_word' id='word_1_373' title='bbox 1146 2765 1362 2847; x_wconf 83' lang='grc' dir='ltr'>λέγων’</span> <span class='ocrx_word' id='word_1_374' title='bbox 1425 2757 1565 2846; x_wconf 74' lang='grc' dir='ltr'>Ἐα,</span> <span class='ocrx_word' id='word_1_375' title='bbox 1624 2766 1675 2821; x_wconf 93' lang='grc' dir='ltr'><strong>τί</strong></span> <span class='ocrx_word' id='word_1_376' title='bbox 1720 2766 1855 2841; x_wconf 78' lang='grc' dir='ltr'>ἡμῖν</span> <span class='ocrx_word' id='word_1_377' title='bbox 1898 2765 1989 2821; x_wconf 82' lang='grc' dir='ltr'><strong>καὶ</strong></span> 
     </span>
    </p>
   </div>
   <div class='ocr_carea' id='block_1_50' title="bbox 340 2851 1986 2936">
    <p class='ocr_par' dir='ltr' id='par_1_50' title="bbox 340 2851 1986 2936">
     <span class='ocr_line' id='line_1_50' title="bbox 340 2851 1986 2936; baseline -0.002 -23"><span class='ocrx_word' id='word_1_378' title='bbox 340 2858 447 2936; x_wconf 84' lang='grc' dir='ltr'>σοὶ,</span> <span class='ocrx_word' id='word_1_379' title='bbox 500 2856 680 2923; x_wconf 81' lang='grc' dir='ltr'>Ἰησοῦ</span> <span class='ocrx_word' id='word_1_380' title='bbox 738 2856 1033 2935; x_wconf 74' lang='grc' dir='ltr'>Ναζαρηνὲ,</span> <span class='ocrx_word' id='word_1_381' title='bbox 1084 2854 1239 2924; x_wconf 71' lang='grc' dir='ltr'>ἦλθες</span> <span class='ocrx_word' id='word_1_382' title='bbox 1297 2853 1557 2912; x_wconf 80' lang='grc' dir='ltr'>ἀπολέσαι</span> <span class='ocrx_word' id='word_1_383' title='bbox 1610 2855 1798 2934; x_wconf 55' lang='lat' dir='ltr'><strong>huic;</strong></span> <span class='ocrx_word' id='word_1_384' title='bbox 1848 2851 1986 2912; x_wconf 71' lang='grc' dir='ltr'>Οἶδά</span> 
     </span>
    </p>
   </div>
   <div class='ocr_carea' id='block_1_51' title="bbox 336 2936 1987 3024">
    <p class='ocr_par' dir='ltr' id='par_1_51' title="bbox 336 2936 1987 3024">
     <span class='ocr_line' id='line_1_51' title="bbox 336 2936 1987 3024; baseline -0.001 -23"><span class='ocrx_word' id='word_1_385' title='bbox 336 2967 395 3001; x_wconf 89' lang='grc' dir='ltr'><strong>σε</strong></span> <span class='ocrx_word' id='word_1_386' title='bbox 453 2945 531 3008; x_wconf 86' lang='grc' dir='ltr'><strong>τίς</strong></span> <span class='ocrx_word' id='word_1_387' title='bbox 586 2946 641 3001; x_wconf 76' lang='grc' dir='ltr'>εἴ</span> <span class='ocrx_word' id='word_1_388' title='bbox 670 2964 684 2979; x_wconf 89' lang='grc'><strong>·</strong></span> <span class='ocrx_word' id='word_1_389' title='bbox 757 2936 814 3002; x_wconf 67' lang='grc' dir='ltr'>Ὀ</span> <span class='ocrx_word' id='word_1_390' title='bbox 845 2944 994 3024; x_wconf 75' lang='grc' dir='ltr'>ἅγιος</span> <span class='ocrx_word' id='word_1_391' title='bbox 1034 2951 1128 3001; x_wconf 85' lang='grc' dir='ltr'><strong>τοῦ</strong></span> <span class='ocrx_word' id='word_1_392' title='bbox 1157 2952 1315 3007; x_wconf 89' lang='grc' dir='ltr'>Πεοῦ.</span> <span class='ocrx_word' id='word_1_393' title='bbox 1349 2946 1448 3002; x_wconf 82' lang='grc' dir='ltr'><strong>Καὶ</strong></span> <span class='ocrx_word' id='word_1_394' title='bbox 1495 2944 1816 3019; x_wconf 66' lang='grc' dir='ltr'>ἔπετίμησεν</span> <span class='ocrx_word' id='word_1_395' title='bbox 1846 2944 1987 3016; x_wconf 80' lang='grc' dir='ltr'>αύτῷ</span> 
     </span>
    </p>
   </div>
   <div class='ocr_carea' id='block_1_52' title="bbox 341 3030 1981 3112">
    <p class='ocr_par' dir='ltr' id='par_1_52' title="bbox 341 3030 1981 3112">
     <span class='ocr_line' id='line_1_52' title="bbox 341 3030 1981 3112; baseline -0.001 -23"><span class='ocrx_word' id='word_1_396' title='bbox 341 3036 369 3089; x_wconf 80' lang='grc' dir='ltr'><strong>ὁ</strong></span> <span class='ocrx_word' id='word_1_397' title='bbox 420 3031 650 3112; x_wconf 82' lang='grc' dir='ltr'>Ἰησοῦς,</span> <span class='ocrx_word' id='word_1_398' title='bbox 708 3031 880 3111; x_wconf 85' lang='grc' dir='ltr'>λέγων</span> <span class='ocrx_word' id='word_1_399' title='bbox 913 3048 928 3063; x_wconf 81' lang='grc'>⁸</span> <span class='ocrx_word' id='word_1_400' title='bbox 988 3033 1267 3110; x_wconf 78' lang='grc' dir='ltr'>Φιμώθητι</span> <span class='ocrx_word' id='word_1_401' title='bbox 1306 3034 1395 3089; x_wconf 84' lang='grc' dir='ltr'><strong>καὶ</strong></span> <span class='ocrx_word' id='word_1_402' title='bbox 1440 3032 1609 3099; x_wconf 79' lang='grc' dir='ltr'>ἔξελθε</span> <span class='ocrx_word' id='word_1_403' title='bbox 1667 3030 1718 3097; x_wconf 82' lang='grc' dir='ltr'>ἐξ</span> <span class='ocrx_word' id='word_1_404' title='bbox 1775 3031 1934 3088; x_wconf 79' lang='grc' dir='ltr'>αὐτοῦ</span> <span class='ocrx_word' id='word_1_405' title='bbox 1964 3044 1981 3061; x_wconf 83' lang='grc'><strong>’</strong></span> 
     </span>
    </p>
   </div>
   <div class='ocr_carea' id='block_1_53' title="bbox 2161 2317 3722 2403">
    <p class='ocr_par' dir='ltr' id='par_1_53' title="bbox 2161 2317 3722 2403">
     <span class='ocr_line' id='line_1_53' title="bbox 2161 2317 3722 2403; baseline 0.006 -29"><span class='ocrx_word' id='word_1_406' title='bbox 2161 2319 2340 2381; x_wconf 68' lang='lat' dir='ltr'><strong>Vens.</strong></span> <span class='ocrx_word' id='word_1_407' title='bbox 2376 2317 2439 2382; x_wconf 87' lang='lat' dir='ltr'><strong>3t</strong></span> <span class='ocrx_word' id='word_1_408' title='bbox 2461 2318 2590 2382; x_wconf 87' lang='lat'><strong>—3&#39;7.</strong></span> <span class='ocrx_word' id='word_1_409' title='bbox 2633 2341 2656 2377; x_wconf 77' lang='grc' dir='ltr'><strong>ιι</strong></span> <span class='ocrx_word' id='word_1_410' title='bbox 2692 2318 2764 2380; x_wconf 89' lang='lat' dir='ltr'><strong>Et</strong></span> <span class='ocrx_word' id='word_1_411' title='bbox 2794 2319 3109 2382; x_wconf 89' lang='lat' dir='ltr'><strong>descendit</strong></span> <span class='ocrx_word' id='word_1_412' title='bbox 3139 2321 3199 2382; x_wconf 94' lang='lat' dir='ltr'><strong>in</strong></span> <span class='ocrx_word' id='word_1_413' title='bbox 3230 2323 3599 2403; x_wconf 89' lang='lat' dir='ltr'><strong>Capernaum</strong></span> <span class='ocrx_word' id='word_1_414' title='bbox 3630 2321 3722 2385; x_wconf 90' lang='lat' dir='ltr'><strong>ci-</strong></span> 
     </span>
    </p>
   </div>
   <div class='ocr_carea' id='block_1_54' title="bbox 2077 2405 3723 2489">
    <p class='ocr_par' dir='ltr' id='par_1_54' title="bbox 2077 2405 3723 2489">
     <span class='ocr_line' id='line_1_54' title="bbox 2077 2405 3723 2489; baseline 0.003 -22"><span class='ocrx_word' id='word_1_415' title='bbox 2077 2407 2314 2468; x_wconf 86' lang='lat' dir='ltr'><strong>vitatem</strong></span> <span class='ocrx_word' id='word_1_416' title='bbox 2348 2405 2623 2479; x_wconf 66' lang='lat' dir='ltr'><strong>Galilaeaa,</strong></span> <span class='ocrx_word' id='word_1_417' title='bbox 2652 2407 2856 2489; x_wconf 89' lang='lat' dir='ltr'><strong>ibique</strong></span> <span class='ocrx_word' id='word_1_418' title='bbox 2879 2408 3133 2471; x_wconf 87' lang='lat' dir='ltr'><strong>docebat</strong></span> <span class='ocrx_word' id='word_1_419' title='bbox 3165 2409 3299 2472; x_wconf 91' lang='lat' dir='ltr'><strong>illos</strong></span> <span class='ocrx_word' id='word_1_420' title='bbox 3330 2409 3627 2474; x_wconf 86' lang='lat' dir='ltr'><strong>Sabbatis.</strong></span> <span class='ocrx_word' id='word_1_421' title='bbox 3652 2410 3723 2473; x_wconf 89' lang='lat' dir='ltr'><strong>Et</strong></span> 
     </span>
    </p>
   </div>
   <div class='ocr_carea' id='block_1_55' title="bbox 2074 2496 3722 2580">
    <p class='ocr_par' dir='ltr' id='par_1_55' title="bbox 2074 2496 3722 2580">
     <span class='ocr_line' id='line_1_55' title="bbox 2074 2496 3722 2580; baseline 0.004 -23"><span class='ocrx_word' id='word_1_422' title='bbox 2074 2497 2390 2577; x_wconf 91' lang='lat' dir='ltr'><strong>stupebant</strong></span> <span class='ocrx_word' id='word_1_423' title='bbox 2410 2514 2593 2574; x_wconf 90' lang='lat' dir='ltr'><strong>super</strong></span> <span class='ocrx_word' id='word_1_424' title='bbox 2623 2496 2890 2559; x_wconf 87' lang='lat' dir='ltr'><strong>doctrina</strong></span> <span class='ocrx_word' id='word_1_425' title='bbox 2919 2498 3068 2577; x_wconf 89' lang='lat' dir='ltr'><strong>ejus,</strong></span> <span class='ocrx_word' id='word_1_426' title='bbox 3103 2499 3239 2580; x_wconf 89' lang='lat' dir='ltr'><strong>quia</strong></span> <span class='ocrx_word' id='word_1_427' title='bbox 3265 2518 3395 2561; x_wconf 93' lang='lat' dir='ltr'><strong>cum</strong></span> <span class='ocrx_word' id='word_1_428' title='bbox 3429 2506 3722 2580; x_wconf 86' lang='lat' dir='ltr'><strong>potestate</strong></span> 
     </span>
    </p>
   </div>
   <div class='ocr_carea' id='block_1_56' title="bbox 2074 2587 3721 2669">
    <p class='ocr_par' dir='ltr' id='par_1_56' title="bbox 2074 2587 3721 2669">
     <span class='ocr_line' id='line_1_56' title="bbox 2074 2587 3721 2669; baseline 0.004 -24"><span class='ocrx_word' id='word_1_429' title='bbox 2074 2587 2420 2662; x_wconf 87' lang='lat' dir='ltr'><strong>conjunctus</strong></span> <span class='ocrx_word' id='word_1_430' title='bbox 2451 2595 2576 2647; x_wconf 82' lang='lat' dir='ltr'><strong>erat</strong></span> <span class='ocrx_word' id='word_1_431' title='bbox 2618 2605 2814 2647; x_wconf 91' lang='lat' dir='ltr'><strong>sermo</strong></span> <span class='ocrx_word' id='word_1_432' title='bbox 2848 2588 3049 2667; x_wconf 91' lang='lat' dir='ltr'><strong>ipsius.</strong></span> <span class='ocrx_word' id='word_1_433' title='bbox 3083 2591 3154 2650; x_wconf 84' lang='lat' dir='ltr'><strong>Et</strong></span> <span class='ocrx_word' id='word_1_434' title='bbox 3176 2590 3233 2649; x_wconf 91' lang='lat' dir='ltr'><strong>in</strong></span> <span class='ocrx_word' id='word_1_435' title='bbox 3255 2588 3393 2649; x_wconf 71' lang='grc'><strong>502</strong></span> <span class='ocrx_word' id='word_1_436' title='bbox 3416 2591 3721 2669; x_wconf 79' lang='lat' dir='ltr'><strong>Synagoga</strong></span> 
     </span>
    </p>
   </div>
   <div class='ocr_carea' id='block_1_57' title="bbox 2072 2674 3720 2754">
    <p class='ocr_par' dir='ltr' id='par_1_57' title="bbox 2072 2674 3720 2754">
     <span class='ocr_line' id='line_1_57' title="bbox 2072 2674 3720 2754; baseline 0.004 -19"><span class='ocrx_word' id='word_1_437' title='bbox 2072 2682 2198 2735; x_wconf 88' lang='lat' dir='ltr'><strong>erat</strong></span> <span class='ocrx_word' id='word_1_438' title='bbox 2230 2676 2405 2736; x_wconf 91' lang='lat' dir='ltr'><strong>homo</strong></span> <span class='ocrx_word' id='word_1_439' title='bbox 2437 2674 2666 2736; x_wconf 87' lang='lat' dir='ltr'><strong>habens</strong></span> <span class='ocrx_word' id='word_1_440' title='bbox 2693 2675 2967 2754; x_wconf 88' lang='lat' dir='ltr'><strong>spiritum</strong></span> <span class='ocrx_word' id='word_1_441' title='bbox 3002 2675 3289 2739; x_wconf 71' lang='lat' dir='ltr'><strong>daamonis</strong></span> <span class='ocrx_word' id='word_1_442' title='bbox 3307 2677 3624 2751; x_wconf 85' lang='lat' dir='ltr'><strong>immundi,</strong></span> <span class='ocrx_word' id='word_1_443' title='bbox 3656 2684 3720 2742; x_wconf 84' lang='lat' dir='ltr'><strong>et</strong></span> 
     </span>
    </p>
   </div>
   <div class='ocr_carea' id='block_1_58' title="bbox 2072 2763 3719 2846">
    <p class='ocr_par' dir='ltr' id='par_1_58' title="bbox 2072 2763 3719 2846">
     <span class='ocr_line' id='line_1_58' title="bbox 2072 2763 3719 2846; baseline 0.004 -24"><span class='ocrx_word' id='word_1_444' title='bbox 2072 2763 2422 2825; x_wconf 84' lang='lat' dir='ltr'><strong>exclamavit</strong></span> <span class='ocrx_word' id='word_1_445' title='bbox 2450 2782 2592 2825; x_wconf 88' lang='lat' dir='ltr'><strong>voce</strong></span> <span class='ocrx_word' id='word_1_446' title='bbox 2620 2782 2829 2841; x_wconf 88' lang='lat' dir='ltr'><strong>magna</strong></span> <span class='ocrx_word' id='word_1_447' title='bbox 2870 2763 3119 2826; x_wconf 89' lang='lat' dir='ltr'><strong>dicens:</strong></span> <span class='ocrx_word' id='word_1_448' title='bbox 3155 2764 3255 2825; x_wconf 86' lang='lat' dir='ltr'><strong>Eia</strong></span> <span class='ocrx_word' id='word_1_449' title='bbox 3282 2765 3421 2846; x_wconf 93' lang='lat' dir='ltr'><strong>quid</strong></span> <span class='ocrx_word' id='word_1_450' title='bbox 3457 2765 3562 2826; x_wconf 90' lang='lat' dir='ltr'><strong>tibi</strong></span> <span class='ocrx_word' id='word_1_451' title='bbox 3606 2785 3719 2828; x_wconf 88' lang='lat' dir='ltr'><strong>no-</strong></span> 
     </span>
    </p>
   </div>
   <div class='ocr_carea' id='block_1_59' title="bbox 2072 2849 3720 2933">
    <p class='ocr_par' dir='ltr' id='par_1_59' title="bbox 2072 2849 3720 2933">
     <span class='ocr_line' id='line_1_59' title="bbox 2072 2849 3720 2933; baseline 0.004 -22"><span class='ocrx_word' id='word_1_452' title='bbox 2072 2849 2304 2912; x_wconf 82' lang='lat' dir='ltr'><strong>hiscum</strong></span> <span class='ocrx_word' id='word_1_453' title='bbox 2327 2860 2433 2928; x_wconf 90' lang='lat' dir='ltr'><strong>est,</strong></span> <span class='ocrx_word' id='word_1_454' title='bbox 2459 2854 2596 2914; x_wconf 80' lang='lat' dir='ltr'><strong>Jesu</strong></span> <span class='ocrx_word' id='word_1_455' title='bbox 2622 2854 2915 2913; x_wconf 87' lang='lat' dir='ltr'><strong>Nazarene</strong></span> <span class='ocrx_word' id='word_1_456' title='bbox 2940 2851 2970 2911; x_wconf 83' lang='lat'><strong>?</strong></span> <span class='ocrx_word' id='word_1_457' title='bbox 3001 2852 3219 2914; x_wconf 89' lang='lat' dir='ltr'><strong>venisti</strong></span> <span class='ocrx_word' id='word_1_458' title='bbox 3245 2854 3316 2914; x_wconf 90' lang='lat' dir='ltr'><strong>ad</strong></span> <span class='ocrx_word' id='word_1_459' title='bbox 3348 2853 3720 2933; x_wconf 90' lang='lat' dir='ltr'><strong>perdendum</strong></span> 
     </span>
    </p>
   </div>
   <div class='ocr_carea' id='block_1_60' title="bbox 2074 2939 3717 3020">
    <p class='ocr_par' dir='ltr' id='par_1_60' title="bbox 2074 2939 3717 3020">
     <span class='ocr_line' id='line_1_60' title="bbox 2074 2939 3717 3020; baseline 0.004 -21"><span class='ocrx_word' id='word_1_460' title='bbox 2074 2947 2225 3001; x_wconf 83' lang='lat' dir='ltr'><strong>nos?</strong></span> <span class='ocrx_word' id='word_1_461' title='bbox 2256 2939 2390 3002; x_wconf 92' lang='lat' dir='ltr'><strong>Scio</strong></span> <span class='ocrx_word' id='word_1_462' title='bbox 2425 2947 2483 3001; x_wconf 90' lang='lat' dir='ltr'><strong>te</strong></span> <span class='ocrx_word' id='word_1_463' title='bbox 2514 2940 2613 3020; x_wconf 90' lang='lat' dir='ltr'><strong>qui</strong></span> <span class='ocrx_word' id='word_1_464' title='bbox 2643 2941 2763 3003; x_wconf 90' lang='lat' dir='ltr'><strong>sis:</strong></span> <span class='ocrx_word' id='word_1_465' title='bbox 2796 2942 3049 3003; x_wconf 90' lang='lat' dir='ltr'><strong>Sanctus</strong></span> <span class='ocrx_word' id='word_1_466' title='bbox 3078 2941 3180 3003; x_wconf 91' lang='lat' dir='ltr'><strong>ille</strong></span> <span class='ocrx_word' id='word_1_467' title='bbox 3216 2941 3344 3005; x_wconf 89' lang='lat' dir='ltr'><strong>Dei.</strong></span> <span class='ocrx_word' id='word_1_468' title='bbox 3399 2942 3472 3004; x_wconf 90' lang='lat' dir='ltr'><strong>Et</strong></span> <span class='ocrx_word' id='word_1_469' title='bbox 3516 2945 3717 3007; x_wconf 89' lang='lat' dir='ltr'><strong>incre-</strong></span> 
     </span>
    </p>
   </div>
   <div class='ocr_carea' id='block_1_61' title="bbox 2073 3028 3716 3110">
    <p class='ocr_par' dir='ltr' id='par_1_61' title="bbox 2073 3028 3716 3110">
     <span class='ocr_line' id='line_1_61' title="bbox 2073 3028 3716 3110; baseline 0.005 -24"><span class='ocrx_word' id='word_1_470' title='bbox 2073 3028 2227 3107; x_wconf 86' lang='lat' dir='ltr'><strong>pavit</strong></span> <span class='ocrx_word' id='word_1_471' title='bbox 2251 3029 2416 3089; x_wconf 92' lang='lat' dir='ltr'><strong>illum</strong></span> <span class='ocrx_word' id='word_1_472' title='bbox 2443 3028 2653 3092; x_wconf 87' lang='lat' dir='ltr'><strong>Jesus:</strong></span> <span class='ocrx_word' id='word_1_473' title='bbox 2688 3028 3073 3110; x_wconf 84' lang='lat' dir='ltr'><strong>Obmutesce,</strong></span> <span class='ocrx_word' id='word_1_474' title='bbox 3101 3037 3159 3092; x_wconf 92' lang='lat' dir='ltr'><strong>et</strong></span> <span class='ocrx_word' id='word_1_475' title='bbox 3182 3030 3365 3093; x_wconf 81' lang='lat' dir='ltr'><strong>exiab</strong></span> <span class='ocrx_word' id='word_1_476' title='bbox 3387 3050 3480 3095; x_wconf 92' lang='lat' dir='ltr'><strong>eo.</strong></span> <span class='ocrx_word' id='word_1_477' title='bbox 3499 3031 3716 3094; x_wconf 86' lang='lat' dir='ltr'><strong>Etcum</strong></span> 
     </span>
    </p>
   </div>
   <div class='ocr_carea' id='block_1_62' title="bbox 340 3117 1996 3216">
    <p class='ocr_par' dir='ltr' id='par_1_62' title="bbox 340 3120 1987 3216">
     <span class='ocr_line' id='line_1_62' title="bbox 340 3120 1987 3216; baseline -0.002 -37"><span class='ocrx_word' id='word_1_478' title='bbox 340 3124 429 3179; x_wconf 85' lang='grc' dir='ltr'><strong>καὶ</strong></span> <span class='ocrx_word' id='word_1_479' title='bbox 484 3124 640 3201; x_wconf 80' lang='grc' dir='ltr'>ῥίψαν</span> <span class='ocrx_word' id='word_1_480' title='bbox 684 3124 841 3182; x_wconf 75' lang='grc' dir='ltr'>αὒτὸν</span> <span class='ocrx_word' id='word_1_481' title='bbox 899 3124 959 3178; x_wconf 78' lang='grc' dir='ltr'>τὸ</span> <span class='ocrx_word' id='word_1_482' title='bbox 1014 3121 1287 3198; x_wconf 80' lang='grc' dir='ltr'>δαιμόνιον</span> <span class='ocrx_word' id='word_1_483' title='bbox 1345 3123 1418 3186; x_wconf 80' lang='grc' dir='ltr'>εἷς</span> <span class='ocrx_word' id='word_1_484' title='bbox 1455 3124 1517 3181; x_wconf 81' lang='grc' dir='ltr'>τὸ</span> <span class='ocrx_word' id='word_1_485' title='bbox 1547 3121 1735 3216; x_wconf 79' lang='grc' dir='ltr'>μέσον,</span> <span class='ocrx_word' id='word_1_486' title='bbox 1768 3120 1987 3216; x_wconf 68' lang='grc' dir='ltr'>ὶξῇλθεν</span> 
     </span>
    </p>
   </div>
   <div class='ocr_carea' id='block_1_63' title="bbox 2083 3117 3727 3216">
    <p class='ocr_par' dir='ltr' id='par_1_63' title="bbox 2083 3117 3727 3202">
     <span class='ocr_line' id='line_1_63' title="bbox 2083 3117 3727 3202; baseline 0.005 -26"><span class='ocrx_word' id='word_1_487' title='bbox 2083 3117 2425 3196; x_wconf 81' lang='lat' dir='ltr'><strong>projecisset</strong></span> <span class='ocrx_word' id='word_1_488' title='bbox 2456 3118 2625 3178; x_wconf 92' lang='lat' dir='ltr'><strong>illum</strong></span> <span class='ocrx_word' id='word_1_489' title='bbox 2669 3118 3025 3180; x_wconf 64' lang='lat' dir='ltr'><strong>daemonium</strong></span> <span class='ocrx_word' id='word_1_490' title='bbox 3062 3120 3122 3180; x_wconf 92' lang='lat' dir='ltr'><strong>in</strong></span> <span class='ocrx_word' id='word_1_491' title='bbox 3156 3121 3442 3202; x_wconf 85' lang='lat' dir='ltr'><strong>medium,</strong></span> <span class='ocrx_word' id='word_1_492' title='bbox 3476 3121 3617 3182; x_wconf 80' lang='lat' dir='ltr'><strong>exiit</strong></span> <span class='ocrx_word' id='word_1_493' title='bbox 3644 3122 3727 3184; x_wconf 88' lang='lat' dir='ltr'><strong>ab</strong></span> 
     </span>
    </p>
   </div>
   <div class='ocr_carea' id='block_1_64' title="bbox 343 3204 1996 3292">
    <p class='ocr_par' dir='ltr' id='par_1_64' title="bbox 343 3206 1990 3290">
     <span class='ocr_line' id='line_1_64' title="bbox 343 3206 1990 3290; baseline -0.001 -23"><span class='ocrx_word' id='word_1_494' title='bbox 343 3211 435 3268; x_wconf 88' lang='grc' dir='ltr'>ἀπ’</span> <span class='ocrx_word' id='word_1_495' title='bbox 494 3211 674 3290; x_wconf 71' lang='grc' dir='ltr'>αὐτοῦ,</span> <span class='ocrx_word' id='word_1_496' title='bbox 730 3209 899 3286; x_wconf 80' lang='grc' dir='ltr'>μηδὲν</span> <span class='ocrx_word' id='word_1_497' title='bbox 953 3209 1164 3287; x_wconf 69' lang='grc' dir='ltr'>βλάψεν</span> <span class='ocrx_word' id='word_1_498' title='bbox 1196 3211 1377 3274; x_wconf 75' lang='grc' dir='ltr'>αὐτόν.</span> <span class='ocrx_word' id='word_1_499' title='bbox 1425 3212 1522 3270; x_wconf 85' lang='grc' dir='ltr'>Καὶ</span> <span class='ocrx_word' id='word_1_500' title='bbox 1552 3209 1760 3289; x_wconf 71' lang='grc' dir='ltr'>ἐγένετο</span> <span class='ocrx_word' id='word_1_501' title='bbox 1786 3206 1990 3285; x_wconf 79' lang='grc' dir='ltr'>θάμϐος</span> 
     </span>
    </p>
   </div>
   <div class='ocr_carea' id='block_1_65' title="bbox 2083 3204 3718 3292">
    <p class='ocr_par' dir='ltr' id='par_1_65' title="bbox 2083 3204 3718 3292">
     <span class='ocr_line' id='line_1_65' title="bbox 2083 3204 3718 3292; baseline 0.006 -28"><span class='ocrx_word' id='word_1_502' title='bbox 2083 3204 2178 3265; x_wconf 88' lang='lat' dir='ltr'><strong>illo</strong></span> <span class='ocrx_word' id='word_1_503' title='bbox 2208 3205 2475 3287; x_wconf 87' lang='lat' dir='ltr'><strong>nihilque</strong></span> <span class='ocrx_word' id='word_1_504' title='bbox 2502 3207 2585 3269; x_wconf 90' lang='lat' dir='ltr'><strong>illi</strong></span> <span class='ocrx_word' id='word_1_505' title='bbox 2620 3207 2842 3268; x_wconf 88' lang='lat' dir='ltr'><strong>nocuit.</strong></span> <span class='ocrx_word' id='word_1_506' title='bbox 2880 3207 2949 3269; x_wconf 89' lang='lat' dir='ltr'><strong>Et</strong></span> <span class='ocrx_word' id='word_1_507' title='bbox 2976 3208 3167 3269; x_wconf 81' lang='lat' dir='ltr'><strong>factus</strong></span> <span class='ocrx_word' id='word_1_508' title='bbox 3198 3218 3287 3272; x_wconf 90' lang='lat' dir='ltr'><strong>est</strong></span> <span class='ocrx_word' id='word_1_509' title='bbox 3328 3228 3508 3289; x_wconf 87' lang='lat' dir='ltr'><strong>pavor</strong></span> <span class='ocrx_word' id='word_1_510' title='bbox 3536 3228 3718 3292; x_wconf 87' lang='lat' dir='ltr'><strong>super</strong></span> 
     </span>
    </p>
   </div>
   <div class='ocr_carea' id='block_1_66' title="bbox 344 3296 1994 3380">
    <p class='ocr_par' dir='ltr' id='par_1_66' title="bbox 344 3296 1994 3380">
     <span class='ocr_line' id='line_1_66' title="bbox 344 3296 1994 3380; baseline -0.001 -24"><span class='ocrx_word' id='word_1_511' title='bbox 344 3300 429 3357; x_wconf 67' lang='grc' dir='ltr'>ἐπὶ</span> <span class='ocrx_word' id='word_1_512' title='bbox 472 3302 673 3363; x_wconf 79' lang='grc' dir='ltr'>πάντας</span> <span class='ocrx_word' id='word_1_513' title='bbox 704 3317 721 3335; x_wconf 75' lang='grc'>⁸</span> <span class='ocrx_word' id='word_1_514' title='bbox 783 3300 873 3357; x_wconf 83' lang='grc' dir='ltr'><strong>καὶ</strong></span> <span class='ocrx_word' id='word_1_515' title='bbox 930 3298 1247 3357; x_wconf 62' lang='grc' dir='ltr'>συνελάλουν</span> <span class='ocrx_word' id='word_1_516' title='bbox 1302 3301 1433 3380; x_wconf 83' lang='grc' dir='ltr'>πρὸς</span> <span class='ocrx_word' id='word_1_517' title='bbox 1487 3298 1779 3379; x_wconf 80' lang='grc' dir='ltr'>ἀλλήλους,</span> <span class='ocrx_word' id='word_1_518' title='bbox 1811 3296 1994 3376; x_wconf 78' lang='grc' dir='ltr'>λέγονο</span> 
     </span>
    </p>
   </div>
   <div class='ocr_carea' id='block_1_67' title="bbox 345 3385 1989 3469">
    <p class='ocr_par' dir='ltr' id='par_1_67' title="bbox 345 3385 1989 3469">
     <span class='ocr_line' id='line_1_67' title="bbox 345 3385 1989 3469; baseline -0.002 -23"><span class='ocrx_word' id='word_1_519' title='bbox 345 3412 431 3453; x_wconf 88' lang='grc' dir='ltr'><strong>τες</strong></span> <span class='ocrx_word' id='word_1_520' title='bbox 468 3408 483 3425; x_wconf 84' lang='lat'><strong><em>°</em></strong></span> <span class='ocrx_word' id='word_1_521' title='bbox 539 3390 627 3451; x_wconf 87' lang='grc' dir='ltr'>Τίς</span> <span class='ocrx_word' id='word_1_522' title='bbox 659 3391 686 3445; x_wconf 92' lang='lat'><strong>6</strong></span> <span class='ocrx_word' id='word_1_523' title='bbox 716 3387 877 3465; x_wconf 86' lang='grc' dir='ltr'>λόγος</span> <span class='ocrx_word' id='word_1_524' title='bbox 926 3398 1100 3469; x_wconf 85' lang='grc' dir='ltr'>οῦτος,</span> <span class='ocrx_word' id='word_1_525' title='bbox 1162 3387 1243 3445; x_wconf 81' lang='grc' dir='ltr'>ὅτι</span> <span class='ocrx_word' id='word_1_526' title='bbox 1287 3388 1341 3444; x_wconf 74' lang='grc' dir='ltr'>ὶν</span> <span class='ocrx_word' id='word_1_527' title='bbox 1410 3388 1614 3462; x_wconf 70' lang='grc' dir='ltr'>ἐξουσία</span> <span class='ocrx_word' id='word_1_528' title='bbox 1660 3389 1748 3444; x_wconf 86' lang='grc' dir='ltr'><strong>καὶ</strong></span> <span class='ocrx_word' id='word_1_529' title='bbox 1776 3385 1989 3463; x_wconf 83' lang='grc' dir='ltr'>δυνάμει</span> 
     </span>
    </p>
   </div>
   <div class='ocr_carea' id='block_1_68' title="bbox 342 3473 1991 3556">
    <p class='ocr_par' dir='ltr' id='par_1_68' title="bbox 342 3473 1991 3556">
     <span class='ocr_line' id='line_1_68' title="bbox 342 3473 1991 3556; baseline -0.001 -22"><span class='ocrx_word' id='word_1_530' title='bbox 342 3479 614 3535; x_wconf 76' lang='grc' dir='ltr'>ιιπιτάσσει</span> <span class='ocrx_word' id='word_1_531' title='bbox 674 3490 792 3541; x_wconf 73' lang='grc' dir='ltr'>τοῖς</span> <span class='ocrx_word' id='word_1_532' title='bbox 851 3477 1165 3556; x_wconf 75' lang='grc' dir='ltr'>ἀκαθάρτοις</span> <span class='ocrx_word' id='word_1_533' title='bbox 1245 3478 1530 3553; x_wconf 79' lang='grc' dir='ltr'>πνεύμασι,</span> <span class='ocrx_word' id='word_1_534' title='bbox 1591 3476 1679 3533; x_wconf 77' lang='grc' dir='ltr'><strong>καὶ</strong></span> <span class='ocrx_word' id='word_1_535' title='bbox 1738 3473 1991 3555; x_wconf 66' lang='grc' dir='ltr'>ἐξέρχον-</span> 
     </span>
    </p>
   </div>
   <div class='ocr_carea' id='block_1_69' title="bbox 345 3562 1991 3646">
    <p class='ocr_par' dir='ltr' id='par_1_69' title="bbox 345 3562 1991 3646">
     <span class='ocr_line' id='line_1_69' title="bbox 345 3562 1991 3646; baseline 0 -25"><span class='ocrx_word' id='word_1_536' title='bbox 345 3584 481 3636; x_wconf 70' lang='lat' dir='ltr'><strong>ut;</strong></span> <span class='ocrx_word' id='word_1_537' title='bbox 544 3567 641 3623; x_wconf 84' lang='grc' dir='ltr'><strong>Καὶ</strong></span> <span class='ocrx_word' id='word_1_538' title='bbox 697 3565 1030 3634; x_wconf 74' lang='grc' dir='ltr'>ἐξεπορεύετο</span> <span class='ocrx_word' id='word_1_539' title='bbox 1085 3568 1230 3646; x_wconf 78' lang='grc' dir='ltr'>ἦχος</span> <span class='ocrx_word' id='word_1_540' title='bbox 1301 3567 1419 3643; x_wconf 79' lang='grc' dir='ltr'>περὶ</span> <span class='ocrx_word' id='word_1_541' title='bbox 1477 3566 1635 3625; x_wconf 71' lang='grc' dir='ltr'>αὖτοῦ</span> <span class='ocrx_word' id='word_1_542' title='bbox 1691 3567 1761 3631; x_wconf 83' lang='grc' dir='ltr'><strong>είς</strong></span> <span class='ocrx_word' id='word_1_543' title='bbox 1820 3562 1991 3621; x_wconf 89' lang='grc' dir='ltr'>πάντα</span> 
     </span>
    </p>
   </div>
   <div class='ocr_carea' id='block_1_70' title="bbox 340 3652 1993 3734">
    <p class='ocr_par' dir='ltr' id='par_1_70' title="bbox 340 3652 1993 3734">
     <span class='ocr_line' id='line_1_70' title="bbox 340 3652 1993 3734; baseline -0.001 -23"><span class='ocrx_word' id='word_1_544' title='bbox 340 3656 507 3711; x_wconf 81' lang='grc' dir='ltr'>τόπον</span> <span class='ocrx_word' id='word_1_545' title='bbox 556 3659 654 3721; x_wconf 78' lang='grc' dir='ltr'>τῆς</span> <span class='ocrx_word' id='word_1_546' title='bbox 712 3654 1043 3734; x_wconf 84' lang='grc' dir='ltr'>περιχώρου.</span> <span class='ocrx_word' id='word_1_547' title='bbox 1080 3678 1106 3711; x_wconf 72' lang='grc' dir='ltr'><strong><em>ι</em></strong></span> <span class='ocrx_word' id='word_1_548' title='bbox 1174 3652 1392 3723; x_wconf 76' lang='grc' dir='ltr'>Ἐπειδὴ</span> <span class='ocrx_word' id='word_1_549' title='bbox 1442 3656 1563 3719; x_wconf 79' lang='grc' dir='ltr'>τοὺς</span> <span class='ocrx_word' id='word_1_550' title='bbox 1594 3655 1843 3717; x_wconf 81' lang='grc' dir='ltr'>ἀπίστους</span> <span class='ocrx_word' id='word_1_551' title='bbox 1874 3652 1993 3710; x_wconf 70' lang='grc' dir='ltr'>οὔτε</span> 
     </span>
    </p>
   </div>
   <div class='ocr_carea' id='block_1_71' title="bbox 335 3741 1993 3824">
    <p class='ocr_par' dir='ltr' id='par_1_71' title="bbox 335 3741 1993 3824">
     <span class='ocr_line' id='line_1_71' title="bbox 335 3741 1993 3824; baseline -0.001 -25"><span class='ocrx_word' id='word_1_552' title='bbox 335 3742 643 3800; x_wconf 77' lang='grc' dir='ltr'>διδασκαλία</span> <span class='ocrx_word' id='word_1_553' title='bbox 701 3742 987 3824; x_wconf 77' lang='grc' dir='ltr'>ἐφέλκεται</span> <span class='ocrx_word' id='word_1_554' title='bbox 1043 3744 1175 3822; x_wconf 83' lang='grc' dir='ltr'>πρὸς</span> <span class='ocrx_word' id='word_1_555' title='bbox 1203 3745 1405 3824; x_wconf 83' lang='grc' dir='ltr'>πίστιν,</span> <span class='ocrx_word' id='word_1_556' title='bbox 1448 3742 1532 3801; x_wconf 85' lang='grc' dir='ltr'><strong>διά</strong></span> <span class='ocrx_word' id='word_1_557' title='bbox 1562 3751 1715 3801; x_wconf 84' lang='grc' dir='ltr'>τοῦτο</span> <span class='ocrx_word' id='word_1_558' title='bbox 1744 3745 1771 3800; x_wconf 84' lang='grc' dir='ltr'>ὁ</span> <span class='ocrx_word' id='word_1_559' title='bbox 1802 3741 1993 3822; x_wconf 85' lang='grc' dir='ltr'>Κύριος</span> 
     </span>
    </p>
   </div>
   <div class='ocr_carea' id='block_1_72' title="bbox 338 3832 1994 3913">
    <p class='ocr_par' dir='ltr' id='par_1_72' title="bbox 338 3832 1994 3913">
     <span class='ocr_line' id='line_1_72' title="bbox 338 3832 1994 3913; baseline -0.001 -24"><span class='ocrx_word' id='word_1_560' title='bbox 338 3835 433 3897; x_wconf 71' lang='grc' dir='ltr'><strong>τὰς</strong></span> <span class='ocrx_word' id='word_1_561' title='bbox 475 3833 901 3913; x_wconf 84' lang='grc' dir='ltr'>θαυματουργίας</span> <span class='ocrx_word' id='word_1_562' title='bbox 954 3833 1232 3911; x_wconf 81' lang='grc' dir='ltr'>προσάγει,</span> <span class='ocrx_word' id='word_1_563' title='bbox 1292 3833 1413 3891; x_wconf 74' lang='grc' dir='ltr'>οἶόν</span> <span class='ocrx_word' id='word_1_564' title='bbox 1466 3856 1517 3889; x_wconf 90' lang='grc' dir='ltr'><strong>τι</strong></span> <span class='ocrx_word' id='word_1_565' title='bbox 1574 3832 1994 3910; x_wconf 84' lang='grc' dir='ltr'>δραστικώτατον</span> 
     </span>
    </p>
   </div>
   <div class='ocr_carea' id='block_1_73' title="bbox 345 3922 1992 4002">
    <p class='ocr_par' dir='ltr' id='par_1_73' title="bbox 345 3922 1992 4002">
     <span class='ocr_line' id='line_1_73' title="bbox 345 3922 1992 4002; baseline -0.001 -23"><span class='ocrx_word' id='word_1_566' title='bbox 345 3923 626 4002; x_wconf 78' lang='grc' dir='ltr'>φάρμακον</span> <span class='ocrx_word' id='word_1_567' title='bbox 660 3937 675 3953; x_wconf 84' lang='grc'><em>’</em></span> <span class='ocrx_word' id='word_1_568' title='bbox 708 3926 1101 4002; x_wconf 81' lang='grc' dir='ltr'>θαυματουργεῐ</span> <span class='ocrx_word' id='word_1_569' title='bbox 1157 3929 1247 3979; x_wconf 93' lang='grc' dir='ltr'><strong>οῦν</strong></span> <span class='ocrx_word' id='word_1_570' title='bbox 1291 3922 1345 3978; x_wconf 71' lang='grc' dir='ltr'>ἐν</span> <span class='ocrx_word' id='word_1_571' title='bbox 1406 3922 1751 4002; x_wconf 80' lang='grc' dir='ltr'>Καπερναούμ</span> <span class='ocrx_word' id='word_1_572' title='bbox 1785 3940 1798 3955; x_wconf 82' lang='grc'><strong><em>⁸</em></strong></span> <span class='ocrx_word' id='word_1_573' title='bbox 1861 3922 1992 3978; x_wconf 87' lang='grc' dir='ltr'>ἀπι-</span> 
     </span>
    </p>
   </div>
   <div class='ocr_carea' id='block_1_74' title="bbox 346 4008 1989 4090">
    <p class='ocr_par' dir='ltr' id='par_1_74' title="bbox 346 4008 1989 4090">
     <span class='ocr_line' id='line_1_74' title="bbox 346 4008 1989 4090; baseline -0.003 -21"><span class='ocrx_word' id='word_1_574' title='bbox 346 4012 592 4069; x_wconf 83' lang='grc' dir='ltr'>στότατοι</span> <span class='ocrx_word' id='word_1_575' title='bbox 648 4011 749 4090; x_wconf 77' lang='grc' dir='ltr'><strong>γὰρ</strong></span> <span class='ocrx_word' id='word_1_576' title='bbox 780 4020 923 4070; x_wconf 87' lang='grc' dir='ltr'>οῦτοι</span> <span class='ocrx_word' id='word_1_577' title='bbox 954 4012 1041 4068; x_wconf 81' lang='grc' dir='ltr'><strong>καὶ</strong></span> <span class='ocrx_word' id='word_1_578' title='bbox 1094 4009 1311 4067; x_wconf 84' lang='grc' dir='ltr'>πολλῶν</span> <span class='ocrx_word' id='word_1_579' title='bbox 1360 4008 1600 4088; x_wconf 83' lang='grc' dir='ltr'>δεόμενοι</span> <span class='ocrx_word' id='word_1_580' title='bbox 1629 4012 1761 4090; x_wconf 83' lang='grc' dir='ltr'>πρὸς</span> <span class='ocrx_word' id='word_1_581' title='bbox 1792 4010 1989 4068; x_wconf 73' lang='grc' dir='ltr'>πίστιν*</span> 
     </span>
    </p>
   </div>
   <div class='ocr_carea' id='block_1_75' title="bbox 347 4098 1998 4174">
    <p class='ocr_par' dir='ltr' id='par_1_75' title="bbox 347 4098 1998 4174">
     <span class='ocr_line' id='line_1_75' title="bbox 347 4098 1998 4174; baseline -0.002 -17"><span class='ocrx_word' id='word_1_582' title='bbox 347 4101 460 4157; x_wconf 70' lang='grc' dir='ltr'>ἰπεὶ</span> <span class='ocrx_word' id='word_1_583' title='bbox 514 4100 687 4157; x_wconf 80' lang='grc' dir='ltr'>τοίνυν</span> <span class='ocrx_word' id='word_1_584' title='bbox 739 4098 962 4166; x_wconf 65' lang='grc' dir='ltr'>ἐδίδαξεν</span> <span class='ocrx_word' id='word_1_585' title='bbox 1014 4103 1233 4174; x_wconf 79' lang='grc' dir='ltr'>ἱκανῶς,</span> <span class='ocrx_word' id='word_1_586' title='bbox 1291 4102 1380 4157; x_wconf 81' lang='grc' dir='ltr'>καὶ</span> <span class='ocrx_word' id='word_1_587' title='bbox 1433 4108 1588 4158; x_wconf 91' lang='grc' dir='ltr'>τοῦτο</span> <span class='ocrx_word' id='word_1_588' title='bbox 1648 4101 1721 4163; x_wconf 78' lang='grc' dir='ltr'>ὥς</span> <span class='ocrx_word' id='word_1_589' title='bbox 1764 4098 1998 4166; x_wconf 68' lang='grc' dir='ltr'>ἦξουσίαν</span> 
     </span>
    </p>
   </div>
   <div class='ocr_carea' id='block_1_76' title="bbox 347 4186 2001 4270">
    <p class='ocr_par' dir='ltr' id='par_1_76' title="bbox 347 4186 2001 4270">
     <span class='ocr_line' id='line_1_76' title="bbox 347 4186 2001 4270; baseline -0.002 -24"><span class='ocrx_word' id='word_1_590' title='bbox 347 4191 492 4270; x_wconf 74' lang='grc' dir='ltr'>ἔχων</span> <span class='ocrx_word' id='word_1_591' title='bbox 544 4188 642 4268; x_wconf 72' lang='grc' dir='ltr'><strong>(Οὔ</strong></span> <span class='ocrx_word' id='word_1_592' title='bbox 698 4192 798 4269; x_wconf 81' lang='grc' dir='ltr'>γὰρ</span> <span class='ocrx_word' id='word_1_593' title='bbox 850 4188 1024 4268; x_wconf 80' lang='grc' dir='ltr'>ἔλεγε,</span> <span class='ocrx_word' id='word_1_594' title='bbox 1082 4188 1204 4246; x_wconf 88' lang='grc' dir='ltr'>τάδε</span> <span class='ocrx_word' id='word_1_595' title='bbox 1260 4188 1403 4267; x_wconf 77' lang='grc' dir='ltr'>λέγει</span> <span class='ocrx_word' id='word_1_596' title='bbox 1468 4190 1679 4268; x_wconf 80' lang='grc' dir='ltr'>Κύριος,</span> <span class='ocrx_word' id='word_1_597' title='bbox 1728 4186 1847 4245; x_wconf 79' lang='grc' dir='ltr'>ἀλλ’</span> <span class='ocrx_word' id='word_1_598' title='bbox 1892 4188 2001 4265; x_wconf 72' lang='grc' dir='ltr'><strong>ἐγὼ</strong></span> 
     </span>
    </p>
   </div>
   <div class='ocr_carea' id='block_1_77' title="bbox 347 4275 2001 4357">
    <p class='ocr_par' dir='ltr' id='par_1_77' title="bbox 347 4275 2001 4357">
     <span class='ocr_line' id='line_1_77' title="bbox 347 4275 2001 4357; baseline -0.001 -24"><span class='ocrx_word' id='word_1_599' title='bbox 347 4276 491 4354; x_wconf 81' lang='grc' dir='ltr'>λέγω</span> <span class='ocrx_word' id='word_1_600' title='bbox 546 4278 698 4353; x_wconf 79' lang='grc' dir='ltr'>ὑμῖν,</span> <span class='ocrx_word' id='word_1_601' title='bbox 734 4277 815 4334; x_wconf 80' lang='grc' dir='ltr'>ὅτι</span> <span class='ocrx_word' id='word_1_602' title='bbox 845 4276 982 4353; x_wconf 72' lang='grc' dir='ltr'>μηδὲ</span> <span class='ocrx_word' id='word_1_603' title='bbox 1024 4278 1097 4339; x_wconf 82' lang='grc' dir='ltr'>ὡς</span> <span class='ocrx_word' id='word_1_604' title='bbox 1155 4278 1241 4343; x_wconf 74' lang='grc' dir='ltr'>εἷς</span> <span class='ocrx_word' id='word_1_605' title='bbox 1295 4284 1401 4334; x_wconf 88' lang='grc' dir='ltr'><strong>τῶν</strong></span> <span class='ocrx_word' id='word_1_606' title='bbox 1432 4283 1718 4357; x_wconf 77' lang='grc' dir='ltr'>προφητῶν</span> <span class='ocrx_word' id='word_1_607' title='bbox 1750 4279 1844 4349; x_wconf 80' lang='grc' dir='ltr'>ἦν,</span> <span class='ocrx_word' id='word_1_608' title='bbox 1876 4275 2001 4333; x_wconf 83' lang='grc' dir='ltr'>ἀλλ’</span> 
     </span>
    </p>
   </div>
   <div class='ocr_carea' id='block_1_78' title="bbox 348 4365 1999 4444">
    <p class='ocr_par' dir='ltr' id='par_1_78' title="bbox 348 4365 1999 4444">
     <span class='ocr_line' id='line_1_78' title="bbox 348 4365 1999 4444; baseline -0.001 -23"><span class='ocrx_word' id='word_1_609' title='bbox 348 4365 553 4433; x_wconf 76' lang='grc' dir='ltr'>ἀληθὴς</span> <span class='ocrx_word' id='word_1_610' title='bbox 616 4367 732 4431; x_wconf 77' lang='grc' dir='ltr'><strong>Υἱὸς</strong></span> <span class='ocrx_word' id='word_1_611' title='bbox 783 4373 875 4423; x_wconf 91' lang='grc' dir='ltr'><strong>τοῦ</strong></span> <span class='ocrx_word' id='word_1_612' title='bbox 932 4365 1118 4444; x_wconf 86' lang='grc' dir='ltr'>Θεοῦ),</span> <span class='ocrx_word' id='word_1_613' title='bbox 1170 4367 1305 4441; x_wconf 87' lang='grc' dir='ltr'><strong>μετά</strong></span> <span class='ocrx_word' id='word_1_614' title='bbox 1354 4373 1519 4423; x_wconf 84' lang='grc' dir='ltr'>ταῦτα</span> <span class='ocrx_word' id='word_1_615' title='bbox 1570 4366 1758 4444; x_wconf 68' lang='grc' dir='ltr'>ὶπάγει</span> <span class='ocrx_word' id='word_1_616' title='bbox 1800 4366 1889 4421; x_wconf 87' lang='grc' dir='ltr'><strong>καὶ</strong></span> <span class='ocrx_word' id='word_1_617' title='bbox 1938 4366 1999 4421; x_wconf 85' lang='grc' dir='ltr'>τὸ</span> 
     </span>
    </p>
   </div>
   <div class='ocr_carea' id='block_1_79' title="bbox 350 4444 1997 4532">
    <p class='ocr_par' dir='ltr' id='par_1_79' title="bbox 350 4444 1997 4532">
     <span class='ocr_line' id='line_1_79' title="bbox 350 4444 1997 4532; baseline -0.001 -22"><span class='ocrx_word' id='word_1_618' title='bbox 350 4457 545 4528; x_wconf 86' lang='grc' dir='ltr'>θαῦμα,</span> <span class='ocrx_word' id='word_1_619' title='bbox 608 4456 699 4511; x_wconf 81' lang='grc' dir='ltr'><strong>καὶ</strong></span> <span class='ocrx_word' id='word_1_620' title='bbox 765 4455 1038 4532; x_wconf 87' lang='grc' dir='ltr'>θεραπεύει</span> <span class='ocrx_word' id='word_1_621' title='bbox 1135 4456 1225 4511; x_wconf 78' lang='grc' dir='ltr'>τὸν</span> <span class='ocrx_word' id='word_1_622' title='bbox 1296 4453 1753 4529; x_wconf 66' lang='grc' dir='ltr'>δαιμονιζομένον,</span> <span class='ocrx_word' id='word_1_623' title='bbox 1830 4444 1887 4511; x_wconf 69' lang='grc' dir='ltr'>Ὀ</span> <span class='ocrx_word' id='word_1_624' title='bbox 1942 4450 1997 4508; x_wconf 76' lang='grc' dir='ltr'>δὲ</span> 
     </span>
    </p>
   </div>
   <div class='ocr_carea' id='block_1_80' title="bbox 2074 3297 3714 3382">
    <p class='ocr_par' dir='ltr' id='par_1_80' title="bbox 2074 3297 3714 3382">
     <span class='ocr_line' id='line_1_80' title="bbox 2074 3297 3714 3382; baseline 0.005 -27"><span class='ocrx_word' id='word_1_625' title='bbox 2074 3314 2303 3368; x_wconf 88' lang='lat' dir='ltr'><strong>omnes,</strong></span> <span class='ocrx_word' id='word_1_626' title='bbox 2358 3306 2414 3357; x_wconf 93' lang='lat' dir='ltr'><strong>et</strong></span> <span class='ocrx_word' id='word_1_627' title='bbox 2458 3297 2954 3378; x_wconf 89' lang='lat' dir='ltr'><strong>colloquebantur</strong></span> <span class='ocrx_word' id='word_1_628' title='bbox 3005 3299 3162 3361; x_wconf 91' lang='lat' dir='ltr'><strong>inter</strong></span> <span class='ocrx_word' id='word_1_629' title='bbox 3202 3318 3359 3382; x_wconf 83' lang='lat' dir='ltr'><strong>sese,</strong></span> <span class='ocrx_word' id='word_1_630' title='bbox 3396 3300 3665 3363; x_wconf 90' lang='lat' dir='ltr'><strong>dicentes</strong></span> <span class='ocrx_word' id='word_1_631' title='bbox 3700 3322 3714 3364; x_wconf 89' lang='lat'><strong>:</strong></span> 
     </span>
    </p>
   </div>
   <div class='ocr_carea' id='block_1_81' title="bbox 2074 3382 3705 3471">
    <p class='ocr_par' dir='ltr' id='par_1_81' title="bbox 2074 3382 3705 3471">
     <span class='ocr_line' id='line_1_81' title="bbox 2074 3382 3705 3471; baseline 0.005 -26"><span class='ocrx_word' id='word_1_632' title='bbox 2074 3382 2218 3456; x_wconf 86' lang='lat' dir='ltr'><strong>Quis</strong></span> <span class='ocrx_word' id='word_1_633' title='bbox 2246 3404 2443 3447; x_wconf 86' lang='lat' dir='ltr'><strong>sermo</strong></span> <span class='ocrx_word' id='word_1_634' title='bbox 2477 3386 2574 3448; x_wconf 89' lang='lat' dir='ltr'><strong>hic</strong></span> <span class='ocrx_word' id='word_1_635' title='bbox 2608 3396 2720 3462; x_wconf 91' lang='lat' dir='ltr'><strong>est,</strong></span> <span class='ocrx_word' id='word_1_636' title='bbox 2752 3387 2889 3467; x_wconf 91' lang='lat' dir='ltr'><strong>quia</strong></span> <span class='ocrx_word' id='word_1_637' title='bbox 2932 3408 3065 3449; x_wconf 90' lang='lat' dir='ltr'><strong>cum</strong></span> <span class='ocrx_word' id='word_1_638' title='bbox 3114 3389 3463 3454; x_wconf 87' lang='lat' dir='ltr'><strong>auctoritate</strong></span> <span class='ocrx_word' id='word_1_639' title='bbox 3506 3399 3565 3452; x_wconf 87' lang='lat' dir='ltr'><strong>et</strong></span> <span class='ocrx_word' id='word_1_640' title='bbox 3596 3410 3705 3471; x_wconf 88' lang='lat' dir='ltr'><strong>po-</strong></span> 
     </span>
    </p>
   </div>
   <div class='ocr_carea' id='block_1_82' title="bbox 2077 3475 3722 3558">
    <p class='ocr_par' dir='ltr' id='par_1_82' title="bbox 2077 3475 3722 3558">
     <span class='ocr_line' id='line_1_82' title="bbox 2077 3475 3722 3558; baseline 0.006 -26"><span class='ocrx_word' id='word_1_641' title='bbox 2077 3480 2287 3537; x_wconf 87' lang='lat' dir='ltr'><strong>testate</strong></span> <span class='ocrx_word' id='word_1_642' title='bbox 2325 3475 2577 3555; x_wconf 91' lang='lat' dir='ltr'><strong>imperat</strong></span> <span class='ocrx_word' id='word_1_643' title='bbox 2620 3476 2945 3538; x_wconf 89' lang='lat' dir='ltr'><strong>immundis</strong></span> <span class='ocrx_word' id='word_1_644' title='bbox 2986 3478 3316 3558; x_wconf 86' lang='lat' dir='ltr'><strong>spiritibus,</strong></span> <span class='ocrx_word' id='word_1_645' title='bbox 3352 3488 3412 3541; x_wconf 91' lang='lat' dir='ltr'><strong>et</strong></span> <span class='ocrx_word' id='word_1_646' title='bbox 3458 3480 3722 3542; x_wconf 81' lang='lat' dir='ltr'><strong>exeunt?</strong></span> 
     </span>
    </p>
   </div>
   <div class='ocr_carea' id='block_1_83' title="bbox 2074 3562 3722 3643">
    <p class='ocr_par' dir='ltr' id='par_1_83' title="bbox 2074 3562 3722 3643">
     <span class='ocr_line' id='line_1_83' title="bbox 2074 3562 3722 3643; baseline 0.004 -18"><span class='ocrx_word' id='word_1_647' title='bbox 2074 3562 2149 3625; x_wconf 89' lang='lat' dir='ltr'><strong>Et</strong></span> <span class='ocrx_word' id='word_1_648' title='bbox 2181 3562 2589 3643; x_wconf 87' lang='lat' dir='ltr'><strong>divulgabatur</strong></span> <span class='ocrx_word' id='word_1_649' title='bbox 2633 3565 2787 3625; x_wconf 82' lang='lat' dir='ltr'><strong>fama</strong></span> <span class='ocrx_word' id='word_1_650' title='bbox 2836 3565 2910 3626; x_wconf 89' lang='lat' dir='ltr'><strong>de</strong></span> <span class='ocrx_word' id='word_1_651' title='bbox 2960 3566 3061 3627; x_wconf 86' lang='lat' dir='ltr'><strong>illo</strong></span> <span class='ocrx_word' id='word_1_652' title='bbox 3110 3568 3168 3627; x_wconf 90' lang='lat' dir='ltr'><strong>in</strong></span> <span class='ocrx_word' id='word_1_653' title='bbox 3228 3587 3465 3629; x_wconf 89' lang='lat' dir='ltr'><strong>omnem</strong></span> <span class='ocrx_word' id='word_1_654' title='bbox 3525 3569 3722 3631; x_wconf 89' lang='lat' dir='ltr'><strong>locum</strong></span> 
     </span>
    </p>
   </div>
   <div class='ocr_carea' id='block_1_84' title="bbox 2078 3652 3721 3737">
    <p class='ocr_par' dir='ltr' id='par_1_84' title="bbox 2078 3652 3721 3737">
     <span class='ocr_line' id='line_1_84' title="bbox 2078 3652 3721 3737; baseline 0.005 -26"><span class='ocrx_word' id='word_1_655' title='bbox 2078 3652 2339 3733; x_wconf 88' lang='lat' dir='ltr'><strong>undique</strong></span> <span class='ocrx_word' id='word_1_656' title='bbox 2365 3652 2628 3715; x_wconf 69' lang='lat' dir='ltr'><strong>ﬁnitimae</strong></span> <span class='ocrx_word' id='word_1_657' title='bbox 2650 3652 2974 3732; x_wconf 66' lang='lat' dir='ltr'><strong>regionis.»</strong></span> <span class='ocrx_word' id='word_1_658' title='bbox 3013 3657 3327 3736; x_wconf 87' lang='lat' dir='ltr'><strong>Postquam</strong></span> <span class='ocrx_word' id='word_1_659' title='bbox 3352 3674 3547 3737; x_wconf 92' lang='lat' dir='ltr'><strong>neque</strong></span> <span class='ocrx_word' id='word_1_660' title='bbox 3568 3658 3721 3719; x_wconf 88' lang='lat' dir='ltr'><strong>ratio</strong></span> 
     </span>
    </p>
   </div>
   <div class='ocr_carea' id='block_1_85' title="bbox 2077 3741 3721 3822">
    <p class='ocr_par' dir='ltr' id='par_1_85' title="bbox 2077 3741 3721 3822">
     <span class='ocr_line' id='line_1_85' title="bbox 2077 3741 3721 3822; baseline 0.003 -20"><span class='ocrx_word' id='word_1_661' title='bbox 2077 3759 2271 3821; x_wconf 91' lang='lat' dir='ltr'><strong>neque</strong></span> <span class='ocrx_word' id='word_1_662' title='bbox 2303 3741 2573 3804; x_wconf 87' lang='lat' dir='ltr'><strong>doctrina</strong></span> <span class='ocrx_word' id='word_1_663' title='bbox 2600 3743 2671 3804; x_wconf 90' lang='lat' dir='ltr'><strong>ad</strong></span> <span class='ocrx_word' id='word_1_664' title='bbox 2705 3742 2883 3805; x_wconf 79' lang='lat' dir='ltr'><strong>fidem</strong></span> <span class='ocrx_word' id='word_1_665' title='bbox 2916 3743 3110 3822; x_wconf 86' lang='lat' dir='ltr'><strong>rapuit</strong></span> <span class='ocrx_word' id='word_1_666' title='bbox 3142 3744 3721 3821; x_wconf 86' lang='lat' dir='ltr'><strong>incredulos,Domi-—</strong></span> 
     </span>
    </p>
   </div>
   <div class='ocr_carea' id='block_1_86' title="bbox 2078 3829 3723 3912">
    <p class='ocr_par' dir='ltr' id='par_1_86' title="bbox 2078 3829 3723 3912">
     <span class='ocr_line' id='line_1_86' title="bbox 2078 3829 3723 3912; baseline 0.002 -20"><span class='ocrx_word' id='word_1_667' title='bbox 2078 3850 2190 3892; x_wconf 91' lang='lat' dir='ltr'><strong>nus</strong></span> <span class='ocrx_word' id='word_1_668' title='bbox 2220 3829 2290 3890; x_wconf 92' lang='lat' dir='ltr'><strong>ad</strong></span> <span class='ocrx_word' id='word_1_669' title='bbox 2330 3831 2750 3893; x_wconf 89' lang='lat' dir='ltr'><strong>miraculorum</strong></span> <span class='ocrx_word' id='word_1_670' title='bbox 2782 3832 3187 3912; x_wconf 84' lang='lat' dir='ltr'><strong>operationem</strong></span> <span class='ocrx_word' id='word_1_671' title='bbox 3210 3851 3274 3893; x_wconf 91' lang='lat' dir='ltr'><strong>se</strong></span> <span class='ocrx_word' id='word_1_672' title='bbox 3296 3834 3723 3908; x_wconf 88' lang='lat' dir='ltr'><strong>convertit,ceu</strong></span> 
     </span>
    </p>
   </div>
   <div class='ocr_carea' id='block_1_87' title="bbox 2079 3920 3726 4002">
    <p class='ocr_par' dir='ltr' id='par_1_87' title="bbox 2079 3920 3726 4002">
     <span class='ocr_line' id='line_1_87' title="bbox 2079 3920 3726 4002; baseline 0.002 -21"><span class='ocrx_word' id='word_1_673' title='bbox 2079 3920 2498 3981; x_wconf 81' lang='lat' dir='ltr'><strong>efﬁcassimum</strong></span> <span class='ocrx_word' id='word_1_674' title='bbox 2522 3922 2933 4000; x_wconf 88' lang='lat' dir='ltr'><strong>pharmacum.</strong></span> <span class='ocrx_word' id='word_1_675' title='bbox 2956 3920 3430 4000; x_wconf 85' lang='lat' dir='ltr'><strong>Miraculaigitur</strong></span> <span class='ocrx_word' id='word_1_676' title='bbox 3447 3931 3726 4002; x_wconf 89' lang='lat' dir='ltr'><strong>operatur</strong></span> 
     </span>
    </p>
   </div>
   <div class='ocr_carea' id='block_1_88' title="bbox 2080 4007 3726 4087">
    <p class='ocr_par' dir='ltr' id='par_1_88' title="bbox 2080 4007 3726 4087">
     <span class='ocr_line' id='line_1_88' title="bbox 2080 4007 3726 4087; baseline 0.003 -19"><span class='ocrx_word' id='word_1_677' title='bbox 2080 4008 2140 4068; x_wconf 92' lang='lat' dir='ltr'><strong>in</strong></span> <span class='ocrx_word' id='word_1_678' title='bbox 2187 4007 2577 4087; x_wconf 86' lang='lat' dir='ltr'><strong>Capernaum.</strong></span> <span class='ocrx_word' id='word_1_679' title='bbox 2632 4009 2816 4070; x_wconf 92' lang='lat' dir='ltr'><strong>Valde</strong></span> <span class='ocrx_word' id='word_1_680' title='bbox 2863 4008 3023 4070; x_wconf 90' lang='lat' dir='ltr'><strong>enim</strong></span> <span class='ocrx_word' id='word_1_681' title='bbox 3084 4009 3378 4071; x_wconf 90' lang='lat' dir='ltr'><strong>increduli</strong></span> <span class='ocrx_word' id='word_1_682' title='bbox 3429 4020 3619 4086; x_wconf 89' lang='lat' dir='ltr'><strong>erant,</strong></span> <span class='ocrx_word' id='word_1_683' title='bbox 3666 4021 3726 4074; x_wconf 88' lang='lat' dir='ltr'><strong>et</strong></span> 
     </span>
    </p>
   </div>
   <div class='ocr_carea' id='block_1_89' title="bbox 2084 4095 3722 4180">
    <p class='ocr_par' dir='ltr' id='par_1_89' title="bbox 2084 4095 3722 4180">
     <span class='ocr_line' id='line_1_89' title="bbox 2084 4095 3722 4180; baseline 0.004 -25"><span class='ocrx_word' id='word_1_684' title='bbox 2084 4095 2287 4156; x_wconf 91' lang='lat' dir='ltr'><strong>multis</strong></span> <span class='ocrx_word' id='word_1_685' title='bbox 2343 4097 2414 4157; x_wconf 90' lang='lat' dir='ltr'><strong>ad</strong></span> <span class='ocrx_word' id='word_1_686' title='bbox 2466 4097 2643 4160; x_wconf 85' lang='lat' dir='ltr'><strong>ﬁdem</strong></span> <span class='ocrx_word' id='word_1_687' title='bbox 2706 4098 3093 4177; x_wconf 87' lang='lat' dir='ltr'><strong>indigebant:</strong></span> <span class='ocrx_word' id='word_1_688' title='bbox 3148 4098 3368 4160; x_wconf 84' lang='lat' dir='ltr'><strong>idcirco</strong></span> <span class='ocrx_word' id='word_1_689' title='bbox 3416 4107 3722 4180; x_wconf 86' lang='lat' dir='ltr'><strong>postquam</strong></span> 
     </span>
    </p>
   </div>
   <div class='ocr_carea' id='block_1_90' title="bbox 2084 4184 3725 4269">
    <p class='ocr_par' dir='ltr' id='par_1_90' title="bbox 2084 4184 3725 4269">
     <span class='ocr_line' id='line_1_90' title="bbox 2084 4184 3725 4269; baseline 0.003 -25"><span class='ocrx_word' id='word_1_690' title='bbox 2084 4184 2229 4244; x_wconf 86' lang='lat' dir='ltr'><strong>satis</strong></span> <span class='ocrx_word' id='word_1_691' title='bbox 2261 4184 2547 4264; x_wconf 89' lang='lat' dir='ltr'><strong>docuit,et</strong></span> <span class='ocrx_word' id='word_1_692' title='bbox 2568 4185 2627 4247; x_wconf 88' lang='lat' dir='ltr'><strong>id</strong></span> <span class='ocrx_word' id='word_1_693' title='bbox 2653 4194 2925 4267; x_wconf 87' lang='lat' dir='ltr'><strong>tanquam</strong></span> <span class='ocrx_word' id='word_1_694' title='bbox 2961 4192 3247 4266; x_wconf 89' lang='lat' dir='ltr'><strong>potestate</strong></span> <span class='ocrx_word' id='word_1_695' title='bbox 3280 4188 3558 4267; x_wconf 72' lang='lat' dir='ltr'><strong>praeditus</strong></span> <span class='ocrx_word' id='word_1_696' title='bbox 3581 4189 3725 4269; x_wconf 92' lang='lat' dir='ltr'><strong>(non</strong></span> 
     </span>
    </p>
   </div>
   <div class='ocr_carea' id='block_1_91' title="bbox 2085 4272 3723 4356">
    <p class='ocr_par' dir='ltr' id='par_1_91' title="bbox 2085 4272 3723 4356">
     <span class='ocr_line' id='line_1_91' title="bbox 2085 4272 3723 4356; baseline 0.004 -24"><span class='ocrx_word' id='word_1_697' title='bbox 2085 4272 2241 4333; x_wconf 92' lang='lat' dir='ltr'><strong>enim</strong></span> <span class='ocrx_word' id='word_1_698' title='bbox 2276 4273 2534 4347; x_wconf 86' lang='lat' dir='ltr'><strong>dicebat,</strong></span> <span class='ocrx_word' id='word_1_699' title='bbox 2568 4274 2703 4336; x_wconf 72' lang='lat' dir='ltr'><strong>Haec</strong></span> <span class='ocrx_word' id='word_1_700' title='bbox 2734 4275 2878 4335; x_wconf 90' lang='lat' dir='ltr'><strong>dicit</strong></span> <span class='ocrx_word' id='word_1_701' title='bbox 2920 4273 3229 4347; x_wconf 91' lang='lat' dir='ltr'><strong>Dominus,</strong></span> <span class='ocrx_word' id='word_1_702' title='bbox 3261 4278 3390 4351; x_wconf 87' lang='lat' dir='ltr'><strong>sed,</strong></span> <span class='ocrx_word' id='word_1_703' title='bbox 3425 4276 3545 4356; x_wconf 87' lang='lat' dir='ltr'><strong>Ego</strong></span> <span class='ocrx_word' id='word_1_704' title='bbox 3590 4277 3723 4339; x_wconf 91' lang='lat' dir='ltr'><strong>dico</strong></span> 
     </span>
    </p>
   </div>
   <div class='ocr_carea' id='block_1_92' title="bbox 2084 4361 3727 4445">
    <p class='ocr_par' dir='ltr' id='par_1_92' title="bbox 2084 4361 3727 4445">
     <span class='ocr_line' id='line_1_92' title="bbox 2084 4361 3727 4445; baseline 0.005 -26"><span class='ocrx_word' id='word_1_705' title='bbox 2084 4361 2287 4424; x_wconf 86' lang='lat' dir='ltr'><strong>vobis:</strong></span> <span class='ocrx_word' id='word_1_706' title='bbox 2323 4365 2459 4442; x_wconf 91' lang='lat' dir='ltr'><strong>quia</strong></span> <span class='ocrx_word' id='word_1_707' title='bbox 2488 4382 2604 4424; x_wconf 91' lang='lat' dir='ltr'><strong>non</strong></span> <span class='ocrx_word' id='word_1_708' title='bbox 2637 4381 2788 4424; x_wconf 89' lang='lat' dir='ltr'><strong>unus</strong></span> <span class='ocrx_word' id='word_1_709' title='bbox 2819 4382 2890 4425; x_wconf 83' lang='lat' dir='ltr'><strong>ex</strong></span> <span class='ocrx_word' id='word_1_710' title='bbox 2934 4365 3237 4445; x_wconf 88' lang='lat' dir='ltr'><strong>prophetis</strong></span> <span class='ocrx_word' id='word_1_711' title='bbox 3264 4372 3411 4439; x_wconf 89' lang='lat' dir='ltr'><strong>erat,</strong></span> <span class='ocrx_word' id='word_1_712' title='bbox 3448 4365 3552 4427; x_wconf 88' lang='lat' dir='ltr'><strong>sed</strong></span> <span class='ocrx_word' id='word_1_713' title='bbox 3581 4383 3727 4428; x_wconf 88' lang='lat' dir='ltr'><strong>vere</strong></span> 
     </span>
    </p>
   </div>
   <div class='ocr_carea' id='block_1_93' title="bbox 2084 4450 3729 4531">
    <p class='ocr_par' dir='ltr' id='par_1_93' title="bbox 2084 4450 3729 4531">
     <span class='ocr_line' id='line_1_93' title="bbox 2084 4450 3729 4531; baseline 0.002 -18"><span class='ocrx_word' id='word_1_714' title='bbox 2084 4451 2191 4513; x_wconf 86' lang='lat' dir='ltr'><strong>Dei</strong></span> <span class='ocrx_word' id='word_1_715' title='bbox 2241 4450 2474 4531; x_wconf 90' lang='lat' dir='ltr'><strong>Filius),</strong></span> <span class='ocrx_word' id='word_1_716' title='bbox 2537 4452 2736 4513; x_wconf 91' lang='lat' dir='ltr'><strong>subdit</strong></span> <span class='ocrx_word' id='word_1_717' title='bbox 2794 4451 2969 4513; x_wconf 86' lang='lat' dir='ltr'><strong>etiam</strong></span> <span class='ocrx_word' id='word_1_718' title='bbox 3022 4452 3395 4528; x_wconf 89' lang='lat' dir='ltr'><strong>miraculum,</strong></span> <span class='ocrx_word' id='word_1_719' title='bbox 3450 4467 3508 4516; x_wconf 86' lang='lat' dir='ltr'><strong>et</strong></span> <span class='ocrx_word' id='word_1_720' title='bbox 3560 4462 3729 4516; x_wconf 88' lang='lat' dir='ltr'><strong>sanat</strong></span> 
     </span>
    </p>
   </div>
   <div class='ocr_carea' id='block_1_94' title="bbox 347 4515 1996 4623">
    <p class='ocr_par' dir='ltr' id='par_1_94' title="bbox 347 4515 1996 4623">
     <span class='ocr_line' id='line_1_94' title="bbox 347 4515 1996 4623; baseline -0.001 -25"><span class='ocrx_word' id='word_1_721' title='bbox 347 4515 547 4618; x_wconf 75' lang='grc' dir='ltr'>δαίμων</span> <span class='ocrx_word' id='word_1_722' title='bbox 602 4515 857 4623; x_wconf 46' lang='grc' dir='ltr'>πρότερον</span> <span class='ocrx_word' id='word_1_723' title='bbox 914 4541 1176 4623; x_wconf 83' lang='grc' dir='ltr'>ὁμολογεῖ</span> <span class='ocrx_word' id='word_1_724' title='bbox 1228 4543 1328 4611; x_wconf 82' lang='grc' dir='ltr'>τὴν</span> <span class='ocrx_word' id='word_1_725' title='bbox 1384 4515 1603 4623; x_wconf 57' lang='grc' dir='ltr'><strong>ἔχθρέιᾷ,</strong></span> <span class='ocrx_word' id='word_1_726' title='bbox 1641 4542 1734 4600; x_wconf 75' lang='grc' dir='ltr'>’ίνα</span> <span class='ocrx_word' id='word_1_727' title='bbox 1774 4544 1809 4611; x_wconf 80' lang='grc' dir='ltr'><strong>ἡ</strong></span> <span class='ocrx_word' id='word_1_728' title='bbox 1856 4564 1996 4619; x_wconf 85' lang='grc' dir='ltr'>μαρ-</span> 
     </span>
    </p>
   </div>
   <div class='ocr_carea' id='block_1_95' title="bbox 2083 4515 3725 4623">
    <p class='ocr_par' dir='ltr' id='par_1_95' title="bbox 2083 4515 3725 4622">
     <span class='ocr_line' id='line_1_95' title="bbox 2083 4515 3725 4622; baseline 0.004 -24"><span class='ocrx_word' id='word_1_729' title='bbox 2083 4538 2377 4601; x_wconf 68' lang='grc' dir='ltr'>ᾱωιηοηίο</span> <span class='ocrx_word' id='word_1_730' title='bbox 2396 4515 2701 4619; x_wconf 65' lang='lat' dir='ltr'><strong>agitatum.</strong></span> <span class='ocrx_word' id='word_1_731' title='bbox 2737 4542 2814 4602; x_wconf 84' lang='lat' dir='ltr'><strong>At</strong></span> <span class='ocrx_word' id='word_1_732' title='bbox 2844 4540 3074 4601; x_wconf 70' lang='lat' dir='ltr'><strong>daemon</strong></span> <span class='ocrx_word' id='word_1_733' title='bbox 3107 4515 3447 4602; x_wconf 75' lang='lat' dir='ltr'><strong>inimicitias</strong></span> <span class='ocrx_word' id='word_1_734' title='bbox 3469 4542 3725 4622; x_wconf 90' lang='lat' dir='ltr'><strong>primum</strong></span> 
     </span>
    </p>
   </div>
   <div class='ocr_carea' id='block_1_96' title="bbox 350 4630 1995 4711">
    <p class='ocr_par' dir='ltr' id='par_1_96' title="bbox 350 4630 1995 4711">
     <span class='ocr_line' id='line_1_96' title="bbox 350 4630 1995 4711; baseline -0.002 -21"><span class='ocrx_word' id='word_1_735' title='bbox 350 4634 497 4710; x_wconf 84' lang='grc' dir='ltr'>τυρία</span> <span class='ocrx_word' id='word_1_736' title='bbox 553 4630 858 4697; x_wconf 85' lang='grc' dir='ltr'>ἀξιόπιστος</span> <span class='ocrx_word' id='word_1_737' title='bbox 902 4632 995 4699; x_wconf 72' lang='grc' dir='ltr'>ε’ίη</span> <span class='ocrx_word' id='word_1_738' title='bbox 1033 4649 1046 4662; x_wconf 93' lang='grc'><strong>·</strong></span> <span class='ocrx_word' id='word_1_739' title='bbox 1104 4633 1229 4689; x_wconf 79' lang='grc' dir='ltr'>εἶτα</span> <span class='ocrx_word' id='word_1_740' title='bbox 1269 4633 1460 4711; x_wconf 65' lang='grc' dir='ltr'>ὶπάγει</span> <span class='ocrx_word' id='word_1_741' title='bbox 1511 4633 1610 4699; x_wconf 80' lang='grc' dir='ltr'><strong>τὴν</strong></span> <span class='ocrx_word' id='word_1_742' title='bbox 1662 4634 1946 4711; x_wconf 85' lang='grc' dir='ltr'>μαρτυρίαν</span> <span class='ocrx_word' id='word_1_743' title='bbox 1981 4650 1995 4665; x_wconf 91' lang='grc'><strong>·</strong></span> 
     </span>
    </p>
   </div>
   <div class='ocr_carea' id='block_1_97' title="bbox 352 4711 2002 4799">
    <p class='ocr_par' dir='ltr' id='par_1_97' title="bbox 352 4711 2002 4799">
     <span class='ocr_line' id='line_1_97' title="bbox 352 4711 2002 4799; baseline -0.001 -22"><span class='ocrx_word' id='word_1_744' title='bbox 352 4719 551 4778; x_wconf 75' lang='grc' dir='ltr'>Οίδάσε</span> <span class='ocrx_word' id='word_1_745' title='bbox 579 4721 657 4782; x_wconf 88' lang='grc' dir='ltr'><strong>τίς</strong></span> <span class='ocrx_word' id='word_1_746' title='bbox 688 4720 766 4776; x_wconf 78' lang='grc' dir='ltr'><strong>εἷ.</strong></span> <span class='ocrx_word' id='word_1_747' title='bbox 797 4711 856 4777; x_wconf 72' lang='grc'><strong>’0</strong></span> <span class='ocrx_word' id='word_1_748' title='bbox 883 4719 1036 4797; x_wconf 75' lang='grc' dir='ltr'>ἅγιος</span> <span class='ocrx_word' id='word_1_749' title='bbox 1066 4730 1160 4780; x_wconf 82' lang='grc' dir='ltr'><strong>τοῦ</strong></span> <span class='ocrx_word' id='word_1_750' title='bbox 1189 4728 1342 4782; x_wconf 81' lang='grc' dir='ltr'>Θεοῦ,</span> <span class='ocrx_word' id='word_1_751' title='bbox 1376 4720 1638 4799; x_wconf 76' lang='grc' dir='ltr'>Πρότερον</span> <span class='ocrx_word' id='word_1_752' title='bbox 1662 4727 1749 4776; x_wconf 93' lang='grc' dir='ltr'><strong>οῦν</strong></span> <span class='ocrx_word' id='word_1_753' title='bbox 1782 4718 2002 4798; x_wconf 77' lang='grc' dir='ltr'>ἐγκαλεῖ</span> 
     </span>
    </p>
   </div>
   <div class='ocr_carea' id='block_1_98' title="bbox 359 4807 1999 4885">
    <p class='ocr_par' dir='ltr' id='par_1_98' title="bbox 359 4807 1999 4885">
     <span class='ocr_line' id='line_1_98' title="bbox 359 4807 1999 4885; baseline 0 -20"><span class='ocrx_word' id='word_1_754' title='bbox 359 4813 500 4880; x_wconf 73' lang='grc' dir='ltr'>αὖτῷ</span> <span class='ocrx_word' id='word_1_755' title='bbox 532 4827 549 4845; x_wconf 75' lang='grc'><strong><em>⁸</em></strong></span> <span class='ocrx_word' id='word_1_756' title='bbox 585 4810 645 4866; x_wconf 88' lang='grc' dir='ltr'><strong>Τί</strong></span> <span class='ocrx_word' id='word_1_757' title='bbox 673 4807 832 4875; x_wconf 81' lang='grc' dir='ltr'>ἦλθες</span> <span class='ocrx_word' id='word_1_758' title='bbox 862 4807 965 4864; x_wconf 82' lang='grc' dir='ltr'>ὦδε</span> <span class='ocrx_word' id='word_1_759' title='bbox 1002 4807 1259 4866; x_wconf 82' lang='grc' dir='ltr'>ἀπολέσαι</span> <span class='ocrx_word' id='word_1_760' title='bbox 1288 4811 1433 4883; x_wconf 72' lang='grc' dir='ltr'>ἡμᾶς</span> <span class='ocrx_word' id='word_1_761' title='bbox 1470 4825 1487 4882; x_wconf 75' lang='grc' dir='ltr'>ς</span> <span class='ocrx_word' id='word_1_762' title='bbox 1519 4809 1660 4866; x_wconf 76' lang='grc' dir='ltr'>Εἶτα</span> <span class='ocrx_word' id='word_1_763' title='bbox 1698 4807 1999 4885; x_wconf 84' lang='grc' dir='ltr'>κολακεύει,</span> 
     </span>
    </p>
   </div>
   <div class='ocr_carea' id='block_1_99' title="bbox 353 4896 1999 4977">
    <p class='ocr_par' dir='ltr' id='par_1_99' title="bbox 353 4896 1999 4977">
     <span class='ocr_line' id='line_1_99' title="bbox 353 4896 1999 4977; baseline 0.001 -24"><span class='ocrx_word' id='word_1_764' title='bbox 353 4896 523 4954; x_wconf 85' lang='grc' dir='ltr'>δοκῶν</span> <span class='ocrx_word' id='word_1_765' title='bbox 578 4899 669 4953; x_wconf 87' lang='grc' dir='ltr'>τὸν</span> <span class='ocrx_word' id='word_1_766' title='bbox 700 4898 890 4977; x_wconf 80' lang='grc' dir='ltr'>Κύριον</span> <span class='ocrx_word' id='word_1_767' title='bbox 946 4899 1050 4955; x_wconf 74' lang='grc' dir='ltr'>ὑπὸ</span> <span class='ocrx_word' id='word_1_768' title='bbox 1103 4898 1203 4966; x_wconf 76' lang='grc' dir='ltr'>τῆς</span> <span class='ocrx_word' id='word_1_769' title='bbox 1260 4896 1544 4961; x_wconf 86' lang='grc' dir='ltr'>κολακείας</span> <span class='ocrx_word' id='word_1_770' title='bbox 1589 4896 1999 4975; x_wconf 83' lang='grc' dir='ltr'>μαλακισθέντα,</span> 
     </span>
    </p>
   </div>
   <div class='ocr_carea' id='block_1_100' title="bbox 355 4984 2003 5065">
    <p class='ocr_par' dir='ltr' id='par_1_100' title="bbox 355 4984 2003 5065">
     <span class='ocr_line' id='line_1_100' title="bbox 355 4984 2003 5065; baseline 0 -22"><span class='ocrx_word' id='word_1_771' title='bbox 355 4987 529 5043; x_wconf 77' lang='grc' dir='ltr'>ἐάσειν</span> <span class='ocrx_word' id='word_1_772' title='bbox 602 4986 758 5042; x_wconf 72' lang='grc' dir='ltr'>αὒτόν</span> <span class='ocrx_word' id='word_1_773' title='bbox 796 5002 811 5017; x_wconf 76' lang='grc'><strong>⁸</strong></span> <span class='ocrx_word' id='word_1_774' title='bbox 877 4986 1042 5051; x_wconf 75' lang='grc' dir='ltr'>οὕτως</span> <span class='ocrx_word' id='word_1_775' title='bbox 1098 4985 1326 5053; x_wconf 84' lang='grc' dir='ltr'>ἀνόητον</span> <span class='ocrx_word' id='word_1_776' title='bbox 1381 4987 1416 5055; x_wconf 76' lang='grc' dir='ltr'><strong>ἡ</strong></span> <span class='ocrx_word' id='word_1_777' title='bbox 1475 4987 1701 5065; x_wconf 89' lang='grc' dir='ltr'>πονηρία</span> <span class='ocrx_word' id='word_1_778' title='bbox 1736 5005 1750 5019; x_wconf 88' lang='grc'><strong>·</strong></span> <span class='ocrx_word' id='word_1_779' title='bbox 1812 4984 1931 5041; x_wconf 85' lang='grc' dir='ltr'>ἀλλ’</span> <span class='ocrx_word' id='word_1_780' title='bbox 1975 4989 2003 5043; x_wconf 93' lang='lat'><strong>6</strong></span> 
     </span>
    </p>
   </div>
   <div class='ocr_carea' id='block_1_101' title="bbox 358 5073 2004 5155">
    <p class='ocr_par' dir='ltr' id='par_1_101' title="bbox 358 5073 2004 5155">
     <span class='ocr_line' id='line_1_101' title="bbox 358 5073 2004 5155; baseline 0 -24"><span class='ocrx_word' id='word_1_781' title='bbox 358 5076 569 5154; x_wconf 77' lang='grc' dir='ltr'>Κύριος.</span> <span class='ocrx_word' id='word_1_782' title='bbox 644 5073 903 5132; x_wconf 80' lang='grc' dir='ltr'>διδάσκων</span> <span class='ocrx_word' id='word_1_783' title='bbox 961 5077 1131 5155; x_wconf 71' lang='grc' dir='ltr'>ἡμᾶς,</span> <span class='ocrx_word' id='word_1_784' title='bbox 1179 5074 1273 5131; x_wconf 75' lang='grc' dir='ltr'>ἵνα</span> <span class='ocrx_word' id='word_1_785' title='bbox 1302 5075 1382 5151; x_wconf 66' lang='grc' dir='ltr'>μή</span> <span class='ocrx_word' id='word_1_786' title='bbox 1412 5075 1705 5155; x_wconf 73' lang='grc' dir='ltr'>χρῄζωμεν</span> <span class='ocrx_word' id='word_1_787' title='bbox 1753 5074 1852 5143; x_wconf 70' lang='grc' dir='ltr'>τῆς</span> <span class='ocrx_word' id='word_1_788' title='bbox 1899 5075 2004 5131; x_wconf 85' lang='grc' dir='ltr'>ἀπὸ</span> 
     </span>
    </p>
   </div>
   <div class='ocr_carea' id='block_1_102' title="bbox 354 5161 2000 5244">
    <p class='ocr_par' dir='ltr' id='par_1_102' title="bbox 354 5161 2000 5244">
     <span class='ocr_line' id='line_1_102' title="bbox 354 5161 2000 5244; baseline -0.001 -24"><span class='ocrx_word' id='word_1_789' title='bbox 354 5172 458 5221; x_wconf 79' lang='grc' dir='ltr'><strong>τῶν</strong></span> <span class='ocrx_word' id='word_1_790' title='bbox 554 5161 820 5239; x_wconf 84' lang='grc' dir='ltr'>δαιμόνων</span> <span class='ocrx_word' id='word_1_791' title='bbox 905 5185 1188 5243; x_wconf 84' lang='grc' dir='ltr'>μαρτυριας</span> <span class='ocrx_word' id='word_1_792' title='bbox 1256 5165 1345 5220; x_wconf 87' lang='grc' dir='ltr'><strong>καὶ</strong></span> <span class='ocrx_word' id='word_1_793' title='bbox 1431 5164 1756 5236; x_wconf 86' lang='grc' dir='ltr'>συστάσεως,</span> <span class='ocrx_word' id='word_1_794' title='bbox 1822 5164 2000 5244; x_wconf 79' lang='grc' dir='ltr'>φησί’</span> 
     </span>
    </p>
   </div>
   <div class='ocr_carea' id='block_1_103' title="bbox 351 5250 2004 5331">
    <p class='ocr_par' dir='ltr' id='par_1_103' title="bbox 351 5250 2004 5331">
     <span class='ocr_line' id='line_1_103' title="bbox 351 5250 2004 5331; baseline -0.001 -22"><span class='ocrx_word' id='word_1_795' title='bbox 351 5252 659 5328; x_wconf 78' lang='grc' dir='ltr'>Φιμώθητι,</span> <span class='ocrx_word' id='word_1_796' title='bbox 712 5254 801 5310; x_wconf 80' lang='grc' dir='ltr'><strong>καὶ</strong></span> <span class='ocrx_word' id='word_1_797' title='bbox 872 5251 1044 5317; x_wconf 77' lang='grc' dir='ltr'>ἔξελθε</span> <span class='ocrx_word' id='word_1_798' title='bbox 1093 5250 1147 5317; x_wconf 69' lang='grc' dir='ltr'>ἒξ</span> <span class='ocrx_word' id='word_1_799' title='bbox 1202 5250 1384 5311; x_wconf 75' lang='grc' dir='ltr'>αῦτοῦ.</span> <span class='ocrx_word' id='word_1_800' title='bbox 1462 5258 1753 5331; x_wconf 82' lang='grc' dir='ltr'>Συγχωρεϊ</span> <span class='ocrx_word' id='word_1_801' title='bbox 1817 5250 1870 5308; x_wconf 74' lang='grc' dir='ltr'><strong>δί</strong></span> <span class='ocrx_word' id='word_1_802' title='bbox 1926 5257 2004 5325; x_wconf 82' lang='grc' dir='ltr'>τῷ</span> 
     </span>
    </p>
   </div>
   <div class='ocr_carea' id='block_1_104' title="bbox 353 5339 2005 5422">
    <p class='ocr_par' dir='ltr' id='par_1_104' title="bbox 353 5339 2005 5422">
     <span class='ocr_line' id='line_1_104' title="bbox 353 5339 2005 5422; baseline -0.001 -23"><span class='ocrx_word' id='word_1_803' title='bbox 353 5342 564 5418; x_wconf 78' lang='grc' dir='ltr'>δαίμονι</span> <span class='ocrx_word' id='word_1_804' title='bbox 621 5342 769 5419; x_wconf 79' lang='grc' dir='ltr'>ῥίψαι</span> <span class='ocrx_word' id='word_1_805' title='bbox 828 5343 918 5398; x_wconf 81' lang='grc' dir='ltr'>τὸν</span> <span class='ocrx_word' id='word_1_806' title='bbox 980 5339 1275 5422; x_wconf 84' lang='grc' dir='ltr'>ἄνθρωπον,</span> <span class='ocrx_word' id='word_1_807' title='bbox 1342 5342 1436 5397; x_wconf 80' lang='grc' dir='ltr'>’ίνα</span> <span class='ocrx_word' id='word_1_808' title='bbox 1495 5342 1731 5417; x_wconf 87' lang='grc' dir='ltr'>μάθωσιν</span> <span class='ocrx_word' id='word_1_809' title='bbox 1786 5342 1832 5397; x_wconf 70' lang='lat' dir='ltr'><strong>ot</strong></span> <span class='ocrx_word' id='word_1_810' title='bbox 1863 5363 2005 5420; x_wconf 88' lang='grc' dir='ltr'>παρ-</span> 
     </span>
    </p>
   </div>
   <div class='ocr_carea' id='block_1_105' title="bbox 353 5429 2009 5511">
    <p class='ocr_par' dir='ltr' id='par_1_105' title="bbox 353 5429 2009 5511">
     <span class='ocr_line' id='line_1_105' title="bbox 353 5429 2009 5511; baseline -0.001 -24"><span class='ocrx_word' id='word_1_811' title='bbox 353 5438 608 5511; x_wconf 78' lang='grc' dir='ltr'>εστῶτες,</span> <span class='ocrx_word' id='word_1_812' title='bbox 670 5431 752 5487; x_wconf 79' lang='grc' dir='ltr'>ὅτι</span> <span class='ocrx_word' id='word_1_813' title='bbox 800 5430 965 5494; x_wconf 79' lang='grc' dir='ltr'>ὅντως</span> <span class='ocrx_word' id='word_1_814' title='bbox 1006 5429 1279 5507; x_wconf 85' lang='grc' dir='ltr'>δαιμόνιον</span> <span class='ocrx_word' id='word_1_815' title='bbox 1335 5432 1489 5511; x_wconf 76' lang='grc' dir='ltr'>εἶχε.</span> <span class='ocrx_word' id='word_1_816' title='bbox 1542 5430 1795 5489; x_wconf 77' lang='grc' dir='ltr'>Κάκείνου</span> <span class='ocrx_word' id='word_1_817' title='bbox 1826 5431 1891 5499; x_wconf 71' lang='grc' dir='ltr'><strong>ἦν</strong></span> <span class='ocrx_word' id='word_1_818' title='bbox 1944 5431 2009 5486; x_wconf 80' lang='grc' dir='ltr'>τὰ</span> 
     </span>
    </p>
   </div>
   <div class='ocr_carea' id='block_1_106' title="bbox 356 5518 2007 5600">
    <p class='ocr_par' dir='ltr' id='par_1_106' title="bbox 356 5518 2007 5600">
     <span class='ocr_line' id='line_1_106' title="bbox 356 5518 2007 5600; baseline -0.001 -24"><span class='ocrx_word' id='word_1_819' title='bbox 356 5523 596 5600; x_wconf 77' lang='grc' dir='ltr'>ῥήματα,</span> <span class='ocrx_word' id='word_1_820' title='bbox 655 5521 702 5577; x_wconf 83' lang='grc' dir='ltr'><strong>εί</strong></span> <span class='ocrx_word' id='word_1_821' title='bbox 760 5522 848 5577; x_wconf 83' lang='grc' dir='ltr'><strong>καὶ</strong></span> <span class='ocrx_word' id='word_1_822' title='bbox 903 5522 938 5589; x_wconf 79' lang='grc' dir='ltr'><strong>ἡ</strong></span> <span class='ocrx_word' id='word_1_823' title='bbox 982 5518 1199 5599; x_wconf 89' lang='grc' dir='ltr'>γλῶσσα</span> <span class='ocrx_word' id='word_1_824' title='bbox 1243 5528 1336 5578; x_wconf 90' lang='grc' dir='ltr'><strong>τοῦ</strong></span> <span class='ocrx_word' id='word_1_825' title='bbox 1377 5519 1652 5599; x_wconf 85' lang='grc' dir='ltr'>ἀνθρώπου</span> <span class='ocrx_word' id='word_1_826' title='bbox 1709 5520 1956 5598; x_wconf 82' lang='grc' dir='ltr'>ὑπούργει</span> <span class='ocrx_word' id='word_1_827' title='bbox 1992 5567 2007 5583; x_wconf 86' lang='grc'><strong>.</strong></span> 
     </span>
    </p>
   </div>
   <div class='ocr_carea' id='block_1_107' title="bbox 360 5606 2011 5690">
    <p class='ocr_par' dir='ltr' id='par_1_107' title="bbox 360 5606 2011 5690">
     <span class='ocr_line' id='line_1_107' title="bbox 360 5606 2011 5690; baseline 0.001 -26"><span class='ocrx_word' id='word_1_828' title='bbox 360 5610 449 5665; x_wconf 78' lang='grc' dir='ltr'><strong>καὶ</strong></span> <span class='ocrx_word' id='word_1_829' title='bbox 506 5606 571 5675; x_wconf 82' lang='grc' dir='ltr'>δὴ</span> <span class='ocrx_word' id='word_1_830' title='bbox 628 5608 945 5667; x_wconf 85' lang='grc' dir='ltr'>συνελάλουν</span> <span class='ocrx_word' id='word_1_831' title='bbox 989 5610 1119 5690; x_wconf 83' lang='grc' dir='ltr'>πρὸς</span> <span class='ocrx_word' id='word_1_832' title='bbox 1176 5608 1441 5680; x_wconf 79' lang='grc' dir='ltr'>ἀλλήλους</span> <span class='ocrx_word' id='word_1_833' title='bbox 1493 5608 1750 5683; x_wconf 76' lang='grc' dir='ltr'>ἅπαντες,</span> <span class='ocrx_word' id='word_1_834' title='bbox 1799 5608 2011 5684; x_wconf 78' lang='grc' dir='ltr'>θωμά-</span> 
     </span>
    </p>
   </div>
   <div class='ocr_carea' id='block_1_108' title="bbox 2080 4627 3722 4710">
    <p class='ocr_par' dir='ltr' id='par_1_108' title="bbox 2080 4627 3722 4710">
     <span class='ocr_line' id='line_1_108' title="bbox 2080 4627 3722 4710; baseline 0.003 -22"><span class='ocrx_word' id='word_1_835' title='bbox 2080 4627 2317 4702; x_wconf 83' lang='lat' dir='ltr'><strong>fatetur,</strong></span> <span class='ocrx_word' id='word_1_836' title='bbox 2373 4648 2491 4709; x_wconf 90' lang='lat' dir='ltr'><strong>quo</strong></span> <span class='ocrx_word' id='word_1_837' title='bbox 2539 4628 2945 4690; x_wconf 75' lang='lat' dir='ltr'><strong>tes:imonium</strong></span> <span class='ocrx_word' id='word_1_838' title='bbox 2997 4629 3125 4707; x_wconf 90' lang='lat' dir='ltr'><strong>ejus</strong></span> <span class='ocrx_word' id='word_1_839' title='bbox 3168 4629 3286 4690; x_wconf 81' lang='lat' dir='ltr'><strong>ﬁde</strong></span> <span class='ocrx_word' id='word_1_840' title='bbox 3334 4630 3570 4710; x_wconf 91' lang='lat' dir='ltr'><strong>dignius</strong></span> <span class='ocrx_word' id='word_1_841' title='bbox 3599 4630 3722 4695; x_wconf 91' lang='lat' dir='ltr'><strong>sit:</strong></span> 
     </span>
    </p>
   </div>
   <div class='ocr_carea' id='block_1_109' title="bbox 2084 4716 3731 4799">
    <p class='ocr_par' dir='ltr' id='par_1_109' title="bbox 2084 4716 3731 4799">
     <span class='ocr_line' id='line_1_109' title="bbox 2084 4716 3731 4799; baseline 0.004 -23"><span class='ocrx_word' id='word_1_842' title='bbox 2084 4716 2219 4778; x_wconf 91' lang='lat' dir='ltr'><strong>dein</strong></span> <span class='ocrx_word' id='word_1_843' title='bbox 2241 4717 2481 4797; x_wconf 87' lang='lat' dir='ltr'><strong>subjicit</strong></span> <span class='ocrx_word' id='word_1_844' title='bbox 2503 4719 2904 4779; x_wconf 91' lang='lat' dir='ltr'><strong>testimonium</strong></span> <span class='ocrx_word' id='word_1_845' title='bbox 2934 4738 2948 4778; x_wconf 94' lang='lat'><strong>:</strong></span> <span class='ocrx_word' id='word_1_846' title='bbox 2977 4720 3116 4779; x_wconf 89' lang='lat' dir='ltr'><strong>Scio</strong></span> <span class='ocrx_word' id='word_1_847' title='bbox 3141 4730 3220 4794; x_wconf 92' lang='lat' dir='ltr'><strong>te,</strong></span> <span class='ocrx_word' id='word_1_848' title='bbox 3248 4720 3346 4799; x_wconf 89' lang='lat' dir='ltr'><strong>qui</strong></span> <span class='ocrx_word' id='word_1_849' title='bbox 3367 4720 3731 4790; x_wconf 75' lang='lat' dir='ltr'><strong>sis,Sanctus</strong></span> 
     </span>
    </p>
   </div>
   <div class='ocr_carea' id='block_1_110' title="bbox 2086 4806 3729 4887">
    <p class='ocr_par' dir='ltr' id='par_1_110' title="bbox 2086 4806 3729 4887">
     <span class='ocr_line' id='line_1_110' title="bbox 2086 4806 3729 4887; baseline 0.001 -20"><span class='ocrx_word' id='word_1_850' title='bbox 2086 4806 2181 4870; x_wconf 90' lang='lat' dir='ltr'><strong>ille</strong></span> <span class='ocrx_word' id='word_1_851' title='bbox 2207 4807 2337 4869; x_wconf 92' lang='lat' dir='ltr'><strong>Dei.</strong></span> <span class='ocrx_word' id='word_1_852' title='bbox 2388 4807 2555 4869; x_wconf 84' lang='lat' dir='ltr'><strong>Prius</strong></span> <span class='ocrx_word' id='word_1_853' title='bbox 2586 4807 2766 4887; x_wconf 81' lang='lat' dir='ltr'><strong>igitur</strong></span> <span class='ocrx_word' id='word_1_854' title='bbox 2796 4807 3063 4885; x_wconf 88' lang='lat' dir='ltr'><strong>increpat</strong></span> <span class='ocrx_word' id='word_1_855' title='bbox 3093 4806 3256 4867; x_wconf 89' lang='lat' dir='ltr'><strong>illum</strong></span> <span class='ocrx_word' id='word_1_856' title='bbox 3291 4829 3304 4871; x_wconf 90' lang='lat'><strong>:</strong></span> <span class='ocrx_word' id='word_1_857' title='bbox 3361 4809 3483 4871; x_wconf 89' lang='lat' dir='ltr'><strong>Cur</strong></span> <span class='ocrx_word' id='word_1_858' title='bbox 3515 4810 3729 4871; x_wconf 86' lang='lat' dir='ltr'><strong>venisti</strong></span> 
     </span>
    </p>
   </div>
   <div class='ocr_carea' id='block_1_111' title="bbox 2086 4895 3730 4975">
    <p class='ocr_par' dir='ltr' id='par_1_111' title="bbox 2086 4895 3730 4975">
     <span class='ocr_line' id='line_1_111' title="bbox 2086 4895 3730 4975; baseline 0.002 -19"><span class='ocrx_word' id='word_1_859' title='bbox 2086 4896 2200 4956; x_wconf 90' lang='lat' dir='ltr'><strong>huc</strong></span> <span class='ocrx_word' id='word_1_860' title='bbox 2250 4896 2501 4975; x_wconf 89' lang='lat' dir='ltr'><strong>perdere</strong></span> <span class='ocrx_word' id='word_1_861' title='bbox 2553 4896 2717 4959; x_wconf 82' lang='lat' dir='ltr'><strong>nos?</strong></span> <span class='ocrx_word' id='word_1_862' title='bbox 2770 4900 2974 4956; x_wconf 88' lang='lat' dir='ltr'><strong>Postea</strong></span> <span class='ocrx_word' id='word_1_863' title='bbox 3035 4895 3331 4970; x_wconf 85' lang='lat' dir='ltr'><strong>adulatur,</strong></span> <span class='ocrx_word' id='word_1_864' title='bbox 3384 4896 3730 4959; x_wconf 87' lang='lat' dir='ltr'><strong>existimans</strong></span> 
     </span>
    </p>
   </div>
   <div class='ocr_carea' id='block_1_112' title="bbox 2087 4984 3728 5049">
    <p class='ocr_par' dir='ltr' id='par_1_112' title="bbox 2087 4984 3728 5049">
     <span class='ocr_line' id='line_1_112' title="bbox 2087 4984 3728 5049; baseline 0.001 -3"><span class='ocrx_word' id='word_1_865' title='bbox 2087 4984 2401 5046; x_wconf 92' lang='lat' dir='ltr'><strong>Dominum</strong></span> <span class='ocrx_word' id='word_1_866' title='bbox 2436 4985 2777 5047; x_wconf 90' lang='lat' dir='ltr'><strong>adulatione</strong></span> <span class='ocrx_word' id='word_1_867' title='bbox 2817 4984 3065 5045; x_wconf 83' lang='lat' dir='ltr'><strong>fractum</strong></span> <span class='ocrx_word' id='word_1_868' title='bbox 3111 4984 3308 5045; x_wconf 84' lang='lat' dir='ltr'><strong>sinere</strong></span> <span class='ocrx_word' id='word_1_869' title='bbox 3339 4984 3506 5048; x_wconf 86' lang='lat' dir='ltr'><strong>illurn</strong></span> <span class='ocrx_word' id='word_1_870' title='bbox 3543 5004 3557 5049; x_wconf 90' lang='lat'><strong>:</strong></span> <span class='ocrx_word' id='word_1_871' title='bbox 3611 4993 3728 5048; x_wconf 86' lang='lat' dir='ltr'><strong>tam</strong></span> 
     </span>
    </p>
   </div>
   <div class='ocr_carea' id='block_1_113' title="bbox 2088 5071 3731 5149">
    <p class='ocr_par' dir='ltr' id='par_1_113' title="bbox 2088 5071 3731 5149">
     <span class='ocr_line' id='line_1_113' title="bbox 2088 5071 3731 5149; baseline 0.003 -17"><span class='ocrx_word' id='word_1_872' title='bbox 2088 5072 2263 5133; x_wconf 89' lang='lat' dir='ltr'><strong>stulta</strong></span> <span class='ocrx_word' id='word_1_873' title='bbox 2294 5092 2391 5135; x_wconf 91' lang='lat' dir='ltr'><strong>res</strong></span> <span class='ocrx_word' id='word_1_874' title='bbox 2422 5082 2509 5134; x_wconf 90' lang='lat' dir='ltr'><strong>est</strong></span> <span class='ocrx_word' id='word_1_875' title='bbox 2539 5073 2757 5135; x_wconf 90' lang='lat' dir='ltr'><strong>malitia</strong></span> <span class='ocrx_word' id='word_1_876' title='bbox 2786 5093 2802 5149; x_wconf 85' lang='lat'><strong>;</strong></span> <span class='ocrx_word' id='word_1_877' title='bbox 2836 5071 2940 5135; x_wconf 89' lang='lat' dir='ltr'><strong>sed</strong></span> <span class='ocrx_word' id='word_1_878' title='bbox 2977 5072 3263 5134; x_wconf 90' lang='lat' dir='ltr'><strong>Dominus</strong></span> <span class='ocrx_word' id='word_1_879' title='bbox 3278 5073 3503 5135; x_wconf 88' lang='lat' dir='ltr'><strong>docens</strong></span> <span class='ocrx_word' id='word_1_880' title='bbox 3522 5093 3632 5137; x_wconf 87' lang='lat' dir='ltr'><strong>nos</strong></span> <span class='ocrx_word' id='word_1_881' title='bbox 3654 5093 3731 5137; x_wconf 92' lang='lat' dir='ltr'><strong>ne</strong></span> 
     </span>
    </p>
   </div>
   <div class='ocr_carea' id='block_1_114' title="bbox 2090 5160 3731 5227">
    <p class='ocr_par' dir='ltr' id='par_1_114' title="bbox 2090 5160 3731 5227">
     <span class='ocr_line' id='line_1_114' title="bbox 2090 5160 3731 5227; baseline 0.002 -6"><span class='ocrx_word' id='word_1_882' title='bbox 2090 5170 2323 5222; x_wconf 88' lang='lat' dir='ltr'><strong>utamur</strong></span> <span class='ocrx_word' id='word_1_883' title='bbox 2352 5163 2687 5224; x_wconf 71' lang='lat' dir='ltr'><strong>dmmonum</strong></span> <span class='ocrx_word' id='word_1_884' title='bbox 2722 5160 3080 5224; x_wconf 90' lang='lat' dir='ltr'><strong>testimoniis</strong></span> <span class='ocrx_word' id='word_1_885' title='bbox 3109 5170 3167 5222; x_wconf 91' lang='lat' dir='ltr'><strong>et</strong></span> <span class='ocrx_word' id='word_1_886' title='bbox 3199 5162 3509 5224; x_wconf 90' lang='lat' dir='ltr'><strong>sententiis</strong></span> <span class='ocrx_word' id='word_1_887' title='bbox 3540 5181 3555 5223; x_wconf 85' lang='lat'><strong>:</strong></span> <span class='ocrx_word' id='word_1_888' title='bbox 3603 5162 3731 5227; x_wconf 92' lang='lat' dir='ltr'><strong>Ob-</strong></span> 
     </span>
    </p>
   </div>
   <div class='ocr_carea' id='block_1_115' title="bbox 2090 5251 3735 5334">
    <p class='ocr_par' dir='ltr' id='par_1_115' title="bbox 2090 5251 3735 5334">
     <span class='ocr_line' id='line_1_115' title="bbox 2090 5251 3735 5334; baseline 0.002 -23"><span class='ocrx_word' id='word_1_889' title='bbox 2090 5261 2377 5327; x_wconf 87' lang='lat' dir='ltr'><strong>mutesce,</strong></span> <span class='ocrx_word' id='word_1_890' title='bbox 2436 5253 2646 5334; x_wconf 85' lang='lat' dir='ltr'><strong>inquit,</strong></span> <span class='ocrx_word' id='word_1_891' title='bbox 2701 5262 2759 5315; x_wconf 92' lang='lat' dir='ltr'><strong>et</strong></span> <span class='ocrx_word' id='word_1_892' title='bbox 2806 5251 3094 5331; x_wconf 73' lang='lat' dir='ltr'><strong>egredere</strong></span> <span class='ocrx_word' id='word_1_893' title='bbox 3146 5269 3214 5312; x_wconf 83' lang='lat' dir='ltr'><strong>ex</strong></span> <span class='ocrx_word' id='word_1_894' title='bbox 3265 5253 3383 5313; x_wconf 53' lang='lat' dir='ltr'><strong>illo,</strong></span> <span class='ocrx_word' id='word_1_895' title='bbox 3444 5252 3735 5315; x_wconf 88' lang='lat' dir='ltr'><strong>Permittit</strong></span> 
     </span>
    </p>
   </div>
   <div class='ocr_carea' id='block_1_116' title="bbox 2089 5340 3738 5422">
    <p class='ocr_par' dir='ltr' id='par_1_116' title="bbox 2089 5340 3738 5422">
     <span class='ocr_line' id='line_1_116' title="bbox 2089 5340 3738 5422; baseline 0.002 -22"><span class='ocrx_word' id='word_1_896' title='bbox 2089 5350 2283 5401; x_wconf 87' lang='lat' dir='ltr'><strong>autem</strong></span> <span class='ocrx_word' id='word_1_897' title='bbox 2318 5341 2569 5402; x_wconf 69' lang='lat' dir='ltr'><strong>daemoni</strong></span> <span class='ocrx_word' id='word_1_898' title='bbox 2598 5353 2657 5402; x_wconf 91' lang='lat' dir='ltr'><strong>ut</strong></span> <span class='ocrx_word' id='word_1_899' title='bbox 2688 5342 2958 5422; x_wconf 83' lang='lat' dir='ltr'><strong>projiciat</strong></span> <span class='ocrx_word' id='word_1_900' title='bbox 2983 5340 3313 5415; x_wconf 78' lang='lat' dir='ltr'><strong>hominem,</strong></span> <span class='ocrx_word' id='word_1_901' title='bbox 3343 5350 3405 5401; x_wconf 93' lang='lat' dir='ltr'><strong>ut</strong></span> <span class='ocrx_word' id='word_1_902' title='bbox 3434 5342 3738 5404; x_wconf 69' lang='lat' dir='ltr'><strong>discerent</strong></span> 
     </span>
    </p>
   </div>
   <div class='ocr_carea' id='block_1_117' title="bbox 2092 5428 3731 5512">
    <p class='ocr_par' dir='ltr' id='par_1_117' title="bbox 2092 5428 3731 5512">
     <span class='ocr_line' id='line_1_117' title="bbox 2092 5428 3731 5512; baseline 0.002 -23"><span class='ocrx_word' id='word_1_903' title='bbox 2092 5430 2545 5491; x_wconf 74' lang='lat' dir='ltr'><strong>circumst-tnles</strong></span> <span class='ocrx_word' id='word_1_904' title='bbox 2597 5430 2761 5492; x_wconf 87' lang='lat' dir='ltr'><strong>illutn</strong></span> <span class='ocrx_word' id='word_1_905' title='bbox 2822 5447 2959 5512; x_wconf 81' lang='lat' dir='ltr'><strong>vere</strong></span> <span class='ocrx_word' id='word_1_906' title='bbox 3016 5428 3294 5491; x_wconf 88' lang='lat' dir='ltr'><strong>habuisse</strong></span> <span class='ocrx_word' id='word_1_907' title='bbox 3345 5429 3731 5506; x_wconf 71' lang='lat' dir='ltr'><strong>daamonium,</strong></span> 
     </span>
    </p>
   </div>
   <div class='ocr_carea' id='block_1_118' title="bbox 2094 5517 3739 5598">
    <p class='ocr_par' dir='ltr' id='par_1_118' title="bbox 2094 5517 3739 5598">
     <span class='ocr_line' id='line_1_118' title="bbox 2094 5517 3739 5598; baseline 0 -18"><span class='ocrx_word' id='word_1_908' title='bbox 2094 5519 2263 5596; x_wconf 90' lang='lat' dir='ltr'><strong>cujus</strong></span> <span class='ocrx_word' id='word_1_909' title='bbox 2294 5529 2460 5579; x_wconf 89' lang='lat' dir='ltr'><strong>erant</strong></span> <span class='ocrx_word' id='word_1_910' title='bbox 2498 5518 2696 5591; x_wconf 86' lang='lat' dir='ltr'><strong>verba,</strong></span> <span class='ocrx_word' id='word_1_911' title='bbox 2732 5518 2969 5580; x_wconf 90' lang='lat' dir='ltr'><strong>tametsi</strong></span> <span class='ocrx_word' id='word_1_912' title='bbox 3015 5517 3213 5598; x_wconf 88' lang='lat' dir='ltr'><strong>lingua</strong></span> <span class='ocrx_word' id='word_1_913' title='bbox 3255 5519 3514 5582; x_wconf 86' lang='lat' dir='ltr'><strong>hominis</strong></span> <span class='ocrx_word' id='word_1_914' title='bbox 3562 5519 3739 5582; x_wconf 90' lang='lat' dir='ltr'><strong>mini-</strong></span> 
     </span>
    </p>
   </div>
   <div class='ocr_carea' id='block_1_119' title="bbox 2097 5607 3736 5689">
    <p class='ocr_par' dir='ltr' id='par_1_119' title="bbox 2097 5607 3736 5689">
     <span class='ocr_line' id='line_1_119' title="bbox 2097 5607 3736 5689; baseline 0.002 -21"><span class='ocrx_word' id='word_1_915' title='bbox 2097 5609 2663 5689; x_wconf 86' lang='lat' dir='ltr'><strong>straret.Propterea</strong></span> <span class='ocrx_word' id='word_1_916' title='bbox 2683 5608 3175 5688; x_wconf 88' lang='lat' dir='ltr'><strong>colloquebantur</strong></span> <span class='ocrx_word' id='word_1_917' title='bbox 3195 5607 3351 5671; x_wconf 89' lang='lat' dir='ltr'><strong>inter</strong></span> <span class='ocrx_word' id='word_1_918' title='bbox 3371 5626 3503 5671; x_wconf 86' lang='lat' dir='ltr'><strong>sese</strong></span> <span class='ocrx_word' id='word_1_919' title='bbox 3523 5626 3736 5672; x_wconf 81' lang='lat' dir='ltr'><strong>omnes</strong></span> 
     </span>
    </p>
   </div>
  </div>
