4162 6228
373 349 491 415 757

1017 492 1272 547 sema.
1319 473 1402 545 θ’.

380 582 501 655 Περὶ
560 588 658 648 τῆς
731 581 894 660 ἄγρας
973 582 1080 638 τῶν
1162 579 1385 660 ἰχθύων,
1464 578 1588 655 Περὶ
1655 582 1748 633 τοῦ
1815 572 2029 660 λεπροῦ.

464 664 585 739 Περὶ
643 670 735 718 τοῦ
780 653 1224 741 ’παραλυτικουδ
1265 659 1388 753 [ξερὶ
1447 653 1577 713 Λευὶ
1635 662 1727 713 τοῦ
1781 653 2033 753 τελνώνου.

462 733 584 820 Περὶ
667 749 760 799 τοῦ
845 733 1021 809 Ἰησοῦ
1103 733 1459 803 συνεσθίοντος
1552 750 1670 800 τοῖς
1752 733 2035 836 τελώναιςἒ

474 823 547 836 ..
662 822 670 836 .
770 824 783 836 .
912 831 936 836 _
994 821 1029 836 .-
1101 821 1113 836 .
1373 822 1397 836 λ
1515 819 1527 836 ε

463 815 563 877 Διᾶ
620 822 670 878 τί
740 824 785 878 οἱ
848 831 941 881 τοῦ
994 821 1239 879 Ἰωάννου
1293 819 1533 896 μαθηταὶ
1586 816 1941 889 νεστεύουσιν,
1986 815 2037 869 εἰ

459 899 512 957 δὲ
543 910 635 959 τοῦ
680 904 904 980 Χριστοῦ
932 903 1056 980 οὐχί
1090 920 1106 978 ς

469 1014 492 1047 α
557 993 802 1071 Ἐγένετο
859 991 913 1049 δὲ
972 992 1026 1048 ἐν
1077 999 1154 1067 τῷ
1207 992 1299 1048 τὸν
1329 988 1498 1070 ὄχλον
1529 987 1825 1044 ἐπικεῖσθαι
1870 986 2032 1060 αὐτῷ,

380 1084 476 1140 τοῦ
532 1083 744 1140 ἀκούειν
786 1084 877 1139 τὸν
908 1080 1066 1159 λόγον
1110 1080 1203 1138 τοῦ
1261 1082 1415 1154 Θεοῦ,
1447 1079 1535 1135 καὶ
1577 1077 1733 1139 αὐτὸς
1762 1076 1826 1143 ἧν
1868 1076 2035 1139 ἑστὼς

376 1172 523 1251 παρὰ
579 1172 677 1239 τὴν
736 1171 930 1247 λίμνην
1003 1169 1349 1244 Γεννησαρέτ.
1399 1169 1497 1226 Καὶ
1564 1165 1675 1224 εἶδε
1727 1163 1815 1222 δύο
1866 1164 2035 1222 πλοῖα

380 1261 592 1319 ἑστῶτα
644 1263 787 1340 παρὰ
842 1261 941 1329 την
985 1258 1179 1336 λίμνην
1211 1273 1228 1291 ⁹
1275 1260 1322 1315 οἰ
1366 1255 1420 1313 δὲ
1483 1256 1685 1326 ἁλιεῖς,
1742 1252 2034 1316 ἀποϐάντες

378 1350 475 1407 ἀπ’
539 1352 733 1429 αὐτῶν,
778 1348 1079 1407 ἆπέπλυνυν
1122 1349 1189 1406 τὰ
1243 1345 1468 1404 δίκτυα’
1522 1343 1689 1421 ἐμϐὰς
1748 1342 1802 1400 δὲ
1845 1346 1917 1409 εἰς
1979 1342 2035 1400 ἓν

376 1444 484 1497 τῶν
542 1439 741 1497 πλοίων
790 1441 818 1496 ὃ
877 1440 942 1507 ἦν
993 1448 1084 1499 τοῦ
1113 1439 1378 1517 Σίμωνος,
1423 1435 1703 1515 ἠρώτησεν
1746 1434 1903 1490 αῦτδν
1930 1432 2036 1488 ἀπὸ

378 1532 479 1595 τῆς
529 1534 631 1608 γῆς
695 1529 1057 1607 ἐπαναγαγεῖν
1102 1527 1327 1608 ὀλίγονῇ
1373 1526 1461 1582 καὶ
1498 1525 1739 1597 καθίσας,
1778 1520 2039 1578 ἐδίδασκεν

378 1618 441 1675 ἐκ
498 1606 591 1677 τοῦ
632 1616 815 1674 πλοίου
866 1606 986 1681 τοὺς
1032 1614 1257 1696 ὄχλους.
1313 1606 1404 1678 Ὠς
1453 1612 1507 1669 δὲ
1536 1613 1805 1669 επαύσατο
1836 1609 2037 1696 λαλῶν,

1110 344 1553 415 ENARRATIO
1598 347 1680 411 IN
1726 344 2233 410 EVANGELIUM
2277 346 2518 408 LUGIE.
2564 373 2647 389 —-
2684 346 2849 409 CAP.
2896 347 2971 411 V.

3652 326 3768 397 758

2742 478 2992 542 GAPUT
3038 478 3083 540 V
3096 528 3109 541 .

2123 564 2495 650 Delcaptmja
2523 568 2808 650 piscium.
2841 566 2929 650 De
2972 567 3227 647 leproso.
3274 570 3362 632 De
3387 569 3758 650 paralytico.

2201 646 2285 708 De
2313 645 2463 730 Levi
2485 645 2842 730 publicano.
2870 648 2953 730 De
2981 645 3226 730 Christo
3256 645 3763 730 cum'publi'canis

2200 728 2556 812 comedente.
2630 727 2760 812 Cu}:
2806 729 3118 812 discipuli,
3150 727 3428 791 Joannis
3453 732 3763 812 jejunum,

2199 807 2488 886 discipuli.
2517 825 2656 868 vero
2688 806 2916 870 Christi
2956 806 3075 870 non
3096 811 3127 868 9

2198 975 2382 1037 Vens.
2412 976 2584 1037 l-ll.
2615 1000 2640 1030 (ί
2675 975 2921 1037 Factum
2954 983 3044 1039 est
3077 988 3270 1040 autem
3293 998 3427 1041 cum
3452 979 3622 1042 turba
3643 981 3762 1043 im-

2122 1063 2371 1125 mineret
2398 1064 2455 1126 ei
2486 1072 2547 1125 ut
2594 1063 2825 1125 audiret
2868 1065 3114 1128 verbum
3148 1067 3279 1144 Dei,
3313 1078 3371 1130 et
3418 1070 3545 1148 ipse
3575 1070 3770 1132 stabat

2111 1153 2280 1229 juxta
2322 1160 2592 1232 stagnum
2639 1155 3034 1217 Genezaretb.
3088 1155 3157 1216 Et
3206 1157 3351 1218 vidit
3396 1156 3540 1219 duas
3589 1177 3768 1222 naves

2117 1250 2346 1304 stantes
2371 1244 2442 1304 ad
2476 1251 2743 1323 stagnum
2777 1266 2788 1304 :
2830 1244 3152 1324 piscatores
3195 1259 3395 1308 autem
3426 1248 3763 1312 descende-

2117 1338 2250 1391 rant
2279 1350 2350 1393 ex
2382 1332 2523 1411 illis,
2558 1343 2616 1394 et
2646 1333 2970 1395 abluebunt
2998 1336 3167 1397 retia.
3216 1335 3523 1416 Ingressus
3569 1347 3767 1401 autem

2118 1419 2177 1480 in
2211 1440 2387 1482 unam
2421 1422 2614 1482 navim
2642 1442 2771 1502 quae
2803 1432 2930 1485 erat
2970 1426 3253 1499 Simonis,
3291 1427 3515 1504 rogavit
3537 1445 3674 1489 eum
3707 1438 3771 1489 ut

2124 1526 2156 1568 a
2187 1518 2343 1571 terra
2373 1510 2700 1572 abduceret
2732 1513 3034 1590 pusillum,
3070 1524 3126 1575 et
3155 1515 3372 1577 sedens
3403 1516 3657 1580 docebat
3693 1518 3769 1580 de

2125 1599 2251 1657 navi
2283 1600 2503 1660 turbas.
2541 1599 2613 1662 Ut
2652 1602 2902 1663 cessavit
2931 1612 3129 1664 autem
3161 1604 3344 1685 loqui,
3378 1605 3527 1666 dixit
3553 1606 3626 1668 ad
3669 1607 3766 1669 Si-

380 1708 506 1764 εἶπε
550 1709 680 1787 πρὸς
713 1707 803 1763 τὸν
835 1706 1033 1782 Σίμονα
1065 1684 1105 1736 ί*
1145 1702 1488 1781 Ἐπανάγαγε
1518 1704 1590 1765 εἰς
1621 1703 1681 1758 τὸ
1710 1697 1891 1780 βάθος,
1954 1684 2038 1756 καὶ

2127 1705 2361 1748 monem
2392 1708 2406 1747 :
2441 1688 2567 1750 Duc
2609 1689 2670 1750 in
2701 1690 2905 1766 altum,
2943 1699 3001 1753 et
3045 1693 3240 1754 laxate
3287 1684 3664 1775 retiavestra
3705 1697 3765 1758 in

380 1767 660 1877 χαλάσατε
710 1797 776 1853 τὰ
832 1793 1013 1852 δίκτυα
1067 1795 1215 1870 ὑμῶν
1275 1794 1346 1856 εἰς
1408 1792 1570 1870 ἄγραν
1606 1813 1618 1825 °
1668 1794 1755 1877 καὶ
1812 1791 2038 1868 ἀποκρι-

2127 1786 2449 1855 capturam.
2489 1778 2557 1839 Et
2579 1781 2954 1858 respondens
2984 1781 3215 1877 Simon,
3252 1782 3398 1844 dixit
3438 1767 3565 1877 illi:
3606 1790 3763 1877 Praef

384 1876 489 1949 θεὶς
520 1888 548 1942 ὁ
592 1886 801 1961 Σίμων,
861 1885 1017 1941 εἶπεν
1075 1886 1217 1957 αὐτῷ
1251 1895 1270 1911 ⁸
1312 1878 1629 1953 Ἐπιστάτα,
1687 1876 1751 1934 δι’
1787 1877 1917 1945 ὅλης
1941 1877 2037 1944 τῆς

383 1976 571 2037 νυκτὸς
659 1973 1035 2048 κοπιάσαντες,
1122 1970 1267 2028 οῦδὲν
1343 1967 1623 2047 ἐλάϐομεν,
1698 1967 1783 2023 ἐπὶ
1838 1965 1892 2022 δὲ
1962 1973 2039 2040 τῷ

383 2064 582 2143 ῥήματί
637 2085 730 2120 σου
772 2061 1003 2142 χαλάσω
1057 2062 1118 2117 τὸ
1178 2058 1408 2119 δίκτυον.
1445 2062 1543 2117 Καὶ
1574 2060 1726 2114 τοῦτο
1769 2058 2035 2126 ποιήσαν-

384 2176 497 2233 τες,
548 2150 887 2209 συνέκλεισαν
941 2149 1143 2217 πλῆθος
1200 2149 1401 2229 ἰχθύων
1463 2145 1622 2209 πολύ,
1686 2144 2036 2224 Διερρήγνυτο

385 2240 440 2297 δὲ
496 2244 555 2299 τὸ
606 2240 808 2300 δίκτυον
860 2241 1030 2295 αὒτῶν
1063 2253 1077 2267 ⁸
1140 2237 1229 2295 καί
1284 2236 1601 2294 κατένευσαν
1625 2248 1741 2300 τοῖς
1774 2234 2035 2313 μετόχοις

384 2345 502 2395 τοῖς
560 2331 615 2387 ἐν
672 2336 751 2403 τῷ
794 2328 958 2406 ἑτέρῳ
1016 2325 1208 2401 πλοίῳ,
1255 2333 1346 2383 τοῦ
1387 2324 1632 2389 ἐλθόντας
1691 2321 2036 2380 συλλαϐέσθαι

388 2423 569 2485 αὐτοῖς
604 2437 623 2456 ⁸
683 2420 771 2476 καὶ
819 2416 978 2485 ἦλθον
1020 2418 1107 2473 καί
1138 2414 1377 2483 ἔπλησαν
1419 2413 1689 2493 ἀμφότερα
1730 2412 1795 2468 τὰ
1844 2410 2034 2486 πλοῖα,

389 2510 527 2567 ὥστε
582 2510 875 2586 βυθίζεσθαι
908 2506 1064 2567 αὖτά.
1097 2504 1243 2563 Ἰδὼν
1301 2502 1355 2559 δὲ
1400 2504 1578 2577 Σίμων
1610 2502 1830 2586 Πέτρος,
1863 2522 2037 2586 προσέ

390 2599 546 2656 ἐπεσε
584 2583 706 2663 *τοῖς
759 2597 944 2675 γόνασι
1004 2604 1095 2652 του
1153 2594 1351 2666 Ἰησοῦ,
1412 2592 1585 2671 λέγων
1618 2608 1631 2621 ⁸
1688 2583 1914 2657 ’Ἔξελθε
1945 2585 2039 2646 ἀπ’

388 2688 542 2761 ἐμοῦ,
589 2687 669 2742 δτι
712 2686 845 2765 ἀνὴρ
888 2682 1207 2763 ἁμαρτωλός
1258 2684 1388 2757 εἰμι,
1424 2683 1576 2761 Κύριε
1606 2700 1619 2714 ·
1681 2679 1880 2755 θάμϐος
1939 2681 2038 2758 γὰρ

390 2777 672 2857 περιέσχεν
732 2778 889 2834 αὐτὸν
933 2776 1022 2831 καὶ
1066 2774 1267 2837 πάντας
1314 2774 1436 2835 τοὺς
1480 2772 1572 2828 σὺν
1621 2771 1783 2846 αύτῷ,
1831 2771 2039 2871 ἐπί9τῇ

398 2865 420 2871 -.
597 2844 615 2857 ³
699 2866 711 2871 -
768 2868 778 2871 -
808 2865 817 2871 .
988 2867 1012 2871 μ
1175 2861 1207 2871 η
1266 2859 1294 2871 Α
1424 2852 1438 2871 ρ
1567 2861 1577 2871 .
1688 2858 1726 2871 ι.
1862 2860 1874 2871 ι
1960 2869 1973 2871 -
2004 2860 2013 2871 .

390 2852 525 2945 ἄγρᾳ
699 2865 922 2945 ἰχθύων,
982 2867 1019 2940 ᾗ
1069 2859 1373 2920 συνέλαϐονς
1424 2852 1652 2936 Ὀμοίως
1683 2858 1736 2915 δὲ
1792 2860 1880 2915 καὶ
1939 2852 2037 2915 Ἰά-

388 2955 582 3027 κωϐον,
642 2956 728 3012 καὶ
778 2953 1035 3019 Ἰωάννην
1089 2953 1229 3015 υἱοὺς
1272 2947 1567 3023 Ζεϐεδαίου,
1620 2950 1674 3005 οἱ
1727 2949 1863 3015 ἦσαν
1916 2969 2035 3003 κοι-

389 3046 544 3101 νωνοὶ
596 3050 672 3117 τῷ
722 3042 931 3117 ,Σίμωνι
965 3058 979 3075 ⁸
1013 3043 1101 3097 καὶ
1156 3041 1282 3096 εἰπε
1326 3040 1457 3118 πρὸς
1487 3040 1578 3094 τὸν
1610 3038 1827 3112 Σίμωνα
1857 3038 1884 3092 ὁ
1920 3034 2035 3102 Ἰη-

391 3137 510 3197 σοῦς
548 3153 561 3167 ·
600 3134 687 3199 Μη
730 3128 917 3210 φοϐοῦ,

390 3224 478 3279 καί
536 3220 925 3299 καταγαγόντες
981 3220 1047 3275 τὰ
1128 3216 1297 3275 πλοῖα
1367 3218 1455 3273 ἰεπί
1510 3216 1619 3283 τὴν.
1650 3215 1773 3293 γῆν,
1821 3213 2037 3295 ἀφέντες

394 3313 625 3385 ἅπαντα,
672 3308 1036 3379 ἧκολουθήσαν
1092 3310 1259 3380 αύτῷ,
1298 3326 1328 3365 )
1386 3305 1577 3383 Φεύγει
1623 3304 1720 3380 μὲν
1767 3306 1794 3359 ὁ
1855 3304 2038 3381 Κύριος

392 3402 491 3468 τὴν
548 3397 725 3477 δοξαν,
768 3400 802 3466 ἡ
854 3395 909 3452 δὲ
952 3396 1094 3469 τόσῳ
1142 3394 1346 3471 μᾶλλον
1375 3392 1688 3452 καταδιώκει
1724 3390 1899 3450 αὒτόν.
1938 3399 2039 3450 Τοῦ

392 3498 515 3569 γοῦν
570 3487 738 3568 ὄχλου
766 3485 1127 3563 επικειμένου,
1168 3487 1240 3550 εἰς
1267 3486 1328 3541 τὸ
1358 3483 1552 3541 πλοῖον
1585 3482 1881 3562 εἰσέρχεται
1917 3498 1930 3511 ·
1964 3484 2039 3546 ὡς

392 3579 453 3634 ἂν
496 3580 601 3635 ἀπὸ
631 3584 723 3634 τοῦ
753 3576 959 3652 πλοίου,
1020 3573 1237 3652 διδάσκῃ
1290 3576 1412 3639 τοὺς
1442 3573 1495 3629 ἐν
1524 3579 1601 3647 τῷ
1631 3570 1855 3651 αἰγιαλῷ
1882 3573 2036 3629 ἰστα-

394 3668 608 3745 μένους,
662 3666 875 3723 πάντων
934 3666 1071 3721 κατὰ
1153 3663 1437 3744 πρόσωπον
1495 3664 1652 3719 αὐτοῦ
1704 3660 1889 3734 ὄντων,
1949 3657 2038 3717 καὶ

394 3757 619 3833 μηδενὸς
676 3754 916 3819 ἐλθόντος
949 3754 1085 3810 κατὰ
1114 3754 1302 3816 νώτου.
1335 3752 1484 3811 Ἐπεὶ
1513 3752 1567 3808 δὲ
1598 3753 1687 3808 τὸν
1731 3749 1898 3831 ὄχλον
1928 3749 2038 3806 ἐδί-

395 3846 542 3913 δαξεν
602 3846 660 3901 ἐκ
701 3851 793 3902 τοῦ
836 3844 1044 3913 πλοίου,
1106 3842 1201 3900 οὒκ
1254 3841 1473 3919 ἄμισθον
1549 3840 1733 3920 ἀφίησι
1788 3841 1880 3896 τὸν
1948 3846 2040 3896 τοῦ

394 3933 578 3990 πλοίου
608 3931 897 4013 δεσπότην,
958 3930 1095 3987 ἀλλὰ
1150 3929 1349 3995 διπλῶς
1400 3929 1553 3987 αὐτὸν
1582 3930 1850 4008 εὐεργετεῖ
1887 3948 1899 3963 ·
1952 3927 2038 3985 ὅτι

391 4045 446 4079 τε
500 4022 701 4102 ἰχθύων
757 4020 959 4088 πλῆθος
1018 4023 1159 4095 αὒτῷ
1213 4020 1523 4101 ἐχαρίσατο,
1556 4019 1644 4075 καὶ
1685 4016 1765 4073 ὅτι
1796 4018 2042 4093 μαθητὴν

391 4112 548 4170 αἰτοῦ
602 4110 918 4181 ἐποιήσατο.
981 4111 1261 4185 Θαύμασον
1308 4107 1361 4165 δέ
1409 4117 1502 4167 τοῦ
1551 4110 1736 4186 Κυρίου
1764 4108 1861 4174 τὴν
1892 4109 2040 4164 οἰκο-

389 4201 600 4276 νομίαν,
663 4208 780 4265 πῶς
810 4200 1050 4258 ἓκαστων
1079 4197 1163 4255 διὰ
1194 4202 1297 4254 τῶν
1330 4199 1534 4256 οἰκείων
1594 4197 1684 4253 καὶ
1744 4196 2044 4272 συντρόφων

391 4290 669 4370 ἐῳέλκεται
706 4307 719 4321 ⁸
779 4293 852 4354 ὡς
907 4291 1007 4368 γὰρ
1062 4289 1184 4353 τοὺς
1241 4287 1440 4365 μάγους
1497 4285 1580 4342 διὰ
1636 4285 1728 4370 τοῦ
1798 4284 2040 4364 ἀστέρος,

396 4364 535 4437 οῧτω
579 4383 667 4438 καί
724 4380 843 4442 τοὺς
903 4364 1076 4445 ἇλιεϊς
1130 4376 1215 4434 διὰ
1256 4379 1361 4433 τῶν
1396 4377 1615 4457 ἰχθύων.
1674 4364 1824 4453 ”Ορα
1867 4372 1923 4430 δὲ
1954 4382 2046 4431 τοῦ

394 4479 620 4549 Χριστοῦ
676 4471 774 4537 τὴν
833 4468 1140 4541 ἐπιείκειαν,
1198 4472 1314 4530 πῶς
1360 4463 1663 4545 παρακαλεῖ
1703 4464 1796 4520 τὸν
1845 4462 2043 4542 Πέτρον

2119 1874 2344 1945 ceptor,
2399 1887 2505 1948 per
2540 1877 2718 1929 totam
2768 1878 3001 1930 noctem
3052 1871 3390 1935 laborantes
3434 1875 3571 1934 504
3616 1874 3764 1947 nihil

2120 1953 2408 2036 cepimus,
2440 1965 2633 2017 tamen
2668 1965 2768 2017 tuo
2793 1958 2965 2037 jussu
2989 1959 3193 2022 laxabo
3217 1972 3368 2025 rete.
3396 1964 3470 2025 Et
3491 1982 3623 2024 cum
3652 1965 3766 2026 hoc

2117 2042 2417 2118 fecissent,
2454 2047 2876 2109 concluserunt
2904 2046 3154 2126 piscium
3184 2050 3623 2113 multitudinem
3657 2070 3763 2117 co-

2120 2131 2367 2212 piosam.
2399 2134 2806 2215 Rumpebatur
2835 2144 3032 2197 autem
3055 2145 3181 2199 rete
3210 2158 3441 2203 eorum.
3478 2142 3551 2203 Et
3579 2161 3767 2203 annu-

2121 2222 2487 2283 eruntsociis
2519 2223 2620 2303 qui
2644 2232 2810 2284 erant
2831 2224 2889 2285 in
2914 2227 3099 2286 altera
3127 2227 3283 2301 navi,
3310 2237 3375 2289 ut
3406 2230 3680 2292 venirent
3708 2241 3768 2293 et

2120 2309 2466 2389 adjuvarent
2508 2312 2690 2392 ipsos.
2724 2311 2791 2373 Et
2820 2323 3129 2389 venerunt,
3163 2326 3337 2396 atque
3368 2318 3768 2399 impleverunt

2121 2418 2195 2459 an
2224 2399 2326 2461 bas
2346 2419 2542 2476 naves,
2568 2400 2649 2462 ita
2682 2409 2744 2462 ut
2765 2413 3199 2483 mergerentur.
3235 2405 3403 2479 Quod
3426 2427 3559 2469 cum
3590 2409 3766 2472 vide-

2122 2498 2213 2551 ret
2245 2489 2451 2552 Simon
2486 2492 2716 2565 Petrus,
2756 2493 2972 2555 accidit
2996 2493 3067 2555 ad
3098 2514 3291 2572 genua
3309 2495 3475 2573 Jesu,
3512 2498 3719 2561 dicens
3748 2522 3761 2564 :

2126 2576 2375 2640 Discede
2405 2599 2438 2641 a
2472 2600 2588 2661 me,
2627 2582 2900 2663 Domine,
2937 2583 3077 2663 quia
3108 2585 3287 2645 homo
3316 2596 3589 2665 peccator
3609 2608 3763 2651 sum.

2121 2668 2341 2748 Stupor
2371 2670 2530 2730 enim
2580 2670 3056 2732 circumdederat
3106 2692 3264 2753 eum,
3301 2683 3359 2734 et
3410 2695 3620 2738 omnes
3662 2681 3767 2757 qui

2122 2776 2253 2818 cum
2288 2758 2384 2818 illo
2419 2760 2672 2839 fuerant,
2706 2778 2888 2839 super
2917 2770 3161 2839 captura
3188 2763 3436 2841 piscium
3462 2783 3639 2845 quam
3672 2767 3764 2829 fe-

2121 2857 2324 2906 cerant
2349 2866 2361 2908 :
2395 2847 2676 2909 similiter
2692 2862 2891 2910 autem
2912 2847 3200 2910 Jacobum
3224 2860 3281 2911 et
3308 2853 3592 2913 Joannem
3613 2855 3769 2918 filios

2120 2932 2413 3002 Zebedzei.
2445 2936 2545 3015 qui
2568 2944 2735 2996 erant
2759 2936 2905 2998 socii
2928 2937 3434 3002 Simoni.Etaitad
3459 2940 3763 3005 Simonem

2116 3022 2336 3084 Jesus:
2385 3022 2470 3086 Ne
2522 3033 2772 3100 metuas,
2810 3026 3047 3104 posthac
3090 3026 3367 3091 homines
3416 3030 3637 3110 capies.
3690 3034 3771 3095 Et

952 3128 1057 3186 ἀπὸ
1086 3137 1178 3186 τοῦ
1208 3138 1293 3187 νῦν
1325 3110 1626 3206 ἀνθρώπους
1798 3130 2038 3203 ζωγρῶν·

2127 3110 2431 3172 subductis
2462 3112 2520 3172 in
2555 3121 2769 3174 terram
2806 3114 3072 3191 navibus,
3111 3117 3336 3180 relictis
3362 3119 3639 3182 omnibus
3663 3140 3765 3184 se-

2122 3199 2239 3259 cuti
2272 3210 2407 3261 sunt
2437 3220 2634 3264 eum.»
2662 3201 2833 3281 Fugit
2863 3206 3146 3265 Dominus
3175 3206 3444 3285 gloriam,
3467 3228 3599 3290 qua:
3628 3228 3764 3273 eum

2123 3289 2198 3349 oh
2234 3290 2345 3351 hoc
2378 3292 2561 3368 magis
2591 3293 2972 3373 sequebatur.
3018 3295 3201 3374 Igitur
3227 3306 3471 3377 urgente
3490 3289 3674 3361 turba
3706 3301 3769 3362 in

2121 3378 2315 3440 navim
2348 3379 2701 3462 ingreditur,
2740 3391 2799 3443 ut
2829 3383 2915 3444 vel
2966 3402 2999 3445 a
3044 3404 3189 3446 nave
3218 3385 3430 3449 doceat
3479 3388 3540 3449 in
3572 3388 3769 3452 littore

2121 3475 2370 3549 stantes,
2396 3470 2669 3532 omnibus
2690 3490 2722 3533 e
2743 3473 2982 3552 regione
3005 3476 3576 3555 comparentibus,et
3601 3481 3769 3541 nullo

2122 3576 2155 3618 a
2190 3566 2350 3638 tergo
2384 3560 2677 3621 veniente.
2713 3560 3029 3643 Postquam
3060 3572 3256 3625 autem
3308 3565 3539 3628 turbam
3570 3587 3604 3630 a
3634 3571 3767 3631 navi

2120 3647 2655 3723 docuit,dominum
2676 3650 2836 3711 navis
2869 3670 2982 3711 non
2996 3651 3763 3735 reliquitirremuneratum,

2121 3738 2222 3797 sed
2258 3736 2521 3800 bifariam
2575 3739 2627 3801 ei
2682 3738 2998 3815 benefecit,
3040 3742 3177 3820 quia
3220 3751 3278 3803 et
3322 3744 3765 3813 multitudinem

2125 3826 2376 3906 piscium
2410 3828 2464 3887 ei
2500 3828 2760 3909 donavit,
2786 3836 2845 3889 et
2873 3828 3231 3909 discipulum
3264 3850 3436 3893 suum
3464 3833 3625 3895 fecit.
3652 3835 3767 3897 Ad-

2126 3917 2340 3978 mirare
2390 3927 2587 3979 autem
2631 3918 2865 3979 Domini
2905 3918 3436 3999 dispensationem,
3471 3926 3764 4003 quomodo

2126 4023 2233 4087 per
2263 4007 2499 4086 propria
2552 4014 2610 4070 et
2650 4007 2960 4068 familiaria
3001 4028 3107 4069 sua
3151 4029 3449 4091 quemque
3477 4014 3754 4075 attrahit:

2126 4095 2279 4156 sicut
2312 4114 2513 4171 magos
2563 4115 2671 4176 per
2720 4096 2976 4170 stellam,
3030 4098 3108 4159 ita
3166 4107 3222 4159 et
3280 4100 3605 4180 piscatores
3660 4120 3769 4183 per

2128 4184 2338 4264 pisces.
2365 4186 2544 4245 Porro
2573 4185 2787 4248 Christi
2818 4188 3337 4250 mansuetudinem
3368 4189 3768 4272 vide,qu0m0-

2128 4274 2201 4334 d0
2235 4274 2506 4335 obsecret
2552 4276 2790 4337 Petrum
2825 4285 2887 4336 ut
2928 4296 2961 4337 a
3011 4287 3167 4339 terra
3196 4278 3487 4342 abducat:
3545 4282 3772 4361 rogavit

2127 4361 2310 4443 enim,
2345 4364 2505 4424 idem
2540 4375 2627 4425 est
2658 4364 2812 4444 quod
2846 4364 3213 4429 obsecravit:
3246 4366 3350 4428 sed
3385 4376 3443 4429 et
3470 4370 3767 4450 quomodo

2125 4452 2333 4514 Petrus
2361 4453 2694 4531 morigerus
2716 4453 3005 4528 fuerit,ita
3021 4463 3086 4515 ut
3113 4456 3415 4517 howinem
3444 4477 3622 4538 quem
3649 4479 3768 4522 non

390 4541 495 4616 ἀπὸ
539 4566 639 4627 τῆς
692 4565 793 4637 γῆς
837 4557 1203 4634 ἐπαναγαγεῖν
1234 4574 1249 4589 ⁸
1310 4556 1371 4612 τὸ
1415 4541 1537 4632 γὰρ,
1587 4552 1890 4631 ἠρώτησεν,
1924 4541 2038 4609 ἀντὶ

2127 4542 2372 4612 viderat,
2396 4543 2452 4603 in
2474 4541 2667 4604 naviut
2690 4561 2852 4604 suam
2877 4544 3227 4624 susceperit,
3249 4552 3309 4606 et
3330 4546 3385 4606 ei
3408 4546 3467 4606 in
3488 4548 3771 4612 omnibus

394 4656 508 4726 τοῦ,
562 4647 891 4727 παρεκάλεσε
952 4646 1060 4702 νόει
1092 4661 1108 4677 ⁶
1169 4643 1305 4700 ἀλλὰ
1355 4667 1442 4701 και
1494 4645 1522 4699 ὁ
1564 4641 1785 4721 Πέτρος,
1832 4647 1947 4705 πῶς
1978 4645 2044 4709 ἦν

392 4738 664 4809 εὔπειθὴς,
720 4736 859 4793 ὥστε
915 4734 1207 4814 ἄνθρωπον,
1271 4735 1330 4789 ὃν
1400 4734 1493 4790 οὑκ
1535 4730 1674 4808 ᾔδει,
1704 4729 2043 4797 ὑποδέξασθαι

395 4850 451 4884 τε
487 4829 559 4892 εἰς
617 4828 677 4883 τὸ
733 4826 925 4883 πλοῖόν
980 4827 1161 4898 αὒτοῦ,
1207 4824 1296 4880 καὶ
1330 4823 1499 4879 πάντα
1528 4821 1684 4878 αὐτοῦ
1711 4820 1990 4877 ὑπακούειν
2026 4837 2041 4855 '

394 4918 467 4977 ὡς
526 4914 627 4993 γὰρ
686 4918 840 4970 εἶπεν
897 4916 1039 4985 αύτῷ
1096 4911 1454 4989 ἐπαναγαγεῖν
1503 4911 1575 4973 εἰς
1604 4911 1665 4965 τὸ
1722 4908 1903 4986 βάθος,
1951 4912 2043 4967 οῦκ

392 5002 849 5079 ἀπεδυσπὲτησεν,
909 5000 1018 5059 οὔδ’
1070 5001 1219 5074 εἶπε,
1270 4998 1353 5056 Δι’
1394 4999 1526 5068 ὅλης
1582 5004 1680 5067 τῆς
1731 5000 1912 5063 νυκτὸς
1941 5020 2043 5057 κο-

393 5095 586 5155 πιάσας
647 5093 732 5151 καὶ
788 5090 955 5167 μηδὲν
1038 5089 1314 5170 κερδάνας,
1382 5096 1469 5146 νῦν
1524 5089 1606 5144 σοὶ
1661 5089 2039 5163 πεισθήσομαι,

394 5184 483 5239 καὶ
534 5180 796 5260 δευτέροις
851 5180 1031 5244 πόνοις
1088 5179 1313 5255 ὶμαυτὸν
1366 5176 1659 5257 ἐπιδώσω,
1702 5174 1860 5235 Οὐδὲν
1914 5176 2042 5233 τού-

398 5294 504 5328 των
537 5258 720 5343 εἶπεν,
768 5270 904 5327 ἀλλὰ
948 5269 1169 5346 μᾶλλον,
1208 5258 1326 5325 Ἐπὶ
1355 5275 1429 5343 τῷ
1468 5267 1663 5345 ῥήματί
1693 5289 1786 5324 σου
1817 5265 2044 5345 χαλάσω

394 5364 455 5419 τὸ
538 5361 743 5421 δίκτυον
777 5377 791 5392 ’
848 5360 1011 5423 οὕτως
1055 5358 1120 5425 ἦν
1175 5358 1274 5424 τὴν
1330 5358 1503 5413 πίστιν
1563 5358 1750 5434 θερμὸς
1800 5356 1888 5411 καὶ
1945 5356 2044 5433 πρὸ

398 5452 491 5519 τῆς
550 5454 780 5514 πίστεως
816 5465 830 5480 ⁶
880 5448 996 5505 ὅθεν
1062 5448 1150 5502 καὶ
1206 5447 1486 5509 τοσούτους
1514 5445 1699 5523 ἰχθύας
1730 5441 2043 5519 συλλαμϐά-

400 5562 502 5616 νει,
564 5540 700 5598 eam
745 5539 824 5607 μὴ
881 5535 1162 5611 δυνάμενος
1220 5537 1434 5597 τούτους
1491 5533 1729 5608 ἑλκύσαι,
1790 5534 1877 5589 καί
1929 5547 2044 5596 τοῖς

403 5632 663 5709 μετόχοις
696 5629 858 5700 νεύει,
925 5623 1188 5698 τουτέστι,
1242 5637 1359 5689 τοῖς
1416 5636 1697 5687 κοινωνοῖς
1725 5636 1841 5685 τοῖς
1885 5621 1940 5678 ἐν
1970 5627 2048 5694 τῷ

2127 4630 2442 4693 obedierit.
2472 4635 2624 4696 Nam
2656 4641 2719 4692 ut
2746 4631 2893 4693 dixit
2914 4633 2967 4693 ei
2994 4633 3150 4713 quod
3181 4632 3502 4696 abduceret
3531 4636 3592 4698 in
3625 4657 3769 4717 pro-

2126 4720 2524 4793 fundum,non
2542 4720 2971 4802 abnuit,neque
2990 4723 3282 4785 dixit.l‘er
3316 4731 3490 4783 totam
3531 4734 3766 4787 noctem

2126 4810 2410 4889 laboravi,
2446 4820 2507 4871 et
2539 4810 2683 4871 nihil
2720 4819 3076 4873 consecutus
3107 4830 3278 4891 sum;
3318 4829 3476 4873 nunc
3510 4812 3619 4874 tibi
3660 4834 3768 4895 ρας

2124 4917 2351 4974 rerem,
2387 4910 2445 4960 et
2475 4899 2611 4960 aliis
2643 4899 2976 4977 fatigandus
2998 4898 3300 4962 laboribus
3331 4901 3773 4966 incumberem?

2130 4993 2231 5054 sed
2266 4991 2371 5064 ait,
2406 4994 2469 5054 In
2506 4990 2681 5053 verbo
2718 5000 2815 5052 tuo
2863 4991 3068 5053 laxabo
3117 5001 3269 5056 rete.
3310 4995 3478 5056 Adeo
3509 4995 3775 5058 fervebat

2130 5082 2246 5143 ﬁde
2278 5082 2452 5143 etiam
2485 5091 2621 5142 ante
2653 5081 2827 5141 fidem
2859 5102 2872 5144 :
2908 5082 3066 5144 unde
3091 5090 3147 5143 ct
3170 5089 3359 5144 tantos
3389 5083 3583 5163 pisces
3599 5104 3771 5147 com-

2130 5171 2470 5252 prehendit,
2512 5178 2574 5231 ut
2603 5170 2737 5231 illos
2770 5189 2887 5230 non
2921 5171 3173 5249 potuerit
3204 5171 3463 5245 trahere,
3489 5182 3546 5235 et
3573 5192 3770 5238 annu-

2130 5261 2242 5323 erit
2271 5259 2473 5334 sociis,
2510 5262 2620 5322 hoc
2655 5268 2744 5320 est
2775 5258 3161 5339 participibus
3192 5259 3253 5320 in
3285 5260 3404 5322 alia
3432 5263 3586 5324 navi.
3612 5264 3772 5326 Nutu

2129 5358 2323 5411 autem
2355 5349 2489 5409 illos
2519 5357 2707 5426 vocat,
2734 5348 2869 5427 quia
2892 5356 3130 5427 propter
3159 5356 3462 5427 stuporem
3489 5370 3771 5431 magnum

2128 5439 2290 5520 loqui
2342 5437 2646 5519 nequibat.
2698 5437 2879 5498 Porro
2939 5437 3122 5499 multa
3176 5439 3509 5501 reverentia
3569 5444 3775 5503 Petrus

2126 5538 2293 5608 rogat
2320 5525 2523 5589 Jesum
2552 5536 2617 5589 ut
2650 5528 2776 5589 navi
2810 5524 3075 5601 excedat,
3104 5534 3475 5607 peccatorem
3507 5528 3773 5610 seipsum

2128 5619 2428 5693 dicens,et
2448 5616 2750 5697 indignum
2769 5614 2928 5678 illius
2950 5615 3572 5681 conversationeﬂaac
3594 5618 3771 5682 etiam
