4162 6228
364 262 483 328 759

1326 258 1915 327 THEOPHYLACTI
1962 254 2370 318 BULGARIE
2410 252 2764 317 ARCHIEP.

3614 252 3761 316 760

364 414 474 477 per
492 400 834 479 anagogiam
853 398 901 460 si
919 398 1010 461 vis
1032 394 1534 476 intelligas.Navis
1556 400 1644 455 est
1662 391 1691 454 ,1
1700 390 1997 479 udaaorum
2022 436 2024 444 λ

2122 387 2245 466 εέρῳ
2287 385 2457 444 πλοίὼ
2491 406 2504 420 ·
2539 384 2623 443 διά
2652 388 2909 462 νεύματος
2958 385 3015 443 δὲ
3070 387 3250 449 αὖτοὺς
3297 385 3696 467 προσκαλεῖται
3738 389 3757 404 ⁸

370 478 698 566 Synagoga,
733 496 791 550 et
836 490 1046 551 Petrus
1073 488 1223 565 gerit
1272 493 1466 565 typum
1501 482 1809 544 doctorum
1844 478 2010 557 legis.

369 574 807 639 Laboraverunt
835 584 1031 638 autem
1083 593 1189 655 per
1232 582 1407 634 totam
1459 579 1694 631 noctem
1744 568 2017 627 doctores

368 665 465 745 qui
515 673 651 726 ante
699 665 997 728 Christum
1056 663 1320 724 fuerunt.
1374 661 1634 738 Tempus
1682 655 1839 745 enim
1883 664 2018 715 ante

369 743 499 828 ejus
528 753 841 814 adventum
864 772 976 815 nox
996 770 1046 812 ei
1064 758 1211 822 at,et
1234 748 1378 810 nihil
1405 743 2012 826 comprehenderunt:

371 849 681 922 postquam
713 850 907 902 autem
936 840 1094 902 venit
1121 835 1673 916 Christus.diesque
1694 835 1881 922 factus
1903 839 2012 922 est,

368 919 621 1009 apostoli
682 932 737 991 in
798 930 993 991 locum
1037 928 1184 1007 legis
1234 925 1541 987 doctorum
1598 920 1909 1000 surrogati,
1958 919 2019 980 in

368 1017 549 1079 verbo
580 1019 732 1097 ejus,
766 1018 877 1079 hoc
909 1027 999 1078 est
1032 1018 1094 1077 in
1139 1023 1435 1096 praacepto
1482 1013 1633 1089 ejus.
1672 1011 1865 1071 laxant
1895 1018 2020 1070 rete

371 1104 696 1185 Evangelii,
732 1115 789 1167 et
846 1105 1287 1167 multitudinem
1342 1100 1647 1163 hominum
1708 1105 2018 1159 venantur.

371 1195 492 1259 Soli
526 1205 720 1256 autem
753 1194 998 1274 apostoli
1049 1211 1163 1254 non
1212 1198 1459 1273 possunt
1504 1188 1738 1249 trahere
1771 1195 1896 1247 rete
1929 1184 2023 1265 pi-

374 1284 586 1355 scium,
622 1291 1012 1364 annuuntque
1054 1282 1234 1344 sociis
1274 1280 1418 1352 suis,
1454 1288 1510 1338 et
1559 1275 2021 1349 communicant,

375 1384 431 1436 et
463 1392 593 1433 cum
630 1373 715 1432 eis
749 1373 1007 1433 trahunt.
1052 1370 1123 1432 Hi
1169 1378 1363 1430 autem
1419 1365 1558 1425 305
1588 1374 1724 1424 sunt
1763 1372 2026 1444 pastores

375 1474 431 1523 et
479 1462 754 1523 doctores
806 1460 1203 1524 Ecclesiarum
1256 1459 1312 1517 in
1363 1455 1614 1533 singulis
1660 1453 2025 1533 temporibus

375 1551 473 1630 qui
504 1550 973 1630 interpretantur
994 1557 1050 1611 et
1069 1548 1283 1608 docent
1306 1542 2026 1625 apostolica,trahuntque

376 1659 509 1706 cum
544 1639 850 1719 apostolis,
878 1648 940 1698 ut
974 1637 1274 1716 piscentur
1303 1630 2024 1696 homines.Animadverte

2093 473 2279 543 ἒπειδὴ
2323 474 2409 532 διὰ
2449 475 2549 542 τὴν
2578 476 2663 531 hri
2724 481 2789 551 τῇ
2838 474 2974 555 ἄγρα
3030 474 3297 550 ἕκοληξιν,
3341 474 3458 532 οὐδὲ
3512 473 3763 541 λαλῆσαι

2096 563 2320 632 ἠδύνατο
2352 583 2367 599 ·
2415 564 2522 620 ἀπὸ
2575 562 2781 632 πολλῆς
2840 562 2893 620 δί
2935 562 3205 629 εὐλαϐείας
3249 567 3278 621 6
3322 564 3514 642 Πέτρος
3543 586 3762 641 παραι-

2097 653 2272 710 τεῖται
2301 655 2392 709 τὸν
2425 650 2635 720 Ἰησοῦν
2672 660 2763 711 τοῦ
2791 654 2868 728 μή
2901 653 3044 709 εἶναι
3089 652 3143 708 ὲν
3172 660 3248 727 τῷ
3276 654 3468 727 πλοίῳ,
3499 653 3765 731 ἀμαρτωο

2099 743 2190 798 λὸν
2243 742 2426 798 ἑαυτὸν
2472 739 2670 821 λέγων,
2720 743 2808 798 καὶ
2856 740 2953 798 οὒκ
2980 740 3123 807 ἀξιον
3155 749 3247 799 τοῦ
3276 741 3459 814 ἐκείνῳ
3486 754 3762 801 συνεῖναι.

2102 830 2310 896 Νόησον
2354 829 2408 885 δὲ
2466 837 2631 886 ταῦτα
2689 831 2777 886 καὶ
2831 830 2967 888 κατά
3008 831 3317 910 ἀναγωγὴν,
3365 831 3409 885 εἰ
3435 829 3627 892 θέλεις.
3674 830 3764 887 Τὸ

2100 918 2294 975 πλοῖόν
2335 921 2479 975 ἔστιν
2531 920 2565 986 ἡ
2608 921 2715 975 τῶν
2783 917 3048 977 Ἰουδαίων
3094 920 3387 999 Συναγωγή
3422 935 3436 948 ·
3473 921 3501 974 ὁ
3554 918 3765 996 Πέτρος

2101 1008 2268 1064 τύπον
2328 1006 2516 1086 ἐπέχει
2558 1014 2664 1063 τῶν
2709 1007 2764 1064 ἐν
2807 1015 2883 1083 τῷ
2910 1021 3061 1083 νόμῳ
3101 1006 3428 1064 διδασκάλων
3462 1024 3479 1039 '
3526 1007 3764 1064 ἐκοπία-

2105 1118 2201 1152 σαν
2260 1095 2349 1152 οὖν
2406 1093 2472 1151 δι’
2530 1095 2661 1163 ὅλης
2720 1102 2817 1164 τῆς
2876 1097 3060 1159 νυκτὸς
3116 1098 3163 1153 οἱ
3222 1098 3322 1174 πρὸ
3381 1105 3473 1154 τοῦ
3530 1102 3767 1173 Χριστοῦ

2106 1182 2413 1242 διδάσκαλοι
2466 1184 2576 1265 (νὺξ
2639 1187 2737 1264 γὰρ
2807 1188 2834 1241 6
2895 1193 2996 1264 πρὸ
3035 1190 3131 1254 τῆς
3191 1192 3417 1264 Χριστοῦ
3467 1183 3765 1259 ἑπιδημίοις

2106 1275 2327 1353 καιρὸς),
2376 1275 2463 1329 καὶ
2521 1272 2666 1330 οῦδὲν
2708 1271 2922 1334 ἔλαϐον.
2980 1272 3261 1337 Ἐλθόντος
3290 1271 3346 1330 δὲ
3374 1282 3467 1331 τοῦ
3500 1280 3764 1355 Χριστοῦ,

2106 1364 2194 1417 καὶ
2235 1361 2440 1441 ἡμέρας
2488 1363 2803 1440 γινομένης,
2838 1365 2910 1426 είς
2938 1364 3029 1420 τον
3084 1365 3245 1421 τόπον
3301 1370 3407 1419 τῶν
3465 1359 3767 1435 νομοδιδα-

2105 1450 2316 1512 σκάλων
2376 1451 2613 1518 τεθέντες
2659 1456 2703 1509 οἱ
2747 1452 3060 1528 ἀπόστολοι,
3112 1452 3196 1510 ἐπὶ
3224 1457 3302 1526 τῷ
3329 1453 3525 1530 ῥήματι
3569 1453 3761 1519 αῦτοῦ,

2107 1540 2373 1597 τουτέστιν
2458 1540 2543 1597 ἐπὶ
2619 1548 2688 1619 τῇ
2754 1539 3056 1621 προστάξει,
3141 1540 3353 1622 χαλῶσι
3437 1544 3498 1598 τὸ
3547 1539 3766 1597 δίκτυον

2105 1636 2195 1687 τοῦ
2246 1631 2592 1708 Εὖαγγελιου,
2677 1633 2767 1687 καὶ
2851 1629 3052 1698 πλῆθος
3109 1630 3396 1710 ἀνθρώπων
3466 1632 3762 1709 ζωγροῦσι,

372 1728 514 1789 item
549 1716 608 1788 et
651 1727 988 1793 dictionem.
1013 1727 1234 1787 Laxare
1267 1732 1417 1785 rete.
1452 1720 1833 1799 Evangelium
1863 1720 2022 1779 enim

2108 1718 2270 1774 Μόνοι
2329 1716 2384 1773 δὲ
2441 1719 2488 1775 οἱ
2555 1718 2842 1776 ἀπόστολοι
2925 1720 2983 1776 οὒ
3067 1718 3309 1777 δύνανται
3391 1718 3607 1776 ἑλκύσαι
3691 1721 3768 1775 τὸ

376 1824 466 1878 est
489 1819 978 1888 rete,orationem
1013 1813 1237 1874 habens
1261 1810 1547 1873 humilem
1574 1818 1631 1869 et
1662 1808 2019 1889 pedestrem,

378 1914 437 1965 et
466 1904 538 1965 ad
568 1903 902 1965 auditorum
950 1901 1353 1963 infirmitatem
1389 1917 1453 1961 se
1483 1906 1968 1978 attemperantem
2004 1916 2020 1958 :

377 2002 437 2055 et
464 1991 688 2053 idcirco
721 1992 938 2054 dicitur
970 1990 1178 2054 laxari.
1202 1989 1263 2052 Si
1297 1989 1389 2052 cui
1418 1996 1617 2050 autem
1650 1996 1708 2049 et
1740 2004 2023 2048 sen~uum

380 2080 748 2161 profunditas
809 2078 1130 2158 signiﬁcari
1192 2078 1461 2140 videatur
1516 2095 1620 2157 per
1670 2076 2025 2136 laxationem

378 2167 775 2249 retis,‘neque
802 2168 995 2247 ipsum
1029 2186 1060 2226 a
1095 2186 1229 2227 vero
1260 2166 1507 2229 abludit.
1541 2164 1828 2244 Impletur
1867 2162 2025 2223 enim

380 2263 442 2318 et
470 2257 581 2317 hoc
610 2256 913 2336 prophetae
945 2254 1041 2333 qui
1072 2254 1218 2315 dicit
1244 2273 1295 2317 :a
1330 2252 1483 2314 Ecce
1516 2272 1622 2330 ego
1654 2251 1816 2312 mitto
1843 2252 2030 2331 pisca-

384 2354 545 2407 tores
564 2344 1339 2418 multos,dicitDominus,et
1354 2350 1552 2423 postea
1570 2342 1795 2402 mittam
1811 2339 2026 2399 multos

2106 1804 2309 1864 δίκτυον
2363 1813 2470 1863 τῶν
2526 1808 2743 1887 ἰχθύων,
2810 1811 2899 1866 καὶ
2956 1810 3159 1866 νεύουσι
3189 1810 3437 1872 καὶτοῖς
3494 1811 3766 1888 μετόχοις

2106 1895 2277 1953 αὐτῶν
2333 1897 2419 1951 καὶ
2473 1910 2780 1969 κοινωνοῖς,
2826 1899 2914 1954 καὶ
2956 1899 3280 1976 συναίρονται
3332 1902 3536 1961 αὐτοῖς.
3599 1899 3767 1955 Οῦτοι

2108 1981 2163 2039 δέ
2212 1985 2340 2040 εἰσιν
2394 1987 2441 2041 οἱ
2493 1985 2610 2042 καθ’
2671 1986 2921 2051 ἑκάστους
2979 1988 3191 2066 καιροὺς
3249 1990 3495 2063 ποιμὲνες
3539 1987 3625 2042 καὶ
3667 1984 3762 2041 δι-

2110 2070 2360 2129 δάσκαλοι
2402 2079 2508 2129 τῶν
2552 2072 2912 2148 Ἐκκλησιῶν,
2957 2078 3011 2133 οἳ
3056 2077 3123 2132 τὰ
3194 2075 3519 2134 ἀποστολικά
3579 2076 3764 2154 ἑρμη-

2110 2161 2343 2225 νεύοντες
2397 2162 2486 2217 καὶ
2526 2159 2878 2238 διδάσκοντες,
2943 2164 3268 2242 συναίρονται
3339 2178 3454 2228 τοῖς
3500 2164 3755 2221 ἀποστό-

2108 2248 2219 2314 λοις
2278 2251 2408 2330 πρὸς
2436 2252 2495 2307 τὸ
2525 2258 2799 2332 ζωγρῆσαι
2849 2254 3153 2333 ἀνθρώπους
3190 2268 3204 2283 ⁸
3240 2254 3429 2310 σκόπει
3460 2252 3515 2309 δὲ
3544 2254 3629 2309 καὶ
3657 2254 3764 2319 τὴν

2108 2338 2246 2405 λέξιν
2288 2346 2403 2411 τοῦ,
2434 2339 2647 2397 Χαλῶσι
2676 2343 2738 2399 τὸ
2792 2339 3017 2404 δικτυον.
3061 2344 3131 2400 Τὸ
3177 2344 3273 2399 μὲν
3304 2344 3401 2421 γὰρ
3431 2341 3758 2420 Εὖαγγελιόν

381 2442 719 2508 venatores,
777 2442 836 2494 et
883 2432 1265 2493 venabuntur
1321 2432 1453 2492 illos
1474 2432 1571 2491 27:
1628 2454 1651 2487 ι
1701 2428 2024 2508 piscatores

2113 2428 2222 2485 ἐστι
2277 2429 2339 2485 τὸ
2381 2427 2625 2486 δίκτυον
2685 2428 2823 2496 λέξιν
2866 2429 2922 2487 δὲ
2974 2430 3104 2511 ἕχον
3161 2432 3417 2498 ταπεινὴν
3445 2432 3532 2486 καὶ
3560 2431 3752 2505 πεζὴν,

384 2521 628 2602 quidem
660 2529 895 2582 sanctos
915 2520 1216 2600 apostolos
1235 2539 1472 2587 vocans,
1510 2539 1531 2569 ι
1545 2526 1816 2578 matures
1832 2525 2024 2577 autem

2112 2519 2201 2572 καὶ
2254 2516 2715 2594 συγκαταϐατικὴν
2768 2521 2898 2598 πρὸς
2954 2523 3055 2585 τὴν
3109 2517 3367 2575 ἶδιωτείαν
3428 2521 3531 2575 τῶν
3589 2517 3755 2573 ἀκου-

383 2629 487 2672 eos
519 2610 620 2689 qui
652 2609 1023 2690 temporibus
1042 2609 1437 2685 sequentibus
1460 2607 1642 2670 habiti
1665 2615 1802 2666 sunt
1821 2605 2024 2665 docto-

2114 2606 2304 2677 όντων,
2364 2602 2448 2661 διὰ
2502 2616 2656 2667 τοῦτο
2697 2606 2910 2687 λέγεται
2955 2606 3314 2687 χαλασθῆναι.
3365 2608 3421 2664 Εἰ
3466 2605 3520 2663 δέ
3546 2629 3626 2671 τις
3669 2609 3759 2662 καὶ

382 2716 480 2760 res
504 2697 905 2761 Ecclesiarum
939 2706 998 2760 et
1030 2698 1310 2778 praefecti.

2114 2694 2175 2750 τὰ
2230 2694 2387 2770 βάθος
2464 2701 2567 2750 τῶν
2644 2697 2927 2772 νοημάτων
2999 2695 3280 2763 δηλοῦσθαι
3340 2699 3468 2777 φαίη
3527 2694 3610 2752 διά
3666 2708 3760 2756 τοῦ

383 2787 652 2870 χαλᾶσθαι
713 2790 773 2843 τὸ
804 2786 1032 2860 δίκτυον,
1095 2785 1217 2844 οὐδὲ
1262 2790 1415 2844 τοῦτο
1465 2786 1683 2847 ἀπεικός
1719 2800 1731 2814 ⁸
1794 2784 2141 2863 πεπλήρωται
2192 2790 2316 2862 γοῦν
2373 2785 2461 2840 καὶ
2514 2786 2575 2840 τὸ
2610 2796 2703 2845 τοῦ
2754 2787 3043 2865 προφήτου,
3080 2785 3313 2847 εἰκόντος
3349 2805 3362 2819 ο
3404 2809 3431 2840 α
3479 2782 3607 2843 Ἰδοὺ
3651 2784 3762 2863 ἐγὼ

391 2875 675 2933 ἀποστελῶ
707 2874 879 2941 ἀλιετς
924 2873 1176 2949 πολλοὺς,
1209 2875 1352 2954 λέγει
1387 2877 1571 2955 Κύριος
1592 2892 1603 2903 ·
1638 2876 1724 2930 καὶ
1770 2876 1906 2950 μετά
1937 2896 2097 2929 ταυτα
2125 2870 2405 2929 ἀποστελῶ
2434 2872 2663 2937 πολλοὺς
2694 2876 2972 2955 θηρευτὰς,
2999 2877 3087 2930 καὶ
3115 2876 3454 2948 θηρεύσουσιν
3482 2875 3689 2940 αὐτούς·
3728 2899 3754 2928 ι

383 2967 504 3031 τοὺς
551 2968 648 3040 μὲν
694 2964 890 3041 ἀλιεῖς,
923 2965 1042 3027 τοὺς
1089 2966 1267 3043 ἁγίους
1313 2964 1639 3028 ἀποστόλους
1670 2963 1844 3041 λέγων
1880 2979 1893 2993 ’
1955 2963 2208 3042 θηρευτὰς
2238 2960 2315 3044 δὲ,
2362 2965 2482 3028 τοὺς
2512 2965 2650 3021 κατά
2678 2968 2890 3043 καιροὺς
2932 2972 3040 3020 τῶν
3071 2962 3404 3029 Ἐκκλησιῶν
3434 2963 3757 3044 ἡγουμένους

453 3056 467 3077 ς
503 3053 524 3073 λ
554 3054 575 3072 κ
699 3056 708 3069 ο

381 3077 470 3111 και
497 3055 860 3119 οιοασκαλους.

466 3143 654 3204 Vens.
695 3143 886 3207 12-16.
921 3167 943 3197 α
981 3142 1052 3203 Ει
1081 3141 1296 3203 factum
1326 3150 1436 3217 est,
1461 3161 1593 3203 cum
1628 3148 1786 3202 esset
1809 3140 1865 3201 in
1893 3158 2024 3219 qua-

2200 3163 2221 3196 c
2263 3143 2359 3199 Καὶ
2418 3143 2626 3221 ἐγένετο
2682 3142 2735 3199 ἐν
2795 3152 2871 3217 τῷ
2914 3145 3056 3199 εἶναι
3102 3141 3258 3199 αὐτὸν
3290 3141 3345 3199 ἐν
3388 3150 3485 3216 μιᾷ
3514 3149 3617 3199 τῶν
3648 3144 3758 3200 πό-

386 3229 526 3291 dam
575 3228 833 3305 civitate,
896 3238 956 3293 et
990 3248 1130 3292 ecce
1160 3232 1249 3290 vir
1288 3231 1497 3311 plenus
1540 3232 1726 3309 lepra,
1773 3246 2024 3308 rumque

2111 3227 2272 3306 λεων,
2322 3233 2410 3288 καὶ
2448 3231 2556 3292 ἰδοὺ
2599 3233 2733 3311 ἀνὴρ
2799 3232 3013 3312 πλήρης
3083 3231 3301 3310 λέπρας,
3365 3233 3453 3289 καὶ
3495 3230 3614 3289 ἰδὼν
3668 3236 3760 3290 τὸν

389 3317 636 3380 vidisset
661 3318 891 3395 Jesum,
929 3328 1253 3399 prostratus
1283 3319 1343 3381 in
1376 3320 1587 3380 faciem
1620 3319 1846 3395 rogavit
1870 3338 2024 3394 eum,

2112 3316 2343 3401 ⁹ιησοῦν,
2404 3323 2581 3378 πεσὼν
2649 3322 2735 3378 ἐπὶ
2793 3322 3100 3400 πρόσωπον,
3177 3319 3365 3392 ἐδεήθη
3420 3324 3598 3401 αῦτοῦ,
3660 3321 3759 3378 λέ-

386 3405 638 3469 dicens:
676 3406 951 3481 Domine,
988 3406 1038 3467 si
1084 3408 1192 3480 vis,
1240 3418 1408 3488 potes
1459 3426 1553 3468 me
1602 3408 1911 3467 mundare.
1970 3404 2024 3468 Et

2117 3429 2227 3483 γων
2259 3424 2275 3441 ⁸
2312 3410 2492 3489 Κύριε,
2553 3410 2642 3467 ἐὰν
2701 3410 2880 3486 θέλης,
2942 3408 3154 3467 δύνασαί
3208 3431 3275 3485 με
3308 3414 3603 3489 καθαρίσαι.
3654 3408 3761 3473 Καὶ

385 3502 668 3576 protensa
700 3514 873 3556 manu
909 3496 1278 3577 tetigiteum,
1310 3497 1553 3558 dicens:
1595 3495 2032 3574 \’olo,munilns

387 3592 546 3646 esto.
573 3581 648 3643 Et
674 3583 981 3643 confestim
1017 3583 1180 3663 lepra
1229 3584 1500 3645 discessit
1533 3583 1607 3644 ab
1646 3583 1767 3643 illo.
1802 3583 1874 3645 Et
1907 3582 2034 3661 ipse

388 3671 670 3752 praecepit
702 3671 786 3732 illi
810 3690 885 3734 ne
906 3671 1180 3753 cuiquam
1210 3672 1475 3735 diceret:
1509 3672 1610 3733 sed
1645 3670 2029 3751 vade,inquit,

388 3764 636 3827 ostende
696 3765 950 3845 teipsum
1008 3765 1324 3838 sacerdoti,
1377 3774 1434 3827 et
1483 3765 1631 3826 offer
1683 3782 1895 3824 munus
1927 3781 2031 3842 pro

388 3854 815 3916 emundatlone
845 3855 949 3928 tui,
980 3854 1484 3935 quemadmodum
1535 3851 1812 3935 praacepit
1841 3855 2033 3913 Moses

387 3941 448 4003 in
483 3942 887 4005 testimonium
934 3943 1077 4004 illis.
1134 3941 1566 4025 Pervagabalur
1610 3951 1804 4003 autem
1849 3941 2033 4019 magis

386 4048 593 4093 rumor
622 4032 698 4093 de
747 4031 873 4106 illo,
909 4040 968 4092 et
1005 4029 1441 4093 conveniebant
1492 4030 1683 4094 turba}
1729 4030 1928 4091 multa:
1972 4039 2033 4089 ut

384 4120 684 4193 audirent,
710 4128 771 4180 et
799 4129 1152 4182 sanarentur
1176 4119 1248 4181 ab
1274 4118 1720 4181 infirmitatibus
1749 4118 2032 4195 suis.Ipse

381 4215 579 4269 autem
612 4207 824 4284 agebat
857 4208 916 4268 in
946 4226 1186 4270 secessu
1233 4208 1293 4269 in
1347 4208 1601 4270 desertis
1650 4216 1707 4267 et
1735 4207 1963 4270 orabat.
2002 4234 2024 4266 ι

389 4294 802 4357 Admiratione
824 4296 1038 4375 dignus
1056 4306 1144 4357 est
1174 4296 1445 4376 leprosus
1474 4296 1598 4369 ille,
1630 4295 1769 4377 quia
1796 4297 2031 4375 dignam

383 4386 507 4448 Deo
538 4383 613 4445 de
646 4383 878 4447 Christo
907 4385 1249 4465 opinionem
1276 4385 1480 4446 habuit
1510 4394 1569 4447 et
1598 4385 1744 4446 dixit
1781 4407 1794 4449 :
1829 4385 1887 4447 Si
1924 4385 2029 4465 vis,

385 4478 554 4551 potes
585 4491 679 4534 me
712 4473 1022 4537 mundare.
1057 4471 1184 4535 Hoc
1227 4473 1385 4536 enim
1418 4472 1637 4535 indicat
1668 4473 1860 4553 ipsum
1890 4493 2032 4534 sen—

2117 3496 2351 3561 ὲκτείνας
2404 3498 2503 3565 τὴν
2560 3512 2745 3578 χεῖρα,
2824 3498 3003 3575 ἥψατο
3079 3502 3259 3570 αὐτοῦ,
3335 3501 3519 3578 εἰπὼν,
3584 3498 3758 3579 Θέλω,

2117 3586 2457 3661 καθαρίσθητι
2495 3602 2510 3617 ⁹
2585 3590 2674 3644 καὶ
2759 3588 2945 3651 εὐθέως
3010 3590 3045 3655 ἡ
3120 3586 3288 3667 λέπρα
3360 3586 3594 3655 ἀπῆλθεν
3665 3586 3761 3644 ἀπ’

2117 3674 2295 3733 αὐτοῦ.
2347 3677 2443 3733 Καὶ
2487 3677 2641 3739 αὐτὸς
2685 3676 3041 3756 παρήγγειλεν
3090 3679 3231 3752 αὒτῷ
3294 3676 3478 3753 μηδενὶ
3535 3679 3705 3733 εἰπεῖν
3740 3692 3759 3713 ⁸

2114 3760 2253 3819 ἀλλά
2310 3763 2576 3845 ἀπελθὼν,
2623 3764 2793 3831 δεῖξον
2856 3768 3077 3823 σεαυτὸν
3127 3774 3204 3841 τῷ
3260 3768 3414 3844 ἱερεῖ,
3460 3768 3547 3823 καὶ
3590 3788 3764 3845 προσ-

2116 3850 2297 3930 ένεγκε
2352 3855 2469 3933 περὶ
2542 3865 2635 3914 τοῦ
2707 3859 3031 3934 καθαρισμοῦ
3087 3877 3181 3912 σου
3245 3857 3416 3920 καθὼς
3474 3854 3760 3934 προσέταξε

2117 3940 2336 4017 Μωσῆς,
2384 3944 2456 4006 εἰς
2501 3946 2781 4024 μαρτύριον
2839 3945 3045 4007 αὺτοῖς,
3096 3946 3362 4025 Διήρχετο
3401 3943 3687 4016 δὲμᾶλλον
3730 3948 3759 4001 6

2114 4027 2271 4109 λόγος
2332 4034 2447 4111 περὶ
2497 4034 2675 4092 αὐτοῦ.
2748 4037 2846 4093 Καὶ
2915 4039 3246 4115 συνήρχοντο
3332 4032 3488 4113 ὄχλοι
3542 4033 3754 4107 πολλοὶ,

2114 4120 2322 4176 ἀκούειν
2378 4124 2465 4178 καὶ
2505 4124 2876 4201 θεραπεύεσθαι
2933 4125 3022 4181 ὑπ’
3066 4126 3223 4191 αὐτοῦ
3279 4125 3384 4180 ἀπὸ
3439 4125 3546 4179 τῶν
3596 4124 3756 4179 ἀσθε-

2112 4215 2267 4265 νειῶν
2319 4214 2511 4274 αὐτῶν,
2546 4214 2713 4277 Αὐτὸς
2743 4210 2797 4268 δὲ
2830 4215 2896 4280 ἦν
2924 4215 3221 4295 ὑποχωρῶν
3253 4215 3306 4271 ἐν
3346 4228 3467 4278 ταῖς
3512 4212 3753 4291 ἐρήμοις,

2115 4300 2202 4354 καὶ
2246 4301 2701 4381 προσευχόμενος.
2763 4326 2792 4357 ι
2858 4300 3295 4378 Ἀξιοθαύμαστος
3330 4306 3357 4361 ὁ
3401 4303 3617 4381 λεπρὸς,
3673 4300 3755 4359 ὅτι

2113 4392 2382 4466 θεοπρεπῆ
2411 4389 2613 4448 ἔννοιαν
2662 4393 2778 4469 περὶ
2834 4394 2927 4448 τοῦ
2984 4395 3168 4473 Κυρίου
3200 4393 3369 4473 ἔχων,
3401 4394 3584 4472 φησὶν,
3629 4390 3758 4449 Ἐὰν

2114 4475 2301 4551 θέλης,
2357 4476 2570 4535 δύνασαί
2626 4501 2692 4555 με
2748 4481 3051 4560 καθαρίσαι.
3131 4492 3294 4540 Τοῦτο
3352 4482 3450 4559 γάρ
3506 4479 3757 4535 δείκνυσιν

382 4542 626 4622 tientem
666 4561 741 4622 de
785 4560 1026 4625 Christo
1056 4571 1115 4624 ut
1148 4563 1223 4623 de
1274 4564 1419 4624 Deo.
1471 4560 1598 4622 Non
1652 4542 1809 4623 enim
1862 4572 1926 4623 ut
1958 4563 2024 4625 ad

2233 4542 2242 4545 τ
2281 4542 2298 4551 ν
2626 4542 2636 4555 ι
2886 4542 2897 4560 .
3366 4542 3377 4559 .
3423 4542 3432 4559 .

2115 4568 2271 4622 αὑτὸν
2327 4567 2604 4624 ἐννοοῦντα
2658 4571 2775 4645 περὶ
2806 4578 2900 4626 τοῦ
2931 4575 3178 4642 Χριστοῦ,
3213 4573 3286 4633 ὡς
3318 4570 3434 4647 περὶ
3466 4576 3597 4624 Θεοῦ
3631 4585 3645 4599 ⁸
3694 4568 3758 4624 οὗ

380 4647 685 4712 medicum
716 4658 1073 4720 accesserat,
1109 4668 1301 4731 neque
1335 4649 1494 4710 enim
1530 4650 1692 4728 lepra
1722 4669 1756 4712 a
1785 4651 2032 4712 medicis

380 4737 576 4799 curari
617 4747 832 4819 potest,
865 4739 969 4800 sed
1001 4747 1064 4799 ut
1103 4739 1176 4800 ad
1231 4738 1443 4803 Deum.
1502 4740 1674 4818 cujus
1727 4740 1913 4800 solius
1943 4749 2033 4801 est

379 4844 591 4888 sanare
622 4826 679 4888 id
713 4846 900 4906 genus
924 4826 1293 4889 morborum.
1328 4826 1596 4889 AtJesus
1629 4828 1808 4905 tangit
1838 4828 2027 4906 illum,

380 4932 491 4977 nec
509 4914 638 4978 sine
670 4916 982 4995 causa,sed
1011 4916 1292 4997 quoniam
1328 4917 1669 4977 immundus
1702 4916 2029 4979 habebatur

370 5002 542 5083 juxta
568 5003 786 5082 legem,
820 5006 921 5085 qui
954 5005 1252 5085 leprosum
1281 5002 1579 5087 tangebat,
1607 5005 1808 5065 volens
1837 5016 2026 5067 osten-

378 5090 522 5154 dere
551 5092 708 5171 quod
742 5112 858 5154 non
906 5103 1186 5156 teneatur
1228 5093 1299 5154 ad
1344 5093 1633 5154 servanda
1665 5102 1778 5153 tam
1814 5097 2025 5174 exigua

377 5177 525 5259 legis
557 5180 805 5254 dicta,et
831 5183 989 5263 quod
1021 5183 1151 5263 ipse
1181 5182 1258 5244 sit
1290 5181 1579 5245 Dominus
1606 5181 1843 5261 legis,et
1865 5184 2021 5263 quod

378 5268 637 5330 mundus
692 5288 810 5332 non
867 5270 1287 5352 coinquinetur
1345 5290 1414 5331 ex
1476 5288 1545 5331 eo
1590 5270 1746 5350 quod
1791 5271 2020 5333 videtur

374 5354 775 5439 immundum,
807 5359 914 5422 sed
962 5360 1298 5423 animorum
1349 5360 1513 5441 lepra
1562 5360 1639 5420 sit
1687 5378 1820 5440 quae
1848 5362 2017 5421 coin-

453 5524 514 5579 π
538 5527 760 5590 Jerem.
795 5544 918 5610 ινι,
955 5529 1054 5595 16.

2114 4656 2214 4734 γάρ
2270 4656 2343 4719 ὡς
2410 4657 2574 4734 ἱατρῷ
2630 4660 2973 4737 προσήρχετο
3049 4660 3104 4739 (ἡ
3170 4660 3269 4737 γὰρ
3344 4657 3510 4736 λέπρα
3564 4658 3754 4735 ἰατρῶν

2115 4744 2296 4824 χερσὶν
2342 4742 2795 4824 ἀνεπιχείρητος),
2830 4745 2950 4802 ἀλλ’
2994 4749 3067 4811 ὡς
3122 4755 3237 4822 θεῷ
3271 4763 3285 4777 ⁸
3318 4746 3502 4802 τούτου
3532 4746 3629 4821 γάρ
3658 4744 3752 4819 μό-

2114 4854 2204 4888 νου
2246 4834 2306 4888 τὸ
2362 4832 2429 4888 τά
2472 4842 2690 4891 τοιαῦτα
2720 4835 2915 4892 ἰᾶσθαι.
2955 4826 3013 4892 Ὀ
3056 4833 3108 4891 δὲ
3142 4837 3327 4911 Κύριος
3372 4834 3594 4889 ἅπτεται
3652 4834 3748 4888 αὓ-

2111 4929 2227 4999 τοῦ,
2287 4923 2382 4977 οὐκ
2445 4919 2679 4999 ἀλόγως,
2732 4921 2854 4978 ἀλλ’
2912 4922 3094 4992 ἐπειδὴ
3152 4926 3290 4980 κατά
3345 4925 3434 4978 τὸν
3478 4924 3659 4998 νόμον.
3707 4923 3751 4991 ,ὁ

2110 5010 2406 5086 ἁπτόμενος
2488 5008 2683 5090 λεπροῦ
2764 5010 2933 5068 ἐδόκει
3013 5013 3302 5091 ἀκάθαρτος
3357 5013 3523 5084 εἶναι,
3585 5009 3751 5066 θέλων

2108 5097 2300 5171 δεῖξαι,
2358 5097 2438 5156 ὅτι
2481 5100 2576 5162 τὰς
2632 5100 2881 5165 τοιαύτας
2937 5100 3277 5181 μικρολογίας
3306 5108 3401 5158 τοῦ
3444 5101 3609 5175 νόμου
3657 5098 3752 5154 οὐκ

2106 5187 2345 5265 ἀνάγκην
2402 5187 2518 5269 ἔχει
2563 5186 2862 5269 φυλάττειν,
2914 5187 3035 5246 ἀλλ’
3089 5192 3242 5254 αὐτός
3277 5189 3419 5246 ἐστιν
3451 5191 3478 5246 6
3514 5196 3605 5245 τοῦ
3655 5187 3746 5244 νό-

2104 5298 2207 5350 μου
2269 5277 2475 5355 Κύριος,
2521 5278 2608 5333 καὶ
2659 5276 2739 5333 ὅτι
2783 5276 2930 5334 οῦδὲν
2978 5280 3007 5335 ό
3063 5281 3287 5359 καθαρὸς
3361 5277 3645 5355 μολύνεται
3689 5275 3749 5334 ἑκ

2102 5372 2193 5423 τοῦ
2233 5362 2508 5430 δοκοῦντος
2541 5364 2863 5444 ἀκαθάρτου,
2900 5366 3019 5424 ἀλλ’
3069 5370 3104 5437 ἠ
3148 5376 3254 5426 τῶν
3308 5373 3502 5450 ψυχῶν
3552 5365 3745 5447 λέπρα,
