4162 6228
334 356 441 417 76!
1079 354 1522 419 ENARRATIO
1565 355 1647 416 IN
1690 346 2194 413 EVANGELIUM
2258 352 2497 413 LUC/E.
2544 385 2620 396 —
2663 355 2823 417 CAP.
2875 357 2949 417 γ.
3604 357 3721 421 762

332 488 511 555 ἐκείνη
561 488 697 546 ἐστὶν
750 491 786 558 ἡ
846 488 1145 565 μολύνουσα
1177 502 1192 518 ⁵
1281 486 1467 543 τούτου
1529 484 1705 542 ἕνεκεν
1745 482 1975 544 ἅπτεται

2075 482 2303 564 quinat,
2336 494 2395 547 et
2424 486 2557 549 ideo
2590 488 2779 569 tangit
2821 510 2835 552 :
2886 491 3125 557 interim
3185 500 3244 556 et
3293 493 3405 557 hoc
3448 494 3720 559 indicans

332 577 447 653 ἅμα
499 574 581 657 δὲ,
634 599 721 656 και
747 577 842 635 ἵνα
873 576 1015 654 δείξῃ
1073 574 1154 633 ὅτι
1197 577 1231 644 ἡ
1281 575 1406 653 ἁγία
1453 575 1612 632 αἶ»τοῦ
1668 574 1793 656 σὰρξ
1851 576 1975 633 θείαπ

2074 574 2228 653 quod
2262 583 2464 638 sancta
2496 577 2625 656 ejus
2650 596 2788 640 caro
2806 578 3064 644 divinam
3092 582 3309 648 habeat
3337 584 3638 661 virtutem,
3663 592 3722 648 et

337 667 456 748 ’ἔχει
499 665 743 743 δύναμιν,
811 667 901 725 καί
957 670 1249 746 καθαρτικη
1325 667 1455 725 οὖσα
1503 666 1593 722 καὶ
1650 672 1975 753 ,ζωογνοῖπαξ

2077 663 2345 753 puriﬁcet
2384 684 2452 727 ac
2504 666 2777 749 viviﬁcet,
2812 678 3017 752 utpote
3051 692 3182 753 quae
3229 675 3309 737 sit
3354 694 3491 737 caro
3538 675 3719 738 Verbi

338 757 412 822 ὣς
461 763 556 814 τοῦ
612 754 740 813 Θεοῦ
782 755 955 835 Λόγου
1014 756 1143 811 οὖσα
1192 752 1338 833 σὰρξ.
1397 751 1763 834 Παραγγέλλει
1811 752 1865 810 δὶ
1914 756 1975 829 te]

2076 751 2208 815 Dei.
2242 754 2533 836 Praecepit
2582 764 2775 821 autem
2812 758 3044 839 leproso
3069 751 3165 824 ne
3209 764 3304 825 cui
3332 763 3580 839 diceret,
3611 783 3720 827 nos

341 844 522 924 λεπρῷ
577 845 670 902 ἵνα
712 843 899 920 μηδενὶ
927 844 1084 920 εἴπῃ,
1118 840 1375 935 διδάσκων
1404 845 1548 935 ἡμᾶς
1581 843 1671 935 μὴ,
1690 850 1877 935 ζητεῖν
1904 842 1975 935 εὖ.

2078 839 2303 903 docens
2347 851 2408 904 ut
2439 843 2510 904 ab
2543 843 2659 926 his,
2693 846 2906 935 quibus
2947 848 3447 935 benefecerimus,
3482 853 3717 917 laudem

343 935 547 1015 φημίας
578 935 719 1013 παρὰ
775 940 882 990 τῶν
939 931 1415 1013 εύεργετουμένων.
1451 930 1807 1021 Ἀπελθὼνδε
1838 934 1969 1013 φησὶ

2080 947 2197 1021 non
2259 950 2615 1011 quaeramus.
2667 934 2785 996 Abi
2835 946 3054 1013 autem,
3106 940 3318 1021 inquit,
3371 930 3444 1004 οῖ’
3470 943 3719 1005 ostende

340 1021 512 1090 δεῖξον
555 1025 773 1081 σεαυτὸν
802 1024 880 1098 τῷ
920 1026 1076 1102 ἱερεῖ,
1124 1023 1212 1079 καὶ
1272 1022 1595 1103 προσένεγκε
1636 1022 1697 1078 τὸ
1727 1020 1892 1101 δῶρον
1922 1024 1975 1079 sit

2080 1017 2333 1098 teipsum
2365 1021 2681 1096 sacerdoti,
2717 1032 2775 1085 et
2805 1026 2954 1088 otl‘er
2982 1017 3204 1090 munus
3224 1029 3285 1091 in
3312 1032 3717 1094 testimonium

337 1113 619 1192 μαρτύριον
650 1113 833 1174 αύτοϊς
868 1128 884 1144 ⁸
920 1112 1080 1187 νόμος
1126 1111 1226 1188 γὰρ
1276 1110 1365 1186 ἧν,
1398 1111 1489 1166 τὸν
1520 1108 1661 1200 lapsa
1689 1108 1975 1186 δοκιμάζω

2078 1106 2219 1200 ἱιιὶεἶ
2250 1108 2369 1200 Lex
2403 1109 2648 1172 cavebat
2676 1130 2709 1173 a
2730 1114 3041 1180 sacerdote
3065 1116 3405 1196 probandos
3425 1120 3716 1200 leprosos,

333 1201 453 1267 τοὺς
527 1200 915 1280 λεπρωθέντας,
1001 1201 1090 1257 καὶ
1158 1200 1353 1278 κρίνειν
1408 1200 1452 1289 εἰ
1521 1199 1975 1289 ἐκαθαρίσθησαν⁴

2073 1198 2171 1289 qui
2197 1196 2497 1289 judicaret
2540 1217 2613 1261 au
2656 1202 2950 1280 puriﬁcati
2982 1210 3203 1268 essent.
3256 1208 3331 1270 Et
3374 1209 3422 1268 si
3471 1196 3711 1289 quidem

333 1290 421 1346 καὶ
467 1288 558 1346 ἐὰν
613 1289 733 1377 μὲν,
796 1286 865 1345 δι’
925 1289 1058 1377 ἐπτά
1131 1290 1346 1367 ἡμερῶν
1404 1288 1765 1377 ἐκαθαρίσθη,
1804 1287 1975 1377 ipsis

2073 1283 2227 1377 intra
2254 1285 2379 1347 dies
2397 1296 2623 1367 septem
2648 1291 3074 1371 puriﬁcabatur
3100 1283 3537 1377 quis,manebat
3559 1297 3711 1359 intra

332 1378 438 1435 ἔσω
494 1379 595 1446 τῆς
651 1376 860 1441 πόλεως
920 1381 948 1435 6
1012 1376 1206 1457 λεπρός
1238 1392 1253 1408 ⁸
1315 1378 1379 1466 εἰ,
1418 1376 1471 1432 δὲ
1505 1375 1975 1466 μὴλέξεϐἀλλετο.

2072 1372 2835 1466 οἱνὶιᾳῑοιῐι-εῃδὶηπιὶηυε,
2888 1372 3260 1462 ejiciebatur.
3312 1385 3383 1448 Et
3430 1387 3542 1448 hoc
3597 1393 3710 1466 est,

331 1472 499 1524 τοῦτο
539 1466 709 1523 τοίνυν
751 1468 908 1547 φησὶν
950 1469 977 1523 6
1009 1466 1220 1544 Κύριος,
1281 1490 1303 1522 ι
1344 1458 1587 1543 "rumve,
1622 1464 1794 1532 δεῖξον
1824 1488 1975 1525 σεαυ-

2072 1461 2229 1541 quod
2264 1462 2407 1524 dicit
2435 1462 2767 1531 Dominus:
2832 1493 2853 1524 ι
2896 1458 3078 1546 Vade,
3123 1473 3371 1536 ostende
3413 1483 3468 1536 te
3509 1458 3711 1537 sacer;

333 1557 425 1611 τὸν
477 1561 556 1629 τῷ
594 1558 747 1635 ἱερεῖ,
808 1558 897 1613 καὶ
955 1554 1276 1635 προσένεγκε
1333 1557 1395 1612 τὸ
1445 1553 1635 1634 δῶρον.
1674 1579 1698 1615 ο
1736 1557 1796 1614 Τί
1826 1554 1879 1612 δὲ
1922 1557 1975 1625 ἧι

2072 1551 2215 1623 doti,
2252 1560 2309 1612 et
2338 1554 2485 1615 offer
2514 1573 2747 1619 munus.
2786 1580 2815 1615 υ
2851 1558 3018 1630 Quod
3058 1570 3253 1624 autem
3288 1572 3413 1625 erat
3454 1562 3711 1625 munus?

334 1646 396 1701 τὸ
437 1643 601 1724 δῶρον
634 1665 650 1720 ;
702 1645 804 1701 Δύο
834 1644 1031 1722 ὀρνίθια
1065 1664 1078 1678 ·
1126 1645 1177 1701 τί
1219 1642 1274 1701 δέ
1321 1644 1441 1702 ἐστι
1482 1646 1567 1719 τὸ,
1601 1646 1676 1710 εἰς
1706 1646 1975 1724 μαρτύριοι

2071 1641 2215 1703 Duae
2243 1660 2402 1706 aves.
2438 1641 2552 1705 Sed
2583 1645 2722 1725 quid
2746 1648 2883 1708 506
2914 1658 3024 1725 est,
3048 1650 3107 1712 in
3134 1652 3536 1715 testimonium
3560 1653 3711 1714 illis?

339 1737 517 1797 αὐτοῖς
554 1752 571 1807 ;
615 1732 915 1805 Τουτέστιν,
964 1736 1038 1799 εἰς
1086 1733 1316 1814 ἔλεγχον
1388 1740 1557 1790 αὐτῶν
1601 1734 1689 1790 καὶ
1746 1756 1975 1812 κατηγο-

2072 1727 2197 1790 Hoc
2227 1739 2337 1805 est,
2373 1731 2434 1793 in
2467 1735 2995 1812 reprehensionem
3047 1747 3105 1801 et
3150 1741 3708 1803 condemnationem

334 1822 471 1899 ρίαν,
516 1820 591 1877 ’ίν⁹
639 1821 765 1879 ὅταν
818 1823 1158 1902 κατηγορῶσί
1208 1845 1310 1899 μου
1339 1824 1414 1887 ὡς
1444 1819 1857 1910 παραϐαίνοντος
1899 1825 1975 1910 τδι

2075 1816 2336 1893 illorum,
2366 1828 2430 1880 ut
2459 1822 2694 1901 quando
2720 1825 3148 1890 comdemnant
3180 1848 3273 1892 me
3302 1848 3412 1893 ceu
3439 1830 3710 1910 praevari-

333 1911 522 1991 νόμον,
566 1910 627 1968 ἐκ
679 1911 867 1999 ¹τούτου
920 1910 1254 1992 ὲλὲγχωνται
1304 1910 1386 1968 ὅτι
1439 1912 1514 1999 ού⁸
1537 1907 1870 1989 παραϐαίνω,
1929 1909 1975 1968 ί)

2074 1914 2330 1999 catorem
2367 1908 2535 1988 legis,
2569 1928 2641 1973 ex
2666 1913 2779 1974 hoc
2807 1925 3127 1994 arguantur
3156 1936 3250 1980 me
3280 1938 3395 1981 non
3428 1907 3708 1999 praavari-

333 2004 426 2056 τοῦ
479 1997 765 2072 προστάξαι
814 2021 898 2056 σοι
952 2012 1328 2078 προσενεγκεῖν
1379 2000 1440 2055 τὸ
1496 1997 1687 2076 δῶρον,
1739 1998 1769 2055 ὃ
1817 2022 1975 2079 προσ-

2073 1993 2194 2055 cari
2224 1996 2381 2076 quod
2416 1999 2744 2062 mandarim
2777 2010 2841 2063 ut
2870 1993 2985 2065 illis
3006 2006 3287 2069 oti'eratur
3314 1993 3532 2069 donum
3556 2007 3711 2068 sicut

331 2086 483 2155 έταξε
537 2094 737 2156 Μωσῆς
772 2107 788 2125 ο
827 2094 946 2154 Πῶς
977 2086 1031 2144 δὲ
1074 2089 1140 2145 τά
1183 2086 1271 2144 δύο
1328 2088 1525 2157 ὀρνίθια
1581 2087 1762 2144 ἐκεῖνα
1817 2110 1975 2167 προσ-

2072 2084 2351 2165 praecepit
2396 2085 2607 2151 Moses.
2648 2088 2955 2162 Quomodo
2985 2103 3182 2157 autem
3237 2095 3368 2157 dua;
3412 2112 3548 2157 aves
3594 2096 3710 2158 illa

336 2178 534 2255 ἤγοντο
589 2183 667 2251 τῷ
714 2184 853 2252 Θεῷ,
914 2179 1007 2235 οὒκ
1065 2176 1284 2254 ἄκαιρον
1328 2179 1525 2234 εἰπεῖν’
1558 2173 1810 2256 ἐσφάζετο
1836 2179 1897 2234 τὸ
1928 2180 1975 2236 ἓν

2071 2173 2473 2236 oﬂ‘erebantur
2502 2175 2778 2260 Domino,
2827 2199 2943 2241 non
2995 2182 3476 2264 intempestivum
3533 2185 3712 2246 fuerit

330 2267 579 2344 ὀρνίθιον.
638 2264 743 2328 Καὶ
799 2264 1127 2346 ὑπεδέχοντο
1167 2267 1230 2322 τὸ
1274 2266 1416 2341 αἷμα
1447 2265 1626 2341 αὐτοῦ,
1686 2264 1742 2322 ἐν
1785 2266 1975 2345 ἀγγείῳ

2066 2260 2311 2354 dixisse.
2365 2264 2767 2354 Occidebatur
2821 2288 2940 2331 una
2996 2272 3139 2353 avis,
3187 2260 3259 2334 'et
3308 2273 3711 2354 suscipiebant

332 2355 622 2432 ὀστρακίνῳ
651 2362 818 2429 καινῷ
848 2370 865 2388 '
900 2356 1025 2412 εἶτα
1078 2362 1171 2412 τοῦ
1228 2354 1407 2434 ἑτέρου
1436 2355 1657 2435 ὀρνιθίου
1713 2355 1975 2436 ἀμφότερα

2064 2352 2414 2429 sanguinem
2468 2353 2596 2433 ejus
2650 2355 2709 2417 in
2759 2375 2886 2419 vase
2932 2352 3189 2423 testaceo
3222 2381 3370 2423 novo
3418 2384 3432 2425 :
3474 2352 3714 2425 deinde

333 2446 400 2504 τὰ
450 2444 617 2518 πτερά
658 2442 949 2501 ἐϐάπτοντο
1009 2443 1065 2500 ἐν
1116 2451 1195 2518 τῷ
1251 2443 1473 2519 α’ίματι,
1518 2444 1607 2500 καὶ
1650 2443 1815 2511 οὕτως
1873 2446 1985 2503 ἀπ-

334 2533 517 2591 ελύετο
559 2535 620 2590 τὸ
663 2533 882 2613 ὀρνίθιον
911 2538 1038 2605 ζῶν.
1086 2533 1359 2604 Εἰκόνιζον
1420 2533 1510 2589 οὖν
1538 2532 1703 2590 ταῦτα
1732 2536 1797 2591 τά
1851 2536 1987 2593 κατά

334 2624 424 2681 τὸν
486 2621 710 2702 Χριστόν
744 2638 759 2653 ⁸
818 2623 885 2683 τὰ
949 2620 1039 2679 δύο
1074 2623 1175 2700 γὰρ
1224 2622 1442 2699 ὀρνίθια,
1476 2625 1529 2678 αἰ
1572 2620 1661 2680 δύο
1688 2624 1866 2704 φύσεις
1897 2632 1989 2681 τοῦ

332 2721 581 2792 Χριστοῦ,
640 2712 677 2779 ἦ
724 2733 783 2768 τε
825 2712 937 2769 θεία
981 2712 1070 2768 καὶ
1111 2713 1146 2779 ἡ
1197 2711 1525 2791 ἀνθρωπίνη,
1557 2714 1631 2769 ὧν
1661 2714 1724 2769 τὸ
1780 2714 1877 2789 μὲν
1932 2714 1989 2770 ἓν

326 2798 556 2880 ἐσφάγη,
609 2800 875 2881 τουτέστιν
926 2802 961 2869 ἡ
1022 2800 1323 2879 ἀνθρωπίνη
1360 2820 1376 2837 ·
1424 2802 1487 2857 τὸ
1538 2799 1593 2857 δὲ
1655 2801 1831 2881 ἕτερον
1876 2804 1987 2859 ἀπ-

2068 2438 2316 2530 alterius
2338 2440 2461 2530 avis
2493 2451 2756 2524 utraeque
2780 2446 2891 2508 ala:
2913 2449 3289 2528 tingehantur
3309 2451 3370 2513 in
3392 2452 3707 2530 sanguine,

2070 2527 2229 2618 etsic
2260 2528 2666 2593 dimittebatur
2693 2532 2815 2595 avis
2847 2527 3489 2618 viva.iPraetigurabant
3509 2527 3707 2603 autem

2070 2614 2197 2677 haec
2230 2636 2326 2678 res
2358 2618 2600 2686 Christi.
2632 2620 2774 2684 Dum
2805 2626 2962 2685 enim
3002 2645 3138 2688 aves
3167 2614 3298 2689 dum
3325 2637 3548 2691 natura:
3576 2638 3715 2692 sunt

2070 2704 2310 2786 Christi,
2341 2706 2541 2768 divina
2573 2718 2632 2771 et
2663 2710 3209 2795 humana,quarum
3233 2736 3351 2778 una
3384 2717 3581 2779 occisa
3598 2727 3709 2797 est,

2069 2811 2285 2874 nempe
2314 2795 2591 2877 humana,
2625 2799 2811 2861 altera
2860 2819 2996 2864 vero
3030 2803 3273 2866 dimissa
3317 2807 3467 2867 viva.
3502 2795 3710 2867 Divina

324 2879 483 2957 ελύθη
543 2896 671 2961 ζῶν.
728 2879 792 2947 Ἠ
836 2889 937 2969 γάρ
978 2889 1094 2946 θεία
1139 2889 1291 2970 φύσις
1324 2889 1533 2957 ἀπαθὴς
1564 2879 1819 2971 διέμεινε,
1851 2914 1975 2971 χρι-

2068 2883 2225 2973 enim
2258 2884 2646 2963 impassibilis
2666 2892 3011 2968 permansit,
3031 2901 3206 2954 uncta
3224 2894 3509 2971 sanguine
3527 2895 3711 2973 passi-

322 2986 509 3040 σθεῖσα
550 2986 629 3055 τῷ
673 2982 869 3058 α’ίματι
912 2968 1012 3048 τῆς
1044 2968 1318 3049 παθούσης
1350 2982 1579 3061 φύσεως,
1608 2984 1700 3040 καὶ
1720 2968 1814 3047 εἰςν
1855 2968 1975 3044 ἔξω.

2069 2968 2203 3031 bilis
2236 2979 2463 3032 natura;
2495 2984 2555 3034 et
2586 2974 2647 3063 in
2680 2994 2745 3037 se
2787 2978 3125 3057 passionem
3171 2968 3710 3063 suscipiens.'San-

322 3072 422 3139 τὴν
475 3073 538 3128 τὸ
580 3071 746 3135 πάθος
806 3068 1167 3146 ἀναδεξαμὲνη
1201 3085 1216 3100 ⁸
1278 3072 1339 3129 τὸ
1366 3058 1448 3127 ’δὲ
1496 3071 1641 3146 αἷμα
1669 3079 1762 3129 τοῦ
1788 3070 1975 3151 Κυρίου

2066 3058 2305 3139 guinem
2366 3069 2557 3152 autem
2620 3062 2854 3126 Domini
2919 3086 3018 3130 vas
3088 3058 3350 3152 suscepit
3404 3072 3706 3151 ﬁgulinum

326 3159 535 3226 ἐδέξατο
587 3162 808 3239 ἀγγεῖον
864 3160 1180 3239 ὀστράκινον
1224 3160 1405 3217 καινόν
1441 3179 1457 3195 ·
1520 3163 1547 3217 6
1577 3159 1729 3237 λαὸς,
1763 3149 1923 3243 φημὶ,
1956 3165 1975 3220 ἑ

2068 3166 2308 3243 novum,
2344 3149 2622 3229 populus,
2647 3153 2913 3235 inquam,
2940 3176 3123 3221 novus
3154 3178 3222 3222 ex
3253 3149 3709 3238 gentibtus,Novi

328 3253 509 3332 καινὸς
554 3252 583 3307 6
611 3235 878 3324 EE'EOvﬁw,
911 3252 939 3306 6
966 3235 1078 3317 ⁷τῆς
1134 3255 1332 3316 Καινῆς
1388 3252 1660 3321 Διαθήκης
1715 3235 1975 3317 δεκτικός.

2068 3235 2432 3332 "I‘estamenti
2463 3260 2669 3322 capax.
2709 3244 2858 3308 Vide
2900 3256 3095 3309 autem
3143 3235 3301 3331 quod
3350 3250 3449 3311 ubi
3494 3250 3709 3332 aliquis

335 3330 483 3417 U0pm
538 3338 595 3397 δέ
652 3337 731 3395 ὀίει
790 3335 905 3414 μεθ’
960 3335 996 3395 6'
1037 3360 1117 3403 τις
1146 3342 1436 3418 καθαρισθῇ
1479 3345 1577 3406 τῆς
1608 3338 1829 3421 λέπρας,
1860 3341 1975 3397 τότε

2066 3326 2241 3421 fuerit
2270 3346 2302 3388 a
2317 3328 2496 3421 lepra
2521 3332 2886 3421 puriﬁcatus,
2924 3344 3064 3399 tunc
3092 3326 3350 3420 denique
3381 3326 3709 3420 dignus-est

332 3415 476 3494 ἄξιός
518 3428 629 3485 ἐστι
671 3426 986 3508 προσφέρειν
1010 3428 1071 3483 τὸ
1100 3427 1271 3506 δῶρον
1298 3436 1479 3509 τοῦτο,
1533 3429 1796 3510 τουτέστι,
1844 3430 1975 3487 θύειν

2065 3415 2281 3478 offerre
2314 3416 2565 3479 Domino
2599 3420 2823 3510 donum
2868 3424 3048 3503 istud,
3100 3428 3212 3489 hoc
3242 3415 3351 3508 est,
3397 3415 3708 3492 immolare

330 3518 555 3595 Χριστὸν
615 3518 702 3573 καὶ
744 3518 1037 3596 ἱερουργεῖν
1072 3533 1087 3547 ·
1148 3515 1342 3596 λεπρὸς
1391 3519 1493 3598 γὰρ
1521 3520 1598 3575 ὣν
1627 3520 1715 3575 καὶ
1743 3518 1979 3598 ἀκαθαρ-

328 3627 420 3671 τος
463 3606 561 3674 τὴν
591 3605 803 3687 ψυχὴν,
835 3606 930 3663 οὐκ
968 3604 1031 3662 ἂν
1073 3604 1315 3673 ἀξιωθείη
1358 3618 1577 3667 τοιαῦτα
1626 3606 1767 3685 δῶρα
1808 3629 1979 3688 προσ-

329 3694 529 3775 φέρειν,
588 3693 706 3762 ἤτοι
778 3695 1150 3771 προσ-κομίζειν
1194 3697 1259 3753 τὸ
1312 3702 1468 3769 σῶμα
1519 3697 1606 3754 καὶ
1657 3697 1803 3772 αἷμα
1886 3708 1980 3758 τοῦ

322 3781 536 3863 Κυρίου,
594 3785 656 3840 τὸ
711 3790 780 3861 τῇ
831 3784 943 3857 θεία
999 3788 1151 3863 φύσει
1211 3784 1428 3847 ἐνωθέν.
1487 3789 1737 3867 Πρόσχες
1789 3786 1843 3843 δὲ
1893 3782 1981 3843 καὶ

317 3882 494 3947 τοῦτο,
551 3878 667 3937 πῶς
724 3873 996 3949 ἀμύθητον
1052 3873 1171 3953 ἔχει
1222 3876 1318 3943 τὴν
1380 3876 1658 3956 ὑπεροχὴν
1714 3877 1742 3932 6
1787 3876 1975 3955 Κύριος

318 3964 447 4042 πρὸς
498 3964 592 4019 τὸν
648 3967 874 4032 Μωσῆν.
922 3967 1122 4030 Μωσῆς
1165 3962 1263 4039 μὲν
1308 3964 1408 4041 γὰρ
1456 3964 1824 4044 λεπρωθεῖσαν
1874 3965 1972 4032 τὴν

318 4050 549 4133 ἀδελφὴν
607 4052 788 4127 αὖτοῦ,
833 4053 1007 4109 καίτοι
1064 4051 1242 4109 πολλὰ
1318 4050 1546 4133 δεηθεὶς,
1605 4055 1699 4111 οὐκ
1740 4053 1976 4124 ἠδυνήθη

318 4144 633 4221 θεραπευσαι
663 4146 679 4172 ⁶
714 4144 742 4198 6
773 4139 829 4197 δὲ
877 4142 1066 4221 Κύριος
1098 4140 1243 4220 λόγῳ
1272 4143 1418 4217 μόνῳ
1465 4146 1559 4200 τὸν
1602 4143 1795 4223 λεπρὸν
1841 4144 1975 4201 ἐκα-

318 4231 559 4309 θάρισεν.
616 4229 819 4288 ἐννόει
862 4229 917 4287 δὲ
979 4232 1067 4287 καὶ
1115 4232 1216 4288 τὴν
1272 4233 1585 4289 ταπείνωσιν
1629 4242 1721 4292 τοῦ
1765 4234 1971 4312 Κυρίου,

320 4324 436 4382 πῶς
491 4326 583 4377 τοῦ
625 4317 797 4398 ὄχλου
851 4320 1227 4395 ἐπιθυμοῦντος
1278 4320 1531 4377 ἅπτεσθαι
1582 4321 1765 4397 αὐτοῦ,
1819 4324 1973 4389 αὐτὸς

319 4404 376 4461 ἐν
418 4419 539 4471 ταῖς
569 4408 793 4487 ὶρήμοις
824 4406 1027 4481 μᾶλλον
1058 4406 1309 4487 διέτριϐεν
1360 4409 1649 4486 ἁσμένως,
1674 4414 1762 4467 καὶ
1803 4433 1972 4489 προσ-

318 4494 524 4575 ηύχετο
559 4514 574 4529 ⁸
608 4494 781 4559 οὕνως
825 4495 924 4575 ἄρα
979 4498 1173 4562 τύπηυς
1227 4499 1366 4573 ἡμῖν
1398 4497 1452 4554 ἰν
1484 4505 1646 4557 πᾶσιν
1687 4497 1853 4556 ἐδίδου
1883 4509 1975 4559 τοῦ

2065 3506 2361 3598 Christum
2396 3517 2455 3570 el.
2480 3508 2833 3598 sacriﬁcare.
2870 3512 3013 3575 Nam
3066 3517 3161 3597 qui
3205 3506 3470 3598 leprosus
3510 3525 3600 3580 est
3647 3523 3709 3582 et

2062 3594 2409 3657 immundus
2438 3597 2660 3674 anima,
2693 3600 2848 3662 haud
2881 3594 3100 3683 dignus.
3118 3594 3298 3669 fuerit
3326 3609 3541 3669 oﬂ'erre
3573 3606 3708 3668 talia

2065 3684 2245 3761 dona,
2282 3683 2394 3746 hoc
2426 3698 2538 3762 est,
2575 3688 2794 3750 oﬂ‘erre
2825 3708 3040 3772 corpus
3088 3702 3146 3755 et
3194 3695 3539 3775 sanguinem
3582 3695 3704 3757 Do-

2064 3773 2233 3847 mini,
2263 3774 2418 3856 quod
2445 3775 2657 3837 divinae
2688 3786 2911 3841 naturae
2935 3782 3164 3844 unitum
3197 3773 3322 3845 est.
3338 3782 3485 3847 Vide
3506 3792 3700 3847 autem

2066 3871 2121 3926 et
2178 3864 2291 3954 hoc
2355 3865 2653 3946 quomodo
2724 3868 3009 3930 ineffabili
3067 3873 3419 3935 excellentia
3462 3875 3703 3954 Moysen

2060 3953 2358 4033 praecellat
2388 3955 2697 4018 DOminus.
2733 3959 2962 4038 Moyses
3003 3962 3159 4022 enim
3217 3979 3482 4025 sororem
3537 3953 3702 4025 snam

2062 4044 2228 4124 lepra
2257 4042 2650 4124 laborantem,
2710 4048 2978 4127 quamvis
3033 4050 3276 4111 multum
3327 4058 3542 4126 oraret,
3585 4070 3700 4111 non

2061 4133 2250 4212 potuit
2295 4151 2504 4194 sanare
2546 4133 2650 4197 58:
2702 4136 2990 4199 Dominus
3042 4158 3179 4201 vero
3237 4158 3516 4203 sermone
3574 4139 3701 4201 solo

2061 4222 2366 4284 mundavit
2397 4223 2721 4304 leprosum.
2756 4224 3017 4289 Observa
3048 4227 3188 4291 item
3223 4236 3280 4291 et
3307 4228 3698 4291 humilitatem

2060 4311 2318 4384 Domini,
2351 4312 2650 4393 quomodo
2676 4312 2846 4375 turba
2864 4314 3240 4380 desiderante
3272 4326 3335 4380 ut
3367 4318 3531 4379 illum
3567 4327 3701 4379 tan-

2054 4407 2242 4480 geret,
2273 4399 2333 4461 in
2365 4400 2787 4463 solitudinibus
2820 4405 3010 4484 magis
3040 4409 3382 4467 versabatur
3412 4406 3696 4487 placidus,

2055 4508 2123 4551 ac
2152 4491 2398 4553 orabat:
2437 4498 2499 4550 ut
2530 4490 2700 4551 nobis
2745 4490 2804 4551 in
2849 4493 3125 4556 omnibus
3175 4496 3510 4576 exemplum
3545 4514 3701 4575 prae-

320 4604 376 4639 τε
406 4584 525 4642 κατ’
585 4583 716 4643 ἰδίαν
766 4586 1182 4665 προσεύχεσθαι,
1242 4587 1331 4644 καὶ
1376 4596 1468 4646 τοῦ
1521 4589 1616 4656 τὴν
1685 4587 1835 4655 δόξαν
1878 4588 1971 4646 ἐκ·

2062 4576 2224 4640 heret
2253 4582 2315 4641 et
2344 4578 2597 4641 seorsim
2629 4579 2864 4658 orandi,
2895 4591 2951 4643 et
2972 4583 3218 4661 gloriam
3252 4584 3616 4647 declinandi.
3720 4636 3721 4639 η

318 4671 535 4737 κλίνειν,

401 4786 430 4818 α
462 4760 567 4825 Καὶ
597 4762 809 4843 ἰγένετο
837 4764 891 4820 ἒν
923 4770 1020 4840 μιᾷ
1048 4770 1154 4823 τῶν
1177 4765 1413 4843 ἡμερῶν,
1442 4767 1529 4822 καὶ
1557 4768 1714 4831 αὐτὸς
1741 4767 1805 4835 ἧν
1835 4765 1975 4825 διδά-

317 4874 458 4909 σκων
487 4867 501 4882 ⁶
535 4854 625 4910 καὶ
655 4854 793 4922 ἦσαν
838 4855 1131 4929 καθήμενοι
1162 4861 1449 4933 Φαρισαῖοι
1479 4857 1568 4912 καὶ
1595 4854 1975 4930 νομοδιδάσκα-

318 4938 484 5015 λοι,ο’ἰ
516 4940 652 5008 ἦσαν
680 4941 993 5028 ἐληλυθότες
1026 4942 1087 4999 ἰκ
1106 4942 1284 5009 πάσης
1315 4942 1507 5019 κώμης
1536 4952 1633 5014 τῆς
1662 4944 1968 5028 Γαλιλαίας,

315 5030 402 5085 καὶ
462 5027 740 5104 Ἰουδαίας,
800 5033 889 5088 καὶ
924 5022 1271 5109 Ἰερουσαλήμ
1304 5047 1319 5064 ⁸
1355 5034 1443 5090 καὶ
1472 5036 1506 5103 ἡ
1537 5033 1753 5112 δύναμις
1786 5022 1971 5116 Κυρίου

314 5116 381 5185 ἧν
432 5119 505 5183 εἷς
552 5120 615 5175 τὸ
667 5121 841 5177 ἰᾶσθαι
899 5122 1108 5186 αὐτούς.
1176 5123 1274 5179 Καὶ
1340 5120 1447 5179 ἰδοὺ
1491 5122 1670 5203 ἄνδρες
1727 5123 1970 5206 φέροντες

316 5206 401 5263 ἐπὶ
458 5206 647 5276 κλίνης
694 5207 969 5289 ἄνθρωπον
1025 5210 1082 5274 ὃς
1114 5210 1178 5277 ἦν
1223 5209 1676 5288 παραλελυμένος,
1709 5216 1797 5270 καὶ
1839 5213 1967 5287 ἐζή-

310 5316 434 5355 τουν
477 5296 633 5354 αὐτὸν
691 5299 1016 5377 εἰσενεγκεῖν
1047 5298 1137 5355 καὶ
1167 5302 1339 5355 θεῖναι
1368 5299 1596 5358 ἒνώπιον
1628 5303 1784 5359 αὑτοῦ
1820 5319 1833 5333 ·
1880 5306 1968 5362 καὶ

311 5385 391 5459 μὴ
448 5386 687 5466 εὑρόντες
732 5385 816 5444 διὰ
882 5389 1037 5452 ποίας
1092 5388 1459 5466 εἰσενέγκωσιν
1512 5393 1668 5448 αὑτὸν
1723 5389 1807 5449 διὰ
1874 5396 1967 5451 τὸν

308 5471 501 5554 ὄχλον,
561 5474 849 5543 ἀναϐάντες
913 5476 999 5535 ἐπὶ
1056 5478 1119 5534 τὸ
1179 5475 1349 5554 δῶμα,
1417 5475 1500 5536 διὰ
1554 5486 1660 5538 τῶν
1722 5481 1965 5561 κεράμων

390 5648 452 5703 ⁸8
475 5647 651 5716 Num.
687 5669 792 5731 xu,
822 5652 924 5720 15.

2138 4758 2317 4821 VERS.
2360 4757 2570 4823 17-26.
2614 4779 2637 4813 α
2692 4758 2765 4818 Et
2811 4758 3031 4822 factum
3083 4768 3171 4823 est
3199 4762 3455 4844 quodam
3487 4761 3608 4841 die,
3641 4770 3700 4822 et

2054 4846 2184 4927 ipse
2213 4846 2484 4917 docebat,
2514 4855 2801 4928 erantquc
2828 4849 3112 4912 Pharisaei
3133 4852 3437 4931 sedentes,
3462 4869 3529 4911 ac
3550 4850 3700 4930 legis

2052 4937 2351 5014 doctores,
2378 4936 2479 5019 qui
2502 4949 2786 4999 venerant
2815 4955 2884 4998 ex
2907 4941 3071 5000 omni
3099 4941 3337 5003 castello
3359 4940 3701 5011 Galilaeae,et

2051 5027 2295 5101 Judzeze,
2333 5034 2391 5087 et
2417 5024 2772 5101 Jerusalem,
2808 5035 2867 5087 et
2916 5026 3098 5088 virtus
3128 5027 3363 5089 Domini
3395 5029 3599 5089 aderat
3625 5028 3696 5089 ad

2052 5118 2375 5179 sanandum
2405 5133 2528 5177 eos.
2558 5116 2779 5177 Etecce
2795 5113 2904 5175 viri
2922 5125 3232 5196 portantes
3251 5116 3310 5177 in
3334 5117 3485 5180 lecto
3507 5115 3701 5178 homi-

2051 5225 2187 5268 nem
2219 5209 2317 5287 qui
2352 5212 2479 5266 erat
2521 5204 2899 5284 paralyticus,
2935 5214 2993 5266 et
3022 5209 3365 5287 quaerebant
3414 5225 3547 5267 eum
3602 5206 3698 5266 in-

2049 5297 2206 5358 ferre
2229 5307 2289 5357 et
2313 5312 2538 5375 ponere
2560 5304 2696 5355 ante
2729 5295 2922 5357 illum.
2958 5296 3027 5357 Et
3053 5316 3168 5357 non
3194 5296 3559 5357 invenientes
3581 5313 3698 5376 qua

2050 5394 2218 5467 parte
2242 5383 2407 5445 illum
2436 5382 2725 5445 inferrent
2750 5403 2869 5465 prae
2893 5384 3491 5460 turba,ascenderunt
3513 5402 3697 5465 supra

2055 5484 2295 5550 tectum,
2320 5491 2388 5534 ac
2412 5472 2752 5554 pertegulas
2769 5473 3135 5539 demiserunt
3160 5495 3293 5541 eum
3321 5493 3454 5539 cum
3478 5472 3696 5539 lectulo
