4162 6228
299 372 437 440 ’765

1058 380 1505 443 ENARRATIO
1550 381 1629 442 IN
1679 382 2181 445 EVANGELIUM
2232 385 2472 449 LUCIE.
2521 422 2596 431 -—-
2640 388 2805 449 CAP.
2854 390 2926 450 V.

3572 385 3693 450 766

298 517 561 569 τελωνῶν
642 510 829 587 πολυς,
902 515 990 569 καὶ
1049 512 1249 588 ἄλλων,
1313 513 1368 570 οἳ
1424 514 1560 581 ἦσαν
1607 514 1725 590 μετ’
1796 518 1966 573 αὐτῶν

2054 531 2182 575 rum
2207 523 2267 577 et
2295 517 2546 580 aliorum
2566 520 2666 601 qui
2685 539 2818 583 cum
2851 520 2967 582 illis
2982 518 3513 584 accumbebant.Et
3533 538 3694 583 mur-

299 598 710 676 κατακείμενσι.
775 602 872 660 Καὶ
943 601 1231 680 ἒγόγγυζον
1288 605 1333 659 οἱ
1393 608 1737 680 Γραμματεϊς
1794 602 1965 658 αὒτῶν

301 691 403 747 καὶ
455 692 503 748 οἱ
562 698 844 770 Φαρισαῖοι
878 692 1007 770 πρὸς
1039 693 1159 754 τοὺς
1192 691 1432 768 μαθητὰς
1483 695 1660 773 αὒτοῦ,
1693 691 1959 772 λέγοντες·

309 781 419 839 Διὰ
475 780 527 835 τί
580 780 715 855 μετὰ
774 778 1020 837 τελωνῶν
1074 782 1163 837 καὶ
1246 780 1576 863 ἁμαρτωλῶν
1629 781 1821 839 ἐσθίετε
1878 783 1964 839 καὶ

305 870 493 926 πίνετε
528 891 544 944 ς
602 870 702 928 Καὶ
743 869 1038 944 ἀποκριθεὶς
1069 872 1096 927 6
1137 868 1364 951 Ἰησοῦς,
1414 871 1540 928 εἶπε
1583 872 1715 950 πρὸς
1749 872 1957 936 αύτούς²

307 958 390 1017 Ού
446 958 631 1039 χρείαν
700 956 915 1038 ἴχουοιν
960 961 1006 1015 oi
1036 960 1351 1037 ὃγιαίνοντες
1394 961 1594 1040 ἰατροῦ,
1627 959 1745 1017 ἀλλ’
1785 962 1833 1017 οἱ
1858 982 1963 1017 κα-

305 1050 425 1112 κώς
482 1050 726 1128 ἔχοντες,
785 1047 893 1106 Οὔκ
948 1046 1175 1116 ἐληλυθα
1253 1047 1471 1105 καλέσαι
1528 1046 1780 1124 δικαίους,
1828 1048 1966 1105 ἀλλὰ

307 1136 664 1219 ἁμαρτωλοὺς
739 1139 811 1201 εἰς
903 1134 1212 1213 μετάνοιαν.
1292 1161 1315 1196 ι
1404 1128 1463 1195 Ὀ
1523 1139 1621 1215 μὲν
1692 1143 1965 1202 Matinio;

307 1226 779 1306 ἀπαρακαλύπτως
850 1227 910 1283 τὸ
971 1226 1157 1284 ἕαυτοῦ
1210 1224 1379 1303 ὅνυμα
1435 1226 1806 1307 ἂνακηρύττει,
1868 1227 1964 1285 λέ-

309 1336 450 1395 γων·
514 1337 538 1373 ι
605 1314 732 1375 Εϊδε
790 1319 1060 1373 Ματθαῖον
1102 1319 1193 1374 τὸν
1225 1316 1463 1383 τελώνην
1497 1319 1525 1374 6
1563 1316 1769 1384 Ἰησοὺς
1800 1320 1964 1389 καθή-

309 1427 479 1484 μενον
536 1404 622 1463 ἐπὶ
675 1406 737 1462 τὸ
791 1403 1063 1468 τελώνιον,
1127 1424 1152 1463 ι
1210 1397 1267 1463 Ὀ
1296 1404 1351 1461 δὲ
1386 1412 1590 1470 Λουκᾶς
1619 1408 1707 1464 καὶ
1737 1409 1765 1464 6
1807 1407 1961 1486 Μάρ.

309 1519 433 1569 κος,
494 1500 755 1570 τιμῶντες
811 1495 904 1550 τὸν
989 1493 1392 1575 εύαγγελιστὴν,
1454 1498 1515 1552 τὸ
1572 1493 1746 1575 ἕτερον
1804 1497 1963 1555 αὖτοῦ

311 1583 511 1664 ὄνομα,
569 1586 631 1641 τὸ
690 1584 878 1658 Λευίν,
936 1584 1008 1647 είς
1066 1584 1227 1660 μέσον
1284 1585 1608 1664 προτιθέασι.
1686 1587 1964 1662 Θαύμασον

311 1675 373 1730 Si
433 1684 524 1732 τοῦ
573 1680 705 1730 Θεοῦ
760 1674 858 1741 τὴν
928 1671 1341 1755 φιλανθρωπίαν,
1402 1680 1513 1740 πῶς
1568 1676 1633 1732 τά
1670 1676 1832 1744 σκεύη
1872 1683 1967 1750 τοῦ

2052 605 2362 667 murabant
2387 607 2607 671 Scriba:
2635 616 2696 670 et
2746 609 3024 671 Pharisaei
3056 611 3339 672 adversus
3366 609 3690 691 discipulos

2048 691 2200 770 ejus,
2235 692 2545 758 dicentes:
2582 696 2777 769 Quare
2804 716 2936 759 cum
2972 698 3303 779 publicanis
3333 706 3390 761 et
3412 706 3689 777 peccato-

2046 779 2213 843 ribus
2245 782 2422 847 editis
2448 793 2506 846 et
2538 784 2739 847 bibitis
2760 788 2789 848 ?
2821 787 3213 868 Respondeas
3242 788 3414 851 .lesus
3441 787 3587 850 dixit
3616 786 3689 847 ad

2046 869 2181 933 illos
2216 892 2230 935 :
2265 874 2395 936 Non
2443 884 2619 954 egent
2650 877 2749 957 qui
2797 878 2926 938 sani
2972 887 3110 939 sunt
3166 876 3417 949 medico,
3454 876 3555 939 sed
3589 875 3692 956 qui

2050 960 2203 1022 male
2234 962 2474 1026 habent.
2510 964 2637 1026 Non
2672 967 2801 1027 veni
2836 984 3045 1028 vocare
3084 968 3301 1047 justos,
3334 966 3437 1027 sed
3472 984 3689 1045 pecca-

2050 1056 2208 1112 tores
2237 1052 2310 1114 ad
2357 1054 2851 1134 paenitentiam.»
2901 1055 3207 1118 Matthaaus
3251 1072 3471 1116 nomen
3517 1072 3687 1115 suum

2049 1155 2168 1200 non
2201 1142 2363 1221 tegit,
2398 1143 2502 1203 sed
2536 1144 2695 1206 clare
2720 1145 2984 1223 invulgat
3016 1144 3258 1208 dicens:
3302 1166 3324 1200 α
3358 1142 3522 1205 Vidit
3556 1142 3689 1203 Mat-

2050 1227 2270 1291 thzeum
2304 1231 2683 1311 publicanum
2710 1238 2882 1299 Jesus
2904 1235 3209 1297 sedentem
3234 1233 3294 1294 in
3322 1232 3543 1294 telonio
3562 1232 3687 1305 30;-

2047 1313 2235 1379 Lucas
2265 1337 2407 1381 vero
2459 1330 2516 1384 et
2566 1322 2794 1386 Marcus
2836 1324 3199 1385 honorantes
3241 1320 3685 1397 evangelistam,

2045 1403 2206 1468 aliud
2230 1408 2357 1487 ejus
2381 1427 2597 1474 nomen
2623 1413 2757 1474 Levi
2790 1413 2852 1475 in
2885 1413 3147 1475 medium
3169 1411 3308 1471 308
3330 1416 3690 1491 proponunt.

2044 1492 2359 1559 Admirare
2380 1508 2578 1562 autem
2605 1501 2709 1563 Dei
2735 1498 3536 1582 misericordiam,quomodo
3560 1515 3697 1559 vasa

2049 1582 2293 1662 maligni
2322 1587 2585 1667 diripiat.
2620 1591 2872 1652 Telones
2916 1591 3077 1653 enim
3124 1609 3223 1652 vas
3269 1598 3393 1650 erat
3424 1586 3689 1666 maligni,

2049 1678 2108 1761 et
2134 1674 2287 1735 mala
2316 1676 2526 1739 bestia.
2563 1679 2772 1743 Sciunt
2800 1682 2897 1761 qui
2943 1680 3169 1761 experti
3201 1687 3337 1741 sunt
3364 1694 3540 1759 quam
3574 1676 3692 1737 sint

310 1770 551 1843 πονηροῦ
609 1760 902 1842 διαρπάζει.
962 1760 1215 1853 Τελώνης
1239 1764 1361 1843 γὰρ,
1418 1766 1603 1829 σκεῦος
1645 1775 1738 1824 τοῦ
1786 1788 1963 1834 πονη-

2054 1758 2375 1853 importuni
2408 1776 2732 1830 exactores.
2772 1758 3077 1832 Publicahi
3112 1767 3271 1831 enim
3301 1758 3439 1829 sunt
3468 1764 3568 1845 qui
3587 1782 3691 1844 pu-

310 1859 431 1932 ροῦ,
466 1842 578 1910 καὶ
635 1853 867 1928 πονηρόν
935 1852 1139 1930 θηρίον,
1202 1842 1423 1911 ’Ὶσασιν
1482 1857 1529 1911 οἱ
1584 1856 1962 1934 πεπειραμένοι

2054 1847 2205 1940 blnca
2231 1854 2535 1934 vectigalia
2568 1867 2792 1934 emunt,
2840 1868 3131 1940 quatenus
3163 1857 3301 1918 inde
3340 1842 3687 1917 damnosum

309 1949 423 2000 τῶν
492 1947 694 2021 πικρῶν
763 1942 1097 2009 ἁπαιτητῶν.
1160 1942 1314 2001 Οὗτοι
1385 1944 1484 2023 γὰρ
1515 1947 1561 2002 οἱ
1602 1942 1853 2019 τελῶναι,
1916 1946 1963 2002 οἱ

313 2032 380 2090 νᾶ
437 2030 670 2107 δημόσια
738 2029 871 2098 τέλη
955 2032 1266 2108 ὠνούμενοι,
1325 2030 1408 2113 ἐφ’
1478 2035 1523 2109 ᾧ
1604 2032 1966 2114 ἀποκερδῆσαι

311 2122 451 2181 κατὰ
500 2126 606 2177 ⁴ιῶν
688 2120 892 2177 οἰκείων
921 2125 1138 2202 ψυχῶνο
1186 2124 1258 2180 Οὗ
1286 2122 1445 2199 μόνον
1474 2121 1529 2179 δὲ
1560 2120 1659 2201 ἄρα
1686 2125 1778 2181 τὸν
1809 2131 1963 2180 Ματ-

309 2217 468 2271 θατον
532 2206 830 2291 ἐκέρδησεν,
892 2208 1029 2266 ἀλλὰ
1083 2212 1319 2276 καὶτοὺς
1365 2210 1570 2291 ἑτέρους
1612 2211 1844 2277 τελώνας
1876 2217 1961 2277 οἷς

316 2280 670 2380 συνειστιᾶτο,
750 2280 1007 2379 κερδῆσαι
1089 2298 1407 2372 ἒσπούδαζεν
1451 2280 1505 2358 ’ὁ
1594 2303 1811 2381 Κύριος,
1868 2302 1965 2357 Διὰ

312 2394 415 2472 γὰρ
472 2398 626 2448 τοότο
683 2387 926 2455 καταξιοϊ
1006 2394 1426 2463 συνεστιαθῆναι,
1517 2392 1608 2448 ἴνα
1693 2392 1964 2456 κάκείνους

313 2480 693 2563 ᾆφελκύσηται.
751 2482 812 2537 Οἱ
867 2487 1151 2558 Φαρισαῖοι
1182 2477 1236 2535 δὲ
1280 2480 1584 2558 αἰτιώμενοι
1629 2482 1806 2561 αὐτὸν,
1869 2479 1963 2560 ὅρα

312 2573 364 2629 τί
419 2570 697 2628 ἀκούουσιν
742 2589 759 2643 ;
823 2570 930 2627 Οὐκ
959 2567 1209 2649 ἐλήλυθα,
1255 2570 1408 2650 φησὶ,
1457 2570 1676 2628 καλέσαι
1707 2568 1961 2645 δικαίους,

314 2659 602 2731 τουτέστιν,
661 2659 797 2734 ὑμᾶς
865 2659 988 2722 τοὺς
1074 2656 1403 2724 δικαιοῦντας
1501 2660 1742 2724 ἑαυτούς’
1827 2658 1966 2716 ἀλλὰ

316 2747 667 2828 ἁμαρτωλοὺς
722 2747 883 2816 ἦλθον
966 2745 1211 2828 καλέσαι,
1295 2750 1398 2828 οὐχ
1452 2749 1545 2807 ἵνα
1614 2749 1682 2826 τῇ
1736 2749 1967 2829 ἁμαρτίᾳ

314 2839 642 2918 ὶμμένωσιν,
692 2836 811 2895 ἀλλ’
868 2837 961 2893 ἴνα
1032 2839 1423 2912 μετανοήσωσι.
1488 2840 1586 2898 Καὶ
1618 2839 1812 2905 ἄλλως
1857 2842 1965 2899 Οὔκ

318 2928 481 2997 ἦλθον
536 2926 756 2984 καλέσαι
812 2924 1072 2990 δικαίους.
1144 2925 1272 2986 Οὐδὲ
1322 2929 1421 3007 γὰρ
1465 2928 1706 3010 εὓρίσκω,
1754 2929 1966 2986 πάντων

320 3016 685 3097 ἁμαρτόντων,
756 3014 905 3073 Ἐπεὶ
960 3017 1004 3072 εἰ
1059 3016 1126 3084 ἧν
1194 3014 1407 3074 δυνατὸν
1478 3020 1650 3097 εὑρεῖν
1710 3016 1962 3091 δικαίους,

2048 1938 2171 2002 suis
2199 1944 2510 2008 animabus
2539 1947 2679 2028 quid
2711 1938 3037 2010 lucrentur.
3072 1948 3146 2010 At
3171 1965 3289 2008 non
3315 1946 3505 2006 solum
3540 1944 3690 2002 Mat-

2046 2032 2261 2094 thzeum
2286 2040 2424 2094 tunc
2443 2035 2703 2099 lucratus
2716 2037 2938 2111 est,sed
2963 2038 3137 2100 etiam
3150 2036 3297 2098 alios
3322 2033 3690 2116 publicanos,

2048 2140 2182 2183 cum
2204 2120 2417 2202 quibus
2436 2125 3099 2203 convivabatur,lucrari
3126 2124 3357 2187 volebat
3378 2120 3690 2185 Dominus.

2044 2209 2190 2272 Nam
2214 2222 2532 2293 propterea
2555 2224 2613 2277 et
2635 2218 2876 2278 conviva
2902 2218 3136 2279 illorum
3161 2216 3247 2295 fit,
3275 2222 3340 2275 ut
3360 2212 3535 2275 etiam
3561 2210 3692 2273 illos

2044 2300 2319 2361 attrahat.
2355 2300 2506 2363 Vide
2535 2311 2733 2367 autem
2780 2305 2922 2386 quid
2968 2304 3129 2367 dicat
3156 2300 3469 2364 Pharisaais
3498 2299 3691 2380 ipsum

2046 2390 2649 2469 reprehendentibus.
2685 2393 2811 2455 Non
2845 2394 3003 2470 veni,
3024 2392 3235 2473 inquit,
3253 2389 3458 2453 vocare
3471 2390 3693 2469 justos,

2047 2477 2161 2539 hoc
2193 2487 2282 2539 est
2312 2498 2434 2556 vos,
2469 2482 2570 2562 qui
2602 2501 2701 2544 vos
2732 2482 2893 2564 ipsos
2919 2482 3254 2563 justiticatis
3289 2502 3303 2544 :
3338 2479 3443 2542 sed
3476 2497 3689 2558 pecca-

2048 2575 2206 2629 tores
2238 2569 2367 2631 veni
2398 2590 2634 2645 voeare,
2666 2592 2782 2634 non
2808 2565 2870 2635 ut
2891 2573 2948 2633 in
2982 2570 3238 2651 peccatis
3262 2575 3559 2641 maneant,
3586 2565 3691 2626 sed

2048 2665 2110 2717 ut
2138 2660 2548 2735 paenitentiam
2579 2662 2893 2741 agant.Vel
2921 2662 3127 2723 aliter:
3169 2659 3296 2721 Non
3321 2658 3455 2718 veni
3478 2673 3690 2717 vocare

2039 2748 2252 2827 justos.
2289 2746 2489 2811 Nullos
2514 2752 2669 2812 enim
2701 2747 3463 2832 invenio,quandoquidem
3487 2762 3696 2804 omnes

2050 2847 2299 2915 peccant
2316 2838 2400 2897 δι.
2438 2838 2602 2910 Quod
2622 2839 2674 2901 si
2703 2840 2981 2920 possibile
3003 2846 3161 2901 esset
3185 2836 3454 2898 invenire
3470 2834 3693 2914 justos,

2050 2943 2168 2986 non
2200 2926 2517 2989 venissem.
2568 2928 2667 2988 Est
2708 2936 2905 2989 autem
2961 2927 3312 3008 publicanus
3344 2924 3560 2997 omnis,
3595 2922 3695 3002 qui

2051 3015 2259 3076 mundi
2287 3015 2525 3077 domino
2550 3017 2824 3097 servit,et
2850 3017 3073 3079 tributa
3094 3016 3259 3078 carni
3291 3014 3411 3075 dat.
3438 3013 3697 3078 Gulosus

320 3094 533 3164 οὒίᾶν
590 3104 774 3173 ἦλθον.
831 3094 997 3162 ’Ἐστι
1057 3103 1107 3162 δὲ
1171 3105 1403 3174 τελώνης
1432 3094 1661 3170 καὶ-πᾶς
1693 3108 1720 3163 6
1749 3111 1826 3181 τῷ
1876 3129 1966 3163 κο-

2058 3104 2242 3165 ventri
2293 3103 2508 3165 tributa
2564 3106 2664 3167 dat
2714 3094 2902 3179 cibos,
2956 3113 3242 3167 scortator
3286 3104 3505 3167 [uadum
3547 3122 3693 3165 con-

325 3194 643 3274 σμοκράτορι
714 3192 996 3275 δουλεύων,
1051 3195 1141 3251 καὶ
1209 3194 1365 3279 τέλη.
1395 3202 1464 3272 τῇ
1527 3197 1679 3268 σαρκὶ
1736 3195 1969 3275 προσφέ-

326 3307 455 3363 ρων.
507 3276 566 3343 Ὀ
637 3283 1030 3363 γαστρίμαργος
1099 3283 1247 3341 τελεῖ
1302 3276 1371 3362 τῇ
1448 3287 1634 3364 γαστρὶ
1689 3286 1967 3364 βρώματα,

322 3375 352 3454 6
409 3372 625 3451 πόρνος,
695 3372 794 3440 τὴν
870 3372 1099 3452 ῥυπαρὰν
1201 3372 1359 3454 μίξιν,
1421 3376 1508 3430 καὶ
1600 3372 1759 3438 ἄλλος
1814 3372 1968 3436 ἄλλο,

324 3452 505 3525 ’Ὅταν
568 3462 657 3518 οὖν
706 3459 800 3539 ἴδῃ
871 3462 1027 3518 αὐτὸν
1056 3463 1084 3518 6
1117 3452 1629 3543 Κύριος,ίτοιυτέστιν
1673 3465 1700 3520 6
1745 3463 1972 3542 εὐαγγε-

324 3550 471 3616 λικὸς
523 3550 706 3629 λόγος,
767 3551 1066 3626 καθήμενον
1113 3550 1197 3607 ἐπὶ
1254 3556 1314 3608 τὸ
1370 3551 1647 3628 τελώνιον,
1706 3553 1968 3628 τουτέστι,

326 3641 401 3715 μὴ
453 3639 818 3719 προκόπτοντα
876 3637 1011 3715 μηδὲ
1070 3638 1420 3713 προοδεύοντα
1502 3643 1590 3699 καὶ
1664 3643 1971 3718 κινοὺμενον

325 3730 397 3792 είς
453 3728 672 3786 πλείονα
715 3728 923 3803 κακίαν,
973 3725 1091 3784 ἀλλ’
1135 3730 1290 3786 οἱονεὶ
1350 3730 1630 3811 ἀργοῦντα,
1676 3731 1795 3788 τότε
1843 3731 1972 3788 ἀνα·

324 3819 579 3889 στήσεται
636 3819 741 3874 ὰπὸ
782 3826 876 3877 τοῦ
933 3824 1097 3874 κακοῦ
1152 3820 1239 3875 καὶ
1259 3818 1607 3891 ἀκολουθήσει
1661 3822 1738 3895 τῷ
1768 3819 1971 3896 ’[ησοῦ,

327 3909 411 3965 καὶ
465 3906 786 3987 ὑποδέχεται
858 3906 911 3963 ἐν
980 3914 1058 3981 τῷ
1112 3907 1249 3982 οἴκῳ
1302 3914 1402 3975 τῆς
1452 3914 1637 3989 ψυχῆς
1682 3914 1837 3969 αὐτοῦ
1882 3912 1972 3966 τὸν

2052 3210 2344 3270 gressum,
2380 3201 2437 3254 et
2469 3192 2617 3257 alius
2655 3196 2837 3259 aliud.
2890 3198 3038 3257 Cum
3072 3195 3253 3274 igitur
3283 3194 3449 3256 illum
3480 3192 3698 3254 viderit

2054 3281 2363 3362 Dominus,
2389 3284 2501 3345 hoc
2524 3291 2616 3348 est
2646 3286 3024 3363 evangelicus
3046 3304 3268 3357 sermo,
3302 3283 3609 3345 sedentem
3640 3281 3699 3342 in

2059 3371 2300 3447 telonio,
2337 3373 2449 3434 hoc
2500 3382 2590 3435 est
2624 3392 2738 3435 non
2779 3376 3090 3455 proﬁcere,
3124 3393 3317 3455 neque
3349 3371 3699 3453 procedere,

2058 3480 2252 3542 neque
2299 3464 2521 3524 moveri
2573 3463 2644 3525 ad
2699 3464 2984 3543 majorem
3038 3466 3348 3539 malitiam,
3382 3462 3486 3525 sed
3537 3462 3703 3543 quasi

2058 3550 2337 3622 otiosum,
2366 3558 2505 3614 tunc
2528 3554 2911 3615 resuscitabit
2940 3573 2973 3615 a
3004 3554 3180 3628 malo,
3212 3562 3268 3615 et
3298 3557 3584 3633 sequetur
3608 3551 3708 3612 ille

2055 3642 2284 3714 Jesum,
2312 3649 2373 3702 et
2403 3642 2731 3721 excipietin
2760 3644 2936 3705 domo
2959 3643 3170 3705 animae
3192 3642 3531 3704 Dominum.
3564 3645 3699 3703 Ptva

2057 3729 2215 3791 riswi
2241 3737 2434 3792 autem
2470 3743 2821 3808 arrogantes
2854 3743 2911 3793 et
2941 3732 3245 3794 daemones
3275 3730 3522 3793 absecti.
3558 3729 3707 3791 Pha-

2057 3817 2265 3880 risaaus
2322 3821 2479 3881 enim
2530 3822 2753 3884 dicitur
2805 3822 2904 3903 qui
2965 3821 3038 3883 ab
3090 3821 3220 3883 aliis
3274 3828 3702 3901 sequestratur,

2058 3917 2431 3971 murmurant
2458 3911 2614 3991 quod
2640 3931 2774 3973 cum
2810 3911 3222 3993 peccatoribus
3257 3908 3540 3971 comedit.

344 3998 554 4077 Κύριον.
601 3999 662 4055 Οἱ
704 3994 759 4052 δὲ
790 4003 1102 4075 Φαρισαῖοι,
1132 3999 1177 4053 οἱ
1210 3995 1462 4067 ἆὶαζόνες
1490 4000 1579 4054 καὶ
1605 3996 2043 4074 ἂποκεκομμένοι
2086 3996 2355 4073 δαίμονες,
2406 4008 2562 4059 τουτο
2612 4003 2710 4080 γὰρ
2736 4005 2763 4058 6
2789 4009 3102 4081 Φαρισαῖος,
3139 3998 3571 4075 ἀποκεκομμένος
3604 4005 3708 4054 τῶν

330 4084 525 4167 ἄλλων,
560 4086 926 4165 γογγύζουσιν,
960 4084 1038 4143 ὅτι
1067 4099 1186 4150 τοῖς
1232 4086 1577 4166 ἁμαρτωλοῖς
1610 4089 1887 4150 συνεσθίει,

411 4198 435 4231 ιι
475 4178 536 4234 Οἱ
565 4173 620 4232 δὲ
647 4177 803 4233 εἶπον
848 4177 976 4253 πρὸς
1010 4175 1188 4233 αὐτόν·
1231 4177 1321 4233 Δια
1353 4178 1403 4235 τί
1430 4179 1476 4234 οἱ
1520 4179 1753 4252 μαθηταὶ
1778 4177 1972 4236 Ἰωάν-

329 4288 415 4322 νου
471 4264 777 4332 νηστεύουσι
836 4264 1005 4320 πυκνὰ
1060 4265 1147 4321 καὶ
1176 4262 1382 4334 δεήσεις
1433 4268 1727 4342 ποιοῦνται,
1776 4267 1974 4343 ὁμο⁹ως

330 4355 411 4411 καὶ
467 4356 515 4411 οἱ
569 4353 676 4410 τῶν
734 4354 1054 4431 Φαρισαίων,
1118 4356 1165 4407 οἱ
1223 4352 1277 4409 δὲ
1347 4356 1426 4411 σοὶ
1482 4354 1707 4412 ἐσθίουσι
1759 4357 1846 4412 καὶ
1892 4358 1977 4412 πί-

331 4461 554 4517 νουσιν;
629 4433 686 4499 ’0
743 4439 798 4497 δὲ
856 4442 982 4498 εἶπε
1044 4443 1174 4518 πρὸς
1236 4442 1442 4506 αύτούς·
1480 4451 1567 4511 Μή
1615 4442 1828 4500 δύνασθε
1858 4445 1977 4510 τοὺς

2140 4176 2324 4240 Vens.
2357 4177 2568 4242 33-39.
2606 4204 2631 4235 α
2667 4180 2742 4241 Αι
2774 4179 2855 4240 illi
2889 4179 3165 4242 dixerunt
3188 4178 3262 4241 ad
3295 4198 3430 4241 eum
3458 4198 3471 4239 :
3509 4176 3705 4249 Quare

2060 4265 2335 4346 discipuli
2364 4268 2609 4329 Joannis
2634 4269 2910 4347 jejunant
2938 4269 3304 4349 frequenter,
3335 4277 3394 4330 et
3419 4267 3706 4329 obsecra-

2063 4354 2254 4415 tiones
2277 4355 2516 4431 l‘aciunt,
2543 4356 2823 4419 similiter
2843 4367 2902 4420 et
2935 4358 3362 4419 Pharisaeorum
3396 4378 3409 4419 :
3458 4358 3538 4418 tui
3572 4375 3707 4417 vero

2063 4442 2245 4504 edunt
2278 4452 2337 4506 et
2368 4444 2624 4508 bibunt?
2653 4445 2879 4518 Quibus
2922 4446 3050 4527 ipse
3098 4448 3176 4508 ait
3210 4468 3223 4509 :
3274 4445 3424 4508 Num
3458 4446 3710 4526 potestis

331 4533 468 4596 elei):
522 4539 616 4590 τοῦ
672 4532 973 4611 νυμφῶνος,
1032 4530 1087 4587 ἐν
1157 4533 1202 4605 ᾧ
1259 4529 1377 4607 μετ’
1409 4536 1579 4592 αὐτῶν
1611 4532 1751 4589 ἐστιν
1783 4536 1810 4590 6
1841 4556 1967 4609 νυμ-

2063 4531 2259 4594 facere
2292 4542 2356 4595 ut
2383 4535 2485 4596 ﬁlii
2522 4535 2788 4615 thalami,
2812 4535 2952 4597 dum
2991 4556 3124 4598 cum
3160 4536 3275 4597 illis
3308 4544 3396 4597 est
3425 4552 3702 4615 Sponsus,

332 4620 465 4700 φίος,
520 4619 744 4688 ποιῆσαι
790 4620 1062 4686 νηστεύειν
1108 4641 1124 4692 ;
1162 4619 1494 4678 Ἐλεύσονται
1554 4620 1608 4678 δὲ
1638 4621 1856 4701 ἡμέραι,
1891 4623 1979 4678 καὶ

332 4709 450 4765 ὅταν
516 4709 726 4787 ἀπαρθῇ
796 4706 889 4765 ἀπ’
964 4707 1135 4765 αοότῶν
1179 4711 1207 4765 'o
1261 4712 1505 4792 νυμφίος,
1578 4710 1699 4767 τότε
1751 4712 1979 4779 νηστεύ-

332 4820 505 4856 σουσιν
563 4798 618 4854 ἰν
676 4798 900 4861 ἐκείναις
933 4810 1053 4861 ταῖς
1098 4798 1349 4877 ἡμέραις.
1380 4790 1606 4879 ν”Ελεγε
1636 4798 1690 4856 δὲ
1732 4802 1820 4857 καὶ
1862 4824 1976 4857 πα-

335 4886 557 4967 ραϐολὴν
616 4888 745 4963 πρὸς
809 4889 1018 4966 αὐτοὺς,
1057 4886 1137 4944 ὅτι
1213 4886 1390 4953 Οὗδεὶς
1446 4887 1717 4966 ἐπίϐλημα
1771 4892 1979 4966 ἱματίου

331 4977 508 5034 καινοῦ
563 4974 838 5034 ἐπιϐάλλει
886 4976 972 5033 ἐπὶ
1014 4974 1220 5051 ἱμάτιον
1281 4978 1530 5034 παλαιόν’
1566 4981 1609 5034 εἰ
1667 4976 1722 5035 δὲ
1767 4981 1844 5056 μή
1915 5001 1977 5058 γε

331 5067 411 5124 καὶ
481 5068 542 5124 τὸ
602 5068 782 5123 καινὸν
825 5068 1018 5145 σχίζει,
1057 5068 1144 5123 καὶ
1174 5074 1251 5140 τῷ
1297 5066 1511 5129 παλαιῶ
1543 5068 1602 5125 οὗ
1632 5071 1975 5150 συμφωνήσει

332 5157 385 5213 τὸ
439 5154 715 5233 ἱπίόλημα
770 5156 832 5212 τὸ
900 5155 1006 5211 ἀπὸ
1064 5162 1156 5212 τοῦ
1213 5164 1420 5217 καιροῦ.
1470 5158 1568 5215 Καὶ
1597 5154 1758 5223 οὐδεὶς
1786 5157 1973 5235 βάλλει

332 5245 472 5303 οἶνον
533 5245 649 5303 νέον
706 5246 780 5310 είς
825 5243 1017 5309 ἀσκοὺς
1090 5242 1371 5310 παλαιούς*
1421 5245 1464 5302 εἰ
1494 5243 1548 5301 δὲ
1579 5246 1655 5321 μὴ
1706 5268 1791 5325 γε,
1828 5246 1971 5324 ῥήξει

330 5334 354 5390 6
410 5334 524 5401 νέος
583 5335 733 5399 οἶνος
792 5334 911 5399 τοὺς
970 5333 1186 5412 ἀσκοὺς,
1238 5335 1325 5390 καὶ
1382 5335 1535 5399 αὐτὸς
1591 5334 1968 5414 ἐκχυθήσεται,

329 5424 410 5479 καὶ
465 5424 512 5481 οἱ
580 5422 733 5481 ἀσκοὶ
765 5421 1107 5482 ἀπολοῦνται.
1141 5418 1306 5477 Ἀλλὰ
1337 5422 1488 5479 οἶνον
1518 5421 1635 5479 νέον
1666 5424 1737 5487 εἷς
1780 5424 1969 5486 ἀσκοὺς

328 5513 531 5578 καινοὺς
587 5511 839 5590 βλητέον,
900 5512 989 5569 καὶ
1062 5511 1335 5591 ἀμφότερα
1405 5511 1801 5590 ωντηροῦνται,
1864 5512 1968 5575 Καὶ

394 5670 457 5723 30
483 5668 684 5736 Matth.
717 5688 800 5754 ιε,
834 5672 895 5739 9.
931 5669 983 5717 ⁸¹
1017 5671 1172 5739 Rom
1193 5711 1211 5734 .
1239 5687 1367 5751 νιιι,
1397 5670 1500 5739 20.

2056 4621 2363 4701 jejnnent?
2385 4622 2639 4686 Venient
2663 4633 2859 4686 autem
2883 4624 3103 4699 dies,et
3124 4645 3255 4687 cum
3288 4625 3517 4686 ablatus
3536 4622 3713 4684 fuerit

2063 4711 2137 4773 ab
2168 4710 2289 4774 illis
2307 4713 3107 4793 sponsus,tuncjejunabunt
3133 4714 3188 4775 in
3210 4714 3326 4775 illis
3348 4714 3581 4775 diebus.
3615 4711 3708 4773 Di-

2064 4800 2238 4863 cebat
2268 4810 2464 4865 autem
2482 4802 2937 4865 similitudinem
2971 4803 3041 4864 ad
3071 4803 3239 4866 illos:
3266 4802 3454 4865 Nemo
3478 4800 3708 4863 immis-

2062 4908 2261 4952 suram
2296 4892 2431 4953 novi
2480 4892 2814 4953 vestimenti
2863 4892 3126 4954 immittit
3173 4893 3229 4954 in
3289 4890 3706 4953 vestimentum

2061 4988 2227 5040 vetus
2260 4997 2273 5041 :
2310 4979 2570 5061 alioquin
2620 4990 2677 5043 et
2725 5000 2942 5043 novum
2996 4989 3235 5061 rumpet
3274 4989 3329 5041 et
3372 4978 3557 5041 veteri
3588 4998 3704 5039 non

2059 5068 2372 5130 conveniet
2390 5069 2729 5132 immissum
2754 5088 2825 5132 ex
2841 5069 3094 5131 novo.Et
3118 5088 3292 5131 nemo
3310 5069 3490 5130 mittit
3508 5068 3706 5129 vinum

2058 5176 2166 5219 nov
2185 5178 2284 5219 um
2316 5159 2372 5219 in
2408 5166 2568 5219 utres
2617 5169 2872 5234 veteres,
2922 5158 3186 5239 alioquin
3235 5166 3472 5238 rumpet
3503 5158 3700 5219 vinum

2056 5266 2270 5308 novum
2305 5255 2488 5327 utres,
2524 5256 2581 5310 et
2628 5248 2821 5327 ipsum
2858 5248 3215 5324 eﬂ‘undetur,
3249 5258 3308 5310 et
3354 5256 3515 5308 utres
3548 5249 3703 5326 peri-

2056 5335 2353 5399 bunt.Sed
2376 5336 2575 5399 vinum
2598 5346 2852 5399 mustum
2878 5339 2935 5399 in
2955 5349 3120 5399 utres
3140 5356 3319 5399 novos
3344 5335 3695 5397 mittendum

2055 5433 2167 5498 est,
2204 5433 2262 5487 et
2291 5434 2539 5506 utraque
2570 5442 3020 5488 conservantur.
3054 5428 3127 5490 Et
3156 5446 3332 5488 nemo
3362 5425 3463 5506 qui
3486 5422 3704 5486 biberit

2054 5522 2247 5590 vetus,
2279 5516 2473 5578 statim
2507 5516 2627 5578 vult
2658 5535 2874 5579 novum
2902 5535 2918 5593 ;
2954 5516 3099 5579 dicit
3120 5514 3279 5578 enim
3311 5533 3325 5579 :
3362 5514 3544 5578 Vetus
3569 5532 3700 5576 me-
