4162 6228
474 226 591 293 767
1425 240 2017 303 THEOPHYLACTI
2062 240 2102 300 B

2201 238 2477 301 :GARIE
2516 238 2878 302 ARCHIEP.
2966 274 2973 275 ί
3768 238 3922 304 768

474 362 587 452 lius
618 372 729 428 est.
765 392 793 423 ι
830 370 1097 434 Diximus
1144 372 1219 436 de
1270 373 1364 435 bis
1404 372 1466 435 in
1519 373 1811 446 Mattbaeo,
1861 381 1921 435 et
1963 388 2102 434 num

2239 367 2333 391 ,κς
2503 371 2517 389 ς
2707 368 2740 425 λ
2802 371 2815 387 .
2989 372 3003 390 .
3057 370 3066 383 υ
3242 370 3252 387 .
3431 372 3441 387 ο
3627 374 3637 388 .
3847 374 3859 388 .

2204 388 2368 452 ουοεις
2422 392 2565 426 πιων
2631 392 2706 426 πα
2744 392 2882 445 αιον,
2956 373 3145 434 ευθεως
3198 370 3338 427 θελει
3389 395 3528 444 νεον⁹
3581 373 3749 452 λεγιι.
3789 396 3916 452 γαρ

472 451 741 542 dicemus
757 457 1138 520 succinctius.
1164 460 1481 542 Apostolos
1501 460 1831 523 vocatﬁlios
1854 460 2092 523 thalami

2204 449 2264 515 Ὀ
2337 457 2562 521 παλαιὸς
2634 461 2996 538 χρηστότερος
3030 458 3197 522 ἔστιν,
3237 484 3264 514 ι
3323 463 3555 536 Εἴπομεν
3584 449 3715 541 περὶ
3753 449 3911 518 τρύᾲ

472 541 779 632 Adventus
791 546 949 609 enim
970 546 1205 611 Domini
1224 541 1587 613 assimilatur
1606 551 1847 632 nuptiis,
1870 569 1941 613 eo
1962 569 2102 631 quoc

2201 569 2308 603 των
2364 548 2419 603 ὲν
2479 555 2555 621 τῷ
2624 550 2758 604 κατά
2823 549 3119 606 Ματθαῖον.
3196 550 3293 608 Καὶ
3324 558 3410 607 νῦν
3438 548 3494 607 δὲ
3550 573 3911 626 concrpu-

470 631 799 695 Ecclesiam
830 639 893 697 in
925 655 1203 718 sponsam
1236 639 1496 703 duxerit.
1529 631 1788 701 Proinde
1819 640 2102 720 apostolo:

2201 636 2372 711 μένως
2430 636 2669 721 ἐροῦμεν,
2726 636 2807 693 ὅτι
2859 638 2982 701 τοὺς
3012 637 3340 704 ἀποστόλους
3382 641 3523 703 υἱοὺς
3577 644 3908 721 νυμφῶνος

461 720 739 810 ieiunare
767 743 885 787 non
918 727 1227 807 oportebat
1260 752 1273 791 :
1314 729 1592 810 discipuli
1624 737 1822 791 autem
1857 718 2102 792 'Joanni:

2209 726 2476 799 ὀνομάζει.
2550 718 2611 782 Ἠ
2670 728 2768 805 γὰρ
2838 736 2930 786 τοῦ
2976 727 3163 805 Κυρίου
3208 729 3461 807 παρουσία
3504 731 3664 808 γάμῳ
3696 718 3907 786 ἀπει-

468 808 766 874 debebant
775 814 1365 894 jejunare,nimirum
1388 808 1529 897 quia
1541 817 1817 879 virtutem
1842 817 2102 897 magistet

2205 814 2449 886 λάζεται,
2533 816 2677 871 Διότι
2763 816 2863 883 τὴν
2960 814 3283 883 Ἐκκλησίαν
3383 820 3905 894 μνηστευσάμενος

469 897 707 963 illorum
730 903 932 968 labore
953 906 1403 985 parabat.Venit
1430 906 1589 968 enim
1622 906 1836 987 inquit,
1859 910 2102 969 Joanne:

2204 904 2460 982 ἠγάγετο.
2536 905 2607 962 Οὒ
2662 902 2746 960 δεῖ
2802 906 2968 961 τοίνυν
3026 906 3145 969 τοὺς
3209 905 3539 971 ἀποστόλους
3578 910 3906 975 νηστεὺειν

468 1006 663 1069 neque
692 982 1037 1067 comedens,
1094 1014 1291 1077 neque
1334 998 1473 1057 509
1523 982 1757 1058 bibens.
1828 995 2096 1075 Discipul

2204 1000 2313 1049 νῦν·
2412 996 2458 1050 οἱ
2513 996 2609 1069 μὲν
2664 995 2763 1072 γὰρ
2822 1001 2915 1051 τοῦ
2988 982 3230 1053 ’ίωᾶννου
3297 998 3528 1069 μαθηταὶ
3584 995 3903 1076 ὀφείλουσι

464 1085 657 1139 autem
694 1080 809 1143 mei
834 1081 933 1163 qui
959 1100 1193 1145 mecum
1209 1084 1586 1164 aguntveluti
1610 1083 1945 1145 cumVerbo
1978 1084 2102 1159 Dei,

2201 1084 2494 1158 νηστεύειν,
2544 1082 2635 1139 ἅτε
2706 1089 2852 1157 πόνῳ
2908 1085 2996 1139 καὶ
3052 1084 3278 1157 καμάτῳ
3332 1083 3431 1151 τὴν
3489 1086 3689 1162 ἀρετήν
3724 1107 3903 1141 κατ-

460 1185 580 1227 non
609 1166 876 1248 indigent
924 1189 1080 1235 nunc
1116 1172 1331 1252 jejunii
1384 1172 1631 1235 utilitate
1658 1195 1677 1233 :
1727 1172 2008 1255 quoniam
2042 1193 2102 1236 ex

2201 1171 2521 1248 ορθώσαντος
2602 1168 2913 1229 διδασκάλου
2992 1173 3187 1231 αὖτῶν.
3253 1166 3408 1229 Ἦλθε
3477 1174 3602 1252 γὰρ,
3665 1175 3896 1253 φησὶν,

463 1274 595 1316 mea
622 1258 1072 1323 conversatione
1101 1264 1351 1339 gratiam
1384 1262 1691 1325 consecuti
1720 1270 1880 1335 sunt,
1907 1270 1966 1323 et
2004 1281 2102 1344 per

2201 1258 2471 1339 Ἰωάννης,
2558 1261 2695 1335 μήτε
2761 1258 2967 1336 ἐσθίων,
3028 1261 3167 1336 μήτε
3224 1260 3415 1323 πίνων,
3500 1265 3560 1320 Oi
3621 1261 3677 1319 δὲ
3748 1264 3902 1338 ἱμοὶ

462 1362 555 1405 me
575 1347 1007 1411 custodiuntur.
1034 1348 1148 1413 Ubi
1178 1360 1379 1414 autem
1413 1370 1521 1431 ego
1554 1359 1890 1431 assumptus
1916 1351 2102 1425 fuero,

2201 1351 2446 1421 μαθηταὶ,
2514 1352 2587 1413 ὡς
2643 1357 2721 1424 τῷ
2790 1353 2907 1423 Θεῷ
2938 1350 3095 1427 Λόγῳ
3152 1349 3270 1425 ἐμοὶ
3301 1358 3569 1426 συνόντες,
3604 1355 3665 1410 οὗ
3698 1354 3893 1430 χρῄ-

463 1442 522 1494 et
540 1433 663 1532 ipsi
694 1435 768 1497 ad
794 1438 1232 1532 praedicandum
1258 1440 1421 1502 missi
1452 1441 1697 1532 iuerint,
1724 1450 1861 1503 tunc
1883 1449 1941 1503 et
1950 1442 2102 1523 jeju-

2201 1446 2333 1509 ζουσι
2390 1438 2523 1502 τέως
2550 1439 2649 1507 τῆς
2706 1439 2812 1495 ἀπὸ
2866 1441 2965 1506 τῆς
3024 1439 3267 1505 νηστείας
3296 1438 3577 1519 ὠφελείας,
3609 1441 3897 1532 ὶαῦτάοεν

459 1522 706 1599 nabunt,
739 1532 796 1586 et
831 1526 1105 1603 orabunt,
1140 1538 1343 1610 utpote
1393 1530 1466 1591 ad
1512 1549 1719 1608 magna
1774 1521 2102 1595 certamina

2201 1527 2574 1607 χαριτωθέντες
2631 1528 2719 1583 καὶ
2770 1526 3153 1607 φυλαττόμενλι
3225 1528 3316 1583 ὑπ’
3375 1528 3527 1602 ἒμοῦ.
3583 1521 3784 1587 ’Ὁταν
3822 1528 3890 1585 δὲ

455 1624 1039 1718 sesepraeparantes.
1077 1620 1181 1680 Vel
1211 1620 1387 1681 etiam
1422 1619 1614 1681 aliter.
1647 1619 1814 1682 Nunc
1846 1639 1980 1682 cum
2012 1624 2102 1683 in-

2201 1615 2298 1694 ἑγὼ
2344 1616 2442 1692 μὲν
2525 1615 2835 1695 ἀναληφθῶ,
2894 1617 3041 1674 αὖτοὶ
3096 1614 3150 1671 δὲ
3218 1615 3304 1673 ἐπὶ
3332 1618 3394 1672 τὸ
3426 1618 3677 1696 κήρυγμα
3712 1639 3889 1673 στα-

458 1701 798 1792 ﬁrmisunt,
834 1712 891 1766 et
919 1724 954 1767 a
989 1705 1211 1787 Spiritu
1258 1716 1463 1771 sancto
1506 1709 1771 1770 nondum
1820 1709 2102 1792 innovati,

2201 1706 2348 1777 Κῶσι,
2406 1702 2528 1761 τότε
2584 1705 2672 1760 καὶ
2721 1705 3065 1771 νηστεύσουσι
3120 1705 3209 1761 καὶ
3294 1704 3690 1785 προσεύξονται,
3760 1711 3877 1764 οἷα

458 1791 755 1854 veteribus
778 1804 1199 1875 comparantur
1212 1798 1439 1859 utribus
1456 1798 1880 1860 etvestimento
1899 1791 2102 1873 veteri,

2201 1796 2263 1857 εἷς
2331 1793 2540 1871 ἀγῶνας
2612 1791 2876 1871 μεγάλους
2929 1791 3292 1859 ἀποδοθέντες.
3331 1795 3431 1852 Καὶ
3461 1792 3639 1859 ἄλλως
3669 1793 3729 1851 δὲ
3771 1804 3889 1852 νῦν

455 1880 611 1943 haud
635 1892 866 1962 oportet
908 1885 1041 1947 illos
1072 1888 1323 1964 graviori
1350 1887 1584 1951 vivendi
1614 1888 1845 1950 ratione
1875 1890 2102 1968 gravari

2201 1883 2426 1945 ἀσθενεῖς
2483 1882 2654 1957 ὄντες,
2709 1884 2797 1939 καὶ
2868 1884 3036 1959 μήπω
3105 1882 3461 1947 καινισθέντες
3557 1885 3661 1940 ὑπὸ
3766 1894 3885 1944 τοῦ

458 1976 517 2030 et
545 1988 801 2051 onerari,
831 1973 984 2036 sicut
1013 1994 1208 2056 neque
1240 1977 1424 2039 veteri
1454 1976 1807 2039 vestimento
1827 1996 1976 2039 nova
1995 1978 2102 2040 ad-

2201 1973 2519 2047 Πνεύματος,
2596 1972 2787 2035 ἀσκοῖς
2845 1970 3047 2028 ἐοίκασι
3133 1973 3387 2036 παλαιοῖς
3467 1974 3554 2029 καὶ
3650 1977 3881 2051 ἱματίῳ

456 2058 629 2121 datur
649 2060 1013 2148 immissura.
1066 2067 1235 2127 Potes
1285 2084 1452 2141 sane,
1504 2074 1568 2126 ut
1618 2065 1763 2147 dixi,
1804 2086 1911 2148 per
1940 2076 2102 2129 utres

2201 2059 2419 2135 ταλαιιῖν
2507 2062 2580 2119 Οὔ
2608 2059 2692 2117 δεῖ
2759 2061 2849 2117 οὗν
2878 2063 3061 2125 αὖτοῖς
3088 2060 3377 2139 βαρυτέραν
3404 2063 3523 2118 τινά
3566 2060 3876 2143 διαγωγὴν

455 2158 685 2211 veteres
704 2146 1040 2229 intelligere
1062 2154 1386 2233 apostolos,
1404 2162 1605 2235 utpote
1627 2146 2101 2218 inﬁrniosPotes

2201 2152 2634 2229 ἐπιφορτισθῆναι,
2695 2149 2875 2229 ὥσπερ
2935 2147 3049 2208 οὐδὲ
3114 2150 3308 2225 ἱματίῳ
3384 2149 3599 2226 παλαιῷ
3670 2151 3875 2210 ἐπιτί-

454 2237 631 2298 eliam
678 2238 1011 2302 Pharisaeos
1041 2240 1401 2321 inteiligere,
1456 2244 1559 2323 qui
1605 2243 1831 2306 utribus
1862 2244 2102 2306 assimi-

2201 2246 2326 2296 letzi
2384 2239 2498 2295 νέον
2573 2237 2867 2314 ἰπίϐλημα,
2926 2240 3152 2295 Δύνασαι
3219 2239 3319 2315 μὲν
3375 2241 3487 2318 οὗν,
3546 2242 3621 2304 ὡς
3680 2239 3868 2322 ἔφην,

456 2326 651 2389 lantur
683 2349 697 2386 :
742 2327 910 2409 quasi
937 2328 1166 2392 diceret
1195 2330 1509 2405 Dominus,
1534 2334 1663 2394 Mea
1693 2333 1935 2413 quidem
1958 2333 2102 2396 doc—

2201 2330 2304 2393 τους
2388 2327 2717 2390 ἀποστόλους
2787 2326 3098 2385 ἑκλαϐἐσθαι
3149 2327 3389 2391 ἐοικότας
3473 2328 3666 2395 ἀσκοῖς
3724 2353 3865 2388 πα-

454 2415 607 2477 trina
641 2415 836 2478 vinum
860 2426 951 2480 est
980 2437 1191 2480 novum
1220 2440 1234 2482 :
1271 2438 1371 2481 vos
1391 2426 1588 2481 autem
1618 2439 1755 2482 cum
1782 2420 1910 2482 sitis
1936 2429 2101 2483 utres

2201 2431 2383 2497 ιαιοῖς,
2442 2421 2535 2473 οἷα
2586 2417 2662 2473 ἔτι
2717 2417 2959 2481 ἀσθενεῖς
3018 2415 3201 2480 ὄντας.
3236 2417 3465 2473 Δύνασαι
3507 2416 3679 2475 δὲκαὶ
3718 2421 3866 2483 τοὺς

453 2511 707 2579 veteres,
733 2505 874 2568 illud
893 2525 1106 2589 capere
1130 2527 1247 2570 non
1272 2508 1515 2590 potestis
1541 2530 1555 2572 :
1582 2509 1689 2570 sed
1706 2510 1909 2571 vinum
1932 2523 2101 2572 vetus

2201 2507 2499 2585 baptaziouc
2556 2507 2745 2574 νοῆσαι
2804 2508 3009 2570 τούτοις
3054 2505 3494 2590 ἀπεικασθέντας,
3548 2512 3862 2589 μονονουχὶ

454 2592 755 2670 bibentes,
788 2596 899 2660 hoc
930 2586 1018 2659 est
1048 2586 1305 2661 veterem
1329 2598 2102 2680 traditionem,meam,qu:e

2201 2595 2429 2674 téTovmq
2502 2599 2683 2661 αὒτοῖς
2714 2603 2807 2653 τοῦ
2835 2596 3046 2674 Κυρίου,
3091 2594 3172 2651 ὅτι
3219 2586 3283 2651 Ἠ
3313 2596 3413 2669 μὲν
3454 2595 3560 2671 ἐμὴ
3582 2586 3859 2655 διδασκαξ

456 2701 604 2744 nova
634 2692 744 2765 est,
777 2704 894 2748 non
948 2687 1158 2762 vultis,
1208 2687 1314 2749 sed
1360 2687 1605 2751 dicitis:
1654 2691 1840 2752 Vetus
1868 2688 2097 2766 vinum,

2201 2687 2270 2742 tl:
2338 2685 2487 2750 οἶνός
2545 2683 2656 2741 ἔσει
2711 2685 2850 2747 νέος’
2904 2686 3059 2759 ὑμεῖς
3093 2682 3149 2739 δὲ
3192 2683 3344 2740 ἀσκοὶ
3372 2684 3521 2747 ὄντες
3592 2684 3853 2768 παλαιοὶ,

454 2773 570 2835 hoc
600 2782 690 2836 est
717 2782 880 2837 vetus
904 2775 1372 2852 Testamentum,
1409 2777 1622 2841 melius
1652 2785 1764 2839 est.

2201 2776 2243 2831 »ὖ
2300 2772 2514 2830 δύνασθε
2611 2771 2850 2840 δέξασθαι
2920 2773 3146 2854 ταύτην,
3180 2770 3318 2828 ἀλλά
3349 2772 3561 2837 πιόντες
3602 2777 3697 2830 τὸν
3727 2798 3854 2834 πα-

456 2861 607 2919 λαιὸν
639 2865 812 2940 οἶνον,
845 2866 1085 2924 τουτέστι
1116 2869 1216 2935 τὴν
1258 2866 1489 2925 παλαιὰν
1521 2866 1834 2948 παράδοσιν,
1869 2869 1927 2925 οὓ
1970 2867 2146 2924 θέλετε
2202 2866 2299 2933 τὴν
2331 2863 2454 2919 νέαν
2512 2862 2609 2932 τὴν
2637 2864 2797 2940 ὶμὴν,
2830 2860 2967 2922 ἀλλά
3008 2859 3191 2939 λέγετε
3223 2860 3305 2918 ὅτι
3337 2863 3365 2919 ὁ
3394 2861 3624 2929 παλαιὸς
3656 2864 3852 2943 οἶνος,

452 2952 721 3009 τουτέστιν
760 2956 795 3023 ἦ
830 2954 1038 3012 Παλαιά
1073 2960 1337 3029 Διαθήκη,
1371 2957 1708 3037 χρηστοτέρα
1752 2958 1914 3015 ἐστίν.

1093 3048 1333 3112 CAPUT
1365 3048 1468 3112 VI.
2119 3063 2161 3113 c

455 3132 542 3193 De
569 3132 884 3217 discipulis
920 3138 998 3217 in
1027 3136 1296 3199 Sabbato
1342 3139 1541 3217 spicas
1590 3138 1974 3203 vellentibus.
2009 3139 2097 3201 De

534 3229 601 3273 eo
628 3215 737 3292 qui
786 3216 1031 3277 aridum
1081 3217 1335 3279 habebat
1374 3215 1648 3282 manum.
1682 3221 1768 3282 De
1811 3219 2099 3283 electione

536 3293 980 3385 apostolorum.-
996 3296 1077 3356 De
1106 3296 1600 3385 beatitudinibus.
1634 3299 1808 3385 Quod
1826 3307 2099 3385 oporteat

539 3374 815 3435 inimicos
862 3376 1143 3455 diligere.
1212 3379 1293 3439 De
1340 3397 1461 3441 non
1508 3374 1915 3442 contendendo
1963 3398 2098 3442 cum

529 3455 834 3532 proximo.
870 3455 1041 3531 Quod
1064 3460 1365 3520 neminem
1397 3460 1577 3522 liceat
1594 3461 1897 3540 judicare.

2818 3051 3069 3107 ΚΕΦΑΛ.
3101 3042 3213 3119 ς’.

2180 3140 2301 3217 Περὶ
2352 3143 2457 3195 τῶν
2508 3142 2908 3214 μαθητῶνοτοῦ
2957 3142 3180 3217 Χριστου
3263 3135 3318 3192 ἐν
3373 3133 3634 3217 Σαϐϐάτῳ
3705 3136 3844 3195 τιλ-

2286 3162 2301 3195 ι
2352 3161 2457 3195 των
2508 3161 2908 3214 μαυητωνστου
2957 3161 3180 3217 Αριστου
3263 3161 3318 3192 εν
3373 3161 3634 3210 ιιαοοατῳ
3705 3161 3844 3195 τιΑ-

2255 3161 2458 3277 ἰόντων
2512 3220 2632 3283 τοὺς
2701 3218 2958 3298 στάχυας.
3036 3217 3162 3296 Περὶ
3257 3222 3350 3298 τοῦ
3430 3214 3593 3298 ξηρὰν
3663 3218 3847 3298 ἕχον-

2258 3321 2347 3363 τος
2403 3298 2501 3365 τὴν
2557 3312 2746 3376 χεῖρα,
2805 3295 2929 3376 Περὶ
2983 3298 3083 3365 τῆς
3118 3295 3245 3352 τῶν
3300 3295 3619 3352 ἀποστόλων
3667 3295 3848 3355 διλο-

2260 3384 2389 3457 γῆς,
2450 3376 2597 3456 Ilein
2629 3384 2736 3435 τῶν
2793 3384 3168 3456 μακαρισμῶν.
3234 3377 3357 3453 Περὶ
3414 3381 3522 3457 ’τοῦΔ
3562 3376 3844 3457 φιλεῖσθαι

2260 3453 2379 3538 τους
2439 3453 2679 3538 ἐχθρούς.
2737 3459 2861 3537 Περὶ
2924 3453 3017 3514 τοῦ
3083 3457 3218 3538 πρὸς
3292 3457 3385 3511 τὸν
3452 3453 3699 3538 ,πλησίον
3756 3460 3844 3533 μὴ

2262 3535 2608 3618 φιλονειᾷιεῖν,
2683 3535 2821 3617 Περὶ
2866 3543 2958 3595 τοῦ
3041 3537 3121 3612 μὴ
3199 3535 3312 3593 δεῖν
3412 3537 3506 3593 τὸν
3603 3536 3843 3606 πλησίον

2263 3620 2481 3697 κρίνειν.

535 3704 718 3775 Vens.
746 3713 867 3777 1-5.
883 3713 1149 3776 ιΑεείάίι
1172 3724 1366 3778 autem
1391 3725 1453 3778 ut
1474 3716 1533 3777 in
1559 3714 1815 3779 Sabbato
1838 3716 2100 3780 secundo

2270 3735 2298 3767 α
2371 3710 2615 3790 Ἐγένετο
2688 3709 2743 3767 δέ
2801 3709 2857 3768 ὲν
2903 3708 3159 3783 Σαϐϐάτῳ
3186 3708 3592 3789 δευτεροπρώτῳ
3639 3707 3843 3767 διαπο-

456 3801 648 3881 primo
671 3799 1071 3883 transiret'per
1095 3813 1242 3879 sata,
1268 3824 1337 3867 ac
1354 3804 1652 3866 vellebant
1672 3805 1949 3886 discipuli
1972 3806 2102 3885 ejus

454 3891 673 3972 spicas,
707 3892 1083 3974 edebantque
1104 3895 1507 3956 confricantes
1540 3892 2101 3967 manibus.Quidam

452 3988 649 4042 autem
701 3980 1134 4043 Pharisaeorum
1186 3982 1465 4045 dicebant
1516 3982 1681 4046 illis:
1731 3983 1883 4056 Quid
1914 3984 2107 4047 facitis

456 4069 613 4149 quod
636 4088 754 4130 non
785 4069 964 4132 liceat
986 4071 1181 4133 facere
1204 4072 1261 4134 in
1286 4070 1557 4135 Sabbatis
1578 4071 1610 4132 ?
1631 4073 1705 4135 Et
1732 4073 2107 4154 respondens

450 4161 623 4221 .lesus
651 4159 727 4220 ad
757 4178 860 4221 eos
889 4158 1039 4223 dixit
1068 4179 1081 4220 :
1122 4164 1213 4224 Ne
1243 4161 1354 4222 hoc
1388 4161 1629 4243 quidem
1681 4162 1911 4243 legistis
1944 4163 2103 4244 quod

451 4246 791 4309 fecitDavid
811 4267 945 4308 cum
968 4248 1487 4330 esurissetipse,et
1506 4252 1603 4331 qui
1629 4270 1760 4313 cum
1782 4251 1883 4312 illo
1904 4250 2106 4312 erant?

453 4336 763 4410 Quomodo
792 4336 1031 4399 intravit
1060 4338 1121 4399 in
1144 4337 1385 4399 domum
1418 4337 1548 4413 Dei,
1587 4347 1645 4401 et
1676 4357 1857 4419 panes
1881 4357 2104 4421 propo-

2186 3801 2417 3880 ρεόεσθαι
2476 3801 2633 3857 αυτὸν
2729 3797 2814 3856 διὰ
2868 3806 2972 3857 τῶν
3031 3800 3328 3877 σπορίμων.
3364 3801 3463 3859 Καὶ
3532 3797 3743 3856 ἔτιλλον
3786 3800 3841 3856 οἱ

2188 3892 2417 3966 μαθηταὶ
2475 3891 2632 3946 αὖτοῦ
2687 3891 2808 3953 τοὸς
2879 3890 3143 3969 στάχυας,
3190 3888 3287 3945 καί
3318 3888 3503 3956 ἢσθιον
3549 3888 3843 3968 ψώχοντες

2183 3992 2307 4044 ταῖς
2363 3979 2537 4059 χερσί.
2601 3979 2750 4043 Τινὲς
2827 3976 2880 4034 δὲ
2932 3981 3038 4034 τῶν
3080 3979 3382 4057 Φαρισαίων
3424 3978 3585 4034 εἶπον
3624 3977 3839 4043 αὺτοῖς·

2187 4070 2246 4127 Τί
2294 4081 2501 4126 ποιεῖτε
2529 4067 2557 4123 ὅ
2590 4069 2684 4124 οὒκ
2727 4065 2893 4133 ἔξεστι
2924 4079 3103 4124 ποιεῖν
3150 4070 3206 4123 ἓν
3248 4080 3369 4131 τοῖς
3416 4065 3652 4124 Σάϐϐασι
3686 4082 3705 4141 ;
3734 4068 3845 4126 Καὶ

2188 4158 2482 4237 ἀποκριθεὶς
2540 4158 2672 4236 πρὸς
2732 4157 2921 4220 αὐτούς
2980 4156 3138 4213 εἶπεν
3196 4158 3225 4213 ὁ
3254 4154 3485 4233 Ἰησοῦς·
3519 4154 3652 4215 Οὐδὲ
3682 4162 3843 4214 τοῦτο

2188 4248 2447 4327 ἀνέγνωτε
2503 4248 2531 4303 ὃ
2580 4246 2798 4313 ἐποίησε
2857 4243 3048 4320 Λαυΐδ,
3123 4245 3283 4302 ὁπότε
3341 4244 3615 4304 ἐπείνασεν
3679 4248 3841 4308 αὐτὸς

2187 4339 2274 4394 καὶ
2345 4340 2392 4393 οἱ
2450 4335 2570 4411 μετ’
2641 4334 2800 4397 αὒτοῦ
2824 4332 2997 4406 ὄντες,
3045 4336 3118 4399 ὡς
3162 4332 3401 4402 εἰσῆλθεν
3455 4335 3530 4400 εἷς
3559 4335 3653 4391 τὸν
3682 4338 3842 4393 οἷκον

453 4425 687 4487 sitionis
717 4426 992 4505 sumpsit,
1025 4426 1292 4506 editque,
1341 4446 1412 4489 ac
1443 4426 1611 4489 dedit
1655 4427 1834 4489 etiam
1882 4427 1975 4489 his
2006 4428 2102 4509 qui

2201 4429 2282 4484 τοῦ
2340 4433 2495 4506 Θεοῦ,
2568 4426 2655 4482 καὶ
2710 4425 2832 4486 τοὺς
2902 4423 3090 4504 ἄρτους
3144 4430 3243 4492 τῆς
3308 4424 3607 4502 προθέσεως
3659 4421 3841 4481 λαϐὼν

451 4534 656 4579 secum
690 4522 895 4576 erant:
931 4533 1081 4595 quos
1130 4534 1249 4576 non
1302 4516 1438 4579 licet
1485 4515 1669 4577 edere
1712 4515 1827 4578 nisi
1881 4523 2103 4578 tantum

451 4602 894 4668 sacerdotibus?
920 4603 991 4665 Et
1018 4602 1255 4666 dicebat
1278 4604 1393 4667 illis
1424 4624 1438 4668 :
1471 4604 1761 4667 Dominus
1802 4614 1891 4669 est
1922 4605 2109 4669 Filius

452 4693 713 4756 hominis
742 4692 919 4755 etiam
953 4691 1221 4756 Sabbati.
1257 4693 1480 4755 oJudmi
1511 4713 1691 4756 omne
1720 4694 1933 4757 festum
1959 4692 2108 4758 Sab-

454 4785 653 4846 batum
687 4781 1095 4844 nominabant.
1130 4782 1451 4846 Sabbatum
1488 4784 1645 4846 enim
1672 4786 1841 4866 quies
1859 4784 2101 4849 dicitur.

453 4872 621 4955 Saepe
654 4872 831 4953 igitur
882 4871 1234 4934 occurrebat
1281 4872 1494 4935 festum
1542 4873 1603 4935 in
1657 4876 1999 4945 Parasceve,
2049 4878 2107 4935 et

452 4964 740 5025 vocabant
788 4964 1172 5025 Parascevem
1205 4960 1526 5025 Sabbatum
1575 4972 1815 5045 propter
1842 4964 2099 5025 festum:

450 5052 673 5115 deinde
702 5051 860 5133 quod
891 5049 1130 5130 proprie
1181 5059 1271 5112 est
1315 5050 1666 5126 Sabbatum,
1719 5051 2107 5114 nominabant

451 5140 1003 5221 secundoprimum,
1030 5159 1100 5200 eo
1133 5140 1290 5222 quod
1313 5150 1600 5223 sequatur
1628 5142 1842 5204 festum
1876 5150 1934 5203 et
1961 5140 2077 5204 Sab

451 5230 656 5293 batum
673 5228 829 5310 quod
850 5230 1717 5311 praecesserat.Contigitigitur
1734 5240 1871 5294 tunc
1881 5231 2103 5313 aliquid

456 5320 592 5382 tale:
622 5328 682 5382 et
707 5317 1027 5383 Sabbatum
1047 5318 1198 5381 illud
1216 5319 1535 5383 vocabatur
1553 5320 2103 5402 secundoprimum.

452 5414 642 5492 Atque
665 5427 801 5471 cum
833 5408 1113 5471 Pbarismi
1147 5409 1476 5493 discipulos
1506 5410 1833 5491 carpebant
1852 5409 2010 5494 quod
2039 5410 2101 5472 in

455 5497 712 5565 Sabbato
758 5496 1157 5560 comedebant
1201 5500 1544 5577 evellentes,
1594 5500 1708 5563 hoc
1754 5508 1846 5565 est
1892 5500 2102 5564 aristas

450 5586 864 5655 abstrahentes
886 5606 904 5653 ι
929 5593 988 5649 et
1008 5587 1432 5673 confricantes,
1446 5590 1561 5654 hoc
1578 5596 1670 5654 est
1690 5596 1953 5654 terentes
1978 5607 2105 5651 ma-

2192 4516 2374 4596 ἕφαγε,
2432 4517 2521 4573 καὶ
2588 4512 2751 4571 ἔδωκε
2822 4527 2941 4579 τοῖς
3000 4511 3118 4589 μετ’
3170 4514 3353 4595 αὐτοῦ,
3413 4514 3502 4580 οὖς
3530 4518 3625 4574 οὐκ
3671 4513 3842 4579 ἔξεστι

2191 4620 2408 4684 φαγεῖν,
2460 4606 2504 4662 εἷ
2548 4605 2626 4680 μὴ
2652 4604 2847 4679 μόνους
2876 4605 2997 4667 τοὺς
3040 4606 3204 4683 ἱερεῖς
3233 4626 3249 4680 ;
3280 4604 3379 4662 Καὶ
3439 4603 3621 4683 ἔλεγεν
3652 4602 3841 4668 αὐτοῖς

2190 4694 2270 4751 ὅτι
2342 4692 2531 4772 Κύριός
2587 4692 2727 4751 ἔστιν
2784 4697 2812 4749 ὁ
2868 4695 2989 4757 Υἱὸς
3017 4694 3110 4750 τοῦ
3137 4693 3411 4773 ἀνθρὼπου
3439 4694 3529 4750 καὶ
3565 4699 3661 4750 τοῦ
3690 4691 3843 4750 Σαϐ-

2188 4782 2367 4841 ϐάτω.
2436 4804 2459 4838 ι
2522 4785 2582 4840 Ol
2633 4780 2884 4840 Ἰουδαῖοι
2928 4789 3102 4839 πᾶσαν
3157 4782 3344 4861 ἑορτὴν
3391 4779 3669 4839 Σέϐϐατον
3699 4783 3841 4840 ὠνό-

2189 4878 2374 4947 μαζον·
2436 4871 2727 4936 ἀνάπαυσις
2776 4872 2875 4950 γὰρ
2944 4871 3006 4928 τό
3081 4868 3377 4928 Σάϐϐατον’
3447 4868 3711 4934 πολλάκις
3749 4881 3844 4933 οὖν

2188 4960 2398 5030 ἀπήντα
2447 4962 2482 5028 ἡ
2546 4960 2703 5040 ἑορτὴ
2764 4960 2819 5016 ἐν
2906 4965 3240 5037 Παρασκευῇ,
3299 4960 3387 5017 καὶ
3439 4958 3661 5017 ἐκάλουν
3743 4962 3845 5030 τὴν

2187 5052 2530 5131 Παρασκετὴν
2604 5047 2876 5106 Σάϐϐατον
2933 5047 3019 5105 διὰ
3074 5049 3173 5117 τὴν
3232 5049 3444 5129 ἑορτὴν,
3495 5050 3621 5107 εἶτα
3647 5050 3711 5107 τὸ
3739 5071 3843 5111 κο-

2189 5141 2311 5219 ρίως
2367 5135 2640 5196 Σαϐϐατον
2713 5139 2988 5215 ὠνόμαζον
3066 5137 3514 5219 ὃευτερόπρωτον,
3574 5140 3648 5203 ὡς
3717 5137 3845 5197 δεό-

2188 5251 2337 5309 τερον
2394 5228 2474 5301 ὄν,
2533 5227 2989 5306 προηγησαμένης
3061 5225 3230 5294 ἄλλης
3293 5228 3483 5305 ἑορτῆς
3534 5226 3623 5283 καὶ
3693 5224 3843 5283 Σαϐ-

2189 5308 2373 5383 ϐἀτου,
2440 5308 2683 5398 ’Ἔτυχεν
2744 5317 2835 5373 οἶν
2880 5316 2969 5373 καὶ
3022 5315 3143 5373 τότε
3194 5315 3437 5395 γενέσθαι
3486 5317 3549 5373 τὸ
3576 5323 3843 5391 τοιοῦτον,

2191 5411 2277 5466 καὶ
2343 5406 2648 5484 ὠνομάζετο
2717 5404 3138 5486 δευτερόπρωτον
3194 5406 3256 5462 τὸ
3312 5401 3586 5463 Σάϐϐατον
3641 5403 3841 5469 ἐκεῖνο,

2184 5497 2526 5573 Αἱτιωμένοις
2595 5494 2651 5552 δὲ
2707 5509 2825 5559 τοῖς
2882 5494 3187 5575 Φαρισαίοις
3267 5495 3387 5561 τοὺς
3443 5495 3714 5571 μαθητὰς,
3759 5494 3841 5552 ὅτι

2183 5589 2239 5646 ἐν
2294 5592 2373 5660 τῷ
2455 5582 2712 5659 Σαϐϐάτῳ
2764 5584 2950 5654 ἢσθιον
3030 5583 3324 5667 τίλλοντες,
3382 5582 3654 5643 τουτέστιν
3707 5584 3841 5641 ἀνα-
