4162 6228
255 333 409 405 769

1062 336 1505 406 ENARRATIO
1550 336 1633 405 IN
1680 328 2188 403 EVANGELIUM
2236 330 2476 396 LUCxE.
2525 365 2602 380 —
2643 334 2811 397 CAP.
2873 334 2977 397 VI.

3565 332 3686 399 770

259 473 534 533 σπῶντες
606 468 726 533 τοὺς
797 468 1059 548 στάχυας,
1108 468 1196 523 καὶ
1255 466 1559 547 ψώχοντες,
1605 468 1634 521 ὃ
1678 468 1786 522 ’ἐστι
1830 469 1944 548 τρί-

2043 465 2227 545 nibus,
2256 464 2798 528 adducitDominus
2821 466 3000 527 David
3021 466 3383 533 esurientem
3408 479 3463 529 et
3485 488 3688 530 eome-

269 554 484 620 ϐοντες
540 569 663 621 ταῖς
724 557 899 637 χερσὶ,
968 556 1191 637 παράγει
1222 557 1249 612 6
1283 557 1468 635 Κύριος
1499 557 1588 612 τὸν
1625 556 1813 637 Δαυίδ,
1838 578 1949 614 πει-

268 644 530 702 νάσαντα
586 645 675 700 καὶ
745 645 983 723 φαγόντα
1052 645 1175 709 τοὺς
1231 640 1417 724 ἄρτους
1483 648 1581 711 τῆς
1628 645 1947 723 προθέσεως.

270 733 520 812 Φεύγων
578 734 679 812 γὰρ
747 735 837 790 τὸν
922 732 1119 810 Σαοὺλ,
1198 732 1518 813 παρεγένετο
1574 735 1648 797 εἰς
1702 731 1952 813 Ἀϐιάθαρ

270 822 384 877 τὸν
467 821 746 901 ἂρχιερέα,
776 823 865 878 καὶ
893 822 1169 891 ἠπάτησεν
1213 823 1372 881 αὑτὸν
1412 819 1608 902 λέγων,
1654 824 1728 886 ὡς
1796 820 1894 901 ἄρα
1924 824 1952 879 ὁ

274 908 550 987 βασιλεὺς
607 909 928 967 ἀποστέλλει
989 912 1142 969 αὒτὸν
1207 911 1294 968 ἐπί
1390 934 1445 968 τι
1532 912 1953 990 ἀναγκαιότατον

276 997 479 1079 ἔργον,
536 1000 626 1055 καὶ
680 997 746 1067 δὴ
795 1006 989 1056 πεινῶν
1065 997 1223 1056 ἔλαϐε
1273 1000 1372 1074 μὲν
1428 999 1572 1077 παρὰ
1624 1006 1717 1056 τοὺ
1773 1000 1951 1078 ἱερέως

278 1088 387 1144 καὶ
459 1088 583 1151 τοὺς
626 1086 815 1168 ἄρτους
870 1094 970 1157 τῆς
1023 1087 1345 1167 προθέσεως,
1400 1086 1491 1151 οὕς
1562 1086 1677 1145 καθ’
1722 1089 1956 1154 ἑκάστην

156 1178 162 1183 ’
279 1176 636 1253 προετίθεσαν
706 1174 908 1233 δώδεκα
964 1177 1049 1235 ἐπὶ
1118 1182 1215 1257 τῆς
1274 1179 1417 1255 ἱερᾶς
1472 1178 1763 1257 τραπέζης.
1802 1176 1853 1242 ἒξ
1896 1176 1957 1233 ὲκ

282 1262 483 1330 δεξιῶν
538 1267 627 1321 καὶ
682 1263 735 1330 ἕξ
792 1266 1096 1341 εὐωνύμων.
1154 1255 1364 1322 ’Ἑλαϐε
1422 1263 1473 1320 δὲ
1509 1255 1631 1322 -καὶ
1675 1267 1771 1333 τὴν
1820 1266 1957 1343 ῥομ-

287 1353 460 1433 φαίαν
514 1359 608 1410 τοῦ
665 1351 885 1415 Γολιάθ.
914 1355 1121 1422 Ταύτην
1165 1355 1261 1422 τὴν
1290 1355 1523 1434 ἱστορίαν
1553 1356 1716 1411 εἰπὼν
1772 1358 1956 1418 αὐτοῖς

287 1444 322 1498 ὁ
387 1443 605 1521 Κὺριος,
678 1442 915 1521 ἔντρέπει
974 1444 1160 1508 αὐτοὺς
1244 1444 1350 1499 ἀπὸ
1404 1448 1503 1511 τῆς
1570 1441 1805 1522 πράξεως
1861 1451 1953 1501 τοῦ

291 1529 492 1593 Δαυίδ,
556 1531 611 1587 Ei
667 1531 768 1610 γὰρ
824 1532 914 1588 τὸν
978 1528 1169 1606 Δαυῖδ,
1203 1534 1357 1610 φησὶ,
1402 1538 1612 1607 τιμᾶτε,
1661 1533 1777 1595 πῶς
1833 1532 1954 1595 τοὺς

289 1619 462 1695 ἐμοὺς
512 1621 850 1698 κατακρίνετε
908 1620 1148 1694 μάθητάς
1182 1640 1199 1696 ;
1232 1611 1458 1685 ’Ἄλλως
1488 1642 1569 1696 τε,
1627 1623 1655 1677 6
1701 1622 1819 1686 Υἱὸς
1862 1620 1955 1679 τοῦ

290 1707 600 1789 ἀνθρώπου,
658 1707 924 1765 τὸυτέστιν
983 1707 1114 1787 ἐγὼ,
1150 1709 1338 1789 Κύριός
1398 1711 1504 1784 είμι
1575 1712 1669 1765 τοῦ
1736 1707 1953 1765 Σαϐϐά-

2033 554 2275 615 dentem
2297 572 2476 634 panes
2499 554 3095 635 propositionis,quas
3110 556 3522 636 proponebant
3544 577 3687 638 quo-

2037 642 2200 705 tidie.
2217 642 2473 721 Fugiens
2488 644 2645 704 enim
2667 643 2853 704 5103
2872 643 3011 704 Saul
3030 644 3304 706 veniebat
3325 644 3690 708 adAbiathar

2037 731 2719 812 pontiﬁcem,etdecepit
2735 750 2871 793 eum
2895 732 3061 812 quasi
3084 751 3116 793 a
3138 751 3276 812 rege
3296 733 3511 796 missus
3533 743 3690 797 esset

2035 821 2095 881 in
2129 839 2276 900 opus
2310 818 2607 900 quoddam
2641 820 3068 894 necessarium,
3092 830 3150 882 et
3170 822 3440 884 esuriens
3460 824 3690 904 accepit

2036 926 2068 969 a
2101 908 2381 988 pontiﬁce
2398 908 2575 970 etiam
2600 927 2784 989 panes
2809 909 3521 991 propositionis,qu0rum
3547 913 3688 975 duo-

2038 996 2231 1058 decim
2258 997 2528 1078 quotidie
2559 1017 2740 1078 super
2785 1017 3011 1059 sacram
3048 1017 3311 1060 mensam
3362 1000 3683 1080 ponebant,

2038 1104 2138 1148 sex
2179 1106 2212 1147 a
2243 1087 2487 1159 dextris,
2523 1097 2579 1147 et
2609 1106 2709 1147 sex
2741 1106 2775 1148 a
2806 1088 3090 1149 sinistris.
3126 1088 3376 1168 Accepit
3410 1099 3609 1151 autem
3633 1099 3692 1151 et

2038 1173 2564 1254 gladiumGoliath.
2580 1178 2741 1238 Hanc
2758 1175 3067 1237 historiam
3086 1176 3232 1239 dixit
3251 1176 3687 1259 illisDominus,

2039 1272 2096 1324 et
2124 1264 2408 1325 admonet
2438 1282 2541 1324 eos
2576 1283 2610 1325 a
2658 1266 2808 1325 facto
2844 1264 3049 1325 David.
3085 1263 3228 1325 Nam
3280 1264 3330 1325 si
3381 1265 3685 1341 Davidem,

2038 1353 2252 1433 inquit,
2281 1354 2611 1429 honoratis,
2638 1353 2937 1435 quomodo
2964 1371 3128 1414 meos
3150 1354 3559 1415 condemnatis
3574 1355 3692 1417 dis-

2036 1442 2308 1523 cipulos?
2342 1440 2441 1504 Vel
2475 1443 2669 1517 aliter,
2706 1442 2889 1505 Filius
2938 1443 3220 1523 hominis,
3267 1442 3379 1504 hoc
3410 1453 3519 1524 est,
3555 1463 3687 1524 ego,

2038 1529 2324 1592 Dominus
2364 1549 2493 1591 sum
2537 1530 2797 1604 Sabbati,
2853 1540 2913 1591 ut
2961 1528 3246 1592 Conditor
3292 1538 3352 1591 et
3393 1532 3600 1593 Factor
3633 1538 3692 1591 et

2038 1620 2391 1695 Legislator,
2423 1628 2774 1699 potestatem
2807 1618 3031 1682 habens
3054 1618 3321 1680 solvendi
3343 1619 3688 1681 Sabbatum.

2037 1708 2222 1769 Filius
2255 1712 2411 1770 enim
2443 1709 2699 1770 hominis
2752 1727 2867 1768 non
2912 1708 3064 1769 alius
3111 1716 3346 1768 vocatus
3377 1717 3468 1770 est
3518 1726 3687 1788 quam

291 1822 417 1875 του,
491 1809 567 1863 ὼς
627 1802 962 1879 Δημιουργὸς
1014 1802 1103 1857 καὶ
1132 1803 1371 1868 Ποιητὴς
1398 1803 1485 1858 καὶ
1537 1802 1835 1882 Δεσπότης,
1868 1809 1955 1862 καὶ

2043 1796 2336 1871 Christus,
2370 1801 2636 1888 quicum
2671 1805 2833 1888 esset
2855 1794 3040 1857 Filius
3071 1794 3201 1888 Dei,
3230 1795 3689 1888 mirabiliterdif

293 1889 617 1964 νομοθέτης,
675 1886 908 1954 ἐξουσίαν
966 1888 1111 1969 ἔχων
1198 1888 1479 1946 καταλύειν
1539 1893 1600 1946 τὸ
1657 1887 1952 1952 Σάϐϐατον,

2043 1896 2249 1965 gnatus
2278 1894 2370 1946 est
2402 1885 2588 1947 Filius
2611 1885 2870 1948 hominis
2907 1893 3149 1965 propter
3180 1884 3456 1945 homines
3477 1893 3533 1946 et
3561 1884 3689 1945 ﬁeri

295 1978 428 2041 Υἱὸς
486 1978 586 2057 γὰρ
655 1976 928 2058 ἂνθρώπου
985 1981 1078 2035 οὒκ
1136 1977 1297 2042 ἄλλος
1328 1978 1391 2034 ἂν
1434 1978 1679 2054 κληθείη,
1729 1980 1882 2055 εἰμὴ
1926 1981 1955 2035 6

296 2067 554 2147 Χριστὸς,
612 2065 670 2132 ὅς
728 2068 846 2131 Υἱὸς
911 2074 1040 2124 Θεοῦ
1112 2067 1208 2141 ὥν,
1258 2067 1561 2147 παραδόξως
1631 2067 1951 2141 κατηξίωσε,

294 2156 391 2211 καὶ
448 2157 568 2219 Υἱὸς
652 2156 927 2235 ἀνθρώπου
1000 2153 1067 2212 δι’
1150 2156 1453 2235 ἀνθρώπους
1550 2157 1788 2236 γενέσθαι
1870 2156 1957 2211 καὶ

2039 1982 2097 2037 et
2124 1975 2340 2035 vocari.
2377 1974 2451 2035 At
2480 1975 2637 2055 quod
2662 1993 2768 2050 ego
2791 1982 2847 2035 et
2874 1981 2932 2033 ιιι
2947 1972 3207 2034 dicimur
3226 1972 3380 2034 [ilius
3404 1972 3686 2050 hominis,

2038 2062 2188 2124 nihil
2216 2064 2371 2127 novi.
2402 2064 2572 2124 Illum
2604 2073 2801 2125 autem
2835 2062 3077 2141 dignum
3112 2071 3202 2123 est
3248 2062 3443 2124 vocari
3473 2062 3687 2124 Filium

2039 2151 2322 2226 hominis,
2356 2152 2457 2233 qui
2491 2153 2641 2215 miro
2672 2153 2846 2214 modo
2881 2152 3070 2212 factus
3101 2160 3190 2213 est
3217 2151 3417 2215 homo.

296 2242 586 2313 κληθῆναι.
624 2246 696 2303 T6
728 2246 828 2326 γὰρ
858 2244 952 2321 ἐμὲ
976 2248 1065 2302 καὶ
1095 2245 1154 2302 σὲ
1183 2244 1463 2303 καλεῖσθαι
1504 2249 1615 2304 υἱὸν
1658 2246 1962 2324 ἀνθρώπου,
1994 2240 2138 2299 οὐδὲν
2167 2242 2346 2298 καινόν
2380 2262 2394 2276 ο
2431 2242 2636 2300 ἐκεῖνον
2668 2241 2722 2299 δὲ
2755 2241 2897 2308 ἄξιον
2928 2240 3209 2298 καλεῖσθαι
3242 2244 3362 2297 Υἱὸν
3393 2241 3687 2321 ἀνθρώπου,

296 2334 393 2389 τὸν
423 2331 732 2413 παραδόξως
760 2333 1212 2414 ἆνθρωπισθέντα.

390 2441 416 2476 ε
463 2420 708 2501 Ἐγὲνενο
773 2420 826 2478 δὲ
895 2425 985 2480 καὶ
1042 2423 1094 2480 ἐν
1151 2423 1315 2498 ἒτέρῷ
1383 2422 1643 2499 Σαϐϐάτῳ
1698 2423 1955 2482 είσελθε“ιν

299 2512 461 2567 αὐτὸν
515 2513 588 2575 είς
657 2516 758 2580 την
830 2514 1155 2592 Συναγωγὴν
1210 2516 1300 2571 καὶ
1372 2512 1653 2577 διδάσκειν.
1735 2515 1833 2572 Καὶ
1889 2512 1956 2581 ἦν

304 2602 423 2656 εκεῖ
490 2599 786 2679 ἄνθρωπος,
844 2603 997 2670 καὶὴ
1031 2603 1151 2682 χεὶρ
1209 2603 1368 2661 αὑτοῦ
1423 2604 1458 2671 ἡ
1530 2600 1671 2668 δεξιὰ
1702 2603 1768 2671 ἧν
1800 2602 1953 2681 ξηρά.

306 2690 641 2768 Παρετήρουν
694 2686 747 2745 δὲ
807 2691 961 2747 αὐτὸν
1032 2692 1079 2747 οἱ
1138 2697 1483 2770 Γραμματετς
1557 2693 1643 2748 καὶ
1672 2693 1720 2747 οἱ
1776 2698 1950 2771 Φαρι-

304 2791 479 2854 σαῖοι,
550 2780 595 2834 εί
664 2777 720 2834 ἒν
777 2784 854 2853 τῷ
917 2777 1176 2854 Σαϐϐάτῳ
1239 2781 1571 2860 θεραπεύσει,
1633 2780 1725 2836 ἵνα
1768 2778 1957 2860 εὕρωσι

305 2869 627 2947 κατηγορίαν
681 2866 801 2923 κατ’
858 2869 1038 2928 αὐτοῦ.
1104 2870 1271 2931 Αὐτὸς
1332 2866 1387 2925 δὲ
1458 2867 1573 2946 ᾒδει
1602 2870 1722 2933 τοὺς
1771 2866 1957 2927 διαλο-

306 2957 531 3035 γισμοὸς
589 2959 781 3015 αὐτῶν.
843 2957 940 3014 Καὶ
994 2960 1116 3013 εἷπε
1174 2964 1252 3033 τῷ
1347 2957 1607 3037 ἀνθρώπῳ
1661 2965 1738 3033 τῷ
1796 2956 1958 3036 ξηρὰν

307 3045 489 3126 ’ἔχοντι
546 3045 645 3112 τὴν
675 3058 863 3125 χετρκ’
910 3044 1195 3125 ’¹Εγειραι,
1244 3048 1333 3104 καὶ
1377 3050 1529 3115 στῆθι
1557 3048 1632 3110 εἰς
1660 3049 1722 3103 τὸ
1767 3046 1952 3123 μέσον.

311 3125 373 3192 ⁴Ον
424 3132 478 3190 δί
513 3134 741 3199 ἀναστὰς
812 3133 967 3203 ἔστη.
1028 3139 1196 3192 Εἶπεν
1226 3142 1314 3193 οὖν
1361 3138 1389 3192 6
1451 3136 1657 3204 Ἰησοῦς
1701 3137 1832 3215 πρὸς
1864 3139 1958 3194 αὒ-

309 3225 452 3289 τώς·
518 3221 878 3303 Ἐπερωτήσω
948 3226 1086 3301 ὑμᾶς
1143 3244 1218 3281 τι·
1298 3224 1464 3292 ἔξεστι
1516 3238 1636 3290 τοῖς
1694 3222 1959 3281 Σάϐϐασιν

2124 2417 2307 2481 Vens.
2334 2418 2550 2482 6-114
2584 2420 2826 2481 Factum
2862 2426 2954 2480 est
2981 2427 3178 2480 autem
3205 2417 3264 2479 in
3298 2417 3413 2479 alio
3436 2415 3691 2480 Sabbato

2041 2516 2105 2570 ut
2139 2508 2391 2571 intraret
2422 2508 2481 2569 in
2517 2506 2908 2589 Synagogam,
2942 2526 3011 2569 ac
3055 2507 3319 2570 doceret.
3356 2506 3425 2567 Et
3455 2516 3581 2568 erat
3611 2507 3691 2568 ibi

2042 2599 2243 2673 homo,
2278 2608 2334 2660 et
2366 2617 2574 2659 manus
2606 2598 2736 2677 ejus
2767 2598 2977 2660 dextra
3005 2605 3131 2658 erat
3173 2595 3363 2658 arida.
3393 2595 3689 2659 Observa-

2042 2687 2183 2749 bant
2215 2696 2413 2750 autem
2447 2706 2582 2748 eum
2610 2686 2835 2749 Scriba:
2858 2707 2926 2747 ac
2944 2686 3223 2747 Pharisaei
3255 2704 3328 2746 an
3352 2685 3413 2746 in
3434 2685 3688 2747 Sabbato

2041 2786 2360 2838 sanaturus
2377 2785 2627 2851 esset,ut
2645 2775 3153 2837 invenirentunde
3172 2784 3687 2838 accusarenteum.

2042 2867 2177 2946 Ipse
2206 2882 2347 2927 vero
2365 2864 2594 2926 sciebat
2614 2864 3003 2943 cogitationes
3026 2881 3258 2936 eorum,
3287 2871 3344 2924 et
3363 2862 3444 2923 ait
3459 2863 3689 2925 homini

2042 2955 2143 3034 qui
2167 2952 2421 3014 habebat
2439 2970 2677 3013 manum
2701 2952 2952 3013 aridam:
2981 2955 3359 3033 Surge,etsta
3380 2950 3439 3011 in
3467 2951 3685 3015 medio.

2043 3042 2117 3105 Et
2146 3059 2399 3122 surgens
2422 3041 2609 3104 stetit.
2644 3041 2743 3103 Ait
2773 3040 2953 3119 igitur
2974 3041 3049 3102 ad
3076 3040 3208 3101 illos
3237 3042 3410 3101 Jesus
3442 3061 3456 3099 :
3491 3039 3689 3102 Inter-

2042 3130 2261 3210 rogabo
2290 3150 2416 3205 vos,
2454 3141 2654 3193 utrum
2708 3130 2845 3193 licet
2889 3128 3159 3191 Sabbatis
3207 3128 3582 3204 benefacere,
3614 3148 3690 3192 an

2046 3218 2439 3284 malefacere?
2468 3220 2725 3281 animam
2759 3236 2999 3281 servare
3027 3238 3104 3279 an
3136 3218 3388 3299 perdere
3418 3219 3443 3280 ’ἰ
3472 3217 3543 3282 Ει
3565 3218 3690 3280 cir-

312 3311 720 3390 ἆγαθοποιῆσαι,
766 3313 803 3383 ἢ
832 3316 1192 3381 κακοποιῆσαι
1228 3332 1245 3390 ;
1280 3315 1466 3395 ψυχὴν
1518 3321 1710 3390 σῶσαι,
1752 3313 1789 3382 ἢ
1819 3314 1956 3370 ἀπο-

2046 3308 2404 3390 cumspectis
2425 3308 2704 3371 omnibus
2725 3309 2870 3372 dixit
2887 3308 3137 3382 homini,
3166 3307 3430 3369 Extende
3448 3325 3688 3369 manum

312 3400 511 3477 λέσαι;
570 3405 668 3461 Καὶ
724 3401 1191 3483 περιϐλεψάμενος
1275 3405 1478 3468 πάντας
1533 3404 1746 3477 αὐτοὺς,
1808 3403 1956 3460 εἶπεν

2046 3408 2227 3460 tuam.
2258 3398 2366 3461 Ille
2396 3408 2593 3460 autem
2626 3398 2788 3479 fecit,
2817 3404 2877 3459 et
2897 3398 3171 3460 restituta
3201 3406 3292 3460 est
3325 3416 3533 3459 manus
3562 3398 3691 3478 ejus

314 3492 475 3567 αὒτῷθ
534 3490 821 3552 Ἔκτεινον
889 3495 989 3563 τὴν
1059 3495 1231 3575 χεῖρά
1257 3518 1373 3555 σου.
1413 3487 1471 3554 Ὀ
1500 3493 1555 3551 δὲ
1605 3494 1845 3570 ἐποίησε,
1878 3494 1956 3549 καῖ

2046 3506 2191 3549 sana
2209 3486 2364 3548 sicut
2393 3488 2599 3550 altera.
2621 3486 2739 3568 Ipsi
2770 3496 2966 3549 autem
2999 3486 3221 3575 repleti
3243 3495 3378 3548 sunt
3401 3488 3686 3562 amentia,

315 3581 712 3651 ἀποκατεστάθη
767 3586 802 3653 ἡ
854 3584 977 3665 χεὶρ
1008 3574 1173 3643 αὖτοῦ
1197 3586 1351 3665 ὑγιὴς
1423 3587 1496 3650 ὡς
1526 3587 1560 3653 ἡ
1598 3582 1758 3651 άλλη.
1808 3582 1956 3640 Αὒτοῖ

2046 3587 2105 3639 et
2153 3577 2644 3658 colloquebantur
2694 3577 2853 3638 inter
2904 3594 3037 3637 sese
3086 3574 3369 3656 quidnam
3427 3576 3692 3645 facerent

312 3667 366 3726 δὶ
406 3669 759 3742 Ιἔπλήσθησαν
828 3673 1029 3749 ἀνοίας,
1062 3675 1153 3732 καὶ
1196 3672 1478 3731 διελάλουν
1512 3677 1644 3755 πρὸς
1668 3671 1956 3745 ἀλλήλους,

2043 3665 2207 3729 Jesu.
2251 3691 2271 3724 ο
2311 3667 2453 3739 Quae
2470 3665 2803 3727 diximusin
2836 3665 3134 3755 Matthaao,
3166 3666 3478 3755 manifesta
3508 3670 3685 3730 sunt:

314 3760 361 3816 τί
411 3759 473 3816 ἂν
528 3763 808 3831 ποιήσειαν
862 3769 940 3837 τῷ
995 3759 1199 3830 Ἰησοῦ,
1268 3787 1296 3819 ι
1334 3756 1491 3822 ’Ὅσα
1522 3763 1621 3839 μὲν
1651 3762 1877 3838 εἴπομεν
1907 3759 1961 3816 ἒν

316 3857 389 3926 τῷ
441 3852 576 3908 κατὰ
629 3854 923 3933 Ματθαῐον,
970 3851 1131 3920 δῆλα·
1191 3860 1277 3910 νῦν
1334 3852 1389 3910 δὲ
1445 3852 1563 3911 τόδε
1596 3851 1848 3932 λέγομεν,
1880 3851 1961 3908 ὅτι

319 3940 471 4018 ξηρὰν
527 3940 645 4021 ἔχει
700 3941 800 4009 τὴν
831 3956 1018 4023 χεῖρα,
1067 3940 1125 4009 ὅς
1160 3944 1219 4000 οὖ
1249 3944 1465 4020 πράττει
1496 3965 1546 4000 τι
1579 3943 1684 3999 τῶν
1716 3947 1815 4009 τῆς
1845 3942 1963 4022 ἀρε-

319 4034 412 4097 τῆς
467 4028 658 4109 ἷργων.
722 4023 784 4088 Ἠ
841 4032 939 4107 μὲν
996 4034 1096 4112 γὰρ
1166 4034 1287 4113 χεὶρ
1316 4033 1579 4113 ἐνεργείας
1611 4032 1867 4114 ὄργανον,
1903 4030 1962 4095 ὅς

322 4118 372 4175 δε
425 4118 697 4201 ἐξήρανται
755 4114 977 4203 ταύτην,
1043 4123 1201 4203 ἀργεῖ
1268 4124 1503 4187 πάντως.
1582 4113 1777 4186 ’Ὀστις
1876 4121 1964 4177 οὗν

2044 3774 2203 3817 nunc
2227 3764 2422 3818 autem
2474 3756 2588 3817 hoc
2643 3755 2923 3827 dicimus,
2973 3753 3133 3834 quod
3178 3752 3402 3814 aridam
3447 3772 3686 3815 manum

2043 3844 2225 3907 habet
2249 3844 2350 3925 qui
2381 3845 2542 3906 nulla
2566 3844 2847 3906 virtutum
2881 3860 3061 3924 opera
3107 3841 3267 3904 facit.
3298 3844 3502 3903 Manus
3525 3842 3688 3904 enim

2043 3935 2330 4016 operandi
2361 3952 2644 4013 organum
2687 3943 2812 3996 est:
2846 3934 2941 3994 cui
2969 3940 3167 3993 autem
3207 3931 3310 3992 illa
3354 3932 3591 4008 arescit,
3638 3931 3690 3993 is

2046 4026 2289 4085 omnino
2319 4023 2542 4087 otiosus
2574 4034 2683 4086 est.
2743 4021 2803 4085 Si
2845 4020 2979 4103 quis
3009 4019 3187 4100 igitur
3222 4037 3462 4081 manum
3494 4021 3690 4082 sanari

2045 4112 2189 4193 vult,
2223 4113 2283 4173 in
2308 4112 2564 4175 Sabbato
2601 4113 2758 4174 illam
2792 4110 3143 4173 sanctiﬁcet.
3176 4111 3379 4191 Neque
3409 4109 3567 4172 enim
3590 4129 3691 4191 po-

322 4207 453 4265 θέλει
518 4198 830 4288 ὖγιασθῆναι
886 4198 986 4280 τὴν
1044 4198 1237 4292 χεῖρα,
1288 4211 1343 4267 ἐν
1370 4216 1447 4284 τῷ
1475 4208 1736 4284 Σαϐϐάτῳ
1766 4210 1956 4276 ταύτην

2046 4210 2159 4263 test
2181 4201 2315 4292 quis
2338 4220 2521 4292 opera
2550 4203 2829 4292 virtutum
2862 4201 3086 4292 facere,
3105 4198 3218 4260 nisi
3234 4199 3396 4292 prius
3417 4218 3451 4260 a
3470 4198 3690 4260 malitia

323 4298 711 4378 ὑγιασθήσεται.
773 4300 906 4357 Οίον
963 4302 1013 4357 τί
1040 4288 1205 4381 λὲγιιν
1254 4302 1360 4358 Οὒκ
1402 4300 1544 4357 ἔστιν
1595 4299 1872 4379 ἒνεργῆσαί
1910 4319 1956 4355 τι

2047 4300 2263 4352 cesset.
2288 4291 2535 4353 Declina
2552 4292 2737 4365 enim,
2763 4290 2978 4371 inquit,
3001 4288 3192 4381 primo
3218 4306 3251 4348 a
3282 4288 3526 4381 malo,et
3547 4299 3690 4349 tunc

324 4376 423 4445 τῶν
478 4393 578 4456 τῆς
629 4388 824 4468 ἀρετῆς
881 4390 1073 4471 ἔργων,
1116 4376 1219 4447 ’ἐὰν
1249 4391 1328 4467 μὴ
1372 4394 1546 4467 παυθῇ
1613 4376 1696 4453 τις
1726 4376 1834 4445 άπὸ
1863 4389 1956 4454 τῆς

2043 4381 2132 4442 fac
2163 4380 2390 4471 bonum
2410 4380 2490 4443 3’.
2526 4382 2729 4471 itaque
2768 4378 3012 4471 quando
3043 4376 3367 4471 sabbatum
3397 4376 3545 4454 agis,
3577 4377 3690 4471 hoc

325 4478 525 4542 κακίας.
589 4465 920 4536 ’Ἒκκλινονί
946 4465 1045 4559 γὰρ
1101 4465 1310 4560 πρῶτον
1361 4480 1467 4537 ἀπὸ
1647 4484 1835 4558 κακοῦ,
1876 4478 1956 4534 καῖ

2046 4479 2155 4550 est,
2205 4470 2433 4533 otiosus
2476 4488 2541 4531 es
2578 4469 2650 4531 ab
2686 4468 2968 4560 operibus
2999 4466 3211 4560 malis,
3242 4474 3379 4527 tunc
3409 4465 3691 4560 extendas

326 4566 435 4623 τότε
490 4569 713 4636 ποίησον
783 4570 844 4625 :6
901 4552 1154 4647 ἀγαθόν.’
1214 4552 1393 4628 ’Ὅταν
1452 4571 1540 4626 οὖν
1611 4552 1956 4645 σαϐϐατίσῃς,

2047 4577 2289 4621 manum
2322 4561 2394 4622 ad
2425 4577 2606 4640 opera
2646 4559 2952 4633 virtutum,
2989 4555 3418 4647 etrestituetur
3443 4556 3591 4647 ipsa.
3622 4553 3693 4615 Et

324 4655 606 4733 τουτέστιν,
667 4657 912 4738 ἂργήσης
942 4635 1049 4715 απὸ
1076 4662 1181 4716 τῶν
1203 4660 1303 4726 τῆς
1332 4659 1523 4724 κακίας
1579 4658 1773 4738 ἔργων,
1843 4635 1956 4712 τὲςτὲ

2048 4650 2263 4712 merito
2293 4635 2483 4727 dixit;
2496 4649 2767 4738 restituta
2797 4656 2908 4738 est.
2957 4646 3090 4709 Fuit
3119 4645 3289 4738 enim
3308 4644 3542 4738 quando
3572 4644 3689 4709 hu-

328 4746 551 4810 ἐκτενεῖς
592 4732 714 4805 σου·
749 4732 866 4815 τὴν
902 4760 1068 4828 χεῖρα
1098 4748 1183 4806 ἐπὶ
1211 4749 1276 4805 τὰ
1300 4750 1399 4815 τῆς
1429 4732 1664 4827 ἀρετῆς,
1688 4749 1778 4803 καὶ
1822 4746 1956 4802 ἀπο-

2048 4758 2224 4801 mana
2272 4747 2480 4801 natura
2525 4736 2782 4800 habebat
2826 4734 2942 4828 vim
2961 4732 3294 4828 “operandi
3347 4733 3592 4813 bonum,
3622 4749 3693 4828 ac

328 4837 709 4907 καταστήσεταί
761 4859 844 4894 σοι
900 4821 1060 4905 ὰῧτῆ.
1123 4837 1352 4902 Εἰκότως
1400 4821 1475 4893 δὲ’
1499 4837 1623 4894 εἷπε
1654 4836 1737 4913 τό,
1788 4832 1956 4893 Ἀπο-

2049 4847 2317 4905 manum,
2346 4830 2459 4890 hoc
2489 4835 2577 4889 est
2596 4823 2886 4907 operandi
2916 4822 3263 4913 efficaciam,
3293 4839 3503 4913 sanam
3538 4842 3552 4883 :
3585 4821 3691 4883 sed

328 4926 639 4993 κατεστάθη.
713 4913 809 4985 Ἠν
861 4927 961 5006 γὰρ
1012 4928 1100 4984 ὃτε
1166 4928 1202 4995 ἡ
1258 4926 1556 5007 ἀνθρωπίνη
1612 4909 1762 5007 φύσις
1834 4923 1956 5003 εἶχε

2047 4927 2429 5002 posteaquam
2455 4916 2684 5007 perdita
2709 4912 3037 5007 fuit,gratia
3056 4911 3269 4974 Christi
3281 4910 3451 5007 illam
3474 4909 3690 4972 iterum

330 5016 421 5083 τὴν
471 5014 719 5096 ὶργασίαν
778 5023 873 5074 τοῦ
940 5016 1127 5094 καλοῦ,
1172 5017 1261 5073 καὶ
1317 5016 1418 5083 τὴν
1488 5017 1679 5096 χεῖρα,
1723 5012 1956 5072 τουτέστι

2045 5000 2294 5089 recepit,
2330 5017 2390 5070 et
2418 5007 2489 5068 ad
2524 5004 3125 5096 priorem_san‘ttatem
3154 5000 3425 5096 restituta
3456 5007 3563 5061 est.

331 5106 423 5173 τὴν
490 5089 837 5186 ένεργητικὴν
915 5089 1157 5187 δύναμιν,
1245 5107 1392 5184 ὑγιᾶ,
1660 5089 1996 5184 άπολέσασα,
2082 5100 2263 5179 χάριτι
2335 5104 2560 5177 Χριστοῦ
2616 5092 2847 5151 ἀπέλαϐε
2908 5093 3131 5170 ταύτην,
3208 5092 3293 5146 καὶ
3351 5089 3690 5158 ἀποκατέστη

334 5196 399 5260 εἷς
427 5196 489 5252 :6
517 5197 708 5276 πρώην
734 5196 951 5275 ἀγαθόν.

410 5309 436 5340 ιι
484 5284 732 5365 Ἐγένετο
774 5284 828 5342 δὲ
883 5286 939 5343 ἐν
971 5299 1094 5352 ταῖς
1150 5285 1373 5364 ἡμέραις
1445 5285 1681 5359 ταύταις,
1757 5279 1969 5349 ἑξῆλθεν

335 5375 399 5439 είς
444 5376 506 5432 :6
553 5372 672 5456 ὄρος
746 5374 1148 5455 προσεύξασθαι.
1230 5376 1327 5432 Καὶ
1413 5376 1481 5442 ἦν
1563 5372 1971 5450 διανυκτερεύων

336 5467 386 5522 ἓν
411 5471 477 5544 τῇ
538 5471 818 5546 προσευχῇ
872 5472 964 5523 τοῦ
1022 5470 1174 5526 Θεοῦ.
1203 5460 1306 5523 Καὶ
1361 5462 1448 5523 ὅτε
1517 5462 1727 5544 ἐγένετο
1769 5458 1966 5539 ἥμὲρα.

409 5624 470 5678 ³1
496 5627 655 5691 Psal.
687 5641 885 5707 mn,
916 5624 1016 5689 27.

2135 5276 2316 5341 Vens.
2341 5276 2588 5339 12-19.»
2625 5271 2864 5335 Factum
2898 5276 2987 5332 est
3014 5279 3214 5331 autem
3235 5266 3295 5330 in
3315 5266 3436 5329 illis
3454 5265 3691 5342 diebus,

2055 5367 2197 5430 exiit
2226 5367 2289 5427 in
2319 5373 2582 5427 montem
2615 5361 2689 5423 ad
2721 5358 3033 5436 orandum,
3069 5366 3312 5439 eratque
3334 5366 3693 5438 pernoctans

2052 5456 2116 5518 in
2141 5454 2566 5537 deprecatione
2594 5450 2724 5514 Dei.
2749 5448 2820 5513 Et
2842 5465 2977 5514 cum
3004 5447 3135 5511 dies
3161 5447 3351 5510 factus
3376 5452 3561 5531 esset,
3588 5465 3692 5512 vo-
