4162 6228
473 278 579 345 771
1242 310 1249 327 ι
1364 279 1962 345 THEOPHYLACTI
2005 278 2125 341 BU]

2214 277 2421 342 ARIIE
2445 277 2808 345 ARCHIEP.
3094 334 3115 343 π
3736 280 3914 348 772

384 418 393 425 ”
466 413 619 476 cavit
648 412 975 493 discipulos
1012 430 1175 489 suos,
1212 420 1271 475 et
1308 412 1487 492 elegit
1516 411 1831 474 duodecim
1862 430 1931 472 ex
1969 410 2115 492 ipsis

2212 431 2575 490 τροσεφωνησε
2632 414 2758 479 τοὺς
2828 416 3071 491 μαθητὰς
3130 416 3307 497 αὒτοξ,
3360 418 3458 475 Καὶ
3502 417 3908 491 ἐκλεξάμενος

469 522 615 584 quos
648 510 706 563 et
735 502 1035 581 apostolus
1081 502 1407 563 nominavit
1438 523 1450 564 :
1486 502 1818 572 Simonem,
1854 519 2028 581 quem
2064 507 2122 561 et

2212 498 2296 554 ἀπ’
2356 501 2527 555 αὐτῶν
2596 499 2820 584 δώδεκα,
2881 504 2975 568 οὓς
3034 506 3122 564 καὶ
3198 504 3527 573 ἀποστόλους
3580 509 3898 584 ὠνόμασεο

472 593 707 653 Petrum
743 590 1095 665 nominavit,
1133 599 1191 651 et
1221 593 1519 653 Andream
1554 592 1792 651 fratrem
1822 591 2109 669 ejus,3ll

2212 588 2442 677 ξίμωνα,
2504 588 2562 645 ὅν
2629 592 2715 647 καὶ
2768 591 3015 668 ὠνόμασε
3074 594 3296 677 Πέτρον,
3352 598 3439 653 καὶ
3472 595 3722 677 Ἀνδρέαν
3769 596 3906 652 τόν

473 680 753 742 Jacobum
774 678 1497 759 etJoannem,Philippum
1522 688 1580 740 et
1600 678 2116 751 Bartholnmaaum,

2212 673 2429 755 ἀδελφὸν
2484 682 2661 759 αὐτοῦ,
2738 680 3010 757 Ἰάκωϐον,
3084 686 3172 741 καὶ
3224 673 3500 758 Ἰωάννην,
3562 673 3898 755 (βίλιππον,

472 769 806 830 Matthaaum
839 778 895 831 et
924 768 1241 841 Thomam,
1271 767 1558 831 Jacobum
1594 768 1819 847 Alphazi
1854 766 2038 828 filium
2065 775 2123 828 et

2212 766 2293 820 καὶ
2352 766 2772 850 Βαρθολομαῖον,
2831 775 3125 847 Ματθατον,
3183 775 3271 830 καὶ
3330 781 3550 851 Θωμᾶν,
3597 773 3896 833 Ἰάκωϐον

474 857 805 933 Simonem,
840 859 941 938 qui
994 867 1233 919 vocatur
1282 858 1533 930 Zelotes,
1578 855 1789 919 Judam
1821 855 2031 918 Jacobi
2062 863 2123 919 et

2212 856 2295 909 τὸν
2350 856 2443 913 106
2496 857 2777 939 Ἀλφαίου,
2837 864 2925 917 καὶ
2982 862 3199 937 Σίμωνα
3256 864 3348 919 τὸν
3393 862 3716 939 καλούμειον
3750 872 3893 936 ζη-

474 948 680 1011 .lndam
719 950 1084 1021 Iscariotem,
1114 947 1212 1026 qui
1244 946 1400 1007 idem
1430 946 1535 1007 fuit
1568 946 1855 1024 proditor.
1890 944 1958 1005 Et
1988 945 2123 1008 des-

2212 940 2405 1017 λωτὴν,
2484 944 2682 1004 Ἰούδαν
2754 946 3030 1032 Ἰακώϐου,
3087 953 3174 1008 καὶ
3230 948 3425 1010 Ἰούδαν
3485 950 3897 1033 Ἰσκαριώτην,

475 1038 740 1100 cendens
772 1057 905 1099 cum
938 1036 1057 1099 illis
1082 1037 1246 1099 stetit
1275 1037 1333 1097 in
1367 1037 1498 1097 loco
1534 1036 1877 1115 campestri,
1913 1035 2119 1096 turba-

2212 1030 2262 1095 ὅς
2319 1037 2406 1091 καὶ
2464 1036 2669 1113 ἐγένετο
2725 1030 3023 1117 προδότης,
3069 1040 3173 1102 Καὶ
3230 1041 3464 1108 καταϐὰς
3507 1030 3901 1119 unfav’atﬁv,

474 1147 589 1209 que
618 1126 1041 1207 discipulorum
1067 1127 1222 1205 ejus,
1250 1134 1308 1188 et
1337 1124 1651 1187 multitudo
1674 1126 1911 1204 copiosa
1931 1124 2119 1213 plebis

2212 1120 2330 1189 ἔστη
2401 1124 2485 1181 ἐπὶ
2543 1125 2707 1186 τόπου
2764 1126 2994 1204 πεδνιοῦ,
3053 1132 3139 1187 καὶ
3168 1130 3335 1210 ὄχλος
3368 1136 3621 1206 μαθητῶν
3672 1135 3895 1213 αὐτοῦ,

478 1238 548 1279 ex
580 1220 743 1279 omni
773 1216 976 1279 Judzea
1007 1225 1063 1277 et
1089 1217 1487 1288 Hierusalem,
1514 1224 1571 1277 et
1592 1234 1625 1276 a
1655 1215 1949 1275 maritima
1970 1212 2120 1295 Tyro

2212 1213 2289 1267 καὶ
2348 1210 2549 1295 πλῆθος
2604 1214 2740 1272 πολὺ
2797 1224 2890 1273 106
2949 1217 3081 1276 λαοῦ
3106 1219 3211 1275 ἀπὸ
3258 1221 3437 1288 πάσης
3468 1226 3567 1289 τῆς
3603 1210 3895 1286 Ἰουδαίας

478 1316 535 1367 et
567 1304 789 1368 Sidone
823 1328 835 1369 :
870 1307 967 1385 qui
1001 1314 1284 1367 venerant
1330 1315 1389 1367 ut
1431 1304 1709 1366 audirent
1738 1323 1897 1377 eum,
1931 1312 1988 1364 et
2018 1292 2119 1364 sa—

2212 1302 2290 1389 καὶ
2363 1292 2731 1385 Ἰερουσαλὴμ,
2790 1308 2878 1363 καὶ
2926 1308 3025 1375 τῆς
3083 1307 3340 1388 παραλίου
3400 1311 3564 1389 Τύρου
3618 1313 3708 1368 καὶ
3758 1318 3884 1366 Σι-

478 1404 763 1457 narentur
790 1414 823 1457 a
852 1395 1077 1459 morbis
1107 1395 1231 1456 suis
1258 1415 1272 1466 ;
1306 1403 1361 1455 et
1390 1396 1487 1472 qui
1522 1393 1889 1455 vexabantur
1929 1410 1962 1454 a
1991 1393 2119 1473 spi-

2212 1388 2391 1471 δὼνος,
2453 1392 2509 1449 οἵ
2577 1392 2737 1461 ἦλθον
2784 1395 3003 1454 ἀκοῦσαι
3034 1397 3191 1454 66106
3221 1400 3308 1455 καί
3358 1388 3565 1467 ἰαθῆναι
3611 1401 3719 1456 ἀπὸ
3750 1406 3886 1457 τῶν

480 1486 693 1548 ritibns
725 1485 1051 1547 immundis
1095 1494 1151 1546 et
1192 1484 1573 1548 sanabantur.
1626 1483 1696 1545 Et
1728 1483 1922 1544 omnis
1951 1483 2122 1544 turba

2212 1479 2373 1536 νόσων
2431 1482 2625 1559 αὺτιῦν,
2712 1485 2800 1540 καὶ
2856 1488 2902 1542 οἱ
2973 1485 3295 1566 ὀχλούμενοι
3348 1487 3451 1544 ὑπὸ
3533 1490 3882 1566 πνευμάτων

482 1573 782 1656 quaerebat
808 1593 940 1635 eum
978 1586 1241 1652 tangere,
1270 1574 1409 1653 quia
1437 1574 1622 1635 virtus
1671 1571 1744 1634 ab
1790 1571 1892 1633 illo
1923 1571 2121 1634 exibat

2212 1568 2531 1650 ἀκαθάρτων,
2588 1573 2674 1628 καὶ
2748 1575 3140 1652 ἒθεραπεύοντο.
3222 1578 3319 1634 Καὶ
3400 1583 3508 1641 πᾶς
3592 1581 3619 1635 ὁ
3691 1577 3886 1657 ὄχλος

480 1674 536 1726 et
566 1664 810 1725 sanabat
843 1680 1071 1725 omnes.
1116 1694 1135 1721 ιι
1178 1662 1467 1725 Dominus
1495 1661 1668 1722 docet
1705 1678 1814 1721 nos
1843 1669 1906 1722 ut
1936 1678 2121 1741 opera

2212 1658 2381 1729 ἰζήτει
2442 1660 2696 1717 ἅπτεσθαι
2752 1662 2933 1740 αὐτοῦ,
2996 1663 3076 1721 ὅτι
3176 1662 3392 1741 δύναμις
3486 1665 3611 1746 παρ’
3700 1669 3883 1724 66106

477 1772 582 1816 sua
613 1753 937 1827 imitemur,
967 1763 1024 1813 et
1061 1754 1213 1813 sicut
1243 1752 1371 1833 ipse
1405 1750 1560 1823 fecit,
1597 1750 1676 1811 ita
1706 1760 1763 1811 et
1801 1769 1907 1811 nos
1934 1749 2118 1811 facia-

2212 1746 2485 1827 ἒξήρχετο.
2550 1751 2649 1807 Καὶ
2696 1752 2811 1809 ἰᾶτο
2844 1753 3071 1819 πάντας.
3124 1777 3148 1809 n
3188 1755 3364 1815 Πάντα
3405 1769 3555 1812 ποιεῖ
3610 1755 3638 1812 δ
3668 1759 3883 1830 Κύριος

450 1863 631 1906 κτους.
676 1844 833 1907 Ecce
865 1850 1138 1904 oraturus
1170 1850 1319 1922 erat,
1351 1850 1410 1903 et
1438 1840 1709 1902 ascendit
1739 1840 1800 1901 in
1832 1847 2120 1901 montem.

2212 1834 2462 1893 διδάσκων
2502 1838 2672 1919 ἡμᾶς,
2731 1839 2821 1896 ’ίνα
2881 1843 2969 1897 καὶ
3016 1843 3180 1918 ἡμεῖς
3228 1842 3367 1899 οὕτω
3397 1849 3658 1920 ποιῶμεν.
3726 1842 3881 1901 Ἰδοὺ

480 1934 715 1997 Etenim
750 1941 983 2014 oportet
1012 1933 1187 1994 etiam
1220 1950 1327 1993 nos
1356 1949 1390 1992 a
1419 1930 1668 2009 negotiis
1694 1930 1913 1991 otiosos
1928 1947 2122 2011 orare,

2212 1932 2327 2014 γοῦν
2384 1925 2593 2014 μέλλων
2652 1927 2910 2009 εὔξασθαι,
2971 1930 3137 1987 ἄνεισι
3192 1952 3247 1987 τε
3308 1933 3381 1996 εἰς
3411 1931 3529 2013 ὄρος
3607 1933 3704 1989 Καὶ
3756 1932 3879 2011 γὰρ

480 2032 537 2083 et
569 2041 686 2083 non
716 2012 1005 2083 in'medio
1054 2021 1398 2102 multorum,
1433 2022 1536 2081 sed
1576 2025 2016 2101 pernoctantes,
2051 2037 2125 2081 ne

2212 2012 2289 2070 δεῖ
2345 2013 2709 2093 σχολάζοντας
2767 2020 3291 2101 προσέύχεσθαι,καὶ
3345 2022 3422 2096 μὴ
3450 2021 3505 2077 ἐν
3534 2020 3683 2097 μέσῳ
3714 2019 3877 2078 πολ-

484 2113 677 2176 statim
713 2121 775 2172 ut
823 2114 1205 2192 coeperimus,
1241 2127 1566 2172 cessemus.
1620 2108 1756 2169 Post
1798 2108 2125 2169 orationem

482 2210 677 2262 autem
710 2200 890 2279 elegit
913 2199 1545 2278 discipulos,utdoceat
1568 2199 1743 2259 etiam
1763 2215 1872 2259 nos
1892 2197 2128 2278 quando

487 2289 827 2369 quempiam
862 2289 920 2349 in
955 2288 1261 2368 spirituale
1295 2287 1689 2348 ministerium
1724 2305 1928 2347 sumus
1959 2286 2125 2347 ordi-

489 2378 681 2440 naturi
711 2396 844 2438 cum
885 2377 1162 2457 precibus
1211 2377 1368 2437 hunc
1419 2376 1735 2454 eligamus,
1765 2384 1830 2437 ut
1877 2376 2068 2436 doctis
2095 2392 2130 2436 a

490 2467 613 2529 Deo
646 2474 703 2527 et
742 2466 818 2527 ab
851 2466 952 2526 illo
978 2465 1319 2547 petentibus
1345 2466 1567 2526 revelet
1596 2464 1728 2544 qnis
1760 2464 2010 2525 idoneus
2033 2463 2128 2526 sit.

487 2555 820 2635 Assumpsit
852 2573 992 2634 ergo
1020 2555 1362 2631 duodecim,
1398 2554 1828 2634 descenditque
1850 2572 1984 2615 cum
2014 2553 2133 2616 illis

488 2646 564 2709 de
595 2656 793 2708 monte
824 2666 840 2719 ;
872 2652 934 2706 ut
963 2663 1066 2707 eos
1090 2644 1188 2725 qui
1216 2663 1287 2706 ex
1318 2644 1569 2707 urbibus
1600 2652 1904 2718 venerant,
1937 2652 2128 2718 sanet,

481 2745 535 2797 et
547 2735 803 2815 geminis
828 2733 1143 2797 beneficiis
1176 2733 1657 2815 prosequatur,in
1681 2733 1880 2795 anima
1903 2733 2131 2796 scilicet

2212 2102 2340 2178 λῶν,
2407 2103 2545 2160 ἀλλὰ
2599 2108 2684 2163 καὶ
2742 2104 3254 2188 διανυκτερεύοντας,
3314 2111 3392 2186 μὴ
3447 2109 3593 2173 εὐθὺς
3624 2110 3871 2187 ἱσταμέ-

2214 2214 2331 2258 νους
2402 2195 2475 2258 εἰς
2544 2197 2877 2275 προσευχὴν,
2908 2198 3031 2254 εἶτα
3057 2198 3469 2278 ἀφισταμένους.
3503 2199 3647 2255 Μετὰ
3675 2196 3731 2253 δὲ
3759 2200 3876 2267 τὴν

2213 2284 2381 2362 εὐχὴν
2453 2281 2725 2361 ἐκλέγεται
2781 2287 2902 2350 τοὺς
2959 2290 3224 2361 μαθητὰς,
3294 2290 3368 2353 ὡς
3424 2286 3487 2345 ἄν
3537 2285 3718 2364 διδάξῃ
3768 2290 3870 2343 καὶ

2213 2372 2357 2447 ἡμᾶς
2410 2369 2536 2427 ὅταν
2579 2371 2860 2449 μέλλωμέν
2917 2397 3032 2432 τινα
3088 2378 3158 2439 εἰς
3192 2375 3456 2435 διακονίαν
3486 2380 3657 2433 θεῖναι
3688 2397 3868 2436 πνευ-

2214 2464 2466 2535 μα.ικὴο,
2529 2463 2662 2537 μετὰ
2725 2467 2894 2543 εὖχῆς
2950 2472 3105 2523 τοῦτο
3133 2469 3416 2548 αἱρεῖσθαι,
3467 2464 3870 2544 δδηγουμένους

2213 2548 2315 2603 ὑπὸ
2372 2554 2526 2622 Θεοῦ,
2592 2552 2681 2607 καὶ
2739 2552 2863 2631 παρ’
2894 2553 3091 2614 ἐκείνου
3119 2556 3392 2620 αἰτοῦντας
3420 2554 3869 2631 ἀποκαλυφθῆναι

2213 2638 2350 2711 ἡμῖν
2421 2639 2510 2693 τὸν
2567 2636 2805 2712 δόκιμον.
2870 2632 3155 2719 Ἐλόμενος
3212 2642 3270 2701 δὲ
3324 2646 3444 2710 τοὺς
3476 2642 3700 2720 δώδεκα,
3735 2646 3871 2700 κάτ-

2214 2750 2348 2785 εισιν
2406 2730 2466 2786 έκ
2524 2730 2617 2788 λοῦ
2666 2732 2844 2812 ὄρους,
2915 2736 2985 2799 ὡς
3049 2736 3110 2793 ἂν
3166 2738 3284 2802 τοὺς
3343 2736 3450 2794 ἀπὸ
3477 2740 3582 2794 τῶν
3643 2735 3868 2794 πόλεων

478 2842 545 2885 ac
575 2842 849 2905 corpore.
884 2823 1037 2885 Audi
1090 2824 1247 2885 enim
1286 2825 1425 2903 quid
1471 2824 1626 2885 dicat
1661 2845 1674 2886 :
1729 2822 2034 2885 Venerunt
2066 2821 2125 2884 ul

2212 2817 2457 2884 ἐλθόντας
2519 2822 2755 2902 ἰάσηται,
2830 2826 2917 2880 καὶ
2970 2823 3171 2906 διπλῶς
3228 2826 3553 2906 εὖεργετῂσῃ
3608 2828 3745 2883 κατὰ
3798 2847 3869 2882 τε

478 2903 754 2975 audirent
784 2932 943 2989 eum,
981 2913 1137 2994 quod
1170 2914 1239 2973 ad
1274 2914 1486 2973 anima:
1518 2931 1718 2975 curam
1752 2912 2123 2993 pertinebat:

2212 2910 2397 2989 ψυχὴν
2438 2912 2525 2967 καὶ
2552 2912 2689 2967 κατὰ
2718 2919 2896 2988 σῶμα.
2946 2903 3153 2972 ’Ἄκουε
3184 2903 3419 2995 γὰρ,’δτι
3449 2904 3640 2973 Ἠλθον
3687 2916 3873 2972 ἀκοῦ-ς

482 3011 539 3065 et
569 3010 988 3064 sanarentura
1034 3001 1257 3063 morbis
1287 3001 1433 3077 suis,
1485 3002 1599 3064 hoc
1652 3002 1725 3063 de
1776 3002 2125 3083 corporibus

2212 3020 2297 3055 σαι
2355 3003 2534 3073 66106,
2611 3006 2765 3057 10610
2795 3001 2937 3059 ἔστιν
2992 3004 3027 3071 ἡ
3084 3008 3192 3060 τῶν
3224 3005 3416 3084 ψυχῶν
3462 3005 3734 3083 θεραπεία,
3767 3008 3867 3061 καὶ

479 3092 644 3154 dicit.
670 3091 906 3153 Etenim
936 3092 1119 3151 virtus
1140 3090 1213 3152 ab
1237 3090 1338 3154 illo
1361 3091 1866 3172 egrediebaturgt
1886 3093 2129 3153 sanabat

482 3198 717 3243 omnes.
749 3179 894 3242 Nam
931 3180 1234 3261 prophetae
1259 3180 1432 3241 etalii
1462 3181 1646 3242 sancti
1680 3199 1797 3241 non
1829 3181 2129 3244 habebant

480 3269 755 3330 virtutem
790 3288 822 3329 a
852 3287 917 3330 se
948 3269 1379 3345 egredientem.
1408 3268 1537 3330 Non
1560 3271 1717 3331 enim
1752 3266 2124 3352 lueruntipsi

481 3358 675 3419 fontes
705 3358 1011 3419 virtutum.
1047 3360 1125 3422 At
1154 3357 1441 3420 Dominus
1473 3358 1679 3419 habuit
1706 3359 1983 3421 virtutem
2011 3378 2127 3423 ase

481 3448 913 3523 egredientem,
948 3447 1430 3528 quandoquidem
1472 3448 1600 3528 ipse
1644 3447 1776 3509 fons
1819 3448 2117 3511 virtutum.

480 3535 549 3597 Et
582 3536 662 3598 ita
692 3537 997 3618 propheta!
1031 3555 1099 3599 ac
1127 3538 1311 3600 sancti
1340 3537 1617 3603 virtutem
1663 3556 1832 3601 suam
1866 3556 2125 3620 superne

479 3634 867 3707 acceperunt.

560 3802 740 3867 Vens.
782 3805 986 3869 20-26.
1028 3827 1057 3867 ε
1088 3806 1157 3868 Et
1205 3808 1331 3888 ipse
1360 3806 1642 3869 attollens
1672 3806 1874 3868 oculos
1897 3825 2034 3868 suos
2058 3807 2121 3869 in

475 3893 819 3975 discipulos,
846 3894 1082 3957 dicebat
1108 3917 1120 3958 :
1159 3895 1320 3957 Beati
1345 3914 1654 3977 pauperes,
1690 3898 1830 3976 quia
1859 3906 2118 3959 vestrum

2210 3087 2416 3154 ἰαθῆναι
2470 3088 2577 3145 άπὸ
2631 3096 2739 3145 τῶν
2806 3090 2975 3148 νόσων
3026 3096 3222 3173 αὐτῶν,
3284 3103 3459 3170 τοῦτο,
3494 3096 3529 3163 ἡ
3586 3096 3692 3151 τῶν
3740 3114 3869 3148 σω-

2210 3175 2415 3250 μάτων·
2479 3177 2701 3253 δέναμις
2758 3180 2861 3259 γὰρ
2914 3179 3041 3260 παρ’
3095 3183 3254 3239 αὐτοῦ
3312 3181 3570 3263 ἐξήρχετο
3598 3183 3687 3238 καὶ
3737 3183 3864 3245 ἰᾶτο

2209 3266 2435 3328 πάντας.
2524 3270 2583 3325 Ol
2639 3269 2739 3344 μὲν
2782 3271 2881 3348 γὰρ
2910 3271 3176 3350 προφῆται
3220 3273 3307 3329 καὶ
3336 3275 3383 3329 οἱ
3405 3271 3558 3329 ἄλλοι
3586 3272 3727 3350 ἅγιοι
3756 3275 3858 3330 οὐκ

2209 3353 2371 3433 εἶχον
2429 3354 2646 3433 δύναμιν
2712 3356 3068 3441 ἑξερχομένην
3121 3358 3215 3417 ἀπ’
3247 3364 3440 3419 αὖτῶνο
3474 3363 3534 3419 o6
3559 3364 3659 3441 γὰρ
3716 3365 3860 3429 ἦσαν

2208 3444 2351 3531 αὐτοὶ
2419 3447 2590 3524 πηγαὶ
2646 3444 2937 3524 δυνάμεων.
3002 3439 3059 3507 (Ο
3114 3447 3168 3505 δὲ
3200 3451 3385 3531 Κύριος
3430 3439 3648 3527 δύναμιν
3692 3450 3861 3531 εἶχον

2206 3530 2587 3621 ἐξερχομὲνηνΔ
2620 3534 2715 3592 ἀπ’
2773 3537 2951 3595 αὐτοῦ·
3015 3540 3172 3603 αὐτὸς
3206 3530 3306 3621 γὰρ
3361 3544 3429 3607 ἦν
3456 3543 3490 3610 ἡ
3549 3541 3704 3619 πηγὴ
3752 3530 3855 3608 τῆς

2205 3619 2498 3711 δυνάμεως.
2574 3616 2665 3690 Ὠς
2723 3626 2778 3683 οἵ
2836 3648 2898 3707 γε
2928 3629 3196 3710 προφῆται
3220 3616 3313 3687 ⁷καὶ
3344 3632 3391 3688 0i
3422 3628 3563 3711 ἅγιοι
3603 3616 3856 3710 ἐδέχοντο

2205 3710 2410 3786 μᾶλλον
2438 3714 2604 3772 ἄνωθε
2620 3739 2637 3772 δ
2668 3715 2909 3793 δύναμιν,

2290 3824 2318 3855 α
2381 3806 2479 3861 Καὶ
2530 3806 2687 3870 αὐτὸς
2744 3804 2943 3886 ἐπάρας
2998 3808 3122 3872 τοὺς
3208 3807 3508 3890 ὀφθαλμοὺς
3568 3810 3727 3866 66106
3779 3809 3856 3871 εἰς

2200 3892 2323 3957 τοὺς
2348 3895 2588 3967 μαθητὰς
2648 3897 2828 3977 αὐτοῦ,
2902 3896 3076 3977 ἔλεγε·
3162 3899 3424 3977 Μακάριοι
3514 3900 3561 3955 οι
3614 3898 3853 3977 πτωχοὶ,

470 3993 559 4044 est
591 4002 841 4063 regnum
868 3984 1172 4047 Dei.Beati
1204 3985 1307 4066 qui
1337 3986 1577 4047 esuritis
1602 4004 1785 4066 nunc,
1809 3986 1949 4067 quia
1967 3996 2122 4047 satu-

2212 3978 2283 4037 ὅτι
2337 3984 2562 4063 ὑμετέρα
2618 3984 2757 4043 ἐστὶν
2815 3989 2850 4056 ἡ
2894 3987 3137 4064 βασιλεία
3166 4010 3258 4045 του
3288 3988 3443 4052 Θεοῦ,
3498 3988 3759 4067 Μακάριοι
3806 3988 3853 4043 οἱ

475 4074 776 4137 rabimini.
798 4073 961 4137 Beati
994 4074 1093 4156 qui
1118 4075 1273 4135 fletis
1297 4092 1474 4151 nunc,
1502 4074 1642 4155 quia
1661 4074 2122 4139 ridebitis.Beati

2212 4068 2476 4136 κλαίοντες
2534 4080 2642 4149 νῦν,
2702 4072 2783 4131 ὅτι
2870 4075 3146 4154 γελάσετε,
3230 4077 3491 4156 Μακάριοί
3544 4079 3663 4134 ἔστε
3722 4076 3853 4132 ὅταν

475 4162 639 4223 eritis
670 4181 804 4224 cum
838 4181 938 4223 vos
980 4142 1214 4225 oderint
1266 4142 1562 4241 homines,
1617 4172 1673 4225 et
1720 4164 2125 4244 separaverint

2212 4161 2505 4235 μισήσωσιν
2559 4142 2695 4237 ὑμνᾶς
2759 4168 2805 4221 οἰ
2878 4142 3163 4244 ἀνθρωποι,
3196 4168 3283 4223 καὶ
3312 4142 3631 4246 ἀφορίσωσιν
3686 4167 3856 4242 ὑμᾶς,

475 4268 604 4326 vos,
631 4259 687 4312 et
717 4252 1291 4332 exprobraverint,et
1324 4254 1844 4333 ejeceriutnomen
1866 4262 2120 4315 vestrum

2212 4252 2293 4305 καὶ
2339 4250 2651 4334 όνειδίσωσι,
2723 4257 2808 4310 καὶ
2852 4252 3117 4312 ἐκϐάλωσι
3149 4259 3210 4311 τὸ
3238 4257 3405 4332 ὄνομα
3460 4258 3608 4318 ὑμῶν
3638 4258 3713 4320 ὡς
3743 4276 3852 4312 πο-

472 4348 749 4420 tanquam
785 4342 1002 4402 malum
1039 4352 1281 4423 propter
1305 4343 1519 4405 Filium
1544 4344 1826 4405 hominis.
1859 4342 2121 4406 Gaudete

2212 4340 2387 4419 νηρὸν,
2446 4339 2598 4398 ἕνεκα
2652 4350 2745 4401 106
2811 4345 2931 4404 ι’ἰοῦ
2999 4352 3094 4401 106
3149 4344 3445 4423 ἀνθρώπου,
3523 4346 3741 4426 Χαίρετε
3800 4344 3857 4399 ἐν

473 4430 532 4489 in
567 4430 670 4491 illo
698 4430 796 4491 die
826 4439 883 4491 et
918 4432 1206 4493 exsultate
1238 4453 1250 4494 :
1286 4450 1427 4494 ecce
1457 4434 1615 4494 enim
1667 4452 1899 4495 merces
1929 4440 2121 4496 vestra

2212 4431 2374 4507 εκείνῃ
2422 4452 2488 4504 τᾳ
2546 4432 2720 4510 ἡμέρᾳ
2777 4434 2865 4490 καὶ
2895 4436 3241 4513 σκιρτήσατε.
3274 4427 3402 4493 Ἰδοὺ
3432 4436 3533 4516 γὰρ
3563 4437 3591 4491 ὁ
3662 4434 3853 4511 μισθὸς

478 4518 661 4580 multa
682 4527 769 4579 est
798 4519 860 4580 in
891 4521 1079 4583 caelis.
1105 4522 1447 4583 Secundum
1482 4522 1606 4583 haec
1638 4526 1797 4584 enim
1824 4523 2120 4585 faciebant

2212 4520 2346 4594 Βμῶν
2400 4520 2565 4585 πολὺς
2622 4521 2676 4577 ἐν
2732 4536 2850 4587 τοῖς
2931 4527 3203 4604 οὖρανοῖς.
3291 4526 3438 4583 K616
3508 4534 3674 4584 ταῦτα
3749 4525 3852 4603 γὰρ

474 4609 779 4688 prophetis
811 4618 1004 4690 patres
1054 4628 1283 4672 eorum.
1342 4613 1767 4675 Verumtamen
1827 4632 1911 4674 vae
1952 4613 2119 4675 vobis

2212 4608 2407 4664 εποίουν
2473 4623 2593 4675 τοῖς
2658 4614 2955 4693 προφήταις
3019 4617 3066 4671 οι
3138 4614 3360 4695 πατέρες
3446 4612 3641 4675 αὐτῶν.
3700 4612 3852 4681 Πλὴν

474 4698 781 4773 divitibus,
812 4700 952 4780 quia
980 4700 1215 4762 habetis
1240 4701 1704 4765 consolationem
1733 4702 2120 4766 vestram.Va3

2212 4699 2313 4754 >661
2364 4700 2492 4775 ὑμῖν
2546 4714 2665 4767 τοῖς
2720 4700 3020 4785 πλουσίοις,
3092 4704 3173 4761 ὅτι
3237 4704 3472 4786 ἀπέχετε
3518 4704 3615 4773 τὴν
3669 4704 3851 4782 παρά-

476 4787 638 4849 vobis
671 4789 773 4869 qui
801 4789 1049 4852 saturati
1079 4792 1221 4852 estis
1271 4810 1451 4867 nunc,
1507 4794 1644 4873 quia
1686 4794 1985 4857 esurietis.
2019 4793 2122 4854 Vae

472 4878 641 4941 vobis
672 4878 771 4960 qui
803 4878 1011 4941 ridetis
1042 4899 1224 4956 nunc,
1258 4881 1399 4960 quia
1447 4882 1726 4962 lugebitis
1773 4892 1830 4946 et
1876 4882 2118 4945 ﬂebitis.

474 4966 575 5029 Vae
596 4986 731 5029 cum
778 4968 1150 5031 laudaverint
1188 4988 1289 5031 vos
1319 4989 1527 5033 omnes
1557 4971 1855 5037 homines.
1890 4970 2120 5049 Secun-

2199 4786 2391 4855 κλησιν
2443 4790 2615 4865 ὑμῶν.
2675 4794 2806 4851 Οὐαὶ
2860 4795 3015 4872 ὑμῖν,
3047 4798 3095 4852 οἰ
3125 4794 3568 4872 ἐμπεπλησμένοι
3600 4801 3713 4869 νῦν,
3760 4791 3846 4850 ὅτι

2200 4880 2497 4939 πεινάσετε.
2559 4884 2685 4940 Οὖαὶ
2740 4885 2892 4965 ὑμῖν,
2980 4887 3028 4941 οἱ
3071 4884 3333 4963 γελῶντες
3390 4892 3505 4959 νῦν,
3533 4882 3615 4941 ὃτι
3645 4886 3850 4954 πενθή-

2205 4989 2324 5024 σετε
2381 4970 2469 5025 καὶ
2537 4970 2816 5034 κλαύσετε.
2887 4975 3014 5031 0ὗαί
3070 4974 3196 5032 ὅταν
3253 4982 3435 5039 καλῶς
3488 4976 3626 5051 ὑμᾶς
3653 4973 3849 5030 εἴπωσι

472 5056 610 5118 dum
643 5058 772 5120 haec
816 5060 972 5121 enim
1019 5059 1316 5121 faciebant
1362 5060 1898 5143 pseudoprOphetis
1929 5069 2125 5142 patres

472 5166 703 5211 eorum.
743 5150 1097 5230 »Postquam
1126 5150 1420 5211 ordinavit
1439 5151 1784 5233 discipulos,
1812 5171 1917 5233 per
1937 5152 2124 5215 beati-

2212 5147 2661 5233 ψευδοπροφήταις
2722 5155 2768 5209 οἱ
2799 5153 3020 5232 πατέρες
3064 5152 3260 5218 αὐτῶν,
3316 5176 3339 5211 ι
3379 5155 3525 5212 Μετὰ
3568 5154 3629 5211 τὰ
3660 5174 3855 5234 χειρο-

473 5238 710 5299 ludines
740 5248 797 5300 et
829 5239 1129 5301 doctrinas
1158 5241 1217 5300 in
1252 5240 1524 5303 ordinem
1551 5243 1735 5322 magis
1752 5243 2119 5323 spiritualem

2212 5245 2423 5308 τονῆσαι
2470 5242 2591 5307 τοὺς
2648 5244 2911 5318 μαθητὰς,
2968 5245 3194 5323 ῥυθμίζει
3266 5244 3455 5303 66106;
3514 5242 3598 5300 διὰ
3647 5264 3704 5300 τε
3747 5241 3854 5298 τῶν

474 5327 697 5389 inducit
729 5347 795 5389 ac
827 5330 1153 5409 componit.
1191 5329 1333 5393 Nam
1360 5331 1430 5392 ad
1470 5332 1605 5395 illos
1626 5350 1690 5394 se
1712 5340 1952 5394 vertens
1978 5352 2112 5395 ser-

2212 5338 2552 5411 αακαρισμῶν
2603 5333 2690 5388 καὶ
2758 5336 2857 5401 τῆς
2928 5331 3268 5398 διδασκαλίας
3326 5337 3399 5400 εἰς
3483 5353 3853 5409 πνευματικω-

472 5436 709 5479 monem
740 5418 899 5481 facit.
937 5425 1007 5482 Et
1044 5419 1301 5499 primum
1353 5420 1558 5483 beatos
1602 5422 1743 5484 dicit
1792 5441 2106 5506 pauperes,

2212 5420 2344 5500 πέραν
2394 5423 2737 5485 κατάστασιν.
2813 5426 2947 5503 Πρὸς
3006 5424 3107 5503 γὰρ
3166 5426 3353 5487 αὐτοὺς
3434 5424 3847 5498 ἀποτεινόμενος

468 5508 608 5567 512
640 5508 761 5569 sive
790 5508 1395 5587 bumilesintelligere
1422 5511 1700 5581 volueris,
1730 5512 1857 5574 sive
1878 5531 1913 5574 a
1934 5531 2111 5594 pecu-

2212 5525 2428 5568 ποιεῖται
2511 5512 2603 5568 τὸν
2672 5510 2854 5590 λόγον,
2925 5513 3023 5571 Καὶ
3080 5515 3293 5592 πρῶτον
3376 5515 3655 5593 μακαρίζει
3728 5519 3849 5580 τοὺς

468 5596 580 5659 nire
636 5599 960 5679 cupiditate
1012 5598 1263 5662 alienos.
1319 5599 1385 5661 Et
1447 5620 1653 5663 omnes
1710 5603 2107 5667 beatitudiues

2212 5602 2465 5681 πτωχοὺς,
2539 5601 2649 5657 εἴτε
2708 5603 2825 5667 τούς
2902 5603 3328 5682 ταπεινόφρονας
3392 5600 3609 5680 βούλοιο
3685 5622 3833 5665 νοεῖν

2206 5059 2397 5123 πάντες
2449 5065 2495 5119 οἰ
2567 5059 2849 5142 ἄνθρωποι.
2914 5064 3059 5122 Κατὰ
3116 5064 3280 5121 ταῦτα
3334 5065 3435 5144 γὰρ
3493 5063 3700 5121 έποίουν
3730 5075 3852 5129 τοῖς
