4162 6228
512 241 623 311 775
1470 248 2064 313 THEOPHYLACTI
2109 250 2136 309 I

2223 244 2519 310 LGARLE
2561 247 2917 311 ARCHIEP.
3791 236 3908 302 776

508 379 616 439 rali
653 380 782 459 lege
814 389 871 443 te
901 381 1122 444 docuit.
1160 384 1306 444 Nam
1338 382 1492 462 quod
1527 393 1587 443 tu
1619 381 1722 443 tibi
1757 382 1842 442 vis
1864 381 2013 459 fieri,
2045 382 2136 442 hoc

2241 383 2370 460 πρός
2430 383 2565 458 ὑμᾶς
2624 380 3099 460 πονηρευομένους,
3161 381 3336 456 ὃμοιοί
3365 378 3480 436 ἔστε
3507 382 3588 452 τῷ
3641 381 3792 448 Θεῷ,
3851 374 3906 436 ὃς

511 468 681 528 etiam
711 468 882 531 alteri
903 470 1018 533 fac.
1046 470 1271 533 Deinde
1303 481 1360 533 et
1381 491 1413 532 a
1437 473 1551 533 fine
1573 490 1639 532 ac
1662 471 1967 550 mercede,
1995 487 2136 531 mer-

2238 474 2386 527 ἔστιν
2455 472 2650 550 ἀγαθὸς
2727 471 2812 527 ἐπὶ
2880 470 3004 535 τοὺς
3062 468 3388 548 ἀχαρίστους
3461 471 3545 525 καὶ
3607 465 3906 543 πονηρούς.

511 557 715 618 cedem
739 559 897 620 enim
925 559 1238 640 pollicetur
1251 560 1600 641 vobis,quod
1627 559 1850 621 similes
1873 557 2131 620 fiatisDei

2245 567 2410 617 Ποῖον
2457 560 2543 617 οὖν
2612 559 2811 639 θέλετε,
2885 560 3061 634 δμοιοι
3107 560 3250 615 εἶναι
3305 563 3411 615 τῶν
3463 554 3846 636 ἁμαρτωλῶν,
3875 553 3908 619 ἦ

510 651 686 726 ὅμοιοι
733 654 872 710 εἶναι
919 663 1010 711 τοῦ
1042 663 1108 710 Θε
1122 663 1180 710 06
1211 675 1226 734 ς
1266 647 1412 733 ὀρᾷς
1444 653 1780 710 διδασκαλίαν
1810 656 1950 709 θείαν
1983 673 1999 727 ;
2032 651 2069 680 ’¹
2084 653 2272 709 Επεισέ
2330 675 2388 709 σε
2419 657 2627 732 πρῶτον
2658 654 2764 710 ἀπὸ
2795 659 2888 708 τοῦ
2917 661 3140 733 φυσικοῦ
3171 653 3360 728 νόμου,
3395 643 3453 709 Ὀ
3481 652 3585 729 γὰρ
3619 648 3807 711 Θέλεις
3852 648 3910 701 σὺ

508 741 748 819 γενέσθαι
783 764 890 821 σοι,
937 751 1091 800 τοῦτο
1122 744 1207 800 καὶ
1239 745 1392 806 αὑτὸς
1454 741 1632 805 ἄλλοις
1686 742 1846 801 ποίει.
1911 743 2048 800 Εἶτα
2102 741 2266 797 πείθει
2324 763 2383 797 σε
2442 744 2528 799 καὶ
2557 743 2663 798 ἀπὸ
2698 747 2789 799 τοῦ
2818 739 3000 805 τέλους
3043 742 3252 798 καὶτοῦ
3298 740 3484 817 μισθοῦ
3516 759 3528 773 ·
3569 739 3781 815 μισθὸν
3816 736 3912 814 γὰρ

507 832 850 909 ὑπισχνεῖται
895 835 1023 907 ὑμῖν
1066 835 1128 888 τὸ
1157 834 1367 907 ὁμοίους
1399 833 1639 910 γενέσθαι
1676 837 1812 904 Θεῷ.

591 918 765 980 VERS.
794 918 1004 982 37-40.
1037 945 1064 976 ε
1097 919 1289 981 Nolite
1311 920 1600 998 judicare,
1632 929 1688 981 et
1719 938 1833 980 non
1854 915 2159 995 judicabi-

509 1004 677 1066 mini.
713 1008 908 1068 Nolite
930 1009 1422 1083 condemnare,et
1443 1029 1559 1070 non
1583 1005 2154 1069 condemnabimini.

509 1094 836 1171 Remittite,
871 1105 926 1156 et
958 1097 1296 1160 remittetur
1327 1096 1510 1158 vobis.
1539 1096 1702 1170 Date,
1732 1105 1789 1157 et
1811 1094 2044 1156 dabitur
2060 1111 2158 1155 v0-

508 1181 618 1242 bis.
656 1185 992 1246 Mensuram
1025 1186 1238 1247 bonam
1273 1195 1330 1248 et
1360 1186 1683 1248 confertam
1718 1194 1774 1246 et
1802 1201 2152 1245 concussam

504 1280 682 1351 atque
694 1274 1087 1336 exundantem
1106 1275 1326 1336 dabunt
1349 1275 1405 1335 in
1423 1276 1616 1336 sinum
1641 1271 2153 1336 vestrum.Eadem

507 1359 726 1440 quippe
749 1381 1024 1424 mensura
1052 1383 1162 1443 qUn
1187 1361 1942 1438 melinsini,metienturalii
1959 1360 2149 1424 vobis.

504 1447 745 1509 Dicebat
775 1461 968 1512 autem
1003 1453 1119 1513 illis
1150 1453 1623 1514 similitudinem.
1657 1451 1934 1531 Nunquid
1960 1457 2154 1530 potest

2328 943 2355 974 ει
2391 921 2478 987 Μὴ
2522 920 2746 998 κρίνετε,
2806 919 2895 975 καὶ
2949 917 3009 974 οὗ
3076 919 3154 993 μὴ
3183 920 3419 997 κριθῆτε,
3456 916 3544 983 Μὴ
3592 911 3914 970 καταδικά-

2240 1009 2526 1082 Ce1e,~xai
2598 1010 2659 1065 οὖ
2745 1006 2824 1082 μὴ
2921 1005 3364 1072 καταδικασθῆτε
3447 1003 3754 1081 ἀπολύετε,
3833 1004 3916 1056 καὶ

2237 1095 2652 1167 ἀπολυθήσεσθε.
2713 1094 2914 1171 Δίδοτε,
2974 1096 3062 1152 καὶ
3123 1094 3399 1165 δοθήσεται
3458 1096 3614 1169 ὑμῖν,
3704 1093 3917 1169 Μέτρον

2235 1184 2398 1241 καλὸν
2452 1184 2827 1260 πεπιεσμένον,
2886 1186 2973 1241 καὶ
3001 1183 3412 1259 σεσαλευμένον,
3440 1185 3528 1238 καὶ
3582 1185 3916 1259 ὑπερεκχυ-

2237 1276 2458 1348 νόμενον
2518 1272 2740 1330 δώσουσι
2799 1276 2872 1337 εἰς
2929 1274 3020 1329 τὸν
3063 1270 3260 1329 κόλπον
3287 1274 3458 1347 ὑμῶν.
3491 1278 3579 1345 Τῷ
3609 1272 3734 1349 γὰρ
3767 1273 3914 1339 αὑτῷ

2236 1361 2411 1441 μέτρῳ
2472 1365 2516 1435 ᾧ
2574 1374 2840 1441 μετρεῖτε,
2903 1362 3337 1440 ἆντιμετρηθεται
3412 1362 3565 1435 ὑμῖν.
3615 1359 3810 1416 Εἶπεν
3865 1355 3915 1411 δὲ

2233 1452 2322 1506 καὶ
2405 1447 2714 1530 παραϐολὴν
2771 1455 2976 1515 αὐτοῖς.
3012 1452 3099 1521 Μή
3142 1472 3192 1506 τι
3223 1448 3432 1506 δύναται
3464 1447 3671 1528 τυφλὸς
3709 1444 3916 1524 τυῗλδν

505 1555 696 1599 cacus
718 1558 934 1600 caecum
959 1541 1407 1603 ducere?nonne
1423 1542 1594 1603 ambo
1610 1542 1735 1602 info
1747 1537 2136 1601 veamcadentl

2237 1536 2455 1617 ὁδηγεῖν
2489 1559 2505 1619 ς
2552 1540 2688 1619 Οὐχὶ
2718 1538 3007 1620 ἀμφότεροι
3038 1541 3111 1603 εἰς
3139 1540 3353 1615 βόθυνον
3397 1540 3695 1596 uaco-Bm:
3740 1555 3758 1610 ;
3808 1537 3916 1590 Οὔκ

505 1625 630 1686 Νοη
654 1628 1078 1709 estdiscipulus
1096 1649 1274 1708 supra
1290 1632 1630 1709 magistrum
1657 1628 2136 1709 suum,perfectul

2239 1625 2347 1683 ἔστι
2399 1629 2642 1704 μαθητής
2712 1627 2842 1704 ὕπερ
2887 1630 2978 1684 τὸν
3035 1624 3346 1684 διδάσκαλον
3403 1630 3586 1689 αὐτοῦ,
3674 1635 3915 1700 Κατ-ηρ·

505 1725 701 1776 autem
743 1719 933 1778 omnis
967 1719 1097 1785 erit,
1134 1721 1595 1798 sicut'mag7ster
1627 1719 1832 1799 ipsius.
1870 1716 2136 1780 s0mneu

2237 1716 2479 1792 τιαμένος
2535 1715 2590 1772 δὲ
2655 1724 2758 1781 πᾶς
2811 1717 2957 1775 ἔσται
3027 1719 3101 1782 ὡς
3159 1721 3187 1773 ὁ
3269 1715 3582 1779 διδάσκαλος
3636 1717 3844 1772 αὺτοῦ.
3885 1738 3908 1771 ε

506 1805 778 1866 morbum
805 1808 1109 1870 difficilem
1137 1809 1208 1870 ab
1241 1809 1551 1871 animabus
1576 1810 1790 1870 nostris
1811 1825 2018 1904 amove
2047 1805 2136 1867 Do

2239 1804 2599 1884 Παγχάλεπον
2654 1806 2865 1881 νόσημα
2893 1806 3176 1882 ἀποτέμνει
3248 1812 3354 1861 τῶν
3383 1805 3664 1884 ἡμετέρων
3695 1809 3917 1904 ιψυχιξδν

504 1894 727 1971 minus,
760 1897 1020 1959 radicem
1054 1899 1187 1959 dico
1220 1898 1544 1979 superbire.
1578 1901 1722 1961 Nam
1749 1899 1847 1978 qui
1890 1895 2136 1977 seipsurr

2235 1897 2262 1950 ὁ
2325 1896 2533 1974 Κύριος,
2591 1895 2689 1962 τὴν
2743 1895 2884 1971 ῥίζαν
2942 1894 3083 1973 λέγω
3149 1899 3249 1962 τῆς
3318 1895 3633 1971 ὑπεροψίας,
3695 1892 3763 1950 “Ο
3809 1893 3912 1969 γάρ

503 2002 617 2042 non
651 1986 1014 2066 considerat,
1050 1998 1108 2049 et
1141 1988 1331 2048 solum
1369 1988 1615 2053 attendit
1645 2006 1741 2049 res
1775 1986 2051 2068 proximi,
2085 1985 2136 2046 il.

2235 1984 2313 2058 μὴ
2374 1984 2557 2039 ἑαυτὸν
2614 1984 3089 2065 ἐπισκεπτόμενος,
3162 1983 3299 2040 ἀλλὰ
3381 1986 3448 2040 τὰ
3502 1989 3597 2040 106
3656 1981 3911 2048 πλησίον

501 2071 703 2150 lasque
737 2082 931 2136 taxare
960 2076 1102 2148 vult,
1137 2086 1360 2138 certum
1395 2077 1553 2158 quod
1587 2077 1867 2156 superbia
1898 2076 2136 2156 capitur.

2233 2072 2394 2147 μόνον
2418 2075 2644 2152 ὶφορῶν,
2703 2074 2790 2129 καὶ
2862 2080 3026 2131 ταῦτα
3096 2074 3362 2149 μωμεύειν
3391 2073 3582 2152 θέλων,
3615 2068 3907 2150 πρόδηλον

503 2167 562 2218 et
591 2159 956 2223 obliviscitur
986 2163 1095 2224 sui.
1132 2163 1385 2226 Omnino
1418 2168 1574 2228 enim
1619 2166 1694 2227 de
1744 2185 1809 2226 se
1841 2166 1996 2246 quod
2031 2184 2136 2225 non

2232 2160 2311 2218 ὅτι
2341 2163 2599 2241 ὑπεροψίᾳ
2649 2161 2999 2239 ἁλισκόμενος
3066 2161 3285 2230 λέληθεν
3386 2162 3592 2226 ἑαυτόν,
3703 2160 3904 2217 Οἴεται

503 2257 710 2324 peccet
741 2249 941 2325 sentit,
976 2261 1032 2312 et
1062 2265 1381 2332 propterea
1411 2255 1557 2316 alios
1591 2264 1906 2334 peccantes
1939 2271 2136 2333 repre-

2232 2251 2332 2330 γὰρ
2386 2252 2599 2315 πάντως
2656 2254 2772 2327 περὶ
2832 2254 3040 2330 ἑαυτοῦ,
3098 2252 3178 2309 ὅτι
3248 2254 3351 2331 οὐχ
3406 2251 3732 2331 ἁμαρτάνει.
3805 2249 3904 2306 Καὶ

503 2334 730 2398 hendit.
763 2335 948 2414 Igitur
978 2342 1026 2401 si
1061 2342 1140 2400 vis
1184 2341 1679 2404 incondemnatus
1710 2361 1864 2416 esse,
1891 2361 1966 2403 ne
1998 2361 2136 2403 con-

2230 2338 2314 2396 διὰ
2375 2347 2529 2396 τοῦτο
2602 2343 2724 2406 τοῖος
2780 2341 2972 2406 ἄλλους
3050 2342 3443 2422 ἁμαρτάνοντας
3502 2343 3769 2400 αἰτιᾶται.
3845 2338 3902 2394 Εἴ

503 2424 752 2486 demnes
780 2427 949 2490 alios.
987 2430 1089 2491 Dic
1112 2430 1295 2505 enim,
1327 2451 1546 2511 quaeso,
1579 2451 1762 2512 quare
1784 2432 2136 2492 condemnas

2231 2431 2318 2485 οὗν
2375 2428 2544 2492 θέλεις
2617 2429 2967 2510 ἀκατάκριτος
2999 2431 3164 2510 εἶναι,
3209 2431 3289 2507 μὴ
3316 2430 3595 2509 κατάκρινε
3646 2429 3899 2507 ἑτέρους.

504 2513 688 2574 alium
723 2525 784 2576 ut
814 2521 1292 2596 praevaricantem
1327 2521 1553 2582 divinas
1598 2523 1759 2600 leges
1783 2528 1810 2584 ?
1839 2523 2054 2582 Annon
2091 2528 2136 2582 el

2231 2517 2357 2574 Εἰπέ
2416 2540 2507 2594 μοι
2573 2520 2672 2598 γὰρ
2733 2518 2870 2576 διατί
2925 2521 3256 2598 κατακρίνεις
3311 2517 3511 2598 ἕτερον,
3573 2521 3648 2582 ὡς
3701 2537 3897 2594 παρα-

508 2610 565 2662 tu
587 2607 988 2683 praevaricaris
1011 2609 1269 2671 divinam
1295 2610 1482 2689 legem
1507 2611 1536 2670 ?
1566 2610 1639 2673 Ut
1671 2621 1894 2673 taceam
1920 2610 1992 2670 de
2015 2610 2136 2672 aliis

2228 2603 2470 2663 ϐαίνοντα
2538 2609 2749 2672 πάντως
2779 2610 2901 2673 τοὺς
2925 2609 3091 2674 θείους
3122 2611 3314 2684 νόμους
3348 2628 3364 2683 ;
3399 2609 3472 2663 Σὺ
3502 2605 3555 2663 δὲ
3587 2609 3758 2668 αὐτὸς
3839 2604 3901 2659 0-3

502 2698 785 2775 peccatis,
810 2705 971 2758 certe
1002 2698 1060 2758 in
1090 2698 1190 2760 illo
1213 2700 1338 2780 ipso
1371 2700 1525 2780 quod
1559 2701 1706 2762 alios
1731 2701 2136 2781 judicas,pec-

2227 2693 2569 2774 παραϐαίνεις
2626 2701 2773 2754 θεῖον
2836 2699 2998 2774 νόμον
3047 2717 3064 2773 ;
3137 2696 3359 2777 Ἀφὶημι
3413 2697 3467 2754 ἐν
3520 2709 3642 2761 ταῖς
3692 2692 3894 2753 ἄλλαις

497 2799 593 2842 cas
612 2782 695 2842 5³.
731 2786 966 2846 Etenim
1007 2787 1203 2849 divina
1233 2789 1328 2850 lex
1361 2789 1628 2869 praecipit
1660 2788 1762 2851 tibi
1798 2808 1873 2851 ue
1905 2789 2136 2868 judice

2230 2785 2532 2863 ἁμαρτίαις,
2608 2785 2725 2842 ἀλλ’
2787 2786 2840 2843 ἐν
2898 2786 3041 2861 αὐτῷ
3089 2788 3260 2859 τούτῳ
3311 2792 3388 2861 τῷ
3416 2785 3609 2864 κρίνειν
3639 2784 3895 2862 ἑτέρους,

495 2869 839 2935 fratrem.Et
861 2875 942 2936 ita
965 2876 1139 2937 etiam
1169 2887 1225 2939 tu
1247 2879 1653 2958 praevaricaris
1678 2879 1890 2958 legem.
1917 2878 1987 2940 Et
2009 2899 2136 2941 cum

2228 2873 2441 2939 πάντως
2489 2876 2589 2954 γὰρ
2651 2875 2812 2951 νόμος
2840 2880 2986 2940 θεῖος
3032 2874 3386 2932 διακελεύεταί
3417 2896 3499 2931 σοι
3546 2873 3623 2949 μὴ
3680 2873 3888 2952 κρίνειν

496 2961 906 3039 praevaricator
935 2983 1022 3039 es,
1055 2985 1169 3026 non
1204 2967 1386 3028 debes
1409 2967 1683 3046 judicare
1699 2969 1878 3030 alium
1906 2978 1967 3029 ut
1989 2987 2136 3049 prae-

2227 2963 2319 3018 τὸν
2375 2961 2619 3044 ἀδελφόν
2671 2964 2810 3021 ὥστε
2880 2966 2969 3021 καὶ
3026 2965 3087 3022 σὺ
3116 2963 3451 3044 παραϐαίνεις
3481 2965 3667 3039 νόμον,
3695 2969 3888 3039 Παραι-

495 3049 1180 3115 varicatoremJudicem
1199 3056 1356 3115 enim
1373 3057 1739 3136 superiorem
1765 3075 1896 3119 esse
1915 3048 2136 3138 oportet

2228 3048 2394 3118 ϐάτης
2447 3049 2500 3108 δέ
2559 3052 2656 3132 ὥν,
2725 3057 2819 3112 οὐκ
2875 3053 3100 3135 ὀφείλεις
3184 3052 3362 3134 ἕτερον
3390 3059 3582 3131 κρίνειν
3604 3053 3678 3116 ὡς
3704 3072 3886 3128 παρα-

496 3145 1039 3235 naturapeccante.
1078 3143 1331 3206 Remitte
1355 3145 1624 3235 igitur,et
1648 3146 1982 3209 remittetur
2013 3147 2136 3209 tibi:

2227 3139 2417 3208 ϐάτην,
2479 3141 2769 3220 Ἀνώτερον
2823 3144 2923 3222 γὰρ
2993 3143 3136 3200 εἶναι
3205 3139 3290 3200 δεῖ
3331 3143 3428 3211 τῆς
3462 3140 3882 3235 ἁμαρτανοόσης

496 3225 592 3306 da,
625 3235 680 3288 et
701 3226 943 3291 dabitur
963 3231 1092 3296 tibi.
1117 3235 1455 3296 Mensuram
1475 3234 1634 3296 enim
1657 3235 2136 3317 bonam,confer-

2226 3231 2434 3310 φύσεως
2484 3233 2576 3288 τὸν
2647 3233 2857 3310 κριτήν.
2919 3231 3147 3289 Ἀπόλυε
3219 3235 3332 3307 οὗν,
3383 3233 3472 3289 καὶ
3527 3228 3878 3303 ἀπολυθήσῃ⁶

465 3321 611 3375 ‘tam
645 3324 704 3378 et
739 3336 1087 3380 concussam
1123 3323 1592 3386 etexuudantem
1617 3324 1840 3387 dabunt
1862 3325 1923 3387 in
1946 3325 2136 3388 sinum

2224 3319 2386 3402 δίδου,
2446 3323 2535 3379 καὶ
2593 3320 2870 3392 δοθήσεται
2925 3343 3033 3387 σοι,
3109 3321 3311 3401 Μέτρον
3356 3322 3457 3400 γὰρ
3525 3318 3717 3393 καλὸν,
3769 3338 3880 3376 πε-

494 3413 776 3468 vestrum.
813 3409 942 3469 Non
975 3411 1130 3471 enim
1163 3431 1338 3492 parce
1359 3415 1671 3476 remetitur
1701 3415 2009 3489 Dominus,
2035 3415 2136 3477 sed

2223 3410 2508 3485 πιεσμένον
2563 3412 2652 3467 καὶ
2718 3410 3128 3488 σεσαλευμένον,
3213 3412 3305 3469 καὶ
3379 3411 3874 3490 ὑπερεκχυνόμενον

4077 2229 4081 2372 γ

4079 2469 4081 2566 l

493 3492 796 3573 opulente.
843 3495 1004 3558 Sicut
1034 3499 1214 3578 igitur
1251 3519 1565 3564 mansurus
1607 3504 1856 3565 farinam
1891 3504 2138 3585 promis,

492 3584 782 3674 concutis,
809 3587 1231 3671 exundareque
1258 3591 1725 3674 facis,siquidem
1749 3584 1971 3674 absque
1996 3612 2135 3674 par-

491 3669 752 3735 cimonia
771 3676 969 3738 metiri
999 3677 1086 3739 vis
1107 3669 1240 3741 :‘ita
1271 3687 1328 3742 et
1351 3669 1636 3743 Dominus
1660 3669 2137 3743 mensuram-ma-

489 3779 662 3839 gnam
697 3772 754 3824 et
785 3767 1179 3830 exundantem
1213 3769 1375 3830 dabit
1424 3769 1549 3834 tibi.
1585 3770 1690 3832 Ille
1723 3771 1873 3832 forte
1910 3772 2138 3832 acutior

491 3852 781 3933 quispiam
812 3856 1131 3938 quaesierit,
1158 3861 1455 3938 quomodo
1480 3872 1788 3941 postquam
1823 3860 1989 3932 dixit,
2011 3859 2134 3932 Qua

491 3957 766 4002 mensura
803 3945 1119 4021 metimini,
1148 3949 1466 4010 metientur
1491 3948 1654 4011 vobis
1678 3957 1736 4012 et
1758 3949 1880 4023 alii,
1915 3950 2132 4011 iterum

489 4029 632 4122 dicit
651 4032 806 4111 quod
829 4053 1106 4098 mensura
1129 4038 1416 4101 exundet?
1438 4038 1496 4102 Si
1519 4041 1678 4100 enim
1704 4040 2134 4122 exundet,quo-

491 4120 667 4180 modo
695 4139 977 4185 mensura
1000 4124 1123 4186 haec
1146 4128 1351 4188 eadem
1376 4128 1764 4190 est?Dicimus
1787 4120 1988 4210 itaque
2011 4120 2127 4191 non

490 4225 623 4270 esse
653 4209 877 4273 dictum
899 4213 1052 4291 quod
1080 4223 1236 4275 tanta
1255 4236 1534 4280 mensura
1561 4219 1876 4281 metientur
1891 4209 2054 4281 vobis
2078 4230 2134 4281 et

486 4297 607 4371 alii,
632 4298 736 4360 sed
765 4305 1000 4364 eadem.
1033 4303 1336 4385 Siquidem
1372 4307 1618 4370 dixisset
1638 4317 1795 4370 tanta
1827 4327 2128 4384 mensura,

2222 3497 2474 3558 δώσουσιν
2544 3502 2617 3566 εἷς
2664 3502 2756 3558 τὸν
2812 3501 3014 3560 κόλπον
3060 3502 3234 3578 ὑμῶν.
3292 3501 3364 3560 Οὐ
3393 3503 3494 3582 γὰρ
3544 3498 3873 3582 φειδομένως

2221 3588 2527 3669 ἆντιμετρεϊ
2611 3593 2638 3647 ὁ
2708 3592 2918 3672 Κύριος,
2972 3591 3108 3649 ἀλλὰ
3176 3589 3464 3655 πλουσίως.
3503 3582 3725 3666 υΩιτπερ
3781 3591 3870 3645 οὖν

2220 3677 2310 3734 ἐὰν
2391 3678 2595 3757 μέλλῃς
2666 3682 2948 3759 μετριάσειν
2999 3683 3166 3760 τυχὸν
3192 3680 3431 3760 ἄλευρον,
3487 3679 3681 3751 πιέζεις
3712 3685 3871 3736 τοῦτο

2219 3769 2306 3824 καὶ
2363 3768 2622 3842 σαλεύεις,
2682 3771 2769 3826 καὶ
2825 3771 3237 3850 ὑπερεκχεῒσθιιι
3289 3784 3492 3845 ποιεῖς,
3555 3768 3668 3847 εἴγε
3693 3767 3870 3828 Θέλεις

2217 3857 2367 3913 10510
2428 3863 2684 3937 μετρῆσαι
2751 3861 2919 3938 χωρὶς
2976 3858 3281 3938 φειδωλίας·
3342 3859 3481 3917 οὕτω
3536 3861 3623 3916 καὶ
3666 3861 3695 3915 ὁ
3755 3859 3866 3916 K6-

2217 3969 2327 4026 ριος
2387 3947 2575 4026 μέτρον
2663 3947 2800 4028 μέγα
2850 3950 2938 4005 καὶ
2992 3948 3482 4029 ὑπερεκχυνόμενον
3540 3947 3695 4029 διρσει
3755 3969 3864 4004 σοι.

2215 4038 2473 4107 Ζητήσειε
2531 4034 2577 4092 δ’
2624 4035 2685 4092 ἅν
2726 4026 2805 4099 τις
2837 4026 3104 4118 ὀξύτερος,
3134 4026 3250 4105 πῶς
3293 4040 3454 4096 εἰπὼν
3481 4037 3561 4094 ὅτι
3594 4026 3656 4117 ἐξ
3687 4037 3865 4115 μέτρῳ

2216 4140 2484 4203 μετρεῖτε,
2544 4127 3053 4205 ἀντιμετρηθήσεται
3100 4131 3256 4204 ὑμῖν,
3323 4127 3482 4189 πάλιν
3553 4125 3722 4205 λέγει,
3783 4127 3860 4182 ὃτι

2217 4214 2408 4295 μέτρον
2456 4217 2948 4295 ὑπερεκχυνόμενον
3031 4215 3286 4273 δώσουσιν
3345 4219 3418 4282 εἷς
3495 4218 3584 4273 τὸν
3660 4214 3861 4272 κόλπον

2215 4306 2362 4379 ὑμῶν
2406 4327 2424 4383 ς
2488 4308 2546 4362 Ei
2601 4307 2701 4382 γὰρ
2730 4304 3193 4384 ’ὑπερεκχύνεται,
3251 4312 3366 4369 πῶς
3410 4308 3474 4363 τὸ
3529 4307 3654 4361 αὖνό
3700 4304 3860 4374 lett;

488 4395 625 4447 tunc
660 4407 778 4449 non
809 4389 1096 4454 defuisset
1126 4393 1444 4458 difﬁcultas
1487 4405 1544 4458 et
1582 4399 1972 4461 contrarietas
1998 4417 2130 4460 ser-

2223 4394 2450 4473 Λέγομεν
2501 4394 2588 4452 οὖν
2620 4395 2700 4450 ὅτι
2731 4396 2825 4452 οὐκ
2867 4396 3017 4469 εἷπε,
3050 4395 3294 4470 Τοσούτῳ
3344 4396 3521 4474 μέτρῳ
3539 4394 3861 4471 ἀντιμετρη-

487 4476 670 4538 moni.
704 4479 875 4540 Nunc
895 4489 1092 4543 autem
1125 4503 1258 4544 cum
1284 4485 1490 4546 eadem
1522 4486 1753 4561 dixerit,
1785 4487 1957 4549 solvit
1981 4507 2130 4549 con-

2223 4485 2429 4554 5ήσεται
2491 4487 2644 4560 ὑμῖν,
2699 4481 2858 4561 ἀλλὰ,
2892 4491 2970 4558 τῷ
3042 4486 3208 4558 αὐτῷ.
3244 4485 3420 4560 Εἷμὲν
3450 4473 3562 4564 γὰρ
3581 4486 3724 4562 εἷπε,
3761 4505 3858 4540 το-

486 4567 876 4632 trarietatem.
911 4571 1241 4635 Licetenim
1267 4574 1411 4637 dare
1433 4577 1636 4638 eadem
1663 4596 1964 4654 mensura,
1990 4580 2130 4639 514

481 4658 586 4718 sed
618 4677 736 4719 non
762 4667 945 4722 tanta.
971 4663 1097 4724 Hoc
1121 4664 1303 4744 igitur
1329 4666 1470 4727 dicit
1499 4667 1816 4729 Dominus:
1854 4668 1916 4731 Si
1950 4667 2131 4732 bene-

482 4747 993 4823 feceris,benetiet
1014 4751 1273 4815 tibi.Hoc
1296 4755 1457 4816 enim
1482 4764 1569 4817 est
1589 4757 1796 4818 eadem
1825 4775 2125 4821 mensura.

478 4835 887 4900 Exundantem
919 4847 1115 4902 autem
1139 4841 1472 4924 dicit,qu0d
1505 4863 1638 4906 cum
1664 4846 1848 4907 semel
1880 4846 2130 4911 benefe-

483 4926 998 5000 ceris,innumeris
1021 4931 1213 4993 modis
1234 4932 1340 4993 tibi
1363 4933 1816 4996 beneﬁet.ldem
1844 4943 1932 4996 est
1953 4937 2128 5000 etiam

481 5014 538 5074 in
571 5016 1089 5082 condemnatione.
1115 5019 1229 5093 Qui
1256 5022 1414 5083 enim
1442 5023 1798 5086 condemnat
1831 5031 1889 5086 et
1910 5024 2129 5089 deinde

480 5104 930 5180 condemnatur,
968 5109 1174 5170 eadem
1233 5129 1511 5173 mensura
1540 5112 1753 5193 recipit
1784 5134 1796 5175 :
1835 5121 2128 5193 quatenus

481 5201 672 5254 autem
693 5213 784 5255 am
795 5197 948 5276 plins
960 5199 1210 5260 condem
1222 5209 1391 5262 natur
1411 5201 1566 5282 quod
1580 5202 1835 5265 similem
1849 5203 2126 5266 condem-

479 5283 656 5358 narit,
691 5284 752 5345 in
779 5285 891 5346 hoc
936 5288 1242 5349 exundans
1284 5299 1373 5350 est
1408 5309 1708 5355 mensnra.
1744 5290 1882 5354 Haec
1926 5302 2122 5356 autem

480 5370 624 5433 dixit
655 5373 942 5447 [Eminus
981 5394 1015 5437 a
1060 5379 1559 5442 condemnatione
1606 5400 1716 5443 nos
1771 5380 2120 5463 prohibens.

556 5535 611 5578 ⁸³
639 5539 815 5602 Rom.
849 5556 912 5616 ιι,
947 5541 1007 5601 1.

2215 4576 2387 4649 σούτῳ
2433 4573 2633 4654 μέτρῳ,
2691 4573 2813 4630 τότε
2882 4573 2945 4632 ἄν
2975 4574 3104 4654 εἷχε
3133 4572 3442 4654 δυσχέρειαν
3487 4575 3575 4631 καὶ
3617 4572 3857 4629 ἐναντιό-

2210 4687 2348 4731 τητα
2420 4667 2448 4721 ὁ
2495 4663 2679 4744 λόγοςι
2748 4671 2852 4722 Νῦν
2898 4662 2976 4739 δὲ,
3034 4665 3112 4739 τῷ
3164 4667 3306 4738 αὖτῷ
3363 4665 3549 4741 εἰπὼν,
3604 4661 3713 4719 λύει
3760 4661 3856 4729 τὴν

2212 4743 2582 4822 ἐναντιότητα,
2642 4743 2807 4811 ’Ἐστι
2860 4754 2960 4832 γὰρ
3016 4750 3322 4827 διδόναιτῷ
3367 4755 3508 4828 αὐτῷ
3539 4752 3737 4832 μέτρῳ,
3795 4751 3853 4808 0'3

2211 4845 2321 4920 μὴν
2381 4845 2637 4918 τοσούτῳ.
2696 4845 2860 4901 T0610
2937 4849 3059 4922 γοῦν
3147 4841 3293 4920 λέγει
3373 4844 3402 4899 ὁ
3495 4844 3707 4922 Κύριος,
3776 4841 3854 4897 ὅτι

2215 4932 2602 5014 Εὐεργέτησας,
2682 4933 3071 5012 εὖεργετηθήσῃ
3122 4938 3278 4989 τοῦτο
3337 4934 3400 4989 τὸ
3454 4934 3581 4992 αὐτὸ
3638 4930 3852 5010 μέτρον.

2211 5025 2282 5082 Τὸ
2340 5021 2393 5078 δὲ
2441 5023 2955 5103 ὑπερεκχυνόμενον,
3015 5022 3095 5078 ὃτι
3155 5020 3505 5102 εὐεργέτησας
3549 5019 3712 5096 ἅπαξ,
3759 5042 3857 5096 μυ-

2210 5111 2529 5192 ριοπλασίως
2601 5113 3022 5192 εὒεργετηθώση.
3076 5113 3149 5170 Τὸ
3228 5113 3353 5170 αὐτό
3427 5113 3515 5168 καὶ
3601 5110 3686 5166 ἐπὶ
3755 5110 3853 5176 τῆς

2209 5205 2582 5283 κατακρίσεως.
2654 5195 2710 5259 ιΟ
2762 5203 2863 5281 γὰρ
2936 5202 3289 5281 κατακρίνων,
3353 5202 3478 5259 εἶτα
3534 5200 3851 5279 κατακρινό-

2209 5317 2389 5371 μενος,
2442 5300 2519 5368 τῷ
2561 5292 2705 5366 αὐτῷ
2733 5292 2911 5371 μέτρῳ
2940 5288 3337 5367 ἂντιλαμϐάνεϋ
3397 5292 3526 5346 καθό
3557 5288 3611 5345 δὲ
3665 5287 3854 5347 πλεῖον

2206 5386 2596 5464 κατακρίνεται,
2657 5381 2738 5438 ὅτι
2796 5382 2886 5438 τὸν
2937 5379 3120 5457 ὅμοιον
3174 5380 3470 5459 κατέκρινε,
3511 5380 3648 5437 κατὰ
3700 5388 3851 5438 τοῦτο
