4162 6228
213 325 368 393 777
982 333 1427 398 ENARRATIO
1470 333 1553 396 IN
1601 330 2107 396 EVANGELIUM
2156 333 2396 395 LUCAL‘.
2444 368 2521 379 —
2567 337 2731 399 CAP.
2777 339 2882 403 VI.
3513 341 3641 406 778

222 464 745 546 ὕπερεκχυνομενόν
801 469 912 525 ἐστι
969 470 1029 523 τὸ
1087 466 1297 541 μέτρον.
1394 472 1568 523 Ταῦτα
1637 464 1691 521 δὲ
1748 467 1875 523 εἷπὼ

1961 452 2142 557 .picit
2171 474 2366 557 autem
2387 475 2443 529 et
2463 467 2798 548 parabolam
2826 469 3139 553 nobis,hoc
3161 481 3252 536 est
3273 475 3635 557 exemplum.

223 554 267 608 ὃ
338 552 552 630 Κύριος,
609 558 697 614 καὶ
751 555 992 622 κωλύσας
1036 558 1182 630 ἡμᾶς
1230 554 1345 611 ἀπὸ
1402 562 1495 611 τοῦ
1546 556 1874 634 κατακρίνειν

1983 552 2087 615 Dic
2118 556 2972 638 enim,qu:eso,inquit,nonne
3002 560 3255 623 alterum
3274 552 3557 643 judicans
3579 575 3639 628 et

215 638 392 721 λέγει
448 647 536 701 καὶ
594 644 902 724 παραϐολὴν
968 648 1127 722 ἡμῖν,
1212 641 1478 700 τουτέστιν
1575 642 1874 721 ὑπόδειγμα

1986 643 2113 721 ipse
2144 643 2353 705 eadem
2392 662 2669 726 peccans,
2695 656 3076 727 comparatus
3106 667 3171 711 es
3219 638 3374 714 caeco
3408 672 3633 717 caecum

220 732 379 788 Εἷπέ
451 755 540 807 μοι
598 735 720 814 γὰρ,
768 735 949 814 φησὶν,
1011 735 1038 789 δ
1095 730 1272 811 ἕτερον
1326 733 1537 811 κρίνων,
1601 734 1689 789 καὶ
1743 734 1899 796 αὑτὸς

214 820 314 876 τὰ
370 823 502 881 αὐτὰ
554 823 895 903 ἁμαρτάνων,
957 823 1051 879 οὐκ
1103 820 1280 884 ἔοικας
1336 820 1517 901 τυφλῷ
1568 819 1761 901 τυφλόν
1806 819 1898 877 ὁδ-

215 911 462 986 ηγοῦντι
514 914 620 987 ;Εἷ
689 913 790 989 γὰρ
843 914 934 967 τὸν
999 911 1174 988 ἕτερον
1235 910 1451 989 κρίνεις,
1498 910 1654 972 αὐτὸς
1696 907 1749 964 δὲ
1779 922 1896 972 τοῖς

219 1001 430 1065 αὐτοῖς
484 1002 842 1080 περιπίπτεις,
956 998 1244 1079 ἀμφότεροι
1323 996 1529 1079 τυφλοί·
1580 999 1669 1055 καὶ
1724 995 1900 1060 δοκεῖς

214 1088 346 1160 μὲν
406 1087 626 1166 ὁδηγεῖν
685 1096 891 1147 ἐκεῖνον
948 1090 1035 1145 ἰεπὶ
1102 1090 1165 1145 τό
1222 1087 1388 1145 καλὸν
1456 1085 1540 1143 διὰ
1593 1093 1687 1143 τοῦ
1727 1108 1899 1143 κατα-

212 1178 457 1254 κρίνειν,
520 1184 621 1261 οὐχ
677 1178 895 1258 ὀδηγεῐς
926 1176 1002 1238 δέ.
1038 1182 1159 1245 Πῶς
1190 1179 1290 1258 γὰρ
1347 1180 1496 1235 εσται
1541 1176 1745 1240 ἐκεῖνος
1816 1174 1901 1237 ἐπὶ

212 1268 304 1322 τὸ
362 1266 525 1325 καλὸν
584 1266 939 1347 ὁδηγούμενος
981 1270 1085 1325 ὑπὸ
1116 1275 1230 1348 σοῦ,
1272 1266 1397 1324 ὅταν
1426 1266 1514 1322 καὶ
1566 1266 1627 1321 σὺ
1658 1265 1898 1342 πταίῃςς

217 1359 351 1414 Οὐκ
434 1356 544 1413 ἔστι
605 1358 704 1436 γὰρ
771 1358 1014 1433 μαθητὴς
1054 1358 1183 1435 ὑπὲρ
1212 1357 1302 1412 τὸν
1334 1352 1671 1413 διδάσκαλον.
1720 1356 1777 1411 Εἰ
1807 1354 1896 1411 οὖν

215 1445 305 1500 σὺ
362 1448 390 1502 ὁ
446 1443 757 1512 διδάσκαλος
813 1444 980 1503 δοκῶν
1011 1447 1098 1503 καὶ
1128 1444 1343 1525 ὀδηγός,
1405 1445 1633 1523 πταίεις,
1678 1444 1891 1525 πάντως

215 1555 339 1590 που
396 1537 481 1591 καὶ
553 1538 581 1592 ὁ
651 1535 1077 1611 μαθητευόμενος
1133 1537 1221 1592 καὶ
1292 1523 1669 1613 ὁδηγούμενος.
1702 1523 1760 1590 Ὀ
1790 1534 1889 1611 γὰρ

213 1623 659 1704 κατηρτισμένος
742 1625 1014 1701 μαθητὴς,
1094 1623 1334 1681 τουτέστι
1446 1620 1883 1702 τετελειωμένος,

215 1709 384 1768 ἔσται
437 1714 510 1777 ὡς
571 1710 881 1776 διδάσκαλος
940 1713 1119 1773 αὐτοῦ.
1184 1720 1357 1770 Ταῦτα
1425 1715 1548 1768 εἶπε
1605 1712 1722 1788 περὶ
1796 1714 1887 1767 τοῦ

1981 730 2253 821 ducenti?
2284 731 2433 794 Nam
2464 734 2515 795 si
2544 735 2724 796 alium
2758 736 3147 813 condemnas,
3176 747 3237 801 et
3265 740 3396 821 ipse
3434 742 3495 804 in
3527 761 3633 805 ea-

1981 819 2115 882 dem
2150 820 2370 883 incidis
2402 825 2911 906 peccata,utrique
2945 827 3082 888 caeci
3111 827 3251 890 estis
3280 819 3303 891 ξ
3325 837 3384 892 et
3410 830 3633 896 videris

1980 909 2219 989 quidem
2252 911 2336 972 illi
2365 912 2479 973 dux
2509 931 2642 974 esse
2670 914 2743 975 ad
2778 913 3021 989 bonum,
3063 934 3133 977 eo
3158 918 3314 997 quod
3345 920 3632 983 condem-

1984 1017 2091 1059 nas
2127 1019 2141 1059 :
2175 1018 2291 1061 non
2325 1009 2412 1062 est
2440 1010 2635 1063 autem
2668 1002 2806 1066 dux.
2847 1003 3155 1075 Quomodo
3191 1006 3349 1068 enim
3375 1008 3476 1071 ille
3510 1028 3544 1071 a
3573 1019 3632 1071 te

1984 1087 2056 1149 ad
2090 1086 2307 1150 bonum
2357 1089 2698 1166 inducetur,
2732 1110 2867 1153 cum
2901 1100 2957 1153 et
2992 1100 3053 1154 tu
3083 1092 3298 1156 labaris
3322 1096 3352 1156 ?
3382 1095 3512 1159 Non
3541 1107 3631 1160 est

1984 1177 2142 1238 enim
2174 1177 2500 1258 discipulus
2541 1198 2723 1259 super
2774 1182 3118 1258 magistrum
3149 1185 3233 1243 δι.
3266 1183 3328 1247 Si
3361 1186 3539 1265 igitur
3568 1195 3628 1250 tu

1984 1265 2083 1345 qui
2120 1265 2335 1328 videris
2359 1286 2491 1329 esse
2528 1269 2814 1348 magister
2842 1271 3059 1345 etdux,
3095 1270 3315 1335 laberis
3347 1275 3628 1339 omnibus

1986 1355 2177 1417 modis
2200 1355 2367 1417 cadet
2389 1358 2564 1417 etiam
2591 1358 2691 1439 qui
2714 1357 2961 1420 docetur
2989 1377 3058 1421 ac
3088 1360 3628 1426 ducitur.Elabora-

1975 1452 2067 1505 tus
2089 1445 2249 1505 enim
2281 1444 2629 1527 discipulus.
2681 1448 2793 1509 hoc
2852 1456 2945 1510 est
2974 1449 3293 1529 perfectus,
3330 1452 3445 1514 erit
3474 1456 3627 1516 sicut

1974 1533 2254 1612 magister
2282 1535 2582 1616 ejusHmc
2614 1536 2758 1597 dicit
2788 1537 2967 1601 etiam
2995 1547 3059 1600 ut
3096 1558 3173 1600 ne
3208 1541 3622 1605 condemnen-

1974 1631 2067 1683 tur
2097 1622 2155 1683 hi
2188 1623 2291 1703 qui
2324 1632 2459 1685 sunt
2490 1624 2806 1687 inferiores
2837 1626 3031 1709 nobis,
3059 1627 3109 1688 si
3147 1629 3458 1691 videantur
3476 1649 3619 1710 pec-

1969 1711 2350 1773 care.Subdit
2371 1732 2607 1793 quoque
2631 1722 2689 1775 et
2718 1713 2875 1776 aliud
2900 1716 3172 1795 ejusdem
3200 1720 3556 1796 argumenti.

223 1800 319 1872 μὴ
347 1797 460 1858 δεῖν
487 1802 821 1878 κατακρίνειν
850 1802 973 1866 τοὺς
1004 1799 1404 1878 ὑποδεεστέρους
1461 1801 1640 1876 ἡμῶν,
1697 1800 1784 1855 καὶ
1836 1797 2118 1864 δοκοῦντας
2186 1800 2529 1879 ἁμαρτάνειν,
2583 1802 2805 1881 Ἐπάγει
2860 1802 2913 1859 δὲ
2964 1806 3051 1861 καὶ
3094 1804 3245 1881 ἕτερα
3300 1808 3396 1875 τῆς
3454 1811 3617 1877 αὑτῆς

216 1888 534 1954 ὑποθέσεως
545 1934 559 1949 .

317 1999 341 2033 ι
419 1980 478 2038 Τί
506 1978 561 2036 δὲ
604 1978 819 2056 βλέπεις
849 1982 911 2038 τὸ
936 1980 1158 2061 κάρφος,
1190 1981 1251 2036 τὸ
1293 1979 1347 2036 ἒν
1376 1985 1453 2053 τῷ
1507 1976 1761 2058 ὀφθαλμῷ
1791 1984 1875 2034 τοῦ

2052 1978 2456 2043 “ausu-45.
2487 1979 2635 2052 Quid
2658 1988 2854 2042 autem
2874 1980 3037 2045 vides
3054 1983 3338 2046 festucam
3363 1986 3421 2047 in
3444 1988 3615 2048 oculo

211 2064 455 2149 ἀδελφοῦ
510 2091 625 2145 σου,
682 2071 779 2139 τὴν
850 2068 904 2126 δὲ
934 2068 1087 2127 δοκὸν
1129 2070 1226 2138 τὴν
1254 2069 1308 2125 ἒν
1351 2075 1428 2143 τῷ
1466 2066 1578 2143 ἰδίῳ
1620 2065 1877 2148 ὀφθαλμῷ

214 2159 291 2214 οὒ
342 2174 627 2222 κατανοεῖς
675 2179 692 2230 ;
755 2150 841 2217 ’Ἠ
917 2166 1030 2225 πῶς
1090 2156 1303 2215 δύνασαι
1346 2156 1521 2235 λέγειν
1561 2161 1640 2229 τῷ
1667 2153 1877 2235 ἀδελφῷ

214 2267 344 2319 σου,
405 2245 646 2329 Ἀδελφέ,
718 2248 846 2328 ἄφες
902 2246 1114 2305 ἓκϐαλω
1167 2248 1229 2304 τὸ
1280 2247 1499 2327 κὰρφος,
1571 2248 1633 2302 τὸ
1678 2244 1730 2301 ἒν
1800 2252 1877 2320 τῷ

213 2333 482 2415 ὀφθαλμῷ
536 2359 651 2411 σου,
714 2340 865 2403 αὒτὸς
920 2338 1019 2405 τὴν
1049 2337 1103 2393 ἐν
1146 2342 1223 2410 τῷ
1271 2334 1527 2409 ὀφθαλμῷ
1576 2358 1671 2394 σου
1720 2333 1874 2389 δοκὸν

214 2425 287 2481 οὗ
341 2424 595 2503 βλέπων;
654 2418 961 2506 ’Υποκριτὰ,
1016 2424 1206 2484 ἔκϐαλε
1248 2432 1456 2505 πρῶτον
1483 2426 1585 2492 τὴν
1632 2422 1786 2480 δοκὸν
1816 2423 1876 2479 ἐκ

211 2523 317 2572 τοῦ
371 2514 642 2594 ὀφθαλμοῦ
698 2538 813 2597 σου,
872 2518 959 2573 καὶ
1019 2516 1139 2573 τότε
1169 2512 1470 2590 διαϐλέψεις
1514 2510 1763 2570 ἐκϐαλεῖν
1814 2514 1874 2567 τὸ

214 2602 421 2683 κάρφος
476 2608 539 2661 τὸ
595 2605 650 2661 ἐν
714 2613 791 2681 τῷ
819 2603 1074 2685 ὀφθαλμῷ
1101 2612 1193 2663 τοῦ
1222 2601 1448 2683 ἁδελφοῦ
1490 2624 1609 2664 σου.
1655 2601 1727 2659 Οὒ
1773 2601 1873 2680 γὰρ

217 2691 336 2748 ἐστι
387 2691 591 2773 δένδρον
637 2694 825 2775 καλὸν,
879 2701 1064 2752 ποιοῦν
1135 2694 1337 2773 καρπὸν
1421 2693 1643 2775 σαπρὸν,
1756 2688 1872 2746 οὐδὲ

215 2778 429 2839 δένδόον
498 2772 719 2863 σαπρὸν,
754 2772 936 2840 ποιοῦν
974 2784 1175 2862 καρπὸν
1209 2781 1395 2842 καλόν.
1447 2772 1729 2837 ’¹Εκαστον
1771 2780 1871 2859 γὰρ

216 2868 427 2950 δένδρον
483 2872 543 2929 ἐκ
611 2880 702 2929 τοῦ
743 2871 869 2929 ἰδίου
909 2879 1114 2947 καρποῦ
1156 2871 1499 2951 γινώσκεται.
1546 2872 1619 2928 Οὐ
1646 2869 1746 2948 γὰρ
1818 2868 1870 2933 ἐξ

215 2959 461 3016 ἀκανθῶν
531 2959 838 3040 συλλέγουσι
911 2968 1065 3041 σῦκα,
1125 2958 1241 3017 οὐδὲ
1314 2959 1374 3015 ἐκ
1429 2958 1591 3035 βάτου
1641 2961 1868 3036 τρυγῶσι

216 3048 514 3128 σταφυλήν.
578 3042 635 3108 Ὀ
692 3052 884 3130 ἀγαθὸς
943 3050 1215 3128 ἄνθρωπος
1272 3049 1332 3106 ἐκ
1373 3055 1464 3104 τοῦ
1515 3047 1714 3125 ἀγαθοῦ
1766 3049 1870 3112 θη-

215 3140 414 3215 σαυροῦ
462 3144 561 3206 τῆς
618 3139 830 3219 καρδίας
900 3140 1059 3197 αὐτοῦ
1126 3138 1373 3220 προφέρει
1415 3138 1477 3193 et
1531 3136 1748 3215 ἀγαθόν·
1783 3136 1872 3192 καὶ

216 3229 250 3282 ὁ
305 3230 538 3305 πονηρὸς
606 3226 875 3303 ἅνθρωπος
933 3227 995 3286 ἐκ
1049 3236 1143 3287 τοῦ
1198 3234 1436 3307 πονηροῦ
1482 3230 1745 3302 θησαυροῦ
1770 3229 1868 3291 τῆς

1960 2068 2155 2129 fratris
2188 2068 2531 2142 tui,trabem
2563 2078 2765 2132 autem
2796 2072 3003 2152 quaein
3026 2072 3200 2135 oculo
3223 2075 3465 2155 proprio
3488 2084 3612 2154 tuo,

1960 2176 2077 2221 non
2097 2158 2671 2223 animadvertis?Aut
2698 2160 2997 2239 quomodo
3030 2169 3200 2239 potes
3231 2162 3433 2225 dicere
3449 2164 3615 2227 fratri

1961 2248 2723 2329 tuo:Frates,sine,ejiciam
2752 2249 3037 2311 festucam
3058 2269 3192 2331 qua;
3222 2252 3276 2312 in
3310 2252 3482 2315 oculo
3515 2263 3613 2316 tuo

1960 2338 2211 2418 est,ipse
2232 2338 2293 2423 in
2308 2339 2477 2399 oculo
2496 2348 2591 2400 tuo
2619 2338 2843 2400 trabem
2869 2358 2986 2401 non
3014 2339 3250 2402 videns?
3271 2342 3611 2422 Hypocrita,

1959 2425 2110 2504 ejice
2136 2426 2389 2506 primum
2420 2426 2649 2488 trabem
2682 2446 2750 2489 ex
2783 2427 2954 2488 oculo
2989 2436 3113 2508 tuo,
3146 2440 3204 2489 et
3227 2436 3365 2491 tunc
3388 2431 3616 2513 perspi-

1958 2515 2078 2575 cies
2097 2525 2157 2575 ut
2180 2514 2385 2592 ejicias
2415 2515 2697 2577 festucam
2726 2535 2857 2596 qua;
2883 2523 2973 2578 est
2994 2516 3051 2577 in
3073 2518 3245 2580 oculo
3275 2518 3473 2581 fratris
3500 2523 3607 2584 tui.

1955 2602 2083 2665 Non
2107 2613 2195 2664 est
2213 2606 2369 2666 enim
2395 2606 2572 2666 arbor
2603 2606 2758 2666 bona
2778 2624 2909 2686 qua:
2932 2606 3069 2667 facit
3086 2606 3338 2669 fructum
3363 2609 3605 2672 malum:

1958 2712 2151 2773 neque
2171 2692 2350 2755 arbor
2376 2694 2528 2755 mala
2548 2694 2775 2756 faciens
2799 2695 3050 2756 fructum
3075 2694 3610 2778 bonum.Unaquaa-

1954 2801 2071 2860 que
2105 2782 2262 2843 enim
2295 2783 2474 2844 arbor
2507 2802 2573 2844 ex
2606 2783 2797 2847 fructu
2850 2803 2955 2845 suo
3005 2784 3369 2863 agnoscitur.
3405 2785 3611 2868 Neque

1953 2872 2109 2932 enim
2145 2889 2177 2932 e
2209 2872 2398 2952 spinis
2420 2872 2704 2951 colligunt
2737 2872 2904 2940 ficus.
2940 2890 3132 2953 neque
3164 2892 3195 2934 e
3224 2872 3373 2935 rubo
3395 2874 3611 2937 vinde-

1954 2959 2141 3020 miant
2172 2980 2364 3023 uvam.
2390 2962 2589 3023 Bonus
2611 2962 2788 3023 homo
2813 2980 2885 3023 ex
2916 2960 3073 3023 bono
3096 2961 3378 3024 thesauro
3412 2964 3609 3028 cordis

1952 3049 2042 3110 sui
2064 3050 2616 3129 profertbonum,et
2640 3051 2826 3113 malus
2857 3053 3034 3112 homo
3066 3069 3135 3112 ex
3160 3051 3313 3114 malo
3334 3053 3609 3116 thesauro

1954 3139 2152 3201 cordis
2176 3141 2269 3202 sui
2298 3140 2524 3221 profert
2544 3139 2876 3202 malum.Ex
2898 3139 3213 3202 abundatia
3231 3142 3387 3203 enim
3410 3145 3610 3207 cordis

1956 3227 2215 3307 loquitur
2230 3248 2295 3290 os
2313 3230 2465 3309 ejus.
2499 3254 2526 3284 ι)
2564 3227 2713 3301 Quid
2734 3240 2932 3291 autem
2959 3228 3142 3310 vides,
3173 3229 3382 3313 inquit,
3419 3232 3606 3295 festu-

215 3314 431 3395 καρδίας
501 3319 657 3375 αὐτοῦ
710 3318 956 3399 προφέρει
1025 3320 1087 3375 τὸ
1143 3318 1401 3396 πονηρόν,
1464 3314 1563 3372 Ἐκ
1620 3315 1720 3393 γὰρ
1778 3316 1871 3370 τοῦ

1960 3318 2228 3391 cam,hoc
2260 3328 2371 3392 est,
2399 3336 2641 3399 parvum
2672 3328 2977 3399 peccatum
3008 3318 3208 3380 fratris
3238 3320 3344 3396 tui,
3377 3322 3604 3385 trabem

216 3407 635 3485 περισσεύμανος
691 3413 788 3475 τῆς
858 3405 1072 3487 καρδίας
1112 3407 1272 3465 λιλετ
1300 3408 1362 3463 τὸ
1421 3406 1594 3482 στόμα
1620 3404 1798 3466 αὐτοῦ.
1837 3425 1862 3461 ι

216 3496 279 3551 Τί
347 3494 583 3577 βλέπεις,
655 3499 807 3577 φησὶ,
864 3499 925 3554 τὸ
981 3498 1204 3577 κὰρφος,
1275 3495 1534 3569 τουτέστι,
1566 3494 1626 3550 τὸ
1676 3495 1864 3573 μικρὸν

214 3585 509 3661 ἁμάρτημα
564 3593 657 3643 τοῦ
712 3585 937 3666 ἀδελφοῦ
992 3608 1108 3662 σου,
1168 3588 1268 3656 τὴν
1296 3587 1350 3643 δὲ
1381 3583 1557 3658 δοκὸν,
1607 3584 1670 3639 τὸ
1726 3582 1866 3661 μέγα

214 3673 506 3755 ἅμάρτημα
574 3679 636 3733 τὸ
702 3679 795 3734 σὸν
851 3681 911 3737 οὗ
959 3691 1292 3753 κατανοετς;
1347 3683 1512 3735 Τοῦτο
1543 3672 1597 3731 δὲ
1642 3675 1861 3753 ἁρμόζει

211 3767 299 3821 καὶ
373 3767 503 3845 πρὸς
558 3767 759 3826 πάντας
832 3767 953 3847 μὲν,
983 3766 1217 3844 μάλιστα
1259 3765 1313 3823 δὲ
1343 3768 1475 3847 πρὸς
1523 3762 1864 3827 διδασκάλους

211 3857 303 3911 καὶ
374 3856 664 3938 ἄρχοντας,
709 3854 765 3914 οἵ
793 3858 860 3917 τὰ
889 3858 986 3934 μὲν
1014 3860 1120 3914 τῶν
1150 3859 1252 3913 ὑπὸ
1284 3869 1450 3938 χεῖρα
1477 3854 1859 3933 ἁμαρτήματα,

214 3946 303 4001 καὶ
375 3947 536 4024 μικρὰ
602 3945 726 4004 ὄντα
778 3945 1087 4024 κολάζωσι,
1121 3948 1188 4003 τὰ
1216 3945 1271 4002 δὲ
1302 3948 1498 4018 οἰκεῖα,
1530 3942 1628 4001 κᾶν
1658 3940 1865 4020 μεγάλα

211 4035 363 4114 ὦσιν,
421 4034 577 4092 ἐῶσιν
631 4033 926 4097 ἀκόλαστα.
997 4037 1094 4092 Διὸ
1154 4038 1242 4093 καὶ
1296 4034 1579 4112 ὑποκριτὰς
1648 4029 1863 4096 τούτους

212 4122 375 4181 καλεῖ
430 4126 458 4180 ὁ
513 4124 723 4205 Κύριος,
766 4127 841 4189 ὡς
883 4123 1015 4183 ἄλλο
1043 4124 1140 4202 μὲν
1169 4123 1541 4206 φαινομένους,
1592 4121 1653 4177 ἐκ
1679 4128 1771 4177 τοῦ
1798 4121 1864 4177 τὰ

212 4219 319 4268 τῶν
376 4210 553 4270 ἄλλων
623 4214 977 4291 ὕμαρτήματα
1061 4212 1325 4289 κολάζειν,
1409 4214 1679 4294 φαίνονται
1764 4212 1863 4288 γὰρ

211 4299 426 4377 δίκαιοι,
498 4301 629 4360 ἄλλο
698 4300 755 4358 δὲ
812 4300 989 4377 ὄντας,
1052 4305 1112 4359 ὲκ
1165 4309 1259 4359 τοῦ
1328 4302 1415 4359 καὶ
1475 4300 1663 4363 αὐτοὺς
1694 4298 1862 4379 χείρω

1952 3414 2455 3484 autem,magnum
2489 3420 2793 3488 peccatum
2827 3417 3142 3484 tuum,non
3173 3410 3464 3473 advertis?
3482 3411 3606 3475 Hoc

1950 3504 2144 3557 autem
2171 3498 2449 3559 omnibus
2476 3498 2592 3559 dici
2625 3505 2840 3577 potest,
2873 3507 2930 3559 et
2962 3498 3217 3560 maxime
3262 3499 3606 3565 doctoribus

1950 3593 2007 3645 et
2029 3585 2422 3666 principibus,
2457 3586 2559 3666 qui
2609 3586 2982 3650 subditorum
3032 3596 3275 3667 peccata
3332 3593 3604 3670 quamvis

1950 3691 2127 3753 parva
2155 3674 2407 3754 puniunt
2441 3696 2454 3711 '
2476 3693 2583 3737 sua
2614 3688 2811 3738 autem
2839 3676 3013 3737 etiam
3042 3678 3294 3739 maxima
3313 3678 3604 3760 impunita

1948 3762 2167 3824 sinunt.
2198 3765 2426 3826 Idcirco
2460 3764 2595 3826 illos
2626 3772 2684 3826 et
2715 3765 3045 3845 hypocritas
3093 3773 3259 3828 vocat
3288 3768 3596 3831 Dominus.

1948 3850 2099 3913 Sunt
2129 3853 2231 3914 alii
2255 3853 2499 3934 quidem
2521 3854 3046 3934 apparentes,dum
3070 3854 3318 3915 aliorum
3358 3869 3599 3937 peccata

1950 3942 2242 4021 puniunt:
2278 3944 2336 4004 in
2370 3944 2480 4005 hoc
2512 3944 2668 4006 enim
2697 3943 2845 4023 justi
2892 3951 3197 4023 apparent.
3231 3944 3347 4005 Alii
3396 3956 3593 4009 autem

1948 4039 2082 4091 sunt
2129 4050 2199 4093 ex
2248 4051 2318 4095 eo
2363 4033 2517 4114 quod
2551 4041 2609 4095 et
2640 4033 2752 4114 ipsi
2780 4031 3015 4112 gravius
3059 4042 3330 4112 peccent.
3384 4037 3597 4098 Postea

1947 4118 2122 4179 etiam
2139 4129 2197 4180 et
2212 4124 2480 4200 exemplo
2499 4121 2810 4181 confirmat
2833 4137 3169 4181 sermonem
3202 4138 3372 4181 suum
3386 4120 3591 4199 .Sicut,

1946 4206 2163 4289 inquit,
2196 4227 2313 4269 non
2337 4216 2426 4270 est
2456 4208 2635 4270 arbor
2659 4208 2812 4270 bona
2842 4227 2975 4289 qua:
3004 4209 3144 4271 facit
3190 4209 3444 4271 fructum
3479 4230 3592 4293 pu-

1946 4305 2323 4378 trem,neque
2344 4296 2523 4358 arbor
2546 4298 2734 4377 putris
2751 4316 2882 4378 qua;
2904 4298 3041 4358 facit
3062 4297 3317 4360 fructum
3341 4300 3586 4363 bonum:

212 4391 553 4469 ἁμαρτάνειν.
619 4392 753 4448 Εἶτα
810 4392 898 4448 καὶ
968 4391 1073 4448 ἀπὸ
1127 4389 1508 4469 ὑποδείγματος
1584 4396 1859 4446 πιστοῦται

1968 4394 2023 4445 ta
2047 4395 2104 4447 et
2130 4388 2233 4467 qui
2262 4387 2408 4447 alios
2439 4387 2725 4465 castigare
2750 4396 2807 4447 et
2836 4386 3159 4467 corrigere,
3194 4396 3251 4448 et
3271 4389 3343 4451 ad
3369 4387 3589 4450 bonum

210 4481 301 4535 τὸν
369 4478 528 4557 λόγον
583 4482 761 4542 αὑτοῦ,
800 4473 1026 4561 ’Ὥσπερ
1054 4480 1178 4559 γὰρ,
1223 4481 1407 4560 φησὶν,
1452 4482 1547 4537 οὐκ
1589 4477 1705 4533 ἔστι
1737 4473 1859 4531 δέν-

1960 4475 2083 4537 5H5
2113 4478 2434 4538 transferre
2456 4483 2724 4545 nitentat.
2764 4495 2879 4537 non
2913 4475 3087 4536 fuerit
3116 4476 3308 4538 malus
3341 4498 3354 4540 :
3387 4478 3438 4538 si
3479 4496 3589 4540 au-

209 4565 328 4646 δρον
406 4568 595 4657 καλὸν,
649 4576 832 4627 ποιοῦν
889 4571 1093 4648 καρπὸν
1130 4570 1353 4645 σαπρὸν,
1386 4566 1501 4628 οὐδὲ
1530 4562 1745 4657 δένδρον.
1766 4586 1860 4621 σα-

1944 4575 2061 4628 tem
2096 4566 2284 4627 malus
2314 4565 2513 4646 fuerit,
2540 4563 2686 4625 alios
2718 4584 2837 4626 non
2868 4564 3046 4627 faciet
3068 4564 3589 4629 meliores.Unius-

209 4660 364 4737 πρδν,
458 4652 639 4716 ποιοῦν
695 4660 897 4735 καρπὸν
926 4657 1111 4734 καλὸν,
1148 4658 1287 4715 οὕτω
1315 4660 1403 4715 καὶ
1432 4660 1460 4714 ὁ
1489 4657 1611 4721 τοὺς
1662 4652 1854 4719 ἀλλους

1960 4655 2224 4735 :ujusque
2247 4654 2404 4733 enim
2439 4672 2543 4715 cor
2562 4654 2873 4716 thesaurus
2895 4662 3069 4716 estzet
3085 4655 3136 4715 si
3165 4656 3403 4735 quidem
3436 4656 3590 4719 bona

207 4745 544 4827 σωφρονίζειν
599 4750 686 4804 καὶ
761 4746 1083 4827 διορθοῦσθαι
1173 4747 1463 4828 ἐπιχειρῶν
1545 4747 1634 4803 καὶ
1717 4764 1853 4820 μετ-

1960 4744 2171 4807 iabeat.
2206 4745 2379 4805 etiam
2407 4744 2582 4805 homo
2612 4744 2801 4805 lionus
2832 4752 2941 4820 est,
2977 4751 3035 4804 et
3066 4742 3220 4805 bona
3266 4744 3534 4825 loquitur
3567 4767 3582 4810 :

206 4838 355 4917 άγειν
383 4837 468 4895 ἐπὶ
495 4840 558 4895 τὸ
599 4836 827 4918 βέλτιον,
861 4839 955 4895 οὐκ
975 4837 1037 4893 ἄν
1066 4837 1158 4906 εἴη
1190 4841 1445 4918 πονηρὸς,
1476 4839 1521 4893 εί
1549 4835 1603 4892 δὲ
1619 4835 1853 4918 πονηρὸς

1937 4833 2029 4894 εἰη
2050 4852 2188 4896 vero
2204 4833 2374 4894 malis
2395 4852 2499 4894 cor
2520 4833 2761 4913 plenum
2794 4833 3174 4910 fuerit,etiam
3196 4834 3374 4894 homo
3397 4834 3584 4897 malus

207 4914 319 4999 ein,
397 4931 489 4987 οὒκ
543 4914 607 4984 ἄν
671 4914 878 5007 ἐτέρους
946 4925 1182 5003 βελτίους
1264 4914 1569 5007 ἐργάσαιτο.
1632 4914 1695 4980 Ἠ
1752 4923 1853 5003 γὰρ

1960 4932 2114 5003 ιει,οι
2139 4922 2291 4983 mala
2314 4922 2776 5002 loquitur.Potes
2805 4931 3000 4984 autem
3034 4922 3159 4983 haec
3194 4922 3345 4984 etde
3380 4923 3582 4986 Phari-

205 5016 427 5074 ἑκάστου
509 5015 691 5097 καρδία
742 5017 1004 5097 θησαυρός
1034 5017 1171 5093 ἐστι,
1217 5015 1314 5073 κᾶν
1344 5018 1442 5092 μὲν
1505 5015 1675 5093 ἀγαθὰ
1716 5012 1847 5093 ἔχῃ,

1934 5016 2067 5073 saeis
2095 5012 2181 5072 sic
2211 5011 2564 5089 intelligere.
2588 5011 2677 5074 Ad
2709 5011 2843 5073 illos
2866 5013 3024 5074 enim
3056 5027 3395 5073 sermonem
3426 5013 3579 5076 diri-

204 5111 289 5165 καὶ
359 5113 387 5166 ὁ
443 5108 715 5189 ἄνθρωπος
766 5110 960 5189 ἁγαθός
1012 5109 1148 5191 ἐστι,
1213 5113 1299 5169 καὶ
1353 5110 1523 5189 ἀγαθὰ
1551 5107 1730 5165 λαλεῖ·
1804 5106 1849 5161 εἰ

1960 5119 2101 5177 gens,
2137 5101 2347 5182 inquit,
2373 5100 2536 5181 Ejice
2567 5101 2821 5182 primum
2844 5099 3071 5162 trabem
3096 5119 3165 5162 ex
3196 5100 3369 5191 oculo
3392 5114 3580 5184 tuo,et

204 5192 257 5251 δὲ
309 5200 557 5277 πονηρῶν
613 5199 785 5273 μεστή
828 5197 969 5255 ἐστιν
1037 5200 1072 5267 ἡ
1130 5189 1335 5277 καρδία,
1369 5199 1456 5254 καὶ
1502 5200 1530 5254 ὁ
1572 5196 1844 5273 ἅνθρωπος

1960 5211 2072 5253 unc
2104 5192 2383 5252 festucam
2417 5208 2549 5269 quae
2583 5198 2671 5251 est
2716 5189 2777 5250 in
2809 5190 2979 5251 oculo
3022 5191 3219 5252 fratris
3252 5190 3337 5250 tui
3372 5209 3391 5252 :
3423 5193 3577 5254 sicut

203 5286 433 5367 πονηρός
499 5287 633 5363 ἐστι,
691 5288 780 5344 καὶ
848 5290 1055 5368 πονηρὰ
1083 5288 1263 5347 λαλεῖ.
1313 5289 1541 5345 Δύνασαι
1584 5284 1637 5341 δὲ
1681 5295 1844 5342 ταυτα

1966 5282 2101 5343 tiam
2136 5280 2275 5341 alibi
2308 5278 2470 5368 dicit,
2501 5278 2801 5368 Camelum
2835 5279 3173 5357 glutientes,
3211 5287 3270 5340 et
3320 5281 3571 5344 culicem

202 5376 370 5435 πάντα
425 5378 513 5434 καὶ
565 5378 637 5441 ὣς
693 5377 813 5450 περί
868 5380 975 5435 τῶν
995 5367 1305 5455 Φαρισαίων
1333 5376 1597 5456 λεγόμενα
1627 5379 1838 5442 νοήσαι.

1962 5371 2286 5432 xcolantes.
2321 5367 2630 5439 Quomodo
2655 5367 2833 5444 igitur
2855 5386 2955 5429 vos
2993 5368 3276 5431 Pharisaei
3298 5370 3399 5449 qui
3428 5373 3571 5433 estis

206 5468 336 5543 Πρὸς
368 5464 595 5530 ἱκείνους
625 5467 726 5544 γὰρ
752 5466 1185 5544 ἀποτεινόμενος,
1231 5470 1414 5547 φησὶν,
1447 5467 1552 5541 ὅτι,
1585 5462 1838 5521 ’Ἔκϐαλε

1960 5461 2165 5522 rbores
2229 5466 2455 5538 putres,
2505 5458 2773 5536 poteritis
2814 5458 3039 5519 fructus
3090 5458 3277 5519 bonos
3306 5461 3566 5524 afferre?

275 5600 339 5651 δι
369 5599 540 5664 Joan.
573 5613 700 5682 nn,
733 5598 833 5664 16.

512 5723 777 5786 ΡΑτιιοι..
820 5722 934 5785 αι.
980 5722 1250 5786 CXXIII.

3134 5712 3245 5776 25.

4120 672 4121 713 ί

4118 716 4121 793 ί

4118 848 4121 909 i
