  <div class='ocr_page' id='page_1' title='image "/cluster/home/n/w/nwhite01/storage/ocr_20150623/123/hvd.32044073502445/409.png"; bbox 0 0 4162 6228; ppageno 0'>
   <div class='ocr_carea' id='block_1_1' title="bbox 526 244 3927 325">
    <p class='ocr_par' dir='ltr' id='par_1_1' title="bbox 526 244 3927 325">
     <span class='ocr_line' id='line_1_1' title="bbox 526 244 3927 325; baseline 0.001 -5"><span class='ocrx_word' id='word_1_1' title='bbox 526 244 648 320; x_wconf 77' lang='lat'>779</span> <span class='ocrx_word' id='word_1_2' title='bbox 1512 251 2107 323; x_wconf 74' lang='lat' dir='ltr'>THEOPHYLACTI</span> <span class='ocrx_word' id='word_1_3' title='bbox 2151 251 2564 320; x_wconf 59' lang='lat' dir='ltr'>BULGARIJ</span> <span class='ocrx_word' id='word_1_4' title='bbox 2604 254 2941 321; x_wconf 70' lang='lat' dir='ltr'>ARCHIBP</span> <span class='ocrx_word' id='word_1_5' title='bbox 3814 252 3927 325; x_wconf 83' lang='lat'><strong>780</strong></span> 
     </span>
    </p>
   </div>
   <div class='ocr_carea' id='block_1_2' title="bbox 526 390 2130 479">
    <p class='ocr_par' dir='ltr' id='par_1_2' title="bbox 526 390 2130 479">
     <span class='ocr_line' id='line_1_2' title="bbox 526 390 2130 479; baseline -0.001 -27"><span class='ocrx_word' id='word_1_6' title='bbox 526 390 745 479; x_wconf 50' lang='lat' dir='ltr'>Vester</span> <span class='ocrx_word' id='word_1_7' title='bbox 772 391 933 453; x_wconf 91' lang='lat' dir='ltr'>enim</span> <span class='ocrx_word' id='word_1_8' title='bbox 963 409 1162 454; x_wconf 80' lang='lat' dir='ltr'><strong>sermo</strong></span> <span class='ocrx_word' id='word_1_9' title='bbox 1187 410 1427 473; x_wconf 82' lang='lat' dir='ltr'>semper</span> <span class='ocrx_word' id='word_1_10' title='bbox 1459 391 1646 472; x_wconf 88' lang='lat' dir='ltr'>putris</span> <span class='ocrx_word' id='word_1_11' title='bbox 1668 392 1941 471; x_wconf 90' lang='lat' dir='ltr'>est,sicut</span> <span class='ocrx_word' id='word_1_12' title='bbox 1964 399 2023 453; x_wconf 91' lang='lat' dir='ltr'>et</span> <span class='ocrx_word' id='word_1_13' title='bbox 2043 391 2130 454; x_wconf 83' lang='lat' dir='ltr'>vit</span> 
     </span>
    </p>
   </div>
   <div class='ocr_carea' id='block_1_3' title="bbox 2214 390 3923 479">
    <p class='ocr_par' dir='ltr' id='par_1_3' title="bbox 2214 392 3923 479">
     <span class='ocr_line' id='line_1_3' title="bbox 2214 392 3923 479; baseline 0.001 -27"><span class='ocrx_word' id='word_1_14' title='bbox 2214 404 2246 452; x_wconf 82' lang='grc' dir='ltr'><strong>Α</strong></span> <span class='ocrx_word' id='word_1_15' title='bbox 2271 393 2479 471; x_wconf 77' lang='grc' dir='ltr'>πρῶτον</span> <span class='ocrx_word' id='word_1_16' title='bbox 2561 393 2660 461; x_wconf 79' lang='grc' dir='ltr'>τὴν</span> <span class='ocrx_word' id='word_1_17' title='bbox 2716 392 2870 452; x_wconf 75' lang='grc' dir='ltr'>δοκὸν</span> <span class='ocrx_word' id='word_1_18' title='bbox 2901 394 2959 451; x_wconf 81' lang='grc' dir='ltr'>ἐκ</span> <span class='ocrx_word' id='word_1_19' title='bbox 2987 404 3081 455; x_wconf 78' lang='grc' dir='ltr'>τοῦ</span> <span class='ocrx_word' id='word_1_20' title='bbox 3123 394 3396 477; x_wconf 79' lang='grc' dir='ltr'>ὀφθαλμοῦ</span> <span class='ocrx_word' id='word_1_21' title='bbox 3426 419 3542 479; x_wconf 88' lang='grc' dir='ltr'>σου,</span> <span class='ocrx_word' id='word_1_22' title='bbox 3568 398 3669 455; x_wconf 83' lang='grc' dir='ltr'>καὶ</span> <span class='ocrx_word' id='word_1_23' title='bbox 3716 400 3838 479; x_wconf 81' lang='grc' dir='ltr'>τότε</span> <span class='ocrx_word' id='word_1_24' title='bbox 3867 400 3923 454; x_wconf 76' lang='grc' dir='ltr'>τὸ</span> 
     </span>
    </p>
   </div>
   <div class='ocr_carea' id='block_1_4' title="bbox 526 478 2130 566">
    <p class='ocr_par' dir='ltr' id='par_1_4' title="bbox 526 478 2130 561">
     <span class='ocr_line' id='line_1_4' title="bbox 526 478 2130 561; baseline -0.001 -21"><span class='ocrx_word' id='word_1_25' title='bbox 526 478 865 561; x_wconf 80' lang='lat' dir='ltr'>Loquimini</span> <span class='ocrx_word' id='word_1_26' title='bbox 914 481 1074 543; x_wconf 90' lang='lat' dir='ltr'>enim</span> <span class='ocrx_word' id='word_1_27' title='bbox 1107 500 1175 543; x_wconf 84' lang='lat' dir='ltr'>ex</span> <span class='ocrx_word' id='word_1_28' title='bbox 1207 480 1567 543; x_wconf 73' lang='lat' dir='ltr'>abundantia</span> <span class='ocrx_word' id='word_1_29' title='bbox 1615 481 1833 543; x_wconf 85' lang='lat' dir='ltr'>cordis.</span> <span class='ocrx_word' id='word_1_30' title='bbox 1869 479 2130 552; x_wconf 89' lang='lat' dir='ltr'>Quomod</span> 
     </span>
    </p>
   </div>
   <div class='ocr_carea' id='block_1_5' title="bbox 2214 478 3923 566">
    <p class='ocr_par' dir='ltr' id='par_1_5' title="bbox 2263 478 3923 566">
     <span class='ocr_line' id='line_1_5' title="bbox 2263 478 3923 566; baseline 0.004 -30"><span class='ocrx_word' id='word_1_31' title='bbox 2263 481 2459 560; x_wconf 62' lang='grc' dir='ltr'>κάρφος</span> <span class='ocrx_word' id='word_1_32' title='bbox 2519 484 2580 537; x_wconf 83' lang='grc' dir='ltr'>τὸ</span> <span class='ocrx_word' id='word_1_33' title='bbox 2648 484 2709 537; x_wconf 70' lang='grc' dir='ltr'>ἒν</span> <span class='ocrx_word' id='word_1_34' title='bbox 2745 487 2813 555; x_wconf 73' lang='grc' dir='ltr'>τῷ</span> <span class='ocrx_word' id='word_1_35' title='bbox 2843 483 3097 563; x_wconf 74' lang='grc' dir='ltr'>ὀφθαλμῴ</span> <span class='ocrx_word' id='word_1_36' title='bbox 3125 492 3216 542; x_wconf 81' lang='grc' dir='ltr'>τοῦ</span> <span class='ocrx_word' id='word_1_37' title='bbox 3245 483 3468 566; x_wconf 76' lang='grc' dir='ltr'>ἅδελφοῦ</span> <span class='ocrx_word' id='word_1_38' title='bbox 3523 509 3645 547; x_wconf 85' lang='grc' dir='ltr'>σου.</span> <span class='ocrx_word' id='word_1_39' title='bbox 3714 478 3923 564; x_wconf 60' lang='grc' dir='ltr'>’Ὠσπερ</span> 
     </span>
    </p>
   </div>
   <div class='ocr_carea' id='block_1_6' title="bbox 526 568 2130 657">
    <p class='ocr_par' dir='ltr' id='par_1_6' title="bbox 526 568 2130 657">
     <span class='ocr_line' id='line_1_6' title="bbox 526 568 2130 657; baseline -0.001 -26"><span class='ocrx_word' id='word_1_40' title='bbox 526 570 708 657; x_wconf 69' lang='lat' dir='ltr'>igitur</span> <span class='ocrx_word' id='word_1_41' title='bbox 727 571 875 633; x_wconf 89' lang='lat' dir='ltr'>alios</span> <span class='ocrx_word' id='word_1_42' title='bbox 905 571 1237 653; x_wconf 71' lang='lat' dir='ltr'>corrigetis,</span> <span class='ocrx_word' id='word_1_43' title='bbox 1266 579 1323 632; x_wconf 89' lang='lat' dir='ltr'>et</span> <span class='ocrx_word' id='word_1_44' title='bbox 1353 571 1602 633; x_wconf 90' lang='lat' dir='ltr'>aliorum</span> <span class='ocrx_word' id='word_1_45' title='bbox 1630 578 1871 651; x_wconf 89' lang='lat' dir='ltr'>peccata</span> <span class='ocrx_word' id='word_1_46' title='bbox 1896 568 2130 650; x_wconf 88' lang='lat' dir='ltr'>punieti:</span> 
     </span>
    </p>
   </div>
   <div class='ocr_carea' id='block_1_7' title="bbox 2214 568 3926 657">
    <p class='ocr_par' dir='ltr' id='par_1_7' title="bbox 2262 568 3926 657">
     <span class='ocr_line' id='line_1_7' title="bbox 2262 568 3926 657; baseline 0.006 -33"><span class='ocrx_word' id='word_1_47' title='bbox 2262 572 2350 625; x_wconf 84' lang='grc' dir='ltr'>καὶ</span> <span class='ocrx_word' id='word_1_48' title='bbox 2414 568 2659 649; x_wconf 74' lang='grc' dir='ltr'>ἀλλαχοῦ</span> <span class='ocrx_word' id='word_1_49' title='bbox 2715 569 2882 649; x_wconf 86' lang='grc' dir='ltr'>λέγει,</span> <span class='ocrx_word' id='word_1_50' title='bbox 2942 573 2989 629; x_wconf 81' lang='grc' dir='ltr'>οἱ</span> <span class='ocrx_word' id='word_1_51' title='bbox 3059 575 3157 642; x_wconf 73' lang='grc' dir='ltr'>τὴν</span> <span class='ocrx_word' id='word_1_52' title='bbox 3227 574 3471 651; x_wconf 86' lang='grc' dir='ltr'>κάμηλον</span> <span class='ocrx_word' id='word_1_53' title='bbox 3513 578 3926 657; x_wconf 81' lang='grc' dir='ltr'>καταπίνοντες,</span> 
     </span>
    </p>
   </div>
   <div class='ocr_carea' id='block_1_8' title="bbox 524 656 2130 745">
    <p class='ocr_par' dir='ltr' id='par_1_8' title="bbox 524 656 1278 742">
     <span class='ocr_line' id='line_1_8' title="bbox 524 656 1278 742; baseline 0.003 -24"><span class='ocrx_word' id='word_1_54' title='bbox 524 656 637 739; x_wconf 84' lang='lat' dir='ltr'>ipsi</span> <span class='ocrx_word' id='word_1_55' title='bbox 671 661 906 739; x_wconf 80' lang='lat' dir='ltr'>gravius</span> <span class='ocrx_word' id='word_1_56' title='bbox 930 659 1278 742; x_wconf 81' lang='lat' dir='ltr'>peccantes?</span> 
     </span>
    </p>
   </div>
   <div class='ocr_carea' id='block_1_9' title="bbox 2214 656 3920 745">
    <p class='ocr_par' dir='ltr' id='par_1_9' title="bbox 2263 656 3920 745">
     <span class='ocr_line' id='line_1_9' title="bbox 2263 656 3920 745; baseline 0.005 -31"><span class='ocrx_word' id='word_1_57' title='bbox 2263 660 2350 715; x_wconf 82' lang='grc' dir='ltr'>καὶ</span> <span class='ocrx_word' id='word_1_58' title='bbox 2392 660 2485 715; x_wconf 81' lang='grc' dir='ltr'>τὸν</span> <span class='ocrx_word' id='word_1_59' title='bbox 2534 660 2766 717; x_wconf 79' lang='grc' dir='ltr'>κώνωπα</span> <span class='ocrx_word' id='word_1_60' title='bbox 2808 658 3145 745; x_wconf 56' lang='grc' dir='ltr'>διυλίζοντες.</span> <span class='ocrx_word' id='word_1_61' title='bbox 3194 664 3313 726; x_wconf 78' lang='grc' dir='ltr'>Πῶς</span> <span class='ocrx_word' id='word_1_62' title='bbox 3343 666 3457 738; x_wconf 79' lang='grc' dir='ltr'>οὖν,</span> <span class='ocrx_word' id='word_1_63' title='bbox 3498 668 3692 745; x_wconf 73' lang='grc' dir='ltr'>φησὶν,</span> <span class='ocrx_word' id='word_1_64' title='bbox 3748 656 3920 741; x_wconf 65' lang='grc' dir='ltr'>ὑμεῖς,</span> 
     </span>
    </p>
   </div>
   <div class='ocr_carea' id='block_1_10' title="bbox 524 740 3909 833">
    <p class='ocr_par' dir='ltr' id='par_1_10' title="bbox 524 740 3909 833">
     <span class='ocr_line' id='line_1_10' title="bbox 524 740 3909 833; baseline 0.002 -28"><span class='ocrx_word' id='word_1_65' title='bbox 524 749 571 805; x_wconf 82' lang='grc' dir='ltr'>ὦ</span> <span class='ocrx_word' id='word_1_66' title='bbox 598 757 909 829; x_wconf 76' lang='grc' dir='ltr'>Φαρισαῖοι,</span> <span class='ocrx_word' id='word_1_67' title='bbox 931 740 1124 827; x_wconf 63' lang='grc' dir='ltr'>⁷δένδρα</span> <span class='ocrx_word' id='word_1_68' title='bbox 1151 750 1296 814; x_wconf 71' lang='grc' dir='ltr'>ὄντες</span> <span class='ocrx_word' id='word_1_69' title='bbox 1329 754 1526 832; x_wconf 77' lang='grc' dir='ltr'>σαπρὰ,</span> <span class='ocrx_word' id='word_1_70' title='bbox 1561 750 1839 820; x_wconf 78' lang='grc' dir='ltr'>δυνήσεσθε</span> <span class='ocrx_word' id='word_1_71' title='bbox 1886 750 2115 828; x_wconf 76' lang='grc' dir='ltr'>καρποὺς</span> <span class='ocrx_word' id='word_1_72' title='bbox 2158 748 2385 825; x_wconf 73' lang='grc' dir='ltr'>ἀγαθοὺς</span> <span class='ocrx_word' id='word_1_73' title='bbox 2415 762 2759 827; x_wconf 79' lang='grc' dir='ltr'>προενεγκεῖν</span> <span class='ocrx_word' id='word_1_74' title='bbox 2795 765 2811 822; x_wconf 84' lang='lat'><strong>;</strong></span> <span class='ocrx_word' id='word_1_75' title='bbox 2850 740 3028 826; x_wconf 62' lang='grc' dir='ltr'>’Υμῶν</span> <span class='ocrx_word' id='word_1_76' title='bbox 3058 753 3157 830; x_wconf 80' lang='grc' dir='ltr'>γὰρ</span> <span class='ocrx_word' id='word_1_77' title='bbox 3198 754 3286 809; x_wconf 86' lang='grc' dir='ltr'>καὶ</span> <span class='ocrx_word' id='word_1_78' title='bbox 3316 756 3344 810; x_wconf 98' lang='lat'>6</span> <span class='ocrx_word' id='word_1_79' title='bbox 3375 740 3535 832; x_wconf 77' lang='grc' dir='ltr'>λόγος</span> <span class='ocrx_word' id='word_1_80' title='bbox 3564 740 3810 833; x_wconf 65' lang='grc' dir='ltr'>σαπρὸς,</span> <span class='ocrx_word' id='word_1_81' title='bbox 3843 758 3909 817; x_wconf 79' lang='grc' dir='ltr'>ὥς</span> 
     </span>
    </p>
   </div>
   <div class='ocr_carea' id='block_1_11' title="bbox 523 835 3913 923">
    <p class='ocr_par' dir='ltr' id='par_1_11' title="bbox 523 835 3913 923">
     <span class='ocr_line' id='line_1_11' title="bbox 523 835 3913 923; baseline 0.002 -29"><span class='ocrx_word' id='word_1_82' title='bbox 523 840 612 894; x_wconf 85' lang='grc' dir='ltr'>καὶ</span> <span class='ocrx_word' id='word_1_83' title='bbox 659 843 687 895; x_wconf 77' lang='grc' dir='ltr'><strong>ὁ</strong></span> <span class='ocrx_word' id='word_1_84' title='bbox 717 841 857 921; x_wconf 89' lang='grc' dir='ltr'>βίος,</span> <span class='ocrx_word' id='word_1_85' title='bbox 904 841 965 896; x_wconf 86' lang='grc' dir='ltr'>ἐκ</span> <span class='ocrx_word' id='word_1_86' title='bbox 1019 842 1119 919; x_wconf 80' lang='grc' dir='ltr'>γὰρ</span> <span class='ocrx_word' id='word_1_87' title='bbox 1172 842 1265 897; x_wconf 78' lang='grc' dir='ltr'>τοῦ</span> <span class='ocrx_word' id='word_1_88' title='bbox 1320 842 1737 919; x_wconf 78' lang='grc' dir='ltr'>περισσεύματος</span> <span class='ocrx_word' id='word_1_89' title='bbox 1795 839 1892 907; x_wconf 75' lang='grc' dir='ltr'>τῆς</span> <span class='ocrx_word' id='word_1_90' title='bbox 1951 836 2164 917; x_wconf 80' lang='grc' dir='ltr'>καρδίας</span> <span class='ocrx_word' id='word_1_91' title='bbox 2224 835 2433 916; x_wconf 88' lang='grc' dir='ltr'>λέγετε,</span> <span class='ocrx_word' id='word_1_92' title='bbox 2496 844 2616 902; x_wconf 84' lang='grc' dir='ltr'>Πῶς</span> <span class='ocrx_word' id='word_1_93' title='bbox 2673 840 2845 898; x_wconf 84' lang='grc' dir='ltr'>τοίνυν</span> <span class='ocrx_word' id='word_1_94' title='bbox 2908 839 3112 919; x_wconf 73' lang='grc' dir='ltr'>ἑτέρους</span> <span class='ocrx_word' id='word_1_95' title='bbox 3170 840 3508 922; x_wconf 84' lang='grc' dir='ltr'>διορθώσεσθε</span> <span class='ocrx_word' id='word_1_96' title='bbox 3540 866 3557 881; x_wconf 88' lang='grc'><strong>·</strong></span> <span class='ocrx_word' id='word_1_97' title='bbox 3590 846 3691 901; x_wconf 79' lang='grc' dir='ltr'>καὶ</span> <span class='ocrx_word' id='word_1_98' title='bbox 3728 846 3913 923; x_wconf 72' lang='grc' dir='ltr'>ἑτέρων</span> 
     </span>
    </p>
   </div>
   <div class='ocr_carea' id='block_1_12' title="bbox 523 928 2151 1007">
    <p class='ocr_par' dir='ltr' id='par_1_12' title="bbox 523 928 2151 1007">
     <span class='ocr_line' id='line_1_12' title="bbox 523 928 2151 1007; baseline 0.001 -25"><span class='ocrx_word' id='word_1_99' title='bbox 523 928 885 1006; x_wconf 77' lang='grc' dir='ltr'>ἁμαρτήματα</span> <span class='ocrx_word' id='word_1_100' title='bbox 927 929 1205 1001; x_wconf 77' lang='grc' dir='ltr'>κολάσετε,</span> <span class='ocrx_word' id='word_1_101' title='bbox 1241 931 1387 988; x_wconf 77' lang='grc' dir='ltr'>αὐτοὶ</span> <span class='ocrx_word' id='word_1_102' title='bbox 1417 931 1482 985; x_wconf 77' lang='grc' dir='ltr'>τὰ</span> <span class='ocrx_word' id='word_1_103' title='bbox 1512 931 1675 1005; x_wconf 80' lang='grc' dir='ltr'>μείζω</span> <span class='ocrx_word' id='word_1_104' title='bbox 1706 930 2096 1007; x_wconf 80' lang='grc' dir='ltr'>ἁμαρτάνοντες</span> <span class='ocrx_word' id='word_1_105' title='bbox 2135 946 2151 1001; x_wconf 85' lang='grc'>;</span> 
     </span>
    </p>
   </div>
   <div class='ocr_carea' id='block_1_13' title="bbox 601 1014 2130 1101">
    <p class='ocr_par' dir='ltr' id='par_1_13' title="bbox 601 1015 2130 1091">
     <span class='ocr_line' id='line_1_13' title="bbox 601 1015 2130 1091; baseline -0.003 -11"><span class='ocrx_word' id='word_1_106' title='bbox 601 1016 782 1083; x_wconf 66' lang='lat' dir='ltr'>Vens.</span> <span class='ocrx_word' id='word_1_107' title='bbox 816 1020 1036 1082; x_wconf 75' lang='lat'>46—49.</span> <span class='ocrx_word' id='word_1_108' title='bbox 1067 1017 1249 1089; x_wconf 73' lang='lat' dir='ltr'>«Quid</span> <span class='ocrx_word' id='word_1_109' title='bbox 1281 1026 1475 1079; x_wconf 91' lang='lat' dir='ltr'>autem</span> <span class='ocrx_word' id='word_1_110' title='bbox 1508 1018 1727 1081; x_wconf 92' lang='lat' dir='ltr'>vocatis</span> <span class='ocrx_word' id='word_1_111' title='bbox 1748 1036 1866 1091; x_wconf 88' lang='lat' dir='ltr'>me,</span> <span class='ocrx_word' id='word_1_112' title='bbox 1902 1015 2130 1078; x_wconf 76' lang='lat' dir='ltr'>Domini</span> 
     </span>
    </p>
   </div>
   <div class='ocr_carea' id='block_1_14' title="bbox 2214 1014 3916 1101">
    <p class='ocr_par' dir='ltr' id='par_1_14' title="bbox 2349 1014 3916 1101">
     <span class='ocr_line' id='line_1_14' title="bbox 2349 1014 3916 1101; baseline 0.005 -29"><span class='ocrx_word' id='word_1_113' title='bbox 2349 1036 2373 1072; x_wconf 72' lang='grc' dir='ltr'>ι</span> <span class='ocrx_word' id='word_1_114' title='bbox 2447 1018 2506 1075; x_wconf 84' lang='grc' dir='ltr'>Τί</span> <span class='ocrx_word' id='word_1_115' title='bbox 2570 1014 2623 1073; x_wconf 81' lang='grc' dir='ltr'>δὲ</span> <span class='ocrx_word' id='word_1_116' title='bbox 2655 1038 2723 1093; x_wconf 86' lang='grc' dir='ltr'>με</span> <span class='ocrx_word' id='word_1_117' title='bbox 2766 1015 3006 1098; x_wconf 82' lang='grc' dir='ltr'>καλεῖτε,</span> <span class='ocrx_word' id='word_1_118' title='bbox 3046 1020 3227 1100; x_wconf 81' lang='grc' dir='ltr'>Κύριε,</span> <span class='ocrx_word' id='word_1_119' title='bbox 3258 1017 3441 1101; x_wconf 84' lang='grc' dir='ltr'>Κύριε,</span> <span class='ocrx_word' id='word_1_120' title='bbox 3475 1022 3562 1078; x_wconf 75' lang='grc' dir='ltr'>καὶ</span> <span class='ocrx_word' id='word_1_121' title='bbox 3590 1022 3658 1079; x_wconf 72' lang='grc' dir='ltr'>οὗ</span> <span class='ocrx_word' id='word_1_122' title='bbox 3714 1038 3916 1080; x_wconf 76' lang='grc' dir='ltr'>ποιεῖτε</span> 
     </span>
    </p>
   </div>
   <div class='ocr_carea' id='block_1_15' title="bbox 520 1102 2130 1189">
    <p class='ocr_par' dir='ltr' id='par_1_15' title="bbox 520 1102 2126 1188">
     <span class='ocr_line' id='line_1_15' title="bbox 520 1102 2126 1188; baseline -0.001 -22"><span class='ocrx_word' id='word_1_123' title='bbox 520 1102 798 1184; x_wconf 91' lang='lat' dir='ltr'>Domine,</span> <span class='ocrx_word' id='word_1_124' title='bbox 834 1119 891 1170; x_wconf 92' lang='lat' dir='ltr'>et</span> <span class='ocrx_word' id='word_1_125' title='bbox 922 1127 1038 1169; x_wconf 91' lang='lat' dir='ltr'>non</span> <span class='ocrx_word' id='word_1_126' title='bbox 1067 1107 1257 1169; x_wconf 83' lang='lat' dir='ltr'>facitis</span> <span class='ocrx_word' id='word_1_127' title='bbox 1298 1126 1429 1188; x_wconf 78' lang='lat' dir='ltr'>quae</span> <span class='ocrx_word' id='word_1_128' title='bbox 1478 1107 1645 1170; x_wconf 85' lang='lat' dir='ltr'>dico?</span> <span class='ocrx_word' id='word_1_129' title='bbox 1694 1106 1973 1186; x_wconf 88' lang='lat' dir='ltr'>Quisquis</span> <span class='ocrx_word' id='word_1_130' title='bbox 2017 1123 2126 1166; x_wconf 89' lang='lat' dir='ltr'>ven</span> 
     </span>
    </p>
   </div>
   <div class='ocr_carea' id='block_1_16' title="bbox 2214 1102 3918 1189">
    <p class='ocr_par' dir='ltr' id='par_1_16' title="bbox 2258 1104 3918 1189">
     <span class='ocr_line' id='line_1_16' title="bbox 2258 1104 3918 1189; baseline 0.005 -29"><span class='ocrx_word' id='word_1_131' title='bbox 2258 1104 2291 1160; x_wconf 71' lang='grc' dir='ltr'>ἃ</span> <span class='ocrx_word' id='word_1_132' title='bbox 2348 1104 2492 1183; x_wconf 81' lang='grc' dir='ltr'>λέγω</span> <span class='ocrx_word' id='word_1_133' title='bbox 2525 1125 2541 1183; x_wconf 85' lang='grc'><strong>;</strong></span> <span class='ocrx_word' id='word_1_134' title='bbox 2604 1112 2710 1171; x_wconf 85' lang='grc' dir='ltr'>Πᾶς</span> <span class='ocrx_word' id='word_1_135' title='bbox 2738 1109 2767 1164; x_wconf 88' lang='lat'>6</span> <span class='ocrx_word' id='word_1_136' title='bbox 2822 1107 3116 1186; x_wconf 70' lang='grc' dir='ltr'>ἐρχόμενος</span> <span class='ocrx_word' id='word_1_137' title='bbox 3141 1110 3270 1188; x_wconf 87' lang='grc' dir='ltr'>πρός</span> <span class='ocrx_word' id='word_1_138' title='bbox 3322 1132 3411 1187; x_wconf 84' lang='grc' dir='ltr'>με,</span> <span class='ocrx_word' id='word_1_139' title='bbox 3454 1114 3540 1168; x_wconf 86' lang='grc' dir='ltr'>καὶ</span> <span class='ocrx_word' id='word_1_140' title='bbox 3568 1114 3798 1169; x_wconf 77' lang='grc' dir='ltr'>ἀκούων</span> <span class='ocrx_word' id='word_1_141' title='bbox 3827 1135 3918 1189; x_wconf 73' lang='grc' dir='ltr'>μου</span> 
     </span>
    </p>
   </div>
   <div class='ocr_carea' id='block_1_17' title="bbox 519 1193 2130 1277">
    <p class='ocr_par' dir='ltr' id='par_1_17' title="bbox 519 1194 2130 1276">
     <span class='ocr_line' id='line_1_17' title="bbox 519 1194 2130 1276; baseline -0.001 -21"><span class='ocrx_word' id='word_1_142' title='bbox 519 1194 592 1256; x_wconf 94' lang='lat' dir='ltr'>ad</span> <span class='ocrx_word' id='word_1_143' title='bbox 620 1214 739 1273; x_wconf 93' lang='lat' dir='ltr'>me,</span> <span class='ocrx_word' id='word_1_144' title='bbox 777 1205 835 1258; x_wconf 92' lang='lat' dir='ltr'>et</span> <span class='ocrx_word' id='word_1_145' title='bbox 864 1196 1027 1258; x_wconf 81' lang='lat' dir='ltr'>audit</span> <span class='ocrx_word' id='word_1_146' title='bbox 1057 1214 1368 1257; x_wconf 81' lang='lat' dir='ltr'>sermones</span> <span class='ocrx_word' id='word_1_147' title='bbox 1391 1206 1645 1276; x_wconf 87' lang='lat' dir='ltr'>meos,et</span> <span class='ocrx_word' id='word_1_148' title='bbox 1682 1196 1816 1257; x_wconf 85' lang='lat' dir='ltr'>facit</span> <span class='ocrx_word' id='word_1_149' title='bbox 1846 1204 2130 1268; x_wconf 82' lang='lat' dir='ltr'>eos,oster</span> 
     </span>
    </p>
   </div>
   <div class='ocr_carea' id='block_1_18' title="bbox 2214 1193 3917 1277">
    <p class='ocr_par' dir='ltr' id='par_1_18' title="bbox 2253 1193 3917 1277">
     <span class='ocr_line' id='line_1_18' title="bbox 2253 1193 3917 1277; baseline 0.006 -28"><span class='ocrx_word' id='word_1_150' title='bbox 2253 1200 2358 1250; x_wconf 84' lang='grc' dir='ltr'>τῶν</span> <span class='ocrx_word' id='word_1_151' title='bbox 2429 1193 2627 1273; x_wconf 89' lang='grc' dir='ltr'>λόγων,</span> <span class='ocrx_word' id='word_1_152' title='bbox 2690 1197 2782 1252; x_wconf 86' lang='grc' dir='ltr'>καὶ</span> <span class='ocrx_word' id='word_1_153' title='bbox 2835 1203 3004 1253; x_wconf 81' lang='grc' dir='ltr'>ποιῶν</span> <span class='ocrx_word' id='word_1_154' title='bbox 3061 1199 3273 1273; x_wconf 77' lang='grc' dir='ltr'>αὐτοὺς,</span> <span class='ocrx_word' id='word_1_155' title='bbox 3346 1200 3603 1267; x_wconf 75' lang='grc' dir='ltr'>ὑποδείξω</span> <span class='ocrx_word' id='word_1_156' title='bbox 3656 1204 3800 1277; x_wconf 78' lang='grc' dir='ltr'>ὑμῖν</span> <span class='ocrx_word' id='word_1_157' title='bbox 3828 1205 3917 1259; x_wconf 80' lang='grc' dir='ltr'>τίνι</span> 
     </span>
    </p>
   </div>
   <div class='ocr_carea' id='block_1_19' title="bbox 520 1275 2130 1367">
    <p class='ocr_par' dir='ltr' id='par_1_19' title="bbox 520 1282 2125 1348">
     <span class='ocr_line' id='line_1_19' title="bbox 520 1282 2125 1348; baseline -0.001 -3"><span class='ocrx_word' id='word_1_158' title='bbox 520 1282 655 1345; x_wconf 87' lang='lat' dir='ltr'>dam</span> <span class='ocrx_word' id='word_1_159' title='bbox 687 1285 850 1348; x_wconf 91' lang='lat' dir='ltr'>vobis</span> <span class='ocrx_word' id='word_1_160' title='bbox 880 1288 974 1347; x_wconf 91' lang='lat' dir='ltr'>cui</span> <span class='ocrx_word' id='word_1_161' title='bbox 1009 1285 1221 1347; x_wconf 89' lang='lat' dir='ltr'>similis</span> <span class='ocrx_word' id='word_1_162' title='bbox 1243 1285 1338 1346; x_wconf 91' lang='lat' dir='ltr'>sit.</span> <span class='ocrx_word' id='word_1_163' title='bbox 1370 1284 1591 1347; x_wconf 86' lang='lat' dir='ltr'>Similis</span> <span class='ocrx_word' id='word_1_164' title='bbox 1614 1295 1702 1346; x_wconf 89' lang='lat' dir='ltr'>est</span> <span class='ocrx_word' id='word_1_165' title='bbox 1720 1284 1945 1345; x_wconf 92' lang='lat' dir='ltr'>homini</span> <span class='ocrx_word' id='word_1_166' title='bbox 1972 1283 2125 1345; x_wconf 63' lang='lat' dir='ltr'>aedili</span> 
     </span>
    </p>
   </div>
   <div class='ocr_carea' id='block_1_20' title="bbox 2214 1275 3918 1367">
    <p class='ocr_par' dir='ltr' id='par_1_20' title="bbox 2251 1275 3918 1367">
     <span class='ocr_line' id='line_1_20' title="bbox 2251 1275 3918 1367; baseline 0.004 -29"><span class='ocrx_word' id='word_1_167' title='bbox 2251 1282 2387 1340; x_wconf 79' lang='grc' dir='ltr'>ἐστὶν</span> <span class='ocrx_word' id='word_1_168' title='bbox 2444 1285 2652 1359; x_wconf 79' lang='grc' dir='ltr'>ὅμοιος.</span> <span class='ocrx_word' id='word_1_169' title='bbox 2714 1275 2950 1361; x_wconf 77' lang='grc' dir='ltr'>”Ομοιός</span> <span class='ocrx_word' id='word_1_170' title='bbox 3003 1288 3147 1343; x_wconf 66' lang='grc' dir='ltr'>ἔστιν</span> <span class='ocrx_word' id='word_1_171' title='bbox 3232 1288 3493 1367; x_wconf 77' lang='grc' dir='ltr'>ἀνθρώπῳ</span> <span class='ocrx_word' id='word_1_172' title='bbox 3537 1275 3918 1365; x_wconf 72' lang='grc' dir='ltr'>οἰκοδομοῦντι</span> 
     </span>
    </p>
   </div>
   <div class='ocr_carea' id='block_1_21' title="bbox 520 1372 2130 1456">
    <p class='ocr_par' dir='ltr' id='par_1_21' title="bbox 520 1373 2128 1455">
     <span class='ocr_line' id='line_1_21' title="bbox 520 1373 2128 1455; baseline 0.001 -22"><span class='ocrx_word' id='word_1_173' title='bbox 520 1374 679 1434; x_wconf 88' lang='lat' dir='ltr'>canti</span> <span class='ocrx_word' id='word_1_174' title='bbox 710 1374 980 1455; x_wconf 89' lang='lat' dir='ltr'>domum,</span> <span class='ocrx_word' id='word_1_175' title='bbox 1016 1374 1115 1454; x_wconf 89' lang='lat' dir='ltr'>qui</span> <span class='ocrx_word' id='word_1_176' title='bbox 1141 1373 1284 1434; x_wconf 87' lang='lat' dir='ltr'>fodit</span> <span class='ocrx_word' id='word_1_177' title='bbox 1302 1374 1360 1433; x_wconf 90' lang='lat' dir='ltr'>in</span> <span class='ocrx_word' id='word_1_178' title='bbox 1390 1374 1596 1449; x_wconf 91' lang='lat' dir='ltr'>altum,</span> <span class='ocrx_word' id='word_1_179' title='bbox 1630 1382 1687 1435; x_wconf 89' lang='lat' dir='ltr'>et</span> <span class='ocrx_word' id='word_1_180' title='bbox 1718 1373 1912 1453; x_wconf 81' lang='lat' dir='ltr'>posuit</span> <span class='ocrx_word' id='word_1_181' title='bbox 1948 1373 2128 1435; x_wconf 89' lang='lat' dir='ltr'>funda</span> 
     </span>
    </p>
   </div>
   <div class='ocr_carea' id='block_1_22' title="bbox 2214 1372 3918 1456">
    <p class='ocr_par' dir='ltr' id='par_1_22' title="bbox 2245 1372 3918 1456">
     <span class='ocr_line' id='line_1_22' title="bbox 2245 1372 3918 1456; baseline 0.005 -29"><span class='ocrx_word' id='word_1_182' title='bbox 2245 1372 2436 1448; x_wconf 86' lang='grc' dir='ltr'>οἰκίαν,</span> <span class='ocrx_word' id='word_1_183' title='bbox 2491 1374 2549 1437; x_wconf 84' lang='grc' dir='ltr'>ὃς</span> <span class='ocrx_word' id='word_1_184' title='bbox 2601 1373 2800 1450; x_wconf 73' lang='grc' dir='ltr'>έσκαψε</span> <span class='ocrx_word' id='word_1_185' title='bbox 2861 1376 2947 1431; x_wconf 85' lang='grc' dir='ltr'>καὶ</span> <span class='ocrx_word' id='word_1_186' title='bbox 3004 1373 3238 1456; x_wconf 57' lang='lat' dir='ltr'>tamn,</span> <span class='ocrx_word' id='word_1_187' title='bbox 3311 1381 3398 1434; x_wconf 80' lang='grc' dir='ltr'>καὶ</span> <span class='ocrx_word' id='word_1_188' title='bbox 3447 1379 3604 1447; x_wconf 79' lang='grc' dir='ltr'>ἔθηκε</span> <span class='ocrx_word' id='word_1_189' title='bbox 3660 1380 3918 1455; x_wconf 72' lang='grc' dir='ltr'>θεμέλιον</span> 
     </span>
    </p>
   </div>
   <div class='ocr_carea' id='block_1_23' title="bbox 517 1461 2130 1549">
    <p class='ocr_par' dir='ltr' id='par_1_23' title="bbox 517 1461 2130 1544">
     <span class='ocr_line' id='line_1_23' title="bbox 517 1461 2130 1544; baseline 0.001 -22"><span class='ocrx_word' id='word_1_190' title='bbox 517 1472 782 1525; x_wconf 90' lang='lat' dir='ltr'>mentum</span> <span class='ocrx_word' id='word_1_191' title='bbox 817 1483 996 1544; x_wconf 85' lang='lat' dir='ltr'><strong>super</strong></span> <span class='ocrx_word' id='word_1_192' title='bbox 1026 1472 1275 1544; x_wconf 81' lang='lat' dir='ltr'>petram.</span> <span class='ocrx_word' id='word_1_193' title='bbox 1328 1461 1719 1524; x_wconf 89' lang='lat' dir='ltr'>Inundatione</span> <span class='ocrx_word' id='word_1_194' title='bbox 1749 1472 1943 1523; x_wconf 88' lang='lat' dir='ltr'>autem</span> <span class='ocrx_word' id='word_1_195' title='bbox 1988 1462 2130 1523; x_wconf 85' lang='lat' dir='ltr'>facta</span> 
     </span>
    </p>
   </div>
   <div class='ocr_carea' id='block_1_24' title="bbox 2214 1461 3919 1549">
    <p class='ocr_par' dir='ltr' id='par_1_24' title="bbox 2242 1462 3919 1549">
     <span class='ocr_line' id='line_1_24' title="bbox 2242 1462 3919 1549; baseline 0.007 -32"><span class='ocrx_word' id='word_1_196' title='bbox 2242 1464 2329 1519; x_wconf 72' lang='grc' dir='ltr'>ὶπὶ</span> <span class='ocrx_word' id='word_1_197' title='bbox 2402 1465 2499 1531; x_wconf 80' lang='grc' dir='ltr'>τὴν</span> <span class='ocrx_word' id='word_1_198' title='bbox 2550 1462 2770 1542; x_wconf 73' lang='grc' dir='ltr'>πέτραν.</span> <span class='ocrx_word' id='word_1_199' title='bbox 2816 1466 3145 1544; x_wconf 56' lang='grc' dir='ltr'>Πλημμύρας</span> <span class='ocrx_word' id='word_1_200' title='bbox 3204 1464 3259 1522; x_wconf 76' lang='grc' dir='ltr'>δὲ</span> <span class='ocrx_word' id='word_1_201' title='bbox 3288 1469 3606 1546; x_wconf 82' lang='grc' dir='ltr'>γενομένης,</span> <span class='ocrx_word' id='word_1_202' title='bbox 3670 1472 3919 1549; x_wconf 76' lang='grc' dir='ltr'>προσέρ-</span> 
     </span>
    </p>
   </div>
   <div class='ocr_carea' id='block_1_25' title="bbox 516 1550 2130 1638">
    <p class='ocr_par' dir='ltr' id='par_1_25' title="bbox 516 1550 2130 1631">
     <span class='ocr_line' id='line_1_25' title="bbox 516 1550 2130 1631; baseline 0 -20"><span class='ocrx_word' id='word_1_203' title='bbox 516 1550 735 1614; x_wconf 88' lang='lat' dir='ltr'>illisum</span> <span class='ocrx_word' id='word_1_204' title='bbox 770 1562 859 1615; x_wconf 91' lang='lat' dir='ltr'>est</span> <span class='ocrx_word' id='word_1_205' title='bbox 889 1554 1111 1614; x_wconf 88' lang='lat' dir='ltr'>ﬂumen</span> <span class='ocrx_word' id='word_1_206' title='bbox 1141 1552 1344 1614; x_wconf 91' lang='lat' dir='ltr'>domui</span> <span class='ocrx_word' id='word_1_207' title='bbox 1397 1551 1505 1626; x_wconf 85' lang='lat' dir='ltr'>illi,</span> <span class='ocrx_word' id='word_1_208' title='bbox 1543 1560 1600 1611; x_wconf 89' lang='lat' dir='ltr'>et</span> <span class='ocrx_word' id='word_1_209' title='bbox 1647 1569 1764 1612; x_wconf 91' lang='lat' dir='ltr'>non</span> <span class='ocrx_word' id='word_1_210' title='bbox 1813 1550 1999 1631; x_wconf 91' lang='lat' dir='ltr'>potuit</span> <span class='ocrx_word' id='word_1_211' title='bbox 2028 1569 2130 1612; x_wconf 91' lang='lat' dir='ltr'>ean</span> 
     </span>
    </p>
   </div>
   <div class='ocr_carea' id='block_1_26' title="bbox 2214 1550 3913 1638">
    <p class='ocr_par' dir='ltr' id='par_1_26' title="bbox 2241 1552 3913 1638">
     <span class='ocr_line' id='line_1_26' title="bbox 2241 1552 3913 1638; baseline 0.003 -29"><span class='ocrx_word' id='word_1_212' title='bbox 2241 1552 2394 1629; x_wconf 79' lang='grc' dir='ltr'>ῥηξεν</span> <span class='ocrx_word' id='word_1_213' title='bbox 2446 1555 2474 1609; x_wconf 81' lang='grc' dir='ltr'><em>ὃ</em></span> <span class='ocrx_word' id='word_1_214' title='bbox 2532 1554 2773 1628; x_wconf 86' lang='grc' dir='ltr'>ποταμὸς</span> <span class='ocrx_word' id='word_1_215' title='bbox 2828 1558 2896 1629; x_wconf 77' lang='grc' dir='ltr'>τῇ</span> <span class='ocrx_word' id='word_1_216' title='bbox 2952 1555 3087 1626; x_wconf 81' lang='grc' dir='ltr'>οἰκίᾳ</span> <span class='ocrx_word' id='word_1_217' title='bbox 3142 1553 3340 1632; x_wconf 73' lang='grc' dir='ltr'>ἐκείνῃ,</span> <span class='ocrx_word' id='word_1_218' title='bbox 3401 1559 3489 1614; x_wconf 79' lang='grc' dir='ltr'>καὶ</span> <span class='ocrx_word' id='word_1_219' title='bbox 3546 1561 3643 1616; x_wconf 72' lang='grc' dir='ltr'>οὐκ</span> <span class='ocrx_word' id='word_1_220' title='bbox 3716 1559 3913 1638; x_wconf 46' lang='lat' dir='ltr'>{cum</span> 
     </span>
    </p>
   </div>
   <div class='ocr_carea' id='block_1_27' title="bbox 515 1638 2130 1723">
    <p class='ocr_par' dir='ltr' id='par_1_27' title="bbox 515 1638 2130 1723">
     <span class='ocr_line' id='line_1_27' title="bbox 515 1638 2130 1723; baseline -0.001 -22"><span class='ocrx_word' id='word_1_221' title='bbox 515 1658 777 1723; x_wconf 90' lang='lat' dir='ltr'>movere,</span> <span class='ocrx_word' id='word_1_222' title='bbox 808 1642 1050 1705; x_wconf 88' lang='lat' dir='ltr'>fundata</span> <span class='ocrx_word' id='word_1_223' title='bbox 1076 1642 1233 1703; x_wconf 91' lang='lat' dir='ltr'>enim</span> <span class='ocrx_word' id='word_1_224' title='bbox 1268 1650 1395 1702; x_wconf 91' lang='lat' dir='ltr'>erat</span> <span class='ocrx_word' id='word_1_225' title='bbox 1415 1658 1596 1720; x_wconf 85' lang='lat' dir='ltr'>super</span> <span class='ocrx_word' id='word_1_226' title='bbox 1622 1648 1876 1721; x_wconf 86' lang='lat' dir='ltr'>petram.</span> <span class='ocrx_word' id='word_1_227' title='bbox 1907 1638 2016 1712; x_wconf 89' lang='lat' dir='ltr'>Qui</span> <span class='ocrx_word' id='word_1_228' title='bbox 2046 1659 2130 1700; x_wconf 23' lang='lat' dir='ltr'>aut</span> 
     </span>
    </p>
   </div>
   <div class='ocr_carea' id='block_1_28' title="bbox 2214 1638 3903 1723">
    <p class='ocr_par' dir='ltr' id='par_1_28' title="bbox 2241 1639 3903 1723">
     <span class='ocr_line' id='line_1_28' title="bbox 2241 1639 3903 1723; baseline 0.004 -28"><span class='ocrx_word' id='word_1_229' title='bbox 2241 1639 2489 1723; x_wconf 81' lang='grc' dir='ltr'>σαλεῦσαι</span> <span class='ocrx_word' id='word_1_230' title='bbox 2546 1642 2735 1711; x_wconf 74' lang='grc' dir='ltr'>αὐτήνο</span> <span class='ocrx_word' id='word_1_231' title='bbox 2794 1640 3143 1717; x_wconf 87' lang='grc' dir='ltr'>τεθεμελίωτο</span> <span class='ocrx_word' id='word_1_232' title='bbox 3213 1645 3313 1723; x_wconf 78' lang='grc' dir='ltr'>γὰρ</span> <span class='ocrx_word' id='word_1_233' title='bbox 3369 1644 3453 1702; x_wconf 68' lang='grc' dir='ltr'>ἐπὶ</span> <span class='ocrx_word' id='word_1_234' title='bbox 3510 1647 3606 1715; x_wconf 78' lang='grc' dir='ltr'>τὴν</span> <span class='ocrx_word' id='word_1_235' title='bbox 3672 1646 3903 1719; x_wconf 76' lang='grc' dir='ltr'>πέτραν,</span> 
     </span>
    </p>
   </div>
   <div class='ocr_carea' id='block_1_29' title="bbox 513 1719 2130 1811">
    <p class='ocr_par' dir='ltr' id='par_1_29' title="bbox 513 1719 2130 1810">
     <span class='ocr_line' id='line_1_29' title="bbox 513 1719 2130 1810; baseline 0 -21"><span class='ocrx_word' id='word_1_236' title='bbox 513 1736 630 1790; x_wconf 88' lang='lat' dir='ltr'>tem</span> <span class='ocrx_word' id='word_1_237' title='bbox 663 1719 906 1810; x_wconf 83' lang='lat' dir='ltr'>audivit,</span> <span class='ocrx_word' id='word_1_238' title='bbox 942 1741 999 1793; x_wconf 89' lang='lat' dir='ltr'>et</span> <span class='ocrx_word' id='word_1_239' title='bbox 1032 1750 1152 1793; x_wconf 89' lang='lat' dir='ltr'>non</span> <span class='ocrx_word' id='word_1_240' title='bbox 1199 1730 1358 1810; x_wconf 86' lang='lat' dir='ltr'>fecit,</span> <span class='ocrx_word' id='word_1_241' title='bbox 1392 1719 1639 1791; x_wconf 57' lang='lat' dir='ltr'>similis</span> <span class='ocrx_word' id='word_1_242' title='bbox 1662 1738 1750 1790; x_wconf 91' lang='lat' dir='ltr'>est</span> <span class='ocrx_word' id='word_1_243' title='bbox 1800 1728 2027 1789; x_wconf 89' lang='lat' dir='ltr'>homini</span> <span class='ocrx_word' id='word_1_244' title='bbox 2059 1748 2130 1810; x_wconf 91' lang='lat' dir='ltr'>qu</span> 
     </span>
    </p>
   </div>
   <div class='ocr_carea' id='block_1_30' title="bbox 2214 1719 3908 1811">
    <p class='ocr_par' dir='ltr' id='par_1_30' title="bbox 2214 1719 3908 1811">
     <span class='ocr_line' id='line_1_30' title="bbox 2214 1719 3908 1811; baseline 0.004 -27"><span class='ocrx_word' id='word_1_245' title='bbox 2214 1719 2300 1795; x_wconf 49' lang='grc'>,(0</span> <span class='ocrx_word' id='word_1_246' title='bbox 2357 1727 2411 1785; x_wconf 82' lang='grc' dir='ltr'>δὲ</span> <span class='ocrx_word' id='word_1_247' title='bbox 2483 1729 2712 1796; x_wconf 83' lang='grc' dir='ltr'>ἀκούσας</span> <span class='ocrx_word' id='word_1_248' title='bbox 2761 1731 2849 1787; x_wconf 84' lang='grc' dir='ltr'>καὶ</span> <span class='ocrx_word' id='word_1_249' title='bbox 2906 1731 2985 1806; x_wconf 78' lang='grc' dir='ltr'>μὴ</span> <span class='ocrx_word' id='word_1_250' title='bbox 3056 1719 3305 1809; x_wconf 75' lang='grc' dir='ltr'>ποιήσας,</span> <span class='ocrx_word' id='word_1_251' title='bbox 3372 1733 3557 1811; x_wconf 77' lang='grc' dir='ltr'>ὅμοιός</span> <span class='ocrx_word' id='word_1_252' title='bbox 3607 1736 3769 1792; x_wconf 79' lang='grc' dir='ltr'>ἐστιν</span> <span class='ocrx_word' id='word_1_253' title='bbox 3820 1736 3908 1791; x_wconf 86' lang='grc' dir='ltr'>ἆν-</span> 
     </span>
    </p>
   </div>
   <div class='ocr_carea' id='block_1_31' title="bbox 511 1816 2130 1904">
    <p class='ocr_par' dir='ltr' id='par_1_31' title="bbox 511 1817 2129 1899">
     <span class='ocr_line' id='line_1_31' title="bbox 511 1817 2129 1899; baseline -0.001 -19"><span class='ocrx_word' id='word_1_254' title='bbox 511 1819 819 1882; x_wconf 67' lang='lat' dir='ltr'>aedificavit</span> <span class='ocrx_word' id='word_1_255' title='bbox 846 1821 1087 1883; x_wconf 91' lang='lat' dir='ltr'>domum</span> <span class='ocrx_word' id='word_1_256' title='bbox 1121 1839 1285 1882; x_wconf 90' lang='lat' dir='ltr'>suam</span> <span class='ocrx_word' id='word_1_257' title='bbox 1319 1837 1499 1899; x_wconf 85' lang='lat' dir='ltr'>super</span> <span class='ocrx_word' id='word_1_258' title='bbox 1531 1828 1744 1880; x_wconf 86' lang='lat' dir='ltr'>terram</span> <span class='ocrx_word' id='word_1_259' title='bbox 1777 1817 1999 1899; x_wconf 91' lang='lat' dir='ltr'>absque</span> <span class='ocrx_word' id='word_1_260' title='bbox 2028 1818 2129 1879; x_wconf 90' lang='lat' dir='ltr'>fun</span> 
     </span>
    </p>
   </div>
   <div class='ocr_carea' id='block_1_32' title="bbox 2214 1816 3907 1904">
    <p class='ocr_par' dir='ltr' id='par_1_32' title="bbox 2236 1816 3907 1904">
     <span class='ocr_line' id='line_1_32' title="bbox 2236 1816 3907 1904; baseline 0.004 -30"><span class='ocrx_word' id='word_1_261' title='bbox 2236 1818 2429 1895; x_wconf 85' lang='grc' dir='ltr'>θρώπῳ</span> <span class='ocrx_word' id='word_1_262' title='bbox 2487 1816 2892 1895; x_wconf 78' lang='grc' dir='ltr'>οἰκοδομήσαντι</span> <span class='ocrx_word' id='word_1_263' title='bbox 2951 1822 3119 1877; x_wconf 71' lang='grc' dir='ltr'>οἰκίαν</span> <span class='ocrx_word' id='word_1_264' title='bbox 3168 1821 3253 1878; x_wconf 76' lang='grc' dir='ltr'>ἐπὶ</span> <span class='ocrx_word' id='word_1_265' title='bbox 3321 1824 3418 1891; x_wconf 68' lang='grc' dir='ltr'>τὴν</span> <span class='ocrx_word' id='word_1_266' title='bbox 3449 1830 3553 1903; x_wconf 81' lang='grc' dir='ltr'>γῆν</span> <span class='ocrx_word' id='word_1_267' title='bbox 3584 1827 3769 1904; x_wconf 81' lang='grc' dir='ltr'>χωρὶς</span> <span class='ocrx_word' id='word_1_268' title='bbox 3816 1829 3907 1882; x_wconf 83' lang='grc' dir='ltr'>θε-</span> 
     </span>
    </p>
   </div>
   <div class='ocr_carea' id='block_1_33' title="bbox 510 1905 2130 1994">
    <p class='ocr_par' dir='ltr' id='par_1_33' title="bbox 510 1906 2130 1991">
     <span class='ocr_line' id='line_1_33' title="bbox 510 1906 2130 1991; baseline -0.004 -22"><span class='ocrx_word' id='word_1_269' title='bbox 510 1907 809 1987; x_wconf 90' lang='lat' dir='ltr'>damento,</span> <span class='ocrx_word' id='word_1_270' title='bbox 845 1911 905 1971; x_wconf 90' lang='lat' dir='ltr'>in</span> <span class='ocrx_word' id='word_1_271' title='bbox 928 1910 1323 1991; x_wconf 65' lang='lat' dir='ltr'>quam‘illisus</span> <span class='ocrx_word' id='word_1_272' title='bbox 1353 1917 1442 1970; x_wconf 92' lang='lat' dir='ltr'>est</span> <span class='ocrx_word' id='word_1_273' title='bbox 1470 1908 1705 1983; x_wconf 86' lang='lat' dir='ltr'>ﬂuvius,</span> <span class='ocrx_word' id='word_1_274' title='bbox 1762 1920 1819 1971; x_wconf 92' lang='lat' dir='ltr'>et</span> <span class='ocrx_word' id='word_1_275' title='bbox 1869 1906 2130 1969; x_wconf 69' lang='lat' dir='ltr'>continui</span> 
     </span>
    </p>
   </div>
   <div class='ocr_carea' id='block_1_34' title="bbox 2214 1905 3902 1994">
    <p class='ocr_par' dir='ltr' id='par_1_34' title="bbox 2238 1905 3902 1994">
     <span class='ocr_line' id='line_1_34' title="bbox 2238 1905 3902 1994; baseline 0.005 -32"><span class='ocrx_word' id='word_1_276' title='bbox 2238 1905 2440 1981; x_wconf 72' lang='grc' dir='ltr'>μελίου*</span> <span class='ocrx_word' id='word_1_277' title='bbox 2502 1912 2538 1985; x_wconf 71' lang='grc' dir='ltr'>ᾗ</span> <span class='ocrx_word' id='word_1_278' title='bbox 2582 1907 2931 1987; x_wconf 78' lang='grc' dir='ltr'>προσέῤῥηξεν</span> <span class='ocrx_word' id='word_1_279' title='bbox 2972 1910 3001 1966; x_wconf 85' lang='lat'>6</span> <span class='ocrx_word' id='word_1_280' title='bbox 3030 1912 3293 1985; x_wconf 79' lang='grc' dir='ltr'>ποταμὸς,</span> <span class='ocrx_word' id='word_1_281' title='bbox 3337 1914 3424 1968; x_wconf 82' lang='grc' dir='ltr'>καὶ</span> <span class='ocrx_word' id='word_1_282' title='bbox 3467 1912 3660 1978; x_wconf 73' lang='grc' dir='ltr'>εὐθέως</span> <span class='ocrx_word' id='word_1_283' title='bbox 3712 1913 3902 1994; x_wconf 77' lang='grc' dir='ltr'>ἔπεσε,</span> 
     </span>
    </p>
   </div>
   <div class='ocr_carea' id='block_1_35' title="bbox 509 1996 2130 2084">
    <p class='ocr_par' dir='ltr' id='par_1_35' title="bbox 509 1996 2130 2084">
     <span class='ocr_line' id='line_1_35' title="bbox 509 1996 2130 2084; baseline -0.004 -24"><span class='ocrx_word' id='word_1_284' title='bbox 509 1999 745 2084; x_wconf 68' lang='lat' dir='ltr'>cecidit,</span> <span class='ocrx_word' id='word_1_285' title='bbox 780 2009 836 2060; x_wconf 83' lang='lat' dir='ltr'>et</span> <span class='ocrx_word' id='word_1_286' title='bbox 869 2000 1018 2060; x_wconf 89' lang='lat' dir='ltr'>facta</span> <span class='ocrx_word' id='word_1_287' title='bbox 1068 2008 1157 2061; x_wconf 89' lang='lat' dir='ltr'>est</span> <span class='ocrx_word' id='word_1_288' title='bbox 1213 1999 1383 2059; x_wconf 89' lang='lat' dir='ltr'>ruina</span> <span class='ocrx_word' id='word_1_289' title='bbox 1414 1997 1627 2058; x_wconf 91' lang='lat' dir='ltr'>domus</span> <span class='ocrx_word' id='word_1_290' title='bbox 1658 1996 1819 2059; x_wconf 90' lang='lat' dir='ltr'>illius</span> <span class='ocrx_word' id='word_1_291' title='bbox 1852 2015 2082 2076; x_wconf 89' lang='lat' dir='ltr'>magna.</span> <span class='ocrx_word' id='word_1_292' title='bbox 2120 2024 2130 2053; x_wconf 74' lang='grc' dir='ltr'>ι</span> 
     </span>
    </p>
   </div>
   <div class='ocr_carea' id='block_1_36' title="bbox 2214 1996 3899 2084">
    <p class='ocr_par' dir='ltr' id='par_1_36' title="bbox 2235 1997 3899 2084">
     <span class='ocr_line' id='line_1_36' title="bbox 2235 1997 3899 2084; baseline 0.005 -32"><span class='ocrx_word' id='word_1_293' title='bbox 2235 1998 2323 2053; x_wconf 82' lang='grc' dir='ltr'>καὶ</span> <span class='ocrx_word' id='word_1_294' title='bbox 2374 1997 2584 2077; x_wconf 85' lang='grc' dir='ltr'>ἐγένετο</span> <span class='ocrx_word' id='word_1_295' title='bbox 2640 2021 2700 2055; x_wconf 85' lang='grc' dir='ltr'>το</span> <span class='ocrx_word' id='word_1_296' title='bbox 2729 2000 2910 2078; x_wconf 82' lang='grc' dir='ltr'>ῥῆγμα</span> <span class='ocrx_word' id='word_1_297' title='bbox 2938 2001 3039 2068; x_wconf 76' lang='grc' dir='ltr'>τῆς</span> <span class='ocrx_word' id='word_1_298' title='bbox 3068 2002 3232 2068; x_wconf 86' lang='grc' dir='ltr'>οἰκίας</span> <span class='ocrx_word' id='word_1_299' title='bbox 3275 2002 3483 2072; x_wconf 79' lang='grc' dir='ltr'>ἐκείνης</span> <span class='ocrx_word' id='word_1_300' title='bbox 3516 2005 3682 2084; x_wconf 83' lang='grc' dir='ltr'>μέγα.</span> <span class='ocrx_word' id='word_1_301' title='bbox 3731 2029 3759 2060; x_wconf 72' lang='grc' dir='ltr'>ι</span> <span class='ocrx_word' id='word_1_302' title='bbox 3800 2007 3899 2062; x_wconf 74' lang='grc' dir='ltr'>Καὶ</span> 
     </span>
    </p>
   </div>
   <div class='ocr_carea' id='block_1_37' title="bbox 507 2082 2130 2172">
    <p class='ocr_par' dir='ltr' id='par_1_37' title="bbox 507 2082 2130 2166">
     <span class='ocr_line' id='line_1_37' title="bbox 507 2082 2130 2166; baseline 0.002 -22"><span class='ocrx_word' id='word_1_303' title='bbox 507 2082 580 2145; x_wconf 90' lang='grc' dir='ltr'>Ει</span> <span class='ocrx_word' id='word_1_304' title='bbox 608 2086 718 2147; x_wconf 91' lang='lat' dir='ltr'>hoc</span> <span class='ocrx_word' id='word_1_305' title='bbox 768 2089 1104 2148; x_wconf 90' lang='lat' dir='ltr'>necessario</span> <span class='ocrx_word' id='word_1_306' title='bbox 1147 2086 1318 2147; x_wconf 91' lang='lat' dir='ltr'>nobis</span> <span class='ocrx_word' id='word_1_307' title='bbox 1352 2086 1589 2161; x_wconf 91' lang='lat' dir='ltr'>dicitur,</span> <span class='ocrx_word' id='word_1_308' title='bbox 1615 2086 1714 2165; x_wconf 87' lang='lat' dir='ltr'>qui</span> <span class='ocrx_word' id='word_1_309' title='bbox 1765 2104 1869 2147; x_wconf 91' lang='lat' dir='ltr'>ore</span> <span class='ocrx_word' id='word_1_310' title='bbox 1912 2086 2130 2166; x_wconf 86' lang='lat' dir='ltr'>quiden</span> 
     </span>
    </p>
   </div>
   <div class='ocr_carea' id='block_1_38' title="bbox 2214 2082 3899 2172">
    <p class='ocr_par' dir='ltr' id='par_1_38' title="bbox 2233 2082 3899 2172">
     <span class='ocr_line' id='line_1_38' title="bbox 2233 2082 3899 2172; baseline 0.004 -30"><span class='ocrx_word' id='word_1_311' title='bbox 2233 2093 2388 2144; x_wconf 82' lang='grc' dir='ltr'>τουτο</span> <span class='ocrx_word' id='word_1_312' title='bbox 2445 2086 2739 2166; x_wconf 75' lang='grc' dir='ltr'>ἀναγκαῖον</span> <span class='ocrx_word' id='word_1_313' title='bbox 2790 2110 2921 2166; x_wconf 89' lang='grc' dir='ltr'>προς</span> <span class='ocrx_word' id='word_1_314' title='bbox 2974 2091 3144 2166; x_wconf 77' lang='grc' dir='ltr'>ἡμᾶς,</span> <span class='ocrx_word' id='word_1_315' title='bbox 3200 2092 3321 2156; x_wconf 78' lang='grc' dir='ltr'>τοὺς</span> <span class='ocrx_word' id='word_1_316' title='bbox 3357 2082 3766 2172; x_wconf 72' lang='grc' dir='ltr'>ὁμολογοῦντας</span> <span class='ocrx_word' id='word_1_317' title='bbox 3799 2095 3899 2169; x_wconf 72' lang='grc' dir='ltr'>μὲν</span> 
     </span>
    </p>
   </div>
   <div class='ocr_carea' id='block_1_39' title="bbox 507 2174 2130 2262">
    <p class='ocr_par' dir='ltr' id='par_1_39' title="bbox 507 2174 2128 2254">
     <span class='ocr_line' id='line_1_39' title="bbox 507 2174 2128 2254; baseline 0.004 -23"><span class='ocrx_word' id='word_1_318' title='bbox 507 2174 803 2236; x_wconf 87' lang='lat' dir='ltr'>Christum</span> <span class='ocrx_word' id='word_1_319' title='bbox 828 2176 1202 2248; x_wconf 84' lang='lat' dir='ltr'>conﬁtemur,</span> <span class='ocrx_word' id='word_1_320' title='bbox 1237 2193 1418 2254; x_wconf 86' lang='lat' dir='ltr'>opere</span> <span class='ocrx_word' id='word_1_321' title='bbox 1438 2183 1637 2235; x_wconf 92' lang='lat' dir='ltr'>autem</span> <span class='ocrx_word' id='word_1_322' title='bbox 1667 2194 1950 2253; x_wconf 82' lang='lat' dir='ltr'>negamus</span> <span class='ocrx_word' id='word_1_323' title='bbox 1978 2177 2061 2237; x_wconf 72' lang='lat'>35.</span> <span class='ocrx_word' id='word_1_324' title='bbox 2089 2174 2128 2238; x_wconf 91' lang='lat' dir='ltr'>S</span> 
     </span>
    </p>
   </div>
   <div class='ocr_carea' id='block_1_40' title="bbox 2214 2174 3899 2262">
    <p class='ocr_par' dir='ltr' id='par_1_40' title="bbox 2233 2176 3899 2262">
     <span class='ocr_line' id='line_1_40' title="bbox 2233 2176 3899 2262; baseline 0.005 -32"><span class='ocrx_word' id='word_1_325' title='bbox 2233 2177 2388 2231; x_wconf 68' lang='grc' dir='ltr'>αὐτὸν</span> <span class='ocrx_word' id='word_1_326' title='bbox 2457 2190 2577 2240; x_wconf 76' lang='grc' dir='ltr'>τοῖς</span> <span class='ocrx_word' id='word_1_327' title='bbox 2632 2176 2836 2257; x_wconf 88' lang='grc' dir='ltr'>χείλεσι</span> <span class='ocrx_word' id='word_1_328' title='bbox 2911 2179 3117 2260; x_wconf 71' lang='grc' dir='ltr'>Κύριον,</span> <span class='ocrx_word' id='word_1_329' title='bbox 3148 2193 3268 2244; x_wconf 75' lang='grc' dir='ltr'>τοῖς</span> <span class='ocrx_word' id='word_1_330' title='bbox 3306 2178 3361 2236; x_wconf 81' lang='grc' dir='ltr'>δὲ</span> <span class='ocrx_word' id='word_1_331' title='bbox 3416 2181 3588 2262; x_wconf 81' lang='grc' dir='ltr'>ἔργοις</span> <span class='ocrx_word' id='word_1_332' title='bbox 3619 2182 3899 2262; x_wconf 77' lang='grc' dir='ltr'>ἀρνουμέο</span> 
     </span>
    </p>
   </div>
   <div class='ocr_carea' id='block_1_41' title="bbox 504 2262 2148 2343">
    <p class='ocr_par' dir='ltr' id='par_1_41' title="bbox 504 2262 2148 2343">
     <span class='ocr_line' id='line_1_41' title="bbox 504 2262 2148 2343; baseline 0.001 -19"><span class='ocrx_word' id='word_1_333' title='bbox 504 2262 664 2324; x_wconf 89' lang='lat' dir='ltr'>enim</span> <span class='ocrx_word' id='word_1_334' title='bbox 711 2263 996 2325; x_wconf 91' lang='lat' dir='ltr'>Dominus</span> <span class='ocrx_word' id='word_1_335' title='bbox 1027 2282 1181 2343; x_wconf 86' lang='lat' dir='ltr'>sum,</span> <span class='ocrx_word' id='word_1_336' title='bbox 1215 2263 1428 2343; x_wconf 86' lang='lat' dir='ltr'>inquit,</span> <span class='ocrx_word' id='word_1_337' title='bbox 1462 2263 1705 2323; x_wconf 91' lang='lat' dir='ltr'>omnino</span> <span class='ocrx_word' id='word_1_338' title='bbox 1759 2279 2026 2325; x_wconf 78' lang='lat' dir='ltr'>vestrum</span> <span class='ocrx_word' id='word_1_339' title='bbox 2059 2273 2148 2326; x_wconf 94' lang='lat' dir='ltr'>est</span> 
     </span>
    </p>
   </div>
   <div class='ocr_carea' id='block_1_42' title="bbox 502 2348 2145 2434">
    <p class='ocr_par' dir='ltr' id='par_1_42' title="bbox 502 2348 2145 2434">
     <span class='ocr_line' id='line_1_42' title="bbox 502 2348 2145 2434; baseline -0.001 -19"><span class='ocrx_word' id='word_1_340' title='bbox 502 2350 700 2415; x_wconf 84' lang='lat' dir='ltr'>facere</span> <span class='ocrx_word' id='word_1_341' title='bbox 725 2372 794 2414; x_wconf 89' lang='lat' dir='ltr'>ea</span> <span class='ocrx_word' id='word_1_342' title='bbox 825 2372 956 2434; x_wconf 65' lang='lat' dir='ltr'>qua:</span> <span class='ocrx_word' id='word_1_343' title='bbox 984 2361 1121 2414; x_wconf 91' lang='lat' dir='ltr'>sunt</span> <span class='ocrx_word' id='word_1_344' title='bbox 1151 2370 1479 2413; x_wconf 83' lang='lat' dir='ltr'>servorum.</span> <span class='ocrx_word' id='word_1_345' title='bbox 1508 2348 1672 2412; x_wconf 90' lang='lat' dir='ltr'>Servi</span> <span class='ocrx_word' id='word_1_346' title='bbox 1701 2351 1860 2412; x_wconf 90' lang='lat' dir='ltr'>enim</span> <span class='ocrx_word' id='word_1_347' title='bbox 1894 2370 2042 2433; x_wconf 82' lang='lat' dir='ltr'>Opus</span> <span class='ocrx_word' id='word_1_348' title='bbox 2059 2362 2145 2414; x_wconf 92' lang='lat' dir='ltr'>est</span> 
     </span>
    </p>
   </div>
   <div class='ocr_carea' id='block_1_43' title="bbox 500 2439 2147 2523">
    <p class='ocr_par' dir='ltr' id='par_1_43' title="bbox 500 2439 2147 2523">
     <span class='ocr_line' id='line_1_43' title="bbox 500 2439 2147 2523; baseline -0.001 -21"><span class='ocrx_word' id='word_1_349' title='bbox 500 2449 664 2503; x_wconf 91' lang='lat' dir='ltr'>recte</span> <span class='ocrx_word' id='word_1_350' title='bbox 696 2443 893 2505; x_wconf 88' lang='lat' dir='ltr'>facere</span> <span class='ocrx_word' id='word_1_351' title='bbox 918 2442 1073 2523; x_wconf 86' lang='lat' dir='ltr'>quod</span> <span class='ocrx_word' id='word_1_352' title='bbox 1101 2440 1379 2502; x_wconf 86' lang='lat' dir='ltr'>dominus</span> <span class='ocrx_word' id='word_1_353' title='bbox 1411 2440 1683 2520; x_wconf 86' lang='lat' dir='ltr'>imperat.</span> <span class='ocrx_word' id='word_1_354' title='bbox 1721 2439 1968 2515; x_wconf 89' lang='lat' dir='ltr'>Deinde,</span> <span class='ocrx_word' id='word_1_355' title='bbox 2002 2441 2147 2503; x_wconf 91' lang='lat' dir='ltr'>dicit</span> 
     </span>
    </p>
   </div>
   <div class='ocr_carea' id='block_1_44' title="bbox 500 2528 2141 2611">
    <p class='ocr_par' dir='ltr' id='par_1_44' title="bbox 500 2528 2141 2611">
     <span class='ocr_line' id='line_1_44' title="bbox 500 2528 2141 2611; baseline 0.001 -22"><span class='ocrx_word' id='word_1_356' title='bbox 500 2528 673 2592; x_wconf 88' lang='lat' dir='ltr'>nobis</span> <span class='ocrx_word' id='word_1_357' title='bbox 697 2532 838 2611; x_wconf 90' lang='lat' dir='ltr'>quid</span> <span class='ocrx_word' id='word_1_358' title='bbox 892 2532 1157 2593; x_wconf 87' lang='lat' dir='ltr'>lucretur</span> <span class='ocrx_word' id='word_1_359' title='bbox 1182 2548 1246 2590; x_wconf 93' lang='lat' dir='ltr'>se</span> <span class='ocrx_word' id='word_1_360' title='bbox 1276 2528 1547 2603; x_wconf 89' lang='lat' dir='ltr'>audiens,</span> <span class='ocrx_word' id='word_1_361' title='bbox 1583 2537 1639 2588; x_wconf 91' lang='lat' dir='ltr'>et</span> <span class='ocrx_word' id='word_1_362' title='bbox 1662 2547 1777 2590; x_wconf 92' lang='lat' dir='ltr'>non</span> <span class='ocrx_word' id='word_1_363' title='bbox 1809 2528 1999 2589; x_wconf 91' lang='lat' dir='ltr'>solum</span> <span class='ocrx_word' id='word_1_364' title='bbox 2032 2549 2141 2590; x_wconf 85' lang='lat' dir='ltr'>au-</span> 
     </span>
    </p>
   </div>
   <div class='ocr_carea' id='block_1_45' title="bbox 499 2617 2146 2702">
    <p class='ocr_par' dir='ltr' id='par_1_45' title="bbox 499 2617 2146 2702">
     <span class='ocr_line' id='line_1_45' title="bbox 499 2617 2146 2702; baseline 0.001 -23"><span class='ocrx_word' id='word_1_365' title='bbox 499 2617 807 2702; x_wconf 90' lang='lat' dir='ltr'>diens,sed</span> <span class='ocrx_word' id='word_1_366' title='bbox 838 2629 896 2681; x_wconf 81' lang='lat' dir='ltr'>et</span> <span class='ocrx_word' id='word_1_367' title='bbox 927 2617 1407 2681; x_wconf 87' lang='lat' dir='ltr'>faciens.Similis</span> <span class='ocrx_word' id='word_1_368' title='bbox 1429 2617 1689 2679; x_wconf 90' lang='lat' dir='ltr'>estenim</span> <span class='ocrx_word' id='word_1_369' title='bbox 1715 2617 1938 2679; x_wconf 91' lang='lat' dir='ltr'>homini</span> <span class='ocrx_word' id='word_1_370' title='bbox 1964 2618 2146 2680; x_wconf 66' lang='lat' dir='ltr'>aedili-</span> 
     </span>
    </p>
   </div>
   <div class='ocr_carea' id='block_1_46' title="bbox 497 2705 2145 2790">
    <p class='ocr_par' dir='ltr' id='par_1_46' title="bbox 497 2705 2145 2790">
     <span class='ocr_line' id='line_1_46' title="bbox 497 2705 2145 2790; baseline 0.001 -20"><span class='ocrx_word' id='word_1_371' title='bbox 497 2708 788 2790; x_wconf 89' lang='lat' dir='ltr'>canti,qui</span> <span class='ocrx_word' id='word_1_372' title='bbox 817 2709 1127 2771; x_wconf 73' lang='lat' dir='ltr'>aediﬁcavit</span> <span class='ocrx_word' id='word_1_373' title='bbox 1155 2726 1334 2787; x_wconf 82' lang='lat' dir='ltr'>super</span> <span class='ocrx_word' id='word_1_374' title='bbox 1366 2717 1617 2788; x_wconf 88' lang='lat' dir='ltr'>petram.</span> <span class='ocrx_word' id='word_1_375' title='bbox 1643 2705 1814 2770; x_wconf 91' lang='lat' dir='ltr'>Petra</span> <span class='ocrx_word' id='word_1_376' title='bbox 1846 2707 2024 2786; x_wconf 78' lang='lat' dir='ltr'>igitur</span> <span class='ocrx_word' id='word_1_377' title='bbox 2054 2716 2145 2772; x_wconf 66' lang='lat' dir='ltr'>est</span> 
     </span>
    </p>
   </div>
   <div class='ocr_carea' id='block_1_47' title="bbox 495 2795 2136 2876">
    <p class='ocr_par' dir='ltr' id='par_1_47' title="bbox 495 2795 2136 2876">
     <span class='ocr_line' id='line_1_47' title="bbox 495 2795 2136 2876; baseline -0.002 -15"><span class='ocrx_word' id='word_1_378' title='bbox 495 2797 785 2873; x_wconf 86' lang='lat' dir='ltr'>Christus,</span> <span class='ocrx_word' id='word_1_379' title='bbox 815 2798 969 2861; x_wconf 83' lang='lat' dir='ltr'>sicut</span> <span class='ocrx_word' id='word_1_380' title='bbox 995 2795 1315 2876; x_wconf 90' lang='lat' dir='ltr'>Apostolus</span> <span class='ocrx_word' id='word_1_381' title='bbox 1341 2804 1585 2856; x_wconf 89' lang='lat' dir='ltr'>testatur</span> <span class='ocrx_word' id='word_1_382' title='bbox 1611 2795 1696 2858; x_wconf 76' lang='lat'>36.</span> <span class='ocrx_word' id='word_1_383' title='bbox 1735 2796 1904 2858; x_wconf 87' lang='lat' dir='ltr'>Fodit</span> <span class='ocrx_word' id='word_1_384' title='bbox 1937 2803 2136 2859; x_wconf 89' lang='lat' dir='ltr'>autem</span> 
     </span>
    </p>
   </div>
   <div class='ocr_carea' id='block_1_48' title="bbox 492 2884 2141 2968">
    <p class='ocr_par' dir='ltr' id='par_1_48' title="bbox 492 2884 2141 2968">
     <span class='ocr_line' id='line_1_48' title="bbox 492 2884 2141 2968; baseline 0.001 -21"><span class='ocrx_word' id='word_1_385' title='bbox 492 2885 557 2947; x_wconf 92' lang='lat' dir='ltr'>in</span> <span class='ocrx_word' id='word_1_386' title='bbox 595 2887 977 2968; x_wconf 88' lang='lat' dir='ltr'>profundum,</span> <span class='ocrx_word' id='word_1_387' title='bbox 1010 2886 1111 2961; x_wconf 90' lang='lat' dir='ltr'>qui</span> <span class='ocrx_word' id='word_1_388' title='bbox 1166 2904 1283 2946; x_wconf 91' lang='lat' dir='ltr'>non</span> <span class='ocrx_word' id='word_1_389' title='bbox 1333 2884 1786 2964; x_wconf 83' lang='lat' dir='ltr'>superﬁcialiter</span> <span class='ocrx_word' id='word_1_390' title='bbox 1833 2903 2141 2948; x_wconf 91' lang='lat' dir='ltr'>sermones</span> 
     </span>
    </p>
   </div>
   <div class='ocr_carea' id='block_1_49' title="bbox 492 2974 2136 3056">
    <p class='ocr_par' dir='ltr' id='par_1_49' title="bbox 492 2974 2136 3056">
     <span class='ocr_line' id='line_1_49' title="bbox 492 2974 2136 3056; baseline -0.001 -18"><span class='ocrx_word' id='word_1_391' title='bbox 492 2976 815 3056; x_wconf 59' lang='lat' dir='ltr'>Scriptura;</span> <span class='ocrx_word' id='word_1_392' title='bbox 842 2976 1080 3054; x_wconf 87' lang='lat' dir='ltr'>accipit,</span> <span class='ocrx_word' id='word_1_393' title='bbox 1117 2976 1221 3036; x_wconf 90' lang='lat' dir='ltr'>sed</span> <span class='ocrx_word' id='word_1_394' title='bbox 1256 2983 1554 3034; x_wconf 81' lang='lat' dir='ltr'>scrutatur</span> <span class='ocrx_word' id='word_1_395' title='bbox 1586 2974 1874 3055; x_wconf 85' lang='lat' dir='ltr'>profunda</span> <span class='ocrx_word' id='word_1_396' title='bbox 1904 2974 2136 3036; x_wconf 91' lang='lat' dir='ltr'>illarum</span> 
     </span>
    </p>
   </div>
   <div class='ocr_carea' id='block_1_50' title="bbox 489 3064 2141 3146">
    <p class='ocr_par' dir='ltr' id='par_1_50' title="bbox 489 3064 2141 3146">
     <span class='ocr_line' id='line_1_50' title="bbox 489 3064 2141 3146; baseline 0 -21"><span class='ocrx_word' id='word_1_397' title='bbox 489 3064 553 3125; x_wconf 91' lang='lat' dir='ltr'>in</span> <span class='ocrx_word' id='word_1_398' title='bbox 584 3066 818 3146; x_wconf 87' lang='lat' dir='ltr'>spiritu.</span> <span class='ocrx_word' id='word_1_399' title='bbox 851 3066 1008 3128; x_wconf 86' lang='lat' dir='ltr'>Talis</span> <span class='ocrx_word' id='word_1_400' title='bbox 1039 3066 1212 3143; x_wconf 85' lang='lat' dir='ltr'>igitur</span> <span class='ocrx_word' id='word_1_401' title='bbox 1243 3073 1300 3124; x_wconf 94' lang='lat' dir='ltr'>et</span> <span class='ocrx_word' id='word_1_402' title='bbox 1329 3081 1506 3143; x_wconf 84' lang='lat' dir='ltr'>supra</span> <span class='ocrx_word' id='word_1_403' title='bbox 1538 3072 1765 3143; x_wconf 87' lang='lat' dir='ltr'>petram</span> <span class='ocrx_word' id='word_1_404' title='bbox 1818 3064 2044 3145; x_wconf 89' lang='lat' dir='ltr'>fundat,</span> <span class='ocrx_word' id='word_1_405' title='bbox 2082 3073 2141 3125; x_wconf 84' lang='lat' dir='ltr'>et</span> 
     </span>
    </p>
   </div>
   <div class='ocr_carea' id='block_1_51' title="bbox 2229 2266 3895 2348">
    <p class='ocr_par' dir='ltr' id='par_1_51' title="bbox 2229 2266 3895 2348">
     <span class='ocr_line' id='line_1_51' title="bbox 2229 2266 3895 2348; baseline 0.006 -31"><span class='ocrx_word' id='word_1_406' title='bbox 2229 2286 2369 2330; x_wconf 85' lang='grc' dir='ltr'>νους.</span> <span class='ocrx_word' id='word_1_407' title='bbox 2430 2267 2489 2322; x_wconf 79' lang='grc' dir='ltr'>Εἰ</span> <span class='ocrx_word' id='word_1_408' title='bbox 2518 2266 2616 2344; x_wconf 78' lang='grc' dir='ltr'>γὰρ</span> <span class='ocrx_word' id='word_1_409' title='bbox 2662 2267 2848 2346; x_wconf 80' lang='grc' dir='ltr'>Κύριός</span> <span class='ocrx_word' id='word_1_410' title='bbox 2878 2268 3008 2348; x_wconf 86' lang='grc' dir='ltr'>εἰμι,</span> <span class='ocrx_word' id='word_1_411' title='bbox 3042 2270 3193 2347; x_wconf 78' lang='grc' dir='ltr'>φησὶ,</span> <span class='ocrx_word' id='word_1_412' title='bbox 3238 2270 3449 2335; x_wconf 82' lang='grc' dir='ltr'>πάντως</span> <span class='ocrx_word' id='word_1_413' title='bbox 3479 2273 3615 2347; x_wconf 70' lang='grc' dir='ltr'>ὑμᾶς</span> <span class='ocrx_word' id='word_1_414' title='bbox 3690 2271 3802 2329; x_wconf 81' lang='grc' dir='ltr'>ἔδει</span> <span class='ocrx_word' id='word_1_415' title='bbox 3833 2273 3895 2328; x_wconf 79' lang='grc' dir='ltr'>τὸ</span> 
     </span>
    </p>
   </div>
   <div class='ocr_carea' id='block_1_52' title="bbox 2227 2352 3890 2440">
    <p class='ocr_par' dir='ltr' id='par_1_52' title="bbox 2227 2352 3890 2440">
     <span class='ocr_line' id='line_1_52' title="bbox 2227 2352 3890 2440; baseline 0.006 -34"><span class='ocrx_word' id='word_1_416' title='bbox 2227 2358 2331 2410; x_wconf 79' lang='grc' dir='ltr'>τῶν</span> <span class='ocrx_word' id='word_1_417' title='bbox 2387 2352 2587 2411; x_wconf 87' lang='grc' dir='ltr'>δούλων</span> <span class='ocrx_word' id='word_1_418' title='bbox 2616 2376 2811 2415; x_wconf 63' lang='grc' dir='ltr'>ποιειθ.</span> <span class='ocrx_word' id='word_1_419' title='bbox 2848 2356 3058 2413; x_wconf 82' lang='grc' dir='ltr'>Δούλων</span> <span class='ocrx_word' id='word_1_420' title='bbox 3102 2356 3156 2413; x_wconf 81' lang='grc' dir='ltr'>δὲ</span> <span class='ocrx_word' id='word_1_421' title='bbox 3186 2357 3360 2438; x_wconf 78' lang='grc' dir='ltr'>ἔργον,</span> <span class='ocrx_word' id='word_1_422' title='bbox 3392 2361 3454 2416; x_wconf 85' lang='grc' dir='ltr'>τὸ</span> <span class='ocrx_word' id='word_1_423' title='bbox 3504 2362 3767 2440; x_wconf 83' lang='grc' dir='ltr'>πράττειν</span> <span class='ocrx_word' id='word_1_424' title='bbox 3799 2361 3833 2416; x_wconf 80' lang='grc' dir='ltr'><strong><em>ἄ</em></strong></span> <span class='ocrx_word' id='word_1_425' title='bbox 3862 2364 3890 2416; x_wconf 89' lang='lat'>6</span> 
     </span>
    </p>
   </div>
   <div class='ocr_carea' id='block_1_53' title="bbox 2225 2443 3889 2528">
    <p class='ocr_par' dir='ltr' id='par_1_53' title="bbox 2225 2443 3889 2528">
     <span class='ocr_line' id='line_1_53' title="bbox 2225 2443 3889 2528; baseline 0.007 -31"><span class='ocrx_word' id='word_1_426' title='bbox 2225 2451 2399 2509; x_wconf 85' lang='grc' dir='ltr'>κύριος</span> <span class='ocrx_word' id='word_1_427' title='bbox 2455 2443 2746 2506; x_wconf 78' lang='grc' dir='ltr'>ἐπιτάττει.</span> <span class='ocrx_word' id='word_1_428' title='bbox 2799 2445 2936 2503; x_wconf 79' lang='grc' dir='ltr'>Εἶτα</span> <span class='ocrx_word' id='word_1_429' title='bbox 2992 2444 3136 2525; x_wconf 80' lang='grc' dir='ltr'>λέγει</span> <span class='ocrx_word' id='word_1_430' title='bbox 3166 2448 3302 2523; x_wconf 80' lang='grc' dir='ltr'>ἡμῖν</span> <span class='ocrx_word' id='word_1_431' title='bbox 3328 2448 3380 2505; x_wconf 85' lang='grc' dir='ltr'>τί</span> <span class='ocrx_word' id='word_1_432' title='bbox 3406 2447 3662 2528; x_wconf 72' lang='grc' dir='ltr'>κερδαίνει</span> <span class='ocrx_word' id='word_1_433' title='bbox 3696 2453 3728 2507; x_wconf 89' lang='lat'>6</span> <span class='ocrx_word' id='word_1_434' title='bbox 3787 2453 3889 2509; x_wconf 74' lang='grc' dir='ltr'>αὖ·</span> 
     </span>
    </p>
   </div>
   <div class='ocr_carea' id='block_1_54' title="bbox 2224 2531 3880 2612">
    <p class='ocr_par' dir='ltr' id='par_1_54' title="bbox 2224 2531 3880 2612">
     <span class='ocr_line' id='line_1_54' title="bbox 2224 2531 3880 2612; baseline 0.004 -26"><span class='ocrx_word' id='word_1_435' title='bbox 2224 2538 2315 2612; x_wconf 78' lang='grc' dir='ltr'>τοῦ</span> <span class='ocrx_word' id='word_1_436' title='bbox 2369 2531 2609 2608; x_wconf 66' lang='grc' dir='ltr'>ἀκούων,</span> <span class='ocrx_word' id='word_1_437' title='bbox 2663 2534 2749 2589; x_wconf 84' lang='grc' dir='ltr'>καὶ</span> <span class='ocrx_word' id='word_1_438' title='bbox 2806 2534 2883 2609; x_wconf 79' lang='grc' dir='ltr'>μὴ</span> <span class='ocrx_word' id='word_1_439' title='bbox 2941 2536 3101 2610; x_wconf 85' lang='grc' dir='ltr'>μόνον</span> <span class='ocrx_word' id='word_1_440' title='bbox 3130 2537 3358 2612; x_wconf 75' lang='grc' dir='ltr'>ἀκούων,</span> <span class='ocrx_word' id='word_1_441' title='bbox 3392 2537 3528 2594; x_wconf 71' lang='grc' dir='ltr'>ἀλλὰ</span> <span class='ocrx_word' id='word_1_442' title='bbox 3558 2542 3644 2596; x_wconf 82' lang='grc' dir='ltr'>καὶ</span> <span class='ocrx_word' id='word_1_443' title='bbox 3676 2546 3880 2601; x_wconf 82' lang='grc' dir='ltr'>ποιῶν,</span> 
     </span>
    </p>
   </div>
   <div class='ocr_carea' id='block_1_55' title="bbox 2228 2609 3881 2706">
    <p class='ocr_par' dir='ltr' id='par_1_55' title="bbox 2228 2609 3881 2706">
     <span class='ocr_line' id='line_1_55' title="bbox 2228 2609 3881 2706; baseline 0.005 -31"><span class='ocrx_word' id='word_1_444' title='bbox 2228 2609 2461 2693; x_wconf 79' lang='grc' dir='ltr'>ΗΟμοιος</span> <span class='ocrx_word' id='word_1_445' title='bbox 2518 2623 2619 2701; x_wconf 79' lang='grc' dir='ltr'>γὰρ</span> <span class='ocrx_word' id='word_1_446' title='bbox 2667 2621 2808 2679; x_wconf 80' lang='grc' dir='ltr'>ἐστιν</span> <span class='ocrx_word' id='word_1_447' title='bbox 2838 2609 3099 2703; x_wconf 78' lang='grc' dir='ltr'>ἀντρώπῳ</span> <span class='ocrx_word' id='word_1_448' title='bbox 3141 2609 3403 2702; x_wconf 77' lang='grc' dir='ltr'>οἰκοδόμῳ</span> <span class='ocrx_word' id='word_1_449' title='bbox 3430 2630 3489 2692; x_wconf 84' lang='grc' dir='ltr'>ὁς</span> <span class='ocrx_word' id='word_1_450' title='bbox 3518 2626 3881 2706; x_wconf 74' lang='grc' dir='ltr'>ᾠκοδόμησεν</span> 
     </span>
    </p>
   </div>
   <div class='ocr_carea' id='block_1_56' title="bbox 2224 2707 3880 2798">
    <p class='ocr_par' dir='ltr' id='par_1_56' title="bbox 2224 2707 3880 2798">
     <span class='ocr_line' id='line_1_56' title="bbox 2224 2707 3880 2798; baseline 0.008 -35"><span class='ocrx_word' id='word_1_451' title='bbox 2224 2707 2309 2798; x_wconf 72' lang='grc' dir='ltr'>έπὶ</span> <span class='ocrx_word' id='word_1_452' title='bbox 2360 2710 2459 2778; x_wconf 74' lang='grc' dir='ltr'>τὴν</span> <span class='ocrx_word' id='word_1_453' title='bbox 2504 2711 2721 2790; x_wconf 86' lang='grc' dir='ltr'>πέτραν.</span> <span class='ocrx_word' id='word_1_454' title='bbox 2797 2712 2971 2793; x_wconf 80' lang='grc' dir='ltr'>Πέτρα</span> <span class='ocrx_word' id='word_1_455' title='bbox 3030 2714 3126 2790; x_wconf 83' lang='grc' dir='ltr'>μὲν</span> <span class='ocrx_word' id='word_1_456' title='bbox 3183 2714 3272 2772; x_wconf 80' lang='grc' dir='ltr'>οὖν</span> <span class='ocrx_word' id='word_1_457' title='bbox 3326 2719 3355 2773; x_wconf 90' lang='lat'>6</span> <span class='ocrx_word' id='word_1_458' title='bbox 3414 2720 3657 2798; x_wconf 78' lang='grc' dir='ltr'>Χριστὸς,</span> <span class='ocrx_word' id='word_1_459' title='bbox 3711 2721 3793 2785; x_wconf 75' lang='grc' dir='ltr'>ὡς</span> <span class='ocrx_word' id='word_1_460' title='bbox 3852 2721 3880 2775; x_wconf 82' lang='grc' dir='ltr'>δ</span> 
     </span>
    </p>
   </div>
   <div class='ocr_carea' id='block_1_57' title="bbox 2226 2795 3879 2883">
    <p class='ocr_par' dir='ltr' id='par_1_57' title="bbox 2226 2795 3879 2883">
     <span class='ocr_line' id='line_1_57' title="bbox 2226 2795 3879 2883; baseline 0.007 -30"><span class='ocrx_word' id='word_1_461' title='bbox 2226 2795 2551 2863; x_wconf 82' lang='grc' dir='ltr'>Ἀπόστολος</span> <span class='ocrx_word' id='word_1_462' title='bbox 2624 2814 2908 2881; x_wconf 78' lang='grc' dir='ltr'>μαρτυρεῖ.</span> <span class='ocrx_word' id='word_1_463' title='bbox 2962 2804 3197 2873; x_wconf 65' lang='grc' dir='ltr'>Σκάπτει</span> <span class='ocrx_word' id='word_1_464' title='bbox 3253 2801 3308 2861; x_wconf 77' lang='grc' dir='ltr'>δὲ</span> <span class='ocrx_word' id='word_1_465' title='bbox 3363 2795 3469 2862; x_wconf 16' lang='grc' dir='ltr'>καὶί</span> <span class='ocrx_word' id='word_1_466' title='bbox 3531 2795 3772 2883; x_wconf 81' lang='grc' dir='ltr'>βαθύνει,</span> <span class='ocrx_word' id='word_1_467' title='bbox 3819 2808 3879 2871; x_wconf 74' lang='grc' dir='ltr'>ὃς</span> 
     </span>
    </p>
   </div>
   <div class='ocr_carea' id='block_1_58' title="bbox 2224 2888 3877 2976">
    <p class='ocr_par' dir='ltr' id='par_1_58' title="bbox 2224 2888 3877 2976">
     <span class='ocr_line' id='line_1_58' title="bbox 2224 2888 3877 2976; baseline 0.007 -34"><span class='ocrx_word' id='word_1_468' title='bbox 2224 2891 2302 2976; x_wconf 67' lang='grc' dir='ltr'>μῆ</span> <span class='ocrx_word' id='word_1_469' title='bbox 2331 2965 2344 2976; x_wconf 47' lang='grc'><strong>·</strong></span> <span class='ocrx_word' id='word_1_470' title='bbox 2370 2889 2693 2955; x_wconf 63' lang='grc' dir='ltr'>ἐπιπολαίως</span> <span class='ocrx_word' id='word_1_471' title='bbox 2755 2888 2970 2970; x_wconf 82' lang='grc' dir='ltr'>δέχεται</span> <span class='ocrx_word' id='word_1_472' title='bbox 3023 2893 3143 2957; x_wconf 83' lang='grc' dir='ltr'>τοὺς</span> <span class='ocrx_word' id='word_1_473' title='bbox 3198 2898 3298 2960; x_wconf 77' lang='grc' dir='ltr'>τῆς</span> <span class='ocrx_word' id='word_1_474' title='bbox 3382 2900 3595 2975; x_wconf 53' lang='grc' dir='ltr'>Γραφῇ</span> <span class='ocrx_word' id='word_1_475' title='bbox 3651 2895 3877 2976; x_wconf 82' lang='grc' dir='ltr'>λόγους,</span> 
     </span>
    </p>
   </div>
   <div class='ocr_carea' id='block_1_59' title="bbox 2224 2965 3876 3062">
    <p class='ocr_par' dir='ltr' id='par_1_59' title="bbox 2224 2965 3876 3062">
     <span class='ocr_line' id='line_1_59' title="bbox 2224 2965 3876 3062; baseline 0.01 -33"><span class='ocrx_word' id='word_1_476' title='bbox 2224 2965 2344 3062; x_wconf 58' lang='grc' dir='ltr'>αλλ’</span> <span class='ocrx_word' id='word_1_477' title='bbox 2402 2976 2579 3056; x_wconf 75' lang='grc' dir='ltr'>ἐρευνᾷ</span> <span class='ocrx_word' id='word_1_478' title='bbox 2636 2980 2701 3035; x_wconf 81' lang='grc' dir='ltr'>τὰ</span> <span class='ocrx_word' id='word_1_479' title='bbox 2956 2981 3153 3038; x_wconf 84' lang='grc' dir='ltr'>τούτων</span> <span class='ocrx_word' id='word_1_480' title='bbox 3203 2984 3340 3058; x_wconf 80' lang='grc' dir='ltr'>μετὰ</span> <span class='ocrx_word' id='word_1_481' title='bbox 3392 2965 3876 3062; x_wconf 50' lang='grc' dir='ltr'>τοιῗπνεύματοᾴ</span> 
     </span>
    </p>
   </div>
   <div class='ocr_carea' id='block_1_60' title="bbox 2225 3054 3877 3151">
    <p class='ocr_par' dir='ltr' id='par_1_60' title="bbox 2225 3054 3877 3151">
     <span class='ocr_line' id='line_1_60' title="bbox 2225 3054 3877 3151; baseline 0.007 -31"><span class='ocrx_word' id='word_1_482' title='bbox 2225 3054 2281 3121; x_wconf 68' lang='grc' dir='ltr'>Ὀ</span> <span class='ocrx_word' id='word_1_483' title='bbox 2312 3054 2548 3132; x_wconf 71' lang='grc' dir='ltr'>τοιοῦτος</span> <span class='ocrx_word' id='word_1_484' title='bbox 2620 3068 2709 3125; x_wconf 67' lang='grc' dir='ltr'>οὖν</span> <span class='ocrx_word' id='word_1_485' title='bbox 2758 3054 2852 3125; x_wconf 79' lang='grc' dir='ltr'>καὶ</span> <span class='ocrx_word' id='word_1_486' title='bbox 2909 3068 2993 3127; x_wconf 79' lang='grc' dir='ltr'>ἐπὶ</span> <span class='ocrx_word' id='word_1_487' title='bbox 3049 3070 3149 3138; x_wconf 74' lang='grc' dir='ltr'>τὴν</span> <span class='ocrx_word' id='word_1_488' title='bbox 3177 3054 3374 3151; x_wconf 85' lang='grc' dir='ltr'>πέτραν</span> <span class='ocrx_word' id='word_1_489' title='bbox 3404 3054 3681 3150; x_wconf 47' lang='grc' dir='ltr'>θεμελιοϊξ</span> <span class='ocrx_word' id='word_1_490' title='bbox 3735 3076 3877 3133; x_wconf 78' lang='grc' dir='ltr'>Εἶτα</span> 
     </span>
    </p>
   </div>
   <div class='ocr_carea' id='block_1_61' title="bbox 488 3152 2130 3246">
    <p class='ocr_par' dir='ltr' id='par_1_61' title="bbox 488 3152 2130 3234">
     <span class='ocr_line' id='line_1_61' title="bbox 488 3152 2130 3234; baseline 0.001 -20"><span class='ocrx_word' id='word_1_491' title='bbox 488 3152 707 3215; x_wconf 91' lang='lat' dir='ltr'>deinde</span> <span class='ocrx_word' id='word_1_492' title='bbox 737 3155 886 3217; x_wconf 90' lang='lat' dir='ltr'>facta</span> <span class='ocrx_word' id='word_1_493' title='bbox 906 3162 1278 3234; x_wconf 89' lang='lat' dir='ltr'>tempestate,</span> <span class='ocrx_word' id='word_1_494' title='bbox 1314 3153 1427 3213; x_wconf 88' lang='lat' dir='ltr'>hoc</span> <span class='ocrx_word' id='word_1_495' title='bbox 1472 3161 1558 3213; x_wconf 92' lang='lat' dir='ltr'>est</span> <span class='ocrx_word' id='word_1_496' title='bbox 1592 3152 2009 3232; x_wconf 84' lang='lat' dir='ltr'>persecutione</span> <span class='ocrx_word' id='word_1_497' title='bbox 2045 3154 2130 3215; x_wconf 91' lang='lat' dir='ltr'>vel</span> 
     </span>
    </p>
   </div>
   <div class='ocr_carea' id='block_1_62' title="bbox 2214 3152 3875 3246">
    <p class='ocr_par' dir='ltr' id='par_1_62' title="bbox 2217 3152 3875 3246">
     <span class='ocr_line' id='line_1_62' title="bbox 2217 3152 3875 3246; baseline 0.007 -37"><span class='ocrx_word' id='word_1_498' title='bbox 2217 3152 2539 3246; x_wconf 82' lang='grc' dir='ltr'>πλημμύρας</span> <span class='ocrx_word' id='word_1_499' title='bbox 2599 3157 2914 3235; x_wconf 86' lang='grc' dir='ltr'>γενομένης,</span> <span class='ocrx_word' id='word_1_500' title='bbox 2973 3156 3209 3237; x_wconf 79' lang='grc' dir='ltr'>διωγμοῦ</span> <span class='ocrx_word' id='word_1_501' title='bbox 3269 3162 3431 3242; x_wconf 82' lang='grc' dir='ltr'>τυχὸν</span> <span class='ocrx_word' id='word_1_502' title='bbox 3459 3163 3495 3230; x_wconf 77' lang='grc' dir='ltr'><strong>ἡ</strong></span> <span class='ocrx_word' id='word_1_503' title='bbox 3546 3166 3875 3246; x_wconf 59' lang='grc' dir='ltr'>πειρασμοῦ,</span> 
     </span>
    </p>
   </div>
   <div class='ocr_carea' id='block_1_63' title="bbox 487 3240 2130 3322">
    <p class='ocr_par' dir='ltr' id='par_1_63' title="bbox 487 3240 2130 3322">
     <span class='ocr_line' id='line_1_63' title="bbox 487 3240 2130 3322; baseline 0 -18"><span class='ocrx_word' id='word_1_504' title='bbox 487 3244 838 3317; x_wconf 91' lang='lat' dir='ltr'>tentatione,</span> <span class='ocrx_word' id='word_1_505' title='bbox 873 3243 1049 3304; x_wconf 90' lang='lat' dir='ltr'>illidit</span> <span class='ocrx_word' id='word_1_506' title='bbox 1078 3244 1298 3303; x_wconf 84' lang='lat' dir='ltr'>ﬂumen</span> <span class='ocrx_word' id='word_1_507' title='bbox 1330 3240 1531 3302; x_wconf 92' lang='lat' dir='ltr'>domui</span> <span class='ocrx_word' id='word_1_508' title='bbox 1561 3240 1669 3309; x_wconf 84' lang='lat' dir='ltr'>illi.</span> <span class='ocrx_word' id='word_1_509' title='bbox 1707 3249 1982 3322; x_wconf 90' lang='lat' dir='ltr'>tentator,</span> <span class='ocrx_word' id='word_1_510' title='bbox 2008 3241 2130 3305; x_wconf 91' lang='lat' dir='ltr'>sive</span> 
     </span>
    </p>
   </div>
   <div class='ocr_carea' id='block_1_64' title="bbox 486 3329 2124 3411">
    <p class='ocr_par' dir='ltr' id='par_1_64' title="bbox 486 3329 2124 3411">
     <span class='ocr_line' id='line_1_64' title="bbox 486 3329 2124 3411; baseline 0.001 -20"><span class='ocrx_word' id='word_1_511' title='bbox 486 3330 742 3406; x_wconf 61' lang='lat' dir='ltr'>daemon,</span> <span class='ocrx_word' id='word_1_512' title='bbox 789 3332 910 3392; x_wconf 91' lang='lat' dir='ltr'>sive</span> <span class='ocrx_word' id='word_1_513' title='bbox 963 3332 1167 3411; x_wconf 87' lang='lat' dir='ltr'>homo,</span> <span class='ocrx_word' id='word_1_514' title='bbox 1200 3339 1406 3391; x_wconf 90' lang='lat' dir='ltr'>etnon</span> <span class='ocrx_word' id='word_1_515' title='bbox 1456 3329 1608 3390; x_wconf 89' lang='lat' dir='ltr'>valet</span> <span class='ocrx_word' id='word_1_516' title='bbox 1646 3347 1884 3391; x_wconf 91' lang='lat' dir='ltr'>movere</span> <span class='ocrx_word' id='word_1_517' title='bbox 1941 3331 2124 3393; x_wconf 84' lang='lat' dir='ltr'>illam.</span> 
     </span>
    </p>
   </div>
   <div class='ocr_carea' id='block_1_65' title="bbox 486 3418 2126 3492">
    <p class='ocr_par' dir='ltr' id='par_1_65' title="bbox 486 3418 2126 3492">
     <span class='ocr_line' id='line_1_65' title="bbox 486 3418 2126 3492; baseline 0 -8"><span class='ocrx_word' id='word_1_518' title='bbox 486 3418 748 3484; x_wconf 90' lang='lat' dir='ltr'>Flumini</span> <span class='ocrx_word' id='word_1_519' title='bbox 779 3440 921 3483; x_wconf 89' lang='lat' dir='ltr'>sane</span> <span class='ocrx_word' id='word_1_520' title='bbox 946 3430 1179 3483; x_wconf 90' lang='lat' dir='ltr'>tentans</span> <span class='ocrx_word' id='word_1_521' title='bbox 1202 3421 1301 3481; x_wconf 93' lang='lat' dir='ltr'>ille</span> <span class='ocrx_word' id='word_1_522' title='bbox 1332 3421 1506 3480; x_wconf 88' lang='lat' dir='ltr'>homo</span> <span class='ocrx_word' id='word_1_523' title='bbox 1537 3418 1860 3492; x_wconf 86' lang='lat' dir='ltr'>confertur,</span> <span class='ocrx_word' id='word_1_524' title='bbox 1894 3428 1955 3482; x_wconf 89' lang='lat' dir='ltr'>et</span> <span class='ocrx_word' id='word_1_525' title='bbox 1998 3422 2126 3483; x_wconf 91' lang='lat' dir='ltr'>val-</span> 
     </span>
    </p>
   </div>
   <div class='ocr_carea' id='block_1_66' title="bbox 486 3509 2129 3592">
    <p class='ocr_par' dir='ltr' id='par_1_66' title="bbox 486 3509 2129 3592">
     <span class='ocr_line' id='line_1_66' title="bbox 486 3509 2129 3592; baseline 0 -19"><span class='ocrx_word' id='word_1_526' title='bbox 486 3510 564 3573; x_wconf 91' lang='lat' dir='ltr'>de</span> <span class='ocrx_word' id='word_1_527' title='bbox 595 3512 830 3588; x_wconf 89' lang='lat' dir='ltr'>merito;</span> <span class='ocrx_word' id='word_1_528' title='bbox 858 3511 1012 3573; x_wconf 90' lang='lat' dir='ltr'>sicut</span> <span class='ocrx_word' id='word_1_529' title='bbox 1040 3510 1195 3572; x_wconf 90' lang='lat' dir='ltr'>enim</span> <span class='ocrx_word' id='word_1_530' title='bbox 1230 3511 1453 3571; x_wconf 80' lang='lat' dir='ltr'>flumen</span> <span class='ocrx_word' id='word_1_531' title='bbox 1482 3509 1773 3570; x_wconf 90' lang='lat' dir='ltr'>inundare</span> <span class='ocrx_word' id='word_1_532' title='bbox 1820 3509 1956 3571; x_wconf 90' lang='lat' dir='ltr'>facit</span> <span class='ocrx_word' id='word_1_533' title='bbox 1980 3530 2129 3592; x_wconf 88' lang='lat' dir='ltr'>aqua</span> 
     </span>
    </p>
   </div>
   <div class='ocr_carea' id='block_1_67' title="bbox 485 3597 2126 3682">
    <p class='ocr_par' dir='ltr' id='par_1_67' title="bbox 485 3597 2126 3682">
     <span class='ocr_line' id='line_1_67' title="bbox 485 3597 2126 3682; baseline -0.001 -19"><span class='ocrx_word' id='word_1_534' title='bbox 485 3618 619 3682; x_wconf 67' lang='lat' dir='ltr'>qua</span> <span class='ocrx_word' id='word_1_535' title='bbox 642 3618 899 3681; x_wconf 85' lang='lat' dir='ltr'>superne</span> <span class='ocrx_word' id='word_1_536' title='bbox 930 3600 1171 3671; x_wconf 84' lang='lat' dir='ltr'>decidit,</span> <span class='ocrx_word' id='word_1_537' title='bbox 1200 3600 1280 3660; x_wconf 91' lang='lat' dir='ltr'>ita</span> <span class='ocrx_word' id='word_1_538' title='bbox 1306 3608 1363 3660; x_wconf 91' lang='lat' dir='ltr'>et</span> <span class='ocrx_word' id='word_1_539' title='bbox 1392 3605 1713 3659; x_wconf 88' lang='lat' dir='ltr'>tentantem</span> <span class='ocrx_word' id='word_1_540' title='bbox 1736 3597 1903 3659; x_wconf 90' lang='lat' dir='ltr'>illum</span> <span class='ocrx_word' id='word_1_541' title='bbox 1929 3600 2126 3661; x_wconf 89' lang='lat' dir='ltr'>homi-</span> 
     </span>
    </p>
   </div>
   <div class='ocr_carea' id='block_1_68' title="bbox 486 3688 2129 3770">
    <p class='ocr_par' dir='ltr' id='par_1_68' title="bbox 486 3688 2129 3770">
     <span class='ocr_line' id='line_1_68' title="bbox 486 3688 2129 3770; baseline 0 -20"><span class='ocrx_word' id='word_1_542' title='bbox 486 3691 707 3751; x_wconf 90' lang='lat' dir='ltr'>minem</span> <span class='ocrx_word' id='word_1_543' title='bbox 738 3689 1003 3761; x_wconf 88' lang='lat' dir='ltr'>Satanas,</span> <span class='ocrx_word' id='word_1_544' title='bbox 1051 3689 1153 3770; x_wconf 92' lang='lat' dir='ltr'>qui</span> <span class='ocrx_word' id='word_1_545' title='bbox 1189 3707 1220 3750; x_wconf 92' lang='lat' dir='ltr'>e</span> <span class='ocrx_word' id='word_1_546' title='bbox 1249 3688 1523 3768; x_wconf 90' lang='lat' dir='ltr'>supernis</span> <span class='ocrx_word' id='word_1_547' title='bbox 1568 3688 1805 3769; x_wconf 82' lang='lat' dir='ltr'>cecidit,</span> <span class='ocrx_word' id='word_1_548' title='bbox 1858 3706 2129 3751; x_wconf 86' lang='lat' dir='ltr'>crescere</span> 
     </span>
    </p>
   </div>
   <div class='ocr_carea' id='block_1_69' title="bbox 480 3776 2126 3857">
    <p class='ocr_par' dir='ltr' id='par_1_69' title="bbox 480 3776 2126 3857">
     <span class='ocr_line' id='line_1_69' title="bbox 480 3776 2126 3857; baseline 0 -18"><span class='ocrx_word' id='word_1_549' title='bbox 480 3777 641 3841; x_wconf 70' lang='lat' dir='ltr'>facit.</span> <span class='ocrx_word' id='word_1_550' title='bbox 673 3777 893 3840; x_wconf 88' lang='lat' dir='ltr'>Domus</span> <span class='ocrx_word' id='word_1_551' title='bbox 915 3787 1108 3840; x_wconf 93' lang='lat' dir='ltr'>autem</span> <span class='ocrx_word' id='word_1_552' title='bbox 1143 3796 1345 3839; x_wconf 89' lang='lat' dir='ltr'>eorum</span> <span class='ocrx_word' id='word_1_553' title='bbox 1371 3776 1470 3857; x_wconf 87' lang='lat' dir='ltr'>qui</span> <span class='ocrx_word' id='word_1_554' title='bbox 1504 3794 1619 3836; x_wconf 86' lang='lat' dir='ltr'>non</span> <span class='ocrx_word' id='word_1_555' title='bbox 1644 3776 1865 3838; x_wconf 91' lang='lat' dir='ltr'>faciunt</span> <span class='ocrx_word' id='word_1_556' title='bbox 1894 3796 2126 3840; x_wconf 86' lang='lat' dir='ltr'>sermo-</span> 
     </span>
    </p>
   </div>
   <div class='ocr_carea' id='block_1_70' title="bbox 483 3865 2125 3947">
    <p class='ocr_par' dir='ltr' id='par_1_70' title="bbox 483 3865 2125 3947">
     <span class='ocr_line' id='line_1_70' title="bbox 483 3865 2125 3947; baseline -0.001 -18"><span class='ocrx_word' id='word_1_557' title='bbox 483 3885 621 3930; x_wconf 88' lang='lat' dir='ltr'>nem</span> <span class='ocrx_word' id='word_1_558' title='bbox 646 3867 882 3929; x_wconf 90' lang='lat' dir='ltr'>Domini</span> <span class='ocrx_word' id='word_1_559' title='bbox 912 3868 1157 3941; x_wconf 89' lang='lat' dir='ltr'>cadit,et</span> <span class='ocrx_word' id='word_1_560' title='bbox 1187 3867 1249 3926; x_wconf 81' lang='lat' dir='ltr'>fit</span> <span class='ocrx_word' id='word_1_561' title='bbox 1278 3867 1446 3929; x_wconf 84' lang='lat' dir='ltr'>ruina</span> <span class='ocrx_word' id='word_1_562' title='bbox 1476 3865 1689 3926; x_wconf 92' lang='lat' dir='ltr'>domus</span> <span class='ocrx_word' id='word_1_563' title='bbox 1712 3865 1870 3927; x_wconf 91' lang='lat' dir='ltr'>illius</span> <span class='ocrx_word' id='word_1_564' title='bbox 1892 3885 2125 3947; x_wconf 88' lang='lat' dir='ltr'>magna.</span> 
     </span>
    </p>
   </div>
   <div class='ocr_carea' id='block_1_71' title="bbox 484 3955 2129 4037">
    <p class='ocr_par' dir='ltr' id='par_1_71' title="bbox 484 3955 2129 4037">
     <span class='ocr_line' id='line_1_71' title="bbox 484 3955 2129 4037; baseline -0.001 -16"><span class='ocrx_word' id='word_1_565' title='bbox 484 3960 698 4037; x_wconf 87' lang='lat' dir='ltr'>Magna</span> <span class='ocrx_word' id='word_1_566' title='bbox 750 3960 905 4020; x_wconf 90' lang='lat' dir='ltr'>enim</span> <span class='ocrx_word' id='word_1_567' title='bbox 940 3959 1109 4018; x_wconf 89' lang='lat' dir='ltr'>ruina</span> <span class='ocrx_word' id='word_1_568' title='bbox 1140 3964 1231 4018; x_wconf 78' lang='lat' dir='ltr'>est</span> <span class='ocrx_word' id='word_1_569' title='bbox 1260 3974 1463 4017; x_wconf 86' lang='lat' dir='ltr'>eorum</span> <span class='ocrx_word' id='word_1_570' title='bbox 1497 3955 1596 4035; x_wconf 91' lang='lat' dir='ltr'>qui</span> <span class='ocrx_word' id='word_1_571' title='bbox 1629 3955 1876 4017; x_wconf 88' lang='lat' dir='ltr'>audiunt</span> <span class='ocrx_word' id='word_1_572' title='bbox 1920 3965 1979 4019; x_wconf 93' lang='lat' dir='ltr'>et</span> <span class='ocrx_word' id='word_1_573' title='bbox 2010 3975 2129 4019; x_wconf 90' lang='lat' dir='ltr'>non</span> 
     </span>
    </p>
   </div>
   <div class='ocr_carea' id='block_1_72' title="bbox 481 4044 2127 4128">
    <p class='ocr_par' dir='ltr' id='par_1_72' title="bbox 481 4044 2127 4128">
     <span class='ocr_line' id='line_1_72' title="bbox 481 4044 2127 4128; baseline 0.001 -21"><span class='ocrx_word' id='word_1_574' title='bbox 481 4045 724 4112; x_wconf 89' lang='lat' dir='ltr'>faciunt.</span> <span class='ocrx_word' id='word_1_575' title='bbox 757 4045 902 4109; x_wconf 89' lang='lat' dir='ltr'>Nam</span> <span class='ocrx_word' id='word_1_576' title='bbox 929 4048 1029 4128; x_wconf 92' lang='lat' dir='ltr'>qui</span> <span class='ocrx_word' id='word_1_577' title='bbox 1062 4066 1181 4108; x_wconf 89' lang='lat' dir='ltr'>non</span> <span class='ocrx_word' id='word_1_578' title='bbox 1212 4044 1396 4125; x_wconf 88' lang='lat' dir='ltr'>audit,</span> <span class='ocrx_word' id='word_1_579' title='bbox 1430 4054 1485 4105; x_wconf 92' lang='lat' dir='ltr'>et</span> <span class='ocrx_word' id='word_1_580' title='bbox 1516 4062 1631 4104; x_wconf 89' lang='lat' dir='ltr'>non</span> <span class='ocrx_word' id='word_1_581' title='bbox 1662 4044 1825 4120; x_wconf 81' lang='lat' dir='ltr'>facit,</span> <span class='ocrx_word' id='word_1_582' title='bbox 1862 4063 1979 4107; x_wconf 91' lang='lat' dir='ltr'>non</span> <span class='ocrx_word' id='word_1_583' title='bbox 2012 4055 2127 4108; x_wconf 88' lang='lat' dir='ltr'>tam</span> 
     </span>
    </p>
   </div>
   <div class='ocr_carea' id='block_1_73' title="bbox 482 4133 2127 4218">
    <p class='ocr_par' dir='ltr' id='par_1_73' title="bbox 482 4133 2127 4218">
     <span class='ocr_line' id='line_1_73' title="bbox 482 4133 2127 4218; baseline 0.001 -21"><span class='ocrx_word' id='word_1_584' title='bbox 482 4136 739 4215; x_wconf 78' lang='lat' dir='ltr'>graviter</span> <span class='ocrx_word' id='word_1_585' title='bbox 763 4137 941 4214; x_wconf 88' lang='lat' dir='ltr'>cadit,</span> <span class='ocrx_word' id='word_1_586' title='bbox 976 4137 1077 4218; x_wconf 89' lang='lat' dir='ltr'>qui</span> <span class='ocrx_word' id='word_1_587' title='bbox 1104 4146 1302 4198; x_wconf 88' lang='lat' dir='ltr'>autem</span> <span class='ocrx_word' id='word_1_588' title='bbox 1332 4133 1495 4197; x_wconf 86' lang='lat' dir='ltr'>audit</span> <span class='ocrx_word' id='word_1_589' title='bbox 1525 4142 1582 4195; x_wconf 90' lang='lat' dir='ltr'>et</span> <span class='ocrx_word' id='word_1_590' title='bbox 1633 4153 1752 4196; x_wconf 89' lang='lat' dir='ltr'>non</span> <span class='ocrx_word' id='word_1_591' title='bbox 1796 4135 1956 4216; x_wconf 85' lang='lat' dir='ltr'>facit,</span> <span class='ocrx_word' id='word_1_592' title='bbox 1988 4153 2127 4215; x_wconf 81' lang='lat' dir='ltr'>gra-</span> 
     </span>
    </p>
   </div>
   <div class='ocr_carea' id='block_1_74' title="bbox 484 4224 868 4308">
    <p class='ocr_par' dir='ltr' id='par_1_74' title="bbox 484 4224 868 4308">
     <span class='ocr_line' id='line_1_74' title="bbox 484 4224 868 4308; baseline 0.003 -22"><span class='ocrx_word' id='word_1_593' title='bbox 484 4224 609 4287; x_wconf 91' lang='lat' dir='ltr'>vius</span> <span class='ocrx_word' id='word_1_594' title='bbox 639 4236 868 4308; x_wconf 84' lang='lat' dir='ltr'>peccat.</span> 
     </span>
    </p>
   </div>
   <div class='ocr_carea' id='block_1_75' title="bbox 1087 4408 1509 4474">
    <p class='ocr_par' dir='ltr' id='par_1_75' title="bbox 1087 4408 1509 4474">
     <span class='ocr_line' id='line_1_75' title="bbox 1087 4408 1509 4474; baseline 0 -1"><span class='ocrx_word' id='word_1_595' title='bbox 1087 4408 1333 4473; x_wconf 81' lang='lat' dir='ltr'>CAPUT</span> <span class='ocrx_word' id='word_1_596' title='bbox 1382 4408 1509 4474; x_wconf 80' lang='lat' dir='ltr'>VII.</span> 
     </span>
    </p>
   </div>
   <div class='ocr_carea' id='block_1_76' title="bbox 587 4501 2020 4643">
    <p class='ocr_par' dir='ltr' id='par_1_76' title="bbox 587 4501 2020 4643">
     <span class='ocr_line' id='line_1_76' title="bbox 587 4501 2020 4643; baseline 0 -79"><span class='ocrx_word' id='word_1_597' title='bbox 587 4502 669 4564; x_wconf 88' lang='lat' dir='ltr'>De</span> <span class='ocrx_word' id='word_1_598' title='bbox 697 4508 1068 4567; x_wconf 75' lang='lat' dir='ltr'>centurione.</span> <span class='ocrx_word' id='word_1_599' title='bbox 1107 4502 1352 4643; x_wconf 60' lang='lat' dir='ltr'>De’ﬁliu</span> <span class='ocrx_word' id='word_1_600' title='bbox 1382 4504 1607 4565; x_wconf 68' lang='lat' dir='ltr'>vidum.</span> <span class='ocrx_word' id='word_1_601' title='bbox 1641 4501 1726 4564; x_wconf 80' lang='lat' dir='ltr'>De</span> <span class='ocrx_word' id='word_1_602' title='bbox 1756 4503 1957 4565; x_wconf 72' lang='lat' dir='ltr'>missis</span> <span class='ocrx_word' id='word_1_603' title='bbox 1984 4523 2020 4564; x_wconf 89' lang='lat' dir='ltr'>a</span> 
     </span>
     <span class='ocr_line' id='line_1_77' title="bbox 1212 4601 1428 4643; baseline 0 0"><span class='ocrx_word' id='word_1_604' title='bbox 1212 4601 1428 4643; x_wconf 82' lang='lat' dir='ltr'>oanne.</span> 
     </span>
    </p>
   </div>
   <div class='ocr_carea' id='block_1_77' title="bbox 1212 4601 1428 4647">
    <p class='ocr_par' dir='ltr' id='par_1_77' title="bbox 1212 4601 1428 4647">
     <span class='ocr_line' id='line_1_78' title="bbox 1212 4601 1428 4647; baseline -0.019 -1"><span class='ocrx_word' id='word_1_605' title='bbox 1212 4601 1428 4647; x_wconf 83' lang='lat' dir='ltr'>oanne.</span> 
     </span>
    </p>
   </div>
   <div class='ocr_carea' id='block_1_78' title="bbox 557 4680 2127 4742">
    <p class='ocr_par' dir='ltr' id='par_1_78' title="bbox 557 4680 2127 4742">
     <span class='ocr_line' id='line_1_79' title="bbox 557 4680 2127 4742; baseline 0 -2"><span class='ocrx_word' id='word_1_606' title='bbox 557 4680 742 4742; x_wconf 69' lang='lat' dir='ltr'>Vens.</span> <span class='ocrx_word' id='word_1_607' title='bbox 776 4680 956 4742; x_wconf 83' lang='grc'><strong>1-10.</strong></span> <span class='ocrx_word' id='word_1_608' title='bbox 1007 4681 1140 4741; x_wconf 74' lang='grc'>516</span> <span class='ocrx_word' id='word_1_609' title='bbox 1198 4702 1220 4735; x_wconf 80' lang='grc' dir='ltr'>ιι</span> <span class='ocrx_word' id='word_1_610' title='bbox 1248 4682 1392 4742; x_wconf 89' lang='lat' dir='ltr'>Cum</span> <span class='ocrx_word' id='word_1_611' title='bbox 1425 4686 1620 4740; x_wconf 91' lang='lat' dir='ltr'>autem</span> <span class='ocrx_word' id='word_1_612' title='bbox 1654 4687 2127 4741; x_wconf 88' lang='lat' dir='ltr'>consummasset</span> 
     </span>
    </p>
   </div>
   <div class='ocr_carea' id='block_1_79' title="bbox 476 4768 2122 4849">
    <p class='ocr_par' dir='ltr' id='par_1_79' title="bbox 476 4768 2122 4849">
     <span class='ocr_line' id='line_1_80' title="bbox 476 4768 2122 4849; baseline -0.001 -19"><span class='ocrx_word' id='word_1_613' title='bbox 476 4769 676 4830; x_wconf 90' lang='lat' dir='ltr'>omnia</span> <span class='ocrx_word' id='word_1_614' title='bbox 708 4768 890 4831; x_wconf 88' lang='lat' dir='ltr'>verba</span> <span class='ocrx_word' id='word_1_615' title='bbox 915 4787 1020 4830; x_wconf 89' lang='lat' dir='ltr'>sua</span> <span class='ocrx_word' id='word_1_616' title='bbox 1050 4768 1330 4830; x_wconf 81' lang='lat' dir='ltr'>audiente</span> <span class='ocrx_word' id='word_1_617' title='bbox 1364 4768 1604 4849; x_wconf 88' lang='lat' dir='ltr'>populo,</span> <span class='ocrx_word' id='word_1_618' title='bbox 1632 4769 1867 4830; x_wconf 88' lang='lat' dir='ltr'>intravit</span> <span class='ocrx_word' id='word_1_619' title='bbox 1897 4768 2122 4849; x_wconf 90' lang='lat' dir='ltr'>Caper-</span> 
     </span>
    </p>
   </div>
   <div class='ocr_carea' id='block_1_80' title="bbox 472 4856 2120 4938">
    <p class='ocr_par' dir='ltr' id='par_1_80' title="bbox 472 4856 2120 4938">
     <span class='ocr_line' id='line_1_81' title="bbox 472 4856 2120 4938; baseline 0.001 -19"><span class='ocrx_word' id='word_1_620' title='bbox 472 4876 673 4920; x_wconf 87' lang='lat' dir='ltr'>naum.</span> <span class='ocrx_word' id='word_1_621' title='bbox 710 4858 1087 4922; x_wconf 88' lang='lat' dir='ltr'>Centurionis</span> <span class='ocrx_word' id='word_1_622' title='bbox 1140 4866 1334 4919; x_wconf 89' lang='lat' dir='ltr'>autem</span> <span class='ocrx_word' id='word_1_623' title='bbox 1387 4856 1696 4938; x_wconf 73' lang='lat' dir='ltr'>cujusdam</span> <span class='ocrx_word' id='word_1_624' title='bbox 1732 4876 1940 4919; x_wconf 85' lang='lat' dir='ltr'>servus</span> <span class='ocrx_word' id='word_1_625' title='bbox 1968 4857 2120 4920; x_wconf 87' lang='lat' dir='ltr'>male</span> 
     </span>
    </p>
   </div>
   <div class='ocr_carea' id='block_1_81' title="bbox 473 4944 2115 5026">
    <p class='ocr_par' dir='ltr' id='par_1_81' title="bbox 473 4944 2115 5026">
     <span class='ocr_line' id='line_1_82' title="bbox 473 4944 2115 5026; baseline 0 -19"><span class='ocrx_word' id='word_1_626' title='bbox 473 4945 702 5008; x_wconf 88' lang='lat' dir='ltr'>habens</span> <span class='ocrx_word' id='word_1_627' title='bbox 722 4946 931 5025; x_wconf 88' lang='lat' dir='ltr'>agebat</span> <span class='ocrx_word' id='word_1_628' title='bbox 954 4947 1237 5019; x_wconf 89' lang='lat' dir='ltr'>animam,</span> <span class='ocrx_word' id='word_1_629' title='bbox 1276 4946 1373 5026; x_wconf 91' lang='lat' dir='ltr'>qui</span> <span class='ocrx_word' id='word_1_630' title='bbox 1409 4945 1493 5008; x_wconf 92' lang='lat' dir='ltr'>illi</span> <span class='ocrx_word' id='word_1_631' title='bbox 1526 4955 1655 5006; x_wconf 85' lang='lat' dir='ltr'>erat</span> <span class='ocrx_word' id='word_1_632' title='bbox 1684 4947 1923 5008; x_wconf 90' lang='lat' dir='ltr'>charus.</span> <span class='ocrx_word' id='word_1_633' title='bbox 1969 4944 2115 5009; x_wconf 90' lang='lat' dir='ltr'>Cum</span> 
     </span>
    </p>
   </div>
   <div class='ocr_carea' id='block_1_82' title="bbox 471 5034 2117 5110">
    <p class='ocr_par' dir='ltr' id='par_1_82' title="bbox 471 5034 2117 5110">
     <span class='ocr_line' id='line_1_83' title="bbox 471 5034 2117 5110; baseline 0.001 -14"><span class='ocrx_word' id='word_1_634' title='bbox 471 5036 733 5099; x_wconf 84' lang='lat' dir='ltr'>audisset</span> <span class='ocrx_word' id='word_1_635' title='bbox 763 5044 957 5098; x_wconf 89' lang='lat' dir='ltr'>autem</span> <span class='ocrx_word' id='word_1_636' title='bbox 989 5036 1063 5097; x_wconf 92' lang='lat' dir='ltr'>de</span> <span class='ocrx_word' id='word_1_637' title='bbox 1092 5035 1254 5110; x_wconf 88' lang='lat' dir='ltr'>Jesu,</span> <span class='ocrx_word' id='word_1_638' title='bbox 1285 5036 1443 5097; x_wconf 90' lang='lat' dir='ltr'>misit</span> <span class='ocrx_word' id='word_1_639' title='bbox 1472 5034 1545 5097; x_wconf 92' lang='lat' dir='ltr'>ad</span> <span class='ocrx_word' id='word_1_640' title='bbox 1578 5054 1711 5096; x_wconf 93' lang='lat' dir='ltr'>eum</span> <span class='ocrx_word' id='word_1_641' title='bbox 1735 5036 2001 5098; x_wconf 86' lang='lat' dir='ltr'>seniores</span> <span class='ocrx_word' id='word_1_642' title='bbox 2016 5036 2117 5099; x_wconf 74' lang='lat' dir='ltr'>Ju~</span> 
     </span>
    </p>
   </div>
   <div class='ocr_carea' id='block_1_83' title="bbox 470 5123 2113 5205">
    <p class='ocr_par' dir='ltr' id='par_1_83' title="bbox 470 5123 2113 5205">
     <span class='ocr_line' id='line_1_84' title="bbox 470 5123 2113 5205; baseline -0.001 -19"><span class='ocrx_word' id='word_1_643' title='bbox 470 5123 755 5197; x_wconf 72' lang='lat' dir='ltr'>dzeorum,</span> <span class='ocrx_word' id='word_1_644' title='bbox 774 5145 990 5205; x_wconf 85' lang='lat' dir='ltr'>rogans</span> <span class='ocrx_word' id='word_1_645' title='bbox 1015 5145 1147 5187; x_wconf 86' lang='lat' dir='ltr'>eum</span> <span class='ocrx_word' id='word_1_646' title='bbox 1182 5134 1243 5186; x_wconf 93' lang='lat' dir='ltr'>ut</span> <span class='ocrx_word' id='word_1_647' title='bbox 1272 5125 1498 5186; x_wconf 90' lang='lat' dir='ltr'>veniret</span> <span class='ocrx_word' id='word_1_648' title='bbox 1523 5133 1579 5185; x_wconf 91' lang='lat' dir='ltr'>et</span> <span class='ocrx_word' id='word_1_649' title='bbox 1599 5134 1860 5187; x_wconf 85' lang='lat' dir='ltr'>servaret</span> <span class='ocrx_word' id='word_1_650' title='bbox 1878 5144 2113 5187; x_wconf 90' lang='lat' dir='ltr'>servum</span> 
     </span>
    </p>
   </div>
   <div class='ocr_carea' id='block_1_84' title="bbox 469 5214 2116 5294">
    <p class='ocr_par' dir='ltr' id='par_1_84' title="bbox 469 5214 2116 5294">
     <span class='ocr_line' id='line_1_85' title="bbox 469 5214 2116 5294; baseline 0 -19"><span class='ocrx_word' id='word_1_651' title='bbox 469 5230 667 5277; x_wconf 88' lang='lat' dir='ltr'>suum.</span> <span class='ocrx_word' id='word_1_652' title='bbox 702 5216 775 5278; x_wconf 83' lang='lat' dir='ltr'>At</span> <span class='ocrx_word' id='word_1_653' title='bbox 804 5216 891 5277; x_wconf 92' lang='lat' dir='ltr'>illi</span> <span class='ocrx_word' id='word_1_654' title='bbox 922 5235 1053 5277; x_wconf 91' lang='lat' dir='ltr'>cum</span> <span class='ocrx_word' id='word_1_655' title='bbox 1090 5214 1390 5277; x_wconf 88' lang='lat' dir='ltr'>venissent</span> <span class='ocrx_word' id='word_1_656' title='bbox 1437 5216 1510 5275; x_wconf 91' lang='lat' dir='ltr'>ad</span> <span class='ocrx_word' id='word_1_657' title='bbox 1566 5214 1790 5288; x_wconf 84' lang='lat' dir='ltr'>Jesum,</span> <span class='ocrx_word' id='word_1_658' title='bbox 1828 5214 2116 5294; x_wconf 89' lang='lat' dir='ltr'>rogabant</span> 
     </span>
    </p>
   </div>
   <div class='ocr_carea' id='block_1_85' title="bbox 467 5304 2111 5384">
    <p class='ocr_par' dir='ltr' id='par_1_85' title="bbox 467 5304 2111 5384">
     <span class='ocr_line' id='line_1_86' title="bbox 467 5304 2111 5384; baseline 0 -19"><span class='ocrx_word' id='word_1_659' title='bbox 467 5321 601 5366; x_wconf 89' lang='lat' dir='ltr'>cum</span> <span class='ocrx_word' id='word_1_660' title='bbox 654 5306 940 5379; x_wconf 87' lang='lat' dir='ltr'>studiose,</span> <span class='ocrx_word' id='word_1_661' title='bbox 1002 5304 1268 5367; x_wconf 82' lang='lat' dir='ltr'>dicentes</span> <span class='ocrx_word' id='word_1_662' title='bbox 1304 5327 1316 5368; x_wconf 93' lang='lat'><strong>:</strong></span> <span class='ocrx_word' id='word_1_663' title='bbox 1352 5305 1575 5384; x_wconf 88' lang='lat' dir='ltr'>Dignus</span> <span class='ocrx_word' id='word_1_664' title='bbox 1623 5312 1710 5366; x_wconf 92' lang='lat' dir='ltr'>est</span> <span class='ocrx_word' id='word_1_665' title='bbox 1760 5313 1823 5365; x_wconf 92' lang='lat' dir='ltr'>ut</span> <span class='ocrx_word' id='word_1_666' title='bbox 1883 5304 1993 5366; x_wconf 88' lang='lat' dir='ltr'>hoc</span> <span class='ocrx_word' id='word_1_667' title='bbox 2024 5304 2111 5365; x_wconf 89' lang='lat' dir='ltr'>illi</span> 
     </span>
    </p>
   </div>
   <div class='ocr_carea' id='block_1_86' title="bbox 541 5472 1467 5552">
    <p class='ocr_par' dir='ltr' id='par_1_86' title="bbox 541 5472 1467 5552">
     <span class='ocr_line' id='line_1_87' title="bbox 541 5472 1467 5552; baseline 0.004 -19"><span class='ocrx_word' id='word_1_668' title='bbox 541 5474 604 5525; x_wconf 75' lang='lat'><strong>55</strong></span> <span class='ocrx_word' id='word_1_669' title='bbox 633 5472 744 5537; x_wconf 91' lang='lat' dir='ltr'>Tit.</span> <span class='ocrx_word' id='word_1_670' title='bbox 782 5492 822 5552; x_wconf 83' lang='grc' dir='ltr'>ι,</span> <span class='ocrx_word' id='word_1_671' title='bbox 872 5476 963 5537; x_wconf 88' lang='lat'>16.</span> <span class='ocrx_word' id='word_1_672' title='bbox 996 5474 1112 5537; x_wconf 74' lang='lat'>351</span> <span class='ocrx_word' id='word_1_673' title='bbox 1143 5476 1279 5539; x_wconf 88' lang='lat' dir='ltr'>Cor.</span> <span class='ocrx_word' id='word_1_674' title='bbox 1316 5493 1376 5550; x_wconf 72' lang='grc' dir='ltr'>χ,</span> <span class='ocrx_word' id='word_1_675' title='bbox 1409 5478 1467 5537; x_wconf 82' lang='grc'>4.</span> 
     </span>
    </p>
   </div>
   <div class='ocr_carea' id='block_1_87' title="bbox 2155 4584 2805 4667">
    <p class='ocr_par' dir='ltr' id='par_1_87' title="bbox 2155 4584 2805 4667">
     <span class='ocr_line' id='line_1_88' title="bbox 2155 4584 2805 4667; baseline 0.005 -30"><span class='ocrx_word' id='word_1_676' title='bbox 2155 4617 2195 4667; x_wconf 79' lang='lat' dir='ltr'><strong>D</strong></span> <span class='ocrx_word' id='word_1_677' title='bbox 2294 4598 2409 4660; x_wconf 84' lang='grc' dir='ltr'>ρας⁶</span> <span class='ocrx_word' id='word_1_678' title='bbox 2458 4584 2582 4661; x_wconf 82' lang='grc' dir='ltr'>Περὶ</span> <span class='ocrx_word' id='word_1_679' title='bbox 2610 4584 2718 4639; x_wconf 78' lang='grc' dir='ltr'>τῶν</span> <span class='ocrx_word' id='word_1_680' title='bbox 2745 4606 2805 4640; x_wconf 82' lang='grc' dir='ltr'>στ</span> 
     </span>
    </p>
   </div>
   <div class='ocr_carea' id='block_1_88' title="bbox 2214 3245 3865 3333">
    <p class='ocr_par' dir='ltr' id='par_1_88' title="bbox 2214 3245 3865 3333">
     <span class='ocr_line' id='line_1_89' title="bbox 2214 3245 3865 3333; baseline 0.008 -36"><span class='ocrx_word' id='word_1_681' title='bbox 2214 3245 2502 3333; x_wconf 59' lang='grc' dir='ltr'>προσρήσει</span> <span class='ocrx_word' id='word_1_682' title='bbox 2574 3247 2602 3301; x_wconf 84' lang='grc' dir='ltr'>ὃ</span> <span class='ocrx_word' id='word_1_683' title='bbox 2650 3248 2895 3323; x_wconf 81' lang='grc' dir='ltr'>ποταμὸς</span> <span class='ocrx_word' id='word_1_684' title='bbox 2968 3254 3038 3325; x_wconf 78' lang='grc' dir='ltr'>τῇ</span> <span class='ocrx_word' id='word_1_685' title='bbox 3069 3248 3207 3306; x_wconf 79' lang='grc' dir='ltr'>οἰκία</span> <span class='ocrx_word' id='word_1_686' title='bbox 3238 3248 3435 3332; x_wconf 68' lang='grc' dir='ltr'>ἐκείνῃ,</span> <span class='ocrx_word' id='word_1_687' title='bbox 3482 3254 3512 3308; x_wconf 86' lang='lat'>&#39;0</span> <span class='ocrx_word' id='word_1_688' title='bbox 3566 3255 3865 3333; x_wconf 75' lang='grc' dir='ltr'>πειραστής</span> 
     </span>
    </p>
   </div>
   <div class='ocr_carea' id='block_1_89' title="bbox 2214 3330 3867 3421">
    <p class='ocr_par' dir='ltr' id='par_1_89' title="bbox 2214 3330 3867 3421">
     <span class='ocr_line' id='line_1_90' title="bbox 2214 3330 3867 3421; baseline 0.006 -34"><span class='ocrx_word' id='word_1_689' title='bbox 2214 3330 2326 3388; x_wconf 82' lang='grc' dir='ltr'>εἴτε</span> <span class='ocrx_word' id='word_1_690' title='bbox 2395 3331 2596 3405; x_wconf 81' lang='grc' dir='ltr'>δαίμων</span> <span class='ocrx_word' id='word_1_691' title='bbox 2654 3334 2769 3392; x_wconf 77' lang='grc' dir='ltr'>εἴτε</span> <span class='ocrx_word' id='word_1_692' title='bbox 2824 3335 3117 3419; x_wconf 73' lang='grc' dir='ltr'>ἄνθρωπος,</span> <span class='ocrx_word' id='word_1_693' title='bbox 3151 3340 3237 3394; x_wconf 83' lang='grc' dir='ltr'>καὶ</span> <span class='ocrx_word' id='word_1_694' title='bbox 3266 3342 3357 3399; x_wconf 71' lang='grc' dir='ltr'>οὖν</span> <span class='ocrx_word' id='word_1_695' title='bbox 3404 3330 3577 3421; x_wconf 77' lang='grc' dir='ltr'>ἰσχύει</span> <span class='ocrx_word' id='word_1_696' title='bbox 3608 3330 3867 3399; x_wconf 76' lang='grc' dir='ltr'>σαλεῦσαι</span> 
     </span>
    </p>
   </div>
   <div class='ocr_carea' id='block_1_90' title="bbox 2213 3422 3863 3510">
    <p class='ocr_par' dir='ltr' id='par_1_90' title="bbox 2213 3422 3863 3510">
     <span class='ocr_line' id='line_1_91' title="bbox 2213 3422 3863 3510; baseline 0.006 -33"><span class='ocrx_word' id='word_1_697' title='bbox 2213 3422 2433 3490; x_wconf 85' lang='grc' dir='ltr'>ταύτην.</span> <span class='ocrx_word' id='word_1_698' title='bbox 2508 3430 2742 3501; x_wconf 83' lang='grc' dir='ltr'>Ποταμῷ</span> <span class='ocrx_word' id='word_1_699' title='bbox 2798 3424 2845 3481; x_wconf 80' lang='grc' dir='ltr'>δ’</span> <span class='ocrx_word' id='word_1_700' title='bbox 2902 3425 2963 3482; x_wconf 76' lang='grc' dir='ltr'>ἄν</span> <span class='ocrx_word' id='word_1_701' title='bbox 3019 3425 3384 3507; x_wconf 78' lang='grc' dir='ltr'>παραϐληθείη</span> <span class='ocrx_word' id='word_1_702' title='bbox 3412 3432 3441 3486; x_wconf 91' lang='lat'>6</span> <span class='ocrx_word' id='word_1_703' title='bbox 3466 3430 3732 3510; x_wconf 77' lang='grc' dir='ltr'>πειράζων</span> <span class='ocrx_word' id='word_1_704' title='bbox 3765 3430 3863 3492; x_wconf 75' lang='grc' dir='ltr'>ἄν·</span> 
     </span>
    </p>
   </div>
   <div class='ocr_carea' id='block_1_91' title="bbox 2211 3513 3865 3597">
    <p class='ocr_par' dir='ltr' id='par_1_91' title="bbox 2211 3513 3865 3597">
     <span class='ocr_line' id='line_1_92' title="bbox 2211 3513 3865 3597; baseline 0.005 -30"><span class='ocrx_word' id='word_1_705' title='bbox 2211 3513 2442 3588; x_wconf 87' lang='grc' dir='ltr'>θρωπος,</span> <span class='ocrx_word' id='word_1_706' title='bbox 2504 3515 2591 3571; x_wconf 81' lang='grc' dir='ltr'>καὶ</span> <span class='ocrx_word' id='word_1_707' title='bbox 2662 3515 2807 3591; x_wconf 81' lang='grc' dir='ltr'>μάλα</span> <span class='ocrx_word' id='word_1_708' title='bbox 2861 3517 3102 3581; x_wconf 81' lang='grc' dir='ltr'>εἰκότως’</span> <span class='ocrx_word' id='word_1_709' title='bbox 3134 3518 3313 3596; x_wconf 80' lang='grc' dir='ltr'>ὥσπερ</span> <span class='ocrx_word' id='word_1_710' title='bbox 3332 3518 3433 3597; x_wconf 77' lang='grc' dir='ltr'>γὰρ</span> <span class='ocrx_word' id='word_1_711' title='bbox 3460 3520 3550 3576; x_wconf 82' lang='grc' dir='ltr'>τὸν</span> <span class='ocrx_word' id='word_1_712' title='bbox 3616 3523 3865 3597; x_wconf 80' lang='grc' dir='ltr'>ποταμὸν</span> 
     </span>
    </p>
   </div>
   <div class='ocr_carea' id='block_1_92' title="bbox 2213 3600 3862 3687">
    <p class='ocr_par' dir='ltr' id='par_1_92' title="bbox 2213 3600 3862 3687">
     <span class='ocr_line' id='line_1_93' title="bbox 2213 3600 3862 3687; baseline 0.007 -32"><span class='ocrx_word' id='word_1_713' title='bbox 2213 3602 2246 3667; x_wconf 77' lang='grc' dir='ltr'>ἡ</span> <span class='ocrx_word' id='word_1_714' title='bbox 2298 3600 2493 3659; x_wconf 78' lang='grc' dir='ltr'>ἂνωθεν</span> <span class='ocrx_word' id='word_1_715' title='bbox 2544 3604 2808 3662; x_wconf 84' lang='grc' dir='ltr'>πίπτουσα</span> <span class='ocrx_word' id='word_1_716' title='bbox 2887 3606 3067 3687; x_wconf 76' lang='grc' dir='ltr'>βροχτὶ</span> <span class='ocrx_word' id='word_1_717' title='bbox 3118 3609 3465 3687; x_wconf 83' lang='grc' dir='ltr'>πλημμυρεῐν</span> <span class='ocrx_word' id='word_1_718' title='bbox 3498 3622 3668 3684; x_wconf 78' lang='grc' dir='ltr'>ποιεῖ,</span> <span class='ocrx_word' id='word_1_719' title='bbox 3723 3609 3862 3667; x_wconf 65' lang='grc' dir='ltr'>οετω</span> 
     </span>
    </p>
   </div>
   <div class='ocr_carea' id='block_1_93' title="bbox 2213 3692 3863 3777">
    <p class='ocr_par' dir='ltr' id='par_1_93' title="bbox 2213 3692 3863 3777">
     <span class='ocr_line' id='line_1_94' title="bbox 2213 3692 3863 3777; baseline 0.006 -31"><span class='ocrx_word' id='word_1_720' title='bbox 2213 3692 2299 3747; x_wconf 85' lang='grc' dir='ltr'>καὶ</span> <span class='ocrx_word' id='word_1_721' title='bbox 2350 3693 2441 3748; x_wconf 80' lang='grc' dir='ltr'>τὸν</span> <span class='ocrx_word' id='word_1_722' title='bbox 2499 3696 2791 3777; x_wconf 70' lang='grc' dir='ltr'>πειραστὴν</span> <span class='ocrx_word' id='word_1_723' title='bbox 2860 3695 3134 3776; x_wconf 74' lang='grc' dir='ltr'>ἄνθρωπον</span> <span class='ocrx_word' id='word_1_724' title='bbox 3190 3700 3219 3753; x_wconf 92' lang='lat'>6</span> <span class='ocrx_word' id='word_1_725' title='bbox 3262 3696 3459 3756; x_wconf 79' lang='grc' dir='ltr'>ἄνωθεν</span> <span class='ocrx_word' id='word_1_726' title='bbox 3508 3700 3686 3756; x_wconf 82' lang='grc' dir='ltr'>πεσὼν</span> <span class='ocrx_word' id='word_1_727' title='bbox 3748 3708 3863 3756; x_wconf 84' lang='grc' dir='ltr'>Σα-</span> 
     </span>
    </p>
   </div>
   <div class='ocr_carea' id='block_1_94' title="bbox 2211 3780 3862 3862">
    <p class='ocr_par' dir='ltr' id='par_1_94' title="bbox 2211 3780 3862 3862">
     <span class='ocr_line' id='line_1_95' title="bbox 2211 3780 3862 3862; baseline 0.005 -28"><span class='ocrx_word' id='word_1_728' title='bbox 2211 3787 2372 3845; x_wconf 81' lang='grc' dir='ltr'>τανᾶς</span> <span class='ocrx_word' id='word_1_729' title='bbox 2430 3780 2601 3848; x_wconf 72' lang='grc' dir='ltr'>αὔξειν</span> <span class='ocrx_word' id='word_1_730' title='bbox 2655 3798 2826 3848; x_wconf 82' lang='grc' dir='ltr'>ποιεῖ,</span> <span class='ocrx_word' id='word_1_731' title='bbox 2888 3792 3004 3843; x_wconf 83' lang='grc' dir='ltr'>Τῶν</span> <span class='ocrx_word' id='word_1_732' title='bbox 3056 3783 3110 3842; x_wconf 77' lang='grc' dir='ltr'>δέ</span> <span class='ocrx_word' id='word_1_733' title='bbox 3170 3786 3247 3862; x_wconf 74' lang='grc' dir='ltr'>μὴ</span> <span class='ocrx_word' id='word_1_734' title='bbox 3288 3790 3579 3845; x_wconf 75' lang='grc' dir='ltr'>ποιούντων</span> <span class='ocrx_word' id='word_1_735' title='bbox 3618 3789 3741 3855; x_wconf 78' lang='grc' dir='ltr'>τοὺς</span> <span class='ocrx_word' id='word_1_736' title='bbox 3772 3795 3862 3846; x_wconf 79' lang='grc' dir='ltr'>τοῦ</span> 
     </span>
    </p>
   </div>
   <div class='ocr_carea' id='block_1_95' title="bbox 2218 3869 3863 3958">
    <p class='ocr_par' dir='ltr' id='par_1_95' title="bbox 2218 3869 3863 3958">
     <span class='ocr_line' id='line_1_96' title="bbox 2218 3869 3863 3958; baseline 0.004 -32"><span class='ocrx_word' id='word_1_737' title='bbox 2218 3871 2403 3948; x_wconf 77' lang='grc' dir='ltr'>Κυρίου</span> <span class='ocrx_word' id='word_1_738' title='bbox 2458 3869 2647 3950; x_wconf 86' lang='grc' dir='ltr'>λόγους</span> <span class='ocrx_word' id='word_1_739' title='bbox 2709 3876 2742 3941; x_wconf 83' lang='grc' dir='ltr'>ἡ</span> <span class='ocrx_word' id='word_1_740' title='bbox 2802 3876 2938 3931; x_wconf 84' lang='grc' dir='ltr'>οἰκία</span> <span class='ocrx_word' id='word_1_741' title='bbox 3004 3876 3210 3952; x_wconf 86' lang='grc' dir='ltr'>πίπτει,</span> <span class='ocrx_word' id='word_1_742' title='bbox 3245 3877 3557 3954; x_wconf 77' lang='grc' dir='ltr'>καὶγίνεται</span> <span class='ocrx_word' id='word_1_743' title='bbox 3590 3880 3652 3934; x_wconf 80' lang='grc' dir='ltr'>τὸ</span> <span class='ocrx_word' id='word_1_744' title='bbox 3680 3879 3863 3958; x_wconf 74' lang='grc' dir='ltr'>ῥῆγμα</span> 
     </span>
    </p>
   </div>
   <div class='ocr_carea' id='block_1_96' title="bbox 2213 3960 3860 4043">
    <p class='ocr_par' dir='ltr' id='par_1_96' title="bbox 2213 3960 3860 4043">
     <span class='ocr_line' id='line_1_97' title="bbox 2213 3960 3860 4043; baseline 0.007 -29"><span class='ocrx_word' id='word_1_745' title='bbox 2213 3960 2310 4024; x_wconf 73' lang='grc' dir='ltr'>τῆς</span> <span class='ocrx_word' id='word_1_746' title='bbox 2381 3961 2547 4025; x_wconf 74' lang='grc' dir='ltr'>οἰκίας</span> <span class='ocrx_word' id='word_1_747' title='bbox 2605 3962 2808 4031; x_wconf 74' lang='grc' dir='ltr'>ἔκείνης</span> <span class='ocrx_word' id='word_1_748' title='bbox 2864 3964 3022 4042; x_wconf 80' lang='grc' dir='ltr'>μέγα.</span> <span class='ocrx_word' id='word_1_749' title='bbox 3089 3962 3310 4043; x_wconf 77' lang='grc' dir='ltr'>Μεγᾶλα</span> <span class='ocrx_word' id='word_1_750' title='bbox 3364 3966 3466 4043; x_wconf 77' lang='grc' dir='ltr'>γὰρ</span> <span class='ocrx_word' id='word_1_751' title='bbox 3496 3967 3596 4021; x_wconf 78' lang='grc' dir='ltr'>εἰσι</span> <span class='ocrx_word' id='word_1_752' title='bbox 3630 3969 3695 4023; x_wconf 79' lang='grc' dir='ltr'>τὰ</span> <span class='ocrx_word' id='word_1_753' title='bbox 3718 3966 3860 4027; x_wconf 85' lang='grc' dir='ltr'>πτώ.</span> 
     </span>
    </p>
   </div>
   <div class='ocr_carea' id='block_1_97' title="bbox 2213 4046 3858 4132">
    <p class='ocr_par' dir='ltr' id='par_1_97' title="bbox 2213 4046 3858 4132">
     <span class='ocr_line' id='line_1_98' title="bbox 2213 4046 3858 4132; baseline 0.004 -29"><span class='ocrx_word' id='word_1_754' title='bbox 2213 4070 2354 4123; x_wconf 86' lang='grc' dir='ltr'>ματα</span> <span class='ocrx_word' id='word_1_755' title='bbox 2412 4051 2519 4106; x_wconf 79' lang='grc' dir='ltr'>τῶν</span> <span class='ocrx_word' id='word_1_756' title='bbox 2574 4052 2870 4110; x_wconf 78' lang='grc' dir='ltr'>ἀκουόντων</span> <span class='ocrx_word' id='word_1_757' title='bbox 2931 4053 3052 4131; x_wconf 79' lang='grc' dir='ltr'>μὲν,</span> <span class='ocrx_word' id='word_1_758' title='bbox 3088 4054 3166 4129; x_wconf 76' lang='grc' dir='ltr'>μὴ</span> <span class='ocrx_word' id='word_1_759' title='bbox 3218 4055 3511 4111; x_wconf 87' lang='grc' dir='ltr'>ποιούντων</span> <span class='ocrx_word' id='word_1_760' title='bbox 3542 4052 3619 4117; x_wconf 85' lang='grc' dir='ltr'>δέ.</span> <span class='ocrx_word' id='word_1_761' title='bbox 3671 4046 3729 4113; x_wconf 66' lang='grc' dir='ltr'><strong>Ὀ</strong></span> <span class='ocrx_word' id='word_1_762' title='bbox 3761 4057 3858 4132; x_wconf 72' lang='grc' dir='ltr'>μὶν</span> 
     </span>
    </p>
   </div>
   <div class='ocr_carea' id='block_1_98' title="bbox 2212 4137 3856 4223">
    <p class='ocr_par' dir='ltr' id='par_1_98' title="bbox 2212 4137 3856 4223">
     <span class='ocr_line' id='line_1_99' title="bbox 2212 4137 3856 4223; baseline 0.006 -32"><span class='ocrx_word' id='word_1_763' title='bbox 2212 4137 2312 4216; x_wconf 81' lang='grc' dir='ltr'>γὰρ</span> <span class='ocrx_word' id='word_1_764' title='bbox 2368 4139 2505 4214; x_wconf 75' lang='grc' dir='ltr'>μήτε</span> <span class='ocrx_word' id='word_1_765' title='bbox 2566 4139 2795 4206; x_wconf 79' lang='grc' dir='ltr'>ἀκούσας</span> <span class='ocrx_word' id='word_1_766' title='bbox 2826 4141 2964 4218; x_wconf 75' lang='grc' dir='ltr'>μὴτε</span> <span class='ocrx_word' id='word_1_767' title='bbox 2995 4141 3251 4219; x_wconf 74' lang='grc' dir='ltr'>ποιήσας,</span> <span class='ocrx_word' id='word_1_768' title='bbox 3302 4139 3623 4223; x_wconf 69' lang='grc' dir='ltr'>ὶλαφρότερα</span> <span class='ocrx_word' id='word_1_769' title='bbox 3652 4146 3856 4218; x_wconf 80' lang='grc' dir='ltr'>πταίει,</span> 
     </span>
    </p>
   </div>
   <div class='ocr_carea' id='block_1_99' title="bbox 2211 4224 3854 4313">
    <p class='ocr_par' dir='ltr' id='par_1_99' title="bbox 2211 4224 3854 4313">
     <span class='ocr_line' id='line_1_100' title="bbox 2211 4224 3854 4313; baseline 0.005 -32"><span class='ocrx_word' id='word_1_770' title='bbox 2211 4227 2240 4281; x_wconf 87' lang='lat'>6</span> <span class='ocrx_word' id='word_1_771' title='bbox 2298 4224 2352 4282; x_wconf 78' lang='grc' dir='ltr'>δέ</span> <span class='ocrx_word' id='word_1_772' title='bbox 2408 4227 2631 4296; x_wconf 83' lang='grc' dir='ltr'>ἀκούσας</span> <span class='ocrx_word' id='word_1_773' title='bbox 2698 4231 2818 4309; x_wconf 81' lang='grc' dir='ltr'>μὲν,</span> <span class='ocrx_word' id='word_1_774' title='bbox 2906 4229 2984 4307; x_wconf 72' lang='grc' dir='ltr'>μὴ</span> <span class='ocrx_word' id='word_1_775' title='bbox 3057 4232 3287 4302; x_wconf 79' lang='grc' dir='ltr'>ποιήσας</span> <span class='ocrx_word' id='word_1_776' title='bbox 3343 4228 3422 4308; x_wconf 68' lang='grc' dir='ltr'>δὲ,</span> <span class='ocrx_word' id='word_1_777' title='bbox 3502 4231 3854 4313; x_wconf 80' lang='grc' dir='ltr'>χαλεπώτερα</span> 
     </span>
    </p>
   </div>
   <div class='ocr_carea' id='block_1_100' title="bbox 2212 4315 2523 4394">
    <p class='ocr_par' dir='ltr' id='par_1_100' title="bbox 2212 4315 2523 4394">
     <span class='ocr_line' id='line_1_101' title="bbox 2212 4315 2523 4394; baseline 0.016 -25"><span class='ocrx_word' id='word_1_778' title='bbox 2212 4315 2523 4394; x_wconf 82' lang='grc' dir='ltr'>ἁμαρτάνει.</span> 
     </span>
    </p>
   </div>
   <div class='ocr_carea' id='block_1_101' title="bbox 2854 4409 3207 4473">
    <p class='ocr_par' dir='ltr' id='par_1_101' title="bbox 2854 4409 3207 4473">
     <span class='ocr_line' id='line_1_102' title="bbox 2854 4409 3207 4473; baseline 0.011 -4"><span class='ocrx_word' id='word_1_779' title='bbox 2854 4414 3083 4469; x_wconf 69' lang='grc' dir='ltr'>ΚΕΦΑΛ</span> <span class='ocrx_word' id='word_1_780' title='bbox 3120 4409 3207 4473; x_wconf 90' lang='lat' dir='ltr'>z’.</span> 
     </span>
    </p>
   </div>
   <div class='ocr_carea' id='block_1_102' title="bbox 2215 4502 3853 4640">
    <p class='ocr_par' dir='ltr' id='par_1_102' title="bbox 2215 4502 3853 4640">
     <span class='ocr_line' id='line_1_103' title="bbox 2215 4502 3853 4640; baseline 0.005 -85"><span class='ocrx_word' id='word_1_781' title='bbox 2215 4502 2337 4575; x_wconf 84' lang='grc' dir='ltr'>Περὶ</span> <span class='ocrx_word' id='word_1_782' title='bbox 2383 4509 2475 4559; x_wconf 75' lang='grc' dir='ltr'>τοῦ</span> <span class='ocrx_word' id='word_1_783' title='bbox 2530 4503 2945 4640; x_wconf 50' lang='grc' dir='ltr'>ἑκατοντάρῶρυ.</span> <span class='ocrx_word' id='word_1_784' title='bbox 2998 4504 3124 4583; x_wconf 84' lang='grc' dir='ltr'>Περὶ</span> <span class='ocrx_word' id='word_1_785' title='bbox 3177 4511 3271 4562; x_wconf 80' lang='grc' dir='ltr'>τοῦ</span> <span class='ocrx_word' id='word_1_786' title='bbox 3348 4506 3460 4563; x_wconf 77' lang='grc' dir='ltr'>υἱοῦ</span> <span class='ocrx_word' id='word_1_787' title='bbox 3554 4509 3651 4575; x_wconf 76' lang='grc' dir='ltr'>τῆς</span> <span class='ocrx_word' id='word_1_788' title='bbox 3735 4508 3853 4588; x_wconf 75' lang='grc' dir='ltr'>χή-</span> 
     </span>
     <span class='ocr_line' id='line_1_104' title="bbox 2294 4584 3516 4640; baseline 0 0"><span class='ocrx_word' id='word_1_789' title='bbox 2294 4598 2409 4640; x_wconf 80' lang='grc' dir='ltr'>οας⁶</span> <span class='ocrx_word' id='word_1_790' title='bbox 2458 4584 2582 4640; x_wconf 80' lang='grc' dir='ltr'>Περὶ</span> <span class='ocrx_word' id='word_1_791' title='bbox 2610 4584 2718 4639; x_wconf 78' lang='grc' dir='ltr'>τῶν</span> <span class='ocrx_word' id='word_1_792' title='bbox 2745 4606 2805 4640; x_wconf 82' lang='grc' dir='ltr'>στ</span> <span class='ocrx_word' id='word_1_793' title='bbox 2880 4584 3040 4640; x_wconf 85' lang='grc' dir='ltr'>έντων</span> <span class='ocrx_word' id='word_1_794' title='bbox 3072 4586 3214 4640; x_wconf 75' lang='grc' dir='ltr'>παρὰ</span> <span class='ocrx_word' id='word_1_795' title='bbox 3243 4584 3516 4640; x_wconf 76' lang='grc' dir='ltr'>Ἰωάννου-</span> 
     </span>
    </p>
   </div>
   <div class='ocr_carea' id='block_1_103' title="bbox 2880 4584 3516 4665">
    <p class='ocr_par' dir='ltr' id='par_1_103' title="bbox 2880 4584 3516 4665">
     <span class='ocr_line' id='line_1_105' title="bbox 2880 4584 3516 4665; baseline 0.006 -25"><span class='ocrx_word' id='word_1_796' title='bbox 2880 4584 3040 4641; x_wconf 85' lang='grc' dir='ltr'>έντων</span> <span class='ocrx_word' id='word_1_797' title='bbox 3072 4586 3214 4665; x_wconf 74' lang='grc' dir='ltr'>παρὰ</span> <span class='ocrx_word' id='word_1_798' title='bbox 3243 4584 3258 4610; x_wconf 84' lang='lat'><em>’</em></span> <span class='ocrx_word' id='word_1_799' title='bbox 3267 4586 3516 4650; x_wconf 82' lang='grc' dir='ltr'>[ωάννου.</span> 
     </span>
    </p>
   </div>
   <div class='ocr_carea' id='block_1_104' title="bbox 2298 4674 3856 4758">
    <p class='ocr_par' dir='ltr' id='par_1_104' title="bbox 2298 4674 3856 4758">
     <span class='ocr_line' id='line_1_106' title="bbox 2298 4674 3856 4758; baseline 0.003 -26"><span class='ocrx_word' id='word_1_800' title='bbox 2298 4698 2320 4732; x_wconf 72' lang='grc' dir='ltr'>ι</span> <span class='ocrx_word' id='word_1_801' title='bbox 2385 4674 2536 4733; x_wconf 83' lang='grc' dir='ltr'>Ἐπεὶ</span> <span class='ocrx_word' id='word_1_802' title='bbox 2606 4674 2660 4732; x_wconf 76' lang='grc' dir='ltr'>δὲ</span> <span class='ocrx_word' id='word_1_803' title='bbox 2731 4676 3007 4757; x_wconf 72' lang='grc' dir='ltr'>ἐπλήρωσε</span> <span class='ocrx_word' id='word_1_804' title='bbox 3037 4678 3209 4735; x_wconf 85' lang='grc' dir='ltr'>πάντα</span> <span class='ocrx_word' id='word_1_805' title='bbox 3236 4679 3304 4735; x_wconf 77' lang='grc' dir='ltr'>τὰ</span> <span class='ocrx_word' id='word_1_806' title='bbox 3330 4678 3546 4758; x_wconf 78' lang='grc' dir='ltr'>ῥήματα</span> <span class='ocrx_word' id='word_1_807' title='bbox 3580 4681 3739 4740; x_wconf 74' lang='grc' dir='ltr'>αὐτοῦ</span> <span class='ocrx_word' id='word_1_808' title='bbox 3783 4682 3856 4744; x_wconf 75' lang='grc' dir='ltr'>εἰς</span> 
     </span>
    </p>
   </div>
   <div class='ocr_carea' id='block_1_105' title="bbox 2206 4759 3850 4849">
    <p class='ocr_par' dir='ltr' id='par_1_105' title="bbox 2206 4759 3850 4849">
     <span class='ocr_line' id='line_1_107' title="bbox 2206 4759 3850 4849; baseline 0.002 -27"><span class='ocrx_word' id='word_1_809' title='bbox 2206 4767 2301 4831; x_wconf 74' lang='grc' dir='ltr'>τὰς</span> <span class='ocrx_word' id='word_1_810' title='bbox 2360 4766 2523 4833; x_wconf 76' lang='grc' dir='ltr'>ἀκοὰς</span> <span class='ocrx_word' id='word_1_811' title='bbox 2576 4776 2668 4827; x_wconf 78' lang='grc' dir='ltr'>τοῦ</span> <span class='ocrx_word' id='word_1_812' title='bbox 2697 4766 2849 4848; x_wconf 82' lang='grc' dir='ltr'>λαοῦ,</span> <span class='ocrx_word' id='word_1_813' title='bbox 2885 4766 3126 4837; x_wconf 79' lang='grc' dir='ltr'>εἰσῆλθεν</span> <span class='ocrx_word' id='word_1_814' title='bbox 3152 4769 3225 4834; x_wconf 84' lang='grc' dir='ltr'>είς</span> <span class='ocrx_word' id='word_1_815' title='bbox 3255 4771 3631 4849; x_wconf 71' lang='grc' dir='ltr'>Καπερναουμ.</span> <span class='ocrx_word' id='word_1_816' title='bbox 3683 4759 3850 4828; x_wconf 66' lang='grc' dir='ltr'>Ἐκα-</span> 
     </span>
    </p>
   </div>
   <div class='ocr_carea' id='block_1_106' title="bbox 2202 4854 3855 4939">
    <p class='ocr_par' dir='ltr' id='par_1_106' title="bbox 2202 4854 3855 4939">
     <span class='ocr_line' id='line_1_108' title="bbox 2202 4854 3855 4939; baseline 0.002 -26"><span class='ocrx_word' id='word_1_817' title='bbox 2202 4856 2497 4937; x_wconf 82' lang='grc' dir='ltr'>τοντάρχου</span> <span class='ocrx_word' id='word_1_818' title='bbox 2551 4855 2607 4914; x_wconf 78' lang='grc' dir='ltr'>δὲ</span> <span class='ocrx_word' id='word_1_819' title='bbox 2653 4879 2798 4922; x_wconf 87' lang='grc' dir='ltr'>τινος</span> <span class='ocrx_word' id='word_1_820' title='bbox 2864 4854 3045 4925; x_wconf 79' lang='grc' dir='ltr'>δοῦλος</span> <span class='ocrx_word' id='word_1_821' title='bbox 3099 4864 3278 4925; x_wconf 83' lang='grc' dir='ltr'>κακῶς</span> <span class='ocrx_word' id='word_1_822' title='bbox 3308 4858 3477 4939; x_wconf 74' lang='grc' dir='ltr'>ἔχων,</span> <span class='ocrx_word' id='word_1_823' title='bbox 3514 4858 3704 4936; x_wconf 77' lang='grc' dir='ltr'>ἔμελλε</span> <span class='ocrx_word' id='word_1_824' title='bbox 3760 4881 3855 4917; x_wconf 86' lang='grc' dir='ltr'>τε-</span> 
     </span>
    </p>
   </div>
   <div class='ocr_carea' id='block_1_107' title="bbox 2200 4945 3849 5030">
    <p class='ocr_par' dir='ltr' id='par_1_107' title="bbox 2200 4945 3849 5030">
     <span class='ocr_line' id='line_1_109' title="bbox 2200 4945 3849 5030; baseline 0.002 -28"><span class='ocrx_word' id='word_1_825' title='bbox 2200 4945 2387 5019; x_wconf 81' lang='grc' dir='ltr'>λευτᾷν</span> <span class='ocrx_word' id='word_1_826' title='bbox 2442 4946 2500 5013; x_wconf 78' lang='grc' dir='ltr'>ὃς</span> <span class='ocrx_word' id='word_1_827' title='bbox 2558 4946 2623 5015; x_wconf 71' lang='grc' dir='ltr'>ἦν</span> <span class='ocrx_word' id='word_1_828' title='bbox 2679 4948 2820 5005; x_wconf 75' lang='grc' dir='ltr'>αὒτῶ</span> <span class='ocrx_word' id='word_1_829' title='bbox 2880 4947 3114 5025; x_wconf 69' lang='grc' dir='ltr'>ἔντιμος,</span> <span class='ocrx_word' id='word_1_830' title='bbox 3157 4948 3416 5011; x_wconf 80' lang='grc' dir='ltr'>Ἀκούσας</span> <span class='ocrx_word' id='word_1_831' title='bbox 3474 4947 3529 5006; x_wconf 75' lang='grc' dir='ltr'>δὲ</span> <span class='ocrx_word' id='word_1_832' title='bbox 3588 4952 3705 5030; x_wconf 83' lang='grc' dir='ltr'>περὶ</span> <span class='ocrx_word' id='word_1_833' title='bbox 3758 4957 3849 5007; x_wconf 80' lang='grc' dir='ltr'>τοῦ</span> 
     </span>
    </p>
   </div>
   <div class='ocr_carea' id='block_1_108' title="bbox 2199 5035 3845 5119">
    <p class='ocr_par' dir='ltr' id='par_1_108' title="bbox 2199 5035 3845 5119">
     <span class='ocr_line' id='line_1_110' title="bbox 2199 5035 3845 5119; baseline 0.001 -25"><span class='ocrx_word' id='word_1_834' title='bbox 2199 5035 2402 5112; x_wconf 81' lang='grc' dir='ltr'>Ἰησοῦ,</span> <span class='ocrx_word' id='word_1_835' title='bbox 2498 5036 2777 5094; x_wconf 76' lang='grc' dir='ltr'>ἀπέστειλε</span> <span class='ocrx_word' id='word_1_836' title='bbox 2852 5040 2984 5118; x_wconf 84' lang='grc' dir='ltr'>πρὸς</span> <span class='ocrx_word' id='word_1_837' title='bbox 3040 5039 3197 5095; x_wconf 80' lang='grc' dir='ltr'>αύνὸν</span> <span class='ocrx_word' id='word_1_838' title='bbox 3304 5035 3681 5119; x_wconf 79' lang='grc' dir='ltr'>πρεσϐυτέρους</span> <span class='ocrx_word' id='word_1_839' title='bbox 3736 5046 3845 5097; x_wconf 81' lang='grc' dir='ltr'>τῶν</span> 
     </span>
    </p>
   </div>
   <div class='ocr_carea' id='block_1_109' title="bbox 2200 5123 3843 5207">
    <p class='ocr_par' dir='ltr' id='par_1_109' title="bbox 2200 5123 3843 5207">
     <span class='ocr_line' id='line_1_111' title="bbox 2200 5123 3843 5207; baseline 0.002 -25"><span class='ocrx_word' id='word_1_840' title='bbox 2200 5123 2484 5200; x_wconf 85' lang='grc' dir='ltr'>Ἰουδαίων,</span> <span class='ocrx_word' id='word_1_841' title='bbox 2550 5127 2761 5206; x_wconf 77' lang='grc' dir='ltr'>ἐρωτῶν</span> <span class='ocrx_word' id='word_1_842' title='bbox 2814 5128 2971 5185; x_wconf 76' lang='grc' dir='ltr'>αὐτὸν</span> <span class='ocrx_word' id='word_1_843' title='bbox 3039 5126 3184 5194; x_wconf 79' lang='grc' dir='ltr'>ὅπως</span> <span class='ocrx_word' id='word_1_844' title='bbox 3240 5126 3403 5184; x_wconf 68' lang='grc' dir='ltr'>ἐλθὼν</span> <span class='ocrx_word' id='word_1_845' title='bbox 3465 5126 3699 5207; x_wconf 82' lang='grc' dir='ltr'>διασώσῃ</span> <span class='ocrx_word' id='word_1_846' title='bbox 3750 5131 3843 5187; x_wconf 80' lang='grc' dir='ltr'>τὸν</span> 
     </span>
    </p>
   </div>
   <div class='ocr_carea' id='block_1_110' title="bbox 2200 5214 3843 5297">
    <p class='ocr_par' dir='ltr' id='par_1_110' title="bbox 2200 5214 3843 5297">
     <span class='ocr_line' id='line_1_112' title="bbox 2200 5214 3843 5297; baseline 0.004 -27"><span class='ocrx_word' id='word_1_847' title='bbox 2200 5214 2381 5274; x_wconf 73' lang='grc' dir='ltr'>δοῦλον</span> <span class='ocrx_word' id='word_1_848' title='bbox 2440 5220 2618 5276; x_wconf 74' lang='grc' dir='ltr'>αὖτοῦ.</span> <span class='ocrx_word' id='word_1_849' title='bbox 2681 5220 2740 5274; x_wconf 74' lang='lat' dir='ltr'>Oi</span> <span class='ocrx_word' id='word_1_850' title='bbox 2794 5216 2875 5297; x_wconf 78' lang='grc' dir='ltr'>δὲ,</span> <span class='ocrx_word' id='word_1_851' title='bbox 2937 5217 3354 5297; x_wconf 78' lang='grc' dir='ltr'>παραγενόμενοι</span> <span class='ocrx_word' id='word_1_852' title='bbox 3403 5218 3533 5297; x_wconf 78' lang='grc' dir='ltr'>πρὸς</span> <span class='ocrx_word' id='word_1_853' title='bbox 3579 5220 3671 5275; x_wconf 81' lang='grc' dir='ltr'>τὸν</span> <span class='ocrx_word' id='word_1_854' title='bbox 3722 5217 3843 5287; x_wconf 83' lang='grc' dir='ltr'>Ἰη-</span> 
     </span>
    </p>
   </div>
   <div class='ocr_carea' id='block_1_111' title="bbox 2196 5304 3843 5386">
    <p class='ocr_par' dir='ltr' id='par_1_111' title="bbox 2196 5304 3843 5386">
     <span class='ocr_line' id='line_1_113' title="bbox 2196 5304 3843 5386; baseline 0.002 -24"><span class='ocrx_word' id='word_1_855' title='bbox 2196 5308 2339 5382; x_wconf 79' lang='grc' dir='ltr'>σοῦν,</span> <span class='ocrx_word' id='word_1_856' title='bbox 2401 5307 2733 5385; x_wconf 83' lang='grc' dir='ltr'>παρεκάλουν</span> <span class='ocrx_word' id='word_1_857' title='bbox 2793 5309 2951 5365; x_wconf 68' lang='grc' dir='ltr'>αὐτὸν</span> <span class='ocrx_word' id='word_1_858' title='bbox 3036 5304 3353 5386; x_wconf 85' lang='grc' dir='ltr'>σπουδαίως,</span> <span class='ocrx_word' id='word_1_859' title='bbox 3432 5305 3676 5385; x_wconf 78' lang='grc' dir='ltr'>λέγοντες</span> <span class='ocrx_word' id='word_1_860' title='bbox 3762 5309 3843 5366; x_wconf 82' lang='grc' dir='ltr'>δτι</span> 
     </span>
    </p>
   </div>
  </div>
