4116 6212
484 309 598 374 783
1429 317 2027 382 THEOPHYLACTI
2072 317 2483 381 BULGARI/E
2526 317 2886 383 ARCHIEP.
3765 325 3894 386 ’784

472 442 744 532 dicentes
774 462 793 503 :
826 445 1128 525 Propheta
1154 465 1402 526 magnus
1432 452 1685 512 surrexit
1714 452 1871 514 inter
1911 469 2039 518 nos,
2076 471 2085 508 t

2171 452 2504 528 ὶΠροιρήτης
2565 452 2734 529 μέγας
2805 453 3088 531 ἐγήγερται
3144 458 3202 510 ἐν
3271 457 3432 532 ἡμῖν,
3482 459 3569 513 καὶ
3619 459 3717 513 ὃτι
3785 457 3894 514 ἐπ-

470 530 628 624 Deus
653 532 1182 624 visitavitplebem
1216 554 1444 600 suam.»
1474 538 1785 620 Postquam
1816 541 2085 603 centurio

2213 539 2480 612 εσκέψατο
2537 541 2564 595 ὀ
2638 542 2767 603 Θεὸς
2795 543 2888 597 τὸν
2960 543 3139 606 αὒτοῦ,
3181 567 3204 600 ιι
3259 542 3473 615 Ἐπειδή
3504 569 3598 624 περ
3629 549 3740 601 τὸν
3797 549 3897 602 τοῦ

470 621 561 682 nis
591 640 825 684 servum
865 623 1041 684 etiam
1077 623 1298 688 absens
1324 629 1574 709 sanavit,
1611 630 1772 691 aliud
1810 630 2003 691 rarius
2033 629 2083 690 fa

2212 628 2612 709 ἑκατοντάρχου
2667 627 2850 686 δοῦλον
2933 634 3054 709 ὑγιᾶ
3109 635 3197 689 γαὶ
3249 633 3324 709 μὴ
3368 637 3551 714 παρὼν
3572 621 3886 712 ἐποίησεν,

467 711 546 773 cit
575 713 943 774 miraculum.
982 716 1071 775 Ne
1094 717 1226 796 quis
1245 715 1420 790 dicat,
1455 716 1525 777 Et
1555 719 1697 797 quid
1731 720 1862 780 novi
1898 720 1958 780 in
2010 719 2083 779 ho

2207 714 2383 795 ἕτερον
2435 719 2740 798 καινότερον
2799 722 3216 799 θαυματουργεῖ,
3293 713 3415 780 "Iv:
3448 711 3568 802 ’γὰρ
3641 725 3737 800 μὴ
3803 746 3889 786 τις

467 818 643 864 servo
665 802 940 880 contigit?
973 802 1242 866 fortassis
1272 805 1492 885 alioqui
1546 825 1660 867 non
1715 807 1922 868 fuisset
1953 826 2083 868 mor

2205 806 2360 883 εἴπῃ,
2411 810 2507 865 Καὶ
2549 809 2599 864 τί
2628 811 2809 866 καινὸν
2839 809 2925 865 ἐπὶ
2954 817 3019 882 τᾷ
3047 809 3217 886 δούλῳ
3238 812 3484 880 ἐποίησεν
3518 832 3534 889 ;
3574 804 3739 876 Ἰσως
3776 813 3884 891 γάρ

469 897 627 965 tuus,
663 899 979 971 propterea
1041 902 1336 954 mortuum
1392 893 1564 955 illum
1598 896 1701 973 qui
1742 895 2085 957 efferebatur

2245 894 2318 917 9M
2486 897 2494 915 ο
2715 897 2739 916 ,ι
2833 896 2854 916 ι
2887 904 2909 914 ο
3073 897 3096 916 ἢ
3125 901 3136 914 ς
3242 907 3262 918 ..
3417 904 3429 919 κ
3497 904 3509 924 ν

2210 915 2325 951 ουοε
2396 896 2652 952 ἀπέθανεν
2709 920 2770 953 αν
2826 896 3033 972 οουλος,
3068 917 3150 956 οια
3177 923 3328 957 τουτο
3381 923 3471 957 τον
3500 904 3888 976 εκκομιζόμε-

465 979 879 1044 suscitat.Non
914 983 1103 1043 solum
1139 991 1340 1043 autem
1364 985 1543 1044 verbo
1575 984 1718 1046 facit
1741 985 2085 1046 miraculum

2204 1005 2292 1039 νον
2351 983 2556 1041 ἐκεῖνον
2613 987 2794 1064 νεκρὸν
2825 989 3032 1058 ἀνιστᾷ.
3066 991 3138 1046 Οῦ
3165 987 3312 1066 λόγῳ
3355 988 3408 1044 δὲ
3459 993 3886 1068 θαυματουργεῖ

463 1069 570 1131 sed
602 1077 660 1131 et
689 1070 948 1133 loculum
986 1072 1169 1150 tangit
1207 1094 1218 1135 :
1256 1082 1320 1134 ut
1351 1072 1648 1135 discamus
1695 1074 1851 1154 quod
1904 1094 2119 1154 corpus

463 1164 594 1242 ejus
623 1182 842 1244 corpus
872 1163 1166 1225 vivificum
1200 1163 1597 1236 sit.Quoniam
1637 1167 1794 1228 enim
1828 1186 1964 1229 caro
1990 1168 2117 1246 ejus

461 1250 612 1322 facta
642 1261 731 1313 est
763 1254 1001 1332 propria
1024 1252 1207 1316 Verbi
1240 1254 1438 1314 omnia
1467 1254 1835 1336 vivificantis,
1856 1264 2101 1336 propte-

460 1359 562 1402 rea
589 1340 823 1402 vivifica
844 1350 934 1403 est
966 1353 1024 1404 et
1053 1342 1204 1422 ipsa,
1240 1343 1508 1422 tollitque
1540 1356 1791 1405 mortem
1827 1353 1884 1406 et
1901 1364 2077 1406 corru

459 1430 746 1511 ptionem.
781 1429 962 1491 Porro
995 1431 1222 1492 resedit
1264 1441 1552 1514 mortuus,
1588 1443 1646 1494 et
1701 1435 1876 1513 ccepit
1917 1433 2103 1515 loqui,

457 1527 522 1579 ut
553 1536 627 1581 ne
658 1530 1014 1599 apparenter
1045 1527 1269 1580 tantum
1302 1521 1655 1601 quibusdam
1685 1523 2002 1584 suscitatus
2030 1523 2108 1583 vi-

455 1608 686 1672 deatur.
713 1607 858 1671 Nam
894 1628 1046 1671 verae
1068 1611 1526 1672 resurrectionis
1557 1611 1788 1690 signum
1835 1612 1964 1686 fuit,
2002 1631 2103 1673 re-

456 1698 654 1760 sidere
687 1709 745 1762 et
776 1699 962 1778 loqui.
995 1697 1388 1761 Inanimatum
1443 1700 1601 1761 enim
1653 1719 1868 1781 corpus
1908 1720 2102 1783 neque

2203 1073 2388 1147 μόνον,
2453 1074 2586 1131 ἁλλὰ
2643 1077 2730 1130 καὶ
2787 1081 2885 1143 τῆς
2937 1085 3095 1155 σοροῦ
3148 1076 3398 1134 ἅπτεταιο
3457 1077 3550 1135 ἵνα
3601 1081 3886 1154 μάθωμεν

2201 1161 2280 1218 ὅτι
2336 1165 2398 1220 τὸ
2470 1171 2624 1240 σῶμα
2683 1168 2840 1223 αὐτοῦ
2900 1168 3056 1241 σῶμα
3129 1172 3269 1236 ζωῆς
3301 1167 3466 1230 ἐστιν,
3502 1166 3739 1234 Ἐπειδῆ
3777 1170 3885 1247 γὰρ

2193 1248 2294 1313 ἰδία
2366 1251 2551 1331 γέγονε
2615 1262 2708 1310 τοῦ
2766 1254 2936 1331 Λόγου
2994 1257 3026 1321 ἡ
3104 1253 3227 1332 σὰρξ
3276 1266 3368 1314 τοῦ
3424 1258 3596 1312 πάντα
3645 1264 3883 1336 ζωογο-

2191 1347 2424 1413 νοῦντος,
2500 1339 2584 1396 διὰ
2642 1347 2797 1398 τοῦτο
2853 1343 3116 1412 ζωοποιός
3180 1343 3291 1399 ἐστι
3359 1346 3446 1402 καὶ
3518 1344 3686 1419 αὕτη,
3783 1348 3879 1400 καὶ

2191 1429 2413 1485 θανάτου
2473 1431 2559 1485 καὶ
2621 1433 2810 1507 φθορᾶς
2869 1431 3196 1508 ἀναιρετική.
3259 1432 3595 1490 Ἀνεκάθισεν
3671 1433 3778 1489 οὗν
3844 1437 3872 1489 6

2192 1521 2395 1598 νεκρὸς,
2457 1520 2544 1574 καὶ
2607 1519 2799 1597 ἤρξατο
2855 1518 3063 1593 λαλεῖν,
3110 1520 3203 1576 ’ίνα
3246 1522 3323 1596 μὴ
3354 1524 3488 1579 κατὰ
3549 1525 3868 1603 φαντασίαν

2188 1605 2312 1682 δοξῃ
2369 1609 2501 1664 τισὶν
2571 1607 2874 1687 ἐγηγέρθαι.
2935 1606 3039 1669 Καὶ
3081 1611 3180 1688 γὰρ
3225 1609 3451 1677 ἀληθοῦς
3501 1612 3863 1675 ἂναστάσεως

2188 1709 2417 1771 σημεῖα,
2497 1699 2558 1753 τὸ
2605 1698 2910 1754 ἆνακαθίσαι
2994 1699 3080 1754 καὶ
3152 1700 3413 1766 λαλῆσαι·
3471 1700 3584 1756 ἐπεί
3640 1703 3732 1757 τοί
3797 1723 3863 1779 γε

452 1787 749 1883 residere,
783 1806 978 1883 neque
1008 1789 1171 1868 loqui
1201 1787 1676 1883 potest.Viduam
1700 1799 1896 1883 autem
1929 1790 2074 1883 in_tel

2191 1784 2400 1864 ἄψυχον
2452 1792 2608 1861 σῶμα
2681 1786 2796 1843 οὔτε
2855 1786 3189 1863 άνακαθίσαι,
3248 1788 3366 1844 οὔτε
3409 1787 3643 1856 λαλῆσαι
3676 1789 3858 1846 δύνα-

455 1877 606 1957 ligas
638 1885 696 1939 et
731 1878 1016 1953 animam,
1051 1896 1181 1959 quae
1220 1877 1408 1939 virum
1462 1895 1656 1954 suum,
1696 1878 1940 1940 verbum
1971 1879 2100 1954 Dei,

453 1968 556 2046 qui
609 1967 832 2029 bonum
878 1968 1191 2032 seminavit
1239 1986 1469 2048 semen,
1501 1968 1735 2030 amisit:
1774 1969 1932 2030 filius
1962 1988 2101 2031 vero

450 2058 600 2136 ejus,
638 2075 808 2118 mens
840 2066 1070 2117 mortua
1103 2066 1210 2129 est,
1240 2066 1296 2116 et
1317 2057 1564 2118 effertur
1584 2067 1751 2118 extra
1781 2076 2096 2138 supernam

449 2147 770 2220 civitatem,
801 2146 1172 2218 Jerusalem;
1222 2147 1384 2225 regio
1444 2147 1601 2206 enim
1649 2146 1964 2208 viventium
1997 2147 2097 2210 illa

448 2244 556 2296 est.
591 2235 851 2297 Proinde
880 2235 1165 2296 Dominus
1213 2236 1622 2305 misericordia
1676 2246 1869 2299 motus
1913 2239 2097 2316 tangit

449 2324 729 2387 loculum.
767 2325 1028 2386 Loculus
1090 2325 1303 2386 mentis
1345 2332 1435 2385 est
1466 2343 1702 2405 corpus.
1739 2327 2092 2406 Sepulcrum

446 2412 702 2478 enimet
732 2413 964 2475 loculus
996 2432 1209 2494 corpus
1237 2421 1344 2487 est,
1378 2413 1536 2474 unde
1567 2422 1625 2474 et
1648 2413 1837 2475 Graeci
1876 2434 2092 2495 corpus

449 2510 604 2579 σῶμα
637 2512 866 2577 vocant,
900 2503 1067 2584 quasi
1100 2509 1270 2582 σῆμα,
1303 2503 1415 2564 hoc
1445 2510 1532 2564 est
1562 2503 2090 2581 sepulcrum.Tac-

450 2601 505 2653 to
537 2600 733 2654 autem
792 2610 1049 2669 corpore
1081 2592 1370 2653 Dominus
1401 2593 1644 2653 suscitat
1675 2601 1958 2670 mentem,
1987 2594 2092 2673 ju-

449 2681 701 2742 venilem
749 2693 810 2744 et
850 2682 1062 2742 fortem
1104 2681 1266 2742 illam
1300 2681 1544 2756 faciens,
1582 2682 2003 2764 quaaresidet,
2037 2692 2094 2745 et

441 2737 810 2832 gregatae
847 2737 1083 2832 ιιὶξεὲῖἶξπι
1104 2737 1682 2850 ἷὲῌιῖιέἓόᾧεέοεῖιί,
1713 2737 1971 2852 i‘ncipiet
1989 2737 2094 2833 ἰο-

442 2861 566 2942 qui,
596 2860 704 2922 hoc
723 2868 834 2935 est,
868 2861 1089 2922 docere
1119 2858 1578 2930 alios.Quandiu
1606 2859 1764 2920 enim
1790 2861 1847 2921 in
1880 2880 2090 2941 pecca-

441 2957 496 3011 to
524 2950 975 3026 detinetur,non
1010 2956 1201 3030 potest
1235 2947 1454 3010 docere
1481 2956 1538 3010 et
1569 2947 1897 3030 loqui,quis
1930 2950 2088 3012 enim

436 3039 494 3100 ei
525 3039 798 3103 crederet
817 3041 845 3099 ?

518 3217 696 3278 Vens.
730 3216 929 3280 17-29.
966 3241 991 3271 α
1023 3215 1090 3277 Et
1121 3216 1263 3279 exiit
1290 3216 1389 3278 hic
1421 3235 1629 3278 rumor
1659 3218 1719 3278 in
1751 3218 2084 3280 universam
2109 3239 2148 3287 c

432 3304 702 3368 Judaeam
739 3307 814 3366 de
843 3325 934 3377 eo,
973 3314 1284 3368 etomnem
1317 3307 1621 3369 ﬁnitimam
1657 3308 1987 3387 regionem.
2021 3309 2091 3370 Et

439 3399 854 3455 nuntiaverunt
881 3394 1092 3456 Joanni
1141 3395 1413 3475 discipuli
1446 3396 1630 3476 ipsius
1661 3396 1735 3456 de
1769 3396 1857 3457 his
1887 3397 2086 3458 omni-

441 3482 656 3546 bus.Et
684 3483 973 3545 invocwit
1001 3484 1150 3546 duos
1180 3485 1254 3546 de
1287 3485 1598 3564 discipulis
1646 3485 1768 3547 suis
1797 3484 2082 3562 Joannes,

441 3571 724 3653 misitque
745 3575 816 3635 ad
837 3573 1039 3635 Jesum
1062 3573 1268 3635 dicens
1299 3594 1310 3635 :
1341 3573 1426 3635 Tu
1463 3592 1528 3634 es
1559 3573 1658 3654 qui
1694 3584 1972 3636 venturus
1997 3595 2082 3646 es,

439 3662 655 3723 3|8an
685 3661 863 3724 alium
899 3669 1340 3742 exspectamus?
1366 3666 1509 3725 Cum
1541 3670 1737 3724 autem
1783 3664 2086 3726 venissent

437 3749 508 3812 ad
533 3768 666 3812 eum
697 3751 832 3826 viri,
867 3751 1179 3813 dixerunt:
1215 3751 1474 3814 Joannes
1507 3751 1767 3832 Baptista
1798 3752 1955 3813 misit
1975 3773 2084 3814 nos

436 3839 509 3900 ad
545 3849 622 3915 te,
669 3841 876 3904 dicens
914 3863 925 3904 :
961 3840 1047 3901 Tu
1099 3860 1162 3903 es
1218 3841 1316 3901 ille
1369 3841 1469 3920 qui
1519 3850 1802 3902 venturus
1861 3850 1971 3922 est,
2007 3862 2081 3904 an

2187 1896 2298 1936 ται,
2375 1876 2554 1952 Χήραν
2586 1872 2640 1930 δὲ
2671 1877 2881 1945 νοήσεις
2916 1878 3004 1932 καὶ
3032 1878 3128 1944 τὴν
3160 1878 3346 1957 ψυχὴν
3376 1879 3477 1946 τὴν
3532 1875 3858 1935 ἀποϐαλοῦο

2189 1984 2282 2018 σαν
2325 1963 2416 2019 τὸν
2444 1961 2600 2042 ἄνδρα
2646 1968 2828 2035 αὐτῆς,
2867 1967 2958 2021 τὸν
2989 1964 3148 2044 λόγον
3179 1974 3272 2023 τοῦ
3315 1969 3467 2038 Θεοῦ,
3515 1969 3606 2022 τὸν
3664 1969 3856 2045 ἀγαθὰ

2185 2052 2463 2130 σπέρματα
2533 2055 2837 2132 σπείρσντα,
2901 2056 3018 2117 Υἱὸς
3077 2054 3131 2110 δὲ
3160 2058 3356 2123 ταύτης
3401 2059 3428 2112 6
3475 2063 3614 2129 νοῦς,
3663 2059 3694 2112 6
3747 2077 3855 2112 τε-

2179 2143 2388 2208 θνηκὼς
2417 2142 2505 2198 καὶ
2562 2141 2660 2206 ἔξω
2721 2148 2819 2210 τῆς
2883 2143 3115 2219 πόλεως,
3150 2151 3247 2211 τῆς
3299 2145 3410 2200 ἂνω
3456 2136 3846 2223 Ἰερουσαλὴμ,

2179 2231 2560 2306 κομιζόμενος.
2624 2234 2781 2310 Χώρα
2862 2234 2961 2311 γὰρ
2991 2240 3094 2288 τῶν
3137 2234 3350 2304 ζώντων
3393 2234 3532 2290 ἐστὶν
3563 2233 3776 2301 ἐκείνη·
3813 2238 3844 2289 6

2177 2327 2302 2396 γοῦν
2377 2321 2565 2397 Κύριος
2636 2319 3072 2400 σπλαγχνισθεὶς,
3159 2322 3379 2379 ἅπτεται
3473 2324 3566 2391 τῆς
3641 2334 3833 2401 σοροῦ.

2175 2411 2341 2484 Σορὸς
2397 2407 2452 2465 δὲ
2535 2416 2627 2466 τοῦ
2677 2418 2789 2487 νοῦ,
2847 2413 2907 2467 τὸ
2939 2418 3116 2486 σῶμα,
3174 2412 3348 2489 Τάφος
3378 2413 3479 2490 γὰρ
3520 2413 3688 2476 ὄντως
3741 2415 3839 2469 καὶ

2178 2501 2327 2572 σῆμα
2380 2500 2442 2553 τὸ
2493 2505 2673 2574 σῶμα.
2739 2500 2886 2556 Καθὰ
2934 2501 3021 2556 καὶ
3091 2521 3228 2566 τινες
3286 2504 3443 2557 εἷπον
3487 2503 3613 2559 αὐτὸ
3675 2501 3834 2575 σῆμα

2178 2585 2343 2659 εἶναι,
2403 2586 2644 2644 τουτέστι
2703 2589 2892 2667 τάφον,
2970 2579 3270 2665 Ἀψάμενος
3301 2589 3389 2645 οὖν
3434 2590 3525 2645 τοῦ
3574 2590 3836 2663 σώματος

2180 2676 2207 2730 ὃ
2296 2676 2479 2754 Κύριος
2539 2676 2725 2756 ἐγείρει
2772 2679 2863 2733 τὸν
2905 2687 3046 2752 νοῦν,
3093 2679 3334 2736 νεανικὸν
3378 2678 3533 2734 αὑτὸν
3562 2681 3650 2734 καὶ
3696 2700 3836 2757 γεν-

2180 2778 2330 2820 ναῖον
2401 2769 2594 2827 ποιῶν.
2655 2766 3002 2831 ’Λνακαθίσας
3073 2765 3127 2822 δὲ
3183 2770 3211 2824 6
3263 2769 3558 2839 νεανίσκος,
3609 2771 3636 2823 6
3711 2771 3838 2830 νοῦς

2179 2851 2320 2930 λέγω
2390 2854 2566 2928 οὗτος,
2641 2858 2730 2912 καὶ
2788 2855 3017 2934 ἐγερθεὶς
3054 2857 3160 2913 ἀπὸ
3189 2865 3282 2914 τοῦ
3310 2859 3478 2938 τάφου
3523 2857 3618 2924 τῆς
3647 2858 3839 2937 ἀμαρ-

2174 2951 2310 3018 τίας,
2369 2945 2490 3002 τότε
2561 2943 2769 3023 ἄρξεται
2827 2945 3039 3021 λαλεῖν,
3098 2947 3336 3004 τουτέστι
3396 2944 3655 3002 διδάσκειν
3718 2948 3840 3002 ἐτέ-

2174 3054 2316 3104 ρους.
2381 3034 2469 3091 Ἐν
2505 3034 2614 3107 ὅσῳ
2654 3034 2755 3113 γὰρ
2782 3041 2851 3112 τῇ
2882 3037 3114 3115 ἁμαρτίᾳ
3143 3035 3456 3116 κατέχεται,
3507 3041 3566 3095 ού
3607 3034 3831 3094 δύναται

2173 3119 2434 3179 διδάσκειν
2469 3125 2558 3180 καὶ
2586 3123 2794 3180 λαλεῖν·
2842 3126 2922 3187 τίς
2954 3127 3054 3205 γὰρ
3086 3130 3228 3200 αὖτῷ
3257 3127 3526 3183 πιστεύσει
3555 3147 3573 3201 ;

2259 3235 2282 3266 ιι
2349 3212 2447 3269 Καὶ
2502 3211 2718 3279 ἐξῆλθεν
2763 3215 2791 3269 6
2832 3211 2992 3292 λόγος
3051 3216 3201 3278 οὗτος
3233 3215 3286 3270 ἐν
3346 3213 3444 3291 ὃλη
3473 3221 3542 3291 τῇ
3595 3211 3825 3287 Ἰουδαίᾳ

2173 3302 2290 3379 περὶ
2347 3301 2525 3375 αὐτοῦ,
2577 3305 2665 3360 καὶ
2721 3302 2775 3359 ἐν
2833 3304 2982 3380 πάσῃ
3023 3309 3092 3380 τῇ
3147 3303 3460 3384 περιχώρῳ,
3496 3305 3593 3362 Καὶ
3624 3304 3822 3382 ἀπήγ-

2171 3390 2353 3470 γειλαν
2411 3389 2632 3469 Ἰωάννῃ
2690 3393 2736 3449 οὶ
2805 3395 3036 3468 μαθηταὶ
3094 3393 3252 3451 αὐτοῦ
3279 3395 3398 3473 περὶ
3426 3394 3640 3449 πάντων
3683 3396 3818 3449 τοὺ-

2170 3503 2297 3540 των.
2358 3482 2461 3544 Καὶ
2518 3480 3018 3561 προσκαλεσάμενος
3089 3481 3176 3539 δύο
3219 3484 3364 3546 τινὰς
3405 3489 3511 3539 τῶν
3561 3487 3818 3560 μαθητῶν

2169 3571 2327 3627 αὐτοῦ
2384 3573 2411 3627 6
2467 3570 2744 3648 Ἰωάννης,
2805 3572 3015 3648 ἔπεμψε
3046 3575 3176 3650 πρὸς
3209 3575 3297 3631 τὸν
3327 3576 3559 3649 Ἰησοῦν,
3619 3573 3819 3652 λέγων·

2167 3663 2239 3716 Σὺ
2299 3661 2352 3717 εἶ
2414 3663 2440 3718 6
2471 3660 2788 3741 ἐρχόμενος,
2824 3662 2859 3731 ἦ
2904 3660 3069 3720 ἄλλον
3101 3661 3482 3739 παοσδοκῶμέν
3516 3684 3532 3735 ;
3566 3669 3816 3742 Παραγε-

2166 3750 2377 3825 νόμενοι
2436 3749 2490 3806 δὲ
2559 3753 2691 3829 πρὸς
2751 3751 2907 3808 αὐτόν
2951 3756 2996 3809 οἱ
3041 3751 3243 3832 ἄνδρες,
3293 3757 3470 3809 εἶπον·
3505 3751 3817 3820 Ἰωάννηςό

2166 3841 2466 3908 Βαπτιστὴς
2525 3840 2855 3899 ἀπέσταλκεν
2896 3844 3041 3919 ἡμᾶς
3081 3843 3209 3922 πρός
3269 3863 3353 3923 σε,
3385 3840 3580 3919 λέγων·
3629 3843 3702 3897 Σὺ
3759 3843 3816 3899 εἴ

436 3927 618 3991 alium
652 3937 1091 4010 exspectamus?
1119 3929 1182 3990 In
1219 3929 1428 3990 eadem
1461 3938 1654 3990 autem
1689 3931 1834 3991 hora
1866 3932 2081 3995 multos

2171 3930 2190 3984 5
2261 3929 2580 4010 ἐρχόμενος,
2614 3930 2650 3999 ἢ
2692 3930 2851 3988 ἄλλον
2883 3930 3260 4011 προσδοκῶμεν
3309 3951 3326 4008 ;
3357 3931 3448 3988 Ἐν
3479 3931 3612 4007 αῦτῇ
3654 3929 3707 3987 δὲ
3740 3937 3806 3999 τῆ

438 4020 664 4080 curavit
693 4039 726 4081 a
759 4019 980 4080 morbis
1011 4038 1078 4080 ac
1110 4019 1296 4098 plagis
1348 4026 1405 4078 et
1454 4018 1760 4098 spiritibus
1793 4020 1982 4102 malis,
2018 4031 2079 4083 et

437 4110 609 4171 caecis
656 4109 857 4170 multis
906 4109 1144 4170 donavit
1187 4110 1399 4171 visum.
1432 4109 1507 4169 Et
1535 4109 1903 4188 respondens
1933 4110 2078 4174 dixit

437 4199 593 4261 illis:
622 4200 845 4262 Euntes
862 4199 1198 4259 renuntiate
1227 4196 1443 4259 Joanni
1475 4217 1605 4278 quae
1634 4198 1858 4260 vidistis
1881 4209 1937 4261 et
1964 4220 2074 4262 au-

439 4289 630 4362 distis,
665 4290 819 4370 quod
853 4289 991 4349 caeci
1020 4288 1276 4357 videant,
1302 4287 1496 4349 claudi
1521 4288 2075 4370 ambulent,leprosi

439 4378 991 4458 mundentur,surdi
1022 4377 1283 4448 audiant,
1319 4377 1536 4437 mortui
1562 4387 1892 4456 resurgant,
1930 4397 2076 4458 pau—

437 4468 679 4550 peribus
726 4469 1106 4529 annuntietur
1164 4465 1544 4546 Evangelium
1581 4487 1592 4525 :
1631 4475 1689 4527 et
1748 4472 1951 4528 beatus
1992 4478 2080 4529 est

437 4559 774 4639 quicunque
805 4576 923 4618 non
956 4557 1133 4618 fuerit
1161 4558 1422 4617 offensus
1455 4574 1561 4636 per
1591 4557 1938 4617 me.Etcum
1967 4556 2077 4618 dis-

436 4647 757 4709 cessissent
788 4646 974 4706 nuntii
1003 4643 1270 4724 Joannis,
1308 4645 1482 4724 ccepit
1512 4644 1587 4705 de
1615 4645 1844 4706 Joanne
1873 4644 2074 4706 dicere

433 4737 504 4798 ad
534 4737 734 4798 turbas
762 4755 777 4796 :
801 4735 953 4807 Quid
993 4735 1192 4795 existis
1223 4736 1278 4795 in
1312 4735 1612 4795 desertum
1648 4741 1711 4794 ut
1748 4734 2074 4796 videretis?

440 4826 794 4888 arundinem
833 4844 962 4906 quae
1015 4832 1191 4885 vento
1240 4825 1518 4902 agitatur?
1548 4823 1660 4884 Sed
1695 4822 1836 4903 quid
1869 4823 2071 4884 existis

434 4916 638 4978 visuri?
699 4917 1000 4978 hominem
1054 4912 1330 4974 mollibus
1359 4913 1723 4974 vestimentis
1767 4912 2070 4972 indutum?

428 5004 580 5066 Ecce
602 5007 700 5085 qui
721 5005 932 5065 vestitu
963 5002 1276 5083 splendido
1309 5002 1721 5080 vestiuntur,et
1750 5001 1811 5061 in
1841 5001 2070 5062 deliciis

425 5103 630 5171 agunt,
666 5095 723 5155 in
756 5094 906 5155 aulis
935 5111 1142 5172 regum
1189 5101 1348 5153 sunt.
1383 5090 1499 5153 Sed
1559 5089 1699 5169 quid
1757 5090 1958 5151 existis
1993 5091 2065 5151 ad

424 5181 778 5245 videndum?
802 5181 1182 5263 prophetam?
1205 5180 1416 5262 Utique
1443 5180 1577 5241 dico
1623 5179 1813 5252 vobis,
1849 5187 1907 5241 et
1938 5180 2068 5260 plus

423 5290 597 5352 quam
649 5272 1016 5352 prophetam.
1067 5269 1174 5332 Hic
1223 5280 1311 5332 est
1341 5269 1416 5331 de
1446 5289 1560 5350 quo
1605 5270 1892 5349 scriptum
1925 5278 2014 5330 est
2049 5291 2062 5332 :

419 5360 573 5422 Ecce
606 5361 770 5422 mitto
792 5361 1067 5439 angelum
1102 5380 1295 5422 meum
1328 5368 1464 5421 ante
1495 5358 1705 5421 faciem
1739 5367 1924 5437 tuam,
1958 5360 2057 5439 qui

419 5449 771 5532 prmparabit
794 5451 942 5510 viam
981 5459 1139 5512 tuam
1170 5462 1310 5511 ante
1358 5459 1434 5510 te.
1473 5448 1612 5515 Dico
1649 5450 1806 5509 enim
1839 5447 2004 5508 vobis
2036 5469 2048 5509 :

416 5542 600 5620 Major
623 5540 778 5601 inter
809 5549 978 5602 natos
1011 5540 1327 5602 mulierum
1352 5540 1640 5620 propheta
1681 5538 1906 5599 Joanne
1936 5536 2050 5599 Ba-

410 5631 586 5714 ptista
616 5646 790 5691 nemo
815 5637 905 5691 est
940 5651 953 5693 :
985 5638 1245 5691 attamen
1277 5628 1380 5710 qui
1411 5629 1605 5690 minor
1647 5635 1736 5688 est
1767 5626 1828 5687 in
1869 5643 2053 5705 regno

2161 4018 2273 4097 ὥρᾳ
2329 4021 2638 4100 ἐθεράπευσε
2701 4019 2931 4085 πολλοὺς
2983 4022 3091 4078 ἀπὸ
3158 4023 3329 4078 νὸσων
3398 4022 3487 4077 καὶ
3536 4023 3809 4099 μαστίγων

2159 4111 2246 4165 καὶ
2293 4110 2608 4185 πνευμάτων
2667 4117 2937 4189 πονηρῶν,
2984 4113 3069 4168 καὶ
3097 4109 3318 4191 τυφλοῖς
3365 4109 3591 4173 πολλοῖς
3622 4111 3809 4190 ἐχαρί-

2159 4221 2288 4254 σατο
2340 4201 2400 4255 τὸ
2457 4198 2694 4275 βλέπειν.
2763 4202 2857 4257 Καὶ
2886 4200 3184 4280 ἀποκριθεὶς
3217 4200 3374 4257 εἶπεν
3436 4203 3644 4263 αὐτοῖς·
3693 4205 3810 4254 Πο-

2160 4288 2422 4368 ρευθέντες
2493 4286 2849 4367 ἀπαγγείλατε
2909 4290 3151 4367 Ἰωάννῃ,
3223 4291 3259 4346 ἅ
3327 4288 3498 4347 εἴδετε
3529 4291 3622 4346 καὶ
3647 4289 3808 4356 ἠκού-

2163 4399 2310 4451 σατε,
2371 4377 2450 4434 ὅτι
2523 4376 2708 4457 τυφλοὶ
2760 4377 3131 4452 ἀναϐλέπουσι,
3207 4378 3385 4459 χωλοί
3433 4385 3806 4458 περιπατοῦσι,

2162 4468 2345 4547 Λεπροὶ
2415 4468 2802 4545 καθαρίζονται,
2861 4469 3041 4548 κωφοὶ
3092 4469 3362 4550 ἀκούουσι,
3438 4471 3609 4549 νεκροὶ
3661 4469 3808 4548 ἐγεί-

2161 4579 2363 4636 ρονται,
2427 4557 2638 4635 πτωχοὶ
2695 4555 3139 4635 εὐαγγελίζονται.
3203 4560 3300 4618 Καὶ
3351 4559 3614 4638 μακάριός
3639 4558 3805 4633 ἐστιν,

2159 4647 2216 4710 ὅς
2275 4647 2365 4702 ἐὰν
2448 4647 2526 4721 μὴ
2605 4643 2956 4715 σκανδαλισθῆ
3014 4649 3072 4702 ἓν
3124 4646 3264 4723 ἐμοί.
3323 4647 3689 4706 Ἀπελθόντων
3749 4647 3803 4703 δὲ

2155 4743 2261 4793 τῶν
2330 4734 2573 4814 ἀγγέλων
2633 4734 2897 4811 Ἰωάννου,
2953 4736 3146 4815 ἤρξατο
3205 4736 3381 4816 λέγειν
3439 4752 3558 4804 τοῖς
3611 4737 3801 4817 ὁχλοις

2153 4829 2269 4904 περὶ
2323 4826 2591 4883 Ἰωάννουο
2664 4826 2724 4882 Τί
2776 4823 3122 4893 ἐξεληλύθατε
3185 4829 3260 4892 εἷς
3314 4828 3410 4896 τὴν
3441 4829 3640 4904 ἔρημον
3670 4828 3796 4883 θεόσ-

2152 4918 2389 4988 σασθαις
2448 4912 2689 4989 κάλαμον
2739 4915 2841 4970 ὑπὸ
2908 4915 3104 4991 ἀνέμου
3159 4914 3563 4992 σαλευόμενονς
3628 4915 3812 4974 Ἀλλᾶ’

2151 5005 2200 5061 τί
2241 5002 2583 5070 ἐξεληλύθατε
2648 5001 2779 5059 ἰδεῖν
2814 5024 2830 5079 ;
2861 5003 3131 5083 ἂνθρωπον
3161 5007 3218 5060 ἐν
3246 5003 3515 5080 μαλακοῖς
3564 5006 3810 5078 ἱματίοις.

2150 5093 2560 5175 ἠμφιεσμένον;
2624 5091 2756 5150 Ἰδοὺ
2820 5096 2867 5149 οἱ
2941 5093 2996 5149 ἐν
3080 5095 3354 5170 ἱματισμῷ
3437 5092 3626 5168 ἐνδοξῳ
3706 5106 3805 5161 καὶ

2150 5190 2317 5264 τρυφῇ
2365 5185 2717 5263 ὑπάρχοντες,
2783 5182 2838 5239 ἐν
2899 5197 3016 5249 τοῖς
3080 5182 3365 5260 βασιλείοις
3420 5185 3570 5247 εἰσίν.
3628 5183 3812 5240 Ἀλλὰ.

2149 5276 2198 5331 τί
2257 5270 2601 5339 ἐξεληλὺθατε
2654 5271 2834 5352 ἰδεῖν;
2908 5275 3239 5352 προφήτην;
3292 5273 3400 5331 Ναὶ
3445 5272 3588 5350 λέγω
3640 5273 3791 5349 ὁμῖν,

2140 5363 2228 5418 καὶ
2278 5360 2647 5438 περισσότερον
2699 5361 2992 5440 προφήτου,
3049 5361 3212 5427 Οὗτός
3266 5364 3380 5418 ἐστι
3431 5363 3550 5441 περὶ
3604 5364 3666 5418 οὗ
3711 5362 3796 5440 γέε-

2139 5469 2389 5531 γραπται·
2453 5446 2597 5506 Ἰδού
2638 5448 2757 5528 ἐγὼ
2804 5449 3118 5506 ἀποστέλλω
3150 5452 3240 5507 τὸν
3295 5449 3523 5529 ἄγγελόν
3556 5471 3660 5526 μου
3691 5458 3794 5530 πρὸ

2137 5540 2421 5620 προσώπου
2477 5559 2593 5613 σου,
2653 5539 2712 5602 ὃς
2740 5539 3120 5596 κατασκευάσει
3165 5540 3260 5608 τὴν
3291 5537 3412 5597 ὁδὸν
3450 5561 3543 5597 σου
3587 5539 3792 5619 ἔμπρο-

2137 5632 2252 5690 σθέν
2312 5651 2426 5690 σου.
2483 5627 2638 5705 Λέγω
2693 5629 2791 5707 γὰρ
2876 5630 3028 5705 ὒμῖν,
3059 5628 3336 5707 μείζων-ἐν
3367 5643 3654 5708 γαινηταῖς
3687 5653 3810 5710 γυυ.
