4116 6212
354 348 471 415 789

338 481 681 559 μαρτυρήσας
740 483 857 560 περὶ
916 487 1162 560 Χριστοῦ,
1236 488 1320 537 νῦν

338 571 384 625 εἰ
439 568 603 631 αῦτός
670 567 814 627 ἐστιν
871 572 899 627 6
935 569 1251 649 ίρχόμενος,
1311 566 1395 625 διὰ
1422 575 1574 626 τοῦτο
1617 566 1758 646 λέγει
1790 570 1818 624 6
1863 576 1993 646 Χρι-

340 657 463 721 στᾶς
528 659 661 736 πρὸς
720 660 840 724 τοὺς
912 657 1131 739 ὄχλους,
1166 657 1247 713 ὅτι
1292 656 1470 725 Μηδὲν
1510 666 1748 716 τοιοῦτον
1789 656 1992 715 ὑπολά-

340 745 471 814 ϐητε
532 748 651 825 περὶ
694 747 958 809 Ἰωάννου.
1008 747 1094 814 Μὴ
1124 748 1223 825 γὰρ
1266 746 1503 822 θάλαμός
1536 746 1696 818 ἐστιν,
1744 750 1816 810 ὡς
1860 748 1989 803 ποτὲ

346 836 445 911 μὶν
506 833 632 909 ὦδε,
690 837 819 892 ποτὲ
894 834 948 891 δὲ
978 834 1094 891 ἐκεῖ
1126 834 1413 915 κλίνεσθαι,
1445 837 1530 892 καὶ
1575 843 1663 893 νῦν
1704 837 1803 911 μὲν
1848 858 1989 913 μαρ-

344 939 518 1004 τυρεῖν
588 926 704 1001 περὶ
774 924 925 1000 ἐμοῦ,
991 934 1078 984 νῦν
1136 924 1190 981 δὲ
1248 924 1463 1003 ἀγνοεῖν
1524 924 1639 999 ἐμέ.
1692 927 1750 982 Εἰ
1794 925 1893 1003 γὰρ
1922 926 1985 993 ἧν

341 1024 599 1085 τοιοῦτος,
666 1014 805 1080 τίνος
877 1014 1054 1071 ἔνεκεν
1109 1014 1353 1084 ὶξήλθετε
1382 1016 1455 1079 εἰς
1483 1015 1583 1081 τὴν
1614 1012 1810 1093 ἔρημον
1840 1017 1981 1087 τότε,

342 1103 481 1160 ὥστε
532 1104 811 1160 (θεάσασθαι
867 1103 1023 1161 αὖτόν
1057 1124 1073 1183 ;
1134 1102 1301 1160 Ἀλλὰ
1331 1106 1538 1178 μήποτε
1585 1105 1687 1159 ὑπὸ
1727 1108 1827 1170 τῆς
1859 1126 1985 1182 τρυ-

342 1198 446 1272 φῆς
504 1190 752 1272 διεφθάρη
809 1194 901 1249 τὸν
942 1202 1087 1272 νοῦν,
1161 1190 1298 1248 ἀλλὰ
1347 1191 1514 1259 στολὴ
1544 1191 1798 1249 δείκνυσιν
1830 1192 1985 1249 αὒτὸν

338 1282 578 1360 ὑπεράνω
642 1282 819 1349 πάσης
872 1287 1095 1361 τρυφῆς.
1173 1283 1229 1338 Εἰ
1286 1280 1386 1361 γάρ
1455 1281 1670 1361 ἔτρόφα,
1705 1282 1759 1339 ἐν
1820 1283 1981 1358 βασι-

334 1370 495 1434 λείοις
552 1369 613 1427 ἄν
640 1370 729 1438 ἧν.
763 1368 930 1427 Ἀλλὰ
965 1372 1243 1451 προφήτην
1271 1370 1429 1427 ὢτὸν
1472 1370 1627 1451 ἔχετε
1666 1390 1681 1444 ;
1716 1373 1814 1429 Ναὶ
1843 1370 1984 1448 λέγω

333 1461 485 1539 ὑμῖν,
557 1460 646 1517 καὶ
700 1463 1073 1539 περισσὸτερον
1148 1460 1441 1538 προφήτου.
1480 1463 1539 1517 Οἱ
1569 1459 1665 1533 μὲν
1696 1462 1795 1537 γὰρ
1833 1458 1984 1516 ἄλλοι

337 1561 594 1627 προεῖπον
650 1550 767 1627 περὶ
826 1549 1051 1627 Χριστοῦ
1107 1548 1293 1623 μόνον,
1355 1551 1506 1614 οὗτος
1563 1548 1617 1605 δὲ
1648 1551 1736 1606 καὶ
1760 1546 1873 1605 εἶδε
1905 1539 1987 1605 καὶ

336 1622 519 1711 ἔδειξε,
594 1622 788 1717 λέγω
866 1622 986 1696 ’“ιδε
1044 1641 1072 1696 δ
1104 1622 1300 1713 me,
1330 1640 1423 1695 τοῦ
1453 1638 1603 1698 Θεοῦ.
1656 1640 1753 1697 Καὶ
1795 1641 1841 1696 oi
1890 1639 1988 1714 μὲν

339 1727 486 1785 ἃλλοι
549 1732 845 1807 προφῆται,
937 1728 1073 1804 μετὰ
1126 1729 1187 1783 τὸ
1244 1726 1477 1792 ὶξελθεῖν
1547 1727 1607 1783 ἐκ
1663 1734 1758 1794 τῆς
1786 1727 1989 1791 κοιλίας

336 1824 443 1873 τῶν
506 1816 752 1896 μητέρων
823 1820 1022 1887 αὐτῶν,
1084 1816 1505 1897 προεφήτευσαν·
1564 1817 1715 1881 οὗτος
1782 1815 1834 1873 δὲ
1904 1814 1993 1873 καὶ

1086 348 1533 416 ENARRATIO
1578 350 1660 413 IN
1708 346 1974 412 EVANG

2070 346 2221 407 .IUM
2270 347 2508 410 LUCE.
2548 381 2625 393 —
2668 350 2831 412 CAP.
2860 352 2995 413 VII.

1433 478 1746 537 ἀποστείλας
1799 479 1982 558 ἐρωτᾷ,

2078 475 2424 539 testiﬁcetur
2453 478 2527 541 de
2566 497 2684 559 me,
2721 499 2878 541 nunc
2909 489 3101 543 autem
3144 482 3375 561 ignoret
3429 502 3546 546 me.
3574 482 3716 547 Nam

3613 348 3733 417 790

2076 564 2125 625 si
2148 564 2349 628 fuisset
2373 566 2527 641 talis,
2567 569 2741 646 cujus
2763 570 2947 648 gratia
2977 570 3308 634 exivissetis
3338 575 3395 634 in
3418 572 3721 637 desertum

2075 662 2136 714 ut
2156 653 2432 717 videretis
2458 657 2625 718 eum?
2656 656 2769 721 Sed
2801 677 2995 740 neque
3012 662 3272 722 animum
3300 680 3471 724 suum
3491 662 3725 727 deliciis

2073 745 2358 825 corrupit,
2394 746 2573 807 vestis
2618 748 2780 809 enim
2842 749 2973 828 ejus
3032 749 3299 811 declarat
3327 751 3559 814 deliciis
3588 772 3726 815 eum

2070 834 2445 914 superiorem
2481 854 2635 899 esse.
2657 836 2890 898 Etenim
2924 838 2970 900 si
3002 839 3345 901 arrisissent
3378 840 3432 902 ei
3464 841 3719 916 deliciae,

2072 923 2129 983 in
2164 923 2392 1003 palatiis
2441 925 2707 989 vixisset.
2747 928 2823 989 At
2855 928 3203 1007 prophetam
3260 930 3427 991 illum
3483 931 3725 995 dicitis?

2069 1010 2301 1093 Ubique
2334 1012 2468 1074 dico
2498 1014 2888 1095 vobis,major
2918 1026 3007 1077 est
3037 1018 3498 1097 propheta.Nam
3529 1020 3725 1093 aliide

2071 1100 2303 1164 Christo
2328 1110 2551 1164 tantum
2580 1103 2999 1181 praedixerunt,
3036 1105 3134 1166 hic
3159 1106 3331 1167 etiam
3380 1115 3439 1168 et
3470 1108 3633 1181 vidit,
3664 1117 3725 1171 et

2072 1192 2420 1253 monstravit
2476 1193 2682 1254 dicens
2716 1211 2728 1255 :
2765 1193 2920 1255 Ecce
2968 1196 3170 1274 Agnus
3208 1196 3308 1258 ille
3353 1196 3482 1260 Dei.
3519 1200 3593 1260 Et
3622 1198 3721 1260 alii

2065 1280 2307 1360 quidem
2339 1283 3467 1367 prophetaaprophetizaruntpostquam
3494 1287 3722 1366 egressi

2067 1377 2204 1430 sunt
2224 1388 2292 1430 ex
2314 1370 2501 1431 uteris
2533 1380 2818 1434 matrum:
2845 1373 2943 1434 hic
2969 1384 3165 1435 autem
3190 1382 3509 1455 antequam
3535 1376 3724 1437 exiret

2067 1457 2143 1519 de
2175 1459 3040 1538 utero,agnovitDominum,et
3064 1465 3382 1527 exsultavit
3436 1467 3577 1527 Post
3599 1466 3723 1528 haec

2067 1547 2236 1608 aﬂ'ert
2259 1555 2317 1608 et
2348 1550 2701 1627 prophetam
2734 1558 2971 1626 testem;
2999 1550 3146 1611 dicit
3175 1553 3335 1613 enim
3366 1570 3379 1615 :
3408 1553 3516 1615 Hic
3540 1554 3721 1617 estde

2073 1654 2189 1715 quo
2220 1636 2505 1716 scriptum
2538 1646 2631 1699 est
2657 1659 2669 1700 :
2695 1640 2848 1700 Ecce
2870 1639 3035 1701 mitto
3056 1640 3330 1718 angelum
3364 1643 3721 1704 meum.An-

2074 1723 2244 1802 gelus
2276 1724 2433 1786 enim
2464 1724 2728 1788 Joannes
2758 1726 2893 1806 fuit,
2916 1726 3181 1789 fortassis
3203 1733 3358 1806 quod
3391 1730 3716 1808 angelicam

2072 1812 2248 1874 vitam
2310 1824 2369 1875 et
2418 1833 2535 1875 non
2571 1816 2891 1889 carnalem,
2927 1816 3031 1878 sed
3085 1816 3454 1895 spiritualem
3507 1819 3715 1899 egerit,

339 1909 438 1986 πρὸ
493 1916 587 1967 τοῦ
636 1905 868 1972 ὶξελθεῖν
922 1909 983 1963 ὲκ
1040 1911 1138 1973 τῆς
1195 1907 1430 1983 μήτρας,
1459 1904 1668 1985 ἐπέγνω
1714 1908 1803 1963 τὸν
1878 1907 1982 1964 Κύ-

2074 1901 2341 1963 fortassis
2362 1902 2537 1963 etiam
2571 1904 2728 1983 quod
2772 1904 3089 1966 adventum
3123 1904 3444 1967 Salvatoris
3472 1910 3719 1969 nuntia-

335 2019 466 2075 ριον,
525 1998 613 2053 καὶ
668 1996 1002 2075 ἐσκίρτησεν,
1064 2000 1200 2054 Εἶτα
1266 1996 1491 2074 παράγει
1522 1998 1609 2052 καὶ
1638 1997 1729 2051 τὸν
1770 2000 1981 2076 προφή-

332 2108 431 2153 την
488 2086 743 2164 μάρτυρα,
805 2086 947 2151 Φησὶ
1001 2086 1124 2165 γὰρ,
1180 2084 1345 2147 Οὗτός
1390 2083 1500 2140 ἐστι
1547 2086 1663 2165 περὶ
1694 2084 1755 2141 οῦ
1782 2085 1980 2163 γέγρα-

330 2194 478 2232 πται·
529 2163 666 2233 ’ἰδοῦ
683 2172 999 2232 ἀποστέλλω
1019 2163 1118 2230 τὸν
1150 2172 1376 2251 ἄγγελόν
1407 2195 1533 2247 μου.
1572 2163 1607 2201 ”
1617 2172 1852 2252 Αγγελος
1883 2176 1983 2253 γὰρ

331 2267 359 2322 6
414 2264 689 2335 Ἰωάννης,
742 2264 890 2344 τάχα
946 2262 1042 2337 μέν
1101 2263 1188 2319 καὶ
1246 2260 1330 2318 διὰ
1390 2263 1451 2319 τὸ
1484 2261 1678 2342 σχεδὸν
1710 2260 1866 2319 ἄυλον
1890 2270 1982 2319 τοῦ

332 2354 446 2430 βίου
512 2354 599 2409 καὶ
652 2351 961 2431 ἆγγελικὸν,
1010 2352 1157 2431 τάχα
1200 2349 1255 2407 δὲ
1286 2352 1371 2407 καὶ
1401 2349 1487 2407 διὰ
1515 2352 1576 2408 τὸ
1601 2350 1850 2430 ἀγγεῖλαι
1881 2354 1981 2418 τὴν

334 2444 428 2499 τοῦ
485 2442 733 2520 Σωτῆρος
790 2439 1097 2517 ἐπιδημίαν,
1158 2439 1335 2514 Ἀμὴν
1366 2439 1509 2518 λέγω
1539 2441 1691 2513 ὑμῖν,
1724 2442 1818 2497 οῦκ
1848 2440 1977 2517 ἐγή-

335 2553 513 2609 γερται
584 2530 637 2587 ἐν
708 2544 991 2608 γεννητοῖς
1021 2530 1283 2608 γυναικῶν
1326 2529 1519 2603 μείζων
1569 2528 1839 2603 Ἰωάννου,
1872 2536 1978 2586 τῶν

329 2619 509 2677 ἃλλων
566 2620 779 2676 πάντων
838 2618 1052 2699 ἐξαίρων
1138 2620 1229 2675 τὸν
1264 2616 1588 2697 Πρόδρομον.
1624 2619 1761 2675 Εἶτα
1790 2620 1980 2675 ὡσανεί

333 2731 475 2775 τινος
545 2710 809 2789 εἰπόντος,
871 2711 968 2766 Καὶ
1026 2718 1120 2767 σοῦ
1152 2706 1205 2764 δὲ
1235 2708 1412 2782 αὐτοῦ,
1444 2709 1489 2765 ὦ
1543 2707 1753 2786 Χριστὲ,
1790 2708 1978 2782 μείζων

336 2799 477 2855 ἐστίν
512 2821 528 2869 ;
578 2798 785 2877 ξπάγει³
850 2796 910 2855 Ὀ
965 2795 1021 2854 δὶ
1092 2799 1403 2877 μικρότερος
1434 2799 1591 2853 αὒτοῦ
1621 2796 1753 2875 ἐγὼ,
1790 2797 1981 2872 μείζων

328 2890 435 2946 eiul
484 2888 539 2944 ἓν
606 2896 677 2965 τῇ
708 2887 949 2966 βασιλείᾳ
979 2894 1084 2944 τῶν
1142 2889 1396 2965 οὐρανῶν.
1432 2886 1724 2961 Νομίζομαι
1759 2886 1854 2961 μὲν
1882 2888 1980 2964 γὰρ

328 2986 419 3036 νῦν
490 2980 799 3058 μικρότερος
848 2978 1005 3035 αὖτοῦ
1052 2980 1139 3035 καὶ
1210 2979 1347 3034 κατὰ
1405 2976 1669 3054 εὐγένειαν
1710 2976 1796 3031 καὶ
1843 2976 1976 3043 ἧλι-

336 3069 452 3125 κίαν
508 3069 596 3124 καὶ
650 3066 826 3141 δόξαν,
897 3066 1016 3123 ἀλλ’
1079 3067 1133 3123 ἐν
1181 3073 1249 3143 τῇ
1308 3064 1547 3142 βασιλείᾳ
1600 3072 1705 3122 τῶν
1750 3069 1979 3143 οὐρανῶν

336 3158 528 3232 μείζων
601 3156 761 3213 αὗτοῦ
818 3159 949 3232 εἶμι,
1009 3156 1276 3212 τουτέστιν
1337 3155 1391 3211 ἐν
1449 3162 1578 3213 πᾶσι
1621 3167 1739 3219 τοῖς
1821 3155 1977 3217 Θείοις

2067 1990 2361 2052 rit.Amen
2386 1990 2517 2053 dico
2542 1992 2855 2064 vobis,non
2873 1994 3127 2055 surrexit
3149 1996 3303 2056 inter
3322 2003 3488 2057 natos
3511 1995 3719 2058 mulie-

2068 2097 2198 2140 rum
2222 2081 2411 2159 major
2436 2079 2689 2145 Joanne.
2711 2082 2955 2144 Praefert
2978 2082 3109 2144 aliis
3132 2083 3717 2147 omnibus.Praacur-

2068 2186 2290 2229 sorem.
2327 2169 2558 2232 Deinde
2588 2172 2757 2251 quasi
2789 2171 2922 2251 quis
2944 2172 3211 2246 dixisset,
3244 2174 3336 2233 An
3367 2186 3423 2234 et
3451 2182 3508 2235 te
3529 2174 3721 2253 major

2066 2257 2168 2318 ille
2200 2258 2319 2319 est?
2348 2258 2549 2320 subdit
2582 2281 2594 2321 :
2629 2259 2749 2338 Ego
2783 2268 2983 2322 autem
3042 2260 3145 2340 qui
3204 2263 3397 2322 minor
3426 2261 3527 2323 illo
3557 2281 3714 2338 sum,

2066 2346 2262 2425 major
2284 2365 2416 2409 sum
2450 2348 2510 2407 in
2541 2364 2724 2426 regno
2753 2348 3065 2409 cmlorum.
3112 2347 3351 2411 Habeor
3371 2352 3526 2411 enim
3560 2370 3719 2413 nunc

2067 2435 2262 2497 minor
2292 2435 2393 2498 illo
2428 2446 2484 2497 et
2521 2446 2763 2517 propter
2790 2446 3048 2518 aetatem,
3082 2447 3141 2499 et
3172 2448 3417 2519 propter
3444 2448 3721 2519 genus.et

2066 2532 2306 2604 propter
2343 2525 2620 2601 gloriam,
2646 2527 2749 2588 sed
2787 2526 2846 2586 in
2882 2545 3066 2604 regno
3089 2529 3369 2588 caelorum
3403 2530 3595 2608 major
3619 2530 3719 2593 illo

2066 2630 2222 2687 sum,
2256 2613 2368 2674 hoc
2400 2624 2510 2686 est,
2547 2615 2601 2674 in
2639 2614 2915 2675 omnibus
2939 2614 3155 2676 divinis
3188 2624 3245 2676 et
3278 2615 3715 2696 spiritualibus.

2065 2700 2323 2763 Proinde
2354 2703 2549 2765 omnis
2564 2706 2817 2784 populus
2848 2706 2945 2783 qui
2972 2704 3715 2787 audieratJoannemJus-

2068 2790 2651 2866 tiﬁcavitDeum,hoc
2669 2796 3227 2869 est,honoraverunt
3248 2797 3537 2870 Deum,eo
3563 2796 3717 2876 quod

2066 2881 2419 2960 prophetam
2452 2882 2577 2958 ejus
2608 2881 2721 2961 ipsi
2745 2883 3173 2962 suscepissent:
3208 2882 3489 2945 Pharisaei
3515 2894 3714 2947 autem

2065 2988 2185 3029 non
2234 2970 2676 3031 honoraverunt
2716 2970 2929 3051 Deum,
2966 2989 3084 3032 non
3136 2980 3410 3052 suscepto
3457 2976 3715 3037 Joanne.

2063 3057 2321 3129 Quidam
2349 3058 2732 3138 autem,inter
2763 3058 2914 3121 ﬁlios
2949 3059 3713 3134 mulierum,sicintellexe-

2063 3154 2223 3223 runt,
2249 3147 2406 3228 quod
2437 3147 2592 3209 bene
2614 3148 2852 3227 dixerit,
2886 3148 3042 3212 inter
3069 3149 3223 3209 ﬁlios
3246 3150 3601 3213 mulierum:
3636 3152 3719 3214 ita

332 3249 419 3303 καὶ
472 3260 882 3322 πνευματικοῖς.
940 3252 1049 3311 Πᾶς
1106 3249 1194 3303 οῦν
1279 3247 1307 3301 6
1380 3244 1508 3308 λαὸς
1565 3244 1791 3301 ἀκούσας
1889 3250 1980 3300 τοῦ

2070 3236 2223 3297 enim
2260 3237 2489 3315 excepit
2520 3236 2785 3315 seipsum
2818 3237 3618 3320 Dominus,quandoquidem
3641 3241 3717 3304 de

326 3334 600 3407 Ἰωάννου,
663 3335 969 3393 ἐδικαίωσαν
1020 3338 1113 3392 τὸν
1173 3336 1324 3409 Θεὸν,
1395 3333 1664 3391 τουτέστιν
1727 3333 1982 3409 ἐτίμησαν

2070 3326 2300 3405 virgine
2329 3313 2501 3387 fuerit
2526 3313 2848 3399 natus,non
2867 3327 2941 3388 de
2966 3313 3213 3389 muliere
3238 3313 3426 3389 virum
3446 3339 3715 3409 experta.

330 3426 422 3482 τόν
494 3425 655 3504 Θεόν,
711 3424 791 3482 ὅτι
860 3427 951 3482 τον
1012 3425 1295 3504 προφήτην
1366 3425 1527 3480 αῦτοῦ
1551 3420 1809 3488 ἐδέξαντο.
1845 3425 1905 3479 Οἱ
1935 3417 1982 3477 δὲ

2073 3415 2143 3477 Et
2174 3415 2329 3496 quod
2364 3414 2530 3495 dicit,
2567 3415 2763 3477 minor
2790 3416 2850 3478 in
2883 3436 3066 3496 regno
3093 3418 3404 3494 caelorum,
3439 3419 3716 3481 aliterin-

330 3522 613 3592 Φαρισαῖοι
669 3515 933 3585 ἠτίμασαν
953 3514 1045 3571 τόν
1090 3515 1246 3586 Θεὸν,
1279 3518 1356 3588 μὴ
1406 3510 1675 3587 δεξάμενοι
1708 3509 1982 3577 Ἰωάννην·

2076 3504 2447 3566 tellexerunt.
2502 3505 2695 3565 Minor
2743 3505 2804 3566 in
2862 3506 2977 3567 vita
3026 3506 3377 3582 Christiana,
3413 3510 3603 3589 major
3630 3518 3718 3572 est

330 3602 480 3665 Τιδῖς
535 3599 589 3657 δὲ
643 3602 727 3675 τό,
775 3602 828 3657 ὲν
878 3613 1163 3679 γεννητοῖς
1207 3607 1493 3677 γυναικῶν,
1531 3598 1699 3663 οῦτως
1730 3598 1982 3665 ἐδάησανι

2070 3593 2228 3672 justo
2249 3592 2419 3672 juxta
2447 3593 2664 3673 legem,
2700 3602 2761 3655 ut
2784 3597 3226 3674 Joannesjuxta
3248 3596 3539 3675 justitiam
3571 3597 3719 3679 legis

326 3689 406 3746 ὅτι
465 3689 644 3753 καλῶς
703 3692 885 3765 εἶπεν,
944 3689 998 3745 ἰν
1046 3702 1326 3766 γεννητοῖς
1354 3695 1639 3767 γυναικῶν,
1700 3685 1982 3765 ὺπεξαίρων

2074 3690 2199 3743 erat
2229 3682 2797 3761 irreprehensibilis.
2847 3683 2909 3746 Si
2967 3685 3099 3766 quis
3144 3694 3339 3747 autem
3385 3687 3718 3751 inveniatur

322 3778 503 3835 ἑαυτόν
574 3780 601 3835 ὁ
664 3778 880 3857 Κύριος.
941 3780 1105 3843 Αἰτός
1137 3779 1237 3855 γὰρ
1296 3778 1557 3855 παρθόνου
1605 3776 1670 3843 ἧν
1700 3777 1978 3852 γεννητός,

2073 3771 2401 3852 baptizatus
2445 3772 2710 3852 quidem,
2746 3774 3008 3835 nondum
3058 3788 3257 3836 autem
3305 3778 3445 3837 520
3496 3778 3713 3840 malum

319 3868 441 3947 οῦχὶ
510 3867 781 3947 γυναικός,
858 3867 1097 3925 τουτέστι
1158 3864 1554 3944 γεγαμημένης
1635 3863 1802 3941 ἀνδρί.
1881 3864 1983 3925 Καὶ

315 3959 400 4028 τό,
459 3957 485 4012 ὁ
537 3958 844 4036 μικρότερος
913 3955 968 4012 δὲ
1038 3956 1093 4011 ἐν
1150 3961 1220 4031 τῇ
1274 3954 1520 4030 βασιλεία
1584 3961 1691 4011 τῶν
1724 3956 1980 4033 copam,

319 4043 494 4108 ἄλλως
579 4045 826 4115 ἔινὸησαν⁹
888 4044 970 4103 ὅτι
1031 4045 1058 4101 ὁ
1130 4043 1440 4121 μικρότερος
1474 4044 1528 4100 iv
1570 4047 1647 4118 τῷ
1676 4044 1814 4100 κατὰ
1852 4050 1981 4119 Χρι-

321 4135 442 4189 στόε
494 4136 618 4215 βίῳ,
673 4136 865 4207 μείζων
920 4134 1005 4191 ἐπὶ
1060 4133 1153 4190 τοῦ
1206 4133 1259 4189 ὲν
1291 4140 1368 4207 τῷ
1398 4133 1547 4207 νόμω
1599 4133 1828 4206 κικαίου,
1863 4132 1987 4187 οἷον

321 4221 573 4290 Ἰωάννης
635 4224 731 4297 μὲν
809 4225 945 4280 κατὰ
1033 4224 1133 4291 τὴν
1187 4222 1241 4278 ἐν
1297 4230 1374 4297 τῷ
1430 4223 1579 4297 νόμῳ
1652 4219 1988 4286 δικαιοσύνην

254 4359 270 4377 ,
326 4311 626 4386 ἄμεμπτος.
688 4314 752 4371 Εἴ
809 4337 889 4378 τις
960 4310 1014 4369 δὲ
1072 4314 1256 4391 ευρεθῇ
1338 4309 1775 4387 βεϐαπτισμένος
1862 4309 1981 4383 μὲν,

328 4402 494 4474 μήπω
550 4400 605 4457 δὲ
662 4424 711 4458 τι
766 4402 930 4459 κακόν
993 4401 1027 4468 ἦ
1086 4401 1280 4477 ἀγαθόν
1374 4399 1765 4479 ἐργασάμενος,
1829 4400 1988 4459 οὗτος

2067 3860 2361 3941 quoddam
2387 3862 2477 3922 vel
2510 3859 2732 3923 bonum
2760 3872 3039 3943 operatus
3064 3863 3258 3931 fuerit.
3296 3865 3393 3926 hic
3439 3868 3718 3929 minimus

2068 3949 2240 4012 estin
2274 3968 2459 4026 regno
2505 3952 2811 4023 caelorum,
2859 3953 2973 4015 hoc
3023 3961 3134 4027 est,
3186 3953 3245 4014 in
3297 3954 3718 4033 praedicatione

2070 4038 2309 4117 Christi,
2337 4046 2594 4100 attamen
2631 4041 2781 4120 mjor
2816 4050 2905 4101 est
2937 4061 3053 4102 non
3105 4042 3422 4125 baptizata,
3452 4043 3720 4125 quamvis

2071 4128 2169 4189 ille
2192 4128 2252 4188 in
2285 4128 2415 4207 lege
2438 4128 2631 4207 justus
2664 4128 2972 4191 fuerit.Vel
3004 4131 3215 4193 aliter:
3249 4131 3342 4194 Sis
3371 4132 3509 4194 licet
3533 4132 3717 4195 mini-

2074 4235 2168 4277 me
2198 4216 2589 4293 carnalis,sed
2624 4218 2811 4279 ferme
2832 4229 2894 4279 ut
2924 4221 3182 4281 Joannes
3211 4221 3717 4301 spiritualiszatta-

2075 4322 2209 4365 men
2238 4305 2719 4386 quandoquidem
2753 4307 2945 4369 adhuc
2971 4310 3027 4368 in
3061 4327 3238 4370 carne
3282 4328 3367 4384 es,
3406 4318 3719 4390 propterea

2078 4392 2357 4456 minimus
2380 4396 2440 4457 in
2472 4400 2927 4469 resurrectione,
2956 4416 3130 4477 quam
3157 4416 3401 4477 regnum
3427 4399 3714 4461 caelorum

328 4488 613 4569 ἐλάχιστος
669 4490 740 4547 ὤν
794 4491 846 4546 ἐν
902 4495 970 4565 τῇ
1011 4488 1248 4566 βασίλείᾳ
1277 4491 1382 4545 τῶν
1414 4493 1672 4567 οὐρανῶν,
1711 4486 1982 4545 τουτέστιη

2076 4500 2209 4544 esse
2237 4482 2399 4559 dicit,
2434 4483 2624 4562 major
2656 4492 2710 4545 te
2744 4494 2855 4547 est.
2892 4488 3059 4548 Tunc
3090 4487 3249 4547 enim
3293 4487 3369 4548 ah
3400 4488 3715 4567 incorrup-

330 4577 383 4632 ἒν
429 4563 517 4653 ⁷τῷ
572 4580 708 4635 κατὰ
767 4563 1364 4658 Χριστόν-κηρύγματι,
1423 4563 1568 4652 ὅμως
1616 4577 1807 4652 μείζων
1865 4576 1979 4638 ἐστὶ

2070 4572 2231 4633 tione
2269 4571 2433 4633 omni
2464 4572 2660 4653 liberi,
2688 4593 2804 4634 non
2840 4574 2992 4635 ultra
3015 4576 3179 4654 juxta
3207 4593 3447 4637 carnem
3491 4563 3711 4638 ambu-

327 4668 420 4723 τοῦ
486 4665 829 4748 ἆϐαπτίστου,
890 4668 945 4724 ἐν
999 4667 1148 4743 νόμῳ
1205 4665 1259 4722 δὲ
1317 4665 1537 4725 δικαίου.
1617 4668 1713 4724 Καὶ
1774 4664 1971 4727 mm;-

334 4756 415 4812 ὅτι
484 4760 527 4813 εἱ
583 4759 669 4816 καὶ
727 4757 945 4838 ἄσερκος
1005 4764 1193 4837 μικροῦ
1223 4759 1251 4813 6
1279 4756 1551 4825 Ἰωάννης,
1582 4758 1668 4813 καὶ
1699 4755 1855 4822 ἂυλος
1888 4766 1975 4815 οῦν

2059 4661 2412 4727 labimus.Et
2439 4663 2535 4741 qui
2559 4670 2697 4723 tunc
2732 4681 2963 4743 parvus,
2991 4665 3179 4743 major
3204 4673 3295 4727 est
3317 4683 3387 4726 eo
3421 4666 3523 4747 qui
3547 4684 3712 4729 nunc

2058 4752 2300 4833 quidem
2334 4760 2421 4814 est
2438 4752 2663 4832 justus,
2696 4752 2798 4814 sed
2831 4771 3073 4815 carnem
3106 4754 3301 4815 adhuc
3331 4762 3544 4833 gestat.

333 4845 409 4902 ἔτι
442 4845 497 4901 ἐν
526 4847 701 4925 σαρκί,
753 4850 850 4904 Καὶ
879 4846 962 4903 διὰ
990 4847 1147 4904 τοῦτο
1179 4849 1206 4903 6
1251 4845 1534 4926 ἐλάχιστος
1566 4846 1621 4901 ἐν
1650 4851 1717 4921 τῇ
1770 4846 2076 4916 ἀναστάσει,
2130 4843 2196 4909 ἢν
2227 4843 2498 4917 βασιλείαν
2532 4843 2761 4919 οὖρανών
2793 4844 2935 4899 εἶναί
2964 4866 3120 4923 φησι,
3167 4846 3357 4918 μείζων
3388 4847 3548 4902 αὐτοῦ
3576 4844 3709 4906 ἐστι.

338 4937 467 4993 Τότε
504 4936 604 5014 γὰρ
633 4934 849 4996 τελείως
879 4936 1334 5016 ἀφθαρτισθέντες,
1396 4939 1490 4994 οῦκ
1536 4935 1613 4992 ἔτι
1657 4936 1793 4991 κατὰ
1850 4935 2017 5011 σάρκα
2074 4933 2532 5011 περιπατήσομεν,
2597 4935 2693 4989 Καὶ
2722 4935 2749 4987 6
2778 4934 2897 4988 τότε
2929 4935 3115 5009 μικρὸς
3145 4936 3336 5009 μείζων
3367 4935 3476 4989 ἐστὶ
3504 4940 3597 4991 τοῦ
3623 4942 3711 4992 νῦν

343 5022 543 5080 δικαίου
576 5024 695 5099 μὶν,
730 5023 869 5092 πλὴν
899 5024 975 5080 ’ἐτι
1009 5025 1176 5103 σάρκα
1206 5032 1514 5103 φοροῦντος.

424 5137 451 5166 α
504 5114 641 5170 Εἶπε
697 5110 751 5169 δὲ
808 5114 836 5168 ὁ
886 5114 1093 5191 Κύριος⁰
1159 5114 1269 5170 Τίνι
1339 5112 1428 5168 οῦν
1461 5112 1711 5185 ὁμοιώσω
1740 5112 1859 5174 τούς
1880 5110 1975 5165 ἀν-

338 5202 575 5278 θρώπους
644 5207 741 5269 τῆς
806 5209 991 5280 γενεᾶς
1024 5203 1218 5269 ταύτης
1256 5220 1273 5275 ;
1317 5203 1405 5257 καὶ
1451 5202 1550 5257 τίνι
1584 5200 1717 5256 εἷσεν
1749 5199 1925 5275 ὅμοιοι
1962 5216 1977 5272 ;

340 5290 547 5365 ὐμοιοί
603 5293 701 5348 εἰσι
760 5290 988 5355 παιδίοις
1043 5305 1162 5355 τοῖς
1194 5292 1249 5348 ἐν
1300 5290 1467 5368 ἆγορᾷ
1514 5290 1859 5364 καθημένοις,
1894 5290 1981 5345 καὶ

338 5390 735 5459 προσφωνοῦσιν
801 5379 1064 5451 ἀλλήλοις
1151 5383 1237 5437 καὶ
1321 5381 1582 5457 λέγουσιν·
1662 5378 1981 5451 Ηύλήσαμεν

335 5469 487 5542 ὑμῖν,
546 5470 635 5525 καὶ
698 5471 793 5526 οὐκ
848 5470 1183 5551 ὠρχήσασθε.
1264 5467 1663 5548 Ἐθρηνήσαμεν
1693 5469 1842 5541 ὑμῖν,
1892 5468 1981 5521 καὶ

338 5557 434 5612 οὒκ
503 5557 815 5621 ὲκλνιύσατε,
865 5557 1121 5629 Ἐλήλυθε
1163 5560 1261 5637 γὰρ
1309 5558 1557 5623 Ἰωάννης
1603 5557 1630 5611 ὀ
1678 5556 1977 5621 Βαπτιστης

340 5646 475 5721 Phi!
536 5648 688 5727 ἕρτον
736 5648 943 5724 ἐσθίων,
1004 5652 1138 5721 μήτε
1200 5649 1350 5705 οἶνον
1410 5649 1594 5718 πίνων,
1656 5644 1975 5722 καὶλέγετε’

2149 5107 2557 5171 Vens.30-35.
2573 5134 2597 5163 α
2613 5109 2703 5170 Ait
2731 5116 2922 5170 autem
2947 5108 3373 5171 Dominus:Cui
3394 5127 3534 5189 ergo
3553 5109 3716 5172 simi-

2065 5197 2153 5259 les
2185 5196 2377 5258 dicam
2412 5196 2683 5258 homines
2699 5197 3100 5276 generationis
3124 5197 3388 5276 hujus?et
3416 5199 3513 5260 cui
3541 5199 3716 5261 simi-

2065 5287 2151 5348 les
2182 5286 2349 5348 sunt?
2380 5286 2619 5348 Similes
2651 5294 2786 5347 sunt
2820 5287 3017 5366 pueris
3047 5285 3394 5347 sedentibus
3414 5287 3470 5347 in
3499 5290 3719 5364 foro,et

2065 5374 2524 5443 acclamantibus
2546 5375 2701 5435 inter
2728 5395 2815 5444 se,
2839 5394 2906 5435 ac
2928 5375 3263 5437 dicentibus
3295 5397 3308 5436 :
3341 5377 3717 5441 Cantavimus

2064 5464 2230 5525 vobis
2260 5462 2514 5534 tibiis,et
2538 5484 2660 5525 non
2690 5464 3308 5545 saltastis,cecinimus
3341 5465 3509 5528 vobis
3540 5467 3717 5548 lugu-

2067 5553 2283 5624 bria,et
2315 5570 2431 5612 non
2466 5553 3132 5639 plorastis.Venit.enim
3165 5556 3420 5617 Joannes
3450 5556 3720 5635 Baptista

2067 5658 2264 5719 neque
2294 5639 2480 5703 edens
2497 5661 2733 5721 panem,
2768 5663 2967 5724 neque
2991 5643 3205 5706 hihens
3224 5643 3453 5720 vinum,
3479 5653 3540 5707 et
3560 5644 3715 5708 dici-
