4116 6212
413 273 518 336 791
1383 273 1982 339 THEOPHYLACTI
2025 269 2432 334 BULGARUE
2476 271 2832 335 ARCHIEP.
3692 258 3860 327 79‘3

413 403 489 466 tis
523 425 536 468 :
566 405 933 468 Dzemonium
967 405 1358 469 habet.Venit
1382 405 1567 470 Filius
1583 403 1844 467 hominis
1875 403 2048 465 edens

2148 401 2432 478 Δαιμόνιον
2489 403 2632 484 ἔχει.
2709 403 2995 475 Ἐλήλυθεν
3053 406 3082 462 ὀ
3140 406 3259 468 Υἱός
3345 412 3435 462 τοῦ
3518 397 3864 478 ἀνθρώπου

412 513 481 556 ac
513 494 751 575 bibens,
780 504 838 557 et
867 495 1100 559 dicitis:
1135 495 1288 558 Ecce
1316 497 1493 558 homo
1525 495 1695 569 edax,
1732 502 1788 555 et
1822 492 1938 553 vini
1965 511 2048 570 poi

2146 489 2329 547 ἐσθίων
2416 494 2502 549 γαὶ
2549 493 2736 567 πίνων,
2795 495 2883 549 καὶ
2906 493 3112 573 λέγετε,
3149 493 3278 552 Ἰδοὺ
3316 493 3586 571 ἄνθρωπος
3618 488 3861 575 φάγος

411 594 529 665 tor,
563 571 789 646 amicus
814 585 1266 664 publicanorum
1286 604 1353 648 ac
1383 584 1864 664 peccatorum,Et
1879 581 2048 662 justi-

2139 581 2232 664 _xai
2289 582 2594 663 οἰνοπότης,
2659 581 2808 662 φίλος
2864 571 3110 639 τελωνῶν
3149 584 3235 638 καὶ
3297 579 3661 661 ἁμαρτωλῶν,
3747 571 3867 629 καὶ

413 674 584 736 ﬁcata
618 683 706 736 est
743 675 1032 753 sapientia
1067 694 1101 735 a
1145 674 1284 735 ﬁliis
1339 675 1460 735 suis
1519 673 1818 734 omnibus.
1856 697 1876 725 »
1925 669 2048 731 Erat

2142 667 2425 739 ἐδικαιώθη
2483 674 2517 740 ἡ
2577 673 2732 751 σοφία
2760 673 2866 728 ἀπό
2896 673 3002 729 τῶν
3034 671 3232 728 τέκνων
3277 676 3437 738 αὐτῆς
3485 670 3768 727 πάντων.
3829 683 3854 714 ο

410 764 707 844 quoddam
737 747 859 824 ludi
892 782 1078 842 genus
1107 763 1263 843 apud
1298 763 1550 825 Judaaos.
1575 761 1637 823 In
1670 769 1866 841 partes
1895 760 2048 820 enim

2141 747 2241 815 THii
2301 784 2350 818 τι
2403 762 2542 840 πορά
2612 747 2732 825 τοῖς
2792 760 3065 826 Ἰουδαίοις
3102 760 3246 824 εἶδος
3278 760 3490 824 παιδιᾶς
3533 764 3862 829 τοιοῦτον,

409 851 559 915 duas
589 854 756 933 pueri
791 852 960 914 multi
991 852 1426 925 dividebantur,
1460 860 1516 913 et
1545 854 1707 931 quasi
1740 849 1914 910 vitam
1940 848 2048 909 de-

2139 850 2213 913 ιῖς
2274 850 2410 930 μέρη
2478 849 2568 908 δύο
2600 850 2801 918 πληθὺς
2853 849 3076 908 παιδίων
3107 851 3382 926 ἐτέμνετο.
3439 852 3536 909 Καὶ
3567 851 3668 905 τόν
3711 846 3865 922 βίον

407 941 709 1021 ridebant,
741 942 840 1003 alii
871 961 941 1004 ex
965 961 1081 1003 una
1116 950 1279 1022 parte
1311 941 1784 1003 lamentabantur
1819 956 1832 1000 :
1866 937 2048 999 aliiex

2148 940 2340 996 ὡσανεὶ
2396 938 2682 1018 γελῶντες,
2738 941 2784 996 οἱ
2840 939 2939 1015 μὲν
2997 939 3137 996 ἔνθεν
3184 940 3456 1019 ἐθρήνουν,
3488 936 3864 995 01523:st-

410 1029 597 1091 altera
632 1030 792 1092 tibiis
822 1031 1159 1094 canebant:
1199 1039 1255 1091 et
1307 1050 1503 1111 neque
1561 1030 1834 1108 lugentes
1889 1046 2048 1088 cura-

2149 1037 2235 1089 θεν
2297 1031 2517 1099 ηὔλουν.
2577 1032 2680 1094 Καὶ
2751 1033 2867 1089 οὔτε
2923 1047 3042 1096 τοῖς
3100 1037 3376 1111 θρηνοῦσιν
3409 1037 3453 1090 οἱ
3498 1035 3591 1088 τοῦ
3621 1029 3864 1104 ἑτέρου

407 1117 550 1180 bant
577 1118 639 1179 hi
669 1119 770 1199 qui
803 1137 870 1180 ex
897 1120 1078 1180 altera
1110 1128 1274 1200 parte
1311 1137 1323 1181 :
1355 1137 1548 1198 neque
1605 1117 1881 1177 tibicines
1906 1115 2048 1196 ipso:

2151 1121 2338 1201 μέρους
2400 1124 2739 1203 συνετίθεντο,
2772 1117 2887 1179 οὕτε
2920 1136 3036 1187 τοῖς
3089 1127 3365 1201 θρηνοῦσιν
3408 1126 3454 1180 οἱ
3501 1128 3593 1178 τοῦ
3625 1118 3864 1196 ἐτέρου

406 1207 699 1270 curabant
731 1208 792 1270 hi
827 1206 928 1288 qui
959 1209 1265 1287 lugebant.
1323 1207 1505 1268 Taxat
1558 1207 1732 1286 igitur
1779 1205 2048 1266 Dominu:

2153 1211 2342 1290 μέρους
2400 1212 2739 1292 συνεαίθεντο,
2801 1212 2918 1270 οὕτε
2975 1225 3091 1276 τοῖς
3123 1210 3367 1268 αόλοῦσιν
3415 1214 3582 1272 οὗτοι.
3633 1208 3860 1268 Ἐπι-

405 1297 764 1377 Pbarisaaos,
799 1297 898 1377 qui
932 1316 1122 1378 neque
1157 1295 1435 1375 lugebant
1468 1315 1598 1356 cum
1637 1297 1864 1357 Joanne
1893 1295 2048 1371 lugu-

2153 1299 2384 1357 σκώπτει
2438 1300 2608 1356 τοίνυν
2664 1304 2690 1357 ὁ
2744 1299 2946 1380 Κύρϊος
3003 1302 3092 1357 καὶ
3135 1301 3256 1363 τοὺς
3315 1300 3663 1377 Φαρισαίους,
3756 1298 3859 1358 ὣς

405 1384 572 1448 brem
603 1385 782 1448 vitam
815 1396 1046 1465 agente,
1081 1396 1136 1446 et
1170 1385 1575 1464 paenitentiam
1611 1383 2048 1460 introducente,

2139 1390 2380 1446 τοιοῦτόν
2451 1412 2501 1446 τι
2558 1391 2864 1455 ποιοῦντας.
2925 1389 3056 1449 Οὕτε
3119 1390 3218 1468 γὰρ
3269 1395 3348 1462 τῷ
3405 1387 3632 1464 Ἰωάννη
3667 1391 3862 1465 Θρη-

405 1493 601 1554 neque
645 1493 779 1537 eum
826 1475 1210 1536 imitabantur
1248 1495 1260 1535 :
1317 1492 1510 1553 neque
1555 1471 2048 1552 obtemperabant

2139 1480 2355 1544 νητικὸν
2424 1480 2538 1555 βίον
2607 1481 2806 1555 βιοῦντι
2877 1481 2964 1536 καὶ
3020 1479 3302 1555 μετὰνοιαν
3403 1477 3857 1556 εἰσηγουμένῳ,

402 1562 544 1625 Jesu
575 1565 746 1627 vitam
783 1584 904 1644 prae
951 1584 1014 1625 se
1058 1563 1271 1624 ferenti
1305 1563 1629 1623 civiliorem
1662 1579 1674 1622 :
1711 1561 1813 1622 sed
1848 1560 2048 1620 ambos

2140 1567 2530 1635 συνεπένθησαν
2586 1566 2620 1635 ἤ
2689 1567 3046 1644 ἐμιμήσαιτο,
3098 1570 3214 1625 οὒτε
3272 1573 3349 1641 τῷ
3437 1560 3616 1634 ἰησοῦ
3691 1564 3852 1640 βίον

405 1653 792 1734 repellebant,
823 1672 896 1714 ne
932 1653 1198 1732 lugentes
1225 1670 1356 1713 cum
1390 1651 1619 1713 Joanne
1651 1651 1913 1727 lugente,
1940 1667 2048 1709 ne—

2141 1653 2556 1732 ἐπιδεικνυμένῳ
2628 1659 2896 1736 χαρίεντε,
2979 1657 3294 1723 ἐπείσθησαν
3379 1658 3414 1723 ἢ
3500 1656 3851 1716 συνέθεντο⁹

403 1714 517 1822 (ιιιέ
548 1714 928 1814 concinentes
950 1714 1082 1804 cum
1116 1744 1255 1803 Jesu
1301 1741 1460 1802 tibiis
1487 1747 1762 1815 canente,
1798 1739 1908 1800 hoc
1941 1747 2048 1816 est,

2139 1743 2257 1801 ἀλλ’
2339 1714 2670 1826 ἆμιροτέρουέ
2710 1714 3030 1820 ’ἀπώσαντω
3123 1714 3263 1823 μητε
3354 1714 3431 1820 τώ
3526 1714 3849 1824 θρηνοῦντι

400 1831 1184 1911 remissiore.Etjustiﬁcata
1216 1839 1309 1891 est
1338 1829 1651 1910 sapientia,
1681 1831 1792 1889 hoc
1824 1829 2048 1903 est,ho—

2141 1835 2367 1910 Ἰωάννῃ
2426 1839 2857 1916 συνθρηνοῦντες,
2917 1838 3053 1912 μήτε
3123 1843 3200 1910 τῷ
3243 1835 3482 1893 αὖλοῦντι
3530 1837 3620 1892 καὶ
3654 1836 3846 1890 ἀνει-

402 1929 632 1993 norata,
669 1939 788 1982 non
819 1941 850 1980 a
896 1919 1229 1993 Pharisaais,
1283 1919 1386 1980 sed
1419 1937 1452 1979 a
1482 1917 1622 1979 filiis
1669 1917 1814 1994 suis,
1851 1917 1907 1978 id
1943 1927 2048 1990 est,

2140 1922 2284 1999 μένῳ
2354 1922 2535 1991 Ἰησοῦ
2592 1935 2978 2006 συπφοροῦντες
3020 1925 3128 2002 (2).
3159 1923 3262 1986 Καὶ
3294 1925 3481 1982 λοιπὸν
3512 1923 3842 1987 ἐδικαιώθη

401 2008 493 2070 his
525 2011 627 2089 qui
650 2018 1049 2090 susceperunt
1078 2012 1280 2071 Jesum
1313 2017 1370 2070 et
1394 2007 1708 2071 Joannem.

2139 2015 2173 2081 ἡ
2237 2013 2391 2094 σοφία
2474 2021 2567 2071 τοῦ
2653 2021 2806 2087 Θεοῦ,
2840 2014 3108 2072 τουτέστιν
3139 2013 3390 2093 ἐτιμήθη,
3426 2016 3529 2094 οὐχ
3556 2015 3662 2070 ὑπὸ
3691 2020 3837 2069 τῶν

2142 2103 2469 2184 Φαρισαίων,
2539 2102 2674 2163 ἀλλὰ
2746 2112 2852 2162 τῶν
2915 2103 3112 2162 τέκνων
3158 2108 3346 2177 αὐτῆς,
3375 2104 3638 2177 τουτέστι,
3696 2106 3836 2159 τῶν

2138 2191 2578 2271 παραδεξαμένων
2648 2195 2741 2251 τὸν
2799 2192 2958 2274 λόγον
3007 2201 3098 2252 τοῦ
3127 2215 3184 2251 τε
3244 2193 3488 2251 Ἰωάννου
3546 2195 3631 2250 καὶ
3709 2200 3838 2250 τοῦ

2138 2283 2336 2350 Ἰησοῦ.

481 2366 662 2430 Vens.
695 2367 902 2431 36-43.
945 2389 966 2424 (ι
1003 2366 1264 2445 ιὶοεοὺσι
1298 2376 1494 2430 autem
1547 2367 1709 2428 illum
1745 2367 1988 2447 quidam
2023 2386 2048 2428 e

2229 2391 2253 2427 ε
2313 2373 2523 2450 Ἦρώτα
2574 2370 2630 2428 δέ
2698 2394 2780 2435 τις
2811 2373 2968 2429 αὐτὸν
3001 2379 3105 2430 τῶν
3146 2373 3471 2450 Φαρισαίων,
3531 2372 3624 2427 ’ίνα
3654 2371 3828 2451 φάγῃ

401 2455 719 2520 Pbariszeis
742 2465 802 2517 ut
824 2466 1062 2536 caperet
1093 2457 1292 2518 cibum
1322 2475 1454 2518 cum
1490 2456 1723 2536 ipso.Et
1753 2457 2048 2534 ingressus

2141 2459 2257 2535 μετ’
2319 2463 2497 2518 αὐτοῦ.
2563 2462 2662 2518 Καὶ
2719 2460 2966 2519 εἰσελθὼν
3009 2463 3081 2527 εἰς
3135 2462 3231 2529 τὴν
3282 2462 3446 2518 οἰκίαν
3489 2465 3583 2518 τοῦ
3621 2469 3826 2539 Φαρι-

399 2545 642 2606 domum
676 2545 982 2616 Pharisaei,
1010 2545 1286 2607 accubuit
1321 2564 1336 2608 :
1373 2554 1430 2606 et
1489 2561 1628 2605 ecCe
1685 2545 1897 2605 mulier
1927 2564 2048 2624 qum

2148 2551 2320 2626 σαίου,
2385 2549 2659 2617 ἀνεκλίθη.
2715 2552 2815 2609 Καὶ
2888 2549 2996 2608 ἰδοὺ
3027 2551 3160 2629 γυνὴ
3191 2551 3244 2608 ἐν
3274 2558 3341 2627 τῇ
3374 2549 3551 2625 πόλει,
3583 2550 3700 2618 ἥτις
3733 2551 3826 2617 ἧν

400 2635 591 2696 fuerat
619 2634 680 2695 in
711 2633 945 2696 civitate
976 2635 1375 2715 peccatrix,ut
1405 2633 1871 2712 cognovit,quod
1893 2632 2048 2696 Jesu:

2151 2635 2491 2716 ἁμαρτωλὸς,
2553 2639 2842 2715 ἐπιγνοῦσα
2872 2637 2953 2694 ὅτι
3009 2638 3280 2695 ἀνάκειται
3339 2637 3393 2694 ἐν
3422 2643 3491 2714 τῇ
3521 2639 3659 2710 οἰκίᾳ
3699 2644 3819 2694 τοῦ

402 2723 779 2786 accubuisset
809 2724 868 2783 in
894 2723 1071 2784 domo
1113 2723 1418 2786 Pharisaei.
1455 2723 1655 2784 attulit
1699 2721 2048 2784 alabastrun

2147 2729 2455 2804 Φαρισαίου,
2517 2728 2782 2801 κομίσασα
2831 2724 3158 2805 ἀλάϐαστρον
3229 2728 3416 2802 μύρου,
3490 2727 3578 2782 καὶ
3626 2733 3814 2782 στᾶσα

399 2813 714 2892 unguenti,
740 2821 1018 2893 stansque
1050 2814 1119 2873 ad
1147 2813 1331 2893 pedes
1353 2815 1484 2892 ejus
1516 2831 1549 2873 a
1573 2820 1760 2890 tergo,
1788 2813 1937 2873 ﬂens
1969 2812 2048 2872 la-

2145 2816 2288 2894 παρὰ
2342 2817 2465 2878 τοὺς
2529 2815 2692 2878 πόδας
2739 2815 2896 2876 αὐτοῦ
2925 2817 3111 2887 ὀπίσω,
3149 2815 3401 2873 κλαίουσα
3431 2814 3624 2894 ἤρξατο
3666 2816 3808 2894 βρέ-

399 2901 616 2982 crymis
646 2901 824 2981 coepit
869 2901 1062 2979 rigare
1104 2901 1289 2982 pedes
1320 2901 1474 2980 ejus,
1507 2909 1566 2961 et
1596 2900 1826 2980 capillis
1849 2901 2048 2980 capitis

2145 2926 2264 2984 χειν
2321 2905 2442 2969 τούς
2498 2903 2662 2969 πόδας
2717 2907 2875 2963 αὐτοῦ
2921 2918 3040 2968 τοῖς
3100 2903 3338 2984 δάκρυσι,
3369 2906 3454 2961 καὶ
3485 2918 3606 2967 ταῖς
3657 2908 3806 2982 θρισὶ

401 2989 494 3052 sui
524 2991 990 3070 exstergebat,et
1020 2990 1477 3052 deosculabatur
1498 2991 1678 3070 pedes
1699 2990 1851 3070 ejus,
1878 2999 1932 3050 et
1953 3010 2048 3050 un-

2142 2996 2240 3060 τῆς
2300 2993 2536 3073 κεφαλῆς
2595 2995 2757 3059 αὐτῆς
2813 2993 3087 3070 ἐξέμασσε,
3155 2996 3241 3050 καὶ
3323 2992 3594 3072 κατεφίλει
3669 2996 3800 3057 τούς

399 3089 616 3160 guento
642 3080 1156 3159 ungebat.Videns
1185 3089 1381 3141 autem
1411 3080 1744 3141 Pharisazus
1769 3080 1870 3159 qui
1897 3099 2048 3141 voca-

2143 3080 2309 3146 πόδας
2369 3082 2548 3155 αὐτοῦ,
2625 3083 2711 3140 καὶ
2754 3080 2940 3161 ἤλειφε
2983 3084 3058 3157 τῷ
3090 3084 3257 3162 μύρῳ.
3296 3080 3440 3140 Ἰδὼν
3470 3080 3523 3137 δὲ
3549 3085 3576 3137 ὁ
3615 3090 3795 3161 Φαρι-

398 3176 566 3230 verat
588 3187 748 3244 eum,
783 3170 864 3230 ait
894 3168 1049 3228 intra
1099 3187 1162 3229 se
1212 3168 1457 3230 dicens:
1503 3171 1612 3230 Hic
1646 3169 1695 3228 si
1729 3177 1887 3229 esset
1917 3188 2048 3249 pro-

2146 3184 2302 3234 σαῐος
2335 3173 2361 3226 ὁ
2390 3170 2618 3234 καλέσας
2665 3173 2845 3245 αὑτὸν,
2880 3172 3034 3227 εἶπεν
3077 3170 3131 3227 ἐν
3179 3173 3370 3247 ἑαυτῷ,
3393 3171 3586 3250 λέγων’
3623 3172 3794 3235 Οὗτος

400 3258 601 3338 pheta,
633 3258 812 3318 sciret
840 3259 1046 3337 utique
1085 3277 1216 3338 quae
1247 3267 1304 3318 et
1342 3259 1537 3337 qualis
1567 3267 1657 3320 est
1691 3258 1903 3318 mulier
1934 3277 2048 3337 qua

2146 3262 2190 3316 εἰ
2247 3261 2310 3328 ἧν
2358 3263 2657 3342 προφήτης,
2717 3262 3000 3340 ἐγίνωσκεν
3055 3260 3139 3336 ἄν,
3208 3263 3286 3327 τίς
3341 3263 3430 3317 καὶ
3487 3261 3703 3329 ποταπὴ
3757 3264 3790 3330 ἡ

399 3345 584 3423 tangit
611 3345 978 3425 ipsum,quia
1005 3346 1298 3426 peccatrix
1334 3350 1532 3409 est.Et
1551 3345 1924 3426 respondens
1952 3345 2060 3408 Je-

399 3451 500 3496 sus
531 3433 678 3494 dixit
705 3442 762 3496 at
792 3433 1003 3495 illum:
1038 3433 1268 3514 Simon,
1305 3435 1496 3497 habeo
1528 3435 1848 3515 quidquam
1896 3436 2051 3515 quod

399 3521 506 3584 tibi
537 3523 755 3585 dicam.
777 3523 853 3584 At
883 3523 984 3586 ille
1014 3523 1093 3584 ait
1124 3542 1137 3586 :
1175 3524 1479 3604 Magister,
1515 3524 1632 3588 dic.
1659 3527 1786 3587 Duo
1818 3525 2055 3585 debito-

397 3629 497 3674 res
527 3620 694 3673 erant
715 3611 950 3674 cuidam
984 3614 1290 3676 creditori.
1316 3613 1482 3677 Unus
1507 3613 1760 3675 debebat
1781 3613 2058 3674 denarios

401 3700 781 3782 quingentos,
817 3711 875 3764 et
904 3702 1056 3765 alter
1085 3703 1540 3784 quinquaginta,
1575 3721 1708 3763 cum
1744 3710 1938 3762 autem
1971 3698 2056 3763 illi

401 3808 519 3851 non
547 3799 750 3853 essent
775 3791 1082 3864 solvendo,
1114 3793 1476 3854 condonavit
1506 3791 1770 3871 utrisque
1800 3808 1812 3852 :
1841 3791 2051 3853 horum

398 3879 578 3958 igitur
591 3878 687 3942 dic
709 3888 839 3942 uter
859 3899 995 3942 eum
1025 3881 1156 3961 plus
1179 3879 1818 3960 diliget?Respondens
1847 3880 2052 3943 Simon

397 3967 542 4030 dixit
576 3989 588 4029 :
623 3967 912 4030 Existimo
941 3969 1098 4050 quod
1131 3970 1182 4032 is
1217 3971 1307 4031 cui
1345 3969 1476 4049 plus
1502 3968 1878 4031 condonavit.
1915 3972 2042 4030 521

396 4058 476 4120 At
507 4057 609 4119 ille
622 4057 767 4120 dixit
788 4057 865 4120 ei:
892 4056 1078 4120 Recte
1096 4058 1702 4138 judicasti.nVidetur
1723 4059 1818 4120 hic
1842 4061 2053 4121 Phari--

397 4163 550 4208 satus
571 4147 672 4227 qui
696 4147 919 4208 vocavit
936 4149 963 4209 .l
976 4149 1363 4227 esum(a)non
1387 4156 1608 4209 rectam
1633 4147 2055 4211 habuissesen-

401 4235 792 4308 tentiam,sed
817 4235 1058 4299 dolosus
1078 4237 1260 4298 fuisse
1284 4245 1338 4298 et
1361 4236 1655 4317 hypocrisi
1687 4238 1917 4318 plenus.
1954 4241 2052 4300 Di-

398 4322 484 4387 cit
513 4322 732 4402 igitur:
761 4325 821 4386 Si
843 4334 1002 4387 esset
1035 4325 1132 4387 hic
1164 4327 1474 4406 propheta,
1511 4334 1567 4386 et
1589 4326 1664 4385 ita
1700 4345 1817 4387 non
1871 4330 2059 4390 credi-

2147 3349 2302 3426 γυνη,
2357 3351 2474 3416 ἣτις
2534 3349 2753 3406 ἅπτεται
2799 3350 2978 3425 αὐτοῦ,
3024 3350 3104 3404 ὃτι
3136 3348 3449 3430 ἁμαρτωλός
3498 3352 3637 3412 ἐστι.
3688 3352 3791 3408 Καὶ

2139 3439 2436 3518 ἀποκριθεὶς
2494 3440 2522 3493 ὃ
2592 3436 2819 3518 Ἰησοῦς,
2852 3438 2976 3494 εἶπε
3009 3440 3138 3516 πρὸς
3191 3439 3369 3495 αὐτόν·
3417 3440 3619 3514 Σίμων,
3667 3437 3789 3518 ἔχω

2141 3528 2224 3583 σοί
2292 3549 2350 3584 τι
2420 3528 2614 3588 εἰπεῖν.
2676 3517 2732 3585 ’0
2799 3525 2852 3582 δέ
2909 3543 3063 3607 φησι·
3130 3525 3446 3604 Διδάσκαλε,
3507 3527 3641 3585 εἰπέ.
3679 3529 3787 3585 Δύο

2143 3614 2524 3696 χρεωφειλέται
2580 3617 2714 3684 ἦσαν
2784 3606 3030 3685 δανειστῆ
3133 3639 3258 3677 τινι.
3324 3606 3380 3675 Ὀ
3451 3631 3533 3680 εἷς
3590 3615 3785 3696 ὤφειλε

2144 3703 2360 3784 δηνάρία
2417 3706 2763 3782 πεντακόσια,
2822 3709 2849 3762 ὁ
2907 3705 2961 3762 δέ
3025 3706 3202 3786 ἕτερος
3260 3708 3612 3778 πεντήκοντα,
3703 3706 3785 3781 μὴ

2139 3794 2378 3874 ἐχόντων
2437 3793 2492 3849 δὲ
2544 3798 2715 3851 αὐτῶν
2746 3794 3053 3870 ἀποδοῦναι,
3099 3797 3416 3874 ἀμφοτέροις
3467 3796 3782 3876 ἐχαρίσατο.

2139 3885 2226 3947 Τίς
2311 3883 2400 3940 οὗν
2431 3888 2624 3959 αὐτῶν,
2658 3884 2792 3964 εἰπὲ,
2838 3882 3030 3943 πλεῖον
3062 3886 3218 3964 αὒτὸν
3262 3886 3530 3963 ἀγαπήσει
3565 3883 3783 3962 ,Ἄπο-

2137 3974 2325 4051 κριθεὶς
2398 3971 2452 4028 δὲ
2511 3973 2544 4029 6'
2591 3963 2784 4049 Σίμων
2839 3978 3012 4030 εἶπενο
3079 3963 3468 4049 ἰ’πολαμϐάνω
3498 3973 3577 4029 ὅτι
3636 3977 3680 4047 ᾧ
3711 3975 3773 4029 τὸ

2137 4062 2328 4118 πλεῖον
2359 4061 2670 4142 ἐχαρίσατο.
2710 4051 2766 4120 Ὀ
2809 4061 2862 4119 δὲ
2894 4065 3050 4120 ε’ίπεν
3079 4064 3245 4144 αὐτῷ,
3279 4062 3476 4142 Ὀρθῶς
3509 4061 3776 4141 ἔκρινας.»

2137 4151 2383 4208 Φαίνεται
2446 4151 2594 4215 οὗτος
2628 4155 2967 4232 ὁΦαρισατος
3010 4155 3038 4209 ὁ
3067 4151 3344 4219 κεκληκὼς
3388 4153 3478 4208 τὸν
3552 4151 3778 4224 ἰησών,

2141 4242 2218 4318 μὴ
2275 4242 2418 4305 εὐθὺς
2477 4241 2618 4297 εἶναι
2686 4243 2784 4308 τὴν
2813 4242 3056 4320 γνώμην,
3091 4240 3226 4298 ἀλλὰ
3269 4240 3480 4320 δολερὸς
3513 4241 3599 4296 καὶ
3647 4241 3782 4296 ὑπο-

2141 4331 2364 4410 κρίσεως
2423 4329 2659 4411 πλήρης.
2732 4332 2902 4398 Φησὶν
2953 4331 3062 4388 οὗν·
3099 4341 3261 4393 Οὗτος
3295 4333 3338 4388 εἰ
3368 4332 3434 4398 ἦν
3467 4331 3774 4411 προφήτης,

398 4411 510 4487 dit,
543 4412 684 4494 quia
715 4413 842 4474 haec
864 4413 1530 4495 loquebatur.Dominus
1564 4421 1760 4475 tamen
1791 4421 2048 4497 quamvis

2139 4423 2274 4479 ὣστε
2345 4422 2438 4478 οὐκ
2489 4409 2778 4495 ἐπίστευεν,
2831 4417 3014 4489 ἓπειδὴ
3069 4420 3284 4478 τοιαῦτα
3339 4418 3544 4482 ἐλάλει,
3599 4409 3652 4476 Ὀ
3720 4417 3780 4474 δὲ

1467 4519 1548 4581 Ex
1583 4519 1902 4583 collatione
1937 4524 2111 4586 codd.
2145 4525 2358 4590 Venet.
2392 4527 2455 4590 S.
2488 4528 2690 4590 Marci.

480 4623 568 4704 (2)
604 4624 750 4688 Cod.
787 4624 952 4708 addit
987 4647 1001 4689 :
1058 4617 1190 4684 ’Ἔτι
1215 4706 1223 4708 ᾗ
1251 4629 1350 4708 γὰρ
1410 4634 1500 4682 τοῦ
1551 4629 1707 4683 αὐτοῦ
1763 4630 2047 4708 κεφαλαίου

396 4705 546 4787 ἔχετι
649 4716 742 4764 τοῦ
811 4705 975 4772 δεῖξαι
1067 4705 1273 4780 συνῳδᾶ
1325 4705 1491 4781 ἀὐτῷ
1589 4705 1886 4787 πράττοντα
1956 4715 2046 4768 τὸν

396 4781 676 4866 Ἰωάννην,
727 4788 769 4842 εί
824 4789 912 4844 καὶ
962 4789 1026 4843 τὰ
1096 4789 1355 4864 γενόμενα
1450 4781 1654 4843 ἐναντία
1700 4789 1788 4855 ἦν,
1847 4781 1926 4849 ”Ο
1991 4791 2044 4848 δὲ

394 4865 561 4943 λέγει,
639 4865 873 4924 τοιουτόν
967 4868 1128 4923 ἐστιν·
1222 4869 1492 4925 Ἐναντίαν
1586 4870 1830 4948 ἑκάτερος
1888 4871 2044 4939 ἢλθεν

396 4945 514 5003 ὁδὸν
574 4945 682 5024 ἐγὼ
743 4948 829 5003 καὶ
886 4949 914 5003 ό
972 4947 1246 5026 Ἰωάννης,
1302 4949 1390 5004 καὶ
1447 4948 1638 5004 ταύτόν
1683 4945 2038 5028 ἐποιιξσαμεν,

424 5026 452 5082 ἶ
581 5025 604 5045 ν
719 5026 744 5047 ν
1210 5025 1320 5066 νγ..
1444 5026 1466 5045 σς
1585 5031 1594 5048 ι
1823 5029 1843 5048 κ
1873 5033 1883 5045 ε
1919 5025 1926 5028 ⁷
1961 5025 2031 5051 ιςπ

394 5048 422 5083 ο
452 5048 516 5107 ,ον
572 5048 664 5107 αν,
691 5048 738 5082 ει
812 5049 951 5091 τινες
980 5032 1225 5105 θηρευται
1257 5051 1390 5100 ,ωυν
1439 5032 1758 5107 ουσθτ,ρατον
1816 5051 1899 5088 οια
1955 5053 2042 5088 ουο

394 5104 594 5187 μέλλον
650 5105 931 5187 ἐμπίπτειν
989 5104 1122 5164 ὁδῶν
1175 5109 1247 5171 εἰς
1297 5111 1357 5164 τὸ
1414 5104 1695 5187 θήρατρον,

2131 4634 2291 4696 enim
2322 4635 2383 4696 in
2409 4653 2479 4697 eo
2512 4636 2750 4710 insistit,
2785 4646 2846 4718 ut
2874 4636 3464 4713 ostendat,.loannem
3499 4638 3688 4718 egisse
3710 4657 3778 4701 ea

2171 4733 2260 4776 ua;
2289 4733 2490 4797 secum
2524 4716 2946 4797 congruebant,
2981 4718 3216 4780 tametsi
3248 4737 3429 4797 opera
3477 4716 3778 4780 contraria

2151 4795 2345 4884 orent.
2377 4795 2758 4884 Quodigitur
2797 4798 2910 4859 hoc
2945 4799 3075 4884 loco
3099 4801 3197 4878 ait,
3234 4795 3484 4880 perinde
3513 4809 3613 4884 est
3631 4819 3697 4859 ac
3723 4801 3772 4884 si

2127 4872 2394 4956 diceret:
2429 4872 2716 4956 Equidem
2776 4896 2883 4956 ego
2938 4887 2996 4941 et
3049 4872 3312 4941 Joannes
3356 4880 3654 4940 contraria
3681 4879 3774 4939 via

2128 4954 2463 5038 incedimus
2487 4954 2512 5020 :-
2535 4975 2740 5019 verum
2776 4954 2884 5018 nos
2926 4959 3173 5038 perinde
3211 4960 3462 5023 facimus
3489 4979 3558 5022 ac
3589 4960 3638 5020 si
3669 4979 3771 5020 ve-

2127 5041 2365 5121 natores
2394 5037 2578 5121 feram
2612 5046 2782 5121 captu
2815 5037 3141 5119 difﬁcilem,
3166 5059 3298 5120 quae
3323 5059 3429 5121 per
3472 5041 3623 5102 duas
3654 5040 3774 5121 vias

1794 5111 2040 5200 ézafrépav
2124 5113 2186 5175 in
2209 5114 2482 5197 laqueum
2516 5111 2784 5200 incidere
2837 5111 3537 5200 potest,utraintlueviani
3561 5119 3772 5198 singuli

395 5184 619 5275 ἕκαστος
655 5186 937 5275 ἀπολαϐὼν
994 5187 1112 5244 ὁδὸν
1194 5187 1399 5245 ἐλαύνοι
1487 5184 1782 5253 ἐξεναντίας
1865 5184 2039 5270 ἕτερος

2139 5184 2505 5275 )ccupantes,
2538 5197 2689 5259 alter
2721 5184 2927 5259 conira
2956 5184 3209 5262 alterum
3233 5184 3456 5262 stantes
3475 5184 3772 5264 contraria

392 5271 470 5344 τῷ
516 5265 700 5344 ἐτέρῳ,
781 5266 915 5322 ὥστε
1013 5269 1204 5332 πάντες
1293 5269 1364 5334 εἷς
1445 5270 1659 5344 θάτερον
1759 5265 2010 5344 ἔμπεσεϊν

2122 5275 2213 5336 via
2234 5276 2563 5356 impellant,
2589 5287 2647 5340 et
2693 5285 2961 5356 urgeant,
2999 5287 3062 5340 ut
3091 5280 3433 5342 omnimode
3459 5280 3520 5341 in
3543 5283 3767 5342 alteru-

395 5339 544 5444 :A)Ot'
607 5339 770 5420 ’ὑμεῖς
843 5347 1094 5422 οὒδετέρῳ
1125 5349 1440 5427 προσέχετε,
1518 5339 1634 5404 οὗτε
1719 5339 1858 5444 ἐμοὶ,
1921 5353 2036 5408 οὕτε

417 5431 434 5444 ρ
501 5424 514 5444 r
701 5435 736 5444 -.
780 5426 794 5444 \
847 5425 866 5444 κ
976 5430 988 5444 ι
1102 5426 1152 5444 η
1280 5417 1337 5444 λι.
1647 5427 1665 5444 ς
1899 5429 1936 5444 ι-

2139 5373 2276 5444 .ru_m
2307 5339 2579 5444 laqueum
2613 5339 2868 5444 decidat.
2902 5339 3036 5444 sea
3069 5378 3174 5444 vos
3202 5339 3446 5444 _neutri,
3460 5339 3595 5423 Se};
3608 5339 3768 5421 mihi

417 5399 796 5501 ιωάννῃ.“ιέέιι
846 5399 1440 5502 λὸὶᾶτξν⁷τιὲ⁷ιξς’ζιόὸᾉ,”
1465 5399 1701 5491 κξὲξλ.
1720 5399 2036 5495 "Thiae;

2307 5399 2579 5437 ...ηυιωη
2613 5399 2868 5420 “om...
2902 5399 3018 5422 υυ..
3077 5399 3174 5420 ,νο
3229 5399 3446 5437 ..υ-...η
3481 5399 3591 5423 ..συ

2139 5435 2369 5514 ιοὶιὶοοι,
2405 5455 2517 5500 nec
2543 5437 2781 5514 Joanni,
2815 5439 3168 5503 attendistis.
3194 5440 3509 5524 Caeterum,
3549 5465 3572 5500 ι
3610 5449 3724 5503 etc.

472 5556 561 5638 (α)
588 5555 744 5624 Edit.
780 5562 910 5625 Lut.
938 5562 1180 5638 omittit,
1221 5563 1328 5642 qui
1369 5565 1606 5626 vocavit
1633 5562 1865 5626 Iesum.
