4116 6212
395 309 515 371 795

1355 305 1942 371 THEOPHYLACTI
1986 301 2400 364 BULGARIJE
2443 302 2800 394 ARCHIEI’.

3667 300 3802 365 796

398 444 642 524 pellere.
672 439 900 503 Idcirco
932 438 1318 519 reprehendit
1344 456 1480 500 eum
1505 437 1816 513 Dominus,
1850 444 2054 518 utpote

2147 434 2522 512 κατακρίνοντα
2579 435 2677 502 τὴν
2750 442 2983 492 τοσαῦτα
3057 437 3390 508 ποιήσασαν,
3468 432 3566 490 ὅσα
3634 434 3806 497 αὐτὸς

392 533 889 593 condemnantem
920 548 1053 592 eam
1078 547 1211 608 quae
1241 536 1401 589 tanta
1431 527 1825 609 fecit,quanta
1846 526 2053 608 necip—

398 640 462 685 se
486 642 503 681 :
525 622 646 681 imo
672 638 784 681 nec
814 619 989 698 longe
1010 616 1291 679 inferiora
1314 617 1453 679 fecit
1475 615 1879 697 Simon,quasi
1900 616 2059 677 dice-

391 713 601 773 retzTn
625 708 868 789 quidem
905 726 1100 787 neque
1120 725 1335 787 aquam
1375 706 1447 767 ad
1485 704 1850 767 abluendum
1876 704 2059 785 pedes

394 798 551 881 quod
585 798 837 878 vulgare
860 795 1420 876 est,pra2buisti,illa
1447 803 1645 856 autem
1671 794 1945 875 lacrymis
1968 795 2056 855 ri-

389 888 662 969 gavit.Tu
678 888 893 950 faciem
917 905 1107 947 meam
1126 904 1244 947 non
1270 903 1336 947 es
1356 883 1868 959 deosculatus;illa
1880 895 1939 945 et
1958 902 2058 962 pe-

392 979 498 1041 des
523 996 687 1040 meos
708 975 1050 1037 deosculata
1072 984 1182 1035 est.
1209 973 1297 1035 Tn
1320 975 1460 1034 item
1490 992 1684 1054 neque
1727 972 2058 1047 oleum,illa

393 1087 531 1130 vero
583 1073 952 1144 unguentum
1010 1063 1419 1127 eﬁ'udit.Unde
1466 1064 1602 1141 quia
1650 1061 1848 1123 dixisti
1895 1061 2051 1142 quod

395 1176 515 1218 non
542 1176 670 1217 sum
705 1155 1016 1236 propheta,
1074 1172 1143 1215 ex
1207 1172 1276 1213 eo
1335 1151 1495 1232 quod
1528 1170 1645 1213 non
1675 1150 2050 1230 cognoverim

395 1248 547 1308 hanc
572 1264 704 1307 esse
738 1242 1315 1325 peccatricem,ecce
1345 1240 1724 1321 reprehendo
1744 1259 1811 1301 ea
1840 1259 1973 1321 quae
1992 1240 2053 1300 in

395 1336 575 1397 corde
606 1342 799 1406 tuo,ut
828 1350 1153 1412 cognoscas
1183 1330 1341 1412 quod
1356 1331 1511 1391 sicut
1528 1330 1759 1392 occulta
1783 1338 1880 1390 tua
1904 1330 2050 1399 scio,

396 1424 613 1486 multos
644 1425 826 1503 magis
848 1423 950 1483 illa
972 1423 1178 1496 sciam,
1208 1440 1340 1500 quae
1390 1430 1450 1482 et
1498 1420 1670 1483 multi
1700 1418 1800 1481 alii
1830 1419 2049 1482 sciunt.

396 1514 803 1576 “emittuntur
832 1512 1010 1591 igitur
1036 1520 1278 1592 peccata
1323 1509 1434 1588 illi,
1473 1510 1607 1590 quia
1639 1508 1842 1569 dilexit
1890 1508 2049 1570 mul-

390 1602 657 1675 tum,hoc
687 1611 797 1675 est,
817 1620 1087 1680 magnam
1118 1618 1241 1681 prae
1271 1618 1335 1660 se
1370 1599 1497 1659 tulit
1533 1598 1735 1661 ﬁdem.
1779 1598 2053 1680 Denique

393 1702 451 1755 et
478 1692 577 1773 qui
604 1691 780 1754 simul
805 1692 1229 1766 accubueram,
1265 1688 1443 1751 etiam
1483 1690 1591 1768 ipsi
1624 1689 2049 1750 obmurmura-

2142 522 2237 579 οὒκ
2292 523 2538 604 ἐποίησε,
2582 522 2789 599 μᾶλλον
2817 521 2895 598 δὲ,
2940 522 3057 580 ούδὲ
3099 525 3165 580 τὰ
3192 523 3380 598 πολλῷ
3434 522 3799 580 καταδεέστε-

2140 634 2229 688 ρα,
2292 614 2441 688 οἷον,
2502 614 2565 669 σὺ
2626 614 2724 688 μὲν
2781 611 2897 670 οὐδὲ
2952 612 3090 691 ὕδωρ
3144 614 3230 670 ἐπὶ
3278 614 3397 677 τοὺς
3429 610 3596 676 πόδας
3636 620 3801 668 τοῦτο

2138 699 2203 767 δὴ
2256 702 2321 757 τὸ
2373 702 2553 757 κοινόν
2597 700 2797 766 ἔδωκας
2830 718 2845 732 ·
2892 702 3029 769 αὕτη
3084 701 3139 758 δὲ
3197 701 3438 781 δάκρυσιν
3470 700 3649 781 ἔϐρεξε
3676 703 3803 758 τού-

2138 812 2284 854 τους.
2341 789 2470 849 Οὸδὲ
2512 793 2575 847 τὸ
2632 792 2920 869 πρόσωπον
2964 794 3025 848 σὺ
3058 790 3338 872 ἐφίλησας.
3375 792 3517 858 Ᾱῦτη
3566 789 3625 846 δὲ
3670 791 3797 852 τοὺς

2139 877 2306 942 πόδας
2364 902 2475 960 μου.
2520 880 2866 960 κατεφίλησε,
2900 880 2973 935 Σὺ
3021 879 3138 937 ex;
3184 879 3399 955 ἔλαιον,
3448 881 3581 947 αὕτη
3629 882 3798 959 μύρον

2141 966 2376 1048 ἐξέχεεν.
2438 958 2605 1026 ΗΟθεν
2665 958 2851 1036 ἐπειδὴ
2908 971 3071 1032 εἶπας
3115 968 3196 1025 ὅτι
3239 973 3298 1028 ού
3345 971 3628 1049 προρήτης
3659 958 3799 1047 εἰμὶ,

2139 1057 2199 1113 ἐκ
2242 1060 2339 1113 τοῦ
2390 1058 2467 1133 μὴ
2510 1056 2797 1137 διαγνῶναι
2853 1059 2934 1115 ὄτι
2981 1058 3297 1137 ἁμαρτωλὸς
3355 1061 3423 1125 ἦν
3466 1059 3625 1138 αὕτη,
3685 1056 3803 1114 ἰδοὺ

2136 1145 2355 1226 ἒλὲγχω
2400 1147 2464 1202 τὰ
2522 1147 2577 1202 ἒν
2619 1153 2688 1224 τῇ
2716 1146 2900 1225 καρδίᾳ
2953 1170 3067 1228 σου,
3120 1148 3212 1204 ἵνα
3242 1155 3381 1226 γνῷς
3412 1147 3491 1204 ὅτι
3519 1148 3700 1226 ὥσπερ
3731 1148 3804 1202 τὲ

2136 1237 2203 1290 σὰ
2256 1236 2507 1313 γινώσκω
2550 1234 2583 1291 ἃ
2638 1241 2915 1317 κρύπτεις,
2974 1235 3160 1311 πολλῷ
3204 1236 3409 1312 μᾶλλον
3448 1238 3514 1293 τὰ
3563 1238 3801 1313 ταύτης,

2136 1323 2169 1378 ἃ
2224 1326 2313 1381 καὶ
2369 1323 2521 1381 ἄλλοι
2566 1323 2753 1382 πολλοὶ
2786 1325 2990 1405 ἴσασιν.
3026 1324 3305 1405 Ἀφέονται
3335 1326 3505 1382 τοίνυν
3538 1328 3589 1381 αἱ
3623 1328 3803 1401 ἀμαρ-

2136 1413 2241 1468 τίαι
2305 1416 2492 1487 ανὸτῆς,
2554 1414 2636 1470 ὅτι
2720 1415 2975 1494 ἠγάπησε
3031 1413 3191 1490 πολὺ,
3274 1414 3390 1469 ἀντὶ
3444 1424 3559 1489 τοῦ,
3618 1413 3806 1470 πίστιν

2133 1500 2426 1568 ὶνεδείξατο
2484 1502 2716 1573 πολλήν,
2781 1507 2843 1561 Οἱ
2911 1502 2967 1559 δὲ
3022 1503 3456 1579 συνανακείμενοι
3498 1501 3664 1559 παλιν
3704 1504 3808 1559 καὶ

2135 1594 2281 1648 αύτοὶ
2337 1595 2653 1671 γογγυσταὶ,
2715 1593 2793 1668 μὴ
2868 1592 3214 1671 λογισάμενοι
3272 1592 3352 1648 ὅτι
3423 1591 3457 1647 ἃ
3510 1594 3646 1669 πρὸς
3699 1594 3805 1648 τὸν

2136 1683 2357 1749 Σίμωνα
2404 1682 2554 1761 εἷπε,
2629 1684 2719 1738 καὶ
2760 1684 2891 1760 πρὸς
2936 1682 3126 1745 αὖτοὺς
3173 1682 3324 1745 εἷκὸς
3379 1682 3449 1747 ἧν
3503 1681 3801 1760 λεχθῆναι.

394 1762 555 1861 bant,
583 1801 701 1843 non
723 1781 1071 1859 cogitantes.
1100 1762 1257 1862 quod
1272 1780 1396 1859 jam
1427 1762 1519 1839 ad-
1544 1777 1846 1840 Simonem
1880 1778 2053 1840 dixe-

2147 1762 2197 1829 Ὀ
2258 1767 2325 1826 δὲ’
2360 1772 2549 1849 Κύριος
2611 1770 2985 1828 καταστέλλων
3060 1774 3152 1828 τὸν
3227 1772 3533 1849 γογγυσμὸν
3594 1770 3803 1845 αύτῶν,

395 1880 505 1945 rat,
539 1870 943 1932 verisimiliter
982 1870 1205 1931 dictum
1238 1877 1295 1929 et
1329 1868 1403 1928 ad
1438 1867 1921 1946 ipsos.Dominus
1952 1887 2049 1930 ve-

330 1966 331 1969 “
394 1979 460 2021 ro
478 1960 877 2041 comprimens
906 1977 1175 2021 murmur
1206 1958 1474 2027 illorum,
1508 1965 1567 2017 et
1597 1956 1917 2019 ostendere
1946 1977 2047 2019 vo-

391 2048 522 2110 lens
548 2048 710 2129 quod
744 2067 850 2109 sua
879 2066 1176 2128 quemque
1222 2047 1372 2107 ﬁdes
1422 2046 1645 2106 salvum
1695 2046 1893 2127 faciat,
1933 2066 2052 2108 non

394 2137 583 2200 dixit:
619 2136 806 2217 Vade,
865 2137 1099 2210 mulier,
1136 2155 1245 2213 ego
1286 2143 1343 2196 te
1390 2153 1583 2210 servo,
1622 2145 1685 2197 ut
1720 2156 1797 2197 ne
1838 2135 2050 2217 majori

392 2225 611 2286 invidia
640 2226 951 2305 capiantur
985 2244 999 2283 :
1025 2224 1313 2303 sed,ﬁdes
1343 2227 1597 2286 ωτι.ὶίοο
1627 2225 1859 2300 dixit,ut
1878 2226 2046 2288 dice-

394 2312 683 2391 bam,tum
718 2332 834 2393 quo
856 2312 1133 2374 invidiam
1156 2312 1391 2373 illorum
1421 2314 1867 2385 minueret,tum
1901 2322 1966 2375 ut
1990 2324 2048 2378 et

393 2394 526 2461 illos
558 2400 632 2461 ad
656 2400 1020 2462 credendum
1056 2400 1393 2480 induceret,
1443 2401 1740 2463 discentes
1795 2402 2045 2464 salutem

396 2509 465 2551 ex
495 2490 612 2551 ﬁde
643 2508 801 2555 esse.
834 2490 1122 2553 Caaterum
1149 2491 1304 2570 quod
1338 2490 1553 2570 inquit,
1588 2492 1752 2552 Vade
1780 2491 1839 2551 in
1874 2511 2043 2572 pace,

392 2580 507 2641 hoc
558 2588 647 2641 est
697 2580 758 2641 in
808 2580 1133 2661 justitiam:
1162 2598 1271 2660 pax
1308 2580 1465 2640 enim
1495 2580 1727 2659 justitia
1756 2588 1868 2655 est,
1901 2582 2054 2642 sicut

394 2678 697 2749 peccatum
749 2669 1077 2731 inimicitia:
1120 2688 1254 2730 cum
1305 2670 1451 2732 Deo.
1487 2669 1634 2730 Vide
1668 2677 1860 2730 autem
1894 2670 2051 2750 quod

395 2767 701 2839 postquam
727 2759 956 2822 remisit
987 2759 1040 2820 ei
1070 2769 1332 2839 peccata,
1370 2778 1489 2819 non
1507 2766 1826 2820 contentus
1851 2767 1940 2820 est
1964 2778 2056 2821 re-

397 2848 630 2909 misisse
684 2857 948 2927 peccata,
1003 2849 1116 2910 nisi
1167 2847 1487 2927 atljecisset
1538 2856 1596 2909 et
1644 2847 2049 2928 operationem

392 2935 725 2999 boni.Vade
756 2938 823 3000 in
850 2937 1086 3017 pace,id
1125 2947 1235 3012 est,
1274 2938 1388 3000 Fac
1417 2954 1486 2998 ea
1516 2956 1648 3017 qua;
1670 2946 1724 2998 te
1759 2938 1878 2999 Deo
1900 2955 2048 2998 con-

391 3027 623 3089 cilient.

1002 3119 1251 3184 CAPUT
1283 3119 1435 3183 VIII.

2132 2928 2453 2994 ποιήσουσιν
2484 2928 2768 3006 εἶρηνείειν
2798 2928 2930 3006 πρὸς
2962 2927 3093 2983 Θεὸν

2135 1862 2223 1915 καὶ
2278 1858 2606 1936 βουλόμενος
2667 1862 2850 1923 αὐτοῖς
2916 1858 3083 1926 δεῖξαι
3142 1860 3224 1916 ὅτι
3280 1858 3504 1917 ἕκαστον
3546 1861 3582 1926 ἡ
3616 1858 3805 1920 πίστις

2135 1951 2292 2005 αὑτοῦ
2322 1950 2507 2029 σώζει,
2542 1950 2637 2005 οὒκ
2678 1950 2835 2005 εἶπεν
2870 1965 2885 1978 ·
2920 1937 2984 2004 ἐὶ
3030 1950 3204 2027 γύναι,
3251 1946 3359 2026 ἐγώ
3398 1968 3457 2004 σε
3488 1948 3672 2023 σώζω,
3701 1948 3805 2002 ’ἕνα

2136 2040 2215 2114 μὴ
2258 2037 2422 2094 πλέον
2474 2040 2834 2118 φθονήσωσιν,
2880 2035 3026 2114 ἀλλ’,
3077 2040 3110 2106 ἡ
3170 2038 3344 2103 πίστις
3389 2058 3504 2097 σου.
3540 2043 3709 2094 Τοῦτο
3735 2033 3801 2091 δὲ

2138 2129 2319 2202 εἶπεν,
2368 2129 2443 2191 ὡς
2478 2126 2632 2207 ἔφην,
2678 2127 2793 2202 ἅμα
2848 2127 2949 2202 μὲν
3004 2128 3095 2183 τὸν
3152 2128 3340 2205 φθόνον
3371 2123 3586 2181 ἐκείνων
3614 2146 3799 2180 κατα-

2133 2213 2397 2290 στέλλων,
2453 2214 2566 2290 ἅμα
2596 2212 2651 2270 δὲ
2710 2214 2912 2293 ἐνὰγων
2960 2215 3229 2279 κάκείνους
3257 2214 3330 2276 εἷς
3360 2214 3421 2268 τὸ
3479 2220 3792 2288 πιστεῦσαι⁹

2132 2304 2487 2381 Ἐπιγνόντας
2540 2302 2621 2359 ὅτι
2679 2304 2716 2369 η
2756 2306 2931 2368 πίστις
2982 2304 3160 2374 σώζει.
3214 2304 3285 2360 Τὸ
3327 2299 3381 2356 δὲ
3430 2301 3658 2379 Πορεύου
3715 2302 3793 2363 εὶς

2134 2392 2379 2471 εἰρήνην,
2438 2391 2717 2448 τουτέστιν
2776 2394 2851 2454 εἰς
2912 2390 3269 2457 δικαιοσύνην.
3341 2391 3539 2467 Εἰρήνη
3753 2391 3792 2458 ἧ

2134 2478 2471 2553 δικαιοσύνη⁹
2535 2481 2713 2559 ὥσπερ
2791 2482 2827 2549 ἡ
2899 2480 3129 2559 ἁμαρτία
3202 2480 3366 2560 ἔχθρα
3438 2480 3567 2557 πρὸς
3626 2478 3783 2542 Θεόν,

2135 2568 2275 2648 ’Ὅρα
2336 2567 2391 2625 δὲ
2447 2569 2528 2627 ὅτι
2590 2569 2709 2647 μεθ’
2770 2572 2798 2626 ὃ
2854 2569 3058 2649 ἀφῆκεν
3091 2569 3225 2646 αὐτῇ
3252 2571 3346 2631 τὰς
3374 2568 3654 2647 ἁμαρτίας,
3688 2572 3783 2627 οὐκ

2134 2658 2359 2726 ἔστησεν
2429 2660 2595 2728 αὐτὴν
2653 2659 2782 2739 ἄχρι
2836 2664 2937 2726 τῆς
2994 2658 3234 2739 ἀφέσεως
3296 2660 3399 2715 τῶν
3483 2658 3780 2735 ἁμαρτιῶν,

2136 2746 2276 2803 ἀλλὰ
2334 2750 2633 2825 προσέθηκε
2690 2752 2779 2804 καὶ
2838 2747 2938 2815 τὴν
2995 2747 3245 2828 ἐργασίαν
3309 2754 3400 2804 τοῦ
3450 2748 3665 2825 ἀγαθοῦ.
3712 2749 3786 2805 τὸ

2136 2838 2262 2917 γὰρ,
2320 2838 2551 2917 Πορεύου
2594 2839 2667 2903 εἰς
2739 2838 2981 2916 εἰρήνην,
3042 2838 3157 2894 ἀντὶ
3226 2844 3339 2910 τοῦ,
3386 2836 3588 2915 Πράττε
3635 2837 3667 2891 ἃ
3725 2857 3787 2893 σε

3099 2973 3117 3007 ,
3158 2940 3301 2983 νοεῖν
3331 2923 3580 3005 ὀφείλεις,

2766 3115 3023 3170 sema.
3070 3098 3158 3170 θ’.

398 3215 485 3275 De
515 3212 770 3275 muliere
795 3214 1115 3276 Dominum
1146 3222 1425 3293 ungente.
1453 3214 1763 3277 Parabola
1783 3214 1858 3277 de
1876 3216 2051 3276 semi-

2147 3205 2258 3279 [Ιερὶ
2311 3202 2766 3293 τῆηςιίὶλειψάσης
2838 3204 2929 3293 τὸ)⁴
3007 3203 3443 3293 Κύριον-μύρῳ.
3504 3202 3626 3293 Περὶ
3681 3207 3784 3293 τῆς

475 3299 681 3355 nante.
720 3294 801 3354 De
852 3303 1047 3355 matre
1093 3301 1151 3356 et
1187 3293 1487 3372 fratribus
1523 3298 1668 3355 Iesu
1721 3293 2052 3357 volentibus

472 3374 677 3434 videre
702 3391 859 3433 eum.
900 3374 980 3435 De
1024 3376 1445 3453 increpatione
1487 3392 1815 3454 aquarum.
1853 3374 1932 3436 De
1960 3374 2053 3436 le-

471 3455 648 3536 gione
675 3453 1037 3536 dcenwnum.
1074 3454 1158 3515 De
1184 3454 1327 3534 ﬁlia
1356 3457 1655 3535 principis
1676 3454 2046 3536 Synagogaz.

476 3533 557 3594 De
588 3533 1075 3595 haemon/missa.

472 3717 915 3782 Vens.t-3.-Et
935 3718 1151 3781 lactum
1167 3727 1257 3780 est
1274 3718 1580 3798 deinceps,
1606 3717 1807 3798 etipse
1845 3720 1958 3779 iter
1976 3718 2058 3779 fa-

394 3806 588 3869 ciebat
620 3826 729 3887 per
747 3808 1016 3890 singulas
1033 3809 1296 3873 civitates
1318 3817 1376 3869 et
1398 3809 1643 3870 castella
1660 3808 1988 3888 praedicans
2001 3816 2058 3868 et

390 3898 751 3959 annuntians
780 3917 1030 3978 regnum
1054 3898 1185 3978 Dei,
1217 3907 1275 3959 et
1295 3897 1609 3958 duodecim
1639 3916 1772 3957 cum
1808 3897 1931 3977 illo,
1970 3897 2057 3958 si-

398 3988 637 4068 mulque
659 3988 942 4049 mulieres
964 3990 1340 4068 aliquae,quaa
1362 3997 1529 4049 erant
1555 3997 1772 4049 sanatze
1789 4006 1823 4048 a
1840 3987 2059 4067 spiriti-

394 4076 681 4138 busmalis
700 4087 759 4139 et
784 4077 1421 4141 inﬁrmitatibusMaria
1434 4097 1565 4158 quae
1584 4076 2056 4156 vocaturMagda-

398 4165 641 4239 lene,de
660 4185 773 4246 qua
791 4176 1025 4245 septem
1049 4167 1342 4228 daemonia
1358 4169 1499 4228 525
1519 4169 2064 4240 exierant,etJoan—

2212 3283 2522 3365 παραϐολῆς
2607 3284 2701 3340 τοῦ
2740 3363 2751 3365 _
2790 3286 3126 3365 σπείραντος,
3164 3363 3171 3365 Α
3214 3285 3339 3362 Περὶ
3414 3286 3613 3365 μητρὸς
3638 3361 3651 3365 Α
3694 3284 3789 3339 καὶ

2214 3361 2453 3445 ἀδελφῶν
2548 3373 2642 3422 τοῦ
2739 3361 2939 3444 Ἰησοῦ,
3050 3361 3309 3420 θελόντων
3388 3362 3519 3419 ἰδεῖν
3598 3361 3781 3437 αύτόν,

2218 3442 2364 3525 Περι
2423 3445 2521 3511 τῆς
2605 3442 2967 3518 ἐπιτιμήσεως
3052 3452 3158 3501 τῶν
3238 3442 3460 3525 ὑδάτων.
3524 3443 3647 3521 Περὶ
3690 3450 3786 3525 τοῦ

2216 3524 2501 3605 λεγεῶνος,
2562 3527 2687 3594 Περὶ
2750 3529 2851 3605 τῆς
2926 3526 3181 3603 θυγατρὸς
3245 3532 3337 3581 τοῦ
3405 3524 3788 3603 ἀρχισυναγώ-

2214 3604 2333 3684 γού.
2371 3608 2493 3684 Περὶ
2522 3610 2619 3672 τῆς
2656 3604 3069 3683 αἱμορῤοούσης,

2225 3724 2252 3752 ι
2304 3701 2403 3757 Καὶ
2454 3698 2665 3776 ἐγένετο
2724 3696 2779 3753 ἐν
2836 3697 2913 3771 τῷ
2968 3695 3218 3769 καθεξῆς,
3276 3696 3363 3752 καὶ
3391 3696 3545 3758 αὐτὸς
3577 3692 3791 3751 διώδευε

2139 3790 2277 3843 κατὰ
2332 3786 2491 3844 πόλιν
2543 3789 2633 3843 καὶ
2712 3787 2904 3862 κώμην
2962 3788 3239 3865 κηρύσσων
3308 3786 3396 3841 καὶ
3448 3782 3792 3862 εὒαγγελιζό-

2140 3899 2301 3954 pavo;
2363 3880 2460 3945 τὴν
2520 3875 2793 3954 βασιλείαν
2861 3882 2956 3932 τοῦ
3013 3883 3172 3956 Θεοῦ,
3229 3875 3314 3931 καὶ
3370 3875 3417 3931 οἱ
3470 3872 3670 3930 δώδεκα
3698 3875 3793 3931 σὺν

2142 3969 2309 4041 αυτῷ,
2342 3969 2431 4023 καὶ
2466 3965 2717 4045 γυναῖκές
2743 3987 2909 4045 τινες,
2952 3979 3012 4021 ατ
3054 3966 3191 4033 ἦσαν
3218 3962 3654 4043 τεθεραπευμέναι
3683 3963 3793 4019 ἀπὸ

2142 4066 2464 4133 πνευμάτων
2519 4064 2767 4136 πονηρῶν
2826 4058 2915 4114 καὶ
2982 4057 3264 4113 ἀσθενειῶν
3296 4074 3313 4091 ⁶
3361 4056 3531 4134 Μαρία
3602 4055 3637 4122 ἡ
3682 4076 3793 4110 κα-

2147 4148 2380 4222 λουμένη
2443 4145 2799 4224 Μαγδαληνὴ,
2855 4144 2947 4225 ἀφ’
2988 4146 3055 4214 ἧς
3113 4144 3361 4222 δαιμόνια
3415 4144 3549 4201 ἑπτὰ
3601 4142 3794 4209 ἐξελη-

392 4272 467 4315 na
490 4274 637 4316 uxor
659 4231 878 4318 (illum;
896 4256 1298 4337 procuratoris
1327 4256 1678 4336 Herodis,et
1703 4255 2054 4329 Suzanna,et

2147 4237 2313 4311 λύθει,
2371 4239 2459 4294 καὶ
2524 4236 2743 4294 Ἰωάννα
2794 4235 2927 4313 γυνὴ
2977 4241 3148 4306 Χουζᾶ
3202 4234 3488 4314 ἐπιτρόπου
3538 4231 3791 4312 Ἡρώδου,

392 4344 520 4404 aliaa
534 4344 873 4425 multaaquze
890 4344 1307 4407 ministrabant
1323 4348 1373 4407 ei
1388 4346 1463 4407 de
1480 4344 1855 4407 facultatibus
1871 4346 2056 4408 suis.»

2145 4331 2233 4384 καὶ
2292 4328 2573 4399 Σωσάννα,
2621 4329 2708 4381 καὶ
2751 4324 2923 4404 ἕτεραι
2983 4323 3202 4404 πολλαὶ,
3237 4325 3297 4379 αῗ
3345 4345 3483 4388 τινες
3520 4321 3797 4389 διηκόνων

393 4431 502 4503 Qui
521 4414 1167 4495 cmlitusdescenderat
1185 4443 1245 4495 ut
1269 4434 1456 4513 ﬁgura
1480 4443 1538 4496 et
1556 4434 1860 4514 exemplar
1875 4434 2043 4496 ﬁeret

2147 4421 2270 4497 ι’3τῴ
2302 4421 2410 4474 απὸ
2467 4423 2574 4473 τῶν
2622 4416 2974 4495 ὅπαρχόντων
3018 4419 3233 4479 αὐταῖς.
3270 4437 3301 4469 ι
3342 4414 3627 4490 Οὖρανόθεν
3655 4434 3792 4468 κατ-

392 4520 641 4582 nobisin
662 4522 1144 4595 omnibus,docet
1163 4542 1270 4585 nos
1288 4543 1363 4585 ne
1381 4527 1527 4604 pigri
1542 4524 1732 4585 simus
1750 4526 1822 4584 ad
1842 4523 2056 4585 docen—

392 4611 669 4683 dum,sed
690 4612 1127 4674 circumeamus
1146 4631 1252 4693 per
1271 4615 1470 4674 omnia
1495 4612 1648 4686 loca,
1676 4621 1739 4672 ut
1765 4612 2057 4692 prazdice-

391 4718 523 4761 mus
554 4700 944 4782 Quaecunque
968 4702 1127 4763 enim
1150 4702 1383 4764 fecit.in
1408 4701 1881 4763 admonitionem
1912 4722 2059 4765 nos-

390 4789 465 4850 tri
486 4788 927 4852 fecit.Transiit
947 4792 1150 4872 itaque
1177 4810 1281 4872 per
1299 4792 1561 4871 singulas
1584 4791 1854 4852 civitates
1877 4800 1935 4853 et
1956 4812 2059 4854 ca-

386 4898 415 4937 s
435 4878 605 4959 tella,
632 4878 1073 4961 duodecimque
1092 4882 1412 4961 discipulos
1434 4900 1636 4941 secum
1661 4880 1916 4942 ducebat
1942 4901 2060 4943 non

392 4975 456 5027 ut
484 4967 521 5027 d
537 4978 787 5029 ocerent
810 4969 1023 5049 (a),vel
1055 4970 1582 5051 pr*dicarent,sed
1606 4977 1665 5031 ut
1689 4968 1762 5031 ab
1788 4970 1915 5047 ipso
1936 4972 2063 5032 ins-

407 5064 843 5131 truerentur,ac
862 5059 1347 5140 edocerentur,et
1369 5080 1437 5121 ex
1458 5060 1526 5120 iis
1548 5077 1677 5139 qum
1698 5059 1973 5135 faciebat,
2006 5069 2065 5122 et

394 5163 468 5204 ex
500 5144 574 5203 iis
594 5163 725 5223 qua:
747 5146 1007 5210 dicebat.
1030 5151 1213 5211 Porro
1245 5148 1599 5229 praedicabat
1626 5150 1911 5209 Dominus
1943 5168 2061 5209 non

400 5234 555 5297 bona
588 5243 849 5318 terrena,
868 5239 973 5300 sed
995 5258 1241 5317 regnum
1266 5240 1659 5302 cmlorum.Et
1680 5258 1855 5319 quem
1882 5240 2061 5301 alium

400 5324 697 5385 decuisset
716 5328 1043 5407 praedicare
1064 5348 1531 5410 superna.quam
1548 5330 1794 5401 eumqui
1815 5349 1846 5389 e
1862 5347 2067 5409 super-

405 5411 498 5472 nis
534 5412 875 5475 descendit?
906 5416 1132 5479 Idcirco
1182 5427 1241 5483 et
1282 5417 1479 5478 nullus
1511 5418 1929 5498 prophetarum
1962 5437 2065 5479 re—

399 5518 583 5581 gnum
608 5501 896 5565 ctelorum
918 5505 1430 5586 praedicavitQuaz
1447 5505 1607 5569 enim
1626 5524 1745 5568 non
1770 5506 2067 5585 viderant,

490 5662 577 5743 (α)
608 5662 766 5728 Edit.
802 5666 931 5729 Lut.
962 5666 1259 5744 cohibuit,
1293 5684 1365 5731 ne
1392 5667 1701 5733 docerent.

2140 4509 2328 4582 ελθὼν,
2387 4508 2484 4563 ἵνα
2536 4507 2701 4569 τύπος
2744 4508 2882 4579 ἡμῖν
2923 4502 2977 4560 ἐν
3020 4511 3150 4560 πᾶσι
3194 4505 3281 4561 καὶ
3329 4504 3678 4583 ὑπογραμμὸς
3709 4500 3798 4579 γέ-

2143 4622 2327 4674 νηται,
2384 4596 2616 4654 διδάσκει
2703 4598 2848 4670 ἡμᾶς
2908 4594 2987 4662 μὴ
3060 4606 3343 4651 κατοκνεῖν
3399 4595 3471 4656 εἰς
3530 4593 3592 4648 τὺ
3648 4589 3798 4647 διδά-

2143 4713 2320 4771 σκειν,
2367 4687 2504 4744 ἀλλὰ
2568 4686 2745 4742 πάντα
2806 4688 2970 4741 τόπον
3025 4682 3288 4763 περιϊέναι
3343 4684 3445 4771 καὶ,
3488 4681 3800 4771 κηρύσσειν,

2148 4769 2314 4839 ’Ὀσα-
2359 4779 2459 4856 γὰρ
2519 4776 2715 4855 ἐποίει,
2804 4775 2876 4837 εἰς
2960 4774 3229 4832 νουθεσίαν
3284 4770 3545 4850 ἡμετέραν
3608 4769 3800 4830 ἐποίει.

2150 4868 2376 4927 Διώδευε
2423 4867 2597 4925 τοίνυν
2655 4867 2827 4921 πᾶσαν
2871 4862 3030 4919 πόλιν
3087 4863 3177 4918 καὶ
3229 4862 3420 4937 κώμην
3448 4875 3463 4890 ⁸
3538 4860 3625 4915 καὶ
3678 4860 3800 4922 τοὺς

2144 4958 2348 5017 δώδεκα
2409 4955 2463 5012 δὲ
2499 4955 2742 5030 μαθητὰς
2787 4954 3142 5031 συνεπήγετο,
3173 4955 3234 5010 ού
3277 4948 3643 5023 διδάσκοντας,
3684 4945 3801 5005 ούδέ

2146 5050 2535 5121 κηρύσσοντας,
2593 5042 2732 5100 ἀλλὰ
2788 5041 3249 5117 μαθητευομένους
3327 5044 3455 5117 παρ’
3503 5038 3659 5095 αύτοῦ
3712 5038 3799 5093 καὶ

2147 5137 2553 5213 διδασκομένους
2609 5132 2699 5214 ἀφ’
2742 5136 2817 5189 ὧν
2860 5153 2917 5187 τε
2966 5131 3159 5206 ἐποίει,
3204 5129 3293 5211 ἀφ’
3350 5132 3425 5183 ὧν
3480 5150 3537 5185 τε
3592 5125 3798 5205 ἔλεγεν,

2150 5226 2443 5306 Ἐκῆρυσσε
2486 5223 2541 5279 δὲ
2569 5225 2597 5280 ὀ
2644 5224 2829 5300 Κὺριος
2890 5221 2951 5276 ού
3010 5222 3076 5276 τα
3124 5221 3293 5298 ἀγαθὰ
3334 5223 3430 5285 τῆς
3478 5223 3606 5296 γῆς,
3662 5214 3799 5271 ἀλλὰ

2149 5321 2248 5388 τὴν
2292 5304 2577 5394 βασιλείαν
2635 5319 2741 5369 τῶν
2789 5312 3045 5389 ούρανῶν,
3107 5310 3234 5368 Τίνα
3288 5310 3387 5387 γὰρ
3418 5306 3579 5363 ἄλλον
3607 5304 3799 5382 ἔπρεπε

2152 5412 2218 5466 τὰ
2261 5409 2371 5463 ἄνω
2400 5406 2703 5485 κηρύττειν,
2755 5403 2798 5457 εί
2859 5407 2937 5475 μὴ
2968 5404 3060 5457 τὸν
3091 5399 3287 5457 ἄνωθεν
3317 5398 3610 5479 ἐρχόμενον
3640 5412 3658 5471 ς
3709 5395 3799 5450 Διὸ

2155 5498 2320 5566 οὕδςὶς
2383 5484 2491 5555 τῶν
2550 5500 2839 5573 προφητῶν
2906 5489 3180 5568 βασιλείαν
3250 5488 3495 5570 ἐκήρυξεν
3545 5484 3795 5565 σὸρανῶν.
