4116 6212
335 365 456 433 797

1066 369 1507 432 ENARRATIO
1554 370 1633 431 IN
1679 367 2184 431 EVANGELIUM
2233 368 2468 428 LITCXE.
2508 401 2587 411 —
2632 368 2793 429 CAP.
2844 364 3002 430 VIII.

3601 357 3719 423 798

341 486 382 516 ι*
1793 508 1798 513 .
1980 500 1981 506 ‘

377 515 422 563 A
454 506 555 584 γὰρ
606 508 699 562 οὐκ
741 504 913 585 εἶδον,
958 510 1071 568 πῶς
1117 502 1179 559 ἂν
1223 500 1527 582 ἐκήρυξαν;
1590 502 1687 558 Διά
1715 509 1866 558 τοῦτο
1910 522 1977 555 κα

2079 515 2195 577 quo
2230 505 2397 577 pacto
2430 497 2903 579 prmdicassent?
2932 502 3253 580 Propterea
3282 503 3339 562 et
3377 501 3718 561 Praecursor

332 597 363 651 6
396 593 703 674 Πρόδρομος
737 594 937 673 ἔλεγεν
979 585 1037 651 Ὀ
1067 594 1140 650 ὢν
1172 592 1233 649 ἐκ
1260 598 1359 659 τῆς
1390 594 1515 669 γῆς,
1550 592 1611 647 ὲκ
1631 592 1724 659 τῆς
1754 592 1855 669 γῆς
1887 589 1988 646 λα-

334 682 448 745 λεῖ,
483 674 541 741 Ὀ
571 681 627 740 δὲ
648 682 844 742 ἄνωθεν
874 682 1189 762 ἐρχόμενος,
1222 682 1249 737 ὃ
1280 682 1481 759 ἑώρακε
1512 693 1790 759 μαρτυρεῖ.
1826 677 1993 736 Ἠκο-

334 770 554 828 λούθουν
583 770 638 828 δὲ
680 776 824 845 αὐτῷ
878 773 965 829 καὶ
1021 783 1295 848 γυναῖκες,
1353 768 1446 825 ἵνα
1477 768 1728 844 μάθωμεν
1757 771 1829 832 ὡς
1875 765 1989 824 οὒδὲ

333 863 397 917 τὸ
417 860 548 929 θῆλυ
577 860 834 918 κωλύεται
861 862 962 917 ὑπὸ
992 865 1090 926 τῆς
1126 860 1391 923 ἀσθενείας
1423 858 1734 915 ἀκολουθεῖν
1765 866 1840 933 τῷ
1868 865 1991 936 Χρι-

334 961 465 1024 στῷ,
505 950 643 1029 ’Ὅρα
672 948 727 1006 δὲ
755 956 871 1012 πῶς
903 951 992 1006 καὶ
1020 948 1267 1005 πλούσιαι
1298 951 1444 1004 οὖσαι
1469 946 1616 1022 ὅμως
1646 947 1819 1004 πάντα
1849 969 1987 1025 παρ-

330 1037 504 1118 εἶδον,
550 1041 639 1095 καὶ
681 1040 780 1105 τὴν
824 1038 906 1095 διὰ
951 1039 1177 1115 Χριστὸν
1217 1039 1307 1093 καὶ
1372 1037 1506 1112 μετά
1568 1039 1793 1114 Χριστοῦ
1837 1059 1988 1092 πτω-

330 1131 492 1207 χείαν
524 1128 759 1191 εἴλοντο,
811 1118 938 1185 ”Οτο
999 1128 1099 1205 γὰρ
1143 1124 1390 1182 πλούσιαι
1419 1126 1581 1196 ἦσαν,
1620 1123 1774 1181 ἄκούε
1806 1144 1817 1157 ⁸
1858 1116 1989 1182 ’Ὀτι

328 1216 612 1284 διηκόνουν
667 1220 746 1291 τῷ
816 1216 984 1295 Κυρίῳ
1040 1216 1146 1271 ἀπὸ
1230 1220 1335 1271 τῶν
1391 1214 1742 1293 ὑπαρχόντων
1800 1216 1989 1279 αὐταῖς

327 1309 422 1365 καὶ
468 1310 562 1366 οὒκ
590 1307 696 1364 ἀπὸ
740 1306 897 1372 ξένων
941 1306 1240 1384 χρημάτων
1292 1305 1380 1361 καὶ
1427 1302 1641 1360 ἀδικιῶν
1672 1306 1744 1367 ὡς
1774 1303 1985 1360 πολλοὶ.

328 1398 407 1455 T6
451 1395 529 1477 δὲ,
562 1396 651 1476 ἀφ’
706 1397 770 1464 ἧς
804 1393 1104 1462 ἐξεληλύθει
1136 1392 1381 1469 δαιμόνια
1426 1394 1585 1472 ὲπτά,
1619 1394 1759 1455 τινὲς
1805 1392 1901 1468 μὲν
1932 1394 1991 1448 τὸ

326 1485 508 1543 πο)λά
561 1495 762 1547 νοοῦσι.
812 1485 960 1563 Παρά
1014 1490 1082 1559 τῇ
1156 1488 1338 1562 Γραφῇ
1393 1483 1493 1561 γὰρ
1559 1483 1621 1538 τὸ
1675 1482 1834 1554 ἑπτά,
1880 1477 1991 1538 ἀντὶ

326 1578 424 1634 τοῦ
480 1573 680 1655 πολλὰ,
741 1570 1157 1649 ἒκλαμϐάνεται.
1187 1572 1345 1651 Τάχα
1376 1570 1430 1627 δέ
1478 1593 1560 1634 τις
1600 1569 1747 1627 εἴποι
1792 1571 1877 1652 ἂν,
1910 1572 1989 1627 ὃτι

326 1664 511 1742 ὥσπερ
572 1666 697 1721 εἰσὶν
742 1663 877 1719 ἑπτά
920 1663 1196 1737 πνεύματα
1239 1660 1339 1728 τῆς
1385 1660 1603 1739 ἀρετῆς,
1664 1658 1830 1725 οὕτως
1863 1662 1989 1717 εἰσὶν

326 1754 393 1810 ἐκ
446 1760 539 1810 τοῦ
595 1753 829 1809 ἒναντίου
890 1751 1025 1807 ἐπτά
1080 1750 1357 1825 πνεύματα
1428 1755 1525 1816 τῆς
1595 1750 1807 1813 κακίας,
1854 1750 1988 1807 Οῖόν

326 1841 443 1898 ἔστι
502 1847 709 1917 πνεῦμα
793 1837 957 1920 φόϐου
1048 1846 1202 1912 Θεοῦ,
1282 1837 1423 1895 ἔστιν
1480 1838 1541 1896 ἐκ
1594 1845 1688 1895 τοῦ
1758 1838 1989 1894 ἐναντίου

326 1937 539 2006 πνεῦμα
594 1928 815 2009 ἀφοϐίας
862 1937 1015 2004 Θεοῦ,
1081 1930 1195 1984 ἔστι
1257 1927 1463 2002 πνεῦμα
1518 1928 1800 2007 συνέσεως,
1848 1926 1988 1983 ἔστιν

328 2020 689 2101 ἀιτιστρόφως
776 2026 985 2095 πνεῦμα
1070 2016 1369 2087 ἀσυνεσίας,
1443 2018 1531 2072 καὶ
1604 2014 1848 2082 καθεξῆς.
1929 2018 1988 2073 Εἰ

328 2110 410 2185 μὴ
466 2116 591 2187 γοῦν
649 2106 935 2177 ἐκϐληθείη
993 2108 1060 2165 τὰ
1130 2107 1266 2163 ἐπτά
1338 2113 1503 2162 ταῦτα
1559 2106 1831 2180 πνεύματα
1888 2110 1985 2172 τῆς

325 2198 515 2263 κακίας
571 2198 677 2255 ἀπὸ
726 2203 833 2264 ’τῆς
876 2202 1089 2276 ψυχῆς,
1152 2198 1210 2252 οὐ
1268 2193 1479 2251 δύναταί
1536 2215 1616 2257 τις
1676 2192 1985 2251 ἀκολουθεῖν

325 2292 405 2360 τῷ
450 2294 681 2365 Χριστῷ.
749 2296 844 2344 Δεῖ
895 2287 996 2365 γὰρ
1040 2282 1293 2341 ἓκϐαλεῖν
1344 2288 1552 2362 πρῶτον
1583 2284 1674 2339 τὸν
1719 2288 1980 2359 Σατανᾶν,

326 2377 417 2432 καὶ
445 2375 610 2439 οὕτως
638 2379 889 2434 ἓνοικίσαι
924 2377 1015 2433 τὸν
1061 2374 1307 2454 Χριστόν.

416 2488 441 2520 α
477 2466 753 2530 Συνιόντος
811 2463 865 2521 δὲ
909 2463 1081 2545 ὄχλου
1124 2461 1345 2535 πολλοῦ,
1405 2462 1492 2518 καὶ
1522 2467 1625 2517 τῶν
1658 2462 1795 2518 κατὰ
1824 2460 1980 2518 πόλιν

331 2554 793 2630 ἐπιπορευομένων
848 2556 981 2634 πρὸς
1040 2554 1218 2628 αὺτὸν,
1278 2557 1399 2609 εἷπε
1473 2549 1554 2608 διὸ
1616 2548 1926 2628 παραϐολῆς
1961 2569 1975 2584 ⁸

328 2643 582 2711 Ἐξῆλθεν
635 2647 663 2701 6
720 2645 948 2722 σπείρων
994 2650 1087 2701 τοῦ
1157 2656 1375 2721 σπεῖραι
1431 2643 1522 2697 τὸν
1565 2642 1761 2720 σπόρον
1798 2643 1974 2699 αὗτοῠ,

323 2731 431 2794 Καὶ
488 2733 542 2789 ἐν
599 2740 675 2808 τῷ
733 2735 965 2812 σπείρειν
1025 2733 1205 2811 αὖτὸν,
1270 2733 1297 2787 ὃ
1347 2731 1444 2806 μὲν
1488 2730 1645 2786 ’έπεσε
1689 2731 1830 2808 παρά
1882 2734 1982 2797 τὴν

322 2821 467 2897 ὁδὸν,
531 2824 619 2880 καὶ
674 2823 1044 2895 κατεπατήθη,
1117 2823 1206 2877 καὶ
1254 2821 1316 2877 τὰ
1387 2821 1601 2877 πετεινά
1641 2820 1736 2876 τοῦ
1764 2819 1982 2898 οὖραίοῦ

320 2913 623 2994 κατέφαγεν
653 2912 780 2969 αὗτό
808 2929 821 2942 ⁶
859 2913 949 2969 καὶ
1003 2911 1180 2990 ἕτερον
1242 2910 1429 2967 ἔπεσεν
1489 2909 1574 2966 ἐπὶ
1617 2909 1715 2975 τὴν
1760 2910 1982 2987 πέτραν,

319 3004 408 3058 καὶ
451 3009 575 3083 φυὲν
628 3000 886 3078 ἐξηράνθη
941 2999 1027 3056 διὰ
1082 3002 1144 3057 τὸ
1204 3000 1282 3074 μὴ
1370 2998 1520 3079 ἔχειν
1576 2995 1771 3073 ἰκμάδα
1806 3016 1821 3030 ·
1893 2995 1980 3053 καὶ

320 3091 500 3171 ἕτερον
531 3090 718 3147 ἔπεσεν
790 3091 845 3147 ἐν
903 3090 1054 3165 μέσῳ
1109 3092 1214 3145 τῶν
1245 3091 1506 3168 ἀκανθῶν,
1539 3089 1627 3144 καὶ
1659 3095 1979 3167 συμφυεῖσαι

2075 585 2344 649 dicebat:
2373 588 2579 661 Quide
2604 596 2760 650 terra
2780 588 2975 665 est,de
3024 597 3184 651 terra
3210 588 3475 670 loquitur
3504 607 3519 648 :
3553 587 3652 668 qui
3682 605 3714 647 e

2074 676 2351 756 supernis
2380 677 2560 758 venit,
2599 677 2714 758 qod
2746 678 2891 739 vidit
2940 686 3206 742 testatur.
3259 681 3487 741 Secutae
3518 685 3713 738 autem

2073 775 2209 826 sunt
2237 784 2374 826 eum
2408 766 2718 843 mulieres,
2753 768 3029 830 utdiscas
3051 769 3209 848 quod
3236 787 3431 848 neque
3463 766 3715 829 feminas

2072 873 2180 916 sua
2208 854 2522 918 inﬁrmitas
2552 874 2585 917 a
2615 857 2900 919 comitatu
2952 857 3170 921 Christi
3204 857 3531 939 prohibeat.
3565 855 3714 917 Vide

2073 942 2215 1005 item
2244 950 2543 1026 quomodo
2578 954 2635 1007 et
2663 966 2797 1026 quae
2826 947 3040 1010 divites
3074 958 3263 1026 erant,
3295 946 3571 1009 omnibus
3600 962 3711 1008 ne-

2073 1032 2282 1111 glectis
2333 1043 2742 1115 paupertatem
2802 1056 2934 1099 cum
2969 1037 3202 1099 Christo
3257 1047 3314 1099 et
3344 1057 3448 1118 pro
3480 1034 3713 1098 Christo

2074 1122 2434 1200 delegerint.
2471 1126 2617 1187 Nam
2651 1125 2806 1206 quod
2852 1126 3064 1190 divites
3094 1128 3342 1203 fuerint,
3374 1126 3537 1207 audi,
3568 1124 3716 1197 Quia

2074 1211 2494 1275 ministrarunt
2525 1214 2777 1277 Domino
2810 1216 2885 1278 de
2914 1217 3289 1279 facultatibus
3318 1217 3462 1295 suis,
3487 1233 3605 1276 non
3640 1214 3714 1274 de

2071 1301 2285 1363 olienis
2302 1302 2515 1383 opibus
2535 1313 2592 1366 et
2615 1305 2834 1385 injuste
2862 1308 3159 1387 partis,uti
3178 1307 3343 1368 multi
3367 1305 3713 1368 soleutJam

2076 1408 2181 1471 per
2210 1400 2437 1471 septem
2468 1393 2781 1470 daemonia,
2818 1415 2947 1475 qua:
2994 1396 3071 1459 de
3103 1396 3205 1458 illa
3234 1396 3425 1477 ejecta
3450 1395 3712 1466 fuerunt,

2074 1479 2317 1559 quidam
2344 1480 2682 1559 intelligunt
2722 1485 2923 1549 multa.
2959 1485 3023 1547 In
3056 1486 3380 1567 Scripturis
3408 1487 3565 1549 enim
3609 1502 3715 1563 pro

2075 1568 2275 1629 multis
2299 1578 2529 1649 septem
2553 1572 2744 1653 accipi
2763 1576 2936 1637 solet.
2970 1575 3260 1637 Fortassis
3278 1583 3475 1637 autem
3500 1572 3717 1635 dixerit

2072 1658 2224 1738 quis,
2258 1660 2413 1739 quod
2448 1662 2595 1722 sicut
2623 1670 2760 1723 sunt
2792 1672 3021 1744 septem
3055 1664 3297 1745 spiritus
3340 1663 3593 1743 virtutis,
3636 1664 3716 1723 ita

2072 1753 2210 1809 sunt
2237 1765 2269 1807 e
2290 1747 2522 1809 diverso
2545 1759 2773 1830 septem
2798 1752 3042 1832 spiritus
3064 1752 3327 1822 malitiae;
3349 1760 3411 1814 ut
3440 1753 3592 1814 sicut
3624 1760 3715 1813 est

2072 1833 2317 1917 spiritus
2349 1837 2579 1899 timoris
2609 1839 2736 1913 Dei,
2765 1840 2843 1901 ita
2867 1849 2931 1902 ut
2962 1860 2994 1903 e
3026 1841 3261 1903 diverso
3290 1841 3530 1922 spiritus
3562 1859 3710 1901 con—

2072 1933 2326 2008 temptus
2355 1924 2463 1987 Dei
2494 1938 2550 1989 et
2579 1928 2923 2009 impietatis.
2952 1932 3055 1993 Est
3076 1930 3321 2010 spiritus
3350 1931 3708 2001 intellectus,

2070 2023 2213 2077 este
2239 2016 2472 2080 diverso
2500 2020 2745 2099 spiritus
2771 2021 3152 2085 hebetudinis
3171 2022 3475 2084 intellectu
3497 2041 3710 2084 caren-

2071 2106 2235 2181 tis,et
2265 2110 2350 2171 sic
2374 2110 2449 2173 de
2471 2112 2838 2194 aliis.ltaque
2864 2114 2977 2175 nisi
2996 2115 3309 2195 ejiciantur
3328 2121 3555 2194 septem
3581 2112 3708 2191 Spi-

2067 2196 2219 2259 ritus
2279 2200 2520 2263 malitiaa
2575 2201 2650 2264 ab
2699 2205 2920 2275 anima,
2975 2222 3093 2265 non
3153 2211 3349 2284 potest
3381 2202 3513 2283 quis
3542 2199 3709 2279 sequi

2068 2286 2387 2350 Christum.
2424 2288 2672 2368 Oportet
2701 2292 2860 2354 enim
2896 2293 3150 2372 primum
3181 2290 3319 2373 ejici
3348 2292 3707 2368 daamonem,

2068 2383 2125 2436 et
2157 2384 2299 2439 tunc
2321 2378 2656 2442 inhabitare
2686 2379 3007 2446 Christum.

2068 2457 2431 2523 VEns.4-10.
2448 2486 2465 2514 ι
2482 2460 2627 2523 Cum
2647 2470 2842 2524 autem
2869 2462 3039 2524 turba
3058 2462 3314 2544 plurima
3336 2460 3705 2534 conveniret,

2065 2553 2120 2607 et
2134 2564 2166 2607 e
2179 2546 2425 2627 singulis
2442 2549 2776 2613 civitatibus
2795 2570 2898 2632 pro
2908 2553 3265 2632 perarentad
3280 2549 3593 2623 eum,dixit
3609 2567 3710 2628 per

2064 2633 2708 2701 similitudineszxiit
2721 2641 2815 2721 qui
2832 2650 3158 2702 sementem
3174 2639 3518 2702 faciebatad
3533 2639 3711 2701 semi-

2064 2724 2326 2787 nandum
2358 2745 2563 2789 semen
2595 2747 2764 2790 suum
2800 2748 2815 2787 :
2849 2736 2909 2790 et
2930 2729 3083 2790 inter
3100 2728 3706 2800 seminandum,aliud

2066 2813 2286 2876 cecidit
2316 2815 2475 2877 circa
2504 2818 2681 2897 viam,
2713 2826 2768 2879 et
2799 2818 3207 2880 conculcatum
3242 2824 3419 2898 est,et
3439 2817 3708 2879 volucres

2063 2902 2196 2965 ειειί
2211 2904 2603 2967 comederunt
2618 2906 2929 2969 illud.Etal
2943 2907 3040 2968 iud
3055 2906 3268 2968 cecidit
3283 2923 3466 2986 super
3479 2913 3703 2985 petram

2064 3006 2122 3053 et
2153 3001 2391 3053 enatum
2420 2996 2594 3075 aruit,
2627 2994 2764 3076 quia
2811 3014 2929 3056 non
2980 2993 3237 3057 habebat
3266 2996 3605 3056 humorem.
3639 2993 3710 3054 Et

2038 3080 2221 3142 aliud
2273 3081 2491 3143 cecidit
2538 3083 2691 3145 inter
2747 3086 2970 3164 spinas,
3007 3092 3064 3146 et
3094 3083 3270 3147 simul
3302 3091 3489 3145 enata;
3520 3083 3706 3163 spina;

322 3184 372 3237 αἱ
414 3170 634 3237 ἄκανθαι
693 3179 982 3245 ἀπέπνιξαν
1041 3179 1191 3240 αὒτό.
1260 3179 1359 3237 Καὶ
1422 3176 1601 3257 ἕτερον
1661 3175 1845 3232 ἔπεσεν
1904 3176 1977 3237 εἷς

2065 3170 2499 3233 suifocaverunt
2526 3171 2698 3237 illud.
2735 3172 2803 3235 Et
2831 3173 2991 3235 aliud
3023 3172 3239 3235 cecidit
3267 3173 3329 3234 in
3362 3180 3579 3235 terram
3603 3171 3708 3233 bo-

324 3268 424 3337 τῆν
458 3274 561 3347 γῆν
591 3270 692 3336 τὴν
748 3269 977 3348 ἀγαθὴν,
1032 3269 1119 3324 καὶ
1170 3268 1295 3348 φυὲν
1342 3265 1790 3348 εποίησεῄκαρπὸν
1847 3264 1978 3320 ἐκα-

320 3356 768 3415 τονταπλασίονα.
813 3359 987 3416 Ταῦτα
1030 3354 1225 3435 λέγων,
1287 3355 1500 3435 ἐφώνει,
1564 3345 1621 3412 Ὀ
1666 3352 1810 3433 ἔχων
1867 3356 1980 3409 ὦτα

320 3447 554 3522 ἀκούειν,
615 3447 875 3508 ἀκουέτω.
940 3445 1269 3523 Ἐπηρώτων
1312 3443 1369 3501 δὲ
1433 3446 1591 3501 αὐτὸν
1642 3447 1688 3500 οἱ
1748 3437 1978 3519 μαθηταὶ

320 3538 498 3615 minui”),
549 3536 820 3615 λέγοντες.
880 3536 961 3599 τίς
1018 3535 1110 3602 εἴη
1172 3537 1207 3603 ἡ
1261 3532 1541 3613 παραϐολὴ
1598 3534 1775 3609 αὒτη;
1822 3523 1879 3589 Ὀ
1924 3530 1978 3587 δὲ

321 3625 474 3682 εἴπεν
508 3640 523 3657 ’
573 3616 731 3701 ιΥμῖν
794 3622 999 3681 δέδοται
1044 3630 1241 3701 γνῶναι
1272 3625 1339 3680 τὰ
1382 3624 1646 3701 μυστήρια
1690 3626 1787 3688 τῆς
1817 3623 1974 3697 βασι-

320 3713 461 3779 λείας
516 3723 610 3771 τοῠ
658 3723 812 3789 Θεοῦ,
872 3728 994 3778 τοῖς
1052 3712 1107 3770 δὲ
1154 3712 1369 3777 λοιποῖς
1401 3713 1455 3769 ἐν
1499 3710 1855 3791 παραϐολαῖς,
1885 3711 1977 3766 ἵνα

320 3803 603 3879 βλέποντες
664 3804 741 3878 μὴ
808 3802 1067 3881 βλέπωσι,
1151 3804 1243 3858 καὶ
1297 3802 1579 3865 ἀκούοντες
1645 3801 1721 3875 μὴ
1783 3806 1975 3856 συνιῶ-

323 3915 425 3951 σιν.
468 3917 491 3946 ιι
558 3882 739 3963 ’Ὅπερ
770 3893 924 3949 εἶπεν
970 3895 997 3948 6
1047 3890 1212 3948 Δαυίδ
1257 3890 1423 3947 πάλαι
1456 3890 1509 3946 ἐν
1541 3891 1811 3967 προσώπῳ
1844 3896 1977 3967 Χρι-

320 3990 465 4057 στοῦ,
513 3981 669 4039 τοῦτο
726 3989 812 4038 νῦν
843 3979 1019 4048 ἐξέϐη.
1056 3978 1276 4047 Ἀνοίξω
1305 3982 1431 4059 γὰρ,
1477 3982 1658 4058 φησὶν,
1695 3978 1748 4035 ἐν
1800 4001 1971 4058 παραυ

321 4068 506 4134 ϐολαῖς
559 4071 620 4126 τὸ
677 4071 851 4146 στόμα
910 4092 1032 4144 μου.
1105 4069 1401 4147 Φθέγγεται
1474 4070 1646 4125 τοίνυν
1717 4071 1745 4124 6
1792 4069 1979 4148 Κύριος

322 4158 689 4239 παραϐολικῶς
735 4158 822 4214 διὰ
882 4158 1056 4215 πολλὰ
1094 4178 1105 4189 ·
1177 4161 1263 4214 καὶ
1304 4158 1399 4214 ’ἱνα
1454 4159 1553 4235 γὰρ
1609 4178 1978 4235 προσεκτικω-

322 4249 497 4327 τέρους
557 4251 760 4325 ποιήσῃ
804 4250 925 4314 τοὺς
990 4248 1305 4325 ἀκούοντας,
1369 4248 1458 4303 καὶ
1520 4245 1750 4325 διεγείρῃ
1795 4246 1977 4309 αὐτοῖς

320 4341 409 4396 τὸν
442 4340 564 4395 νοὺν
608 4339 681 4401 εἰς
741 4340 966 4409 ζήτησιν
1024 4345 1129 4393 τῶν
1177 4336 1501 4415 λεγομένων.
1554 4335 1823 4410 Εἷώθαμεν
1879 4336 1979 4413 γὰρ

322 4430 367 4485 οἱ
423 4427 685 4507 ἅνθρωποι
750 4428 817 4482 τὰ
871 4427 969 4499 μὲν
1015 4433 1300 4489 σκοτεινῶς
1370 4423 1633 4503 λεγομένα
1692 4424 1979 4503 περιεργά-

320 4521 518 4596 ζεσθαι,
576 4518 643 4572 τὰ
699 4514 754 4572 δὲ
813 4516 956 4594 σαφῆ
1014 4518 1353 4594 περιφρονεῖν
1396 4533 1410 4549 ⁸

321 4613 424 4661 τῶν
483 4602 865 4682 μυστηριωδὼς
939 4603 1244 4681 λεγομένων
1316 4604 1394 4679 μὴ
1471 4603 1793 4662 έπακούωσι.
1874 4602 1974 4660 Και

324 4692 404 4750 διὰ
455 4694 632 4751 πολλὰ
676 4693 813 4749 ἄλλα
857 4695 911 4749 ἐν
973 4691 1308 4772 παραϐολαῖς
1367 4692 1674 4772 φθέγγεται.
1730 4690 1977 4755 Ἐξῆλθεν

328 4783 412 4839 οὖν
455 4786 482 4840 6
540 4784 792 4862 σπείρων,
839 4782 1128 4854 τουτέστιν,
1179 4784 1207 4837 6
1264 4783 1383 4845 Υἱὸς
1428 4788 1519 4837 τοῦ
1578 4788 1708 4837 Θεοῦ
1768 4779 1979 4847 ἐξῆλθεν

329 4872 383 4928 ὲκ
441 4879 546 4929 τῶν
618 4870 835 4927 κόλπων
884 4878 990 4927 τῶν
1048 4871 1350 4950 Πατρικῶν,
1411 4872 1500 4927 καὶ
1558 4869 1665 4926 ἀπὸ
1707 4875 1806 4936 τῆς
1849 4891 1980 4947 κρυ-

326 4962 574 5042 φιότητος
624 4963 804 5029 αὐτοῦ,
868 4962 955 5016 καὶ
1014 4960 1257 5039 ἐμφανὴς
1312 4960 1546 5039 ἐγένετο.
1599 4961 1687 5022 Τίς
1719 4957 1772 5015 δὲ
1818 4957 1976 5026 ἐξῆλ-

324 5056 403 5108 θεν
440 5070 456 5127 ;
508 5043 565 5109 Ὀ
596 5051 676 5107 ἀεὶ
707 5050 958 5128 σπείρων.
1015 5054 1087 5108 Οὔ
1138 5050 1359 5106 παύεται
1390 5050 1490 5128 γὰρ
1519 5052 1546 5105 6
1584 5049 1699 5112 Υἱὸς
1724 5055 1816 5105 τοῦ
1848 5050 1980 5105 Θεοῦ

325 5141 399 5197 ἀεὶ
430 5142 659 5220 σπείρων
716 5139 771 5195 ἐν
814 5140 943 5202 ταῖς
984 5138 1273 5217 ἡμετέραις
1318 5144 1550 5219 ψυχαῖς.
1587 5142 1659 5196 Οὔ
1688 5139 1786 5216 γὰρ
1817 5137 1979 5212 μόνον

326 5230 444 5287 ὅταν
474 5228 717 5306 διδάσκῃ,
752 5227 889 5285 ἀλλά
942 5230 1029 5284 καὶ
1086 5226 1170 5287 διὰ
1226 5235 1324 5297 τῆς
1362 5230 1584 5291 κτίσεως
1613 5229 1838 5307 ταύτης,
1889 5226 1978 5283 καὶ

327 5324 426 5374 τῶν
497 5315 616 5375 καθ’
674 5319 905 5384 ἑκάστην
960 5319 1032 5381 εἷς
1086 5317 1229 5392 ημᾶς
1292 5317 1611 5395 γινομένων,
1667 5317 1865 5395 σπείρει
1924 5314 1976 5371 ἐν

325 5422 437 5472 ταῖς
469 5407 755 5486 ἡμετέραις
810 5411 1021 5486 ψυχαῖς
1079 5408 1144 5469 τὰ
1196 5407 1365 5484 ἀγαθὰ
1411 5407 1711 5483 σπέρματα.
1759 5403 1978 5472 Ἐξῆλθε

326 5494 400 5574 δὲ,
462 5496 564 5576 οὔχ
606 5496 698 5552 ἵνα
730 5496 851 5560 τοὺς
906 5498 1170 5576 γεωργοὺς
1224 5496 1538 5577 ἀποκτείνῃ,
1572 5496 1606 5566 ἢ
1650 5498 1747 5565 τὴν
1792 5497 1977 5577 χώραν

395 5653 451 5699 ³⁸
477 5654 631 5719 Psal.
665 5671 886 5732 Lxxvtt,
919 5656 988 5719 2.

2064 3268 2291 3334 nam,et
2315 3269 2554 3324 enatum
2590 3262 2729 3324 fecit
2754 3263 3010 3324 fructum
3042 3262 3410 3344 centuplum.
3445 3260 3584 3323 Haec
3610 3262 3704 3323 di-

2061 3366 2204 3410 cens
2234 3348 2523 3411 clamabat
2558 3372 2571 3413 :
2633 3350 2743 3423 Qui
2798 3351 2974 3413 habet
3005 3370 3179 3413 aures
3209 3351 3280 3414 ad
3315 3351 3702 3431 audiendum,

2060 3438 2739 3517 audiatJnterrogabant
2762 3451 2956 3503 autem
2992 3460 3124 3502 eum
3151 3440 3426 3521 discipuli
3459 3440 3590 3520 ejus
3615 3440 3707 3500 di-

2062 3535 2568 3608 centes,quaanam
2609 3538 2766 3592 esset
2797 3530 2909 3593 ista
2936 3530 3235 3610 parabola.
3270 3530 3343 3593 At
3373 3529 3476 3592 ille
3508 3528 3654 3590 dixit
3690 3549 3703 3593 :

2062 3614 2245 3679 Vobis
2274 3616 2473 3678 datum
2502 3626 2591 3681 est
2626 3638 2803 3681 nosse
2826 3620 3102 3700 mysteria
3133 3621 3295 3698 regni
3319 3618 3449 3693 Dei,
3475 3618 3706 3681 caneris

2059 3714 2254 3767 autem
2291 3725 2395 3786 per
2428 3707 2737 3787 parabolas
2773 3726 2786 3771 :
2822 3717 2881 3770 ut
2912 3709 3202 3785 videntes,
3231 3727 3348 3769 non
3384 3707 3709 3783 videant,et

2058 3795 2199 3855 524
2253 3794 2565 3859 audientes
2615 3816 2732 3858 non
2783 3798 3136 3877 intelligant.
3204 3822 3230 3853 ι
3266 3800 3436 3861 Nunc
3468 3797 3704 3858 tandem

2062 3887 2258 3945 evenit
2286 3886 2443 3965 quod
2475 3888 2612 3947 olim
2643 3886 2825 3949 David
2858 3889 2916 3949 in
2947 3906 3204 3969 persona
3256 3885 3475 3951 Christi
3506 3886 3654 3948 dixit
3688 3904 3701 3948 :

2060 3973 2338 4053 Aperiam
2374 3974 2559 4052 enim,
2596 3976 2815 4058 inquit,
2851 3979 2908 4038 in
2943 3977 3243 4059 parabolis
3280 3994 3347 4037 os
3390 3994 3589 4037 meum
3616 3977 3706 4038 58.

2061 4062 2344 4142 Loquitur
2372 4064 2568 4145 itaque
2587 4066 2895 4145 parabolas
2918 4069 3205 4130 Dominus
3236 4072 3477 4148 propter
3499 4064 3703 4136 multa,

2064 4170 2281 4233 nempe
2315 4160 2379 4213 ut
2409 4155 2762 4218 attentiores
2794 4155 3007 4218 reddat
3035 4156 3365 4228 auditores,
3405 4161 3462 4216 et
3491 4155 3706 4216 excitet

2062 4240 2299 4302 illorum
2336 4250 2595 4304 mentem
2618 4244 2689 4307 ad
2724 4243 3145 4325 inquirendum
3178 4245 3255 4307 de
3282 4244 3373 4306 his
3395 4263 3525 4325 quae.
3554 4244 3710 4305 dicta

2063 4339 2221 4391 sunt.
2257 4331 2464 4392 Solent
2518 4333 2675 4393 enim
2723 4333 2995 4395 homines
3027 4334 3319 4395 curiosius
3351 4333 3707 4413 investigare

2062 4419 2137 4481 de
2159 4419 2248 4480 bis
2270 4440 2401 4500 quae
2423 4420 2581 4482 dicta
2602 4430 2738 4483 sunt
2785 4421 3123 4496 obscurius,
3161 4423 3473 4485 manifesta
3504 4430 3702 4485 autem

1457 4515 1543 4570 καὶ
1572 4513 1665 4569 ’ἕνα
1696 4514 1743 4568 οἱ
1773 4512 1970 4603 ἀνάξιοί

2065 4510 2387 4603 negligeret
2399 4518 2469 4603 _et
2491 4519 2555 4573 ut
2575 4510 2805 4590 indigni
2828 4531 2943 4573 uon
2970 4511 3301 4592 intelligant
3324 4532 3457 4603 quae
3477 4511 3706 4575 abstru-

2058 4598 2182 4660 sius
2198 4608 2335 4660 sunt
2356 4599 2551 4679 dicta;
2607 4609 2787 4681 atque
2814 4609 3061 4682 propter
3095 4603 3278 4665 multa
3298 4602 3411 4663 alia
3442 4602 3501 4663 in
3532 4620 3705 4680 para-

2060 4686 2213 4749 bolis
2238 4687 2521 4768 loquitur.
2537 4689 2691 4751 Exiit
2713 4689 2894 4771 igiter
2909 4692 3234 4771 seminans,
3269 4692 3381 4753 hoc
3402 4689 3706 4764 est,Filius

2062 4776 2171 4839 Dei
2197 4776 2379 4838 exivit
2407 4778 2482 4839 de
2505 4778 2693 4841 Patris
2716 4778 2809 4840 sui
2840 4779 2975 4842 sinu
3000 4779 3441 4859 abscondito,et
3463 4778 3704 4859 conspi-

2064 4884 2210 4927 cuus
2240 4866 2427 4928 factus
2458 4874 2546 4928 est
2604 4866 2747 4940 Quis
2778 4877 2973 4931 autem
3001 4869 3228 4931 exivit?
3264 4868 3319 4931 Is
3347 4870 3445 4950 qui
3468 4887 3710 4947 semper

2065 4954 2341 5017 seminat.
2378 4955 2563 5019 Filius
2592 4956 2752 5017 enim
2786 4956 2893 5019 Dei
2925 4976 3044 5020 non
3068 4966 3261 5020 cessat
3277 4975 3515 5038 semper
3538 4958 3709 5018 semi-

2066 5062 2209 5106 nare
2232 5044 2293 5106 iu
2314 5044 2625 5107 animabus
2648 5046 3029 5110 nostris.Non
3062 5048 3221 5109 enim
3253 5046 3442 5109 solum
3474 5044 3708 5127 quando
3800 5124 3803 5127 Α

2064 5132 2296 5195 videtur
2320 5133 2558 5215 docere,
2592 5134 2696 5197 sed
2729 5143 2787 5197 et
2814 5153 2921 5216 per
2949 5136 3235 5197 mundum
3272 5136 3476 5209 istum,
3512 5144 3569 5198 et
3602 5154 3708 5215 per

2063 5239 2132 5284 ea
2154 5241 2285 5303 quae
2306 5223 2571 5304 quotidie
2602 5224 2738 5284 facit
2769 5242 2907 5303 erga
2939 5244 3071 5306 nos,
3106 5226 3357 5287 seminat
3395 5223 3455 5286 in
3491 5225 3708 5287 nostris

2064 5310 2376 5375 animabus
2406 5312 2558 5374 bona
2584 5312 2815 5375 semina
2854 5313 3045 5376 Exivit
3065 5323 3287 5389 autem,
3321 5333 3436 5375 non
3464 5314 3702 5393 utagri-

2065 5401 2225 5463 colas
2262 5402 2513 5479 occidat,
2568 5403 2653 5465 vel
2685 5421 2891 5481 agrum
2925 5412 3149 5487 exurat,
3185 5404 3292 5467 sed
3325 5413 3387 5465 ut
3425 5403 3678 5465 seminet

2061 5494 2230 5572 Saepe
2263 5492 2421 5553 enim
2457 5492 2757 5573 egreditur
2778 5493 3037 5573 agricola
3058 5503 3116 5556 ct
3147 5501 3389 5577 propter
3417 5493 3549 5569 alia,
3586 5510 3702 5553 non
