4116 6212
390 310 507 374 799

1377 308 1975 374 THEOPHYLACTI
2020 307 2425 371 BULGARl/E
2469 310 2832 374 ARCHIEP.

3662 309 3789 378 800

389 442 579 504 solum
607 449 670 505 ut
690 441 1081 516 seminet,sed
1104 441 1324 506 exiitut
1341 441 1596 505 seminet
1617 459 1823 505 semen
1842 458 2013 503 suum

2101 442 2457 519 ,κατακαύσω
2511 440 2634 500 ἀλλ’
2682 442 2774 501 ἵνα
2804 444 2995 524 σπείρῃ
3019 459 3038 480 ’
3071 442 3328 508 πολλάκις
3372 445 3472 525 γὰρ
3499 446 3784 528 ἐξέρχεται

390 531 671 611 Proprius
696 533 855 593 enim
874 532 1001 611 ejus
1023 539 1111 593 est
1136 550 1333 593 sermo
1356 531 1731 610 doctrinae,et
1750 549 1865 591 non
1883 529 2036 592 alie-

387 621 837 701 nus.Propheta3
866 620 1025 682 enim
1058 638 1428 702 quacunque
1458 619 1801 690 dixerunt,e
1821 618 2036 700 spiritu

386 707 682 788 dixerunt,
716 720 777 772 et
806 728 924 771 non
979 717 1044 771 ut
1103 709 1340 789 propria
1378 730 1390 768 :
1426 709 1582 771 unde
1620 715 1679 769 et
1708 707 1983 770 dixerunt
2017 729 2031 771 :

383 795 521 858 Hazc
543 796 685 859 dicit
716 796 1026 859 Dominus.
1052 795 1322 859 Christus
1344 813 1482 859 vero
1516 796 1821 877 proprium
1858 795 2036 858 habet

384 887 847 959 semen,idcirco
871 906 989 949 non
1013 885 1247 948 dicebat
1281 886 1506 948 docens
1534 905 1546 944 ε
1584 884 1718 947 Haec
1743 885 1885 946 dicit
1910 888 2034 947 Do-

387 975 715 1053 minus,sed
754 975 913 1055 :Ego
946 976 1081 1038 dico
1111 974 1661 1039 vobis.Seminante
1683 984 1878 1036 autem
1902 974 2029 1049 illo,

385 1064 497 1126 hoc
519 1072 609 1127 est
637 1066 915 1145 docente,
943 1065 1103 1127 aliud
1136 1065 1379 1145 quidem
1402 1064 1619 1127 cecidit
1647 1064 1806 1126 circa
1832 1063 1985 1126 viam
2014 1086 2027 1122 :

386 1171 502 1214 non
538 1153 682 1216 dixit
710 1155 868 1235 quod
902 1154 1219 1234 projecerit
1242 1153 1679 1228 seminans,sed
1709 1152 2028 1234 quodillud

382 1242 689 1306 ceciderit.
722 1242 868 1305 Nam
896 1244 993 1321 qui
1018 1245 1298 1324 seminat,
1329 1243 1581 1304 seminat
1614 1249 1672 1304 et
1703 1243 2031 1312 docet,ser.

383 1348 479 1392 mo
509 1339 705 1393 autem
738 1331 896 1393 cadit
918 1332 979 1393 in
1005 1330 1419 1394 audientes.Hi
1440 1339 1633 1393 autem
1653 1332 2035 1393 inveniuntur

2120 531 2149 586 6
2206 532 2444 609 γεωργὸς
2504 533 2593 588 καὶ
2650 530 2718 588 δι’
2771 531 2931 606 ἄλλα,
2989 533 3050 590 οὗ
3106 533 3269 609 μόνον
3324 532 3409 591 διὰ
3444 536 3505 592 τὸ
3529 549 3780 614 σπεῖραι.

2122 626 2220 676 Τὸν
2264 620 2459 698 σπόρον
2503 618 2557 675 δὲ
2601 624 2760 681 αὐτοῦ
2802 619 2988 689 ἒξῆλθε
3035 635 3275 701 σπεῖραι.
3326 621 3495 687 ’Ἷδιος
3540 626 3644 705 γὰρ
3676 627 3781 682 αὒ-

2117 709 2210 763 τοῦ
2263 709 2330 773 ἦν
2387 710 2415 764 6
2472 707 2631 788 λόγος
2677 712 2774 776 τῆς
2806 708 3167 784 διδασκαλίας,
3214 712 3302 767 καὶ
3344 712 3436 769 οὒκ
3466 712 3779 793 ἀλλότριος.

2119 798 2179 853 Ol.
2232 796 2327 871 μὲν
2386 798 2487 877 γὰρ
2541 803 2832 878 προφῆται,
2893 797 2992 855 ὅσα
3037 798 3246 878 ἔλεγον,
3292 802 3389 857 οὒκ
3419 800 3532 858 ἴδια
3560 800 3777 881 ἔλεγον,

2117 883 2254 970 ᾇλλὰ
2295 893 2386 943 τοῦ
2424 888 2750 963 πνεύματος,
2815 890 2909 944 Διὸ
2966 887 3174 967 ἔλεγον,
3209 887 3342 949 Τάδε
3373 888 3520 968 λέγει
3554 892 3779 970 Κύριος.

2119 963 2177 1030 Ὀ
2221 971 2275 1028 δὲ
2334 976 2556 1053 Χριστὸς
2614 972 2749 1032 ἴδιον
2782 977 2913 1055 εἴγε
2941 977 3033 1033 τὸν
3071 963 3293 1055 σπόρον.
3334 978 3427 1034 Διὸ
3450 963 3549 1034 *οὐκ
3592 963 3783 1056 ἔλεγεν

2115 1060 2243 1117 ὅταν
2274 1061 2560 1138 ἐδίδασκεν,
2595 1063 2676 1120 ὅτι
2700 1064 2831 1123 Τάδε
2859 1064 3000 1143 λέγει
3035 1066 3245 1144 Κύριος,
3274 1063 3420 1139 ἀλλ’,
3455 1064 3601 1145 Ἐγὼ
3629 1065 3782 1145 λέγω

2114 1151 2266 1223 ὑμῖν.
2309 1148 2398 1208 Ἐν
2440 1158 2518 1227 τῷ
2573 1152 2803 1229 σπείρειν
2847 1151 2902 1209 δὲ
2946 1153 3127 1234 αὐτὸν,
3170 1154 3463 1229 τουτέστι),
3493 1155 3549 1212 ἐν
3580 1162 3661 1229 τῷ
3690 1154 3779 1212 δι-

2115 1236 2347 1312 δάσκειν,
2396 1239 2527 1298 ἄλλο
2558 1242 2654 1315 μὲν
2710 1242 2867 1298 ἔπεσε
2924 1242 3068 1319 παρὰ
3124 1242 3225 1309 τὴν
3281 1240 3426 1307 ὁδόν,
3479 1247 3588 1303 Ούκ
3617 1248 3781 1301 εἶπεν

2116 1325 2201 1384 ὅτι
2262 1327 2472 1407 ἔρριψεν
2529 1332 2557 1386 6
2612 1326 2866 1410 σπείρων,
2925 1328 3045 1387 ἀλλ’
3087 1331 3276 1387 ’έπεσεν
3328 1330 3531 1395 ἐνεῖναι.
3582 1323 3639 1391 Ὀ
3675 1356 3782 1409 μεν

384 1438 518 1481 esse
542 1420 635 1482 vel
662 1421 771 1494 via,
805 1421 894 1482 vel
929 1430 1115 1501 petra,
1149 1421 1239 1483 vel
1273 1421 1481 1503 spinae,
1515 1422 1602 1482 vel
1659 1431 1819 1483 terra
1850 1421 2016 1483 bona.

2114 1417 2213 1497 γὰρ
2270 1421 2496 1492 σπείρων
2547 1420 2746 1498 σπείρει
2804 1423 2892 1477 καὶ
2947 1418 3205 1480 διδάσκει.
3260 1411 3317 1478 Ὀ
3373 1419 3429 1477 δὲ
3486 1421 3647 1501 λόγος
3702 1426 3779 1487 εἷς

380 1507 671 1571 Caeterum
696 1510 1007 1590 discipulis
1027 1510 1535 1590 interrogantibus
1560 1509 2016 1591 parabolam,di-

2112 1508 2235 1572 τοὺς
2288 1508 2578 1573 ἀκούοντας
2635 1509 2840 1571 πίπτει.
2902 1512 3057 1568 Οὗτοι
3115 1508 3170 1565 δὲ
3201 1510 3526 1588 εὑρίσκονται
3556 1512 3593 1580 ἢ
3623 1510 3773 1582 666:,

381 1597 461 1658 cit
483 1598 769 1660 Dominus
796 1618 809 1663 :
844 1599 1029 1661 Vobis
1061 1600 1262 1661 datum
1305 1608 1392 1660 est
1423 1600 1581 1662 scire
1616 1598 1895 1680 mysteria
1926 1617 2016 1660 re-

2111 1595 2147 1664 ἢ
2206 1596 2393 1676 πέτρα,
2452 1597 2488 1665 ἢ
2535 1596 2755 1675 ἄκανθα,
2815 1597 2851 1666 ἢ
2904 1599 3076 1676 ὀγαθὴ
3264 1597 3536 1680 Ἐρωτῶσι
3566 1598 3621 1668 δὲ
3648 1614 3773 1665 τοῖς

378 1687 487 1788 gni
516 1687 643 1788 Dei,
679 1688 791 1750 hoc
825 1696 917 1751 est
972 1686 1137 1751 vobis
1198 1688 1625 1788 quaerentibus,
1671 1678 1732 1749 ut
1763 1688 2016 1749 discatis.

2112 1688 2381 1760 μαθηταῖς
2438 1686 2538 1753 τὴν
2593 1683 2929 1765 παραϐολὴν,
2976 1688 3136 1766 φησὶν
3177 1688 3205 1743 6
3235 1684 3449 1766 Κύριος·
3487 1678 3646 1762 Ὑμῖν
3676 1686 3774 1745 δέ·

385 1796 409 1832 ι
446 1775 655 1839 Omnis
685 1778 844 1839 enim
864 1778 965 1859 qui
997 1778 1168 1858 petit,
1203 1777 1567 1859 accipit39.»
1603 1778 1865 1858 Reliquis
1891 1797 2016 1839 verc

2111 1771 2258 1829 δοται
2313 1780 2510 1852 γνῶναι
2554 1775 2619 1830 τὰ
2676 1775 2941 1852 μυστήρια
2994 1776 3091 1841 τῆς
3139 1774 3412 1850 βασιλείας
3456 1776 3549 1833 τοῦ
3608 1784 3769 1857 Θεοῦ,

377 1865 475 1945 qui
508 1867 896 1929 sacramentis
919 1866 1146 1948 indigni
1179 1876 1337 1942 sunt,
1366 1867 1624 1929 obscure
1654 1867 2016 1944 dicuntur,e|

2109 1862 2397 1934 τουτέστιν,
2455 1863 2583 1936 ὑμῖν
2645 1876 2764 1926 τοῖς
2822 1869 3040 1934 ζητοῦσι
3099 1866 3308 1939 μαθεῖν.
3365 1887 3395 1919 ι
3436 1871 3545 1931 Πᾶς
3580 1866 3681 1945 γὰρ
3741 1868 3773 1923 6

375 1955 710 2016 existimant
737 1956 982 2036 quidem
1013 1975 1078 2018 se
1107 1957 1330 2033 videre,
1380 1957 1483 2018 sed
1541 1976 1659 2017 non
1690 1956 1896 2017 vident
1927 1980 1939 2015 :
1968 1964 2016 2017 et

2108 1953 2289 2026 αἰτῶν,
2349 1949 2608 2028 λαμϐάνει
2643 1966 2658 1982 ⁸
2704 1974 2725 2005 ι
2784 1965 2903 2017 τοῖς
2957 1949 3013 2007 δὲ
3055 1950 3272 2015 λοιποῖς
3327 1966 3446 2019 τοῖς
3490 1954 3568 2031 μὴ
3598 1953 3770 2020 ἀξίοις

375 2043 905 2125 audiuntquidem.
941 2045 1046 2107 sed
1078 2065 1195 2107 non
1230 2045 1589 2126 intelligunt,
1619 2052 1798 2126 atque
1820 2046 1932 2107 hoc
1963 2047 2016 2107 in

2106 2044 2219 2098 οὖσι
2274 2047 2381 2097 τῶν
2446 2040 2770 2117 μυστηρίων,
2849 2047 3132 2105 σκοτεινῶς
3178 2039 3449 2120 λέγονται,
3506 2043 3596 2100 καὶ
3664 2042 3768 2101 δο-

356 2133 613 2195 illorum
662 2133 903 2195 bonum.
962 2133 1049 2196 Ne
1100 2134 1258 2196 enim
1312 2136 1498 2214 magis
1543 2137 2016 2197 condemnentur

2108 2138 2256 2187 κοῦσι
2314 2130 2412 2205 μὲν
2468 2128 2709 2209 βλέπειν,
2770 2129 2828 2187 ού
2887 2128 3141 2206 βλέπουσι
3200 2129 3305 2186 δέ·
3370 2134 3461 2189 καὶ
3513 2131 3769 2190 ἀκούουσι

376 2222 533 2301 quod
562 2223 792 2300 cognita
819 2225 1095 2303 mysteria
1126 2224 1478 2302 spreverint,
1512 2225 1651 2286 ideo
1683 2224 1756 2285 ab
1786 2224 1905 2285 illis
1954 2243 2016 2286 ea

2109 2220 2230 2298 μὶν,
2277 2221 2341 2303 ού
2385 2218 2614 2276 συνιοῦσι
2656 2217 2737 2299 δὲ,
2796 2220 2883 2276 καὶ
2959 2228 3115 2278 τοῦτο
3174 2221 3249 2283 εἷς
3307 2220 3602 2300 εὒεργεσίαν
3660 2225 3766 2282 αὖ-

374 2296 649 2372 ῧιιιθίειιιε
667 2296 998 2373 abscondit.
1035 2309 1141 2383 Qui
1161 2296 1332 2372 enim
1356 2296 1659 2392 cognoscit
1682 2320 1740 2374 et
1761 2322 2016 2375 contem-

2109 2296 2239 2367 τῶν.
2304 2296 2431 2365 Ἵνα
2490 2308 2591 2387 γὰρ
2649 2296 2731 2383 μὴ’
2780 2307 2941 2366 πλέον
2989 2296 3404 2388 κατακριθῶσιν,
3431 2296 3505 2373 ὧς
3535 2310 3672 2385 μετὰ
3697 2313 3766 2367 τὸ

379 2397 486 2473 nit,
521 2398 789 2474 graviora
822 2408 1094 2461 meretur
1111 2401 1423 2482 supplicia.

2109 2399 2305 2477 γνῶναι
2362 2398 2427 2453 τὰ
2483 2398 2747 2475 μυστήρια
2831 2399 3328 2478 καταφρονήσαντες
3386 2398 3580 2479 αὑτῶν,
3627 2399 3761 2456 τούς

371 2511 461 2545 του
520 2488 696 2545 ἕνεκεν
767 2490 1070 2570 ἀπέκρυψεν
1128 2493 1155 2546 6
1187 2477 1418 2570 ’ὶίριστὸς
1478 2493 1571 2550 ἀπ’
1632 2494 1804 2551 αὐτῶν
1851 2494 2038 2554 ταῦτα.
2099 2477 2159 2546 Ὀ
2216 2487 2318 2566 γὰρ
2368 2487 2548 2566 γνοὺς,
2607 2486 2733 2544 εἶτα
2786 2477 3216 2567 καταφρονήσας,
3276 2477 3573 2567 βαρυτέραςή
3609 2487 3758 2555 ἄξιος

371 2579 657 2657 τιμωρίας.

450 2655 637 2728 Vens.
678 2667 880 2731 11-15.
917 2669 1053 2729 «Est
1074 2675 1267 2730 autem
1295 2669 1420 2730 haec
1452 2669 1730 2749 parabola
1758 2691 1772 2730 :
1800 2672 2012 2733 Semen

2183 2684 2212 2724 ε
2257 2663 2431 2722 ’Ἔστι
2466 2662 2521 2720 δὲ
2577 2662 2712 2731 αὕτη
2763 2666 2798 2733 ἡ
2856 2662 3163 2742 παραϐολὴ,
3200 2655 3258 2723 Ὀ
3291 2664 3486 2742 σπόρος
3541 2664 3681 2723 ἐστὶν
3726 2668 3760 2724 6

369 2764 459 2819 est
489 2773 687 2817 sermo
708 2755 838 2819 Dei.
862 2754 969 2828 Qui
1001 2763 1196 2817 autem
1223 2759 1391 2836 juxta
1441 2759 1625 2839 viam,
1661 2760 1719 2821 bi
1752 2766 1886 2821 sunt
1912 2758 2013 2840 ‘qui

2101 2753 2255 2832 λόγος
2286 2760 2379 2810 τοῦ
2438 2761 2592 2815 Θεο).
2638 2756 2698 2812 Ol
2741 2752 2797 2809 δὲ
2843 2756 2987 2833 παρὰ
3031 2757 3132 2821 τὴν
3162 2751 3308 2827 ὁδὸν,
3354 2754 3478 2811 εἰσὶν
3512 2755 3560 2812 οἷ
3589 2754 3765 2812 ἁκού-

367 2844 615 2907 audiunt
639 2865 653 2905 :
681 2844 898 2907 deinde
929 2846 1089 2907 venit
1111 2845 1383 2908 diabolus
1414 2855 1472 2909 et
1501 2847 1654 2909 tollit
1673 2865 2012 2911 sermonem

2101 2865 2271 2918 οντες,
2334 2843 2458 2899 εἶτα
2516 2842 2731 2922 ἔρχεται
2790 2845 2817 2899 6
2878 2840 3127 2907 διάϐολος
3170 2844 3260 2899 καὶ
3302 2841 3443 2920 αἴρει
3472 2844 3563 2900 τὸν
3593 2842 3762 2923 λόγον

366 2933 442 2995 de
472 2934 654 2997 corde
687 2953 915 3008 eorum,
951 2953 1026 2997 ne
1056 2936 1372 2997 credentes
1402 2939 1887 3000 serventur.Nam
1914 2937 2015 3017 qui

2101 2934 2204 2990 ἀπὸ
2255 2938 2357 2999 τῆς
2407 2930 2617 3011 καρδίας
2676 2934 2872 3009 αὐτῶν,
2932 2931 3027 2989 ἵνα
3084 2933 3162 3008 μὴ
3219 2933 3593 2998 πιστεύσαντες
3650 2957 3762 2991 σω-

367 3041 550 3103 super
611 3032 863 3104 petram,
894 3022 956 3084 hi
1011 3037 1151 3087 sunt
1195 3026 1292 3105 qui
1333 3041 1468 3088 cum
1527 3025 1846 3106 audierint,
1879 3045 2013 3087 cum

2101 3026 2279 3084 θῶσιν.
2335 3023 2394 3079 Οἱ
2445 3019 2501 3076 δὲ
2558 3020 2644 3077 ἐπὶ
2699 3025 2798 3090 τῆς
2870 3020 3089 3099 πέτρας,
3164 3034 3222 3078 οῖ
3294 3023 3420 3077 ὃταν
3461 3021 3753 3096 ἀκούσωσι,

365 3112 575 3189 gaudio
607 3111 938 3192 suscipiunt
962 3122 1391 3189 sermonem,et
1414 3113 1472 3175 hi
1501 3113 1733 3176 radices
1767 3133 1884 3176 non
1904 3115 2012 3175 ha-

2101 3115 2235 3189 μετὰ
2290 3117 2461 3192 χαρᾶς
2504 3108 2756 3190 δέχονται
2808 3112 2899 3167 τὸν
2943 3109 3127 3190 λόγον,
3179 3112 3268 3167 καὶ
3300 3111 3443 3168 οὗτοι
3474 3112 3615 3189 ῥίζαν
3660 3114 3759 3170 οὐκ

366 3200 633 3295 bent,qui
658 3201 741 3295 ad
764 3208 997 3295 tempus
1026 3202 1300 3295 credunt,
1331 3212 1389 3295 et
1420 3202 1480 3263 in
1514 3211 2009 3295 temporetean

2101 3201 2339 3283 ἔχουσιν,
2405 3202 2459 3257 οἳ
2519 3202 2652 3278 πρὸς
2712 3203 2895 3279 καιρὸν
2955 3201 3284 3281 πιστεύουσι,
3341 3202 3432 3257 καὶ
3488 3200 3544 3256 ἐν
3584 3207 3758 3280 καιρῷ

367 3289 542 3350 tionis
566 3288 878 3352 recedunt.
926 3288 1091 3362 Quod
1124 3299 1321 3353 autem
1356 3291 1415 3353 in
1444 3294 1644 3371 spinas
1676 3293 1911 3365 cecidit,
1950 3293 2010 3355 hi

365 3386 500 3441 snut
525 3378 623 3460 qui
655 3378 1060 3452 audierunt,et
1088 3400 1120 3441 a
1150 3381 1659 3444 sollicitudinibus
1708 3390 1767 3444 et
1789 3382 2009 3443 divitiis

364 3487 434 3530 ac
459 3466 855 3548 voluptatibus
882 3468 1007 3529 vitae
1037 3478 1267 3545 euntes,
1305 3472 1690 3547 sutfocantur,
1730 3472 1869 3533 525
1901 3490 2011 3533 nec

364 3558 628 3619 referunt
655 3556 1110 3629 fructquuod
1141 3568 1338 3620 autem
1370 3559 1431 3621 in
1467 3561 1676 3622 bonam
1700 3561 2011 3635 terram,hi

366 3653 503 3708 sunt
533 3646 631 3727 qui
654 3646 714 3707 in
748 3647 928 3708 corde
961 3647 1210 3709 honesto
1242 3666 1312 3709 ac
1336 3648 1493 3711 bono
1532 3650 1843 3714 audientes
1875 3668 2010 3712 ser-

367 3753 603 3795 monem
636 3733 917 3814 retinent,
951 3744 1011 3796 et
1039 3734 1292 3798 fructum
1320 3736 1577 3799 all‘erunt
1621 3756 1727 3819 per
1776 3738 2011 3819 patien-

362 3823 500 3884 tiam
565 3847 590 3877 ι›
617 3821 765 3884 Tres
797 3822 893 3883 hic
919 3823 1161 3884 ordines
1191 3842 1397 3886 eorum
1422 3834 1561 3887 sunt
1594 3825 1696 3907 qui
1731 3846 1847 3887 non
1878 3844 2011 3889 ser-

359 3911 745 3975 vantur.Nam
781 3912 842 3973 hi
873 3912 972 3992 qui
1004 3931 1178 3974 secus
1208 3916 1384 3990 viam,
1440 3915 1785 3996 neutiquam
1815 3916 2013 3978 susci-

361 4003 526 4083 piunt
575 4019 914 4063 sermonem
954 4022 969 4077 ;
1031 4001 1188 4062 sicut
1234 4003 1390 4063 enim
1435 4005 1526 4064 via
1582 4006 1927 4068 conculcata
1957 4013 2016 4067 et

367 4093 697 4173 constipata
728 4109 933 4153 semen
962 4110 1076 4152 non
1110 4092 1377 4173 suscipit,
1414 4113 1485 4155 eo
1536 4096 1689 4175 quod
1724 4096 1871 4157 dura
1910 4096 2011 4165 sit,

361 4182 440 4243 ita
471 4190 529 4243 et
566 4179 844 4261 obdurati
888 4180 1067 4240 corde
1118 4198 1458 4243 sermonem
1509 4202 1626 4245 non
1685 4185 2015 4264 suscipiunt

363 4271 538 4333 etiam
567 4269 915 4331 audientes:
954 4288 1070 4331 non
1102 4270 1414 4333 attendunt
1457 4273 1642 4337 enim.
1677 4279 1744 4334 At
1774 4275 1874 4355 qui
1909 4293 2014 4355 per

362 4370 589 4441 petram
625 4359 1059 4439 intelliguntur,
1090 4360 1429 4440 suscipiunt
1466 4363 1731 4444 quidem,
1755 4363 1858 4425 sed
1895 4383 2014 4444 pra:

360 4449 703 4512 inﬁrmitate
751 4449 1011 4509 humana
1060 4448 1121 4508 in
1174 4450 1599 4513 tentationibus
1620 4462 2011 4514 marcescunt.

358 4539 545 4602 Tertii
577 4546 712 4599 sunt
741 4537 839 4618 qui
868 4555 1001 4598 cum
1030 4536 1379 4600 audiverunt
1401 4548 2017 4623 etsusceperunt,praa

359 4627 518 4692 curis
544 4627 684 4689 vitae
734 4626 910 4705 hujus
959 4625 1346 4691 suﬁ‘ocantur.
1398 4628 1582 4708 Igitur
1613 4638 1733 4691 tres
1769 4632 2011 4712 quidem

359 4724 555 4802 partes
584 4734 792 4777 eorum
825 4722 963 4775 sunt
991 4713 1091 4794 qui
1124 4725 1401 4793 pereunt,
1437 4737 1553 4779 una
1583 4728 1774 4782 autem
1804 4739 2009 4781 eorum

357 4807 458 4889 qui
490 4805 811 4869 salvantur.
848 4804 935 4865 Ita
964 4805 1133 4884 pauci
1164 4805 1405 4885 quidem
1445 4816 1583 4869 sunt
1634 4810 1734 4891 qui
1764 4829 2010 4872 servan-

358 4906 475 4978 tur,
502 4896 703 4977 plures
737 4905 934 4955 autem
959 4892 1059 4973 qui
1106 4905 1379 4974 pereunt.
1413 4896 1563 4961 Vide
1594 4899 1734 4961 item
1767 4920 1901 4962 cum
1937 4900 2012 4962 de

355 4988 451 5049 bis
481 4986 580 5066 qui
603 4984 988 5054 suﬂ'ocantur,
1035 4983 1320 5067 loquitur,
1362 4992 1661 5067 quomodo
1694 5009 1811 5052 non
1844 4990 2005 5062 dicit,

356 5074 514 5156 quod
548 5091 669 5153 prie
699 5071 919 5134 divitiis
951 5072 1344 5149 sutfucentur,
1377 5076 1480 5137 sed
1506 5096 1629 5157 prae
1663 5082 1821 5139 curis
1853 5076 2006 5139 divi-

360 5164 573 5225 tiarum
592 5170 651 5222 et
670 5160 1332 5226 sollicitudinibus.Non
1353 5166 1511 5226 enim
1526 5166 1743 5229 divitiae
1764 5176 2001 5239 nocent,

358 5252 461 5317 sed
485 5250 921 5314 sollicitudines
949 5268 1175 5315 earum.
1212 5253 1380 5316 Multi
1403 5257 1561 5317 enim
1596 5275 1808 5337 magna
1835 5276 2006 5319 com-

362 5341 537 5403 moda
567 5359 637 5402 ex
669 5338 888 5401 divitiis
912 5339 1412 5423 percipiunt,illas
1442 5344 1501 5405 in
1523 5364 1847 5426 pauperum
1876 5364 2006 5406 ven—

361 5438 480 5492 tres
504 5427 907 5511 projicientes.
939 5430 1260 5495 Considera
1289 5452 1526 5516 quoque
1557 5443 1614 5498 et
1639 5436 2003 5515 diligentiam

436 5588 490 5636 39
518 5585 721 5651 Matth.
754 5605 857 5667 vn,
890 5589 954 5653 8.

2093 3300 2387 3367 πειρασμοῦ
2431 3288 2763 3369 ἀφίστανται.
2819 3291 2890 3348 Τὸ
2947 3289 3002 3346 δὲ
3050 3291 3124 3352 εἰς
3156 3290 3250 3352 τὰς
3279 3289 3508 3355 ἀκάνθας
3564 3292 3752 3366 πεσὸν,

2095 3380 2237 3437 οὗτοί
2294 3381 2423 3435 είσιν
2481 3379 2528 3436 οἱ
2597 3379 2941 3452 ἀκούσαντες,
3013 3379 3101 3434 καὶ
3174 3379 3276 3435 61:6
3338 3384 3612 3457 μεριμνῶν
3664 3380 3755 3436 καὶ

2095 3469 2324 3528 πλούτου
2381 3471 2469 3525 καὶ
2532 3467 2735 3537 ἡδονῶν
2794 3471 2887 3525 τοῦ
2956 3469 3073 3545 βίου
3126 3467 3473 3546 πορευόμενοι
3517 3470 3755 3543 συμπνί-

2095 3581 2302 3637 γονται,
2350 3559 2439 3614 καὶ
2496 3558 2555 3614 οὔ
2596 3564 2992 3636 τελεσφοροῦσι.
3054 3558 3125 3616 Τὸ
3168 3555 3224 3613 δὲ
3274 3557 3329 3614 ἐν
3361 3563 3429 3633 τῇ
3459 3556 3599 3633 καλῇ
3654 3563 3751 3635 ﬁt.

2095 3652 2236 3705 οὗτοι
2295 3649 2424 3703 εἰσιν
2501 3646 2699 3709 οἵτινες
2780 3646 2836 3702 ἐν
2916 3643 3101 3724 καρδίᾳ
3184 3644 3321 3723 καλῇ
3381 3646 3471 3703 καὶ
3554 3644 3749 3724 ἀγαθῇ,

2095 3738 2417 3800 ἀκούσαντες
2473 3738 2564 3793 τὸν
2613 3734 2798 3814 λόγον,
2844 3735 3136 3817 κατέχουσι
3185 3737 3276 3792 καὶ
3329 3756 3755 3815 καρποφορουσιν

2097 3828 2156 3883 ἐν
2210 3828 2481 3901 ὑπομονῇ.
2536 3849 2558 3884 ι
2624 3835 2781 3896 Τρεῖς
2810 3824 2983 3891 τάξεις
3022 3826 3122 3881 εἶσὶ
3169 3830 3277 3881 τῶν
3314 3825 3393 3899 μὴ
3435 3822 3755 3900 σωζομένων

2096 3916 2337 3977 ἐνταόθα.
2395 3917 2454 3972 Οἱ
2512 3913 2608 3983 μὲν
2665 3915 2765 3991 γὰρ
2809 3915 2952 3991 παρὰ
2994 3914 3094 3981 τὴν
3137 3912 3279 3987 666v,
3339 3915 3385 3969 οἱ
3436 3910 3567 3988 μηδ’
3611 3911 3753 3977 ὅλως

2100 4003 2518 4085 παραδεξάμενοι
2562 4004 2653 4059 τὸν
2697 4003 2881 4081 λόγον.
2913 4003 3122 4082 ’Ὥσπερ
3178 4002 3279 4081 γὰρ
3322 4004 3357 4070 ἡ
3386 4000 3531 4074 ὅδὸς,
3579 4022 3753 4058 κατα-

2098 4091 2455 4169 πεπατημένη
2538 4092 2625 4147 καὶ
2707 4090 3160 4166 συμπεπιλημένη
3246 4093 3304 4149 οὗ
3386 4089 3605 4171 δέχεται
3660 4092 3753 4147 τὸν

2097 4204 2316 4262 σπορον,
2365 4184 2438 4243 ὡς
2484 4179 2689 4259 σγληρὰ
2733 4188 2883 4254 οὖσα,
2944 4180 3085 4237 οὕτω
3131 4181 3220 4236 καὶ
3265 4182 3309 4236 οἱ
3343 4177 3752 4259 σκληροκάρδιοι

2096 4270 2202 4329 οὔδ’
2235 4270 2374 4335 ὅλως
2430 4267 2825 4349 παραδέχονται
2876 4271 2967 4325 τὸν
3025 4267 3210 4347 λόγον,
3241 4267 3339 4324 κᾶν
3383 4269 3638 4343 ἀκούωσι,
3672 4269 3753 4343 μὴ

2097 4362 2477 4441 προσέχοντες.
2539 4361 2597 4415 Oi
2649 4358 2705 4413 δὲ
2762 4360 2902 4437 παρὰ
2949 4359 3047 4426 τὴν
3100 4357 3321 4436 πέτραν,
3380 4360 3427 4414 οἱ
3478 4356 3752 4433 δεξάμενοι

2098 4453 2219 4529 μὲν,
2254 4450 2379 4507 εἶτα
2408 4448 2508 4504 ὑπὸ
2565 4447 2828 4512 ἀσθενείας
2881 4447 3212 4525 ἀνθρωπίνης
3256 4462 3376 4513 το“ς
3428 4460 3752 4526 πειρασμοῖς

2096 4536 2640 4616 ὑπομαλακισθέντες.
2727 4537 2901 4615 Τρίτοι
2984 4535 3061 4610 δὶ,
3137 4538 3185 4593 οἷ
3244 4537 3592 4613 ἀκούσαντες,
3661 4536 3753 4593 καὶ

2100 4633 2199 4687 51:6
2258 4633 2527 4707 μεριμνῶν
2583 4627 2676 4681 τοῦ
2747 4626 2862 4701 βίου
2933 4626 3376 4704 συμπνιγόμενοι.
3440 4634 3597 4703 Τρεῖς
3652 4623 3752 4699 μὶν

2095 4728 2183 4778 οὖν
2240 4714 2443 4796 μερίδες
2489 4714 2587 4770 εἶσὶ
2668 4721 2774 4770 τῶν
2832 4712 3236 4790 ἀπολλυμένων,
3299 4716 3394 4790 μία
3436 4712 3491 4770 δὲ
3549 4714 3584 4781 ἡ
3642 4718 3752 4769 τῶν

2095 4805 2412 4881 σωζομένων
2441 4821 2455 4834 ·
2522 4801 2685 4865 οὕτως
2749 4801 2921 4881 ὀλίγοι
2978 4803 3077 4877 μέν
3128 4804 3258 4860 εἰσιν
3316 4807 3364 4860 οἱ
3422 4802 3746 4877 σωζόμενοι,

2094 4898 2306 4959 πλείους
2351 4893 2404 4950 δὲ
2449 4896 2494 4950 οἱ
2538 4890 2924 4967 ἀπολλύμενοι.
2979 4883 3128 4971 υΟρα
3176 4889 3230 4947 δὲ
3261 4891 3348 4948 ἐπὶ
3378 4897 3485 4948 τῶν
3510 4912 3745 4965 συμπνι-

2093 4987 2356 5067 γομένων,
2416 4988 2530 5047 πῶς
2596 4986 2889 5041 οὒκεῖπεν
2943 4981 3023 5038 ὅτι
3080 4982 3181 5038 61:6
3226 4987 3319 5037 τοῦ
3346 4978 3575 5037 πλούτου
3604 5000 3744 5054 συμ-

2090 5078 2387 5154 πνίγονται,
2452 5069 2572 5128 ἀλλ’
2615 5072 2719 5127 ὑπὸ
2775 5077 2880 5127 τῶν
2938 5077 3207 5149 μεριμνῶν
3265 5078 3360 5129 τοῦ
3389 5068 3639 5131 πλούτου.
3675 5068 3749 5125 Οὐ

2088 5168 2188 5245 γὰρ
2242 5167 2270 5220 6
2328 5161 2556 5226 πλοῦτος
2627 5158 2880 5236 βλάπτει,
2944 5158 3065 5216 ἀλλ’
3114 5162 3166 5216 αἱ
3226 5158 3477 5237 μέριμναι
3534 5158 3742 5220 τούτου.

2090 5254 2236 5313 Ἐπεὶ
2280 5251 2471 5309 πολλοὶ
2528 5251 2628 5306 ὑπὸ
2678 5256 2770 5306 τοῦ
2799 5247 3029 5309 πλούτου
3078 5246 3463 5329 ὠφελήθησαν,
3494 5247 3744 5325 ῥίψαντες

2090 5346 2245 5401 αὐτὸν
2288 5344 2360 5407 εἰς
2416 5341 2510 5403 τὰς
2568 5344 2675 5394 τῶν
2705 5339 2952 5409 πενήτων
2985 5338 3271 5418 γαστέρας.
3305 5335 3506 5393 Σκόπει
3537 5336 3593 5394 δέ
3648 5357 3743 5411 μοι

2090 5437 2176 5492 καὶ
2229 5434 2326 5502 τὴν
2386 5427 2652 5508 ἀκρίϐειαν
2695 5450 2788 5485 του
2841 5425 3240 5508 εὒαγγελιστοῦ,
3313 5430 3428 5490 πῶς
3474 5425 3575 5507 ἔφη
3620 5426 3746 5504 περὶ
