4116 6212
304 284 410 349 801
1029 292 1468 375 ENARRATIO
1527 296 1609 361 IN
1654 295 2161 361 EVANGELIUM
2209 296 2444 360 LUC/E.
2495 330 2567 340 —
2615 300 2781 362 CAP.
2830 301 2995 364 VIII.
3552 302 3668 370 802

296 432 403 479 τὼν
470 427 808 506 σωζομένων,
904 429 1101 493 οἵτινες
1181 433 1499 497 ἀκούσαντες
1580 435 1670 489 τὸν
1756 434 1906 512 λόγοι

1998 480 1999 487 η
2028 430 2723 512 cvangelistaa,quomodo
2752 432 2965 494 dixerit
2997 433 3071 495 de
3103 435 3195 496 his
3227 436 3326 517 qui
3346 437 3664 516 salvantur,

290 514 606 595 κατέχουσι.
669 525 832 575 Τοῦτο
890 521 990 599 γὰρ
1046 522 1170 577 εἷπε
1219 520 1302 577 διὰ
1349 523 1471 587 τοὺς
1498 526 1639 602 παρά
1668 524 1765 591 τὴν
1798 523 1906 580 δδδη

2025 520 2176 599 quod
2212 520 2475 580 auditum
2510 539 2845 581 sermonem
2872 514 3321 588 retineant.lloc
3342 528 3496 587 enim
3522 514 3670 590 dixit

292 603 447 660 Οὑτοι
492 606 592 685 γάρ
637 609 698 664 οὑ
746 608 1057 689 κατέχουσι,
1108 607 1229 667 ἀλλ’
1265 610 1402 689 αἴρει
1434 613 1524 667 τὸν
1554 611 1715 691 λόγον
1764 616 1791 668 ὁ
1821 611 1904 668 διά

2028 619 2267 688 propter
2296 626 2397 669 eos
2428 609 2524 688 qui
2580 628 2687 686 per
2737 611 2887 671 viam
2946 611 3375 693 intelliguntur.
3408 614 3479 677 Hi
3506 617 3663 678 enim

290 690 447 757 ϐολος
477 694 575 751 ἀπ’
606 698 776 753 αὑτῶν
807 715 823 732 ο
856 700 918 754 τὸ
948 696 1026 770 δὲ,
1072 708 1516 781 καρποφοροῦσιν,
1552 690 1677 758 εἶπε
1707 699 1790 758 διὰ
1820 703 1906 757 τοὺ

2028 716 2141 757 non
2174 697 2563 771 retinent,sed
2589 698 2865 759 diabolus
2898 701 3049 762 tollit
3078 690 3159 762 ah—
3182 704 3269 763 eis
3299 723 3663 782 sermonem;

288 784 771 862 συμπνιγομένους,
832 788 921 843 καὶ
1009 789 1087 864 μὴ
1161 787 1636 869 τελεσφοροῦντας.
1708 789 1906 847 Ἐκεῖνε

2025 796 2081 848 et
2134 788 2287 866 quod
2336 787 2588 847 fructum
2641 788 2906 867 afferant,
2944 789 3089 850 dixit
3140 801 3379 872 propter
3431 813 3533 855 eos
3564 797 3666 876 qui

286 872 387 950 γὰρ
446 877 507 933 οὑ
562 883 1009 955 καρποφοροῦσιν,
1043 878 1091 932 οἱ
1138 878 1215 953 μὴ
1270 878 1711 959 τελεσφοροῦντες
1772 878 1906 958 λέγω

2024 876 2411 949 suffocantur,
2447 885 2503 935 et
2534 895 2631 955 qui
2660 895 2776 936 non
2810 879 3132 957 perdurant
3163 900 3347 961 usque
3365 882 3435 943 ad
3459 872 3663 948 finem.

285 963 357 1020 Τὸ
413 963 493 1035 δὲ,
538 964 592 1021 ἐν
651 967 919 1043 ὑπομονῇ,
954 967 1079 1023 εἷπε
1110 966 1193 1023 διὰ
1235 970 1357 1034 τοὺς
1388 968 1472 1025 ἐπὶ
1501 972 1600 1035 τῆς
1630 969 1849 1049 πέτρας,
1883 992 1906 1024 ο

2024 964 2111 1025 ΙΙΙὶ
2134 964 2292 1027 enim
2318 964 2569 1025 fructum
2602 984 2718 1024 non
2742 967 3121 1048 alferunt,qui
3147 988 3259 1029 non
3287 984 3667 1051 perseverant

283 1048 532 1131 δέχονται
576 1055 676 1129 μὲν
725 1054 817 1111 τόν
873 1055 1054 1135 λόγον,
1106 1058 1211 1137 οὑχ
1268 1057 1618 1133 ὑπομένοντες
1660 1056 1713 1114 δὲ
1744 1048 1906 1127 ’πτειρα⁴

2021 1072 2208 1143 usque
2257 1052 2328 1113 ad
2374 1055 2571 1113 tinem.
2610 1054 2789 1115 Porro
2841 1052 2996 1135 quod
3049 1057 3211 1133 dicit,
3255 1048 3313 1119 in
3360 1064 3663 1143 patientia,

281 1147 418 1215 σμού
474 1141 685 1222 ἔφοδον,
739 1142 984 1221 ἀδόκιμοι
1048 1148 1342 1226 φαίνονται.
1413 1138 1567 1225 Ὀρᾷς
1637 1155 1751 1211 πῶς
1813 1152 1906 1204 εἷπ

2018 1141 2161 1202 dixit
2196 1151 2438 1222 propter
2466 1161 2566 1202 eos
2598 1144 2694 1222 qui
2728 1162 2907 1223 super
2940 1154 3186 1227 petram,
3213 1148 3311 1228 qui
3338 1138 3667 1230 suscipiunt.

285 1232 406 1309 περὶ
461 1238 568 1288 τῶν
615 1233 933 1305 σωζομένων
977 1236 1061 1310 τὸ,
1106 1235 1420 1316 κατέχουσι,
1452 1240 1540 1293 καὶ
1582 1239 1667 1317 τὸ,
1725 1260 1906 1317 καρπο·

2017 1231 2255 1311 quidem
2289 1250 2651 1300 sermonem,
2700 1252 2816 1293 non
2840 1236 3133 1295 sustinent
3156 1246 3351 1298 autem
3386 1245 3665 1300 tentatio-

277 1329 516 1398 φοροῦσι,
578 1324 665 1380 καὶ
716 1325 800 1401 τὸ,
845 1325 1112 1401 ὑπομονῇ,
1159 1326 1247 1381 καὶ
1291 1323 1381 1382 διά
1410 1327 1609 1383 τούτων
1639 1333 1744 1383 τῶν
1773 1333 1901 1403 τριῶ

2017 1322 2107 1381 nis
2139 1322 2403 1395 insidias,
2444 1331 2498 1381 et
2520 1322 2980 1403 comprobantur
3014 1325 3275 1404 reprobi.
3314 1328 3492 1389 Vides
3513 1347 3663 1409 quo-

278 1406 643 1467 ἀποδιέστειλε
703 1414 888 1478 αὐτοὺς
960 1414 1066 1469 ἀπὸ
1121 1420 1227 1471 τῶν
1299 1416 1377 1490 μὴ
1436 1415 1801 1496 κατεχόντων,
1837 1416 1906 1473 οἵ·

2017 1413 2194 1470 ιηυιὶο
2227 1411 2440 1470 dixerit
2465 1411 2537 1470 de
2570 1411 2662 1471 his
2686 1412 2783 1491 qui
2817 1414 3307 1494 sul\'antur,qu0d
3345 1406 3659 1497 retineant,

273 1498 414 1561 τινές
470 1502 599 1557 εἰσιν
644 1504 691 1557 οἱ
747 1503 889 1581 παρά
937 1504 1035 1569 τὴν
1075 1501 1193 1559 ὁδόν
1380 1504 1514 1561 Ἀπὸ
1547 1509 1651 1562 τῶν
1683 1506 1762 1580 μὴ
1792 1508 1906 1563 ὑπο-

2016 1508 2070 1560 et
2104 1500 2354 1560 fructum
2414 1499 2648 1575 faciant,
2692 1509 2866 1580 atque
2912 1504 2966 1560 id
3023 1502 3079 1562 in
3128 1500 3533 1581 'patientiazet
3560 1526 3666 1586 per

275 1589 547 1661 μενόντων
605 1598 901 1669 πειρασμοῦ
958 1591 1165 1673 ἔφοδον,
1213 1593 1411 1658 οἵτινές
1468 1596 1596 1651 εἰσιν
1644 1598 1691 1651 οἱ
1724 1595 1779 1651 ἐν
1808 1611 1901 1654 τατ

2018 1589 2126 1649 tria
2154 1587 2490 1649 distinxerit
2520 1606 2621 1649 eos
2657 1610 2669 1649 :
2707 1589 2893 1650 abhis
2917 1591 3016 1670 qui
3052 1611 3165 1652 non
3199 1593 3480 1668 retiuent,
3516 1604 3573 1655 et
3604 1597 3661 1657 hi

275 1676 547 1743 ἀκάνθαις.
628 1680 763 1736 Ἀπὸ
844 1683 950 1736 τῶν
1029 1683 1107 1757 μὴ
1194 1683 1568 1759 ὑπομενόντων
1636 1706 1906 1763 πειρασμοι

2016 1688 2151 1739 sunt
2184 1680 2279 1758 qui
2307 1678 2474 1771 juxta
2506 1678 2653 1738 viain
2693 1697 2705 1741 :
2741 1679 2815 1739 ab
2848 1680 2938 1739 his
2969 1681 3068 1760 qui
3121 1682 3378 1743 fructum
3421 1703 3535 1743 non
3570 1686 3659 1745 af-

274 1765 483 1847 ἒφοδον,
515 1769 714 1834 οἵτινές
747 1771 875 1826 εἰσιν
909 1774 953 1827 οἱ
981 1769 1065 1828 ἐπὶ
1094 1777 1193 1840 τῆς
1224 1773 1439 1850 πέτρας.

2013 1769 2233 1847 ferunt,
2269 1776 2325 1827 et
2359 1766 2415 1826 hi
2452 1776 2589 1827 sunt
2613 1768 2715 1848 qui
2748 1768 2903 1829 inter
2930 1770 3171 1847 spinas:
3209 1771 3283 1830 ah
3316 1771 3525 1850 hisqui
3543 1792 3657 1835 non

2011 1857 2302 1917 sustinent
2343 1856 2684 1918 tentationis
2714 1857 2985 1929 insidias,
3014 1867 3067 1919 et
3102 1860 3157 1920 hi
3190 1869 3327 1921 sunt
3353 1860 3452 1941 qui
3478 1879 3660 1943 super

2012 1955 2257 2027 petram.

360 2059 387 2091 α
424 2034 601 2101 Οὑδεῖς
646 2035 701 2093 δὲ
740 2035 938 2117 λύχνον
978 2038 1139 2114 ἅψας,
1204 2037 1454 2096 καλύπτει
1513 2043 1669 2101 αὑτὸν
1726 2042 1897 2099 σκεύει

2090 2034 2254 2096 Vens
2320 2036 2415 2100 16-
2438 2036 2762 2099 l8.cNemo
2795 2055 2930 2097 vero
2965 2037 3656 2101 cumlucernamaccen-

272 2124 305 2191 ἡ
368 2126 619 2184 ὑποκάτω
674 2125 860 2195 κλίνης
918 2128 1150 2202 τίθησιν,
1210 2127 1330 2184 ἀλλ’
1373 2132 1459 2186 Eni
1498 2130 1717 2211 λυχνίας
1749 2130 1906 2189 ἒπιτί-

2010 2123 2384 2204 derit,nperit
2415 2142 2542 2189 eam
2562 2135 2831 2201 vase,aut
2861 2145 3041 2204 super
3079 2126 3294 2187 lectum
3331 2128 3516 2205 ponit,
3553 2129 3656 2191 sed

270 2216 445 2293 θησιν,
508 2216 599 2271 ’ἕνα
658 2217 704 2272 οἱ
766 2218 1191 2295 εἰσπορευόμενοι
1248 2217 1484 2294 βλέπωσι
1551 2223 1610 2275 τὸ
1667 2228 1802 2301 φῶς,
1851 2227 1906 2279 ΟΞ

2008 2231 2185 2293 super
2215 2214 2640 2275 candelabrum
2679 2216 2861 2293 ponit,
2898 2224 2957 2273 ut
2981 2216 3270 2277 intrantes
3299 2216 3651 2279 videantlu-

270 2303 371 2381 γσίρ
426 2306 538 2361 ἔστι
603 2308 856 2383 κρυπτὸν,
936 2306 965 2361 ’ὁ
1031 2308 1092 2363 οὑ
1146 2310 1369 2387 φανερὸν
1429 2311 1734 2387 γενήσεται,
1804 2309 1906 2369 οὑδὲ

2010 2302 2304 2365 men.Non
2326 2314 2412 2365 est
2431 2306 2587 2365 enim
2615 2304 3098 2384 occultum,quod
3124 2324 3240 2364 non
3276 2306 3652 2368 manifestum

269 2391 569 2472 ἀπόκρυφον
598 2396 627 2450 ὃ
655 2394 745 2452 οὑν
791 2398 1205 2478 γνωσθήσεται,⁵
1241 2398 1327 2453 καὶ
1372 2400 1444 2461 εἰς
1499 2401 1721 2478 φανερὸν
1767 2400 1906 2478 ἔλθῃ.

2006 2393 2081 2450 sit
2113 2394 2372 2453 futurum
2409 2417 2419 2450 :
2449 2392 3180 2473 necabsconditum,qucd
3207 2414 3321 2454 non
3342 2395 3650 2474 sitcogno-

271 2469 502 2539 Βλέπετε
558 2486 647 2539 οῦν
690 2469 815 2548 πῶς⁷
866 2486 1105 2546 ἀκούετε.
1164 2469 1277 2550 ὐος
1323 2488 1423 2567 γὰρ
1475 2469 1534 2543 ἂν
1577 2469 1709 2568 ἕχξῃ,
1756 2469 1906 2560 δοθη-

2005 2483 2386 2554 scendum,et
2409 2483 2468 2542 in
2503 2483 2874 2563 propatulum
2906 2469 3246 2543 venturum.
3268 2483 3475 2544 Videte
3507 2469 3652 2564 ergo

268 2592 416 2628 σεται
472 2574 614 2648 αῦτῷ
646 2592 662 2610 ·
719 2576 806 2630 καὶ
849 2576 906 2639 ὃς
965 2574 1027 2631 ἂν
1084 2577 1161 2651 μὴ
1218 2575 1350 2656 ἔχῃ,
1384 2580 1470 2633 καὶ
1502 2578 1529 2632 ὃ
1562 2575 1712 2634 δοκεῖ
1742 2577 1906 2658 ἔχειν,

2003 2572 2299 2649 quomodo
2322 2571 2514 2632 audiat
2529 2572 2578 2632 is
2608 2570 2887 2650 Quisquis
2901 2572 3056 2631 enim
3073 2571 3517 2650 habet,dabitur
3540 2574 3646 2635 illi:

268 2660 551 2740 ἀρθήσεται
610 2662 704 2719 ἀπ’
744 2665 923 2728 αὑτοῦ,
961 2663 1184 2732 ’Ἃλλης
1238 2663 1576 2731 διδασκαλὶας
1620 2667 1767 2747 ἀρχὴ
1824 2668 1906 2724 ἒν-

2003 2669 2059 2720 et
2081 2679 2414 2742 quicunque
2456 2680 2572 2721 non
2614 2660 2810 2738 habet,
2838 2660 3010 2720 etiam
3042 2660 3197 2741 quod
3248 2668 3411 2739 putat
3441 2680 3505 2722 se
3538 2665 3645 2723 ha-

265 2753 449 2812 ταῦθα,
487 2753 623 2829 Πρὸς
681 2753 782 2831 γάρ
838 2755 959 2817 τοὺς
1003 2754 1245 2830 μαθητὰς
1302 2753 1710 2830 ἀποτεινόμενος
1755 2765 1906 2814 ταῦτα

2004 2748 2167 2823 bore,
2189 2751 2496 2812 auferetur
2516 2750 2590 2810 ab
2624 2769 2692 2810 eo
2730 2776 2753 2803 υ
2793 2749 2914 2810 Hoc
2946 2749 3075 2809 loco
3102 2748 3343 2809 alterius
3364 2750 3649 2811 doctrinae

262 2835 432 2919 λέγει,
494 2842 569 2904 εἷς
625 2838 892 2919 ἀκρίϐειαν
963 2843 1078 2919 βίου
1130 2842 1333 2921 ἑνάγων
1392 2844 1576 2905 αὐτοὺς
1639 2846 1725 2900 καὶ
1781 2868 1906 2901 παι-

2002 2839 2228 2900 initium
2249 2841 2454 2902 est.Ail
2483 2838 2808 2919 discipulos
2829 2837 2986 2898 enim
3006 2855 3339 2898 sermonem
3358 2838 3642 2916 dirigens,

263 2924 426 2984 δεύων
471 2928 794 3011 ἀναγωῗνίους
858 2932 1027 3010 εἶναι,
1071 2934 1146 2995 ὡς
1192 2932 1332 3011 παρά
1374 2933 1588 2990 πάντων
1631 2932 1906 3010 βλέπεσθαι

2001 2927 2123 2989 haec
2159 2929 2297 2989 dicit
2329 2930 2620 2991 inducens
2651 2946 2754 2989 eos
2784 2927 2853 2987 ad
2900 2936 3116 2987 sanctae
3147 2931 3275 2986 vita}
3305 2926 3642 3003 diligentem

262 3016 582 3093 μέλλοντας.
648 3010 704 3076 Ὅ
781 3022 881 3100 γάρ
938 3019 1197 3077 διδάσκων
1255 3022 1341 3077 καὶ
1403 3022 1702 3101 κηρύττων,
1772 3025 1906 3103 παρᾶ

2000 3018 2353 3090 custodiam,
2391 3027 2447 3080 et
2475 3020 2774 3078 instruens
2806 3024 3118 3095 ulsemper
3150 3032 3205 3075 In
3236 3015 3551 3093 agonesint
3579 3034 3647 3077 ac

261 3107 476 3163 πάντων
533 3106 816 3190 βλέπεται,
873 3110 1014 3189 παρὰ
1082 3110 1297 3166 πάντων
1384 3124 1818 3189 περισκοπετται,
1872 3114 1906 3168 ε]

2000 3108 2352 3183 certamine,
2388 3115 2591 3188 utpote
2642 3106 2715 3166 ab
2747 3103 3020 3165 omnibus
3066 3104 3496 3184 conspiciendi.
3531 3106 3643 3179 Qui

258 3194 422 3259 καλός
470 3202 610 3254 ἰστιν
652 3199 688 3267 ἢ
731 3200 1054 3275 τοὺναντίον,
1104 3201 1202 3256 καῖ
1254 3198 1401 3256 οῦδὲν
1444 3208 1552 3257 τῶν
1602 3206 1757 3261 αὑτοῦ
1784 3203 1906 3281 κρύ-

1998 3196 2155 3256 enim
2190 3196 2362 3258 docet
2391 3216 2457 3258 ac
2491 3196 2792 3277 praedicat,
2828 3193 2904 3255 ab
2948 3193 3223 3255 omnibus
3255 3194 3639 3274 conspicitur,

259 3306 470 3348 πτεται.
526 3287 717 3364 ’Υμεϊς
763 3288 875 3362 οὖν,
922 3291 968 3344 ὡ
1025 3290 1278 3364 μαθηταὶ,
1316 3288 1406 3346 ἐὰν
1436 3289 1606 3370 ἔχητε
1636 3294 1915 3372 προσοχὴν

259 3377 347 3432 καὶ
405 3376 642 3460 σπιυδὲν,
730 3376 1009 3447 δοθήσεται
1094 3380 1223 3453 ὑμῖν
1300 3377 1497 3435 πλείων
1557 3380 1717 3459 χάρις
1774 3382 1916 3460 παρά

259 3467 413 3525 Θεοῦ.
479 3448 585 3529 μΟς
617 3448 663 3523 θ’
695 3465 757 3522 ἂν
786 3468 864 3543 μὴ
895 3467 1002 3547 ἔχῃ
1030 3448 1262 3535 σπουδὴν
1310 3469 1398 3524 καὶ
1429 3448 1732 3549 προσῖχίὴν,
1767 3448 1863 3527 καὶ,
1884 3471 1913 3525 ὃ

257 3551 411 3611 δοκεῖ
477 3555 626 3636 ἔχειν
680 3557 923 3637 χάρισμα
979 3556 1085 3612 ἀπὸ
1153 3563 1308 3637 Θεοῦ,
1364 3555 1449 3612 διὰ
1497 3558 1594 3625 τῆς
1663 3557 1912 3634 ἀμελείας

256 3645 418 3701 αὑτοῦ
444 3642 825 3704 κατασϐέννυσι
853 3647 943 3701 καὶ
984 3644 1279 3706 ἀπόλλυσι.

342 3935 368 3967 ιι
406 3914 769 3992 Παρεγένοντο
824 3910 878 3969 δὲ
932 3914 1064 3991 πρὸς
1138 3914 1294 3970 αὑτὸν
1371 3916 1406 3983 ἡ
1458 3915 1641 3994 μήτηρ
1706 3917 1792 3971 καὶ
1862 3918 1907 3972 οἱ

256 4000 473 4083 ἀδελφοὶ
521 4005 699 4078 αὑτοῦ,
752 4004 841 4060 καὶ
886 4006 979 4061 οὑκ
1023 3999 1279 4060 ὖδύναντο
1312 4017 1598 4083 συντυχεῖν
1641 4006 1782 4079 αὐτῷ
1824 4002 1908 4061 διὰ

253 4095 347 4148 τὸν
377 4090 568 4172 ὄχλον.
606 4093 704 4153 Καὶ
734 4090 1023 4171 ἀπηγγέλη
1054 4093 1220 4169 αὑτῷ,
1252 4090 1517 4170 λεγόντων
1555 4110 1572 4128 ο
1631 4084 1693 4148 Ἡ
1724 4094 1907 4173 μήτηρ

255 4202 351 4238 σου
392 4183 482 4238 καὶ
539 4183 588 4237 οἱ
646 4179 861 4261 ἀδελφοί
911 4202 1004 4237 σου
1055 4181 1343 4251 ἑστήκασιν
1389 4179 1508 4253 ἔξω,
1542 4179 1673 4238 ἰδεῖν
1700 4203 1757 4239 σε
1813 4182 1905 4239 θέ-

1998 3284 2078 3345 ab
2103 3284 2382 3347 omnibus
2412 3286 2794 3366 dijudicatur,
2817 3284 2958 3344 ’526
2991 3303 3128 3345 num
3163 3284 3449 3347 honestus
3482 3285 3645 3365 sit,et

1999 3377 2140 3438 nihil
2166 3379 2327 3457 quod
2362 3378 2496 3441 facit
2526 3377 2875 3440 occultatur.
2912 3378 3030 3437 Vos
3055 3375 3252 3457 igitur,
3278 3395 3310 3435 ο
3341 3375 3640 3458 discipuli,

1997 3467 2043 3526 si
2105 3467 2484 3530 attenderitis
2516 3476 2571 3527 et
2600 3466 2850 3527 studiosi
2900 3466 3163 3546 fueritis,
3196 3465 3435 3527 dabitur
3479 3466 3641 3527 vobis

2001 3557 2189 3636 major
2219 3558 2409 3636 gratia
2433 3577 2465 3618 a
2499 3559 2640 3620 Deo.
2678 3555 2791 3627 Qui
2824 3573 2960 3616 vero
2989 3574 3102 3615 non
3138 3554 3479 3618 adhibuerit
3512 3565 3640 3617 stu-

1997 3648 2159 3710 dium
2185 3659 2243 3711 et
2272 3649 2870 3730 attentionem,etiam
2896 3647 2945 3708 si
2976 3665 3147 3727 quam
3180 3646 3425 3724 gratiam
3453 3648 3640 3710 habe-

1993 3756 2060 3800 re
2092 3739 2593 3821 videaturaDeo,
2643 3758 2750 3821 per
2805 3736 3232 3818 negligentiam
3292 3756 3454 3798 suam
3508 3757 3639 3801 eam

1993 3828 2313 3908 exstinguit
2341 3840 2399 3892 et
2425 3831 2637 3908 perdit.

2077 3920 2253 3983 Vens.
2284 3922 2357 3981 19
2397 3923 2497 3983 Ql.
2538 3946 2563 3975 α
2589 3923 2899 3985 Venerunt
2930 3925 3125 3979 autem
3154 3916 3224 3977 ad
3254 3916 3418 3977 illum
3454 3926 3641 3977 mater

1992 4016 2048 4067 et
2083 4001 2297 4070 fratres
2326 4010 2473 4089 ejus,
2524 4018 2578 4071 et
2628 4028 2744 4070 non
2805 4013 3077 4087 poterant
3127 4006 3293 4067 adire
3324 4024 3458 4066 eum
3505 4023 3627 4085 prae

1992 4096 2185 4170 turba,
2220 4106 2277 4159 et
2300 4100 2630 4161 nuntiatum
2658 4106 2748 4160 est
2780 4097 2887 4176 illi,
2928 4097 3294 4177 dictumque,
3327 4094 3512 4156 Mater
3542 4103 3639 4156 tua

1991 4194 2050 4246 et
2097 4186 2307 4248 fratres
2335 4188 2416 4249 tui
2451 4196 2604 4249 stant
2638 4187 2802 4267 foris,
2855 4186 3115 4246 volentes
3164 4194 3221 4245 te
3268 4184 3493 4249 videre.
3528 4183 3636 4257 Qui

254 4270 466 4337 λοντες.
531 4263 588 4329 Ὀ
647 4271 702 4329 δὲ
766 4272 1087 4351 ἀποκριθεὶς,
1125 4271 1251 4329 εἶπε
1280 4274 1413 4351 πρὸς
1445 4274 1628 4336 αὑτούς
1669 4314 1684 4329 .
1715 4275 1906 4352 Μήτηρ

1998 4276 2611 4354 respondensdixitad
2644 4263 2990 4339 illosiMater
3022 4293 3152 4335 mea
3182 4284 3239 4335 et
3262 4273 3475 4336 fratres
3511 4275 3640 4336 mei

254 4384 356 4437 μου
398 4364 483 4419 καὶ
542 4359 757 4441 ἀδελφοί
797 4383 900 4437 μου
954 4360 1099 4418 οὗτοί
1157 4363 1284 4417 εἰσιν
1343 4363 1395 4460 οξ
1449 4362 1541 4417 τὸν
1597 4360 1757 4438 λόγον
1814 4371 1906 4421 τοὸ

1998 4363 2054 4425 hi
2074 4373 2211 4427 sunt
2239 4367 2338 4446 qui
2368 4384 2705 4427 sermonem
2758 4364 2861 4426 Dei
2894 4363 3159 4438 audiunt,
3190 4372 3245 4424 et
3289 4363 3511 4424 faciunt
3558 4363 3633 4424 il-

258 4458 389 4510 Θεοῦ
446 4452 726 4515 ἀκούοντες
795 4452 885 4508 καὶ
938 4460 1232 4515 ποιοῦντες,
1298 4473 1327 4504 ι
1380 4446 1648 4507 Ἐντεῦθεν
1699 4448 1903 4507 δείκνυ-

1998 4453 2141 4517 lum.
2178 4479 2200 4513 ii
2239 4453 2363 4517 Hoc
2398 4457 2525 4518 loco
2558 4454 2890 4516 ostenditur
2918 4453 3073 4533 quod
3108 4450 3298 4515 fuerit
3351 4472 3465 4515 non
3499 4471 3633 4514 cum

254 4564 365 4617 ται,
427 4540 508 4597 ὅτι
560 4541 656 4598 οὑκ
706 4541 774 4609 ἦν
831 4540 967 4615 μετά
1017 4545 1125 4595 τῶν
1166 4538 1331 4595 ικατά
1387 4539 1556 4619 σάρκα
1586 4546 1854 4619 συγγενῶν
1884 4544 1912 4599 ὁ

257 4632 481 4710 Χριστός
515 4646 531 4662 ⁸
579 4628 890 4689 καταλιπὼν
941 4629 1040 4707 γάρ
1083 4629 1326 4707 τούτους,
1376 4628 1629 4708 σχολάζει
1654 4630 1721 4698 τῆ
1742 4650 1908 4686 πνευ-

509 4718 840 4799 διδασκαλλᾳ,
900 4716 1021 4773 ἀλλ’
1084 4717 1281 4775 ἐκεῖνοι
1340 4719 1719 4796 παραγένονται
1776 4720 1908 4798 πρὸς

255 4810 439 4873 αὐτόν.
487 4808 666 4875 Οῦτως
709 4811 798 4865 οὖν
827 4808 944 4887 χρὴ
993 4808 1081 4863 καὶ
1122 4808 1293 4864 πάντα
1337 4808 1429 4863 τὸν
1483 4806 1749 4865 διακονίαν
1801 4830 1904 4866 πε·-

254 4898 611 4975 πιστευμένον
692 4905 848 4973 Θεοῦ,
932 4894 1100 4972 μηδὲν
1181 4898 1452 4953 ποιεῖσθαι
1522 4898 1905 4978 προτιμότερον

254 4990 475 5063 ταύτης,
537 4986 675 5045 ἀλλά
718 4989 805 5044 καὶ
858 4999 1037 5065 γονεῖς
1095 4988 1478 5064 παρωθεῐσθαι,
1523 4985 1640 5064 εἴγε
1673 4986 1904 5063 μέλλου-

255 5101 340 5135 σιν
396 5081 543 5154 ἡμᾶς
602 5074 901 5153 ἐμποδίζειν
972 5073 1262 5156 ἀνωφελῶς
1345 5076 1435 5131 καὶ
1492 5075 1671 5149 μάτην
1726 5077 1796 5143 εἰς
1844 5079 1905 5133 τὸ

254 5178 351 5227 τοῦ
407 5169 538 5227 Θεοῦ
565 5164 741 5244 ἔργον,
779 5156 793 5177 ’
819 5175 998 5243 Ωσπερ
1028 5166 1115 5222 οὖν
1146 5164 1235 5219 καὶ
1277 5170 1363 5221 νῦν
1409 5166 1437 5219 ὁ
1482 5164 1671 5244 Κύριος
1728 5180 1899 5229 ποιεῖ.

1993 4543 2332 4606 carnalibus
2364 4544 2628 4624 cognatis
2647 4541 3232 4606 Christuszillisenim
3262 4542 3636 4625 relictis,spi-

1991 4633 2445 4698 ritualivacabat
2464 4631 2938 4705 doctrinaunde
2960 4632 3044 4693 illi
3064 4632 3134 4693 ad
3158 4651 3292 4692 eum
3318 4632 3629 4694 accedunt.

1992 4714 2090 4775 Sic
2109 4714 2282 4775 etiam
2309 4724 2543 4795 oportet
2567 4723 2851 4775 utomnes
2873 4713 3086 4793 quibus
3107 4713 3513 4774 concreditum
3546 4722 3634 4775 est

1990 4804 2389 4866 ministerium
2422 4803 2551 4885 Dei,
2589 4803 2731 4865 nihil
2764 4804 2862 4863 illo
2908 4802 3206 4881 antiquius
3260 4801 3515 4863 habeant
3544 4802 3632 4864 vel

1991 4894 2325 4973 praeferant.
2369 4893 2516 4956 Sunt
2550 4894 2696 4955 item
2732 4900 2789 4954 et
2836 4899 3111 4973 parentes
3160 4892 3513 4971 repellendi,
3546 4891 3631 4953 si-

1988 4982 2228 5064 quidem
2262 4984 2484 5064 absque
2534 4982 2781 5043 utilitate
2841 4990 2897 5042 et
2947 4981 3159 5043 frustra
3206 4981 3265 5042 in
3314 4999 3495 5061 opere
3528 4983 3627 5043 Dei

1990 5091 2095 5133 nos
2126 5073 2469 5153 impedituri
2489 5070 3153 5152 sunt,quemadmodum
3179 5079 3233 5130 et
3252 5089 3411 5131 nunc
3432 5070 3624 5132 Domi-

1989 5182 2101 5224 nus
2131 5163 2288 5226 facit.
2328 5161 2477 5234 Quia
2508 5162 2666 5225 enim
2703 5162 2980 5222 dixerant
3025 5159 3110 5221 illi
3155 5160 3393 5240 quidam
3426 5159 3500 5221 de
3524 5178 3628 5221 co-

1334 5294 1427 5358 Ex»
1448 5295 1769 5360 collatione
1796 5298 1953 5363 codd
2012 5298 2224 5361 Venet.
2260 5299 2323 5360 S.
2363 5297 2573 5360 Marci.

337 5424 428 5505 (3)
454 5421 607 5488 Cod.
642 5421 791 5505 73l,_
840 5420 1051 5505 Οῗτινές
1124 5420 1252 5475 εἰσιν
1294 5420 1352 5505 *οἱ
1408 5419 1551 5505 παρα
1606 5422 1703 5505 τὴν
1758 5420 1901 5480 ὁδόν,

255 5499 406 5563 Ἀπο
436 5512 541 5563 τῶν
590 5504 668 5581 μὴ
717 5501 1197 5582 τελεσξορούντων.
1240 5499 1462 5582 ΔΟξίτινές
1494 5500 1624 5582 siam
1668 5500 1901 5582 éy‘ta‘tc

255 5588 529 5665 ἀκάνθαις,
558 5577 613 5642 κ’.
648 5606 696 5642 τ.
732 5583 784 5645 λ.
826 5577 1123 5657 σΗίειιηι,
1156 5577 1258 5661 qui
1280 5579 1447 5658 juxta
1479 5578 1656 5641 viam.
1689 5579 1780 5642 Ab
1810 5579 1902 5643 his

1988 5418 2089 5499 qui
2122 5418 2511 5499 fructumisuo
2544 5425 2815 5494 tempore
2843 5434 2956 5476 non
2992 5414 3266 5478 afferunt.
3294 5413 3360 5474 Et
3393 5412 3458 5475 hi
3491 5420 3627 5475 sunt

1987 5498 2085 5580 qui
2120 5502 2274 5561 inter
2302 5498 2525 5575 spinas,
2558 5522 2583 5551 ι
2613 5505 2728 5558 etc.
