4116 6212
411 341 529 405 799
1398 341 1997 407 THEOPHYLACTI
2042 341 2446 405 BULGARLE
2491 344 2853 408 ARCHIEP.
3684 345 3823 414 800

410 472 613 563 solum
628 480 690 536 ut
710 473 1102 547 seminet,sed
1125 473 1345 538 exiitut
1362 473 1617 537 seminet
1637 492 1845 538 semen
1863 492 2023 536 suum

2108 476 2478 553 ικατακαύσῃ,
2532 474 2655 534 ἀλλ’
2703 477 2795 535 ἵνα
2825 479 3015 559 σπείρῃ
3040 494 3059 515 ⁸
3092 477 3349 544 πολλάκις
3392 481 3493 561 γὰρ
3522 481 3815 563 ἐξέρχεται

410 562 692 642 Proprius
716 564 875 625 enim
894 564 1022 643 ejus
1044 572 1131 625 est
1156 582 1355 626 sermo
1377 564 1751 643 doctrinae,et
1771 582 1885 625 non
1904 562 2019 625 alie

2141 565 2169 619 6
2227 566 2465 643 γεωργὸς
2524 567 2614 622 καὶ
2670 565 2738 623 δι’
2791 566 2953 641 ἄλλα,
3010 569 3071 626 οὒ
3127 568 3290 644 μόνον
3345 568 3431 626 διὰ
3464 572 3528 628 τὸ
3551 562 3810 651 exeipit.

406 653 858 732 nus.Propheta3
887 652 1045 714 enim
1079 671 1449 734 quaecunque
1479 653 1821 723 dixerunt,e
1841 652 2023 733 spirit‘

2142 660 2241 711 Τὸν
2284 654 2480 732 σπόρον
2524 652 2578 710 δὲ
2622 659 2781 715 αὐτοῦ
2823 655 3009 724 ἒξῆλθε
3056 670 3296 736 σπεῖραι.
3346 656 3517 724 ’Ἷδιος
3699 662 3809 718 αὖ·

406 738 703 829 d_ixerunt,
736 751 797 829 et
826 760 944 803 non
999 749 1064 803 ut
1087 742 1360 829 Apropria
1398 762 1411 801 :
1446 742 1602 804 unde
1641 748 1700 802 et
1728 741 2003 829 dixerunt

2137 743 2231 797 τοῦ
2282 742 2351 807 ἧν
2408 745 2436 798 6
2493 741 2651 822 λόγος
2698 746 2795 810 τῆς
2827 742 3188 819 διδασκαλίας,
3234 748 3322 803 καὶ
3364 747 3458 804 οὒκ
3486 738 3804 829 ἀλλότριος.

404 826 541 889 Haec
563 827 706 890 dicit
736 828 1046 891 Dominus.
1072 827 1342 891 Christus
1364 846 1503 892 vero
1536 829 1841 910 proprium
1879 828 2023 892 habe

2139 832 2199 887 Οἱ
2253 830 2348 906 μὲν
2406 832 2507 911 γὰρ
2561 838 2853 913 προφῆται,
2913 832 3013 891 ὅσα
3058 832 3267 913 ἔλεγον,
3312 838 3409 892 οὐκ
3440 835 3554 894 ἴδια
3581 826 3801 916 ἔλεγον,

404 918 866 991 semen,idcirco
891 937 1009 981 non
1032 918 1268 981 dicebat
1301 919 1527 981 docens
1554 938 1566 976 :
1604 918 1739 981 Haec
1763 918 1905 980 dicit
1931 921 2023 981 D0

2137 916 2274 1007 ἀλλά
2315 927 2406 977 τοῦ
2445 923 2770 998 πνεύματος,
2835 924 2930 979 Διὸ
2987 922 3195 1002 ἔλεγον,
3229 923 3363 985 Τάδε
3393 924 3543 1004 λέγει
3576 928 3804 1007 Κύριος.

407 1006 736 1084 minus,sed
774 1007 932 1088 :Ego
965 1008 1100 1070 dico
1131 1007 1681 1072 vobis.Seminante
1704 1016 1898 1070 autem
1922 1007 2023 1069 illo

2139 996 2197 1063 Ὀ
2241 1005 2295 1062 δὲ
2353 996 2586 1087 Χριστὸς
2634 1007 2769 1066 ἴδιον
2803 1011 2933 1089 εἶχε
2961 1013 3053 1068 τὸν
3091 996 3314 1090 σπόρον.
3354 1014 3448 1069 Διὸ
3470 996 3571 1070 ὀὑκ
3612 996 3807 1092 aqu

405 1094 517 1157 hoc
539 1104 629 1158 est
657 1097 935 1177 docente,
963 1097 1122 1159 aliud
1156 1098 1398 1177 quidem
1422 1097 1639 1160 cecidit
1667 1096 1826 1159 circa
1852 1097 2005 1160 viam

2136 1094 2262 1151 ὅταν
2294 1095 2580 1172 ἐδίδασκεν,
2615 1098 2696 1155 ὅτι
2720 1098 2852 1157 Τάδε
2879 1098 3020 1178 λέγει
3056 1101 3265 1180 Κύριος,
3294 1098 3440 1175 ἀλλ’,
3475 1100 3621 1181 Ἐγὼ
3653 1102 3807 1181 λέγω

406 1202 523 1245 non
558 1184 703 1247 dixit
731 1186 887 1266 quod
923 1186 1238 1266 projecerit
1261 1186 1699 1260 seminans,sed
1729 1186 2023 1267 quodillut

2134 1184 2285 1257 ὑμῖν.
2328 1182 2417 1242 Ἐν
2460 1193 2538 1261 τῷ
2593 1187 2823 1263 σπείρειν
2867 1185 2922 1243 δὲ
2966 1187 3146 1269 αὒτὸν,
3191 1190 3483 1265 τουτέστιι,
3513 1191 3570 1247 ἐν
3599 1198 3684 1265 τῷ
3712 1190 3803 1248 διο

402 1272 709 1337 ceciderit.
742 1273 888 1336 Nam
916 1275 1013 1353 qui
1038 1277 1318 1357 seminat,
1348 1276 1601 1337 seminat
1634 1283 1691 1337 et
1722 1276 2023 1345 docet,ser

2134 1270 2367 1345 δάσκειν,
2415 1273 2546 1332 ἄλλο
2577 1276 2674 1350 μὲν
2730 1277 2887 1333 ἐπεσε
2944 1277 3089 1355 παρὰ
3144 1278 3245 1344 τὴν
3302 1275 3446 1342 ὁδόν,
3499 1283 3608 1339 Οὔκ
3639 1284 3806 1337 εἶπεν

404 1379 499 1422 mo
529 1370 724 1425 autem
758 1362 915 1425 cadit
938 1364 999 1425 in
1024 1362 1439 1427 audientes.Hi
1460 1373 1652 1426 autem
1672 1365 2017 1426 inveniuntu

2136 1359 2221 1417 ὅτι
2281 1361 2491 1442 ἒῤῥιψεν
2549 1367 2576 1420 6
2630 1361 2886 1445 σπείρων,
2945 1364 3065 1422 ἀλλ’
3106 1366 3297 1422 ἔπεσεν
3348 1366 3551 1431 ἑγεϊνιι.
3601 1359 3663 1428 Ὀ
3698 1392 3805 1446 μεν

403 1469 537 1513 esse
561 1451 655 1514 vel
681 1452 790 1526 via,
824 1453 913 1514 vel
947 1462 1134 1533 petra,
1169 1454 1259 1516 vel
1292 1454 1500 1535 spinae,
1535 1455 1621 1515 vel
1679 1464 1838 1517 terra
1870 1454 2023 1516 bona

2134 1451 2232 1530 γὰρ
2290 1455 2515 1525 σπείρων
2566 1454 2765 1533 σπείρει
2823 1458 2912 1511 καὶ
2967 1453 3225 1515 διδάσκει.
3280 1447 3337 1513 Ὀ
3393 1455 3448 1513 δὲ
3506 1457 3671 1536 λόγος
3723 1462 3804 1523 εἰς

400 1538 691 1602 Cmterum
716 1541 1025 1621 discipulis
1046 1542 1554 1623 interrogantibus
1579 1542 2023 1624 parabolam,di

2131 1542 2254 1605 τοὺς
2308 1541 2597 1607 ἀκούοντας
2655 1544 2859 1606 πίπτει.
2922 1547 3075 1602 Οὗτοι
3134 1543 3189 1601 δὲ
3220 1546 3544 1623 εὑρίσκονται
3575 1548 3612 1616 ἢ
3641 1546 3796 1619 ὁδὸς,

400 1628 479 1689 cit
501 1628 827 1694 Dominus:
863 1630 1049 1693 Vobis
1080 1632 1281 1693 datum
1324 1640 1411 1693 est
1443 1633 1601 1694 scire
1634 1631 1913 1712 mysteria
1945 1651 2023 1693 rei

2129 1628 2166 1698 ἢ
2225 1630 2412 1709 πέτρα,
2471 1630 2508 1699 ἢ
2554 1630 2774 1710 ἄκανθα,
2834 1632 2871 1700 ἢ
2923 1633 3095 1712 ὀγαθη
3284 1633 3554 1712 Ἐρωτῶσι
3585 1634 3640 1704 δὲ
3669 1651 3797 1701 τοῖς

397 1717 507 1822 gni
535 1717 661 1820 Dei,
698 1720 810 1781 hoc
844 1727 936 1782 est
990 1718 1155 1782 vobis
1217 1720 1644 1822 quaerentibus,
1689 1729 1751 1822 ut
1782 1721 2022 1822 discetis

2131 1722 2401 1794 μαθηταῖς
2458 1720 2556 1787 τὴν
2612 1718 2948 1800 παραϐολὴν,
2996 1723 3156 1801 φησὶν
3197 1724 3225 1779 6
3254 1720 3467 1801 Κύριος⁶
3506 1714 3668 1799 ἰ’μϊν
3698 1722 3795 1781 δέ-

403 1827 427 1863 I
464 1806 673 1871 Omnis
703 1809 862 1871 enim
883 1810 984 1891 qui
1016 1811 1186 1890 petit,
1222 1810 1585 1891 accipit39.»
1622 1811 1884 1891 Reliquis
1910 1830 2023 1872 veri

2130 1805 2277 1863 δοται
2331 1815 2529 1886 γνῶναι
2573 1810 2638 1864 τὰ
2695 1811 2959 1887 μυστήρια
3012 1812 3111 1876 τῆς
3159 1809 3430 1887 βασιλείας
3474 1812 3568 1869 τοῧ
3627 1820 3787 1893 Θεοῦ,

395 1897 493 1976 qui
526 1898 915 1960 sacramentis
938 1899 1164 1980 indigni
1198 1909 1355 1975 sunt,
1384 1900 1642 1962 obscure
1673 1900 2021 1977 dicuntur,e

2128 1897 2415 1969 τουτέστιν,
2474 1898 2602 1971 ὑμῖν
2664 1909 2783 1961 τοῖς
2841 1904 3058 1969 ζητοῦσι
3118 1902 3327 1974 μαθεῖν,
3384 1922 3413 1955 α
3454 1906 3563 1967 Πᾶς
3599 1902 3703 1980 γὰρ
3761 1904 3791 1960 6

394 1986 728 2047 existimant
756 1987 1000 2068 quidem
1031 2007 1096 2050 se
1126 1989 1348 2065 videre,
1399 1990 1502 2050 sed
1560 2008 1677 2050 non
1708 1989 1915 2051 vident
1945 2013 1957 2048 :
1986 2008 2019 2049 e

2127 1986 2308 2060 αἰτῶν,
2368 1983 2627 2062 λαμϐάνει
2661 2000 2677 2016 ⁸
2722 2009 2743 2039 ι
2803 2000 2922 2051 τοϊς
2976 1985 3031 2043 δὲ
3073 1985 3291 2051 λοιποῖς
3346 2002 3463 2054 τοῖς
3508 1989 3587 2065 μὴ
3617 1988 3789 2056 ἀξίοις

393 2074 639 2137 audiunt
659 2076 923 2156 quidem.
959 2078 1064 2138 sed
1095 2097 1213 2139 non
1248 2078 1607 2159 intelligunt,
1637 2086 1817 2159 atque
1838 2079 1950 2140 hoc
1980 2080 2023 2140 ir

2124 2077 2237 2131 οὖσι
2292 2081 2399 2130 τῶν
2464 2075 2788 2152 μυστηρίων,
2867 2082 3150 2140 σκοτεινῶς
3197 2074 3467 2155 λέγονται,
3524 2079 3614 2135 καὶ
3684 2078 3788 2137 δο-

393 2164 631 2226 illorum
680 2165 922 2227 bonum.
980 2165 1067 2229 Ne
1118 2166 1276 2228 enim
1331 2169 1516 2247 magis
1561 2169 2023 2231 condemnentu:

2126 2172 2274 2220 κούσι
2332 2164 2430 2239 μὲν
2486 2163 2727 2243 βλέπειν,
2788 2164 2846 2222 οὗ
2906 2162 3160 2241 βλέπουσι
3218 2164 3272 2222 δέ
3306 2184 3323 2201 ·
3388 2169 3478 2224 καὶ
3531 2167 3788 2227 ἀκούουσι

394 2253 551 2331 quod
580 2255 810 2331 cognita
837 2258 1113 2334 mysteria
1144 2256 1496 2334 spreverint,
1531 2258 1669 2319 ideo
1701 2257 1774 2318 ab
1804 2257 1923 2318 illis
1971 2276 2023 2320 ea

2127 2253 2248 2333 μὲν,
2295 2255 2355 2309 οὗ
2403 2252 2631 2310 συνιοῦσι
2674 2252 2754 2333 δὲ,
2814 2255 2901 2311 καὶ
2977 2263 3133 2314 τοῦτο
3193 2256 3267 2317 εἷς
3325 2255 3621 2336 εὐεργεσίαν
3678 2262 3786 2318 αὖ·

393 2330 669 2402 Οὴτίεῐυεί
685 2330 1015 2404 abscondit.
1053 2341 1159 2414 Qui
1178 2330 1350 2404 enim
1374 2345 1677 2424 cognoscit
1699 2353 1758 2407 et
1779 2355 2023 2408 contem

2126 2330 2257 2401 τῶν.
2322 2330 2448 2399 υῐνσι
2508 2343 2609 2421 γὰρ
2666 2330 2749 2417 μὴ.
2798 2342 2959 2400 πλέον
3006 2330 3423 2424 κατακριθῶσιν,
3449 2330 3523 2409 ὧς
3552 2346 3690 2421 μετά
3719 2349 3785 2404 τὸ

396 2428 504 2503 nit,
539 2429 807 2505 graviora
839 2440 1112 2493 meretur
1129 2433 1440 2514 supplicia.

2126 2432 2322 2511 γνῶναι
2379 2432 2445 2487 τὰ
2501 2432 2765 2509 μυστήρια
2849 2433 3345 2513 καταφρονήσαντες
3404 2433 3599 2515 αὐτῶν,
3646 2436 3781 2493 τού-

389 2541 479 2576 του
538 2519 714 2576 ἕνεκεν
784 2521 1087 2601 ἀπέκρυψεν
1145 2524 1172 2578 ὁ
1206 2511 1435 2603 Χριστὸς
1496 2525 1589 2583 ἀπ’
1650 2526 1821 2583 αὒτῶν
1868 2528 2055 2587 ταῦτα,
2116 2511 2176 2580 Ὀ
2232 2521 2335 2601 γὰρ
2385 2521 2566 2600 γνοὺς,
2625 2521 2750 2578 εἶτα
2803 2511 3234 2603 καταφρονήσας,
3293 2511 3592 2603 βαρυτέρας
3629 2523 3778 2591 ἄξιος

389 2610 673 2688 τιμωρίας.

468 2698 654 2758 Vens.
695 2698 897 2762 11-15.
934 2701 1070 2760 «Est
1091 2706 1285 2762 autem
1312 2701 1437 2762 haec
1469 2702 1748 2782 parabola
1775 2724 1789 2763 :
1818 2705 2023 2765 Semen

2200 2718 2229 2757 (
2273 2697 2448 2756 ’Ἔστι
2484 2697 2538 2754 δὲ
2595 2698 2728 2767 αὕτη
2780 2701 2815 2768 ἡ
2872 2697 3181 2777 παραϐολὴ,
3218 2691 3275 2759 ιΟ
3308 2700 3503 2778 σπόρος
3558 2700 3699 2759 ἐστὶν
3747 2705 3780 2761 6

386 2794 476 2849 est
507 2804 704 2847 sermo
725 2786 855 2851 Dei.
879 2786 985 2861 Qui
1018 2796 1213 2850 autem
1240 2791 1408 2869 juxta
1458 2792 1642 2872 viam,
1678 2792 1735 2854 hi
1769 2799 1903 2854 sunt
1930 2793 2023 2873 qui

2114 2788 2272 2866 λόγος
2303 2795 2395 2844 τοῦ
2454 2795 2609 2849 Θεο).
2655 2791 2716 2847 Οἱ
2758 2786 2813 2844 δὲ
2860 2790 3004 2868 παρὰ
3049 2792 3149 2856 τὴν
3179 2786 3324 2863 ὁδὸν,
3371 2791 3495 2847 εἰσὶν
3530 2792 3577 2848 οἱ
3605 2791 3784 2849 ἀκού-

384 2874 670 2938 audiunt:
698 2876 915 2938 deinde
945 2878 1105 2939 venit
1128 2877 1400 2941 diabolus
1430 2888 1488 2941 et
1518 2879 1671 2942 tollit
1690 2899 2023 2944 sermonem

2116 2899 2287 2952 οντες,
2350 2878 2475 2934 εἶτα
2533 2876 2747 2957 ἔρχεται
2806 2879 2833 2934 6
2895 2875 3144 2942 διάϐολος
3186 2879 3276 2935 καὶ
3318 2877 3460 2955 αἴρει
3490 2881 3580 2936 τὸν
3609 2879 3781 2959 λόγον

383 2964 459 3026 de
488 2965 670 3028 corde
704 2984 932 3039 eorum,
968 2985 1043 3029 ne
1074 2968 1388 3029 credentes
1419 2972 1904 3033 serventur.Nam
1931 2970 2023 3051 qui

2116 2968 2221 3024 ἀπὸ
2272 2972 2374 3033 τῆς
2424 2964 2634 3046 καρδίας
2693 2968 2889 3044 αὐτῶν,
2949 2966 3044 3024 ἵνα
3101 2969 3179 3043 μὴ
3236 2969 3609 3034 πιστεύσαντες
3669 2994 3781 3028 σω·

383 3071 566 3134 super
627 3062 879 3135 petram,
911 3054 972 3115 hi
1028 3069 1168 3118 sunt
1212 3058 1309 3138 qui
1350 3073 1484 3120 cum
1544 3058 1862 3139 audierint,
1895 3078 2023 3121 cum

2112 3059 2295 3118 θῶσιν.
2351 3056 2410 3113 Οἱ
2462 3053 2517 3111 δὲ
2574 3055 2661 3111 ἐπὶ
2716 3060 2815 3126 τῆς
2887 3054 3106 3135 πέτρας,
3181 3069 3238 3114 ot
3310 3058 3437 3113 ὃταν
3478 3058 3772 3133 ἀκούσωσι,

382 3142 591 3220 gaudio
624 3143 954 3224 suscipiunt
978 3155 1407 3222 sermonem,et
1430 3146 1488 3207 bi
1517 3146 1750 3209 radices
1782 3166 1900 3209 non
1920 3148 2023 3209 ha-

2115 3148 2251 3222 μετὰ
2307 3152 2478 3226 χαρᾶς
2521 3143 2773 3225 δέχονται
2825 3147 2916 3202 τὸν
2959 3145 3144 3225 λόγον,
3195 3148 3284 3203 καὶ
3316 3147 3459 3205 οὗτοι
3490 3148 3632 3226 ῥίζαν
3678 3150 3777 3206 οὐκ

382 3230 649 3329 bent,qui
674 3232 757 3329 ad_
780 3239 1013 3329 tempus
1042 3234 1316 3329 credunt.
1348 3244 1405 3329 et
1436 3234 1496 3296 in
1530 3244 2023 3329 temporetean

2116 3235 2355 3316 ἔχουσιν,
2422 3237 2476 3291 οἳ
2536 3238 2668 3313 πρὸς
2729 3238 2911 3314 καιρὸν
2971 3237 3300 3316 πιστεύουσι,
3358 3237 3448 3293 καὶ
3504 3237 3560 3293 ἐν
3601 3244 3777 3316 καιρῷ

384 3319 558 3381 tionis
582 3320 894 3384 recedunt.
942 3320 1107 3393 Quod
1140 3332 1337 3385 autem
1373 3324 1430 3386 in
1460 3326 1660 3404 spinas
1693 3326 1928 3399 cecidit,
1966 3326 2023 3388 hi

2109 3334 2403 3401 πειρασμοῦ
2447 3322 2779 3403 ἀφίστανται,
2835 3326 2907 3383 T6
2963 3323 3018 3381 δὲ
3067 3326 3140 3387 εἷς
3172 3325 3266 3387 τὰς
3295 3325 3523 3392 ἀκάνθας
3580 3329 3771 3403 πεσὸν,

381 3417 516 3471 snut
540 3409 639 3490 qui
670 3409 1075 3484 audierunt,et
1104 3432 1136 3473 a
1167 3414 1674 3477 sollicitudinibus
1725 3422 1783 3476 et
1805 3415 2023 3477 divitiis

2111 3414 2253 3471 οὗτοί
2310 3415 2438 3469 εἶσιν
2497 3414 2544 3471 οἱ
2613 3414 2957 3487 ἀκούσαντες,
3029 3415 3118 3470 καὶ
3190 3414 3292 3471 ὑπὸ
3354 3420 3627 3491 μεριμνῶν
3681 3417 3774 3473 καὶ

380 3518 450 3561 ac
475 3498 871 3580 voluptatibus
898 3500 1023 3561 vitae
1053 3510 1283 3577 euntes,
1321 3505 1705 3580 sutl‘ocantur,
1745 3504 1884 3565 5Ωὸ
1916 3524 2023 3568 nec

2111 3503 2341 3562 πλούτου
2397 3505 2486 3559 καὶ
2548 3502 2751 3571 ἡδονῶν
2810 3505 2903 3560 τοῦ
2971 3505 3089 3580 βίου
3142 3503 3489 3583 πορευόμενοι
3533 3507 3773 3580 συμπνε-

379 3588 643 3650 ret‘erunt
670 3587 1125 3660 fructquuod
1157 3600 1353 3653 autem
1385 3591 1446 3653 in
1482 3593 1692 3655 bonam
1716 3594 2026 3668 terram,hi

380 3683 519 3739 sunt
548 3677 647 3757 qui
669 3676 729 3738 in
763 3678 944 3739 corde
976 3678 1226 3741 honesto
1258 3698 1327 3741 ac
1352 3680 1509 3742 bono
1547 3683 1859 3746 audientes
1891 3703 2025 3746 ser-

368 3783 619 3826 monem
651 3764 932 3845 retinent,
967 3775 1026 3828 et
1054 3766 1308 3829 fructum
1335 3769 1592 3831 atl‘erunt
1636 3789 1743 3851 per
1792 3772 2026 3852 patien-

378 3853 536 3915 tiam.
580 3878 605 3909 ι
632 3852 779 3915 Tres
812 3854 908 3915 hic
934 3854 1176 3915 ordines
1207 3874 1411 3918 eorum
1437 3867 1576 3919 sunt
1609 3858 1711 3939 qui
1746 3878 1862 3921 non
1893 3878 2027 3922 ser-

374 3942 760 4005 vantur.Nam
796 3942 857 4004 hi
888 3944 987 4024 qui
1019 3962 1192 4005 secus
1222 3946 1399 4021 viam,
1456 3948 1800 4029 neutiquam
1830 3949 2027 4010 susci—

375 4034 542 4114 piunt
590 4051 928 4094 sermonem
968 4053 983 4109 ;
1046 4033 1202 4094 sicut
1249 4035 1405 4095 enim
1450 4037 1542 4096 via
1596 4039 1942 4100 conculcata
1972 4046 2031 4100 et

382 4124 712 4205 constipata
743 4140 948 4184 semen
976 4142 1091 4183 non
1125 4124 1392 4205 suscipit,
1428 4145 1500 4186 eo
1550 4128 1703 4207 quod
1739 4129 1886 4190 dura
1925 4129 2025 4198 sit,

375 4213 454 4275 ita
486 4221 543 4275 et
581 4210 859 4293 obdurati
903 4211 1081 4272 corde
1133 4230 1472 4276 sermonem
1523 4235 1641 4277 non
1699 4218 2029 4297 suscipiunt

378 4302 552 4363 etiam
581 4300 887 4362 audientes
916 4320 929 4360 :
968 4320 1085 4362 non
1116 4302 1428 4365 attendunt
1471 4306 1655 4370 enim.
1692 4311 1759 4367 At
1788 4308 1888 4388 qui
1923 4327 2029 4389 per

376 4401 603 4472 petram
639 4389 1073 4470 intelliguntur,
1104 4391 1443 4472 suscipiunt
1480 4395 1745 4477 quidem,
1769 4396 1872 4458 sed
1909 4416 2028 4477 pra:

374 4479 717 4542 inﬁrmitate
765 4479 1025 4540 humana
1075 4479 1135 4540 in
1188 4482 1613 4546 tentationibus
1634 4495 2025 4547 marcescunt.

2111 3614 2317 3671 γονται,
2366 3593 2455 3648 καὶ
2512 3592 2570 3648 οὔ
2612 3600 3008 3671 τελεσφοροῦσι.
3070 3594 3141 3651 Τὸ
3184 3591 3239 3649 δὲ
3290 3593 3345 3649 ὲν
3376 3599 3444 3669 τῇ
3474 3592 3615 3670 καλῇ
3669 3600 3767 3672 γῇ,

2110 3686 2252 3738 οὗτοι
2311 3683 2440 3737 εἰσιν
2516 3681 2715 3744 οἵτινες
2795 3681 2851 3737 ἐν
2932 3679 3117 3760 καρδίᾳ
3200 3680 3337 3759 καλῇ
3396 3683 3485 3739 καὶ
3568 3681 3764 3761 ἀγαθῇ,

2110 3772 2432 3834 ἀκούσαντες
2488 3772 2579 3827 τὸν
2629 3769 2813 3849 λόγον,
2860 3771 3151 3852 κατέχουσι
3201 3772 3291 3828 καὶ
3345 3792 3771 3851 καρποφορουσιν

2112 3862 2171 3917 ὲν
2225 3862 2496 3935 ὑπομονῇ.
2550 3884 2573 3918 ι
2640 3869 2796 3931 Τρεῖς
2826 3858 2998 3926 τάξεις
3037 3862 3137 3917 εἶσὶ
3184 3866 3292 3917 τῶν
3329 3861 3408 3935 μὴ
3450 3859 3771 3936 σωζομένων

2111 3950 2352 4011 ἐνταόθα.
2409 3952 2469 4006 Οἱ
2527 3948 2623 4017 μὲν
2681 3949 2781 4026 γαρ
2825 3950 2967 4025 παρὰ
3009 3948 3109 4017 τὴν
3152 3948 3293 4023 ὁδὸν,
3355 3951 3400 4005 οἱ
3452 3946 3581 4023 μηδ⁹
3625 3947 3768 4013 ὅλως

2115 4037 2532 4118 παραδεξάμενοι
2577 4038 2668 4094 τὸν
2712 4037 2896 4116 λόγον,
2928 4038 3137 4118 ’Ὥσπερ
3194 4038 3294 4117 γὰρ
3337 4040 3372 4106 ἡ
3400 4036 3545 4110 δ’δὸς,
3594 4058 3768 4095 κατα-

2113 4126 2469 4202 πεπατημένη
2553 4127 2640 4181 καὶ
2722 4125 3174 4202 συμπεπιλημένη
3260 4129 3318 4184 οὗ
3401 4125 3619 4207 δέχεται
3674 4128 3769 4184 τὸν

2112 4237 2330 4295 σπορον,
2379 4218 2453 4278 ὡς
2499 4214 2704 4293 σκληρὰ
2748 4222 2898 4289 οὖσα,
2958 4215 3099 4272 οὕτω
3146 4216 3235 4272 καὶ
3279 4218 3324 4271 οἱ
3358 4213 3768 4295 σκληροκάρδιοι

2110 4303 2217 4363 οὐδ’
2250 4304 2388 4368 ὅλως
2445 4301 2839 4384 παραδέχονται
2890 4305 2981 4361 τὸν
3039 4302 3224 4382 λόγον,
3255 4303 3354 4360 κᾶν
3397 4304 3653 4379 ἀκούωσι,
3686 4306 3768 4379 μὴ

2112 4395 2491 4474 προσέχοντες.
2554 4395 2612 4450 Οἱ
2664 4392 2719 4448 δὲ
2776 4394 2916 4472 παρά
2963 4395 3061 4462 την
3115 4393 3335 4471 πέτραν,
3395 4396 3441 4450 οἱ
3492 4392 3767 4469 δεξάμενοι

2112 4486 2233 4562 μὲν,
2268 4484 2393 4540 εἶτα
2423 4482 2522 4538 ὑπό
2580 4481 2843 4547 ἀσθενείας
2895 4482 3226 4561 ἀνθρωπίνης
3270 4498 3390 4549 τονς
3442 4497 3767 4561 πειρασμοῖς

372 4569 558 4632 Tertii
591 4576 726 4630 sunt
754 4568 852 4649 qui
882 4586 1014 4629 cum
1044 4568 1393 4632 audiverunt
1415 4581 2023 4657 etsusceperunt,praa

2110 4570 2654 4649 θπομαλακισθέντες,
2742 4572 2915 4650 Τρίτοι
2997 4570 3075 4645 δέ,
3138 4570 3199 4628 ὀἰ
3258 4573 3605 4649 ἀκούσαντες,
3674 4574 3767 4630 καὶ

372 4658 531 4722 curis
558 4658 697 4720 vitae
747 4657 924 4736 hujus
973 4657 1360 4723 sutfocantur.
1412 4660 1596 4741 Igitur
1627 4670 1747 4725 tres
1782 4664 2023 4745 quidem

2113 4666 2212 4720 ὕπὸ
2272 4667 2540 4741 μεριμνῶν
2597 4662 2690 4716 τοῦ
2761 4661 2876 4736 βίου
2947 4662 3389 4739 συμπνιγόμενοι,
3453 4670 3611 4739 Τρεῖς
3666 4660 3767 4737 μὲν

372 4756 569 4832 partes
598 4721 976 4808 eorum'sunt
1004 4745 1105 4827 qui
1138 4757 1415 4825 pereunt,
1438 4721 1567 4812 lina
1597 4721 2023 4814 autemjeorum

2109 4761 2197 4811 οὖν
2253 4721 2457 4830 μερίδες
2502 4749 2600 4805 εἰσὶ
2682 4721 2788 4805 τῶν
2846 4721 3250 4825 ἀπολλυμένων,
3313 4752 3408 4826 μία
3449 4721 3508 4806 δέ
3563 4751 3598 4818 ἡ
3655 4721 3766 4805 τῶν

370 4838 471 4920 qui
503 4836 823 4899 salvinntur.
861 4836 948 4897 Ita
977 4837 1147 4915 pauci
1178 4837 1419 4917 quidem
1459 4849 1597 4901 sunt
1646 4842 1748 4923 qui
1777 4862 2023 4905 servan-

2108 4839 2425 4915 σωζομένων
2455 4855 2469 4869 ⁶
2536 4836 2699 4900 οὕτως
2762 4836 2935 4917 ὀλίγοι
2992 4838 3091 4913 μέν
3141 4841 3271 4895 εἰσιν
3329 4842 3377 4896 οἱ
3435 4838 3760 4914 σωζόμενοι,

372 4917 488 5009 tur,
515 4927 717 5008 plures
751 4936 947 4987 autem
972 4924 1072 5006 qui
1119 4937 1393 5005 pereunt.
1427 4929 1577 4993 Vide
1608 4917 1746 4993 item
1780 4952 1914 4994 cum
1950 4932 2023 4995 de

2108 4931 2319 4994 πλείους
2364 4927 2418 4985 δὲ
2463 4931 2508 4984 οἱ
2551 4925 2937 5002 ἀπολλύμενοι.
2992 4917 3140 5006 ιὈρα
3189 4925 3243 4984 δὲ
3274 4927 3361 4984 ἐπὶ
3392 4933 3499 4984 τῶν
3523 4948 3760 5002 συμπνι-

2106 5021 2369 5101 γομὲνων,
2429 5023 2543 5082 πῶς
2610 5021 2903 5076 οὒκεῖπεν
2956 5017 3037 5074 ὅτι
3093 5018 3194 5074 ὑπὸ
3240 5023 3333 5073 τοῦ
3360 5014 3589 5073 πλούτου
3618 5037 3759 5091 συμ-

2103 5112 2400 5188 πνίγονται,
2465 5104 2585 5163 ἀλλ’
2628 5107 2732 5162 ὑπὸ
2788 5112 2893 5162 τῶν
2950 5112 3220 5185 μεριμνῶν
3278 5115 3373 5166 τοῦ
3402 5104 3652 5168 πλούτου.
3688 5105 3762 5162 Οὒ

2102 5201 2201 5279 γὰρ
2256 5201 2283 5253 6
2341 5196 2569 5260 πλοῦτος
2639 5193 2892 5271 βλάπτει,
2957 5193 3077 5252 ἀλλ’
3128 5197 3179 5251 αἱ
3239 5194 3489 5273 μέριμναι
3546 5194 3755 5256 τούτου.

2103 5287 2249 5346 Ἐπεὶ
2294 5284 2484 5343 πολλοὶ
2541 5285 2642 5340 ὑπὸ
2691 5290 2782 5341 τοῦ
2812 5282 3041 5344 πλούτου
3090 5282 3476 5364 ὠφελήθησαν,
3506 5284 3757 5361 ῥίψαντες

2103 5380 2257 5435 αὐτὸν
2302 5378 2372 5440 εἰς
2429 5375 2523 5437 τὰς
2581 5378 2688 5429 τῶν
2718 5374 2963 5443 πενήτων
2997 5373 3283 5453 γαστέρας.
3318 5371 3518 5429 Σκόπει
3550 5371 3605 5429 δέ
3660 5393 3755 5447 μοι

2103 5470 2187 5525 καὶ
2242 5467 2338 5536 τὴν
2398 5460 2664 5541 ἀκρίϐειαν
2708 5484 2800 5519 του
2852 5460 3253 5544 εὐαγγελιστοῦ,
3325 5466 3441 5526 πῶς
3486 5460 3588 5543 ’ἔφη
3632 5462 3759 5541 περὶ

369 5018 464 5080 his
494 5016 593 5096 qui
616 5015 1000 5085 suffocantur,
1048 5014 1333 5099 loquitur,
1376 5024 1674 5099 quomodo
1707 5041 1823 5084 non
1857 5023 2018 5095 dicit,

369 5105 527 5186 quod
561 5122 682 5185 pra;
711 5102 932 5165 divitiis
964 5103 1357 5181 sutfucentur,
1389 5109 1493 5169 sed
1519 5128 1642 5189 pra:
1676 5114 1833 5172 curis
1866 5109 2019 5172 divi-

372 5194 586 5256 tiarum
605 5201 664 5253 et
682 5192 1344 5258 sollicitudinibus.Non
1365 5197 1523 5258 enim
1538 5198 1756 5261 divitize
1777 5209 2014 5271 nocent,

371 5283 473 5347 sed
498 5281 933 5344 sollicitudines
961 5300 1187 5347 earum.
1224 5286 1393 5348 Multi
1416 5289 1574 5349 enim
1609 5307 1820 5369 magna
1847 5309 2019 5351 com-

374 5371 549 5434 moda
578 5389 648 5432 ex
682 5369 901 5432 divitiis
925 5370 1424 5455 percipiunt,illas
1454 5376 1513 5437 in
1535 5396 1859 5458 pauperum
1888 5397 2019 5439 ven-

372 5469 492 5523 tres
517 5458 919 5542 projicientes.
951 5462 1273 5526 Considera
1302 5484 1538 5548 quoque
1569 5475 1626 5530 et
1651 5468 2016 5548 diligentiam

447 5618 502 5666 ³9
530 5615 733 5681 Matth.
766 5636 868 5700 vu,
902 5621 965 5685 8.
