4116 6212
291 240 404 305 801

1024 248 1463 341 ENARRATIO
1522 253 1603 317 ΣΝ
1648 251 2157 317 EVANGELIUM
2204 253 2439 316 LUCE.
2491 286 2563 297 —
2611 256 2775 318 CAP.
2826 258 2991 321 VIII.

3547 258 3663 327 802

280 388 396 435 τὼν
464 382 803 461 σωζομένων,
899 384 1096 449 οἵτινες
1176 388 1494 453 ἀκούσαντες
1575 390 1665 446 τὸν
1752 390 1910 467 λόγον

2023 386 2717 468 cvaiigelistae,quomodo
2747 389 2960 451 dixerit
2992 390 3066 452 de
3098 391 3190 452 his
3222 393 3321 473 qui
3341 394 3659 471 salvantur,

273 468 600 550 κατέχουσι,
664 480 827 531 Τοῦτο
885 476 985 554 γὰρ
1041 478 1166 533 εἷπε
1214 475 1297 533 διὰ
1345 479 1466 542 τοὺς
1493 482 1633 557 παρὰ
1663 481 1759 547 τὴν
1792 479 1929 536 ὁδον.

277 557 441 615 Οὗτοι
486 562 586 639 γὰρ
631 564 693 619 οῦ
741 563 1053 645 κατέχουσι,
1103 563 1224 622 ἀλλ’
1260 566 1397 645 αἴρει
1430 569 1520 623 τὸν
1549 567 1709 647 λόγον
1759 572 1786 624 6
1816 566 1923 623 διά-η

275 645 441 712 ϐολος
471 649 569 705 ἀπ’
600 653 770 708 αὐτῶν
802 670 817 687 ·
850 655 913 709 τὸ
944 651 1021 726 δὲ,
1068 663 1511 736 καρποφοροῦσιν,
1547 645 1671 713 εἶπε
1702 655 1785 714 διὰ
1815 658 1933 719 τοὺς

275 740 765 817 συμπνιγομένους,
827 744 916 798 καὶ
1005 744 1082 819 μὴ
1157 742 1630 824 τελεσφοροῦντας.
1703 744 1933 803 Ἐκεῖνοι

272 828 381 905 γὰρ
440 832 501 888 οὗ
556 838 1004 911 καρποφοροῦσιν,
1038 834 1086 887 οἱ
1133 834 1211 908 μὴ
1265 834 1706 914 τελεσφοροῦντες
1767 834 1930 913 λέγω.

274 918 351 1005 Τὸ
407 918 487 990 δὲ,
533 918 587 976 ἒν
645 922 914 998 ὑπομονῇ,
949 922 1074 978 εἶπε
1105 921 1188 977 διὰ
1231 926 1352 989 τοὺς
1383 924 1467 981 ἐπὶ
1496 927 1594 990 τῆς
1626 924 1843 1005 πέτρας,
1877 928 1928 979 οἳ

272 1002 526 1086 δέχονται
570 1010 671 1084 μὲν
720 1010 812 1065 τὸν
868 1010 1049 1090 λόγον,
1100 1014 1207 1092 οὺχ
1262 1012 1613 1088 ὅπομένοντες
1655 1012 1707 1069 δὲ
1739 1002 1929 1083 πειρα-

270 1102 412 1170 σμού
468 1096 679 1177 ἔφοδον,
734 1096 980 1176 ἀδόκιμοι
1043 1103 1336 1181 φαίνονται,
1408 1094 1561 1180 Ὀρᾷς
1632 1109 1746 1166 πῶς
1807 1107 1928 1159 εἷπε

276 1186 400 1263 περὶ
455 1193 563 1243 τῶν
609 1189 927 1260 σωζομένων
972 1191 1055 1265 τὸ,
1101 1191 1414 1271 κατέχουσι,
1447 1195 1534 1249 καὶ
1577 1194 1661 1272 τὸ,
1720 1215 1924 1272 καρπο-

268 1284 511 1352 φοροῦσι,
572 1279 659 1335 καὶ
711 1280 794 1357 τὸ,
840 1280 1107 1355 ὑπομονῇ,
1154 1282 1242 1336 καὶ
1285 1278 1375 1337 διὰ
1405 1282 1603 1339 τούτων
1634 1288 1739 1338 τῶν
1768 1288 1925 1359 τριῶν

270 1362 637 1423 ἀποδιέστειλε
696 1369 883 1433 αὐτοὺς
955 1369 1061 1425 ἀπὸ
1115 1375 1221 1426 τῶν
1294 1371 1372 1445 μὴ
1430 1370 1795 1451 κατεχόντων,
1831 1371 1923 1428 οἵ-

262 1453 409 1516 τινές
464 1457 593 1513 εἰσιν
638 1459 686 1512 οἱ
742 1458 884 1536 παρά
932 1459 1030 1524 τὴν
1070 1456 1188 1514 ὁδόν
1374 1459 1509 1516 Ἀπὸ
1542 1464 1646 1517 τών
1678 1462 1756 1535 μὴ
1786 1463 1923 1518 ὓπο-

266 1544 541 1616 μενόντων
599 1554 895 1624 πειρασμοῦ
953 1546 1159 1628 ἔφοδον,
1207 1548 1405 1612 οἵτινές
1463 1551 1591 1605 εἰσιν
1639 1552 1685 1606 οἱ
1719 1550 1773 1605 ἐν
1803 1566 1924 1613 ταῖς

2020 476 2171 554 quod
2207 476 2470 535 auditum
2505 495 2839 537 sermonem
2866 479 3315 543 retineantlloc
3337 484 3491 543 enim
3517 484 3665 547 dixit

2022 575 2261 644 propter
2291 583 2392 625 eos
2423 566 2519 644 qui
2575 584 2681 641 per
2731 566 2882 627 viam
2940 568 3369 649 intelliguntur.
3402 570 3473 634 Hi
3501 573 3659 635 enim

2022 672 2136 713 non
2169 653 2558 727 retiuent,sed
2584 654 2859 715 diabolus
2892 658 3044 717 tollit
3073 660 3144 718 ab
3177 660 3264 719 eis
3294 679 3658 739 sermonem;

2020 751 2076 804 et
2128 744 2281 822 quod
2332 743 2583 803 fructum
2635 743 2900 824 afferant,
2938 746 3084 805 dixit
3134 757 3374 828 propter
3426 769 3527 811 eos
3559 753 3661 832 qui

2018 832 2406 905 suffocantur,
2442 841 2498 891 et
2528 850 2625 910 qui
2655 851 2770 892 non
2804 835 3127 912 perdurant
3158 855 3342 917 usque
3360 838 3431 899 ad
3454 840 3658 903 linem.

2019 919 2105 981 Illi
2128 920 2286 981 enim
2313 920 2564 980 fructum
2597 940 2713 980 non
2736 923 3115 1003 allerunt,qui
3142 944 3254 985 non
3281 940 3662 1006 perseverant

2016 1027 2203 1099 usque
2251 1008 2323 1069 ad
2369 1010 2566 1069 linem.
2604 1010 2784 1070 Porro
2835 1012 2990 1091 quod
3043 1013 3206 1088 dicit,
3250 1014 3307 1075 in
3355 1019 3658 1099 patientia,

2013 1097 2156 1157 dixit
2191 1107 2433 1178 propter
2461 1116 2561 1157 eos
2592 1099 2688 1177 qui
2722 1118 2901 1179 super
2934 1110 3181 1182 petram,
3208 1104 3306 1183 qui
3333 1097 3662 1185 suscipiunt

2012 1187 2250 1267 quidem
2284 1206 2646 1255 sermonem,
2694 1207 2810 1248 non
2833 1191 3127 1251 sustinent
3151 1202 3345 1253 autem
3380 1200 3659 1255 tentatio-

2012 1277 2102 1336 nis
2134 1276 2398 1351 insidias,
2438 1278 2975 1358 etcouiprobantur
3008 1281 3269 1361 reprobi.
3309 1284 3486 1344 Vides
3507 1303 3657 1364 quo-

2011 1368 2188 1425 modo
2221 1366 2434 1425 dixerit
2459 1366 2532 1425 de
2565 1366 2656 1427 his
2680 1368 2777 1446 qui
2812 1369 3301 1449 salvantur,quod
3340 1372 3654 1453 retineant,

2011 1462 2064 1515 et
2099 1456 2348 1515 fructum
2408 1454 2642 1531 faciant,
2686 1464 2860 1536 atque
2907 1460 2961 1516 id
3016 1457 3073 1517 in
3123 1455 3527 1537 'patientiaret
3555 1482 3661 1542 per

2012 1543 2119 1604 tria
2149 1542 2484 1604 distinxerit
2514 1562 2615 1605 eos
2651 1565 2663 1604 :
2701 1545 2772 1605 ab
2796 1545 2886 1605 his
2912 1547 3010 1625 qui
3046 1566 3159 1608 non
3193 1549 3474 1623 retinent,
3511 1560 3567 1610 et
3599 1553 3655 1612 hi

266 1632 541 1698 ἀκάνθαις.
623 1635 758 1691 Ἀπό
838 1638 945 1691 τῶν
1024 1638 1101 1712 μὴ
1189 1638 1563 1714 ὑπομενόντων
1631 1648 1911 1717 πειρασμοῐ

2010 1643 2145 1693 sunt
2178 1636 2273 1713 qui
2301 1633 2468 1711 juxta
2499 1634 2648 1694 viain
2687 1652 2699 1696 :
2736 1635 2809 1695 ab
2842 1635 2932 1695 his
2963 1636 3062 1715 qui
3116 1637 3373 1699 fructum
3416 1658 3529 1699 non
3565 1642 3653 1700 af-

264 1720 477 1802 ἒφοδον,
509 1724 708 1789 οἵτινές
741 1726 870 1781 εἰσιν
903 1729 948 1782 οἱ
975 1724 1060 1783 ἐπὶ
1088 1732 1188 1794 τῆς
1218 1728 1433 1804 πέτρας.

466 1990 479 2009 ν
498 1989 522 2009 κ
550 1992 564 2013 ς
645 1990 686 2010 Αὶ
780 1993 793 2015 Ι
979 1993 1003 2011 ,Ι
1313 1995 1322 2012 Ι
1547 1999 1562 2019 θ
1828 1998 1841 2019 Ι

353 2013 381 2045 ε
417 1999 595 2056 Ουοεις
640 2012 695 2047 οε
734 1990 933 2072 λυχνον
972 1998 1133 2069 αψας,
1198 1992 1449 2051 καλυπτει
1508 1998 1664 2055 αυτὸν
1720 2019 1916 2070 σκευει,

265 2079 298 2146 ἡ
362 2081 614 2138 ὑποκάτω
668 2080 854 2149 κλίνης
912 2082 1144 2157 τίθησιν,
1204 2082 1324 2139 ἀλλ’
1368 2086 1453 2141 ἒπὶ
1492 2084 1711 2166 λυχνίας
1744 2085 1915 2143 ἒπιτί-

263 2171 439 2248 θησιν,
502 2170 593 2226 ἵνα
652 2172 699 2227 οἱ
760 2173 1184 2249 εἰσπορευόμενοι
1242 2172 1478 2249 βλέπωσι
1545 2177 1605 2231 τὸ
1662 2182 1796 2256 φῶς.
1845 2182 1918 2236 Οὐ

263 2258 365 2336 γάρ
420 2261 532 2315 ἔστι
597 2262 850 2337 κρυπτὸν,
930 2260 960 2316 ’ὁ
1025 2263 1086 2318 οὗ
1140 2264 1362 2341 φανερὸν
1422 2266 1728 2341 γενήσεται,
1798 2264 1912 2323 οὐδὲ

262 2346 563 2427 ἀπόκρυφον
592 2350 621 2404 ὃ
649 2349 740 2407 οὖν
784 2352 1198 2433 γνωσθήσεταιλ
1234 2353 1321 2407 καὶ
1366 2354 1439 2415 εἰς
1494 2356 1716 2433 φανερὸν
1761 2355 1910 2432 ἔλθῃ.

264 2424 496 2494 Βλέπετε
552 2441 641 2495 οῦν
684 2424 809 2503 πῶς
860 2440 1099 2499 ἀκούετε.
1158 2424 1271 2504 μΟς
1317 2444 1417 2521 γὰρ
1572 2424 1703 2523 ἔχῃ,
1750 2424 1912 2515 δοθή-

260 2547 409 2583 σεται
467 2528 608 2603 αὖτῷ
639 2547 656 2565 ο
713 2530 800 2585 καὶ
843 2531 900 2594 ὃς
959 2529 1021 2586 ἂν
1077 2532 1155 2606 μὴ
1212 2530 1344 2611 ἔχῃ,
1378 2535 1465 2588 καὶ
1496 2534 1523 2587 ὃ
1556 2530 1706 2589 δοκεῖ
1736 2532 1906 2613 ἔχειν,

260 2614 545 2695 ἀρθήσεται
604 2617 697 2674 ἀπ’
738 2620 917 2683 αὑτοῦ,
956 2618 1178 2687 ’Άλλης
1232 2618 1570 2685 διδασκαλὶας
1614 2622 1761 2702 ἀρχὴ
1818 2623 1907 2679 ἐν-

257 2708 443 2767 ταῦθα,
481 2708 617 2783 Πρὸς
675 2708 776 2785 γὰρ
832 2709 953 2772 τοὺς
996 2710 1238 2785 μαθητὰς
1296 2708 1703 2784 ἀποτεινόμενος
1749 2719 1911 2769 ταῦτα

255 2790 426 2873 λέγει,
488 2796 562 2858 εἷς
619 2792 886 2873 ἀκρίϐειαν
957 2798 1071 2873 βίου
1124 2797 1328 2875 ἐνάγων
1386 2799 1570 2860 αὐτοὺς
1633 2801 1719 2855 καὶ
1774 2822 1906 2856 παι-

255 2879 420 2939 δεύων
466 2883 788 2965 ἀναγωνίους
852 2886 1021 2964 εἶναι,
1065 2888 1140 2949 ὼς
1186 2887 1327 2965 παρά
1368 2888 1581 2944 πάντων
1625 2886 1908 2964 βλέπεσθαι

255 2971 575 3047 μέλλοντας.
642 2964 698 3031 Ὀ
774 2976 875 3054 γὰρ
932 2973 1191 3031 διδάσκων
1249 2964 1335 3031 καὶ
1397 2977 1696 3055 κηρύττων,
1766 2979 1967 3057 παράρ

254 3062 470 3118 πάντων
527 3061 809 3145 βλέπεται,
867 3065 1007 3143 παρὰ
1076 3064 1291 3120 πάντων
1378 3078 1813 3143 περισκοπεῖται,
1866 3068 1910 3122 εἰ

252 3149 416 3214 καλός
464 3157 604 3209 εστιν
646 3155 682 3222 ἢ
725 3155 1047 3229 τούναντίον,
1098 3155 1196 3210 καῖ
1248 3153 1395 3211 οὐδὲν
1438 3162 1545 3211 τῶν
1595 3160 1750 3216 αῦτοῦ
1778 3157 1907 3235 κρύ-

252 3262 463 3303 πτεται.
520 3242 710 3319 ’Υμεῐς
756 3243 867 3316 οὖν,
916 3245 961 3297 ὧ
1019 3244 1272 3318 μαθηταὶ,
1309 3243 1400 3300 ἐὰν
1430 3243 1600 3324 ἔχητε
1629 3248 1909 3326 προσοχὴν

253 3332 340 3387 καὶ
399 3330 635 3414 σπιμδὲν,
724 3331 1003 3401 δοθήσεται
1088 3334 1217 3407 ὑμῖν
1293 3332 1491 3390 πλείων
1550 3335 1711 3413 χάρις
1768 3336 1910 3414 παρὰ

252 3421 407 3480 Θεοῦ.
473 3403 578 3484 μΟς
610 3403 657 3477 δ’
688 3420 750 3476 ἂν
779 3422 857 3497 μὴ
888 3421 996 3501 ἔχη
1024 3403 1255 3490 σπουδὴν
1304 3424 1392 3479 καὶ
1422 3403 1726 3504 προσῖχίὴν,
1760 3403 1857 3482 καὶ·
1879 3426 1907 3480 ὃ

250 3505 405 3565 δοκεῖ
470 3509 619 3590 ἔχειν
674 3510 916 3591 χάρισμα
972 3510 1079 3567 ἀπὸ
1147 3518 1301 3591 Θεοῦ,
1358 3510 1442 3567 διὰ
1490 3512 1587 3580 τῆς
1656 3511 1906 3588 ἀμελείας

250 3599 411 3655 αὐτοῦ
437 3596 817 3657 κατασϐέννυσι
846 3601 936 3655 καὶ
978 3598 1273 3660 ἀπόλλυσι.

335 3889 361 3921 ι
400 3868 763 3946 Παρεγένοντο
818 3864 872 3923 δὲ
925 3869 1057 3946 πρὸς
1131 3868 1287 3925 αῦτὸν
1364 3869 1400 3937 ἡ
1452 3869 1634 3948 μήτηρ
1699 3872 1786 3926 καὶ
1856 3873 1901 3927 οἱ

250 3954 467 4037 ἀδελφοὶ
514 3959 693 4032 αὐτοῦ,
746 3958 833 4014 καὶ
879 3960 973 4015 οῦκ
1017 3953 1272 4015 ὗδύναντο
1305 3971 1592 4037 συντυχεῖν
1635 3961 1776 4034 αῦτῴ
1818 3958 1902 4016 διὰ

247 4048 341 4102 τὸν
370 4045 561 4125 ὄχλον.
600 4048 697 4107 Καὶ
727 4044 1017 4125 ἀπηγγέλη
1047 4047 1213 4124 αὐτῷ,
1245 4044 1511 4125 λεγόντων
1549 4064 1565 4083 ⁶
1625 4038 1686 4103 Ἠ
1718 4050 1900 4128 μήτηρ

250 4156 344 4192 σου
386 4137 475 4191 καὶ
531 4137 581 4191 ol
638 4134 855 4215 ἀδελφοί
905 4156 997 4192 σου
1049 4136 1336 4205 ἑστήκασιν
1382 4134 1501 4208 ἔξω,
1536 4134 1667 4193 ἰδεῖν
1694 4158 1751 4194 σε
1807 4137 1898 4194 θέ-

2008 1724 2227 1802 ferunl,
2264 1731 2319 1783 et
2353 1722 2409 1781 hi
2446 1731 2583 1782 sunt
2608 1723 2709 1803 qui
2743 1724 2897 1785 inter
2923 1726 3165 1803 spinas:
3203 1726 3277 1786 ah
3310 1727 3519 1806 bisqui
3537 1749 3651 1790 non

2005 1812 2297 1872 sustinent
2337 1812 2678 1873 tentationis
2709 1813 2979 1885 insidias,
3008 1824 3063 1875 et
3096 1816 3151 1875 hi
3184 1824 3321 1877 sunt
3347 1816 3446 1897 qui
3472 1835 3654 1898 super

2006 1911 2252 1982 petram.

2085 1990 2248 2052 Vens
2313 1992 2409 2053 16-
2434 1991 2757 2055 l8.cNemo
2789 2010 2924 2053 vero
2959 1993 3414 2054 cumlucernam
3431 2014 3650 2057 accen-

2004 2078 2377 2159 derit,operit
2409 2097 2536 2144 eam
2556 2090 2825 2155 vase,aut
2856 2100 3035 2160 super
3074 2082 3288 2142 lectum
3326 2084 3510 2160 ponit,
3547 2085 3650 2146 sed

2002 2186 2179 2248 super
2209 2170 2634 2231 candelibrnm
2673 2171 2855 2249 ponit,
2892 2180 2951 2229 ut
2975 2171 3264 2232 intrantes
3294 2171 3645 2235 videantlu-

2004 2258 2298 2320 men.Non
2320 2269 2405 2320 est
2425 2261 2581 2320 enim
2608 2259 3092 2339 oceultum,quod
3118 2279 3234 2319 non
3270 2262 3645 2324 manifestum

2000 2349 2075 2405 sit
2107 2350 2365 2409 futurum
2402 2372 2412 2405 :
2443 2348 3174 2429 neuabsconditum,qucd
3201 2369 3315 2409 non
3336 2352 3644 2430 sitcogno-

1999 2438 2380 2510 scendum,et
2403 2438 2461 2497 in
2497 2438 2868 2519 propatulum
2900 2448 3240 2499 venturum.
3262 2438 3469 2501 Videte
3508 2459 3646 2519 ergo

1996 2527 2293 2604 quomodo
2316 2526 2571 2588 audiatis
2602 2525 2881 2606 Quisquis
2895 2527 3050 2586 enim
3068 2526 3511 2605 habet,dabitur
3534 2529 3641 2592 illi:

1997 2624 2407 2697 etqutcunque
2449 2636 2566 2677 non
2609 2616 2804 2693 habet,
2832 2616 3005 2676 etiam
3036 2616 3191 2696 quod
3242 2624 3405 2695 putat
3436 2636 3499 2677 se
3532 2621 3639 2679 ha-

1998 2704 2161 2778 bere,
2182 2706 2490 2767 auferetur
2509 2706 2584 2766 ab
2618 2724 2686 2765 eo
2724 2731 2747 2759 ι»
2787 2704 2908 2765 Hoc
2940 2705 3069 2764 loco
3096 2704 3337 2765 alterius
3359 2706 3642 2767 doctrinae

1995 2794 2222 2855 initium
2242 2797 2448 2857 est.Ad
2477 2794 2801 2875 discipulos
2823 2793 2980 2854 enim
3000 2811 3333 2855 sermonem
3352 2794 3635 2872 dirigens,

1995 2882 2117 2945 haec
2153 2885 2291 2945 dicit
2323 2886 2613 2946 inducens
2645 2902 2747 2945 eos
2778 2883 2847 2943 ad
2894 2892 3111 2943 sanctae
3142 2887 3269 2942 vita:
3298 2883 3636 2959 diligentem

1994 2973 2347 3044 custodiam,
2384 2982 2440 3035 et
2468 2975 2768 3033 instruens
2800 2980 3112 3050 utsemper
3144 2988 3200 3031 In
3230 2972 3546 3049 agonesint
3573 2991 3641 3033 ac

1994 3062 2345 3139 certamine,
2382 3070 2585 3143 utpote
2635 3061 2709 3122 ab
2741 3059 3013 3121 omnibus
3060 3060 3489 3140 conspiciendi.
3525 3062 3637 3135 Qui

1992 3150 2149 3211 enim
2184 3151 2355 3213 docet
2385 3171 2450 3213 ac
2484 3151 2786 3232 praedicat,
2822 3148 2897 3211 ab
2942 3149 3217 3211 omnibus
3249 3150 3632 3230 conspicitur,

1992 3238 2072 3299 ab
2097 3240 2376 3302 omnibus
2405 3241 2788 3321 dijudicatur,
2811 3240 2952 3299 526
2985 3259 3122 3300 num
3158 3239 3443 3303 honestus
3476 3241 3639 3321 sit,et

1994 3332 2134 3393 nihil
2160 3334 2319 3411 quod
2356 3332 2490 3395 facit
2520 3333 2868 3395 occultatur.
2906 3333 3024 3392 Vos
3050 3330 3246 3413 igitur,
3272 3352 3304 3391 ο
3335 3331 3634 3413 discipuli,

1992 3422 2037 3481 si
2099 3422 2478 3485 attenderitis
2509 3430 2565 3483 et
2594 3422 2843 3482 studiosi
2894 3421 3157 3502 fueritis,
3190 3420 3429 3482 dabitur
3474 3422 3636 3484 vobis

1994 3512 2183 3591 major
2213 3513 2402 3591 gratia
2426 3532 2459 3573 a
2492 3514 2634 3574 Deo.
2672 3510 2785 3582 Qui
2818 3529 2954 3572 vero
2983 3530 3096 3571 non
3132 3510 3473 3574 adhibuerit
3506 3522 3635 3573 stu-

1991 3603 2153 3665 dium
2178 3615 2236 3666 et
2266 3604 2864 3685 attentionem,etiam
2889 3603 2938 3664 si
2970 3621 3141 3684 quam
3174 3602 3419 3680 gratiam
3447 3604 3634 3666 habe-

1987 3711 2054 3755 re
2086 3695 2587 3776 videaturaDco,
2638 3714 2743 3776 per
2798 3693 3225 3774 negligentiam
3286 3711 3449 3754 suam
3502 3713 3633 3757 eam

1986 3784 2306 3864 exstinguit
2335 3795 2393 3847 et
2418 3786 2630 3863 perdit.

2072 3875 2246 3939 Vens.
2276 3877 2350 3936 19
2390 3878 2491 3939 91.
2532 3901 2557 3931 (ι
2582 3879 2893 3940 Venerunt
2923 3881 3119 3935 autem
3147 3872 3218 3934 ad
3248 3873 3412 3934 illum
3447 3882 3635 3934 mater

1986 3971 2042 4022 et
2077 3956 2291 4025 fratres
2318 3966 2466 4045 ejus,
2517 3974 2572 4026 et
2621 3984 2738 4025 non
2799 3970 3071 4043 poterant
3121 3962 3287 4023 adire
3318 3980 3452 4023 eum
3500 3980 3621 4042 prae

1986 4050 2178 4125 turba,
2213 4062 2270 4114 et
2293 4055 2624 4116 nuntiatum
2651 4062 2742 4115 est
2773 4053 2881 4131 illi,
2922 4053 3288 4133 dictumque,
3322 4051 3505 4112 Mater
3536 4060 3633 4113 tua

1984 4149 2043 4201 et
2091 4141 2299 4204 fratres
2327 4144 2409 4204 tui
2444 4152 2597 4205 stant
2631 4142 2795 4222 foris,
2848 4141 3109 4202 voleutes
3159 4150 3215 4201 te
3262 4141 3487 4204 videre.
3522 4140 3630 4214 Qui

250 4224 459 4290 λοντες.
524 4217 581 4284 Ὀ
639 4225 695 4282 δὲ
759 4226 1081 4305 ἀποκριθεὶς,
1118 4225 1245 4283 εἶπε
1275 4228 1407 4305 πρὸς
1439 4229 1622 4291 αὐτούς
1662 4270 1678 4284 .
1710 4230 1900 4308 Μήτηρ

2002 4232 2513 4309 'espondensdixit
2534 4232 2604 4293 ad
2638 4217 2984 4294 illosfMater
3016 4248 3145 4291 mea
3176 4240 3233 4291 et
3256 4229 3469 4292 fratres
3504 4231 3634 4293 mei

250 4338 350 4392 μου
391 4318 477 4373 καὶ
535 4313 750 4395 ἀδελφοί
790 4338 893 4391 μου
948 4314 1092 4373 οὗτοί
1150 4318 1278 4371 εἶσιν
1336 4318 1389 4414 ot.
1442 4317 1535 4372 τὸν
1590 4315 1751 4394 λόγον
1808 4326 1901 4376 τώ

2002 4318 2048 4379 :ii
2068 4329 2204 4382 sunt
2232 4322 2331 4401 qui
2361 4340 2698 4383 sermonem
2752 4319 2855 4381 Dei
2888 4319 3153 4394 audiunt,
3184 4328 3239 4380 et
3284 4319 3504 4380 faciunt
3551 4319 3627 4381 il-

253 4413 383 4463 Θεοῦ
440 4406 719 4470 ἀκούοντες
788 4406 878 4462 καὶ
931 4414 1225 4470 ποιοῦντες,
1292 4427 1320 4459 ι
1374 4402 1642 4462 Ἐντεῦθεν
1693 4404 1896 4463 δείκνυ-

2002 4410 2134 4473 lum.
2171 4434 2194 4467 η
2232 4408 2356 4473 Hoc
2392 4412 2518 4473 loco
2551 4410 2883 4471 ostenditur
2912 4409 3067 4489 quod
3114 4410 3292 4471 fuerit
3344 4428 3458 4470 non
3492 4427 3626 4470 cum

250 4518 359 4570 ται,
421 4494 501 4551 ὅτι
553 4496 649 4553 οὐκ
699 4495 767 4563 ἧν
823 4494 961 4570 μετά
1010 4500 1118 4550 τῶν
1159 4494 1325 4550 ικατά
1381 4494 1550 4574 σάρκα
1580 4502 1847 4573 συγγενῶν
1877 4499 1905 4554 6

252 4586 474 4665 Χριστός
509 4601 524 4616 ⁸
572 4583 883 4643 καταλιπὼν
934 4584 1034 4662 γὰρ
1077 4584 1320 4661 τούτους,
1370 4583 1622 4662 σχολαζει
1648 4584 1714 4653 τῆ
1735 4606 1901 4641 πνευ-

252 4680 453 4752 ματαῇ
502 4672 834 4753 διδασκαλίᾳ,
894 4670 1015 4727 ἀλλ’
1078 4672 1275 4729 ἐκεῖνοι
1333 4674 1711 4751 παραγίνονται
1769 4676 1901 4753 πρὸς

250 4765 433 4826 αὐτόν,
480 4762 659 4829 Οὕτως
702 4766 791 4819 οῦν
820 4763 937 4842 χρὴ
986 4763 1075 4818 καὶ
1116 4762 1287 4819 πάντα
1332 4762 1423 4817 τὸν
1478 4761 1743 4820 διακονίαν
1794 4785 1897 4821 πε-

249 4852 604 4929 πλστευμένον
685 4859 841 4928 Θεοῦ,
925 4849 1094 4927 μηδὲν
1174 4854 1446 4908 ποιεῖσθαι
1516 4853 1898 4933 προτιμότερον

249 4944 469 5016 ταύτης,
530 4940 667 4999 ἀλλά
711 4943 799 4999 καὶ
851 4954 1029 5019 γονεῖς
1088 4943 1472 5019 παρωθεῖσθαι,
1517 4940 1634 5019 εἴγε
1666 4941 1897 5017 μέλλου-

249 5055 332 5089 σιν
389 5035 537 5108 ἡμᾶς
595 5028 895 5107 ἐμποδίζειν
966 5027 1256 5110 ἀνωφελῶς
1339 5030 1428 5086 καὶ
1486 5030 1664 5105 μάτην
1720 5032 1789 5098 εἷς
1837 5034 1898 5088 τὸ

250 5133 344 5181 τοῦ
399 5122 531 5181 Θεοῦ
558 5119 735 5199 ἔργον,
773 5111 787 5131 ”
812 5130 991 5197 Ωσπερ
1022 5122 1109 5177 οῦν
1140 5118 1229 5174 καὶ
1272 5125 1357 5176 νῦν
1403 5120 1431 5175 6
1477 5120 1663 5199 Κύριος
1722 5135 1892 5183 ποιεῖ.

1987 4498 2325 4562 carnalibus
2358 4500 2621 4580 cognatis
2640 4497 3226 4562 Christuszillisenim
3256 4498 3629 4581 relictis,spi-

1985 4588 2438 4653 ritualivacabat
2457 4587 2932 4662 doctrinze,unde
2954 4588 3037 4649 illi
3058 4588 3128 4649 ad
3152 4606 3286 4648 eum
3312 4587 3622 4650 accedunt.

1985 4670 2084 4731 Sic
2102 4669 2275 4731 etiam
2302 4679 2536 4751 oportet
2559 4679 2845 4731 utomnes
2866 4670 3079 4749 quibus
3101 4668 3506 4730 Concreditum
3539 4678 3627 4731 est

1984 4760 2381 4822 ministerium
2415 4759 2544 4840 Dei,
2582 4759 2725 4821 nihil
2758 4760 2855 4819 illo
2900 4758 3199 4837 antiquius
3253 4757 3508 4819 habeant
3537 4758 3625 4819 vel

1984 4850 2317 4928 praeferant.
2362 4848 2509 4911 Sunt
2543 4850 2689 4912 item
2725 4856 2782 4909 et
2829 4855 3104 4929 parentes
3154 4847 3506 4927 repellendi,
3539 4846 3624 4909 si-

1981 4938 2221 5019 quidem
2255 4939 2477 5019 absque
2526 4938 2774 4999 utilitate
2834 4946 2891 4998 ct
2940 4937 3152 4999 frustra
3200 4937 3259 4999 in
3307 4955 3488 5017 Opere
3520 4938 3622 5000 Dei

1983 5047 2089 5089 nos
2120 5028 2462 5109 impedituri
2482 5026 3146 5108 sunt,quemadmodum
3172 5036 3226 5087 et
3245 5045 3403 5088 nunc
3425 5026 3617 5089 Domi-

1982 5137 2093 5179 nus
2123 5119 2280 5181 facit.
2320 5118 2470 5190 Quia
2501 5118 2659 5180 eniui
2696 5118 2973 5178 dixerant
3017 5115 3103 5177 illi
3148 5116 3386 5197 quidam
3418 5116 3493 5177 de
3517 5135 3621 5177 co~

1328 5249 1412 5313 Ex
1442 5250 1762 5315 collatione
1789 5254 1946 5318 codd
2005 5254 2217 5317 Venet.
2253 5255 2315 5315 S.
2356 5252 2566 5316 Marci.

329 5379 421 5459 (3)
447 5376 601 5443 Cod.
635 5376 783 5459 731,,
833 5374 1045 5459 Οἴτινές
1118 5375 1246 5430 εἰσιν
1289 5374 1346 5459 οἱ
1401 5374 1544 5459 παρα
1599 5377 1697 5459 τὴν
1752 5374 1894 5436 ὁδόν,

250 5453 399 5518 Ἀπδ
429 5468 534 5517 τῶν
583 5458 661 5535 μὴ
710 5456 1191 5537 τελεσχορούντων.
1234 5453 1456 5537 ΔΟξίτινές
1483 5453 1618 5537 sicut
1661 5455 1895 5537 sicut:

251 5543 521 5620 ἂκάνθαις,
551 5532 606 5597 κζ
641 5561 689 5597 τ.
724 5538 777 5600 λ.
819 5532 1116 5612 σΗῖειιηῑ,
1150 5532 1252 5615 qui
1274 5533 1440 5613 juxta
1472 5533 1649 5596 viam.
1682 5535 1775 5597 Ab
1802 5535 1895 5597 his

1981 5373 2082 5455 qui
2115 5373 2503 5455 fructumisuo
2536 5382 2807 5450 tempore
2836 5390 2949 5431 non
2984 5371 3258 5435 afferunt.
3286 5370 3353 5431 Et
3386 5369 3450 5431 hi
3484 5377 3619 5432 sunt

1980 5454 2078 5535 qui
2112 5457 2267 5516 inter
2295 5454 2518 5531 spinas,
2550 5478 2575 5507 ι
2606 5461 2720 5514 etc.
