4116 6212
385 307 503 370 799

1372 305 1970 372 THEOPHYLACTI
2015 304 2419 369 BULGARl/E
2464 307 2826 371 ARCHIEP.

3655 305 3803 375 800

384 438 574 501 solum
602 446 665 501 ut
684 438 1075 513 seminet,sed
1099 438 1319 503 exiitut
1336 438 1591 502 seminet
1611 456 1817 502 semen
1837 456 2008 501 suum

2095 440 2452 517 .κατακαύσῃ,
2506 437 2628 497 ἀλλ’
2676 440 2769 498 ἵνα
2798 441 2989 521 σπείρῃ
3013 456 3032 477 ⁶
3065 439 3321 506 πολλάκις
3366 443 3466 523 γὰρ
3494 442 3792 524 ἐξέρχεται

384 527 666 609 Proprius
690 529 849 590 enim
869 530 996 608 ejus
1018 536 1105 590 est
1130 547 1328 590 sermo
1351 528 1725 608 doctrinae,et
1745 547 1859 589 non
1878 526 2010 589 alie-

2115 529 2143 583 ὁ
2200 530 2439 605 γεωργὸς
2498 530 2587 585 καὶ
2644 528 2712 585 δι’
2765 529 2925 603 ἄλλα,
2983 531 3044 587 οὗ
3100 530 3263 605 μόνον
3317 529 3404 588 διὰ
3438 533 3499 589 τὸ
3522 546 3779 611 σπεῖραι,

381 618 832 697 nus.Propheta3
862 617 1020 679 enim
1053 636 1423 699 quaecunque
1453 617 1796 687 dixerunt,e
1815 616 2010 697 spiritt

2116 623 2215 674 Τὸν
2258 617 2453 695 σπόρον
2497 615 2551 673 δὲ
2595 622 2754 677 αὺτοῦ
2797 617 2983 686 εξῆλθε
3029 632 3269 698 σπεῖραι.
3319 618 3490 685 ’Ἷδιος
3534 623 3636 701 γὰρ
3670 624 3779 679 αὒ-

381 704 677 785 dixerunt,
711 717 772 768 et
801 725 919 768 non
973 714 1039 768 ut
1097 706 1335 786 propria
1372 727 1385 765 :
1421 707 1576 768 unde
1615 712 1674 767 et
1702 705 1977 767 dixerunt
2012 727 2026 769 :

2111 707 2205 760 τοῦ
2257 706 2325 771 ἧν
2382 707 2410 761 ὁ
2467 704 2625 785 λόγος
2672 708 2769 773 τῆς
2800 705 3161 781 διδασκαλίας,
3207 709 3296 765 καὶ
3336 709 3430 766 σῖικ
3459 709 3770 790 ἀλλότριος.

378 792 516 855 Haec
537 792 681 856 dicit
710 793 1021 856 Dominus.
1046 792 1317 856 Christus
1338 810 1477 857 vero
1511 793 1815 875 proprium
1852 792 2005 856 habe

2113 796 2173 851 Οἱ
2227 793 2322 869 μὲν
2381 795 2481 875 γὰρ
2535 801 2827 876 προφῆται,
2887 795 2986 853 ὅσα
3031 795 3240 874 ἔλεγον,
3286 799 3383 855 οὒκ
3413 796 3525 855 ἴδια
3554 798 3769 878 ἔλεγον,

379 884 841 956 semen,idcirco
865 902 984 946 non
1008 883 1242 945 dicebat
1276 883 1501 945 docens
1528 902 1540 941 :
1579 882 1713 944 Haec
1737 882 1879 944 dicit
1906 885 2010 945 Do«

2111 880 2248 968 ἀλλὰ
2289 890 2380 940 τοῦ
2419 885 2745 961 πνεύματος,
2809 886 2903 941 Διὸ
2960 884 3168 964 ἔλεγον,
3203 885 3336 946 Τάδε
3367 886 3513 965 λέγει
3547 889 3772 968 Κύριος.

382 972 710 1050 minus,sed
749 972 908 1052 :Ego
940 972 1076 1035 dico
1106 972 1655 1036 vobis.Seminante
1678 981 1873 1034 autem
1897 971 2024 1045 illo,

379 1061 492 1122 hoc
514 1069 604 1123 est
632 1062 910 1142 docente,
937 1062 1098 1124 aliud
1131 1062 1373 1142 quidem
1396 1062 1614 1124 cecidit
1642 1060 1800 1123 circa
1826 1061 1980 1123 viam
2009 1083 2022 1119 :

380 1167 498 1211 non
533 1149 677 1213 dixit
706 1151 862 1231 quod
897 1150 1213 1231 projecerit
1236 1150 1674 1224 seminans,sed
1703 1149 2022 1231 quodiilud

377 1238 684 1302 ceciderit.
717 1238 863 1301 Nam
891 1240 988 1318 qui
1013 1242 1293 1321 seminat,
1324 1240 1575 1301 seminat
1609 1246 1666 1301 et
1698 1240 2026 1309 docet,ser.

2113 960 2172 1027 Ὀ
2216 968 2269 1026 δὲ
2328 973 2550 1051 Χριστὸς
2608 970 2743 1029 ἴδιον
2777 974 2906 1052 εἶχε
2935 975 3027 1030 τὸν
3065 960 3287 1051 σπόρον.
3328 975 3421 1031 Διὸ
3444 960 3543 1031 οὒκ
3587 960 3776 1053 ἔλεγεν

2110 1057 2237 1115 ὅταν
2268 1058 2554 1135 ἐδίδασκεν,
2590 1061 2671 1117 ὅτι
2694 1060 2825 1120 Τάδε
2853 1060 2995 1140 λέγει
3030 1063 3239 1142 Κύριος,
3268 1060 3414 1136 ἀλλ’,
3448 1061 3595 1142 Ἐγὼ
3624 1062 3777 1141 λέγω

2108 1148 2260 1221 ὑμῖν.
2302 1146 2392 1205 Ἐν
2435 1156 2512 1224 τῷ
2568 1149 2797 1226 σπείρειν
2841 1148 2895 1206 δὲ
2939 1150 3121 1231 αὐτὸν,
3165 1151 3457 1226 τουτέστιι,
3487 1152 3542 1208 ἐν
3574 1160 3653 1226 τῷ
3684 1151 3775 1209 δι-

2109 1233 2341 1309 δάσκειν,
2390 1236 2521 1295 ἄλλο
2552 1239 2649 1312 μὲν
2704 1240 2861 1294 ἔπεσε
2918 1239 3062 1317 παρὰ
3118 1240 3219 1306 τὴν
3276 1237 3421 1304 ὁδόν,
3473 1244 3581 1300 Οὔκ
3612 1244 3779 1298 εἶπεν

378 1344 474 1388 mo
504 1336 699 1390 autem
732 1328 891 1390 cadit
913 1329 974 1390 in
1000 1327 1414 1391 audientes.Hi
1434 1337 1627 1391 autem
1647 1328 2010 1390 inveniuntui

2110 1322 2195 1381 ὅτι
2257 1324 2466 1404 ἔρριψεν
2524 1330 2551 1383 ὁ
2606 1322 2860 1407 σπείρων,
2919 1326 3039 1384 ἀλλ’
3081 1328 3271 1384 ’έπεσεν
3322 1328 3524 1392 ἐνεῖναι,
3575 1321 3635 1389 Ὀ
3669 1353 3779 1407 μεν

378 1434 513 1478 esse
537 1417 631 1479 vel
656 1417 765 1491 via,
799 1417 889 1479 vel
922 1427 1109 1498 petra,
1144 1419 1235 1481 vel
1268 1418 1475 1499 spinae,
1510 1419 1596 1479 vel
1654 1428 1813 1480 terra
1846 1417 2022 1482 bona.

2108 1415 2207 1494 γὰρ
2265 1418 2490 1489 σπείρων
2540 1416 2740 1495 σπείρει
2798 1420 2887 1473 καὶ
2941 1415 3199 1477 διδάσκει.
3255 1409 3311 1475 Ὀ
3366 1416 3423 1475 δὲ
3480 1418 3643 1498 λόγος
3696 1422 3776 1485 εἰς

375 1503 665 1567 Caeterum
691 1506 1001 1587 discipulis
1022 1507 1530 1587 interrogantibus
1554 1506 2010 1587 parabolam,di-

2107 1505 2229 1569 τοὺς
2283 1505 2572 1570 ἀκούοντας
2630 1507 2834 1568 πίπτει.
2896 1509 3051 1565 Οὗτοι
3109 1505 3164 1563 δὲ
3195 1508 3520 1585 εὑρίσκονται
3549 1509 3587 1577 ἢ
3618 1507 3767 1579 ὁδὸς,

375 1594 455 1655 cit
477 1594 763 1657 Dominus
790 1614 803 1659 :
838 1595 1024 1657 Vobis
1056 1596 1257 1657 datum
1300 1604 1387 1657 est
1418 1597 1576 1658 scire
1610 1595 1888 1677 mysteria
1920 1614 2021 1657 re-

2105 1591 2142 1661 ἢ
2200 1592 2387 1673 πέτρα,
2446 1594 2483 1662 ἢ
2529 1593 2749 1673 ἄκανθα,
2809 1594 2846 1663 ἢ
2898 1596 3070 1673 ὸγαθὴ
3258 1594 3529 1674 Ἐρωτῶσι
3560 1595 3615 1665 δὲ
3643 1611 3768 1661 τοῖς

373 1683 482 1785 gni
511 1683 638 1785 Dei,
674 1685 786 1785 hoc
819 1692 911 1747 est
945 1683 1131 1785 .vobis
1193 1685 1619 1785 quaerentibus,
1665 1675 1726 1746 ut
1757 1685 2010 1746 discatis.

2107 1685 2376 1757 μαθηταῖς
2433 1683 2532 1750 τὴν
2588 1680 2923 1763 παραϐολὴν,
2971 1684 3130 1763 φησὶν
3171 1686 3199 1740 ὁ
3229 1681 3443 1763 Κύριος·
3481 1675 3641 1759 ἰ’μῖν
3669 1683 3768 1741 δέ·

379 1793 403 1828 ι
440 1772 650 1836 Omnis
679 1774 839 1836 enim
859 1774 959 1856 qui
992 1775 1162 1855 petit,
1197 1774 1561 1856 accipit39.»
1597 1775 1859 1855 Reliquis
1886 1794 2010 1837 verc

2105 1768 2253 1827 δοται
2307 1778 2504 1850 γνῶναι
2548 1772 2613 1827 τὰ
2670 1773 2935 1849 μυστήρια
2988 1773 3086 1839 τῆς
3134 1771 3405 1848 βασιλείας
3450 1772 3543 1830 to;
3602 1781 3763 1853 Θεοῦ,

371 1862 470 1942 qui
502 1864 890 1926 sacramentis
914 1864 1141 1944 indigni
1174 1874 1331 1939 sunt,
1360 1864 1618 1927 obscure
1649 1864 2010 1941 dicuntur,el

2103 1860 2391 1931 τουτέστιν,
2449 1860 2577 1934 ὑμῖν
2639 1873 2758 1923 τοϊς
2816 1866 3034 1931 ζητοῦσι
3093 1864 3303 1936 μαθεῖν.
3359 1885 3387 1917 ι
3429 1868 3539 1928 Πᾶς
3574 1863 3675 1941 γὰρ
3735 1865 3767 1920 ὁ

369 1952 704 2013 existimant
732 1952 976 2033 quidem
1007 1971 1072 2015 se
1102 1954 1324 2029 videre,
1375 1954 1478 2015 sed
1536 1972 1653 2014 non
1685 1953 1890 2014 vident
1921 1977 1933 2012 :
1963 1961 2019 2014 et

369 2040 899 2121 audiuntquidem.
935 2043 1040 2103 sed
1071 2061 1189 2104 non
1223 2042 1583 2123 intelligunt,
1613 2050 1793 2122 atque
1815 2043 1926 2104 hoc
1956 2043 2017 2105 in

352 2129 607 2191 illorum
656 2130 898 2192 bonum.
956 2130 1042 2193 Ne
1094 2131 1252 2193 enim
1306 2132 1493 2211 magis
1537 2133 2020 2194 condemnentur

370 2218 527 2297 quod
556 2220 786 2297 cognita
813 2222 1090 2299 mysteria
1121 2221 1472 2299 spreverint,
1507 2222 1645 2283 ideo
1676 2221 1750 2282 ab
1780 2221 1899 2282 illis
1947 2240 2019 2283 ea

367 2303 632 2368 Christus
661 2305 992 2369 abscondit.
1029 2306 1135 2379 Qui
1168 2308 1326 2368 enim
1351 2309 1653 2388 cognoscit
1676 2317 1734 2371 et
1755 2319 2020 2371 contem-

373 2394 481 2469 nit,
515 2395 784 2470 graviora
815 2404 1088 2458 meretur
1105 2397 1417 2478 supplicia.

366 2507 455 2542 του
515 2484 691 2542 ἕνεκεν
761 2486 1064 2566 ἀπέκρυψεν
1121 2489 1149 2543 ὁ
1190 2493 1412 2567 Χριστὸς
1473 2489 1565 2547 ἀπ’
1626 2490 1797 2547 αὐτῶν
1845 2491 2032 2550 ταῦτα,

365 2576 650 2653 τιμωρίας.

444 2663 631 2724 Vens.
672 2663 874 2727 11-15.
911 2666 1047 2725 «Est
1068 2671 1261 2727 autem
1288 2665 1414 2727 haec
1446 2665 1724 2746 parabola
1752 2686 1766 2727 :
1794 2668 2006 2729 Semen

363 2760 454 2815 est
483 2769 681 2813 sermo
703 2751 833 2815 Dei.
856 2751 962 2825 Qui
995 2760 1190 2814 autem
1217 2755 1385 2833 juxta
1435 2756 1619 2836 viam,
1656 2756 1713 2817 hi
1746 2763 1879 2817 sunt
1906 2755 2007 2836 qui

361 2840 647 2904 audiunt:
675 2840 892 2903 deinde
923 2843 1083 2903 venit
1106 2842 1377 2905 diabolus
1407 2852 1465 2905 et
1495 2843 1648 2906 tollit
1667 2861 2006 2907 sermonem

360 2928 436 2991 de
465 2930 648 2993 corde
681 2948 910 3004 eorum,
944 2949 1021 2994 ne
1050 2932 1365 2994 credentes
1396 2936 1881 2996 serventur.Nam
1908 2933 2008 3014 qui

360 3037 544 3099 super
605 3028 857 3099 petram,
888 3018 950 3080 hi
1005 3033 1145 3083 sunt
1190 3022 1287 3102 qui
1327 3037 1461 3085 cum
1521 3022 1839 3103 audierint,
1873 3041 2007 3083 cum

359 3108 569 3185 gaudio
601 3107 932 3188 suscipiunt
955 3118 1384 3186 sermonem,et
1407 3109 1465 3171 bi
1494 3109 1727 3173 radices
1760 3129 1877 3173 non
1897 3112 2006 3171 ha-

360 3195 627 3292 bent,qui
651 3196 735 3292 ad
758 3204 991 3292 tempus
1020 3199 1294 3292 credunt,
1325 3207 1383 3292 e_t
1413 3199 1473 3260 in
1507 3208 2003 3292 tempore‘tentaf
2024 3243 2063 3292 ο

361 3284 536 3346 tionis
560 3285 872 3348 recedunt.
920 3285 1085 3358 Quod
1117 3295 1315 3349 autem
1350 3287 1408 3350 in
1437 3290 1637 3367 spinas
1670 3289 1905 3362 cecidit,
1943 3289 2004 3351 hi

359 3382 494 3436 snut
518 3374 618 3455 qui
649 3374 1054 3448 audierunt,et
1082 3396 1114 3437 a
1144 3378 1652 3440 sollicitudinibus
1702 3386 1761 3440 et
1783 3378 2003 3439 divitiis

358 3483 428 3526 ac
452 3463 848 3544 voluptatibus
875 3465 1001 3525 vitae
1031 3474 1261 3541 euntes,
1298 3469 1683 3543 suifocantur,
1723 3467 1862 3529 525
1894 3486 2004 3530 nec

358 3553 622 3615 referunt
648 3552 1104 3624 fructquuod
1135 3563 1331 3617 autem
1364 3555 1424 3617 in
1461 3556 1670 3618 bonam
1694 3557 2004 3631 terram,hi

360 3649 497 3703 sunt
527 3642 625 3723 qui
648 3641 707 3703 in
742 3643 922 3703 corde
955 3643 1204 3705 honesto
1236 3662 1306 3705 ac
1330 3644 1487 3706 bono
1525 3646 1837 3709 audientes
1869 3665 2004 3708 ser-

361 3749 598 3791 monem
630 3729 910 3809 retinent,
945 3740 1005 3791 et
1032 3730 1286 3793 fructum
1314 3732 1570 3795 afferunt
1615 3752 1721 3814 per
1770 3734 2005 3814 patien-

357 3818 514 3879 tiam.
559 3843 584 3873 ιο
611 3817 758 3880 Tres
790 3818 887 3879 hic
913 3818 1155 3880 ordines
1185 3838 1390 3881 eorum
1416 3830 1555 3882 sunt
1588 3821 1689 3902 qui
1725 3841 1841 3883 non
1871 3840 2006 3884 ser-

353 3906 739 3971 vantur.Nam
774 3907 835 3968 hi
867 3908 966 3988 qui
997 3926 1171 3969 secus
1202 3908 1378 3985 viam,
1433 3911 1779 3992 neutiquam
1809 3912 2006 3973 susci-

355 3998 520 4079 piunt
569 4015 907 4059 sermonem
947 4017 962 4073 ;
1025 3997 1181 4058 sicut
1228 3998 1384 4059 enim
1428 4001 1519 4060 via
1575 4002 1921 4064 conculcata
1951 4009 2009 4062 et

362 4088 691 4169 constipata
722 4105 927 4148 semen
955 4105 1070 4147 non
1104 4088 1371 4168 suscipit,
1407 4108 1478 4150 eo
1529 4092 1682 4171 quod
1718 4091 1865 4153 dura
1904 4091 2004 4160 sit,

355 4178 434 4239 ita
466 4186 522 4239 et
561 4175 837 4256 obdurati
882 4175 1060 4236 corde
1112 4194 1452 4239 sermonem
1502 4198 1620 4240 non
1679 4181 2008 4260 suscipiunt

358 4266 532 4328 etiam
560 4265 908 4327 audientes:
947 4284 1064 4326 non
1096 4266 1407 4328 attendunt
1450 4269 1634 4332 enim.
1671 4274 1738 4330 At
1767 4271 1867 4351 qui
1902 4289 2008 4351 per

356 4366 582 4436 petram
619 4354 1053 4434 intelliguntur,
1084 4355 1421 4436 suscipiunt
1459 4359 1725 4440 quidem,
1748 4359 1851 4421 sed
1888 4379 2008 4440 prie

354 4444 697 4507 inﬁmitate
746 4444 1005 4505 humana
1054 4443 1115 4503 in
1167 4446 1592 4509 tentationibus
1613 4458 2005 4510 marcescunt.

352 4534 537 4597 Tertii
570 4541 706 4595 sunt
734 4532 831 4613 qui
862 4550 994 4593 cum
1023 4532 1372 4595 audiverunt
1394 4545 2011 4619 etsusceperunt,prae

352 4622 511 4686 curis
537 4622 677 4685 vita;
727 4621 904 4700 hujus
952 4621 1339 4686 suﬂ'ocantur.
1390 4624 1576 4704 Igitur
1607 4633 1727 4687 tres
1762 4627 2003 4709 quidem

353 4720 549 4796 partes
578 4729 786 4773 eorum
819 4717 956 4771 sunt
984 4709 1085 4791 qui
1118 4721 1395 4789 pereunt,
1430 4733 1547 4775 una
1577 4724 1767 4777 autem
1797 4734 2003 4778 eorum

351 4802 452 4883 qui
484 4801 804 4863 salvantur.
842 4801 927 4861 Ila
957 4800 1127 4880 pauci
1157 4801 1398 4881 quidem
1438 4812 1576 4865 sunt
1627 4806 1728 4886 qui
1757 4806 2003 4867 Servan-

352 4901 469 4972 tur,
496 4891 697 4972 plures
731 4901 927 4951 autem
952 4888 1052 4969 qui
1099 4901 1373 4969 pereunt.
1407 4892 1557 4956 Vide
1588 4895 1727 4956 item
1760 4914 1894 4956 cum
1930 4895 2005 4957 de

350 4982 445 5044 his
475 4981 575 5061 qui
597 4979 981 5049 sut'focantur,
1029 4978 1313 5062 loquitur,
1356 4987 1654 5063 quomodo
1688 5003 1803 5046 non
1837 4984 1998 5057 dicit,

350 5069 508 5151 quod
542 5086 663 5148 pm
692 5066 912 5129 divitiis
944 5067 1337 5145 suii'ocentur,
1370 5072 1473 5132 sed
1500 5091 1622 5153 prae
1656 5077 1814 5135 curis
1846 5072 1999 5134 divi-

353 5159 567 5221 tiarum
586 5166 645 5217 et
663 5155 1324 5222 sollicitudinibus.Non
1346 5161 1503 5222 enim
1519 5161 1736 5224 divitiae
1758 5171 1994 5234 nocent,

352 5247 455 5312 sed
479 5245 914 5309 sollicitudines
942 5264 1168 5311 earum.
1205 5249 1373 5311 Multi
1396 5252 1555 5312 enim
1589 5270 1800 5332 magna
1828 5271 1999 5314 com-

356 5336 531 5398 moda
560 5353 630 5396 ex
663 5334 881 5396 divitiis
906 5334 1405 5418 percipiunt,illas
1435 5339 1494 5400 in
1516 5359 1839 5421 pauperum
1868 5359 2000 5401 ven-

354 5433 474 5487 tres
498 5423 901 5506 projicientes.
933 5425 1254 5489 Considera
1283 5447 1519 5511 quoque
1550 5438 1607 5493 et
1632 5431 1996 5511 diligentiam

429 5582 484 5630 39
512 5580 714 5646 Matth.
747 5600 849 5663 vu,
883 5584 947 5649 8.

2102 1949 2283 2024 αίτῶν,
2344 1946 2602 2024 λαμϐάνει
2637 1963 2653 1979 ⁸
2698 1971 2719 2003 ι
2778 1962 2898 2013 τοῖς
2952 1947 3007 2004 δὲ
3049 1947 3266 2012 λοιποῖς
3321 1963 3440 2015 τοῖς
3483 1951 3563 2027 μὴ
3592 1949 3763 2017 ἀξίοις

2100 2040 2213 2095 οὖσι
2268 2044 2374 2093 τῶν
2440 2037 2764 2115 μυστηρίων,
2843 2044 3127 2101 σκοτεινῶς
3172 2036 3442 2116 λέγονται,
3500 2040 3590 2097 καὶ
3659 2038 3762 2098 δο-

2102 2134 2249 2183 κοῦσι
2308 2128 2406 2202 μὲν
2462 2126 2703 2206 βλέπειν,
2764 2125 2822 2184 οὗ
2881 2124 3134 2203 βλέπουσι
3194 2125 3247 2183 δέ
3282 2145 3298 2163 ⁸
3364 2130 3454 2185 καὶ
3506 2128 3763 2187 ἀκούουσι

2103 2217 2225 2295 μὲν,
2271 2218 2331 2272 οὗ
2378 2214 2607 2273 συνιοῦσι
2650 2214 2730 2296 δὲ,
2789 2218 2877 2272 καὶ
2953 2225 3109 2275 τοῦτο
3168 2218 3243 2279 εἷς
3301 2217 3596 2297 εὐεργεσίαν
3655 2222 3760 2278 αὖ·

2103 2294 2233 2364 τῶν.
2298 2294 2424 2361 υῐνα
2484 2305 2585 2383 γὰρ
2642 2294 2723 2379 μὴ
2774 2304 2935 2363 πλέον
2982 2294 3398 2385 κατακριθῶσιν,
3425 2294 3499 2370 ὥς
3528 2307 3667 2382 μετά
3692 2309 3759 2365 τὸ

2102 2395 2299 2474 γνῶναι
2355 2394 2421 2449 τὰ
2477 2395 2741 2471 μυστήρια
2825 2395 3322 2475 καταφρονήσαντες
3380 2394 3575 2476 αὐτῶν,
3621 2396 3755 2454 τού-

2092 2474 2152 2543 Ὀ
2209 2484 2311 2563 γὰρ
2361 2484 2542 2563 γνοὺς,
2601 2483 2727 2541 εἶτα
2780 2474 3210 2565 καταφρονήσας,
3269 2474 3568 2564 βαρυτέρας
3604 2484 3751 2552 ἄξιος

2177 2681 2206 2720 (
2250 2660 2425 2719 ’Ἔστι
2460 2659 2514 2717 δὲ
2571 2659 2705 2729 αὕτη
2757 2663 2792 2730 ἡ
2850 2659 3157 2738 παραϐολὴ,
3194 2652 3251 2719 Ὀ
3284 2661 3480 2739 σπόρος
3534 2661 3676 2720 ἐστὶν
3721 2666 3754 2721 ί)

2090 2750 2249 2828 λόγος
2280 2757 2372 2806 τοῦ
2431 2757 2585 2812 Θεο).
2631 2753 2692 2809 Οἱ
2735 2749 2789 2806 δὲ
2837 2752 2981 2830 παρά
3025 2754 3125 2818 τὴν
3156 2748 3301 2824 ὁδὸν,
3347 2752 3472 2807 εἰσὶν
3506 2752 3554 2809 0i
3583 2751 3759 2810 ἀκού-

2093 2863 2263 2915 οντες,
2327 2840 2452 2896 εἶτα
2510 2839 2725 2919 ἔρχεται
2783 2842 2810 2896 ὁ
2872 2837 3121 2903 διάϐολος
3163 2840 3253 2896 καὶ
3296 2838 3437 2917 αἴρει
3466 2842 3557 2896 τὸν
3587 2839 3755 2920 λόγον

2093 2931 2198 2987 ἀπὸ
2248 2934 2351 2995 τῆς
2401 2927 2611 3008 καρδίας
2670 2930 2866 3006 αὐτῶν,
2926 2929 3020 2986 ’ίνα
3078 2931 3156 3004 μὴ
3213 2930 3586 2995 πιστεύσαντες
3644 2954 3755 2988 σω-

2089 3022 2273 3080 θῶσιν.
2329 3019 2387 3076 Οἱ
2439 3015 2494 3073 δὲ
2552 3018 2637 3074 ἐπὶ
2693 3022 2791 3087 τῆς
2863 3016 3083 3097 πέτρας,
3158 3030 3215 3075 οῖ
3288 3019 3414 3075 ὅταν
3455 3018 3746 3094 ἀκούσωσι,

2092 3111 2228 3185 μετά
2284 3114 2455 3189 χαρᾶς
2498 3105 2750 3187 δέχονται
2802 3109 2893 3164 τὸν
2936 3106 3121 3186 λόγον,
3172 3110 3261 3165 καὶ
3293 3107 3437 3165 οὗτοι
3468 3108 3609 3187 ῥίζαν
3654 3111 3751 3166 οὐκ

2094 3198 2332 3279 ἔχουσιν,
2398 3199 2453 3253 οἳ
2513 3200 2645 3275 πρὸς
2705 3200 2889 3276 καιρὸν
2948 3198 3277 3278 πιστεύουσι,
3335 3199 3425 3254 καὶ
3481 3197 3537 3253 ἐν
3579 3204 3751 3277 καιρῷ

2087 3296 2381 3363 πειρασμοῦ
2425 3284 2756 3365 ἀφίστανται.
2813 3288 2884 3345 Τὸ
2941 3285 2996 3343 δὲ
3044 3288 3117 3349 εἰς
3149 3287 3244 3349 τὰς
3273 3286 3501 3353 ἀκάνθας
3557 3288 3747 3363 πεσὸν,

2089 3377 2230 3434 οὗτοί
2288 3377 2416 3432 εἰσιν
2474 3375 2523 3432 οἱ
2591 3375 2934 3449 ἀκούσαντες,
3006 3376 3095 3431 καὶ
3167 3375 3269 3433 ὑπὸ
3331 3380 3606 3453 μεριμνῶν
3658 3377 3749 3433 καὶ

2089 3466 2318 3524 πλούτου
2375 3467 2463 3521 καὶ
2526 3464 2728 3533 ἡδονῶν
2787 3467 2881 3521 τοῦ
2949 3466 3066 3541 βίου
3120 3464 3467 3543 πορευόμενοι
3510 3467 3748 3540 συμπνί-

2089 3577 2295 3634 γονται,
2344 3555 2433 3610 καὶ
2490 3554 2548 3611 οὗ
2590 3560 2985 3633 τελεσφοροῦσι,
3048 3555 3119 3612 Τὸ
3162 3552 3217 3610 δὲ
3267 3554 3322 3610 ἐν
3354 3560 3422 3630 τῇ
3452 3553 3592 3630 καλῇ
3647 3561 3744 3633 γῇ,

2088 3648 2229 3701 οὗτοι
2288 3645 2418 3699 εἰσιν
2494 3642 2692 3706 οἵτινες
2773 3643 2829 3698 ἐν
2910 3640 3095 3721 καρδίᾳ
3178 3640 3315 3719 καλῇ
3374 3644 3463 3699 καὶ
3547 3641 3741 3721 ἀγαθῇ,

2089 3734 2410 3795 ἀκούσαντες
2466 3733 2557 3789 τὸν
2607 3730 2791 3811 λόγον,
2838 3731 3129 3813 κατέχουσι
3179 3733 3269 3789 καὶ
3323 3753 3747 3811 καρποφορουσιν

2090 3824 2149 3879 ἐν
2203 3824 2474 3898 ὑπομονῇ.
2528 3845 2552 3879 ι
2617 3831 2774 3892 Τρεῖς
2804 3821 2976 3887 τάξεις
3015 3823 3116 3878 εἶσὶ
3163 3827 3270 3878 τῶν
3307 3821 3386 3896 μὴ
3428 3819 3747 3897 σωζομένων

2090 3912 2330 3973 ἐνταόθα.
2388 3913 2447 3968 Οἱ
2505 3909 2602 3980 μὲν
2659 3911 2759 3988 γαρ
2803 3912 2945 3987 παρά
2987 3910 3087 3977 τὴν
3130 3908 3271 3983 ὁδὸν,
3333 3912 3379 3966 οἱ
3430 3907 3560 3984 μηδ’
3603 3908 3745 3973 ὅλως

2094 3999 2511 4080 παραδεξάμενοι
2555 4000 2646 4055 τὸν
2690 3999 2874 4077 λόγον.
2906 3999 3115 4079 ’Ὥσπερ
3172 4000 3272 4077 γὰρ
3316 4001 3350 4067 ἡ
3379 3996 3523 4071 ὄδὸς,
3572 4019 3744 4055 κατα-

2092 4087 2448 4164 πεπατημένη
2532 4089 2619 4142 καὶ
2700 4086 3153 4163 συμπεπιλημένη
3239 4089 3297 4145 οὗ
3379 4086 3597 4167 δέχεται
3652 4089 3745 4144 τὸν

2091 4199 2309 4258 σπορον,
2357 4181 2431 4240 ὡς
2477 4176 2683 4255 σγληρὰ
2727 4184 2877 4251 οὖσα,
2937 4176 3079 4233 οὕτω
3124 4177 3213 4233 καὶ
3258 4179 3303 4232 0i
3336 4174 3743 4255 σκληροκάρδιοι

2090 4267 2196 4325 οὔδ’
2229 4266 2367 4330 ὅλως
2424 4263 2818 4345 παραδέχονται
2869 4267 2960 4322 τὸν
3018 4264 3203 4344 λόγον,
3234 4262 3333 4321 κᾶν
3375 4265 3631 4339 ἀκούωσι,
3665 4266 3744 4340 μὴ

2091 4358 2470 4437 προσέχοντες.
2532 4357 2591 4412 Οἱ
2642 4353 2697 4410 δὲ
2755 4356 2895 4433 παρὰ
2943 4356 3040 4423 τὴν
3094 4354 3313 4433 πέτραν,
3373 4357 3420 4411 οἱ
3470 4353 3743 4429 δεξάμενοι

2091 4448 2212 4524 μὲν,
2247 4446 2371 4502 εἶτα
2401 4445 2501 4501 ὺπὸ
2559 4443 2822 4509 ἀσθενείας
2874 4443 3205 4522 ἀνθρωπίνης
3249 4459 3369 4509 το’ς
3420 4457 3743 4522 πειρασμοῖς

2090 4532 2634 4611 ὑπομαλακισθέντες,
2721 4534 2895 4611 Τρίτοι
2976 4531 3054 4606 δέ,
3131 4534 3178 4589 οἱ
3236 4533 3584 4609 ἀκούσαντες,
3654 4533 3743 4589 καὶ

2092 4628 2191 4682 ὕπὸ
2251 4629 2519 4702 μεριμνῶν
2576 4624 2669 4677 τοῦ
2740 4623 2855 4697 βίου
2927 4623 3369 4700 συμπνιγόμενοι,
3433 4631 3590 4699 Τρεῖς
3645 4620 3743 4697 μὲν

2088 4723 2176 4773 οὖν
2233 4710 2437 4792 μερίδες
2482 4710 2580 4766 εἶσὶ
2661 4717 2767 4766 τῶν
2826 4708 3229 4787 ἀπολλυμένων,
3292 4712 3387 4787 μία
3429 4709 3484 4767 δὲ
3542 4711 3576 4778 ἡ
3634 4715 3743 4765 τῶν

2088 4801 2404 4877 σωζομένων
2434 4816 2448 4830 ’
2515 4797 2678 4861 οὕτως
2742 4798 2914 4877 ὀλίγοι
2971 4800 3070 4874 μέν
3120 4801 3250 4856 εἰσιν
3308 4803 3357 4857 οἱ
3414 4798 3738 4874 σωζόμενοι,

2087 4893 2299 4955 πλείους
2344 4889 2398 4946 δὲ
2442 4892 2487 4945 οἱ
2530 4886 2917 4963 ἀπολλύμενοι.
2972 4879 3120 4967 ιὈρα
3169 4886 3223 4944 δὲ
3254 4887 3341 4945 ἐπὶ
3372 4894 3478 4945 τῶν
3502 4908 3738 4962 συμπνι-

2086 4983 2349 5063 γομένων,
2409 4984 2523 5043 πῶς
2589 4982 2687 5037 οὐκ
2730 4982 2883 5034 εἶπεν
2936 4978 3017 5035 ὅτι
3073 4978 3174 5035 ὑπὸ
3220 4984 3312 5034 τοῦ
3339 4974 3568 5034 πλούτου
3597 4997 3737 5051 συμ-

2083 5074 2380 5150 πνίγονται,
2445 5064 2565 5124 ἀλλ’
2607 5068 2712 5123 ὑπὸ
2768 5073 2873 5123 τῶν
2930 5073 3200 5145 μεριμνῶν
3258 5075 3353 5126 τοῦ
3382 5064 3632 5128 πλούτου.
3668 5066 3741 5123 Οὔ

2082 5164 2181 5241 γὰρ
2236 5162 2263 5216 ὁ
2320 5157 2549 5222 πλοῦτος
2620 5154 2872 5232 βλάπτει,
2937 5154 3057 5212 ἀλλ’
3108 5158 3159 5213 αἱ
3219 5154 3469 5233 μέριμναι
3526 5154 3735 5216 τούτου.

2084 5249 2229 5309 Ἐπεὶ
2274 5247 2465 5305 πολλοὶ
2522 5247 2622 5301 ὑπὸ
2671 5252 2762 5302 τοῦ
2792 5243 3021 5305 πλούτου
3070 5242 3455 5325 ὠφελήθησαν,
3486 5244 3737 5321 ῥίψαντες

2084 5341 2238 5397 αὐτὸν
2282 5340 2353 5402 εἰς
2409 5337 2503 5399 τὰς
2561 5341 2668 5390 τῶν
2697 5335 2943 5404 πενήτων
2977 5334 3264 5413 γαστέρας.
3298 5332 3498 5389 Σκόπει
3530 5332 3585 5390 δέ
3640 5353 3735 5408 μοι

2083 5432 2168 5487 καὶ
2222 5430 2319 5498 τὴν
2379 5422 2645 5503 ἀκρίϐειαν
2688 5446 2781 5480 του
2833 5421 3233 5505 εὗαγγελιστοῡ,
3305 5426 3421 5486 πῶς
3467 5421 3568 5504 ἔφη
3612 5422 3739 5501 περὶ
