4116 6212
307 286 413 352 801

1033 293 1471 375 ENARRATIO
1530 297 1611 362 IN
1657 295 2165 361 EVANGELIUM
2212 296 2448 359 [ΗΒΕ.
2498 328 2570 339 --
2619 298 2784 360 CAP.
2834 299 2999 361 VIII.

3555 299 3670 367 802

300 435 407 482 τὼν
473 429 811 508 σωζομένων,
908 431 1105 495 οἵτινες
1185 434 1503 498 ἀκούσαντες
1583 436 1673 491 τὸν
1760 435 1918 512 λόγον

2031 429 2726 511 (ιγδιιεριίειωμιυοῐηοόυ
2756 430 2969 492 dixerit
3000 431 3075 493 de
3107 432 3198 493 his
3230 433 3329 514 qui
3349 434 3667 510 salvantur,

292 517 610 597 κατέχουσι,
673 527 835 577 Τοῦτο
893 522 994 600 γὰρ
1049 524 1174 578 εἷπε
1222 522 1306 579 διὰ
1353 524 1475 587 τοὺς
1502 527 1642 603 παρὰ
1672 525 1768 592 τὴν
1802 523 1938 581 ὁδὸν.

294 605 451 662 Οὗτοι
496 609 596 687 γὰρ
641 611 702 666 ού
751 609 1061 691 κατέχουσι,
1112 608 1233 668 ἀλλ’
1270 611 1406 691 αἴρει
1439 614 1528 668 τὸν
1558 612 1719 692 λόγον
1768 616 1795 669 6
1825 611 1934 668 διάοι

292 693 451 760 ϐολος
481 696 579 753 ἀπ’
610 700 780 755 αῦτῶν
811 717 826 734 ⁸
859 702 922 756 τὸ
953 698 1030 773 δὲ,
1077 709 1520 782 καρποφοροῦσιν,
1556 703 1680 758 εἷπε
1711 699 1794 758 διὰ
1824 702 1943 764 τοὺς

2028 520 2180 599 quod
2215 518 2479 578 auditum
2513 537 2848 579 sermonem
2875 520 3324 585 retineant.lloc
3345 525 3499 584 enim
3525 525 3674 586 dixit

2031 619 2271 688 propter
2300 626 2401 669 eos
2431 608 2527 687 qui
2583 626 2690 685 per
2740 609 2891 668 viam
2949 608 3379 691 intelliguntur.
3410 611 3481 674 Hi
3509 613 3667 675 enim

2031 716 2145 757 non
2178 696 2567 770 retinent,sed
2593 696 2869 757 diabolus
2902 699 3053 759 tollit
3082 700 3153 759 ab
3186 701 3273 759 eis
3303 719 3667 779 sermonem;

291 787 776 864 συμπνιγομένους,
836 790 926 845 καὶ
1014 791 1092 866 μὴ
1166 789 1640 869 τελεσφοροῦντας.
1712 790 1922 848 Ἐκεῖνο

2029 796 2085 848 et
2137 787 2290 866 quod
2341 786 2593 846 fructum
2644 786 2910 865 afferant,
2948 787 3094 847 dixit
3143 797 3382 869 propter
3435 810 3537 852 eos
3568 793 3670 873 qui

290 875 391 953 γὰρ
450 880 511 935 οὖ
566 884 1013 958 καρποφοροῦσιν,
1047 880 1096 934 οἱ
1143 880 1220 954 μὴ
1275 880 1716 960 τελεσφοροῦντες
1776 879 1940 958 λέγω,

290 965 361 1022 Τὸ
418 965 498 1037 δὲ,
542 966 597 1024 ἐν
656 970 924 1045 ὑπομονῇ,
958 969 1085 1025 εἶπε
1114 967 1198 1024 διὰ
1240 971 1361 1035 τοὺς
1393 969 1477 1026 ἐπὶ
1506 973 1605 1036 τῆς
1635 970 1853 1049 πέτρας,
1887 973 1937 1024 οἳ

288 1050 537 1134 δέχονται
581 1057 681 1131 μὲν
730 1057 822 1113 τὸν
878 1057 1059 1136 λόγον,
1111 1060 1217 1138 οὐχ
1272 1058 1623 1134 δπομένοντες
1665 1057 1718 1115 δὲ
1749 1081 1939 1129 πειρα-

286 1149 423 1218 σμοῦ
479 1144 690 1225 ἔφοδον,
744 1144 990 1223 ἀδόκιμοι
1054 1149 1347 1228 φαίνονται.
1418 1139 1571 1227 Ὀρᾷς
1642 1154 1756 1211 πῶς
1817 1152 1938 1204 εἷπε

290 1234 412 1312 περὶ
466 1241 573 1291 τῶν
620 1235 938 1307 σωζομένων
982 1238 1066 1311 τὸ,
1112 1237 1425 1317 κατέχουσι,
1457 1241 1545 1294 καὶ
1587 1240 1672 1317 τὸ,
1731 1260 1935 1317 καρπο-

283 1333 522 1401 φοροῦσι,
582 1326 670 1382 καὶ
721 1326 805 1403 τὸ,
850 1327 1118 1403 ὑπομονῇ,
1165 1328 1253 1382 καὶ
1296 1324 1387 1382 διὰ
1416 1328 1614 1384 τούτων
1645 1333 1751 1383 τῶν
1778 1333 1936 1404 τριῶν

284 1410 649 1470 ἁποδιὲστειλε
708 1416 894 1479 αὐτοὺς
966 1416 1071 1471 ἀπὸ
1126 1422 1232 1473 τῶν
1305 1417 1383 1491 μὴ
1442 1415 1807 1495 κατεχόντων,
1842 1416 1934 1473 οἴ-

279 1501 420 1563 τινές
476 1504 604 1560 εἰσιν
649 1506 696 1560 οἱ
753 1505 895 1583 παρὰ
943 1506 1041 1571 τὴν
1081 1502 1199 1560 ὁδόν
1385 1505 1521 1562 Ἀπὸ
1553 1509 1657 1562 τών
1689 1506 1767 1581 μὴ
1797 1508 1934 1563 ὑπο-

281 1592 553 1664 μενόντων
610 1601 907 1672 πειρασμοῦ
964 1593 1171 1675 ἔφοδον,
1218 1593 1417 1658 οἵτινές
1474 1597 1602 1651 εἰσιν
1650 1598 1697 1651 οἱ
1730 1595 1784 1650 ἐν
1814 1610 1935 1658 ταῖς

2028 876 2415 949 suffocantur,
2452 884 2507 934 et
2538 893 2635 953 qui
2664 893 2780 935 non
2814 877 3136 955 perdurant
3167 896 3351 958 usque
3369 879 3440 940 ad
3463 881 3667 944 finem.

2029 964 2115 1025 llli
2138 964 2295 1031 enim
2322 963 2573 1024 fructum
2606 982 2722 1023 non
2746 965 3124 1046 afferunt,qui
3152 986 3263 1027 non
3291 980 3672 1048 perseverant

2025 1072 2212 1132 usque
2261 1052 2333 1113 ad
2378 1054 2575 1112 tinem.
2614 1052 2793 1113 Porro
2845 1050 3000 1134 quod
3053 1055 3215 1131 dicit,
3260 1056 3317 1116 in
3364 1060 3668 1139 patientia,

2023 1141 2167 1202 dixit
2201 1150 2443 1222 propter
2470 1160 2571 1201 eos
2602 1142 2699 1221 qui
2731 1161 2910 1222 super
2944 1153 3191 1224 petram,
3217 1145 3315 1225 qui
3343 1147 3672 1227 suscipiunt

2022 1231 2259 1311 quidem
2293 1249 2656 1298 sermonem,
2704 1251 2821 1292 non
2844 1234 3137 1293 sustinent
3160 1244 3355 1295 autem
3391 1242 3671 1296 tentatio-

2022 1322 2112 1380 nis
2144 1321 2408 1395 insidias,
2448 1330 2502 1380 et
2524 1321 2985 1401 comprobantur
3018 1323 3279 1403 reprobi.
3318 1325 3496 1386 Vides
3518 1344 3668 1405 quo-

2023 1413 2199 1469 modo
2232 1410 2445 1469 dixerit
2470 1410 2543 1469 de
2575 1410 2667 1470 his
2691 1411 2788 1490 qui
2822 1412 3312 1492 Sttl\'tttlll1l‘,qll0ti
3350 1414 3665 1494 retineant,

2022 1507 2075 1559 et
2110 1500 2360 1559 fructum
2419 1498 2653 1574 faciant,
2697 1507 2871 1579 atque
2918 1502 2972 1559 id
3027 1500 3084 1560 in
3132 1498 3538 1579 'patientiaIet
3566 1523 3672 1583 per

2023 1588 2131 1649 tria
2160 1586 2495 1648 distinxerit
2526 1605 2627 1648 eos
2663 1608 2675 1647 :
2712 1588 2783 1648 ab
2806 1587 2897 1648 his
2922 1589 3023 1668 qui
3057 1609 3170 1650 non
3204 1591 3485 1665 retinent,
3522 1602 3578 1651 et
3610 1593 3666 1653 hi

281 1680 553 1746 ἀκάνθαις.
634 1682 769 1738 Ἀπό
850 1686 956 1738 τῶν
1035 1685 1113 1759 μὴ
1200 1684 1574 1760 ὑπομενόντων
1642 1693 1925 1763 πειρασμοί

2021 1687 2157 1738 sunt
2190 1680 2284 1757 qui
2312 1677 2480 1755 juxta
2511 1677 2659 1737 viam
2698 1695 2710 1739 :
2746 1678 2820 1738 ab
2852 1678 2943 1738 his
2974 1679 3073 1758 qui
3126 1679 3383 1741 fructum
3427 1700 3540 1741 non
3576 1682 3664 1741 af-

279 1768 489 1850 ἒφοδον,
521 1772 720 1836 οἵτινές
753 1773 881 1828 εἰσιν
915 1776 960 1829 οἱ
987 1771 1071 1830 ἐπὶ
1100 1778 1200 1840 τῆς
1230 1774 1445 1850 πέτρας.

366 2062 394 2094 ε
430 2036 607 2103 Οὐδεὶς
653 2037 707 2095 δὲ
747 2038 945 2119 λύχνον
984 2039 1146 2115 ἅψας,
1211 2038 1461 2097 καλύπτει
1520 2043 1676 2100 αὐτὸν
1732 2043 1928 2115 σκεύει,

1984 1754 2239 1846 Τενυηί,
2275 1776 2331 1827 et
2364 1766 2421 1825 hi
2458 1774 2595 1826 sunt
2619 1766 2721 1846 qui
2754 1767 2909 1827 inter
2935 1754 3176 1846 spinas:
3215 1768 3288 1827 ah
3322 1769 3530 1847 hisqui
3548 1790 3663 1831 non

2017 1856 2308 1917 sustinent
2347 1855 2690 1917 tentationis
2720 1856 2991 1927 insidias,
3019 1866 3073 1917 et
3106 1857 3162 1917 hi
3196 1866 3332 1918 sunt
3358 1857 3458 1938 qui
3484 1876 3666 1940 super

2018 1955 2264 2026 petram.

2096 2034 2260 2096 Vens
2326 2035 2421 2099 16-
2445 2034 2768 2098 18.ιΝθῐηο
2801 2052 2935 2095 vero
2971 2034 3662 2098 cumlucernamacren-

277 2127 311 2194 ἡ
375 2128 626 2186 ὑποκάτω
681 2127 867 2196 κλίνης
924 2130 1156 2203 τίθησιν,
1217 2128 1337 2185 ἀλλ’
1380 2132 1466 2186 ἒπὶ
1506 2129 1725 2211 λυχνίας
1756 2131 1925 2188 ἒπιτί-

2016 2122 2390 2203 derit,operit
2421 2140 2549 2187 eam
2569 2132 2837 2198 vase,aut
2868 2142 3047 2201 super
3085 2123 3300 2184 lectum
3337 2125 3522 2201 ponit,
3559 2125 3662 2187 sed

277 2219 453 2296 θησιν,
515 2218 606 2274 ἵνα
665 2219 711 2273 οἱ
772 2220 1197 2297 εἰσπορευόμενοι
1255 2218 1491 2295 βλέπωσι
1558 2223 1618 2276 τὸ
1675 2228 1809 2301 φῶς.
1858 2226 1925 2281 Οὖ

2016 2230 2192 2292 super
2222 2213 2647 2274 candelabrum
2685 2214 2867 2291 ponit,
2904 2222 2964 2271 ut
2988 2213 3276 2273 intrantes
3306 2213 3657 2276 videantlu-

277 2305 378 2383 γάρ
433 2309 545 2363 ἔστι
610 2310 863 2384 κρυπτὸν,
944 2307 973 2363 ’ὁ
1038 2309 1099 2365 οῦ
1153 2310 1376 2389 φανερὸν
1436 2312 1741 2388 γενήσεται,
1812 2309 1925 2368 οὑδὲ

2017 2301 2311 2364 men.Non
2333 2313 2419 2364 est
2437 2304 2593 2363 enim
2621 2301 3105 2381 occultum,quod
3130 2322 3247 2361 non
3282 2303 3659 2365 manifestum

276 2394 576 2475 ἀπόκρυφον
605 2397 633 2452 ὃ
662 2396 753 2454 οῦν
798 2399 1212 2478 γνωσθήσεταιλ
1248 2400 1334 2454 καὶ
1379 2400 1452 2461 εἰς
1507 2401 1729 2478 φανερὸν
1774 2399 1923 2477 ἔλθῃ,

2016 2392 2088 2449 sit
2120 2392 2379 2452 futurum
2415 2415 2425 2449 :
2456 2410 2562 2452 nec
2580 2390 3187 2471 absconditum,un
3214 2393 3657 2471 nonsitcogno-

278 2470 509 2541 Βλέπετε
565 2488 654 2542 οὖν
698 2470 822 2550 πῶς.
874 2487 1112 2546 ἀκούετε.
1171 2470 1285 2551 ’θος
1330 2490 1431 2568 γὰρ
1482 2470 1542 2543 ἂν
1584 2470 1717 2568 ἔχξῃ,
1764 2470 1925 2559 δοθή-

2016 2482 2393 2553 scendum,et
2416 2482 2474 2541 in
2510 2480 2881 2561 propatulum
2913 2470 3253 2540 venturum.
3276 2480 3482 2541 Videte
3521 2500 3659 2560 ergo

275 2594 423 2631 σεται
480 2576 621 2650 αῦτῷ
653 2594 670 2612 ο
727 2577 815 2632 καὶ
857 2578 914 2641 ὃς
972 2576 1035 2633 ἂν
1091 2579 1169 2653 μὴ
1226 2576 1358 2657 ἔχῃ,
1392 2580 1479 2634 καὶ
1510 2578 1537 2633 ὃ
1569 2575 1720 2634 δοκεῖ
1749 2577 1919 2659 ἔχειν,

2016 2571 2306 2649 quomodo
2328 2569 2585 2631 audiatis
2614 2568 2895 2649 Quisquis
2908 2569 3064 2629 enim
3081 2568 3524 2647 habet,dabitur
3548 2570 3654 2632 illi:

275 2662 560 2742 ἀρθήσεται
618 2664 712 2721 ἀπ’
752 2666 931 2729 αὑτοῦ,
969 2664 1191 2733 ’Ἃλλης
1246 2664 1584 2731 διδασκαλὶας
1627 2667 1775 2747 ἀρχὴ
1832 2667 1920 2723 ἐν·

2016 2669 2066 2720 et
2088 2678 2421 2740 quicunque
2464 2679 2579 2719 non
2622 2658 2818 2736 habet,
2845 2658 3018 2718 etiam
3050 2658 3205 2738 quod
3255 2665 3418 2747 putat
3449 2677 3513 2719 se
3546 2662 3653 2720 ha-

272 2755 457 2814 ταῦθα,
494 2755 632 2831 Πρὸς
690 2754 790 2833 γὰρ
846 2756 967 2818 τοὺς
1011 2756 1252 2831 μαθητὰς
1310 2746 1732 2830 ἀποτεινόμενος
1763 2764 1924 2814 ταῦτα

2016 2748 2598 2822 bere,:tufereturab
2632 2767 2700 2808 eo
2738 2773 2761 2802 ι›
2800 2747 2922 2808 Hoc
2955 2747 3083 2807 loco
3110 2746 3351 2806 alterius
3373 2747 3656 2808 doctrinae

271 2837 441 2921 λέγει,
503 2843 577 2905 εἷς
634 2839 900 2921 ἀκρίϐειαν
972 2844 1086 2920 βίου
1139 2843 1342 2921 ἐνάγων
1400 2845 1585 2905 αὐτοὺς
1647 2846 1733 2900 καὶ
1789 2867 1920 2901 παι-

2016 2838 2236 2898 initium
2256 2840 2462 2900 est.Atl
2491 2837 2816 2917 discipulos
2837 2835 2994 2896 enim
3014 2853 3347 2896 sermonem
3365 2835 3649 2913 dirigens,

271 2926 435 2986 δεύων
480 2930 803 3010 ἀναγωνίους
866 2932 1036 3010 εἶναι,
1080 2935 1155 2996 ὡς
1200 2933 1342 3011 παρὰ
1382 2934 1596 2990 πάντων
1640 2931 1922 3009 βλέπεσθαι

2016 2927 2131 2988 haec
2167 2928 2305 2989 dicit
2337 2929 2628 2990 inducens
2659 2944 2761 2987 eos
2792 2925 2861 2985 ad
2908 2933 3125 2984 sancta;
3156 2928 3283 2983 vita:
3313 2923 3650 3001 diligentem

271 3018 591 3095 μέλλοντας.
657 3011 713 3078 Ὀ
790 3023 890 3101 γὰρ
947 3019 1206 3078 διδάσκων
1263 3023 1350 3077 καὶ
1412 3022 1711 3100 κηρύττων,
1781 3024 1923 3101 παρὰ

2016 3016 2362 3088 custodiam,
2399 3025 2455 3079 et
2482 3018 2782 3077 instruens
2814 3022 3127 3102 utsemper
3158 3030 3214 3073 In
3245 3012 3560 3102 agonesint
3588 3031 3655 3074 ac

270 3109 485 3165 πάντων
543 3108 825 3191 βλέπεται,
881 3111 1023 3190 παρὰ
1091 3110 1306 3167 πάντων
1393 3124 1827 3189 περισκοπεῖται,
1881 3113 1925 3167 εἰ

2016 3106 2360 3182 certamine,
2396 3113 2600 3186 utpote
2650 3103 2723 3164 ab
2756 3101 3028 3163 omnibus
3075 3101 3504 3181 conspiciendi.
3540 3103 3652 3175 Qui

268 3196 432 3261 καλός
480 3204 620 3256 εστιν
662 3202 697 3269 ἢ
741 3190 1063 3276 τοῦναντίον,
1113 3202 1211 3257 καῖ
1263 3199 1410 3257 οωὲν
1453 3208 1561 3257 τῶν
1610 3206 1766 3261 αὐτοῦ
1792 3202 1923 3281 κρύ-

2016 3195 2164 3256 enim
2199 3195 2370 3257 docet
2399 3214 2465 3256 ac
2499 3194 2801 3276 praedicat,
2837 3190 2913 3253 ab
2957 3190 3232 3252 omnibus
3264 3191 3648 3271 conspicitur,

268 3309 479 3350 πτεται.
536 3289 726 3366 ’Υμεῖς
772 3289 884 3363 οὖν,
932 3292 977 3344 ὦ
1035 3290 1287 3365 μαθηταὶ,
1325 3289 1415 3347 ἐὰν
1444 3289 1615 3370 ἔχητε
1644 3293 1925 3372 προσοχὴν

2016 3283 2087 3344 ab
2112 3283 2390 3346 omnibus
2420 3284 2803 3364 (lijutlicatur,
2826 3282 2967 3342 526
3001 3300 3137 3342 num
3172 3281 3458 3344 honestus
3491 3282 3654 3362 sit,et

270 3379 357 3434 καὶ
415 3378 652 3459 σπιρδὲν,
740 3378 1019 3449 δοθήσεται
1103 3381 1233 3454 ὑμῖν
1309 3378 1507 3436 πλείων
1566 3380 1726 3459 χάρις
1783 3381 1925 3459 παρὰ

2016 3377 2149 3438 nihil
2175 3378 2334 3455 quod
2371 3376 2505 3439 facit
2534 3375 2884 3438 occultatur.
2922 3375 3039 3434 Vos
3065 3372 3261 3453 igitur,
3287 3393 3319 3432 ο
3350 3372 3648 3455 discipuli,

269 3469 423 3528 Θεοῦ.
489 3451 595 3531 μΟς
627 3451 673 3524 δ’
705 3467 767 3524 ἂν
796 3470 874 3544 μὴ
904 3468 1012 3548 ’ἑχῃ
1040 3451 1271 3536 σπουδὴν
1320 3470 1408 3525 καὶ
1438 3451 1741 3549 προσίξχίῆν,
1776 3451 1872 3526 καὶ.
1895 3471 1923 3524 ὃ

2016 3467 2053 3526 si
2114 3451 2493 3528 attenderitis
2525 3474 2579 3526 et
2609 3464 2859 3525 studiosi
2909 3451 3172 3543 fueritis,
3205 3451 3444 3523 dabitur
3489 3451 3651 3524 Vobis

268 3553 421 3613 δοκεῖ
486 3557 636 3638 ἔχειν
690 3559 933 3639 χάρισμα
989 3557 1095 3613 ἀπὸ
1163 3564 1318 3637 Θεοῦ,
1374 3556 1458 3613 διὰ
1506 3558 1603 3626 τῆς
1673 3557 1921 3633 ἀμελείας

2016 3556 2198 3635 [τιτι]οΓ
2228 3557 2417 3635 gratia
2442 3576 2475 3616 τι
2508 3558 2650 3618 Deo.
2687 3553 2800 3625 Qui
2834 3571 2969 3614 vero
2998 3572 3112 3613 non
3147 3551 3489 3614 adhibuerit
3521 3562 3650 3613 stu-

268 3647 428 3703 αὖτοῦ
454 3644 835 3706 κατασϐέννυσι
863 3648 953 3703 καὶ
995 3644 1290 3706 ἀπόλλυσι.

353 3937 379 3969 ιι
418 3915 780 3994 Παρεγένοντο
835 3911 889 3970 δὲ
942 3915 1075 3993 πρὸς
1148 3914 1305 3971 αὒτὸν
1382 3915 1417 3983 ἦ
1469 3915 1651 3994 μήτηρ
1715 3917 1803 3971 καὶ
1873 3918 1917 3971 οἱ

268 4002 485 4084 ἀδελφοὶ
532 4007 710 4079 αὐτοῦ,
763 4005 851 4061 καὶ
896 4006 990 4062 οῦκ
1034 4000 1289 4061 ὗδύναντο
1322 4016 1609 4083 συντυχεῖν
1647 4006 1793 4084 αὐτῷ
1835 4002 1919 4061 διὰ

264 4096 359 4150 τὸν
388 4083 579 4173 ὄχλον.
618 4095 715 4155 Καὶ
745 4091 1034 4172 ἀπηγγέλη
1065 4093 1231 4170 αὐτῷ,
1262 4090 1529 4171 λεγόντων
1566 4110 1583 4129 ο
1642 4083 1703 4148 Ἡ
1735 4095 1917 4173 μήτηρ

267 4205 363 4240 σου
404 4185 493 4239 καὶ
550 4184 600 4239 οἱ
657 4180 873 4262 ἀδελφοί
923 4202 1015 4238 σου
1067 4182 1353 4252 ἑστήκασιν
1400 4180 1519 4255 ἔξω,
1553 4179 1685 4238 ἰδεῖν
1711 4203 1769 4239 σε
1824 4181 1915 4239 θέ-

2007 3647 2168 3709 dium
2194 3658 2252 3710 et
2282 3647 2880 3728 attentionem,etiam
2905 3645 2954 3706 si
2985 3663 3157 3726 quam
3189 3643 3435 3721 gratiam
3462 3645 3649 3707 habe-

2004 3756 2070 3799 re
2102 3738 2603 3819 videaturaDeo,
2653 3756 2759 3819 per
2814 3734 3241 3816 negligentiam
3302 3752 3464 3795 suam
3518 3753 3648 3797 eam

2002 3828 2322 3907 exstinguit
2350 3838 2409 3891 et
2434 3829 2646 3907 perdit.

2088 3919 2262 3982 Vens.
2293 3921 2366 3980 19
2407 3921 2507 3982 91.
2548 3945 2574 3973 α
2598 3922 2909 3983 Venerunt
2940 3923 3135 3977 autem
3164 3913 3233 3975 ad
3264 3914 3428 3975 illum
3463 3923 3650 3974 mater

2003 4014 2059 4067 et
2094 4000 2307 4069 fratres
2336 4010 2482 4088 ejus,
2533 4017 2588 4069 et
2638 4026 2754 4068 non
2815 4011 3087 4086 poterant
3137 4003 3303 4065 adire
3335 4021 3468 4063 eum
3516 4021 3637 4082 prae

2003 4094 2195 4170 turba,
2231 4105 2287 4159 et
2310 4098 2640 4160 nuntiatum
2668 4104 2759 4158 est
2789 4095 2898 4174 illi,
2938 4094 3304 4174 dictumque,
3339 4091 3522 4153 Mater
3552 4100 3650 4152 tua

2002 4193 2061 4246 et
2108 4185 2317 4247 fratres
2345 4187 2426 4247 tui
2460 4196 2615 4248 stant
2648 4185 2812 4265 foris,
2866 4184 3126 4244 volentes
3175 4191 3232 4243 te
3278 4182 3503 4245 videre.
3539 4180 3647 4254 Qui

267 4272 477 4339 λοντες.
542 4264 599 4331 Ὀ
658 4272 713 4330 δὲ
777 4273 1099 4352 ἀποκριθεὶς,
1137 4271 1263 4329 εἶπε
1292 4274 1425 4351 πρὸς
1457 4274 1640 4336 αὐτούς
1680 4315 1695 4329 .
1726 4275 1917 4352 Μήτηρ

2016 4275 2621 4354 'espondensdixitad
2655 4272 3000 4337 illoszMater
3032 4290 3162 4333 mea
3192 4282 3249 4333 et
3273 4271 3485 4333 fratres
3521 4271 3651 4333 mei

267 4386 369 4439 μου
410 4365 496 4421 καὶ
553 4361 767 4442 ἀδελφοί
807 4385 911 4438 μου
966 4361 1111 4419 οὗτοί
1169 4364 1297 4418 εἰσιν
1355 4364 1402 4416 οἱ
1460 4362 1553 4417 τὸν
1608 4360 1768 4439 λόγον
1825 4371 1918 4421 τοᾶ

2004 4362 2065 4424 1ιί
2085 4372 2222 4426 sunt
2250 4365 2349 4445 qui
2378 4382 2715 4426 sermonem
2769 4361 2873 4423 Dei
2905 4360 3170 4435 audiunt,
3201 4369 3256 4421 et
3300 4360 3521 4421 faciunt
3567 4360 3643 4421 il-

271 4460 402 4511 Θεοῦ
459 4454 737 4517 ἀκούοντες
807 4453 897 4510 καὶ
949 4461 1244 4516 ποιοῦντες,
1310 4473 1339 4504 ι
1392 4447 1660 4508 Ἐντεῦθεν
1711 4449 1913 4508 δείκνυ-

2016 4454 2152 4517 lum.
2190 4478 2211 4512 ι)
2250 4453 2374 4516 Hoc
2409 4456 2536 4517 loco
2569 4452 2901 4514 ostenditur
2929 4450 3084 4531 quod
3120 4448 3310 4512 fuerit
3361 4468 3475 4511 non
3509 4468 3643 4510 cum

267 4566 379 4618 ται,
440 4542 521 4599 ὅτι
572 4542 668 4600 οῦκ
718 4542 785 4610 ἦν
842 4541 980 4617 μετὰ
1029 4546 1137 4596 τῶν
1178 4539 1343 4596 -κατὰ
1400 4540 1568 4619 σάρκα
1598 4547 1864 4619 συγγενῶν
1895 4544 1923 4599 6

270 4633 494 4713 Χριστός
528 4648 544 4663 ⁸
591 4630 902 4690 καταλιπὼν
953 4630 1053 4708 γὰρ
1096 4630 1339 4707 τούτους,
1389 4629 1641 4708 σχολάζει
1666 4630 1732 4697 τῆ
1754 4650 1919 4686 πνευ-

522 4719 853 4800 διδασκαλλᾳ,
913 4716 1034 4774 ἀλλ’
1097 4717 1294 4775 ἐκεῖνοι
1352 4720 1730 4797 παραγίνονται
1787 4720 1919 4797 πρὸς

269 4813 452 4874 αὐτόν,
500 4809 678 4877 Οῧτως
721 4812 811 4867 οὖν
839 4809 957 4888 χρὴ
1005 4809 1093 4864 καὶ
1135 4808 1306 4865 πάντα
1351 4808 1443 4863 τὸν
1497 4806 1761 4865 διακονίαν
1812 4829 1916 4865 πε-

267 4899 624 4977 πιστευμένον
705 4906 860 4974 Θεοῦ,
945 4895 1113 4973 μηδὲν
1194 4899 1465 4953 ποιεῖσθαι
1535 4898 1917 4978 προτιμότερον

267 4991 489 5064 ταύτης,
550 4987 687 5046 ἀλλὰ
731 4990 819 5045 καὶ
870 4999 1050 5066 γονεῖς
1108 4989 1492 5065 παρωθεῖσθαι,
1537 4985 1653 5064 εἴγε
1686 4986 1916 5063 μέλλου-

268 5103 353 5137 σιν
409 5082 557 5156 ἡμᾶς
615 5074 915 5153 ἐμποδίζειν
986 5073 1275 5156 ἀνωφελῶς
1358 5076 1448 5132 καὶ
1505 5075 1683 5150 μάτην
1739 5077 1808 5142 εἰς
1856 5078 1917 5132 τὸ

334 5180 358 5189 ,,.
520 5170 548 5181 ~
578 5165 603 5187 ιι
793 5157 806 5177 ⁸
1076 5167 1099 5186 r
1231 5164 1246 5185 κ
1324 5171 1345 5181 ε-
1553 5164 1566 5185 I
1660 5187 1683 5201 ρ

268 5193 375 5229 του
420 5176 551 5227 Θεου
580 5189 755 5245 εργον,
832 5176 1012 5243 Ωσπερ
1042 5187 1129 5222 ουν
1161 5186 1250 5220 και
1292 5187 1378 5222 νυν
1423 5166 1450 5220 ὁ
1496 5173 1680 5243 Κύριος
1741 5179 1911 5228 ποιεῖ.

2005 4542 2344 4605 carnalibus
2376 4542 2639 4623 cognatis
2658 4538 3243 4604 Christuszillisenim
3274 4538 3646 4621 relictis,spi-

1994 4633 2456 4697 'ritualivacabat
2475 4629 2950 4704 doctrinaemnde
2972 4629 3056 4691 illi
3076 4630 3146 4690 ad
3170 4648 3303 4689 eum
3329 4628 3640 4691 accedunt.

2003 4713 2102 4775 Sic
2120 4713 2294 4774 etiam
2321 4722 2554 4794 oportet
2577 4721 2639 4774 ut
2654 4730 2863 4773 omnes
2884 4711 3098 4792 quibus
3119 4709 3524 4771 concreditum
3557 4718 3645 4771 est

2002 4803 2401 4865 ministerium
2433 4802 2563 4883 Dei,
2600 4802 2743 4863 nihil
2776 4802 2873 4861 illo
2919 4799 3217 4879 antiquius
3271 4798 3526 4860 habeant
3554 4798 3643 4860 vel

2002 4893 2337 4972 praeferant.
2381 4892 2527 4954 Sunt
2561 4892 2708 4953 item
2743 4898 2800 4951 et
2848 4897 3122 4971 parentes
3172 4888 3524 4968 repellendi,
3557 4887 3642 4950 si-

2000 4981 2240 5063 quidem
2275 4982 2496 5062 absque
2546 4980 2793 5041 utilitate
2853 4988 2910 5040 et
2958 4979 3171 5040 frustra
3218 4978 3278 5039 in
3326 4996 3507 5058 opere
3539 4979 3640 5040 Dei

2002 5090 2108 5133 nos
2139 5071 2481 5152 impedituri
2501 5067 3165 5150 sunt,quemadmodum
3191 5077 3245 5127 et
3264 5085 3423 5128 nunc
3444 5066 3635 5129 Domi-

2002 5181 2113 5223 nus
2144 5162 2300 5225 facit.
2340 5159 2489 5232 Quia
2520 5160 2679 5222 enim
2715 5159 2992 5219 dixerant
3036 5156 3122 5218 illi
3167 5157 3406 5236 quidam
3438 5156 3512 5216 de
3536 5174 3640 5217 co-

1349 5294 1432 5357 Ex
1462 5294 1782 5359 collatione
1809 5297 1965 5361 codd
2024 5297 2236 5360 Venet.
2273 5298 2336 5358 S.
2376 5294 2586 5358 Marci.

350 5426 443 5506 (3)
468 5423 622 5490 Cod.
679 5422 804 5506 3l,_
854 5420 1066 5506 (ﬁrmi;
1139 5419 1267 5475 εἶσιν
1310 5419 1366 5506 pi
1422 5418 1564 5506 παρα
1619 5422 1717 5506 τὴν
1772 5419 1914 5479 ὁδόν,

269 5497 426 5565 ’Δπὶί
450 5514 555 5564 τῶν
604 5506 682 5582 μὴ
731 5502 1212 5583 τελεσεορούντων.
1255 5497 1477 5583 Ὀξίτινές
1503 5497 1638 5583 εξσιν
1681 5499 1915 5583 ὲνβταῖς

269 5591 543 5667 ὰκάνθαις,
572 5576 627 5643 κ’.
662 5607 710 5642 τ.
745 5584 799 5647 λ.
840 5576 1138 5658 .nt'sum,
1171 5577 1273 5660 qui
1295 5578 1461 5657 juxta
1494 5576 1670 5639 viam.
1703 5578 1794 5641 Ab
1822 5578 1916 5641 his

2001 5417 2101 5498 qui
2135 5416 2523 5498 fructumsuo
2556 5423 2827 5492 tempore
2855 5431 2969 5472 non
3004 5411 3278 5474 afferunt.
3307 5408 3373 5470 Et
3406 5408 3470 5470 bi
3504 5415 3639 5471 sunt

2000 5496 2099 5579 qui
2132 5501 2287 5560 inter
2315 5496 2538 5574 spinas,
2570 5520 2595 5549 ι
2626 5502 2740 5556 etc.
