4116 6212
459 306 577 381 803

1431 307 2028 379 THEOPHYLACTI
2071 303 2480 376 BULGARIE
2525 304 2885 373 ARCHIEP.

3658 356 3661 357 ν
3719 303 3867 369 804

460 448 648 524 gnatis
679 447 831 527 ejus,
861 447 987 527 ipse
1038 447 1466 511 fraternitatem
1518 465 1637 507 non
1693 446 1751 507 in
1786 466 1967 527 parvo
1991 468 2098 510 nu-

2193 447 2344 505 Ἐπεὶ
2392 446 2493 525 γὰρ
2547 449 2702 502 εἷπον
2788 448 2931 519 αῦτῷ
3004 465 3144 508 τινες
3208 444 3326 521 περὶ
3382 446 3488 500 τῶν
3572 448 3871 519 συγγενῶν

462 554 626 598 mero
657 536 899 609 claudit,
937 555 1128 616 neque
1161 535 1296 599 filiis
1325 534 1549 617 Joseph
1599 537 1757 597 hunc
1818 538 2107 600 honorem

460 625 582 700 dat,
610 636 672 686 ut
702 624 813 686 soli
833 626 948 685 sint
982 625 1189 686 fratres
1218 645 1230 685 :
1266 625 1369 686 sed
1396 626 1535 705 quia
1557 624 1714 685 venit
1737 634 1917 688 totum
1943 646 2110 689 mun-

459 714 598 775 dum
636 732 900 790 servare,
923 724 980 775 et
1012 733 1220 775 omnes
1252 714 1467 776 fratres
1498 714 1893 784 facere.dicit:
1924 720 2111 779 Mater

461 822 593 865 mea
614 813 674 867 et
704 804 911 865 fratres
944 803 1060 864 mei
1104 803 1159 863 hi
1194 813 1329 864 sunt
1357 805 1452 884 qui
1486 822 1823 864 sermonem
1860 805 1965 866 Dei
1998 826 2110 866 au-

458 892 888 955 diunt.Deinde
918 892 1056 973 quia
1078 893 1235 954 nuda
1268 903 1325 954 et
1356 894 1480 954 sola
1497 892 1720 953 auditio
1747 892 1970 955 nullum
1997 912 2113 956 ser-

459 991 571 1055 vat,
599 982 699 1044 sed
730 982 914 1061 magis
943 982 1324 1055 condemnat,
1352 982 1496 1043 dicit
1531 1004 1541 1039 :
1578 990 1635 1042 et
1668 982 1883 1043 faciunt
1915 983 2107 1046 illum.

459 1070 705 1151 Oportet
736 1071 909 1148 igitur
939 1071 1169 1150 audire,
1207 1080 1263 1132 et
1296 1072 1511 1133 facere.
1550 1070 1727 1132 Porro
1771 1090 2107 1134 sermonem

461 1162 565 1222 Dei
598 1180 761 1220 suam
792 1162 1120 1222 doctrinam
1154 1158 1345 1223 vocat.
1379 1161 1759 1240 Quaecunque
1790 1163 1949 1222 enim
1982 1163 2109 1243 ipse

460 1249 719 1330 dicebat,
752 1251 944 1311 Patris
970 1250 1062 1310 sui
1095 1260 1281 1323 erant,
1309 1251 1400 1311 cui
1434 1270 1546 1310 non
1582 1250 1688 1310 fuit
1710 1251 2105 1331 adversarius,

460 1350 522 1399 ut
550 1340 703 1400 dicat
731 1358 860 1420 qua:
892 1338 994 1400 Dei
1027 1359 1143 1400 non
1166 1342 1406 1401 sunt.At
1432 1339 1697 1420 plerique
1730 1340 1922 1401 locum
1950 1342 2107 1403 hunc

459 1429 544 1489 sic
574 1428 925 1506 intelligunt.
964 1428 1121 1507 quod
1171 1430 1407 1508 quidam
1472 1427 1767 1489 irriserint
1803 1429 2105 1490 Christum

458 1517 792 1590 docentem,
843 1527 898 1578 et
920 1517 993 1580 ob
1025 1517 1357 1578 doctrinam
1391 1537 1555 1578 suam
1594 1519 1804 1579 factum
1840 1520 2104 1581 admira-

457 1606 661 1677 bilem,
701 1616 760 1667 ut
797 1626 901 1686 per
932 1608 1207 1667 invidiam
1242 1608 1499 1668 dixerint
1530 1628 1543 1667 :
1584 1608 1739 1669 Ecce
1792 1622 1979 1669 mater
2012 1619 2107 1670 tua

458 1704 514 1755 et
544 1696 752 1755 fratres
780 1696 862 1757 tui
896 1706 1032 1756 sunt
1062 1696 1226 1769 foris,
1258 1697 1566 1777 cupien'es
1610 1705 1665 1757 te
1706 1697 1930 1769 videre,
1965 1698 2105 1778 quia

459 1794 646 1847 mater
675 1785 863 1865 ipsius
921 1784 1228 1846 videbatur
1257 1787 1387 1847 vilis
1435 1805 1589 1866 esse,
1626 1795 1682 1847 et
1716 1787 1928 1848 fratres
1977 1790 2105 1867 ejus

2194 536 2383 615 αὐτοῦ,
2429 536 2583 596 αῦτὸς
2628 534 2688 589 οὔ
2742 532 3027 613 περιγλείει
3088 532 3141 587 ἐν
3203 530 3402 610 ὀλίγοις
3461 532 3558 599 τὴν
3615 528 3874 609 ἀδελιρό-

2194 648 2356 705 τητκ,
2408 622 2525 683 ὡδὶ
2566 625 2687 688 τοὺς
2730 645 2822 680 του
2879 622 3080 702 Ἰωσὴφ
3149 619 3348 684 παῖδας
3402 618 3647 685 καταξιοῐ
3690 618 3879 675 ἀδελ-

2194 716 2322 795 φοῦς
2377 714 2571 789 μόνους
2626 712 2811 793 ἔχειν,
2864 710 2988 768 ἀλλ’
3058 712 3171 767 ἐπεὶ
3222 712 3312 767 τὸν
3368 710 3572 784 κόσμον
3642 708 3875 764 ἅπαντα

2200 804 2345 878 ἦλθε,
2409 809 2601 883 σῶσαι,
2702 804 2796 859 καὶ
2861 803 3063 866 πάντας
3164 798 3417 879 ἀδελφοὺς
3496 800 3865 869 ποιήσασθαι,

2196 893 2326 971 φησί
2356 906 2371 921 ⁸
2432 892 2624 969 Μήτηρ
2655 912 2757 966 μου
2808 892 2896 947 καὶ
2951 887 3167 971 ἀδελφοί
3196 910 3299 963 μου
3327 887 3455 942 εἰσιν
3486 887 3534 941 οἱ
3564 887 3655 942 τὸν
3686 884 3867 963 λόγον

2194 989 2285 1037 τοῦ
2341 988 2472 1037 Θεοῦ
2519 980 2821 1043 ἀκούοντες,
2870 982 3006 1036 Εἶτα
3075 975 3258 1044 ἔπιιδὴ
3316 977 3377 1031 τὸ
3419 974 3629 1032 ἀκούειν
3686 971 3864 1049 ψιλὸν

2194 1068 2377 1127 οὖδένα
2434 1071 2615 1141 σώζει,
2679 1070 2722 1124 εἷ
2780 1069 2857 1143 μὴ
2910 1066 3117 1142 μᾶλλον
3163 1067 3255 1123 καὶ
3305 1085 3627 1143 κατακρινει,
3688 1064 3857 1142 φησί,

2192 1160 2280 1215 κκὶ
2324 1165 2621 1221 ποιοῦντες.
2670 1158 2770 1214 Δεῖ
2824 1159 2926 1235 γὰρ
2976 1156 3111 1232 μετά
3139 1162 3229 1211 τοῦ
3256 1154 3488 1230 ἀκούειν,
3520 1154 3609 1210 καὶ
3636 1165 3859 1213 ποιεῖν,

2196 1248 2364 1325 Λόγον
2424 1245 2478 1303 δὲ
2538 1253 2668 1302 Θεοῦ
2709 1247 2809 1313 τὴν
2882 1247 3076 1303 οἰκείαν
3123 1242 3465 1300 διδασκαλίαν
3518 1241 3691 1320 λέγει’
3748 1240 3861 1296 ὅσα

2192 1338 2291 1415 γὰρ
2323 1338 2476 1399 αὐτὸς
2512 1335 2686 1415 ἔλεγε,
2745 1343 2835 1392 τοῦ
2893 1336 3099 1413 [ἰατρὸς
3144 1335 3302 1391 αὐτοῦ
3330 1337 3488 1399 ἦσαν.
3525 1336 3600 1391 Οὔ
3627 1331 3735 1409 γὰρ
3780 1328 3863 1396 ἦν

2192 1426 2424 1487 ἀντίθεος
2481 1424 2619 1480 ὥστε
2651 1423 2684 1480 ἂ
2726 1423 2872 1502 λέγει
2915 1423 2994 1499 μὴ
3039 1424 3181 1479 εἶναι
3236 1422 3330 1478 τοῦ
3384 1428 3534 1479 Θεοῦ.
3583 1419 3736 1484 Τὶνὶς
3794 1417 3861 1474 δὲ

2190 1516 2251 1569 τὸ
2309 1513 2509 1593 χωρίον
2549 1520 2703 1569 τοῦτο
2736 1510 2878 1568 αὕτω
2904 1519 3136 1590 νοοῦσιν,
3197 1509 3278 1568 ὅτι
3321 1517 3411 1567 τοῦ
3476 1510 3708 1587 Χριστοῦ
3762 1505 3861 1563 δι-

2191 1601 2477 1665 δάσκοντος
2523 1604 2611 1658 καὶ
2668 1599 3069 1677 εὐδοκιμοῦντος
3126 1600 3211 1656 ἐπὶ
3266 1606 3335 1676 τῇ
3388 1596 3724 1669 διδασκαλίᾳ,
3756 1619 3855 1651 τι-

2188 1692 2274 1754 νὲς
2322 1693 2679 1771 φθονήσαντες
2753 1692 2841 1747 καὶ
2917 1690 3096 1768 ὥσπερ
3164 1688 3573 1767 μυκτηρίζοντες
3658 1689 3852 1759 αῦτὸν,

2189 1782 2348 1836 εἶπον
2382 1796 2395 1810 ⁶
2453 1778 2586 1837 ἰδοὺ
2616 1782 2651 1847 ἡ
2682 1781 2864 1859 μήτηρ
2907 1801 3026 1852 σου,
3060 1779 3149 1834 καὶ
3192 1780 3239 1834 ol
3294 1775 3507 1858 ἀδελφοί
3548 1798 3643 1832 σου
3672 1776 3853 1844 ἐστή-

456 1864 718 1953 obscuri,
747 1883 946 1956 utpote
975 1875 1120 1936 fabri
1156 1873 1282 1950 ﬁlii,
1320 1884 1378 1937 el
1413 1864 1634 1937 idcirco
1664 1879 1826 1957 quasi
1864 1864 2098 1955 ignobi-

2186 1892 2339 1927 κασιν
2390 1867 2510 1944 ἔξω,
2557 1868 2691 1925 ἰδεῖν
2723 1890 2780 1925 σε
2813 1867 3083 1932 θέλοντες.
3118 1868 3268 1924 Ἐπεὶ
3298 1867 3397 1945 γὰρ
3444 1866 3479 1933 ἡ
3512 1867 3696 1945 μήτηρ
3740 1864 3851 1920 αῦ-

456 1964 548 2024 lis.
585 1974 829 2023 matrem
868 1964 995 2043 ejus
1027 1972 1083 2023 et
1113 1963 1321 2024 fratres
1375 1962 1681 2025 irridendo
1714 1962 2093 2042 objiciebant.

458 2053 718 2114 Proinde
752 2052 948 2114 sciens
978 2054 1367 2129 cogitationes
1399 2072 1630 2125 eorum,
1665 2051 1817 2112 Nihil
1840 2053 2102 2132 mihi,in-

456 2142 601 2221 quit.
659 2151 830 2201 nocet
882 2142 1160 2220 ignobilis
1211 2142 1479 2219 cognatio
1543 2144 1660 2202 lino
1704 2142 1937 2202 etiamsi
1969 2142 2103 2222 quis

455 2229 726 2307 ignobilis
756 2230 952 2308 fuerit,
985 2231 1035 2290 si
1070 2240 1261 2291 tamen
1292 2231 1548 2291 audierit
1597 2248 1930 2292 sermonem
1968 2230 2094 2302 Dei,

456 2318 645 2398 ipsum
684 2336 878 2377 meum
911 2326 1224 2397 cognatum
1249 2319 1424 2379 facio.

532 2666 716 2728 Vens.
752 2665 970 2729 9‘2-‘25.
1012 2688 1034 2721 α
1067 2668 1302 2727 Factum
1337 2676 1426 2728 est
1462 2675 1657 2727 autem
1693 2670 1947 2746 quodam
1981 2666 2099 2747 die,

453 2765 513 2819 et
541 2756 668 2836 ipse
699 2756 967 2817 ascendit
996 2755 1055 2816 in
1092 2758 1312 2829 navim,
1348 2764 1405 2816 et
1435 2756 1712 2837 discipuli
1746 2757 1896 2835 ejus,
1934 2764 1989 2817 et
2024 2756 2103 2817 ait

451 2847 520 2907 ad
546 2845 700 2919 illos,
736 2842 1128 2923 Trajiciamus
1169 2845 1229 2905 iu
1276 2845 1621 2906 ulteriorem
1656 2844 1842 2925 ripam
1884 2846 2093 2923 stagui,

452 2952 519 2995 ac
559 2933 880 2995 solverunt.
937 2933 1225 2997 Caeterum
1261 2933 1669 3013 navigantibus
1700 2934 1842 3007 illis,
1873 2935 2097 2995 obdor-

454 3024 636 3086 mivit.
669 3022 737 3083 Et
794 3022 1019 3103 ingruit
1078 3023 1338 3103 procella
1394 3023 1552 3083 venti
1600 3024 1657 3083 in
1711 3030 2009 3103 stagnum,
2044 3033 2101 3085 et

452 3112 907 3190 complebantur
928 3130 997 3173 ac
1032 3112 1543 3193 periclitabantur.
1587 3113 1961 3175 Accedentes
1997 3130 2101 3175 au-

455 3207 572 3260 tem
601 3205 1031 3261 suscitaverunt
1061 3219 1193 3261 eum
1216 3200 1479 3263 dicentes
1511 3221 1525 3262 :
1558 3204 1920 3281 Przeceptor,
1951 3220 2105 3283 prae-
2189 3209 2345 3264 αὐτὸν

454 3296 683 3368 ceptor,
719 3288 1083 3368 perimus.At
1129 3290 1228 3352 ille
1255 3291 1541 3354 excitatus
1599 3292 1920 3373 increpavit
1959 3311 2097 3354 ven-

2184 1969 2276 2019 τοῦ
2345 1958 2514 2015 ἐδόκει
2596 1957 2812 2025 εοότελής
2888 1959 3055 2032 εἶναι,
3134 1958 3223 2013 καὶ
3282 1958 3329 2013 οἱ
3386 1954 3598 2035 ἀδελφοὶ
3682 1958 3849 2013 αὐτοῦ

2184 2049 2406 2128 ἀφανεῖς
2454 2069 2624 2127 τινες,
2668 2049 2741 2111 ὡς
2797 2046 3044 2110 τέκτονος
3088 2048 3210 2126 υἱοὶ,
3255 2046 3440 2101 τούτου
3486 2044 3665 2100 ’ἕνεκεν
3716 2040 3847 2098 δια-

2186 2139 2427 2217 σύροντες
2472 2138 2629 2196 αὒτὸν
2685 2139 2759 2202 ὡς
2812 2134 3060 2214 δυσγενῆ,
3120 2135 3220 2201 τὴν
3279 2133 3485 2211 μητέρα
3541 2134 3700 2189 αὐτοῦ
3755 2140 3849 2193 καὶ

2185 2229 2306 2289 τοὺς
2357 2224 2609 2306 ἀδελφοὺς
2694 2225 2837 2299 αὒτῷ
2897 2224 3210 2304 προέφερον,
3272 2216 3331 2281 Ὀ
3392 2219 3470 2296 δὲ,
3532 2222 3687 2299 γνοὺς
3746 2219 3847 2286 τὴν

2186 2314 2420 2375 διάνοιαν
2478 2316 2672 2389 αὐτῶν,
2731 2318 2912 2387 εἶπεν,
2972 2312 3079 2390 ὅτι,
3139 2311 3298 2371 Οὐδὲν
3352 2332 3419 2387 με
3467 2308 3689 2387 βλάπτει
3749 2312 3837 2366 εῦο

2183 2402 2361 2460 τέλεια
2408 2404 2716 2483 συγγενικὴ,
2770 2401 2907 2458 ἀλλὰ
2951 2400 3156 2478 μᾶλλον
3216 2400 3315 2457 κᾶν
3346 2398 3565 2465 εῦπτελὴς
3596 2396 3691 2465 εἴη
3733 2419 3843 2470 τις,

2185 2493 2353 2569 ἀκούῃ
2404 2491 2459 2548 δὲ
2514 2494 2606 2549 τὸν
2657 2491 2818 2572 λόγον
2874 2498 2966 2548 τοῦ
3012 2498 3166 2567 Θεοῦ,
3220 2489 3450 2569 συγγενῆ
3483 2489 3640 2545 αὐτὸν
3694 2491 3845 2543 ποιῶ

2183 2580 2336 2658 ἒμόν.

2272 2694 2299 2726 ι
2336 2673 2432 2729 Καὶ
2490 2670 2701 2751 ἐγένετο
2776 2672 2829 2729 ὲν
2896 2677 2993 2748 μιᾶ
3048 2677 3157 2729 τῶν
3228 2671 3466 2746 ἡμερῶν,
3533 2667 3619 2722 καὶ
3676 2666 3836 2728 αὑτὸς

2186 2758 2341 2828 ἐνέϐη
2397 2763 2469 2827 εἷς
2527 2760 2744 2835 πλοῖον,
2804 2763 2893 2819 καὶ
2957 2764 3003 2818 οἱ
3060 2760 3293 2837 μαθηταὶ
3338 2761 3519 2834 αὐτοῦ,
3572 2757 3657 2813 καὶ
3704 2756 3830 2811 εἶπε

2181 2852 2315 2929 πρὸς
2373 2849 2586 2915 αὺτούς.
2636 2849 2937 2925 Διέλθωμεν
2975 2852 3047 2915 εἰς
3105 2852 3165 2906 τὸ
3226 2849 3390 2927 πέραν
3456 2848 3552 2913 τῆς
3608 2844 3830 2919 λίμνης,

2182 2942 2269 2995 καὶ
2318 2941 2658 3019 ἀνήχθησαν.
2718 2938 2993 2996 Πλεόντων
3040 2937 3095 2995 δὲ
3155 2942 3347 3014 αὐτῶν,
3380 2936 3686 3016 ἀφύπνωσε,
3745 2936 3837 2990 καὶ

2183 3028 2381 3097 κατέϐη
2411 3028 2611 3106 λαίλαψ
2668 3029 2864 3105 ἀνέμου
2925 3031 2998 3092 εἷς
3047 3030 3144 3097 τὴν
3186 3028 3403 3104 λίμνην,
3443 3026 3531 3082 καὶ
3560 3022 3837 3091 συνεπλη-

2188 3128 2372 3196 ροῦντο
2424 3120 2514 3175 καὶ
2571 3118 2919 3181 ἐκινδύνευον.
2988 3117 3374 3197 Προσελθόντες
3440 3113 3495 3171 δὲ
3563 3112 3839 3193 διήγειραν

2351 3256 2367 3288 ,
2453 3206 2699 3286 λέγοντες
2738 3225 2751 3239 '
2835 3208 3151 3281 Ἐπιστάτα,
3241 3205 3519 3278 ἐπιστάτα,
3593 3200 3840 3258 ἀπολλύ-

2189 3302 2347 3373 μεθα,
2406 3288 2464 3355 Ὀ
2508 3296 2563 3352 δὲ
2607 3297 2834 3377 ἐγερθεὶς
2901 3298 3192 3373 ἐπετίμησε
3261 3302 3339 3371 τῷ
3390 3293 3570 3369 ἀνέμῳ
3620 3294 3711 3349 καὶ
3760 3297 3840 3364 τῷ

452 3388 575 3439 tum
607 3398 673 3440 ac
710 3388 1116 3459 tempestatem
1169 3401 1357 3463 aqum,
1393 3392 1449 3444 et
1507 3384 1777 3456 cessavit,
1839 3384 2098 3465 factaque

2188 3384 2407 3444 κλύδωνι
2463 3394 2555 3444 τοῦ
2612 3384 2821 3463 ὕδατος,
2855 3387 2950 3443 καί
2981 3386 3268 3465 ἐπαύσατο,
3319 3385 3408 3441 καὶ
3460 3382 3670 3461 ἐγένετο
3724 3402 3835 3459 γα-

452 3478 540 3529 est
572 3468 987 3550 tranquillitas.
1029 3470 1181 3533 Dixit
1211 3482 1407 3533 autem
1459 3472 1575 3534 illis
1610 3472 1763 3536 :Ubi
1822 3483 1910 3535 est
1954 3474 2098 3535 fides

453 3559 678 3620 vestra?
708 3558 1010 3621 Timentes
1040 3571 1235 3623 autem
1274 3563 1468 3623 mirati
1500 3570 1636 3623 sunt
1668 3565 1821 3624 inter
1874 3582 1961 3638 se,
1999 3564 2095 3624 di-

451 3655 688 3710 centes:
717 3647 857 3720 Quis
891 3659 1059 3729 putas
1091 3650 1186 3711 hic
1219 3661 1330 3725 est,
1388 3653 1522 3732 quia
1550 3652 1741 3713 ventis
1773 3670 2009 3733 quoque
2043 3661 2099 3714 et

452 3756 619 3818 aquae
651 3738 989 3819 imperat,et
1010 3741 1146 3798 5‘27
1166 3740 1451 3801 obediunt
1472 3742 1557 3802 ei?
1593 3764 1617 3801 ι
1660 3745 1963 3804 Exercens
1984 3742 2101 3803 dis-

450 3826 677 3907 cipulos
701 3825 1003 3899 Dominus,
1038 3847 1365 3910 eorumque
1394 3830 1571 3891 fidem
1596 3831 1937 3891 examinans
1956 3850 2095 3891 num

448 3916 510 3977 in
545 3916 966 3977 tentationibus
1022 3918 1146 3978 suis
1195 3918 1578 3999 imperterriti
1612 3919 1731 3980 sint
1765 3940 1778 3982 :
1816 3919 2094 3998 singulari

450 4005 701 4086 quadam
737 4006 1184 4086 dispensatione
1224 4008 1465 4088 dormit,
1500 4008 1814 4088 arguitque
1860 4009 2091 4069 illorum

447 4093 875 4156 inﬁrmitatem.
911 4093 1039 4156 Non
1065 4098 1224 4157 enim
1262 4096 1577 4178 perfectam
1614 4097 1815 4172 fidem,
1846 4097 2094 4160 sedinfi-

448 4183 688 4245 delitate
721 4183 952 4245 mistam
997 4204 1119 4265 pra;
1173 4203 1235 4249 se
1290 4186 1580 4250 ferebant.
1625 4187 1885 4251 Credunt
1933 4187 2091 4249 enim

448 4273 606 4353 quod
640 4270 864 4334 salvare
896 4276 1313 4354 possit,vcrum
1348 4286 1405 4336 ut
1440 4276 1843 4357 pusillanimes
1864 4277 2089 4353 dicunt,

448 4359 651 4435 Salva,
689 4361 973 4442 perimus.
1010 4364 1069 4425 Si
1095 4365 1253 4426 enim
1293 4365 1610 4446 perfectam
1646 4366 2089 4428 habuissentﬁ-

448 4450 609 4524 dem,
662 4452 801 4511 satis
849 4452 995 4514 certi
1041 4452 1288 4515 fuissent
1318 4455 1687 4535 impossibile
1730 4474 1864 4518 esse
1896 4456 2094 4537 perire

446 4539 903 4620 illos,przesente
936 4560 1005 4601 eo
1039 4543 1134 4622 qui
1168 4543 1367 4604 omnia
1390 4544 1878 4607 valet.Excitatus
1900 4554 2094 4605 autem

445 4630 773 4711 increpavit
812 4638 1074 4692 ventum.
1116 4633 1391 4694 Permisit
1446 4651 1582 4695 vero
1616 4653 1720 4696 eos
1751 4633 1998 4715 turbari,
2033 4640 2098 4695 ut

2180 3475 2344 3545 λήνη,
2391 3476 2531 3533 Εἶπε
2588 3473 2644 3531 δὲ
2701 3479 2885 3541 αὒτετς
2914 3492 2929 3507 ’
2982 3475 3091 3532 Ποῦ
3148 3475 3290 3531 ἐστιν
3320 3475 3356 3541 ἡ
3398 3472 3571 3534 πίστις
3627 3473 3829 3550 ῦμῶν;

2180 3562 2509 3632 Φοϐηθέντες
2571 3562 2649 3645 δὲ,
2684 3564 3007 3643 ἐθαύμασαν,
3041 3563 3287 3642 λέγοντες
3318 3563 3448 3640 πρὸς
3506 3558 3776 3629 ἀλλήλους
3811 3574 3829 3591 ⁸

2182 3656 2270 3716 Τίς
2322 3654 2423 3733 ἄρα
2475 3654 2626 3718 οὗτός
2676 3654 2843 3730 ἐστιν,
2897 3652 2979 3710 ὅτι
3026 3655 3115 3710 γαὶ
3160 3666 3279 3716 τοῖς
3308 3650 3522 3727 ἀνέμοις
3552 3649 3831 3705 ἐπιτάσσει

2180 3746 2266 3800 καὶ
2318 3751 2396 3819 τῷ
2448 3742 2593 3800 ὕδατι
2663 3744 2752 3800 καὶ
2799 3743 3150 3800 ὑπακούουσιν
3210 3741 3402 3814 αὖτῷς
3458 3761 3484 3798 ο
3545 3739 3830 3814 Γυμνάζων

2178 3834 2299 3897 τοὺς
2362 3834 2604 3909 μαθητὰς
2666 3835 2693 3889 ὁ
2753 3833 2965 3912 Κύριος,
3028 3834 3114 3889 καὶ
3168 3829 3469 3907 δοκιμάζων
3526 3828 3625 3895 τὴν
3653 3828 3833 3883 πίστιν

2180 3923 2372 3995 αὐτῶν,
2421 3924 2464 3979 εἰ
2514 3922 2613 4000 ἄρα
2671 3924 2728 3978 ἓν
2783 3934 2900 3986 τοῖς
2958 3934 3282 3999 πειρασμοῖς
3336 3918 3625 3986 ἀκλόνητοί
3695 3918 3831 3996 εἰσι,

2176 4010 2411 4068 καθεύδει
2496 4012 2870 4092 οἰκονομικῶς,
2982 4009 3101 4067 ἀλλ’
3190 4009 3477 4090 ἐλέγχεται
3554 4010 3726 4063 αὑτῶν
3794 4008 3833 4074 ἡ

2175 4100 2437 4161 ἀσθένεια.
2500 4102 2571 4159 Οὑ
2626 4102 2727 4182 γὰρ
2783 4100 2989 4158 τελείαν
3037 4101 3235 4174 πίστιν,
3295 4099 3431 4156 ἀλλὰ
3492 4095 3833 4175 μεμιγμένην

2174 4196 2242 4267 τῇ
2324 4191 2541 4264 ἀπιστίᾳ
2597 4189 2967 4250 ἐνδείκνυνται.
3059 4191 3364 4247 Πιστεύουσι
3421 4190 3522 4265 μὲν
3584 4188 3685 4267 γὰρ
3745 4184 3829 4241 ὅτι

2174 4286 2348 4337 σῶσαι
2409 4278 2641 4340 δύναται.
2707 4271 2800 4344 Ὠς
2830 4278 2885 4336 δὲ
2920 4279 3273 4358 ὀλιγόπιστοι,
3318 4277 3536 4357 λέγουσι
3581 4279 3667 4351 τὸ,
3700 4282 3829 4331 Σῶ-

2174 4390 2295 4448 σον,
2337 4366 2702 4443 ἀπολλύμεθα.
2742 4370 2799 4424 Εἰ
2830 4370 2929 4447 γὰρ
2959 4367 3167 4425 τελείαν
3207 4368 3368 4447 εἶχον
3410 4368 3615 4439 πίστιν,
3648 4363 3829 4432 ἐπλη-

2178 4459 2544 4537 ροφορήθησαν
2588 4456 2649 4514 ἂν
2721 4459 2795 4521 ὡς
2854 4456 3104 4514 ἀδύνατόν
3184 4456 3323 4513 ἐστιν
3381 4453 3667 4537 ἀπολέσθαι
3728 4454 3829 4510 αὺ-

2176 4535 2321 4627 τοῦς,
2366 4548 2611 4612 συνόντος
2672 4548 2855 4611 αὐτοῖς
2917 4554 3010 4603 τοῦ
3061 4546 3231 4603 πάντα
3296 4546 3600 4625 ἰσχύοντος.
3654 4535 3711 4602 ιΟ
3772 4540 3828 4597 δὲ

2180 4638 2433 4717 ἐγερθεὶς,
2479 4636 2768 4713 ἐπετίμησε
2825 4644 2903 4713 τῷ
2965 4636 3169 4712 ἀνέμῳ.
3218 4632 3419 4716 Ἀφῆκε
3481 4636 3581 4713 γὰρ
3642 4634 3829 4695 αὐτοὺς

446 4719 666 4781 clarior
700 4721 868 4781 fieret
897 4738 1000 4781 sua
1032 4721 1451 4784 virtus.Solent
1473 4724 1631 4784 enim
1654 4723 1927 4786 homines
1959 4735 2096 4786 tunc

2184 4731 2540 4808 ταραχθῆναι,
2600 4727 2695 4783 ἵνα
2754 4729 2845 4784 καὶ
2899 4727 3262 4807 ἒμςρανεστέρα
3314 4724 3535 4805 γένηται
3579 4724 3614 4789 ἡ
3674 4723 3830 4778 αὑτοῦ

447 4810 792 4871 meminisse
819 4810 949 4889 ejus
970 4811 1067 4890 qui
1086 4812 1535 4893 Salvat,quando
1558 4830 1592 4875 a
1610 4814 1835 4893 magnis
1854 4814 2094 4895 pericu-

446 4898 519 4960 lis
542 4898 897 4980 eripiuntur.
935 4901 1255 4980 Propterea
1289 4920 1405 4962 non
1442 4903 1498 4963 in
1552 4902 1865 4984 principio,
1897 4903 2001 4964 sed
2035 4903 2093 4963 in

446 4988 696 5050 articulo
721 4988 967 5069 periculi
1000 4990 1308 5065 excitatus,
1334 4990 1467 5053 illos
1497 4992 1769 5057 servavit.
1801 4992 1949 5053 Vide
1979 5010 2090 5052 au-

447 5088 566 5141 tem
594 5090 650 5139 et
671 5080 1185 5161 anagogiam,quia
1209 5081 1391 5160 figura
1424 5089 1513 5145 est
1536 5083 1668 5163 ejus
1699 5082 1857 5163 quod
1892 5090 2093 5163 postea

447 5168 756 5249 discipulis
779 5167 1293 5246 evenit.Stagnum
1327 5174 1485 5235 enim
1509 5172 1842 5252 estJudaea,
1876 5171 1936 5232 in
1977 5190 2091 5252 qua

449 5264 770 5336 tempestas
811 5266 959 5331 orta,
998 5266 1247 5339 prepter
1296 5261 1583 5324 insaniam
1615 5262 1955 5323 Judworum
1989 5263 2095 5341 qui

449 5346 870 5410 cruciﬁxerunt
902 5349 1244 5409 Dominum.
1279 5350 1523 5412 Turbati
1547 5369 1689 5413 vero
1734 5360 1873 5414 sunt
1908 5361 1963 5413 et
1996 5353 2090 5412 di-

446 5434 691 5516 scipuli:
728 5453 860 5495 nam
894 5436 995 5497 illo
1024 5437 1229 5500 relicto
1255 5440 1662 5519 fugerunt,sed
1698 5444 1983 5503 excitatus
2007 5449 2094 5501 est

448 5523 738 5588 Dominus
761 5542 794 5585 a
825 5527 1181 5608 somno,boc
1204 5538 1312 5604 est,
1346 5533 1635 5594 surrexit:
1670 5532 1832 5594 unde
1862 5529 2092 5591 reddita

447 5611 758 5694 discipulis
786 5615 1382 5697 tranquillitas.Venit
1412 5618 1572 5679 enim
1589 5620 1662 5683 ad
1689 5639 1890 5703 eos,ac
1915 5617 2086 5683 dixit.

2178 4816 2419 4893 δύναμις.
2481 4815 2752 4891 Εἶώθαμεν
2831 4817 2931 4897 γὰρ
2985 4818 3032 4874 οἱ
3114 4814 3378 4894 ἄνθρωποι
3433 4815 3552 4870 τότε
3623 4811 3827 4889 μᾶλλον

2177 4907 2528 4982 μνημονεύειν
2584 4907 2677 4962 τοῦ
2736 4906 3030 4981 σώσαντος,
3078 4904 3204 4962 ὅταν
3247 4905 3353 4961 ἀπὸ
3411 4902 3661 4982 μεγάλων
3701 4925 3826 4959 κιν-

2174 4995 2337 5052 δύνων
2392 4997 2535 5071 ἡμᾶς
2568 4992 2831 5061 ἐξέληται.
2870 4996 2967 5052 Διά
3007 5002 3165 5053 τοῦτο
3197 4996 3291 5053 οὐκ
3319 4993 3373 5051 ἐν
3404 4991 3572 5072 ἀρχῆ,
3601 4988 3739 5072 ,ἀλλ’
3770 4991 3826 5047 ἐν

2174 5087 2323 5164 ἀκμῇ
2363 5092 2454 5143 τοῦ
2495 5083 2735 5141 κινδύνου
2763 5081 3043 5149 διαναστὰς
3075 5086 3263 5147 αὑκοὺς
3293 5082 3509 5142 ἔσωσεν.
3569 5071 3717 5159 ’Ὅρα
3764 5078 3819 5135 δὲ

2174 5178 2261 5234 καὶ
2316 5176 2686 5256 ἀναγωγικῶς,
2762 5172 2843 5230 ὅτι
2893 5174 3058 5238 τύπος
3108 5174 3216 5231 ἐστὶ
3258 5180 3415 5230 τοῦτο
3455 5181 3548 5231 τοῦ
3603 5172 3816 5250 ὕστερον

2174 5268 2291 5346 περὶ
2338 5266 2459 5325 τοὺς
2518 5264 2758 5339 μαθητὰς
2830 5260 3152 5338 συμϐάντος,
3228 5262 3400 5337 Λίμνη
3471 5262 3569 5337 μὲν
3624 5261 3725 5339 γὰρ
3779 5261 3813 5327 ἡ

2176 5352 2419 5432 Ἰουδαία,
2479 5353 2597 5430 περὶ
2653 5351 2718 5420 ἢν
2779 5349 2981 5419 κατέϐη
3032 5350 3232 5427 λαίλαψ
3282 5350 3458 5419 πολλὴ
3512 5356 3611 5418 τῆς
3682 5350 3816 5405 κατά

2174 5448 2399 5520 Χριστοῦ
2456 5441 2671 5517 μανίας,
2703 5441 2769 5509 ἢν
2802 5440 3074 5518 ἐμάνησαν
3105 5443 3151 5497 οἶ
3201 5439 3446 5498 Ἰουδαῖοι
3479 5442 3815 5519 σταυροῦντες

2169 5531 2262 5588 τδν
2310 5532 2520 5611 Κύριον.
2554 5527 2964 5611 Ἐταράχθησαν
3018 5530 3071 5588 δὲ
3101 5532 3265 5611 sulci
3299 5532 3529 5607 μαθηταί
3564 5547 3578 5562 ’
3627 5530 3816 5591 πάντες

2172 5621 2273 5699 γὰρ
2328 5609 2546 5700 ἀφέντες
2604 5609 3027 5700 αὑτὸν-ἔφυγον,
3100 5609 3223 5676 ἀλλ’
3278 5620 3475 5699 ἠγέρθη
3546 5622 3574 5676 δ
3634 5619 3819 5699 Κύρνος
