4116 6212
361 310 478 377 805

1068 312 1512 382 ENARRATIO
1557 319 1637 383 IN
1687 318 2193 384 EVANGELIUM
2240 319 2478 384 LUC/E.
2527 356 2603 368 ——
2643 320 2808 387 CAP.
2858 324 3022 387 VIII.

3614 326 3731 391 806

354 449 458 504 ἀπὸ
516 456 610 506 τοῦ
695 450 881 522 ὕπνου,
939 452 1207 510 τουτέστιν
1287 452 1506 530 ἀνέστη,
1581 454 1669 509 καὶ
1726 453 1885 511 πάλιν
1959 476 1987 510 ο

2091 451 2203 515 Pax
2232 452 2413 517 vobis.
2460 453 2530 515 Et
2561 455 2685 515 haec
2715 454 2955 535 quidem
2992 475 3097 535 per
3146 458 3513 536 anagogiam.
3556 457 3722 530 Quod

350 540 585 612 μαθηταί
636 539 691 595 ἐν
750 539 980 619 γαλήνῃ.
1061 540 1313 607 Ἐπιστὰς
1367 542 1467 621 γὰρ
1523 541 1730 621 αῦτοῖς,
1792 543 1948 600 εἶπεν
1984 559 1996 572 ·

351 627 548 705 Εἰρήνη
604 629 757 704 ὑμῖν.
823 631 921 686 Καὶ
976 637 1139 687 ταῦτα
1211 632 1310 707 μὲν
1366 631 1736 709 ἀναγωγικῶς.
1808 635 1878 689 Τὸ
1920 632 1999 706 δὲ,

346 716 435 779 Τίς
492 715 590 795 ἄρα
648 717 801 781 οὗτός
846 717 1038 799 ἐστιν;
1096 722 1199 799 οὖχ
1243 722 1317 782 ὡς
1366 719 1684 798 ἀποροῦντες
1732 718 1997 799 λέγουσιν,

345 802 483 861 ἀλλὰ
538 808 891 882 θαυμάζοντες
932 824 945 839 ⁸
1028 811 1099 874 ὡς
1158 808 1220 864 ἂν
1278 809 1321 863 εἰ
1382 807 1547 871 οὕτως
1607 806 1789 885 ἔλεγον
1823 826 1836 839 ⁸
1912 810 1999 881 Τίς

344 892 486 950 ἐστιν
530 895 701 971 οὗτος,
763 897 876 955 ἀντὶ
927 904 1045 978 τοῦ,
1104 899 1269 961 πόσος
1312 897 1399 954 καὶ
1446 896 1674 964 πηλίκος
1721 897 1810 953 καί
1855 899 1998 978 οἶος,

344 984 430 1040 καὶ
464 983 516 1039 ἐν
548 983 648 1063 ὅσῃ
680 984 906 1065 ἐξουσίᾳ,
951 988 1039 1043 καὶ
1068 986 1281 1063 δυνάμει
1308 993 1471 1044 ταῦτα
1500 1000 1650 1043 ποιεῖ
1683 1007 1698 1058 ;

428 1097 455 1127 ι
485 1071 587 1133 Καὶ
643 1073 1006 1132 κατέπλευσαν
1066 1078 1137 1142 εἰς
1199 1077 1298 1144 τὴν
1354 1076 1538 1156 χώραν
1582 1082 1687 1133 τῶν
1753 1074 1997 1155 Γαδαρη-

339 1167 471 1241 νῶν,
556 1161 676 1230 ἥτις
757 1165 899 1220 ἔστὶν
968 1164 1219 1245 ἀντίπερα
1280 1170 1379 1232 τῆς
1440 1163 1749 1230 Γαλιλαίας.
1808 1164 1994 1231 Ἐξελ-

336 1250 478 1307 θόνει
530 1250 585 1307 δὲ
644 1256 787 1326 αὖτῷ
829 1252 914 1309 ἐπὶ
958 1253 1056 1320 τὴν
1125 1260 1250 1331 γῆν,
1310 1255 1614 1324 ὑπήντησεν
1674 1258 1815 1328 αὒτῷ
1866 1255 1997 1335 ἀνήρ

336 1360 417 1403 τις
467 1340 528 1396 ἐκ
567 1345 667 1408 τῆς
726 1340 959 1422 πόλεως,
993 1344 1049 1403 ὃς
1084 1343 1212 1421 εἶχε
1263 1340 1510 1417 δαιμόνια
1548 1343 1607 1399 ἐκ
1638 1345 1845 1423 χρόνων
1872 1347 1995 1403 ἱκα-

336 1430 463 1503 νῶν,
521 1431 609 1486 καὶ
667 1432 874 1505 ἱμάτιον
927 1433 1020 1489 οῦκ
1075 1428 1455 1509 ἓνεδιδύσκετο,
1513 1434 1598 1489 καί
1633 1434 1686 1489 ἐν
1718 1435 1854 1506 οἰκίᾳ
1903 1434 1997 1491 οῦκ

334 1518 539 1593 ἔμενεν,
579 1517 699 1575 ἀλλ’
729 1519 782 1576 ἐν
811 1533 928 1585 τοῖς
985 1522 1292 1596 μνήμασιν,
1353 1518 1501 1577 Ἰδών
1558 1519 1611 1576 δὲ
1640 1524 1732 1579 τὸν
1759 1522 1990 1604 Ἰησοῦν,

331 1610 419 1664 καὶ
463 1607 782 1686 ἀνακράξας,
830 1608 1156 1686 προσέπεσεν
1215 1614 1383 1684 αὐτῷ,
1444 1611 1530 1666 καὶ
1590 1617 1741 1691 φω.ῇ
1786 1612 1996 1690 μεγάλῃ

335 1718 462 1753 ειπε
500 1716 513 1729 ’

329 1788 550 1862 ὑψίστου
590 1806 606 1860 ς
665 1788 863 1863 Δέομαί
915 1810 1032 1861 σου,
1086 1789 1164 1863 μή
1196 1810 1262 1863 με
1299 1789 1614 1865 βασανίσῃς,
1650 1790 1994 1869 Παρήγγελλε

331 1876 432 1953 γὰρ
491 1882 569 1951 τῷ
626 1877 886 1952 πνεύματι
950 1884 1025 1952 τῷ
1099 1877 1378 1955 ἀκαθάρτῳ
1440 1876 1670 1943 ἐξελθεῖν
1723 1880 1830 1935 απὸ
1905 1888 1995 1937 τοῦ

335 1963 639 2043 ἀνθρώπου.
696 1963 931 2030 Πολλοῖς
986 1967 1087 2046 γὰρ
1158 1967 1380 2046 χρόνοις
1444 1970 1767 2045 συνηρπάκει
1814 1969 1990 2043 αὐτὸν,

332 2055 425 2109 καὶ
485 2051 765 2129 ἐδεσμεῖτο
810 2054 1023 2112 ἁλύσεσι
1076 2055 1165 2111 καί
1212 2053 1394 2119 πέδαις
1426 2054 1847 2135 φυλασσόμενος,
1905 2059 1993 2115 καὶ

330 2140 662 2220 διαρῥήσσων
704 2145 770 2199 τὰ
824 2142 992 2220 δεσμὰ
1035 2143 1293 2212 ἠλαύνετο
1329 2146 1430 2201 ὑπὸ
1484 2151 1580 2202 τοῦ
1629 2143 1875 2221 δαίμονος
1921 2150 1992 2212 εἷς

340 2232 433 2297 τὰς
477 2232 728 2311 ἐρήμους.
795 2233 1149 2313 Ἐπηρώτησε
1207 2230 1262 2288 δὲ
1318 2235 1474 2290 αὺτὸν
1535 2236 1563 2289 ὁ
1619 2231 1853 2309 Ἰησοῦς;
1898 2234 1993 2292 λέ-

338 2344 448 2401 γων
479 2341 493 2356 ·
545 2323 715 2380 Τίσοί
774 2322 917 2379 ἔστιν
968 2322 1186 2400 ὄνομα;
1227 2313 1285 2381 Ὀ
1328 2320 1381 2378 δὲ
1428 2323 1553 2379 εἶπε
1590 2338 1604 2353 ⁶
1640 2325 1873 2401 Λεγεὼν,
1909 2325 1990 2381 ὅτι

332 2409 580 2487 δαιμόνια
637 2410 812 2468 πολλὰ
850 2410 1112 2487 ,εἰσῆλθον
1164 2414 1239 2475 εἰς
1311 2412 1490 2487 αὐτὸν,
1558 2414 1647 2468 καὶ
1698 2413 1986 2491 παρεκάλει

2083 551 2278 604 autem
2315 543 2517 604 dicunt
2554 543 2877 616 :Quisnam
2912 545 3005 606 hic
3038 546 3156 606 est?
3190 565 3304 606 non
3332 555 3393 606 ut
3438 548 3722 608 dubitan-

2086 640 2172 690 tes
2205 631 2434 705 dicunt,
2482 632 2588 694 sed
2622 631 2985 695 admirantes
3014 652 3027 696 :
3059 635 3223 714 quasi
3255 636 3555 699 dicereut:
3582 636 3726 709 Quis

2083 719 2177 780 hic
2211 728 2314 780 est.
2356 723 2463 782 hoc
2492 730 2606 796 est,
2657 731 2909 801 quantus
2962 731 3018 784 et
3068 724 3279 805 qualis,
3315 732 3373 785 et
3420 724 3479 785 in
3511 734 3726 805 quanta

2088 817 2374 887 potestate
2408 810 2529 871 hzec
2560 810 2703 871 facit
2728 813 2752 871 ?

2164 1071 2325 1135 Vens
2381 1076 2595 1138 26-33.
2637 1098 2663 1135 ι
2700 1075 2769 1137 Ει
2818 1077 3239 1156 navigaverunt
3287 1080 3362 1140 ad
3418 1082 3721 1159 regionem

2081 1162 2527 1225 Gadarenorum
2561 1185 2690 1246 quae
2712 1174 2802 1227 est
2824 1176 3024 1227 contra
3052 1166 3371 1229 Galilaeam.
3398 1170 3625 1230 Etcum
3649 1170 3722 1231 de

2079 1252 2208 1340 navi
2239 1272 2513 1331 egressus
2544 1266 2698 1316 esset
2728 1257 2799 1316 ad
2835 1260 3340 1330 terram,occurrit
3373 1258 3456 1318 illi
3487 1258 3575 1319 vir
3597 1260 3721 1340 qui-

2079 1339 2212 1401 dam
2244 1362 2276 1403 e
2312 1343 2543 1407 civitate
2563 1345 2661 1424 qui
2697 1345 2948 1407 habebat
2974 1347 3269 1407 daemonia
3293 1351 3417 1425 jam
3446 1367 3478 1408 a
3507 1339 3728 1428 tempo-

2077 1430 2242 1491 ribus
2279 1434 2499 1509 multis,
2525 1436 2952 1496 etvestimento
2988 1456 3098 1495 non
3129 1436 3505 1511 induebatur,
3535 1456 3729 1518 neque

2079 1518 2137 1578 in
2172 1520 2347 1581 domo
2373 1524 2671 1596 manebat,
2699 1523 2804 1584 sed
2836 1522 2895 1583 in
2933 1525 3356 1585 monumentis.
3392 1525 3444 1586 Is
3462 1527 3728 1586 utvidis-

2080 1616 2170 1670 set
2196 1610 2421 1684 .lesuni,
2450 1620 2506 1671 et
2535 1612 2947 1692 exclamasset,
2976 1613 3231 1692 procidit
3269 1621 3402 1674 ante
3434 1615 3627 1689 illum,
3659 1633 3727 1676 ac

578 1699 637 1755 Τί
688 1697 807 1773 ἐμοὶ
867 1700 953 1755 καὶ
1011 1700 1115 1772 σοὶ,
1185 1698 1386 1772 Ἰησοῦ,
1452 1699 1533 1754 ι’ἱὲ
1591 1708 1683 1756 τοῦ
1735 1704 1866 1757 Θεοῦ
1903 1712 1989 1761 τοῦ

2082 1714 2231 1758 voce
2258 1718 2465 1776 magna
2497 1699 2642 1759 dixit
2676 1698 2864 1771 :Quid
2904 1699 3045 1761 mihi
3075 1702 3159 1761 rei
3194 1711 3384 1763 tecum
3418 1712 3528 1775 est,
3557 1702 3721 1781 Jesu,

2081 1785 2189 1846 Fili
2247 1786 2351 1849 Dei
2410 1788 2711 1850 altissimi?
2742 1787 3003 1851 Obsecro
3037 1797 3113 1863 te,
3153 1809 3223 1849 ne
3278 1809 3372 1851 me
3425 1799 3722 1871 torqueas.

2079 1874 2636 1956 Prtecipiebatenim
2665 1878 2874 1959 spritui
2898 1879 3206 1940 immundo
3235 1887 3295 1938 ut
3316 1880 3589 1939 exire-tab
3623 1880 3725 1939 ho-

2078 1963 2264 2027 mine.
2301 1967 2664 2047 Frequenter
2697 1966 2855 2027 enim
2879 1968 3249 2045 corripuerat
3280 1967 3469 2041 illum,
3507 1978 3564 2028 et
3594 1968 3726 2029 vin-

2076 2052 2348 2117 ciebatur
2377 2056 2623 2132 catenis,
2660 2067 2716 2117 et
2746 2056 3136 2135 compedibus
3168 2056 3631 2136 custodiebatur,
3666 2067 3724 2118 et

2079 2145 2268 2222 ruptis
2300 2145 2549 2206 vinculis
2576 2145 2857 2225 agebatur
2879 2164 2911 2205 a
2940 2145 3234 2205 daemonio
3268 2146 3326 2205 in
3359 2144 3723 2207 deserta.ln-

2077 2234 2394 2312 terrogavit
2422 2243 2613 2295 autem
2666 2234 2833 2295 illum
2881 2237 3077 2314 .lesus,
3111 2235 3320 2295 dicens
3356 2255 3369 2290 :
3405 2232 3570 2305 Quod
3619 2235 3724 2296 tibi

2076 2340 2294 2384 nomen
2332 2330 2450 2386 est?
2481 2325 2555 2385 At
2599 2324 2700 2385 ille
2730 2323 2875 2385 dixit
2914 2345 2927 2385 :
2958 2325 3159 2402 Legio,
3193 2323 3331 2403 quia
3359 2322 3723 2386 intraverant

2074 2411 2365 2474 daemonia
2414 2414 2594 2475 multa
2650 2414 2709 2474 in
2754 2432 2915 2475 eum.
2963 2411 3036 2473 Et
3068 2422 3419 2491 rogaverunt
3450 2413 3616 2474 illum
3650 2432 3723 2474 ne

326 2499 507 2575 αὐτὸν,
556 2501 649 2558 ’ἕνα
707 2502 784 2576 μὴ
829 2501 1049 2578 ἐπιτάξῃ
1104 2505 1291 2567 αῦτο“ς
1321 2503 1394 2564 εἰς
1424 2501 1523 2568 τὴν
1556 2499 1782 2559 ἄϐυσσον
1813 2504 1984 2560 ἀπελ-

2077 2499 2389 2581 imperaret
2450 2503 2591 2583 ipsis
2618 2513 2681 2564 ut
2712 2502 2770 2563 in
2803 2503 3077 2582 abyssum
3117 2502 3294 2565 irent.
3332 2501 3471 2563 Erat
3521 2514 3718 2563 autem

326 2593 462 2649 θεῖν.
512 2579 610 2649 Ἠν
641 2589 695 2647 δὲ
731 2590 786 2647 δὲ
818 2590 935 2648 ἐκεῖ
963 2590 1132 2671 ἀγέλη
1176 2591 1377 2670 χοίρων
1405 2591 1597 2647 ἰκανῶν
1644 2592 1985 2667 βοσκομένων

2077 2579 2319 2670 ἱδὶήενθκ
2344 2579 2989 2672 ροτοοιυιιιιηυιιοτίιιη
3017 2591 3380 2671 pascentium
3412 2591 3469 2650 in
3496 2601 3716 2667 monte,

322 2679 377 2735 ἒν
405 2686 483 2754 τῷ
513 2680 641 2760 ὄρει,
677 2682 766 2737 καὶ
822 2678 1154 2759 παρεκάλουν
1213 2681 1370 2736 αὐτὸν
1418 2680 1510 2736 ’ίνα
1567 2679 1829 2761 ἐπιτρέψῃ
1880 2684 1981 2740 αῦ-

2077 2686 2122 2741 et
2151 2681 2443 2759 rogabant
2472 2702 2605 2742 enm
2642 2691 2701 2742 ut
2737 2681 3105 2760 permitteret
3137 2680 3282 2759 ipsis
3329 2679 3388 2739 in
3450 2679 3580 2739 illos
3623 2681 3719 2741 in-

316 2782 438 2835 τοῖς
497 2772 571 2836 εἰς
632 2768 860 2833 ἐκείνους
927 2769 1205 2847 εἰσελθεῖν,
1275 2770 1363 2826 καὶ
1421 2768 1707 2849 ἐπέτρεψεν
1766 2773 1975 2836 αὐτοῖς.

2077 2769 2252 2847 gredi.
2287 2770 2359 2831 Et
2393 2772 2657 2849 permisit
2694 2769 3127 2833 illis.Exierunt
3158 2788 3299 2847 eigo
3331 2769 3627 2829 daemonia
3646 2769 3718 2830 ab

316 2856 623 2924 Ἐξελθόντα
679 2856 829 2915 δὲτὰ
888 2857 1136 2936 δαιμόνια
1177 2858 1283 2916 ἀπὸ
1326 2858 1420 2915 τοῦ
1462 2860 1758 2938 ἀνθρώπου,
1786 2861 1973 2929 εἰσῆλ-

2077 2859 2324 2929 iomine,
2365 2870 2421 2920 et
2454 2864 2824 2920 intraverunt
2848 2859 2906 2918 in
2940 2875 3151 2938 porcos
3183 2877 3196 2916 :
3236 2866 3290 2917 et
3322 2856 3552 2936 impetu
3582 2858 3721 2920 abiit

314 2949 405 3003 θον
465 2947 537 3011 εἰς
588 2947 709 3011 τοὺς
768 2948 1009 3027 χοίρους.
1080 2950 1179 3006 Καὶ
1239 2947 1491 3026 ὥρμησεν
1545 2950 1579 3015 ἡ
1624 2947 1795 3027 ἀγέλη
1839 2952 1975 3006 κατὰ

2077 2965 2197 3025 grex
2233 2968 2338 3028 per
2372 2966 2638 3027 praeceps
2670 2948 2727 3008 in
2757 2958 3056 3026 stagnum,
3104 2954 3160 3006 et
3195 2944 3511 3007 sutTocatus
3543 2955 3629 3007 est
3688 2972 3715 3003 »
3810 2976 3813 2981 ι

312 3040 408 3092 τοῦ
439 3043 678 3114 κρημνοῦ
854 3025 955 3105 τὴν
998 3037 1217 3117 λίμνην,
1269 3025 1357 3093 καὶ
1411 3025 1700 3117 ἀπεπνίγη.
1737 3061 1766 3093 ι
1830 3028 1976 3118 ΗΟρα

2077 3025 2597 3101 Vide-daemonem
2642 3025 2869 3100 duabus
2903 3025 3072 3100 malis
3101 3036 3513 3098 affectionibus
3546 3047 3716 3101 tene-

314 3125 407 3181 τὸν
436 3122 657 3201 δαίμονα
708 3124 818 3185 δυσὶ
876 3128 1063 3190 κακίας
1125 3127 1315 3184 πάθεσι
1370 3129 1741 3203 μεριζόμενον,
1800 3128 1980 3206 θράσε⁴

2077 3127 2138 3200 ri,
2166 3130 2409 3192 audacia
2442 3136 2498 3190 et
2525 3132 2762 3190 timore.
2791 3130 2937 3191 Nam
2969 3127 3124 3208 quod
3158 3126 3304 3188 dicit
3338 3146 3349 3188 :
3388 3125 3539 3198 Quid
3574 3128 3717 3190 mihi

311 3215 402 3271 καὶ
455 3211 624 3293 φόϐῳ.
686 3217 758 3274 Τὸ
816 3215 915 3292 μὲν
971 3217 1071 3295 γὰρ
1128 3214 1330 3292 λέγειν,
1398 3214 1459 3272 Τί
1518 3216 1637 3290 ἓμοὶ
1685 3216 1773 3272 καὶ
1848 3220 1974 3291 σοί;

2077 3224 2122 3277 3t
2150 3216 2285 3278 tibi?
2311 3218 2549 3279 audacis
2581 3226 2639 3279 et
2671 3217 3037 3297 impudentis
3066 3214 3409 3295 servi;quod
3443 3234 3578 3277 vero
3622 3218 3715 3279 di-

311 3303 548 3384 θρασέως
592 3305 681 3360 καί
725 3304 1079 3386 ἀναισχύντου
1137 3303 1347 3379 δούλου,
1390 3306 1453 3360 τὸ
1483 3302 1563 3377 δὲ,
1615 3303 1813 3381 Δέομαί
1857 3328 1970 3380 σου,

2077 3305 2428 3368 :itzObsecro
2460 3309 2805 3381 te,timentis
2829 3305 3179 3368 est.Habitat
3198 3314 3392 3366 autem
3417 3310 3476 3367 in
3505 3324 3719 3370 monu-

312 3391 640 3474 φοϐουμένου
725 3393 858 3458 ἐστί.
947 3394 1187 3468 Κατῲκει
1272 3392 1327 3449 δὲ
1376 3393 1439 3449 ’ἐν
1500 3406 1618 3457 τοῖς
1702 3395 1969 3469 μνήμασι,

2077 3396 2312 3477 mentis,
2348 3406 2407 3458 ut
2440 3397 2650 3457 malam
2676 3396 3075 3476 suspicionem
3108 3403 3411 3473 ingereret
3456 3396 3717 3457 homini-

316 3483 561 3562 πονηρὰν
623 3482 857 3541 ἐνθεῖναι
919 3496 1037 3547 τοῖς
1099 3482 1399 3562 ἀνθρώποις
1465 3482 1738 3551 ὑπόληψιν
1792 3481 1986 3559 βουλό-

2077 3484 2182 3546 bus
2212 3486 2365 3565 quod
2399 3484 2610 3546 anima:
2644 3485 3021 3546 morientium
3054 3485 3354 3546 daemones
3387 3484 3546 3545 ﬁant.
3573 3488 3717 3545 Por—

313 3593 494 3651 μενος,
558 3572 639 3629 ὅτι
696 3576 748 3629 αἱ
807 3575 979 3654 ψυχαὶ
1024 3580 1131 3630 τῶν
1192 3573 1570 3630 ἆποθανοντων
1616 3572 1855 3647 δαίμονες
1899 3574 1987 3652 γί-

2077 3590 2137 3635 ro
2172 3584 2288 3655 peti
2319 3588 2379 3634 nt
2428 3576 2729 3635 daemones
2761 3594 2835 3635 ne
2862 3575 2919 3634 in
2954 3574 3228 3653 abyssum
3282 3574 3715 3656 ingrediantur,

317 3683 520 3725 νονται,
576 3664 850 3721 Αἰτοῦνται
880 3660 933 3719 δὲ
964 3664 1012 3718 οἱ
1041 3660 1291 3739 δαίμονες
1344 3662 1423 3737 μὴ
1480 3661 1737 3719 εἰσελθεῖν
1770 3664 1843 3728 εἰς
1887 3666 1987 3731 τὴν

2077 3665 2211 3723 528
2236 3666 2339 3725 sed
2380 3666 2437 3725 in
2494 3672 2653 3724 terra
2696 3665 3110 3743 permittantur
3150 3662 3304 3722 ultra
3353 3662 3576 3724 versari
3612 3685 3623 3725 :
3659 3671 3719 3724 et

310 3748 560 3834 ἄϐυσσον,
621 3750 759 3809 ἀλλὰ
807 3755 1232 3832 συγχωρηθῆναι
1287 3750 1363 3808 ἔτι
1414 3750 1467 3807 ὲν
1520 3757 1591 3828 τῇ
1650 3759 1723 3830 γῇ
1780 3750 1981 3832 διατρί-

2077 3753 2357 3815 Dominus
2380 3753 2668 3834 permittit
2699 3754 2835 3813 illos
2868 3771 2999 3813 esse
3030 3752 3292 3825 interra,
3320 3760 3384 3812 ut
3414 3762 3713 3813 certamen

313 3836 446 3904 ϐειν,
513 3831 571 3897 Ὀ
627 3838 681 3896 δὲ
746 3831 945 3919 Κύριος
976 3854 1252 3921 συγχωρεῖ
1287 3842 1473 3905 αὐτοῖς
1532 3844 1673 3898 εἶναι
1704 3841 1757 3899 ἒν
1786 3848 1855 3919 τῇ

2077 3842 2321 3904 habeant
2352 3831 2484 3904 cum
2521 3842 2888 3922 hominibus,
2926 3850 2982 3901 et
3017 3839 3385 3921 probatiores
3410 3840 3543 3901 illos
3572 3842 3713 3902 red-

314 3933 386 3994 ὡς
448 3929 510 3986 ἂν
598 3929 914 3995 παλαίοντες
1001 3944 1118 3994 τοῖς
1189 3930 1511 4011 ἀνθρώποις,
1592 3930 1980 4012 δοκιμωτέρους

2077 3930 2223 3992 ιιιιιιΔ
2262 3934 2409 3993 Nam
2443 3933 2491 3995 si
2526 3950 2640 3991 non
2674 3939 2894 4010 essent,
2937 3928 3486 4008 adversarii,neque
3517 3938 3713 3990 certa-

310 4022 501 4083 αῦτους
548 4026 796 4082 ποιῶσιν,
847 4021 905 4076 Εἰ
947 4021 1047 4100 γὰρ
1108 4020 1185 4095 μὴ
1245 4018 1384 4087 ἦσαν
1426 4020 1726 4093 ἀντίπαλοι,
1788 4024 1881 4078 οὑκ
1912 4020 1976 4077 ἂν

2077 4020 2225 4081 nina
2258 4029 2480 4095 essent,
2516 4028 2573 4080 et
2607 4019 2719 4080 nisi
2750 4018 3076 4081 certamina
3127 4026 3347 4086 essent,
3386 4036 3576 4099 neque
3621 4037 3715 4080 co-

308 4111 447 4177 ἦσαν
504 4109 732 4188 ἀγῶνες,
765 4110 852 4165 καὶ
881 4110 925 4165 εἰ
970 4110 1047 4184 μὴ
1092 4108 1228 4176 ἦσαν
1287 4109 1517 4187 ἀγῶνες,
1564 4113 1659 4168 οῦκ
1709 4108 1771 4165 ἂν
1833 4106 1971 4179 ἧσαν

2077 4129 2215 4171 tona;
2245 4108 2637 4171 forent.Disce
2664 4118 2722 4170 et
2751 4108 3031 4189 quiddam
3080 4106 3446 4168 sublimioris
3487 4126 3709 4185 anago-

311 4199 582 4280 στέφανοι,
641 4198 783 4255 Μάθε
864 4196 918 4254 δέ
972 4199 1061 4254 καὶ
1121 4197 1616 4279 ἆναγωγικώτερον,
1678 4198 1757 4255 ὅτι
1817 4198 1962 4264 ὅστις

2077 4200 2178 4262 ite.
2226 4198 2502 4279 Quisquis
2554 4197 2731 4259 habet
2788 4200 2944 4258 intra
2991 4215 3055 4259 se
3104 4197 3424 4269 daemones,
3465 4198 3580 4258 hoc
3626 4204 3725 4258 est

308 4288 429 4369 ἔχει
485 4287 736 4363 δαίμονας
796 4286 850 4343 ἐν
922 4287 1115 4363 ἑαυτῷ,
1174 4286 1414 4345 τουτέστι
1465 4283 1775 4363 δαιμονικὰς
1819 4289 1989 4367 πρά-ς

2077 4307 2230 4370 ιρθιοιι
2262 4287 2657 4362 dannoniaca,
2694 4296 2860 4349 veste
2896 4304 3010 4348 non
3045 4286 3329 4360 induitur,
3362 4296 3525 4347 caret
3556 4286 3714 4346 enim

313 4376 444 4454 ξεις,
496 4377 708 4454 ἱμάτιον
767 4377 862 4433 οῦκ
950 4373 1331 4451 ἑνδιδύσκεται,
1393 4376 1655 4451 τουτέστι,
1727 4378 1824 4445 τὴν
1874 4378 1980 4440 ἀπὸ

2077 4377 2215 4439 stola
2244 4394 2417 4458 quam
2453 4375 2511 4436 in
2544 4376 2907 4456 baptismate
2937 4374 3189 4455 accepit,
3223 4375 3364 4437 etin
3396 4374 3573 4435 domo
3596 4391 3711 4435 ma-

310 4475 405 4525 τοῦ
471 4467 837 4544 βαπτίσματος
900 4464 1103 4534 στολὴν
1161 4467 1255 4522 οῦκ
1294 4464 1438 4545 ἔχει,
1500 4467 1587 4521 καὶ
1620 4464 1673 4523 ἐν
1732 4468 1869 4539 οἰκίᾳ
1922 4467 1981 4523 οῦ

2077 4475 2187 4534 net.
2212 4468 2324 4528 hoc
2356 4476 2464 4539 est,
2499 4465 2561 4526 in
2592 4465 2882 4540 Ecclesia;
2915 4465 3192 4544 indignus
3218 4463 3375 4525 enim
3409 4472 3499 4523 est
3531 4471 3589 4524 ut
3616 4463 3714 4523 in-

314 4557 487 4637 μένει,
542 4555 812 4613 τουτέστιν
861 4555 914 4612 ἐν
972 4553 1286 4627 Ἐκκλησία.
1347 4558 1455 4614 Οὐκ
1508 4552 1651 4620 ἄξιος
1681 4555 1780 4634 γάρ
1831 4555 1980 4612 ἐστιν

2077 4557 2366 4636 grediatur
2413 4556 2473 4616 in
2506 4554 2863 4623 Ecclesiam,
2914 4555 3016 4615 sed
3056 4555 3115 4613 in
3150 4553 3569 4626 monumentis,
3601 4552 3713 4613 hoc

313 4645 644 4727 εἰσέρχεσθαι
704 4644 758 4702 ἐν
822 4642 1137 4724 Ἐκκλησία,
1208 4643 1330 4700 ἀλλ’
1390 4644 1445 4700 ἐν
1501 4657 1622 4709 τοῖς
1680 4645 1977 4720 μνήμασιν,

313 4737 431 4805 ἤτοι
461 4758 543 4801 τις
593 4738 698 4793 τῶν
754 4741 951 4815 νεκρῶν
992 4733 1156 4815 ἔργων
1198 4731 1452 4814 δοχείοις,
1507 4733 1627 4791 οἷον
1678 4735 1904 4811 πορνείοι
1930 4751 1984 4793 ω

311 4826 611 4890 τελωνείοις
647 4841 661 4856 ⁹
697 4831 863 4882 ταῦτα
908 4823 1009 4903 γὰρ
1055 4837 1304 4900 μνημεῖα
1334 4824 1526 4887 κακίας
1572 4823 1720 4882 εἰσίν.

403 4938 427 4972 ιι
481 4913 702 4979 Ἰδοντες
764 4911 820 4969 δὲ
877 4916 925 4971 οἱ
973 4914 1257 4991 βόσκοντες
1309 4914 1371 4969 τὸ
1430 4910 1813 4991 γεγενημένον,
1850 4910 1976 4992 ἔφυ-

316 5032 436 5088 γον,
496 5006 591 5067 ,καὶ
651 5001 989 5083 ἀπήγγειλαν
1044 5004 1118 5068 εἰς
1192 5004 1286 5072 τὴν
1347 5003 1527 5082 πόλιν,
1589 5003 1678 5059 καί
1731 5003 1805 5065 εἰς
1858 5003 1978 5065 τοὺς

317 5097 533 5177 ἀγρούς.
596 5092 851 5162 Ἐξῆλθον
912 5090 965 5148 δὲ
1058 5090 1191 5177 ἰδεῖν
1245 5094 1307 5147 τὸ
1374 5100 1623 5171 γεγονὸς,
1688 5092 1775 5147 καὶ
1826 5090 1985 5159 ἦλθον

319 5176 454 5265 πρὸς
510 5186 602 5241 τὸν
661 5182 896 5258 Ἰησοῦν,
942 5184 1031 5239 καὶ
1088 5176 1235 5261 εὗρον
1291 5181 1593 5256 καθήμενον
1650 5181 1741 5237 τὸν
1776 5179 1976 5259 ἄνθρω-

317 5297 448 5349 πον,
506 5271 597 5354 ἀφ’
630 5272 690 5329 οὗ
735 5271 802 5330 τὰ
853 5270 1101 5348 δαιμόνια
1159 5268 1478 5345 ἐξεληλύθει,
1509 5270 1851 5346 ἱματισμένον
1892 5270 1980 5326 καὶ

318 5371 716 5446 σωφρονοῦντα,
749 5362 892 5441 παρὰ
934 5362 1056 5425 τοὺς
1099 5359 1266 5424 πόδας
1318 5361 1412 5417 τοῦ
1461 5359 1665 5436 Ἰησοῦ,
1714 5361 1802 5415 καὶ
1844 5361 1976 5440 ἔφο-

320 5451 587 5523 δήθησαν,
648 5448 1019 5531 Ἀπήγγειλαν
1048 5446 1103 5506 δὲ
1158 5451 1340 5512 αὐτοῖς
1384 5450 1472 5506 καὶ
1523 5452 1569 5505 οἱ
1602 5446 1832 5520 ἰδόντες,
1864 5453 1977 5511 πῶς

319 5540 499 5609 ὶσώθη
529 5545 556 5599 ὁ
612 5539 990 5617 δαιμονισθείς,
1058 5540 1157 5597 Καὶ
1207 5538 1491 5617 ἠρώτησαν
1534 5538 1688 5595 αὒτὸν
1732 5538 1872 5594 ἅπαν
1919 5539 1981 5594 τὸ

327 5630 527 5699 πλῆθος
584 5634 681 5699 τῆς
764 5632 1067 5711 περιχώρου
1148 5630 1255 5687 τῶν
1329 5628 1667 5709 Γαδαρηνῶν,
1729 5625 1981 5683 ἀπελθεῖν

2071 4655 2183 4720 est,
2210 4647 2266 4706 in
2299 4655 2661 4707 mortuorum
2690 4662 2937 4724 operum
2970 4644 3383 4722 receptaculis,
3413 4651 3475 4701 ut
3501 4640 3561 4701 in
3582 4659 3713 4720 pro-

2069 4735 2305 4799 stibulis
2328 4744 2387 4795 et
2418 4733 2655 4795 teloniis
2688 4743 2744 4793 et
2764 4733 2895 4793 aliis
2927 4732 3184 4793 sclerum
3217 4730 3471 4791 ofﬁcinis
3493 4738 3551 4790 et
3577 4745 3711 4792 m0-

2067 4833 2388 4888 numentis.

2148 4908 2327 4969 Vens.
2361 4904 2812 4969 34-39.:uPorro
2836 4909 2898 4963 ut
2918 4901 3189 4962 viderunt
3208 4901 3363 4981 quod
3390 4899 3709 4974 acciderat,

2066 4995 2129 5057 hi
2160 4995 2258 5077 qui
2279 4994 2619 5076 pascebant,
2656 4995 2952 5072 fugerunt,
2988 5000 3045 5051 et
3073 5006 3375 5051 rumorem
3399 4989 3711 5051 nuntiave-

2067 5094 2207 5146 runt
2238 5085 2295 5145 in
2326 5084 2617 5147 civitatem
2644 5102 2711 5143 ac
2743 5080 2932 5141 villas.
2968 5078 3252 5141 Exierunt
3301 5088 3499 5141 autem
3530 5087 3591 5139 ut
3620 5079 3709 5139 vi-

2065 5174 2274 5236 derent
2301 5174 2461 5256 quod
2496 5173 2711 5235 factum
2739 5168 2968 5232 erat.Et
2998 5176 3291 5229 venerunt
3313 5167 3385 5228 ad
3419 5166 3712 5243 Jesum,et

2063 5267 2413 5328 invenerunt
2468 5262 2771 5324 hominem
2825 5258 3131 5319 sedentem
3179 5275 3213 5318 a
3261 5276 3376 5338 quo
3422 5257 3710 5319 daemonia

2060 5353 2733 5433 exierant,vesutum,ac
2761 5367 2903 5409 sana
2917 5345 3220 5421 mente,ad
3244 5346 3427 5427 pedes
3453 5344 3612 5419 .lesu,
3652 5354 3709 5407 et

2066 5444 2411 5506 timuerunt.
2444 5440 2876 5503 Nuntiaverunt
2907 5444 3101 5499 autem
3154 5435 3273 5496 illis
3304 5436 3474 5497 etiam
3509 5435 3611 5515 qui
3631 5436 3710 5497 vi-

2064 5533 2293 5596 derant.
2324 5530 2623 5613 quomodo
2646 5547 2823 5590 sanus
2856 5528 3042 5588 factus
3064 5537 3222 5588 esset
3243 5526 3293 5586 is
3313 5526 3417 5606 qui
3444 5526 3710 5606 agitaba-

2069 5632 2207 5686 tura
2232 5621 2553 5684 daemonio.
2588 5619 2655 5681 Et
2677 5623 3033 5700 rogaverunt
3064 5615 3230 5677 illum
3262 5616 3455 5677 omnis
3505 5616 3706 5677 multi-
