4116 6212
422 250 538 316 807
1396 254 1501 316 ΤΗ
1512 253 1703 316 ΕΟΡΗ
1713 251 1982 317 YLACTI
2028 254 2052 315 Ι

2136 252 2437 316 LGARIAE
2480 254 2834 319 ARCHIEP.
3739 249 3863 314 808

424 385 560 445 tudo
592 386 852 464 regionis
872 384 1417 459 Gadarenorum,ut
1447 384 1784 446 discederet
1816 387 2048 467 abipsis

2157 387 2251 445 ἀπ’
2309 389 2503 465 αὐτῶν,
2551 391 2632 448 ὅτι
2676 390 2824 471 φόϐῳ
2879 391 3100 470 μεγάλῳ
3145 393 3490 472 συνείχοντο⁹
3573 388 3752 451 αῦτὸς
3810 384 3868 441 δί

418 474 557 553 quia
587 491 797 553 magno
832 477 1048 535 timore
1082 475 1460 537 tenebantur.
1514 476 1644 554 Ipse
1701 484 1897 536 autem
1932 495 2041 537 con

2162 476 2327 554 ἐμϐὰς
2363 482 2434 543 είς
2463 483 2525 537 16
2554 480 2768 561 πλοῖον,
2834 480 3184 561 ὑπέστρεψεν.
3230 479 3443 541 Ἐδέετο
3516 477 3585 536 δὲ
3652 480 3686 533 6
3733 476 3872 555 ἀνὴρ

418 580 631 624 scensa
687 563 816 624 navi
873 581 1153 625 reversus
1184 571 1293 624 est.
1334 564 1660 639 Rogaverat
1708 563 1865 623 enim
1908 564 2052 624 illun

2161 568 2250 647 ἀφ’
2310 569 2369 626 οὗ
2416 568 2711 638 ἐξεληλύθει
2750 572 2816 627 τὰ
2845 569 3116 645 δαιμόνια,
3152 575 3302 626 εἷναν
3332 571 3420 626 σὺν
3456 571 3664 643 αὐτῷ.
3723 565 3868 621 Ἀπ-

416 652 505 712 vir
532 671 562 713 a
593 672 707 733 quo
741 652 1030 714 daemonia
1054 652 1341 725 exierant,
1381 660 1441 711 ut
1471 669 1607 712 cum
1651 670 1719 711 eo
1756 661 1939 727 esset,
1970 672 2052 713 SN

2161 656 2217 713 ἐλ
2230 679 2311 714 »σε
2370 656 2425 715 δὲ
2486 660 2641 716 αὐτὸν
2696 661 2724 715 6
2781 657 3011 732 Ἰησοῦς,
3056 657 3229 737 λέγων
3262 678 3279 694 ο
3345 649 3765 737 Ὑπόστρεψον
3795 655 3872 717 εἷς

416 740 707 820 ablegavit
738 760 872 803 eum
904 740 1495 811 lesus,dicens:Redi
1528 741 1586 799 in
1622 740 1862 801 domum
1887 752 2043 803 tuam

2158 748 2249 802 16v
2303 748 2458 804 οἶκόν
2512 770 2627 817 σου,
2684 749 2771 805 καὶ
2813 746 3023 827 διηγοῦ,
3071 747 3170 804 ὅσα
3215 748 3435 814 ἐποίησὲ
3472 769 3582 804 σοι
3615 748 3649 801 6
3701 743 3869 805 Θεός.

418 839 477 890 et
508 848 685 890 narra
710 848 1077 910 quaecunque
1112 830 1217 890 tibi
1250 830 1456 891 fecerit
1491 828 1668 891 Deus.
1708 832 1773 889 Et
1807 829 2052 910 abiitpet

2160 836 2259 892 Καὶ
2319 835 2551 910 ἀπῆλθε,
2609 838 2726 894 καθ’
2783 836 2915 903 ὅλην
2971 839 3071 905 τὴν
3142 836 3299 894 πόλιν
3367 837 3703 916 κηρύσσων
3767 832 3872 888 ὅσα

417 926 594 979 totam
626 919 917 980 civitatem
964 919 1292 998 praadicans
1340 936 1712 998 quaecunque
1744 918 1855 977 sibi
1890 918 2070 979 fecis-

416 1012 505 1069 set
556 1008 751 1081 Jesus,
798 1033 820 1065 υ
876 1007 1033 1086 Fuga
1095 1016 1394 1086 pastorum
1453 1006 1779 1069 Gadarenis
1834 1007 2068 1068 occasio

415 1097 620 1158 salutis
651 1104 802 1169 erat,
835 1097 941 1157 sed
996 1096 1074 1156 illi
1131 1116 1246 1156 non
1280 1096 1719 1157 intellexerunt.
1752 1094 2072 1174 Oportebat

417 1186 573 1246 enim
620 1186 820 1247 mirari
844 1186 1117 1247 virtutem
1152 1186 1493 1258 Salvatoris,
1522 1192 1579 1243 et
1601 1184 1847 1245 credere
1874 1194 1925 1245 ei
1961 1205 1973 1247 :
2011 1195 2072 1245 at

414 1274 497 1334 illi
529 1282 905 1352 rogaverunt,
935 1274 1146 1353 inquit,
1179 1272 1411 1347 Jesum,
1449 1273 1559 1332 hoc
1593 1280 1680 1332 est
1711 1272 2068 1334 obsecrave-

415 1374 571 1443 runt,
624 1372 686 1425 ιιι
734 1362 808 1425 ab
857 1363 1006 1443 ipsis
1059 1361 1754 1425 recederet.Timuerunt
1798 1361 1956 1422 enim
1993 1381 2067 1424 ne

415 1472 530 1532 quo
556 1461 723 1532 pacto
758 1452 934 1513 etiam
969 1452 1127 1513 aliud
1164 1457 1449 1514 damnum
1484 1459 2061 1532 paterentur,quan-

414 1542 732 1622 doquidem
768 1542 933 1623 porci
965 1543 1300 1622 periissent.
1340 1542 1415 1601 At
1441 1548 1679 1601 sanatus
1704 1541 1801 1602 ille
1833 1550 2062 1603 certum

2155 920 2405 991 ἐποίησεν
2462 926 2605 1000 αὐτῷ
2661 928 2688 981 6
2771 924 3002 993 Ἰησοῦς.
3071 948 3093 981 ε
3165 927 3236 983 Τὸ
3290 924 3386 1000 μὲν
3442 934 3684 1005 φυγεῖν
3742 921 3874 984 τοὺς

2153 1012 2474 1095 βόσκοντας,
2528 1015 2794 1093 σωτηρίας
2837 1014 3053 1095 ἀφορμὴ
3114 1014 3327 1092 εγενετο
3379 1027 3513 1076 τοῖς
3584 1008 3874 1087 Γαδαρη-

2154 1103 2298 1183 νοῖς,
2358 1093 2480 1160 ἀλλ’
2532 1104 2731 1160 ἐκεῖνοι
2787 1108 2846 1163 οὗ
2889 1093 3155 1172 συνῆκαν,
3203 1102 3335 1158 Λέον
3384 1103 3487 1181 γὰρ
3560 1100 3877 1175 θαυμάσαι

2152 1192 2251 1259 τὴν
2301 1190 2517 1267 δύναμιν
2572 1200 2662 1250 τοῦ
2721 1197 2998 1271 Σωτῆρος,
3052 1193 3141 1248 καὶ
3196 1198 3476 1248 πιστεῦσαι
3554 1192 3737 1263 αύτῷ
3776 1207 3793 1221 ’
3831 1189 3878 1243 οἱ

2152 1279 2205 1337 δὲ
2262 1281 2568 1361 ἠρώτησαν,
2603 1283 2756 1383 φησὶ,
2812 1283 2905 1338 τόν
2959 1282 3191 1355 Ἰησοῦδ,
3240 1281 3356 1338 ἀντὶ
3411 1280 3512 1336 τοῦ
3583 1276 3877 1357 παρεκά-

2152 1369 2334 1444 λεσαν,
2369 1370 2622 1428 ἀπελθεῖν
2653 1367 2749 1428 ἀπ’
2804 1371 2999 1441 αὐτῶν,
3044 1367 3384 1451 ἐφοϐήθησαν
3444 1372 3565 1447 γὰρ
3641 1368 3874 1440 μήπως

2146 1462 2235 1516 καὶ
2292 1458 2423 1519 ἄλλο
2481 1482 2530 1516 τι
2584 1459 2865 1536 ἐπιζήμιον
2944 1461 3205 1532 πάθωσιν,
3279 1458 3460 1537 ὥσπερ
3547 1458 3663 1512 καὶ
3733 1455 3873 1518 τοὺς

2148 1551 2361 1629 χοίρους
2420 1549 2725 1609 ἀπώλεσαν.
2790 1540 2847 1606 Ὀ
2906 1547 2960 1605 δὲ
3017 1548 3344 1625 θεραπευθεὶς
3369 1546 3631 1619 ἐκεῖνος,
3672 1544 3867 1600 ἄναν-

412 1632 711 1712 quoddam
772 1632 993 1693 sanatis
1049 1631 1333 1692 indicium
1382 1629 1752 1691 ostendebat.
1790 1632 1872 1693 [ta
1904 1631 2052 1691 enim

2145 1639 2386 1717 τίῤῥητον
2454 1641 2553 1708 τὴν
2642 1636 2911 1704 ἀπόδειξιν
2994 1643 3092 1706 τῆς
3176 1637 3457 1717 θεραπείας
3531 1634 3867 1713 ἐμφαίνει.

414 1731 611 1783 mente
640 1732 881 1784 sanatus
910 1730 1020 1795 est,
1058 1730 1119 1781 ut
1145 1720 1345 1783 .iesunt
1373 1732 1740 1798 agnosceret,
1791 1739 1966 1781 orans
2000 1734 2052 1780 ut

2147 1728 2297 1786 Οὕτω
2350 1730 2448 1808 γὰρ
2489 1730 2712 1808 ὒγιάσθη
2775 1728 2867 1791 τάς
2926 1727 3138 1809 φρένας,
3199 1727 3340 1783 ὥστε
3397 1725 3733 1803 ἐπιγνῶναι
3797 1741 3865 1809 τε

409 1810 524 1873 sibi
554 1830 687 1872 cum
722 1812 820 1871 illo
873 1830 1006 1873 esse
1037 1811 1267 1873 liceret.
1300 1810 1557 1883 Etenim,
1588 1817 1648 1870 ut
1675 1817 1943 1889 apparet,
1982 1810 2052 1871 ti-

2144 1818 2235 1873 16v
2288 1818 2514 1889 Ἰησοῦν,
2575 1819 2664 1874 καὶ
2718 1817 2890 1883 ἀξιοῦν
2933 1819 3115 1896 αὐτὸν,
3145 1815 3305 1891 ’ίναῇ
3348 1815 3439 1870 σὺν
3481 1813 3688 1885 αὐτῷ.
3742 1808 3864 1871 Καὶ

412 1901 608 1962 mebat
642 1920 713 1962 ne
744 1901 895 1964 forte
926 1902 1233 1977 elongatus
1259 1920 1292 1961 a
1321 1903 1459 1961 .lesu
1492 1919 1526 1960 a
1556 1898 2052 1961 daemonibusite-

2145 1906 2268 1985 γὰρ,
2303 1907 2374 1971 ὡς
2432 1905 2626 1981 ἔοικεν,
2681 1903 2929 1985 ἐφοϐεῖτο
2988 1906 3184 1981 μήπως
3216 1901 3525 1983 μακρυνθείς
3558 1901 3698 1958 ἀπὸ
3755 1906 3861 1956 τοῦ

408 2012 538 2053 rum
580 1994 984 2068 invaderetur;
1034 1994 1137 2054 sed
1193 1993 1478 2054 Dominus
1536 1992 1758 2053 indicat
1817 1991 1871 2052 ei
1903 1989 2052 2071 quod

2146 1992 2347 2074 Ἰησοῦ,
2412 1994 2572 2052 πάλιν
2648 1997 3051 2075 εὐεπιχείρητος
3109 1993 3256 2050 ἔσται
3325 2005 3446 2056 τοῖς
3526 1989 3855 2066 δαίμοσιν,

411 2082 545 2141 licet
580 2100 695 2141 non
728 2082 805 2141 sit
846 2101 1075 2154 secum,
1111 2082 1294 2158 gratia
1320 2091 1516 2142 tamen
1566 2082 1693 2159 ejus
1740 2088 2056 2161 protectus,

408 2168 787 2231 daemoniacis
830 2169 1148 2230 insultibus
1178 2170 1452 2247 superior
1483 2170 1599 2229 fiat.
1643 2171 1815 2242 Redi,
1850 2168 2058 2247 inquit,

408 2261 464 2319 in
500 2261 739 2321 domum
786 2272 969 2333 tuam,
1026 2270 1084 2320 et
1116 2279 1289 2321 narra
1321 2280 1689 2339 quaecunque
1717 2261 1819 2322 tibi
1857 2260 2064 2321 fecerit

411 2350 587 2410 Deus.
623 2347 750 2408 Non
783 2348 946 2421 dixit,
985 2367 1357 2428 quaecunque
1384 2367 1490 2424 ego
1547 2348 1651 2408 tibi
1687 2349 1950 2422 fecerint,
1986 2348 2059 2409 ft-

405 2456 610 2515 guram
645 2436 815 2497 nobis
865 2437 1210 2499 humilitatis
1259 2437 1520 2509 tradens,
1557 2447 1619 2497 ut
1678 2438 1879 2498 omnia
1911 2438 2063 2499 bona

406 2544 587 2606 opera
616 2534 813 2587 nostra
837 2528 959 2588 Deo
996 2526 1344 2589 tribuamus.
1385 2525 1518 2587 Erat
1547 2535 1741 2587 autem
1775 2526 1875 2587 ille
1917 2545 2055 2605 gra-

406 2626 520 2687 tus,
556 2616 635 2676 ita
666 2625 724 2675 ut
768 2628 1024 2677 mararet
1083 2634 1450 2697 quaecunque
1508 2616 1743 2677 fecisset
1774 2615 1828 2676 ei
1856 2618 2047 2677 Jesus.

406 2707 550 2768 Nam
577 2704 863 2766 Dominus
921 2705 1158 2784 quidem
1196 2712 1561 2784 praeceperat
1589 2705 1642 2765 ei
1677 2714 1741 2766 ut
1791 2714 2057 2766 narraret

406 2812 769 2875 quascunque
792 2795 1011 2856 facerat
1040 2798 1093 2855 ei
1126 2794 1280 2855 Deus
1317 2816 1329 2857 :
1366 2799 1425 2856 at
1455 2794 1505 2854 is
1539 2803 1739 2854 narrat
1768 2813 2052 2874 quaecun-

403 2903 519 2964 que
553 2886 603 2946 ei
635 2883 1067 2946 faceratJesus.
1104 2881 1349 2964 Oportet
1380 2883 1555 2961 igitur
1590 2892 1646 2944 et
1685 2902 1790 2943 nos
1819 2883 2055 2963 quando

404 2974 657 3053 cuipiam
687 2973 1114 3044 benefacimus,
1162 2973 1321 3034 nolle
1353 2974 1465 3034 hoc
1508 2972 1815 3052 praedicari
1844 2994 1857 3032 :
1890 2981 1942 3033 at
1978 2972 2052 3034 il-

403 3061 525 3122 lum
559 3063 655 3142 qni
701 3062 993 3122 beneﬁcio
1042 3062 1288 3123 allectus
1320 3071 1432 3135 est,
1490 3063 1666 3123 etiam
1717 3061 2056 3124 nolentibus

406 3150 580 3212 nobis
612 3150 935 3230 praedicare
967 3150 1161 3213 decet.

489 3325 1175 3389 V'Ens.40-44.cFacttim
1206 3336 1294 3389 est
1323 3338 1519 3389 autem
1554 3348 1683 3391 cum
1720 3330 1944 3392 rediret
1964 3331 2051 3392 Je-

403 3435 527 3489 sus,
556 3416 786 3496 excepit
810 3417 948 3476 529
984 3416 1145 3477 illum
1178 3416 1386 3478 turba:
1421 3436 1555 3478 nam
1582 3438 1789 3479 omnes
1812 3437 2055 3500 exspec-

404 3505 603 3567 tabant
634 3524 791 3569 eum.
817 3505 886 3566 Et
919 3524 1059 3568 ecce
1092 3506 1253 3567 venit
1279 3507 1366 3568 vir
1394 3507 1490 3568 cui
1525 3526 1743 3569 nomen
1768 3507 2054 3586 Jairus,et

402 3595 529 3676 ipse
562 3595 835 3675 princeps
861 3598 1179 3677 Synagogie
1208 3606 1355 3668 erat,
1390 3597 1727 3677 acciditque
1759 3597 1832 3658 ad
1870 3600 2053 3679 pedes

399 3688 561 3748 Jesu.
600 3704 813 3765 rogans
844 3704 979 3747 eum
1036 3696 1101 3748 ut
1156 3685 1400 3747 intraret
1443 3686 1501 3747 in
1562 3686 1804 3747 domum
1857 3706 2046 3764 suam,

402 3774 681 3856 quoniam
702 3776 872 3837 unica
895 3776 1011 3837 ﬁlia
1029 3784 1151 3837 erat
1169 3776 1222 3837 ei
1241 3778 1367 3837 fere
1382 3795 1675 3837 annorum
1703 3775 2044 3849 duodecim,

402 3874 460 3926 et
489 3865 610 3926 haec
636 3864 1020 3927 moriebatur.
1056 3866 1277 3941 Verum
1333 3866 1489 3925 inter
1538 3867 1801 3925 eundum
1860 3866 2051 3928 turbae

399 3954 774 4016 coarctabant
805 3972 960 4015 eum.
999 3952 1066 4013 Et
1097 3953 1315 4014 mulier
1334 3971 1466 4032 qum
1483 3962 1609 4014 erat
1637 3953 1896 4016 obnoxia
1919 3973 2049 4035 pru-

400 4042 579 4105 fluvio
596 4042 901 4118 sanguinis
917 4041 990 4102 ab
1017 4043 1187 4103 annis
1203 4042 1681 4123 duodecim,quaa
1702 4044 1759 4105 iu
1783 4044 2048 4105 medicos

402 4130 775 4210 impenderat
799 4148 1038 4191 omnem
1063 4129 1595 4199 substantiam,nec
1625 4131 1698 4193 ab
1731 4131 1847 4193 ullo
1876 4142 2045 4213 pote-

399 4230 488 4281 rat
519 4219 736 4294 curari,
770 4220 1019 4281 accessit
1040 4229 1290 4291 retro,et
1323 4219 1508 4298 tetigit
1538 4220 1831 4281 fimbriam
1860 4222 2045 4283 vesti-

402 4310 583 4369 menti
615 4310 765 4386 ejus,
791 4317 847 4369 et
877 4308 1188 4370 confestim
1220 4308 1536 4370 sistebatur
1563 4311 1754 4371 ﬂuxus
1802 4312 2047 4390 sangui-

2149 2076 2207 2141 Ὀ
2266 2082 2320 2140 δὲ
2373 2085 2584 2164 Κόριος,
2640 2083 2885 2141 δεικνύων
2957 2083 3100 2157 αύτῷ
3148 2081 3227 2139 ὅτι
3283 2080 3383 2137 κᾶν
3426 2082 3503 2152 μὴ
3549 2086 3714 2155 συνῇ
3768 2083 3857 2150 τῷ

2149 2174 2348 2254 Ἰησοῦ,
2402 2174 2615 2232 δύναται
2671 2199 2739 2253 τη
2798 2176 2980 2256 χάριτι
3045 2177 3201 2231 αὐτοῦ
3263 2173 3605 2248 σκεπόμενος
3678 2169 3852 2225 ἀνώ-

2145 2287 2295 2343 τερος
2351 2265 2493 2323 εἶναι
2538 2264 2849 2341 δαιμονικῆς
2905 2265 3178 2345 ἐπηρείας,
3221 2255 3579 2341 ἰ’πόστρεψε,
3621 2262 3845 2342 ψησίν,

2145 2356 2218 2418 εἷς
2270 2356 2360 2411 τὸν
2406 2354 2561 2411 οἶκόν
2593 2376 2709 2429 σου,
2752 2357 2839 2412 καὶ
2873 2352 3059 2432 διηγοῦ
3089 2353 3187 2410 ὅσα
3218 2352 3436 2419 ἐποίησέ
3461 2373 3545 2408 σοι
3582 2353 3615 2406 6
3653 2349 3840 2411 Θεός.

2145 2444 2254 2502 Οῦκ
2297 2448 2470 2516 εἶπεν,
2533 2443 2630 2500 ὅσα
2659 2467 2743 2501 σοι
2778 2444 3005 2510 ἐποίησα
3033 2442 3163 2520 ἐγὼ,
3227 2443 3412 2498 τύπον
3459 2442 3602 2516 ἡμῖν
3662 2460 3845 2494 ταπει

2145 2533 2471 2613 νοφροσύνης
2514 2530 2704 2596 διδούς,
2764 2534 2861 2591 Καὶ
2915 2532 3008 2587 ’ίνα
3061 2532 3234 2588 πάντα
3291 2531 3421 2608 πρὸς
3478 2529 3616 2584 Θεὸν
3668 2527 3829 2583 ἂνα-

2138 2623 2380 2703 ιρέρωμεν
2433 2623 2499 2679 τὰ
2561 2622 2970 2702 κατορθώματα.
3022 2613 3079 2678 ’0
3159 2617 3213 2675 δὲ
3263 2619 3430 2682 οὕτως
3492 2617 3820 2694 εύγνώμων

2136 2712 2226 2787 ἦν,
2287 2712 2424 2769 ὥστε
2494 2709 2792 2790 διηγεῖσθαι
2820 2709 2918 2766 ὅσα
2975 2708 3223 2776 ἐποίησεν
3280 2708 3421 2780 αῦτῷ
3476 2708 3503 2763 6
3546 2705 3813 2772 Ἰησοῦς.

2142 2793 2199 2859 Ὀ
2254 2802 2352 2877 μὲν
2408 2802 2507 2880 γὰρ
2588 2801 2774 2879 Κύριος
2870 2797 3186 2879 προσέταξεν
3262 2797 3403 2871 αὐτῷ
3456 2792 3811 2873 διηγεῖσθαι,

2143 2890 2241 2948 ὅσα
2298 2890 2542 2958 ἐποίησεν
2599 2891 2740 2964 αὑτῷ
2788 2891 2816 2945 6
2882 2889 3037 2966 Θεὸς,
3123 2889 3151 2943 6
3225 2882 3281 2941 δὲ
3337 2884 3632 2962 διηγεῖται,
3700 2881 3812 2937 ὅσα

2144 2980 2395 3046 εποίησεν
2439 2981 2581 3054 αὑτῷ
2622 2981 2650 3035 6
2695 2978 2921 3045 Ἰησοῦς.
2975 2976 3074 3033 Δεῖ
3131 2975 3220 3032 οὖν
3248 2976 3337 3032 καὶ
3360 2976 3503 3049 ἡμᾶς
3533 2972 3661 3029 ὅταν
3695 2970 3813 3027 τινὶ

2146 3070 2460 3145 ποιήσωμεν
2495 3068 2714 3147 ἀγαθὸν,
2767 3068 2846 3143 μὴ
2886 3065 3057 3123 θέλειν
3105 3064 3550 3142 ἀνακηρύττεσθαι
3605 3068 3803 3132 τοῦτο,

2074 3181 2115 3231 C
2146 3158 2354 3215 ἐκεῖνον
2411 3157 2466 3214 δὲ
2521 3160 2615 3215 16v
2670 3158 2904 3214 παθόντα
2971 3156 3035 3212 16
3089 3154 3305 3234 ἀγαθὸν,
3350 3151 3451 3208 κᾶν
3502 3153 3668 3227 ἡμεῖς
3715 3149 3806 3226 μὴ

2140 3246 2402 3327 θέλωμεν,
2433 3247 2814 3327 ἀνακηρύττειν
2846 3246 2992 3307 αὑτό,

2227 3347 2256 3387 (
2284 3320 2547 3406 ἽἘγὲνετο
2602 3320 2657 3383 δὲ
2707 3327 2763 3383 ἐν
2802 3330 2880 3400 τῷ
2927 3324 3250 3401 ὑποστρέψαι
3280 3324 3370 3379 τὸν
3399 3320 3630 3394 Ἰησοῦν,
3677 3320 3795 3375 ἁπ-

2138 3414 2347 3481 εδὲξατο
2375 3418 2530 3472 αὑτὸν
2562 3418 2591 3473 6
2621 3414 2811 3496 ὄχλος,
2870 3418 3006 3484 ἦσαν
3052 3415 3153 3491 γὰρ
3193 3413 3387 3476 πάντες
3436 3406 3791 3488 προσδοκῶν-

2135 3527 2221 3571 τες
2280 3505 2460 3567 αὑτόν.
2510 3506 2609 3563 Καὶ
2663 3502 2772 3562 ἰδοὺ
2807 3503 2966 3572 ἦλθεν
3008 3502 3167 3582 ἀνὴρ,
3212 3504 3258 3576 ᾧ
3312 3499 3479 3575 ὄνομ»)
3536 3497 3786 3578 Ἰάειρος,

2133 3597 2221 3651 καὶ
2276 3596 2432 3659 αὐτὸς
2463 3593 2647 3674 ἅρχων
2676 3594 2774 3663 τῆς
2807 3596 3131 3671 Συναγωγῆς
3181 3592 3418 3671 ὑπῆρχε,
3474 3590 3561 3645 καὶ
3602 3589 3787 3644 πεσὼν

2134 3684 2276 3764 παρὰ
2345 3685 2464 3748 τοὺς
2524 3682 2688 3747 πόδας
2739 3690 2833 3740 τοῦ
2891 3682 3091 3757 Ἰησοῦ,
3138 3678 3425 3759 παρεκάλει
3480 3678 3635 3735 αὑτὸν
3667 3678 3788 3733 εἶσ-

2134 3773 2308 3830 ελθεῐν
2364 3776 2438 3838 εἰς
2492 3776 2583 3832 τὸν
2643 3775 2801 3831 οἶκον
2873 3773 3052 3850 αὑτοῦ,
3087 3770 3167 3826 ὅτι
3223 3768 3457 3847 θυγάτηρ
3486 3766 3787 3845 μονογενὴς

2129 3863 2199 3931 ἧν
2264 3865 2427 3939 αὐτῷ,
2493 3866 2567 3928 ὼς
2625 3863 2759 3921 ἐτῶν
2814 3859 3037 3933 δώδεκα,
3092 3861 3183 3917 καὶ
3240 3858 3374 3926 αὕτη
3425 3856 3781 3923 ἀπέθνησκεν.

2131 3952 2222 4011 Ἐν
2281 3951 2336 4007 δὲ
2377 3960 2455 4028 τῷ
2496 3952 2715 4033 ὑπάγειν
2770 3952 2949 4023 αὐτὸν,
2981 3951 3028 4007 οἱ
3071 3946 3228 4029 ὄχλοι
3261 3947 3569 4033 συνέπνιγον
3598 3945 3780 4033 αυτόν.

2133 4043 2231 4099 Καὶ
2287 4043 2420 4118 γυνὴ
2472 4030 2690 4099 οῦσαῩέν
2747 4040 2887 4119 ῥύσει
2944 4036 3173 4113 αἵματος
3222 4036 3329 4093 ἀπὸ
3390 4035 3524 4091 ἐτῶν
3552 4030 3779 4111 δώδεκα,

2126 4129 2248 4197 ἥτις
2292 4135 2498 4210 ἰατροῖς
2594 4128 3057 4209 προσαναλώσασα
3127 4125 3252 4183 ὅλον
3328 4126 3420 4181 τὸν
3475 4123 3611 4200 βίον,
3685 4123 3779 4177 οῦκ

2130 4218 2355 4301 ἴσχυσεν
2451 4219 2541 4277 ὑπ’
2623 4217 2831 4283 οὺδενὸς
2925 4215 3330 4295 θεραπευθῆναι,
3413 4211 3776 4293 προσελθοῦσα

2129 4305 2366 4386 ὄπισθεν,
2426 4308 2606 4385 ἥψατο
2658 4315 2752 4365 τοῦ
2815 4303 3111 4386 κρασπέδου
3165 4313 3257 4363 τοῦ
3325 4302 3536 4378 ἱματίου
3591 4302 3770 4372 αὑτοῦ,

401 4398 493 4459 nis
517 4397 904 4477 ejus.»Rediit
936 4398 1175 4478 quidem
1207 4396 1381 4459 Jesus
1397 4417 1430 4459 a
1450 4399 1693 4476 regione
1713 4398 2049 4462 Gadareno-

2136 4400 2218 4456 καὶ
2272 4404 2612 4480 παραχρῆμα
2667 4396 2796 4463 ἔστη
2831 4398 2867 4463 ἡ
2923 4395 3065 4473 ῥύσις
3109 4396 3201 4451 τοῦ
3254 4392 3483 4468 αἵματος
3531 4391 3717 4480 αὐτῆς.
3745 4411 3769 4446 ι

400 4506 558 4560 rum,
594 4486 977 4568 exspectabat
1005 4494 1206 4548 autem
1234 4487 1398 4547 illum
1427 4489 1620 4562 turba,
1651 4497 1770 4549 tum
1804 4498 2050 4569 propter

399 4576 752 4657 doctrinam,
781 4585 901 4637 tum
937 4583 1177 4656 pr0pter
1208 4576 1803 4639 miracula.Accessit
1829 4579 1964 4639 item
1991 4586 2049 4638 et

399 4666 675 4746 princtvps
722 4664 961 4746 quidam
1012 4668 1351 4745 Synagogae,
1379 4684 1493 4727 non
1554 4666 1807 4745 vulgaris
1855 4685 2047 4747 neque

398 4755 691 4836 abjectus,
726 4755 831 4817 sed
863 4773 931 4815 ex
964 4753 1463 4835 primis.Apponit
1493 4764 1688 4817 autem
1722 4763 1781 4816 et
1823 4775 2043 4817 nomen

398 4844 558 4907 illius
590 4844 968 4924 evangelista,
998 4851 1061 4903 ut
1093 4843 1289 4904 notius
1343 4845 1441 4905 fiat
1486 4844 1835 4906 miraculum
1885 4846 2041 4925 quod

401 4953 535 4996 vere
566 4933 781 4996 factum
815 4933 1153 4996 sit.Accidit
1176 4943 1373 4995 autem
1425 4933 1496 4995 ad
1536 4933 1718 5016 pedes
1745 4935 1906 5005 Jesu,
1934 4954 2041 4996 ur-

398 5036 573 5098 gente
605 5021 1268 5095 necessitate.Quamvis
1291 5022 1449 5084 enim
1477 5024 1605 5084 sine
1648 5023 1751 5084 illa
1772 5032 2043 5104 oporteat

401 5111 803 5193 procidere,et
824 5130 1148 5191 agnoscere
1180 5111 1365 5174 Deum
1399 5131 1531 5175 esse
1548 5114 2038 5193 Jesum,attamen

399 5210 456 5262 et
484 5200 724 5263 afflictio
747 5202 906 5279 cogit
936 5201 1208 5263 homines
1231 5216 1291 5263 ut
1315 5202 1559 5264 meliora
1589 5200 2042 5266 sectentur.Un-

400 5291 474 5354 de
492 5289 745 5351 etDavid
787 5290 1060 5352 dicebat:
1097 5312 1124 5350 ε
1164 5289 1226 5352 In
1259 5310 1428 5353 camo
1461 5300 1519 5353 et
1566 5291 1734 5353 freno
1778 5291 2043 5353 maxillas

400 5398 604 5443 eorum
630 5381 992 5461 constringe,
1017 5381 1116 5460 qui
1143 5400 1259 5442 non
1299 5382 1705 5463 approximant
1732 5382 1802 5442 ad
1831 5393 1885 5443 te.
1913 5382 2033 5445 40.»

478 5542 541 5593 40
570 5539 727 5606 Psal.
758 5556 918 5618 χχιι,
945 5542 1005 5605 9.

2134 4479 2457 4569 ’Υπέστρεψε
2511 4487 2609 4565 μὲν
2669 4489 2698 4543 6
2756 4487 2960 4553 Ἰησοῦς
3010 4484 3115 4540 ἀπὸ
3157 4482 3254 4551 τῆς
3297 4488 3404 4539 τῶν
3460 4479 3777 4569 Γαδαρηνιῦν

2129 4567 2340 4659 χώραςξ
2379 4574 2720 4658 Προσεδόκων
2777 4573 2833 4631 δὲ
2875 4576 3031 4631 αὐτὸν
3089 4576 3137 4631 οἱ
3179 4570 3362 4652 ὄχλοι,
3397 4571 3508 4647 ἃμα
3550 4569 3650 4645 μὲν
3694 4567 3778 4659 διὰ

2255 4656 2615 4746 διδασκαλίαν,
2670 4665 2782 4740 ἅμα
2837 4662 2893 4720 δὲ
2952 4661 3037 4722 διὰ
3081 4663 3147 4718 τὰ
3203 4665 3464 4737 θαύματα.
3526 4656 3774 4737 Προσῆλ-

2128 4761 2212 4813 θεν
2257 4767 2346 4817 οῦν
2389 4756 2479 4813 καί
2507 4778 2588 4821 τις
2621 4754 2805 4835 ἄρχων
2848 4753 2946 4821 τῆς
3006 4756 3358 4831 Συναγωγῆς,
3391 4751 3485 4807 οὒκ
3533 4747 3769 4835 εὐτελής,

2126 4844 2234 4902 οὐδ’
2292 4844 2621 4915 ἀπόϐλητος,
2659 4833 2807 4899 ἀλλὰ
2875 4847 2982 4898 τῶν
3039 4860 3288 4918 πρωτων.
3350 4838 3665 4917 Προστίθησι
3717 4833 3771 4890 δὲ

2127 4936 2212 4993 καὶ
2253 4936 2315 4992 16
2357 4935 2526 5011 ὄνομα
2587 4933 2766 4990 τούτου
2819 4933 2847 4988 6
2902 4928 3305 5009 εύαγγελιστης,
3362 4927 3453 4984 ’ίνα
3482 4926 3769 5005 γνωριμώ-

2124 5047 2273 5103 τερον
2330 5025 2391 5080 16
2443 5026 2615 5098 θαῦμα
2667 5021 2910 5101 γένηται,
2964 5021 3037 5084 ὡς
3079 5017 3222 5075 ἔστιν
3265 5015 3480 5083 ἀληθές.
3533 5017 3764 5093 Προσπί-

2124 5136 2245 5172 πτει
2302 5112 2357 5170 δὲ
2413 5120 2563 5177 οῦτος
2609 5118 2686 5187 τῷ
2741 5109 2941 5185 Ἰησοῦ,
3001 5108 3186 5189 χρείας
3239 5106 3519 5173 ἒνστάσης.
3586 5106 3763 5162 Καίτοι

2125 5202 2226 5261 ἔδει
2271 5205 2428 5261 αὑτὸν
2477 5204 2566 5261 καὶ
2622 5220 2702 5279 μη
2776 5199 2972 5266 ταύτης
3042 5195 3466 5275 ἀναγκαζούσης,
3523 5215 3763 5273 προσπε-

2123 5307 2263 5366 σεῖν,
2323 5295 2412 5350 καὶ
2464 5291 2752 5369 ἐπιγνῶναι
2824 5289 2982 5344 αὑτὸν
3058 5288 3189 5343 Θεὸν
3246 5284 3395 5358 ὄντα,
3451 5282 3595 5360 ὀμως
3679 5285 3767 5341 καὶ

2124 5382 2299 5459 θλίψις
2358 5381 2465 5439 ἔσθ’
2522 5382 2609 5438 ὀτε
2683 5377 2978 5449 ἐκϐιάζεται
3049 5378 3167 5440 τοὺς
3253 5375 3554 5454 ἀνθρώπους
3636 5377 3765 5453 πρὸς
