4116 6212
423 302 539 369 807
1396 305 1981 370 THEOPHYLACTI
2028 304 2437 369 ΒυΙιϐΑΒΙᾸε]
2480 306 2834 372 ARCHIEP.
3690 305 3821 371 808

425 437 562 498 tudo
593 438 852 517 regionis
873 437 1417 511 Gadarenorum,ut
1447 436 1784 499 discederet
1816 440 2049 520 abipsis

2157 440 2252 498 ἀπ’
2309 442 2503 518 αὐτῶν,
2551 443 2632 502 ὅτι
2676 443 2824 524 φόϐῳ
2880 444 3099 522 μεγάλῳ
3144 445 3475 524 συνείχοντο⁵
3540 444 3698 508 αὐτὸς
3755 440 3822 497 δὲ

420 527 559 606 quia
588 544 798 606 magno
833 530 1048 588 timore
1082 528 1461 590 tenebantur.
1515 529 1644 607 Ipse
1702 537 1897 589 autem
1933 548 2041 589 con

2162 529 2327 606 ἐμϐὰς
2363 535 2433 595 εἰς
2463 536 2525 590 τὸ
2554 533 2768 614 πλοῖον,
2835 533 3183 613 ὑπέστρεψεν.
3230 532 3440 595 Ἐδέετο
3496 531 3551 590 δὲ
3608 535 3637 589 6
3680 532 3824 611 ἀνὴρ

420 633 632 676 scensa
688 616 817 676 navi
875 634 1153 677 reversus
1184 625 1293 677 est.
1334 618 1661 692 Rogaverat
1708 616 1866 676 enim
1910 617 2053 677 illun

2162 621 2250 700 ἀφ’
2310 622 2369 679 οῦ
2416 621 2711 690 ἐξεληλύθει
2750 624 2816 679 τὰ
2845 621 3115 697 δαιμόνια,
3151 627 3302 678 εἷναν
3332 622 3423 678 σὺν
3452 626 3617 697 αὐτῷ.
3669 621 3815 677 Ἀπ-

416 705 505 765 vir
533 724 564 765 a
594 725 708 786 quo
742 705 1030 766 daemonia
1054 705 1342 777 exierant,
1381 713 1441 763 ut
1472 722 1607 765 cum
1652 723 1719 763 eo
1756 714 1939 778 esset,
1970 725 2053 766 set

2161 709 2312 767 ἑλδσε
2370 709 2425 767 δὲ
2486 713 2640 769 αὐτὸν
2696 714 2724 767 6
2782 709 3010 784 Ἰησοῦς,
3056 709 3229 789 λέγων
3262 730 3279 746 ·
3344 701 3705 791 ’Υπόστρεψον
3734 710 3817 773 εἷς

417 792 708 873 ablegavit
739 813 873 856 eum
905 792 1495 865 Jesus,dicens:Redi
1528 793 1586 851 in
1622 793 1862 853 domum
1888 805 2043 855 tuam

2159 801 2249 855 τὸν
2304 801 2458 857 οἶκόν
2512 823 2626 869 σου,
2684 802 2771 857 καὶ
2814 798 3023 880 διηγοῦ,
3071 799 3169 856 ὅσα
3215 800 3436 867 ἐποίησὲ
3466 823 3549 857 σοι
3575 803 3603 856 6
3646 799 3809 861 Θεός.

420 893 478 943 et
508 902 686 943 narra
711 901 1077 963 quaecunque
1114 882 1217 943 tibi
1251 883 1456 943 fecerit
1492 880 1668 943 Deus.
1708 884 1773 941 Et
1807 882 2053 962 abiitpet

2160 890 2259 945 Καὶ
2319 887 2550 962 ἀπῆλθε,
2609 890 2725 947 καθ’
2783 888 2915 956 ὅλην
2970 890 3071 957 τὴν
3142 888 3299 945 πόλιν
3367 890 3648 969 κηρύσσων
3704 886 3812 945 ὅσα

419 979 595 1032 totam
627 972 917 1033 civitatem
964 971 1292 1051 prwdicans
1341 989 1712 1051 quaecunque
1744 971 1855 1030 sibi
1891 971 2053 1032 fecis-

2156 973 2405 1043 ἐποίησεν
2463 979 2605 1053 αὒτῷ
2661 980 2688 1034 6
2771 976 3002 1045 Ἰησοῦς,
3070 1000 3093 1032 ι
3126 983 3128 985 ’
3165 979 3236 1035 Τὸ
3290 976 3386 1053 μὲν
3443 988 3632 1057 φυγεῖν
3682 977 3811 1039 τοὺς

417 1066 506 1122 set
557 1060 752 1133 Jesus,
799 1085 821 1119 υ
877 1060 1034 1138 Fuga
1095 1070 1394 1139 pastorum
1453 1058 1780 1147 Gadarenis
1834 1059 2053 1121 occasit

2153 1064 2471 1147 βόσκοντας,
2528 1068 2793 1146 σωτηρίας
2837 1067 3052 1147 ἀφορμὴ
3114 1066 3327 1145 ἐγένετο
3380 1079 3500 1129 τοῖς
3553 1062 3809 1143 Γαδαρη-

417 1150 621 1210 salutis
653 1157 803 1221 erat,
836 1150 941 1209 sed
995 1149 1075 1209 illi
1132 1168 1246 1209 non
1281 1148 1719 1210 intellexerunt.
1752 1146 2047 1227 Oporteba

2154 1156 2298 1235 νοῖς,
2358 1146 2480 1213 ἀλλ’
2532 1156 2731 1213 ἐκεῖνοι
2787 1160 2845 1215 οῦ
2890 1146 3156 1224 συνῆκαν.
3203 1155 3335 1211 Δέον
3384 1156 3483 1234 γὰρ
3536 1155 3811 1229 θαυμάσαι

419 1239 573 1299 enim
622 1239 821 1300 mirari
846 1237 1117 1300 virtutem
1152 1239 1493 1310 Salvatoris,
1522 1244 1579 1295 et
1602 1237 1847 1297 credere
1875 1256 1926 1298 ei
1961 1258 1973 1299 :
2012 1256 2045 1298 a

2152 1245 2251 1312 τὴν
2301 1242 2517 1320 δύναμιν
2571 1253 2662 1303 τοῦ
2721 1249 2997 1323 Σωτῆρος,
3052 1245 3141 1300 καὶ
3197 1251 3476 1300 πιστεῦσαι
3534 1246 3676 1317 αὐτῷ
3710 1262 3726 1276 ’
3759 1243 3811 1299 οἱ

416 1326 498 1387 illi
530 1334 905 1405 rogaverunt,
936 1327 1146 1405 inquit,
1180 1325 1411 1399 Jesum,
1450 1326 1559 1385 hoc
1593 1334 1680 1384 est
1712 1324 2053 1386 obsecrave-

2152 1331 2206 1389 δὲ
2262 1334 2568 1414 ἠρώτησαν,
2603 1336 2755 1435 φησὶ,
2812 1335 2905 1390 τόν
2960 1334 3193 1407 Ἰησοῦδ,
3241 1333 3357 1390 ἀντὶ
3411 1332 3504 1389 τοῦ
3558 1332 3810 1410 παρεκά-

417 1426 573 1495 runt,
625 1425 687 1477 ιιι
736 1414 809 1477 ab
858 1415 1007 1495 ipsis
1060 1414 1755 1478 recederet.Timuerunt
1798 1414 1956 1475 enim
1993 1434 2053 1476 ne

2152 1421 2334 1495 λεσαν,
2370 1414 2624 1480 ἀπελθεῖν
2653 1414 2749 1480 ἀπ’
2804 1423 2999 1493 αῦτῶν,
3045 1419 3385 1503 ἐφοϐήθησαν
3444 1424 3546 1499 γαρ
3603 1422 3807 1493 μήπως

417 1524 531 1585 quo
558 1514 725 1584 pacto
760 1504 935 1565 etiam
969 1505 1127 1565 aliud
1164 1509 1449 1567 damnum
1484 1511 2053 1584 paterentur,quan-

2146 1514 2236 1569 καὶ
2292 1511 2424 1573 ἄλλο
2481 1535 2531 1568 τι
2584 1511 2865 1589 ἐπιζήμιον
2944 1513 3206 1585 πάθωσιν,
3281 1510 3460 1589 ὥσπερ
3534 1511 3621 1565 καὶ
3675 1510 3805 1573 τοὺς

416 1594 733 1674 duquidem
770 1594 933 1675 porci
966 1595 1300 1673 periissent.
1341 1594 1415 1654 At
1441 1600 1679 1653 sanatus
1704 1594 1802 1654 ille
1833 1602 2053 1655 certum

2148 1603 2361 1681 χοίρους
2420 1601 2725 1661 ἀπώλεσαν.
2790 1593 2847 1659 Ὀ
2905 1599 2960 1657 δὲ
3018 1601 3344 1677 θεραπευθεὶς
3370 1599 3599 1672 ἐκεῖνος,
3631 1598 3800 1653 ἀναν-

414 1684 713 1765 quoddam
774 1683 993 1745 sanatis
1049 1683 1333 1745 indicium
1382 1682 1751 1743 ostendebat.
1791 1685 1872 1745 lta
1904 1683 2053 1744 enim

2146 1691 2387 1770 τίρῤητον
2455 1694 2553 1760 τὴν
2642 1689 2911 1756 ἀπόδειξιν
2994 1696 3093 1757 τῆς
3177 1689 3456 1769 θεραπείας
3528 1687 3801 1766 ἐμφαίνει.

417 1783 613 1835 mente
641 1784 882 1835 sanatus
911 1782 1020 1847 est,
1059 1782 1119 1833 ut
1145 1773 1345 1835 .lesum
1373 1784 1741 1850 agnosceret,
1792 1791 1967 1832 orans
2000 1787 2053 1833 ut

2147 1780 2298 1839 Οὕτω
2349 1783 2448 1860 γὰρ
2489 1782 2712 1860 ὑγιάσθη
2775 1781 2866 1843 τὰς
2927 1779 3139 1861 φρένας,
3200 1779 3339 1835 ὥστε
3397 1777 3683 1854 ἐπιγνῶναι
3738 1796 3801 1833 τε

411 1863 525 1924 sibi
556 1882 689 1923 cum
723 1864 821 1923 illo
875 1881 1007 1925 esse
1038 1863 1268 1925 liceret.
1300 1863 1557 1935 Etenim,
1587 1870 1648 1922 ut
1676 1869 1944 1941 apparet,
1982 1863 2053 1923 ti-

2145 1871 2236 1926 τὸν
2289 1870 2515 1940 Ἰησοῦν,
2575 1872 2664 1926 καὶ
2719 1869 2890 1936 ἀξιοῦν
2934 1871 3116 1949 αὐτὸν,
3146 1867 3239 1924 ἶνα
3269 1867 3306 1943 ᾗ
3348 1867 3439 1922 σὺν
3481 1865 3649 1938 αὐτῷ,
3692 1862 3800 1925 Καὶ

413 1954 609 2014 mebat
643 1972 715 2013 ne
745 1953 897 2016 forte
928 1953 1234 2029 elongatus
1260 1972 1293 2013 a
1321 1955 1459 2013 .lesu
1492 1971 1526 2012 a
1556 1950 2053 2013 daemonibusite-

2145 1958 2269 2037 γὰρ,
2303 1960 2374 2023 ὡς
2432 1957 2626 2033 ἔοικεν,
2682 1956 2930 2038 ἐφοϐεῖτο
2989 1959 3185 2033 μήπως
3217 1954 3522 2035 μακρυνθείς
3554 1954 3659 2010 ἀπὸ
3706 1960 3803 2009 τοῦ

409 2064 539 2105 rum
582 2046 985 2120 invaderetur;
1034 2046 1139 2106 sed
1194 2044 1478 2106 Dominus
1536 2044 1758 2105 indicat
1818 2042 1872 2104 ei
1904 2042 2053 2123 quod

2146 2045 2347 2127 Ἰησοῦ,
2412 2046 2572 2104 πάλιν
2648 2048 3051 2127 εὐεπιχείρητος
3110 2046 3256 2102 ’ἐσται
3326 2057 3446 2108 τοῖς
3524 2041 3796 2118 δαίμοσιν,

413 2134 547 2194 licet
581 2153 697 2193 non
730 2133 805 2194 sit
847 2152 1076 2206 secum,
1112 2134 1295 2210 gratia
1321 2142 1517 2194 tamen
1566 2134 1694 2211 ejus
1740 2141 2057 2213 protectus,

409 2221 788 2283 dmmoniacis
832 2222 1149 2283 insultibus
1178 2222 1453 2300 superior
1483 2222 1599 2281 ﬁat.
1643 2223 1815 2294 Redi,
1850 2220 2058 2299 inquit,

410 2314 466 2372 iu
501 2314 740 2375 domum
787 2325 970 2387 tuam,
1028 2322 1085 2373 et
1116 2331 1290 2373 narra
1322 2332 1689 2392 quaacunque
1717 2313 1820 2374 tibi
1858 2312 2065 2373 fecerit

410 2403 589 2463 Deus.
625 2400 751 2461 Non
784 2402 948 2473 dixit,
986 2420 1358 2481 quaecunque
1384 2420 1491 2477 ego
1548 2401 1651 2461 tibi
1686 2402 1950 2475 fecerim,
1986 2401 2059 2461 fi-

407 2508 612 2567 guram
646 2488 816 2550 nobis
865 2490 1211 2553 humilitatis
1260 2490 1521 2562 tradens,
1558 2500 1620 2550 ut
1678 2491 1880 2551 omnia
1911 2491 2064 2551 bona

408 2598 589 2659 opera
618 2588 815 2640 nostra
838 2581 960 2641 Deo
996 2579 1345 2642 tribuamus.
1385 2578 1519 2639 Erat
1548 2588 1741 2640 autem
1775 2579 1876 2640 ille
1917 2598 2055 2658 gra-

408 2678 521 2741 tus,
558 2669 637 2729 ita
667 2677 725 2727 ut
769 2680 1026 2729 mararet
1084 2687 1451 2749 quaecunque
1509 2668 1743 2730 fecisset
1775 2668 1829 2729 ei
1856 2671 2047 2729 Jesus.

2149 2128 2207 2193 Ὀ
2266 2134 2320 2192 δὲ
2373 2137 2584 2216 Κόριος,
2639 2136 2885 2193 δεικνύων
2958 2136 3101 2209 αῦτῷ
3149 2134 3228 2191 ὅτι
3284 2132 3383 2189 κᾶν
3426 2134 3503 2202 μὴ
3546 2138 3677 2208 συνῇ
3720 2137 3803 2205 τῷ

2150 2227 2348 2307 Ἰησοῦ,
2402 2226 2615 2284 δύναται
2671 2251 2739 2305 τῃ
2799 2228 2981 2308 χάριτι
3045 2229 3202 2283 αὐτοῦ
3264 2226 3593 2301 σκεπόμενος
3650 2221 3798 2278 ἀνώ-

2145 2340 2295 2395 τερος
2352 2318 2493 2375 εἶναι
2538 2307 2849 2393 δαιμονικῆς
2906 2317 3179 2397 ἐπηρείας,
3221 2307 3575 2394 ἰ“πόστρεψε,
3608 2315 3796 2393 ιρησὶν,

2146 2409 2218 2470 είς
2270 2409 2360 2464 τὸν
2405 2407 2561 2463 οἶκόν
2593 2428 2710 2481 σου,
2752 2409 2839 2464 καὶ
2874 2405 3060 2484 διηγοῦ
3089 2405 3188 2462 ὅσα
3218 2404 3437 2471 ἐποίησὲ
3462 2425 3544 2460 σοι
3578 2404 3606 2458 6
3635 2402 3792 2465 Θεός,

2146 2496 2254 2555 Οῦκ
2297 2501 2469 2568 εἶπεν,
2533 2495 2631 2553 ὅσα
2659 2520 2744 2554 σοι
2778 2496 3006 2563 ἐποίησα
3034 2494 3164 2573 ἐγὼ,
3228 2495 3413 2550 τύπον
3460 2494 3597 2568 ἡμῖν
3645 2513 3803 2547 ταπει

2145 2586 2470 2665 νοφροσύνης
2514 2582 2705 2648 διδούς,
2765 2586 2861 2643 Καὶ
2915 2584 3008 2640 ’ἕνα
3062 2584 3234 2640 πάντα
3291 2583 3422 2660 πρὸς
3480 2581 3610 2636 Θεὸν
3652 2579 3789 2635 ἀνα-

2138 2675 2380 2755 ιρὲρωμεν
2433 2675 2499 2730 τά
2561 2674 2970 2754 κατορθώματα.
3022 2665 3080 2731 ’0
3160 2670 3213 2727 δὲ
3263 2671 3430 2734 οὕτως
3493 2669 3782 2746 εύγνὼμων

408 2759 552 2820 Nam
579 2756 865 2818 Dominus
922 2758 1159 2837 quidem
1197 2765 1561 2836 praeceperat
1590 2758 1643 2818 ei
1678 2766 1742 2819 ut
1792 2767 2053 2819 narraret

2144 2764 2226 2839 ἦν,
2287 2764 2424 2821 ὥστε
2493 2762 2793 2841 διηγεῖσθαι
2820 2761 2919 2819 ὅσα
2976 2760 3223 2828 ἐποίησεν
3280 2760 3422 2832 αῦτῷ
3476 2760 3504 2814 6
3546 2757 3780 2823 Ἰησοῦς,

408 2864 771 2927 quaecunque
794 2848 1012 2908 facerat
1041 2849 1094 2907 ei
1128 2846 1281 2908 Deus
1318 2869 1330 2909 :
1367 2851 1426 2908 at
1456 2846 1506 2907 is
1540 2856 1739 2907 narrat
1769 2865 2053 2927 quaecun-

2142 2846 2199 2912 Ὀ
2254 2855 2352 2929 μὲν
2408 2854 2507 2932 γὰρ
2589 2854 2775 2931 Κύριος
2870 2849 3186 2931 προσέταξεν
3262 2850 3403 2922 αὐτῷ
3457 2844 3782 2925 διηγεῖσθαι,

405 2954 520 3017 que
554 2938 605 2997 ei
637 2935 1068 2997 faceratJesus.
1106 2934 1350 3016 Oportet
1380 2936 1555 3014 igitur
1590 2945 1647 2996 et
1686 2954 1791 2996 nos
1820 2936 2053 3015 quando

2144 2943 2241 2999 ὅσα
2298 2942 2542 3010 ἐποίησεν
2600 2944 2741 3016 αὐτῷ
2788 2944 2816 2998 6
2883 2942 3037 3019 Θεὸς,
3124 2941 3151 2995 6
3226 2935 3280 2993 δὲ
3337 2935 3629 3014 διηγεῖται,
3687 2933 3785 2989 ὅσα

406 3026 659 3105 cuipiam
688 3025 1115 3095 benefacimus,
1163 3025 1322 3086 nolle
1355 3026 1466 3086 hoc
1510 3024 1815 3104 praedicari
1844 3046 1857 3084 :
1891 3034 1943 3085 at
1978 3024 2052 3086 il-

2144 3032 2396 3098 εποίησεν
2439 3033 2581 3106 αὑτῷ
2623 3033 2650 3087 6
2695 3030 2921 3097 Ἰησοῦς.
2975 3028 3074 3085 Δεῖ
3131 3027 3221 3083 οὖν
3248 3028 3337 3084 καὶ
3360 3028 3504 3102 ἡμᾶς
3533 3024 3657 3081 ὅταν
3686 3024 3789 3079 τινὶ

405 3114 526 3174 lum
560 3115 657 3194 qni
703 3114 994 3175 beneficio
1043 3114 1289 3176 affectus
1321 3123 1433 3188 est,
1491 3115 1666 3175 etiam
1718 3113 2053 3175 nolentibus

2146 3122 2461 3196 ποιήσωμεν
2495 3121 2714 3199 ἀγαθὸν,
2767 3120 2846 3195 μὴ
2887 3117 3058 3175 θέλειν
3106 3116 3549 3195 ἀνακηρύττεσθαι
3604 3120 3784 3185 τοῦτο,

408 3202 582 3264 nobis
613 3202 936 3283 praedicare
968 3202 1162 3265 decet.

2147 3210 2353 3268 ἐκεῖνον
2411 3209 2465 3266 δὲ
2521 3212 2615 3266 τὸν
2671 3210 2904 3267 παθόντα
2972 3209 3035 3265 τὸ
3089 3206 3306 3286 ἀγαθὸν,
3350 3203 3451 3260 κᾶν
3504 3205 3663 3279 ἡμεῖς
3705 3202 3788 3277 μὴ

1186 3314 1189 3317 ⁷
2141 3298 2402 3379 θέλωμεν,
2434 3299 2815 3379 ἀνακηρύττειν
2846 3298 2993 3359 αὑτό,

2227 3400 2256 3439 ι
2284 3372 2547 3459 γἘγένετο
2602 3372 2657 3436 δὲ
2707 3379 2762 3435 ἐν
2802 3382 2880 3452 τῷ
2927 3376 3251 3452 ὑποστρέψαι
3280 3376 3370 3431 τὸν
3400 3372 3628 3446 Ἰησοῦν,
3674 3372 3781 3427 ἀπ-

2138 3466 2347 3533 εδέξατο
2376 3470 2531 3524 αὑτὸν
2562 3470 2591 3525 6
2620 3466 2811 3548 ὄχλος,
2870 3470 3005 3536 ἦσαν
3052 3466 3153 3543 γὰρ
3195 3464 3388 3527 πάντες
3436 3458 3781 3540 προσδοκῶν-

2136 3578 2221 3623 τες
2280 3557 2460 3619 αὑτόν.
2511 3558 2609 3615 Καὶ
2663 3554 2773 3614 ἰδοῦ
2807 3555 2966 3624 ἦλθεν
3009 3554 3167 3634 ἀνὴρ,
3213 3556 3259 3627 ᾧ
3312 3552 3479 3627 ὄνομα)
3537 3548 3778 3629 Ἰάειρος,

2134 3648 2222 3704 καὶ
2276 3648 2433 3710 αὐτὸς
2463 3645 2647 3726 ἅρχων
2677 3646 2774 3715 τῆς
2807 3648 3132 3723 Συναγωγῆς
3182 3644 3419 3722 ὑπῆρχε,
3474 3642 3561 3696 καὶ
3601 3640 3781 3695 πεσὼν

2134 3736 2277 3815 παρά
2346 3737 2465 3800 τοὺς
2524 3733 2688 3799 πόδας
2739 3742 2833 3792 τοῦ
2892 3734 3091 3808 Ἰησοῦ,
3138 3729 3425 3811 παρεκάλει
3481 3730 3635 3786 αὐτὸν
3664 3728 3783 3784 εἰσ-

2134 3824 2309 3881 ελθετν
2365 3827 2438 3889 εἷς
2492 3829 2583 3883 τὸν
2643 3827 2801 3883 οἷκον
2874 3825 3053 3902 αὑτοῦ,
3088 3821 3168 3878 ὅτι
3224 3820 3457 3899 θυγάτηρ
3487 3817 3783 3896 μονογενὴς

2130 3914 2201 3983 ἦν
2265 3917 2428 3990 αὐτῷ,
2494 3919 2568 3979 ὡς
2626 3915 2759 3972 ἑτῶν
2815 3911 3038 3985 δώδεκα,
3093 3912 3183 3968 καὶ
3240 3910 3374 3978 αὕτη
3426 3908 3779 3974 ἀπέθνησκεν.

2132 4003 2223 4063 Ἐν
2282 4003 2337 4059 δὲ
2378 4012 2456 4079 τῷ
2497 4005 2715 4084 ὑπάγειν
2770 4004 2949 4075 αὑτὸν,
2982 4003 3029 4059 οἱ
3072 3997 3229 4080 ὄχλοι
3261 3999 3568 4084 συνέπνιγον
3598 3997 3779 4084 αῦτόν.

2135 4094 2232 4151 Καὶ
2288 4094 2421 4171 γυνὴ
2472 4082 2690 4151 οῦσανέν
2748 4092 2887 4171 ῥύσει
2944 4088 3174 4165 αἵματος
3223 4088 3329 4144 ἀπὸ
3391 4087 3525 4142 ἑτῶν
3553 4082 3779 4163 δώδεκα,

403 4184 776 4263 impenderat
801 4201 1039 4243 omnem
1064 4174 1597 4251 substantiammec
1626 4182 1699 4245 ab
1732 4184 1848 4244 ullo
1877 4194 2045 4265 pote-

2144 4181 2249 4250 ἥτις
2294 4187 2499 4262 ἰατροῖς
2596 4180 3057 4261 προσαναλώσασα
3127 4176 3253 4235 ὅλον
3328 4177 3421 4233 τὸν
3476 4175 3612 4265 βίον,
3686 4174 3779 4229 οὑκ

400 4262 499 4334 rat
520 4272 738 4347 curari,
772 4273 1020 4333 accessit
1041 4281 1291 4344 retro,et
1324 4272 1509 4351 tetigit
1540 4272 1832 4333 fimbriam
1861 4262 2047 4335 vesti-

2144 4270 2356 4353 ἴσχυσεν
2452 4272 2542 4329 ὑπ’
2624 4269 2831 4335 οὗδενὸς
2926 4267 3331 4347 θεραπευθῆναι,
3414 4262 3777 4344 προσελθοῦσα

404 4364 585 4423 menti
616 4363 767 4440 ejus,
793 4369 850 4421 et
878 4360 1189 4422 confestim
1221 4361 1537 4422 sistebatur
1564 4363 1755 4423 ﬂuxus
1804 4365 2048 4442 sangui-

2144 4358 2366 4438 5'chav,
2427 4360 2607 4436 ἥψατο
2659 4367 2753 4417 τοῦ
2816 4355 3112 4438 κρασπέδου
3166 4365 3258 4415 τοῦ
3325 4354 3538 4430 ἱματίου
3592 4354 3772 4423 αὑτοῦ,

403 4452 495 4513 nis
518 4450 906 4531 ejus.»Rediit
938 4451 1176 4530 quidem
1209 4449 1431 4512 Jesusa
1453 4451 1694 4528 regione
1715 4451 2050 4514 Gadareno-

2144 4453 2219 4507 ui
2273 4456 2613 4531 παραχρῆμα
2668 4448 2797 4515 ἔστη
2833 4450 2868 4516 ἡ
2924 4447 3065 4524 ῥύσις
3110 4448 3202 4503 τοῦ
3255 4444 3485 4520 αἵματος
3532 4442 3719 4510 αὐτῆς.
3747 4463 3771 4499 ι

402 4530 561 4613 rum,
595 4540 979 4621 exspectabat
1006 4548 1207 4600 autem
1236 4540 1399 4601 illum
1429 4541 1622 4614 turba,
1652 4550 1771 4601 tum
1806 4550 2051 4621 propter

2144 4530 2473 4622 ’Υπὲστρεψε
2512 4540 2611 4617 μὲν
2670 4542 2699 4596 6
2757 4539 2960 4605 Ἰησοῦς
3011 4536 3116 4593 ἀπὸ
3158 4534 3255 4603 τῆς
3297 4540 3405 4591 τῶν
3462 4530 3779 4622 Γαδαρηνιῦν

402 4619 754 4709 doctrinam,
783 4637 903 4690 tum
939 4637 1178 4709 pr0pter
1211 4619 1966 4691 miracula.Accessitvitem
1993 4638 2050 4689 et

2144 4619 2342 4711 [ὠραςξ
2380 4627 2721 4709 Προσεδόκων
2778 4625 2834 4683 δὲ
2876 4628 3032 4683 αὐτὸν
3090 4628 3138 4682 οἱ
3180 4622 3363 4704 ὄχλοι,
3398 4623 3509 4699 ἃμα
3552 4621 3651 4697 μὲν
3695 4619 3779 4711 θιά

401 4720 677 4799 ρι’ἰιιορρε
724 4708 963 4799 quidam
1014 4721 1352 4797 Synagogaa,
1380 4737 1495 4779 non
1555 4718 1808 4797 vulgaris
1857 4737 2048 4799 neque

2144 4708 2233 4787 {9,4
2257 4708 2617 4798 διδασκαλίαν,
2671 4717 2783 4792 ἅμα
2838 4714 2893 4771 δὲ
2952 4713 3037 4774 διὰ
3082 4715 3148 4770 τά
3204 4716 3465 4788 θαύματα,
3528 4708 3776 4789 Προσῆλ-

401 4808 693 4889 alijectus,
728 4808 832 4870 sed
865 4825 933 4868 ex
966 4806 1465 4887 primis.Apponit
1495 4816 1690 4868 autem
1724 4815 1782 4868 et
1826 4827 2044 4869 nomen

2144 4813 2215 4866 lev
2258 4819 2347 4869 οῦν
2391 4808 2480 4864 καί
2508 4830 2589 4873 τις
2622 4806 2807 4886 ἅρχων
2849 4804 2948 4873 τῆς
3007 4807 3359 4882 Συναγωγῆς,
3392 4803 3487 4858 οὒκ
3535 4799 3771 4889 εὗτελήςρ

399 4884 560 4960 illius
592 4884 1063 4976 evangelista,ut
1095 4884 1313 4957 notius
1345 4897 1443 4958 ftat
1488 4896 1837 4958 miraculum
1887 4898 2042 4977 quod

2144 4896 2235 4954 ὧδ’
2292 4895 2621 4968 ἀπόϐλητος,
2660 4884 2808 4951 ἀλλὰ
2876 4898 2983 4949 τῶν
3040 4912 3288 4970 πρωτων.
3350 4890 3666 4969 Προστίθησι
3718 4884 3772 4942 δὲ

403 5006 537 5049 vere
568 4986 783 5049 factum
816 4986 1155 5048 sit.Accidit
1178 4995 1375 5047 autem
1427 4985 1499 5047 ad
1538 4984 1721 5067 pedes
1748 4987 1908 5055 Jesu,
1936 5005 2043 5047 ur-

2144 4988 2214 5044 ιαὶ
2254 4988 2316 5043 τὸ
2358 4987 2527 5063 ὄνομα
2588 4985 2768 5042 τούτου
2820 4985 2848 5040 6
2904 4979 3309 5067 εῦαγγελιστὴς,
3362 4979 3454 5035 ’ίνα
3483 4977 3770 5057 γνωριμώ-

400 5089 574 5151 gente
607 5074 1270 5147 necessitate.Quamvis
1294 5074 1452 5136 enim
1480 5066 1607 5136 sine
1650 5074 1753 5135 illa
1774 5082 2045 5154 oporteat

2144 5098 2274 5155 ;ερον
2331 5076 2391 5132 τὸ
2444 5078 2616 5149 θαῦμα
2668 5072 2911 5152 γένηται,
2965 5072 3038 5135 ὡς
3081 5068 3223 5126 ἔστιν
3266 5066 3481 5135 ἀληθές.
3535 5068 3765 5145 Προσπί-

403 5165 804 5247 procidere,et
826 5183 1150 5243 agnoscere
1182 5163 1367 5225 Deum
1401 5182 1533 5227 esse
1550 5165 2040 5245 Jesum,attamen

2144 5187 2247 5223 ττει
2303 5164 2357 5221 δὲ
2414 5170 2565 5228 οῦτος
2610 5170 2687 5237 τῷ
2742 5160 2942 5236 Ἰησοῦ,
3002 5160 3188 5240 χρείας
3240 5157 3520 5224 ὶνστάσης.
3587 5157 3766 5214 Καίτοι

400 5264 457 5315 et
485 5254 725 5317 afflictio
749 5255 908 5332 cogit
938 5253 1210 5316 homines
1233 5268 1292 5314 ut
1317 5254 1561 5315 meliora
1590 5251 2045 5318 sectentur-Dn-

2144 5253 2227 5312 ἔδει
2272 5256 2429 5312 αὑτὸν
2479 5256 2567 5311 καὶ
2623 5269 2702 5330 μη
2778 5250 2974 5317 ταύτης
3044 5247 3467 5326 ἀναγκαζούσης,
3523 5267 3765 5325 προσπε-

401 5344 476 5407 de
494 5343 745 5405 etDavid
789 5343 1062 5405 dicebat:
1098 5365 1125 5403 ι
1166 5342 1228 5404 In
1262 5361 1430 5405 camo
1463 5352 1522 5405 et
1568 5343 1736 5405 freno
1780 5343 2045 5405 maxillas

2144 5358 2265 5417 πεῖν,
2324 5346 2413 5401 καὶ
2465 5343 2753 5421 ἐπιγνῶναι
2826 5341 2983 5395 αὑτὸν
3059 5340 3190 5394 Θεὸν
3247 5336 3396 5410 ὄντα,
3452 5333 3595 5410 ὅμως
3679 5337 3766 5392 καὶ

401 5452 606 5496 eorum
631 5433 995 5514 constringe,
1019 5434 1118 5513 qui
1144 5452 1261 5495 non
1300 5434 1707 5514 approximant
1734 5434 1804 5494 ad
1834 5444 1887 5494 te
1916 5434 2035 5497 4ο.»

2144 5433 2299 5510 ιλίψις
2360 5432 2466 5491 ἔσθ’
2523 5434 2610 5490 ὅτε
2685 5428 2980 5501 ἐκϐιάζεται
3050 5430 3169 5491 τοὺς
3255 5427 3555 5505 ἀνθρώπους
3635 5428 3765 5505 πρὸς

491 3379 1176 3443 νειιε.40-44.ιΕεςιυηι
1208 3389 1295 3442 est
1324 3391 1520 3441 autem
1555 3401 1684 3443 cum
1721 3382 1944 3444 rediret
1965 3383 2051 3444 Je-

405 3489 529 3543 sus,
557 3471 787 3551 excepit
812 3471 949 3530 329
984 3470 1147 3530 illum
1179 3469 1387 3530 turba:
1422 3489 1556 3531 nam
1583 3490 1790 3532 omnes
1812 3489 2055 3552 exspec-

406 3559 604 3621 tabant
636 3578 792 3623 eum.
818 3558 888 3620 Et
920 3578 1060 3622 ecce
1093 3559 1254 3620 venit
1280 3559 1367 3620 vir
1395 3559 1491 3620 cui
1527 3578 1743 3621 nomen
1768 3560 2055 3638 Jairus,et

404 3649 531 3730 ipse
564 3649 837 3729 princeps
862 3652 1180 3730 Synagogae
1210 3658 1356 3720 erat,
1392 3648 1728 3729 acciditque
1760 3649 1833 3709 ad
1870 3652 2053 3730 pedes

401 3742 563 3801 .lesu.
602 3757 815 3819 rogans
845 3757 980 3800 eum
1037 3749 1101 3801 ut
1157 3738 1401 3799 intraret
1444 3739 1503 3800 in
1564 3738 1804 3800 domum
1858 3758 2047 3816 suam,

404 3828 683 3909 quoniam
704 3829 873 3890 unica
896 3829 1012 3890 filia
1030 3836 1152 3889 erat
1170 3829 1224 3889 ei
1242 3830 1369 3890 fere
1384 3847 1676 3889 annorum
1704 3827 2045 3901 duodecim,

404 3928 462 3980 et
490 3919 611 3979 haec
638 3917 1021 3979 moriebatur.
1059 3918 1278 3977 Verum
1335 3918 1490 3977 inter
1538 3919 1802 3977 eundum
1860 3917 2051 3980 turbat

401 4007 775 4068 coarctabant
807 4024 961 4067 eum.
1000 4004 1067 4065 Et
1098 4004 1316 4067 mulier
1335 4023 1467 4085 quae
1484 4014 1611 4066 erat
1639 4005 1896 4068 obnoxia
1920 4025 2050 4087 pru-

402 4095 580 4158 fluvio
598 4094 903 4171 sanguinis
919 4094 991 4155 ab
1018 4095 1189 4155 annis
1204 4094 1683 4175 duodecim,quze
1704 4097 1760 4157 in
1785 4096 2049 4157 medicos

480 5595 543 5646 40
571 5593 728 5659 Psal.
760 5608 920 5670 xxn,
946 5595 1008 5658 9.
