4116 6212
471 315 578 381 811

1438 324 2030 391 THEOPHYLAC'I‘I
2073 321 2483 393 BULGARIE
2525 333 2884 399 ARCHIEP.

3729 339 3851 403 812

472 465 531 521 et
562 457 918 538 plangebant
945 458 1128 522 illam.
1165 460 1244 522 At
1273 460 1375 522 ille
1394 459 1569 526 dixit:
1604 461 1796 524 Nolite
1827 462 2097 537 ﬂere,n01

2203 465 2348 544 τέρα,
2413 459 2679 527 ’Έκλαιον
2734 470 2789 527 δὲ
2837 472 3058 548 πάντες,
3107 475 3195 531 καὶ
3231 475 3523 532 ἒκόπτοντο
3574 478 3756 546 αὑτήν.
3793 470 3853 536 Ὀ

472 557 561 611 est
615 557 867 625 mortua,
931 549 1036 610 sed
1093 548 1337 611 dormit.
1413 552 1488 613 Et
1545 552 1897 614 deridebant
1952 571 2112 624 eum,

2201 553 2252 610 δὲ
2310 561 2434 613 εἷπε
2467 575 2483 592 ⁸
2521 562 2607 628 Μὴ
2639 560 2874 635 κλαίετε,
2908 563 3003 620 οὐκ
3055 563 3332 645 ἀπέθανεν,
3394 563 3533 624 ἀλλᾶ
3589 565 3847 629 καθεύδει,

468 641 727 703 scientes
787 639 942 721 quod
993 647 1224 701 mortua
1265 647 1441 703 esset.
1491 639 1624 722 Ipse
1665 650 1860 702 autem
1911 641 2097 720 ejectis

2202 647 2297 702 Καὶ
2350 648 2649 726 κατεγέλων
2705 653 2884 726 αὐτοῦ,
2943 651 3138 719 εἰδότες
3199 653 3281 712 ὅτι
3317 639 3617 714 ἀπέθανεν.
3683 660 3850 721 Abte:

469 731 625 792 foras
657 729 953 802 omnibus,
1001 729 1378 810 apprehensa
1430 749 1611 793 manu
1660 731 1788 811 ejus
1818 731 2110 812 clamavit,

466 822 724 884 dicens:
773 819 1002 893 Puella,
1047 837 1246 899 surge.
1293 819 1363 880 Et
1409 838 1686 883 reversus
1733 828 1822 881 est
1867 819 2109 900 spiritus

465 913 615 993 ejus,
651 919 707 974 et
737 910 1389 989 surrexitcontinuo,ac
1414 911 1592 990 jussit
1619 911 1705 972 illi
1736 910 1862 971 dari
1884 911 2102 974 cibum.

461 1001 531 1064 Et
562 1009 912 1082 stupuerunt
956 1009 1232 1079 parentes
1263 1001 1412 1079 ejus.
1448 1002 1527 1063 At
1559 1000 1658 1061 ille
1707 1000 1988 1080 praecepit
2021 1000 2106 1061 eis

460 1109 537 1156 ne
570 1093 664 1154 cui
687 1091 957 1154 dicerent
984 1090 1138 1170 quod
1169 1093 1384 1152 factum
1420 1097 1565 1151 erat.
1600 1111 1628 1149 »
1663 1088 2103 1152 Jesusutaudi-

457 1183 532 1245 vit
566 1182 720 1263 quod
774 1180 921 1240 dixit
968 1179 1206 1259 quidam
1254 1180 1326 1240 ad
1387 1178 1966 1258 archisynagogum:
2017 1178 2100 1242 Ne

456 1290 632 1334 vexes
664 1272 1033 1349 magistrum,
1067 1270 1178 1330 hoc
1213 1276 1322 1344 est,
1359 1287 1434 1329 ne
1466 1269 1642 1329 facias
1673 1270 1998 1350 negotium,
2026 1289 2101 1331 ne

453 1363 646 1425 adduc
676 1362 841 1422 illum
879 1385 892 1422 ;
942 1378 1061 1420 non
1094 1357 1451 1438 exspectavit
1498 1366 1560 1418 ut
1609 1358 1888 1440 princeps
1921 1377 2097 1439 syna-

453 1471 614 1532 goga;
643 1453 753 1532 ipsi
787 1452 1128 1531 loqueretur
1154 1449 1256 1509 sed
1304 1448 1584 1527 praevenit
1612 1466 1771 1522 eum,
1823 1467 1897 1509 ne
1944 1448 2097 1511 forte

453 1543 682 1605 diceret
711 1541 1205 1618 archisynagogus
1239 1558 1252 1598 :
1289 1537 1416 1599 Non
1447 1555 1595 1618 Opus
1639 1535 1831 1599 habeo
1865 1547 1943 1613 te,
1968 1541 2092 1618 jam

450 1633 605 1694 enim
639 1631 857 1693 malum
891 1631 1106 1692 factum
1153 1635 1261 1705 est,
1313 1646 1453 1689 ecce
1504 1634 1733 1689 mortua
1781 1636 1871 1690 est
1914 1647 2088 1709 quam

2196 731 2250 789 δὲ
2309 734 2546 794 ἐκϐαλὼν
2612 738 2709 806 ἔξω
2751 742 2952 806 πάντας
3006 743 3099 824 ,καὶ
3156 745 3424 822 κρατήσας
3480 749 3581 810 τῆς
3661 748 3845 824 χειρὸς

2194 825 2379 912 αὐτῆς,
2443 826 2682 907 ἐφώνησε
2725 829 2896 910 λέγων
2933 848 2946 860 ·
2999 823 3061 888 Ἠ
3119 847 3272 905 παῖς,
3320 835 3542 912 εγείρου.
3584 823 3699 892 Καὶί
3738 836 3841 891 ἐπ-

2192 911 2409 992 έστρεψε
2467 918 2529 972 τὸ
2583 928 2787 994 πνεῦμα
2841 921 3029 1001 αὐτῆς,
3077 922 3165 978 καὶ
3222 911 3440 990 ἀνέστη
3475 931 3836 1003 παραχρῆμα,

2191 1004 2275 1058 καὶ
2332 1001 2559 1071 διέταξεν
2605 1009 2737 1084 αὐτῇ
2788 1007 3002 1076 δοθῆναι
3055 1024 3271 1091 φαγεῖν.
3337 1013 3437 1070 Καὶ
3463 1001 3753 1078 ἒξέστησαν
3795 1019 3839 1068 οξ

2189 1106 2367 1169 γονεῖς
2415 1094 2600 1162 αὐτῆς.
2666 1089 2722 1154 Ὀ
2766 1096 2820 1153 δε
2852 1089 3225 1178 ,παρήγγειλεν
3277 1105 3460 1164 αὐτοῖς
3519 1099 3702 1176 μηδενὶ
3764 1104 3840 1157 ιῖ-

2186 1194 2310 1237 πεῖν
2365 1184 2426 1237 τὸ
2483 1185 2721 1262 γεγονός.
2760 1205 2788 1244 )
2847 1177 2904 1244 Ὀ
2960 1177 3166 1254 Ἰησοῦς
3199 1188 3449 1263 ἀκούσας,
3496 1192 3568 1253 ὡς
3601 1191 3730 1247 εἶπέ
3763 1214 3839 1253 τις

2183 1271 2312 1347 πρὸς
2369 1274 2459 1330 τὸν
2511 1273 2945 1354 ἀρχισυνάγωγον
2985 1293 2998 1306 ⁸
3061 1277 3149 1344 Μὴ
3213 1276 3403 1334 σκύλλε
3461 1280 3550 1334 τὸν
3594 1278 3832 1337 διδάσκα-

2183 1357 2295 1434 λον,
2361 1362 2623 1438 τουτέστι,
2661 1364 2748 1432 Μή
2801 1368 2873 1428 εἰς
2903 1366 3098 1432 κόπους
3129 1365 3352 1446 ἔμϐαλε,
3411 1369 3488 1443 μὴ
3538 1370 3834 1444 μετακίνει,

2184 1449 2276 1505 οὑκ
2334 1450 2573 1525 ἀνέμεινε
2621 1454 2711 1507 τὸν
2794 1454 3236 1534 ἀρχισυνάγωγον
3306 1455 3538 1524 λαλῆσαί
3593 1481 3642 1514 τι
3701 1461 3835 1533 πρὸς

2180 1539 2354 1611 αὐτὸν,
2415 1537 2552 1595 ἀλλά
2602 1544 2929 1620 προφθάσας,
2989 1543 3081 1600 ’ἕνα
3135 1546 3211 1620 μὴ
3270 1545 3401 1622 ε’ίπῃ
3459 1548 3488 1601 ὁ
3530 1545 3830 1626 ἀρχισυνά-

2177 1648 2350 1704 γωγος
2385 1646 2400 1662 ⁸
2470 1629 2542 1686 Οὔ
2599 1631 2786 1709 χρείαν
2843 1654 2935 1688 σου
2981 1631 3120 1712 ἔχω,
3167 1631 3269 1700 ἤδη
3318 1633 3503 1712 γέγονε
3548 1637 3608 1691 τὸ
3637 1639 3826 1715 κακὸν,

447 1721 832 1804 sperabamus
862 1729 982 1810 ate
1019 1717 1382 1810 sanandam.
1432 1715 1617 1810 Igitur
1666 1736 1740 1810 ne
1787 1717 1926 1798 quid
1978 1717 2091 1778 tale

2183 1713 2282 1771 ἰδοὺ
2339 1716 2593 1774 ἀπέθανεν
2675 1719 2742 1787 ἢν
2823 1720 3230 1799 προσεδοκῶμεν
3317 1721 3396 1779 δτι
3465 1713 3826 1805 θεραπεύσεις,

449 1812 675 1876 diceret
711 1830 724 1873 :
760 1809 1106 1872 incredulus
1153 1807 1311 1869 enim
1345 1815 1470 1868 erat
1500 1817 1560 1867 et
1589 1806 1828 1868 Iudaeus
1863 1829 1875 1866 :
1936 1826 2088 1887 prai-

2183 1805 2265 1860 ίνα
2319 1812 2444 1884 γοῦν
2498 1804 2664 1882 μηδὲν
2722 1819 2962 1869 τοιοῦτον
2993 1811 3126 1888 εἴπῃ
3161 1828 3176 1843 ⁸
3240 1811 3461 1877 ἄπιστος
3505 1816 3603 1892 γὰρ
3631 1815 3698 1880 ἦν
3738 1804 3828 1871 καὶ

443 1904 689 1964 veniens
715 1901 881 1961 illum
916 1899 1204 1973 Christus,
1239 1896 1385 1959 dicit
1415 1916 1428 1956 :
1482 1894 1568 1960 Ne
1599 1896 1832 1972 timeas,
1863 1904 2087 1958 tantum

442 1992 622 2053 crede
654 2011 668 2052 :
708 1989 939 2070 respice
969 1988 1042 2050 ad
1080 1986 1393 2050 mulierem
1426 1987 1599 2062 hanc,
1625 2005 1753 2066 quae
1784 1986 2088 2066 sanguiuis

444 2080 728 2159 proﬂuvio
761 2078 1050 2140 laboravit
1083 2098 1095 2140 :
1147 2076 1306 2137 Illam
1341 2077 1387 2136 si
1435 2074 1699 2136 imitatus
1731 2075 1936 2157 fueris,
1968 2095 2086 2137 non

438 2168 765 2231 aberrabis.
803 2167 1194 2243 Caeterum,“
1234 2164 1545 2245 discipulis
1595 2172 1820 2225 tantum
1864 2165 2087 2229 intrare

2173 1890 2426 1982 Ἰουδαῖος
2461 1911 2474 1925 ⁸
2536 1899 2838 1976 προφθάσας
2899 1901 3057 1957 αὐτὸν
3121 1902 3149 1956 ὁ
3195 1904 3446 1979 Χριστὸς,
3494 1890 3624 1982 φησί
3657 1922 3670 1939 ·
3735 1905 3826 1970 Μὴ

2170 1980 2353 2073 φοϐοῦ,
2416 1986 2575 2060 μόνον
2639 1988 2873 2063 πίστευε,
2940 1990 3071 2068 πρὸς
3119 1990 3219 2057 τὴν
3279 1980 3581 2071 αἱμόῤῥουν,
3640 1995 3824 2073 φησὶν,

2169 2071 2461 2130 ἀποσκόπει
2491 2093 2506 2107 ·
2591 2077 2798 2143 εκείνην
2885 2079 3205 2154 μιμούμενος
3291 2079 3389 2137 οὒκ
3470 2071 3825 2162 ἀστοχῆσεις,

2169 2160 2340 2218 Μόνον
2400 2159 2453 2217 δὲ
2497 2163 2717 2240 Πέτρον,
2778 2166 2865 2224 καὶ
2911 2164 3190 2247 Ἰωάννην,
3241 2169 3327 2225 καὶ
3377 2159 3821 2249 ἰάκωεοντάφίη-

435 2277 638 2320 secum
672 2256 941 2338 permisit
969 2257 1255 2318 Joannem
1290 2256 1366 2335 let
1407 2253 1691 2316 Jacobum
1727 2261 1784 2314 et
1813 2257 2079 2331 Petrum,

2183 2270 2248 2305 iw
2306 2249 2582 2326 εἰσελθεῖν,
2647 2262 2719 2317 ὼς
2780 2257 3088 2334 προκρίτους
3147 2263 3254 2314 τῶν
3300 2262 3577 2338 μαθητῶν,
3612 2264 3708 2316 καὶ
3743 2263 3818 2323 ὡς

436 2359 498 2411 ut
529 2336 956 2429 discipulorum
993 2344 1319 2426 praecipuos
1364 2353 1421 2404 et
1448 2342 1792 2404 taciturnos.
1827 2343 2082 2406 Nolebat

2183 2338 2479 2414 ῖυναμένους
2536 2348 2806 2409 σιωπῆσαι
2861 2347 2922 2400 τὸ
2977 2349 3174 2420 θαῦμα.
3225 2347 3296 2404 0'5
3344 2349 3443 2426 γὰρ
3494 2346 3681 2414 ἤθελεν
3720 2350 3811 2404 ἵνα

434 2440 594 2502 enim
621 2441 735 2509 hoc
763 2435 1113 2498 miraculum
1143 2441 1279 2495 ante
1309 2441 1541 2512 tempus
1570 2432 1819 2494 revelari
1852 2432 2071 2508 multis,

2183 2430 2262 2507 πρὸ
2316 2438 2498 2508 καιροῦ
2555 2431 2948 2512 ἀποκαλυφθείη
3035 2447 3152 2499 τοῖς
3222 2433 3469 2516 πολλοῖς,
3553 2435 3636 2493 διὰ
3719 2441 3810 2494 τὸν

434 2538 675 2611 propter
699 2528 1037 2590 Judaaorum
1071 2524 1321 2585 fortasse
1353 2522 1632 2585 invidiam
1678 2523 1960 2604 pleraque
2004 2542 2076 2584 ex

2183 2516 2346 2575 >θόνον
2418 2521 2564 2599 τάχα
2617 2528 2723 2576 τῶν
2790 2519 3076 2597 Ἰουδαίων,
3139 2525 3204 2586 τὰ
3260 2523 3429 2581 πλείω
3474 2533 3580 2582 τῶν
3637 2526 3803 2606 ἔργων

429 2608 710 2700 operibus
737 2618 860 2678 suis
885 2616 1212 2687 occultans,
1239 2632 1313 2674 ne
1334 2611 1552 2674 invidia
1573 2612 2071 2693 succensijudicii

2183 2608 2311 2663 ὑτοῦ
2364 2608 2766 2687 συγκαλύπτων,
2825 2611 2916 2668 ’ίνα
2968 2613 3046 2687 μὴ
3075 2620 3152 2688 τῷ
3195 2615 3367 2694 φθόνῳ
3415 2613 3799 2697 διακαιόμενοι,

426 2691 639 2770 ﬁerent
668 2707 777 2770 rei.
831 2705 1000 2766 Hunc
1039 2705 1101 2766 in
1153 2703 1394 2764 modum
1441 2703 1621 2764 etiam
1674 2721 1782 2763 nos
1834 2691 2066 2784 quoque

2183 2696 2407 2774 ιρίματος
2480 2697 2661 2778 ἔνοχοι
2725 2701 2861 2763 εἶεν,
2928 2691 3148 2774 (Ὠσπερ
3208 2691 3294 2759 οὗν
3355 2707 3443 2762 καὶ
3522 2708 3665 2782 ἡμᾶς
3722 2691 3808 2763 δεῖ

421 2798 618 2860 facere
648 2805 900 2878 oportet,
935 2794 1170 2876 quando
1194 2792 1326 2874 quis
1357 2791 1530 2853 nobis
1557 2790 1799 2866 invidet,
1835 2811 1912 2854 ne
1934 2811 2069 2874 ape-

2183 2800 2352 2860 τοιεῖν,
2419 2787 2544 2843 ὅταν
2617 2787 2709 2856 εἴη
2765 2812 2842 2856 τις
2897 2793 3033 2868 ἡμῖν
3105 2796 3329 2872 φθονῶν,
3383 2796 3475 2852 οὒκ
3527 2795 3807 2876 ὀφείλομεν

421 2890 646 2950 riamus
678 2877 730 2948 ei
760 2896 963 2947 nostra
986 2885 1140 2946 bona
1159 2901 1361 2963 opera,
1390 2881 1494 2943 sed
1519 2899 1795 2943 curemus
1823 2891 1888 2942 ut
1907 2883 2068 2962 igno-

2183 2877 2278 2955 rpb;
2351 2877 2507 2932 αὑτὸν
2597 2877 2932 2957 ἀπογυμνοῦν
3017 2882 3082 2936 τὰ
3159 2884 3541 2961 κατορθώματα
3625 2887 3804 2962 ἡμῶν,

421 2987 538 3060 ret,
571 2997 648 3039 ne
680 2977 960 3038 ferientes
990 2974 1208 3054 ipsum,
1241 2990 1442 3034 ansam
1480 2970 1848 3060 praebeamus
1880 2977 2065 3053 magis

2183 2987 2238 3021 να
2298 2966 2374 3041 μὴ
2432 2965 2760 3036 πλήττοντες
2818 2971 2997 3050 αὑτὸν,
3044 2977 3284 3047 ποιῶμεν
3347 2971 3510 3030 πλέον
3567 2979 3802 3054 φθονεῖν,

419 3057 722 3128 invidendi
754 3085 825 3128 ac
856 3064 916 3124 in
949 3073 1257 3142 peccatum
1290 3061 1522 3122 ruendi.
1558 3059 1670 3122 Sed
1703 3063 1895 3140 quoad
1934 3063 2063 3126 fieri

2183 3057 2232 3111 αὶ
2284 3058 2357 3121 εἷς
2417 3058 2710 3136 ἁμάρτημα
2793 3057 3169 3139 ἐμϐάλλωμεν,
3251 3062 3372 3120 αλλ’
3437 3068 3508 3128 ὼς
3566 3067 3688 3122 οἶόν
3745 3088 3802 3122 τε

419 3165 634 3236 potest,
689 3155 875 3215 adniti
915 3153 1226 3226 debemus,
1256 3158 1319 3211 ut
1373 3151 1567 3230 ipsum
1619 3149 1857 3213 lateant.
1911 3153 2097 3222 Cum(

2183 3143 2453 3217 πουδάζειν
2513 3149 2585 3210 ὡς
2641 3146 2702 3203 ἂν
2774 3148 3098 3208 λανθάνωσιν
3179 3155 3358 3218 αὑτόν,
3420 3157 3683 3233 Λέγοντος
3743 3156 3798 3212 δὲ

416 3254 614 3306 autem
668 3243 953 3304 Deminus
989 3242 1254 3302 diceret:
1315 3241 1445 3299 Non
1505 3248 1595 3301 est
1639 3249 1893 3314 mortua,
1953 3242 2055 3303 sed

2183 3241 2233 3290 οῦ
2285 3237 2472 3313 Κυρίου
2527 3237 2608 3294 ὅτι
2681 3241 2774 3296 οὒκ
2857 3240 3135 3316 ἀπέθανεν,
3194 3242 3332 3299 ἀλλά
3388 3241 3645 3312 καθεύδει,
3708 3247 3796 3301 καὶ

413 3333 657 3414 dormit,
695 3342 750 3394 et
781 3334 914 3392 551
951 3339 1186 3393 vocaret
1214 3337 1464 3390 mortem
1481 3348 1778 3408 somnum,
1807 3348 1876 3391 eo
1899 3333 2056 3410 quod

2183 3332 2227 3379 ὃν
2284 3326 2506 3383 θάνατον
2557 3326 2719 3384 ὕπνον
2793 3328 3106 3405 καλοῦντος,
3154 3329 3285 3388 διότι
3319 3331 3510 3407 ἔμελλε
3553 3335 3650 3400 τὴν
3709 3357 3792 3390 τεο

415 3431 706 3484 mortuam
734 3422 899 3503 quasi
934 3440 1002 3482 ex
1034 3439 1242 3481 somno
1273 3419 1660 3480 suscitaturus
1691 3427 1866 3479 esset:
1902 3421 2055 3482 deri-

2183 3428 2392 3481 mxu'tatv
2480 3417 2773 3485 ἀναστησαι
2844 3419 3023 3497 ὥσπερ
3100 3420 3150 3487 ἐξ
3220 3422 3405 3503 ὕπνου,
3487 3424 3791 3505 κατεγέλων

413 3520 620 3575 serunt
653 3531 786 3573 eum
818 3510 1149 3581 audientes,
1175 3517 1236 3569 ut
1262 3508 1478 3569 iterum
1504 3507 1724 3588 aliquid
1740 3509 2054 3572 accederet

2183 3507 2292 3560 i106
2350 3508 2395 3562 οἱ
2454 3508 2756 3583 ἀκούοντες,
2813 3511 2905 3567 ’ἕνα
2959 3513 3046 3567 καὶ
3104 3511 3304 3586 μᾶλλον
3362 3516 3422 3570 τὸ
3479 3515 3648 3590 θαῦμα
3693 3516 3785 3583 εἴη

412 3601 719 3662 miraculo.
748 3599 824 3664 Ut
850 3601 1004 3661 enim
1033 3607 1233 3679 postea
1253 3598 1455 3658 dicere
1481 3587 1873 3677 nonpossent
1894 3601 2049 3679 quod

2183 3595 2328 3656 ιῦιια,
2391 3587 2522 3654 ’Ἵνα
2581 3600 2680 3678 γὰρ
2732 3601 2807 3674 μὴ
2868 3600 3036 3680 ἔχωσι
3083 3600 3253 3680 λέγειν
3297 3603 3509 3683 ὕστερον
3567 3587 3641 3669 ὧς
3695 3609 3788 3663 οὑκ

410 3709 527 3752 non
561 3693 638 3752 sit
669 3700 920 3764 mortua,
956 3689 1060 3750 sed
1091 3685 1403 3749 dormierit
1435 3704 1448 3748 :
1487 3694 1727 3776 propter
1758 3687 1870 3749 hoc
1907 3708 2048 3768 per-

2183 3685 2414 3759 ιτέθανεν,
2476 3685 2594 3743 ἀλλ’
2655 3689 2914 3766 ὕπνωττε,
2971 3691 3055 3749 διὰ
3101 3700 3252 3749 τοῦτο
3302 3694 3616 3771 ᾠκονόμησε
3649 3698 3785 3776 πρό-

408 3781 569 3843 misit
604 3795 664 3841 ut
689 3779 851 3861 prius
883 3779 1253 3840 deriderelur
1283 3776 1340 3836 in
1373 3794 1442 3836 eo
1466 3776 1622 3856 quod
1647 3775 1895 3851 diceret,
1921 3777 2051 3841 Non

2183 3796 2282 3851 :pov
2337 3775 2820 3859 καταγελασθῆναι,
2870 3779 2924 3835 ἐν
2967 3786 3042 3854 τῷ
3102 3781 3277 3861 λέγειν
3321 3782 3400 3839 ὅτι
3451 3784 3543 3841 οὐκ
3583 3775 3786 3842 ἀπέθα-

408 3880 497 3934 est
522 3880 773 3946 mortua,
810 3869 913 3930 sed
947 3868 1166 3930 dormit
1199 3889 1211 3924 :
1259 3874 1321 3926 ut
1353 3865 1771 3926 obturarentur
1811 3885 1914 3928 ora
1942 3887 2047 3930 vo-

2183 3887 2238 3934 :v,
2305 3863 2440 3920 ἀλλὰ
2491 3866 2745 3943 καθεύδει,
2810 3871 2882 3934 ὡς
2943 3869 3002 3924 ἄν
3072 3871 3380 3952 ἐμφραγῶσι
3439 3874 3504 3928 τὰ
3547 3875 3787 3949 στύματα

406 3962 653 4024 lentium
686 3957 1060 4020 calumniari.
1093 3955 1287 4036 Usque
1317 3956 1464 4017 adeo
1517 3955 1673 4015 enim
1734 3965 1895 4018 certa
1926 3968 2053 4022 erat

2183 3961 2236 4008 ὗν
2289 3953 2549 4012 θελόντων
2611 3961 2986 4037 συκοφαντεῖν,
3049 3969 3308 4017 Τοσοῦτον
3352 3963 3451 4042 γὰρ
3504 3964 3782 4040 ἀπέθανεν,

407 4069 590 4123 mors,
625 4057 690 4110 ut
736 4047 1080 4108 deriderent
1115 4047 1454 4108 dicentem:
1491 4042 1619 4106 Non
1656 4053 1747 4107 est
1789 4058 2043 4114 mortua.

2183 4064 2267 4098 στε
2325 4045 2412 4099 καὶ
2453 4045 2756 4124 κατεγέλων
2802 4051 2959 4106 αὒτοῦ
2987 4047 3235 4128 λέγοντος
3288 4049 3369 4107 ὅτι
3428 4056 3524 4111 οὐκ
3577 4052 3783 4109 ἀπέθα-

404 4139 594 4220 Ejecit
618 4148 812 4198 autem
871 4137 1024 4197 foras
1072 4153 1305 4208 omnes,
1356 4133 1602 4196 fortasse
1663 4134 1884 4198 doccns
1942 4158 2049 4201 nos

2189 4155 2235 4194 ν,
2296 4130 2545 4196 Ἐξέόαλε
2602 4132 2655 4190 δὲ
2711 4135 2808 4201 ἔξω
2879 4138 3107 4209 πάντας,
3164 4140 3308 4220 τάχα
3364 4141 3464 4216 μὲν
3518 4140 3780 4200 παιδεύων

404 4247 609 4292 carere
641 4227 837 4288 inanis
871 4225 1071 4304 gloriae
1102 4225 1323 4298 studio,
1356 4231 1414 4285 et
1462 4223 1607 4284 nihil
1657 4224 1728 4284 ad
1781 4233 2045 4290 ostenta-

2183 4229 2270 4286 ιᾶς
2329 4221 2665 4301 ἀφιλοδόξους
2747 4239 2910 4307 εῖναι,
2973 4231 3060 4284 καὶ
3119 4228 3286 4304 μηδὲν
3344 4232 3472 4308 πρὸς
3533 4230 3776 4299 ἐπίδειξιν

401 4320 621 4381 tionem
655 4318 898 4378 facere:
953 4316 1200 4376 fortasse
1251 4325 1447 4376 autem
1495 4323 1551 4374 et
1592 4313 1814 4375 docens
1862 4317 2042 4395 quod,

2183 4324 2325 4369 κεῖν.
2389 4313 2546 4392 Τάχα
2588 4313 2640 4369 δὲ
2685 4317 2772 4371 καὶ
2818 4315 3099 4390 διδάσκων,
3165 4317 3245 4374 ὅτι
3290 4319 3416 4377 ὅταν
3459 4320 3634 4398 μέλλῃ
3694 4345 3774 4386 τις

402 4411 637 4488 quando
671 4409 802 4488 quis
833 4407 1090 4466 facturus
1142 4415 1232 4466 est
1281 4405 1585 4479 miracula,
1634 4404 1932 4498 ipsenon
1987 4408 2097 4498 inc

2183 4417 2564 4482 ιυματουργεῖν,
2627 4409 2685 4463 οὐ
2727 4404 2781 4460 ἐν
2825 4406 2973 4481 μέσῳ
3002 4407 3215 4464 πολλῶν
3263 4406 3346 4465 δεῖ
3404 4410 3558 4467 αὐτὸν
3603 4411 3774 4492 εἶναι,

400 4497 600 4559 medio
635 4497 979 4566 multorum,
1017 4496 1118 4556 sed
1153 4494 1313 4556 solus
1336 4504 1393 4556 et
1429 4514 1545 4555 non
1580 4494 1894 4573 impeditus
1913 4489 2097 4557 esse—

2183 4489 2247 4544 .)t'
2303 4490 2563 4562 ἰδιάζοντα
2642 4496 2729 4551 καὶ
2787 4497 3198 4575 ἀπερίσπαστον,
3275 4496 3632 4578 Ἐπέστρεψεν
3688 4489 3775 4556 οὖν

400 4587 637 4650 debeat.
674 4585 875 4649 Rediit
923 4585 1108 4665 igitur
1158 4586 1397 4665 spiritus
1442 4584 1671 4665 puellae,
1717 4602 1833 4644 non
1883 4586 2041 4646 enim

2183 4613 2185 4627 ι
2224 4589 2436 4668 πνεῦμα⁴
2475 4588 2573 4650 τῆς
2620 4582 2806 4649 παιδός
2847 4604 2857 4617 ⁸
2898 4587 2956 4641 οὗ
2978 4588 3076 4666 γὰρ
3120 4586 3290 4655 ἄλλην
3326 4590 3511 4668 ψυχὴν
3541 4591 3776 4668 εἰσήνεγ-

397 4678 571 4739 aliam
605 4676 865 4737 animam
911 4675 1162 4749 induxit,
1217 4675 1319 4735 sed
1366 4692 1493 4734 eam
1528 4691 1658 4753 quae
1712 4692 1744 4732 a
1793 4693 2043 4754 corpore

2188 4694 2238 4744 ν,
2294 4668 2412 4726 ἀλλ’
2469 4673 2679 4740 εκείνην
2735 4676 2834 4742 τὴν
2878 4676 2983 4731 ἀπὸ
3012 4680 3105 4734 τοῦ
3152 4679 3399 4753 σώματος
3433 4680 3768 4754 ἀποπτᾶσαν,

398 4769 680 4842 avolarat,
718 4766 929 4827 iterum
963 4767 1019 4826 in
1054 4766 1247 4845 ipsum
1295 4764 1495 4824 redire
1547 4762 1705 4824 fecit.
1762 4764 2044 4845 Prwcepit

2183 4761 2321 4825 τύτην
2379 4759 2596 4828 ἐποίησε
2654 4769 2914 4843 cup-Evoti
3002 4765 3086 4823 ἐπ’
3147 4769 3292 4830 αὑτό.
3369 4767 3650 4834 Διετάξατο
3717 4768 3769 4825 δὲ

393 4867 588 4921 autem
640 4865 702 4917 ut
743 4857 797 4917 ei
855 4855 1052 4916 cibum
1102 4853 1332 4925 darent,
1387 4853 1542 4932 quod
1591 4853 2043 4914 conﬁrmaretur

2183 4855 2256 4924 ,τῇ
2319 4848 2528 4917 δοθῆναι
2598 4865 2816 4931 φαγεῖν,
2882 4857 3013 4934 πρὸς
3069 4855 3327 4912 πίστωσιν
3391 4855 3608 4914 πλείονα
3679 4861 3767 4915 καὶ

393 4949 541 5010 ﬁdes
592 4965 659 5007 ac
709 4946 930 5006 veritas
982 4943 1136 5024 quod
1191 4942 1291 5002 illa
1340 4941 1786 5004 resurrexisset.
1835 4944 2040 5004 Posset

2183 4936 2398 4995 ϐαίωσιν
2446 4947 2537 4996 τοῦ
2593 4941 2802 5009 ἀληθῶς
2887 4945 3048 5012 αὐτὴν
3118 4945 3432 5014 ἀναστῆναι,
3496 4937 3658 5004 ’Ἐστι
3710 4947 3762 5004 δὲ

393 5041 570 5103 etiam
603 5045 659 5098 et
689 5034 775 5096 sic
826 5033 1070 5111 intelligi
1116 5049 1129 5093 :
1188 5030 1544 5109 Sanguinem
1596 5031 1896 5111 proﬂuens
1951 5039 2038 5092 est

2183 5030 2205 5084 Li
2265 5028 2402 5086 οῧτω
2455 5031 2619 5087 ταῦτα
2674 5035 2862 5099 νοῆσαι
2899 5055 2912 5069 °
2961 5033 3236 5114 αἷμόῤῥους
3279 5038 3391 5094 εστὶ
3439 5044 3581 5094 πᾶσα
3611 5040 3765 5119 ψυχὴ

390 5129 585 5190 omnis
625 5124 821 5185 anima
871 5122 1201 5184 scaturiens
1247 5129 1558 5183 cruentum
1621 5128 1921 5199 peccatum
1981 5130 2037 5181 et

2183 5120 2377 5190 ﬁgens:
2444 5123 2531 5177 καὶ
2602 5123 2910 5201 πηγάζουσα
2979 5125 3082 5193 τὴν
3161 5124 3435 5200 αἱματώδη
3507 5129 3762 5208 ἁμαρτίαν

390 5215 858 5297 sanguinarium.
914 5211 1105 5275 Omne
1165 5212 1324 5273 enim
1380 5220 1686 5292 peccatum
1741 5210 2037 5272 homicida

2183 5210 2206 5265 Li
2276 5213 2520 5290 φονικήν.
2619 5218 2768 5270 Πᾶσα
2826 5215 2923 5293 γὰρ
2984 5215 3210 5293 ἁμαρτία
3285 5218 3466 5295 φονεύς
3510 5217 3619 5276 ἐστι
3673 5220 3764 5276 καὶ

389 5317 501 5389 est,
535 5315 592 5368 et
646 5305 877 5366 occisor
932 5303 1166 5364 animae.
1231 5302 1304 5362 At
1362 5301 1412 5361 si
1468 5300 1665 5361 anima
1721 5299 2036 5378 contigerit

2183 5300 2348 5377 ναγεὺς
2406 5305 2505 5368 τῆς
2554 5303 2765 5380 ψυχῆς.
2812 5302 2956 5371 Αὕτη
2991 5307 3078 5360 οὗν
3107 5305 3140 5372 ἡ
3173 5307 3352 5385 ψυχὴ,
3385 5306 3635 5382 ἁψαμένη
3657 5315 3763 5364 τῶν

383 5388 633 5470 vestem,
670 5395 782 5456 hoc
815 5401 903 5455 est
935 5392 1403 5454 incarnationem
1436 5390 1598 5466 .lesu,
1634 5389 2037 5450 etcrediderit

2183 5388 2339 5445 ατίων
2395 5398 2486 5448 τοῦ
2531 5389 2729 5471 Ἰησοῦ,
2790 5392 3026 5450 τουτέστι
3069 5397 3168 5462 τῆς
3212 5394 3528 5473 σαρκώσεως
3581 5401 3759 5472 αὐτοῦ,

385 5487 540 5570 quod
571 5487 909 5546 incarnatus
959 5483 1032 5542 sit
1063 5483 1243 5570 Filius
1271 5480 1396 5553 Dei,
1442 5478 1904 5541 sanctiﬁcabitur
1963 5481 2035 5542 Et

2187 5479 2203 5534 ὶ
2258 5483 2578 5538 πιστεύσασα
2634 5481 2712 5538 ὅτι
2771 5484 3097 5562 σεσάρκωται
3164 5488 3190 5539 ὁ
3269 5488 3384 5549 Υἱὸς
3462 5496 3551 5543 τοῦ
3608 5497 3761 5556 Θεοῦ,

381 5569 432 5641 si
464 5577 597 5659 quis
627 5577 805 5637 fuerit
839 5572 1122 5653 princeps
1168 5569 1508 5649 Synagogaa,
1558 5570 1670 5629 hcc
1721 5577 1830 5650 est,
1865 5587 2033 5630 mens

2184 5570 2402 5640 ιάζεται,
2472 5571 2577 5628 Κᾶν
2620 5573 3059 5652 ἀρχισυνάγωγος
3104 5574 3156 5628 δέ
3212 5595 3292 5635 τις
3354 5575 3470 5648 sin,
3528 5578 3758 5634 τουτέστι
