4116 6212
453 347 569 410 815

1417 351 2012 420 THEOPHYLACTI
2053 351 2468 420 BULGARLE
2511 357 2867 425 ARCHIEP.

3721 364 3851 428 816

453 483 758 546 diceretur
789 503 822 546 a
859 485 1212 566 quibusdam
1249 489 1404 569 quod
1456 491 1715 553 Joannes
1755 490 2100 552 surrexisset

2191 510 2348 546 τινων
2405 493 2484 550 ὅτι
2530 492 2779 564 Ἰωάννης
2824 496 3098 577 ἐγήγερται
3152 497 3212 554 ἐκ
3265 503 3487 577 νεκρῶν,
3523 499 3624 555 ὑπό
3683 521 3854 556 τινων

452 574 814 662 a_mortuis:a
836 575 1191 655 quibusdam
1216 597 1355 640 vero
1373 581 1531 660 quod
1556 579 1713 642 Elias
1736 580 2107 662 apparuisset

454 660 526 724 ab
557 664 690 724 aliis
717 673 914 726 autem
946 666 1102 745 quod
1131 668 1724 750 prophetaquispiam
1759 660 1827 733 ex
1848 669 2106 750 antiquis

452 755 859 817 surrrexisset.
895 752 963 816 Et
993 755 1074 816 ait
1102 755 1368 818 Herodes
1395 779 1408 820 :
1446 760 1731 820 Joannem
1761 778 1867 838 ego
1895 759 2101 822 decol-

451 841 566 905 lavi
601 866 614 907 :
649 845 784 925 quis
813 853 1011 907 autem
1063 845 1174 908 iste
1207 846 1281 907 de
1312 867 1430 928 quo
1462 867 1570 926 ego
1606 849 1740 912 talia
1768 850 1943 912 audio
1965 853 1992 909 ?
2036 849 2105 910 Et

450 933 759 1012 quazrebat
787 933 990 997 videre
1022 954 1180 998 eum.
1222 961 1244 993 υ
1282 935 1390 999 Hic
1441 938 1713 1000 Herodes
1745 957 1958 1019 parvus
1995 937 2103 999 fuit

450 1021 609 1084 filius
631 1024 831 1103 Magni
854 1025 955 1105 qui
981 1045 1197 1106 pueros
1218 1026 1545 1090 occiderat.
1572 1027 1716 1089 Nam
1744 1027 2097 1109 illequidem

446 1130 554 1173 rex
579 1113 814 1187 fuit,hic
836 1123 1034 1175 autem
1060 1116 1377 1177 tetrarcha.
1406 1115 1719 1180 Dubitabat
1753 1119 1826 1179 de
1863 1116 2097 1180 Christo

448 1201 582 1282 quis
604 1212 782 1267 esset.
810 1203 1101 1266 Joannem
1130 1206 1616 1287 quidem,inquit,
1641 1227 1751 1288 ego
1786 1207 2093 1269 decollavi:

447 1303 508 1356 et
541 1293 588 1355 si
613 1293 856 1375 quidem
876 1293 1138 1357 Joannes
1166 1296 1450 1356 excitatus
1470 1305 1558 1357 est
1579 1316 1648 1358 ex
1676 1296 1947 1371 mortuis,
1974 1317 2097 1359 om-

2188 577 2266 659 δὲ,
2317 579 2402 638 ὅτι
2461 582 2649 648 Ἠλίας
2693 585 2888 665 ἐφάνη,
2940 585 3120 642 Ἀλλω
3176 585 3255 667 δὲ,
3307 586 3383 642 ὅτι
3427 590 3712 666 προφήτης
3757 590 3851 652 εἷς

2186 676 2292 725 τῶν
2327 672 2564 752 ἀρχαίων
2595 674 2812 742 ἀνέστη.
2848 673 2953 736 Καὶ
2985 679 3139 733 εἶπεν
3185 678 3212 732 6
3262 667 3552 754 Ἡρώδης·
3589 676 3854 744 Ἰωαννην

2188 758 2293 838 ἐγὼ
2346 761 2709 841 ἀπεκεφάλισα
2748 782 2760 794 ·
2817 766 2895 828 τίς
2940 764 2994 821 δέ
3037 768 3182 821 εστιν
3226 767 3404 838 οὗτος,
3450 769 3568 844 περὶ
3616 767 3676 822 οὗ
3734 765 3854 844 ἐγὼ

2187 849 2361 932 ἀκούω
2403 858 2674 932 τοιαῦτα,
2737 856 2835 911 Καὶ
2885 853 3060 924 ἐζήτει
3113 851 3245 909 ἰδεῖν
3298 853 3478 916 αῦτόν,
3517 878 3538 911 ε
3603 858 3764 918 οὗτος
3817 857 3846 909 6

2190 929 2426 1017 Ἠρώδης
2484 943 2512 996 6
2555 929 2742 1021 μικρὸς
2801 948 2892 1022 ἦν,
2956 946 2982 999 ὁ
3038 945 3148 1005 υἱὸς
3198 952 3290 1002 τοῦ
3337 942 3568 1021 μεγάλου
3602 937 3845 1023 Ἠρώὸςνυ

2181 1036 2274 1085 τοῦ
2341 1031 2399 1085 εά
2454 1030 2622 1110 βρέφη
2667 1032 3101 1098 ἀποκτείναντος,
3163 1033 3406 1096 Ἐκεϊιος
3458 1033 3554 1108 μὲν
3585 1035 3686 1113 γὰρ
3727 1036 3840 1110 βα-

2180 1117 2356 1183 σιλεὺς
2408 1119 2497 1200 ἧν,
2568 1120 2716 1184 οὗτος
2771 1120 2824 1176 δὲ
2881 1123 3180 1201 τετράρχης
3216 1139 3230 1153 ⁸
3293 1119 3533 1199 διηπόρει
3591 1119 3643 1177 δὲ
3717 1130 3844 1197 περὶ

2183 1206 2379 1286 Ἰησοῦ,
2438 1211 2516 1274 τίς
2572 1209 2635 1266 ἅν
2680 1210 2797 1278 εἴη.
2865 1209 3118 1277 Ἰωάννην
3189 1210 3284 1285 μὲν
3327 1211 3451 1289 γὰρ,
3497 1213 3677 1290 φησὶν,
3727 1212 3846 1290 ἐγὼ

2181 1297 2568 1379 ἀπεκεφάλισα,
2601 1301 2688 1356 καὶ
2733 1301 2886 1376 εἴπερ
2929 1304 2956 1357 6
3000 1300 3251 1367 Ἰωάννης
3305 1299 3443 1356 ἐστὶν
3499 1302 3724 1381 ἐγερθεὶς
3776 1303 3844 1358 ἐκ

445 1384 587 1445 nino
610 1383 798 1444 visum
826 1383 989 1444 illum
1010 1402 1354 1463 agnoscam.
1382 1385 1692 1457 Quaerebat
1713 1388 1870 1448 enim
1895 1387 2097 1450 videre

2184 1394 2402 1468 vsxpd'u,
2463 1389 2673 1452 πάντως
2722 1387 2845 1444 ἰδὼν
2919 1390 3073 1446 αὐτόν
3127 1391 3388 1468 γνωρίσω.
3449 1389 3657 1461 Ἐζήτει
3734 1395 3844 1471 γὰρ

446 1472 768 1535 eum.Vide
800 1480 994 1534 autem
1029 1473 1188 1554 quod
1209 1472 1442 1537 Hebraei
1473 1489 1740 1537 errantes
1764 1475 2094 1557 opinaban-

2184 1473 2308 1532 ἰδεῖν
2366 1478 2544 1540 αὐτόν,
2579 1468 2724 1558 ιὈρα
2758 1476 2810 1534 δὲ
2842 1478 2922 1534 ὅτι
2957 1481 3004 1536 οἱ
3037 1475 3276 1556 Ἑϐραῖοι
3322 1475 3559 1550 ἐδόξαζον
3593 1468 3840 1537 ἀνάσταζ

444 1563 1106 1646 turdesurrectionem
1167 1572 1534 1626 mortuorum
1597 1567 1654 1625 in
1716 1565 1941 1627 carnali
1979 1566 2096 1627 vita

2184 1586 2258 1619 σιν
2315 1569 2513 1645 νεκρῶν
2574 1565 2629 1621 ἐν
2713 1574 2826 1644 ζωῃ
2879 1566 3128 1646 σαρκικῇ,
3193 1569 3281 1623 καὶ
3337 1566 3391 1622 ἐν
3449 1568 3687 1646 βρώμασι
3742 1571 3838 1626 καὶ

438 1643 722 1733 fit—uram,
755 1662 935 1732 atque
967 1652 1025 1713 in
1061 1651 1195 1713 cibo
1227 1662 1284 1713 et
1312 1662 1452 1734 potu
1487 1672 1499 1716 :
1534 1655 1900 1730 resurrectio
1933 1655 2092 1717 enim

2184 1643 2421 1734 πόμασι,
2460 1662 2638 1719 κακῶς
2696 1643 3023 1726 δοξάζοντες,
3106 1649 3166 1711 Ἠ
3225 1658 3324 1734 γὰρ
3393 1643 3676 1722 ἀνάστασις
3734 1659 3835 1714 οῦκ

441 1761 558 1803 non
592 1742 653 1802 in
686 1740 820 1803 cibo
851 1741 942 1804 vel
975 1749 1119 1821 potu
1151 1741 1242 1803 vel
1281 1743 1507 1805 carnali
1538 1744 1656 1805 vita
1686 1745 1824 1826 erit,
1858 1744 1961 1808 sed
1985 1744 2086 1826 qui

2184 1741 2229 1798 ἒν
2272 1745 2464 1822 βρώσει
2509 1746 2596 1800 καὶ
2639 1745 2817 1819 πόσει,
2858 1745 3031 1820 ’ἀζωῇ
3076 1750 3328 1826 σαρκικῇ,
3358 1744 3478 1802 ἀλλ’
3528 1749 3601 1812 ὡς
3654 1746 3834 1826 ἔγγε-

438 1839 778 1912 resurgunt,
815 1831 970 1892 sicut
991 1831 1182 1909 angeli
1219 1832 1324 1894 Dei
1354 1843 1683 1895 versantur.

2184 1835 2252 1888 Ιιοι
2285 1841 2439 1915 Θεοῦ,
2471 1833 2608 1890 οὕτω
2636 1832 2923 1913 διάγουσιν.

515 1924 699 1985 Vsus.
731 1921 937 1985 10-17.
953 1920 1056 1982 «Et
1080 1921 1305 1983 reversi
1327 1922 1579 2003 apostoli
1597 1932 1984 1985 narraverunt
2002 1924 2085 1987 illi

2255 1947 2282 1978 α
2319 1926 2414 1982 Καὶ
2470 1924 2894 2003 ὑποστρέψαντες
2971 1927 3019 1980 οἱ
3099 1923 3413 1998 ἀπόστολοι,
3493 1923 3828 2003 διηγήσαντο

435 2030 807 2091 quaecunque
839 2011 1125 2073 fecerant.
1180 2011 1254 2072 Et
1306 2014 1624 2094 assumptis
1671 2013 1790 2075 illis
1842 2015 2087 2077 secessit

2184 2015 2310 2089 εῦτῷ
2352 2014 2450 2070 ὅσα
2493 2013 2775 2081 ἐποίησαν,
2836 2012 2940 2073 Καὶ
2996 2012 3317 2092 παραλαϐὼν
3352 2015 3564 2088 αὐτοὺς,
3599 2016 3830 2096 ὑπεχώ-

434 2119 702 2161 seorsum
736 2101 796 2161 in
831 2099 1025 2161 locum
1058 2099 1361 2162 desertum
1398 2101 1647 2164 civitatis
1677 2121 1809 2183 qna;
1846 2114 2086 2168 vocatur

2184 2127 2297 2171 >ησε
2326 2105 2445 2161 κατ’
2484 2103 2614 2162 ἰδίαν
2672 2106 2741 2169 εἷς
2785 2105 2948 2161 τόπον
2995 2104 3192 2183 ἔρημον
3225 2103 3437 2170 πόλεως
3490 2104 3834 2180 καλουμένης

433 2189 772 2253 Bethsaida.
804 2188 973 2261 Quod
1005 2207 1141 2249 cum
1173 2191 1592 2268 cognovissent
1622 2191 1830 2274 turbae,
1869 2204 2086 2256 secutas

2184 2193 2462 2262 Βηθσαϊδὰ,
2527 2196 2587 2252 Οἱ
2645 2192 2699 2249 δὲ
2744 2192 2902 2273 ὄχλοι
2946 2195 3183 2271 γνόντες,
3236 2193 3602 2261 ἠκολούθησαν
3651 2197 3833 2271 αὐτῷ,

433 2287 569 2340 sunt
599 2278 789 2352 illum,
826 2285 886 2339 et
915 2279 1149 2357 excepit
1198 2296 1323 2352 eos,
1373 2288 1431 2341 et
1479 2280 1835 2360 loquebatur
1863 2283 1980 2344 illis
2009 2285 2083 2346 de

2184 2287 2265 2341 ἰαὶ
2315 2281 2594 2360 δεξάμενος
2645 2283 2858 2357 αὖτοὺς,
2919 2282 3095 2339 ἐλάλει
3152 2285 3335 2348 αὐτοῖς
3371 2286 3618 2354 περὶτῆς
3661 2286 3828 2361 βασι-

431 2385 616 2444 regno
649 2366 778 2438 Dei,
812 2375 871 2429 et
901 2385 1004 2427 eos
1026 2366 1127 2445 qui
1159 2368 1470 2429 curatione
1499 2369 1867 2453 indigebant,
1902 2392 2078 2434 sana—

2184 2373 2309 2436 leatc
2378 2382 2472 2431 106
2524 2381 2654 2430 Θεοῦ
2689 2390 2702 2403 ⁸
2760 2374 2848 2429 καὶ
2899 2373 3022 2436 τοὺς
3067 2373 3254 2451 χρείαν
3283 2373 3512 2452 ἔχοντας
3541 2376 3823 2453 θεραπείας

429 2456 548 2521 bat.
582 2455 722 2518 Dies
751 2465 947 2518 autem
981 2465 1240 2531 coeperat
1271 2457 1600 2540 declinare,
1637 2469 1693 2521 et
1724 2452 2080 2525 accedentes

2184 2467 2297 2523 ἇτο,
2364 2452 2426 2518 Ἠ
2470 2460 2523 2517 δὲ
2560 2463 2733 2540 ἡμέρα
2792 2458 2985 2539 ἤρξατο
3034 2459 3227 2518 κλίνειν
3264 2479 3278 2496 ⁸
3332 2452 3710 2539 προσελθόντες
3761 2463 3816 2519 δὲ

427 2546 744 2608 duodecim
773 2546 1056 2608 dixerunt
1081 2545 1164 2607 illi
1199 2567 1213 2606 :
1253 2547 1489 2610 Dimitte
1523 2548 1746 2630 turbas,
1781 2560 1843 2611 ut
1865 2561 2079 2614 euntes

2184 2555 2208 2607 υἱ
2267 2549 2489 2632 δώδεκα,
2527 2552 2684 2608 εἶπον
2740 2551 2882 2624 αύτῷ
2916 2570 2929 2585 ⁸
2973 2548 3270 2608 Ἀπόλυσον
3314 2554 3434 2617 τοὺς
3464 2549 3683 2632 ὄχλους,
3721 2553 3812 2610 ἵνα

426 2636 487 2697 in
518 2637 761 2698 castella
792 2635 1080 2717 villasque
1113 2636 1335 2698 vicinas
1367 2636 1683 2714 divertant,
1718 2641 1858 2700 555
1888 2648 1946 2702 et
1976 2641 2073 2702 in-

2184 2640 2472 2706 επελθόντες
2530 2642 2601 2705 εἰς
2646 2640 2738 2703 τὰς
2795 2637 2974 2712 κύκλῳ
3023 2640 3211 2716 κώμας
3269 2643 3357 2696 καὶ
3411 2642 3530 2706 τοὺς
3587 2641 3800 2719 ἀγροὺς,

425 2727 659 2788 veniant
689 2744 874 2800 escas,
911 2725 1052 2807 quia
1080 2725 1177 2787 hic
1209 2726 1269 2787 in
1301 2726 1432 2788 loco
1457 2728 1692 2790 deserto
1724 2747 1951 2793 sumus.
1980 2733 2074 2793 Ait

2184 2729 2518 2811 ιαταλύσωσι,
2607 2730 2695 2786 καὶ
2752 2729 2971 2808 εὕρωσιν
3028 2729 3384 2805 ἐπισιτισμὸν,
3449 2729 3528 2786 ὅτι
3591 2729 3692 2787 ὦδε
3753 2732 3805 2790 ἓν

421 2824 619 2878 autem
653 2818 725 2878 ad
759 2816 892 2878 illos
927 2838 939 2875 :
991 2814 1108 2878 Ves
1137 2817 1271 2877 date
1302 2815 1421 2878 illis
1453 2818 1837 2881 manducare.
1872 2821 1948 2880 At
1986 2820 2073 2882 illi

2185 2821 2341 2898 ρήμῳ
2369 2820 2518 2894 τόπῳ
2551 2819 2732 2894 ἐσμέν.
2768 2819 2906 2875 Εἴπε
2932 2816 2986 2872 δὲ
3018 2820 3147 2898 πρὸς
3194 2820 3379 2883 αὐτούς
3415 2837 3429 2851 ⁸
3465 2821 3593 2876 Δότε
3626 2824 3806 2884 αὐτοῖς

420 2905 707 2968 dixerunt
746 2927 758 2968 :
812 2907 940 2968 Non
989 2913 1128 2967 sunt
1176 2905 1349 2967 nobis
1395 2906 1528 2986 plus
1579 2926 1754 2988 quam
1807 2908 2072 2991 quinque

2188 2924 2312 2985 μεῖς
2356 2922 2572 2990 φαγεῖν,
2619 2911 2679 2967 Οἱ
2724 2907 2778 2965 δὲ
2824 2909 2982 2964 εἷπον
3018 2926 3032 2941 ·
3069 2911 3177 2966 Οὐκ
3206 2909 3332 2963 εἰσὶν
3377 2910 3513 2984 ἡμῖν
3543 2907 3731 2965 πλεῖον
3775 2912 3809 2977 ἢ

418 3014 625 3076 panes,
662 3005 718 3058 et
750 2997 867 3058 duo
899 2995 1116 3076 pisces,
1151 2995 1266 3056 nisi
1309 3015 1417 3057 nos
1463 3015 1670 3065 eamus
1714 3007 1772 3059 et
1801 3017 2100 3069 emamusi

2184 3000 2310 3057 τέντε
2379 2999 2526 3079 ἄρτοι
2583 3001 2672 3054 καὶ
2751 2998 2931 3078 ἰχθύες
3005 2996 3116 3073 δύο,
3179 2998 3222 3053 εἰ
3281 2999 3411 3072 μήτι
3470 2999 3809 3076 πορευθέντες

415 3085 478 3145 in
509 3104 751 3146 omnem
784 3086 939 3147 hunc
971 3084 1256 3166 populum
1284 3104 1474 3149 escas.
1508 3085 1687 3147 Erant
1717 3095 1914 3149 autem
1948 3089 2073 3152 fere

2184 3089 2726 3168 percutit-(opiawpsv
2771 3089 2843 3151 εἰς
2901 3087 3074 3147 πάντα
3131 3087 3222 3142 τὸν
3267 3084 3396 3143 λαὸν
3427 3094 3610 3144 τοῦτον
3661 3089 3808 3167 βρώ-

418 3173 736 3253 quinquies
769 3165 1102 3236 mille.’Ait
1143 3187 1338 3235 autem
1385 3175 1457 3236 ad
1507 3175 1832 3256 discipulos
1876 3196 2016 3240 suos
2051 3199 2064 3240 :

2184 3200 2319 3240 ματα,
2352 3165 2518 3233 Ἠσαν
2565 3177 2665 3255 γὰρ
2721 3176 2850 3230 ὡσεὶ
2899 3172 3081 3254 ἄνδρες
3137 3173 3599 3254 παντακισχίλιοι.
3663 3165 3803 3233 εἷπε

417 3263 617 3325 Facite
639 3263 774 3325 illos
805 3262 1184 3325 discumbere
1207 3263 1264 3324 in
1300 3265 1537 3344 singulo
1569 3265 1870 3328 discubitu
1900 3268 2070 3348 quin-

2184 3267 2205 3321 ὲ
2263 3267 2394 3346 πρὸς
2453 3265 2574 3328 τοὺς
2633 3264 2874 3336 μαθητὰς
2932 3265 3089 3320 αὐτοῦ
3121 3283 3137 3301 θ
3203 3262 3566 3320 Κατακλίνατε
3614 3267 3802 3330 αὐτοὺς

412 3375 714 3437 quagenos
749 3378 760 3419 :
797 3365 976 3436 atque
1005 3355 1083 3416 ita
1115 3356 1406 3434 fecerunt,
1451 3364 1510 3419 et
1556 3358 1827 3420 fecerunt
1857 3379 2067 3423 omnes

2184 3354 2354 3422 λισίας
2415 3355 2513 3411 ἀνά
2582 3354 2937 3424 πεντήκοντα.
2999 3353 3104 3411 Καὶ
3173 3352 3430 3419 ἐποίησαν
3487 3352 3647 3434 οὕτω,
3713 3358 3802 3412 καὶ

411 3445 815 3508 discumbere.
852 3447 1128 3527 Acceptis
1171 3447 1367 3528 itaque
1407 3448 1672 3529 quinque
1701 3447 1975 3529 panibus,
2009 3459 2065 3512 et

2184 3444 2423 3502 νέκλιναν
2453 3442 2714 3507 ἅπαντας.
2773 3440 2961 3499 Λαϐὼν
3020 3439 3074 3498 δὲ
3129 3442 3249 3506 τοὺς
3280 3441 3437 3498 πέντε
3468 3441 3655 3519 ἄρτους
3711 3446 3799 3500 καὶ

408 3536 644 3597 duobus
679 3535 961 3616 piscibus.
997 3534 1243 3598 sublatis
1273 3536 1332 3598 in
1377 3537 1590 3599 cmlum
1625 3536 1833 3618 oculis,
1867 3537 2058 3600 bene-

2184 3535 2264 3600 οὺς
2324 3532 2412 3591 δύο
2471 3534 2682 3614 ἰχθύας,
2740 3529 3040 3608 ἀναϐλέψας
3087 3532 3161 3597 εἰς
3209 3532 3300 3587 τὸν
3330 3533 3571 3610 οὐρανὸν,
3632 3532 3794 3590 εὐλό-

409 3626 556 3688 dixit
611 3627 749 3703 illis,
784 3633 841 3687 et
900 3625 1097 3705 fregit,
1150 3625 1571 3706 distribuitque
1629 3625 1936 3707 discipulis
1996 3641 2060 3688 ut

2184 3647 2307 3693 ησεν
2363 3628 2570 3698 αὐτούς,
2631 3623 2720 3679 καὶ
2773 3620 3094 3698 κατέκλασε,
3147 3623 3234 3678 καὶ
3264 3619 3426 3678 ἐδίδου
3455 3623 3574 3687 τοῖς
3609 3627 3792 3699 μαθη-

405 3723 777 3796 apponerent
809 3714 1014 3778 turbae.
1043 3714 1111 3777 Et
1133 3715 1523 3778 comederunt
1553 3734 1786 3796 omnes,
1819 3723 1878 3777 et
1907 3725 2048 3778 satu-

2184 3728 2262 3776 ατς
2321 3711 2659 3792 παρατιθέναι
2714 3717 2792 3786 τῷ
2821 3709 2996 3791 ὄχλῳ,
3042 3712 3132 3768 καὶ
3175 3708 3392 3790 ἔφαγον,
3437 3714 3527 3768 καὶ
3556 3710 3791 3792 ἒχορτά-

405 3809 515 3867 rati
544 3815 704 3868 sunt.
740 3804 813 3866 Et
860 3805 1158 3866 sublatum
1215 3813 1306 3865 est
1353 3804 1509 3886 quod
1572 3805 1866 3884 superfuit
1914 3805 2054 3888 illis,

2184 3807 2339 3871 θησαν
2398 3804 2615 3878 πάντες,
2681 3801 2769 3857 καὶ
2839 3800 2972 3881 ἤρθη
3046 3803 3107 3857 16
3180 3807 3526 3880 περισσεῦσαν
3581 3802 3789 3878 αὐτοῖς,

405 3896 873 3974 fragmentorum
910 3895 1150 3974 cophini
1180 3893 1518 3955 duodecim.
1557 3915 1585 3953 ›
1641 3896 1706 3956 ln
1753 3894 2055 3956 desertum

2184 3893 2460 3970 λασμάτων
2545 3892 2749 3973 κόφινοι
2807 3888 3031 3950 δώδεκα.
3095 3915 3123 3946 ε
3203 3892 3291 3954 Εἰς
3363 3889 3560 3970 ἔρημον
3630 3894 3796 3950 τόπον

406 3986 600 4046 locum
635 3984 758 4046 abit
790 3985 985 4059 .lesus,
1019 3983 1300 4064 quoniam
1335 3981 1686 4045 miraculum
1726 4002 1940 4064 panum
1973 3984 2055 4045 ibi

2184 4003 2345 4038 πεισιν
2403 3983 2429 4037 6
2489 3978 2717 4057 Ἰησοῦς,
2770 3977 2952 4047 ἐπειδὴ
3010 3979 3071 4035 τὰ
3127 3984 3230 4036 τῶν
3292 3978 3461 4058 ἄρτων
3492 3984 3666 4056 θαῦμα
3696 4003 3792 4038 τε-

405 4076 667 4137 facturus
691 4082 834 4148 erat,
873 4081 935 4134 ut
980 4093 1054 4135 ne
1102 4073 1233 4154 quis
1267 4072 1473 4134 dieere
1525 4073 1732 4151 possit,
1775 4073 2054 4154 quoniam

2184 4071 2288 4127 ἑσαι
2347 4068 2536 4147 ἔμελλε
2551 4093 2590 4144 δ,
2623 4069 2714 4125 ἵνα
2768 4070 2846 4143 μὴ
2897 4068 3019 4148 ἔχοι
3051 4091 3132 4132 τις
3163 4067 3360 4148 λέγειν,
3396 4068 3476 4126 ὅτι
3509 4070 3663 4150 ἐγγὺς
3693 4072 3790 4129 06-

404 4185 590 4246 prope
645 4165 824 4226 fuerit
875 4164 1087 4225 civitas
1147 4163 1305 4224 unde
1362 4181 1545 4241 panes
1602 4162 1788 4225 allati.
1848 4163 2058 4227 Docuit

2184 4185 2238 4228 ης
2269 4159 2500 4230 πόλεως,
2540 4159 2741 4216 ἐκεῖθεν
2784 4156 2930 4239 ἄρτοι
2971 4159 3300 4237 ἠνέχθησαν.
3359 4157 3651 4235 Δεξάμενος
3698 4163 3788 4218 οὗν

400 4245 597 4316 ἐιιηοηι
633 4255 836 4316 turbas
868 4263 926 4316 et
954 4254 1180 4315 sanavit
1215 4273 1228 4317 :
1278 4261 1340 4314 ut
1391 4264 1450 4316 tu
1498 4253 1693 4315 discas
1724 4255 1878 4335 quod
1913 4254 2051 4335 phi-
2079 4331 2100 4335 _

2184 4253 2258 4314 26¢
2314 4249 2536 4330 ὄχλους,
2589 4245 2827 4304 εδιδασκέ
2874 4269 2930 4303 τε
2959 4251 3048 4304 καὶ
3079 4248 3410 4328 ἐθεράπευεν,
3444 4248 3536 4304 ἵνα
3565 4251 3626 4306 σὺ
3671 4253 3785 4322 μά..

402 4345 675 4425 losophia
705 4346 912 4406 ‘nostra
957 4343 1134 4406 verbo
1166 4353 1223 4406 et
1253 4361 1434 4425 opere
1465 4351 1718 4412 constet.
1742 4331 1818 4404 vet
1861 4331 2100 4425 nequet

2184 4363 2253 4415 λς,
2315 4339 2395 4396 ὅτι
2445 4341 2479 4408 ἡ
2525 4335 2640 4395 καθ’
2688 4340 2832 4412 ἡμᾶς
2903 4336 3184 4418 φιλοσοφία
3242 4336 3388 4417 λόγῳ
3443 4340 3530 4395 καὶ
3599 4339 3782 4418 πράξει

403 4424 660 4496 dicenda
689 4433 808 4494 sint
837 4451 970 4513 quae
999 4433 1195 4494 facere
1222 4424 1339 4494 non
1373 4433 1530 4507 licet,
1559 4451 1754 4513 neque
1783 4424 2051 4495 facienda

2184 4432 2423 4510 ερίζεται,
2470 4429 2557 4484 καὶ
2601 4426 2719 4483 οὕτε
2777 4425 2861 4483 δεῖ
2913 4425 3086 4506 λέγειν
3136 4424 3403 4509 ἄπρακτα,
3434 4427 3552 4486 οὕτε
3603 4431 3780 4507 πράτ-

401 4543 534 4605 ᾳυω
566 4524 729 4585 dictu
761 4523 1045 4585 absurda.
1080 4521 1406 4584 Inclinante
1430 4533 1631 4585 autem
1658 4522 1758 4584 die
1775 4522 2050 4605 discipuli

2184 4543 2240 4576 μιν
2285 4518 2475 4598 ἄλογα.
2537 4516 2837 4605 Κλινοῦσης
2882 4514 2936 4572 δὲ
3005 4518 3101 4583 τῆς
3166 4516 3393 4597 ἡμέρας,
3444 4521 3490 4574 οἱ
3548 4522 3780 4594 μαθηταὶ

402 4604 760 4694 incipientes
786 4613 916 4675 fieri
947 4613 1331 4674 humaniores
1356 4621 1412 4674 et
1442 4611 1851 4688 ofﬁciosiores,
1879 4604 2054 4675 mise-

2184 4608 2622 4688 ,λανθρωπότερον
2670 4604 2774 4673 ἤδη
2819 4605 3097 4694 ἀρξάμενοι
3147 4605 3301 4686 ἔχειν
3345 4609 3431 4664 καὶ
3488 4630 3778 4683 ποιμαντι-

398 4693 612 4766 rentur
658 4702 870 4784 turbis,
904 4711 963 4765 et
1005 4702 1212 4764 dicunt
1247 4725 1259 4761 :
1315 4702 1556 4764 Dimitte
1598 4720 1723 4775 eas,
1777 4702 1887 4763 hoc
1932 4710 2044 4782 est,

2184 4700 2390 4778 ὂτερον,
2438 4695 2714 4754 κατελοῦσι
2757 4696 2878 4759 τοὺς
2923 4693 3144 4775 ὄχλους,
3190 4697 3280 4752 καί
3336 4719 3494 4775 φασιν
3532 4716 3544 4731 ·
3607 4696 3779 4754 Ἀπό-

397 4813 535 4856 sana
567 4794 737 4855 citius
769 4783 1146 4854 infirmitates
1190 4792 1454 4866 illorum,
1510 4792 1692 4872 imple
1735 4791 2050 4871 petitiones

2184 4812 2290 4847 »σον
2348 4788 2558 4867 αὖτοὺς,
2643 4783 2904 4864 τουτέστι,
2987 4785 3304 4864 θεράπευσον
3357 4787 3453 4849 τάς
3511 4786 3779 4852 ἀσθενείας

2236 4885 2259 4888 μ
2392 4879 2401 4888 ι
2620 4873 2685 4888 ...ἢ
2722 4877 2732 4888 ι
2997 4875 3008 4888 \
3132 4877 3146 4888 ι
3204 4877 3214 4888 ι
3417 4875 3431 4888 α
3488 4883 3510 4888 .-
3608 4867 3647 4888 ι.
3727 4875 3768 4888 ιι

395 4882 654 4945 illorum.
714 4881 1003 4946 Dominus
1043 4894 1240 4943 autem
1291 4880 1362 4942 ad
1408 4879 1732 4961 discipulos
1785 4879 1992 4942 dicens
2031 4903 2043 4943 :

2184 4885 2300 4936 ιτῶν
2341 4879 2557 4957 τάχιον.
2619 4873 2908 4951 Πλήρωσον
2958 4875 3052 4938 τὰς
3097 4877 3332 4946 αἰτήσεις
3378 4875 3573 4936 αῦτῶν.
3608 4873 3666 4934 Ὀ
3723 4875 3776 4932 δὲ

391 4972 534 5035 Date
564 4973 682 5035 illis
718 4991 817 5035 vos
847 4971 1004 5053 quod
1057 4972 1257 5042 edant,
1293 4989 1411 5035 non
1466 4970 1745 5050 ignorans
1776 4969 2044 5051 discipu-

2184 4971 2316 5050 Sptoc
2349 4969 2476 5047 πρὸς
2506 4967 2628 5030 τοὺς
2678 4965 2917 5040 μαθητὰς
2969 4963 3142 5044 λέγων
3175 4983 3188 4998 ·
3244 4967 3374 5022 Δότε
3405 4965 3586 5030 αὐτοῖς
3616 4967 3772 5041 ὑμεῖς

390 5061 588 5124 lorum
633 5062 892 5143 inopiam
938 5063 1052 5124 hoc
1098 5060 1261 5141 dicit,
1309 5061 1411 5122 sed
1465 5059 1713 5123 incitare
1751 5059 1954 5122 volens
1983 5070 2046 5122 ut

2184 5073 2344 5139 ιγεῖν,
2409 5058 2512 5137 οῦχ
2555 5058 2628 5119 ὡς
2685 5055 2890 5133 ἀγνοῶν
2945 5055 3045 5122 τὴν
3100 5054 3324 5134 ἀπορίαν
3353 5058 3559 5143 φησὶν,
3634 5053 3769 5112 ἀλλά

391 5152 590 5213 dicant
618 5142 760 5232 quot
793 5169 978 5232 panes
1014 5149 1127 5212 sibi
1156 5152 1299 5226 sint,
1335 5158 1397 5211 ut
1428 5150 1511 5211 sic
1542 5159 2044 5212 commonstretur

2184 5149 2443 5224 ,υλόμενος
2499 5144 2854 5224 παρακινῆσαι
2908 5145 3118 5219 αὐτοὺς,
3165 5144 3258 5201 *ίνα
3303 5142 3522 5226 εἴπωσι,
3573 5146 3770 5211 πόσους

391 5240 744 5302 miraculum
781 5241 990 5321 majus,
1027 5239 1430 5302 indicantibus
1460 5239 1582 5303 illis
1609 5239 1801 5320 palam
1836 5259 2041 5302 nume-

2184 5261 2307 5304 κτους
2351 5237 2562 5316 έχουσι,
2606 5236 2692 5293 καὶ
2732 5233 2870 5291 οὕτω
2912 5233 3099 5314 δειχθῇ
3140 5237 3200 5290 τὸ
3256 5238 3429 5311 θαῦμα
3492 5236 3654 5316 μέγα,
3705 5239 3768 5292 ἔκ

386 5349 516 5391 rum
552 5349 793 5411 panum.
819 5330 984 5402 Quod
1009 5339 1202 5392 autem
1230 5330 1602 5406 dicit,Facite
1625 5329 1759 5391 illos
1780 5328 2038 5393 discum-

2184 5353 2219 5397 ,ς
2253 5326 2535 5406 ὁμολογίας
2580 5324 2817 5397 ἐκείνων,
2867 5321 3166 5402 δειχθείσης
3202 5328 3301 5392 τῆς
3331 5326 3630 5392 ποσότητος
3660 5331 3769 5383 τῶν

389 5420 532 5483 bere
562 5422 620 5481 in
654 5420 890 5499 singulo
931 5419 1230 5482 discubitu
1280 5420 1726 5502 quinquaginta,
1779 5421 2036 5482 ostendit

2185 5441 2314 5481 των,
2377 5418 2448 5474 Τὸ
2478 5414 2554 5489 δὲ,
2593 5411 2956 5472 Κατακλίνατε
3015 5414 3204 5478 αὐτοὺς
3247 5413 3456 5481 κλισίας
3500 5415 3598 5472 ἀνά
3631 5437 3767 5472 πεν-

384 5510 539 5592 quod
569 5519 838 5592 oporteat
864 5510 1040 5571 etiam
1073 5529 1180 5571 nos
1222 5499 1460 5591 quando
1489 5510 1745 5591 aliquem
1779 5509 2033 5590 hospitio

2190 5530 2380 5579 κοντα,
2426 5504 2681 5563 δείκνυσιν
2710 5503 2791 5559 ὅτι
2825 5499 2908 5560 δεῖ
2950 5505 3118 5580 ἡμᾶς,
3151 5501 3277 5560 ὅταν
3321 5506 3437 5562 τινὰ
3467 5503 3768 5585 ξενοδοχῶ-

389 5601 741 5682 excipimus,
778 5610 835 5662 et
865 5601 1059 5663 facere
1091 5602 1278 5680 ipsum
1307 5599 1682 5674 recumbere,
1718 5604 1777 5660 et
1807 5598 1866 5658 in
1897 5616 2030 5660 eum

2188 5621 2236 5675 ν,
2299 5598 2386 5655 καῖ
2443 5593 2777 5682 κατακλίνειν
2845 5592 3026 5674 αὐτόν,
3098 5595 3188 5650 καὶ
3243 5594 3421 5662 πάσης
3465 5595 3772 5671 ἐπιμελείας

379 5681 680 5756 ofﬁciosos
732 5708 888 5752 esse.
963 5687 1147 5752 Porro
1221 5689 1598 5770 suspicienda
1654 5688 1717 5749 in
1789 5687 2025 5768 caelum,

2184 5696 2314 5754 ιοῦν,
2376 5683 2689 5745 Ἀναϐλέπει
2741 5681 2793 5740 δὲ
2844 5684 2918 5747 εἰς
2963 5685 3054 5742 τὸν
3085 5685 3322 5764 οὖρανὸν,
3354 5683 3604 5742 δεικνύων
3632 5688 3768 5761 ἡμῖν
