4116 6212
365 293 484 358 817
1114 296 1560 360 ENARRATIO
1602 296 1685 358 IN
1731 291 2238 358 EVANGELIUM
2285 244 2524 358 Luna}.
2571 327 2647 342 -
2691 299 2852 360 CAP.
2904 295 3006 360 1x.
3626 299 3745 362 818

363 430 488 487 ὅταν
543 432 825 508 μέλλωμεν
877 445 1095 513 φαγεῖν,
1127 434 1472 512 εὐχαριστίας
1503 437 1579 505 τῷ
1620 437 1735 503 Θεῷ
1765 424 1981 500 ἀναπέμε

2069 429 2384 513 monstrat
2435 425 2590 506 quod
2639 425 3070 505 manducatnri,
3126 428 3248 492 Deo
3297 431 3513 510 gratias
3559 448 3738 510 agere

358 543 499 580 πειν,
539 521 729 579 Δίδωσι
761 521 814 578 δὲ
845 510 974 585 τοῖς
994 510 1287 601 μαθηταῖς,
1335 518 1438 577 εἷθ’
1471 519 1635 584 οὕτως
1667 519 1864 575 ἐκεῖνοι
1892 530 1981 573 τοῖ

2093 510 2445 578 debeamus.
2504 516 2616 578 Dat
2648 523 2846 578 autem
2881 517 3207 598 discipulis,
3267 527 3325 580 et
3381 520 3465 582 illi
3522 520 3740 583 deinde

349 609 566 690 ὄχλοις,
625 612 718 668 ἵνα
764 613 842 688 μὴ
886 611 1239 668 ἐπιλάθωνται
1271 618 1362 668 τοῦ
1403 611 1698 684 θαύματος,
1731 605 1846 663 ἀλλ’
1883 605 1979 662 ἀνα

2095 601 2302 673 turbis,
2339 614 2404 664 ut
2435 623 2510 665 ne
2541 603 2966 668 obliviscantur
2997 608 3294 688 miraculi,
3316 609 3420 672 sed
3445 629 3740 672 memores

345 702 760 774 μιμνήσκωνται
813 701 1020 774 τούτου,
1081 699 1455 776 ἐνθυμουμένοι
1501 697 1581 754 ὅτι
1639 698 1759 760 τοὺς
1820 694 1977 774 ἄρτου

2092 691 2224 770 ejus
2255 691 2399 768 sint,
2449 695 2773 771 cogitantes
2804 697 2961 777 quod
3007 715 3192 778 panes
3224 697 3286 758 in
3318 717 3526 762 manus
3567 719 3735 762 sum-

347 790 420 851 είς
481 791 574 852 τὰς
636 805 831 869 χεῖρας
877 790 1048 846 αὐτῶν
1096 787 1308 850 ἔλαϐον.
1343 789 1414 846 Τὸ
1442 786 1496 844 δὲ
1527 788 1840 867 περίττευμα
1871 786 1981 853 ἧσαι

2090 781 2334 860 pserint.
2382 783 2817 863 Superfuerunt
2859 792 3056 848 autem
3099 787 3338 866 cophini
3392 788 3732 862 duodecim,

347 880 556 959 κόφινοι
607 877 828 945 δώδεκα,
906 879 1002 936 ’ίνα
1085 879 1337 954 μάθωμεν
1408 877 1574 935 πόσον
1637 879 1671 944 ἦ
1743 874 1981 956 φιλοξενίε

2086 870 2466 933 utdiscamus
2511 881 2792 954 quantum
2829 872 3014 954 possit
3056 875 3448 955 hospitalitas,
3483 884 3546 940 et
3576 880 3734 959 quod

349 967 586 1041 δύναται,
671 971 757 1025 καὶ
829 976 944 1033 πῶς
1018 967 1370 1038 πλήθύνονται
1442 967 1507 1023 τὰ
1563 963 1818 1043 ἡμέτερα,
1876 963 1981 1020 ὅταπ

2084 967 2284 1022 nostra
2311 962 2780 1042 multiplicentur
2811 982 2944 1024 cum
2977 965 3423 1045 suppeditamus
3455 967 3730 1044 indigen-

350 1062 691 1138 παρὶχωνται
741 1071 858 1123 τοῖς
917 1056 1213 1133 δεομένοις.
1275 1056 1502 1136 Εἴρηται
1549 1053 1604 1111 δὲ
1654 1055 1772 1133 περὶ
1801 1054 2000 1110 τούτων

352 1145 670 1224 πλατύτερον
715 1147 768 1202 ἐν
797 1155 872 1222 τῷ
902 1149 1039 1204 κατά
1081 1150 1375 1208 Ματθαῖον,

436 1259 462 1289 ι
515 1236 612 1292 Καὶ
655 1235 864 1313 ἐγένετο
924 1235 978 1292 ἐν
1033 1243 1111 1309 τῷ
1171 1235 1314 1291 εἶναι
1369 1234 1524 1290 αὐτὸν
1569 1233 1998 1312 προσευχόμενον

343 1324 671 1398 καταμόνας,
705 1329 938 1394 συνῆσαν
995 1325 1137 1398 αὒτῷ
1193 1327 1240 1382 οἱ
1287 1325 1541 1399 μαθηταί.
1574 1321 1678 1383 Καὶ
1707 1321 1996 1400 ἐπηρώτη-

337 1436 427 1470 σεν
470 1413 686 1495 αὖτοὺς,
727 1414 900 1494 λέγων
936 1431 951 1446 ⁶
985 1414 1112 1472 Τίνα
1143 1435 1210 1489 με
1240 1412 1484 1491 λέγουσιν
1516 1416 1563 1470 οἱ
1591 1411 1748 1492 ὄχλοι
1795 1411 1938 1468 ε’ίναι
1977 1431 1992 1483 ;

338 1505 398 1560 Οἱ
459 1503 828 1583 ἀποκριθέντες
893 1505 1054 1561 εἴποι
1087 1518 1101 1533 ³
1174 1502 1424 1570 Ἰωάννην
1491 1504 1581 1558 τὸν
1640 1503 1943 1571 Βαπτιστήν
1973 1517 1989 1534 ⁸

335 1590 486 1648 ἄλλοι
534 1591 588 1648 δὲ
663 1589 876 1669 Ἠλίαν,
938 1592 1088 1649 ἄλλοι
1145 1590 1190 1648 δ’
1258 1590 1338 1647 ὅτι
1409 1593 1689 1672 προφήτης
1750 1613 1830 1654 τις
1887 1596 1993 1646 τῶν

2084 1048 2262 1112 tibus.
2297 1049 2530 1112 Dictum
2575 1063 2664 1115 est
2693 1061 2891 1114 autem
2923 1052 2998 1114 de
3047 1054 3137 1115 his
3175 1053 3346 1116 latius
3378 1057 3435 1116 in
3467 1056 3559 1117 his
3602 1076 3734 1137 qure

2082 1138 2238 1200 dicta
2271 1149 2407 1201 sunt
2429 1142 2588 1220 apud
2619 1143 2989 1204 Matthaeum.

2167 1230 2344 1292 Vens.
2389 1230 2582 1294 18-22.
2623 1252 2651 1291 ‹
2683 1231 2754 1293 Et
2799 1232 3014 1294 factum
3059 1241 3148 1294 est
3189 1251 3325 1294 cum
3372 1233 3534 1296 solus
3573 1244 3733 1298 esset

2080 1336 2282 1388 orans,
2317 1327 2486 1380 erant
2519 1339 2649 1388 cum
2686 1322 2784 1383 illo
2816 1322 3200 1403 etdiscipuli,
3237 1323 3733 1406 interrogavitque

2078 1406 2213 1468 illos
2244 1408 2454 1471 dicens
2490 1428 2502 1472 :
2539 1410 2727 1482 Quem
2757 1429 2853 1474 me
2884 1411 3090 1474 dicunt
3118 1431 3250 1474 esse
3285 1413 3520 1474 turbae?
3542 1416 3616 1476 At
3646 1415 3732 1477 illi

2076 1499 2515 1586 responderunt
2573 1508 2630 1560 et
2688 1499 2986 1575 dixerunt,
3036 1500 3325 1563 Joannem
3378 1503 3726 1586 Baptistam,

2075 1587 2174 1646 alii
2202 1595 2399 1648 autem
2433 1585 2647 1670 Eliam,
2678 1589 2776 1650 alii
2797 1608 2934 1651 vero
2968 1590 3127 1669 quod
3159 1609 3312 1652 unus
3344 1592 3632 1672 propheta
3655 1595 3730 1656 de

337 1681 579 1761 ἀρχαίων
635 1682 855 1750 ἀνέστη.
892 1687 1026 1740 Εἷπε
1059 1681 1110 1737 δὲ
1143 1685 1330 1745 αὐτοῖς
1363 1697 1377 1711 ⁹
1425 1672 1608 1758 ’Υμετς
1656 1680 1734 1753 δὲ,
1779 1680 1893 1736 τίνα
1925 1702 1981 1756 με

2075 1675 2332 1756 antiquis
2365 1679 2643 1739 surrexit.
2699 1676 2858 1740 Dixit
2901 1689 3101 1741 autem
3140 1679 3306 1742 illis:
3369 1678 3482 1742 Vos
3530 1691 3726 1744 autem

337 1769 519 1850 λέγετε
551 1772 692 1828 εἶναι
731 1792 746 1844 ;
795 1772 1122 1851 Ἀποκριθεὶς
1153 1769 1206 1827 δὲ
1230 1773 1258 1828 6
1288 1770 1484 1850 Πέτρος
1517 1771 1640 1827 εἶπε
1674 1786 1688 1799 ⁶
1718 1772 1819 1829 Τὸν
1864 1777 1992 1848 Χρι-

337 1862 461 1915 στὸν
505 1872 597 1920 τοῦ
645 1869 799 1922 Θεοῦ.
864 1853 920 1920 Ὀ
980 1860 1035 1918 δὲ
1119 1860 1445 1936 ἐπιτιμήσας
1507 1859 1715 1940 αὐτοῖς,
1773 1861 1992 1939 παρήγ-

338 1949 482 2028 γειλε
528 1949 712 2025 μηδενὶ
769 1954 930 2008 είοεῖν
988 1953 1166 2026 τοῦτο,
1238 1951 1422 2022 εἰπὼν,
1470 1948 1550 2006 ὅτι
1599 1959 1696 2006 Δεῖ
1736 1951 1827 2006 τὸν
1873 1951 1991 2006 Υίὸν

337 2047 430 2096 τοῦ
489 2040 762 2119 ἀνθρώπου
836 2040 1012 2098 πολλά
1085 2043 1300 2111 παθεῖν,
1357 2040 1444 2096 καὶ
1501 2038 1988 2114 ἀποδοκιμασθῆναι

335 2128 440 2185 ἀπὸ
510 2133 614 2186 τῶν
668 2129 1056 2211 πρεσϐυτέρων,
1105 2133 1191 2186 καὶ
1250 2129 1567 2210 ἀρχιερέων,
1619 2130 1707 2185 καὶ
1737 2134 1990 2207 Γραμμα·

333 2219 485 2289 τέων,
538 2221 624 2276 καὶ
669 2219 1088 2296 ἀποκτανθῆναι,
1142 2221 1231 2276 καὶ
1286 2226 1355 2296 τῇ
1404 2219 1553 2297 τρίτῃ
1597 2218 1770 2296 ἡμέρᾳ
1829 2217 1986 2296 ἐγερ-

331 2313 507 2376 θῆναι.
547 2334 575 2364 ι
641 2311 888 2390 Ἐρωτῶν
947 2311 1067 2373 τοὺς
1125 2311 1362 2386 μαθητὰς
1423 2309 1451 2364 6
1499 2309 1712 2388 Κύριος,
1759 2311 1851 2366 οῦκ
1896 2311 1986 2367 εῦ-

327 2400 456 2463 θέως
505 2399 675 2479 ’έρωτᾷ
729 2401 781 2456 τί
856 2399 1102 2478 λέγουσιν
1151 2401 1323 2470 αὐτοὶ,
1394 2397 1532 2455 ἀλλά
1575 2401 1827 2475 πρότερον
1885 2397 1985 2464 τὴν

331 2497 424 2544 τοῦ
495 2487 625 2546 λαοῦ
680 2490 926 2567 γνώμην,
1006 2488 1113 2545 εἶθ’
1171 2487 1309 2544 οὕτω
1362 2487 1462 2554 τὴν
1524 2489 1691 2545 αὐτῶν
1751 2485 1985 2548 ἐκείνων.

341 2586 504 2640 Τοῦτο
566 2577 620 2634 δὲ
663 2593 836 2652 ποιεῖ,
893 2581 966 2642 ὡς
1019 2578 1080 2634 ἂν
1125 2576 1382 2653 ἀδόκιμον
1434 2573 1706 2640 ἀποδείξας
1749 2574 1843 2642 τὴν
1882 2575 1988 2631 τῶν

336 2666 556 2724 πολλῶν
615 2670 734 2747 περὶ
763 2671 921 2726 αὐτοῦ
979 2670 1216 2748 φήμηνλ
1241 2667 1552 2742 μεταστήσῃ
1595 2666 1718 2729 τοὺς
1749 2665 1988 2740 μαθητὰς

333 2758 408 2820 εἰς
453 2760 553 2823 την
597 2739 772 2826 ἀληθῆ
831 2739 1121 2832 ὑπόληψίν.
1182 2739 1258 2814 μό
1317 2755 1382 2822 δη
1413 2739 1857 2832 καί-πέπρακται.
1895 2755 1986 2812 Εἰ-

332 2844 542 2902 πόντων
595 2849 696 2926 γὰρ
737 2855 844 2904 τῶν
895 2851 1170 2926 μαθητῶν,
1204 2844 1285 2902 ὅτι
1331 2846 1392 2904 Οἱ
1422 2843 1518 2926 μὲν
1549 2841 1825 2916 Ἰωάννην,
1858 2846 1904 2898 οἱ
1934 2841 1986 2898 δὲ

331 2934 517 2991 Ἠλίαν
587 2959 647 2992 σε
671 2924 676 2926 ﬁ
703 2937 970 3016 λέγουσιν,
1017 2924 1171 3002 αὐτὸς
1216 2935 1386 3014 ἐρωτᾷ
1420 2982 1433 2996 ,
1489 2924 1674 3006 ’Υμεῖς
1704 2931 1783 3011 δὲ,
1817 2954 1974 2990 τουτ-
1995 2967 2035 3016 C

328 3023 489 3088 ἐστιν,
559 3017 747 3102 ’Υμεῖς
791 3029 838 3082 οἱ
888 3024 1218 3106 διαφέροντες
1248 3024 1481 3106 πᾴντων,
1519 3023 1565 3078 οἱ
1595 3020 1966 3100 ἐξειλεγμένοι,

324 3115 369 3170 οἱ
427 3113 696 3189 ἐξαίρετοι,
760 3116 876 3172 τίνα
905 3103 1192 3192 με-λέγετε
1231 3133 1248 3188 ;
1301 3103 1358 3170 Ὀ
1402 3111 1456 3168 δὶ
1499 3111 1694 3190 Πέτρος
1725 3108 1970 3188 προπηδᾷ

321 3211 426 3259 τῶι
489 3202 713 3284 λοιπῶν,
760 3207 848 3262 καὶ
896 3207 1067 3279 στόμα
1110 3205 1323 3260 πάντων
1370 3202 1677 3280 γενόμενος,
1711 3198 1970 3275 ὁμολογεῖ

321 3291 474 3347 αὐτὸν
533 3294 675 3349 εἶναι
732 3296 823 3350 τὸν
900 3293 1064 3350 πάλαι
1139 3293 1526 3372 κηρυττόμενον
1600 3290 1824 3368 Χριστὸν
1881 3292 1973 3345 τοῦ

322 3390 472 3440 Θεοῦ.
511 3385 582 3440 Οῦ
607 3384 706 3461 γὰρ
755 3384 905 3457 εἶπε,
957 3384 1180 3462 Χριστὸν
1222 3389 1314 3439 τοῦ
1346 3389 1498 3455 Θεοῦ,
1533 3377 1690 3452 ἀλλά,
1724 3380 1814 3435 τὸν
1850 3386 1975 3458 Χρι-

325 3473 448 3526 στὸν
495 3480 586 3529 τοῦ
645 3480 777 3530 Θεοῦ
825 3475 960 3548 μετά
1002 3480 1094 3528 τοῦ
1139 3471 1346 3551 ἄρθρου,
1392 3469 1485 3525 ἵνα
1515 3468 1732 3545 δηλώσῃ
1763 3467 1842 3524 ὅτι
1877 3471 1974 3526 αῦ-

325 3561 414 3624 τός
470 3559 610 3617 ἐστιν
671 3563 698 3617 6
756 3563 946 3642 κυρίως
1001 3563 1223 3639 Χριστὸς
1269 3567 1362 3618 τοῦ
1413 3567 1564 3619 Θεοῦ.
1628 3557 1824 3616 Πολλοὶ
1880 3560 1974 3642 μὲν

326 3651 424 3727 γὰρ
467 3640 834 3729 ἐχρίσθησαν,
883 3647 1001 3706 ἀλλ’
1068 3653 1095 3706 6
1152 3650 1373 3729 Χριστὸς
1441 3655 1534 3703 τοῦ
1573 3655 1705 3706 Θεοῦ
1762 3647 1848 3711 ε’ίς
1891 3640 1980 3703 καὶ

329 3739 489 3813 μόνος
537 3738 698 3799 ἐστίν.

409 3847 433 3882 α
486 3825 698 3907 ’Ἔλεγε
749 3826 803 3884 δὲ
848 3828 979 3906 πρός
1011 3829 1208 3892 πάντας
1242 3843 1256 3858 ⁸
1294 3828 1362 3886 Εἴ
1400 3849 1474 3892 τις
1508 3826 1648 3884 θέλει
1679 3828 1850 3884 ὀπίσω
1882 3850 1984 3903 μου

319 3916 516 3997 ἐλθεῖν,
574 3918 971 3996 ἀπαρνησάσθω
1025 3919 1233 3992 ἑαδτὸν,
1288 3919 1378 3974 καὶ
1428 3917 1611 3996 ἀράτω
1639 3918 1730 4008 τρν
1761 3919 1981 3996 σταυρὸν

317 4009 473 4063 αὺτοῦ
523 4005 641 4064 καθ’
702 4007 928 4086 ἡμέραν,
965 4010 1051 4063 καὶ
1079 4007 1432 4064 ἀκολουθείτω
1484 4030 1600 4081 μοι.
1649 3997 1758 4066 υΟος
1792 4007 1892 4084 γὰρ
1920 4006 1983 4063 ἂν

311 4095 437 4173 θέλῃ
469 4097 565 4164 τὴν
606 4097 794 4176 ψυχὴν
823 4098 981 4153 αὐτοῦ
1011 4102 1204 4170 σῶσαι,
1237 4095 1483 4153 ἀπολέσει
1537 4095 1723 4168 αὐτὴν,
1757 4095 1813 4160 ὃς
1842 4093 1886 4150 δ’
1919 4095 1981 4153 ἂν

315 4185 556 4262 ἀπολέσῃ
593 4187 693 4252 τὴν
724 4187 910 4266 ψυχὴν
941 4189 1098 4244 αὐτοῦ
1126 4185 1301 4242 ἕνεκεν
1333 4185 1487 4262 ἐμοῦ,
1519 4185 1667 4248 οὗτος
1699 4185 1859 4240 σώσει
1890 4184 1981 4240 αὖ·

2079 1782 2255 1844 quem
2291 1783 2386 1827 me
2417 1785 2548 1828 esse
2579 1767 2830 1832 dicitis?
2860 1769 3253 1849 Respondens
3280 1769 3487 1832 Simon
3517 1773 3726 1833 Petrus

2075 1854 2240 1934 dixit,
2276 1854 2581 1917 Christum
2616 1856 2782 1918 illum
2817 1858 2946 1921 Dei.
2977 1859 3050 1919 At
3077 1859 3177 1920 ille
3198 1859 3727 1922 comminatusillis

2075 1944 2357 2024 praecepit
2389 1963 2462 2006 ne
2493 1948 2585 2007 cui
2617 1948 2890 2010 dicerent
2917 1948 3050 2024 hoc,
3091 1947 3296 2010 dicens
3330 1969 3343 2009 :
3379 1947 3527 2022 Quia
3557 1969 3729 2032 opor-

2077 2041 2157 2094 tet
2191 2033 2396 2096 Filium
2460 2035 2721 2098 hominis
2776 2036 2966 2100 multa
3017 2038 3160 2118 pati,
3224 2045 3281 2098 et
3336 2038 3646 2120 reprobari
3693 2060 3727 2102 a

2073 2122 2415 2185 senioribus
2449 2132 2508 2185 et
2557 2125 2929 2206 principibus
2974 2125 3350 2188 sacerdotum
3400 2136 3456 2188 et
3484 2129 3723 2209 scribis,

2072 2221 2129 2274 et
2162 2212 2380 2287 occidi,
2431 2222 2490 2274 et
2539 2215 2712 2277 tertia
2749 2215 2847 2276 die
2896 2233 3230 2294 resurgere.
3271 2240 3295 2271 »
3346 2217 3726 2296 Interrogans

2070 2301 2393 2382 discipulos
2442 2301 2755 2381 Dominus,
2820 2323 2938 2365 non
2989 2304 3185 2365 statim
3243 2306 3565 2386 interrogat
3622 2326 3726 2370 eos

2071 2391 2210 2471 quid
2256 2390 2368 2471 ipsi
2399 2392 2541 2452 534
2581 2393 2803 2467 dicant,
2838 2393 2943 2455 sed
2989 2393 3153 2474 prius
3199 2393 3356 2473 vulgi
3404 2403 3462 2456 et
3510 2395 3726 2458 deinde

2071 2479 2246 2540 etiam
2279 2482 2352 2541 ab
2389 2481 2476 2543 eis
2509 2481 2744 2543 illorum
2778 2482 3161 2546 sententiam.
3195 2481 3320 2544 Hoc
3357 2495 3558 2546 autem
3591 2485 3726 2548 facit

2071 2577 2132 2630 ut
2162 2569 2434 2632 ostendat
2464 2570 2797 2650 improbam
2826 2572 3150 2634 multorum
3171 2573 3246 2634 de
3269 2591 3333 2634 se
3354 2573 3720 2655 opinionem,

2075 2666 2134 2720 et
2177 2658 2500 2738 discipulos
2549 2660 2609 2721 in
2668 2679 2866 2722 veram
2924 2661 3284 2725 transferat:
3337 2661 3396 2722 id
3447 2664 3604 2742 quod
3666 2675 3726 2727 et

2072 2746 2286 2808 factum
2318 2757 2430 2811 est.
2483 2749 2630 2812 Cum
2685 2751 2845 2811 enim
2895 2750 3183 2812 dixissent
3238 2750 3537 2830 discipuli,
3569 2753 3724 2832 quod

2070 2837 2167 2899 alii
2201 2838 2440 2918 quidem
2471 2839 2784 2917 Joannem,
2820 2838 2921 2899 alii
2953 2858 3088 2902 vero
3115 2838 3304 2900 Eliam
3340 2848 3394 2900 te
3425 2839 3720 2921 dicerent,

2061 2933 2188 3008 ipse
2213 2928 2534 3005 interrogat
2571 2948 2584 2985 :
2621 2929 2739 2988 Vos
2761 2935 2983 3008 autem,
3018 2930 3129 2989 hoc
3161 2938 3274 3003 est,
3309 2929 3408 3008 qui
3431 2929 3723 3008 praecelli-

2061 3019 2139 3078 tis
2169 3015 2339 3088 alios,
2375 3016 2477 3096 qui
2525 3015 2731 3090 electi,
2785 3017 3009 3097 quique
3041 3017 3352 3098 praecipui,
3401 3037 3575 3099 quem
3628 3039 3723 3082 me

2057 3125 2190 3168 esse
2224 3104 2425 3166 dicitis
2448 3110 2475 3166 ?
2508 3105 2666 3169 Ante
2698 3104 2847 3166 alios
2880 3113 3078 3167 autem
3114 3109 3324 3169 Petrus
3356 3107 3629 3188 prosiliit,
3666 3118 3721 3171 et

2053 3193 2243 3258 factus
2308 3193 2574 3256 omnium
2611 3213 2700 3268 os,
2764 3195 2979 3256 fatetur
3026 3196 3194 3258 illum
3242 3215 3374 3260 esse
3423 3198 3717 3262 Christum

2054 3286 2184 3355 Dei,
2214 3284 2317 3365 qui
2355 3281 2497 3344 olim
2533 3282 2890 3363 praedicatus
2942 3285 3156 3346 fuerat.
3190 3289 3320 3350 Non
3368 3289 3527 3349 enim
3578 3289 3722 3351 dixit

2057 3375 2318 3448 tantum,
2354 3370 2656 3434 Christum
2698 3371 2828 3446 Dei,
2865 3373 2995 3450 sed,
3037 3375 3336 3439 Christum
3381 3378 3551 3439 illum
3586 3379 3716 3455 Dei,

2063 3483 2196 3524 cum
2231 3461 2505 3532 articulo,
2558 3471 2622 3522 ut
2667 3462 2932 3523 declaret
2981 3466 3136 3544 quod
3188 3466 3316 3548 ipse
3359 3468 3436 3528 sit
3483 3468 3719 3547 proprie

2066 3553 2338 3617 Christus
2373 3550 2499 3615 Dei.
2539 3551 2707 3612 Multi
2752 3552 2910 3612 enim
2959 3554 3123 3615 uncti
3164 3555 3425 3631 fuerunt,
3460 3557 3562 3618 sed
3617 3557 3720 3620 ille

2064 3641 2333 3705 Christus
2358 3641 2461 3703 Dei
2495 3660 2648 3703 unus
2679 3650 2736 3702 et
2769 3643 2930 3704 solus
2961 3651 3071 3704 est.

2149 3824 2334 3884 Vens.
2364 3819 2584 3883 93-27.
2625 3846 2650 3876 c
2704 3820 2950 3884 Dicebat
2999 3831 3196 3883 autem
3246 3822 3317 3884 ad
3350 3842 3603 3887 omnes:
3655 3826 3718 3889 Si

2068 3913 2198 3993 quis
2228 3911 2355 3972 vult
2386 3920 2518 3991 post
2546 3928 2643 3972 me
2665 3909 2893 3985 venire,
2927 3910 3181 3990 abneget
3210 3912 3625 3992 semetipsum,
3661 3925 3719 3977 et

2069 4003 2232 4063 tollat
2262 4019 2498 4062 crucem
2533 4018 2704 4060 suam
2737 4000 3030 4080 quotidie,
3063 4010 3119 4062 et
3148 4009 3429 4082 sequatur
3458 4022 3573 4065 me.
3604 4003 3714 4076 Qui

2064 4090 2224 4153 enim
2254 4089 2511 4151 voluerit
2540 4091 2799 4151 animam
2833 4107 2999 4150 suam
3024 4090 3246 4152 salvam
3276 4091 3717 4173 facere,perdet

2063 4181 2222 4242 illam
2251 4201 2266 4254 ;
2300 4177 2398 4259 qui
2431 4195 2570 4239 vero
2605 4179 2935 4256 perdiderit
2983 4181 3236 4240 animam
3273 4199 3438 4242 suam
3472 4191 3716 4264 propter

313 4276 434 4346 τήν,
483 4277 541 4333 Τί
574 4275 672 4354 γάρ
699 4274 988 4355 ὠφελεῖται
1043 4273 1316 4355 ἅνθρωπος
1359 4273 1618 4353 κερδήσας
1634 4275 1742 4364 ,τὸν
1772 4275 1975 4364 κόσμον

2069 4289 2180 4350 me,
2232 4268 2282 4328 is
2339 4266 2558 4327 salvam
2609 4268 2785 4329 faciet
2835 4269 3023 4330 illam.
3060 4268 3208 4341 Quid
3262 4271 3420 4331 enim
3482 4274 3716 4351 proficit

317 4363 461 4436 ὅλον,
496 4363 680 4418 ἑαυτὸν
728 4361 782 4418 δὲ
841 4362 1108 4426 ἀπολέσας
1165 4363 1199 4430 ἢ
1258 4362 1544 4437 ζημιωθείς
1581 4383 1598 4435 ;
1634 4355 1742 4426 "0c
1775 4363 1874 4441 γὰρ
1905 4361 1967 4417 ἂν

321 4451 653 4531 ἐπαισχυνθῇ
696 4474 762 4527 με
793 4453 1032 4518 καὶτοὺς
1063 4452 1220 4528 ἐμοὺς
1253 4453 1466 4526 λόγους,
1521 4461 1703 4510 τοῦτον
1761 4454 1788 4507 6
1850 4453 1966 4513 Tib:

316 4549 410 4598 τοῦ
469 4541 742 4620 ἀνθρώπου
819 4541 1325 4622 ἐπαισχυνθήσεται,
1398 4540 1524 4597 ὅταν
1581 4540 1707 4616 ἔλθῃ
1779 4541 1833 4597 ἐν
1905 4547 1972 4618 τῇ

316 4628 438 4706 δόξῃ
475 4632 633 4686 αὒτοῦ
663 4632 752 4686 καὶ
784 4637 876 4686 τοῦ
936 4633 1141 4708 [ἰατρὸς
1185 4632 1272 4687 καὶ
1330 4636 1436 4686 τῶν
1493 4632 1654 4707 ἁγίων
1702 4628 1969 4708 ἀγγέλων,

317 4721 468 4798 Λέγω
525 4717 578 4775 δὲ
621 4722 752 4794 ὑμῖν
785 4720 1020 4794 ἀληθῶς,
1057 4720 1152 4777 εἰσί
1181 4743 1315 4784 τινες
1351 4727 1454 4777 τῶν
1498 4718 1598 4776 ὧδε
1641 4719 1970 4794 ἑστηκότων,

315 4811 366 4864 οἳ
428 4812 487 4866 οῦ
530 4810 608 4883 μὴ
653 4809 944 4886 γεύσωνται
995 4808 1243 4888 θανάτου,
1273 4807 1376 4872 ἓως
1407 4808 1468 4865 ἂν
1501 4807 1655 4865 ἴδωσι
1686 4810 1781 4876 τὴν
1813 4809 1973 4884 βασι-

312 4895 457 4953 λείαν
515 4908 607 4956 τοῦ
653 4905 807 4959 Θεοῦ.
859 4922 885 4952 n
924 4896 1145 4965 Ἐπειδὴ
1177 4899 1291 4976 περὶ
1337 4898 1522 4953 ἑαυτοῦ
1553 4898 1732 4977 εἶπεν,
1765 4897 1845 4954 ὅτι
1881 4907 1977 4952 Δεῖ

313 4987 406 5042 τόν
465 4989 582 5043 ι’ξὸν
640 4994 732 5042 τοῦ
790 4988 1064 5066 ἀνθρώπου
1106 4985 1278 5043 πολλά
1337 4990 1552 5060 παθεῖν,
1603 4987 1835 5067 ἐπιφέρει
1890 4995 1976 5049 καὶ

317 5079 490 5133 κοινόν
532 5099 582 5132 τι
639 5078 727 5132 καὶ
777 5076 1081 5151 καθολικὸν,
1131 5076 1212 5132 ὅτι
1257 5075 1316 5132 οὗ
1366 5077 1527 5151 μύνος
1586 5077 1695 5154 ἐγὼ
1754 5078 1976 5133 θάνατον

316 5168 709 5240 ῦποστήσομαι,
768 5165 904 5222 ἀλλά
957 5169 1056 5245 γὰρ
1126 5167 1212 5222 καὶ
1298 5168 1494 5231 πάντες
1551 5170 1598 5222 οἱ
1665 5165 1974 5244 βουλόμενοι

318 5255 630 5313 ἀκολοαθεῖν
701 5256 841 5332 ἐμοὶ,
920 5257 1216 5337 ὀφείλουσιν
1299 5259 1511 5319 ἑαυτοὺς
1601 5256 1972 5342 ἀπαρνεῖσθαι,

317 5344 583 5419 μηδεμίαν
641 5346 920 5402 κοινωνίαν
973 5346 1190 5426 ἔχοντες
1247 5348 1376 5426 πρὸς
1435 5347 1533 5412 τὴν
1587 5344 1779 5424 σάρκα,
1840 5347 1976 5404 ἀλλά

312 5443 762 5514 καταφρονοῦντες
824 5435 1044 5498 ἑαυτῶν,
1109 5438 1342 5516 Σταυρὸν
1395 5434 1450 5491 δὲ
1523 5434 1742 5492 ἐνταῦθα
1830 5435 1974 5515 λέγει

308 5525 399 5578 τὸν
469 5525 692 5581 θάνατον
747 5527 840 5581 τὸν
894 5523 1244 5582 ἐπονείδιστον
1276 5543 1292 5559 ⁸
1356 5523 1534 5604 ἕτερος
1595 5525 1694 5603 γὰρ
1751 5525 1972 5592 θάνατος

293 5611 398 5671 οῦκ
432 5612 496 5681 ἦν
541 5612 710 5678 οὕτως
745 5608 800 5670 ἆδ
819 5612 935 5680 οξος
964 5615 1038 5679 ὡς
1096 5617 1124 5673 6
1177 5614 1262 5674 διὰ
1290 5614 1538 5693 σταυροῦ.
1575 5614 1844 5672 Δείκνυσιν
1877 5616 1969 5673 οὖν

2051 4366 2254 4431 homo,
2284 4357 2334 4417 si
2385 4356 2651 4417 lucretur
2675 4357 3023 4419 universum
3058 4360 3370 4433 mundum,
3404 4380 3467 4422 se
3515 4372 3710 4425 autem

2054 4446 2248 4532 ipsum
2278 4446 2507 4526 perdat,
2539 4455 2639 4506 aut
2663 4448 2964 4526 jucturam
2998 4449 3288 4529 suiipsius
3319 4451 3534 4515 faciat?
3564 4455 3709 4516 Nam

2055 4558 2231 4623 quem
2267 4538 2378 4598 mei
2431 4535 2711 4613 pulluerit
2742 4546 2799 4598 et
2836 4557 3103 4599 meorum
3138 4558 3512 4615 sermonum,
3555 4543 3714 4604 hunc

2056 4631 2242 4693 Filius
2269 4626 2526 4687 hominis
2553 4627 2870 4688 erubescet
2897 4646 3027 4689 cum
3061 4630 3289 4691 venerit
3318 4630 3378 4692 in
3410 4634 3714 4712 majestate

2059 4738 2166 4782 sua
2197 4727 2254 4779 et
2278 4715 2555 4796 Patris,et
2582 4724 2924 4777 sanctorum
2952 4720 3321 4797 angelorum.
3350 4721 3493 4782 Dico
3516 4731 3709 4784 autem

2058 4809 2226 4870 vobis
2257 4823 2416 4878 vere,
2444 4805 2600 4886 quod
2636 4814 2771 4866 sunt
2799 4805 3036 4887 quidam
3072 4807 3168 4868 hic
3199 4817 3444 4890 stantes,
3468 4811 3569 4891 qui
3594 4830 3708 4872 non

2060 4896 2387 4978 gustabunt
2421 4902 2697 4970 mortem,
2733 4895 2923 4958 donec
2955 4897 3196 4959 videant
3234 4916 3480 4978 regnum
3513 4901 3641 4963 Dei.
3685 4926 3706 4956 ο

2063 4986 2353 5060 Quoniam
2382 4985 2454 5045 de
2497 4984 2692 5063 seipso
2725 4983 2971 5060 dixerat,
3004 4985 3164 5066 quod
3198 4996 3464 5067 oporteat
3494 4987 3708 5050 Filium

2063 5075 2323 5138 hominis
2357 5074 2542 5134 nuilta
2575 5076 2715 5154 pati,
2749 5074 2928 5137 infert
2966 5095 3286 5138 commune
3317 5077 3614 5157 quoddam
3643 5098 3710 5140 ac

2061 5165 2366 5246 generale,
2399 5163 2554 5243 quod
2593 5183 2711 5224 non
2756 5165 2919 5225 solus
2951 5184 3056 5245 ego
3091 5173 3346 5227 mortem
3378 5168 3706 5245 sustinebo,

2061 5258 2164 5320 sed
2202 5266 2259 5317 et
2288 5272 2496 5317 omnes
2525 5254 2625 5334 qui
2660 5273 2755 5316 me
2785 5256 2984 5320 volunt
3011 5255 3198 5337 sequi,
3235 5255 3453 5319 debent
3479 5259 3710 5339 seipsos

2061 5347 2379 5424 abnegare,
2417 5343 2636 5404 nullam
2672 5345 3158 5408 communionem
3191 5365 3326 5408 cum
3380 5366 3560 5410 carne
3598 5354 3708 5411 ha-

2061 5437 2293 5509 bentes,
2330 5435 2435 5496 sed
2469 5432 2871 5513 despicientes
2917 5436 3166 5517 seipsos.
3211 5437 3463 5500 Crucem
3514 5447 3708 5501 autem

2058 5527 2206 5591 dicit
2235 5526 2344 5587 hoc
2393 5521 2524 5584 loco
2579 5530 2830 5585 mortem
2878 5525 3446 5608 contemptissimam
3486 5545 3498 5590 :
3549 5529 3712 5590 nulla

2061 5616 2221 5680 enim
2284 5628 2446 5674 mors
2513 5619 2630 5674 tam
2694 5612 3078 5695 despicabilis
3125 5615 3235 5678 fuit
3285 5615 3438 5679 sicut
3491 5617 3706 5682 crucis.
