4116 6212
433 303 549 369 819

1322 308 1918 373 THEOPHYLACTI
1962 311 2373 376 BULGARUE
2396 311 2752 378 ARCHIEP.

3701 315 3840 381 820

437 440 713 507 Ostendit
760 443 955 523 itaque
983 442 1141 524 quod
1188 442 1237 504 si
1269 442 1401 524 quis
1448 442 1699 505 voluerit
1746 443 1875 523 ejus
1906 441 2080 504 disci-

2176 444 2256 502 ὅτι
2301 445 2476 512 εἴτις
2534 445 2671 505 θέλει
2729 449 2974 523 μαθητὴς
3040 452 3197 507 06106
3262 449 3427 524 εἶναι,
3477 448 3847 519 ἀποθνήσκειν

435 531 608 613 pulus
637 548 797 607 esse,
845 530 997 593 mori
1040 530 1223 595 debet
1264 550 1381 594 non
1424 532 1682 611 gloriosa
1734 540 1948 602 morte;
1982 532 2087 595 sed

432 619 889 701 contemptibili,
925 629 983 682 et
1013 622 1163 683 sicut
1192 622 1624 683 condemnatus
1673 622 1888 683 occidi.
1923 622 2087 694 Quo-

432 711 591 773 niam
615 718 809 772 autem
844 710 1011 773 multi
1042 711 1438 790 ignominiosa
1484 718 1675 773 morte
1708 712 2084 787 occiduntur,

434 804 539 866 sed
592 804 744 866 sicut
814 805 1074 868 latrones
1124 823 1192 865 ac
1265 804 1707 880 malefactores,
1770 813 2086 887 propterea

433 895 636 977 adjicit
661 896 795 977 hoc,
831 904 888 958 et
918 904 1201 978 sequatur
1234 915 1352 971 me,
1388 897 1500 959 hoc
1543 901 1660 971 est,
1694 916 1931 959 omnem
1963 897 2085 958 vir-

434 996 616 1050 tutem
652 997 943 1051 exerceat.
992 989 1102 1061 Qui
1135 988 1295 1051 enim
1330 988 1587 1051 voluerit
1626 989 1884 1050 animam
1918 1007 2085 1051 suam

434 1096 691 1153 servare,
728 1078 933 1158 perdet
963 1078 1148 1153 illam,
1187 1078 1299 1139 hoc
1328 1086 1438 1154 est,
1472 1079 1572 1159 qui
1604 1078 1857 1141 voluerit
1893 1078 2089 1141 vivere

425 1168 594 1248 juxta
639 1168 949 1242 mundum,
1010 1167 1107 1229 hic
1163 1168 1382 1230 occidit
1438 1169 1721 1230 animam.
1775 1167 2087 1231 Erubescit

432 1256 731 1319 Christum
768 1258 870 1338 qui
898 1257 1085 1319 dicit:
1143 1257 1453 1330 Quomodo
1486 1258 1724 1319 credam
1774 1258 1834 1318 in
1881 1258 2081 1320 cruci-

434 1346 611 1407 ﬁxum
647 1353 705 1407 et
732 1346 972 1408 illusum
1007 1346 1242 1408 Deum?
1272 1354 1330 1407 et
1372 1364 1684 1408 sermones
1734 1347 1894 1409 illius
1940 1366 2084 1409 eru-

432 1434 641 1517 bescit,
678 1437 777 1518 qui
807 1436 1105 1516 Evangelii
1135 1437 1574 1518 simplicitatem
1608 1435 1823 1497 irridet
1854 1457 1866 1497 :
1910 1437 2083 1497 talem

433 1535 629 1587 autem
659 1524 974 1588 erubescet
1028 1533 1086 1587 et
1134 1526 1424 1591 Dominus
1458 1527 1517 1585 in
1566 1525 1751 1605 gloria
1799 1544 1927 1595 sua.
1973 1527 2085 1590 hoc

434 1622 544 1695 est,
579 1614 639 1675 in
671 1614 933 1676 secundo
964 1614 1246 1676 adventu.
1294 1612 1461 1685 Quod
1494 1624 1693 1675 autem
1727 1615 1894 1689 dicit,
1926 1616 2084 1677 hunc

2174 534 2371 614 ὀφείλει
2430 536 2525 594 οὒκ
2571 536 2774 603 ἔνδοξον
2834 538 3080 610 θάνατον,
3147 537 3268 595 ἀλλ’
3320 536 3693 611 ἐπονείδιστον,
3756 540 3846 601 ὣς

2172 626 2484 705 κατάκριτος
2515 628 2894 707 φονευόμενος.
2956 627 3106 686 Ἐπεὶ
3163 627 3217 685 δὲ
3275 627 3463 686 πολλοί
3519 628 3843 708 φονεύονται

2172 715 2268 791 μὲν
2309 715 2702 794 ἐπονειδίστως,
2750 717 2870 779 ἀλλ’
2917 721 2991 783 ὡς
3033 718 3224 795 λῃσταὶ
3272 720 3361 775 καὶ
3393 719 3696 791 κακοποιοὶ,
3739 715 3841 775 διὰ

2170 808 2322 862 10610
2366 807 2660 886 προσέθηκε
2724 810 2807 889 16,
2871 810 2968 866 Καὶ
3012 807 3345 897 ἀκολουθείτο
3390 832 3506 883 μοι,
3550 807 3835 882 τουτέστι,

2169 902 2341 951 πᾶσαν
2387 896 2576 975 ἀρετὴν
2608 888 2972 977 μετερχέσθω.
3029 888 3137 961 νΟς
3186 899 3286 977 γὰρ
3319 898 3382 952 ἂν
3411 898 3539 973 θέλῃ
3583 900 3679 963 τήν
3712 900 3837 971 11m-

2171 985 2281 1065 χὴν
2338 986 2494 1044 016106
2537 986 2726 1060 σῶσαι,
2761 984 3011 1043 ἀπολέσει
3058 988 3243 1062 αὑτὴν,
3290 986 3582 1066 τουτέστιν,
3640 986 3699 1048 Ec
3761 983 3839 1041 ἂν

2169 1074 2295 1154 θέλῃ
2352 1075 2505 1146 ζῆσαι
2560 1077 2696 1133 κατά
2752 1077 2977 1152 κόσμον⁹
3059 1078 3210 1140 οὗτος
3287 1077 3634 1133 ἀποθανεῖται
3686 1075 3839 1131 κατά

2168 1166 2373 1244 ψυχήν.
2440 1164 2856 1245 Ἐπαισχύνεται
2908 1164 2962 1222 δὲ
3007 1166 3097 1221 τὸν
3134 1167 3381 1245 Χριστὸν,
3417 1168 3443 1221 6
3473 1164 3667 1243 λέγων,
3715 1162 3836 1235 ὅτι,

2168 1256 2288 1317 Πῶς
2348 1255 2612 1311 πιστεύσω
2668 1254 3051 1332 ἑσταυρωμένῳ
3102 1262 3216 1329 Θεῴ
3279 1256 3367 1311 καὶ
3411 1254 3774 1333 ἐμπαιχθέντι
3817 1273 3838 1326 ;

2166 1342 2303 1400 ἀλλά
2355 1346 2442 1400 καὶ
2499 1345 2621 1409 τοὺς
2667 1344 2827 1401 αὒτοῦ
2869 1344 3060 1422 λόγους
3107 1344 3509 1425 ἐπαισχύνεται,
3546 1343 3574 1398 6
3604 1344 3705 1407 τὴν
3733 1351 3844 1400 τοῦ

2171 1434 2227 1490 Ε·’
2378 1432 2431 1489 λ(
2536 1432 2584 1489 ἰ⁸
2984 1434 2994 1455 '
3325 1439 3380 1469 ὀ
3533 1432 3559 1453 ν
3656 1434 3670 1451 ’

2216 1455 2374 1511 δαγγε
2432 1456 2491 1490 ου
2556 1434 2796 1490 οιωτείαν
2850 1432 3129 1512 διασύρων,
3194 1444 3441 1492 Τοιου.ον
3502 1456 3591 1490 ουν
3660 1453 3839 1487 επαι-

2168 1524 2524 1602 σχυνθήσεται
2583 1526 2611 1579 6
2657 1524 2840 1601 Κύριος
2896 1523 2958 1602 ἐν·
3013 1530 3082 1600 τῇ
3146 1522 3270 1601 δόξῃ
3315 1525 3492 1596 016106,
3556 1520 3833 1593 τουτέστι,

2165 1615 2233 1687 τῇ
2291 1609 2503 1690 δευτέρᾳ
2570 1613 2851 1691 παρουσίᾳ.
2923 1594 3001 1671 μΟ
3061 1611 3115 1668 δὲ
3159 1610 3303 1691 λέγει
3367 1610 3605 1669 τοιοῦτον
3633 1608 3778 1664 ἔστιν
3808 1625 3832 1643 ο

433 1722 675 1767 sensum
708 1703 931 1766 habet:
974 1705 1129 1765 sicut
1158 1702 1209 1764 si
1254 1703 1389 1784 quis
1437 1704 1860 1784 paterfamilias
1910 1705 2080 1767 habet

2165 1699 2375 1779 ’Ὥσπερ
2432 1700 2519 1758 ἐάν
2572 1724 2651 1765 τις
2708 1698 3091 1769 οἰκοδεσπότης
3152 1701 3259 1782 ἔχῃ
3320 1699 3503 1758 δοῦλον
3560 1698 3828 1776 πονηρὸν,

431 1812 668 1857 servum
696 1793 941 1872 malum,
975 1793 1274 1855 erubescit
1305 1794 1617 1856 nominare
1645 1793 1815 1856 illum
1845 1812 2081 1856 servum

431 1882 764 1965 proprium,
798 1883 879 1944 ita
899 1890 957 1944 et
985 1902 1117 1963 ego,
1154 1882 1369 1963 inquit,
1395 1882 1741 1945 erubescam
1776 1883 2086 1945 nominare

431 1991 663 2035 servum
698 1991 895 2034 meum
952 1990 1085 2033 eum
1117 1972 1219 2052 qui
1250 1970 1633 2051 abnegaverit
1678 1990 1797 2033 me.
1836 1970 1905 2033 Et
1950 1972 2088 2054 quia

431 2081 613 2143 supra
644 2062 842 2124 dixit:
898 2060 1011 2133 Qui
1060 2061 1257 2142 perdit
1305 2062 1563 2122 animam
1615 2079 1807 2137 suam,
1840 2061 2088 2125 salvabit

431 2148 593 2212 illam
622 2170 637 2210 :
670 2150 877 2211 volens
918 2158 1250 2211 monstrare
1283 2166 1555 2229 quasnam
1592 2147 1748 2211 bona
1781 2150 1927 2212 tales
1958 2170 2087 2213 me—

431 2248 709 2315 reantur,-
740 2238 885 2299 dicit
919 2260 931 2300 :
986 2236 1137 2300 Sunt
1165 2237 1305 2299 555
1337 2238 1577 2319 quidam
1615 2256 1681 2300 ex
1714 2238 1807 2301 his
1852 2241 1949 2320 qui
1990 2240 2088 2303 hic

432 2339 591 2405 sunt,
628 2329 727 2410 qui
777 2348 893 2389 non
929 2328 1263 2390 morientur
1304 2328 1496 2391 donec
1542 2329 1793 2391 viderint
1836 2349 2083 2410 regnum

430 2420 565 2500 Dei,
603 2420 718 2480 hoc
770 2426 879 2492 est,
915 2417 1187 2497 gloriam,
1222 2419 1279 2480 in
1332 2436 1448 2498 qua
1496 2417 1677 2479 futuri
1728 2427 1863 2481 sunt
1909 2419 2080 2500 justi.

430 2509 556 2572 Hoc
580 2515 776 2571 autem
809 2507 955 2568 dixit
986 2506 1061 2568 de
1099 2506 1619 2585 transﬁguratione
1651 2525 1778 2569 sua.
1812 2506 2081 2570 Transﬁ-

431 2602 660 2680 guratio
696 2597 856 2660 enim
907 2598 1098 2675 ﬁgura
1139 2596 1249 2656 fuit
1294 2595 1506 2656 futuras
1547 2596 1795 2673 gloriaa:
1850 2606 1908 2658 et
1933 2598 2084 2660 sicut

430 2688 491 2750 in
524 2689 634 2750 hac
663 2688 835 2751 Jesus
868 2684 1222 2746 mirabiliter
1260 2684 1596 2763 fulguravit,
1631 2685 1714 2746 ita
1741 2685 1866 2766 pari
1896 2686 2085 2749 forma

431 2788 569 2840 tunc
600 2786 658 2839 et
680 2776 825 2858 justi
856 2775 1190 2855 fulgebunt.
1217 2773 1365 2837 Sunt
1394 2774 1569 2853 igitur
1592 2775 2078 2857 quidam,ir.quit,

425 2872 709 2943 Joannes,
742 2864 999 2928 Jacobus
1030 2872 1089 2929 et
1121 2867 1354 2937 Petrus,
1400 2863 1500 2945 qui
1549 2882 1668 2925 non
1709 2883 2085 2947 praeoccupa-

427 2957 647 3022 buntur
679 2965 888 3031 morte,
924 2956 1117 3017 donec
1148 2953 1404 3017 viderint
1436 2955 1498 3015 in
1534 2972 1651 3035 qua
1680 2955 1867 3035 gloria
1898 2955 2083 3018 futuri

427 3056 567 3111 sunt
596 3047 697 3129 qui
722 3065 817 3108 me
847 3023 1225 3108 conﬁtentur.
1272 3023 1574 3106 Viderunt
1619 3023 1813 3107 autem
1862 3045 1971 3107 hoc
2017 3023 2140 3107 inC

339 3144 346 3151 '
427 3136 966 3217 transﬁguratione.

505 3226 690 3288 VERS.
726 3224 969 3289 2836.1
993 3225 1236 3287 Factum
1263 3230 1351 3285 est
1373 3232 1568 3286 autem
1598 3230 1733 3303 post
1752 3224 1878 3285 haec
1902 3224 2080 3287 verba

423 3316 550 3381 fere
580 3313 793 3375 diebus
815 3322 970 3390 octo,
995 3320 1053 3374 et
1082 3314 1406 3393 assumpsit
1433 3314 1673 3374 Petrnm
1700 3321 1758 3375 et
1787 3314 2077 3376 Joannem

428 3412 486 3467 et
510 3400 826 3476 Jacobum,
860 3411 918 3464 et
944 3401 1214 3464 ascendit
1245 3402 1305 3463 in
1342 3410 1607 3463 montem
1637 3410 1701 3463 ut
1732 3409 1953 3464 oraret.
2005 3404 2081 3469 Et

425 3494 579 3556 facta
607 3500 719 3569 est,
754 3492 893 3554 dum
928 3498 1145 3569 oraret,
1182 3492 1414 3574 species
1452 3492 1648 3554 vultus
1695 3492 1825 3572 ejus
1853 3492 1987 3573 alia,
2023 3498 2082 3555 et

425 3582 670 3645 vestitus
698 3582 829 3662 ejus
852 3579 1026 3643 albus
1068 3592 1129 3642 et
1174 3581 1498 3661 refulgens.
1534 3579 1606 3643 Et
1654 3598 1795 3644 ecce
1825 3580 1944 3643 duo
1974 3582 2080 3643 viri

425 3670 820 3754 loquebantur
848 3689 983 3732 cum
1034 3668 1161 3745 illo,
1194 3672 1293 3751 qui
1344 3679 1515 3732 erant
1563 3673 1753 3733 Moses
1804 3679 1861 3732 et
1891 3671 2078 3746 Elias,

426 3762 527 3846 qui
556 3762 666 3824 visi
691 3761 753 3823 in
776 3761 1081 3842 majestate
1104 3760 1385 3823 dicebant
1413 3778 1724 3823 excessum
1751 3760 1879 3840 ejus
1901 3779 2079 3843 quem

423 3852 828 3935 completurus
848 3852 1214 3915 erat.Petrus
1235 3868 1375 3913 vero
1402 3859 1459 3913 et
1478 3851 1577 3932 qui
1602 3869 1733 3912 cum
1760 3850 1861 3911 illo
1885 3859 2073 3926 erant,

422 3941 641 4024 gravati
672 3948 841 4004 erant
873 3958 1110 4004 somno.
1165 3938 1510 4021 Experrecti
1559 3946 1757 4003 autem
1803 3938 2082 4002 viderunt

422 4032 797 4114 majestatem
831 4030 984 4110 ejus,
1017 4040 1075 4090 et
1123 4028 1275 4090 duos
1324 4028 1478 4092 viros
1527 4028 1628 4109 qui
1666 4034 1905 4090 stabant
1939 4046 2076 4094 cum

422 4121 549 4185 illo.
582 4122 661 4185 Et
703 4120 920 4181 factum
971 4126 1061 4181 est
1109 4135 1244 4179 cum
1294 4117 1674 4180 discederent
1720 4116 1795 4180 ab
1839 4117 1967 4195 illo,
2000 4118 2083 4181 ait

420 4214 634 4275 Petrus
664 4210 737 4271 ad
770 4211 994 4290 Iesum,
1043 4210 1403 4289 Praeceptor,
1458 4207 1681 4270 bonum
1728 4214 1817 4270 est
1846 4226 1956 4270 nos
1984 4208 2083 4271 hic

419 4319 573 4376 esse,
607 4308 665 4363 et
692 4298 979 4363 faciamus
1024 4298 1136 4361 tria
1182 4297 1566 4360 tabernacula
1603 4316 1786 4359 unum
1836 4296 1964 4374 tibi,
2022 4305 2080 4361 et

418 4366 603 4454 unum
636 4391 806 4465 Mosi,
834 4397 891 4453 et
921 4407 1106 4452 unum
1138 4387 1301 4465 Elia),
1339 4388 1620 4452 nesciens
1643 4386 1783 4470 quid
1818 4387 2071 4452 diceret.
2099 4366 2143 4416 Β

416 4484 554 4548 Haec
574 4491 771 4547 autem
795 4482 1191 4563 illoloquente
1211 4483 1362 4545 facta
1395 4491 1486 4545 est
1516 4481 1729 4557 nubes,
1772 4488 1829 4543 et
1860 4479 2075 4544 obum-

416 4573 610 4637 bravit
640 4592 764 4636 eos.
818 4571 1174 4635 Timuerunt
1204 4580 1402 4635 autem
1447 4569 1811 4635 intrantibus
1850 4570 1969 4632 illis
2014 4573 2073 4635 in

416 4663 636 4727 nubem
669 4684 682 4726 :
718 4671 779 4726 et
805 4682 914 4725 vox
946 4662 1097 4725 facta
1122 4668 1213 4725 est
1236 4662 1312 4725 de
1341 4661 1525 4737 nube,
1559 4660 1772 4723 dicens
1805 4677 1819 4723 :
1851 4658 1959 4722 Hic
1983 4669 2075 4723 est

412 4753 597 4818 Filius
630 4772 796 4816 meus
826 4752 1099 4826 dilectus,
1133 4752 1329 4834 ipsum
1362 4751 1587 4815 audite.
1623 4749 1696 4812 Et
1725 4749 1865 4811 dum
1899 4749 2074 4813 ﬁeret

412 4862 542 4919 vox,
570 4841 844 4906 inventus
869 4849 961 4904 est
995 4843 1168 4904 Jesus
1196 4840 1382 4922 solus,
1420 4848 1478 4903 et
1508 4839 1621 4922 ipsi
1647 4846 1983 4921 tacuerunt,
2016 4848 2075 4903 et

414 4933 636 4996 nemini
667 4932 947 4995 dixerunt
982 4932 1042 4994 in
1074 4931 1191 4994 illis
1238 4930 1450 4993 diebus
1504 4928 1829 5011 quidquam
1866 4947 1934 4990 ex
1981 4929 2076 4991 his

411 5042 542 5105 quae
570 5022 866 5086 viderant.
905 5046 932 5078 ι
969 5021 1284 5085 Matthzeus
1315 5020 1461 5083 dicit
1491 5038 1595 5082 sex
1629 5018 1761 5080 dies
1786 5018 2072 5082 transisse

410 5120 543 5193 post
571 5130 882 5175 sermones
910 5112 1042 5193 hos,
1097 5116 1159 5175 et
1207 5119 1347 5174 tunc
1394 5112 1596 5174 Iesum
1631 5106 1978 5171 ascendisse
2009 5109 2071 5173 in

410 5210 694 5266 montem.
727 5203 917 5265 Lucas
947 5209 1143 5263 autem
1181 5200 1325 5264 dicit
1375 5209 1508 5263 octo
1560 5197 1869 5261 transisse.
1922 5195 2068 5261 Nam

406 5290 508 5355 ille
538 5291 692 5354 solas
724 5291 854 5354 dies
875 5289 1266 5355 intermedias
1292 5290 1479 5353 dicit:
1517 5288 1704 5351 Lucas
1728 5293 1924 5349 autem
1950 5306 2071 5351 non

404 5380 794 5445 intermedias
827 5380 1007 5456 solas,
1040 5380 1145 5443 sed
1184 5388 1243 5443 et
1272 5381 1431 5444 diem
1465 5396 1582 5461 qua
1611 5375 1754 5440 dicti
1781 5384 2068 5440 suntser-

406 5489 615 5534 mones
645 5470 755 5546 illi,
788 5480 849 5535 et
896 5470 1057 5533 diem
1106 5490 1221 5553 qua
1267 5470 1420 5533 facta
1463 5478 1556 5532 est
1599 5466 2061 5546 transﬁguratio.

2168 1791 2475 1870 αἰσχύνεται
2526 1790 2782 1865 ὀνομάσαι
2830 1798 3014 1848 τοῦτον
3064 1790 3247 1849 δοῦλον
3278 1793 3499 1864 οἰκεῖον,
3549 1788 3687 1846 οὕτω
3734 1787 3837 1842 καὶ

2168 1880 2297 1959 ἐγὼ,
2332 1881 2513 1959 φησὶν,
2548 1881 2968 1960 αἰσχυνθήσομαι
3002 1882 3258 1957 ὀνομάσαι
3300 1879 3481 1937 δούλον
3525 1879 3674 1960 ἐμὸν,
3732 1876 3834 1931 τὸν

2169 1968 2537 2048 ἀρνησάμενόν
2592 1992 2681 2045 με,
2757 1970 2908 2027 Ἐπεὶ
2964 1967 3019 2025 δὲ
3078 1970 3233 2026 εἶπεν
3291 1969 3424 2049 ἄνω,
3478 1967 3558 2024 ὅτι
3619 1954 3731 2027 "0c
3763 1961 3830 2017 ἂν

2169 2058 2410 2138 ἀπολέσῃ
2442 2062 2541 2129 τὴν
2571 2060 2753 2141 ψυχὴν
2786 2061 2963 2135 αὐτοῦ,
3001 2059 3159 2115 σώσει
3213 2060 3400 2139 αὐτὴν,
3430 2055 3595 2114 θέλων
3626 2051 3829 2130 δεῖξαι,

2170 2150 2334 2207 ποίων
2378 2151 2588 2229 ἀγαθῶν
2647 2149 3004 2215 κατεξιοῦνται
3054 2152 3099 2205 οἰ
3136 2156 3392 2229 τοιοῦτοι,
3438 2148 3598 2228 φησίν
3632 2164 3645 2177 ·
3710 2143 3832 2199 Εἰσί

2167 2260 2305 2304 τινες
2335 2247 2442 2297 τῶν
2474 2238 2599 2319 ὦδε,
2634 2247 2693 2296 06
2732 2243 2791 2298 06
2818 2239 2895 2315 μὴ
2922 2236 3253 2295 ἀποθάνωσιν
3285 2238 3388 2302 ἕως
3417 2238 3480 2294 ἂν
3520 2234 3674 2292 ἴδωσι
3724 2231 3829 2297 τὴν

2168 2329 2437 2405 βασιλείαν
2494 2337 2587 2387 106
2626 2339 2780 2408 Θεοῦ,
2824 2328 3086 2401 τουτέστι,
3142 2329 3241 2395 τὴν
3284 2325 3437 2393 δόξαν
3480 2326 3533 2383 ἐν
3583 2326 3618 2393 ἡ
3682 2321 3826 2397 μέλ-

2168 2417 2346 2477 λουσιν
2402 2420 2613 2478 ἒσεσθαι
2674 2422 2721 2475 οἱ
2764 2418 2978 2478 δίκαιοι.
3025 2425 3189 2476 T0610
3244 2417 3300 2473 δὲ
3359 2419 3484 2474 εἷπε
3541 2415 3659 2493 περὶ
3714 2418 3822 2478 τῆς

2167 2510 2652 2591 μεταμορφώσεως.
2744 2499 2807 2567 Ἠ
2884 2511 2984 2587 γὰρ
3044 2508 3453 2587 μεταμορφωσις
3527 2506 3686 2567 τύπος
3743 2502 3809 2569 ἧν

2165 2603 2265 2665 τῆς
2326 2590 2627 2666 μελλούσης
2656 2598 2764 2658 ἅνω
2795 2597 2972 2671 δόξης,
3008 2599 3094 2653 καὶ
3124 2596 3303 2675 ὥσπερ
3337 2600 3393 2653 ἒν
3422 2596 3587 2670 ταύτῃ
3617 2592 3817 2670 ἤστρα-

2167 2693 2266 2763 qm
2314 2691 2342 2745 6
2403 2688 2608 2755 ἰησοῡς
2662 2686 2988 2767 παραδόξως,
3049 2686 3215 2749 οὕτως
3273 2684 3546 2764 ἀναλόγως
3607 2682 3727 2738 τότε
3766 2689 3812 2742 οἳ

2164 2775 2351 2835 δίκαιοι
2409 2777 2730 2855 λάμψουσιν,
2781 2778 2921 2835 Εἰσὶν
2970 2779 3083 2852 οὗν,
3135 2777 3286 2856 φησὶ,
3319 2776 3480 2855 τινὲς,
3534 2771 3811 2845 Ἰωάννης,

2168 2869 2363 2947 Πέτρος
2416 2870 2503 2925 καὶ
2561 2864 2836 2938 Ἰάκωϐος,
2883 2869 2939 2922 0"1
2982 2870 3041 2925 06
3084 2867 3162 2941 μὴ
3208 2866 3474 2947 φθάσωσιν
3504 2864 3813 2934 ἀποθανεῖν,

2167 2964 2267 3029 ἕως
2326 2962 2387 3019 ἂν
2439 2960 2622 3019 ἴδωσιν
2683 2965 2736 3018 ὲν
2795 2962 2919 3035 ποίᾳ
2982 2959 3105 3037 δόξῃ
3154 2960 3359 3017 ’έσονται
3411 2961 3456 3016 οἰ
3488 2958 3582 3034 ἐμὲ
3613 2951 3817 3029 ὁμολο-

2165 3053 2400 3132 γοῦντες,
2462 3051 2659 3111 ’Ὶδωσι
2712 3049 2763 3107 δὲ
2795 3058 2947 3108 τοῦτο
2988 3054 3046 3105 ἓν
3080 3056 3155 3124 τῷ
3188 3054 3355 3129 καιρῷ
3398 3054 3493 3115 τῆς
3539 3063 3816 3123 μεταμορ-

2162 3143 2382 3224 φώσεως
2393 3190 2406 3205 .

2251 3254 2275 3289 ι
2323 3232 2572 3311 Ἐγένετο
2629 3230 2683 3287 δὲ
2741 3231 2875 3306 μετά
2904 3231 3023 3294 τοὺς
3051 3229 3238 3310 λόγους
3269 3229 3482 3291 τούτους
3512 3227 3638 3284 ὡσεὶ
3666 3226 3811 3301 ἡμέ-

2163 3344 2248 3403 ραι
2306 3323 2469 3396 ὀκτὼ,
2528 3322 2617 3378 καὶ
2695 3317 3019 3399 παραλαϐὼν
3103 3319 3317 3399 Πέτρον,
3391 3320 3478 3375 καὶ
3530 3314 3806 3397 Ἰωάννην,

2162 3414 2250 3469 καὶ
2310 3408 2581 3490 Ἰάκωϐον,
2627 3407 2788 3476 ἀνέϐη
2842 3411 2913 3471 εἰς
2970 3412 3030 3466 τὸ
3079 3408 3198 3480 ὅρος
3251 3407 3649 3488 προσεύξασθαι.
3711 3406 3811 3464 Καὶ

2165 3502 2395 3579 ἐγένετο,
2456 3501 2509 3557 ἐν
2571 3506 2649 3573 τῷ
2709 3498 3095 3579 προσεύχεσθαι
3149 3501 3329 3571 αὖτὸν,
3399 3500 3459 3555 τὸ
3528 3494 3673 3560 εἶδος
3716 3501 3811 3551 τοῦ

2164 3590 2448 3670 προσώπου
2508 3589 2665 3648 016106
2704 3589 2905 3668 ἕτερον,
2950 3590 3037 3644 καὶ
3081 3590 3108 3645 6
3150 3590 3434 3665 ἱμάτισμὸς
3477 3587 3636 3643 016100
3681 3582 3811 3640 λευ-

2163 3680 2257 3743 κὸς
2315 3676 2707 3757 ἐξαστράπτων,
2773 3679 2869 3735 Καὶ
2925 3674 3032 3732 ἰδου
3090 3674 3269 3756 ἄνδρες
3352 3676 3439 3733 δύο
3496 3672 3813 3735 σανελάλουν

2162 3769 2331 3842 αὐτῷ,
2389 3767 2586 3832 οἵτινες
2637 3767 2773 3835 ἦσαν
2819 3771 3017 3833 Μωσῆς
3076 3769 3163 3823 καὶ
3203 3758 3408 3847 Ἠλίας,
3456 3768 3508 3823 οἳ
3568 3762 3812 3844 ὀφθέντες

2160 3859 2213 3913 ἓν
2272 3856 2419 3937 δόξῃ,
2473 3856 2656 3936 ἔλεγον
2710 3856 2808 3924 τὴν
2852 3854 3025 3937 ἔδοξον
3074 3859 3257 3932 αὐτοῦ,
3301 3857 3366 3926 ἢν
3424 3853 3615 3932 ἔμελλε
3670 3851 3812 3918 πλη-

2160 3956 2282 4025 ροῦν
2341 3936 2413 4003 ἐν
2457 3938 2827 4026 Ἰερουσαλήμ.
2878 3936 2935 4002 Ὀ
2987 3942 3041 4002 δὲ
3092 3946 3282 4026 Πέτρος
3310 3946 3399 4003 καί
3426 3948 3473 4003 οἱ
3521 3945 3611 4001 σὺν
3641 3941 3806 4017 αὐτῷ,

2162 4034 2298 4103 ἦσαν
2347 4033 2703 4113 βεϐαρημένοι
2769 4035 2939 4109 ὕπνῳ.
3006 4037 3535 4115 Διαγρηγορήσαντες
3594 4028 3671 4105 δὲ,
3732 4033 3811 4085 εἴ·

2163 4124 2251 4181 δον
2316 4127 2413 4195 τὴν
2482 4124 2632 4192 δόξαν
2692 4124 2869 4185 016106.
2940 4126 3037 4183 Καὶ
3094 4127 3213 4189 τοὺς
3287 4124 3374 4181 δύο
3442 4120 3629 4203 ἄνδρας
3684 4121 3808 4183 τοὺς

2163 4223 2491 4281 συνεστῶτας
2540 4218 2680 4288 αύτῷ
2714 4231 2729 4245 ’
2788 4216 2877 4271 καὶ
2922 4212 3130 4292 ἐγένετο
3187 4215 3241 4271 ἐν
3283 4222 3360 4289 τῷ
3401 4212 3806 4293 διαχωρίζεσθαι

2162 4305 2349 4370 αὖτοὺς
2408 4304 2501 4362 ἀπ’
2556 4305 2735 4385 αὐτοῦ,
2790 4309 2942 4360 εἶπεν
2974 4307 3001 4361 6
3032 4304 3225 4385 Πέτρος
3255 4306 3381 4382 πρὸς
3412 4305 3504 4360 16v
3548 4302 3753 4368 't1.006v
3787 4318 3801 4332 °

2164 4391 2479 4476 Ἐπιστάτα,
2532 4393 2697 4452 καλόν
2756 4393 2899 4450 ἐστιν
2956 4395 3098 4470 ἡμᾶς
3158 4394 3259 4451 ὧδε
3296 4394 3460 4467 εἶναι,
3507 4393 3594 4448 καὶ
3639 4391 3805 4459 ποιή-

2161 4506 2339 4561 σωμεν
2392 4487 2591 4553 σκηνὰς
2648 4497 2817 4564 τρεῖς,
2879 4483 3002 4559 μίαν
3055 4488 3159 4559 σοὶ,
3192 4487 3279 4541 καὶ
3310 4485 3433 4560 μίαν
3464 4489 3671 4554 Μωσετ,
3720 4482 3807 4535 καὶ

2159 4576 2283 4651 μίαν
2343 4572 2518 4649 Ἠλίᾳ,
2580 4575 2658 4649 μὴ
2703 4574 2851 4637 εἰδὼς
2897 4574 2924 4628 ὃ
2967 4572 3107 4651 λέγει
3196 4582 3369 4632 Ταῦτα
3412 4572 3467 4629 δὲ
3526 4571 3683 4628 αὑτοῦ
3712 4567 3807 4624 λέ-

2158 4685 2368 4745 γοντος,
2400 4663 2606 4743 ἐγένετο
2655 4661 2850 4742 νεφέλη
2895 4664 2981 4719 καὶ
3026 4661 3335 4719 ἐπεσκίασεν
3387 4661 3595 4722 αὺτούς.
3645 4657 3810 4738 Ἐφο-

2160 4752 2402 4825 6ήθησαν
2464 4752 2519 4810 δὲ
2574 4754 2629 4811 ἓν
2684 4759 2761 4827 τῷ
2803 4752 3031 4817 ἐκείνους
3091 4752 3346 4810 εἰσελθεῖν
3403 4755 3473 4817 εἰς
3520 4751 3615 4817 τὴν
3647 4748 3801 4828 νεφέ-

2158 4844 2284 4924 λην,
2339 4845 2426 4901 καὶ
2482 4845 2632 4925 φωνὴ
2690 4844 2899 4923 ἐγένετο
2966 4846 3029 4900 εκ
3084 4844 3179 4911 τῆς
3242 4842 3487 4923 νεφέλης,
3550 4839 3797 4917 λέγουσα*

2158 4934 2321 5001 Οὗτός
2378 4934 2519 4991 ἐστιν
2548 4936 2576 4991 6
2609 4936 2727 4997 Υἱός
2780 4956 2884 5006 μου
2944 4936 2972 4990 6
3018 4934 3320 5012 ἀγαπητὸς,
3372 4936 3526 4991 αὖτοῦ
3555 4928 3796 4987 ἀκούετε.

2157 5026 2255 5082 Καὶ
2310 5023 2365 5080 έν
2424 5027 2501 5098 τῷ
2557 5026 2796 5104 γενέσθαι
2853 5024 2952 5091 τὴν
3007 5024 3209 5103 φωνὴν,
3264 5022 3445 5100 εὺρέθη
3504 5023 3531 5077 6
3586 5019 3794 5085 Ἰησοῦς

2156 5114 2342 5191 μόνος,
2402 5118 2489 5173 καὶ
2558 5116 2705 5174 αότοὶ
2759 5116 3033 5195 ἐσίγησαν,
3106 5116 3193 5171 καὶ
3246 5112 3409 5173 οὔδενί
3464 5107 3796 5188 ἀπήγγειλαν

2154 5204 2210 5261 ἐν
2283 5204 2506 5271 ἐκείναις
2564 5220 2685 5268 ταῖς
2744 5205 2969 5282 ἡμέραις
3033 5202 3176 5264 οὐδὲν
3250 5208 3323 5260 ὧν
3382 5202 3697 5277 ἐωρὶκασιν,
3765 5220 3789 5252 0

2158 5285 2215 5353 Ὀ
2265 5298 2362 5371 μὲν
2418 5300 2688 5361 Ματθαῒος
2766 5294 2818 5362 ἓξ
2903 5296 3103 5375 ἡμέρας
3175 5296 3302 5376 φησί
3370 5290 3595 5349 διελθεῖν
3664 5289 3798 5357 μετά

2152 5386 2273 5449 τοὺς
2330 5384 2521 5465 λόγους
2564 5386 2803 5467 τούτους,
2838 5386 2928 5442 καί
2986 5385 3107 5441 τότε
3164 5386 3255 5441 τὸν
3298 5382 3503 5450 Ἰησοῦν
3561 5378 3797 5436 ἀνελθεῖν

2150 5475 2223 5538 εἰς
2252 5476 2312 5532 τὸ
2365 5474 2510 5557 ὅρος,
2545 5483 2750 5542 Λουκᾶς
2779 5475 2832 5533 δὲ
2866 5477 3008 5533 ὀκτώ
3040 5498 3169 5557 φησι
3218 5472 3463 5546 διελθεῖν,
3500 5474 3593 5535 τὰς
3623 5490 3794 5546 μετα-

401 5559 738 5641 Assumpsit
778 5567 975 5623 autem
1028 5567 1148 5622 tres
1198 5559 1358 5623 solos
1393 5580 1407 5621 :
1460 5562 1725 5634 Petrum,
1761 5560 1967 5646 utpote
1996 5574 2063 5621 se

2165 5562 2202 5629 ὦ
2232 5564 2399 5641 μόνας
2454 5565 2658 5646 ἡμέρας
2713 5566 2858 5646 λέγει
2892 5583 2908 5600 ⁸
2959 5572 3164 5630 Λουκᾶς
3222 5563 3302 5645 δὲ,
3347 5564 3407 5621 06
3448 5564 3541 5627 τάς
3601 5558 3794 5638 μεταξὺ

399 5650 770 5732 diligentem,
793 5651 1083 5713 Joannem
1119 5658 1340 5732 autem,
1373 5658 1436 5712 ut
1465 5666 1599 5715 eum
1629 5663 1806 5730 quem
1835 5642 2058 5725 dilige-

2165 5652 2332 5720 ιόνας.
2393 5642 2528 5714 ἀλλά
2565 5642 2673 5714 καὶ
2729 5642 2825 5726 τῆν
2879 5657 3082 5735 ἡμέραν
3124 5651 3241 5713 καθ’
3287 5642 3364 5723 *ἢν
3406 5652 3708 5731 ἒλέχθησαν
3743 5650 3785 5703 al
