4116 6212
506 286 633 352 827
1472 294 2067 364 THEOPHYLACTI
2098 270 2520 357 summa
2563 296 2920 359 ancmcp.
3800 291 3921 358 ,εει

519 429 895 493 innocentem
929 434 1260 514 susceperit
1290 442 1357 497 ut
1378 453 1577 499 meum
1610 434 1968 516 discipulum
2005 451 2018 497 :
2052 432 2141 494 hat

2226 451 2369 498 ητητι
2429 430 2624 512 χαίρω,
2676 433 2763 491 καὶ
2841 433 2977 490 οὕτω
3063 431 3457 513 ’χαρακτηρίζει
3542 431 3692 497 αὕτη
3799 430 3916 495 τὼς

517 519 674 581 enim
709 527 800 584 est
823 522 981 598 quod
1015 523 1183 596 dicit,
1208 526 1269 586 in
1292 526 1537 588 nomine
1569 542 1700 586 meo
1728 545 1741 586 :
1773 541 1869 585 me
1890 522 2140 603 suscipit

2247 521 2405 593 ἐμοὺς
2462 523 2730 597 μαθητὰς,
2798 523 2935 581 ὥστε
2992 520 3140 585 ὅστις
3197 520 3261 577 ἂν
3309 519 3518 589 δέξηται
3565 523 3667 577 τὸν
3704 518 3914 578 ἀπλού-

516 606 626 681 Qui
645 618 840 673 autem
864 622 1237 692 arrogantem
1259 614 1737 697 suscipit,neque
1771 631 1971 676 meum
1990 612 2140 674 disci

2242 631 2435 667 στατον
2484 609 2641 692 ἄνδρα
2690 614 2777 669 καὶ
2832 610 3048 684 ἄκακον,
3099 613 3175 675 ὡς
3232 611 3361 687 ἐμὸν
3417 611 3672 686 μαθητὴν
3730 608 3915 686 (τοῦτο

517 699 722 777 pulum
779 701 1047 782 suscipit.
1093 722 1286 784 neque
1340 724 1458 768 me.
1511 702 1907 785 Respondens
1961 711 2141 766 auten

2246 700 2345 778 γὰρ
2387 700 2495 757 ἐστι
2556 702 2642 776 τὸ,
2694 700 2779 758 ἐπὶ
2835 708 2912 776 τῷ
2943 702 3162 777 ὀνόματί
3186 701 3332 781 μου),
3382 699 3477 776 ἐμὲ
3533 698 3807 781 δέχεται.
3860 698 3912 759 Ὀ

509 788 769 850 Joannes
799 790 945 852 dixit
975 813 988 852 :
1020 792 1295 875 Domine,
1316 793 1570 855 vidimus
1601 793 1917 874 quemdam
1952 791 2012 853 in
2045 812 2141 854 no-

2245 791 2343 869 γάρ
2402 788 2629 861 ἀλαζόνα
2684 789 3004 872 δεχόμενος,
3050 789 3169 848 οὔτε
3200 790 3329 875 ἐμὸν
3358 790 3600 864 μαθητὴν
3655 788 3913 871 δέχεται,

512 876 674 940 mine
691 886 789 940 tuo
812 880 1150 959 ejicientem
1172 868 1554 964 daemonia,“
1573 868 2141 964 prohibuimuseum,

2242 877 2358 936 οὔτε
2431 878 2547 955 ἐμέ.
2612 868 2943 960 ’Δποκριθεὶς
3002 878 3054 936 δὲ
3113 882 3141 937 6
3203 868 3448 945 Ἰωάννης
3492 878 3648 935 εἶπεσ
3726 868 3912 957 ίύριι,

512 966 791 1039 Quaenam
832 972 1127 1033 sermonis
1167 972 1327 1033 illius
1357 974 1784 1054 consequentia
1812 991 1985 1053 quem
2014 971 2161 1033 dixit

512 1055 793 1130 Joannes,
829 1060 897 1120 ad
919 1080 989 1123 ea
1010 1080 1139 1141 qua;
1166 1062 1314 1124 dixit
1336 1063 1651 1127 Dominus?
1683 1062 1896 1143 Utique
1922 1079 2151 1140 magna.

514 1144 664 1216 Quia
695 1148 851 1209 enim
884 1150 1113 1212 dixerat
1140 1152 1425 1214 Dominus
1472 1153 1629 1234 quod
1681 1153 1875 1216 Minor
1904 1152 1963 1213 in
1996 1150 2160 1213 vobis

516 1234 612 1297 hic
643 1237 756 1299 erit
785 1240 1271 1319 magnus,timere
1294 1242 1471 1322 cmpit
1498 1244 1754 1306 Joannes
1773 1260 1847 1303 ne
1864 1241 2015 1303 forte
2041 1259 2158 1304 ma-

513 1324 631 1383 lum
684 1328 823 1406 quid
876 1330 1175 1404 fecissent,
1232 1332 1476 1393 homine
1532 1351 1639 1410 per
1670 1334 2067 1411 arrogantiam
2099 1336 2159 1398 et

512 1417 849 1493 superbiam
884 1419 1204 1499 prohibito.
1242 1420 1385 1482 Nam
1423 1422 1741 1500 prohibere
1788 1421 2047 1499 aliquem
2080 1424 2153 1486 ab

510 1502 856 1583 aliquo,non
874 1508 1167 1572 minorem
1185 1510 1376 1589 arguit
1404 1512 1544 1573 559
1573 1529 1705 1572 eum
1733 1513 1832 1592 qui
1852 1513 2148 1592 prohibet,

511 1593 616 1654 sed
649 1597 834 1676 majus
865 1599 1144 1678 quiddam
1177 1600 1251 1663 de
1282 1618 1347 1662 se
1377 1600 1756 1675 sentientem,
1780 1620 1953 1682 quam
1986 1603 2063 1667 de
2081 1624 2151 1667 eo

2241 966 2450 1045 εἴδομεν
2512 993 2626 1027 τινα
2679 972 2767 1027 ἐπὶ
2823 974 2901 1046 τῷ
2929 971 3151 1045 ὀνόματί
3195 992 3289 1028 σου
3332 966 3671 1026 ἐκϐάλλοντα
3703 966 3915 1044 δαιμό-

2240 1081 2347 1134 νια,
2433 1062 2521 1117 καὶ
2605 1058 2946 1136 ἐκωλύσαμεν
3003 1060 3181 1122 αύτόν,
3274 1062 3407 1117 Ποία
3461 1057 3768 1115 ἀκολουθία
3823 1059 3913 1116 τοῦ

2241 1146 2421 1226 λόγου,
2480 1149 2538 1205 ὅν
2595 1150 2750 1207 εἶπεν
2784 1152 2811 1207 6
2856 1150 3130 1223 Ἰωάννης,
3164 1149 3295 1223 πρὸς
3325 1147 3363 1203 ά⁹
3404 1152 3558 1206 εἶπεν
3589 1151 3618 1205 6
3655 1146 3910 1225 Κύριοςς

2241 1237 2420 1304 Πολλὴ
2487 1239 2585 1315 μὲν
2648 1240 2756 1300 οὗν.
2823 1237 2971 1300 Ἐπεὶ
3039 1241 3136 1318 γὰρ
3198 1240 3353 1295 εἶπεν
3422 1241 3449 1294 6
3515 1239 3750 1317 Κύριος,
3832 1238 3910 1295 ὅτι

2240 1326 2298 1386 Ὀ
2357 1329 2664 1407 μικρότερος
2724 1328 2778 1384 ἐν
2826 1329 2954 1404 ὑμῖν
3011 1330 3291 1408 ὑπάρχων,
3350 1342 3499 1393 οἶτος
3554 1327 3718 1384 ’ἐσται
3809 1329 3912 1404 μὲ-

2236 1439 2355 1496 γας,
2416 1416 2651 1497 ἐφοϐήθη
2725 1416 2913 1475 λοιπον
2990 1422 3018 1476 6
3080 1416 3355 1498 Ἰωάννης,
3387 1418 3583 1491 μήπως
3636 1416 3826 1474 κακόν
3857 1440 3905 1473 τι

2235 1506 2490 1574 ἐποίησαν
2572 1507 2909 1573 κωλύσαντες
2991 1507 3265 1588 ἄνθρωπον
3337 1506 3761 1574 ἐξουσιαστικῶς
3822 1509 3912 1563 καὶ

2234 1594 2582 1668 ἀλαζονικῶς.
2649 1598 2721 1655 T6
2800 1599 2899 1678 γὰρ
2955 1597 3177 1655 κωλύειν
3233 1599 3353 1655 τινὰ
3402 1598 3507 1654 ἀπὸ
3562 1620 3748 1678 τινος,
3816 1600 3909 1655 οὐκ

508 1682 608 1771 qui
638 1686 985 1763 prohibetur
1000 1690 1505 1771 abipso.Proiude
1529 1692 1786 1753 Joannes
1811 1689 2053 1754 timebat
2077 1713 2141 1757 ne

2239 1684 2493 1742 ἐλάττονα
2540 1686 2782 1765 ἐμφαίνει
2853 1689 2945 1744 τὸν
3004 1685 3302 1767 κωλύοντα,
3360 1685 3498 1743 ἀλλά
3555 1687 3825 1766 κρεῖττόν
3858 1710 3905 1743 τι

507 1769 656 1862 forte
699 1777 1015 1855 superbius
1066 1769 1283 1856 egisset
1334 1779 1632 1860 prohibito
1676 1781 1941 1842 homine.
1976 1784 2141 1862 Cujus

2235 1783 2521 1856 φρονοῦντα
2576 1775 2775 1833 ἐκείνου
2828 1779 2921 1834 τοῦ
2977 1776 3317 1852 κωλυομένου
3403 1774 3530 1857 παρ’
3602 1779 3803 1840 αῦτοῦ.
3864 1787 3903 1836 Ο

506 1860 684 1938 igitur
712 1869 896 1941 gratia
918 1871 1347 1949 prohibuerunt
1378 1874 1856 1936 hominem?Non
1883 1860 2150 1933 invidén~

505 1954 726 2026 ιθενδθά
761 1955 1066 2037 indignum
1098 1963 1267 2024 illum
1296 1965 1638 2043 judicanles
1668 1963 1769 2044 qui
1801 1961 2147 2023 miraculum

503 2052 868 2132 operaretur:
892 2066 1009 2110 non
1042 2052 1199 2114 enim
1227 2053 1430 2114 aderat
1453 2072 1589 2115 cum
1615 2053 1731 2114 illis
1754 2050 1941 2132 gratia
1964 2068 2147 2129 agen-

501 2127 711 2227 dorum
748 2135 1168 2227 miraculorum
1201 2142 1462 2214 daretur,
1498 2162 1691 2223 neque
1719 2127 1790 2203 ad
1822 2141 1936 2203 hoc
1959 2127 2145 2201 avDo-

504 2225 665 2278 mino
712 2225 963 2287 emissus
1018 2238 1165 2309 erat,
1221 2232 1375 2293 sicut
1432 2235 1555 2308 alii,
1609 2249 1802 2311 neque
1847 2229 2145 2292 Christum

501 2324 752 2400 usqu-am
786 2314 1206 2393 sequebantur.
1242 2320 1390 2392 Quid
1425 2324 1599 2400 igitur
1618 2319 2140 2390 Dominus?Sinite,

502 2396 717 2476 inquit,
754 2418 887 2463 eum
924 2405 1036 2467 hoc
1065 2408 1280 2471 facere.
1304 2396 1571 2472 Conterit
1603 2409 1762 2471 enim
1796 2417 1854 2470 et
1884 2408 2013 2488 ipse
2032 2407 2144 2470 Sa-

504 2490 655 2584 tanae
682 2499 944 2569 caput:et
974 2495 1112 2574 quia
1143 2517 1259 2559 non
1292 2499 1563 2561 obstabat
1594 2498 1755 2560 vobis
1772 2499 1841 2560 ad
1869 2498 2148 2573 pradica-

502 2582 748 2668 tionem,
785 2598 902 2642 non
934 2588 1829 2666 cooperaturdiabolo.Proinde
1856 2606 1961 2668 pro
1980 2587 2151 2649 nobis

502 2672 609 2725 εει·
648 2665 756 2759 Qui
783 2671 942 2733 enim
975 2665 1093 2737 non
1118 2685 1208 2739 est
1234 2687 1438 2741 contra
1468 2678 1679 2754 Deum,
1716 2697 1821 2759 pro
1849 2665 1974 2742 Deo
2006 2686 2093 2739 est
2127 2688 2143 2732 ξ

503 2758 1001 2849 quemadmodum
1037 2766 1134 2845 qui
1174 2787 1291 2830 non
1324 2778 1641 2849 congregat
1674 2758 1811 2831 cum
1856 2767 2000 2847 Deo,
2048 2767 2149 2830 ille

2232 1867 2401 1923 τοίνυν
2463 1865 2717 1933 Ἰωάννης
2781 1864 3017 1945 ἐφοϐήθη
3073 1873 3255 1940 ’τοῦτο⁹
3328 1868 3522 1940 μήπως
3572 1864 3905 1939 ἀλαζονικὸν

2232 1955 2383 2033 ἔργον
2448 1955 2690 2036 ἐποίησε,
2766 1955 3011 2020 κωλύσας
3094 1964 3184 2013 τὸν
3268 1956 3565 2037 ἄνθρωπον.
3621 1957 3789 2021 Τίνος
3847 1956 3899 2014 δὲ

2230 2046 2407 2102 ἕνεκεν
2464 2044 2695 2102 ἐκώλυον
2769 2047 2864 2102 τὸν
2906 2045 3178 2125 ἄνθρωπον
3212 2066 3228 2117 ;
3261 2048 3334 2105 O6
3362 2048 3708 2126 φθονοῦντες,
3758 2044 3901 2103 ἀλλά

2230 2138 2491 2213 κρίνοντες
2564 2135 2720 2194 αὐτόν
2774 2133 2983 2201 ἀνάξιον
3045 2142 3136 2192 τοῦ
3203 2140 3656 2214 θαυματουργεϊν·
3690 2140 3759 2195 06

2228 2227 2295 2292 ἦν
2331 2222 2446 2300 μετ’
2504 2224 2675 2281 αὐτῶν
2732 2221 3010 2299 δεξάμενος
3038 2224 3137 2282 τὴν
3196 2225 3363 2304 χάριν
3404 2226 3497 2282 τοῦ
3543 2228 3898 2305 θαυματουρ-

2228 2316 2374 2393 γεῖν,
2439 2311 2546 2371 οὐδ’
2605 2311 2915 2370 ἀπέστειλεν
2980 2312 3136 2369 αῦτὸν
3207 2314 3293 2370 ἐπὶ
3369 2324 3524 2373 τοῦτο
3568 2317 3596 2371 6
3675 2315 3891 2395 Κύριος,

2234 2405 2411 2483 ὥσπερ
2461 2405 2549 2461 καὶ
2612 2403 2821 2465 αύτούς·
2884 2400 3001 2462 υῦδὲ
3051 2401 3327 2470 ἠκολούθει
3381 2402 3517 2470 ὅλως
3565 2412 3648 2479 τῷ
3680 2404 3889 2472 Ἰησου.

2234 2495 2293 2551 Τί
2322 2482 2411 2549 οὖν
2442 2496 2470 2549 6
2516 2494 2701 2573 Κύριος
2737 2510 2753 2568 ς
2790 2482 3022 2571 ”Αφετε,
3068 2494 3250 2570 φησὶν,
3286 2494 3441 2550 αὖτὸν
3481 2501 3636 2551 τοῦτο
3678 2507 3889 2553 ποιεῖν’

2234 2579 2504 2661 Συντρίϐει
2562 2584 2662 2661 γὰρ
2719 2583 2806 2638 καὶ
2868 2582 3025 2645 αὐτὸς
3081 2582 3182 2649 τὴν
3231 2589 3443 2639 Σατανᾶ
3490 2580 3751 2659 δύναμιν,
3802 2586 3888 2641 καὶ

2234 2672 2345 2728 ἐπεὶ
2396 2672 2490 2727 οὒκ
2554 2669 2820 2748 ἐμποδίζει
2878 2672 3007 2747 ὑμῖν
3070 2672 3145 2735 εἷς
3174 2672 3237 2727 τὸ
3285 2674 3554 2753 κήρυγμα,
3588 2671 3709 2733 οῦδὲ
3744 2696 3886 2753 συμ-

2232 2763 2449 2841 πράττει
2507 2766 2586 2835 τῷ
2640 2758 2893 2841 διαϐόλῳ,
2968 2758 3156 2817 λοιπὸν
3182 2760 3314 2841 ὑπὲρ
3354 2763 3508 2837 ἡμῶν
3540 2752 3731 2825 ἐστιν.
3771 2752 3883 2828 ι’ος

499 2863 630 2906 cum
644 2846 885 2939 diabolo
911 2864 1016 2915 est.
1029 2855 1340 2921 Admirare
1358 2846 2141 2939 aut—emi,obsecro,virtutem

2230 2854 2330 2932 γὰρ
2385 2856 2481 2911 οῦκ
2510 2850 2619 2907 ’ἐστι
2668 2851 2803 2907 κατά
2868 2857 2962 2908 τοῦ
3034 2858 3187 2930 Θεοῦ,
3231 2851 3360 2931 ὑπὲρ
3388 2859 3481 2908 τοῦ
3512 2859 3646 2911 Θεοῦ
3708 2854 3880 2927 ἐστιν,

496 2936 757 3030 nominis
785 2936 1022 3015 Christi,
1060 2947 1357 3026 quomodo
1387 2957 1441 3010 et
1476 2936 1581 3030 per
1612 2948 1912 3028 indignos,
1942 2955 2003 3010 et
2041 2966 2141 3010 eos

2229 2942 2407 3020 ὥσπερ
2464 2940 2605 3003 ὅστις
2659 2941 2718 2996 06
2770 2940 2982 3018 συνάγει
3013 2941 3147 3013 μετὰ
3175 2948 3267 2997 τοῦ
3312 2949 3467 3017 Θεοῦ,
3501 2941 3711 3007 ἐκεῖνος
3745 2943 3880 3018 μετὰ

495 3027 592 3118 qui
626 3044 745 3088 non
779 3040 947 3092 erant
988 3013 1119 3114 eju's
1161 3013 1697 3118 discipuli,'gratia
1737 3013 2036 3118 6peretur,
2086 3046 2141 3099 et

2226 3039 2318 3087 τοῦ
2386 3027 2631 3087 διαϐόλου
2690 3029 2825 3090 ἐστί.
2900 3029 3183 3105 Θαύμασον
3239 3027 3293 3087 δέ
3349 3053 3439 3104 μοι
3496 3032 3595 3099 τὴν
3654 3030 3877 3107 δύναμιν

494 3114 685 3210 solum
719 3119 1029 3210 nominati,
1063 3124 1142 3185 ita
1174 3134 1231 3187 et
1263 3114 1370 3210 per
1398 3114 2024 3203 sacerdotes,'etiamsi
2054 3128 2141 3189 in-

2226 3124 2316 3177 τοῦ
2367 3120 2629 3182 ὀνόματος
2685 3126 2777 3175 τοῦ
2828 3125 3079 3199 Χριστοῦ,
3137 3124 3251 3185 πῶς
3294 3121 3382 3175 καὶ
3436 3118 3521 3177 διὰ
3569 3128 3676 3178 τῶν
3738 3125 3873 3178 ἀνα-

495 3201 655 3281 digni
708 3206 949 3285 fuerint,
1011 3201 1292 3293 operatur
1338 3217 1544 3293 gratia,
1598 3225 1657 3280 et
1698 3201 2141 3279 sanctiﬁcantur

2226 3209 2341 3277 ξίων
2410 3211 2497 3266 καὶ
2552 3209 2630 3284 μὴ
2693 3209 2859 3265 ὃντων
2930 3208 3183 3280 μαθητῶν
3227 3213 3409 3289 αῦτοῦ,
3442 3210 3653 3290 ἐνήργει
3681 3214 3715 3281 ἡ
3763 3212 3872 3291 χά-

2224 3324 2329 3381 ρις,
2387 3302 2474 3357 καὶ
2533 3298 2702 3374 ψιλῶς
2757 3298 3172 3373 ὀνομαζομένου,
3255 3298 3391 3355 οὕτω
3449 3300 3536 3356 καὶ
3608 3298 3694 3357 διὰ
3763 3301 3867 3358 τῶν

2218 3393 2424 3473 ἱερέων,
2481 3388 2579 3446 κάν
2643 3386 2850 3453 ἀνάξιοι
2881 3391 3032 3460 ῶσιν,
3079 3389 3287 3469 ἐνεργεῖ
3322 3392 3357 3458 ἡ
3401 3390 3559 3470 χάρις
3588 3393 3675 3449 καὶ
3705 3393 3866 3472 ἀγιά-

2219 3492 2395 3556 ζονται
2429 3479 2649 3553 πάντες,
2681 3476 2779 3535 κάν
2813 3476 3037 3557 ἄναγνος
3080 3476 3171 3545 εἴη
3204 3481 3231 3535 6
3260 3480 3452 3558 ἱερεύς.

2307 3598 2334 3629 α
2422 3569 2667 3647 Ἐγένετο
2725 3566 2780 3624 δὲ
2840 3567 2894 3624 ἐν
2951 3573 3028 3641 τῷ
3062 3567 3491 3648 συμπληροῦσθαι
3540 3570 3632 3636 τὰς

2221 3670 2319 3731 τῆς
2378 3658 2697 3733 ἀναλήψεως
2755 3661 2934 3737 αὐτοῦ,
2985 3659 3072 3714 καὶ
3108 3657 3264 3720 αὐτός
3295 3660 3355 3715 τὸ
3397 3660 3682 3738 πρόσωπον
3713 3667 3863 3718 αὑτοῦ

2222 3751 2460 3831 ἐστήριξε
2517 3755 2610 3805 τοῦ
2666 3747 2978 3825 πορεύεσθαι
3059 3749 3131 3811 είς
3192 3738 3560 3830 Ἰερουσαλὴμ,
3610 3752 3701 3807 χαὶ
3756 3751 3863 3807 ἀπ-

2224 3840 2457 3899 ἔστειλεν
2515 3836 2775 3917 ἀγγέλους
2828 3838 2930 3913 πρὸ
2987 3837 3268 3916 προσὼπου
3320 3839 3495 3912 «6:06,
3554 3840 3642 3895 καὶ
3672 3861 3862 3919 πορευ-

2223 3932 2420 3999 θέντες,
2509 3925 2750 3993 εἰσῆλθον
2841 3927 2916 3990 εἷς
2985 3926 3173 4002 κώμην
3279 3930 3645 4007 Σαμαρειτῶν,
3731 3929 3858 3987 ὥστε

2225 4019 2508 4096 ἑτοιμάσαι
2568 4016 2733 4090 αύτῷ,
2792 4013 2896 4078 Καὶ
2956 4019 3049 4075 οὒκ
3118 4014 3356 4083 ἐδέξαντο
3420 4018 3597 4097 αῦτδν,
3675 4018 3757 4076 ὅτι
3805 4019 3860 4074 τὸ

2222 4111 2505 4189 πρόσωπον
2564 4107 2721 4163 αῦτοῦ
2809 4105 2874 4173 ἧν
2960 4106 3313 4185 πορευόμενον
3362 4108 3435 4170 εἷς
3491 4103 3857 4183 Ἰερουσαλήμ.

2221 4198 2437 4263 ’ἰδόντες
2499 4197 2555 4254 δὲ
2614 4198 2660 4252 οἱ
2692 4196 2924 4271 μαθηταὶ
2967 4196 3144 4276 «6:06,
3182 4194 3434 4262 Ἰάκωϐος
3464 4198 3552 4253 καὶ
3581 4196 3854 4270 Ἰωάννης,

2216 4292 2398 4348 εἷπονο
2461 4288 2638 4367 Κύριε,
2696 4285 2865 4349 θέλεις
2936 4285 3179 4361 εἴπωμεν
3231 4294 3331 4365 πῦρ
3398 4284 3693 4354 καταϐῆναι
3760 4287 3859 4344 ἀπὸ

2220 4394 2312 4442 τοῦ
2371 4385 2611 4461 ούρανοῦ,
2672 4380 2760 4434 καὶ
2818 4376 3086 4435 ἀναλῶσαι
3137 4379 3324 4444 αὐτοὺς
3403 4381 3475 4445 ὡς
3533 4381 3622 4437 καὶ
3680 4378 3857 4443 Ἠλίας

2221 4472 2479 4550 ἐποίησε,
2543 4469 2797 4548 Στραφεὶς
2852 4465 2908 4523 δὲ
2965 4469 2993 4525 6
3024 4466 3253 4544 Ἰησοῦς,
3288 4468 3605 4544 ἐπετίμησεν
3656 4472 3858 4543 αὐτοῖς,

2222 4564 2309 4618 καὶ
2368 4574 2542 4616 εἶπεν
2605 4559 2711 4615 Οῦκ
2767 4554 2949 4613 οἴδατε
3004 4556 3122 4614 οἵου
3180 4558 3477 4633 πνεύματός
3509 4559 3626 4615 ἐστε
3678 4560 3852 4633 ὑμεῖς.

2224 4651 2283 4708 Ὀ
2338 4650 2438 4727 γὰρ
2502 4648 2621 4710 Υἱὸς
2651 4652 2740 4702 τοῦ
2783 4645 3057 4725 ἀνθρώπου
3086 4650 3180 4705 οῦκ
3207 4645 3337 4713 ἦλθε
3367 4647 3548 4729 ψυχὰς
3577 4646 3854 4727 ἀνθρώπων

2222 4736 2503 4812 ἀπολέσαι,
2564 4732 2701 4790 ἀλλὰ
2757 4736 2949 4792 σῶσαι.
3015 4736 3113 4794 Καὶ
3157 4734 3514 4815 ἐπορεύθησαν
3556 4737 3630 4802 εἷς
3684 4736 3855 4815 ἑτέραν

2221 4831 2432 4904 κώμην.
2512 4849 2539 4879 ι
2595 4824 2654 4883 Τί
2737 4824 2878 4881 ἐστιν
2936 4824 3065 4904 ὅπερ
3103 4827 3284 4903 φησὶν,
3345 4825 3424 4883 ὅτι
3469 4826 3677 4905 ἐγένετο
3705 4826 3759 4883 ἐν
3786 4832 3852 4900 τῷ

2219 4915 2648 4994 συμπληροῦσθαι
2703 4913 2796 4977 τὰς
2852 4914 3057 4992 ἡμέρας
3128 4915 3225 4983 τῆς
3279 4914 3598 4993 ἀναλήψεως
3654 4921 3851 4987 αὐτοῦς

2217 5006 2518 5083 Τουτὲστιν,
2586 5002 2666 5059 ὅτι
2734 5005 3029 5074 ἐνειστήκει
3115 5008 3143 5062 6
3224 5008 3430 5085 καιρὸς,
3492 5006 3608 5064 καθ’
3658 5006 3716 5062 ὃν
3756 5004 3849 5063 ἔδει

2216 5095 2400 5153 λοιπόν
2450 5096 2511 5151 αὸ
2563 5093 2822 5173 σωτήριον
2869 5093 2998 5174 ὑπὲρ
3062 5096 3217 5171 ἡμῶν
3264 5097 3627 5170 ὑπομείναντα
3671 5097 3849 5169 πάθος,

2212 5185 2578 5264 ἀναληφθῆναι
2614 5183 2687 5245 εἰς
2752 5185 2969 5263 οῦρανὸν
3025 5186 3113 5241 καὶ
3199 5183 3528 5264 συνεδρεῦσαι
3612 5192 3690 5259 τῷ
3746 5192 3851 5260 Θεῷ

2212 5278 2298 5334 καὶ
2357 5274 2543 5352 Πατρί.
2598 5272 2728 5329 Τότε
2783 5273 2954 5329 τοίνυν
3027 5273 3117 5330 ὅτε
3169 5274 3461 5346 ἐνειστήκει
3493 5277 3522 5332 6
3562 5277 3745 5355 καιρὸς
3766 5280 3851 5333 τοῦ

2209 5366 2404 5427 πάθους
2465 5365 2646 5434 αὐτοῦ,
2704 5362 2790 5418 καὶ
2836 5364 2935 5429 τῆς
2992 5363 3053 5418 ἐκ
3108 5370 3202 5421 τοῦ
3255 5364 3458 5441 κόσμου
3507 5364 3848 5442 ἀναλήψεως,

2207 5455 2375 5533 ἕγρινε
2430 5449 2627 5528 μηκέτι
2681 5447 2783 5506 ὧδε
2836 5452 3057 5510 κάκεῖσε
3115 5454 3511 5535 περιέρχεσθαι,
3542 5454 3665 5512 ἀλλ’
3696 5453 3850 5512 ἀνελ-

2206 5548 2319 5602 θεῖν
2370 5544 2443 5607 εἷς
2503 5538 2865 5618 Ἰεροσόλυμα.
2900 5544 2973 5601 T6
3016 5552 3165 5622 γοῦν,
3196 5542 3436 5625 ἐστήριξε
3464 5546 3526 5603 τὸ
3570 5547 3848 5626 πρόσωπον

2206 5636 2386 5708 αὑτοῦ,
2444 5638 2596 5690 τοῦτο
2641 5626 2803 5697 δηλοῖ
2856 5633 2935 5690 ὄτι
2965 5633 3251 5714 ἀφώρισεν,
3317 5634 3600 5716 ἐκύρωσεν,
3661 5634 3849 5703 ἔστησε

497 3309 725 3367 omnes,
758 3296 988 3360 etiamsi
1020 3300 1287 3383 impurus
1308 3305 1487 3367 fuerit
1525 3306 1828 3368 sacerdos.

576 3559 751 3625 Vsus.
776 3566 993 3634 51-56.
1036 3593 1058 3628 ιι
1084 3570 1325 3635 Factum
1352 3583 1441 3636 est
1466 3582 1663 3636 autem
1697 3575 1837 3636 dum
1869 3575 2138 3656 comple—

491 3661 701 3746 rentur
727 3656 854 3720 dies
881 3662 1303 3744 assumptionis
1334 3666 1551 3745 ejus,et
1581 3665 1709 3746 ipse
1740 3664 1950 3727 faciem
1972 3683 2136 3726 suam

491 3738 997 3839 obarmaveratmt
1026 3738 1139 3815 iret
1169 3738 1658 3836 Hierosolymam,
1693 3762 1750 3816 et
1782 3755 1939 3816 misit
1980 3773 2135 3815 nun-

494 3835 769 3925 tiosante
794 3849 1175 3921 conspectum
1201 3862 1396 3918 suum,
1426 3856 1483 3906 et
1510 3852 1720 3906 euntes
1764 3842 2139 3907 intraverunt

488 3919 550 3978 in
581 3919 875 3989 civitatem
919 3919 1447 4007 Samaritanorum,
1482 3942 1545 3995 ut
1597 3943 1874 4013 pararent
1924 3931 2033 3996 illi.
2068 3933 2141 3995 El

487 4023 605 4103 non
636 4028 991 4095 receperunt
1016 4040 1179 4096 eum,
1206 4022 1345 4103 quia
1372 4022 1554 4084 facies
1598 4021 1730 4102 ejus
1779 4030 1902 4083 erat
1942 4021 2139 4084 euntis

488 4097 977 4191 llierosolymam.
1002 4111 1147 4174 Cum
1170 4097 1459 4173 vidissent
1487 4097 1684 4173 autem
1710 4110 1988 4191 discipuli
2010 4114 2139 4191 ejuS

484 4186 819 4287 Iacobuset
836 4197 1409 4283 Joannes,dixerunt
1432 4223 1445 4265 :
1468 4200 1841 4276 Domine,vis
1865 4186 2136 4265 dicamus

489 4279 715 4372 "lignis
730 4283 805 4348 de
822 4290 970 4350 ccelo
996 4279 1408 4372 descendat,et
1432 4298 1740 4353 consumat
1761 4290 2132 4371 illos,quem-

482 4364 799 4463 admoduw
835 4386 897 4438 et
930 4381 1090 4444 Elias
1120 4382 1287 4444 fecit?
1318 4364 1657 4444 Conversus
1706 4389 1907 4442 autem
1942 4364 2131 4443 'Jesus

482 4465 806 4555 Increpavit
850 4466 1007 4545 illos,
1056 4471 1311 4534 dicens:
1352 4469 1608 4533 Nescitis
1662 4472 1831 4549 cujus
1889 4471 2139 4552 spiritus

482 4551 772 4642 estis‘vos.
810 4557 994 4622 Filius
1023 4562 1181 4623 enim
1218 4562 1475 4623 hominis
1522 4579 1640 4621 non
1684 4561 1844 4623 venit
1876 4551 1947 4621 ad
2000 4580 2138 4642 per-

483 4633 745 4737 dendum
778 4656 1007 4717 animas
1038 4654 1371 4729 hominum,
1405 4652 1509 4715 sed
1534 4651 1609 4713 ad
1639 4633 2027 4714 servandum.
2065 4657 2141 4718 Et

479 4724 757 4820 abierunt
785 4742 845 4806 in
879 4746 1042 4808 aliud
1074 4724 1449 4807 castellum.»
1488 4742 1638 4816 Quid
1672 4749 1761 4803 est
1790 4742 1948 4820 quod
1972 4743 2133 4818 dicit,

478 4813 617 4881 dum
642 4834 1084 4913 complerentur
1112 4833 1242 4895 dies
1271 4813 1695 4913 assumptionis
1714 4813 1874 4912 ejus?
1892 4832 2004 4895 hoc
2025 4813 2134 4901 est;

476 4925 609 5007 cum
641 4921 898 4987 instabat
946 4935 1177 5005 tempus
1227 4942 1342 5005 quo
1396 4928 1703 5003 postquam
1756 4922 2137 5007 sustinuisset

474 5005 793 5096 salutarem
820 5016 1161 5096 passionem
1199 5032 1303 5093 pro
1328 5012 1526 5089 nobis,
1577 5013 1885 5091 oportebat
1906 5005 2132 5087 assumi

477 5094 534 5156 in
568 5094 896 5178 cmlum,'et
931 5102 1246 5165 considere
1278 5102 1403 5165 Deo
1436 5109 1493 5162 et
1529 5099 1712 5163 Patri.
1760 5098 1926 5165 Tunc
1960 5102 2135 5181 igitur

474 5207 608 5250 cum
661 5192 1173 5275 appropinquabat
1221 5200 1457 5273 tempus
1516 5188 1805 5269 passionis
1858 5188 2009 5271 ejus,
2073 5200 2131 5253 et

471 5282 893 5359 assumptionis
938 5301 1007 5345 ex
1047 5283 1161 5344 hoc
1213 5279 1460 5360 mundo,
1511 5278 1772 5340 decrevit
1824 5298 1941 5340 non
1976 5280 2129 5343 ultra

470 5368 608 5429 hinc
632 5377 691 5430 et
721 5370 861 5433 inde
888 5370 1294 5434 obambulare.
1326 5368 1430 5431 sed
1462 5369 1789 5431 ascendere
1836 5367 2126 5432 Hieroso-

469 5456 708 5538 lymam.
744 5459 945 5542 Itaque
976 5460 1132 5541 quod
1162 5458 1493 5522 obﬁrmavit
1547 5458 1756 5520 faciem
1795 5476 1985 5535 suam,
2014 5459 2127 5521 hoc

468 5546 754 5624 declarat,
801 5551 959 5633 quod
1005 5550 1324 5614 stabilierit
1363 5559 1421 5611 et
1472 5548 1719 5611 firmarit
1764 5550 2122 5611 sententiam

469 5638 621 5720 quod
646 5637 785 5703 velit
810 5641 1137 5706 ascendere
1164 5639 1854 5721 Hierosolymam.Porro
1885 5637 2124 5702 nuntios
