4116 6212
226 354 481 431 _829‘

1064 360 1504 424 ENARRATIO
1549 361 1631 424 IN
1678 357 2183 423 EVANGELIUM
2235 362 2471 423 LUC/li.
2526 396 2597 407 -—-
2644 366 2807 426 CAP.
2872 367 2949 427 ΙΧ

3573 364 3691 431 830

295 489 517 567 βουλὴν,
589 491 727 548 ὥστε
783 490 1035 550 ἀπελθεῖν
1098 495 1169 558 εἰς
1230 484 1605 572 Ἰερουσαλήμ.
1650 491 1940 570 Ἐκπὲμπει

2032 499 2172 585 ante
2193 494 2405 559 faciem
2453 514 2622 558 suam
2654 497 2894 580 emittit,
2926 507 2991 561 ut
3020 508 3228 582 parent
3257 502 3372 585 ipsi
3417 502 3683 566 diverso-

303 580 356 639 δὲ
438 582 696 663 ἀγγέλους
769 588 870 666 πρὸ
926 587 1210 667 προσώπου
1265 586 1444 665 αὑτοῦ,
1480 586 1572 643 ἵνα
1620 583 1946 662 ἑτοιμάσωσι

301 671 473 755 δοχὴν
555 698 673 733 τινα
739 680 904 750 αὐτῷ,
940 676 1214 756 γινώσκων
1247 677 1343 752 μὲν
1375 676 1456 733 ὅτι
1499 676 1602 757 ούχ
1643 674 1949 756 ὑποδεχθή-

298 784 446 821 σεται
502 765 604 822 ὑπὸ
660 767 767 823 τῶν
811 772 1177 845 Σαμαρειτῶν,
1226 764 1374 842 ὅμως
1419 763 1466 822 δ’
1496 766 1584 823 οὖν
1631 765 1947 824 ἀποστέλλει

298 854 507 929 αὑτοὺς,
580 858 651 921 ὡς
709 855 769 911 ἄν
826 862 999 912 πᾶσαν
1088 856 1349 936 πρόφασιν
1428 861 1533 913 τῶν
1606 862 1947 935 Σαμαρειτῶν

296 942 547 1021 περιέλῃ,
618 946 704 1001 καὶ
751 946 828 1021 μὴ
885 944 1053 1025 ἔχωσι
1116 944 1291 1023 λέγειν
1318 943 1554 1024 ὕστερον,
1592 944 1697 1018 ὅτι,
1733 942 1948 1025 Ἐδεξά-

297 1036 431 1107 μεθα
483 1031 544 1087 ἄν
604 1035 759 1091 αὐτὸν
814 1035 857 1090 εἰ
924 1032 1204 1091 ἀπέστειλέ
1234 1056 1377 1100 τινας
1406 1036 1507 1113 πρὸ
1570 1035 1752 1094 αὖτοῦ.
1789 1022 1948 1108 ῃΑμα

296 1118 352 1177 δὲ
408 1123 492 1179 καὶ
562 1123 683 1188 τοὺς
745 1124 986 1199 μαθητὰς
1017 1125 1176 1182 αἰ)τοῦ
1203 1122 1450 1205 ὠφελῶν,
1482 1123 1574 1179 ’ἱνα
1604 1124 1681 1198 μὴ
1710 1120 1945 1180 σκανδα-

296 1211 567 1287 λισθῶσιν,
639 1212 693 1269 έν
780 1220 856 1287 τῷ
900 1214 1109 1291 σταυρῷ
1166 1215 1323 1270 αὒτὸν
1381 1214 1606 1291 δρῶντες
1659 1212 1943 1291 ὑϐριζόμε-

296 1324 405 1360 νον.
495 1299 645 1359 Ἀλλ’
701 1302 806 1359 ἀπὸ
848 1304 1033 1360 τούτου
1062 1312 1153 1362 τοῦ
1207 1302 1294 1358 νῦν
1334 1306 1594 1381 μαθωσιν,
1652 1301 1733 1358 ὅτι
1766 1303 1945 1379 ὥσπερ

298 1400 385 1449 νῦν
441 1392 851 1472 καταφρονηθεὶς
923 1392 1065 1468 παρά
1124 1392 1230 1447 τῶν
1276 1396 1643 1469 Σαμαρειτῶν,
1697 1389 1945 1455 ἀνεξικά-

294 1501 403 1543 κως
475 1478 692 1561 ἤνεγκε,
753 1478 954 1554 μᾶλλον
1008 1479 1062 1536 δὲ
1146 1482 1235 1536 καὶ
1266 1480 1449 1545 αὖτοῖς
1492 1479 1781 1556 ἐπετίμησε
1823 1493 1943 1543 τοῖς

295 1574 565 1645 μαθηταῖς
648 1570 1021 1649 παροξύνουσιν
1074 1570 1231 1627 αὐτὸν
1288 1571 1425 1627 κατὰ
1502 1576 1609 1627 τῶν
1668 1568 1942 1651 ὅϐριστῶν,

296 1660 434 1717 οὕτω
516 1661 604 1717 καὶ
672 1659 792 1716 τότε
824 1660 1230 1735 σταυρούμενος,
1281 1659 1385 1740 οὔχ
1415 1661 1488 1724 ὡς
1520 1657 1790 1733 ἀδύνατος,
1824 1658 1947 1716 ἀλλ’

295 1752 369 1812 ὡς
428 1752 766 1828 μακρὸθυμος
824 1750 992 1831 φέρει.
1057 1747 1282 1828 Ὠφελεῖ
1334 1747 1387 1805 δὲ
1486 1750 1607 1813 τοὺς
1677 1751 1943 1829 μαθητὰς,

2028 582 2279 660 rium,et
2306 586 2507 648 sciens
2539 587 2695 668 quod
2720 607 2754 649 a
2780 590 3167 654 Samaritanis
3197 582 3315 653 non
3340 602 3539 656 essent
3559 613 3685 655 sus-

2032 671 2706 753 cipiendi,niltilominus
2742 686 2941 740 tamen
2964 678 3099 740 illos
3118 682 3425 758 emittit,ut
3445 703 3681 745 omnem

2033 764 2538 827 Samaritanorum
2573 765 2799 827 auferat
2846 770 3315 843 excusationem,
3360 791 3434 834 ne
3484 772 3684 834 dicere

2035 863 2295 933 possent;
2330 855 2823 933 Suscepissemus
2853 856 3017 918 illum
3060 859 3110 919 si
3154 861 3438 941 quosdam
3472 881 3591 942 pra:
3622 882 3682 923 se

2035 942 2316 1007 misisset.
2353 944 2597 1008 Interim
2631 953 2686 1006 et
2716 946 3027 1027 discipulis
3063 950 3196 1027 ejus
3222 950 3367 1012 utile
3398 951 3511 1013 hoc
3534 961 3676 1031 erat,

2031 1040 2094 1092 ut
2125 1032 2417 1107 videntes,
2446 1042 2650 1115 postea
2680 1034 2741 1096 in
2772 1054 2951 1098 cruce
2983 1036 3070 1098 illi
3099 1040 3682 1119 opprobrari,minus

2030 1122 2593 1198 scandalizarentur,
2619 1124 2723 1186 sed
2748 1144 2817 1186 ex
2847 1125 2960 1187 hoc
2988 1126 3138 1189 facto
3161 1132 3348 1208 magis
3378 1129 3678 1192 discerent

2032 1211 2375 1292 quod,sicut
2398 1232 2556 1275 nunc
2586 1222 3007 1296 contemptusa
3032 1217 3422 1280 Samaritanis
3447 1220 3679 1300 patien—

2030 1307 2118 1362 ter
2150 1301 2304 1376 tulit,
2326 1311 2505 1384 atque
2536 1301 2863 1384 discipulos
2904 1306 3045 1365 540
3086 1306 3407 1388 increpavit
3429 1325 3678 1388 exaspe-

2030 1399 2230 1451 rantes
2261 1410 2397 1452 eum
2421 1400 2631 1453 contra
2652 1394 3140 1475 contumeliosos,
3165 1396 3243 1457 ita
3289 1405 3347 1459 et
3376 1406 3514 1458 tunc
3546 1416 3678 1459 cum

2028 1481 2624 1559 crucifigereturmon
2656 1492 2717 1544 ut
2746 1484 3072 1563 impotens,
3100 1485 3203 1546 sed
3228 1493 3294 1549 ut
3324 1486 3680 1565 longanimis

2028 1568 2196 1632 ferat.
2225 1570 2474 1634 Prodest
2523 1571 2703 1634 etiam
2738 1574 2795 1635 in
2829 1574 2942 1635 hoc
2986 1575 3320 1657 discipulis,
3356 1577 3513 1658 quod
3545 1577 3680 1639 illos

2028 1678 2134 1721 suo
2158 1660 2429 1741 exemplo
2469 1661 2645 1724 docet
2693 1663 2989 1743 patientes
3018 1684 3175 1727 esse.
3200 1665 3291 1727 Illi
3317 1665 3559 1747 quidem
3603 1667 3677 1728 ad

2026 1747 2215 1811 Eliam
2248 1750 2668 1828 respicientes,
2698 1752 2797 1833 qui
2818 1752 2906 1813 bis
2926 1753 3349 1835 quinquaginta
3366 1755 3520 1817 viros
3541 1774 3674 1817 cum

293 1841 379 1895 xxi.
428 1841 557 1895 καθὸ
614 1829 848 1895 διδάσκει
903 1839 1090 1901 αὐτούς
1162 1838 1223 1895 ὲκ
1281 1848 1375 1898 τοῦ
1425 1836 1542 1895 καθ’
1589 1840 1744 1895 αὑτὸν
1805 1840 1940 1896 ὑπο-

2031 1839 2559 1920 quinquagenariis
2590 1829 2961 1921 principibus
2994 1829 3324 1919 exusserat,
3356 1862 3676 1924 exaspera-

294 1925 599 2005 δείγματος,
676 1927 1011 1994 ἀνεξικάκως
1056 1928 1223 1987 εἶναι.
1281 1928 1437 1987 Αὐτοὶ
1495 1928 1593 2003 μὲν
1644 1929 1745 2007 γὰρ
1818 1931 1947 2008 πρὸς

294 2019 385 2074 τὸν
441 2015 626 2075 Ἠλίαν
684 2018 1007 2095 ἀφορῶντες,
1082 2016 1141 2081 ὅς
1183 2016 1468 2098 κατέφλεξε
1512 2016 1587 2080 δὶς
1618 2020 1946 2089 πεντήκοντα

297 2107 485 2187 ἄνδρας
545 2108 679 2184 μετά
735 2113 842 2163 τῶν
900 2107 1411 2187 πεντηκοντάρχων,
1485 2106 1783 2186 παρώξυνον
1854 2109 1944 2165 τὸν

298 2198 483 2274 Κύριον
548 2197 683 2254 κατὰ
736 2203 843 2253 τῶν
898 2194 1240 2276 ὑϐρισάντων·
1306 2194 1381 2253 ἔνι
1412 2198 1510 2275 γὰρ
1539 2195 1753 2261 ἀτελεῖς
1783 2196 1940 2264 ἦσαν,

295 2287 459 2348 Αὒτὸς
515 2283 571 2341 δὲ
625 2284 873 2342 δεικνύων
927 2285 1135 2358 αὐτοῖς,
1198 2283 1278 2340 ὅνι
1338 2283 1665 2363 ὑψηλότερὸς
1716 2286 1856 2343 ἐστιν
1915 2290 1942 2343 6

293 2378 452 2435 αὐτοῦ
519 2375 680 2450 νόμος
754 2375 788 2442 ἢ
847 2377 874 2430 6
945 2374 1079 2429 κατᾶ
1150 2374 1239 2431 τον
1297 2372 1484 2431 Ἠλίαν
1538 2375 1673 2452 βίος,
1723 2377 1944 2451 επιτιμᾷ

296 2464 505 2544 αὐτοῖς,
562 2464 650 2521 καὶ
724 2464 1005 2543 ἀφίστησιν
1062 2463 1167 2519 ἀπὸ
1219 2468 1320 2531 τῆς
1377 2464 1625 2531 τοιαύτης
1694 2465 1939 2541 γνώμης,

298 2553 514 2620 Διδάξας
582 2555 763 2633 πράως
834 2552 1006 2633 φέρειν
1065 2554 1185 2618 τοὺς
1228 2550 1550 2630 ὑϐρίζοντας.
1595 2556 1653 2612 Τί
1701 2550 1756 2609 δὲ
1801 2554 1941 2611 ἐστιν

293 2642 421 2723 ὅπερ
477 2641 643 2721 λέγει,
704 2642 813 2701 Οὔκ
851 2640 1092 2707 ὶδέξαντο
1158 2644 1335 2715 αὒτὸν,
1402 2644 1482 2699 ὃτι
1542 2642 1942 2723 τὸρπρόσωπον

293 2719 451 2789 αύτοῦ
508 2719 575 2800 ἧν
641 2733 997 2811 πορευόμενον
1056 2733 1127 2797 εἷς
1181 2730 1533 2810 Ἰερουσαλήμ
1568 2754 1584 2808 ;
1619 2719 1749 2811 Ἀρα
1788 2736 1941 2790 τοῦτο

292 2821 459 2900 λέγει,
528 2819 608 2877 ὅτι
675 2825 769 2880 06x
800 2818 1038 2887 ἐδέξαντο
1082 2821 1261 2895 αὐτὸν,
1308 2818 1440 2878 διότι
1474 2820 1735 2901 ἀφώρισεν
1784 2824 1940 2887 αὐτὸς

292 2909 543 2969 ἀπελθεῖν
617 2912 690 2974 εἰς
790 2901 1179 2987 ἰερουσαλήμ;
1241 2912 1341 2969 Καὶ
1400 2910 1587 2967 λοιπὸν
1654 2910 1743 2967 ὲὶν
1804 2912 1941 2969 οὕτω

291 3002 595 3077 νοήσωμεν,
659 3002 741 3057 ὃτι
796 2997 878 3055 διὰ
948 3008 1103 3058 τοῦτο
1161 2999 1316 3056 αὖτὸν
1347 3003 1442 3059 06x
1498 2998 1757 3075 ἐδέξαντο,
1807 2998 1939 3057 διότι

291 3092 446 3154 αὐτὸς
504 3090 766 3169 ἀφώρισεν
835 3087 1084 3146 ἀπελθεῖν
1143 3091 1215 3153 εἷς
1264 3080 1633 3167 Ἰερουσαλὴμ,
1667 3089 1938 3169 εὑρίσκον-

2030 1926 2173 1989 bant
2192 1929 2505 1991 Dominum
2527 1937 2733 1991 contra
2752 1948 2854 1993 eos
2880 1932 2981 2011 qui
3004 1950 3064 1993 se
3082 1932 3301 2011 injuria
3324 1933 3672 1997 affecerant:

2031 2024 2202 2079 erant
2250 2017 2411 2079 enim
2459 2019 2652 2080 adhuc
2687 2019 3044 2100 imperfecti.
3080 2020 3372 2084 Caeterum
3408 2021 3676 2085 Chrisms

2028 2106 2251 2169 docens
2284 2107 2471 2186 legem
2503 2127 2670 2170 suam
2692 2108 3101 2172 sublimiorem
3125 2130 3300 2191 quam
3314 2111 3491 2171 vitam
3507 2110 3672 2185 Eliae,

2027 2195 2297 2278 increpat
2328 2215 2453 2277 eos,
2487 2206 2663 2279 atque
2692 2216 2725 2259 a
2752 2198 2853 2260 tali
2905 2200 3201 2261 sententia
3230 2199 3491 2273 abducit,
3538 2219 3673 2263 cum

2024 2284 2325 2347 docuisset
2354 2295 2660 2348 mansuete
2692 2286 2970 2349 ferendos
3001 2288 3135 2349 illos
3166 2292 3268 2368 qui
3296 2288 3516 2368 injuria
3537 2290 3673 2350 alti-

2025 2374 2285 2439 ciebant.
2309 2374 2457 2449 Quid
2490 2385 2685 2438 autem
2711 2386 2798 2438 est
2827 2377 2988 2458 quod
3018 2376 3185 2451 dicit,
3220 2397 3340 2439 non
3384 2396 3673 2459 suscepe-

2024 2472 2163 2526 runt
2186 2482 2345 2539 eum,
2373 2464 2509 2546 quia
2554 2465 2732 2528 facies
2762 2467 2893 2545 ejus
2941 2474 3067 2529 erat
3111 2469 3303 2529 euntis
3334 2466 3673 2549 Hierosoly-

2027 2554 2503 2635 mam?Nunquid
2534 2554 2679 2617 dicit
2709 2556 2864 2637 quod
2899 2575 3017 2618 non
3049 2556 3673 2638 susceperinteum,eo

2026 2644 2183 2725 quod
2222 2643 2537 2706 deﬁnierat
2563 2644 2729 2707 abire
2760 2644 3255 2726 Hierosolymam?
3299 2654 3355 2706 et
3385 2665 3517 2707 cum
3562 2646 3673 2708 boc

2025 2733 2113 2794 sic
2142 2732 2803 2813 intellexerimus,quod
2826 2753 2962 2795 eum
2984 2742 3296 2814 propterea
3325 2752 3442 2794 non
3473 2752 3671 2796 susce-

2026 2821 2244 2903 perint,
2280 2840 2350 2883 eo
2400 2822 2556 2903 quod
2605 2823 2915 2884 deﬁnierat
2964 2821 3131 2884 abire
3177 2821 3668 2902 Hierosolymam,

2026 2909 2411 2973 inveniuntur
2458 2910 2544 2973 illi
2586 2912 2851 2974 excusati
2896 2930 3014 2973 non
3067 2910 3515 2992 suscipientes?
3570 2912 3672 2975 Est

2024 2999 2205 3075 igitur
2234 2998 2576 3081 dicendum,
2613 2999 2770 3080 quod
2802 2998 3161 3080 evangelista
3186 3000 3297 3060 hoc
3321 2998 3488 3080 dicit,
3509 3003 3664 3079 quod

2025 3108 2144 3151 non
2176 3098 2568 3171 susceperunt
2592 3108 2953 3171 eum,neque
2984 3089 3292 3151 intravitin
3314 3087 3661 3155 Samariam:

288 3202 374 3237 ται
447 3179 642 3236 ἐκεῖνοι
700 3179 946 3258 ἀναίτιοι,
1005 3180 1051 3235 οἱ
1126 3178 1203 3254 μὴ
1233 3176 1505 3255 δεξάμενοι
1543 3198 1559 3253 ;
1604 3176 1809 3235 ’Ἔστιν
1853 3182 1940 3243 οὖν

2026 3178 2243 3242 deinde
2299 3170 2465 3261 qUasi
2521 3170 2941 3259 interrogasset
2988 3179 3302 3261 quispiam,
3333 3200 3519 3262 quare
3550 3201 3667 3245 non

290 3272 462 3328 εἰπεῖν
522 3268 602 3326 ὅτι
689 3277 842 3327 τοῦτο
910 3268 1055 3349 λέγει
1130 3271 1157 3326 6
1231 3268 1636 3348 εὗαγγελιστὴς,
1698 3269 1777 3326 ὅτι
1849 3274 1940 3329 06x

2026 3277 2420 3351 susceperunt
2458 3270 2538 3351 (α)
2584 3269 2673 3331 vel
2730 3265 2897 3331 inviti
2947 3287 3107 3351 eum,
3161 3287 3354 3351 neque
3384 3269 3668 3335 intravit?

290 3356 529 3425 ἐδέξαντο
582 3357 764 3414 αὐτὸνί
824 3355 941 3414 οὐδὲ
1004 3356 1244 3424 εἰσῆλθεν
1290 3359 1361 3419 εἰς
1424 3360 1747 3437 Σαμάρειαν.
1802 3359 1938 3417 Εἶτα

2025 3360 2285 3441 nunquid
2317 3359 2617 3440 impotens
2648 3358 2805 3421 erat?
2834 3378 2907 3421 an
2935 3379 3053 3421 non
3087 3358 3313 3422 valebat
3345 3359 3522 3421 etiam
3554 3361 3667 3423 illis

287 3448 463 3527 ὥσπερ
534 3449 675 3512 τινὸς
722 3447 1114 3527 ἐρωτήσαντος,
1188 3448 1275 3504 καὶ
1317 3444 1451 3504 διατί
1496 3449 1598 3529 οὐχ
1627 3446 1937 3515 ὑπεδέξαντο

2025 3448 2365 3511 nolentibus
2394 3448 2657 3527 ingredi?
2688 3447 2933 3512 Solvens
2984 3450 3120 3531 hoc,
3154 3448 3299 3511 dicit
3330 3468 3343 3509 :
3382 3467 3501 3510 non
3531 3449 3666 3512 ideo

288 3540 445 3599 αὐτὸν
511 3539 597 3593 καὶ
667 3534 907 3612 ἄκοντες,
970 3536 1087 3596 068‘s
1146 3536 1405 3612 εἰσῆλθεν,
1478 3537 1579 3616 ἆρα
1634 3535 1766 3596 διότι
1806 3536 1933 3595 ἀδύ-

2025 3538 2156 3619 quia
2187 3538 2484 3619 impotens
2532 3538 2659 3615 fuit,
2706 3538 2812 3600 sed
2861 3538 2999 3620 quia
3029 3538 3219 3600 noluit
3250 3538 3387 3599 illuc
3418 3538 3528 3620 ire,
3563 3540 3666 3603 sed

286 3650 438 3693 νατος
496 3628 583 3702 ἦν,
658 3626 694 3695 ἢ
768 3626 863 3685 οὒκ
916 3627 1081 3708 ἴσχυε
1125 3626 1222 3684 κᾶν
1258 3627 1454 3685 ἐκεῖνοι
1514 3629 1593 3703 μὴ
1624 3626 1931 3710 ἐϐούλοντο,

2025 3626 2483 3709 Hierosolymam
2525 3649 2537 3692 :
2572 3628 2849 3710 quoniam
2908 3627 3023 3690 nisi
3067 3629 3182 3689 hoc
3221 3627 3451 3703 fuisset,
3487 3628 3661 3691 etiam

285 3717 540 3776 εἰσελθεῖν
575 3737 592 3792 ;
668 3717 815 3775 Λύων
866 3725 1043 3781 τοῦτο.
1080 3719 1259 3799 φησίν·
1296 3717 1420 3797 οὐχὶ
1463 3716 1547 3773 διὰ
1576 3719 1637 3774 τὸ
1686 3715 1934 3785 ἀδύνατος

2025 3717 2215 3780 invitis
2243 3717 2359 3781 illis
2388 3719 2447 3780 in
2477 3717 2791 3780 castellum
2824 3717 3124 3797 ingressus
3151 3716 3380 3779 fuisset.

284 3808 451 3880 εἶναι,
495 3806 631 3863 ἀλλᾶ
662 3804 793 3864 διότι
823 3808 919 3863 οὑκ
944 3805 1190 3865 ἐϐούλετο
1221 3807 1335 3863 ἐκεῖ
1393 3805 1673 3886 εἰσελθεῖν,
1738 3806 1876 3865 ἀλλὰ
1928 3806 2180 3866 ἀπελθεῖν
2240 3809 2313 3872 εἷς
2382 3807 2740 3888 Ἰεροσόλυμα,
2773 3809 2889 3864 επεὶ
2922 3810 2964 3863 εἰ
3008 3808 3084 3881 μὴ
3119 3815 3273 3864 τοῦτο
3306 3809 3395 3883 ἦν,
3445 3809 3533 3864 καὶ
3590 3802 3666 3868 μὴ

282 3896 613 3974 βουλομένων
644 3895 855 3954 ἐκείνων
888 3896 1128 3964 εἰσῆλθεν
1158 3898 1220 3953 ἂν
1251 3899 1322 3964 εἷς
1365 3898 1464 3964 τὴν
1496 3918 1712 3971 κώμην.

368 4010 395 4042 α
473 3984 716 4065 Ἐγένετο
769 3983 823 4042 δὲ
891 3986 1254 4065 πορευομένων
1310 3984 1482 4042 αὖτῶν
1538 3985 1593 4041 ὲν
1674 3987 1742 4063 τῇ
1802 3984 1930 4066 ὁδῷ,

284 4074 409 4133 εἶπέ
462 4097 542 4141 τις
614 4075 744 4153 πρὸς
817 4076 994 4132 αὐτόν*
1050 4073 1425 4145 Ἀκολουθήσω
1496 4096 1577 4132 σοι
1658 4074 1790 4132 ὅπου
1871 4075 1932 4131 ἄν

284 4165 523 4244 ἀπέρχῃ,
584 4165 762 4236 Κύριε.
818 4165 917 4223 Καὶ
992 4166 1146 4220 εἶπεν
1190 4164 1333 4238 αὒτῷ
1362 4166 1389 4219 6
1422 4162 1647 4231 Ἰησοῦς
1692 4166 1752 4224 Ai
1784 4163 1931 4221 ἁλώ-

284 4272 442 4318 πεκες
500 4252 736 4333 φωλεούς
795 4252 1005 4333 ἔχουσι,
1078 4254 1166 4309 καὶ
1220 4253 1285 4310 τὰ
1340 4254 1553 4310 πετεινὰ
1582 4260 1675 4309 τοῦ
1716 4256 1935 4329 οὐρανοῦ

283 4343 740 4411 κατασκηνώσεις’
819 4346 846 4399 6
906 4342 959 4399 δὲ
1024 4346 1141 4405 Υἱὸς
1211 4351 1305 4399 τοῦ
1361 4342 1635 4419 ἀνθρώπου
1667 4344 1760 4400 06x
1812 4342 1929 4423 ἔχει

280 4442 383 4492 ποῦ
441 4434 539 4501 τὴν
594 4431 833 4514 κεφαλὴν
876 4433 1050 4508 κλίνῃ.
1104 4434 1242 4489 Εἶπε
1273 4429 1328 4488 δὲ
1358 4433 1489 4509 πρὸς
1530 4430 1728 4509 ἕτερον’
1764 4424 1928 4489 Ἀκο-

280 4518 448 4579 λούθει
520 4543 634 4596 μοι.
674 4512 757 4580 νὈ
815 4520 869 4577 δὲ
902 4522 1049 4578 εἶπε·
1091 4522 1269 4600 Κύριε,
1317 4520 1599 4597 ἐπίτρεψόν
1631 4543 1721 4596 μοι
1751 4520 1923 4579 ἀπελο

2100 3984 2492 4051 VEns.57-62.
2525 4012 2546 4045 ι
2587 3988 2831 4052 Factum
2852 3994 2940 4050 est
2968 3993 3191 4067 autem,
3222 3985 3668 4051 ambulantibus

2014 4072 2134 4136 illis
2164 4074 2226 4137 in
2262 4077 2369 4148 via,
2400 4076 2549 4140 dixit
2579 4076 2820 4159 quidam
2854 4076 2927 4138 ad
2962 4075 3128 4137 illum
3158 4098 3171 4137 :
3198 4078 3429 4157 Sequar
3452 4077 3663 4147 te,Do-

2018 4166 2201 4246 mine,
2235 4185 2593 4248 quocunque
2639 4166 2803 4229 ieris.
2860 4165 3015 4227 Dixit
3069 4164 3155 4226 illi
3194 4164 3368 4228 Jesus
3402 4164 3665 4247 :Vulpes

2016 4254 2219 4318 foveas
2249 4255 2563 4327 habent,et
2590 4256 2859 4319 volucres
2892 4254 3029 4317 caeli
3062 4253 3448 4316 nidostilius
3469 4262 3663 4317 autem

2016 4344 2273 4406 hominis
2304 4363 2421 4407 non
2459 4345 2635 4407 habet
2663 4345 2765 4407 ubi
2794 4352 2970 4425 caput
3027 4362 3200 4404 suum
3252 4344 3522 4408 reclinet.
3562 4343 3666 4406 Ait

2014 4442 2209 4495 autem
2244 4434 2316 4495 ad
2346 4434 2601 4497 alterum
2637 4455 2649 4496 :
2681 4437 2945 4515 Sequere
2977 4452 3092 4495 me.
3131 4432 3233 4496 llle
3265 4441 3462 4494 autem
3493 4432 3660 4494 dixit:

2013 4520 2285 4594 Domine,
2324 4523 2601 4604 permitte
2625 4524 2769 4585 mihi
2809 4523 3065 4602 primum
3099 4521 3285 4595 abire,
3321 4529 3379 4584 et
3408 4522 3663 4602 sepelire

278 4610 416 4667 θόντι
464 4616 671 4686 πρῶτον
727 4611 890 4685 θὶψτι
962 4615 1050 4666 τὸν
1122 4611 1321 4689 πατέρα
1355 4633 1479 4684 μου,
1518 4610 1656 4667 Εἶπε
1702 4608 1755 4665 δὲ
1787 4610 1928 4686 αὐτῷ

2025 4618 2238 4690 patrem
2276 4611 2667 4675 meum.Dixit
2707 4620 2906 4673 autem
2934 4612 2985 4672 ei
3011 4609 3203 4673 Jesus:
3231 4609 3371 4671 Sine
3402 4618 3467 4671 ut
3498 4628 3662 4672 mor-

278 4702 306 4757 6
365 4699 592 4767 Ἰησοῦς·
670 4699 852 4780 ’Ἀιρες
902 4702 1017 4765 τοὺς
1075 4701 1285 4778 νεκροὺς
1356 4700 1518 4774 θάψαι
1564 4700 1685 4762 τοὺς
1731 4700 1929 4759 ἑαυτῶν

2025 4700 2097 4761 tui
2119 4699 2414 4781 sepeliant
2435 4709 2698 4763 mortuos
2730 4711 2961 4762 suos:tu
2992 4716 3132 4761 vero
3163 4698 3309 4760 vade
3340 4707 3398 4760 et
3426 4717 3662 4761 annun-

276 4790 512 4869 νεκροὺς,
569 4790 631 4845 σὺ
688 4787 743 4845 δὲ
821 4787 1085 4860 ἀπελθὼν,
1166 4787 1445 4870 διάγγελλε
1503 4789 1601 4855 τήν
1658 4786 1929 4865 βασιλείαν

2025 4790 2093 4851 tia
2122 4808 2373 4870 regnum
2404 4789 2533 4854 Dei.
2572 4792 2646 4854 Et
2676 4790 2759 4854 ait
2788 4790 2939 4853 alius
2967 4810 2979 4849 :
3010 4788 3237 4870 Sequar
3274 4792 3359 4862 te,
3388 4788 3657 4864 Domine,

274 4867 378 4937 τσῦ-
422 4867 576 4939 Θεοῦ.
650 4878 791 4937 Εῐπε
852 4876 907 4933 δὲ
980 4879 1067 4934 καὶ
1123 4876 1321 4956 ἔτερος·
1394 4867 1767 4947 Ἀκολουθήσω
1812 4901 1924 4954 σοι,

2025 4881 2117 4943 sed
2151 4867 2429 4962 permitte
2456 4880 2598 4941 mihi
2624 4880 2787 4960 prius
2817 4887 2879 4941 ut
2911 4867 3259 4940 dicam'vale
3280 4876 3377 4950 iis,
3402 4878 3503 4959 qui
3525 4886 3663 4939 sunt

276 4968 454 5049 Κύριε,
527 4974 735 5047 πρῶτον
795 4964 849 5022 δὲ
909 4966 1189 5046 ἐπίτρεψόν
1262 4989 1353 5042 μοι
1406 4965 1763 5031 ἀποτάξασθαι
1809 4982 1926 5034 τοῖς

2025 4970 2175 5032 iomi
2205 4989 2374 5034 meae.
2407 4970 2505 5032 Ait
2546 4970 2617 5031 ad
2672 4970 2841 5033 illum
2869 4968 3045 5033 Jesus
3079 4988 3092 5031 :
3125 4966 3311 5029 Nemo
3352 4967 3452 5049 qui
3482 4986 3663 5030 manu

274 5058 343 5122 εἷς
394 5059 485 5114 τὸν
541 5058 695 5116 οἶκόν
761 5081 881 5132 μου.
959 5058 1095 5114 Eine
1139 5054 1193 5111 δὲ
1252 5060 1279 5112 6
1312 5054 1518 5135 Ἰησοῦς
1563 5057 1695 5135 πρὸς
1746 5059 1922 5116 αὖτόψ

274 5143 448 5209 οὸδεὶς
502 5144 771 5203 ἒπιϐαλὼν
841 5146 940 5213 τὴν
1014 5159 1180 5225 χετρα
1226 5146 1379 5203 αὐτοῦ
1425 5134 1521 5200 ἀπ’
1566 5143 1785 5223 ἄροτρον
1840 5150 1927 5205 καὶ

271 5232 482 5309 βλέπων
534 5236 605 5298 εἰς
661 5236 727 5291 τὰ
755 5235 949 5309 ὀπίσω,
985 5234 1189 5296 εὔθετός
1236 5232 1377 5289 ἐστιν
1409 5234 1481 5297 εἰς
1526 5233 1625 5300 τὴν
1654 5232 1924 5308 βασιλείαν

268 5326 359 5381 τοῦ
417 5331 571 5384 Θεοῦ.
648 5348 672 5382 ι
765 5325 931 5390 Οὗτος
990 5326 1019 5380 6
1105 5322 1408 5402 προσελθὼν
1463 5328 1541 5396 τῷ
1586 5320 1786 5402 Ἰησοῦ,
1836 5328 1923 5383 καὶ

260 5414 623 5491 Ἔκίτησάμενος
679 5414 772 5470 ἵνα
851 5413 1115 5482 ἀκολουθῇ
1208 5414 1372 5487 αὐτῷ,
1456 5412 1589 5487 μετὰ
1688 5421 1921 5492 πονηρᾶς

268 5500 486 5579 γνώμης
546 5501 867 5583 προσῆλθεν.
928 5500 1077 5559 Ἐπεὶ
1133 5501 1234 5581 γὰρ
1263 5498 1371 5557 ε’ίδε
1403 5502 1494 5558 τὸν
1529 5500 1712 5579 Κύριον
1754 5500 1919 5560 πολὺν

2012 5076 2115 5119 sua
2149 5059 2389 5122 admota
2448 5069 2666 5133 aratro,
2702 5059 2961 5140 respexit
3012 5077 3047 5119 a
3104 5064 3293 5136 tergo,
3346 5065 3516 5133 aptus
3573 5065 3663 5117 est

2008 5166 2198 5228 regno
2230 5149 2397 5212 Dei.»
2434 5148 2547 5211 Hic
2574 5151 2668 5231 qui
2702 5148 2955 5211 accessit
2987 5146 3061 5209 ad
3090 5145 3385 5219 Jesum,et
3412 5145 3661 5227 petiitut

2008 5248 2363 5319 sequeretur
2393 5238 2582 5319 illum,
2618 5240 2771 5301 mala
2797 5245 2993 5300 mente
3032 5234 3302 5297 accessit.
3324 5234 3470 5308 Quia
3500 5234 3658 5296 enim

2006 5326 2158 5390 vidit
2187 5346 2459 5407 magnam
2493 5326 2720 5389 turbam
2756 5327 2923 5408 sequi
2957 5322 3296 5399 Dominum,
3322 5325 3660 5405 suspicatus

2005 5424 2115 5491 est,
2142 5416 2298 5498 quod
2334 5415 2648 5498 pecuniam
2683 5415 2755 5477 ab
2778 5416 2880 5478 illa
2908 5414 3214 5494 colligeret
3244 5412 3557 5487 Dominus,
3592 5422 3651 5474 et

2004 5506 2261 5587 speravit
2283 5506 2460 5569 etiam
2476 5506 2605 5588 ipse
2629 5504 2937 5588 sequendo
2969 5504 3247 5586 pecunias
3260 5522 3325 5567 se
3337 5520 3657 5583 congrega-

352 5678 436 5760 (ιι)
469 5678 628 5749 Edit.
661 5680 793 5747 Lut.
828 5678 1063 5761 omittit,
1096 5696 1291 5762 quare
1320 5696 1439 5744 non
1468 5687 1882 5764 susceperunt,
1908 5690 2023 5749 etc.
