4116 6212
465 310 577 376 831
1173 333 1186 350 δ
1437 312 2031 376 THEOPHYLACTI
2081 307 2488 372 BULGARl/E
2536 311 2890 373 ARCHIEP.
3790 311 3918 373 83?

469 448 663 504 turum
695 465 706 506 :
736 442 959 507 idcirco
990 443 1229 525 repellit
1264 460 1396 505 eum
1432 441 1743 516 Dominus,
1768 441 1934 523 quasi
1983 440 2104 502 talia

2200 441 2366 520 ὄχλον
2410 441 2768 518 ἐπαγόμενον,
2814 441 3079 522 ἐνόμισεν,
3115 443 3196 499 ὅτι
3225 445 3331 500 ἀπὸ
3361 445 3558 502 τούτων
3597 447 3916 525 χρήματα

469 530 674 592 dicens
696 533 749 594 ei
785 552 796 596 :
825 533 912 595 Tu
946 533 1183 614 quidem
1213 541 1381 612 putas
1410 532 1566 612 quod
1602 532 1912 611 pecuniam
1947 531 2104 592 colle!

2205 529 2446 608 συλλέγει
2502 533 2556 615 6_
2603 532 2814 612 Κύριος,
2902 533 2990 589 καὶ
3046 531 3181 607 ᾤετο
3212 535 3299 590 καὶ
3331 534 3512 615 αὐτὸς,
3547 537 3593 591 εὶ
3634 534 3914 592 ἀκολου-

467 629 669 683 cturus
701 625 803 696 sis,
841 613 1010 686 sime
1042 625 1334 703 sequaris,
1365 631 1422 682 et
1476 622 1632 702 quod
1677 624 1788 683 vita
1824 640 1954 682 mea
1993 621 2104 680 tali:

2203 620 2350 689 θήσει
2407 624 2483 694 τῷ
2544 613 2740 696 Ἱησοῦ,
2813 636 3135 701 συναγαγεῖν
3203 613 3506 703 χρήματα,
3548 623 3654 681 διὰ
3740 625 3915 682 τοῦτο

469 709 545 771 sit
576 731 750 792 quam
783 713 1100 774 doceosed
1139 731 1254 772 non
1279 711 1720 772 est.Enimvcro
1755 729 1940 790 usque
1971 709 2104 771 adet

2205 709 2292 766 οὖν
2353 709 2702 789 ἀποκρούεται
2773 712 2929 770 αὐτὸν
2990 713 3018 767 6
3081 712 3290 789 Κύριος,
3350 716 3659 793 μονονουχὶ
3715 713 3915 791 λέγων

470 809 868 880 paupertatem
902 801 1087 862 doceo
1124 811 1180 861 et
1206 800 1445 874 induco,
1474 807 1536 860 ut
1575 819 1708 860 cum
1733 799 1847 861 alia
1878 798 2104 879 quidem

2206 803 2345 858 αὒτῶ
2401 803 2640 855 τοιαὸτα·
2719 801 2793 856 Σὺ
2849 801 2947 877 μὲν
3005 803 3233 876 νομίζεις
3293 804 3555 882 χρήματα
3630 802 3915 868 συνάξειν

471 889 753 951 enin-ralia
784 891 978 951 foveas
1009 889 1286 958 habeant,
1323 908 1428 966 ego
1462 907 1535 948 ne
1558 889 1796 949 domum
1849 887 2113 969 quidem,

469 985 526 1037 et
551 979 634 1039 sic
663 979 826 1039 illum
854 979 1071 1058 repulit
1129 978 1322 1039 Alium
1356 985 1549 1038 autem
1589 977 1686 1056 qui
1721 997 1837 1037 non
1868 995 2114 1055 rogave-

470 1075 580 1138 rat,
613 1069 894 1147 permittit
935 1068 1144 1148 sequi:
1185 1078 1240 1129 et
1271 1087 1403 1128 cum
1462 1075 1688 1146 peteret
1745 1075 1805 1127 ut
1857 1066 2022 1128 abire
2061 1059 2116 1127 ei

469 1155 696 1228 liceret,
756 1167 814 1219 et
865 1157 1127 1234 sepelire
1182 1168 1409 1236 patrem
1463 1157 1593 1215 341
1661 1174 1858 1232 suum,
1893 1157 1946 1215 ei
2000 1175 2115 1215 non

467 1244 765 1318 concedit,
800 1245 1007 1308 dicens
1039 1265 1050 1308 :
1087 1246 1228 1308 Sine
1255 1252 1515 1305 mortuos
1564 1245 1822 1325 sepelire
1855 1252 2116 1305 mortuos

466 1351 747 1413 suos,quo
773 1335 1030 1397 insinuat
1060 1335 1435 1396 incredulum
1461 1334 1644 1396 fuisse
1677 1342 1901 1414 patrem
1933 1334 2114 1407 illius,

465 1432 520 1482 et
548 1435 863 1499 promerea
895 1424 1199 1503 indignum
1227 1424 1398 1502 cujus
1429 1442 1627 1485 curam
1674 1431 1908 1500 gereret
1961 1423 2115 1483 ﬁlius

461 1511 558 1590 qui
589 1512 942 1572 crediderat.
983 1512 1124 1574 Sine
1157 1515 1315 1574 enim
1373 1523 1637 1573 mortuos
1668 1520 1971 1590 cognatos,
2005 1511 2116 1572 hoc

464 1601 932 1675 estincredulos,
966 1603 1259 1664 increduli
1311 1601 1495 1682 patris
1528 1621 1726 1662 curam
1780 1619 2012 1680 gerere,
2056 1611 2114 1662 et

461 1686 622 1749 illum
660 1709 900 1769 pascere
923 1710 1106 1773 usque
1132 1691 1203 1752 ad
1239 1691 1623 1770 sepulturam.
1658 1689 1922 1769 Sepelire
1954 1690 2111 1750 enim

459 1775 571 1840 hoc
595 1778 722 1842 loco
756 1780 1048 1860 signiﬁcat
1079 1800 1279 1842 curam
1313 1799 1521 1859 gerere
1543 1799 1730 1861 usque
1755 1780 1825 1839 ad
1850 1780 2112 1856 sepultu-

456 1882 580 1927 ram
621 1885 632 1930 :
665 1869 800 1948 quia
832 1880 887 1930 et
919 1869 1254 1930 communis
1285 1886 1481 1930 sermo
1518 1869 1595 1930 ita
1626 1868 1822 1942 habet,
1853 1885 1985 1927 cum
2015 1866 2104 1927 di-

2193 1869 2312 1931 τοὺς
2386 1869 2596 1947 νεκροὺς
2653 1883 2950 1950 συγγενεῖς,

458 1955 667 2030 cimus,
704 1958 802 2019 ille
835 1960 991 2020 ﬁlius
1040 1959 1277 2038 sepeliit
1313 1968 1535 2038 patrem
1570 1977 1895 2037 suum,non
1930 1957 2108 2018 intel-

457 2043 694 2121 ligimus
715 2048 869 2126 quod
903 2059 1127 2108 tantum
1161 2047 1467 2126 sepelierit
1490 2065 1649 2116 eum,
1683 2055 1739 2106 et
1789 2046 1933 2106 nihil
1970 2044 2110 2105 boni

452 2132 608 2192 aliud
643 2134 727 2194 illi
754 2136 980 2201 fecerit.
1019 2137 1122 2197 sed
1149 2137 1300 2216 quod
1329 2135 1671 2214 diligentem
1721 2135 1848 2214 ejus
1903 2151 2104 2195 curam

453 2220 722 2284 habuerit
755 2243 940 2304 usque
958 2233 1028 2286 ad
1060 2233 1309 2285 mortem
1337 2233 1390 2284 et
1417 2223 1997 2302 sepulturamlgitur
2022 2224 2103 2284 illi

454 2309 692 2389 quidem
730 2313 965 2385 mortui,
995 2314 1104 2374 hoc
1136 2321 1225 2374 est
1256 2312 1580 2384 increduli,
1617 2312 1906 2392 sepeliant
1940 2331 2104 2373 mor-

459 2405 620 2458 tuum
657 2419 853 2472 suum,
889 2401 1023 2462 dico
1076 2410 1299 2482 patrem
1361 2411 1549 2463 tuum.
1595 2401 1681 2462 Tu
1741 2411 1932 2462 autem
1969 2401 2108 2479 quia

455 2489 781 2569 credidisti,
803 2491 1084 2553 annuntia
1143 2491 1301 2554 velut
1334 2509 1501 2552 meus
1533 2489 1802 2570 dispulus
1832 2491 2106 2569 Evange-

456 2575 598 2636 lium
624 2578 884 2641 Dei.Hoc
905 2590 1098 2641 autem
1123 2580 1271 2641 dixit
1295 2580 1604 2650 Dominus,
1634 2598 1748 2639 non
1783 2579 2106 2658 prohibens

453 2684 560 2726 nos
589 2666 656 2728 ab
697 2668 926 2729 alendis
981 2669 1348 2748 parentibus,
1403 2669 1505 2729 sed
1549 2669 1770 2729 docens
1824 2668 2103 2748 pietatem

457 2757 1219 2836 praeferendamincredulis
1237 2757 1679 2838 parentibus,eo
1697 2757 1850 2838 quod
1879 2758 2103 2817 nullum

455 2846 528 2907 ad
563 2848 836 2910 virtutem
867 2849 1235 2910 obstaculum
1267 2867 1398 2909 esse
1431 2847 1642 2908 debeat
1678 2868 1689 2908 :
1728 2856 1783 2908 et
1829 2856 2101 2907 contem-

453 2937 707 2998 nendam
740 2939 912 3000 etiam
949 2949 1214 2999 naturam
1254 2936 1722 3018 propriam,ideo
1759 2936 1981 3015 petenti
2005 2955 2099 2995 se-

453 3027 551 3107 qui
591 3027 781 3101 illum,
815 3028 978 3108 prius
1019 3037 1212 3088 autem
1265 3025 1607 3086 renuntiare
1651 3025 1743 3085 his
1777 3043 1908 3105 qua:
1939 3025 2101 3085 domi

451 3133 592 3192 suae,
606 3135 719 3176 non
738 3116 1148 3195 concessit,ire
1162 3115 1386 3177 scilicet
1404 3115 1460 3174 in
1478 3115 1718 3174 domum
1737 3132 1900 3174 suam
1916 3122 1994 3189 ,et
2012 3131 2101 3173 re-

2199 887 2305 943 ἀπὸ
2363 891 2454 945 106
2524 886 2835 946 ἀκολουθεῖν
2890 888 3031 965 ἐμοὶ,
3063 889 3170 946 οἴει
3198 893 3298 970 γὰρ
3341 890 3420 948 ὅτι
3466 895 3493 948 6
3554 892 3710 967 ἐμὸς
3783 895 3912 969 βίος

2197 977 2434 1042 τοιοῦτός
2489 980 2656 1053 ἐστιν,
2718 977 2839 1034 ἀλλ’
2895 981 2998 1058 οὐχ
3068 979 3234 1044 οὕτως
3282 979 3424 1060 ἔχει.
3458 989 3760 1040 Τοσοῦτον
3799 983 3909 1059 γὰρ

2199 1066 2471 1143 πτωγείαν
2527 1068 2840 1144 εἷσηγοῦμαι
2895 1069 2983 1124 καὶ
3041 1065 3292 1144 διδάσκω,
3365 1070 3501 1127 ὥστε
3534 1070 3736 1128 τᾶλλα
3803 1073 3911 1145 μὲν

2198 1159 2309 1225 ζῶα
2379 1153 2613 1232 φωλεοὺς
2676 1155 2844 1236 ἔχειν,
2901 1156 2996 1231 ἐμὲ
3058 1155 3112 1212 δὲ
3184 1157 3321 1232 μηδὲ
3383 1160 3574 1233 οἰκίαν,
3605 1161 3723 1216 καὶ
3761 1167 3910 1218 106-

2198 1264 2288 1298 τον
2361 1243 2458 1318 μὲν
2518 1243 2681 1307 οὕτως
2755 1245 3141 1323 ἀπεκρούσατο.
3179 1247 3376 1326 Ἐτέρῳ
3417 1247 3472 1304 δέ
3501 1248 3648 1323 μηδὲ
3712 1249 3907 1315 ἀξιώ-

2197 1353 2347 1388 σαντι
2420 1331 2687 1412 ἐπιτρέπει
2742 1336 2803 1391 16
2858 1333 3195 1392 ἀκολουθεῖν·
3246 1344 3341 1394 τοῦ
3385 1335 3439 1393 δὲ
3490 1338 3907 1414 αἰτησαμένου

2198 1419 2456 1478 ἀπελθεῖν
2513 1424 2602 1479 καὶ
2667 1424 2831 1508 θάψαι
2892 1426 2983 1482 16v
3025 1424 3229 1496 πατέρα
3258 1427 3439 1500 αύτοῦ,
3477 1428 3538 1484 06
3571 1443 3905 1508 συγχωρεῖ

2197 1512 2373 1584 10610,
2433 1512 2617 1568 εἰπών’
2686 1504 2862 1593 ’Ἄφες
2913 1514 3034 1578 τοὺς
3067 1515 3276 1593 νεκροὺς
3306 1516 3471 1590 θάψαι
3501 1517 3626 1580 τοὺς
3661 1504 3905 1573 ἑαυτῶν

2190 1601 2431 1680 νεκροὺς,
2494 1604 2622 1678 ὅπερ
2680 1603 2983 1669 αἰνίττεται,
3054 1605 3140 1659 ὃτι
3199 1602 3422 1668 ἄπιστος
3492 1605 3556 1672 ἧν
3587 1609 3615 1662 6
3683 1607 3899 1682 πατὴρ

2197 1693 2372 1761 αὐτοῦ,
2435 1691 2522 1746 καὶ
2579 1689 2662 1746 διὰ
2733 1699 2888 1748 τοῦτο
2957 1691 3168 1756 ἀνάξιος
3218 1691 3726 1793 γηρρυϐοσκηθῆναι
3782 1698 3898 1752 ὑπὸ

2193 1787 2284 1836 τοῦ
2339 1781 2711 1843 πιστεύσαντος
2780 1783 2938 1839 αύτοῧ
3009 1779 3220 1844 παιδός.
3296 1763 3473 1862 μΑφες
3523 1785 3650 1864 γὰρ,
3714 1788 3892 1864 φησὶ,

3037 1869 3277 1928 τουτέστι
3359 1872 3482 1937 τοὺς
3568 1873 3893 1954 ἀπίστους,

2193 1963 2605 2037 γηρωτροφῆσαι
2666 1959 2753 2014 τὸν
2811 1957 3032 2015 ἄπιστόν
3123 1981 3215 2015 σου
3291 1959 3495 2039 πατέρα
3581 1961 3730 2042 ἃχρι
3795 1961 3892 2020 καί

2191 2052 2387 2126 ταφήςο
2461 2047 2521 2102 τὸ
2580 2047 2679 2125 γὰρ
2747 2047 2912 2123 θάψαι
2973 2047 3194 2107 ἐνταῦθα
3264 2052 3420 2106 10610
3451 2052 3749 2132 σημαίνει,
3822 2054 3888 2108 τὸ

2190 2134 2492 2210 ἐπιμελείας
2538 2133 2781 2206 ἀξιῶσαι,
2843 2135 2972 2216 ἄχρι
3058 2139 3145 2194 καὶ
3209 2143 3310 2205 τῆς
3355 2140 3555 2220 ταφῆς,
3587 2138 3721 2197 ἐπεὶ
3788 2144 3885 2197 καί

2186 2226 2242 2280 ἓν
2289 2225 2357 2292 τῆ
2418 2231 2571 2302 κοινῇ
2615 2223 2797 2301 ὁμιλίᾳ
2849 2225 3015 2289 οὕτως
3061 2227 3317 2302 εἰώθαμεν
3360 2227 3556 2306 λέγειν’
3595 2221 3654 2288 ’0
3695 2230 3873 2286 δεῖνα

2187 2317 2294 2378 υἱὸς
2351 2314 2512 2389 ἔθαψε
2569 2317 2660 2370 τὸν
2716 2315 2920 2393 πατέρα
2994 2317 3171 2390 αὑτοῦ,
3236 2319 3294 2374 o6
3354 2321 3509 2375 10610
3570 2318 3875 2397 λέγοντες,

2189 2403 2268 2459 ὃτι
2343 2403 2502 2478 μόνον
2561 2402 2750 2479 ’έθαψεν
2808 2406 2987 2478 αὒτὸν,
3022 2403 3153 2462 ἄλλο
3194 2404 3248 2462 δὲ
3279 2405 3425 2462 οὐδὲν
3470 2408 3668 2487 ἀγαθὸν
3701 2410 3880 2466 Enot-

2189 2517 2341 2574 ησεν,
2415 2493 2534 2551 ἀλλ’
2592 2495 2672 2551 ὅτι
2745 2495 3115 2571 ἒπεμελήσατο
3187 2501 3346 2557 αὐτοῦ
3399 2498 3530 2579 ἄχρι
3584 2502 3675 2556 καὶ
3759 2507 3872 2568 τῆς

2192 2582 2439 2651 τελευτῆς
2496 2585 2584 2640 καὶ
2642 2590 2838 2663 ταφῆς.
2903 2585 3136 2643 Ἐκεῖνοι
3207 2588 3306 2662 μὲν
3379 2588 3468 2644 06v
3524 2589 3572 2644 οἱ
3645 2592 3868 2668 νεκροὶ,

2189 2673 2456 2729 τουτέστιν
2513 2675 2559 2729 οἱ
2616 2673 2853 2748 ἄπιστοι,
2928 2675 3249 2750 θαψάτωσαν
3278 2677 3368 2733 τὸν
3397 2678 3584 2755 νεκρὸν
3644 2678 3865 2753 αὐτῶν,

2189 2760 2332 2840 λέγω
2389 2761 2454 2829 δὴ
2506 2763 2597 2818 τὸν
2646 2764 2738 2818 σὸν
2807 2763 3036 2842 πατέρα,
3097 2765 3158 2820 σὺ
3231 2763 3285 2820 δὲ
3329 2765 3442 2822 ἐπεὶ
3497 2769 3858 2842 ἒπίστευσας,

2188 2847 2461 2928 διαγγελε,
2521 2853 2595 2913 ὡς
2639 2849 2766 2926 ἐμὸς
2798 2853 3066 2926 μαθητὴς,
3096 2855 3157 2910 τὸ
3192 2853 3513 2932 Εὖαγγέλιον
3557 2865 3651 2914 106
3680 2864 3858 2918 Θεοῦ.

2186 2947 2348 2996 Τοῦτο
2405 2937 2458 2994 δὲ
2527 2939 2682 2997 εἶπεν
2741 2943 2768 2997 6
2803 2943 3018 3019 Κύριος,
3049 2943 3109 2998 οὐ
3150 2941 3371 2999 κωλύων
3402 2946 3546 3019 ἡμᾶς
3591 2945 3699 3002 ἀπὸ
3756 2955 3860 3004 106

2183 3027 2389 3107 τρέφειν
2445 3028 2565 3092 τοὺς
2620 3041 2821 3106 γονεῖς,
2884 3029 3022 3085 ἀλλὰ
3097 3028 3356 3087 διδάσκων
3399 3034 3568 3108 ἡμᾶς,
3601 3034 3681 3089 ὃτι
3737 3041 3854 3092 τῶν

2183 3117 2418 3173 ἀπίστων
2478 3117 2678 3196 γονέων
2763 3120 3120 3197 προτιμηνέον
3175 3122 3274 3189 τὴν
3349 3120 3672 3198 θεοσέϐειαν,
3750 3126 3850 3180 καὶ

455 3205 730 3266 nuntiare
754 3204 1188 3284 domesticis,et
1211 3218 1270 3264 ut
1295 3205 1476 3282 magis
1503 3203 1743 3282 proprie
1765 3202 1980 3272 dicam,
2018 3202 2100 3262 di-

2186 3205 2266 3261 ὅτι
2326 3205 2470 3264 οὐδὲν
2541 3207 2793 3282 ἐμπόδιον
2856 3208 3004 3289 ἔχειν
3033 3207 3115 3266 δεῖ
3143 3211 3275 3288 πρὸς
3307 3212 3367 3267 16
3411 3211 3633 3288 ἀγαθόν.
3667 3210 3849 3269 Ἀλλὰ

455 3309 591 3353 cere
616 3294 768 3356 vale.
790 3293 1130 3354 Insinuabat
1151 3294 1307 3354 enim
1337 3294 1511 3352 homo
1537 3292 1629 3351 ille
1655 3291 1812 3370 quod
1846 3290 2099 3351 familia-

2185 3296 2272 3350 καὶ
2343 3296 2505 3364 αὐτῆς
2563 3302 2659 3364 τῆς
2717 3298 2919 3377 φύσεως
2975 3312 3352 3378 καταφρονεῖν,
3405 3300 3585 3378 ὥσπερ
3614 3299 3706 3356 06v
3752 3302 3847 3356 καὶ

451 3381 685 3442 ritatem
731 3384 1043 3462 quamdam
1098 3382 1290 3442 adhuc
1338 3381 1550 3442 habeat
1581 3400 1712 3440 cum
1768 3381 2009 3457 mundo,
2047 3389 2102 3440 et

2184 3391 2261 3458 τῷ
2319 3383 2668 3453 ἀκολουθῆσαι
2725 3385 2952 3453 ἀξιοῦντι
3011 3391 3176 3468 αὐτῷ,
3239 3389 3494 3468 πρότερον
3551 3390 3836 3456 ἀποτάξα-

452 3489 566 3531 non
601 3473 844 3535 affectus
875 3471 949 3532 sit
984 3480 1043 3530 nt
1085 3470 1355 3551 apostoli,
1388 3470 1483 3550 qui
1515 3490 1644 3529 mox
1680 3478 1738 3528 ut
1761 3469 2100 3548 audierunt,

2185 3477 2299 3532 σθαι
2357 3488 2472 3540 τοῖς
2524 3475 2578 3529 ἐν
2634 3480 2710 3550 τῷ
2775 3476 2913 3550 οῗκῳ
2969 3480 3149 3557 αὐτοῦ,
3208 3480 3268 3535 06
3311 3493 3588 3559 συγχωρεῖ
3644 3483 3832 3541 10610.

450 3562 749 3623 Christum
773 3563 954 3623 secuti
982 3571 1138 3634 sunt,
1171 3562 1315 3622 nihil
1347 3558 1831 3638 aliud;curiosius
1856 3558 2100 3637 perqui-

2185 3561 2338 3640 Λέγω
2394 3561 2459 3630 δὴ
2535 3566 2588 3620 τὸ
2616 3564 2868 3622 ἀπελθεῖν
2897 3568 2968 3630 εἰς
2998 3569 3088 3623 τὸν
3120 3579 3272 3624 οῖκον
3301 3558 3459 3627 αὒτοῦ
3497 3570 3585 3625 καὶ
3624 3568 3838 3626 ἀποτά-

452 3661 676 3725 rentes,
729 3660 787 3712 et
838 3669 911 3715 ne
962 3652 1089 3712 vale
1122 3651 1362 3732 quidem
1410 3649 1761 3709 necessariis
1814 3647 2099 3710 dicentes.

2185 3650 2387 3728 ξασθαι,
2462 3653 2754 3729 τουτέστιν,
2814 3655 2909 3711 ’ίνα
2964 3654 3365 3736 ἰδιωτικώτερον
3396 3656 3560 3732 εἴπω,
3587 3657 3834 3738 ἀποχαι-

452 3741 618 3819 Swpe
643 3741 800 3802 enim
837 3742 1127 3820 contingit
1150 3739 1385 3821 quando
1419 3739 1551 3818 quis
1576 3738 1702 3798 vale
1733 3737 1875 3798 dicit
1895 3738 2103 3799 amicis

2184 3741 2403 3820 ρετίσαι,
2465 3742 2740 3824 Ἐμφαίνει
2811 3746 2912 3824 γὰρ
2967 3747 2995 3802 6
3069 3752 3306 3809 τοιοῦτος
3377 3737 3834 3823 ἂνθρωπος,νίὸτι

447 3831 665 3905 suis,ut
686 3831 1064 3892 inveniantur
1079 3831 1258 3910 aliqui
1287 3829 1388 3908 qui
1412 3829 1579 3888 illum
1602 3846 1634 3887 a
1659 3827 1770 3887 vita
1787 3836 1988 3887 sancta
2003 3828 2103 3888 ab-

2184 3830 2369 3909 σχὲσιν
2425 3831 2543 3911 ἔχει
2613 3834 2743 3912 πρὸς
2796 3835 2886 3890 τὸν
2971 3834 3194 3911 κόσμον⁶
3256 3835 3344 3891 καὶ
3370 3836 3494 3916 ούχὶ
3531 3837 3668 3892 κατὰ
3709 3839 3834 3902 τούς

448 3921 738 3982 ducantet
764 3921 1154 4002 prohibeant:
1192 3920 1325 3979 ideo
1350 3917 1569 3978 bonum
1599 3925 1683 3977 est
1715 3925 1928 3976 utcum
1968 3917 2098 3996 quis

2184 3920 2508 3985 ἀποστόλους
2580 3921 2860 3997 διάκειται,
2913 3925 2966 3981 οἵ
3061 3925 3380 3989 ἀκούσαντες
3440 3928 3618 4001 αὐτοῦ,
3683 3926 3832 3990 εὒθύς

449 4030 574 4072 rem
612 4010 826 4072 bonam
859 4010 1054 4071 facere
1100 4009 1368 4080 vult,non
1419 4016 1706 4078 moretur,
1742 4005 1843 4065 sed
1899 4007 2092 4066 statim

2184 4009 2541 4078 ἦκολούθτβαν
2625 4013 2788 4088 αὐτῷ’
2867 4012 3032 4090 μηδὲν
3110 4013 3240 4071 ἄλλο
3323 4015 3829 4094 περιεργασάμενοι,

448 4102 735 4180 perﬁciat.
764 4100 976 4162 Nullus
1004 4098 1162 4160 enim
1198 4096 1298 4177 qui
1331 4096 1506 4156 mittit
1541 4112 1777 4156 manum
1823 4113 1985 4154 suam
2021 4095 2090 4153 ad

2184 4098 2296 4155 ἀλλ’
2354 4101 2568 4180 ἀφέντες
2624 4105 2710 4159 καὶ
2767 4104 2864 4170 τὴν
2922 4105 3051 4183 πρὸς
3097 4105 3216 4168 τούς
3249 4104 3467 4168 οἰκείους
3526 4104 3832 4183 ἀποταγήν.

447 4198 706 4250 aratrum
735 4189 1130 4269 spirituale,et
1162 4186 1400 4266 respicit
1425 4186 1634 4245 iterum
1671 4184 1740 4244 ad
1778 4183 2088 4256 mundum,

2184 4189 2441 4254 Πολλάκις
2503 4192 2602 4269 γὰρ
2672 4191 2943 4268 συμϐαίνει
3001 4193 3055 4248 ἦν
3151 4195 3260 4265 ὃσῳ
3314 4216 3395 4257 τις
3469 4193 3833 4253 ἀποτάσσεται

448 4280 697 4340 idoneus
727 4287 814 4340 est
844 4280 914 4340 ad
949 4297 1194 4358 regnum
1220 4276 1389 4337 caelo:
1412 4294 1531 4334 um.
1573 4273 1841 4350 lntellige
1893 4283 2089 4334 autem

2184 4293 2290 4343 τοῖς
2360 4282 2664 4359 συγγενέσιν
2735 4285 2912 4354 αὐτοῦ,
2972 4283 3293 4362 εὑρίσκεσθαί
3346 4305 3491 4346 τινας
3519 4283 3579 4340 ἐκ
3627 4284 3831 4342 τούτων

448 4388 553 4449 per
585 4369 786 4442 vulpes
810 4368 984 4430 etiam
1027 4367 1314 4445 malignos
1342 4365 1665 4433 dzmnones,
1702 4363 1802 4441 qui
1837 4371 1896 4422 et
1929 4366 2088 4422 vola-

2184 4368 2477 4435 κωλύοντας
2539 4371 2695 4427 αὐτὸν
2744 4372 2850 4428 ἀπὸ
2900 4379 2992 4428 τοῦ
3049 4373 3185 4429 κατὰ
3215 4373 3344 4428 Θεὸν
3372 4373 3509 4448 βίου,
3540 4369 3619 4428 διὸ
3659 4370 3830 4430 καλὸν

449 4459 571 4519 tilia
601 4456 732 4520 cceli
765 4458 1064 4531 dicuntur,
1102 4458 1212 4517 hoc
1245 4465 1335 4517 est
1357 4454 1513 4514 aeris
1551 4453 1725 4514 Juxta
1758 4451 2086 4544 principem

2184 4459 2314 4514 ἐστιν
2377 4458 2488 4532 ἃμα
2549 4466 2625 4533 τῷ
2681 4457 2901 4528 θελήσαι
2958 4461 3020 4516 τὸ
3088 4461 3310 4539 ἀγαθὸν,
3368 4459 3634 4517 ἐπιτελεῖν
3705 4460 3833 4518 αὐτὸ

444 4547 1164 4628 enim,inquit,p0testatis
1195 4545 1372 4606 aeris.
1409 4542 1560 4604 Dicit
1594 4542 1772 4618 igitur
1804 4540 2089 4602 Dominus

2184 4545 2347 4623 μηδὲν
2399 4546 2800 4623 ἀναδυομένοδς.
2875 4546 3051 4613 Οὐδεὶς
3110 4552 3210 4628 γὰρ
3239 4547 3506 4605 ἐπιϐαλὼν
3535 4550 3633 4616 τὴν
3666 4562 3836 4629 χεῖρα

442 4638 513 4700 ad
546 4637 848 4698 hominem
885 4654 897 4698 :
935 4636 1086 4708 Quia
1117 4635 1417 4696 daemones
1445 4633 1502 4692 in
1532 4641 1585 4690 te
1609 4632 1802 4690 foveas
1849 4629 2092 4697 habent.

2184 4637 2339 4693 αὖτοῦ
2409 4637 2496 4692 ἐπὶ
2561 4639 2620 4692 τὸ
2674 4635 2893 4716 ἄροτρον
2935 4641 2997 4694 τὸ
3039 4640 3416 4713 πνευματικόν,
3473 4639 3570 4696 Καὶ
3613 4636 3829 4712 βλέπων

447 4738 762 4807 propterea
787 4745 894 4805 ego
929 4726 1111 4788 Fi'ius
1138 4723 1396 4786 hominis
1423 4741 1537 4781 non
1574 4718 1762 4780 habeo
1795 4718 1892 4780 ubi
1923 4727 2101 4798 caput

2185 4725 2338 4783 πάλιν
2393 4728 2480 4783 hri
2535 4728 2625 4782 τὸν
2700 4750 2926 4804 κοσμον,
3017 4725 3309 4792 ἐπιτάδειός
3381 4728 3523 4784 ἐσνιν
3595 4730 3669 4792 εἰς
3732 4728 3830 4794 τὴν

443 4816 757 4887 reclinem,
796 4818 904 4878 hoc
932 4825 1041 4877 est.
1081 4815 1137 4876 in
1174 4832 1266 4876 me
1300 4812 1457 4876 ﬁdei.
1506 4829 1622 4870 non
1676 4808 1850 4869 video
1905 4809 2094 4869 locum

2184 4816 2452 4892 βασιλείαν
2508 4818 2602 4871 106
2684 4823 2836 4880 Θεοῦ.
2891 4818 3118 4887 Νοήσεις
3170 4816 3223 4873 δὲ
3255 4816 3536 4881 ἀλώπεκας
3583 4817 3670 4872 καὶ
3712 4817 3832 4882 τούς

441 4907 498 4968 in
533 4907 714 4968 corde
746 4908 1030 4987 tuo,quod
1060 4905 1364 4984 impletum
1391 4911 1479 4962 est
1509 4898 2092 4978 daemonibusllaput

2184 4906 2503 4983 πανούργους
2558 4903 2828 4980 δαίμονας,
2888 4904 2945 4961 οἷ’
3001 4907 3088 4962 καὶ
3159 4907 3374 4966 πετεινὰ
3434 4906 3525 4962 106
3603 4910 3829 4984 οὐρανοῦ

441 4997 598 5058 enim
626 4995 1025 5074 Christi,ﬁdes
1059 4996 1116 5056 in
1147 4989 1600 5064 illum.Quando
1629 4990 1782 5048 enim
1810 4988 1940 5067 quis
1968 5006 2094 5048 cre-

2184 4995 2446 5073 λέγονται⁹
2503 4995 2739 5051 τουτέστι
2795 5003 2887 5052 τοῦ
2955 4995 3131 5076 ἀέρος.
3206 4995 3358 5056 Κατὰ
3431 4997 3522 5052 16v
3589 4996 3830 5076 ἄρχοντα

442 5087 526 5148 dit
555 5089 736 5149 Deum
774 5104 907 5148 esse
939 5085 1261 5159 Christum,
1290 5092 1427 5143 tunc
1453 5088 1630 5158 caput
1659 5076 1872 5139 Christi
1906 5083 2068 5140 tenet

439 5179 709 5238 Mortuus
738 5183 933 5235 autem
970 5182 1245 5254 peccator
1275 5180 1386 5243 est,
1422 5169 1520 5249 qui
1576 5178 1631 5227 et
1689 5166 1900 5246 sepelit
1956 5186 2094 5226 suos

444 5274 730 5338 mortuos,
788 5265 899 5326 hoc
947 5273 1036 5325 est
1092 5265 1274 5324 malas
1335 5259 1744 5340 cogitationes,
1795 5275 1939 5336 quas
1978 5277 2092 5316 non

440 5354 780 5416 conﬁtetur.
809 5353 1066 5416 Proinde
1097 5354 1383 5415 Dominus
1416 5347 1690 5431 prohibet
1724 5355 2088 5418 secuturum,

442 5461 515 5502 ne
551 5443 798 5522 sepeliat
858 5443 1042 5504 malas
1091 5441 1482 5522 cogitationes
1530 5445 1586 5497 et
1637 5435 1890 5497 occultet
1921 5458 1932 5496 :
1969 5436 2092 5498 vult

439 5533 596 5594 enim
644 5550 743 5593 ras
769 5550 875 5613 per
905 5533 1341 5594 confessionem
1369 5527 1757 5613 manifestari,

438 5629 527 5684 τοῦ
574 5625 815 5704 Χριστοῦ,
864 5623 897 5689 ἡ
933 5623 1105 5688 πίστις
1164 5626 1236 5687 εἰς
1314 5622 1466 5678 αὐτόν
1525 5620 1687 5679 ἐστιν.
1752 5610 1935 5676 ⁸Ὀταν
1995 5621 2094 5700 γαρ

2175 5085 2300 5164 γὰρ,
2373 5085 2520 5165 φησὶ,
2555 5090 2650 5161 τῇς
2681 5083 2916 5149 ἔξουσίας
2961 5092 3052 5142 τοῦ
3094 5085 3272 5165 ἀέρος,
3324 5086 3494 5153 Φησὶν
3539 5087 3626 5141 οὖν
3655 5086 3682 5140 δ
3717 5084 3831 5142 κύ-

2177 5194 2287 5252 ριος
2342 5173 2472 5251 πρὸς
2527 5174 2618 5228 τὸν
2675 5172 2968 5251 ἄνθρωπον,
3043 5172 3147 5248 ὅτι,
3195 5176 3255 5232 Ol.
3312 5171 3559 5249 δαίμονες
3619 5171 3673 5227 ἐν
3747 5172 3830 5230 σοὶ

2177 5261 2409 5342 φωλεούς
2482 5261 2692 5342 ἔχουσι,
2746 5264 2833 5319 καὶ
2883 5261 2967 5318 ’διὰ
3020 5270 3174 5319 10610
3245 5266 3272 5320 6
3347 5265 3464 5326 Υἱὸς
3500 5269 3591 5318 τοῦ
3617 5261 3830 5340 ἀνθρώ-

2175 5375 2277 5409 που
2351 5353 2458 5431 ἐγὼ
2514 5355 2608 5409 οὐκ
2662 5352 2777 5432 ἔχω
2859 5359 2960 5409 ποῦ
3016 5355 3114 5420 τὴν
3161 5351 3399 5434 κεφαλὴν
3429 5351 3612 5426 κλίνω,
3664 5373 3825 5408 τουτ-
3869 5387 3880 5398 -

2177 5443 2310 5512 ἐστι,
2372 5448 2470 5510 τῆς
2525 5444 2598 5507 εἰς
2657 5442 2752 5518 ἐμὲ
2807 5442 3032 5507 πίστεως
3092 5444 3196 5522 οὐχ
3255 5446 3363 5521 ὁρῶ
3432 5442 3598 5498 τόπον
3654 5437 3709 5494 έν
3764 5445 3830 5516 τῇ

2174 5530 2354 5611 καρδίᾳ
2410 5554 2526 5608 σου,
2597 5539 2666 5608 τῇ
2722 5533 3060 5610 πληρωθείσῃ
3117 5530 3402 5607 δαιμόνωνο
3465 5527 3684 5609 Κεφαλή
3726 5529 3828 5608 γὰρ

2145 5643 2225 5689 τις
2283 5621 2440 5681 αὐτὸν
2509 5621 2766 5700 πιστεύσῃ
2832 5622 2960 5678 Θεὸν
3044 5619 3194 5698 ὄντα,
3252 5620 3377 5679 τότε
3429 5619 3528 5689 τήν
3585 5615 3828 5700 κεεραλὴν
