4116 6212
255 389 387 455 837
1079 385 1517 454 ENARRA'I'IO
1558 382 1632 451 IN
1674 381 1899 450 EVANI

1991 371 2175 444 LIUM
2222 370 2463 445 LUCIE.
2490 416 2565 427 —
2595 376 2758 447 CAP.
2808 383 2881 443 Χ.
3520 381 3657 446 838

247 525 349 580 καὶ
394 523 520 581 ὅταν
564 525 698 582 κατά
742 525 923 604 ψυχὴν
982 523 1315 586 ἀσθενοῦντες
1362 524 1740 602 θεραπευθῶσι,
1785 519 1899 575 τότε

1991 515 2146 605 enim
2180 513 2355 594 longe
2386 514 2536 576 istud
2569 523 2680 605 est,
2714 515 3192 596 quandoquidem
3238 527 3543 597 peccatum
3577 521 3637 581 in

244 612 484 693 ἤγγικεν
539 613 624 671 ἐπ’
686 602 871 678 αὐτοῦς
927 615 961 681 ἡ
1016 611 1258 690 βασιλεία
1304 618 1395 668 τοῦ
1441 617 1592 670 Θεοῦ.
1642 608 1776 666 Ἀπὸ
1806 608 1899 687 γὰρ

1991 602 2089 663 illo
2122 610 2328 682 regnat
2350 622 2417 665 ac
2446 604 2807 667 dominatur.

240 706 349 759 τοῦ
406 702 747 768 ἀσθενοῦντος
794 702 999 781 μακράν
1066 701 1208 757 ἐστιν
1279 700 1436 777 αὕτη,
1496 697 1908 776 βασιλευομένου

242 793 357 849 ὒπό
400 792 497 860 τῆς
543 796 799 872 ἁμαρτίας
832 792 934 852 ἔτι.

340 906 369 937 ι
419 884 506 944 Εἷς
556 882 624 950 ἢν
667 880 710 937 δ’
768 880 829 937 ἂν
860 880 1014 938 πόλιν
1061 880 1371 960 εἰσέρχησθε
1416 880 1503 935 καὶ
1547 879 1624 953 μὴ
1655 876 1901 957 δέχονται

243 972 417 1046 ὑμᾶς,
480 970 780 1037 ἒξελθόντες
828 972 899 1035 εἰς
943 972 1037 1034 τὰς
1094 968 1373 1041 πλατείας,
1436 967 1620 1031 αὒτοϊς
1662 966 1849 1023 εἴπατε
1884 982 1899 997 ⁸

248 1062 352 1117 Καὶ
410 1062 500 1116 τὸν
559 1062 828 1139 κονιορτὸν
889 1061 980 1115 τὸν
1024 1057 1351 1125 κολληθέντα
1394 1059 1530 1132 ἡμῖν
1558 1060 1621 1113 εκ
1659 1056 1755 1123 τῆς
1800 1054 1904 1111 πό-

241 1148 389 1212 λεως
442 1151 612 1225 ὑμῶν,
669 1147 1089 1226 ἀπομασσόμεθα
1143 1149 1295 1227 ὑμῖν,
1346 1146 1515 1225 πλὴνξ
1544 1156 1700 1205 τοῦτο
1744 1144 1907 1224 γινώ-

242 1259 429 1314 σκετε,
480 1238 560 1294 ὅτι
606 1238 831 1316 ἤγγικεν
876 1237 959 1317 ἐφ’
1004 1239 1138 1313 ὑμᾶς
1182 1238 1219 1304 ἦ
1280 1234 1521 1312 βασιλεία
1576 1243 1668 1292 τοῦ
1726 1241 1855 1291 Θεοῦ
1888 1249 1899 1261 '

242 1327 406 1405 Λέγω
463 1324 518 1383 δὲ
560 1330 690 1401 ὑμῖν
720 1326 801 1385 ὅτι
860 1324 1119 1401 Σοδόμοις
1151 1323 1490 1403 ἀνεκτότερον
1541 1323 1687 1380 ἔσται
1742 1322 1794 1378 ἐν
1837 1327 1905 1398 τῇ

2079 872 2257 935 VERS.
2291 874 2461 935 5-12.
2494 899 2519 927 α
2555 872 2618 934 In
2640 892 3056 955 quamcunque
3106 883 3301 936 autem
3347 877 3635 942 civitatem

1989 961 2442 1035 intraveritis,et
2470 980 2587 1023 non
2621 962 2993 1042 susceperint
3013 968 3500 1039 vos,exeuntesin
3522 968 3637 1048 pla-

1993 1058 2115 1112 teas
2140 1051 2224 1111 eis
2245 1051 2422 1113 dicite
2460 1073 2473 1113 :
2508 1052 2699 1113 Etiam
2734 1051 3039 1132 pulverem
3073 1054 3174 1134 qui
3196 1055 3444 1118 adhaesit
3468 1058 3638 1120 nobis

1992 1138 2068 1201 de
2094 1140 2329 1203 civitate
2375 1149 2588 1222 vestra,
2624 1142 2986 1221 extergimus
3027 1143 3087 1203 in
3120 1162 3223 1204 vos
3258 1167 3269 1204 :
3310 1154 3504 1208 tamen
3528 1148 3639 1209 hoc

1987 1230 2196 1292 scitote
2226 1231 2381 1311 quod
2412 1232 2904 1312 appropinquavit
2953 1232 3013 1293 in
3066 1251 3167 1295 vos
3224 1252 3470 1313 regnum
3508 1237 3635 1300 Dei.

1986 1318 2128 1382 Dico
2158 1319 2321 1380 vobis
2351 1321 2503 1400 quod
2537 1318 2815 1382 Sodomis
2844 1322 2903 1381 in
2936 1321 3033 1384 die
3064 1322 3166 1383 illo
3188 1325 3497 1387 remissius
3528 1327 3640 1389 erit

247 1403 426 1496 hy.qu
468 1416 643 1494 ἐκείνῃ
702 1416 738 1484 ἢ
796 1422 864 1492 τῇ
924 1414 1079 1472 πόλει
1137 1415 1336 1490 ἐκείνῃ,
1401 1438 1426 1469 ι
1479 1403 1679 1491 ιὈταν,
1749 1414 1898 1489 φησὶ,

1991 1427 2161 1490 quam
2191 1409 2275 1469 illi
2304 1409 2544 1471 civitati.
2585 1435 2609 1464 ι)
2645 1408 2913 1483 Quando,
2949 1412 3161 1492 inquit,
3197 1432 3313 1475 non
3347 1433 3635 1496 suscepe-

242 1508 328 1582 μὴ
394 1504 659 1587 δέχωνται
729 1508 887 1581 ὑμᾶς,
967 1503 1258 1571 ἐξελθόντες
1315 1502 1730 1582 διαμαρτόρασθε
1804 1502 1899 1556 αὓ-

1991 1499 2102 1559 rint
2126 1497 2481 1578 vos,egressi
2509 1500 2804 1559 testemini
2829 1500 2915 1560 eis
2946 1500 3099 1580 quod
3137 1501 3282 1563 nihil
3316 1522 3638 1569 commune

240 1596 395 1671 τοῖς,
441 1586 523 1651 ὅτι
555 1593 717 1653 Οὕδὲν
771 1596 948 1651 κοινόν
990 1597 1127 1670 ἡμῖν
1160 1596 1292 1673 πρὸς
1348 1595 1507 1668 ὑμᾶς,
1555 1589 1672 1647 οῦδὲ
1702 1589 1899 1669 ἔχομέν

1991 1587 2159 1649 nobis
2185 1586 2716 1669 vobiscum,neque
2747 1588 3033 1651 habemus
3051 1590 3269 1670 aliquid
3298 1593 3372 1654 de
3402 1596 3639 1660 civitate

240 1706 295 1741 τι
326 1686 434 1741 ἀπὸ
462 1689 559 1751 τῆς
591 1683 845 1764 ὑμετέρας
878 1683 1086 1747 πόλεως
1122 1700 1135 1713 ⁸
1187 1680 1323 1739 ἀλλὰ
1358 1684 1448 1738 καὶ
1503 1683 1592 1737 τὸν
1636 1681 1899 1756 κονίορτὸν

1991 1686 2179 1739 vestra
2208 1696 2221 1739 :
2248 1677 2353 1739 sed
2378 1678 2553 1739 etiam
2589 1678 2890 1758 pulverem
2919 1680 3017 1761 qui
3040 1682 3293 1743 adhaesit
3323 1686 3634 1763 nobis,ex-

240 1776 337 1830 τὸν
436 1773 764 1842 κολληθέντα
859 1776 996 1850 ἡμῖν
1111 1772 1553 1849 ἀπομασσόμεθα,
1636 1769 1899 1826 τουτέστιν

1991 1767 2412 1856 tergimus,hoc
2443 1776 2531 1829 est
2554 1767 2903 1850 excutimus,
2937 1771 3184 1851 spongia
3216 1774 3628 1856 emundamus,

243 1863 678 1938 ἀποτινάσσομεν
708 1911 724 1943 ,
867 1861 1324 1943 ἀποσπογγίζομεν
1359 1909 1375 1935 ,
1514 1858 1899 1938 ἀποῤῥίπτομεν

1991 1855 2296 1947 abjicimus
2322 1858 2385 1947 in
2408 1847 3195 1921 vos.V'erumtamen'scitote
3226 1862 3384 1942 quod
3410 1847 3631 1947 appro;

240 1954 373 2029 δμϊν
410 1969 425 1983 ⁸
488 1951 633 2019 π)ὴν
676 1952 987 2031 γινώσκετε,
1050 1951 1130 2009 ὅτι
1187 1949 1410 2029 ἤγγικεν
1455 1947 1535 2030 ἐφ’
1566 1951 1701 2023 ὑμᾶς
1732 1951 1767 2016 ἡ
1798 1950 1899 2024 βα·-

1991 1946 2287 2027 pinquavit
2317 1946 2374 2007 in
2407 1963 2512 2007 vos
2544 1965 2788 2026 regnum
2818 1946 2945 2011 Dei.
2981 1948 3103 2009 Hoc
3138 1949 3267 2012 loco
3298 1946 3634 2033 quaesiverit

244 2042 428 2099 σιλεία
470 2050 562 2099 τοῦ
607 2044 759 2101 Θεοῦ.
824 2040 1080 2099 Ἐνταῦθα
1122 2042 1342 2112 ζητήσει
1382 2061 1461 2102 τις
1497 2054 1511 2071 ⁸
1577 2045 1695 2102 Πῶς
1741 2058 1899 2104 φησιν

1991 2034 2277 2116 quispiam
2309 2054 2323 2099 :
2354 2034 2663 2108 Quomodo
2688 2037 2829 2098 dicit
2854 2038 3142 2100 Dominus
3168 2043 3635 2124 appropinquas-

243 2134 273 2187 ὁ
341 2132 527 2210 Κύριος
586 2133 675 2188 καὶ
733 2130 854 2194 τοῖς
910 2128 1324 2211 δποδεχομὲνοις
1381 2129 1501 2192 τοὺς
1575 2126 1899 2188 ἀποστόλους

1991 2143 2053 2187 se
2074 2143 2324 2203 regnum
2354 2125 2457 2187 Dei
2492 2133 2551 2187 et
2592 2126 2686 2187 his
2734 2126 2835 2207 qui
2867 2139 3257 2208 susceperunt
3286 2141 3342 2192 et
3371 2134 3472 2212 qui
3517 2155 3634 2198 non

241 2220 453 2299 ἰγγίσαι
505 2222 606 2289 τὴν
660 2220 960 2298 βασιλείαν,
1018 2222 1107 2276 καὶ
1163 2233 1282 2283 τοῖς
1328 2219 1405 2292 μὴ
1445 2215 1904 2309 ὑποδεχομένοις;

242 2309 454 2368 ’Ἔστιν
487 2313 576 2368 οὖν
620 2313 814 2391 εἰπεῖν,
850 2310 929 2367 ὅτι
981 2307 1128 2366 οὐδὲν
1169 2308 1405 2365 ὶναντίον
1450 2309 1602 2388 φησί.
1660 2308 1756 2364 Καὶ
1808 2306 1907 2385 γαρ

240 2414 362 2463 τοῖς
422 2400 520 2474 μὲν
562 2402 683 2465 τοὺς
748 2399 1077 2463 ἀποστόλους
1133 2397 1473 2478 δεχομένοις,
1539 2396 1763 2474 ἐγγίζειν
1805 2394 1903 2461 τὴν

243 2488 518 2565 βασιλείαν
564 2490 649 2547 ἐπ’
707 2490 996 2568 εὐεργεσίᾳ,
1059 2501 1172 2553 τοῖς
1231 2485 1285 2542 δὲ
1333 2487 1410 2562 μὴ
1459 2483 1898 2565 ὑποδεχομένοις,

246 2579 334 2635 ἐπὶ
407 2582 734 2660 κατακρίσει.
795 2572 1018 2636 ’Υπόθου
1102 2579 1203 2656 γάρ
1260 2599 1352 2651 μοι
1427 2575 1479 2632 ἐν
1542 2579 1746 2653 θεάτρῳ
1804 2583 1904 2637 τινὶ

244 2669 591 2748 κατακρίτους
670 2671 813 2726 εἶναι
873 2666 1122 2742 πολλοὺς,
1198 2669 1302 2740 καὶ)
1361 2666 1565 2745 ἑτέρους
1612 2663 1903 2742 ἀκατακρί-

242 2781 366 2823 τους
405 2777 420 2791 ⁸
520 2757 904 2837 συγκλητικούς
979 2757 1037 2813 τέ
1093 2778 1254 2835 φημι,
1319 2755 1645 2833 στρατηγούς
1704 2774 1759 2807 τε
1818 2752 1904 2807 καὶ

244 2847 491 2927 ἀριστέας
534 2850 725 2928 τυχὸν,
758 2848 881 2904 εἶτα
924 2845 1099 2925 Λέγειν
1140 2867 1259 2902 τινα
1314 2846 1518 2922 κήρυκα
1576 2845 1708 2921 πρὸς
1756 2843 1897 2899 πάν-

1991 2838 2051 2900 ad
2077 2856 2286 2928 omnes
2310 2846 2425 2899 tam
2449 2840 2876 2901 condemnatos
2897 2860 3072 2920 quam
3097 2845 3488 2909 venerabiles:
3519 2848 3635 2928 Ap-
3668 2864 3671 2865 '

250 2959 343 3001 τας
399 2940 536 3013 ὁμοῦ
589 2938 711 3002 τούς
754 2959 811 2993 τε
868 2938 1236 3014 κατακρίτους,
1309 2936 1395 2990 καὶ
1454 2934 1575 2999 τοὺς
1634 2932 1894 3001 ἐντίμους,

247 3025 329 3082 ὅτι
390 3026 610 3106 ἤγγικεν
666 3028 694 3082 ὁ
749 3024 994 3103 βασιλεὺς
1066 3026 1218 3103 ὑμῖν,
1282 3022 1362 3102 ἆρ’
1417 3024 1477 3079 06
1519 3034 1636 3085 τοῖς
1687 3021 1784 3095 μὲν
1816 3019 1900 3078 ἐπὶ

1990 2227 2380 2299 susceperunt
2438 2218 2768 2298 apostolos?
2817 2220 3315 2301 ApprOpinquare
3363 2224 3504 2286 dicit
3533 2246 3635 2290 re-

1988 2325 2169 2396 gnum
2201 2306 2485 2368 caelorum
2514 2306 2605 2396 his
2635 2308 2735 2387 qui
2759 2309 3058 2388 apostolos
3089 2328 3430 2393 suscepere,
3452 2334 3633 2396 pr0p-

1989 2408 2083 2461 ter
2099 2395 2388 2456 beneﬁcia
2418 2412 2550 2475 quae
2572 2394 2631 2455 in
2663 2414 2767 2456 eos
2796 2396 3284 2472 collocantur,his
3315 2412 3509 2464 autem
3536 2394 3637 2486 qui

1988 2504 2104 2546 non
2128 2493 2541 2565 susceperunt,
2570 2494 2809 2574 propter
2839 2487 3418 2554 condemnationem.
3457 2494 3636 2574 Finge

1986 2574 2048 2636 in
2078 2574 2415 2654 spectaculo
2433 2573 2685 2655 quodam
2708 2574 2925 2636 multos
2953 2577 3466 2661 condemnatos,et
3487 2573 3635 2645 alios

1988 2680 2107 2723 non
2138 2661 2569 2723 condemnatos
2604 2683 2617 2724 :
2654 2664 2995 2737 Senatores,
3052 2665 3310 2745 inquam,
3348 2687 3415 2729 ac
3456 2687 3630 2734 exer-

1991 2750 2138 2811 citus
2161 2748 2340 2810 duces
2367 2758 2422 2811 et
2441 2750 2753 2830 optimates
2782 2772 2795 2811 :
2829 2750 3047 2813 deinde
3072 2753 3273 2814 dicere
3297 2774 3629 2834 praeconem

1982 2927 2397 3009 propinquavit
2446 2946 2549 2989 rex
2604 2938 2842 2991 vester:
2879 2948 3075 2992 nonne
3124 2932 3213 2992 his
3272 2934 3511 3013 quidem
3555 2927 3627 2997 ad

1981 3015 2507 3097 supplicium,aliis
2539 3036 2677 3079 vero
2708 3018 2779 3079 ad
2811 3018 3060 3097 gloriam
3091 3028 3148 3080 et
3170 3020 3623 3087 beneﬁcentiam

248 3114 494 3190 κολάσει,
563 3130 680 3180 τοϊς
751 3114 805 3172 δὲ
859 3115 944 3171 ἐπὶ
1013 3119 1145 3191 τιμῇ
1204 3113 1293 3169 καὶ
1352 3111 1620 3190 εὒεργεσίᾳ
1679 3110 1899 3188 ἐγγίζειν

1991 3106 2462 3186 appropinquare
2497 3106 2639 3168 dicit
2668 3106 2903 3187 regem?
2927 3106 3021 3170 Sic
3051 3108 3229 3186 igitur
3258 3120 3317 3172 et
3364 3113 3475 3175 hoc
3499 3116 3630 3178 loco

244 3206 337 3262 τὸ)
388 3204 609 3281 βασιλέα
666 3204 861 3285 λέγεις
923 3202 1102 3267 Οὕτως
1175 3202 1263 3258 οὖν
1314 3201 1530 3257 ἐνταῦθα
1576 3199 1706 3262 νόει,
1770 3199 1898 3254 Ἀν-

1991 3196 2267 3274 intellige.
2303 3196 2699 3260 Tolerabilius
2730 3197 2841 3259 erit
2864 3196 3157 3274 Sodomis,
3192 3201 3406 3283 inquit,
3457 3224 3629 3283 quam

248 3295 522 3374 εκτότερον
578 3292 632 3350 δὲ
690 3293 837 3351 ’ἐσται
870 3292 1153 3372 Σοδόμοις,
1198 3291 1350 3372 φησὶ,
1383 3290 1419 3356 ἢ
1449 3295 1518 3366 τῇ
1547 3289 1624 3365 μὴ
1667 3286 1897 3367 παραδει-

1991 3285 2199 3349 civitati
2248 3306 2379 3367 quae
2408 3305 2508 3348 vos
2539 3306 2656 3349 non
2689 3288 3039 3369 susceperit.
3072 3287 3294 3361 Quare?
3328 3293 3446 3372 Ego
3471 3295 3628 3375 quod

249 3382 449 3460 ξαμένῃ
510 3385 645 3461 ὗμᾶς
690 3382 869 3444 πόλει.
931 3389 1131 3460 Λιατι;

1118 3430 1134 3460 ἳ

248 3471 425 3530 στολοι
458 3475 551 3530 οὒκ
604 3472 979 3539 ἀπεστάλησαν
1015 3490 1028 3504 '
1079 3473 1127 3527 οἱ
1182 3471 1355 3526 τοίνυν
1398 3470 1517 3533 τοὺς
1567 3466 1894 3533 ἀποστόλους

1186 3380 1331 3437 Διότι
1380 3381 1452 3442 εἷς
1498 3377 1708 3453 Σόδομα
1752 3377 1889 3433 ἀπόσ-

1991 3395 2038 3436 ιη
2094 3375 2351 3437 Sodoma
2406 3376 2658 3456 apostoli
2746 3396 2862 3438 non
2916 3378 3155 3441 fuerunt
3209 3379 3392 3445 missi.
3423 3381 3625 3459 Igitur,

1978 3465 2079 3546 qui
2137 3469 2437 3544 apostolos
2487 3485 2606 3527 non
2662 3477 3073 3547 susceperunt,
3110 3469 3438 3533 deteriores
3495 3492 3637 3543 sunt

250 3562 326 3636 μὴ
376 3559 668 3642 δεξάμενοι,
724 3562 936 3641 χείρους
992 3558 1297 3636 Σοδομιτῶν
1351 3561 1506 3620 εἰσιν,
1568 3559 1893 3637 Παρατήρη-

1991 3554 2325 3617 Sodomitis.
2359 3553 2622 3617 Observa
2670 3557 2963 3618 civitatem
3022 3576 3144 3619 non
3206 3561 3629 3642 suscipientem

251 3672 338 3707 σον
392 3650 469 3726 δὲ,
526 3650 605 3708 ὅτι
636 3654 671 3719 ἡ
703 3651 858 3714 πόλις
888 3653 923 3720 ἡ
951 3651 1028 3721 μὴ
1056 3647 1471 3728 παραδεχομὲνη
1512 3650 1632 3711 τοὺς
1664 3647 1891 3704 ἀποστό-

1991 3645 2269 3733 Ipostolos
2330 3643 2551 3722 plateas
2603 3644 2845 3705 habere.
2883 3646 3021 3707 Lata
3067 3648 3227 3708 enim
3264 3649 3352 3709 via
3384 3660 3471 3711 est
3502 3671 3631 3733 quae

249 3738 391 3815 λους,
456 3739 705 3804 πλατείας
760 3739 907 3821 ἔχει.
966 3740 1203 3796 Πλατετα
1259 3740 1358 3817 γάρ
1417 3738 1555 3794 ἐστιν
1586 3739 1621 3805 ἡ
1680 3735 1799 3801 ὁδὸς
1855 3738 1889 3805 ἡ

1991 3732 2138 3794 Iucit
2193 3732 2265 3793 ad
2316 3733 2618 3794 interitum
2682 3754 2694 3795 :

1290 3827 1433 3893 ὅστις
1493 3828 1580 3884 οὖν
1638 3826 1889 3889 πλατείας

1998 3822 2075 3883 lle
2119 3822 2504 3901 apostolicum
2564 3830 2621 3883 et
2672 3822 2935 3884 divinum
2995 3823 3238 3885 verbum
3303 3845 3418 3886 non
3482 3847 3623 3890 sus-

249 3828 523 3909 ἀπάγουσα
589 3832 661 3894 εἰς
717 3830 813 3899 τὴν
889 3829 1157 3886 ἀπώλειαν
1193 3844 1207 3860 ⁶

2760 3753 2932 3814 quam
2977 3736 3241 3816 quisquis
3278 3737 3630 3816 ingreditur,

249 3916 391 3984 ὁδοὺς
417 3918 535 4000 ἔχει
568 3919 870 3998 ἀπαγούσας
894 3921 967 3983 είς
990 3918 1281 3993 ἀπώλειαν,
1311 3916 1515 3981 ἐκεῖνος
1539 3916 1889 3973 ἀποστολικὸν
1979 3911 2147 3992 cipit.

248 4006 401 4086 λόγον
422 4012 511 4067 καὶ
540 4012 687 4067 θεῖον
717 4011 776 4067 οὖ
804 4007 1190 4090 παραδέχεται,

329 4121 352 4153 ι
405 4100 533 4157 Οὐαί
577 4121 684 4179 σοι,
747 4101 1034 4179 Χωραζεὶν,
1066 4100 1178 4154 οὸαί
1221 4120 1327 4170 σοι,
1382 4093 1674 4169 Βηθσαϊδᾶ,
1722 4095 1801 4151 δ’τι
1847 4097 1891 4151 εἰ

2056 4089 2238 4154 Vens.
2271 4091 2468 4155 13-16.
2501 4112 2529 4151 ‹
2558 4089 2657 4153 Vae
2684 4090 2813 4164 tibi,
2839 4092 3148 4164 Corozain,
3177 4112 3262 4154 vae
3296 4094 3423 4171 tibi,
3454 4098 3628 4160 Beth-

247 4191 297 4243 ὶν
338 4191 485 4264 Τύρῳ
540 4191 628 4247 καὶ
672 4186 861 4245 Σιδῶνι
918 4188 1159 4266 ἐγένοντο
1229 4189 1280 4243 αἱ
1324 4184 1593 4261 δυνάμεις,
1642 4189 1690 4240 αἱ
1735 4187 1890 4263 γενό-

1991 4181 2303 4262 saidazquia
2325 4182 2373 4243 si
2406 4182 2464 4243 in
2488 4183 2640 4260 Tyro
2674 4190 2729 4241 et
2760 4180 2981 4242 Sidone
3013 4181 3177 4243 factze
3209 4183 3462 4249 fuissent
3494 4188 3615 4248 vir-

250 4298 396 4352 μεναι
481 4278 535 4334 ἐν
606 4280 757 4358 ὑμῖν,
837 4276 999 4335 πάλαι
1075 4278 1161 4358 ἂν,
1222 4276 1275 4332 ἐν
1327 4277 1510 4349 σάκκῳ
1576 4275 1665 4331 καὶ
1719 4273 1897 4350 σποδῷ

248 4370 558 4447 καθήμεναι,
642 4366 999 4443 μετενόησαν,
1088 4366 1235 4434 Πλὴν
1321 4366 1470 4444 Τύρῳ
1542 4366 1631 4421 καὶ
1704 4363 1898 4434 Σιδών,⁵

250 4454 579 4536 ἀνεκτότερον
635 4455 781 4513 ἔσται
837 4459 891 4512 ἓν
947 4462 1015 4532 τῇ
1069 4457 1259 4535 κρίσει,
1334 4454 1368 4521 ἢ
1418 4456 1573 4528 ὑμῖν.
1644 4455 1739 4512 Καὶ
1812 4456 1873 4511 σὺ

253 4548 615 4625 Καπερναοὺμ.
704 4548 738 4614 ἡ
817 4545 917 4611 ἕως
988 4548 1082 4602 τοῦ
1149 4548 1366 4620 οὐρανοῦ
1443 4545 1739 4623 ὑψωθεϊσα,
1798 4543 1896 4608 ἕως

249 4633 366 4707 ᾅδου
419 4633 880 4713 καταϐιϐασθήσῃ.
931 4628 989 4694 Ὀ
1049 4636 1255 4693 ἀκούων
1312 4635 1485 4710 ὑμῶν,
1520 4634 1648 4709 ἒμσοῦ
1696 4634 1902 4723 ἀκούει²

248 4728 328 4781 καὶ
373 4728 400 4781 ὁ
458 4725 660 4783 ἀθετῶν
715 4726 880 4802 ὒμᾶς,
940 4725 1035 4802 ἐμὲ
1080 4724 1298 4782 ἆθετετ⁹
1354 4727 1381 4780 ὁ
1434 4722 1488 4780 δὲ
1533 4723 1627 4799 ἐμὲ
1681 4722 1899 4797 ἀθετῶν,

249 4813 420 4871 ἀθετεῖ
478 4817 570 4871 τὸν
626 4815 1016 4873 ἀποστείλαντά
1074 4836 1163 4889 με,
1236 4836 1259 4870 υ
1340 4804 1402 4871 Ἠ
1475 4813 1637 4893 Τύρης
1726 4815 1814 4870 καὶ
1869 4816 1903 4881 ἦ

253 4901 414 4961 Σιδὼν
458 4902 645 4967 πόλεις
701 4905 837 4973 ἦσαν
885 4895 1209 4980 Ἐλληνίδες,
1242 4906 1276 4972 ἡ
1325 4901 1379 4958 δὲ
1413 4901 1684 4969 Βηθσαϊδὰ
1725 4904 1812 4959 καὶ
1867 4905 1901 4971 ἡ

253 4994 535 5072 Χωραζεὶν,
584 4992 893 5053 Ἰουδαϊκαί.
942 4992 1096 5072 Λέγει
1152 4995 1347 5067 τοίνυν,
1410 4991 1487 5047 ὅτι
1538 4992 1629 5049 Ἐν
1673 4998 1741 5068 τῇ
1783 4994 1903 5071 κρί-

254 5104 327 5139 σει
379 5085 726 5162 ἀνεκτότερον
785 5082 932 5141 ’έσται
998 5071 1118 5146 τοῖς
1179 5071 1475 5155 ”Ελλησιν,
1522 5079 1559 5147 ἢ
1614 5082 1743 5155 ὑμῖν
1786 5094 1903 5141 τοῖς

254 5171 405 5230 ἰδοῦσι
455 5174 722 5251 θαύματα,
780 5176 869 5230 καὶ
943 5173 1020 5248 μὴ
1090 5172 1451 5233 πιστεύσασιν,
1514 5168 1749 5228 Ἐκεῖνοι
1804 5172 1904 5251 γὰρ

256 5264 295 5320 εἰ
334 5260 501 5338 εἶδον,
564 5262 875 5320 ἐπίστευσαν
931 5262 1016 5323 ἄν.
1066 5259 1231 5317 Ἀλλὰ
1272 5262 1477 5335 καὶσὺ,
1527 5261 1895 5338 Καπερναοὺμ,

253 5353 459 5429 ὑψώθης
508 5352 605 5429 μὲν
648 5352 749 5416 ἕως
804 5356 1046 5431 οὖρανοῦ,
1094 5348 1415 5426 δοξαζομὲνη
1461 5348 1545 5406 διὰ
1587 5350 1651 5405 τὰ
1707 5348 1760 5405 ἐν
1819 5351 1899 5406 σοὶ

253 5443 485 5518 θαύματα
548 5441 726 5499 πολλά
805 5441 1086 5520 γεγονότα,
1151 5436 1588 5517 καταϐιϐασθήσῃ
1660 5437 1714 5495 δὲ
1797 5437 1898 5502 ἕως

1110 5532 1233 5588 αὒτί)
1293 5536 1469 5609 τοῦτο,
1505 5530 1582 5585 ότι
1630 5530 1718 5584 καὶ
1763 5530 1897 5603 μετᾶ

256 5532 390 5607 ᾅδου,
425 5534 924 5611 κατακριθησομένη
972 5529 1063 5610 δι’,

1880 4502 1965 4553 ’D

1982 4279 2135 4332 tutes
2185 4290 2315 4351 quae
2358 4272 2525 4332 facta;
2574 4281 2710 4330 sunt
2738 4270 2797 4331 in
2829 4270 3013 4344 vobis,
3051 4270 3192 4332 olim
3227 4275 3283 4334 in
3320 4274 3521 4338 cilicio
3573 4286 3630 4338 et

1982 4360 2184 4422 cinere
2232 4361 2513 4421 sedentes
2562 4359 2995 4439 pmnituissent.
3029 4362 3451 4426 Verumtamen
3481 4366 3629 4447 Tyro

1984 4457 2044 4512 et
2074 4449 2289 4530 Sydoni
2317 4447 2622 4509 remissius
2652 4448 2764 4509 erit
2793 4448 2851 4508 in
2876 4449 3310 4530 judicio,quam
3341 4453 3527 4517 vobis.
3566 4458 3633 4516 Et

1985 4541 2611 4620 tu,Capernaum.quaa
2626 4538 2897 4617 usquead
2917 4538 3137 4600 caelum
3162 4540 3311 4601 elata
3328 4560 3414 4613 es,
3447 4563 3633 4625 usque

1984 4630 2057 4692 ad
2088 4630 2385 4691 infernum
2417 4630 2769 4710 deprimeris
2818 4628 2928 4700 Qui
2959 4648 3060 4689 vos
3088 4629 3270 4705 audit,
3301 4650 3392 4692 me
3422 4635 3587 4697 audit
3614 4659 3628 4701 :

1988 4729 2043 4782 et
2066 4719 2166 4800 qui
2198 4738 2297 4781 vos
2322 4719 2569 4800 spernit,
2605 4736 2698 4778 me
2730 4718 3092 4798 spernit.Qui
3124 4728 3319 4781 autem
3346 4740 3439 4784 me
3461 4742 3629 4803 sper-

1987 4809 2095 4884 nit,
2149 4809 2377 4890 spernit
2422 4826 2557 4869 eum
2591 4807 2688 4887 qui
2723 4824 2814 4868 me
2841 4807 3017 4869 misit.
3060 4832 3081 4863 η
3118 4806 3302 4887 Tyrus
3356 4820 3414 4872 et
3444 4811 3627 4875 Sidon

1988 4900 2251 4961 civitates
2301 4899 2538 4959 fuerunt
2578 4897 2909 4976 gentilium,
2963 4896 3279 4959 Bethsaida
3331 4910 3523 4964 autem
3570 4912 3630 4965 et

1988 4988 2269 5053 Corozain
2298 4986 2744 5050 Judaicze.Dicit
2774 4985 2951 5061 igitur
2982 4987 3135 5066 quod
3163 4989 3467 5068 injudicio
3492 4993 3635 5054 tole-

1990 5077 2238 5141 rabilius
2285 5077 2400 5139 erit
2445 5075 2769 5155 gentilibus
2815 5094 2987 5155 quam
3040 5078 3224 5151 vobis,
3263 5080 3361 5158 qui
3406 5081 3634 5143 vidistis

1990 5168 2365 5241 miracula,et
2413 5186 2530 5228 non
2561 5165 2916 5227 credidistis.
2948 5165 3038 5226 Illi
3071 5168 3227 5228 enim
3253 5169 3302 5231 si
3327 5170 3629 5247 vidissent,

1983 5257 2379 5321 credidissent
2401 5255 2745 5337 utique.Sed
2765 5263 2823 5316 et
2840 5256 2978 5315 3115
3001 5259 3485 5341 tu,Capernaum,
3503 5282 3633 5343 quae

1982 5350 2234 5411 exaltata
2259 5346 2498 5428 quidem
2535 5344 2695 5407 fuisti
2720 5363 2906 5426 usque
2952 5345 3024 5406 ad
3067 5347 3374 5428 caalum,et
3405 5351 3630 5427 gloriﬁ-

1982 5446 2111 5501 cata
2143 5436 2368 5517 multis,
2392 5453 2521 5516 qua).
2552 5434 2613 5495 in
2647 5442 2701 5495 te
2733 5434 2887 5495 facta
2920 5442 3079 5511 sunt,
3101 5436 3625 5512 miraculis,detra-

1982 5526 2146 5589 heris
2180 5544 2368 5606 usque
2417 5525 2486 5585 ad
2540 5523 2861 5603 infernum,
2909 5523 3361 5587 condemnanda
3391 5538 3635 5609 propter
3670 5538 3679 5611 χ

255 5632 471 5680 τοσαῦτα
543 5623 784 5691 θαύματα
844 5621 1116 5684 ἀπιστεῖς,
1176 5620 1311 5675 Εἶτα
1391 5617 1483 5675 ’ίνα
1539 5620 1617 5694 μὴ
1671 5618 1896 5695 λέγωσιν

1991 5617 2128 5677 istuc
2152 5617 2370 5695 ipsum,
2397 5615 2553 5692 quod
2580 5622 2638 5673 et
2662 5623 2790 5693 post
2822 5622 2981 5674 tanta
3013 5613 3293 5677 miracula
3326 5618 3635 5681 incredula

255 5713 293 5768 οἱ
343 5712 674 5787 πεμπόμενοι
718 5714 806 5767 ὶπι
851 5711 911 5766 τὸ
957 5710 1228 5786 κήρυγμα,
1290 5706 1367 5764 ότι
1409 5710 1509 5763 ποῦ
1552 5706 1894 5770 ἀποστέλλεις

1984 5723 2212 5767 manes.
2252 5704 2478 5767 Deinde
2507 5711 2571 5765 ut
2600 5720 2674 5765 ne
2705 5702 2906 5765 dicant
2932 5704 3029 5783 qui
3055 5702 3366 5769 mittuntur
3394 5709 3465 5770 ad
3489 5726 3635 5789 prae-
