4116 6212
426 255 547 322 839

1394 258 1987 325 THEOPHYLACTI
2033 254 2442 320 BULGARIzE
2483 250 2839 318 ARCHIEP.

3740 245 3888 309 840

419 389 802 473 dicationem,
838 391 963 465 Quo
1019 393 1201 456 mittis
1240 413 1370 464 nos.
1405 394 1451 454 si
1497 392 1766 456 civitates
1808 373 2066 473 quad?"

2167 394 2339 467 ἡμᾶς,
2398 392 2444 446 εἰ
2497 390 2576 457 μὴ
2636 388 2915 465 μέλλουσιν
2990 392 3134 466 ἡμᾶς
3188 382 3367 452 πόλεις
3427 387 3604 449 τινὲς
3660 381 3880 440 ὐποδέ-

420 499 537 541 non
590 490 726 542 sunt
787 501 893 543 nos
933 483 1333 563 susceptura)?
1365 484 1546 545 dicit:
1587 486 1674 546 Ne
1716 483 1848 545 sitis
1878 484 2078 547 animo

422 569 610 633 tristi:
660 573 761 651 qui
820 572 1047 652 spernit
1106 592 1227 652 vos,
1286 591 1380 635 me
1424 573 1674 653 Spernit,
1736 583 1792 634 et
1846 577 2074 635 l'atrem

421 678 619 722 meum
650 678 663 722 :
700 669 757 721 et
783 661 863 722 ita
893 662 1112 742 injuria
1145 682 1262 723 non
1295 672 1488 723 vestra
1508 670 1615 739 est,
1647 663 1749 724 sed
1780 663 1837 723 in
1892 665 2077 726 Deum

420 750 651 813 transit.
686 750 1023 813 Consolatio
1056 752 1234 832 igitur
1262 752 1331 812 sit
1373 752 1560 822 vobis,
1610 752 1766 833 quod
1815 754 1941 813 hate
1975 752 2077 814 Dei

418 838 493 900 sit
522 839 759 919 injuria.
795 838 961 902 Sicut
992 852 1221 917 contra,
1258 862 1331 902 ne
1360 841 1720 920 gloriemini,
1749 843 1838 902 vel
1888 843 2077 921 sapite

418 928 694 1005 sublime,
731 929 885 1010 quod
913 930 1155 1009 quidam
1193 950 1288 991 vos
1314 930 1579 993 audiant.
1607 931 1742 993 Non
1769 932 1926 992 enim
1950 950 2077 994 ves-

418 1024 573 1080 trum
609 1024 701 1082 est
731 1037 905 1098 opus,
940 1020 1044 1081 sed
1078 1039 1276 1083 meum
1311 1029 1371 1082 et
1404 1021 1627 1099 gratiae.

502 1106 684 1169 Vens.
719 1108 919 1171 17-20.
961 1133 984 1167 ι
1029 1110 1271 1172 Ριρνιτδὶ
1302 1118 1496 1171 autem
1546 1118 1681 1171 snnt
1707 1110 2076 1191 septuaginta

420 1215 552 1259 cum
612 1197 845 1277 gaudio,
880 1199 1186 1263 dicentes:
1225 1199 1495 1273 Domine,
1543 1200 1719 1261 etiam
1782 1200 2075 1261 daemonia

421 1286 819 1365 subjiciuntur
844 1288 1017 1349 nobis
1040 1308 1145 1369 per
1170 1309 1382 1349 numen
1413 1292 1912 1352 tuum.Ailautem
1933 1291 2069 1353 illis:

420 1374 708 1437 Videbam
742 1378 1017 1439 Satanam
1045 1380 1199 1439 sicut
1224 1380 1416 1456 fulgur
1446 1379 1519 1440 de
1553 1379 1702 1441 coelo
1735 1379 2071 1443 cadentem.

416 1465 575 1528 Ecce
605 1466 679 1526 do
702 1466 865 1527 vobis
891 1475 1236 1547 potestatem
1270 1468 1537 1531 calcandi
1563 1487 1745 1549 super
1766 1478 2077 1550 serpentes

420 1563 478 1616 et
500 1556 867 1631 scorpiones,
903 1566 961 1618 et
990 1576 1172 1638 super
1214 1578 1450 1619 omnem
1487 1560 1761 1620 virtutem
1822 1557 2073 1642 inimici,

418 1654 477 1706 et
501 1644 647 1705 nihil
684 1644 849 1707 Vobis
891 1647 1153 1708 nocebit.
1188 1646 1613 1709 Verumtamen
1651 1649 1709 1709 in
1744 1649 1855 1710 hoc
1891 1648 2074 1711 nolite

416 1733 674 1809 gaudere
704 1735 859 1814 quod
893 1735 1140 1816 Spiritus
1171 1736 1336 1797 vobis
1368 1736 1784 1816 subjiciuntur,
1808 1737 1911 1798 sed
1936 1757 2075 1817 gau-

416 1820 553 1883 dete
607 1823 798 1902 potius
853 1824 1009 1904 quod
1068 1825 1309 1886 nomina
1356 1835 1547 1887 vestra
1597 1827 1817 1905 scripta
1846 1827 2071 1888 suntin

414 1910 644 1975 caelis.»
680 1911 849 1975 Prius
870 1915 1016 1975 dixit
1047 1915 1201 1995 quod
1238 1916 1463 1976 miserit
1490 1918 1880 1995 septuaginta,
1917 1935 2073 1978 nunc

412 2006 607 2061 autem
640 2000 777 2061 dicit
804 2003 957 2080 quod
990 2004 1215 2064 reversi
1238 2008 1350 2065 sint
1406 2006 1733 2083 gaudentes
1763 2005 1919 2085 quod
1955 2024 2072 2067 non

411 2089 602 2175 solum
627 2089 773 2149 alios
800 2091 1040 2152 morbos
1070 2094 1349 2170 fugarint.
1386 2095 1518 2168 sed,
1544 2094 1700 2175 quod
1736 2095 1930 2174 majus
1954 2113 2072 2155 ma-

410 2174 531 2236 lum
562 2187 717 2255 erat,
751 2179 1066 2257 etfugarint
1117 2182 1290 2242 etiam
1336 2174 1661 2245 daemones.
1690 2185 1840 2245 Vide
1870 2192 2069 2245 autem

412 2265 712 2344 quomodo
748 2286 862 2327 non
897 2270 1271 2347 superbiunt.
1312 2272 1525 2333 [licunt
1576 2273 1733 2333 enim
1793 2274 1951 2353 quod
2008 2274 2071 2335 in

411 2355 655 2415 nomine
707 2364 811 2416 tuo
840 2356 1241 2436 subjiciuntur
1274 2360 1443 2422 nobis
1466 2362 1783 2434 daemonia,
1820 2372 1914 2423 tua
1943 2381 2066 2441 gra.

413 2442 516 2514 tia,
554 2462 669 2504 non
706 2453 906 2507 nostra
934 2448 1333 2510 virtute.Dicit
1361 2460 1554 2511 autem
1592 2450 1705 2511 illis
1735 2450 2020 2513 Dominus
2051 2467 2063 2510 :

414 2528 501 2593 Ne
536 2533 835 2595 miremini
867 2538 912 2598 si
938 2537 1240 2599 tlaamones
1264 2538 1427 2600 vobis
1459 2540 2061 2619 subjiciantur.Prin-

414 2640 554 2702 ceps
587 2626 744 2684 enim
774 2624 1034 2705 ipsorum
1058 2627 1196 2688 olim
1222 2628 1295 2690 de
1320 2630 1470 2690 coelo
1499 2630 1811 2704 decidit,ct
1843 2631 2062 2691 nullam

409 2710 819 2775 fortitudinem
848 2714 1043 2780 habet.
1093 2715 1236 2778 Nam
1291 2719 1419 2780 licet
1471 2720 1582 2781 hoc
1642 2720 1916 2783 homines
1947 2738 2064 2784 non

409 2802 686 2889 viderint,
722 2822 829 2883 ego
863 2814 1059 2867 tamen
1112 2807 1506 2870 invisibilium
1566 2817 1867 2889 spectator
1915 2811 2057 2874 vidi.

409 2888 643 2951 Decidit
671 2901 866 2953 autem
899 2894 1051 2955 sicut
1083 2895 1299 2973 fulgur.
1353 2898 1489 2978 quia
1544 2888 1643 2959 lux
1691 2908 1841 2980 erat,
1875 2909 1932 2960 et
1960 2917 2062 2960 ar-

411 2980 731 3057 cbangelus
764 2993 819 3041 et
852 2982 1326 3057 lucifer,etiamsi
1349 2987 1405 3047 in
1432 2987 1711 3049 tenebras
1739 3007 1943 3050 versus
1965 2988 2061 3049 sit.

411 3065 474 3129 Si
501 3069 679 3144 igitur
704 3070 780 3158 de
810 3071 951 3133 caelo
983 3073 1083 3135 ille
1116 3074 1364 3156 decidit,
1399 3078 1550 3137 servi
1584 3078 1736 3158 ejus,
1776 3078 2069 3141 daemonia

2097 1876 2135 1925 Β

2164 484 2409 561 χεσθαις
2467 481 2598 562 φησί
2630 498 2642 511 ·
2708 480 2795 548 Μὴ
2847 479 3096 537 λυπεῖσθε
3126 500 3141 517 ·
3189 482 3216 536 ὁ
3274 478 3465 535 ἀθετῶν
3521 477 3732 553 ὑμᾶς,
3785 472 3885 546 ἐμὲ

2162 571 2341 627 ἀθετεῖ
2383 571 2472 626 καὶ
2528 571 2619 626 τὸν
2674 570 2880 649 Πατέρα
2939 594 3063 647 μου,
3125 570 3259 627 ὥστε
3315 570 3351 637 ἡ
3404 564 3575 646 ὕϐρις
3637 567 3756 622 οὒκ
3806 564 3883 627 εἷς

2160 661 2296 736 ὑμᾶς
2338 657 2583 740 ἵσταται,
2629 656 2750 715 ἀλλ’
2808 661 2883 725 εἰς
2940 662 3072 717 Θεὸν
3144 659 3445 738 ἀνατρέχει.
3511 653 3882 733 Παραμυθία

2163 751 2332 809 τοίνυν
2385 748 2521 806 ἔστω
2550 751 2723 829 ὑμῖνη
2758 752 2849 806 τὸν
2900 753 3031 806 Θεὸν
3076 748 3359 829 ὑϐρίζεσθαι
3390 764 3404 777 ·
3438 747 3665 823 ὥσπερ
3700 741 3882 798 πάλιν

2163 839 2240 914 μὴ
2313 820 2607 918 καυχᾶσθε..
2692 820 2772 894 ὸἨ
2815 820 3261 921 ὑψηλοφρονεῖτε,
3289 837 3366 894 ὄτι
3394 834 3691 893 ἀκούωσί
3723 852 3881 894 τινες

2158 930 2330 1002 ὑμῶν.
2392 928 2464 985 Οὐ
2523 929 2622 1007 γὰρ
2681 927 2932 1010 ὑμέτερον
2992 931 3053 985 τὸ
3109 928 3283 1009 ἔργον,
3345 923 3460 983 ἀλλ’
3530 926 3707 989 ἐμοῦ
3791 921 3882 977 καὶ

2157 1017 2255 1085 τῆς
2290 1018 2539 1097 χάριτος,

2246 1130 2273 1161 κ
2337 1097 2700 1185 Ὑπέστρεψαν
2752 1103 2805 1162 δὲ
2864 1108 2911 1162 οἱ
2984 1105 3346 1180 ἐϐδομήκοντα
3413 1103 3564 1179 μετὰ
3643 1102 3880 1179 χαρᾶς,

2158 1193 2404 1274 λέγοντες
2440 1211 2453 1224 ⁸
2517 1196 2696 1276 Κύριε,
2746 1196 2834 1252 καὶ
2876 1197 2943 1252 τὰ.
2984 1194 3227 1271 δαιμόνια
3276 1193 3670 1252 ὑποτάσσεται
3726 1191 3883 1262 ἡμῖν

2157 1284 2211 1342 ἐν
2255 1292 2332 1359 τῷ
2386 1284 2607 1361 ὀνόματί
2651 1307 2768 1344 σου.
2814 1286 2954 1342 Εἶπε
2998 1282 3053 1341 δὲ
3091 1284 3270 1349 αὐτοῖς
3302 1298 3316 1313 ⁹
3371 1281 3713 1359 Ἐθεώρουν
3782 1277 3881 1331 τὸν

2160 1380 2401 1430 Σατανᾶν
2456 1377 2529 1438 ὡς
2586 1375 2860 1452 ἀστραπὴν
2908 1375 2969 1431 ἐκ
3014 1381 3108 1431 τοῦ
3135 1374 3352 1454 οὐρανοῦ
3380 1370 3682 1429 πσσόντα,
3728 1363 3881 1421 Ἰδοὺ

2160 1462 2342 1540 δίδωμι
2398 1466 2528 1541 ὑμῖν
2579 1466 2678 1533 τὴν
2736 1463 2964 1530 ἐξουσίαν
3018 1471 3111 1522 τοῦ
3164 1475 3354 1519 πατεῖν
3411 1460 3612 1517 ἐπάνω
3672 1455 3878 1535 ὄφεων

2160 1555 2249 1610 καὶ
2279 1556 2569 1634 σκορπίων,
2599 1556 2687 1611 καὶ
2716 1553 2800 1611 ἐπὶ
2855 1561 3031 1611 πᾶσαν
3071 1553 3169 1621 τὴν
3199 1550 3412 1643 δύναμιν
3443 1558 3547 1643 τοῦ
3603 1547 3872 1643 ἐχθροῦ,

2158 1645 2245 1699 καὶ
2303 1641 2449 1700 οὐδὲν
2508 1644 2643 1720 ὑμᾶς
2699 1645 2759 1700 οὗ
2801 1643 2879 1720 μὴ
2929 1640 3182 1718 ἀδικήσῃ.
3239 1638 3384 1707 Πλὴν
3442 1638 3497 1693 ἕν
3523 1637 3747 1694 τούτω
3780 1637 3871 1709 μὴ

2157 1733 2399 1813 χαίρετε,
2430 1731 2512 1789 ὅτι
2544 1734 2608 1789 τὰ
2663 1734 2935 1809 πνεύματα
2985 1734 3109 1808 ὑμῖν
3159 1731 3534 1790 ὑποτάσσεται,
3595 1726 3868 1801 Χαίρετε

2158 1819 2212 1876 δὲ
2264 1820 2471 1898 μᾶλλον
2526 1822 2606 1878 ὅτι
2657 1823 2725 1878 τὰ
2809 1822 3043 1897 ὀνόματα
3103 1821 3249 1897 ὒμῶν
3302 1818 3504 1897 ἐγράφη
3574 1818 3651 1871 ἓν
3730 1824 3869 1873 τοῖς

2157 1912 2427 1991 οὐρανοῖς,
2493 1935 2519 1967 ι
2585 1918 2851 1986 Προεῖπεν
2921 1910 2999 1967 ὅτι
3058 1909 3334 1967 ἀπέστειλε
3389 1908 3508 1969 τοὺς
3571 1901 3865 1978 ἐϐδομήο

2155 2023 2345 2063 κοντα,
2401 2009 2503 2058 Νῦν
2555 2004 2644 2057 οὖν
2702 1999 2847 2081 λέγει
2894 1999 2973 2056 ὅτι
3030 2000 3362 2080 ὑπέστρεψαν
3394 1998 3735 2077 χαίροντες,
3775 1992 3865 2047 ὅτι

2156 2093 2217 2149 οὐ
2273 2093 2437 2167 μόνον
2491 2092 2585 2155 τὰς
2644 2090 2808 2154 ἄλλας
2867 2091 3049 2156 νόσους
3105 2089 3346 2164 ἒδίωκον,
3377 2085 3493 2143 ἀλλ’
3525 2084 3612 2141 ὅτι
3654 2084 3765 2139 καὶ
3795 2082 3863 2135 τὸ

2156 2188 2343 2252 μεῖζον
2380 2183 2566 2257 κακὸν,
2606 2182 2729 2247 τοὺς
2788 2180 3037 2258 δαίμονας
3090 2179 3396 2251 ἒξήλαυνον.
3430 2167 3578 2255 ’Ὀρα
3610 2172 3684 2229 δὲ
3721 2176 3861 2232 πῶς

2156 2272 2257 2350 οὐχ
2306 2269 2755 2352 ὑψηλοφρονοῦσι,
2799 2272 2935 2326 Φασὶ
2989 2271 3111 2350 γὰρ,
3173 2270 3254 2325 ὁτι
3313 2266 3398 2326 Ἐν
3457 2271 3533 2339 τῷ
3588 2262 3854 2337 ὀνόματί

2156 2381 2249 2416 σου
2305 2361 2690 2417 ὑποτάσσονται
2774 2361 2907 2435 ἡμῖν
2993 2362 3039 2416 οἱ
3123 2357 3386 2435 δαίμονες.
3445 2354 3536 2412 Ἐν
3594 2352 3679 2419 τῆ
3768 2354 3851 2424 σῇ

2156 2449 2360 2528 χάριτι,
2409 2449 2469 2504 οῦ
2498 2454 2566 2525 τῇ
2594 2447 2828 2525 ἡμετέρᾳ
2867 2450 3020 2528 ἰσχύϊ
3031 2496 3044 2511 ,
3078 2452 3213 2506 Εῖπε
3234 2446 3288 2503 δὲ
3317 2447 3495 2508 αὐτοῖς
3521 2444 3549 2498 ὁ
3582 2446 3831 2519 Κύριος*

2158 2539 2248 2606 Μὴ
2309 2538 2624 2614 θαυμάζετε,
2676 2540 2720 2594 εἱ
2796 2536 3039 2614 δαίμονες
3091 2540 3217 2613 ὑμῖν
3279 2535 3667 2592 ὑποτάσσονται
3707 2545 3728 2561 ⁸
3797 2530 3831 2582 ὁ

2146 2628 2247 2705 γὰρ
2305 2624 2489 2707 ἅρχων
2564 2631 2761 2707 αὐτῶν,
2835 2626 3001 2683 πάλαι
3059 2626 3345 2684 κατέπεσεν
3406 2622 3496 2679 ἀπ’
3551 2622 3824 2698 οὐρανοῦ.

2151 2717 2247 2773 Καὶ
2303 2714 2548 2793 οὐδεμίαν
2591 2716 2748 2795 ἰσχὺν
2807 2714 2948 2795 ἔχει.
2986 2717 3044 2773 Εἰ
3073 2717 3173 2796 γὰρ
3203 2716 3291 2771 καὶ
3328 2725 3444 2777 τοῖς
3501 2709 3827 2787 ἀνθρώποις

2147 2805 2251 2884 οὐχ
2306 2805 2506 2883 ἑωρᾶτο
2550 2812 2727 2884 τοῦτο,
2760 2804 2881 2862 ἀλλ’
2932 2808 3020 2862 οὗν
3067 2808 3181 2881 ὲμοὶ
3229 2803 3502 2883 ἓθεωρεῖτο
3558 2806 3638 2874 τῷ
3702 2801 3828 2853 τῶν

2147 2895 2385 2973 ἀοράτων
2439 2898 2644 2975 θεωρῷ,
2732 2886 2823 2960 Ὠς
2898 2896 3147 2975 ἀστραπὴ
3204 2893 3259 2950 δὲ
3317 2891 3629 2961 κατέπεσεν,
3688 2886 3817 2945 ἐπεὶ

2146 2988 2259 3063 φῶς
2300 2989 2389 3065 ἦν,
2443 2988 2529 3042 καὶ
2580 2984 2941 3065 ἀρχάγγελος,
2988 2986 3077 3041 καὶ
3117 2985 3408 3065 ἑωσφόρος,
3442 2982 3487 3037 εἱ
3512 2980 3599 3036 καὶ
3652 2976 3809 3033 σκό-

2146 3096 2236 3137 τος
2269 3073 2509 3153 γέγονεν.
2545 3075 2602 3131 Εἰ
2648 3074 2818 3131 τοίνυν
2867 3075 3019 3138 οὗτος
3066 3073 3355 3131 κατέπεσεν
3415 3066 3506 3127 ἄπ’
3551 3069 3803 3147 οὐρανοῦ,

412 3155 716 3250 dic0,quid
747 3177 862 3250 non
886 3161 1208 3239 patientur?
1233 3162 1479 3236 Quidam
1501 3155 1696 3227 autem
1722 3155 1812 3228 sic
1834 3167 2023 3229 intelli
2043 3201 2063 3214 -

2150 3164 2196 3219 οἱ
2249 3162 2424 3222 δοῦλοι
2484 3165 2663 3238 αὐτοῦ,
2697 3165 2762 3220 τὰ
2805 3162 3056 3240 δαιμόνια
3104 3161 3270 3242 λέγω,
3298 3162 3347 3218 τί
3375 3161 3434 3217 οὒ
3483 3159 3804 3250 πείσονται;

411 3247 658 3335 gunt,de
695 3247 991 3328 caalo,hoc
1021 3259 1111 3313 est
1133 3253 1208 3314 de
1237 3254 1602 3333 gloria.Nam
1637 3255 1775 3335 quia
1795 3256 2068 3319 dixerant

414 3333 472 3425 ei
493 3338 864 3425 septuaginta
892 3340 1046 3419 quod
1072 3340 1360 3405 daemonia
1394 3343 1507 3405 sibi
1530 3333 1941 3425 subj—iciantur,
1978 3347 2066 3408 di-

409 3422 641 3486 cit:Hoc
673 3432 730 3486 et
760 3445 865 3505 ego
889 3426 1474 3504 sciebam,\’idebam
1507 3422 1664 3494 enim
1699 3443 1966 3496 satanam
1991 3436 2067 3497 de

410 3512 653 3603 cmlo,id
678 3514 871 3589 est,de
903 3516 1090 3596 gloria
1122 3529 1322 3600 sua,et
1347 3522 1422 3583 de
1442 3523 1669 3583 honore
1690 3540 1866 3603 quem
1892 3523 2066 3585 habe-

410 3601 871 3671 bat.cadentem.
911 3608 1064 3669 Ante
1096 3610 1397 3672 Christum
1431 3611 1589 3673 enim
1625 3623 1683 3673 ut
1710 3601 1872 3676 Deus
1897 3615 2063 3676 cole-

410 3690 768 3769 batur,nunc
796 3705 997 3759 autem
1024 3696 1098 3759 de
1119 3699 1268 3760 creto
1312 3700 1676 3775 decitlit,h0c
1709 3704 1905 3777 est,de
1930 3704 2062 3783 glo-

406 3781 494 3843 ria
515 3801 727 3863 sua,ne
758 3786 983 3847 colatur
1008 3795 1071 3848 ut
1092 3789 1471 3869 Deus,ncque
1492 3790 1780 3854 habeatur
1814 3781 2065 3873 perinde

407 3890 475 3932 ac
507 3871 555 3932 si
589 3870 648 3933 in
684 3874 834 3935 ccelo
868 3874 1092 3939 habitet
1124 3879 1278 3939 Ecce
1303 3878 1477 3957 igitur
1511 3879 1586 3941 do
1616 3880 1778 3943 Vobis
1812 3870 2063 3962 potesta-

411 3968 527 4020 tem
544 3963 929 4025 conculcandi
947 3965 1216 4028 virtutem
1237 3967 1467 4029 illorum
1480 3973 1820 4050 .Serpentes
1833 3982 2061 4033 etscor-

411 4050 512 4128 piii
545 4050 880 4112 daemonum
905 4062 1043 4115 sunt
1074 4065 1482 4138 catcrvaa,qua3
1513 4058 1788 4121 deorsum
1824 4062 2061 4122 trahun-

408 4138 731 4231 tur.E_tAqui
763 4142 1072 4205 manifeste
1100 4147 1903 4231 percutiunt,serpentes,qui
1922 4169 2059 4212 vero

414 4226 975 4311 occultius,scorpii,
1005 4240 1066 4292 ut
1097 4232 1326 4295 daemon
1369 4226 1635 4297 libidinis
1664 4248 1719 4298 et
1766 4226 1945 4300 caedis
1976 4248 2064 4301 est

409 4330 657 4396 serpens
694 4334 707 4379 :
747 4319 809 4379 in
843 4322 1243 4385 manifestaria
1274 4324 1432 4385 enim
1468 4326 1618 4387 mala
1646 4328 1970 4407 compellit:
2005 4346 2067 4399 at

2150 3253 2301 3316 Τινὲς
2359 3250 2414 3307 δὲ
2456 3253 2540 3333 τὸ,
2602 3251 2695 3308 ἀπ’
2747 3256 2992 3333 οὐρανοῦ,
3038 3252 3175 3309 οὕτω
3232 3258 3429 3329 νοοῦσι,
3498 3245 3797 3318 τουτέστιν,

2150 3342 2254 3399 ἀπὸ
2304 3339 2483 3408 δόξης.
2542 3339 2690 3399 Ἐπεὶ
2740 3343 2840 3421 γὰρ
2886 3342 3048 3398 εἶπον
3107 3343 3247 3416 αὑτῷ
3304 3343 3351 3398 οἱ
3404 3336 3797 3414 ἐϐδομήκοντα,

2149 3428 2230 3489 ὅτι
2272 3432 2339 3488 τὰ
2408 3429 2663 3507 δαιμόνια
2717 3432 3096 3512 ὑποτάσσεται,
3148 3432 3331 3512 φησὶν,
3366 3429 3468 3503 ὅτι,
3530 3426 3629 3485 Καὶ
3685 3424 3799 3512 ἐγω

2148 3526 2304 3578 τοῦτο
2361 3519 2672 3600 ἐγίνωσκον.
2735 3518 3015 3578 ’Ἒϐλεπον
3087 3511 3187 3600 γὰρ
3255 3521 3346 3576 τὸν
3428 3520 3667 3572 Σατανᾶν
3741 3511 3799 3577 ἐξ

2150 3612 2407 3691 οὖρανῶν,
2464 3611 2757 3687 τουτέστιν,
2805 3611 2912 3667 ἀπὸ
2954 3609 3050 3678 τῆς
3108 3608 3260 3678 δόξης
3304 3610 3368 3675 ἧς
3400 3608 3553 3686 εἶχε,
3579 3606 3667 3660 καὶ
3693 3602 3794 3671 τῆς

2146 3706 2310 3778 τιμῆς
2367 3700 2623 3759 πεσόντα.
2685 3702 2794 3780 Πρὸ
2841 3702 2941 3779 γὰρ
2981 3707 3211 3780 Χριστοῦ
3240 3701 3313 3762 ὡς
3364 3698 3492 3761 Θεὸς
3549 3694 3791 3770 ἐτιμᾶτο.

2148 3798 2251 3848 Νῦν
2310 3788 2364 3845 δὲ
2394 3789 2607 3856 ἒξεπεσε
2636 3797 2728 3847 τοῦ
2782 3791 3027 3869 οὐρανοῦ,
3086 3787 3351 3867 τοττέστι,
3401 3795 3492 3844 τοῦ
3545 3784 3792 3858 τιμᾶσθαι

2147 3882 2220 3944 ὡς
2272 3881 2427 3955 Θεὸς,
2479 3882 2571 3937 καὶ
2616 3881 2913 3958 νομίζεσθαι
2988 3877 3068 3936 ὅτι
3128 3878 3181 3935 ἐν
3236 3882 3312 3951 τῷ
3368 3880 3569 3955 οὖρανῷ
3624 3872 3790 3932 ἐστιν.

2147 3965 2281 4027 Ἰδοὺ
2332 3969 2421 4026 οὖν
2463 3968 2648 4046 δίδωμι
2690 3976 2819 4046 ὑμῖν
2883 3968 3115 4035 ἐξουσίαν
3164 3978 3492 4025 καταπατεῖν
3551 3964 3643 4027 τὰς
3693 3959 3787 4017 δυ-

2147 4059 2332 4135 νάμεις
2394 4059 2572 4118 αὐτοῦ.
2635 4059 2843 4141 ’¹Οφεις
2925 4061 3024 4141 γὰρ
3096 4061 3185 4118 καὶ
3243 4056 3480 4135 σκορπίοι
3546 4056 3597 4111 αἱ
3681 4057 3786 4141 τῷν

2146 4148 2411 4223 δαιμόνων
2470 4140 2751 4229 φάλαγγες
2812 4151 2961 4212 κάτω
3017 4150 3318 4229 συρόμεναι’
3374 4147 3462 4203 καὶ
3487 4143 3630 4229 -.ὅσοι
3688 4140 3783 4229 μέν

2149 4224 2534 4318 ἐμφανέστερον
2615 4239 2965 4315 πλήττουσιν,
3040 4239 3183 4297 οὗτοι
3258 4235 3425 4317 ὄφεις.
3486 4224 3648 4291 U060:
3729 4228 3783 4285 δὲ

2146 4326 2525 4407 ἀφανέστερον,
2571 4328 2712 4385 οὗτοι
2743 4330 3005 4408 σκορπίοι,
3050 4328 3170 4384 οἷον
3203 4327 3231 4383 δ
3275 4326 3371 4401 μὲν
3400 4329 3497 4391 τῆς
3545 4321 3785 4408 πορνείας

410 4405 507 4484 qui
535 4415 777 4506 propter
819 4409 1059 4471 morbos
1100 4413 1418 4492 persuadet
1447 4415 1751 4479 hominem
1783 4405 2060 4500 lavacris,

2149 4405 2233 4473 καὶ
2288 4422 2380 4473 τοῦ
2413 4405 2594 4495 -φόνου
2638 4405 2860 4497 δαίμων,
2893 4414 3035 4496 ὄφις,
3083 4416 3170 4478 Εἰς
3224 4418 3465 4493 προφανῆ
3651 4406 3785 4463 κακὰ

409 4494 743 4571 unguentis,
774 4497 984 4559 etaliis
1015 4502 1497 4565 etfeminantibus
1527 4506 1635 4579 uti,
1667 4505 1938 4586 scorpius
1961 4494 2057 4567 vo;

2149 4508 2393 4565 συνωθεῖ.
2431 4494 2489 4564 Ὀ
2518 4504 2572 4562 δὲ
2602 4504 2686 4562 διὰ
2730 4494 2883 4562 νόσον
2937 4494 3092 4572 δῆθεν
3148 4505 3340 4561 πείθων
3382 4504 3471 4558 τὸν
3519 4498 3783 4603 ἄνθρωπον

407 4591 594 4663 catur,
620 4603 736 4645 non
765 4587 1140 4650 manifestum
1185 4590 1411 4654 habens
1439 4594 1734 4671 aculeum,
1770 4584 1873 4658 sed
1906 4596 2057 4657 clam

2149 4593 2386 4675 λουτροῖς
2468 4599 2697 4677 χρᾶσθαι
2754 4596 2843 4651 καὶ
2915 4595 3201 4675 μυρίσμασι
3274 4595 3362 4649 καὶ
3415 4602 3538 4655 ταῖς
3574 4584 3783 4677 ,ἄλλως

406 4689 647 4732 carnem
671 4674 1003 4753 otl‘endens,
1038 4686 1101 4739 ut
1123 4678 1498 4745 obedientem
1524 4684 1582 4743 in
1608 4702 1881 4762 magnum
1919 4687 2060 4746 546

406 4778 609 4821 casum
643 4763 1101 4857 injic-iat.G_ratia
1132 4777 1326 4830 autem
1358 4771 1740 4855 Demino,qui
1771 4774 1935 4837 dedit
1957 4796 2059 4857 po-

408 4856 677 4911 testatem
711 4852 976 4915 calcandi
1007 4874 1187 4936 super
1218 4857 1372 4922 illus.
1392 4852 1677 4923 Caeterum
1703 4863 1925 4926 docens
1954 4852 2056 4928 eos

408 4955 484 5034 ne
504 4938 868 5034 superbiant,
907 4943 1506 5034 dicit:Verumtamen
1538 4950 1596 5012 in
1623 4952 1734 5014 hoc
1765 4973 1882 5015 non
1904 4973 2055 5034 gau-

409 5026 545 5088 dete
566 5029 721 5108 quod
747 5030 1042 5095 daemonia
1084 5033 1249 5097 vobis
1290 5038 1682 5119 subjiciuntur
1714 5061 1727 5102 :
1764 5043 1864 5104 alii
1894 5026 2051 5106 enim

409 5124 546 5176 sunt
578 5119 678 5197 qui
712 5136 778 5179 ex
803 5121 913 5181 hoc
941 5120 1230 5186 beneﬁcia
1252 5128 1736 5212 capiunt,nempe
1769 5133 1868 5212 qui
1897 5134 2057 5195 sani-

408 5211 583 5300 tatem
619 5214 1201 5289 consequunturzsed
1232 5218 1414 5297 magis
1436 5219 1591 5300 quod
1611 5211 1851 5284 nomina
1868 5233 2057 5286 vestra

408 5294 627 5387 scripta
652 5298 831 5387 sutin
880 5301 1069 5377 caelis,
1099 5320 1217 5365 non
1249 5294 1601 5387 atramento,
1640 5310 1743 5373 sed
1770 5313 2057 5376 memoria

408 5380 514 5443 Dei
537 5390 595 5443 et
622 5385 829 5462 gratia.
863 5388 937 5451 Et
967 5389 1238 5455 diabolus
1263 5395 1484 5459 decidit
1518 5420 1551 5459 e
1576 5380 1747 5471 c0310.
1785 5402 2059 5465 homines

405 5478 607 5535 autem
631 5473 729 5554 qui
760 5473 909 5536 infra
931 5480 1453 5550 sunt.scribuntur
1482 5486 1911 5568 supra.Verum
1943 5490 2057 5553 ita-

2141 4684 2437 4761 βλακείαις,
2468 4690 2496 4743 ὁ
2546 4693 2780 4750 τοιοῦτος
2840 4684 3041 4762 δαίμων
3113 4684 3361 4763 σκορπίος
3422 4679 3484 4737 ἂν
3538 4676 3779 4747 κληθείη,

2142 4776 2232 4843 Μὴ
2279 4775 2508 4855 ἐμφανὲς
2552 4775 2699 4857 ἔχων
2740 4778 2803 4833 τὸ
2857 4775 3095 4855 κέντρον,
3148 4773 3285 4831 ἀλλὰ
3340 4768 3639 4857 λεληθότως
3684 4765 3778 4832 τὴν

2140 4866 2307 4944 σάρκα
2360 4856 2751 4947 περιποιεῖσθαι
2783 4864 3039 4941 σπεύδων,
3071 4864 3164 4921 ’ίνα
3350 4864 3443 4919 τὸν
3472 4856 3775 4947 πειθόμενον

2139 4955 2212 5017 εἷς
2285 4946 2481 5032 πτῶμα
2545 4957 2708 5036 μέγα,
2761 4957 2920 5037 Χάρις
2977 4953 3031 5011 δὲ
3100 4962 3177 5030 τῷ
3242 4953 3411 5032 Κυρίῳ
3464 4956 3540 5025 τῷ
3588 4946 3773 5005 διδόντι

2137 5042 2354 5121 δύναμιν
2390 5059 2585 5102 πατεῖν
2632 5045 2811 5103 ἐπάνω
2867 5046 3090 5108 τούτων,
3151 5042 3414 5101 Παιδεόων
3469 5041 3523 5097 δὲ
3590 5037 3773 5100 αὖτοὺς

2137 5133 2217 5208 μὴ
2246 5132 2664 5215 ὑψηλοφρονεῖν,
2699 5136 2829 5215 φησί
2861 5152 2875 5166 ·
2909 5134 3056 5203 Πλὴν
3106 5134 3160 5192 ἐν
3208 5134 3377 5209 τούτῳ
3406 5136 3483 5210 μὴ
3539 5132 3773 5212 χαίρετε,

2139 5220 2219 5279 ὅτι
2274 5226 2342 5280 τὰ
2410 5222 2656 5301 δαιμόνια
2706 5227 2834 5303 ὑμῖν
2890 5225 3264 5287 ὑποτάσσεται.
3289 5220 3497 5281 ⁹¹Λλλοι
3524 5224 3622 5302 γάρ
3650 5223 3776 5277 εἰσιν

2139 5315 2185 5369 οἱ
2241 5312 2303 5369 ἐκ
2357 5313 2545 5371 τούτου
2600 5313 3059 5395 εὐεργετούμενοι,
3119 5317 3165 5371 οἱ
3219 5318 3319 5381 τῆς
3366 5312 3553 5375 ἰάσεως
3609 5333 3778 5369 κατα-

2140 5400 2423 5479 ξιοόμενοι.
2508 5402 2675 5462 Ἀλλὰ
2763 5404 2967 5482 μᾶλλον
3047 5402 3125 5462 ὀίτι
3195 5404 3261 5461 τὰ
3329 5404 3565 5479 ὀνόματα
3636 5405 3780 5477 ὑμῶν

2141 5491 2346 5572 ἐγραφη
2405 5492 2460 5549 ἂν
2519 5507 2660 5560 τοῖς-
2695 5498 2963 5576 οὐρανοῖς,
3024 5496 3082 5553 οὗ
3140 5492 3350 5571 μέλανι.
3414 5490 3549 5549 ἀλλὰ
3592 5494 3779 5573 μνήμῃ
