4116 6212
519 240 638 324 943

1480 240 2066 310 THEOPHYLACTI
2108 245 2521 306 BULGARI/E
2567 242 2921 308 ARCHIEP.

514 388 739 451 alicubi
769 390 986 451 dictum
1022 412 1035 452 :
1077 415 1100 445 ι
1134 390 1277 451 Data
1308 401 1396 451 est
1420 391 1565 452 mihi
1596 391 1789 453 omnis
1824 396 2083 470 potestas
2105 388 2137 449 it

2223 388 2341 437 ντοῦ
2391 384 2593 461 Πατρός
2649 405 2774 463 μου,
2835 384 3096 458 τουτέστι,
3157 405 3329 439 παντα
3407 405 3495 457 μοι
3569 384 3889 458 ὑποταγῆναι

516 479 665 541 caelo
701 488 759 541 et
789 479 848 540 iu
876 488 1033 541 terra
1050 480 1133 539 45.
1173 506 1197 534 »
1235 478 1387 551 Quia
1417 482 1571 540 enim
1608 482 1936 561 paciﬁcavit
1964 479 2137 541 omni;

2248 470 2454 543 μέλλει,
2499 475 2586 528 καὶ
2634 474 2737 529 ὑπὸ
2804 473 2905 539 τὴν
2972 474 3110 547 ὶμὴν
3168 471 3471 528 δεσποτείαν
3541 483 3880 545 μεταπεσεῖν.

516 578 630 629 tam
663 587 794 650 qua
824 569 882 629 in
905 568 1055 629 caalo
1082 587 1261 649 quam
1288 588 1419 650 quae
1442 570 1500 629 in
1526 552 1703 644 terra,
1740 569 1874 630 talia
1904 569 2068 630 dicit.
2095 569 2137 630 E

2250 552 2483 635 ’Ὅμοιον
2538 559 2593 616 δὲ
2636 561 2790 617 τῶτο
2848 568 2923 635 τῷ
2981 560 3227 640 ἀλλαχοῦ
3253 560 3482 637 ῥηθέντι,
3522 584 3548 613 ι
3585 557 3781 650 ’.Εδόθη

514 660 685 720 aliter
712 680 723 721 :
764 684 790 713 ι
826 659 1039 721 Omnia
1069 659 1382 719 traduntur
1402 660 1549 721 Filio
1576 678 1609 721 a
1642 658 1811 721 Patre
1832 660 2164 732 “inomnia

516 767 697 829 opera
728 766 857 827 quae
897 749 1242 809 incarnatus
1275 768 1379 829 pro
1413 748 1583 809 nobis
1616 748 1776 812 fecit.
1824 748 1971 821 Quia
2003 750 2159 810 enim

519 857 713 919 neque
740 836 911 899 Pater
941 857 1135 917 neque
1179 838 1442 917 Spiritus
1491 858 1593 918 pro
1641 838 1811 899 nobis
1842 840 1930 900 vel
1965 839 2159 899 incar-

514 936 685 988 natus
712 936 822 1006 est,
876 926 965 988 vel
1009 945 1237 1006 passus,
1290 926 1377 986 vel
1425 928 1770 1007 resurrexit,
1822 932 1923 989 sed
1974 928 2160 991 Filius

518 1018 643 1077 haec
674 1016 874 1077 omnia
896 1016 1049 1096 tulit,
1088 1025 1145 1077 et
1174 1016 1291 1077 dux
1321 1016 1527 1076 salutis
1551 1026 1766 1078 nostrze
1799 1018 1986 1079 factus
2019 1025 2107 1078 est
2142 1039 2154 1079 :

512 1105 733 1167 idcirco
757 1105 1115 1167 dixitomnia
1133 1105 1341 1167 tradita
1368 1106 1477 1185 ipsi
1497 1125 1626 1168 esse
1652 1125 1664 1168 :
1695 1107 1875 1168 veluti
1910 1108 1957 1167 si
1979 1107 2158 1168 dixis-

512 1204 623 1269 set,
649 1193 820 1255 Pater
843 1214 1008 1256 meus
1034 1195 1179 1256 mihi
1204 1195 1579 1257 concredidit
1599 1196 2154 1271 omni.t,incarnari,

513 1284 655 1363 pati,
683 1302 1018 1362 resurgere.
1051 1284 1276 1345 salvare
1293 1293 1557 1345 naturam
1588 1287 1911 1367 repulsam.
1938 1285 2007 1347 Et
2026 1288 2157 1348 nul-

514 1373 602 1433 lus
628 1372 741 1433 scit
770 1371 981 1433 Filium
1018 1374 1131 1434 nisi
1186 1376 1374 1447 l’ater,
1422 1383 1479 1435 et
1524 1376 1660 1455 quis
1704 1378 1780 1437 sit
1811 1379 2003 1455 Pater,
2040 1377 2151 1437 nisi

506 1460 711 1523 Filius.
741 1461 1059 1542 Postquam
1082 1471 1278 1524 autem
1304 1463 1475 1524 dicit:
1502 1462 1711 1525 Omnia
1734 1465 1879 1525 mihi
1900 1482 2153 1529 concre-

506 1551 626 1611 dita
654 1560 810 1626 sunt,
844 1553 1012 1632 quasi
1042 1551 1287 1613 dubium
1321 1552 1616 1633 quoddam
1652 1572 1808 1614 nunc
1840 1555 2029 1615 solvit.
2068 1559 2153 1617 Ne

506 1641 663 1701 enim
698 1641 829 1721 quis
856 1642 1104 1713 dubitet,
1139 1642 1401 1721 Etcujus
1436 1644 1621 1720 gratia
1645 1641 1749 1702 tibi
1775 1643 1987 1705 tradita
2018 1655 2153 1706 sunt

2246 658 2389 706 πᾶσα
2448 649 2650 714 ’ἐξουσία
2710 651 2765 705 ἐν
2808 651 3012 729 οὖρανῷ
3064 653 3151 706 καὶ
3210 652 3296 706 επὶ
3348 650 3472 728 γῆς.
3517 674 3539 704 ι
3600 646 3754 703 Ἐπεὶ

2248 740 2614 819 εἰρηνοποίησε
2670 742 2735 796 τα
2792 741 2961 795 πάντα
3020 742 3087 795 τά
3162 761 3218 795 τε
3288 740 3341 795 ἐν
3410 743 3618 816 οὖρανῷ
3678 737 3768 790 καὶ

2245 835 2373 909 γῆς,
2435 828 2519 885 διὰ
2572 837 2727 886 τοῦτο
2780 837 2997 886 τοιαῦτα
3053 828 3224 907 λέγει.
3254 825 3358 888 Καὶ
3403 826 3576 887 ἄλλως
3609 823 3695 901 δὲ,
3732 826 3885 879 Πάντα

2244 917 2612 998 παραδίδονται
2670 926 2747 993 τῷ
2820 923 2924 993 Υἱῷ
2992 921 3096 975 ὑπὸ
3169 918 3262 975 τοῦ
3312 920 3543 995 Πατρὸς,
3601 917 3782 971 πάντα
3834 917 3885 967 τα

2242 1009 2340 1075 τῆς
2396 1010 2525 1086 ὑπὲρ
2566 1010 2721 1082 ἡμῶν
2776 1010 3075 1083 οἰκονομίας
3132 1007 3279 1085 ἔργα.
3335 1003 3559 1070 Ἐπειδὴ
3610 1005 3721 1081 γαρ

2248 1101 2402 1172 ἡμῶν
2460 1101 2576 1155 οὔτε
2648 1102 2674 1153 ὁ
2742 1098 2944 1175 Πατὴρ,
2990 1096 3106 1152 οὔτε
3150 1099 3213 1152 τὸ
3257 1101 3468 1170 Πνεῦμα
3514 1094 3549 1159 ἢ
3594 1092 3884 1169 ἐσαρκώθτρ,

2242 1188 2279 1255 ἢ
2338 1188 2549 1257 ἔπαθεν,
2610 1189 2645 1256 ἢ
2700 1187 2918 1265 ἀνέστη,
2953 1185 3072 1242 ἀλλ’
3103 1189 3131 1241 6
3179 1187 3294 1247 Υἱὸς
3338 1192 3501 1240 ταοῖτα
3540 1183 3724 1238 πάντα
3754 1180 3884 1255 ἐνήρ-

2241 1299 2398 1354 γτισε,
2450 1279 2540 1333 κειὶ
2580 1277 2825 1357 ἀρχηγὸς
2881 1281 2980 1343 τῆς
3028 1276 3290 1352 σωτηρίας
3343 1274 3499 1349 ἡμῶν
3528 1272 3776 1350 ἒγένετο,
3819 1268 3888 1323 διὰ

2238 1374 2393 1423 τοῦτο
2446 1368 2569 1424 εἷπε
2624 1368 2794 1423 πάντα
2850 1364 3233 1443 παραδεδόσθαι
3288 1369 3449 1437 αὐτῷ,
3507 1363 3700 1434 ὥσπερ
3760 1361 3820 1414 ἂν
3854 1362 3887 1414 εἰ

2238 1455 2419 1533 ἔλεγεν
2453 1472 2468 1486 ⁶
2532 1448 2588 1512 ὐ
2636 1457 2816 1533 Πατήρ
2880 1478 2979 1531 μου
3023 1454 3139 1529 ἐμοὶ
3190 1453 3517 1509 ἐνεπίστευσε
3574 1451 3783 1523 πάντα,
3839 1451 3888 1503 τὶν

2238 1546 2596 1623 σαρώναι,
2654 1548 2715 1601 τὸ
2776 1549 2989 1614 παθεῖν,
3040 1546 3101 1599 τὸ
3159 1541 3471 1619 ἀναστῆναι,
3503 1542 3563 1597 τὸ
3592 1545 3775 1594 σῶσαι
3800 1540 3885 1602 τὴν

2238 1637 2578 1691 ἀπωσθεϊσαν
2631 1636 2806 1713 φύσιν,
2864 1636 2953 1689 καὶ
3015 1630 3178 1695 οὐδεὶς
3235 1631 3490 1710 γινώσκει
3534 1631 3632 1684 τὺν
3682 1630 3802 1684 Υἱὸν
3850 1627 3886 1680 εἰ

2790 1682 2806 1713 θ

504 1712 921 1811 omnia,etnon
938 1712 1405 1803 alteri,fortassi3
1426 1712 1632 1808 angelo
1654 1731 1737 1791 vel
1762 1733 2137 1810 archangeloi

2235 1728 2313 1799 μη
2357 1727 2385 1780 6
2431 1712 2654 1803 Πατὴρ,
2694 1712 2799 1780 καὶγ
2838 1725 2916 1787 τίς
2975 1722 3116 1779 ἐστιν
3166 1724 3195 1777 6
3246 1721 3450 1811 Πατὴρ,
3499 1721 3542 1811 εί
3569 1720 3659 1793 μή
3756 1717 3880 1811 1:35?

501 1820 832 1900 dicit,quod
844 1823 1161 1901 Propterea
1184 1819 1679 1892 mihitradidit,eo
1698 1822 1853 1897 quod
1875 1822 2145 1902 ejusdem

500 1918 729 1971 natura;
765 1918 824 1969 et
862 1909 1207 1971 substantiae
1238 1929 1364 1970 sum
1416 1928 1549 1970 cum
1580 1930 1671 1971 eo.
1708 1910 1778 1971 Et
1801 1913 1951 1973 sicut
1980 1911 2146 1974 illum

500 2000 701 2059 nullus
731 2003 867 2073 scit,
903 1998 982 2059 ita
1013 2017 1209 2079 neque
1261 2017 1355 2059 me
1386 1999 1500 2061 nisi
1544 2002 1717 2061 Pater
1746 2002 1946 2062 solus:
1981 2012 2038 2063 et
2067 2003 2147 2066 ita

503 2088 713 2147 merito
743 2090 886 2148 mihi
921 2088 1160 2148 tradidit
1189 2089 1389 2149 omnia
1415 2098 1476 2148 ut
1508 2089 1773 2167 ejusdem
1807 2100 2031 2152 natura;
2055 2112 2147 2154 se-

497 2194 657 2250 cum,
692 2194 1048 2256 omnemque
1080 2177 1475 2255 cognitionem
1507 2179 1970 2253 transcendenti,
1996 2182 2145 2243 sicut

496 2264 671 2324 etiam
697 2265 825 2343 ipse
856 2281 1035 2341 supra
1066 2284 1302 2324 omnem
1336 2266 1689 2342 cognitionis
1717 2267 1831 2327 vim
1867 2279 1977 2332 est.
2008 2274 2141 2332 Eto-

2230 1810 2412 1880 ἐπειδὴ
2470 1814 2627 1869 εἶπεν
2679 1811 2784 1892 ὅτι,
2838 1814 3014 1868 Πάντα
3070 1833 3159 1885 μοι
3190 1808 3475 1888 παρεδόθη,
3506 1808 3714 1864 ὡσανεὶ
3764 1806 3887 1861 ἀπο·

2229 1904 2339 1983 ρίαν
2372 1904 2490 1959 τινὰ
2518 1901 2630 1959 λύει
2670 1910 2778 1964 νῦν,
2840 1893 2971 1957 ’Ἵνα
3014 1902 3114 1980 γὰρ
3145 1901 3222 1975 μὴ
3252 1900 3426 1977 ἀπορῇ
3457 1921 3563 1977 τις,
3597 1898 3710 1955 Καὶ
3755 1897 3883 1957 τίνος

2228 1993 2382 2050 ἕνεκά
2439 2014 2521 2049 σοι
2584 1990 2857 2070 παρέδωκε
2910 1991 3082 2046 πάντα
3140 1990 3225 2045 καὶ
3284 1991 3388 2067 οὔχ
3463 1988 3656 2065 ἑτέρᾳ,
3728 1987 3883 2064 τυχὸν

2229 2080 2463 2161 ἀγγέλῳ,
2614 2079 2996 2160 ἀρχαγγὲλῳ;
3069 2080 3250 2158 φησὶν,
3309 2077 3390 2132 ὅτι
3442 2078 3537 2133 Διά
3589 2075 3758 2133 τοῦτό
3798 2095 3879 2147 μοι

2228 2169 2522 2250 παρέδωκε,
2585 2168 2716 2226 διότι
2774 2170 3015 2249 ὁμοιρυὴς
3070 2170 3212 2241 αὖτῴ
3254 2169 3362 2229 εἶμι
3421 2169 3507 2222 καὶ
3568 2166 3875 2239 ὁμοούσιος.

2229 2264 2327 2319 Καὶ
2403 2262 2580 2341 ὥσπερ
2650 2264 2859 2317 ἒκεῖνον
2942 2257 3107 2322 οὐδεὶς
3183 2259 3459 2336 γινώσκει,
3532 2257 3709 2317 οὕτως
3772 2251 3876 2311 065E

3790 242 3989 307 84$“

496 2352 617 2411 nim
652 2351 852 2428 Pater,
890 2353 1097 2434 inquit,
1123 2372 1157 2413 a
1181 2354 1306 2414 solo
1342 2353 1490 2415 Filio
1528 2358 1930 2434 cognoscitur,
1960 2368 2017 2419 et
2047 2361 2137 2421 cui

2225 2351 2341 2427 ἐμὲ,
2401 2355 2445 2408 εἷ
2503 2358 2579 2427 μὴ
2624 2353 2651 2406 6
2682 2352 2866 2427 Πατὴρ
2896 2350 3082 2427 μόνος,
3116 2348 3253 2404 ὥστε
3283 2346 3501 2409 εἰκότως
3560 2368 3654 2419 μοι
3714 2344 3875 2421 παρέ-

492 2439 679 2502 Filius
697 2442 951 2503 voluerit
964 2442 1412 2504 revelare.Vide
1433 2451 1627 2505 autem
1643 2445 1800 2525 quod
1815 2444 2000 2506 Filius
2016 2450 2137 2528 qui-

2223 2441 2356 2497 δωκε
2412 2443 2604 2515 πάντα,
2640 2442 2711 2502 ὡς
2747 2441 2975 2520 ὃμοιξυετ
3032 2437 3197 2511 αὖτῷ,
3251 2437 3347 2492 καί
3391 2442 3565 2492 πᾶσαν
3620 2437 3871 2513 ὑπερκει-

494 2530 628 2591 dem
654 2551 769 2594 non
792 2549 899 2610 per
914 2532 1336 2594 revelationem
1366 2542 1681 2610 cognoscat
1697 2535 1957 2611 Patrem,
1976 2525 2137 2599 crea-

2223 2532 2364 2607 μένῳ
2416 2538 2634 2609 γνῶσιν,
2722 2529 2901 2607 ὥσπερ
2988 2529 3075 2583 καὶ
3145 2528 3301 2589 αὐτὸς
3377 2526 3551 2591 πάσης
3620 2525 3867 2602 γνώσεως

492 2628 636 2681 turae
658 2630 851 2683 autem
875 2622 1440 2703 perrevelationem:
1458 2621 1641 2700 gratia
1654 2623 1814 2683 enim
1836 2625 2136 2706 accipiunt

2223 2621 2485 2683 ἐπέκεινα,
2563 2621 2657 2677 Καὶ
2714 2622 2813 2697 γὰρ
2887 2619 2973 2673 καὶ
3030 2620 3057 2672 6
3113 2622 3319 2695 Πατηρ,
3393 2616 3544 2694 φησὶ,
3604 2615 3711 2669 ὕπὸ
3781 2620 3868 2667 τοῦ

488 2710 835 2772 scientiam:
872 2702 988 2772 non
1019 2711 1193 2790 igitur
1207 2719 1442 2773 creatus
1466 2724 1550 2775 est
1574 2710 1779 2774 Filius.
1800 2702 2134 2778 Conversus

2223 2715 2337 2767 Γὶοὖ
2378 2710 2542 2786 μόνου
2598 2708 2934 2786 γινώσκεται,
2966 2708 3053 2764 καὶ
3098 2709 3145 2779 ᾧ
3181 2705 3245 2760 ἂν
3298 2703 3531 2780 βο)λτ,θῇ
3588 2702 3863 2761 ἀποκαλύο

490 2818 626 2861 vero
657 2800 728 2861 ad
783 2788 1132 2882 discipulos,
1182 2800 1387 2862 beatos
1432 2802 1567 2863 illos
1607 2803 1769 2878 dicit,
1825 2812 1882 2864 et
1926 2823 2133 2867 omnes

2223 2807 2312 2877 ψαι
2372 2804 2400 2857 6
2452 2799 2594 2863 Υἱός.
2632 2788 2776 2876 ”Ορα
2820 2795 2874 2852 δὲ
2918 2801 3031 2861 πῶς
3061 2798 3089 2851 ὁ
3118 2796 3215 2870 μὲν
3247 2797 3368 2858 Υἱὸς
3399 2796 3455 2849 οὗ
3486 2792 3860 2899 δι’λάποκαλύ-

485 2908 722 2985 quoque
743 2892 839 2971 qui
872 2911 1005 2952 cum
1040 2890 1159 2953 ﬁde
1188 2892 1379 2971 ipsum
1413 2892 1472 2952 in
1516 2910 1695 2953 carne
1731 2892 2128 2956 ambulantem

2223 2896 2358 2966 ψεως
2416 2909 2663 2967 γινώσκει
2718 2888 2809 2942 τὸν
2861 2886 3089 2965 Πατέρα,
3140 2886 3187 2942 οἱ
3239 2881 3291 2940 δὲ
3324 2885 3526 2940 κτιστοὶ
3556 2881 3621 2937 δι’
3656 2884 3859 2939 ἀποκα-

482 2976 683 3079 vident
715 2989 773 3040 et
805 2980 1087 3042 miracula
1128 2989 1499 3083 operantem.
1553 2982 1783 3043 Etenim
1829 2985 2131 3064 prophette

2223 2979 2423 3055 λύψεως
2457 2998 2469 3009 ·
2518 2979 2698 3057 χάριτι
2755 2978 2856 3055 γὰρ
2912 2973 3237 3033 λαμϐάνουσι
3302 2974 3401 3041 τὴν
3457 2978 3659 3052 γνῶσιν
3694 2990 3709 3003 ⁸
3775 2973 3861 3027 οὐκ

2223 3069 2244 3083 ν
2510 3071 2523 3083 ι
2631 3070 2644 3083 .
2710 3068 2762 3083 -.ρ
2786 3068 2797 3083 .
2909 3072 2945 3083 .-
3116 3066 3132 3083 ι
3200 3062 3243 3083 δ.
3366 3064 3379 3083 κ
3506 3064 3519 3079 .
3671 3066 3699 3083 ,.
3781 3063 3792 3076 ς

484 3066 667 3144 prisci
718 3077 776 3129 et
806 3087 976 3148 reges
1016 3070 1503 3132 desideraverunt
1550 3072 1789 3151 quidem
1834 3062 1902 3133 in
1942 3062 2129 3135 carne

2223 3069 2311 3142 ἔρα
2354 3071 2566 3132 κτιστὸς
2626 3070 2653 3123 6
2710 3068 2851 3130 Υἱός,
2907 3066 3163 3144 Στραιρεὶς
3196 3062 3249 3119 δὲ
3281 3064 3412 3143 πρὸς
3443 3064 3563 3125 τοὺς
3594 3063 3853 3131 μαθητὰς,

489 3156 694 3217 videre
718 3156 1034 3219 Dominum
1062 3168 1116 3218 et
1138 3159 1345 3219 audire
1368 3179 1534 3229 eum;
1568 3160 1672 3221 sed
1697 3180 1812 3221 non
1842 3162 2131 3242 contingit

2223 3158 2487 3233 αακαρίζει
2546 3158 2755 3229 αὐτοὺς,
2815 3157 2904 3212 καὶ
2945 3156 3144 3220 πάντας
3201 3155 3386 3216 ἁπλῶς
3450 3154 3567 3217 τοὺς
3622 3151 3853 3229 βλέπον-

483 3243 593 3305 eis.
624 3247 693 3306 Et
726 3247 919 3327 aliter,
948 3248 1097 3321 Quia
1123 3267 1297 3327 supra
1322 3249 1500 3312 dixit:
1540 3250 1644 3312 Cui
1678 3248 1863 3311 Filius
1894 3253 2125 3313 revela-

2223 3270 2330 3321 εας,
2378 3248 2512 3322 μετὰ
2560 3248 2787 3311 πίστεως
2833 3243 3101 3321 δηλονότι,
3157 3242 3211 3299 ἒν
3268 3245 3418 3324 σαρκὶ
3472 3250 3853 3323 περιπατοῦντα

482 3335 651 3407 verit,
678 3335 775 3397 ille
799 3336 911 3397 scit
929 3340 1182 3399 Patrem:
1211 3338 1411 3398 beatos
1435 3358 1590 3400 nunc
1610 3339 1751 3401 dicit
1775 3340 2121 3421 discipulos,

2223 3339 2367 3394 ῑῦντὸν
2448 3338 2533 3393 καὶ
2620 3339 3135 3414 θαυματουργοῦντα,
3212 3335 3307 3391 Καὶ
3379 3334 3478 3412 γὰρ
3565 3334 3612 3388 οἷ
3693 3329 3851 3388 πάλαι

480 3424 637 3503 quod
670 3442 775 3485 sua
796 3426 1159 3488 revelatioue
1181 3427 1293 3487 ista
1324 3427 1409 3487 eis
1433 3429 1797 3507 contingant.
1832 3419 2128 3492 Revelavit

2223 3426 2471 3506 προφῆται
2552 3426 2640 3482 καὶ
2721 3423 2967 3501 βασιλεῖς
3044 3423 3382 3496 ἐπεθύμησαν
3439 3421 3536 3497 μὲν
3592 3419 3726 3477 ἰδεῖν
3801 3419 3848 3474 ἐν

481 3513 637 3573 enim
664 3514 749 3575 eis
781 3518 1007 3577 Patrem
1044 3534 1149 3596 per
1168 3536 1254 3578 se.
1283 3519 1481 3595 Ipsum
1516 3518 1673 3579 enim
1708 3519 1937 3599 videns,
1970 3521 2127 3582 videt

2223 3518 2360 3596 γαρκὶ
2428 3517 2520 3572 τὸν
2605 3515 2813 3594 Κύριον,
2893 3516 2981 3569 καὶ
3042 3512 3259 3568 ἀκοῦσαι
3336 3513 3513 3582 αὑτοῦ,
3576 3510 3695 3567 ἀ)λ’
3764 3511 3849 3563 οὒκ

478 3599 709 3663 Patrem
759 3627 771 3662 :
827 3606 981 3685 quod
1018 3605 1238 3667 bonum
1289 3606 1482 3667 nullus
1514 3627 1580 3667 ex
1609 3609 1829 3669 sanctis
1861 3597 1960 3690 qui
1990 3621 2126 3672 ante

2223 3608 2403 3687 ἔτυχον
2459 3606 2671 3663 τούτου.
2734 3606 2831 3661 Καὶ
2873 3601 3049 3666 ἄλλως
3108 3600 3184 3676 δὲ,
3247 3600 3395 3659 Ἐπεὶ
3424 3603 3579 3656 εἶπεν
3609 3599 3739 3672 ἅνω,
3774 3597 3845 3653 ὅτι

478 3690 948 3756 incarnationem
976 3696 1314 3772 ejustuerut
1342 3695 1815 3778 t,obtinuit,quia
1840 3688 1957 3760 non
1971 3701 2127 3763 vide-

2223 3688 2272 3779 ᾯ.
2328 3698 2389 3753 ἂν
2436 3699 2462 3752 6
2507 3697 2626 3756 Υἱὸς
2664 3691 3008 3771 ἀποκαλύψῃ,
3069 3690 3273 3756 ἐκεῖνος
3304 3691 3547 3768 γινώσκει
3592 3692 3682 3746 τὸν
3741 3696 3846 3746 Πα-

482 3791 623 3842 runt
642 3782 955 3845 Dominum
980 3785 1038 3846 in
1062 3804 1269 3866 carne,
1294 3805 1399 3865 per
1414 3805 1589 3866 quem
1616 3790 1791 3850 Pater
1804 3808 1950 3869 cogn
1963 3809 2125 3852 osre-

2223 3791 2352 3868 εέρα,
2410 3786 2685 3862 μακαρίζει
2745 3784 2931 3839 λοιπὸν
2987 3782 3107 3843 τοὺς
3169 3782 3405 3857 μαθητὰς
3448 3783 3522 3843 ὡς
3565 3786 3664 3847 τῆς
3713 3780 3845 3835 ἀπο-

477 3879 672 3947 retur;
702 3875 858 3936 unde
882 3894 1077 3955 neque
1102 3875 1330 3959 Patrem
1354 3876 1437 3936 sic
1460 3876 1733 3938 viderunt
1761 3888 1823 3939 ut
1845 3867 2119 3959 apostoli.

2223 3867 2487 3953 (αλύψεως
2545 3876 2741 3939 ταῦτης
2800 3872 3082 3951 τυχόντας.
3134 3867 3499 3927 ’Λπεκάλυπτε
3548 3872 3647 3949 γὰρ
3672 3870 3845 3931 αὖτοῗς

474 3964 565 4017 τὸν
614 3964 817 4043 Πατέρα
850 3964 916 4021 δι’
961 3971 1138 4028 αὐτοῦ,
1176 3958 1232 4023 Ὀ
1276 3968 1375 4044 γὰρ
1408 3967 1561 4023 αὒτὸν
1592 3970 1748 4049 ὁρῶν,
1784 3958 1921 4046 ἑώρα
1966 3974 2056 4027 τὸν
2089 3971 2320 4050 Πατέρα.
2357 3966 2553 4024 Τούτου
2582 3961 2637 4019 δὲ
2668 3970 2760 4018 τοῦ
2790 3962 2987 4037 ἀγαθοῦ
3015 3958 3179 4022 οὐδεὶς
3208 3966 3315 4015 τῶν
3345 3960 3444 4037 πρὸ
3474 3960 3573 4027 τῆτ
3603 3960 3845 4037 ἐνσάρκου

474 4052 775 4129 οἶκονομίας
812 4058 974 4132 ἁγίων
1007 4056 1264 4135 ἐπέτυχεν
1297 4078 1308 4091 ·
1349 4056 1460 4113 ἐπεὶ
1491 4059 1589 4137 γὰρ
1622 4059 1713 4115 οὒκ
1735 4047 1888 4116 εἶδον
1931 4063 2022 4117 τὸν
2058 4047 2242 4141 Κύριον
2273 4059 2326 4115 ἐν
2354 4057 2533 4137 σαρκὶ,
2563 4051 2631 4109 δι’
2663 4052 2721 4108 οὗ
2766 4053 2793 4107 6
2828 4051 3007 4129 Πατὴρ
3037 4049 3370 4129 ἐγνωρίζετο,
3405 4047 3591 4105 λοιπὸν
3617 4048 3732 4106 οὑδὲ
3764 4050 3841 4105 τὸν

476 4142 682 4220 Πατέρα
714 4143 859 4199 εἶδον
892 4146 1056 4208 οὕτως
1086 4148 1156 4207 ὡς
1190 4148 1235 4201 οἱ
1264 4145 1572 4209 ἀπόστολοι,

552 4227 735 4294 VERS.
768 4230 974 4297 25-98.
1008 4257 1029 4287 σ
1060 4233 1127 4293 Et
1150 4252 1290 4295 cccc
1312 4234 1550 4315 quidam
1579 4235 1955 4317 legisperitus
1982 4257 2108 4299 sur-
2132 4247 2175 4296 D

469 4319 620 4408 rexit
643 4328 875 4383 tentans
902 4322 1088 4395 illum,
1123 4334 1181 4385 et
1213 4324 1414 4385 dicens
1449 4342 1461 4386 :
1514 4326 1813 4405 Magister,
1850 4326 1987 4408 quid
2024 4329 2108 4388 l'a-

472 4407 685 4469 cientto
710 4413 881 4471 vitam
902 4425 1182 4473 aeternam
1206 4413 1565 4491 possidebo‘?
1588 4420 1661 4475 At
1685 4415 1784 4476 ille
1811 4415 1957 4477 dixit
1978 4417 2115 4476 548

466 4496 535 4585 ad
574 4516 706 4557 eum
746 4517 758 4560 :
812 4498 871 4560 [η
923 4501 1051 4579 lege
1100 4501 1241 4581 quid
1288 4502 1572 4582 scriptum
1626 4502 1768 4564 est?
1815 4512 2114 4585 quomodo

469 4584 666 4662 legis?
718 4588 824 4650 Ille
853 4590 1226 4671 respondens
1275 4592 1467 4654 dixit:
1520 4593 1742 4671 Diliges
1797 4584 2111 4656 Dominum

467 4674 653 4736 Deum
678 4686 837 4741 tuum
865 4700 931 4741 ex
960 4690 1078 4741 toto
1102 4681 1282 4742 corde
1306 4694 1429 4756 tuo,
1456 4690 1513 4744 et
1533 4702 1600 4743 ex
1634 4691 1750 4743 tota
1774 4684 1969 4745 anima
1996 4694 2113 4761 tua,

461 4773 515 4825 et
552 4783 620 4827 ex
664 4768 799 4827 totis
832 4769 1056 4831 viribus
1088 4772 1222 4845 tuis,
1269 4780 1325 4832 et
1364 4790 1430 4832 ex
1486 4780 1603 4832 tota
1638 4781 1835 4834 mente
1869 4782 1965 4834 tua
2001 4794 2013 4837 :
2063 4783 2121 4837 et

464 4856 804 4934 proximum
824 4868 984 4920 tuum
1000 4860 1147 4924 sicut
1172 4861 1450 4942 teipsum.
1478 4862 1752 4942 Dixitque
1774 4862 1861 4923 illi
1891 4881 1904 4924 :
1938 4864 2121 4926 Recte

461 4946 852 5033 respondisti,
888 4948 1000 5010 hoc
1028 4949 1137 5025 lac,
1166 4958 1222 5011 et
1256 4952 1440 5013 vives.
1478 4976 1504 5006 ι)
1557 4957 1848 5030 Arrogans
1880 4953 2117 5033 quidam

455 5025 870 5115 legisperibus
918 5039 1048 5114 fuit,
1098 5039 1215 5101 imo
1261 5040 1579 5121 superbus,
1634 5025 1814 5102 ut'ex
1870 5025 1962 5101 bis
1991 5061 2121 5123 quat

448 5122 803 5204 'equuntur
854 5130 1231 5190 manilestum
1282 5139 1393 5203 est,
1448 5131 1691 5209 insuper
1742 5138 1799 5190 et
1847 5122 2113 5196 doloSus.

468 5214 718 5276 Accedit
736 5218 932 5297 itaque
958 5218 1930 5300 tentansDominum.0pinabatur
1954 5221 2111 5282 enim

457 5303 612 5381 quod
649 5322 717 5364 ex
750 5306 1054 5385 responsis
1107 5307 1485 5386 supplantare
1532 5305 1847 5367 Dominum
1880 5317 2101 5388 posset.

446 5392 563 5452 Sed
610 5393 901 5455 Dominus
931 5394 1096 5456 illum
1149 5398 1219 5457 ad
1272 5396 1461 5474 legem
1507 5394 1688 5470 ducit,
1721 5396 1783 5457 in
1814 5414 1930 5476 qua
1954 5399 2104 5459 mire

524 5566 585 5615 43
615 5562 822 5623 Matth.
862 5580 1067 5639 xxvui,
1105 5568 1199 5627 l8.
1238 5566 1298 5615 ω
1330 5569 1533 5629 Matth.
1569 5584 1688 5628 xm.
1722 5570 1780 5628 3.

2280 4261 2301 4293 ι
2386 4236 2481 4295 Καὶ
2572 4232 2682 4290 ἰδοὺ
2753 4230 2972 4305 νομικός
3043 4250 3124 4292 τις
3204 4227 3424 4302 ἀνέστη,
3526 4227 3842 4307 ἐκπειράζων

2202 4328 2380 4401 αὺτὸν,
2454 4324 2544 4380 καὶ
2615 4320 2787 4399 λέγων
2821 4333 2835 4348 ⁰
2903 4314 3220 4395 Διδάσκαλε,
3292 4317 3342 4372 τί
3422 4319 3654 4383 ποιήσας
3708 4317 3842 4387 ζωὴν

2198 4398 2406 4472 δῖώνιαν
2465 4410 2861 4491 κληρονομήσω
2898 4427 2914 4487 ς
2948 4398 3005 4463 Ὀ
3036 4404 3091 4461 δὲ
3122 4405 3249 4462 εἶπε
3277 4407 3408 4480 πρὸς
3439 4406 3593 4491 αὖτόν
3615 4422 3631 4437 ⁸
3658 4405 3747 4464 Ἐν
3776 4411 3842 4479 τῷ

2198 4506 2347 4581 νόμῳ
2400 4505 2450 4560 τί
2496 4487 2836 4581 γέγραπταις
2884 4503 2999 4559 πῶς
3032 4495 3413 4573 ἀναγινώσκεις
3447 4512 3464 4573 ;
3503 4487 3559 4553 Ὀ
3611 4494 3664 4551 δὲ
3707 4496 3839 4551 ἀπο-

2199 4596 2392 4673 κριθεὶς
2456 4596 2609 4649 εἶπεν
2639 4607 2655 4622 ⁶
2719 4586 3047 4666 Ἀγαπήσεις
3108 4586 3294 4663 Κύριον
3341 4587 3432 4641 τὸν
3490 4587 3621 4642 Θεόν
3664 4608 3754 4642 σου
3796 4583 3840 4649 ἐξ

2202 4683 2332 4750 ὅλης
2390 4683 2485 4751 τῆς
2535 4677 2748 4759 καρδίας
2804 4697 2920 4755 σου,
2965 4676 3054 4731 καὶ
3084 4672 3137 4739 ἐξ
3182 4673 3314 4741 ὅλης
3350 4675 3448 4743 τῆς
3492 4675 3675 4756 ψυχῆς
3728 4698 3835 4753 σου,

2201 4774 2287 4830 καὶ
2318 4772 2371 4837 ἐξ
2398 4770 2529 4839 ὅλης
2572 4774 2672 4837 τῆς
2725 4766 2913 4847 ἶσχύθς
2961 4786 3079 4843 σου,
3130 4764 3218 4820 καὶ
3248 4762 3299 4829 ἒξ
3329 4763 3460 4833 ὅλης
3489 4769 3589 4833 τῆς
3617 4763 3838 4827 διανοίας

2204 4886 2317 4933 σου,
2364 4862 2572 4918 καὶτὸν
2602 4857 2827 4924 πλησίον
2882 4876 2974 4911 σου
3021 4856 3095 4916 ὡς
3127 4854 3334 4915 ἑαυτόν.
3369 4860 3505 4912 Eine
3555 4854 3610 4911 δὲ
3652 4857 3792 4931 αὒτῷ
3823 4876 3837 4890 ·

2204 4953 2402 5031 Ὀρθῶς
2447 4951 2732 5026 ἀπεκρίθης
2769 4962 2782 4977 ⁸
2830 4952 2984 5001 τοῦτο
3027 4944 3188 5023 ποίει,
3246 4946 3333 5001 καὶ
3374 4947 3535 5022 ζήσῃ.
3587 4970 3609 5003 ι
3673 4946 3836 5003 Ἀλ²-

2201 5048 2306 5115 ζῶν
2348 5064 2428 5105 τις
2485 5039 2553 5107 ἦν
2606 5041 2635 5094 6
2679 5035 2919 5111 νομικὸς,
2994 5031 3197 5108 μᾶλλον
3254 5032 3307 5089 δὲ
3356 5036 3710 5115 ὑπερήφανος,
3771 5039 3838 5100 ὡς

2200 5133 2261 5188 ἐκ
2317 5137 2422 5187 τῶν
2466 5128 2587 5195 ἑξῆς
2641 5125 2924 5196 δείκνυται,
2959 5126 3018 5181 οὒ
3046 5124 3210 5197 μόνον
3253 5120 3330 5200 δὲ,
3364 5123 3501 5180 ἀ)λά
3526 5126 3612 5182 καὶ
3640 5124 3834 5191 δόλιος.

2199 5222 2446 5301 Πρόσεισι
2505 5224 2631 5296 γοῦν
2680 5213 3001 5289 ἐκπειράζων
3030 5214 3140 5301 ,τὸν
3172 5209 3387 5292 Κύριον,
3423 5203 3597 5295 ’ᾩετο
3637 5216 3737 5293 γάρ
3765 5218 3836 5278 ὡς

2195 5299 2529 5366 ὑποσκελίσει
2576 5306 2754 5384 αὐτὸν,
2800 5302 2851 5367 ἐξ
2901 5304 2975 5357 ὧν
3010 5299 3073 5357 ἂν
3128 5304 3261 5381 πρὸς
3305 5304 3460 5359 αὑτὸν
3508 5304 3834 5383 ἀποκριθείη,

2188 5395 2336 5456 Ἀλλ’
2393 5400 2421 5453 6
2479 5395 2671 5477 Κύριος
2725 5394 2813 5450 επὶ
2859 5393 2951 5477 τὸν
2995 5391 3157 5468 νόμον
3202 5394 3357 5450 αὐτὸν
3386 5392 3607 5474 ἀπάγει,
3656 5394 3739 5475 ἐφ’
3791 5400 3835 5471 ᾧ
