  <div class='ocr_page' id='page_1' title='image "/cluster/home/n/w/nwhite01/storage/ocr_20150623/123/hvd.32044073502445/448.png"; bbox 0 0 4116 6212; ppageno 0'>
   <div class='ocr_carea' id='block_1_1' title="bbox 237 258 3627 370">
    <p class='ocr_par' dir='ltr' id='par_1_1' title="bbox 237 258 3627 370">
     <span class='ocr_line' id='line_1_1' title="bbox 237 258 3627 370; baseline -0.003 0"><span class='ocrx_word' id='word_1_1' title='bbox 237 305 359 370; x_wconf 69' lang='grc' dir='ltr'><strong>διδ</strong></span> <span class='ocrx_word' id='word_1_2' title='bbox 647 289 652 294; x_wconf 79' lang='grc'><strong><em>’</em></strong></span> <span class='ocrx_word' id='word_1_3' title='bbox 1008 258 1451 368; x_wconf 71' lang='lat' dir='ltr'><strong>ENARRATIO</strong></span> <span class='ocrx_word' id='word_1_4' title='bbox 1500 299 1579 364; x_wconf 88' lang='lat' dir='ltr'><strong>IN</strong></span> <span class='ocrx_word' id='word_1_5' title='bbox 1626 295 2130 366; x_wconf 78' lang='lat' dir='ltr'><strong>EVANGELIUM</strong></span> <span class='ocrx_word' id='word_1_6' title='bbox 2181 299 2417 363; x_wconf 57' lang='lat' dir='ltr'><strong>Luca.</strong></span> <span class='ocrx_word' id='word_1_7' title='bbox 2458 332 2537 345; x_wconf 83' lang='lat'><strong>—</strong></span> <span class='ocrx_word' id='word_1_8' title='bbox 2579 299 2744 363; x_wconf 85' lang='lat' dir='ltr'><strong>CAP.</strong></span> <span class='ocrx_word' id='word_1_9' title='bbox 2777 299 2866 364; x_wconf 72' lang='grc' dir='ltr'><strong>Χ.</strong></span> <span class='ocrx_word' id='word_1_10' title='bbox 3507 293 3627 362; x_wconf 79' lang='lat'><strong>846</strong></span> 
     </span>
    </p>
   </div>
   <div class='ocr_carea' id='block_1_2' title="bbox 234 437 1896 526">
    <p class='ocr_par' dir='ltr' id='par_1_2' title="bbox 234 437 1894 526">
     <span class='ocr_line' id='line_1_2' title="bbox 234 437 1894 526; baseline -0.007 -25"><span class='ocrx_word' id='word_1_11' title='bbox 234 445 377 524; x_wconf 84' lang='grc' dir='ltr'>μέγα</span> <span class='ocrx_word' id='word_1_12' title='bbox 421 443 743 526; x_wconf 72' lang='grc' dir='ltr'>ἒϐρενθύετο.</span> <span class='ocrx_word' id='word_1_13' title='bbox 801 437 953 526; x_wconf 64' lang='lat' dir='ltr'><strong>&quot;Op:</strong></span> <span class='ocrx_word' id='word_1_14' title='bbox 997 444 1051 500; x_wconf 80' lang='grc' dir='ltr'>δὲ</span> <span class='ocrx_word' id='word_1_15' title='bbox 1107 444 1206 511; x_wconf 75' lang='grc' dir='ltr'><strong>τὴν</strong></span> <span class='ocrx_word' id='word_1_16' title='bbox 1261 441 1353 498; x_wconf 72' lang='grc' dir='ltr'>τοῦ</span> <span class='ocrx_word' id='word_1_17' title='bbox 1387 443 1557 516; x_wconf 81' lang='grc' dir='ltr'>νόμω</span> <span class='ocrx_word' id='word_1_18' title='bbox 1607 437 1894 520; x_wconf 69' lang='grc' dir='ltr'>ἀκρίϐειαν,</span> 
     </span>
    </p>
   </div>
   <div class='ocr_carea' id='block_1_3' title="bbox 1982 437 3624 526">
    <p class='ocr_par' dir='ltr' id='par_1_3' title="bbox 1983 443 3624 526">
     <span class='ocr_line' id='line_1_3' title="bbox 1983 443 3624 526; baseline 0.002 -21"><span class='ocrx_word' id='word_1_19' title='bbox 1983 443 2366 522; x_wconf 77' lang='lat' dir='ltr'><strong>gloriabatur.</strong></span> <span class='ocrx_word' id='word_1_20' title='bbox 2405 443 2554 504; x_wconf 87' lang='lat' dir='ltr'><strong>Vide</strong></span> <span class='ocrx_word' id='word_1_21' title='bbox 2585 451 2781 506; x_wconf 89' lang='lat' dir='ltr'><strong>autem</strong></span> <span class='ocrx_word' id='word_1_22' title='bbox 2819 452 3039 524; x_wconf 88' lang='lat' dir='ltr'><strong>quanto</strong></span> <span class='ocrx_word' id='word_1_23' title='bbox 3071 446 3266 506; x_wconf 82' lang='lat' dir='ltr'><strong>studio</strong></span> <span class='ocrx_word' id='word_1_24' title='bbox 3291 445 3499 526; x_wconf 87' lang='lat' dir='ltr'><strong>jubeat</strong></span> <span class='ocrx_word' id='word_1_25' title='bbox 3531 449 3624 509; x_wconf 82' lang='lat' dir='ltr'><strong>lex</strong></span> 
     </span>
    </p>
   </div>
   <div class='ocr_carea' id='block_1_4' title="bbox 229 523 1896 613">
    <p class='ocr_par' dir='ltr' id='par_1_4' title="bbox 229 523 1886 613">
     <span class='ocr_line' id='line_1_4' title="bbox 229 523 1886 613; baseline -0.005 -22"><span class='ocrx_word' id='word_1_26' title='bbox 229 542 346 600; x_wconf 82' lang='grc' dir='ltr'>πῶς</span> <span class='ocrx_word' id='word_1_27' title='bbox 403 523 604 592; x_wconf 83' lang='grc' dir='ltr'>κελεύει</span> <span class='ocrx_word' id='word_1_28' title='bbox 661 523 900 613; x_wconf 52' lang='grc' dir='ltr'>ἂγαπᾷι</span> <span class='ocrx_word' id='word_1_29' title='bbox 930 536 1020 591; x_wconf 78' lang='grc' dir='ltr'>τὸν</span> <span class='ocrx_word' id='word_1_30' title='bbox 1066 533 1222 592; x_wconf 80' lang='grc' dir='ltr'>Θεόν.</span> <span class='ocrx_word' id='word_1_31' title='bbox 1277 523 1335 589; x_wconf 69' lang='grc' dir='ltr'>Ὀ</span> <span class='ocrx_word' id='word_1_32' title='bbox 1382 531 1653 611; x_wconf 79' lang='grc' dir='ltr'>ἅνθρωπος</span> <span class='ocrx_word' id='word_1_33' title='bbox 1683 527 1886 586; x_wconf 87' lang='grc' dir='ltr'>τελειό-</span> 
     </span>
    </p>
   </div>
   <div class='ocr_carea' id='block_1_5' title="bbox 1982 523 3625 613">
    <p class='ocr_par' dir='ltr' id='par_1_5' title="bbox 1982 523 3625 600">
     <span class='ocr_line' id='line_1_5' title="bbox 1982 523 3625 600; baseline 0.003 -6"><span class='ocrx_word' id='word_1_34' title='bbox 1982 533 2158 594; x_wconf 88' lang='lat' dir='ltr'><strong>Deum</strong></span> <span class='ocrx_word' id='word_1_35' title='bbox 2221 552 2438 593; x_wconf 89' lang='lat' dir='ltr'><strong>amare.</strong></span> <span class='ocrx_word' id='word_1_36' title='bbox 2505 532 2692 594; x_wconf 84' lang='lat' dir='ltr'><strong>Homo</strong></span> <span class='ocrx_word' id='word_1_37' title='bbox 2747 523 3152 595; x_wconf 81' lang='lat' dir='ltr'><strong>creaturarum</strong></span> <span class='ocrx_word' id='word_1_38' title='bbox 3212 523 3478 598; x_wconf 83' lang='lat' dir='ltr'><strong>omnium</strong></span> <span class='ocrx_word' id='word_1_39' title='bbox 3533 547 3625 600; x_wconf 89' lang='lat' dir='ltr'><strong>est</strong></span> 
     </span>
    </p>
   </div>
   <div class='ocr_carea' id='block_1_6' title="bbox 229 618 1896 702">
    <p class='ocr_par' dir='ltr' id='par_1_6' title="bbox 229 618 1889 702">
     <span class='ocr_line' id='line_1_6' title="bbox 229 618 1889 702; baseline -0.006 -22"><span class='ocrx_word' id='word_1_40' title='bbox 229 647 380 702; x_wconf 88' lang='grc' dir='ltr'>τερον</span> <span class='ocrx_word' id='word_1_41' title='bbox 437 628 553 681; x_wconf 75' lang='grc' dir='ltr'>ὶστι</span> <span class='ocrx_word' id='word_1_42' title='bbox 623 631 837 681; x_wconf 71' lang='grc' dir='ltr'>πὶνσων</span> <span class='ocrx_word' id='word_1_43' title='bbox 916 630 1022 680; x_wconf 78' lang='grc' dir='ltr'>τῶν</span> <span class='ocrx_word' id='word_1_44' title='bbox 1095 621 1425 701; x_wconf 76' lang='grc' dir='ltr'>κτισμάτων,</span> <span class='ocrx_word' id='word_1_45' title='bbox 1484 620 1732 700; x_wconf 77' lang='grc' dir='ltr'><strong>μετέχων</strong></span> <span class='ocrx_word' id='word_1_46' title='bbox 1793 618 1889 690; x_wconf 76' lang='grc' dir='ltr'>μὲν</span> 
     </span>
    </p>
   </div>
   <div class='ocr_carea' id='block_1_7' title="bbox 1982 618 3626 702">
    <p class='ocr_par' dir='ltr' id='par_1_7' title="bbox 1982 622 3626 702">
     <span class='ocr_line' id='line_1_7' title="bbox 1982 622 3626 702; baseline 0.004 -21"><span class='ocrx_word' id='word_1_47' title='bbox 1982 623 2446 702; x_wconf 75' lang='lat' dir='ltr'><strong>perfectissimus</strong></span> <span class='ocrx_word' id='word_1_48' title='bbox 2501 631 2557 682; x_wconf 90' lang='lat' dir='ltr'><strong>et</strong></span> <span class='ocrx_word' id='word_1_49' title='bbox 2619 622 2915 702; x_wconf 75' lang='lat' dir='ltr'><strong>particeps</strong></span> <span class='ocrx_word' id='word_1_50' title='bbox 2967 633 3190 685; x_wconf 71' lang='lat' dir='ltr'><strong>natura:</strong></span> <span class='ocrx_word' id='word_1_51' title='bbox 3239 626 3530 700; x_wconf 91' lang='lat' dir='ltr'><strong>omnium,</strong></span> <span class='ocrx_word' id='word_1_52' title='bbox 3568 637 3626 688; x_wconf 92' lang='lat' dir='ltr'><strong>et</strong></span> 
     </span>
    </p>
   </div>
   <div class='ocr_carea' id='block_1_8' title="bbox 229 706 1896 796">
    <p class='ocr_par' dir='ltr' id='par_1_8' title="bbox 229 706 1886 792">
     <span class='ocr_line' id='line_1_8' title="bbox 229 706 1886 792; baseline -0.006 -24"><span class='ocrx_word' id='word_1_53' title='bbox 229 715 319 769; x_wconf 75' lang='grc' dir='ltr'>καὶ</span> <span class='ocrx_word' id='word_1_54' title='bbox 379 715 550 770; x_wconf 70' lang='grc' dir='ltr'>αὗτιῦν</span> <span class='ocrx_word' id='word_1_55' title='bbox 608 714 844 784; x_wconf 67' lang='grc' dir='ltr'>πάντων,</span> <span class='ocrx_word' id='word_1_56' title='bbox 892 710 1035 792; x_wconf 72' lang='grc' dir='ltr'>ἔχων</span> <span class='ocrx_word' id='word_1_57' title='bbox 1070 710 1122 767; x_wconf 80' lang='grc' dir='ltr'><em>δέ</em></span> <span class='ocrx_word' id='word_1_58' title='bbox 1168 735 1218 766; x_wconf 88' lang='grc' dir='ltr'><strong>τι</strong></span> <span class='ocrx_word' id='word_1_59' title='bbox 1279 712 1368 768; x_wconf 85' lang='grc' dir='ltr'>καὶ</span> <span class='ocrx_word' id='word_1_60' title='bbox 1425 708 1706 788; x_wconf 76' lang='grc' dir='ltr'>ἐξαίρετον,</span> <span class='ocrx_word' id='word_1_61' title='bbox 1768 706 1886 763; x_wconf 76' lang='grc' dir='ltr'>οἶόν</span> 
     </span>
    </p>
   </div>
   <div class='ocr_carea' id='block_1_9' title="bbox 1982 706 3624 796">
    <p class='ocr_par' dir='ltr' id='par_1_9' title="bbox 1982 710 3624 796">
     <span class='ocr_line' id='line_1_9' title="bbox 1982 710 3624 796; baseline 0.005 -28"><span class='ocrx_word' id='word_1_62' title='bbox 1982 721 2257 791; x_wconf 58' lang='lat' dir='ltr'><strong>praeterea</strong></span> <span class='ocrx_word' id='word_1_63' title='bbox 2294 710 2575 790; x_wconf 81' lang='lat' dir='ltr'><strong>quiddam</strong></span> <span class='ocrx_word' id='word_1_64' title='bbox 2620 710 2938 772; x_wconf 84' lang='lat' dir='ltr'><strong>sublimius</strong></span> <span class='ocrx_word' id='word_1_65' title='bbox 2972 711 3220 773; x_wconf 84' lang='lat' dir='ltr'><strong>habens.</strong></span> <span class='ocrx_word' id='word_1_66' title='bbox 3254 713 3325 777; x_wconf 87' lang='lat' dir='ltr'><strong>Et</strong></span> <span class='ocrx_word' id='word_1_67' title='bbox 3366 715 3624 796; x_wconf 86' lang='lat' dir='ltr'><strong>exempli</strong></span> 
     </span>
    </p>
   </div>
   <div class='ocr_carea' id='block_1_10' title="bbox 231 799 1896 886">
    <p class='ocr_par' dir='ltr' id='par_1_10' title="bbox 231 799 1880 882">
     <span class='ocr_line' id='line_1_10' title="bbox 231 799 1880 882; baseline -0.004 -24"><span class='ocrx_word' id='word_1_68' title='bbox 231 825 282 858; x_wconf 89' lang='grc' dir='ltr'><strong>τι</strong></span> <span class='ocrx_word' id='word_1_69' title='bbox 339 801 480 881; x_wconf 78' lang='grc' dir='ltr'>λέγω</span> <span class='ocrx_word' id='word_1_70' title='bbox 516 819 528 832; x_wconf 88' lang='grc'><em>’</em></span> <span class='ocrx_word' id='word_1_71' title='bbox 581 801 810 882; x_wconf 74' lang='grc' dir='ltr'>Μετὲχει</span> <span class='ocrx_word' id='word_1_72' title='bbox 841 803 929 858; x_wconf 83' lang='grc' dir='ltr'>καὶ</span> <span class='ocrx_word' id='word_1_73' title='bbox 979 807 1070 856; x_wconf 70' lang='grc' dir='ltr'>τοῦ</span> <span class='ocrx_word' id='word_1_74' title='bbox 1123 799 1264 856; x_wconf 85' lang='grc' dir='ltr'>λίθου</span> <span class='ocrx_word' id='word_1_75' title='bbox 1300 817 1312 830; x_wconf 90' lang='lat'><strong>&#39;</strong></span> <span class='ocrx_word' id='word_1_76' title='bbox 1365 799 1483 879; x_wconf 74' lang='grc' dir='ltr'>ἔχει</span> <span class='ocrx_word' id='word_1_77' title='bbox 1527 799 1626 876; x_wconf 78' lang='grc' dir='ltr'><strong>γὰρ</strong></span> <span class='ocrx_word' id='word_1_78' title='bbox 1668 799 1880 876; x_wconf 73' lang='grc' dir='ltr'>τρίχας,</span> 
     </span>
    </p>
   </div>
   <div class='ocr_carea' id='block_1_11' title="bbox 1982 799 3616 886">
    <p class='ocr_par' dir='ltr' id='par_1_11' title="bbox 1982 799 3616 886">
     <span class='ocr_line' id='line_1_11' title="bbox 1982 799 3616 886; baseline 0.003 -27"><span class='ocrx_word' id='word_1_79' title='bbox 1982 801 2160 878; x_wconf 82' lang='lat' dir='ltr'><strong>gratia</strong></span> <span class='ocrx_word' id='word_1_80' title='bbox 2193 800 2330 880; x_wconf 86' lang='lat' dir='ltr'><strong>quid</strong></span> <span class='ocrx_word' id='word_1_81' title='bbox 2362 799 2550 859; x_wconf 82' lang='lat' dir='ltr'><strong>diram</strong></span> <span class='ocrx_word' id='word_1_82' title='bbox 2590 819 2604 861; x_wconf 88' lang='lat'><strong>:</strong></span> <span class='ocrx_word' id='word_1_83' title='bbox 2649 799 2954 880; x_wconf 88' lang='lat' dir='ltr'><strong>Particeps</strong></span> <span class='ocrx_word' id='word_1_84' title='bbox 2986 810 3074 862; x_wconf 90' lang='lat' dir='ltr'><strong>est</strong></span> <span class='ocrx_word' id='word_1_85' title='bbox 3107 811 3328 864; x_wconf 57' lang='lat' dir='ltr'><strong>natura</strong></span> <span class='ocrx_word' id='word_1_86' title='bbox 3358 805 3570 886; x_wconf 81' lang='lat' dir='ltr'><strong>lapidis</strong></span> <span class='ocrx_word' id='word_1_87' title='bbox 3602 825 3616 864; x_wconf 88' lang='lat'>:</span> 
     </span>
    </p>
   </div>
   <div class='ocr_carea' id='block_1_12' title="bbox 232 886 1896 971">
    <p class='ocr_par' dir='ltr' id='par_1_12' title="bbox 232 886 1894 971">
     <span class='ocr_line' id='line_1_12' title="bbox 232 886 1894 971; baseline -0.005 -23"><span class='ocrx_word' id='word_1_88' title='bbox 232 889 456 971; x_wconf 70' lang='grc' dir='ltr'>ὄνυχας,</span> <span class='ocrx_word' id='word_1_89' title='bbox 492 892 774 958; x_wconf 77' lang='grc' dir='ltr'>ἀνείσθητα</span> <span class='ocrx_word' id='word_1_90' title='bbox 833 888 982 962; x_wconf 76' lang='grc' dir='ltr'>ὄντα,</span> <span class='ocrx_word' id='word_1_91' title='bbox 1036 889 1216 969; x_wconf 80' lang='grc' dir='ltr'>ὥσπερ</span> <span class='ocrx_word' id='word_1_92' title='bbox 1247 892 1274 945; x_wconf 85' lang='grc' dir='ltr'>ὁ</span> <span class='ocrx_word' id='word_1_93' title='bbox 1305 888 1466 954; x_wconf 80' lang='grc' dir='ltr'>λίθος.</span> <span class='ocrx_word' id='word_1_94' title='bbox 1519 887 1748 967; x_wconf 75' lang='grc' dir='ltr'>Μετέχει</span> <span class='ocrx_word' id='word_1_95' title='bbox 1811 886 1894 941; x_wconf 64' lang='grc' dir='ltr'><strong>καὶ</strong></span> 
     </span>
    </p>
   </div>
   <div class='ocr_carea' id='block_1_13' title="bbox 1982 886 3618 971">
    <p class='ocr_par' dir='ltr' id='par_1_13' title="bbox 1982 888 3618 970">
     <span class='ocr_line' id='line_1_13' title="bbox 1982 888 3618 970; baseline 0.004 -20"><span class='ocrx_word' id='word_1_96' title='bbox 1982 888 2153 950; x_wconf 90' lang='lat' dir='ltr'><strong>habet</strong></span> <span class='ocrx_word' id='word_1_97' title='bbox 2177 890 2332 950; x_wconf 88' lang='lat' dir='ltr'><strong>enim</strong></span> <span class='ocrx_word' id='word_1_98' title='bbox 2359 889 2605 968; x_wconf 87' lang='lat' dir='ltr'><strong>capillos</strong></span> <span class='ocrx_word' id='word_1_99' title='bbox 2629 898 2684 950; x_wconf 93' lang='lat' dir='ltr'><strong>et</strong></span> <span class='ocrx_word' id='word_1_100' title='bbox 2706 908 2955 970; x_wconf 79' lang='lat' dir='ltr'><strong>ungues,</strong></span> <span class='ocrx_word' id='word_1_101' title='bbox 2981 909 3112 970; x_wconf 72' lang='lat' dir='ltr'><strong>quae</strong></span> <span class='ocrx_word' id='word_1_102' title='bbox 3144 893 3440 955; x_wconf 88' lang='lat' dir='ltr'><strong>insensata</strong></span> <span class='ocrx_word' id='word_1_103' title='bbox 3461 903 3618 966; x_wconf 88' lang='lat' dir='ltr'><strong>sunt.</strong></span> 
     </span>
    </p>
   </div>
   <div class='ocr_carea' id='block_1_14' title="bbox 233 960 1896 1062">
    <p class='ocr_par' dir='ltr' id='par_1_14' title="bbox 233 978 1894 1062">
     <span class='ocr_line' id='line_1_14' title="bbox 233 978 1894 1062; baseline -0.005 -24"><span class='ocrx_word' id='word_1_104' title='bbox 233 992 328 1041; x_wconf 77' lang='grc' dir='ltr'><strong>τοῦ</strong></span> <span class='ocrx_word' id='word_1_105' title='bbox 380 991 562 1062; x_wconf 76' lang='grc' dir='ltr'>φυτοῦ,</span> <span class='ocrx_word' id='word_1_106' title='bbox 623 981 754 1036; x_wconf 82' lang='grc' dir='ltr'>καθὸ</span> <span class='ocrx_word' id='word_1_107' title='bbox 809 978 1038 1053; x_wconf 66' lang='grc' dir='ltr'>αὔξεται,</span> <span class='ocrx_word' id='word_1_108' title='bbox 1111 981 1199 1034; x_wconf 81' lang='grc' dir='ltr'><strong>καὶ</strong></span> <span class='ocrx_word' id='word_1_109' title='bbox 1251 978 1517 1058; x_wconf 66' lang='grc' dir='ltr'>τρέφεται,</span> <span class='ocrx_word' id='word_1_110' title='bbox 1579 979 1663 1032; x_wconf 86' lang='grc' dir='ltr'><strong>καὶ</strong></span> <span class='ocrx_word' id='word_1_111' title='bbox 1735 981 1894 1052; x_wconf 68' lang='grc' dir='ltr'>γεννᾷ</span> 
     </span>
    </p>
   </div>
   <div class='ocr_carea' id='block_1_15' title="bbox 1982 960 3622 1062">
    <p class='ocr_par' dir='ltr' id='par_1_15' title="bbox 1982 960 3622 1062">
     <span class='ocr_line' id='line_1_15' title="bbox 1982 960 3622 1062; baseline 0.004 -23"><span class='ocrx_word' id='word_1_112' title='bbox 1982 960 2473 1059; x_wconf 72' lang='lat' dir='ltr'><strong>quemadmodum</strong></span> <span class='ocrx_word' id='word_1_113' title='bbox 2503 979 2673 1058; x_wconf 81' lang='lat' dir='ltr'><strong>lapis.</strong></span> <span class='ocrx_word' id='word_1_114' title='bbox 2703 960 3113 1059; x_wconf 48' lang='lat' dir='ltr'><strong>Particeps-est</strong></span> <span class='ocrx_word' id='word_1_115' title='bbox 3138 989 3193 1041; x_wconf 91' lang='lat' dir='ltr'><strong>et</strong></span> <span class='ocrx_word' id='word_1_116' title='bbox 3215 990 3436 1045; x_wconf 73' lang='lat' dir='ltr'><strong>naturae</strong></span> <span class='ocrx_word' id='word_1_117' title='bbox 3463 960 3622 1062; x_wconf 53' lang='lat' dir='ltr'><strong>plan;</strong></span> 
     </span>
    </p>
   </div>
   <div class='ocr_carea' id='block_1_16' title="bbox 229 1066 1896 1152">
    <p class='ocr_par' dir='ltr' id='par_1_16' title="bbox 229 1066 1891 1149">
     <span class='ocr_line' id='line_1_16' title="bbox 229 1066 1891 1149; baseline -0.006 -22"><span class='ocrx_word' id='word_1_118' title='bbox 229 1073 294 1127; x_wconf 68' lang='grc' dir='ltr'><strong>τὸ</strong></span> <span class='ocrx_word' id='word_1_119' title='bbox 343 1071 550 1149; x_wconf 80' lang='grc' dir='ltr'>ὅμοιον,</span> <span class='ocrx_word' id='word_1_120' title='bbox 627 1069 806 1149; x_wconf 80' lang='grc' dir='ltr'>ὥσπερ</span> <span class='ocrx_word' id='word_1_121' title='bbox 857 1069 943 1126; x_wconf 82' lang='grc' dir='ltr'><strong>καὶ</strong></span> <span class='ocrx_word' id='word_1_122' title='bbox 1017 1069 1082 1124; x_wconf 71' lang='grc' dir='ltr'>τὰ</span> <span class='ocrx_word' id='word_1_123' title='bbox 1143 1067 1297 1147; x_wconf 67' lang='grc' dir='ltr'>φυτά,</span> <span class='ocrx_word' id='word_1_124' title='bbox 1358 1066 1588 1146; x_wconf 81' lang='grc' dir='ltr'>Μετὲχει</span> <span class='ocrx_word' id='word_1_125' title='bbox 1644 1067 1733 1122; x_wconf 80' lang='grc' dir='ltr'><strong>καὶ</strong></span> <span class='ocrx_word' id='word_1_126' title='bbox 1784 1071 1891 1120; x_wconf 70' lang='grc' dir='ltr'>τῶν</span> 
     </span>
    </p>
   </div>
   <div class='ocr_carea' id='block_1_17' title="bbox 1982 1066 3627 1152">
    <p class='ocr_par' dir='ltr' id='par_1_17' title="bbox 1982 1069 3627 1152">
     <span class='ocr_line' id='line_1_17' title="bbox 1982 1069 3627 1152; baseline 0.004 -23"><span class='ocrx_word' id='word_1_127' title='bbox 1982 1069 2530 1149; x_wconf 73' lang='lat' dir='ltr'><strong>taru.n,secuudum</strong></span> <span class='ocrx_word' id='word_1_128' title='bbox 2556 1069 2710 1148; x_wconf 78' lang='lat' dir='ltr'><strong>quod</strong></span> <span class='ocrx_word' id='word_1_129' title='bbox 2740 1071 2955 1129; x_wconf 72' lang='lat' dir='ltr'><strong>crescit</strong></span> <span class='ocrx_word' id='word_1_130' title='bbox 2982 1078 3037 1129; x_wconf 90' lang='lat' dir='ltr'><strong>et</strong></span> <span class='ocrx_word' id='word_1_131' title='bbox 3067 1071 3420 1134; x_wconf 87' lang='lat' dir='ltr'><strong>nutritur.ac</strong></span> <span class='ocrx_word' id='word_1_132' title='bbox 3443 1074 3627 1152; x_wconf 79' lang='lat' dir='ltr'><strong>gignit</strong></span> 
     </span>
    </p>
   </div>
   <div class='ocr_carea' id='block_1_18' title="bbox 231 1157 1896 1242">
    <p class='ocr_par' dir='ltr' id='par_1_18' title="bbox 231 1157 1896 1237">
     <span class='ocr_line' id='line_1_18' title="bbox 231 1157 1896 1237; baseline -0.003 -23"><span class='ocrx_word' id='word_1_133' title='bbox 231 1158 471 1236; x_wconf 81' lang='grc' dir='ltr'>ἀλόγων,</span> <span class='ocrx_word' id='word_1_134' title='bbox 523 1161 654 1215; x_wconf 81' lang='grc' dir='ltr'>καθὸ</span> <span class='ocrx_word' id='word_1_135' title='bbox 711 1157 830 1237; x_wconf 81' lang='grc' dir='ltr'>ἔχει</span> <span class='ocrx_word' id='word_1_136' title='bbox 874 1159 969 1221; x_wconf 73' lang='grc' dir='ltr'><strong>τὰς</strong></span> <span class='ocrx_word' id='word_1_137' title='bbox 1019 1157 1308 1229; x_wconf 80' lang='grc' dir='ltr'>αὶσθήσεις,</span> <span class='ocrx_word' id='word_1_138' title='bbox 1355 1157 1443 1212; x_wconf 87' lang='grc' dir='ltr'>καὶ</span> <span class='ocrx_word' id='word_1_139' title='bbox 1489 1159 1761 1233; x_wconf 82' lang='grc' dir='ltr'>θυμουται,</span> <span class='ocrx_word' id='word_1_140' title='bbox 1808 1157 1896 1210; x_wconf 89' lang='grc' dir='ltr'><strong>καὶ</strong></span> 
     </span>
    </p>
   </div>
   <div class='ocr_carea' id='block_1_19' title="bbox 1982 1157 3628 1242">
    <p class='ocr_par' dir='ltr' id='par_1_19' title="bbox 1982 1158 3628 1242">
     <span class='ocr_line' id='line_1_19' title="bbox 1982 1158 3628 1242; baseline 0.006 -27"><span class='ocrx_word' id='word_1_141' title='bbox 1982 1158 2089 1218; x_wconf 84' lang='lat' dir='ltr'><strong>sibi</strong></span> <span class='ocrx_word' id='word_1_142' title='bbox 2127 1158 2321 1219; x_wconf 88' lang='lat' dir='ltr'><strong>simile</strong></span> <span class='ocrx_word' id='word_1_143' title='bbox 2358 1160 2466 1236; x_wconf 56' lang='lat' dir='ltr'><strong>{tt},</strong></span> <span class='ocrx_word' id='word_1_144' title='bbox 2506 1158 2661 1218; x_wconf 82' lang='lat' dir='ltr'><strong>sicut</strong></span> <span class='ocrx_word' id='word_1_145' title='bbox 2700 1167 2758 1218; x_wconf 92' lang='lat' dir='ltr'><strong>et</strong></span> <span class='ocrx_word' id='word_1_146' title='bbox 2801 1158 3037 1239; x_wconf 72' lang='lat' dir='ltr'><strong>plantae.</strong></span> <span class='ocrx_word' id='word_1_147' title='bbox 3078 1161 3382 1242; x_wconf 78' lang='lat' dir='ltr'><strong>Particeps</strong></span> <span class='ocrx_word' id='word_1_148' title='bbox 3429 1173 3520 1225; x_wconf 89' lang='lat' dir='ltr'><strong>est</strong></span> <span class='ocrx_word' id='word_1_149' title='bbox 3568 1174 3628 1225; x_wconf 88' lang='lat' dir='ltr'><strong>et</strong></span> 
     </span>
    </p>
   </div>
   <div class='ocr_carea' id='block_1_20' title="bbox 233 1241 1896 1328">
    <p class='ocr_par' dir='ltr' id='par_1_20' title="bbox 233 1241 1892 1328">
     <span class='ocr_line' id='line_1_20' title="bbox 233 1241 1892 1328; baseline -0.003 -25"><span class='ocrx_word' id='word_1_150' title='bbox 233 1247 505 1323; x_wconf 72' lang='grc' dir='ltr'>ἐπιθυμεῖ.</span> <span class='ocrx_word' id='word_1_151' title='bbox 575 1247 804 1328; x_wconf 77' lang='grc' dir='ltr'>Μετέχει</span> <span class='ocrx_word' id='word_1_152' title='bbox 865 1244 918 1302; x_wconf 73' lang='grc' dir='ltr'>δὲ</span> <span class='ocrx_word' id='word_1_153' title='bbox 977 1247 1066 1302; x_wconf 78' lang='grc' dir='ltr'>καὶ</span> <span class='ocrx_word' id='word_1_154' title='bbox 1111 1253 1243 1302; x_wconf 75' lang='grc' dir='ltr'><strong>Θεοῦ</strong></span> <span class='ocrx_word' id='word_1_155' title='bbox 1285 1247 1428 1324; x_wconf 70' lang='grc' dir='ltr'>παρὰ</span> <span class='ocrx_word' id='word_1_156' title='bbox 1459 1244 1631 1300; x_wconf 78' lang='grc' dir='ltr'>πάντα</span> <span class='ocrx_word' id='word_1_157' title='bbox 1661 1244 1726 1299; x_wconf 73' lang='grc' dir='ltr'>τὰ</span> <span class='ocrx_word' id='word_1_158' title='bbox 1756 1241 1892 1298; x_wconf 75' lang='grc' dir='ltr'>ἄλλα</span> 
     </span>
    </p>
   </div>
   <div class='ocr_carea' id='block_1_21' title="bbox 1982 1241 3628 1328">
    <p class='ocr_par' dir='ltr' id='par_1_21' title="bbox 1982 1241 3628 1328">
     <span class='ocr_line' id='line_1_21' title="bbox 1982 1241 3628 1328; baseline 0.005 -22"><span class='ocrx_word' id='word_1_159' title='bbox 1982 1257 2200 1309; x_wconf 69' lang='lat' dir='ltr'><strong>naturae</strong></span> <span class='ocrx_word' id='word_1_160' title='bbox 2232 1253 2566 1327; x_wconf 83' lang='lat' dir='ltr'><strong>bruturum,</strong></span> <span class='ocrx_word' id='word_1_161' title='bbox 2591 1249 2921 1308; x_wconf 86' lang='lat' dir='ltr'><strong>secundum</strong></span> <span class='ocrx_word' id='word_1_162' title='bbox 2947 1249 3103 1328; x_wconf 90' lang='lat' dir='ltr'><strong>quod</strong></span> <span class='ocrx_word' id='word_1_163' title='bbox 3129 1241 3628 1328; x_wconf 87' lang='lat' dir='ltr'><strong>habetsensus,et</strong></span> 
     </span>
    </p>
   </div>
   <div class='ocr_carea' id='block_1_22' title="bbox 230 1331 1896 1418">
    <p class='ocr_par' dir='ltr' id='par_1_22' title="bbox 230 1331 1891 1416">
     <span class='ocr_line' id='line_1_22' title="bbox 230 1331 1891 1416; baseline -0.003 -23"><span class='ocrx_word' id='word_1_164' title='bbox 230 1345 366 1413; x_wconf 81' lang='grc' dir='ltr'>ζῶα,</span> <span class='ocrx_word' id='word_1_165' title='bbox 412 1339 548 1397; x_wconf 82' lang='grc' dir='ltr'>κατᾶ</span> <span class='ocrx_word' id='word_1_166' title='bbox 608 1339 706 1404; x_wconf 73' lang='grc' dir='ltr'>τὴν</span> <span class='ocrx_word' id='word_1_167' title='bbox 761 1338 944 1416; x_wconf 80' lang='grc' dir='ltr'>νοερὰν</span> <span class='ocrx_word' id='word_1_168' title='bbox 999 1338 1206 1416; x_wconf 69' lang='grc' dir='ltr'>ψυχήν.</span> <span class='ocrx_word' id='word_1_169' title='bbox 1267 1335 1442 1391; x_wconf 81' lang='grc' dir='ltr'>Θέλων</span> <span class='ocrx_word' id='word_1_170' title='bbox 1494 1335 1582 1390; x_wconf 72' lang='grc' dir='ltr'>οὖν</span> <span class='ocrx_word' id='word_1_171' title='bbox 1637 1331 1804 1397; x_wconf 70' lang='grc' dir='ltr'>δεῖξαι</span> <span class='ocrx_word' id='word_1_172' title='bbox 1864 1335 1891 1388; x_wconf 81' lang='grc' dir='ltr'>ὁ</span> 
     </span>
    </p>
   </div>
   <div class='ocr_carea' id='block_1_23' title="bbox 1982 1331 3625 1418">
    <p class='ocr_par' dir='ltr' id='par_1_23' title="bbox 1982 1335 3625 1418">
     <span class='ocr_line' id='line_1_23' title="bbox 1982 1335 3625 1418; baseline 0.007 -23"><span class='ocrx_word' id='word_1_173' title='bbox 1982 1336 2270 1410; x_wconf 83' lang='lat' dir='ltr'><strong>irascitur,</strong></span> <span class='ocrx_word' id='word_1_174' title='bbox 2305 1347 2356 1396; x_wconf 86' lang='lat' dir='ltr'><strong>et</strong></span> <span class='ocrx_word' id='word_1_175' title='bbox 2411 1335 2799 1416; x_wconf 73' lang='lat' dir='ltr'><strong>concupiscit,</strong></span> <span class='ocrx_word' id='word_1_176' title='bbox 2853 1335 3155 1418; x_wconf 82' lang='lat' dir='ltr'><strong>Particeps</strong></span> <span class='ocrx_word' id='word_1_177' title='bbox 3201 1349 3288 1402; x_wconf 90' lang='lat' dir='ltr'><strong>est</strong></span> <span class='ocrx_word' id='word_1_178' title='bbox 3335 1351 3529 1404; x_wconf 84' lang='lat' dir='ltr'><strong>autem</strong></span> <span class='ocrx_word' id='word_1_179' title='bbox 3565 1352 3625 1406; x_wconf 89' lang='lat' dir='ltr'><strong>et</strong></span> 
     </span>
    </p>
   </div>
   <div class='ocr_carea' id='block_1_24' title="bbox 224 1421 1896 1508">
    <p class='ocr_par' dir='ltr' id='par_1_24' title="bbox 224 1421 1884 1505">
     <span class='ocr_line' id='line_1_24' title="bbox 224 1421 1884 1505; baseline -0.004 -22"><span class='ocrx_word' id='word_1_180' title='bbox 224 1428 424 1504; x_wconf 81' lang='grc' dir='ltr'>νόμος,</span> <span class='ocrx_word' id='word_1_181' title='bbox 488 1427 570 1484; x_wconf 76' lang='grc' dir='ltr'><strong>ὅτι</strong></span> <span class='ocrx_word' id='word_1_182' title='bbox 625 1426 709 1484; x_wconf 76' lang='grc' dir='ltr'><strong>δεῖ</strong></span> <span class='ocrx_word' id='word_1_183' title='bbox 765 1429 856 1483; x_wconf 76' lang='grc' dir='ltr'><strong>τὸν</strong></span> <span class='ocrx_word' id='word_1_184' title='bbox 912 1425 1183 1505; x_wconf 65' lang='grc' dir='ltr'>ἄνθρωπον</span> <span class='ocrx_word' id='word_1_185' title='bbox 1235 1424 1356 1480; x_wconf 79' lang='grc' dir='ltr'>ὅλον</span> <span class='ocrx_word' id='word_1_186' title='bbox 1400 1422 1467 1480; x_wconf 87' lang='grc' dir='ltr'>δι’</span> <span class='ocrx_word' id='word_1_187' title='bbox 1511 1421 1634 1478; x_wconf 83' lang='grc' dir='ltr'>ὅλου</span> <span class='ocrx_word' id='word_1_188' title='bbox 1680 1423 1884 1495; x_wconf 72' lang='grc' dir='ltr'>ἑαυτὸν,</span> 
     </span>
    </p>
   </div>
   <div class='ocr_carea' id='block_1_25' title="bbox 1982 1421 3627 1508">
    <p class='ocr_par' dir='ltr' id='par_1_25' title="bbox 1982 1424 3627 1508">
     <span class='ocr_line' id='line_1_25' title="bbox 1982 1424 3627 1508; baseline -0.007 -21"><span class='ocrx_word' id='word_1_189' title='bbox 1982 1424 2079 1486; x_wconf 89' lang='lat' dir='ltr'><strong>Dei</strong></span> <span class='ocrx_word' id='word_1_190' title='bbox 2107 1427 2270 1505; x_wconf 87' lang='lat' dir='ltr'><strong>juxta</strong></span> <span class='ocrx_word' id='word_1_191' title='bbox 2324 1427 2669 1488; x_wconf 77' lang='lat' dir='ltr'><strong>rationalem</strong></span> <span class='ocrx_word' id='word_1_192' title='bbox 2723 1425 3008 1501; x_wconf 71' lang='lat' dir='ltr'><strong>aniu&#39;iam,</strong></span> <span class='ocrx_word' id='word_1_193' title='bbox 3056 1446 3233 1508; x_wconf 86' lang='lat' dir='ltr'><strong>supra</strong></span> <span class='ocrx_word' id='word_1_194' title='bbox 3283 1432 3483 1494; x_wconf 78' lang='lat' dir='ltr'><strong>omnia</strong></span> <span class='ocrx_word' id='word_1_195' title='bbox 3513 1434 3627 1494; x_wconf 57' lang='lat' dir='ltr'><strong>alia</strong></span> 
     </span>
    </p>
   </div>
   <div class='ocr_carea' id='block_1_26' title="bbox 227 1509 1896 1601">
    <p class='ocr_par' dir='ltr' id='par_1_26' title="bbox 227 1509 1887 1593">
     <span class='ocr_line' id='line_1_26' title="bbox 227 1509 1887 1593; baseline -0.004 -21"><span class='ocrx_word' id='word_1_196' title='bbox 227 1515 406 1576; x_wconf 80' lang='grc' dir='ltr'>δοῦναι</span> <span class='ocrx_word' id='word_1_197' title='bbox 471 1520 608 1590; x_wconf 82' lang='grc' dir='ltr'>Θεῴ,</span> <span class='ocrx_word' id='word_1_198' title='bbox 675 1517 764 1572; x_wconf 85' lang='grc' dir='ltr'><strong>καὶ</strong></span> <span class='ocrx_word' id='word_1_199' title='bbox 822 1513 995 1578; x_wconf 71' lang='grc' dir='ltr'>πάσας</span> <span class='ocrx_word' id='word_1_200' title='bbox 1069 1515 1164 1578; x_wconf 79' lang='grc' dir='ltr'>τὰς</span> <span class='ocrx_word' id='word_1_201' title='bbox 1217 1513 1454 1593; x_wconf 69' lang='grc' dir='ltr'>ψυχικὰς</span> <span class='ocrx_word' id='word_1_202' title='bbox 1512 1509 1756 1586; x_wconf 73' lang='grc' dir='ltr'>δυνάμεις</span> <span class='ocrx_word' id='word_1_203' title='bbox 1815 1512 1887 1572; x_wconf 76' lang='grc' dir='ltr'>εἷς</span> 
     </span>
    </p>
   </div>
   <div class='ocr_carea' id='block_1_27' title="bbox 1982 1509 3625 1601">
    <p class='ocr_par' dir='ltr' id='par_1_27' title="bbox 1982 1515 3625 1601">
     <span class='ocr_line' id='line_1_27' title="bbox 1982 1515 3625 1601; baseline 0.006 -25"><span class='ocrx_word' id='word_1_204' title='bbox 1982 1515 2315 1579; x_wconf 78' lang='lat' dir='ltr'><strong>animantia.</strong></span> <span class='ocrx_word' id='word_1_205' title='bbox 2336 1517 2534 1597; x_wconf 82' lang='lat' dir='ltr'><strong>Itaque</strong></span> <span class='ocrx_word' id='word_1_206' title='bbox 2566 1519 2656 1576; x_wconf 84' lang='lat' dir='ltr'><strong>lex</strong></span> <span class='ocrx_word' id='word_1_207' title='bbox 2688 1516 3006 1577; x_wconf 73' lang='lat' dir='ltr'><strong>ostendere</strong></span> <span class='ocrx_word' id='word_1_208' title='bbox 3035 1520 3239 1580; x_wconf 84' lang='lat' dir='ltr'><strong>volens</strong></span> <span class='ocrx_word' id='word_1_209' title='bbox 3263 1523 3417 1601; x_wconf 89' lang='lat' dir='ltr'><strong>quod</strong></span> <span class='ocrx_word' id='word_1_210' title='bbox 3448 1523 3625 1586; x_wconf 91' lang='lat' dir='ltr'><strong>homo</strong></span> 
     </span>
    </p>
   </div>
   <div class='ocr_carea' id='block_1_28' title="bbox 226 1600 1896 1684">
    <p class='ocr_par' dir='ltr' id='par_1_28' title="bbox 226 1600 1884 1684">
     <span class='ocr_line' id='line_1_28' title="bbox 226 1600 1884 1684; baseline -0.005 -21"><span class='ocrx_word' id='word_1_211' title='bbox 226 1607 331 1674; x_wconf 77' lang='grc' dir='ltr'><strong>τὴν</strong></span> <span class='ocrx_word' id='word_1_212' title='bbox 381 1606 596 1684; x_wconf 70' lang='grc' dir='ltr'>ἂγαπήν</span> <span class='ocrx_word' id='word_1_213' title='bbox 653 1613 744 1661; x_wconf 71' lang='grc' dir='ltr'>τοῦ</span> <span class='ocrx_word' id='word_1_214' title='bbox 797 1611 928 1660; x_wconf 80' lang='grc' dir='ltr'>Θεοῦ</span> <span class='ocrx_word' id='word_1_215' title='bbox 985 1601 1279 1682; x_wconf 79' lang='grc' dir='ltr'>ἀναλῶσαι,</span> <span class='ocrx_word' id='word_1_216' title='bbox 1312 1600 1394 1657; x_wconf 70' lang='grc' dir='ltr'><strong>διὰ</strong></span> <span class='ocrx_word' id='word_1_217' title='bbox 1440 1602 1536 1675; x_wconf 76' lang='grc' dir='ltr'>μὲν</span> <span class='ocrx_word' id='word_1_218' title='bbox 1567 1607 1659 1658; x_wconf 80' lang='grc' dir='ltr'>τοῦ</span> <span class='ocrx_word' id='word_1_219' title='bbox 1691 1601 1884 1679; x_wconf 74' lang='grc' dir='ltr'>εἰπεῖν,</span> 
     </span>
    </p>
   </div>
   <div class='ocr_carea' id='block_1_29' title="bbox 1982 1600 3626 1684">
    <p class='ocr_par' dir='ltr' id='par_1_29' title="bbox 1982 1600 3626 1679">
     <span class='ocr_line' id='line_1_29' title="bbox 1982 1600 3626 1679; baseline 0.007 -15"><span class='ocrx_word' id='word_1_220' title='bbox 1982 1605 2182 1666; x_wconf 65' lang='lat' dir='ltr'><strong>debeat</strong></span> <span class='ocrx_word' id='word_1_221' title='bbox 2206 1624 2336 1666; x_wconf 88' lang='lat' dir='ltr'><strong>sese</strong></span> <span class='ocrx_word' id='word_1_222' title='bbox 2372 1615 2553 1666; x_wconf 85' lang='lat' dir='ltr'><strong>totum</strong></span> <span class='ocrx_word' id='word_1_223' title='bbox 2581 1604 2814 1666; x_wconf 66' lang='lat' dir='ltr'><strong>tradere</strong></span> <span class='ocrx_word' id='word_1_224' title='bbox 2841 1604 2983 1679; x_wconf 85' lang='lat' dir='ltr'><strong>Deo,</strong></span> <span class='ocrx_word' id='word_1_225' title='bbox 3017 1617 3076 1666; x_wconf 93' lang='lat' dir='ltr'><strong>ot</strong></span> <span class='ocrx_word' id='word_1_226' title='bbox 3105 1600 3316 1671; x_wconf 85' lang='lat' dir='ltr'><strong>omnes</strong></span> <span class='ocrx_word' id='word_1_227' title='bbox 3338 1611 3626 1675; x_wconf 85' lang='lat' dir='ltr'><strong>animales</strong></span> 
     </span>
    </p>
   </div>
   <div class='ocr_carea' id='block_1_30' title="bbox 229 1689 1896 1781">
    <p class='ocr_par' dir='ltr' id='par_1_30' title="bbox 229 1689 1885 1773">
     <span class='ocr_line' id='line_1_30' title="bbox 229 1689 1885 1773; baseline -0.005 -21"><span class='ocrx_word' id='word_1_228' title='bbox 229 1696 284 1762; x_wconf 79' lang='grc' dir='ltr'><strong>ἐξ</strong></span> <span class='ocrx_word' id='word_1_229' title='bbox 335 1695 467 1763; x_wconf 82' lang='grc' dir='ltr'>ὅλης</span> <span class='ocrx_word' id='word_1_230' title='bbox 525 1700 620 1761; x_wconf 79' lang='grc' dir='ltr'>τῆς</span> <span class='ocrx_word' id='word_1_231' title='bbox 673 1693 911 1773; x_wconf 85' lang='grc' dir='ltr'>καρδίας,</span> <span class='ocrx_word' id='word_1_232' title='bbox 971 1693 1068 1761; x_wconf 75' lang='grc' dir='ltr'>τὴν</span> <span class='ocrx_word' id='word_1_233' title='bbox 1141 1689 1589 1770; x_wconf 79' lang='grc' dir='ltr'>σωματικωτὲραν</span> <span class='ocrx_word' id='word_1_234' title='bbox 1649 1691 1734 1746; x_wconf 77' lang='grc' dir='ltr'><strong>καὶ</strong></span> <span class='ocrx_word' id='word_1_235' title='bbox 1788 1690 1885 1755; x_wconf 76' lang='grc' dir='ltr'>τὴν</span> 
     </span>
    </p>
   </div>
   <div class='ocr_carea' id='block_1_31' title="bbox 1982 1689 3622 1781">
    <p class='ocr_par' dir='ltr' id='par_1_31' title="bbox 1982 1693 3622 1781">
     <span class='ocr_line' id='line_1_31' title="bbox 1982 1693 3622 1781; baseline 0.006 -29"><span class='ocrx_word' id='word_1_236' title='bbox 1982 1693 2217 1755; x_wconf 82' lang='lat' dir='ltr'><strong>virtutes</strong></span> <span class='ocrx_word' id='word_1_237' title='bbox 2251 1694 2554 1756; x_wconf 90' lang='lat' dir='ltr'><strong>insumere</strong></span> <span class='ocrx_word' id='word_1_238' title='bbox 2598 1695 2657 1754; x_wconf 93' lang='lat' dir='ltr'><strong>in</strong></span> <span class='ocrx_word' id='word_1_239' title='bbox 2693 1693 3079 1756; x_wconf 88' lang='lat' dir='ltr'><strong>dilectionem</strong></span> <span class='ocrx_word' id='word_1_240' title='bbox 3113 1695 3243 1778; x_wconf 91' lang='lat' dir='ltr'><strong>Dei,</strong></span> <span class='ocrx_word' id='word_1_241' title='bbox 3279 1718 3348 1760; x_wconf 92' lang='lat' dir='ltr'><strong>eo</strong></span> <span class='ocrx_word' id='word_1_242' title='bbox 3383 1701 3622 1781; x_wconf 85' lang='lat' dir='ltr'><strong>quidem</strong></span> 
     </span>
    </p>
   </div>
   <div class='ocr_carea' id='block_1_32' title="bbox 231 1777 1896 1868">
    <p class='ocr_par' dir='ltr' id='par_1_32' title="bbox 231 1777 1888 1865">
     <span class='ocr_line' id='line_1_32' title="bbox 231 1777 1888 1865; baseline -0.005 -23"><span class='ocrx_word' id='word_1_243' title='bbox 231 1799 353 1849; x_wconf 74' lang='grc' dir='ltr'>τοῖς</span> <span class='ocrx_word' id='word_1_244' title='bbox 415 1797 604 1865; x_wconf 69' lang='grc' dir='ltr'>φυτοῖς</span> <span class='ocrx_word' id='word_1_245' title='bbox 648 1784 844 1839; x_wconf 77' lang='grc' dir='ltr'>οἰκείαν</span> <span class='ocrx_word' id='word_1_246' title='bbox 902 1780 1137 1850; x_wconf 69' lang='grc' dir='ltr'>ἐδήλωσε</span> <span class='ocrx_word' id='word_1_247' title='bbox 1181 1779 1418 1854; x_wconf 86' lang='grc' dir='ltr'>δύναμιν,</span> <span class='ocrx_word' id='word_1_248' title='bbox 1475 1780 1572 1836; x_wconf 82' lang='grc' dir='ltr'>Διὰ</span> <span class='ocrx_word' id='word_1_249' title='bbox 1601 1778 1654 1834; x_wconf 73' lang='grc' dir='ltr'>δὲ</span> <span class='ocrx_word' id='word_1_250' title='bbox 1689 1785 1779 1835; x_wconf 81' lang='grc' dir='ltr'>τοῦ</span> <span class='ocrx_word' id='word_1_251' title='bbox 1836 1777 1888 1844; x_wconf 79' lang='grc' dir='ltr'>ἐξ</span> 
     </span>
    </p>
   </div>
   <div class='ocr_carea' id='block_1_33' title="bbox 1982 1777 3626 1868">
    <p class='ocr_par' dir='ltr' id='par_1_33' title="bbox 1982 1777 3626 1868">
     <span class='ocr_line' id='line_1_33' title="bbox 1982 1777 3626 1868; baseline 0.005 -26"><span class='ocrx_word' id='word_1_252' title='bbox 1982 1783 2132 1862; x_wconf 87' lang='lat' dir='ltr'><strong>quod</strong></span> <span class='ocrx_word' id='word_1_253' title='bbox 2166 1782 2332 1852; x_wconf 82' lang='lat' dir='ltr'><strong>dixit,</strong></span> <span class='ocrx_word' id='word_1_254' title='bbox 2368 1802 2435 1844; x_wconf 89' lang='lat' dir='ltr'><strong>ex</strong></span> <span class='ocrx_word' id='word_1_255' title='bbox 2489 1792 2607 1844; x_wconf 90' lang='lat' dir='ltr'><strong>toto</strong></span> <span class='ocrx_word' id='word_1_256' title='bbox 2641 1783 2845 1863; x_wconf 86' lang='lat' dir='ltr'><strong>corde,</strong></span> <span class='ocrx_word' id='word_1_257' title='bbox 2881 1777 3237 1846; x_wconf 69' lang='lat' dir='ltr'><strong>classiorcm</strong></span> <span class='ocrx_word' id='word_1_258' title='bbox 3292 1803 3352 1848; x_wconf 91' lang='lat' dir='ltr'><strong>et</strong></span> <span class='ocrx_word' id='word_1_259' title='bbox 3401 1777 3626 1868; x_wconf 74' lang='lat' dir='ltr'><strong>plantis</strong></span> 
     </span>
    </p>
   </div>
   <div class='ocr_carea' id='block_1_34' title="bbox 234 1870 1890 1952">
    <p class='ocr_par' dir='ltr' id='par_1_34' title="bbox 234 1870 1890 1952">
     <span class='ocr_line' id='line_1_34' title="bbox 234 1870 1890 1952; baseline -0.004 -22"><span class='ocrx_word' id='word_1_260' title='bbox 234 1873 369 1942; x_wconf 79' lang='grc' dir='ltr'>ὅλης</span> <span class='ocrx_word' id='word_1_261' title='bbox 417 1879 516 1940; x_wconf 76' lang='grc' dir='ltr'>τῆς</span> <span class='ocrx_word' id='word_1_262' title='bbox 579 1878 788 1952; x_wconf 77' lang='grc' dir='ltr'>ψυχῆς,</span> <span class='ocrx_word' id='word_1_263' title='bbox 850 1873 950 1939; x_wconf 72' lang='grc' dir='ltr'>τὴν</span> <span class='ocrx_word' id='word_1_264' title='bbox 1005 1870 1176 1946; x_wconf 80' lang='grc' dir='ltr'><strong>μέσην</strong></span> <span class='ocrx_word' id='word_1_265' title='bbox 1239 1872 1327 1926; x_wconf 87' lang='grc' dir='ltr'><strong>καὶ</strong></span> <span class='ocrx_word' id='word_1_266' title='bbox 1383 1882 1497 1934; x_wconf 72' lang='grc' dir='ltr'>τοῖς</span> <span class='ocrx_word' id='word_1_267' title='bbox 1559 1870 1890 1935; x_wconf 81' lang='grc' dir='ltr'>αίσθητικοτς</span> 
     </span>
    </p>
   </div>
   <div class='ocr_carea' id='block_1_35' title="bbox 234 1955 1892 2040">
    <p class='ocr_par' dir='ltr' id='par_1_35' title="bbox 234 1955 1892 2040">
     <span class='ocr_line' id='line_1_35' title="bbox 234 1955 1892 2040; baseline -0.004 -22"><span class='ocrx_word' id='word_1_268' title='bbox 234 1963 586 2040; x_wconf 76' lang='grc' dir='ltr'>ἁρμόζουσαν,</span> <span class='ocrx_word' id='word_1_269' title='bbox 654 1963 751 2017; x_wconf 80' lang='grc' dir='ltr'><strong>Διά</strong></span> <span class='ocrx_word' id='word_1_270' title='bbox 807 1960 862 2016; x_wconf 72' lang='grc' dir='ltr'>δὲ</span> <span class='ocrx_word' id='word_1_271' title='bbox 921 1963 1014 2016; x_wconf 69' lang='grc' dir='ltr'>τοῦ</span> <span class='ocrx_word' id='word_1_272' title='bbox 1073 1958 1124 2024; x_wconf 76' lang='grc' dir='ltr'><strong>ἐξ</strong></span> <span class='ocrx_word' id='word_1_273' title='bbox 1182 1957 1314 2024; x_wconf 77' lang='grc' dir='ltr'>ὅλης</span> <span class='ocrx_word' id='word_1_274' title='bbox 1370 1963 1468 2025; x_wconf 77' lang='grc' dir='ltr'>τῆς</span> <span class='ocrx_word' id='word_1_275' title='bbox 1523 1955 1783 2029; x_wconf 77' lang='grc' dir='ltr'>διανοίας,</span> <span class='ocrx_word' id='word_1_276' title='bbox 1830 1959 1892 2012; x_wconf 83' lang='grc' dir='ltr'>τὸ</span> 
     </span>
    </p>
   </div>
   <div class='ocr_carea' id='block_1_36' title="bbox 232 2047 1890 2128">
    <p class='ocr_par' dir='ltr' id='par_1_36' title="bbox 232 2047 1890 2128">
     <span class='ocr_line' id='line_1_36' title="bbox 232 2047 1890 2128; baseline -0.003 -21"><span class='ocrx_word' id='word_1_277' title='bbox 232 2051 516 2108; x_wconf 72' lang='grc' dir='ltr'>ἰδιαίτατον</span> <span class='ocrx_word' id='word_1_278' title='bbox 585 2057 677 2108; x_wconf 78' lang='grc' dir='ltr'>τοῦ</span> <span class='ocrx_word' id='word_1_279' title='bbox 732 2050 1008 2128; x_wconf 76' lang='grc' dir='ltr'>ἀνθρώπου</span> <span class='ocrx_word' id='word_1_280' title='bbox 1049 2048 1149 2115; x_wconf 73' lang='grc' dir='ltr'><strong>τὴν</strong></span> <span class='ocrx_word' id='word_1_281' title='bbox 1183 2049 1366 2125; x_wconf 74' lang='grc' dir='ltr'>νοεραν</span> <span class='ocrx_word' id='word_1_282' title='bbox 1407 2047 1594 2126; x_wconf 75' lang='grc' dir='ltr'>ψυχὴν</span> <span class='ocrx_word' id='word_1_283' title='bbox 1642 2048 1890 2122; x_wconf 70' lang='grc' dir='ltr'>κατεμή-</span> 
     </span>
    </p>
   </div>
   <div class='ocr_carea' id='block_1_37' title="bbox 237 2134 1891 2218">
    <p class='ocr_par' dir='ltr' id='par_1_37' title="bbox 237 2134 1891 2218">
     <span class='ocr_line' id='line_1_37' title="bbox 237 2134 1891 2218; baseline -0.002 -22"><span class='ocrx_word' id='word_1_284' title='bbox 237 2163 384 2203; x_wconf 88' lang='grc' dir='ltr'>νυσε.</span> <span class='ocrx_word' id='word_1_285' title='bbox 417 2143 488 2198; x_wconf 80' lang='grc' dir='ltr'><strong>Τὸ</strong></span> <span class='ocrx_word' id='word_1_286' title='bbox 513 2139 566 2196; x_wconf 66' lang='grc' dir='ltr'>δὲ</span> <span class='ocrx_word' id='word_1_287' title='bbox 611 2139 662 2206; x_wconf 77' lang='grc' dir='ltr'><strong>ἐξ</strong></span> <span class='ocrx_word' id='word_1_288' title='bbox 693 2139 823 2206; x_wconf 77' lang='grc' dir='ltr'>ὅλης</span> <span class='ocrx_word' id='word_1_289' title='bbox 856 2139 951 2207; x_wconf 72' lang='grc' dir='ltr'>τῆς</span> <span class='ocrx_word' id='word_1_290' title='bbox 976 2139 1188 2218; x_wconf 73' lang='grc' dir='ltr'>ἰσχύος,</span> <span class='ocrx_word' id='word_1_291' title='bbox 1235 2138 1306 2200; x_wconf 80' lang='grc' dir='ltr'><strong>εἰς</strong></span> <span class='ocrx_word' id='word_1_292' title='bbox 1364 2137 1536 2195; x_wconf 71' lang='grc' dir='ltr'>πάντα</span> <span class='ocrx_word' id='word_1_293' title='bbox 1587 2144 1751 2194; x_wconf 81' lang='grc' dir='ltr'>ταῦτα</span> <span class='ocrx_word' id='word_1_294' title='bbox 1809 2134 1891 2193; x_wconf 83' lang='grc' dir='ltr'>δεῖ</span> 
     </span>
    </p>
   </div>
   <div class='ocr_carea' id='block_1_38' title="bbox 237 2224 1891 2307">
    <p class='ocr_par' dir='ltr' id='par_1_38' title="bbox 237 2224 1891 2307">
     <span class='ocr_line' id='line_1_38' title="bbox 237 2224 1891 2307; baseline -0.002 -22"><span class='ocrx_word' id='word_1_295' title='bbox 237 2232 382 2306; x_wconf 77' lang='grc' dir='ltr'>ἡμᾶς</span> <span class='ocrx_word' id='word_1_296' title='bbox 411 2229 606 2287; x_wconf 80' lang='grc' dir='ltr'>ἕλκειν.</span> <span class='ocrx_word' id='word_1_297' title='bbox 667 2239 764 2285; x_wconf 79' lang='grc' dir='ltr'><strong>Δεῖ</strong></span> <span class='ocrx_word' id='word_1_298' title='bbox 821 2230 920 2307; x_wconf 79' lang='grc' dir='ltr'><strong>γὰρ</strong></span> <span class='ocrx_word' id='word_1_299' title='bbox 970 2229 1111 2302; x_wconf 69' lang='grc' dir='ltr'>ἡμᾶς</span> <span class='ocrx_word' id='word_1_300' title='bbox 1162 2228 1250 2282; x_wconf 86' lang='grc' dir='ltr'><strong>καὶ</strong></span> <span class='ocrx_word' id='word_1_301' title='bbox 1291 2226 1390 2293; x_wconf 77' lang='grc' dir='ltr'><strong>τὴν</strong></span> <span class='ocrx_word' id='word_1_302' title='bbox 1421 2227 1646 2305; x_wconf 68' lang='grc' dir='ltr'>φυτικὴν</span> <span class='ocrx_word' id='word_1_303' title='bbox 1675 2224 1891 2300; x_wconf 88' lang='grc' dir='ltr'>δύναμιν</span> 
     </span>
    </p>
   </div>
   <div class='ocr_carea' id='block_1_39' title="bbox 238 2313 1896 2399">
    <p class='ocr_par' dir='ltr' id='par_1_39' title="bbox 238 2313 1896 2399">
     <span class='ocr_line' id='line_1_39' title="bbox 238 2313 1896 2399; baseline -0.002 -23"><span class='ocrx_word' id='word_1_304' title='bbox 238 2325 338 2386; x_wconf 77' lang='grc' dir='ltr'>τῆς</span> <span class='ocrx_word' id='word_1_305' title='bbox 399 2324 585 2399; x_wconf 77' lang='grc' dir='ltr'>ψυχῆς</span> <span class='ocrx_word' id='word_1_306' title='bbox 630 2318 942 2374; x_wconf 73' lang='grc' dir='ltr'>ὑποτάττειν</span> <span class='ocrx_word' id='word_1_307' title='bbox 970 2322 1037 2393; x_wconf 74' lang='grc' dir='ltr'><strong>τῇ</strong></span> <span class='ocrx_word' id='word_1_308' title='bbox 1069 2316 1253 2393; x_wconf 77' lang='grc' dir='ltr'>ἀγάπη</span> <span class='ocrx_word' id='word_1_309' title='bbox 1304 2322 1396 2371; x_wconf 79' lang='grc' dir='ltr'>τοῦ</span> <span class='ocrx_word' id='word_1_310' title='bbox 1429 2323 1672 2394; x_wconf 70' lang='grc' dir='ltr'>Χριστοῦ,</span> <span class='ocrx_word' id='word_1_311' title='bbox 1729 2313 1896 2372; x_wconf 75' lang='grc' dir='ltr'>Ἀλλὰ</span> 
     </span>
    </p>
   </div>
   <div class='ocr_carea' id='block_1_40' title="bbox 236 2403 1896 2488">
    <p class='ocr_par' dir='ltr' id='par_1_40' title="bbox 236 2403 1896 2488">
     <span class='ocr_line' id='line_1_40' title="bbox 236 2403 1896 2488; baseline 0 -28"><span class='ocrx_word' id='word_1_312' title='bbox 236 2415 407 2479; x_wconf 57' lang='lat' dir='ltr'><strong>urbe;</strong></span> <span class='ocrx_word' id='word_1_313' title='bbox 481 2409 760 2488; x_wconf 78' lang='grc' dir='ltr'>Ἰσχυρὼς,</span> <span class='ocrx_word' id='word_1_314' title='bbox 845 2405 983 2462; x_wconf 74' lang='grc' dir='ltr'>ἀλλὰ</span> <span class='ocrx_word' id='word_1_315' title='bbox 1035 2406 1113 2480; x_wconf 77' lang='grc' dir='ltr'><strong>μη</strong></span> <span class='ocrx_word' id='word_1_316' title='bbox 1172 2403 1558 2478; x_wconf 74' lang='grc' dir='ltr'><strong>ἐκλελυμένως,</strong></span> <span class='ocrx_word' id='word_1_317' title='bbox 1625 2407 1721 2463; x_wconf 79' lang='grc' dir='ltr'><strong>Καὶ</strong></span> <span class='ocrx_word' id='word_1_318' title='bbox 1800 2405 1896 2473; x_wconf 73' lang='grc' dir='ltr'><strong>τὴν</strong></span> 
     </span>
    </p>
   </div>
   <div class='ocr_carea' id='block_1_41' title="bbox 240 2494 1896 2577">
    <p class='ocr_par' dir='ltr' id='par_1_41' title="bbox 240 2494 1896 2577">
     <span class='ocr_line' id='line_1_41' title="bbox 240 2494 1896 2577; baseline -0.003 -22"><span class='ocrx_word' id='word_1_319' title='bbox 240 2498 574 2577; x_wconf 76' lang='grc' dir='ltr'>αἰσθητικὴν,</span> <span class='ocrx_word' id='word_1_320' title='bbox 653 2498 742 2552; x_wconf 88' lang='grc' dir='ltr'><strong>καὶ</strong></span> <span class='ocrx_word' id='word_1_321' title='bbox 823 2500 1024 2561; x_wconf 85' lang='grc' dir='ltr'>ταύτην</span> <span class='ocrx_word' id='word_1_322' title='bbox 1079 2496 1334 2574; x_wconf 75' lang='grc' dir='ltr'>ἰσχυρῶς,</span> <span class='ocrx_word' id='word_1_323' title='bbox 1396 2495 1484 2550; x_wconf 84' lang='grc' dir='ltr'><strong>καὶ</strong></span> <span class='ocrx_word' id='word_1_324' title='bbox 1536 2494 1634 2561; x_wconf 69' lang='grc' dir='ltr'>τὴν</span> <span class='ocrx_word' id='word_1_325' title='bbox 1691 2494 1896 2572; x_wconf 72' lang='grc' dir='ltr'>νοερᾶιν,</span> 
     </span>
    </p>
   </div>
   <div class='ocr_carea' id='block_1_42' title="bbox 241 2571 1901 2662">
    <p class='ocr_par' dir='ltr' id='par_1_42' title="bbox 241 2571 1901 2662">
     <span class='ocr_line' id='line_1_42' title="bbox 241 2571 1901 2662; baseline -0.002 -20"><span class='ocrx_word' id='word_1_326' title='bbox 241 2588 328 2643; x_wconf 85' lang='grc' dir='ltr'><strong>καὶ</strong></span> <span class='ocrx_word' id='word_1_327' title='bbox 360 2586 558 2652; x_wconf 84' lang='grc' dir='ltr'>ταύτην</span> <span class='ocrx_word' id='word_1_328' title='bbox 590 2583 642 2650; x_wconf 76' lang='grc' dir='ltr'>ἐξ</span> <span class='ocrx_word' id='word_1_329' title='bbox 672 2583 804 2652; x_wconf 82' lang='grc' dir='ltr'>ὅλης</span> <span class='ocrx_word' id='word_1_330' title='bbox 837 2585 932 2650; x_wconf 73' lang='grc' dir='ltr'>τῆς</span> <span class='ocrx_word' id='word_1_331' title='bbox 976 2583 1188 2662; x_wconf 74' lang='grc' dir='ltr'>ἰσχύος,</span> <span class='ocrx_word' id='word_1_332' title='bbox 1238 2571 1415 2638; x_wconf 64' lang='lat' dir='ltr'><strong>&quot;slth</strong></span> <span class='ocrx_word' id='word_1_333' title='bbox 1473 2581 1627 2648; x_wconf 79' lang='grc' dir='ltr'>ὅλους</span> <span class='ocrx_word' id='word_1_334' title='bbox 1685 2583 1901 2639; x_wconf 72' lang='grc' dir='ltr'><strong>ἐαυτοὺς</strong></span> 
     </span>
    </p>
   </div>
   <div class='ocr_carea' id='block_1_43' title="bbox 243 2672 1896 2756">
    <p class='ocr_par' dir='ltr' id='par_1_43' title="bbox 243 2672 1896 2756">
     <span class='ocr_line' id='line_1_43' title="bbox 243 2672 1896 2756; baseline -0.002 -26"><span class='ocrx_word' id='word_1_335' title='bbox 243 2674 522 2756; x_wconf 73' lang='grc' dir='ltr'>ὀφείλομεν</span> <span class='ocrx_word' id='word_1_336' title='bbox 598 2672 793 2731; x_wconf 75' lang='grc' dir='ltr'>διδόναι</span> <span class='ocrx_word' id='word_1_337' title='bbox 876 2677 1013 2748; x_wconf 85' lang='grc' dir='ltr'>Θεῷ,</span> <span class='ocrx_word' id='word_1_338' title='bbox 1093 2674 1181 2728; x_wconf 85' lang='grc' dir='ltr'><strong>καὶ</strong></span> <span class='ocrx_word' id='word_1_339' title='bbox 1256 2672 1591 2752; x_wconf 61' lang='grc' dir='ltr'>ὑποτάττειν,</span> <span class='ocrx_word' id='word_1_340' title='bbox 1653 2674 1741 2729; x_wconf 80' lang='grc' dir='ltr'><strong>καὶ</strong></span> <span class='ocrx_word' id='word_1_341' title='bbox 1798 2673 1896 2739; x_wconf 75' lang='grc' dir='ltr'><strong>τὴν</strong></span> 
     </span>
    </p>
   </div>
   <div class='ocr_carea' id='block_1_44' title="bbox 241 2759 1896 2843">
    <p class='ocr_par' dir='ltr' id='par_1_44' title="bbox 241 2759 1896 2843">
     <span class='ocr_line' id='line_1_44' title="bbox 241 2759 1896 2843; baseline -0.004 -23"><span class='ocrx_word' id='word_1_342' title='bbox 241 2764 550 2843; x_wconf 74' lang='grc' dir='ltr'>θρεπτικὴν,</span> <span class='ocrx_word' id='word_1_343' title='bbox 633 2765 720 2818; x_wconf 83' lang='grc' dir='ltr'>καὶ</span> <span class='ocrx_word' id='word_1_344' title='bbox 801 2763 898 2830; x_wconf 80' lang='grc' dir='ltr'>τὴν</span> <span class='ocrx_word' id='word_1_345' title='bbox 984 2760 1296 2828; x_wconf 61' lang='grc' dir='ltr'>αἰσθητικήν</span> <span class='ocrx_word' id='word_1_346' title='bbox 1377 2763 1464 2816; x_wconf 77' lang='grc' dir='ltr'><strong>καὶ</strong></span> <span class='ocrx_word' id='word_1_347' title='bbox 1548 2759 1896 2828; x_wconf 75' lang='grc' dir='ltr'>διανοητικὴν</span> 
     </span>
    </p>
   </div>
   <div class='ocr_carea' id='block_1_45' title="bbox 1979 1871 3624 1951">
    <p class='ocr_par' dir='ltr' id='par_1_45' title="bbox 1979 1871 3624 1951">
     <span class='ocr_line' id='line_1_45' title="bbox 1979 1871 3624 1951; baseline 0.005 -20"><span class='ocrx_word' id='word_1_348' title='bbox 1979 1871 2274 1951; x_wconf 87' lang='lat' dir='ltr'><strong>propriam</strong></span> <span class='ocrx_word' id='word_1_349' title='bbox 2304 1872 2627 1933; x_wconf 74' lang='lat' dir='ltr'><strong>declaravit</strong></span> <span class='ocrx_word' id='word_1_350' title='bbox 2668 1872 2944 1934; x_wconf 87' lang='lat' dir='ltr'><strong>virtutem</strong></span> <span class='ocrx_word' id='word_1_351' title='bbox 3027 1875 3293 1937; x_wconf 82' lang='lat' dir='ltr'><strong>Dtcendo</strong></span> <span class='ocrx_word' id='word_1_352' title='bbox 3325 1887 3522 1940; x_wconf 90' lang='lat' dir='ltr'><strong>autem</strong></span> <span class='ocrx_word' id='word_1_353' title='bbox 3555 1898 3624 1940; x_wconf 90' lang='lat' dir='ltr'><strong>ex</strong></span> 
     </span>
    </p>
   </div>
   <div class='ocr_carea' id='block_1_46' title="bbox 1979 1961 3623 2046">
    <p class='ocr_par' dir='ltr' id='par_1_46' title="bbox 1979 1961 3623 2046">
     <span class='ocr_line' id='line_1_46' title="bbox 1979 1961 3623 2046; baseline 0.005 -26"><span class='ocrx_word' id='word_1_354' title='bbox 1979 1969 2095 2021; x_wconf 80' lang='lat' dir='ltr'><strong>tota</strong></span> <span class='ocrx_word' id='word_1_355' title='bbox 2117 1961 2335 2041; x_wconf 87' lang='lat' dir='ltr'><strong>anima,</strong></span> <span class='ocrx_word' id='word_1_356' title='bbox 2363 1961 2617 2023; x_wconf 89' lang='lat' dir='ltr'><strong>mediam</strong></span> <span class='ocrx_word' id='word_1_357' title='bbox 2643 1961 2922 2034; x_wconf 84' lang='lat' dir='ltr'><strong>ostendit,</strong></span> <span class='ocrx_word' id='word_1_358' title='bbox 2953 1971 3010 2023; x_wconf 92' lang='lat' dir='ltr'><strong>et</strong></span> <span class='ocrx_word' id='word_1_359' title='bbox 3026 1967 3279 2025; x_wconf 86' lang='lat' dir='ltr'><strong>sensatis</strong></span> <span class='ocrx_word' id='word_1_360' title='bbox 3299 1985 3623 2046; x_wconf 82' lang='lat' dir='ltr'><strong>congruen-</strong></span> 
     </span>
    </p>
   </div>
   <div class='ocr_carea' id='block_1_47' title="bbox 1978 2050 3622 2130">
    <p class='ocr_par' dir='ltr' id='par_1_47' title="bbox 1978 2050 3622 2130">
     <span class='ocr_line' id='line_1_47' title="bbox 1978 2050 3622 2130; baseline 0.006 -22"><span class='ocrx_word' id='word_1_361' title='bbox 1978 2057 2117 2110; x_wconf 88' lang='lat' dir='ltr'><strong>tem.</strong></span> <span class='ocrx_word' id='word_1_362' title='bbox 2160 2053 2274 2112; x_wconf 89' lang='lat' dir='ltr'><strong>Per</strong></span> <span class='ocrx_word' id='word_1_363' title='bbox 2322 2051 2432 2111; x_wconf 90' lang='lat' dir='ltr'><strong>hoc</strong></span> <span class='ocrx_word' id='word_1_364' title='bbox 2473 2059 2669 2111; x_wconf 88' lang='lat' dir='ltr'><strong>autem</strong></span> <span class='ocrx_word' id='word_1_365' title='bbox 2718 2050 2876 2130; x_wconf 90' lang='lat' dir='ltr'><strong>quod</strong></span> <span class='ocrx_word' id='word_1_366' title='bbox 2914 2051 3079 2123; x_wconf 89' lang='lat' dir='ltr'><strong>dicit,</strong></span> <span class='ocrx_word' id='word_1_367' title='bbox 3125 2071 3192 2113; x_wconf 82' lang='lat' dir='ltr'><strong>ex</strong></span> <span class='ocrx_word' id='word_1_368' title='bbox 3236 2062 3351 2115; x_wconf 89' lang='lat' dir='ltr'><strong>tota</strong></span> <span class='ocrx_word' id='word_1_369' title='bbox 3404 2066 3622 2130; x_wconf 91' lang='lat' dir='ltr'><strong>mente,</strong></span> 
     </span>
    </p>
   </div>
   <div class='ocr_carea' id='block_1_48' title="bbox 1976 2138 3624 2220">
    <p class='ocr_par' dir='ltr' id='par_1_48' title="bbox 1976 2138 3624 2220">
     <span class='ocr_line' id='line_1_48' title="bbox 1976 2138 3624 2220; baseline 0.007 -24"><span class='ocrx_word' id='word_1_370' title='bbox 1976 2138 2198 2200; x_wconf 89' lang='lat' dir='ltr'><strong>homini</strong></span> <span class='ocrx_word' id='word_1_371' title='bbox 2225 2140 2476 2200; x_wconf 74' lang='lat' dir='ltr'><strong>maxime</strong></span> <span class='ocrx_word' id='word_1_372' title='bbox 2501 2139 2794 2220; x_wconf 84' lang='lat' dir='ltr'><strong>propriam</strong></span> <span class='ocrx_word' id='word_1_373' title='bbox 2823 2139 2936 2199; x_wconf 89' lang='lat' dir='ltr'><strong>vim</strong></span> <span class='ocrx_word' id='word_1_374' title='bbox 2964 2139 3341 2220; x_wconf 82' lang='lat' dir='ltr'><strong>signiﬁcavit,</strong></span> <span class='ocrx_word' id='word_1_375' title='bbox 3366 2145 3624 2207; x_wconf 87' lang='lat' dir='ltr'><strong>animam</strong></span> 
     </span>
    </p>
   </div>
   <div class='ocr_carea' id='block_1_49' title="bbox 1976 2227 3625 2309">
    <p class='ocr_par' dir='ltr' id='par_1_49' title="bbox 1976 2227 3625 2309">
     <span class='ocr_line' id='line_1_49' title="bbox 1976 2227 3625 2309; baseline 0.005 -22"><span class='ocrx_word' id='word_1_376' title='bbox 1976 2227 2348 2290; x_wconf 82' lang='lat' dir='ltr'><strong>rationalem.</strong></span> <span class='ocrx_word' id='word_1_377' title='bbox 2401 2232 2582 2290; x_wconf 67' lang='grc' dir='ltr'>νυνι-υ</span> <span class='ocrx_word' id='word_1_378' title='bbox 2611 2228 2764 2309; x_wconf 90' lang='lat' dir='ltr'><strong>quod</strong></span> <span class='ocrx_word' id='word_1_379' title='bbox 2798 2229 2967 2309; x_wconf 90' lang='lat' dir='ltr'><strong>dicit,</strong></span> <span class='ocrx_word' id='word_1_380' title='bbox 3005 2249 3071 2290; x_wconf 87' lang='lat' dir='ltr'><strong>ex</strong></span> <span class='ocrx_word' id='word_1_381' title='bbox 3109 2239 3225 2292; x_wconf 84' lang='lat' dir='ltr'><strong>tota</strong></span> <span class='ocrx_word' id='word_1_382' title='bbox 3259 2232 3625 2305; x_wconf 83' lang='lat' dir='ltr'><strong>fortitudine.</strong></span> 
     </span>
    </p>
   </div>
   <div class='ocr_carea' id='block_1_50' title="bbox 1980 2316 3630 2399">
    <p class='ocr_par' dir='ltr' id='par_1_50' title="bbox 1980 2316 3630 2399">
     <span class='ocr_line' id='line_1_50' title="bbox 1980 2316 3630 2399; baseline 0.007 -23"><span class='ocrx_word' id='word_1_383' title='bbox 1980 2316 2050 2377; x_wconf 91' lang='lat' dir='ltr'><strong>ad</strong></span> <span class='ocrx_word' id='word_1_384' title='bbox 2087 2319 2281 2379; x_wconf 86' lang='lat' dir='ltr'><strong>omnia</strong></span> <span class='ocrx_word' id='word_1_385' title='bbox 2315 2319 2441 2379; x_wconf 75' lang='lat' dir='ltr'><strong>haec</strong></span> <span class='ocrx_word' id='word_1_386' title='bbox 2496 2317 2872 2382; x_wconf 85' lang='lat' dir='ltr'><strong>trahendum.</strong></span> <span class='ocrx_word' id='word_1_387' title='bbox 2920 2317 3167 2399; x_wconf 86' lang='lat' dir='ltr'><strong>Oportet</strong></span> <span class='ocrx_word' id='word_1_388' title='bbox 3208 2323 3364 2382; x_wconf 88' lang='lat' dir='ltr'><strong>enim</strong></span> <span class='ocrx_word' id='word_1_389' title='bbox 3417 2343 3523 2386; x_wconf 91' lang='lat' dir='ltr'><strong>nos</strong></span> <span class='ocrx_word' id='word_1_390' title='bbox 3575 2335 3630 2387; x_wconf 88' lang='lat' dir='ltr'><strong>et</strong></span> 
     </span>
    </p>
   </div>
   <div class='ocr_carea' id='block_1_51' title="bbox 1981 2406 3628 2492">
    <p class='ocr_par' dir='ltr' id='par_1_51' title="bbox 1981 2406 3628 2492">
     <span class='ocr_line' id='line_1_51' title="bbox 1981 2406 3628 2492; baseline 0.006 -26"><span class='ocrx_word' id='word_1_391' title='bbox 1981 2407 2306 2467; x_wconf 64' lang='lat' dir='ltr'><strong>naturalem</strong></span> <span class='ocrx_word' id='word_1_392' title='bbox 2344 2428 2410 2468; x_wconf 90' lang='lat' dir='ltr'><strong>ac</strong></span> <span class='ocrx_word' id='word_1_393' title='bbox 2461 2406 2844 2486; x_wconf 86' lang='lat' dir='ltr'><strong>vegetativam</strong></span> <span class='ocrx_word' id='word_1_394' title='bbox 2884 2408 3160 2470; x_wconf 83' lang='lat' dir='ltr'><strong>virtutem</strong></span> <span class='ocrx_word' id='word_1_395' title='bbox 3207 2412 3503 2492; x_wconf 87' lang='lat' dir='ltr'><strong>subjicere</strong></span> <span class='ocrx_word' id='word_1_396' title='bbox 3533 2415 3628 2476; x_wconf 87' lang='lat' dir='ltr'><strong>di-</strong></span> 
     </span>
    </p>
   </div>
   <div class='ocr_carea' id='block_1_52' title="bbox 1985 2495 3627 2577">
    <p class='ocr_par' dir='ltr' id='par_1_52' title="bbox 1985 2495 3627 2577">
     <span class='ocr_line' id='line_1_52' title="bbox 1985 2495 3627 2577; baseline 0.006 -22"><span class='ocrx_word' id='word_1_397' title='bbox 1985 2495 2222 2556; x_wconf 74' lang='lat' dir='ltr'><strong>lectioni</strong></span> <span class='ocrx_word' id='word_1_398' title='bbox 2256 2495 2497 2558; x_wconf 83' lang='lat' dir='ltr'><strong>Christi.</strong></span> <span class='ocrx_word' id='word_1_399' title='bbox 2550 2496 2669 2557; x_wconf 86' lang='lat' dir='ltr'><strong>Sed</strong></span> <span class='ocrx_word' id='word_1_400' title='bbox 2718 2497 3066 2577; x_wconf 84' lang='lat' dir='ltr'><strong>quomodo?</strong></span> <span class='ocrx_word' id='word_1_401' title='bbox 3096 2497 3355 2562; x_wconf 84' lang='lat' dir='ltr'><strong>Fortiter</strong></span> <span class='ocrx_word' id='word_1_402' title='bbox 3400 2511 3458 2563; x_wconf 93' lang='lat' dir='ltr'><strong>et</strong></span> <span class='ocrx_word' id='word_1_403' title='bbox 3512 2523 3627 2565; x_wconf 90' lang='lat' dir='ltr'><strong>non</strong></span> 
     </span>
    </p>
   </div>
   <div class='ocr_carea' id='block_1_53' title="bbox 1988 2584 3698 2666">
    <p class='ocr_par' dir='ltr' id='par_1_53' title="bbox 1988 2584 3698 2666">
     <span class='ocr_line' id='line_1_53' title="bbox 1988 2584 3698 2666; baseline 0.005 -21"><span class='ocrx_word' id='word_1_404' title='bbox 1988 2584 2296 2648; x_wconf 75' lang='lat' dir='ltr'><strong>dissolute.</strong></span> <span class='ocrx_word' id='word_1_405' title='bbox 2322 2584 2393 2645; x_wconf 86' lang='lat' dir='ltr'><strong>Et</strong></span> <span class='ocrx_word' id='word_1_406' title='bbox 2422 2586 2786 2657; x_wconf 86' lang='lat' dir='ltr'><strong>sensitivam,</strong></span> <span class='ocrx_word' id='word_1_407' title='bbox 2822 2595 2996 2666; x_wconf 86' lang='lat' dir='ltr'><strong>atque</strong></span> <span class='ocrx_word' id='word_1_408' title='bbox 3028 2587 3186 2648; x_wconf 89' lang='lat' dir='ltr'><strong>illam</strong></span> <span class='ocrx_word' id='word_1_409' title='bbox 3221 2588 3467 2652; x_wconf 77' lang='lat' dir='ltr'><strong>fortiter.</strong></span> <span class='ocrx_word' id='word_1_410' title='bbox 3511 2593 3629 2653; x_wconf 89' lang='lat' dir='ltr'><strong>De-</strong></span> <span class='ocrx_word' id='word_1_411' title='bbox 3687 2661 3698 2666; x_wconf 95' lang='lat'><em>_</em></span> 
     </span>
    </p>
   </div>
   <div class='ocr_carea' id='block_1_54' title="bbox 1981 2674 3626 2755">
    <p class='ocr_par' dir='ltr' id='par_1_54' title="bbox 1981 2674 3626 2755">
     <span class='ocr_line' id='line_1_54' title="bbox 1981 2674 3626 2755; baseline 0.007 -23"><span class='ocrx_word' id='word_1_412' title='bbox 1981 2674 2158 2753; x_wconf 87' lang='lat' dir='ltr'><strong>nique</strong></span> <span class='ocrx_word' id='word_1_413' title='bbox 2190 2683 2247 2734; x_wconf 92' lang='lat' dir='ltr'><strong>et</strong></span> <span class='ocrx_word' id='word_1_414' title='bbox 2274 2674 2645 2747; x_wconf 85' lang='lat' dir='ltr'><strong>rationalem,</strong></span> <span class='ocrx_word' id='word_1_415' title='bbox 2691 2684 2870 2755; x_wconf 90' lang='lat' dir='ltr'><strong>atque</strong></span> <span class='ocrx_word' id='word_1_416' title='bbox 2916 2676 3076 2736; x_wconf 89' lang='lat' dir='ltr'><strong>illam</strong></span> <span class='ocrx_word' id='word_1_417' title='bbox 3123 2695 3190 2737; x_wconf 88' lang='lat' dir='ltr'><strong>ex</strong></span> <span class='ocrx_word' id='word_1_418' title='bbox 3243 2685 3361 2739; x_wconf 90' lang='lat' dir='ltr'><strong>tota</strong></span> <span class='ocrx_word' id='word_1_419' title='bbox 3391 2680 3626 2743; x_wconf 89' lang='lat' dir='ltr'><strong>virtute.</strong></span> 
     </span>
    </p>
   </div>
   <div class='ocr_carea' id='block_1_55' title="bbox 1980 2762 3633 2847">
    <p class='ocr_par' dir='ltr' id='par_1_55' title="bbox 1980 2762 3633 2847">
     <span class='ocr_line' id='line_1_55' title="bbox 1980 2762 3633 2847; baseline 0.006 -25"><span class='ocrx_word' id='word_1_420' title='bbox 1980 2765 2170 2842; x_wconf 86' lang='lat' dir='ltr'><strong>Atque</strong></span> <span class='ocrx_word' id='word_1_421' title='bbox 2203 2762 2280 2822; x_wconf 91' lang='lat' dir='ltr'><strong>ita</strong></span> <span class='ocrx_word' id='word_1_422' title='bbox 2315 2762 2605 2823; x_wconf 90' lang='lat' dir='ltr'><strong>debemus</strong></span> <span class='ocrx_word' id='word_1_423' title='bbox 2637 2782 2745 2823; x_wconf 90' lang='lat' dir='ltr'><strong>nos</strong></span> <span class='ocrx_word' id='word_1_424' title='bbox 2771 2776 2918 2827; x_wconf 88' lang='lat' dir='ltr'><strong>totos</strong></span> <span class='ocrx_word' id='word_1_425' title='bbox 2953 2765 3096 2825; x_wconf 89' lang='lat' dir='ltr'><strong>dare</strong></span> <span class='ocrx_word' id='word_1_426' title='bbox 3121 2768 3264 2840; x_wconf 89' lang='lat' dir='ltr'><strong>Deo,</strong></span> <span class='ocrx_word' id='word_1_427' title='bbox 3292 2767 3633 2847; x_wconf 76' lang='lat' dir='ltr'><strong>subjicere~</strong></span> 
     </span>
    </p>
   </div>
   <div class='ocr_carea' id='block_1_56' title="bbox 235 2850 1896 2931">
    <p class='ocr_par' dir='ltr' id='par_1_56' title="bbox 235 2850 1892 2930">
     <span class='ocr_line' id='line_1_56' title="bbox 235 2850 1892 2930; baseline -0.003 -21"><span class='ocrx_word' id='word_1_428' title='bbox 235 2856 392 2929; x_wconf 80' lang='grc' dir='ltr'>ἡμῶν</span> <span class='ocrx_word' id='word_1_429' title='bbox 444 2852 658 2929; x_wconf 72' lang='grc' dir='ltr'>δύναμιν</span> <span class='ocrx_word' id='word_1_430' title='bbox 715 2857 782 2928; x_wconf 79' lang='grc' dir='ltr'><strong>τῇ</strong></span> <span class='ocrx_word' id='word_1_431' title='bbox 834 2851 1018 2930; x_wconf 76' lang='grc' dir='ltr'>ἀγάπῃ</span> <span class='ocrx_word' id='word_1_432' title='bbox 1067 2860 1158 2908; x_wconf 74' lang='grc' dir='ltr'><strong>τοῦ</strong></span> <span class='ocrx_word' id='word_1_433' title='bbox 1217 2858 1370 2909; x_wconf 79' lang='grc' dir='ltr'>Θεοῦ.</span> <span class='ocrx_word' id='word_1_434' title='bbox 1411 2852 1506 2907; x_wconf 82' lang='grc' dir='ltr'>Καὶ</span> <span class='ocrx_word' id='word_1_435' title='bbox 1537 2853 1627 2906; x_wconf 83' lang='grc' dir='ltr'><strong>τὸν</strong></span> <span class='ocrx_word' id='word_1_436' title='bbox 1665 2850 1892 2917; x_wconf 75' lang='grc' dir='ltr'>πλησίον</span> 
     </span>
    </p>
   </div>
   <div class='ocr_carea' id='block_1_57' title="bbox 1982 2850 3631 2931">
    <p class='ocr_par' dir='ltr' id='par_1_57' title="bbox 1982 2853 3631 2931">
     <span class='ocr_line' id='line_1_57' title="bbox 1982 2853 3631 2931; baseline 0.007 -21"><span class='ocrx_word' id='word_1_437' title='bbox 1982 2870 2092 2930; x_wconf 89' lang='lat' dir='ltr'><strong>que</strong></span> <span class='ocrx_word' id='word_1_438' title='bbox 2131 2863 2186 2911; x_wconf 91' lang='lat' dir='ltr'><strong>et</strong></span> <span class='ocrx_word' id='word_1_439' title='bbox 2242 2853 2605 2931; x_wconf 83' lang='lat' dir='ltr'><strong>nutritivum,</strong></span> <span class='ocrx_word' id='word_1_440' title='bbox 2662 2860 2717 2912; x_wconf 92' lang='lat' dir='ltr'><strong>et</strong></span> <span class='ocrx_word' id='word_1_441' title='bbox 2766 2853 3129 2928; x_wconf 89' lang='lat' dir='ltr'><strong>sensitivam,</strong></span> <span class='ocrx_word' id='word_1_442' title='bbox 3184 2865 3242 2915; x_wconf 90' lang='lat' dir='ltr'><strong>et</strong></span> <span class='ocrx_word' id='word_1_443' title='bbox 3287 2857 3631 2921; x_wconf 80' lang='lat' dir='ltr'><strong>rationalem</strong></span> 
     </span>
    </p>
   </div>
   <div class='ocr_carea' id='block_1_58' title="bbox 236 2932 1896 3028">
    <p class='ocr_par' dir='ltr' id='par_1_58' title="bbox 236 2932 1892 3014">
     <span class='ocr_line' id='line_1_58' title="bbox 236 2932 1892 3014; baseline -0.002 -15"><span class='ocrx_word' id='word_1_444' title='bbox 236 2966 330 3000; x_wconf 80' lang='grc' dir='ltr'><strong>σου</strong></span> <span class='ocrx_word' id='word_1_445' title='bbox 375 2945 448 3008; x_wconf 80' lang='grc' dir='ltr'>ὡς</span> <span class='ocrx_word' id='word_1_446' title='bbox 507 2942 750 3004; x_wconf 80' lang='grc' dir='ltr'>σεαυτόν,</span> <span class='ocrx_word' id='word_1_447' title='bbox 797 2932 855 2998; x_wconf 66' lang='grc' dir='ltr'>Ὀ</span> <span class='ocrx_word' id='word_1_448' title='bbox 915 2941 1076 3014; x_wconf 83' lang='grc' dir='ltr'>νόμος</span> <span class='ocrx_word' id='word_1_449' title='bbox 1135 2940 1284 2996; x_wconf 78' lang='grc' dir='ltr'>οῧπω</span> <span class='ocrx_word' id='word_1_450' title='bbox 1340 2941 1406 2995; x_wconf 71' lang='grc' dir='ltr'><strong>τὰ</strong></span> <span class='ocrx_word' id='word_1_451' title='bbox 1463 2939 1641 2997; x_wconf 77' lang='grc' dir='ltr'>τέλεια</span> <span class='ocrx_word' id='word_1_452' title='bbox 1669 2939 1892 3014; x_wconf 73' lang='grc' dir='ltr'>δυνάμε-</span> 
     </span>
    </p>
   </div>
   <div class='ocr_carea' id='block_1_59' title="bbox 1982 2932 3633 3028">
    <p class='ocr_par' dir='ltr' id='par_1_59' title="bbox 1982 2941 3633 3028">
     <span class='ocr_line' id='line_1_59' title="bbox 1982 2941 3633 3028; baseline 0.008 -29"><span class='ocrx_word' id='word_1_453' title='bbox 1982 2950 2239 3000; x_wconf 86' lang='lat' dir='ltr'><strong>nostram</strong></span> <span class='ocrx_word' id='word_1_454' title='bbox 2301 2941 2574 3001; x_wconf 85' lang='lat' dir='ltr'><strong>virtutem</strong></span> <span class='ocrx_word' id='word_1_455' title='bbox 2635 2941 2936 3003; x_wconf 77' lang='lat' dir='ltr'><strong>dilectioni</strong></span> <span class='ocrx_word' id='word_1_456' title='bbox 2987 2943 3116 3007; x_wconf 91' lang='lat' dir='ltr'><strong>Dei.</strong></span> <span class='ocrx_word' id='word_1_457' title='bbox 3177 2943 3246 3004; x_wconf 89' lang='lat' dir='ltr'><strong>Et</strong></span> <span class='ocrx_word' id='word_1_458' title='bbox 3301 2949 3633 3028; x_wconf 80' lang='lat' dir='ltr'><strong>proximum</strong></span> 
     </span>
    </p>
   </div>
   <div class='ocr_carea' id='block_1_60' title="bbox 244 3026 1896 3118">
    <p class='ocr_par' dir='ltr' id='par_1_60' title="bbox 244 3026 1889 3096">
     <span class='ocr_line' id='line_1_60' title="bbox 244 3026 1889 3096; baseline -0.003 -9"><span class='ocrx_word' id='word_1_459' title='bbox 244 3055 330 3094; x_wconf 79' lang='grc' dir='ltr'><strong>νος</strong></span> <span class='ocrx_word' id='word_1_460' title='bbox 397 3031 656 3088; x_wconf 75' lang='grc' dir='ltr'>διδάσκειν</span> <span class='ocrx_word' id='word_1_461' title='bbox 708 3029 793 3085; x_wconf 71' lang='grc' dir='ltr'><strong>δια</strong></span> <span class='ocrx_word' id='word_1_462' title='bbox 845 3032 906 3086; x_wconf 78' lang='grc' dir='ltr'>τὸ</span> <span class='ocrx_word' id='word_1_463' title='bbox 965 3026 1228 3096; x_wconf 82' lang='grc' dir='ltr'>νηπιῶδες</span> <span class='ocrx_word' id='word_1_464' title='bbox 1281 3031 1386 3085; x_wconf 79' lang='grc' dir='ltr'><strong>τῶν</strong></span> <span class='ocrx_word' id='word_1_465' title='bbox 1431 3029 1752 3095; x_wconf 73' lang='grc' dir='ltr'>ἀκουόντων,</span> <span class='ocrx_word' id='word_1_466' title='bbox 1799 3032 1889 3085; x_wconf 73' lang='grc' dir='ltr'><strong>τὸν</strong></span> 
     </span>
    </p>
   </div>
   <div class='ocr_carea' id='block_1_61' title="bbox 1982 3026 3634 3118">
    <p class='ocr_par' dir='ltr' id='par_1_61' title="bbox 1982 3026 3634 3118">
     <span class='ocr_line' id='line_1_61' title="bbox 1982 3026 3634 3118; baseline 0.006 -28"><span class='ocrx_word' id='word_1_467' title='bbox 1982 3045 2141 3090; x_wconf 88' lang='lat' dir='ltr'><strong>tuum</strong></span> <span class='ocrx_word' id='word_1_468' title='bbox 2175 3029 2327 3118; x_wconf 87' lang='lat' dir='ltr'><strong>sicut</strong></span> <span class='ocrx_word' id='word_1_469' title='bbox 2359 3029 2634 3108; x_wconf 86' lang='lat' dir='ltr'><strong>teipsum.</strong></span> <span class='ocrx_word' id='word_1_470' title='bbox 2674 3031 2785 3091; x_wconf 89' lang='lat' dir='ltr'><strong>Lex</strong></span> <span class='ocrx_word' id='word_1_471' title='bbox 2822 3033 3083 3093; x_wconf 89' lang='lat' dir='ltr'><strong>nondum</strong></span> <span class='ocrx_word' id='word_1_472' title='bbox 3135 3026 3338 3098; x_wconf 84' lang='lat' dir='ltr'><strong>valens</strong></span> <span class='ocrx_word' id='word_1_473' title='bbox 3371 3038 3634 3118; x_wconf 85' lang='lat' dir='ltr'><strong>perfecta</strong></span> 
     </span>
    </p>
   </div>
   <div class='ocr_carea' id='block_1_62' title="bbox 243 3109 1902 3199">
    <p class='ocr_par' dir='ltr' id='par_1_62' title="bbox 243 3109 1902 3199">
     <span class='ocr_line' id='line_1_62' title="bbox 243 3109 1902 3199; baseline -0.002 -21"><span class='ocrx_word' id='word_1_474' title='bbox 243 3123 472 3189; x_wconf 86' lang='grc' dir='ltr'>πλησίον</span> <span class='ocrx_word' id='word_1_475' title='bbox 529 3121 740 3199; x_wconf 82' lang='grc' dir='ltr'>ἀγαπᾷν</span> <span class='ocrx_word' id='word_1_476' title='bbox 795 3119 1146 3198; x_wconf 74' lang='grc' dir='ltr'>προτρέπεται</span> <span class='ocrx_word' id='word_1_477' title='bbox 1190 3120 1262 3183; x_wconf 84' lang='grc' dir='ltr'>ὡς</span> <span class='ocrx_word' id='word_1_478' title='bbox 1314 3119 1522 3180; x_wconf 75' lang='grc' dir='ltr'>ἑαυτόν,</span> <span class='ocrx_word' id='word_1_479' title='bbox 1561 3109 1617 3175; x_wconf 70' lang='grc' dir='ltr'>Ὀ</span> <span class='ocrx_word' id='word_1_480' title='bbox 1662 3116 1716 3173; x_wconf 68' lang='grc' dir='ltr'>δὲ</span> <span class='ocrx_word' id='word_1_481' title='bbox 1768 3127 1902 3194; x_wconf 84' lang='grc' dir='ltr'>Χρι-</span> 
     </span>
    </p>
   </div>
   <div class='ocr_carea' id='block_1_63' title="bbox 238 3205 1899 3288">
    <p class='ocr_par' dir='ltr' id='par_1_63' title="bbox 238 3205 1899 3288">
     <span class='ocr_line' id='line_1_63' title="bbox 238 3205 1899 3288; baseline -0.002 -20"><span class='ocrx_word' id='word_1_482' title='bbox 238 3213 372 3274; x_wconf 79' lang='grc' dir='ltr'>στὸς</span> <span class='ocrx_word' id='word_1_483' title='bbox 425 3212 515 3267; x_wconf 90' lang='grc' dir='ltr'><strong>καὶ</strong></span> <span class='ocrx_word' id='word_1_484' title='bbox 569 3209 700 3288; x_wconf 72' lang='grc' dir='ltr'>ὑπὲρ</span> <span class='ocrx_word' id='word_1_485' title='bbox 757 3209 942 3264; x_wconf 74' lang='grc' dir='ltr'>ἑαυτὸν</span> <span class='ocrx_word' id='word_1_486' title='bbox 998 3208 1209 3285; x_wconf 80' lang='grc' dir='ltr'>ἀγαπᾷν</span> <span class='ocrx_word' id='word_1_487' title='bbox 1263 3208 1354 3263; x_wconf 81' lang='grc' dir='ltr'><strong>τὸν</strong></span> <span class='ocrx_word' id='word_1_488' title='bbox 1413 3205 1640 3274; x_wconf 88' lang='grc' dir='ltr'>πλησίον</span> <span class='ocrx_word' id='word_1_489' title='bbox 1685 3206 1899 3273; x_wconf 78' lang='grc' dir='ltr'>ἐδίδαξε·</span> 
     </span>
    </p>
   </div>
   <div class='ocr_carea' id='block_1_64' title="bbox 253 3297 1902 3378">
    <p class='ocr_par' dir='ltr' id='par_1_64' title="bbox 253 3297 1902 3378">
     <span class='ocr_line' id='line_1_64' title="bbox 253 3297 1902 3378; baseline -0.001 -21"><span class='ocrx_word' id='word_1_490' title='bbox 253 3301 474 3373; x_wconf 74' lang='grc' dir='ltr'>Μείζονα</span> <span class='ocrx_word' id='word_1_491' title='bbox 531 3301 630 3378; x_wconf 77' lang='grc' dir='ltr'><strong>γὰρ</strong></span> <span class='ocrx_word' id='word_1_492' title='bbox 707 3301 905 3365; x_wconf 81' lang='grc' dir='ltr'>ταύτης</span> <span class='ocrx_word' id='word_1_493' title='bbox 971 3299 1212 3377; x_wconf 76' lang='grc' dir='ltr'>ἀγάπην,</span> <span class='ocrx_word' id='word_1_494' title='bbox 1272 3299 1424 3378; x_wconf 77' lang='grc' dir='ltr'>φησὶ,</span> <span class='ocrx_word' id='word_1_495' title='bbox 1486 3300 1578 3354; x_wconf 69' lang='grc' dir='ltr'>οὐκ</span> <span class='ocrx_word' id='word_1_496' title='bbox 1649 3297 1766 3377; x_wconf 76' lang='grc' dir='ltr'>ἔχει</span> <span class='ocrx_word' id='word_1_497' title='bbox 1821 3321 1902 3362; x_wconf 85' lang='grc' dir='ltr'><strong>τις</strong></span> 
     </span>
    </p>
   </div>
   <div class='ocr_carea' id='block_1_65' title="bbox 249 3388 1898 3469">
    <p class='ocr_par' dir='ltr' id='par_1_65' title="bbox 249 3388 1898 3469">
     <span class='ocr_line' id='line_1_65' title="bbox 249 3388 1898 3469; baseline -0.003 -22"><span class='ocrx_word' id='word_1_498' title='bbox 249 3389 439 3456; x_wconf 76' lang='grc' dir='ltr'>δεῖξαι,</span> <span class='ocrx_word' id='word_1_499' title='bbox 502 3389 537 3458; x_wconf 74' lang='grc' dir='ltr'>ἢ</span> <span class='ocrx_word' id='word_1_500' title='bbox 593 3389 686 3446; x_wconf 62' lang='grc' dir='ltr'>ἵνα</span> <span class='ocrx_word' id='word_1_501' title='bbox 717 3412 796 3451; x_wconf 86' lang='grc' dir='ltr'><strong>τις</strong></span> <span class='ocrx_word' id='word_1_502' title='bbox 828 3394 925 3454; x_wconf 72' lang='grc' dir='ltr'>τὴν</span> <span class='ocrx_word' id='word_1_503' title='bbox 975 3388 1164 3467; x_wconf 76' lang='grc' dir='ltr'>ψυχὴν</span> <span class='ocrx_word' id='word_1_504' title='bbox 1209 3390 1365 3447; x_wconf 75' lang='grc' dir='ltr'><strong>αὖτοῦ</strong></span> <span class='ocrx_word' id='word_1_505' title='bbox 1421 3391 1488 3465; x_wconf 79' lang='grc' dir='ltr'><strong>θῇ</strong></span> <span class='ocrx_word' id='word_1_506' title='bbox 1516 3389 1646 3466; x_wconf 67' lang='grc' dir='ltr'>ὑπὲρ</span> <span class='ocrx_word' id='word_1_507' title='bbox 1677 3391 1781 3444; x_wconf 76' lang='grc' dir='ltr'><strong>τιῦν</strong></span> <span class='ocrx_word' id='word_1_508' title='bbox 1810 3389 1898 3469; x_wconf 70' lang='grc' dir='ltr'>φί-</span> 
     </span>
    </p>
   </div>
   <div class='ocr_carea' id='block_1_66' title="bbox 250 3475 1900 3558">
    <p class='ocr_par' dir='ltr' id='par_1_66' title="bbox 250 3475 1900 3558">
     <span class='ocr_line' id='line_1_66' title="bbox 250 3475 1900 3558; baseline -0.002 -22"><span class='ocrx_word' id='word_1_509' title='bbox 250 3480 356 3536; x_wconf 85' lang='grc' dir='ltr'><strong>λων</strong></span> <span class='ocrx_word' id='word_1_510' title='bbox 415 3479 594 3538; x_wconf 71' lang='grc' dir='ltr'>αὐτοῦ.</span> <span class='ocrx_word' id='word_1_511' title='bbox 633 3478 788 3558; x_wconf 76' lang='grc' dir='ltr'>Λέγει</span> <span class='ocrx_word' id='word_1_512' title='bbox 819 3479 908 3535; x_wconf 80' lang='grc' dir='ltr'>οὖν</span> <span class='ocrx_word' id='word_1_513' title='bbox 939 3479 1070 3556; x_wconf 73' lang='grc' dir='ltr'>πρὸς</span> <span class='ocrx_word' id='word_1_514' title='bbox 1103 3479 1194 3534; x_wconf 82' lang='grc' dir='ltr'><strong>τὸν</strong></span> <span class='ocrx_word' id='word_1_515' title='bbox 1219 3475 1438 3553; x_wconf 71' lang='grc' dir='ltr'>νομικόν</span> <span class='ocrx_word' id='word_1_516' title='bbox 1475 3497 1488 3511; x_wconf 74' lang='grc' dir='ltr'>ο</span> <span class='ocrx_word' id='word_1_517' title='bbox 1538 3477 1734 3555; x_wconf 83' lang='grc' dir='ltr'>Ὀρθῶς</span> <span class='ocrx_word' id='word_1_518' title='bbox 1763 3478 1900 3533; x_wconf 79' lang='grc' dir='ltr'>ἁπε-</span> 
     </span>
    </p>
   </div>
   <div class='ocr_carea' id='block_1_67' title="bbox 244 3565 1900 3649">
    <p class='ocr_par' dir='ltr' id='par_1_67' title="bbox 244 3565 1900 3649">
     <span class='ocr_line' id='line_1_67' title="bbox 244 3565 1900 3649; baseline -0.002 -23"><span class='ocrx_word' id='word_1_519' title='bbox 244 3571 456 3649; x_wconf 80' lang='grc' dir='ltr'>κρίθης.</span> <span class='ocrx_word' id='word_1_520' title='bbox 522 3569 671 3626; x_wconf 84' lang='grc' dir='ltr'>Ἐπεὶ</span> <span class='ocrx_word' id='word_1_521' title='bbox 727 3570 850 3647; x_wconf 71' lang='grc' dir='ltr'>γὰρ,</span> <span class='ocrx_word' id='word_1_522' title='bbox 911 3567 1094 3647; x_wconf 70' lang='grc' dir='ltr'>φησὶν,</span> <span class='ocrx_word' id='word_1_523' title='bbox 1156 3565 1230 3622; x_wconf 80' lang='grc' dir='ltr'>ἔτι</span> <span class='ocrx_word' id='word_1_524' title='bbox 1290 3574 1366 3640; x_wconf 86' lang='grc' dir='ltr'><strong>τῷ</strong></span> <span class='ocrx_word' id='word_1_525' title='bbox 1423 3566 1569 3642; x_wconf 84' lang='grc' dir='ltr'>νόμῳ</span> <span class='ocrx_word' id='word_1_526' title='bbox 1623 3566 1900 3623; x_wconf 83' lang='grc' dir='ltr'>ὺπόκεισαι</span> 
     </span>
    </p>
   </div>
   <div class='ocr_carea' id='block_1_68' title="bbox 246 3655 1656 3738">
    <p class='ocr_par' dir='ltr' id='par_1_68' title="bbox 246 3655 1656 3738">
     <span class='ocr_line' id='line_1_68' title="bbox 246 3655 1656 3738; baseline -0.002 -24"><span class='ocrx_word' id='word_1_527' title='bbox 246 3661 409 3738; x_wconf 78' lang='grc' dir='ltr'>ὀρθῶς</span> <span class='ocrx_word' id='word_1_528' title='bbox 438 3657 695 3736; x_wconf 75' lang='grc' dir='ltr'>ἂποκρινῃ</span> <span class='ocrx_word' id='word_1_529' title='bbox 726 3675 740 3690; x_wconf 85' lang='grc'>⁶</span> <span class='ocrx_word' id='word_1_530' title='bbox 774 3657 917 3714; x_wconf 73' lang='grc' dir='ltr'>κατὰ</span> <span class='ocrx_word' id='word_1_531' title='bbox 951 3658 1043 3712; x_wconf 73' lang='grc' dir='ltr'>τὸν</span> <span class='ocrx_word' id='word_1_532' title='bbox 1089 3655 1249 3732; x_wconf 75' lang='grc' dir='ltr'>νόμον</span> <span class='ocrx_word' id='word_1_533' title='bbox 1292 3657 1390 3734; x_wconf 79' lang='grc' dir='ltr'><strong>γὰρ</strong></span> <span class='ocrx_word' id='word_1_534' title='bbox 1420 3667 1656 3735; x_wconf 70' lang='grc' dir='ltr'>φρονεῖς,</span> 
     </span>
    </p>
   </div>
   <div class='ocr_carea' id='block_1_69' title="bbox 332 3827 1898 3911">
    <p class='ocr_par' dir='ltr' id='par_1_69' title="bbox 332 3827 1898 3911">
     <span class='ocr_line' id='line_1_69' title="bbox 332 3827 1898 3911; baseline -0.002 -21"><span class='ocrx_word' id='word_1_535' title='bbox 332 3858 354 3890; x_wconf 80' lang='grc' dir='ltr'>(ι</span> <span class='ocrx_word' id='word_1_536' title='bbox 423 3827 480 3894; x_wconf 74' lang='grc' dir='ltr'>Ὀ</span> <span class='ocrx_word' id='word_1_537' title='bbox 540 3834 594 3891; x_wconf 77' lang='grc' dir='ltr'>δὲ</span> <span class='ocrx_word' id='word_1_538' title='bbox 655 3834 820 3891; x_wconf 79' lang='grc' dir='ltr'>θέλων</span> <span class='ocrx_word' id='word_1_539' title='bbox 882 3833 1115 3892; x_wconf 67' lang='grc' dir='ltr'>δικαιοῦν</span> <span class='ocrx_word' id='word_1_540' title='bbox 1172 3835 1382 3908; x_wconf 76' lang='grc' dir='ltr'>ἑαυτὸν,</span> <span class='ocrx_word' id='word_1_541' title='bbox 1446 3833 1572 3890; x_wconf 78' lang='grc' dir='ltr'>εἶπε</span> <span class='ocrx_word' id='word_1_542' title='bbox 1631 3835 1763 3911; x_wconf 82' lang='grc' dir='ltr'>πρὸς</span> <span class='ocrx_word' id='word_1_543' title='bbox 1807 3835 1898 3889; x_wconf 64' lang='grc' dir='ltr'><strong>τοι</strong></span> 
     </span>
    </p>
   </div>
   <div class='ocr_carea' id='block_1_70' title="bbox 241 3913 1902 4000">
    <p class='ocr_par' dir='ltr' id='par_1_70' title="bbox 241 3913 1902 4000">
     <span class='ocr_line' id='line_1_70' title="bbox 241 3913 1902 4000; baseline -0.005 -16"><span class='ocrx_word' id='word_1_544' title='bbox 241 3927 477 3994; x_wconf 83' lang='grc' dir='ltr'>Ἰησουν.</span> <span class='ocrx_word' id='word_1_545' title='bbox 528 3927 627 3984; x_wconf 81' lang='grc' dir='ltr'>Καὶ</span> <span class='ocrx_word' id='word_1_546' title='bbox 657 3925 734 3989; x_wconf 90' lang='grc' dir='ltr'><strong>τίς</strong></span> <span class='ocrx_word' id='word_1_547' title='bbox 770 3922 877 3980; x_wconf 72' lang='grc' dir='ltr'>ἐστι</span> <span class='ocrx_word' id='word_1_548' title='bbox 924 3947 1025 4000; x_wconf 86' lang='grc' dir='ltr'><strong>μου</strong></span> <span class='ocrx_word' id='word_1_549' title='bbox 1085 3921 1356 3998; x_wconf 71' lang='grc' dir='ltr'>πλησίονς</span> <span class='ocrx_word' id='word_1_550' title='bbox 1419 3913 1729 3979; x_wconf 62' lang='grc' dir='ltr'>ἰ’πολαϐὼν</span> <span class='ocrx_word' id='word_1_551' title='bbox 1788 3920 1841 3977; x_wconf 71' lang='grc' dir='ltr'>δὲ</span> <span class='ocrx_word' id='word_1_552' title='bbox 1875 3929 1902 3982; x_wconf 79' lang='grc' dir='ltr'>ὁ</span> 
     </span>
    </p>
   </div>
   <div class='ocr_carea' id='block_1_71' title="bbox 243 4003 1902 4089">
    <p class='ocr_par' dir='ltr' id='par_1_71' title="bbox 243 4003 1902 4089">
     <span class='ocr_line' id='line_1_71' title="bbox 243 4003 1902 4089; baseline -0.005 -15"><span class='ocrx_word' id='word_1_553' title='bbox 243 4016 478 4088; x_wconf 78' lang='grc' dir='ltr'>Ἰησοῦς,</span> <span class='ocrx_word' id='word_1_554' title='bbox 564 4015 720 4071; x_wconf 74' lang='grc' dir='ltr'>εἶπεν</span> <span class='ocrx_word' id='word_1_555' title='bbox 755 4033 771 4049; x_wconf 83' lang='grc'>⁶</span> <span class='ocrx_word' id='word_1_556' title='bbox 867 4003 1158 4089; x_wconf 65' lang='grc' dir='ltr'>’Ἃνρωπός</span> <span class='ocrx_word' id='word_1_557' title='bbox 1244 4036 1325 4078; x_wconf 89' lang='grc' dir='ltr'><strong>τις</strong></span> <span class='ocrx_word' id='word_1_558' title='bbox 1410 4009 1715 4068; x_wconf 74' lang='grc' dir='ltr'>κατέϐαινεν</span> <span class='ocrx_word' id='word_1_559' title='bbox 1796 4010 1902 4067; x_wconf 70' lang='grc' dir='ltr'><strong>ἀπὸ</strong></span> 
     </span>
    </p>
   </div>
   <div class='ocr_carea' id='block_1_72' title="bbox 245 4093 1900 4182">
    <p class='ocr_par' dir='ltr' id='par_1_72' title="bbox 245 4093 1900 4182">
     <span class='ocr_line' id='line_1_72' title="bbox 245 4093 1900 4182; baseline -0.004 -21"><span class='ocrx_word' id='word_1_560' title='bbox 245 4095 595 4182; x_wconf 76' lang='grc' dir='ltr'>Ἰερουσαλὴμ</span> <span class='ocrx_word' id='word_1_561' title='bbox 653 4105 726 4167; x_wconf 80' lang='grc' dir='ltr'>εἷς</span> <span class='ocrx_word' id='word_1_562' title='bbox 789 4093 1022 4182; x_wconf 64' lang='grc' dir='ltr'>ἰεριχὼ,</span> <span class='ocrx_word' id='word_1_563' title='bbox 1099 4103 1185 4159; x_wconf 78' lang='grc' dir='ltr'><strong>καὶ</strong></span> <span class='ocrx_word' id='word_1_564' title='bbox 1269 4100 1499 4179; x_wconf 71' lang='grc' dir='ltr'>λῃσταῖς</span> <span class='ocrx_word' id='word_1_565' title='bbox 1560 4102 1900 4180; x_wconf 82' lang='grc' dir='ltr'>περιέπεσεν,</span> 
     </span>
    </p>
   </div>
   <div class='ocr_carea' id='block_1_73' title="bbox 245 4187 1894 4270">
    <p class='ocr_par' dir='ltr' id='par_1_73' title="bbox 245 4187 1894 4270">
     <span class='ocr_line' id='line_1_73' title="bbox 245 4187 1894 4270; baseline -0.004 -20"><span class='ocrx_word' id='word_1_566' title='bbox 245 4207 301 4251; x_wconf 75' lang='grc' dir='ltr'>οῖ</span> <span class='ocrx_word' id='word_1_567' title='bbox 366 4197 454 4250; x_wconf 87' lang='grc' dir='ltr'>καὶ</span> <span class='ocrx_word' id='word_1_568' title='bbox 513 4191 820 4255; x_wconf 74' lang='grc' dir='ltr'>ἐκδύσαντες</span> <span class='ocrx_word' id='word_1_569' title='bbox 879 4192 1058 4266; x_wconf 80' lang='grc' dir='ltr'>αὑτὸν,</span> <span class='ocrx_word' id='word_1_570' title='bbox 1140 4192 1229 4247; x_wconf 86' lang='grc' dir='ltr'><strong>καὶ</strong></span> <span class='ocrx_word' id='word_1_571' title='bbox 1299 4190 1514 4270; x_wconf 82' lang='grc' dir='ltr'>πληγὰς</span> <span class='ocrx_word' id='word_1_572' title='bbox 1573 4187 1894 4268; x_wconf 78' lang='grc' dir='ltr'>περιθέντες,</span> 
     </span>
    </p>
   </div>
   <div class='ocr_carea' id='block_1_74' title="bbox 247 4279 1900 4361">
    <p class='ocr_par' dir='ltr' id='par_1_74' title="bbox 247 4279 1900 4361">
     <span class='ocr_line' id='line_1_74' title="bbox 247 4279 1900 4361; baseline -0.005 -22"><span class='ocrx_word' id='word_1_573' title='bbox 247 4281 512 4358; x_wconf 75' lang='grc' dir='ltr'>ἀπῆλθον,</span> <span class='ocrx_word' id='word_1_574' title='bbox 575 4281 796 4361; x_wconf 72' lang='grc' dir='ltr'>ἀφέντες</span> <span class='ocrx_word' id='word_1_575' title='bbox 849 4282 1087 4357; x_wconf 68' lang='grc' dir='ltr'>ἡμιθανῆ</span> <span class='ocrx_word' id='word_1_576' title='bbox 1149 4281 1508 4359; x_wconf 81' lang='grc' dir='ltr'>τυγχάνοντα,</span> <span class='ocrx_word' id='word_1_577' title='bbox 1575 4279 1719 4336; x_wconf 81' lang='grc' dir='ltr'>Κατὰ</span> <span class='ocrx_word' id='word_1_578' title='bbox 1777 4299 1900 4355; x_wconf 89' lang='grc' dir='ltr'>συγ-</span> 
     </span>
    </p>
   </div>
   <div class='ocr_carea' id='block_1_75' title="bbox 245 4365 1892 4451">
    <p class='ocr_par' dir='ltr' id='par_1_75' title="bbox 245 4365 1892 4451">
     <span class='ocr_line' id='line_1_75' title="bbox 245 4365 1892 4451; baseline -0.004 -23"><span class='ocrx_word' id='word_1_579' title='bbox 245 4372 424 4451; x_wconf 88' lang='grc' dir='ltr'>κυρίαν</span> <span class='ocrx_word' id='word_1_580' title='bbox 484 4370 536 4426; x_wconf 78' lang='grc' dir='ltr'>δὲ</span> <span class='ocrx_word' id='word_1_581' title='bbox 588 4371 751 4450; x_wconf 83' lang='grc' dir='ltr'>ἱερεύς</span> <span class='ocrx_word' id='word_1_582' title='bbox 811 4391 892 4433; x_wconf 91' lang='grc' dir='ltr'><strong>τις</strong></span> <span class='ocrx_word' id='word_1_583' title='bbox 950 4365 1258 4426; x_wconf 77' lang='grc' dir='ltr'>κατέϐαινεν</span> <span class='ocrx_word' id='word_1_584' title='bbox 1317 4368 1370 4424; x_wconf 80' lang='grc' dir='ltr'>ἐν</span> <span class='ocrx_word' id='word_1_585' title='bbox 1424 4374 1492 4445; x_wconf 79' lang='grc' dir='ltr'><strong>τῇ</strong></span> <span class='ocrx_word' id='word_1_586' title='bbox 1535 4366 1639 4440; x_wconf 81' lang='grc' dir='ltr'><strong>ὁδῷ</strong></span> <span class='ocrx_word' id='word_1_587' title='bbox 1693 4369 1892 4443; x_wconf 71' lang='grc' dir='ltr'>εκείνη,</span> 
     </span>
    </p>
   </div>
   <div class='ocr_carea' id='block_1_76' title="bbox 245 4449 1897 4535">
    <p class='ocr_par' dir='ltr' id='par_1_76' title="bbox 245 4449 1897 4535">
     <span class='ocr_line' id='line_1_76' title="bbox 245 4449 1897 4535; baseline -0.003 -19"><span class='ocrx_word' id='word_1_588' title='bbox 245 4449 331 4518; x_wconf 64' lang='grc' dir='ltr'><strong>καὶ</strong></span> <span class='ocrx_word' id='word_1_589' title='bbox 386 4458 509 4516; x_wconf 75' lang='grc' dir='ltr'>ἰδὼν</span> <span class='ocrx_word' id='word_1_590' title='bbox 567 4449 722 4517; x_wconf 77' lang='grc' dir='ltr'>αὑτὸν</span> <span class='ocrx_word' id='word_1_591' title='bbox 765 4457 1177 4535; x_wconf 78' lang='grc' dir='ltr'>ἀντιπαρῆλθεν.</span> <span class='ocrx_word' id='word_1_592' title='bbox 1226 4449 1454 4534; x_wconf 80' lang='grc' dir='ltr'>Ὀμοίως</span> <span class='ocrx_word' id='word_1_593' title='bbox 1507 4456 1562 4512; x_wconf 75' lang='grc' dir='ltr'>δὲ</span> <span class='ocrx_word' id='word_1_594' title='bbox 1618 4457 1706 4512; x_wconf 82' lang='grc' dir='ltr'><strong>καὶ</strong></span> <span class='ocrx_word' id='word_1_595' title='bbox 1739 4456 1897 4512; x_wconf 80' lang='grc' dir='ltr'>Λευί-</span> 
     </span>
    </p>
   </div>
   <div class='ocr_carea' id='block_1_77' title="bbox 241 4543 1898 4628">
    <p class='ocr_par' dir='ltr' id='par_1_77' title="bbox 241 4543 1898 4628">
     <span class='ocr_line' id='line_1_77' title="bbox 241 4543 1898 4628; baseline -0.004 -22"><span class='ocrx_word' id='word_1_596' title='bbox 241 4571 340 4617; x_wconf 88' lang='grc' dir='ltr'><strong>της</strong></span> <span class='ocrx_word' id='word_1_597' title='bbox 400 4549 683 4628; x_wconf 84' lang='grc' dir='ltr'>γενόμενος</span> <span class='ocrx_word' id='word_1_598' title='bbox 742 4548 878 4604; x_wconf 77' lang='grc' dir='ltr'>κατὰ</span> <span class='ocrx_word' id='word_1_599' title='bbox 914 4549 1007 4604; x_wconf 82' lang='grc' dir='ltr'><strong>τὸν</strong></span> <span class='ocrx_word' id='word_1_600' title='bbox 1055 4569 1220 4603; x_wconf 91' lang='grc' dir='ltr'>τοπον</span> <span class='ocrx_word' id='word_1_601' title='bbox 1249 4545 1440 4625; x_wconf 71' lang='grc' dir='ltr'>ἒλθὼν,</span> <span class='ocrx_word' id='word_1_602' title='bbox 1473 4547 1560 4603; x_wconf 85' lang='grc' dir='ltr'><strong>καὶ</strong></span> <span class='ocrx_word' id='word_1_603' title='bbox 1590 4543 1710 4602; x_wconf 73' lang='grc' dir='ltr'>ἰδὼν</span> <span class='ocrx_word' id='word_1_604' title='bbox 1743 4544 1898 4600; x_wconf 71' lang='grc' dir='ltr'>αὑτὸν</span> 
     </span>
    </p>
   </div>
   <div class='ocr_carea' id='block_1_78' title="bbox 244 4631 1896 4717">
    <p class='ocr_par' dir='ltr' id='par_1_78' title="bbox 244 4631 1896 4717">
     <span class='ocr_line' id='line_1_78' title="bbox 244 4631 1896 4717; baseline -0.004 -22"><span class='ocrx_word' id='word_1_605' title='bbox 244 4637 626 4717; x_wconf 81' lang='grc' dir='ltr'>ἆντιπαρῆλθε.</span> <span class='ocrx_word' id='word_1_606' title='bbox 691 4637 1031 4716; x_wconf 82' lang='grc' dir='ltr'>Σαμαρείτης</span> <span class='ocrx_word' id='word_1_607' title='bbox 1089 4634 1143 4692; x_wconf 79' lang='grc' dir='ltr'>δὲ</span> <span class='ocrx_word' id='word_1_608' title='bbox 1196 4633 1390 4692; x_wconf 82' lang='grc' dir='ltr'>ὁδεύων</span> <span class='ocrx_word' id='word_1_609' title='bbox 1458 4634 1585 4703; x_wconf 77' lang='grc' dir='ltr'>ἦλθε</span> <span class='ocrx_word' id='word_1_610' title='bbox 1627 4631 1746 4692; x_wconf 84' lang='grc' dir='ltr'>κατ’</span> <span class='ocrx_word' id='word_1_611' title='bbox 1804 4635 1896 4690; x_wconf 71' lang='grc' dir='ltr'><strong>αὑ-</strong></span> 
     </span>
    </p>
   </div>
   <div class='ocr_carea' id='block_1_79' title="bbox 242 4723 1899 4809">
    <p class='ocr_par' dir='ltr' id='par_1_79' title="bbox 242 4723 1899 4809">
     <span class='ocr_line' id='line_1_79' title="bbox 242 4723 1899 4809; baseline -0.003 -25"><span class='ocrx_word' id='word_1_612' title='bbox 242 4730 358 4809; x_wconf 77' lang='grc' dir='ltr'>τὸν,</span> <span class='ocrx_word' id='word_1_613' title='bbox 410 4729 498 4785; x_wconf 81' lang='grc' dir='ltr'><strong>καὶ</strong></span> <span class='ocrx_word' id='word_1_614' title='bbox 553 4726 677 4784; x_wconf 79' lang='grc' dir='ltr'>ἰδὼν</span> <span class='ocrx_word' id='word_1_615' title='bbox 735 4724 1163 4805; x_wconf 77' lang='grc' dir='ltr'>ἐσπλαγχνίσθη,</span> <span class='ocrx_word' id='word_1_616' title='bbox 1231 4727 1320 4782; x_wconf 89' lang='grc' dir='ltr'>καὶ</span> <span class='ocrx_word' id='word_1_617' title='bbox 1375 4723 1676 4804; x_wconf 79' lang='grc' dir='ltr'>προσελθὼν</span> <span class='ocrx_word' id='word_1_618' title='bbox 1732 4723 1899 4780; x_wconf 77' lang='grc' dir='ltr'>κατέ-</span> 
     </span>
    </p>
   </div>
   <div class='ocr_carea' id='block_1_80' title="bbox 245 4813 1898 4894">
    <p class='ocr_par' dir='ltr' id='par_1_80' title="bbox 245 4813 1898 4894">
     <span class='ocr_line' id='line_1_80' title="bbox 245 4813 1898 4894; baseline -0.002 -22"><span class='ocrx_word' id='word_1_619' title='bbox 245 4815 373 4885; x_wconf 85' lang='grc' dir='ltr'>δησε</span> <span class='ocrx_word' id='word_1_620' title='bbox 416 4818 483 4874; x_wconf 70' lang='grc' dir='ltr'><strong>τὰ</strong></span> <span class='ocrx_word' id='word_1_621' title='bbox 541 4816 815 4894; x_wconf 86' lang='grc' dir='ltr'>τραύματα</span> <span class='ocrx_word' id='word_1_622' title='bbox 854 4816 1034 4892; x_wconf 78' lang='grc' dir='ltr'>αὑτοῦ,</span> <span class='ocrx_word' id='word_1_623' title='bbox 1088 4813 1328 4894; x_wconf 69' lang='grc' dir='ltr'>ἓπιχὲων</span> <span class='ocrx_word' id='word_1_624' title='bbox 1361 4813 1536 4871; x_wconf 78' lang='grc' dir='ltr'>ἔλαιον</span> <span class='ocrx_word' id='word_1_625' title='bbox 1582 4815 1669 4869; x_wconf 81' lang='grc' dir='ltr'><strong>καὶ</strong></span> <span class='ocrx_word' id='word_1_626' title='bbox 1723 4813 1898 4869; x_wconf 75' lang='grc' dir='ltr'>οἶνον.</span> 
     </span>
    </p>
   </div>
   <div class='ocr_carea' id='block_1_81' title="bbox 245 4901 1898 4981">
    <p class='ocr_par' dir='ltr' id='par_1_81' title="bbox 245 4901 1898 4981">
     <span class='ocr_line' id='line_1_81' title="bbox 245 4901 1898 4981; baseline -0.005 -16"><span class='ocrx_word' id='word_1_627' title='bbox 245 4905 536 4972; x_wconf 73' lang='grc' dir='ltr'>Ἐπιϐάσας</span> <span class='ocrx_word' id='word_1_628' title='bbox 594 4904 648 4961; x_wconf 77' lang='grc' dir='ltr'>δὲ</span> <span class='ocrx_word' id='word_1_629' title='bbox 735 4906 891 4964; x_wconf 71' lang='grc' dir='ltr'>αὒτὸν</span> <span class='ocrx_word' id='word_1_630' title='bbox 947 4903 1034 4961; x_wconf 77' lang='grc' dir='ltr'><strong>ἐπὶ</strong></span> <span class='ocrx_word' id='word_1_631' title='bbox 1115 4907 1178 4961; x_wconf 81' lang='grc' dir='ltr'><strong>τὸ</strong></span> <span class='ocrx_word' id='word_1_632' title='bbox 1237 4903 1380 4961; x_wconf 74' lang='grc' dir='ltr'>ἴδιον</span> <span class='ocrx_word' id='word_1_633' title='bbox 1423 4906 1638 4978; x_wconf 73' lang='grc' dir='ltr'>κτῆνος,</span> <span class='ocrx_word' id='word_1_634' title='bbox 1698 4901 1898 4981; x_wconf 59' lang='grc' dir='ltr'>ἤγαγεν</span> 
     </span>
    </p>
   </div>
   <div class='ocr_carea' id='block_1_82' title="bbox 247 4993 1899 5075">
    <p class='ocr_par' dir='ltr' id='par_1_82' title="bbox 247 4993 1899 5075">
     <span class='ocr_line' id='line_1_82' title="bbox 247 4993 1899 5075; baseline -0.003 -23"><span class='ocrx_word' id='word_1_635' title='bbox 247 4997 402 5053; x_wconf 74' lang='grc' dir='ltr'>αὒτὸν</span> <span class='ocrx_word' id='word_1_636' title='bbox 462 5000 533 5060; x_wconf 79' lang='grc' dir='ltr'>εἰς</span> <span class='ocrx_word' id='word_1_637' title='bbox 578 4993 931 5075; x_wconf 75' lang='grc' dir='ltr'>πανδοχεῖον,</span> <span class='ocrx_word' id='word_1_638' title='bbox 984 4995 1074 5050; x_wconf 81' lang='grc' dir='ltr'><strong>καὶ</strong></span> <span class='ocrx_word' id='word_1_639' title='bbox 1116 4994 1424 5070; x_wconf 74' lang='grc' dir='ltr'>ἐπεμελάοη</span> <span class='ocrx_word' id='word_1_640' title='bbox 1456 4995 1635 5054; x_wconf 67' lang='grc' dir='ltr'>αὑτοῦ.</span> <span class='ocrx_word' id='word_1_641' title='bbox 1674 4994 1770 5050; x_wconf 80' lang='grc' dir='ltr'>Καὶ</span> <span class='ocrx_word' id='word_1_642' title='bbox 1813 4993 1899 5048; x_wconf 81' lang='grc' dir='ltr'>ἐπὶ</span> 
     </span>
    </p>
   </div>
   <div class='ocr_carea' id='block_1_83' title="bbox 245 5080 1897 5165">
    <p class='ocr_par' dir='ltr' id='par_1_83' title="bbox 245 5080 1897 5165">
     <span class='ocr_line' id='line_1_83' title="bbox 245 5080 1897 5165; baseline -0.003 -23"><span class='ocrx_word' id='word_1_643' title='bbox 245 5087 345 5154; x_wconf 63' lang='grc' dir='ltr'>τὴν</span> <span class='ocrx_word' id='word_1_644' title='bbox 396 5086 570 5165; x_wconf 74' lang='grc' dir='ltr'>αὔριον</span> <span class='ocrx_word' id='word_1_645' title='bbox 617 5083 860 5157; x_wconf 73' lang='grc' dir='ltr'>ἐξελθὼν,</span> <span class='ocrx_word' id='word_1_646' title='bbox 908 5080 1148 5140; x_wconf 69' lang='grc' dir='ltr'>ἐκϐαλὼν</span> <span class='ocrx_word' id='word_1_647' title='bbox 1195 5081 1284 5138; x_wconf 85' lang='grc' dir='ltr'><strong>δύο</strong></span> <span class='ocrx_word' id='word_1_648' title='bbox 1326 5080 1546 5152; x_wconf 83' lang='grc' dir='ltr'>δηνάρια</span> <span class='ocrx_word' id='word_1_649' title='bbox 1601 5081 1763 5138; x_wconf 74' lang='grc' dir='ltr'>ἔδωκε</span> <span class='ocrx_word' id='word_1_650' title='bbox 1820 5087 1897 5155; x_wconf 81' lang='grc' dir='ltr'>τῷ</span> 
     </span>
    </p>
   </div>
   <div class='ocr_carea' id='block_1_84' title="bbox 246 5169 1894 5255">
    <p class='ocr_par' dir='ltr' id='par_1_84' title="bbox 246 5169 1894 5255">
     <span class='ocr_line' id='line_1_84' title="bbox 246 5169 1894 5255; baseline -0.003 -23"><span class='ocrx_word' id='word_1_651' title='bbox 246 5174 535 5255; x_wconf 85' lang='grc' dir='ltr'>πανδοχεῖ,</span> <span class='ocrx_word' id='word_1_652' title='bbox 593 5175 682 5230; x_wconf 81' lang='grc' dir='ltr'><strong>καὶ</strong></span> <span class='ocrx_word' id='word_1_653' title='bbox 741 5176 893 5229; x_wconf 84' lang='grc' dir='ltr'>εἶπεν</span> <span class='ocrx_word' id='word_1_654' title='bbox 951 5173 1092 5246; x_wconf 75' lang='grc' dir='ltr'><strong>αὒτῷ</strong></span> <span class='ocrx_word' id='word_1_655' title='bbox 1123 5189 1138 5204; x_wconf 75' lang='grc'><strong><em>⁸</em></strong></span> <span class='ocrx_word' id='word_1_656' title='bbox 1195 5169 1582 5248; x_wconf 76' lang='grc' dir='ltr'>Ἐπιμελήθητι</span> <span class='ocrx_word' id='word_1_657' title='bbox 1613 5173 1768 5228; x_wconf 76' lang='grc' dir='ltr'><strong>αὒτοῦ</strong></span> <span class='ocrx_word' id='word_1_658' title='bbox 1808 5173 1894 5227; x_wconf 85' lang='grc' dir='ltr'><strong>καὶ</strong></span> 
     </span>
    </p>
   </div>
   <div class='ocr_carea' id='block_1_85' title="bbox 245 5259 1896 5343">
    <p class='ocr_par' dir='ltr' id='par_1_85' title="bbox 245 5259 1896 5343">
     <span class='ocr_line' id='line_1_85' title="bbox 245 5259 1896 5343; baseline -0.004 -21"><span class='ocrx_word' id='word_1_659' title='bbox 245 5265 278 5322; x_wconf 79' lang='grc' dir='ltr'>ὅ</span> <span class='ocrx_word' id='word_1_660' title='bbox 329 5287 379 5321; x_wconf 82' lang='grc' dir='ltr'><strong>τι</strong></span> <span class='ocrx_word' id='word_1_661' title='bbox 439 5263 501 5320; x_wconf 82' lang='grc' dir='ltr'><strong>ἃν</strong></span> <span class='ocrx_word' id='word_1_662' title='bbox 556 5260 1026 5343; x_wconf 64' lang='grc' dir='ltr'>προσδαπανήσῃς,</span> <span class='ocrx_word' id='word_1_663' title='bbox 1094 5261 1200 5340; x_wconf 79' lang='grc' dir='ltr'><strong>ἐγὼ</strong></span> <span class='ocrx_word' id='word_1_664' title='bbox 1256 5259 1310 5316; x_wconf 72' lang='grc' dir='ltr'>ἐν</span> <span class='ocrx_word' id='word_1_665' title='bbox 1377 5265 1452 5334; x_wconf 72' lang='grc' dir='ltr'><strong>τῷ</strong></span> <span class='ocrx_word' id='word_1_666' title='bbox 1513 5260 1896 5340; x_wconf 80' lang='grc' dir='ltr'>ἐπανέρχεσθαί</span> 
     </span>
    </p>
   </div>
   <div class='ocr_carea' id='block_1_86' title="bbox 245 5347 1894 5430">
    <p class='ocr_par' dir='ltr' id='par_1_86' title="bbox 245 5347 1894 5430">
     <span class='ocr_line' id='line_1_86' title="bbox 245 5347 1894 5430; baseline -0.001 -21"><span class='ocrx_word' id='word_1_667' title='bbox 245 5375 335 5430; x_wconf 81' lang='grc' dir='ltr'><strong>με,</strong></span> <span class='ocrx_word' id='word_1_668' title='bbox 395 5351 658 5410; x_wconf 76' lang='grc' dir='ltr'>ἀποδώσω</span> <span class='ocrx_word' id='word_1_669' title='bbox 716 5374 819 5409; x_wconf 89' lang='grc' dir='ltr'>σοι,</span> <span class='ocrx_word' id='word_1_670' title='bbox 856 5351 944 5414; x_wconf 86' lang='grc' dir='ltr'><strong>Τίς</strong></span> <span class='ocrx_word' id='word_1_671' title='bbox 989 5349 1078 5407; x_wconf 78' lang='grc' dir='ltr'>οὖν</span> <span class='ocrx_word' id='word_1_672' title='bbox 1125 5358 1233 5406; x_wconf 82' lang='grc' dir='ltr'>τών</span> <span class='ocrx_word' id='word_1_673' title='bbox 1279 5355 1439 5428; x_wconf 86' lang='grc' dir='ltr'>τριῶν</span> <span class='ocrx_word' id='word_1_674' title='bbox 1471 5348 1696 5416; x_wconf 88' lang='grc' dir='ltr'>πλησίον</span> <span class='ocrx_word' id='word_1_675' title='bbox 1745 5347 1894 5407; x_wconf 76' lang='grc' dir='ltr'>δοκεῖ</span> 
     </span>
    </p>
   </div>
   <div class='ocr_carea' id='block_1_87' title="bbox 241 5431 1890 5522">
    <p class='ocr_par' dir='ltr' id='par_1_87' title="bbox 241 5431 1890 5522">
     <span class='ocr_line' id='line_1_87' title="bbox 241 5431 1890 5522; baseline -0.001 -24"><span class='ocrx_word' id='word_1_676' title='bbox 241 5465 328 5500; x_wconf 87' lang='grc' dir='ltr'><strong>σοι</strong></span> <span class='ocrx_word' id='word_1_677' title='bbox 376 5432 666 5522; x_wconf 28' lang='grc' dir='ltr'>’γεγονέναι</span> <span class='ocrx_word' id='word_1_678' title='bbox 723 5449 818 5499; x_wconf 82' lang='grc' dir='ltr'>τοῦ</span> <span class='ocrx_word' id='word_1_679' title='bbox 869 5439 1190 5516; x_wconf 74' lang='grc' dir='ltr'>ἐμπεσόντος</span> <span class='ocrx_word' id='word_1_680' title='bbox 1249 5441 1321 5502; x_wconf 79' lang='grc' dir='ltr'>εἰς</span> <span class='ocrx_word' id='word_1_681' title='bbox 1370 5440 1491 5505; x_wconf 83' lang='grc' dir='ltr'>τοὺς</span> <span class='ocrx_word' id='word_1_682' title='bbox 1544 5437 1746 5514; x_wconf 77' lang='grc' dir='ltr'>λῃστάς</span> <span class='ocrx_word' id='word_1_683' title='bbox 1782 5459 1798 5513; x_wconf 86' lang='lat'><strong>;</strong></span> <span class='ocrx_word' id='word_1_684' title='bbox 1833 5431 1890 5496; x_wconf 66' lang='grc' dir='ltr'><strong>Ὀ</strong></span> 
     </span>
    </p>
   </div>
   <div class='ocr_carea' id='block_1_88' title="bbox 322 5607 1877 5694">
    <p class='ocr_par' dir='ltr' id='par_1_88' title="bbox 322 5607 1877 5694">
     <span class='ocr_line' id='line_1_88' title="bbox 322 5607 1877 5694; baseline -0.003 -20"><span class='ocrx_word' id='word_1_685' title='bbox 322 5611 404 5694; x_wconf 86' lang='lat' dir='ltr'><strong>(a)</strong></span> <span class='ocrx_word' id='word_1_686' title='bbox 438 5609 594 5675; x_wconf 84' lang='lat' dir='ltr'><strong>Edit.</strong></span> <span class='ocrx_word' id='word_1_687' title='bbox 631 5612 741 5674; x_wconf 87' lang='lat' dir='ltr'><strong>Lut</strong></span> <span class='ocrx_word' id='word_1_688' title='bbox 792 5625 912 5671; x_wconf 88' lang='lat' dir='ltr'><strong>non</strong></span> <span class='ocrx_word' id='word_1_689' title='bbox 946 5608 1146 5685; x_wconf 78' lang='lat' dir='ltr'><strong>habet,</strong></span> <span class='ocrx_word' id='word_1_690' title='bbox 1179 5624 1250 5672; x_wconf 85' lang='lat' dir='ltr'><strong>ac</strong></span> <span class='ocrx_word' id='word_1_691' title='bbox 1280 5608 1484 5689; x_wconf 76' lang='lat' dir='ltr'><strong>gignit</strong></span> <span class='ocrx_word' id='word_1_692' title='bbox 1511 5607 1632 5670; x_wconf 70' lang='lat' dir='ltr'><strong>sibi</strong></span> <span class='ocrx_word' id='word_1_693' title='bbox 1657 5607 1877 5670; x_wconf 69' lang='lat' dir='ltr'><strong>simile.</strong></span> 
     </span>
    </p>
   </div>
   <div class='ocr_carea' id='block_1_89' title="bbox 1987 3117 3632 3204">
    <p class='ocr_par' dir='ltr' id='par_1_89' title="bbox 1987 3117 3632 3204">
     <span class='ocr_line' id='line_1_89' title="bbox 1987 3117 3632 3204; baseline 0.007 -25"><span class='ocrx_word' id='word_1_694' title='bbox 1987 3121 2202 3180; x_wconf 90' lang='lat' dir='ltr'><strong>docere</strong></span> <span class='ocrx_word' id='word_1_695' title='bbox 2221 3117 2292 3178; x_wconf 90' lang='lat' dir='ltr'><strong>ob</strong></span> <span class='ocrx_word' id='word_1_696' title='bbox 2315 3119 2654 3180; x_wconf 85' lang='lat' dir='ltr'><strong>auditorum</strong></span> <span class='ocrx_word' id='word_1_697' title='bbox 2691 3121 3115 3204; x_wconf 70' lang='lat' dir='ltr'><strong>puerilitatem,</strong></span> <span class='ocrx_word' id='word_1_698' title='bbox 3148 3147 3157 3200; x_wconf 76' lang='grc' dir='ltr'><strong>ι</strong></span> <span class='ocrx_word' id='word_1_699' title='bbox 3187 3117 3479 3189; x_wconf 70' lang='grc' dir='ltr'>Γοαίιιιυῐη</span> <span class='ocrx_word' id='word_1_700' title='bbox 3503 3129 3632 3190; x_wconf 84' lang='lat' dir='ltr'><strong>dili-</strong></span> 
     </span>
    </p>
   </div>
   <div class='ocr_carea' id='block_1_90' title="bbox 1987 3208 3630 3298">
    <p class='ocr_par' dir='ltr' id='par_1_90' title="bbox 1987 3208 3630 3298">
     <span class='ocr_line' id='line_1_90' title="bbox 1987 3208 3630 3298; baseline 0.007 -30"><span class='ocrx_word' id='word_1_701' title='bbox 1987 3227 2128 3287; x_wconf 88' lang='lat' dir='ltr'><strong>gere</strong></span> <span class='ocrx_word' id='word_1_702' title='bbox 2161 3208 2429 3298; x_wconf 86' lang='lat' dir='ltr'><strong>hortatur</strong></span> <span class='ocrx_word' id='word_1_703' title='bbox 2459 3217 2523 3270; x_wconf 93' lang='lat' dir='ltr'><strong>ut</strong></span> <span class='ocrx_word' id='word_1_704' title='bbox 2551 3211 2836 3289; x_wconf 89' lang='lat' dir='ltr'><strong>seipsum.</strong></span> <span class='ocrx_word' id='word_1_705' title='bbox 2873 3212 3140 3274; x_wconf 80' lang='lat' dir='ltr'><strong>Christus</strong></span> <span class='ocrx_word' id='word_1_706' title='bbox 3157 3225 3352 3276; x_wconf 88' lang='lat' dir='ltr'><strong>autem</strong></span> <span class='ocrx_word' id='word_1_707' title='bbox 3398 3227 3456 3280; x_wconf 84' lang='lat' dir='ltr'><strong>et</strong></span> <span class='ocrx_word' id='word_1_708' title='bbox 3497 3218 3630 3298; x_wconf 90' lang='lat' dir='ltr'><strong>plu-</strong></span> 
     </span>
    </p>
   </div>
   <div class='ocr_carea' id='block_1_91' title="bbox 1987 3297 3630 3385">
    <p class='ocr_par' dir='ltr' id='par_1_91' title="bbox 1987 3297 3630 3385">
     <span class='ocr_line' id='line_1_91' title="bbox 1987 3297 3630 3385; baseline 0.008 -28"><span class='ocrx_word' id='word_1_709' title='bbox 1987 3315 2192 3377; x_wconf 89' lang='lat' dir='ltr'><strong>squam</strong></span> <span class='ocrx_word' id='word_1_710' title='bbox 2218 3297 2480 3376; x_wconf 88' lang='lat' dir='ltr'><strong>seipsum</strong></span> <span class='ocrx_word' id='word_1_711' title='bbox 2495 3297 2741 3376; x_wconf 86' lang='lat' dir='ltr'><strong>diligere</strong></span> <span class='ocrx_word' id='word_1_712' title='bbox 2770 3321 2783 3370; x_wconf 78' lang='grc' dir='ltr'><strong>ι</strong></span> <span class='ocrx_word' id='word_1_713' title='bbox 2807 3301 3037 3362; x_wconf 84' lang='lat' dir='ltr'><strong>roximu</strong></span> <span class='ocrx_word' id='word_1_714' title='bbox 3055 3320 3099 3364; x_wconf 90' lang='lat' dir='ltr'><strong>tn</strong></span> <span class='ocrx_word' id='word_1_715' title='bbox 3121 3297 3630 3385; x_wconf 85' lang='lat' dir='ltr'><strong>docuit.Majorem</strong></span> 
     </span>
    </p>
   </div>
   <div class='ocr_carea' id='block_1_92' title="bbox 1988 3386 3632 3478">
    <p class='ocr_par' dir='ltr' id='par_1_92' title="bbox 1988 3386 3632 3478">
     <span class='ocr_line' id='line_1_92' title="bbox 1988 3386 3632 3478; baseline 0.007 -30"><span class='ocrx_word' id='word_1_716' title='bbox 1988 3386 2146 3448; x_wconf 88' lang='lat' dir='ltr'><strong>enim</strong></span> <span class='ocrx_word' id='word_1_717' title='bbox 2181 3387 2289 3447; x_wconf 88' lang='lat' dir='ltr'><strong>hac</strong></span> <span class='ocrx_word' id='word_1_718' title='bbox 2324 3387 2723 3478; x_wconf 82' lang='lat' dir='ltr'><strong>dilectionem.</strong></span> <span class='ocrx_word' id='word_1_719' title='bbox 2757 3389 2968 3470; x_wconf 88' lang='lat' dir='ltr'><strong>inquit,</strong></span> <span class='ocrx_word' id='word_1_720' title='bbox 3003 3411 3179 3453; x_wconf 88' lang='lat' dir='ltr'><strong>nemo</strong></span> <span class='ocrx_word' id='word_1_721' title='bbox 3204 3395 3488 3458; x_wconf 82' lang='lat' dir='ltr'><strong>exhibere</strong></span> <span class='ocrx_word' id='word_1_722' title='bbox 3521 3417 3632 3478; x_wconf 86' lang='lat' dir='ltr'><strong>po-</strong></span> 
     </span>
    </p>
   </div>
   <div class='ocr_carea' id='block_1_93' title="bbox 1987 3477 3633 3563">
    <p class='ocr_par' dir='ltr' id='par_1_93' title="bbox 1987 3477 3633 3563">
     <span class='ocr_line' id='line_1_93' title="bbox 1987 3477 3633 3563; baseline 0.008 -27"><span class='ocrx_word' id='word_1_723' title='bbox 1987 3484 2120 3549; x_wconf 90' lang='lat' dir='ltr'><strong>test,</strong></span> <span class='ocrx_word' id='word_1_724' title='bbox 2153 3495 2329 3554; x_wconf 85' lang='lat' dir='ltr'><strong>quam</strong></span> <span class='ocrx_word' id='word_1_725' title='bbox 2363 3485 2427 3535; x_wconf 90' lang='lat' dir='ltr'><strong>ut</strong></span> <span class='ocrx_word' id='word_1_726' title='bbox 2454 3477 2711 3537; x_wconf 69' lang='lat' dir='ltr'><strong>animam</strong></span> <span class='ocrx_word' id='word_1_727' title='bbox 2739 3497 2903 3539; x_wconf 89' lang='lat' dir='ltr'><strong>suam</strong></span> <span class='ocrx_word' id='word_1_728' title='bbox 2931 3490 3106 3559; x_wconf 87' lang='lat' dir='ltr'><strong>ponat</strong></span> <span class='ocrx_word' id='word_1_729' title='bbox 3134 3485 3264 3562; x_wconf 91' lang='lat' dir='ltr'><strong>quis</strong></span> <span class='ocrx_word' id='word_1_730' title='bbox 3298 3504 3402 3563; x_wconf 89' lang='lat' dir='ltr'><strong>pro</strong></span> <span class='ocrx_word' id='word_1_731' title='bbox 3424 3477 3633 3549; x_wconf 88' lang='lat' dir='ltr'><strong>amicis</strong></span> 
     </span>
    </p>
   </div>
   <div class='ocr_carea' id='block_1_94' title="bbox 1984 3564 3631 3655">
    <p class='ocr_par' dir='ltr' id='par_1_94' title="bbox 1984 3564 3631 3655">
     <span class='ocr_line' id='line_1_94' title="bbox 1984 3564 3631 3655; baseline 0.009 -32"><span class='ocrx_word' id='word_1_732' title='bbox 1984 3566 2128 3655; x_wconf 82' lang='lat' dir='ltr'><strong>suis.</strong></span> <span class='ocrx_word' id='word_1_733' title='bbox 2167 3564 2318 3655; x_wconf 83' lang='lat' dir='ltr'><strong>Dicit</strong></span> <span class='ocrx_word' id='word_1_734' title='bbox 2365 3565 2543 3655; x_wconf 79' lang='lat' dir='ltr'><strong>igitur</strong></span> <span class='ocrx_word' id='word_1_735' title='bbox 2577 3567 2647 3655; x_wconf 88' lang='lat' dir='ltr'><strong>ad</strong></span> <span class='ocrx_word' id='word_1_736' title='bbox 2685 3567 3113 3646; x_wconf 80' lang='lat' dir='ltr'><strong>legisperitnm,</strong></span> <span class='ocrx_word' id='word_1_737' title='bbox 3147 3571 3326 3633; x_wconf 71' lang='lat' dir='ltr'><strong>ltvcte</strong></span> <span class='ocrx_word' id='word_1_738' title='bbox 3377 3593 3631 3655; x_wconf 86' lang='lat' dir='ltr'><strong>respon—</strong></span> 
     </span>
    </p>
   </div>
   <div class='ocr_carea' id='block_1_95' title="bbox 1984 3653 3632 3744">
    <p class='ocr_par' dir='ltr' id='par_1_95' title="bbox 1984 3653 3632 3744">
     <span class='ocr_line' id='line_1_95' title="bbox 1984 3653 3632 3744; baseline 0.01 -34"><span class='ocrx_word' id='word_1_739' title='bbox 1984 3653 2144 3714; x_wconf 80' lang='lat' dir='ltr'><strong>disti.</strong></span> <span class='ocrx_word' id='word_1_740' title='bbox 2184 3653 2328 3725; x_wconf 84' lang='lat' dir='ltr'><strong>Quia</strong></span> <span class='ocrx_word' id='word_1_741' title='bbox 2354 3653 2762 3744; x_wconf 76' lang='lat' dir='ltr'><strong>enint,_dieere</strong></span> <span class='ocrx_word' id='word_1_742' title='bbox 2789 3657 2939 3744; x_wconf 76' lang='lat' dir='ltr'><strong>vult,</strong></span> <span class='ocrx_word' id='word_1_743' title='bbox 2975 3658 3088 3736; x_wconf 81' lang='lat' dir='ltr'><strong>legi</strong></span> <span class='ocrx_word' id='word_1_744' title='bbox 3121 3653 3632 3744; x_wconf 80' lang='lat' dir='ltr'><strong>adhucsubjectus</strong></span> 
     </span>
    </p>
   </div>
   <div class='ocr_carea' id='block_1_96' title="bbox 1984 3735 3506 3822">
    <p class='ocr_par' dir='ltr' id='par_1_96' title="bbox 1984 3735 3506 3822">
     <span class='ocr_line' id='line_1_96' title="bbox 1984 3735 3506 3822; baseline 0.009 -28"><span class='ocrx_word' id='word_1_745' title='bbox 1984 3753 2068 3805; x_wconf 83' lang='lat' dir='ltr'><strong>es,</strong></span> <span class='ocrx_word' id='word_1_746' title='bbox 2102 3745 2266 3822; x_wconf 83' lang='lat' dir='ltr'><strong>recte</strong></span> <span class='ocrx_word' id='word_1_747' title='bbox 2290 3735 2685 3815; x_wconf 88' lang='lat' dir='ltr'><strong>respondisti;</strong></span> <span class='ocrx_word' id='word_1_748' title='bbox 2714 3737 2880 3814; x_wconf 83' lang='lat' dir='ltr'><strong>juxta</strong></span> <span class='ocrx_word' id='word_1_749' title='bbox 2913 3735 3104 3816; x_wconf 82' lang='lat' dir='ltr'><strong>legem</strong></span> <span class='ocrx_word' id='word_1_750' title='bbox 3143 3741 3298 3801; x_wconf 90' lang='lat' dir='ltr'><strong>enim</strong></span> <span class='ocrx_word' id='word_1_751' title='bbox 3328 3735 3506 3822; x_wconf 77' lang='lat' dir='ltr'><strong>sapis.</strong></span> 
     </span>
    </p>
   </div>
   <div class='ocr_carea' id='block_1_97' title="bbox 2065 3821 3630 3908">
    <p class='ocr_par' dir='ltr' id='par_1_97' title="bbox 2065 3821 3630 3908">
     <span class='ocr_line' id='line_1_97' title="bbox 2065 3821 3630 3908; baseline 0.007 -25"><span class='ocrx_word' id='word_1_752' title='bbox 2065 3821 2246 3886; x_wconf 69' lang='lat' dir='ltr'><strong>Vens.</strong></span> <span class='ocrx_word' id='word_1_753' title='bbox 2275 3825 2479 3886; x_wconf 57' lang='lat'><strong>99-37.</strong></span> <span class='ocrx_word' id='word_1_754' title='bbox 2517 3851 2540 3879; x_wconf 76' lang='grc' dir='ltr'><strong>ιι</strong></span> <span class='ocrx_word' id='word_1_755' title='bbox 2581 3823 2904 3886; x_wconf 82' lang='lat' dir='ltr'><strong>[lleautem</strong></span> <span class='ocrx_word' id='word_1_756' title='bbox 2929 3821 3486 3908; x_wconf 84' lang='lat' dir='ltr'><strong>volensjustiﬁcare</strong></span> <span class='ocrx_word' id='word_1_757' title='bbox 3508 3835 3630 3894; x_wconf 72' lang='lat' dir='ltr'><strong>Sei-</strong></span> 
     </span>
    </p>
   </div>
   <div class='ocr_carea' id='block_1_98' title="bbox 1984 3912 3629 3999">
    <p class='ocr_par' dir='ltr' id='par_1_98' title="bbox 1984 3912 3629 3999">
     <span class='ocr_line' id='line_1_98' title="bbox 1984 3912 3629 3999; baseline 0.007 -26"><span class='ocrx_word' id='word_1_758' title='bbox 1984 3912 2504 3992; x_wconf 85' lang='lat' dir='ltr'><strong>seipsum,dixitad</strong></span> <span class='ocrx_word' id='word_1_759' title='bbox 2522 3916 2745 3974; x_wconf 88' lang='lat' dir='ltr'><strong>Jesum:</strong></span> <span class='ocrx_word' id='word_1_760' title='bbox 2770 3915 2837 3975; x_wconf 87' lang='lat' dir='ltr'><strong>Et</strong></span> <span class='ocrx_word' id='word_1_761' title='bbox 2853 3916 2983 3995; x_wconf 90' lang='lat' dir='ltr'><strong>quis</strong></span> <span class='ocrx_word' id='word_1_762' title='bbox 3002 3929 3090 3978; x_wconf 89' lang='lat' dir='ltr'><strong>est</strong></span> <span class='ocrx_word' id='word_1_763' title='bbox 3109 3937 3272 3980; x_wconf 91' lang='lat' dir='ltr'><strong>meus</strong></span> <span class='ocrx_word' id='word_1_764' title='bbox 3292 3922 3629 3999; x_wconf 84' lang='lat' dir='ltr'><strong>proximus?</strong></span> 
     </span>
    </p>
   </div>
   <div class='ocr_carea' id='block_1_99' title="bbox 1985 4001 3629 4089">
    <p class='ocr_par' dir='ltr' id='par_1_99' title="bbox 1985 4001 3629 4089">
     <span class='ocr_line' id='line_1_99' title="bbox 1985 4001 3629 4089; baseline 0.007 -27"><span class='ocrx_word' id='word_1_765' title='bbox 1985 4001 2377 4082; x_wconf 83' lang='lat' dir='ltr'><strong>Respoudcns</strong></span> <span class='ocrx_word' id='word_1_766' title='bbox 2397 4013 2592 4065; x_wconf 89' lang='lat' dir='ltr'><strong>autem</strong></span> <span class='ocrx_word' id='word_1_767' title='bbox 2622 4005 2991 4084; x_wconf 81' lang='lat' dir='ltr'><strong>.lesus,dixit:</strong></span> <span class='ocrx_word' id='word_1_768' title='bbox 3025 4006 3210 4068; x_wconf 85' lang='lat' dir='ltr'><strong>Homo</strong></span> <span class='ocrx_word' id='word_1_769' title='bbox 3236 4011 3473 4089; x_wconf 90' lang='lat' dir='ltr'><strong>quidam</strong></span> <span class='ocrx_word' id='word_1_770' title='bbox 3499 4012 3629 4073; x_wconf 83' lang='lat' dir='ltr'><strong>des-</strong></span> 
     </span>
    </p>
   </div>
   <div class='ocr_carea' id='block_1_100' title="bbox 1985 4090 3630 4173">
    <p class='ocr_par' dir='ltr' id='par_1_100' title="bbox 1985 4090 3630 4173">
     <span class='ocr_line' id='line_1_100' title="bbox 1985 4090 3630 4173; baseline 0.007 -22"><span class='ocrx_word' id='word_1_771' title='bbox 1985 4090 2275 4151; x_wconf 88' lang='lat' dir='ltr'><strong>cendebat</strong></span> <span class='ocrx_word' id='word_1_772' title='bbox 2304 4092 2376 4152; x_wconf 90' lang='lat' dir='ltr'><strong>ab</strong></span> <span class='ocrx_word' id='word_1_773' title='bbox 2410 4091 2832 4173; x_wconf 77' lang='lat' dir='ltr'><strong>Hierosolymis</strong></span> <span class='ocrx_word' id='word_1_774' title='bbox 2881 4095 2937 4154; x_wconf 92' lang='lat' dir='ltr'><strong>in</strong></span> <span class='ocrx_word' id='word_1_775' title='bbox 2994 4094 3298 4167; x_wconf 78' lang='lat' dir='ltr'><strong>Hiericho,</strong></span> <span class='ocrx_word' id='word_1_776' title='bbox 3335 4109 3392 4158; x_wconf 86' lang='lat' dir='ltr'><strong>et</strong></span> <span class='ocrx_word' id='word_1_777' title='bbox 3422 4101 3630 4164; x_wconf 80' lang='lat' dir='ltr'><strong>incidit</strong></span> 
     </span>
    </p>
   </div>
   <div class='ocr_carea' id='block_1_101' title="bbox 1985 4180 3626 4272">
    <p class='ocr_par' dir='ltr' id='par_1_101' title="bbox 1985 4180 3626 4272">
     <span class='ocr_line' id='line_1_101' title="bbox 1985 4180 3626 4272; baseline 0.008 -33"><span class='ocrx_word' id='word_1_778' title='bbox 1985 4180 2041 4240; x_wconf 93' lang='lat' dir='ltr'><strong>in</strong></span> <span class='ocrx_word' id='word_1_779' title='bbox 2071 4181 2462 4261; x_wconf 86' lang='lat' dir='ltr'><strong>latrones,qui</strong></span> <span class='ocrx_word' id='word_1_780' title='bbox 2483 4182 2658 4242; x_wconf 90' lang='lat' dir='ltr'><strong>etiam</strong></span> <span class='ocrx_word' id='word_1_781' title='bbox 2685 4183 3166 4263; x_wconf 81' lang='lat' dir='ltr'><strong>deSpoliaverunt</strong></span> <span class='ocrx_word' id='word_1_782' title='bbox 3190 4205 3323 4247; x_wconf 92' lang='lat' dir='ltr'><strong>eum</strong></span> <span class='ocrx_word' id='word_1_783' title='bbox 3345 4190 3626 4272; x_wconf 81' lang='lat' dir='ltr'><strong>vestibus,</strong></span> 
     </span>
    </p>
   </div>
   <div class='ocr_carea' id='block_1_102' title="bbox 1981 4269 3631 4342">
    <p class='ocr_par' dir='ltr' id='par_1_102' title="bbox 1981 4269 3631 4342">
     <span class='ocr_line' id='line_1_102' title="bbox 1981 4269 3631 4342; baseline 0.007 -12"><span class='ocrx_word' id='word_1_784' title='bbox 1981 4288 2049 4330; x_wconf 88' lang='lat' dir='ltr'><strong>ac</strong></span> <span class='ocrx_word' id='word_1_785' title='bbox 2081 4271 2421 4330; x_wconf 88' lang='lat' dir='ltr'><strong>vulneribus</strong></span> <span class='ocrx_word' id='word_1_786' title='bbox 2472 4269 2710 4331; x_wconf 80' lang='lat' dir='ltr'><strong>inﬂictis</strong></span> <span class='ocrx_word' id='word_1_787' title='bbox 2751 4271 3023 4333; x_wconf 90' lang='lat' dir='ltr'><strong>abierunt</strong></span> <span class='ocrx_word' id='word_1_788' title='bbox 3075 4275 3458 4339; x_wconf 87' lang='lat' dir='ltr'><strong>semimortuo</strong></span> <span class='ocrx_word' id='word_1_789' title='bbox 3489 4269 3631 4342; x_wconf 74' lang='lat'><strong>549</strong></span> 
     </span>
    </p>
   </div>
   <div class='ocr_carea' id='block_1_103' title="bbox 1922 4334 3629 4443">
    <p class='ocr_par' dir='ltr' id='par_1_103' title="bbox 1922 4334 3629 4443">
     <span class='ocr_line' id='line_1_103' title="bbox 1922 4334 3629 4443; baseline 0.008 -26"><span class='ocrx_word' id='word_1_790' title='bbox 1922 4334 2185 4419; x_wconf 83' lang='lat' dir='ltr'><strong>Drelicto</strong></span> <span class='ocrx_word' id='word_1_791' title='bbox 2244 4359 2473 4420; x_wconf 85' lang='lat' dir='ltr'><strong>Accidit</strong></span> <span class='ocrx_word' id='word_1_792' title='bbox 2503 4370 2697 4420; x_wconf 88' lang='lat' dir='ltr'><strong>autem</strong></span> <span class='ocrx_word' id='word_1_793' title='bbox 2733 4368 2792 4420; x_wconf 90' lang='lat' dir='ltr'><strong>ut</strong></span> <span class='ocrx_word' id='word_1_794' title='bbox 2824 4363 3100 4423; x_wconf 85' lang='lat' dir='ltr'><strong>sacerdos</strong></span> <span class='ocrx_word' id='word_1_795' title='bbox 3119 4364 3357 4443; x_wconf 88' lang='lat' dir='ltr'><strong>quidam</strong></span> <span class='ocrx_word' id='word_1_796' title='bbox 3383 4367 3629 4430; x_wconf 90' lang='lat' dir='ltr'><strong>descen-</strong></span> 
     </span>
    </p>
   </div>
   <div class='ocr_carea' id='block_1_104' title="bbox 1982 4447 3631 4531">
    <p class='ocr_par' dir='ltr' id='par_1_104' title="bbox 1982 4447 3631 4531">
     <span class='ocr_line' id='line_1_104' title="bbox 1982 4447 3631 4531; baseline 0.007 -23"><span class='ocrx_word' id='word_1_797' title='bbox 1982 4447 2150 4508; x_wconf 87' lang='lat' dir='ltr'><strong>deret</strong></span> <span class='ocrx_word' id='word_1_798' title='bbox 2178 4449 2385 4510; x_wconf 79' lang='lat' dir='ltr'><strong>eadem</strong></span> <span class='ocrx_word' id='word_1_799' title='bbox 2419 4451 2528 4522; x_wconf 91' lang='lat' dir='ltr'><strong>via,</strong></span> <span class='ocrx_word' id='word_1_800' title='bbox 2564 4450 2806 4529; x_wconf 85' lang='lat' dir='ltr'><strong>visoque</strong></span> <span class='ocrx_word' id='word_1_801' title='bbox 2858 4451 2958 4510; x_wconf 94' lang='lat' dir='ltr'><strong>illo</strong></span> <span class='ocrx_word' id='word_1_802' title='bbox 2995 4455 3298 4531; x_wconf 68' lang='lat' dir='ltr'><strong>praeteriit.</strong></span> <span class='ocrx_word' id='word_1_803' title='bbox 3343 4455 3631 4520; x_wconf 85' lang='lat' dir='ltr'><strong>Similiter</strong></span> 
     </span>
    </p>
   </div>
   <div class='ocr_carea' id='block_1_105' title="bbox 1984 4538 3624 4622">
    <p class='ocr_par' dir='ltr' id='par_1_105' title="bbox 1984 4538 3624 4622">
     <span class='ocr_line' id='line_1_105' title="bbox 1984 4538 3624 4622; baseline 0.006 -24"><span class='ocrx_word' id='word_1_804' title='bbox 1984 4544 2043 4599; x_wconf 87' lang='lat' dir='ltr'><strong>et</strong></span> <span class='ocrx_word' id='word_1_805' title='bbox 2077 4538 2274 4599; x_wconf 84' lang='lat' dir='ltr'><strong>Levita</strong></span> <span class='ocrx_word' id='word_1_806' title='bbox 2304 4557 2436 4598; x_wconf 88' lang='lat' dir='ltr'><strong>cum</strong></span> <span class='ocrx_word' id='word_1_807' title='bbox 2485 4538 2595 4598; x_wconf 79' lang='lat' dir='ltr'><strong>iret</strong></span> <span class='ocrx_word' id='word_1_808' title='bbox 2618 4539 2786 4616; x_wconf 83' lang='lat' dir='ltr'><strong>juxta</strong></span> <span class='ocrx_word' id='word_1_809' title='bbox 2830 4541 3049 4606; x_wconf 82' lang='lat' dir='ltr'><strong>locum,</strong></span> <span class='ocrx_word' id='word_1_810' title='bbox 3093 4559 3160 4602; x_wconf 89' lang='lat' dir='ltr'><strong>ac</strong></span> <span class='ocrx_word' id='word_1_811' title='bbox 3193 4545 3432 4606; x_wconf 80' lang='lat' dir='ltr'><strong>vidisset</strong></span> <span class='ocrx_word' id='word_1_812' title='bbox 3464 4565 3624 4622; x_wconf 88' lang='lat' dir='ltr'><strong>eum,</strong></span> 
     </span>
    </p>
   </div>
   <div class='ocr_carea' id='block_1_106' title="bbox 1986 4628 3625 4710">
    <p class='ocr_par' dir='ltr' id='par_1_106' title="bbox 1986 4628 3625 4710">
     <span class='ocr_line' id='line_1_106' title="bbox 1986 4628 3625 4710; baseline 0.006 -23"><span class='ocrx_word' id='word_1_813' title='bbox 1986 4628 2292 4707; x_wconf 69' lang='lat' dir='ltr'><strong>prazteriit.</strong></span> <span class='ocrx_word' id='word_1_814' title='bbox 2323 4629 2734 4689; x_wconf 71' lang='lat' dir='ltr'><strong>Samaritanus</strong></span> <span class='ocrx_word' id='word_1_815' title='bbox 2758 4638 2950 4689; x_wconf 82' lang='lat' dir='ltr'><strong>autem</strong></span> <span class='ocrx_word' id='word_1_816' title='bbox 2976 4630 3212 4710; x_wconf 87' lang='lat' dir='ltr'><strong>quidam</strong></span> <span class='ocrx_word' id='word_1_817' title='bbox 3245 4633 3356 4694; x_wconf 85' lang='lat' dir='ltr'><strong>iter</strong></span> <span class='ocrx_word' id='word_1_818' title='bbox 3380 4635 3625 4709; x_wconf 82' lang='lat' dir='ltr'><strong>faciens,</strong></span> 
     </span>
    </p>
   </div>
   <div class='ocr_carea' id='block_1_107' title="bbox 1985 4717 3622 4800">
    <p class='ocr_par' dir='ltr' id='par_1_107' title="bbox 1985 4717 3622 4800">
     <span class='ocr_line' id='line_1_107' title="bbox 1985 4717 3622 4800; baseline 0.008 -26"><span class='ocrx_word' id='word_1_819' title='bbox 1985 4718 2142 4779; x_wconf 91' lang='lat' dir='ltr'><strong>venit</strong></span> <span class='ocrx_word' id='word_1_820' title='bbox 2166 4717 2238 4778; x_wconf 89' lang='lat' dir='ltr'><strong>ad</strong></span> <span class='ocrx_word' id='word_1_821' title='bbox 2265 4735 2398 4778; x_wconf 92' lang='lat' dir='ltr'><strong>eum</strong></span> <span class='ocrx_word' id='word_1_822' title='bbox 2427 4739 2439 4780; x_wconf 90' lang='lat'>:</span> <span class='ocrx_word' id='word_1_823' title='bbox 2476 4727 2532 4778; x_wconf 91' lang='lat' dir='ltr'><strong>et</strong></span> <span class='ocrx_word' id='word_1_824' title='bbox 2564 4717 2685 4778; x_wconf 88' lang='lat' dir='ltr'><strong>viso</strong></span> <span class='ocrx_word' id='word_1_825' title='bbox 2719 4739 2810 4790; x_wconf 88' lang='lat' dir='ltr'><strong>eo,</strong></span> <span class='ocrx_word' id='word_1_826' title='bbox 2839 4719 3252 4781; x_wconf 76' lang='lat' dir='ltr'><strong>misericordia</strong></span> <span class='ocrx_word' id='word_1_827' title='bbox 3278 4735 3473 4785; x_wconf 83' lang='lat' dir='ltr'><strong>motus</strong></span> <span class='ocrx_word' id='word_1_828' title='bbox 3507 4735 3622 4800; x_wconf 89' lang='lat' dir='ltr'><strong>est,</strong></span> 
     </span>
    </p>
   </div>
   <div class='ocr_carea' id='block_1_108' title="bbox 1986 4807 3623 4887">
    <p class='ocr_par' dir='ltr' id='par_1_108' title="bbox 1986 4807 3623 4887">
     <span class='ocr_line' id='line_1_108' title="bbox 1986 4807 3623 4887; baseline 0.006 -21"><span class='ocrx_word' id='word_1_829' title='bbox 1986 4815 2044 4866; x_wconf 92' lang='lat' dir='ltr'><strong>et</strong></span> <span class='ocrx_word' id='word_1_830' title='bbox 2063 4807 2356 4868; x_wconf 84' lang='lat' dir='ltr'><strong>accedens</strong></span> <span class='ocrx_word' id='word_1_831' title='bbox 2381 4807 2636 4883; x_wconf 84' lang='lat' dir='ltr'><strong>alligavit</strong></span> <span class='ocrx_word' id='word_1_832' title='bbox 2659 4808 2900 4869; x_wconf 78' lang='lat' dir='ltr'><strong>vulnera</strong></span> <span class='ocrx_word' id='word_1_833' title='bbox 2925 4809 3404 4887; x_wconf 88' lang='lat' dir='ltr'><strong>ejus,iulundens</strong></span> <span class='ocrx_word' id='word_1_834' title='bbox 3427 4813 3623 4876; x_wconf 73' lang='lat' dir='ltr'><strong>oleum</strong></span> 
     </span>
    </p>
   </div>
   <div class='ocr_carea' id='block_1_109' title="bbox 1983 4896 3620 4980">
    <p class='ocr_par' dir='ltr' id='par_1_109' title="bbox 1983 4896 3620 4980">
     <span class='ocr_line' id='line_1_109' title="bbox 1983 4896 3620 4980; baseline 0.004 -23"><span class='ocrx_word' id='word_1_835' title='bbox 1983 4915 2050 4957; x_wconf 91' lang='lat' dir='ltr'><strong>ac</strong></span> <span class='ocrx_word' id='word_1_836' title='bbox 2083 4897 2280 4957; x_wconf 85' lang='lat' dir='ltr'><strong>vinum</strong></span> <span class='ocrx_word' id='word_1_837' title='bbox 2309 4917 2320 4956; x_wconf 93' lang='lat'><strong>:</strong></span> <span class='ocrx_word' id='word_1_838' title='bbox 2359 4906 2416 4957; x_wconf 90' lang='lat' dir='ltr'><strong>et</strong></span> <span class='ocrx_word' id='word_1_839' title='bbox 2446 4896 2761 4976; x_wconf 88' lang='lat' dir='ltr'><strong>imponens</strong></span> <span class='ocrx_word' id='word_1_840' title='bbox 2791 4897 2952 4957; x_wconf 88' lang='lat' dir='ltr'><strong>illum</strong></span> <span class='ocrx_word' id='word_1_841' title='bbox 2979 4897 3227 4960; x_wconf 90' lang='lat' dir='ltr'><strong>insuum</strong></span> <span class='ocrx_word' id='word_1_842' title='bbox 3254 4903 3620 4980; x_wconf 87' lang='lat' dir='ltr'><strong>jumentum,</strong></span> 
     </span>
    </p>
   </div>
   <div class='ocr_carea' id='block_1_110' title="bbox 1983 4987 3623 5070">
    <p class='ocr_par' dir='ltr' id='par_1_110' title="bbox 1983 4987 3623 5070">
     <span class='ocr_line' id='line_1_110' title="bbox 1983 4987 3623 5070; baseline 0.006 -25"><span class='ocrx_word' id='word_1_843' title='bbox 1983 4987 2149 5047; x_wconf 82' lang='lat' dir='ltr'><strong>duxit</strong></span> <span class='ocrx_word' id='word_1_844' title='bbox 2171 4987 2226 5046; x_wconf 92' lang='lat' dir='ltr'><strong>in</strong></span> <span class='ocrx_word' id='word_1_845' title='bbox 2254 4987 2733 5059; x_wconf 81' lang='lat' dir='ltr'><strong>diversorium,et</strong></span> <span class='ocrx_word' id='word_1_846' title='bbox 2752 5006 2953 5048; x_wconf 76' lang='lat' dir='ltr'><strong>curaui</strong></span> <span class='ocrx_word' id='word_1_847' title='bbox 2980 4988 3106 5066; x_wconf 89' lang='lat' dir='ltr'><strong>ejus</strong></span> <span class='ocrx_word' id='word_1_848' title='bbox 3129 4989 3266 5068; x_wconf 85' lang='lat' dir='ltr'><strong>egit.</strong></span> <span class='ocrx_word' id='word_1_849' title='bbox 3292 4993 3359 5051; x_wconf 79' lang='lat' dir='ltr'><strong>Et</strong></span> <span class='ocrx_word' id='word_1_850' title='bbox 3387 5003 3623 5070; x_wconf 90' lang='lat' dir='ltr'><strong>postero</strong></span> 
     </span>
    </p>
   </div>
   <div class='ocr_carea' id='block_1_111' title="bbox 1981 5077 3628 5156">
    <p class='ocr_par' dir='ltr' id='par_1_111' title="bbox 1981 5077 3628 5156">
     <span class='ocr_line' id='line_1_111' title="bbox 1981 5077 3628 5156; baseline 0.005 -20"><span class='ocrx_word' id='word_1_851' title='bbox 1981 5079 2078 5138; x_wconf 85' lang='lat' dir='ltr'><strong>die</strong></span> <span class='ocrx_word' id='word_1_852' title='bbox 2118 5077 2450 5156; x_wconf 85' lang='lat' dir='ltr'><strong>egrediens,</strong></span> <span class='ocrx_word' id='word_1_853' title='bbox 2505 5077 2892 5156; x_wconf 85' lang='lat' dir='ltr'><strong>depromptos</strong></span> <span class='ocrx_word' id='word_1_854' title='bbox 2941 5077 3092 5138; x_wconf 88' lang='lat' dir='ltr'><strong>duos</strong></span> <span class='ocrx_word' id='word_1_855' title='bbox 3138 5079 3414 5141; x_wconf 85' lang='lat' dir='ltr'><strong>denarios</strong></span> <span class='ocrx_word' id='word_1_856' title='bbox 3465 5083 3628 5153; x_wconf 76' lang='lat' dir='ltr'><strong>dedit</strong></span> 
     </span>
    </p>
   </div>
   <div class='ocr_carea' id='block_1_112' title="bbox 1979 5165 3624 5252">
    <p class='ocr_par' dir='ltr' id='par_1_112' title="bbox 1979 5165 3624 5252">
     <span class='ocr_line' id='line_1_112' title="bbox 1979 5165 3624 5252; baseline 0.004 -24"><span class='ocrx_word' id='word_1_857' title='bbox 1979 5167 2284 5247; x_wconf 82' lang='lat' dir='ltr'><strong>hospiti,et</strong></span> <span class='ocrx_word' id='word_1_858' title='bbox 2306 5168 2381 5225; x_wconf 86' lang='lat' dir='ltr'><strong>ait</strong></span> <span class='ocrx_word' id='word_1_859' title='bbox 2404 5165 2456 5227; x_wconf 91' lang='lat' dir='ltr'><strong>ei</strong></span> <span class='ocrx_word' id='word_1_860' title='bbox 2477 5187 2490 5228; x_wconf 91' lang='lat'>:</span> <span class='ocrx_word' id='word_1_861' title='bbox 2523 5169 2731 5228; x_wconf 84' lang='lat' dir='ltr'><strong>Curam</strong></span> <span class='ocrx_word' id='word_1_862' title='bbox 2759 5166 2918 5228; x_wconf 89' lang='lat' dir='ltr'><strong>illius</strong></span> <span class='ocrx_word' id='word_1_863' title='bbox 2941 5166 3123 5241; x_wconf 86' lang='lat' dir='ltr'><strong>habe;</strong></span> <span class='ocrx_word' id='word_1_864' title='bbox 3147 5177 3204 5227; x_wconf 84' lang='lat' dir='ltr'><strong>et</strong></span> <span class='ocrx_word' id='word_1_865' title='bbox 3228 5170 3624 5252; x_wconf 85' lang='lat' dir='ltr'><strong>quodcunque</strong></span> 
     </span>
    </p>
   </div>
   <div class='ocr_carea' id='block_1_113' title="bbox 1980 5255 3618 5337">
    <p class='ocr_par' dir='ltr' id='par_1_113' title="bbox 1980 5255 3618 5337">
     <span class='ocr_line' id='line_1_113' title="bbox 1980 5255 3618 5337; baseline 0.004 -21"><span class='ocrx_word' id='word_1_866' title='bbox 1980 5269 2263 5337; x_wconf 67' lang='lat' dir='ltr'><strong>praeterea</strong></span> <span class='ocrx_word' id='word_1_867' title='bbox 2279 5255 2810 5335; x_wconf 76' lang='lat' dir='ltr'><strong>insumpseris,ego</strong></span> <span class='ocrx_word' id='word_1_868' title='bbox 2826 5274 2955 5316; x_wconf 89' lang='lat' dir='ltr'><strong>cum</strong></span> <span class='ocrx_word' id='word_1_869' title='bbox 2975 5256 3212 5318; x_wconf 84' lang='lat' dir='ltr'><strong>rediero</strong></span> <span class='ocrx_word' id='word_1_870' title='bbox 3231 5259 3472 5320; x_wconf 75' lang='lat' dir='ltr'><strong>reddam</strong></span> <span class='ocrx_word' id='word_1_871' title='bbox 3491 5262 3618 5323; x_wconf 89' lang='lat' dir='ltr'><strong>tibi.</strong></span> 
     </span>
    </p>
   </div>
   <div class='ocr_carea' id='block_1_114' title="bbox 1977 5345 3623 5428">
    <p class='ocr_par' dir='ltr' id='par_1_114' title="bbox 1977 5345 3623 5428">
     <span class='ocr_line' id='line_1_114' title="bbox 1977 5345 3623 5428; baseline 0.005 -22"><span class='ocrx_word' id='word_1_872' title='bbox 1977 5345 2118 5419; x_wconf 89' lang='lat' dir='ltr'><strong>Quis</strong></span> <span class='ocrx_word' id='word_1_873' title='bbox 2141 5365 2280 5424; x_wconf 85' lang='lat' dir='ltr'><strong>ergo</strong></span> <span class='ocrx_word' id='word_1_874' title='bbox 2305 5349 2513 5407; x_wconf 88' lang='lat' dir='ltr'><strong>horum</strong></span> <span class='ocrx_word' id='word_1_875' title='bbox 2531 5346 2704 5407; x_wconf 87' lang='lat' dir='ltr'><strong>trium</strong></span> <span class='ocrx_word' id='word_1_876' title='bbox 2731 5346 2963 5407; x_wconf 86' lang='lat' dir='ltr'><strong>videtur</strong></span> <span class='ocrx_word' id='word_1_877' title='bbox 2988 5347 3090 5407; x_wconf 90' lang='lat' dir='ltr'><strong>tibi</strong></span> <span class='ocrx_word' id='word_1_878' title='bbox 3117 5349 3417 5428; x_wconf 84' lang='lat' dir='ltr'><strong>proximus</strong></span> <span class='ocrx_word' id='word_1_879' title='bbox 3439 5351 3623 5414; x_wconf 79' lang='lat' dir='ltr'><strong>fuisse</strong></span> 
     </span>
    </p>
   </div>
   <div class='ocr_carea' id='block_1_115' title="bbox 1975 5435 3621 5516">
    <p class='ocr_par' dir='ltr' id='par_1_115' title="bbox 1975 5435 3621 5516">
     <span class='ocr_line' id='line_1_115' title="bbox 1975 5435 3621 5516; baseline -0.001 -19"><span class='ocrx_word' id='word_1_880' title='bbox 1975 5437 2060 5498; x_wconf 90' lang='lat' dir='ltr'><strong>illi</strong></span> <span class='ocrx_word' id='word_1_881' title='bbox 2084 5436 2182 5516; x_wconf 91' lang='lat' dir='ltr'><strong>qui</strong></span> <span class='ocrx_word' id='word_1_882' title='bbox 2217 5435 2427 5498; x_wconf 86' lang='lat' dir='ltr'><strong>incidit</strong></span> <span class='ocrx_word' id='word_1_883' title='bbox 2452 5438 2510 5496; x_wconf 91' lang='lat' dir='ltr'><strong>in</strong></span> <span class='ocrx_word' id='word_1_884' title='bbox 2543 5437 2846 5499; x_wconf 84' lang='lat' dir='ltr'><strong>latrones?</strong></span> <span class='ocrx_word' id='word_1_885' title='bbox 2875 5436 2949 5498; x_wconf 84' lang='lat' dir='ltr'><strong>At</strong></span> <span class='ocrx_word' id='word_1_886' title='bbox 2983 5437 3083 5497; x_wconf 88' lang='lat' dir='ltr'><strong>ille</strong></span> <span class='ocrx_word' id='word_1_887' title='bbox 3105 5437 3280 5498; x_wconf 84' lang='lat' dir='ltr'><strong>dixit:</strong></span> <span class='ocrx_word' id='word_1_888' title='bbox 3314 5438 3424 5509; x_wconf 79' lang='lat' dir='ltr'><strong>Qui</strong></span> <span class='ocrx_word' id='word_1_889' title='bbox 3455 5457 3621 5503; x_wconf 74' lang='lat' dir='ltr'><strong>ext-r-</strong></span> 
     </span>
    </p>
   </div>
  </div>
