4116 6212
522 295 641 365 847

1502 290 2095 365 THEOPHYLACTI
2134 291 2549 363 BULGAR‘IA}
2592 298 2949 365 ARCH'IEP.

3798 303 3907 369 848

526 441 649 505 cuit
682 441 1153 503 misericordiam
1186 440 1245 503 in
1279 442 1473 503 illum.
1506 442 1605 504 Ait
1634 443 1811 522 igitur
1839 442 1925 503 illi
1954 443 2158 504 Jesus:

2253 425 2307 485 δὲ
2352 432 2507 490 εἶπεν
2586 424 2643 493 Ὀ
2688 436 2917 505 ποιήσας
2952 437 3014 492 τὸ
3060 434 3205 501 ἕλεος
3237 439 3354 513 μετ’
3398 443 3577 500 αὐτοῦ.
3617 439 3795 495 Εἶπεν
3818 439 3896 493 οὖν

525 530 709 605 Vade,
744 537 801 592 et
832 538 891 591 tu
923 530 1015 591 fac
1048 530 1345 594 similiter.
1386 558 1406 587 η
1450 532 1747 594 Laudatus
1795 550 1828 593 a
1876 530 2177 593 Salvatore

524 618 1586 698 legisperitus,prodiditinsolentiam
1610 618 2173 683 animi.Dixitenim:

524 711 595 772 Et
626 709 763 787 quis
793 717 886 770 est
916 727 1087 771 meus
1116 708 1468 789 proximus?
1497 709 1885 773 Existimabat
1922 709 2082 772 enim
2115 726 2178 769 se

516 798 745 877 justum
789 816 944 873 esse,
981 798 1329 878 nullumque
1379 800 1602 861 habere
1650 799 1765 861 sibi
1812 798 2067 860 similem
2121 803 2179 858 et

524 888 857 967 proximum
880 887 1096 949 virtute
1123 908 1139 948 :
1175 896 1385 968 putans
1409 889 1601 950 solum
1616 890 1841 968 justum
1859 890 2018 967 justo
2043 904 2178 967 pro-

526 977 750 1037 ximum
780 996 940 1038 esse.
966 976 1229 1039 Proinde
1246 977 1450 1039 volens
1465 979 1795 1057 justiﬁcare
1815 979 2101 1059 seipsum,
2120 985 2178 1038 et

527 1066 732 1128 eatolli
764 1085 945 1147 super
967 1085 1175 1128 omnes
1198 1067 1493 1141 homines,
1521 1068 1913 1142 insolescens,
1942 1066 2133 1146 inquit
2159 1087 2171 1128 :

522 1155 597 1215 Et
627 1156 759 1234 quis
790 1164 880 1216 est
912 1155 1213 1235 proximus
1236 1174 1401 1217 meus
1424 1156 1453 1216 ‘?
1482 1156 1758 1220 Salvator
1788 1165 2008 1229 autem,
2036 1174 2178 1236 quo-

525 1243 684 1305 niam
711 1244 995 1306 Conditor
1023 1245 1153 1325 ipse
1192 1255 1337 1319 erat,
1374 1248 1571 1308 sciens
1617 1265 1725 1307 nos
1757 1264 1964 1307 omnes
1997 1262 2172 1306 unam

519 1345 873 1403 creaturam.
910 1356 1027 1398 non
1073 1336 1356 1417 operibus
1401 1358 1595 1419 neque
1627 1338 2037 1416 dignitatibus,
2068 1338 2171 1400 sed

519 1434 728 1487 natura
759 1425 965 1487 deﬁnit
996 1428 1362 1507 proximum.
1410 1427 1497 1489 Ne
1530 1428 1712 1506 igitur
1735 1438 1924 1509 putes,
1956 1428 2167 1508 inquit,

518 1518 655 1597 quia
677 1520 873 1598 justus
902 1536 989 1591 es,
1020 1517 1175 1599 quod
1208 1518 1406 1580 nullus
1442 1518 1542 1580 tibi
1576 1519 1786 1581 similis
1817 1521 1911 1582 sit.
1951 1517 2172 1582 Omnes

517 1606 677 1669 enim
713 1607 813 1687 qui
845 1607 1115 1686 ejusdem
1146 1616 1371 1669 naturae
1400 1619 1559 1690 sunt,
1598 1609 1849 1689 proximi
1884 1608 1966 1669 tui
2007 1615 2167 1671 sunt.

2259 525 2402 595 αὖτῷ
2456 526 2484 579 ὁ
2542 521 2747 591 Ἰησοῦς
2783 543 2797 558 ·
2864 526 3117 607 Πορεύου,
3175 531 3263 583 καὶ
3319 529 3381 583 σὺ
3427 532 3561 585 ποίει
3621 529 3847 602 ὁμοίως.
3884 552 3906 580 ι

2262 611 2586 683 Ἐπαινεθεὶς
2639 616 2740 671 ὑπὸ
2797 622 2890 672 τοῦ
2947 621 3199 695 Σωτῆρος
3253 619 3280 672 ὁ
3339 620 3580 693 νομικὸς,
3641 619 3743 685 τὴν
3786 616 3908 673 ἀλα-

2260 702 2460 772 ζονείαν
2489 702 2779 782 ἐξέῤῥηξεν.
2830 708 2965 761 Eine
3010 706 3110 784 γάρ
3148 726 3159 737 ·
3213 708 3307 763 Καὶ
3340 708 3417 772 τίς
3462 709 3573 764 ἐστί
3618 730 3729 780 μου
3776 706 3906 771 πλη-

2260 792 2373 846 σίον
2404 814 2421 865 ς
2469 792 2650 874 "Quo
2680 796 2780 873 γὰρ
2810 793 2889 849 ὅτι
2941 792 3141 858 δίκαιος
3194 796 3293 866 ὢν,
3327 795 3510 853 οὐδένα
3535 797 3694 875 ἔχειν
3739 795 3907 871 ὅμοιον

2261 880 2453 961 ἑαυτῷ,
2516 885 2603 940 καὶ
2651 882 3013 954 πλησιάζοντα
3068 884 3204 940 κατᾶ
3272 885 3368 953 τὴν
3413 885 3635 965 ἀρετήν.
3691 883 3908 952 Πλησῖον

2259 971 2358 1049 γὰρ
2422 972 2583 1048 μόνον
2669 972 2888 1044 ἤλπιζεν
2968 976 3109 1029 εἷναι
3170 976 3260 1030 τὸν
3322 973 3521 1031 δίκαιον
3570 982 3657 1049 τῷ
3714 972 3903 1047 δικαίῳ.

2260 1060 2437 1117 Θέλων
2492 1062 2580 1118 οὖν
2657 1060 2889 1119 δικαιοῦν
2972 1064 3156 1120 ἑαυτὸν
3210 1065 3295 1119 καὶ
3350 1065 3650 1143 ὑπεραίρειν
3712 1065 3909 1120 πάντων

2261 1150 2568 1228 ἀνθρώπων,
2625 1150 3074 1226 ἀλαζονευόμενός
3118 1174 3247 1231 φησι
3282 1168 3296 1182 ⁸
3354 1155 3454 1211 Καὶ
3508 1155 3586 1217 τίς
3651 1154 3771 1209 ἐστί
3825 1174 3912 1228 μου

2258 1239 2490 1307 πλησιον
2526 1258 2542 1316 ;
2580 1232 2637 1297 Ὀ
2681 1238 2735 1296 δὲ
2780 1243 2993 1321 Σωτὴρ,
3025 1242 3118 1297 ἅτε
3148 1240 3212 1309 δή
3244 1242 3481 1309 Ποιητῆς
3511 1244 3610 1317 ὢν,
3648 1246 3745 1301 καὶ
3774 1240 3910 1304 εἰδὼς

2256 1331 2462 1393 πάντας
2519 1328 2575 1384 ἓν
2624 1327 2868 1404 πλάσμα,
2928 1334 2989 1389 οὗ
3066 1344 3186 1393 ταῖς
3273 1330 3543 1409 πράξεσιν,
3622 1329 3753 1389 οὐδὲ
3805 1345 3911 1393 τοῖς

2258 1419 2572 1494 ἀξιώμασιν,
2607 1417 2743 1475 ἀλλὰ
2789 1425 2857 1496 τῇ
2900 1421 3053 1500 φύσει
3108 1421 3340 1497 ὁρίζεται
3388 1422 3479 1476 τὸυ
3524 1420 3791 1488 πλησίον.
3836 1422 3912 1485 Μή

2255 1509 2355 1588 γὰρ
2411 1507 2612 1583 νόμιζε,
2674 1509 2853 1587 φησὶν.
2914 1507 2993 1563 ὅτι
3036 1506 3220 1576 ἐπειδὴ
3267 1506 3467 1572 δίκαιος
3500 1514 3574 1584 εἴ,
3609 1508 3789 1572 οὐδείς
3846 1510 3914 1564 σοί

2257 1598 2398 1653 ἐστιν
2444 1596 2650 1673 ὅμοιος,
2702 1597 2898 1661 Πάντες
2958 1598 3057 1675 γὰρ
3117 1600 3162 1653 oi
3222 1602 3321 1664 τῆς
3379 1601 3544 1665 αὐτῆς
3599 1599 3823 1678 γύσει-ις
3860 1620 3908 1652 γε

516 1694 609 1758 Sis
640 1684 819 1775 igitur
838 1684 1098 1757 vicissim
1131 1705 1189 1758 et
1234 1706 1294 1757 tu
1326 1696 1443 1758 illis
1475 1684 1782 1776 proiimus
1810 1719 1824 1761 :
1861 1716 1977 1758 non
2013 1697 2158 1765 loco,

2254 1685 2643 1753 κοινωνηκότες
2728 1684 2956 1752 πλησίον
3034 1686 3129 1742 σού
3183 1688 3308 1749 εἰσι.
3373 1694 3533 1744 Γενοῦ
3583 1689 3771 1746 τοίνυν
3834 1689 3911 1742 καὶ

517 1786 622 1847 sed
650 1787 965 1848 affectione
990 1787 1258 1850 etstudio
1283 1807 1424 1867 erga
1443 1788 1601 1848 illos.
1629 1787 1860 1849 Idcirco
1883 1797 1938 1848 et
1960 1785 2168 1849 Sama-

518 1876 777 1938 ritanum
812 1876 1135 1938 introducit
1164 1878 1225 1938 in
1259 1877 1623 1958 exemplum,
1659 1885 1724 1939 ut
1748 1876 1854 1938 tibi
1882 1884 2172 1937 monstret

508 1966 667 2045 quod
697 1968 836 2027 licet
866 1966 959 2026 hic
993 1968 1105 2028 vita
1125 1966 1524 2047 discreparet,
1560 1966 1870 2047 proximus
1895 1974 2091 2027 tamen
2116 1965 2167 2026 ei

510 2063 635 2116 erat
654 2056 754 2133 qui
780 2055 1161 2117 miseratione
1185 2055 1418 2135 dignus.
1449 2055 1547 2118 Sic
1580 2064 1638 2116 et
1665 2064 1724 2116 tu
1752 2057 2169 2137 compassione

515 2145 848 2222 proximum
880 2150 937 2203 te
963 2144 1049 2205 illi
1079 2144 1318 2219 exhibe,
1348 2153 1405 2206 et
1429 2153 1641 2225 sponte
1670 2164 1736 2208 ac
1767 2164 1884 2206 non
1930 2152 2169 2206 vocatus

512 2231 763 2292 inillius
797 2230 1132 2292 subsidium
1166 2250 1361 2295 curre.
1414 2232 1708 2295 Docemur
1731 2234 1905 2313 igitur
1949 2244 2009 2297 et
2057 2235 2169 2295 hoc

512 2320 648 2381 loco
673 2338 778 2399 per
808 2319 1147 2399 parabolam
1180 2330 1240 2381 ut
1273 2323 1461 2402 parati
1496 2322 1682 2384 simus
1710 2323 1782 2383 ad
1818 2323 2165 2385 misericor-

2253 1779 2409 1840 αὐτὸς
2465 1774 2691 1843 πλησίον
2744 1774 2953 1849 αὗτοῐς,
3013 1777 3073 1833 οὐ
3124 1783 3199 1850 τῷ
3258 1775 3431 1857 τόπῳ,
3466 1775 3601 1832 ἀλλὰ
3632 1782 3710 1855 τῇ
3740 1775 3911 1832 διαθέ-

2254 1887 2333 1923 σει
2386 1866 2475 1922 καὶ
2516 1870 2585 1942 τῇ
2628 1866 2701 1929 είς
2733 1865 2918 1927 αὐτοὺς
2967 1864 3274 1940 ἀπιμελείᾳ,
3312 1867 3405 1921 Διὸ
3436 1867 3523 1923 καὶ
3569 1868 3668 1922 τὸν
3727 1872 3913 1940 Σαμα-

2254 1958 2430 2034 ρείτην
2475 1957 2673 2035 εἰσάγω
2736 1978 2819 2011 σοι
2870 1957 3000 2032 πρὸς
3060 1954 3389 2034 ὑπόδειγμα,
3457 1955 3549 2011 ’ίνα
3589 1977 3687 2012 σοι
3751 1953 3911 2031 δείξω,

2253 2044 2334 2101 ὅτι
2393 2044 2572 2123 ὥσπερ
2628 2044 2780 2109 οὗτος
2839 2042 3098 2124 διαφέρων
3167 2047 3244 2119 τῷ
3297 2045 3417 2121 βίῳ,
3479 2043 3628 2120 ὅμως
3694 2044 3915 2111 πλησίον

2252 2134 2438 2214 γέγονε
2495 2141 2586 2191 τοῦ
2654 2132 2796 2199 ἀξίου
2888 2132 3195 2213 ἐλεηθῆναι,
3256 2133 3394 2191 οὕτω
3467 2135 3555 2190 καὶ
3628 2135 3698 2190 σὺ
3752 2131 3912 2197 δεῖξον

2252 2225 2471 2280 σεαυτὸν
2523 2220 2752 2289 πλησίον
2794 2228 2863 2298 τῇ
2907 2223 3226 2298 συμπαθείᾳ,
3290 2224 3377 2278 καὶ
3424 2220 3766 2289 αὐτόκλητος
3838 2222 3911 2276 ἐπὶ

2249 2313 2347 2380 τὴν
2412 2314 2660 2388 βοήθειαν
2731 2308 2935 2387 βάδιζε,
3028 2309 3392 2386 Διδασκόμεθα
3450 2310 3538 2367 οὖν
3595 2313 3690 2367 καὶ
3751 2317 3905 2367 ταῦτα

507 2397 689 2483 diam,
727 2418 783 2470 et
810 2397 1103 2470 conemur
1134 2397 1289 2471 esse-
1314 2410 1565 2491 proximi
1600 2410 1691 2471 his
1742 2411 1841 2491 qui
1890 2410 2158 2491 indigent

2250 2400 2342 2457 διὰ
2390 2403 2491 2469 τῆς
2548 2397 2856 2479 παραϐολῆς
2911 2401 3133 2473 ταύτης,
3191 2402 3254 2456 τὸ
3296 2401 3539 2477 ἑτοίμους
3581 2401 3735 2456 εἶναι
3780 2402 3904 2480 πρὸς

508 2507 707 2560 nostro
723 2498 1016 2560 subsidio.
1042 2498 1225 2560 Docet
1247 2487 1446 2561 autem
1469 2508 1528 2561 et
1555 2487 1780 2580 quanta
1799 2500 1906 2563 Dei
1930 2487 2158 2562 bonitas

2244 2490 2415 2573 ἔλεον,
2471 2492 2558 2547 καὶ
2616 2489 2858 2547 σπεύδειν
2912 2487 3139 2557 πλησίον
3182 2490 3411 2569 γίνεσθαι
3467 2496 3576 2546 τῶν
3631 2488 3897 2565 δεομένων

508 2608 646 2669 erga
677 2590 975 2652 hemines.
999 2588 1412 2650 Descendebat
1430 2578 1590 2650 enim
1612 2590 1869 2651 humana
1893 2597 2107 2651 natura
2127 2610 2158 2652 a

2242 2582 2341 2648 τῆς
2395 2580 2519 2653 παρ’
2577 2582 2732 2655 ἡμῶν
2777 2580 3048 2655 βοηθείας.
3110 2578 3474 2655 Διδασκόμεθα
3535 2578 3591 2636 δὲ
3667 2582 3761 2637 καὶ
3801 2581 3895 2645 τὴν

505 2666 901 2769 Πὶὲτυεαιθω,
934 2680 1049 2769 hoc
1091 2686 1204 2757 est,
1236 2696 1270 2738 a
1300 2678 1618 2759 tranquilla
1644 2688 1706 2769 et
1743 2679 1989 2759 paciﬁca
2010 2680 2154 2769 vita.

2242 2672 2361 2749 περὶ
2415 2670 2505 2727 τὸν
2557 2669 2829 2748 ἄνθρωπον
2887 2667 3193 2747 ἀγαθότητα
3226 2670 3347 2769 1τοῦ
3392 2678 3545 2733 Θεοῦ,
3610 2666 3894 2727 Κατέϐαινε

505 2767 877 2831 Hierusalem
936 2768 1096 2829 enim
1147 2758 1573 2847 interpretatur
1602 2758 1756 2829 visio,
1801 2769 1984 2849 pacis.
2030 2767 2157 2840 Quo

2242 2762 2341 2839 γὰρ
2396 2762 2430 2828 ἡ
2477 2758 2777 2839 ἀνθρωπίνη
2835 2762 2987 2838 φύσις
3058 2758 3165 2815 ἀπὸ
3226 2758 3597 2837 Ἰερουσαλὴμ,
3662 2759 3897 2858 τρυτέστι

504 2856 1133 2945 autem_descendebat
1155 2863 1182 2919 ?
1213 2855 1278 2917 In
1303 2845 1586 2919 Hiericho
1609 2845 1921 2938 humilem,
1953 2876 2158 2921 conca-

2244 2855 2345 2918 τῆς
2402 2848 2754 2908 ἀστασιάστου
2807 2850 2895 2904 καὶ
2982 2848 3249 2945 είρηναίας
3306 2845 3599 2927 διαγωγῆς.
3666 2845 3896 2924 "Opsz

500 2967 655 3029 vam,
695 2939 753 3009 et
775 2956 918 3007 aestu
941 2947 1477 3026 suﬁ‘ocantem,hoc
1501 2958 1611 3021 est,
1638 2948 1808 3009 vitam
1829 2935 2157 3010 aﬁ‘ectioni-

2244 2941 2345 3020 γὰρ
2400 2941 2613 3019 εἰρήνης
2671 2935 3016 3029 ἑρμηνεύεται
3102 2940 3138 3005 ἡ
3228 2935 3600 3017 Ἰερουσαλὴμ.
3673 2944 3788 2996 Ποῦ
3846 2935 3894 2991 δὲ

400 3030 403 3035 ’
502 3036 613 3098 bus
641 3018 1065 3115 plenain.Vide
1096 3043 1293 3095 autem
1328 3018 1483 3114 quod
1509 3018 1627 3097 non
1651 3036 2157 3118 dixerit,descen-

2243 3018 2597 3108 κατέϐαινεν,
2658 3027 2746 3091 Είς
2799 3028 2896 3096 τὴν
2949 3018 3184 3108 Ἱεριχὼ,
3247 3030 3347 3096 τὴν
3393 3026 3580 3095 κοιλῆν
3625 3029 3716 3084 καὶ
3760 3030 3896 3107 χθα-

428 3206 433 3207 7
504 3096 610 3207 dit,
638 3096 741 3187 sed
766 3123 1192 3187 descendebat.
1218 3096 1469 3204 Seniper
1486 3125 1645 3186 enim
1950 3096 2158 3191 natura

2242 3118 2419 3195 μαλῆν
2488 3120 2576 3175 καὶ
2658 3121 2735 3189 τῷ
2792 3118 3018 3193 καύματι
3089 3118 3376 3197 πνιγηρὰν,
3444 3116 3713 3196 ταυτέστι,
3800 3116 3894 3182 τὴν

502 3214 576 3276 ad
597 3197 887 3275 inferiora
920 3212 1195 3293 proclivis
1221 3222 1330 3288 est,
1364 3197 1494 3275 'non
1528 3216 1738 3289 semel,
1773 3216 1881 3278 sed
1918 3235 2158 3298 semper

2242 3211 2453 3285 ἐμπαθῆ
2484 3210 2652 3281 ζωήν,
2689 3197 2835 3286 εὈρα
2883 3204 2966 3286 δὲ,
2995 3209 3091 3264 οὒκ
3121 3206 3277 3262 εἶπεν
3308 3204 3388 3262 ὅτι
3435 3204 3669 3280 Κατέϐη,
3733 3203 3887 3276 ἀλλὰ,

505 3304 638 3365 vitae
661 3300 1071 3364 affectionibus
1102 3302 1316 3362 dedita
1341 3322 1575 3365 vacans.
1620 3302 1839 3365 Incidit
1866 3313 2062 3369 autem
2095 3306 2155 3366 in

502 3393 787 3465 latrones,
828 3392 939 3452 hoc
972 3397 1061 3451 est
1085 3390 1407 3453 daamones.
1446 3394 1573 3454 Nisi
1614 3393 1747 3474 quis
1777 3412 1810 3454 a
1846 3395 2155 3473 cogitatio-

500 3481 677 3543 nibus
700 3480 1055 3542 sublimibus
1078 3480 1604 3561 descenderit,non
1629 3482 1837 3543 incidit
1856 3482 1915 3543 in
1939 3482 2155 3546 daemo-

502 3591 632 3641 nes,
668 3571 765 3652 qui
803 3578 975 3631 exuto
1008 3569 1237 3631 homini
1268 3579 1326 3632 et
1376 3571 1625 3650 spoliato
1670 3572 1932 3634 vestibus
1962 3574 2149 3636 virtu-

502 3671 646 3736 tum,
674 3670 812 3721 tunc
846 3658 1043 3738 plagas
1076 3659 1339 3721 inferunt
1389 3661 1643 3741 peccati.
1682 3661 1945 3723 Primum
1989 3662 2149 3723 enim

500 3750 804 3812 denudent
828 3768 935 3809 nos
958 3748 1119 3809 omni
1159 3748 1310 3809 bona
1342 3748 1698 3827 cogitatione
1727 3759 1783 3811 et
1822 3750 2152 3813 visitatione

499 3841 629 3905 Dei:
659 3838 876 3901 deinde
901 3839 1100 3919 plagas
1122 3839 1347 3918 peccati
1373 3839 1656 3903 inferunt.
1682 3843 1865 3903 Porro
1888 3849 2152 3902 naturam

500 3932 821 3991 humanam
874 3927 1321 3988 semimortuam
1382 3928 1799 4009 reliquerunt:
1863 3929 1952 3990 vel
1994 3931 2153 4010 quod

498 4020 697 4081 anima
724 4016 1097 4091 immortalis,
1143 4034 1360 4097 corpus
1391 4027 1586 4078 autem
1621 4018 1889 4095 mortale,
1925 4019 2065 4079 350
2097 4028 2155 4083 et

500 4111 576 4169 ita
601 4108 916 4169 dimidium
940 4106 1202 4167 hominis
1222 4106 1398 4182 morti
1420 4106 1719 4170 subditum
1751 4118 1859 4171 est:
1888 4109 1974 4170 vel
1994 4110 2148 4191 quod

500 4218 616 4261 non
664 4196 907 4259 omnino
958 4194 1273 4275 desperata
1325 4204 1452 4257 erat
1501 4197 1759 4258 humana
1801 4207 2033 4261 natura.
2086 4198 2150 4260 In

496 4288 731 4349 Christo
751 4286 911 4347 enim
952 4284 1199 4345 salutem
1232 4303 1295 4347 se
1322 4284 1653 4347 habituram
1683 4305 1816 4348 esse
1847 4287 2146 4369 sperabat.

2243 3296 2584 3359 Κατέϐαινεν.
2666 3295 2777 3355 Ἀεὶ
2846 3296 2946 3375 γὰρ
3001 3297 3037 3364 ἡ
3099 3294 3399 3375 ἀνθρωπίνη
3458 3296 3610 3374 φύσις
3689 3295 3777 3352 ἐπὶ
3825 3296 3885 3349 τὰ

2238 3388 2385 3444 κάτω
2429 3386 2625 3461 ἔνευεν,
2682 3386 2788 3467 οὐχ
2841 3383 3004 3457 ἅπαξ,
3064 3383 3199 3442 ἀλλά
3240 3383 3307 3440 δι’
3366 3383 3493 3442 ὅλου
3537 3390 3615 3459 τῷ
3655 3384 3884 3461 ἐμπαθεῐ

2236 3476 2336 3553 βίῷ
2386 3477 2747 3557 προσέχουσα,
2803 3474 3087 3554 Περιὲπεσε
3131 3472 3184 3529 δὲ
3234 3473 3488 3550 λῃσταῖς,
3540 3474 3662 3538 τοῖς
3693 3473 3881 3548 δαίμο-

2236 3589 2341 3629 σιν,
2398 3567 2455 3623 Ei
2509 3568 2584 3642 μῆ
2615 3566 2715 3644 γὰρ
2745 3562 2949 3630 καταϐῆ
2978 3587 3059 3628 τις
3112 3563 3217 3620 ἀπὸ
3272 3571 3365 3621 τοῦ
3403 3564 3569 3639 ὕψους
3609 3568 3710 3631 τῆς
3765 3560 3878 3618 δια-

2236 3658 2402 3731 νοίας,
2464 3658 2524 3712 οὐ
2578 3656 2879 3735 περιπίπτει
2932 3667 3050 3717 τοῖς
3127 3651 3368 3728 δαίμοσιν
3396 3668 3410 3682 ’
3475 3656 3529 3711 οἳ
3578 3650 3878 3711 ἐκδύσαντες

2237 3750 2328 3804 τὸν
2385 3746 2677 3825 ἄνθρωπον,
2766 3745 2854 3799 καὶ
2940 3745 3289 3823 στερήσαντες
3367 3746 3475 3799 τῶν
3545 3745 3643 3810 τῆς
3693 3744 3877 3820 ἀρετῆς

2238 3836 2485 3915 ἱματίων,
2544 3834 2664 3890 τότε
2720 3834 2814 3896 τὰς
2865 3830 3080 3909 πληγὰς
3133 3832 3395 3899 ἐπέθηκαν
3451 3832 3549 3900 τῆς
3602 3835 3875 3911 ἁμαρτίας.

2238 3926 2498 4005 Πρότερον
2578 3925 2678 4002 γὰρ
2759 3924 3150 4001 ἁπογυμνοῦσιν
3210 3924 3354 3999 ἡμᾶς
3418 3921 3617 3993 παντὸς
3690 3924 3877 4001 ἀγαθοῦ

2235 4012 2516 4092 λογισμοῦ,
2578 4008 2669 4068 καὶ
2709 4010 2803 4078 τῆς
2863 4017 2957 4066 τοῦ
3017 4017 3148 4067 Θεοῦ
3176 4010 3406 4090 σκέπης,
3454 4011 3562 4092 εἷθ’
3592 4011 3760 4074 οὕτως
3788 4018 3874 4073 τας

2236 4090 2447 4181 πληγὰς
2501 4090 2601 4169 τῆς
2684 4099 2941 4179 ἁμαρτίας
3028 4097 3427 4158 ἐπιϐάλλουσιν.
3509 4090 3772 4175 ’Πμιθανῆ
3824 4096 3872 4154 δὲ

2232 4191 2555 4267 κατέλειψαν
2616 4190 2713 4257 τὴν
2773 4188 3103 4266 ἀνθρωπίνην
3161 4189 3334 4269 φύσιν,
3391 4188 3427 4256 ἢ
3468 4186 3600 4245 διότι
3643 4192 3678 4257 ἡ
3724 4187 3870 4269 ψυχὴ

2232 4282 2513 4356 ἀθάνατος,
2568 4281 2629 4336 τὸ
2682 4277 2736 4334 δὲ
2794 4283 2949 4354 σῶμα
2999 4279 3214 4344 θνητόν·
3272 4277 3408 4334 ὥστε
3462 4279 3525 4336 τὸ
3567 4278 3732 4355 ἥμισυ
3788 4282 3871 4335 τοῦ

496 4376 698 4458 Itaque
722 4394 839 4437 non
870 4379 1102 4437 mortua
1142 4382 1267 4435 erat
1298 4375 1577 4435 omnino:
1613 4376 1715 4437 sed
1753 4385 1995 4457 propter
2017 4377 2145 4438 rui-

2242 4373 2505 4453 ἀνθρώπου
2560 4374 2639 4445 τῷ
2679 4368 2887 4441 θανάτῳ
2928 4368 3234 4458 ὑπαχθῆναι
3271 4384 3287 4399 ⁸
3332 4369 3369 4437 ἢ
3412 4368 3543 4426 διότι
3603 4372 3662 4427 οὐ
3703 4371 3871 4439 πάντη

497 4486 630 4529 nam
662 4466 809 4528 Adae
839 4482 999 4525 mors
1042 4463 1101 4523 in
1154 4464 1439 4524 mundum
1502 4464 1741 4525 intravit
1762 4465 1865 4525 ‘7:
1912 4475 2153 4546 propter

498 4557 715 4620 Christi
742 4564 936 4617 autem
965 4552 1453 4633 justilicationem
1488 4573 1647 4615 mors
1675 4554 1970 4617 abolenda
2001 4565 2145 4618 erat.

495 4650 608 4710 Per
635 4645 1004 4707 sacerdotem
1028 4661 1166 4703 vero
1186 4650 1244 4704 et
1264 4643 1554 4718 Levitam,
1585 4643 1775 4721 legem
1807 4644 2150 4725 intelligefet

494 4737 834 4817 prophetas.
873 4731 965 4794 Illi
988 4731 1145 4793 enim
1170 4730 1446 4792 volebant
1476 4731 1800 4810 iustiﬁcare
1831 4732 2145 4813 humanam

494 4836 789 4906 naturam,
834 4825 938 4885 sed
984 4841 1100 4883 non
1157 4830 1498 4903 potuerunt.
1555 4820 1931 4901 lmpossibile
1961 4823 2143 4900 enim,

490 4916 680 4997 inquit
712 4915 951 4985 Paulus,
983 4914 1332 4991 sanguinem
1387 4920 1689 4973 taurorum
1736 4919 1794 4974 et
1844 4912 2143 4974 hircorum

490 5006 702 5067 tollere
730 5012 1034 5087 peccatum
1058 5003 1141 5064 48.
1168 5001 1388 5063 Miserti
1413 5002 1611 5083 itaque
1636 5008 1776 5064 sunt
1799 5002 2147 5076 hominis,et

489 5095 563 5157 de
596 5100 724 5173 ejus
755 5094 1003 5156 sanitate
1034 5092 1388 5171 cogitarunt.
1422 5090 1651 5153 Deinde
1685 5091 1987 5172 plagarum
2008 5110 2139 5155 ma-

487 5183 795 5263 gnitudine
818 5183 976 5257 victi,
1004 5182 1076 5243 ad
1111 5180 1440 5261 posteriora
1461 5179 1676 5242 iterum
1696 5180 1955 5260 regressi
1978 5191 2137 5243 sunt.

491 5276 618 5334 Hoc
672 5273 830 5333 enim
890 5271 1178 5351 signiﬁcat
1225 5269 1626 5342 ἀντιπαρελθεῖν
1717 5268 1893 5332 Venit
1952 5273 2134 5353 enim,

482 5363 694 5443 inquit,
734 5360 850 5437 lex,
883 5369 941 5423 et
968 5358 1152 5423 astitit
1172 5359 1398 5437 jacenti
1445 5379 1459 5419 :
1514 5358 1738 5421 deinde
1785 5377 1903 5420 non
1940 5359 2141 5423 valens

483 5468 716 5527 sanare,
752 5468 991 5513 reversa
1037 5458 1148 5522 est,
1185 5449 1297 5509 hoc
1328 5447 1486 5509 enim
1537 5447 1833 5528 signiﬁcat
1877 5450 2137 5532 ἀντιπαρ-

560 5632 619 5680 47
654 5631 828 5694 Rom.
859 5646 915 5702 v,
952 5626 1049 5691 1‘2.
1083 5630 1145 5678 48
1170 5627 1347 5689 Hebr.
1384 5645 1441 5699 χ,
1476 5631 1535 5689 λι.

2232 4462 2297 4531 ἧν
2330 4452 2737 4541 νᾶπεγνωσμένη
2781 4459 2816 4524 ἡ
2847 4452 3145 4537 ἀνθρωπίνη
3176 4458 3328 4537 φύσις
3362 4478 3376 4493 ο
3414 4459 3469 4515 ἐν
3517 4460 3617 4538 γὰρ
3670 4464 3871 4538 Χριστῷ

2230 4554 2329 4621 τὴν
2390 4551 2653 4630 σωτηρίαν
2688 4546 2819 4614 ἕξειν
2867 4546 3139 4619 ἠλπίζετο,
3193 4541 3372 4605 ’Ὥστε
3401 4551 3496 4606 οὒκ
3525 4549 3871 4606 ἐτεθανάτωτο

2230 4641 2529 4721 παντελῶς,
2590 4637 2710 4696 ἀλλ’
2761 4637 2888 4695 ὅσον
2944 4638 3042 4713 μὲν
3085 4638 3171 4695 ἐπὶ
3224 4645 3303 4714 τῷ
3359 4645 3451 4703 τοῦ
3504 4637 3676 4715 Ἀδὰμ
3702 4662 3871 4720 παρη-

2230 4733 2478 4809 πτώματι
2525 4730 2748 4792 θάνατος
2800 4728 2872 4792 είς
2915 4729 3005 4785 τὸν
3047 4728 3249 4804 κόσμον
3295 4727 3530 4797 εἰσῆλθεν
3566 4744 3581 4759 ⁸
3642 4726 3765 4787 ὅσον
3821 4727 3867 4784 δὲ

2229 4824 2315 4880 ἐπὶ
2368 4828 2446 4897 τῷ
2500 4826 2591 4877 τοῦ
2650 4818 2875 4896 Χριστοῦ
2928 4815 3253 4893 δικαιώματι
3312 4820 3342 4874 ὁ
3395 4816 3617 4883 θάνατος
3681 4817 3865 4894 ἔμελλε

2226 4914 2629 4990 καταργετσθαι.
2687 4901 2851 4988 Ἰερέα
2908 4904 2962 4962 δὲ
3016 4908 3105 4963 καὶ
3161 4907 3405 4983 Λευίτην,
3448 4909 3540 4965 τὸν
3589 4909 3753 4985 νόμον
3782 4929 3865 4985 μοι

2228 5004 2334 5060 νόει
2388 5002 2477 5058 καὶ
2526 5000 2647 5063 τοὺς
2703 4997 3002 5077 προφήτας,
3064 4997 3216 5055 Οὗτοι
3262 4999 3362 5079 γὰρ
3436 4997 3726 5066 ἠϐούλοντο
3770 5000 3865 5075 μὲν

2223 5093 2499 5151 δικαιῶσαι
2550 5089 2651 5156 τὴν
2735 5087 3066 5167 ἀνθρωπίνην
3121 5088 3293 5171 φύσιν,
3367 5092 3462 5148 οὐκ
3535 5086 3863 5159 ἠδυνήθησαν

2221 5184 2297 5243 δέ.
2360 5178 2803 5269 Ἀδύνατονὲγὸιρ,
2881 5178 3038 5269 φησὶν
3180 5176 3414 5269 Παῦλος,
3470 5180 3613 5255 αἷμα
3666 5170 3869 5261 ταύρων

2221 5275 2310 5331 καὶ
2376 5271 2582 5351 τράγων
2640 5264 2858 5345 ἀφελεῖν
2924 5267 3204 5345 ἁμαρτίας,
3290 5264 3557 5334 Ἦλέησαν
3615 5268 3713 5344 μὲν
3780 5272 3862 5326 οὗ,

2222 5365 2312 5421 τὸν
2368 5361 2661 5441 ἄνθρωπον,
2735 5356 2824 5411 καὶ
2905 5358 3218 5439 θεραπεῦσαι
3305 5354 3672 5427 διενοήθησαν.
3735 5360 3864 5416 Εἶτα

2220 5461 2288 5529 ταῖς
2320 5457 2423 5508 τῶν
2480 5447 2707 5527 πληγῶν
2766 5444 3069 5525 ἐπικρατείᾳ
3126 5447 3453 5521 νικηθέντες,
3512 5448 3585 5509 εἷς
3638 5449 3866 5505 τούπίσω
