4116 6212
256 331 386 396 849

1001 340 1448 406 ENARRATIO
1496 345 1577 407 IN
1624 332 2133 400 EVANGELIUM
2182 335 2418 396 LUCE.
2469 366 2546 377 --
2590 336 2751 396 CAP.
2803 335 2878 396 Χ.

3537 331 3655 396 850

250 469 421 560 πάλιν
487 474 871 553 ὑπεγώρησαν.
938 483 1103 535 Τοῦτο
1177 478 1275 555 γὰρ
1347 479 1593 555 σημαίνει
1651 480 1712 535 τὸ
1760 476 1909 534 ἀντί-

1996 477 2176 547 ἧλθεν.
2205 476 2466 541 Attende
2494 477 2635 540 item
2668 477 2826 559 quod
2857 478 3125 554 verbum,
3147 478 3647 560 accidit,sensum

252 559 570 635 παρελθεῖν.
653 564 791 621 Ηλθε
850 567 946 640 μὲν
1006 567 1105 645 γὰρ
1159 570 1187 623 6
1244 568 1429 644 νόμος,
1478 570 1566 625 καὶ
1608 568 1808 633 ἐπέστη
1839 572 1916 639 τῷ

252 649 519 735 κειμένῳ,
580 654 706 709 εἶτα
778 656 855 729 μὴ
912 657 1117 735 ἰσχύων
1191 660 1529 734 θεραπεῦσαι,
1576 658 1914 735 ἀπεστράφη.

254 730 451 819 ”Οπερ
504 741 613 798 ἔστι
658 744 718 799 τὸ
775 730 1184 821 ἀντιπαρῆλθεν,
1221 730 1366 828 ’δορα
1399 746 1452 803 δὲ
1485 730 1545 804 1:6
1601 730 1915 823 κατὰ-σύγ-

253 828 468 905 κυρίαν,
515 832 628 887 τίνα
690 838 807 889 νοῦν
868 831 1015 913 ἔχει.
1090 844 1177 911 Τῷ
1236 836 1345 894 ὄντι
1402 838 1499 917 γὰρ
1558 839 1585 893 6
1643 836 1803 912 νόμος
1860 837 1920 892 0'5

254 919 684 997 προηγουμένως
769 919 947 995 ἐδόθη,
1041 922 1179 981 ἀλλὰ
1259 925 1344 982 διὰ
1416 927 1516 995 τὴν
1592 925 1919 1004 ἀνθρωπίνην

257 1007 567 1088 ἀσθένειαν,
618 1011 693 1085 μὴ
752 1008 1049 1087 δυναμένην
1106 1014 1157 1081 ἐξ
1187 1015 1363 1097 ἀρχῆς
1395 1014 1637 1097 δέξασθαι,
1672 1017 1734 1071 τὸ
1785 1014 1921 1071 κατὰ

260 1098 492 1159 Χριστὸν
552 1102 865 1178 μυστήριον,
926 1104 1025 1158 Διά
1066 1111 1223 1161 τοῦτο
1275 1096 1460 1185 φησιν,
1512 1104 1592 1161 ὅτι
1628 1096 1684 1162 Ὀ
1727 1104 1917 1180 ἱερεὺς,

252 1184 523 1242 τοιτέστιν
604 1190 631 1243 6
693 1188 879 1265 νόμος,
954 1191 1091 1247 κατὰ
1169 1184 1475 1273 συγκυρίαν,
1534 1194 1662 1273 ὅπερ
1719 1193 1915 1248 εἰώθα-

252 1294 357 1362 μεν
416 1272 591 1353 λέγειν
653 1278 790 1353 κατὰ
836 1276 1112 1354 σύμϐαμα,
1174 1280 1297 1337 ἀλλ’
1342 1272 1415 1341 οὑ
1468 1280 1913 1362 προηγουμένως,

243 1360 408 1427 ἦλθεν
479 1366 553 1429 εἰς
618 1366 679 1422 τὸ
764 1369 1079 1447 θεραπεῦσαι
1138 1373 1231 1427 τὸν
1297 1360 1591 1451 ἄνθρωπον,
1630 1360 1633 1361 ν
1676 1368 1828 1427 Ἀλλ’
1886 1361 1914 1415 δ

250 1452 442 1529 Κύριος
498 1455 586 1512 καὶ
643 1457 775 1520 Θεὸς
833 1459 1013 1533 ἡμῶν,
1073 1461 1101 1515 6
1156 1458 1226 1517 δι’
1285 1463 1428 1537 ἡμᾶς
1457 1462 1661 1541 κατάρα
1688 1462 1914 1539 γενόμε-

247 1563 367 1620 νος,
429 1544 517 1599 καὶ
599 1547 936 1625 Σαμαρείτης
996 1549 1250 1629 ἀκούσας,
1340 1550 1559 1631 ὁδεύων,
1616 1549 1909 1619 τουτέστιν,

251 1634 383 1689 αὑτὸ
438 1640 592 1691 τοῦτο
689 1635 951 1715 πρόφασιν
1029 1637 1151 1699 ὁδοῦ
1206 1639 1594 1716 ποιησάμενος,
1665 1642 1751 1697 καὶ
1822 1642 1913 1696 τὸν

251 1722 456 1825 σκοπὸν
511 1721 754 1797 Θέμενος,
815 1727 876 1781 τὸ
918 1728 1060 1802 ἡμᾶς
1109 1732 1447 1810 θεραπεῦσαι,
1499 1718 1622 1786 ἀλλ’
1679 1733 1737 1788 οὑ
1772 1751 1907 1807 παρ-

251 1827 453 1865 οοευων

252 1896 415 1963 ἦλθεν
474 1902 545 1964 εἰς
606 1906 775 1977 ἡμᾶς,
835 1910 1273 1987 συναναστραφεὶς
1333 1911 1491 1984 ἡμῖν,
1551 1910 1639 1965 καὶ
1703 1907 1899 1983 ὁμιλή-

252 2008 352 2050 σας
403 1989 776 2067 ἀφαντάστως.
841 1993 1141 2062 Κατέδησεν
1196 1998 1286 2053 οὖν
1317 1999 1460 2061 εὐθὺς
1509 1999 1576 2054 τὰ
1604 1998 1903 2077 τραύματα,

252 2076 334 2149 μὴ
390 2078 547 2142 ἐάσας
594 2082 693 2149 τὴν
746 2085 933 2139 κακίαν
989 2084 1074 2140 ἐπὶ
1117 2083 1280 2143 πλέον
1321 2085 1506 2143 ἄνετον
1549 2076 1714 2161 εἶναι,
1769 2086 1906 2143 ἀλλὰ

249 2164 558 2237 καταδήσας
617 2169 806 2249 αὑτὴν,
880 2170 1107 2252 ἐπέχεεν
1174 2172 1229 2229 δὲ
1301 2173 1475 2232 ἔλαιον
1557 2178 1643 2232 καὶ
1701 2176 1850 2233 οἶνον
1885 2191 1899 2205 ⁸

250 2253 431 2345 ἔλαιον
475 2258 576 2332 μὲν
627 2260 717 2315 τὸν
773 2259 933 2339 λόγον
987 2267 1087 2329 τῆς
1137 2260 1497 2345 διδασκαλίας,
1541 2274 1631 2323 τὸν
1675 2264 1757 2322 διὰ
1798 2268 1904 2322 τῶν

250 2344 465 2421 ἀγαθῶν
522 2350 949 2428 προτρεπόμενον
981 2370 998 2388 ’
1063 2352 1213 2409 οἶνον
1244 2352 1323 2433 δὲ,
1358 2357 1450 2411 τὸν
1478 2344 1562 2411 διὰ
1604 2362 1710 2411 τῶν
1740 2352 1906 2436 φοϐε-

254 2434 498 2518 ρωτέρων
554 2439 809 2516 ἒνάγοντα
866 2442 998 2520 πρὸς
1058 2442 1271 2514 ἀρετήν,
1333 2446 1463 2502 Οἶον
1528 2445 1655 2502 ὅταν
1708 2434 1904 2522 ἀκούῃς

256 2529 360 2615 τοῦ.
403 2526 587 2604 Κυρίου
645 2525 893 2607 λέγοντος
929 2548 943 2563 ⁸
1006 2532 1165 2587 Δεῦτε
1221 2534 1352 2611 πρὸς
1424 2534 1518 2615 μὲ,
1578 2534 1727 2611 κάγὼ
1777 2534 1911 2592 ἄνα-

258 2612 446 2704 παύσω
515 2615 674 2690 ὑμᾶς,
732 2625 885 2675 τοῦτο
933 2619 993 2675 τὸ
1051 2617 1229 2677 ἔλαιον
1264 2640 1277 2655 ο
1334 2612 1625 2703 ἱλαρότητα
1675 2625 1774 2704 γὰρ
1824 2618 1912 2683 καὶ

256 2699 549 2758 ἀναπαυσιν
578 2704 928 2770 ὑποδείκνυσι.
987 2710 1085 2767 Καὶ
1128 2709 1290 2767 πάλιν
1326 2726 1340 2741 ⁸
1403 2699 1585 2787 Ᾰεῦτε,
1643 2699 1912 2792 κληρονο-

256 2792 465 2861 μήσατε
517 2793 617 2861 τὴν
691 2797 1097 2874 ἡτοιμασμένην
1175 2802 1304 2876 ὑμτν
1362 2801 1655 2879 βασιλείαν,
1733 2795 1911 2863 ”Οσαν

256 2877 310 2934 δὲ
370 2878 527 2959 λέγῃ,
560 2883 641 2939 ὅτι
674 2886 958 2965 Πορεύεσθε
999 2890 1073 2953 εἰς
1128 2891 1192 2945 τὸ
1246 2891 1461 2972 σκότος,
1496 2902 1649 2952 τοῦτο
1680 2895 1709 2949 ὸ
1740 2898 1909 2969 οἶνος,

254 2972 287 3039 ἡ
348 2973 609 3040 στυπτικὴ
669 2972 1001 3040 διδασκαλία.
1064 2980 1289 3048 Νοήσεις
1344 2978 1390 3035 δ’
1448 2980 1510 3037 ἂν
1541 2984 1629 3039 καὶ
1681 2981 1857 3047 ἄλλως
1888 3002 1902 3016 ⁸

1996 568 2313 647 quemdam
2348 566 2705 630 habet.Nam
2736 585 2946 629 revera
2967 567 3059 629 lex
3088 587 3207 629 non
3232 566 3305 630 ob
3333 586 3430 629 res
3450 568 3507 628 in
3526 566 3653 647 pri-

2000 657 2114 719 mis
2144 657 2427 737 intentas,
2465 656 2567 718 sed
2594 665 2842 736 propter
2871 657 3187 718 humanam
3222 656 3652 732 inﬁrmitatem,

2001 764 2133 827 quae
2178 764 2297 808 non
2358 746 2548 826 potuit
2590 744 2662 807 ab
2714 744 2879 807 initio
2934 756 3371 809 sacramentum
3433 744 3657 808 Christi

2003 834 2333 916 suscipere,
2368 835 2503 897 data
2532 844 2642 901 est.
2685 837 3013 915 Propterea
3045 836 3209 917 dicit,
3240 835 3469 898 Accidit
3497 835 3650 917 quod

2002 924 2303 998 sacerdos,
2337 926 2445 985 hoc
2470 934 2557 985 est
2593 925 2710 1004 lex,
2737 923 2817 984 ita
2848 924 3007 988 enim
3058 923 3260 986 dicere
3290 925 3550 987 solemus
3580 924 3655 987 de

2002 1013 2096 1074 his
2114 1033 2245 1095 quae
2267 1014 2505 1075 fortuito
2522 1012 2932 1088 obveniunt,et
2948 1013 3093 1075 citra
3108 1030 3348 1095 operam
3365 1020 3650 1089 nostram,

2002 1104 2163 1165 venit
2193 1118 2253 1164 ut
2289 1111 2524 1164 sanaret
2555 1102 2884 1183 hominem,
2932 1103 3035 1164 sed
3080 1103 3371 1165 Dominus
3404 1108 3464 1165 et
3493 1104 3653 1165 Deus

2000 1200 2227 1272 noster,
2260 1191 2360 1272 qui
2394 1200 2635 1272 propter
2667 1210 2777 1251 nos
2820 1191 3008 1253 factus
3039 1210 3125 1263 es:
3159 1191 3564 1271 maledictum,
3597 1198 3656 1252 et

1998 1289 2236 1343 vocatus
2268 1279 2695 1354 Samaritanus,
2732 1282 2841 1341 iter
2882 1280 3130 1357 faciens,
3185 1280 3298 1341 hoc
3336 1287 3448 1360 est,
3499 1280 3653 1341 hanc

1998 1368 2367 1449 potissimum
2397 1368 2733 1430 suiitineris
2757 1386 2996 1431 causam
3022 1386 3155 1431 esse
3180 1368 3474 1443 volens,et
3497 1368 3654 1430 hunc

1998 1476 2241 1539 scepum
2274 1456 2628 1539 observans],
2650 1469 2715 1520 ut
2746 1476 2853 1520 nos
2874 1466 3130 1539 sanaret,
3158 1477 3274 1519 non
3302 1458 3653 1537 praeteriens

1998 1557 2056 1609 et
2078 1546 2269 1609 obiter
2292 1566 2399 1608 nos
2430 1547 2670 1608 visitans
2694 1548 2854 1610 venit
2884 1547 2957 1608 ad
2985 1563 3117 1629 nos,
3148 1547 3252 1608 sed
3272 1556 3653 1609 conversatus

1994 1636 2329 1711 nobiscum,
2362 1646 2419 1698 et
2459 1638 2697 1699 locutus
2750 1656 2868 1698 non
2918 1645 3296 1718 apparenter,
3331 1638 3435 1698 sed
3488 1656 3649 1701 vere.

1996 1726 2253 1788 Proinde
2277 1726 2473 1787 statim
2498 1726 3182 1807 alligatvulnera,neque
3204 1725 3495 1807 permittit
3519 1745 3647 1787 ma-

460 1858 476 1890 ,
570 1814 655 1868 καὶ
743 1813 803 1869 ἐκ
886 1805 1177 1895 παρέργουή
1226 1805 1652 1895 ἐπισκεψάμενος
1737 1805 1903 1893 ἡμᾶς,

1998 1816 2183 1878 litiam
2235 1815 2490 1896 amplius
2541 1815 2747 1896 laxari,
2782 1815 2889 1877 sed
2934 1805 3137 1892 alligat
3188 1805 3341 1876 eam.
3386 1813 3651 1875 Infundit

1991 1908 2187 1970 oleum
2213 1926 2279 1969 ac
2304 1908 2503 1969 vinum
2536 1926 2549 1969 ε
2583 1906 2808 1983 oleum,
2843 1908 2956 1968 hoc
2999 1915 3087 1968 est
3132 1925 3470 1969 sermonem
3503 1906 3649 1967 doc-

1992 1996 2291 2078 trinae,qui
2316 2015 2422 2077 per
2445 1998 2646 2057 suavia
2679 2015 2785 2058 nos
2830 1996 3176 2057 adhortatur
3206 2017 3219 2055 :
3259 1995 3454 2056 vinum
3482 2014 3649 2076 vero,

1988 2104 2330 2149 sermonem
2359 2084 2456 2166 qui
2482 2103 2591 2165 per
2621 2085 2952 2147 austeriora
2979 2084 3208 2146 inducit
3238 2083 3315 2146 ad
3347 2083 3646 2146 virtutem.

1989 2175 2258 2255 Exempli
2282 2173 2493 2255 gratia,
2519 2173 2755 2254 quando
2777 2173 2947 2235 audis
2971 2172 3287 2233 Dominum
3306 2172 3643 2241 dicentem;

1988 2263 2201 2326 Venite
2223 2263 2296 2324 ad
2326 2281 2443 2337 me,
2478 2271 2539 2324 et
2582 2281 2691 2341 ego
2722 2261 3070 2324 refocillabo
3103 2281 3237 2322 vos:
3276 2262 3389 2324 hoc
3422 2263 3646 2338 oleum,

1988 2352 2352 2416 hilaritatem
2382 2351 2541 2415 enim
2577 2359 2639 2414 et
2672 2350 2937 2433 quietem
2969 2350 3248 2412 ostendit.
3287 2349 3360 2413 Et
3388 2358 3601 2413 iterum
3633 2368 3647 2412 :

1992 2441 2534 2522 Venite,possidete
2557 2449 2951 2521 praeparatum
2978 2439 3139 2501 vobis
3161 2457 3432 2519 regnum.
3459 2437 3654 2514 Quan—

1997 2530 2073 2592 do
2102 2537 2301 2593 autem
2338 2529 2481 2591 dicit
2516 2548 2529 2592 :
2576 2528 2661 2592 Ite
2691 2531 2753 2590 in
2786 2528 3063 2591 tenebras
3094 2550 3107 2586 :
3163 2530 3363 2590 vinum
3397 2537 3507 2609 est,
3540 2529 3653 2589 hoc

1997 2628 2086 2682 est
2114 2619 2407 2682 austerior
2436 2618 2709 2680 doctrina
2738 2639 2751 2680 :
2790 2618 3133 2698 Intelligere
3164 2636 3333 2699 pates
3364 2626 3421 2679 et
3451 2617 3647 2679 aliter.

1997 2709 2210 2774 Oleum
2235 2709 2553 2772 humanam
2583 2708 2877 2787 signiﬁcat
2907 2706 3648 2780 conversationem,vinum

1998 2798 2353 2871 divinam,ut
2375 2798 2492 2859 tale
2512 2797 2652 2877 quid
2678 2797 2870 2858 dicam
2898 2818 2909 2859 :
2940 2795 3229 2857 Dominus
3259 2794 3373 2856 alia
3392 2795 3653 2855 humano

1998 2905 2165 2949 more
2188 2886 2698 2968 0pcrabatur,alia
2711 2893 2907 2947 autem
2935 2882 3501 2945 divino.IIumanum
3528 2889 3657 2944 erat

1990 2975 2310 3040 comedere
2342 2984 2400 3037 et
2434 2974 2663 3049 bibere,
2704 2985 2761 3036 et
2792 2974 2967 3035 vitam
2998 2973 3281 3035 laxiorem
3317 2975 3558 3054 sectari,
3592 2980 3651 3035 et

248 3057 427 3115 ἔλαιον
513 3063 610 3130 τὴν
695 3065 831 3120 κατὰ
914 3066 1188 3146 ἄνθρωπον
1244 3067 1537 3149 διαγωγὴν,
1598 3072 1749 3129 οἶνον
1806 3074 1904 3142 τὴν

1995 3084 2109 3127 non
2141 3064 2549 3128 austeritatem
2582 3081 2704 3144 praa
2734 3082 2799 3125 se
2834 3064 3015 3139 ferre,
3053 3070 3118 3125 ut
3140 3061 3439 3125 Joannes:
3475 3070 3651 3144 atque

251 3148 386 3239 κατὰ
441 3151 593 3226 Θεὸν,
630 3153 749 3211 οἶόν
779 3176 828 3211 τι
861 3153 1005 3235 λέγω
1038 3176 1051 3189 ⁸
1108 3147 1165 3215 Ὀ
1221 3147 1405 3237 Κύριος
1427 3147 1433 3149 ⁷
1459 3161 1525 3218 τὰ
1576 3161 1675 3237 μὲν
1704 3161 1909 3239 ἀνθρω-

1995 3155 2107 3217 hoc
2128 3155 2305 3217 fuerit
2325 3155 2520 3217 oleum
2537 3153 2861 3234 .Jejunium
2880 3172 3018 3216 vero
3046 3151 3409 3229 mirabile,et
3428 3152 3645 3214 ambu-

256 3236 403 3330 πίνος
453 3240 687 3330 ένήργει,
747 3244 813 3299 τὰ
870 3242 948 3324 δὲ,
1018 3248 1237 3310 θεϊκῶς.
1300 3236 1376 3305 Τὸ
1434 3249 1531 3325 μὲν
1571 3250 1671 3330 γὰρ
1723 3236 1909 3308 ἐσθίειν

1995 3243 2135 3305 latio
2164 3244 2225 3305 in
2251 3245 2421 3320 mari,
2463 3252 2521 3305 et
2542 3243 2671 3305 alia:
2694 3243 2907 3304 divinae
2934 3242 3211 3317 virtutes,
3248 3243 3449 3304 vinum
3485 3250 3645 3303 sunt.

260 3328 348 3381 καὶ
405 3328 595 3405 πίνειν,
652 3334 740 3388 καὶ
796 3335 885 3390 τὸν
942 3334 1125 3405 ἄνετον
1177 3337 1288 3413 βίον
1360 3328 1727 3415 μεταδιώκειν,
1788 3340 1909 3397 ἀλλ’

1996 3333 2149 3395 Vino
2193 3334 2352 3395 enim
2386 3333 2710 3395 assimilata
2757 3340 2847 3394 est
2882 3332 3098 3406 deitas,
3133 3351 3309 3413 quam
3350 3350 3647 3393 meracam

263 3416 837 3510 ﬁliai-dupzywyizv
880 3422 1249 3510 ἐνδείκνυαοαι,
1309 3426 1488 3506 ὥσπερ
1545 3431 1572 3485 6
1631 3427 1907 3510 Ἰωάννης,

1995 3421 2290 3484 sustinere
2341 3442 2411 3487 ac
2458 3422 2616 3485 ferre
2662 3421 2862 3483 nullus
2914 3430 3131 3503 posset,
3180 3421 3290 3483 nisi
3343 3430 3401 3482 et
3455 3420 3648 3482 oleum

262 3507 415 3561 τοῦτο
465 3507 575 3564 ἐστι
634 3512 694 3566 τὸ
751 3509 950 3574 ἔλαιον.
1016 3504 1077 3571 Ἠ
1137 3512 1191 3570 δὲ
1249 3514 1369 3584 ξένη
1424 3504 1641 3584 νηστεία
1670 3520 1812 3577 καὶὸ
1857 3504 1909 3577 ἐν

260 3594 496 3673 θαλάσσῃ
554 3601 868 3679 περίπατος,
915 3605 1004 3660 καὶ
1056 3603 1153 3660 ὅσα
1194 3603 1331 3664 ἄλλα
1396 3612 1495 3675 τῆς
1553 3608 1693 3673 θείας
1748 3608 1898 3665 δυνάο

261 3705 427 3757 μεως,
485 3691 649 3745 ταῦτά
696 3690 835 3748 ἐστιν
880 3694 908 3749 6
951 3694 1126 3757 οἶνος,
1173 3694 1319 3771 Οἴνῳ
1386 3698 1485 3775 γὰρ
1558 3696 1908 3755 ἀπεικαστέον

259 3773 354 3838 τὴν
399 3776 648 3854 θεότητα,
696 3780 763 3848 ἣν
808 3780 1033 3850 ἄκρατον
1091 3785 1406 3863 ὑπενεγκεῖν
1464 3785 1630 3850 οὑδεὶς
1661 3788 1725 3843 ἅν
1780 3785 1906 3857 ἠδυ-

257 3864 410 3937 νήθη,
448 3868 492 3922 εἷ
534 3869 612 3943 μὴ
645 3872 821 3929 καὶτὸ
852 3871 1029 3930 ἔλαιον
1096 3876 1189 3946 ἧν,
1244 3876 1511 3933 τουτέστιν
1560 3878 1595 3944 ἡ
1641 3878 1777 3933 κατὰ
1811 3877 1907 3932 ἅν-

1992 3512 2250 3588 adesset,
2285 3513 2397 3575 hoc
2428 3521 2516 3576 est
2543 3512 2863 3574 humanior
2889 3512 3281 3573 conservatio.
3303 3510 3372 3572 Et
3400 3510 3652 3590 proinde

1992 3601 2131 3683 quia
2162 3622 2267 3684 per
2290 3611 2539 3685 utraque
2564 3621 2673 3664 nos
2698 3601 2976 3675 servavit,
3003 3600 3370 3661 divinitatem
3408 3600 3649 3680 inquam

1994 3700 2050 3754 et
2082 3692 2511 3754 humanitatem
2548 3713 2562 3753 :
2602 3700 2925 3773 propterea
2955 3689 3099 3749 dicit
3131 3689 3330 3750 vinum
3366 3696 3422 3750 et
3450 3689 3648 3752 oleum

1992 3779 2127 3841 551
2160 3778 2470 3841 infudisse.
2510 3780 2580 3842 Et
2611 3781 2875 3861 quotidie
2918 3778 3018 3859 qui
3077 3777 3445 3857 baptizantur
3492 3776 3649 3838 libe-

1993 3877 2202 3932 rantur
2233 3887 2266 3930 a
2290 3869 2635 3931 vulneribus
2667 3869 2901 3941 animae,
2938 3867 3072 3927 oleo
3102 3865 3341 3947 quidem
3367 3866 3652 3945 unguenti

255 3954 463 4045 ρρωπον
518 3955 783 4039 διαγωγή.
846 3960 993 4020 Ἐπεὶ
1078 3973 1165 4022 οῦν
1243 3963 1311 4020 δι’
1398 3964 1709 4045 ἀμφοτέρων
1766 3968 1909 4041 ἡμᾶς

1995 3960 2157 4023 uncti
2184 3980 2196 4022 :
2235 3958 2432 4020 statim
2463 3968 2660 4022 autem
2694 3956 3205 4019 communicantes
3231 3964 3292 4017 et
3314 3954 3650 4015 divinisan-

259 4039 444 4138 έσωσε,
490 4049 737 4117 θεύτητός
782 4076 920 4132 φημι
980 4052 1074 4111 καὶ
1129 4039 1559 4134 ἀνθρωπότητος,
1606 4039 1706 4111 ,διὰ
1757 4039 1909 4112 τουτο

1995 4048 2188 4129 guinis
2228 4050 2541 4130 participes
2584 4050 2754 4111 ﬁunt.
2807 4050 2993 4108 Porro
3033 4044 3322 4138 Dominus
3370 4043 3651 4138 imposuit

260 4131 467 4222 λέγεται
513 4137 662 4195 οἶνον
721 4131 809 4197 καὶ
851 4139 1031 4198 ἔλαιον
1075 4131 1320 4222 ἐπιχέαι.
1372 4144 1467 4201 Καὶ
1517 4131 1634 4200 καθ’
1678 4145 1908 4211 ἑκάστην

1995 4138 2253 4200 sauciam
2284 4144 2548 4202 nostram
2581 4146 2855 4199 naturam
2888 4153 3069 4217 super
3087 4133 3395 4216 proprium
3413 4132 3652 4213 jumen-

263 4218 313 4313 δὲ
372 4224 420 4279 οἱ
490 4227 889 4305 βαπτιζόμενοι,
984 4238 1091 4287 τῶν
1160 4218 1472 4310 τραυμάτων
1530 4238 1626 4300 τῆς
1721 4238 1905 4313 ψυχῆς

1995 4236 2139 4301 tum,
2176 4229 2287 4287 hoc
2318 4234 2431 4302 est,
2465 4245 2650 4307 super
2678 4244 2893 4305 corpus
2944 4242 3142 4288 suum.
3177 4222 3444 4286 Membra
3492 4224 3647 4283 enim

265 4312 711 4392 ἀπαλλάττονται,
791 4318 952 4393 ἐλαὶῳ
1021 4321 1118 4395 μὶν
1205 4321 1299 4377 τοῦ
1368 4323 1529 4401 μύρου
1602 4323 1900 4402 χριόμενοι,

1995 4334 2097 4377 sua
2125 4334 2235 4377 nos
2286 4315 2425 4376 fecit
2476 4327 2533 4376 et
2578 4315 2899 4394 participes
2925 4313 3018 4375 sui
3069 4314 3373 4394 corporis:
3422 4329 3648 4391 nosque

264 4404 401 4466 εὑθὺς
456 4403 509 4460 δὲ
582 4416 979 4483 κοινωνοῦντες,
1018 4411 1104 4466 καὶ
1148 4416 1242 4467 τοῦ
1282 4412 1417 4468 Θείου
1476 4412 1704 4485 α’ῗματος
1749 4433 1905 4487 μετα-

264 4490 278 4512 ,
371 4491 430 4512 ρ,
696 4496 740 4512 .,
824 4496 905 4512 -.ο
1061 4496 1106 4512 ..
1190 4502 1202 4512 .
1548 4501 1558 4512 .

1995 4404 2195 4465 inﬁmo
2229 4406 2353 4464 loco
2387 4404 2532 4465 sitos
2566 4404 2761 4485 posuit
2794 4403 2853 4463 in
2886 4402 3244 4481 dignitatem
3275 4402 3472 4512 illam;
3493 4409 3649 4512 utlet

260 4490 632 4567 λαμϐάνοντες.
696 4496 1001 4555 Ἀνεόίϐασε
1056 4496 1114 4553 δὲ
1183 4502 1211 4555 6
1282 4500 1464 4573 Κύριος
1508 4501 1602 4568 τὴν
1660 4522 1881 4581 τραυμαο

1995 4494 2261 4573 ejusdem
2284 4495 2548 4573 corporis
2561 4492 2769 4555 simus.
2792 4492 3191 4554 Diversorium
3219 4500 3412 4553 autem
3432 4488 3646 4551 Eccle-

258 4586 522 4640 τισθιϊσαν
579 4586 735 4662 ἡμῶν
792 4588 942 4666 φύσιν
1001 4588 1085 4645 ἐπὶ
1129 4591 1189 4645 τὸ
1234 4587 1371 4644 ἴδιον
1440 4591 1740 4670 ὑποζύγιον,
1774 4612 1900 4646 του-

1995 4583 2075 4646 sia
2096 4593 2205 4657 est,
2242 4601 2374 4664 qua:
2401 4600 2606 4644 omnes
2637 4581 2928 4663 suscipit;
2970 4582 3061 4643 lex
3094 4581 3250 4642 enim
3288 4600 3405 4642 non
3439 4598 3647 4641 omnes

258 4675 451 4748 τέστιν,
508 4676 592 4733 ἐπὶ
664 4679 724 4734 τὸ
773 4686 928 4754 σῶμα
986 4683 1142 4738 αὑτοῦ
1177 4695 1190 4709 ⁸
1251 4678 1390 4754 μέλη
1435 4681 1534 4759 γὰρ
1574 4680 1730 4737 αὑτοῦ
1764 4682 1903 4757 ἡμᾶς

1995 4672 2371 4752 suscipiebat.
2405 4669 2654 4732 Moabita
2673 4671 2859 4745 enim,
2887 4670 3049 4747 dicit,
3084 4679 3142 4734 et
3169 4670 3507 4732 Ammonita
3526 4687 3643 4759 non

259 4764 497 4838 ἐποίησε,
554 4770 641 4824 καὶ
702 4770 985 4833 κοινωνοὺς
1027 4778 1117 4828 τοῦ
1179 4770 1426 4844 σώματος
1459 4770 1639 4850 αὑτοῦ,
1671 4770 1817 4830 κάτω
1847 4792 1903 4829 τε

1995 4761 2292 4824 intrabunt
2328 4762 2384 4822 in
2417 4760 2743 4822 Ecclesiam
2782 4760 2912 4824 Dei.
2948 4759 3115 4822 Nunc
3160 4769 3355 4822 autem
3390 4758 3449 4820 in
3481 4757 3645 4821 omni

260 4856 527 4931 κειμένους
593 4855 899 4915 ἀνεϐίϐασεν
974 4861 1060 4916 επὶ
1116 4861 1214 4927 τὴν
1270 4858 1416 4925 ἀξίαν
1473 4848 1701 4934 ἐκείνην,
1762 4860 1900 4917 ὥστε

1995 4860 2155 4933 gente
2177 4851 2279 4932 qui
2299 4851 2465 4912 timet
2507 4852 2716 4921 Deum,
2744 4857 3027 4932 acceptus
3058 4858 3147 4911 est
3176 4850 3257 4925 ei,
3292 4849 3469 4909 modo
3502 4848 3643 4909 velit

262 4946 566 5020 σδσσώμους
624 4950 764 5021 αὑτῷ
793 4948 959 5007 εἶναι.
1020 4947 1353 5028 Πανδοχεϊον
1383 4946 1437 5004 δὲ
1498 4951 1531 5016 ἡ
1584 4946 1896 5025 Ἐκκλησία,

1995 4942 2234 5004 credere
2266 4949 2323 5001 et
2345 4958 2477 5021 pars
2502 4939 2633 5001 ﬁeri
2658 4938 3100 5020 Ecclesiae,quaa
3122 4957 3331 4999 omnes
3360 4946 3643 5018 peccato-

268 5035 295 5101 ἦ
350 5035 519 5091 πάντα
574 5035 945 5118 ὑποδεχομένη
982 5059 995 5073 ·
1032 5041 1059 5094 6
1090 5027 1201 5114 μὶν
1243 5038 1342 5115 γὰρ
1388 5038 1572 5117 νόμος,
1617 5039 1674 5092 οὑ
1704 5038 1903 5104 πάντας

1995 5050 2080 5094 res
2099 5040 2157 5092 et
2178 5030 2525 5112 publicanos
2548 5029 2984 5111 suscipit.Vide
3010 5030 3150 5091 item
3166 5039 3223 5090 et
3247 5027 3613 5107 diligentiam
3628 5075 3644 5101 ,

264 5122 493 5203 ἐδέχετο.
551 5125 835 5194 Μωαϐίτης
875 5129 999 5207 γὰρ,
1065 5128 1214 5208 anei,
1276 5128 1362 5182 καὶ
1420 5126 1752 5202 Ἀμμανίτης
1810 5129 1904 5184 οὑκ

1995 5120 2282 5203 quomodo
2305 5120 2555 5195 ducens,
2591 5122 2807 5201 inquit,
2845 5120 2905 5180 in
2959 5119 3382 5197 diversorium,
3438 5134 3640 5178 curam

263 5214 603 5273 εἰσελεύσεται
653 5218 726 5281 εἰς
798 5215 1119 5283 Ἐκκλησίαν
1176 5222 1330 5277 Θεοῦ.
1399 5222 1501 5273 Νῦν
1557 5212 1611 5270 δί
1660 5217 1715 5271 ἒν
1746 5218 1902 5273 παντὶ

1995 5212 2115 5291 ejus
2137 5209 2345 5289 egerit.
2366 5208 2511 5271 Nam
2542 5211 2707 5290 prius
2739 5228 2912 5290 quam
2938 5209 2996 5269 in
3022 5211 3135 5271 hoc
3160 5209 3428 5287 duceret,
3454 5206 3644 5269 soluta

263 5303 384 5360 ἔθνει
442 5307 469 5361 6
523 5304 846 5384 φοϐούμενος
897 5306 986 5362 τὸν
1032 5307 1160 5361 Θεὸν
1204 5303 1385 5367 δεκτὸς
1443 5305 1584 5384 αὑτῷ
1614 5302 1746 5375 ἐστι,
1806 5306 1896 5362 Θέ-

1995 5298 2247 5376 illigavit
2273 5298 2535 5362 vulnera.
2565 5299 2713 5372 Quid
2746 5298 2926 5378 igitur
2957 5307 3046 5361 est
3092 5298 3246 5380 quod
3279 5295 3463 5361 dico?
3496 5296 3644 5368 Quia

259 5392 356 5449 λων
415 5381 714 5475 πιστεῦσαι,
770 5398 856 5453 καὶ
908 5394 1069 5475 μέρος
1124 5393 1363 5472 γενέτθαι
1416 5392 1513 5460 τῆς
1554 5381 1893 5461 Ἐκκλησίας.

1995 5406 2117 5451 :um
2150 5386 2466 5451 constituta
2490 5388 2886 5468 estEcclesia,
2911 5396 2968 5449 et
2992 5388 3213 5449 factum
3247 5396 3337 5449 est
3369 5386 3639 5445 diverso-

261 5484 456 5545 Πάντας
510 5484 609 5564 γὰρ
657 5483 1005 5565 ὑποδέχεται,
1061 5485 1149 5540 καὶ
1204 5482 1551 5561 ἁμαρτωλοὺς
1608 5483 1695 5538 καὶ
1726 5482 1896 5539 τελω-

1995 5479 2281 5553 rium,hoc
2304 5485 2494 5552 est,ex
2513 5478 2793 5555 omnibus
2816 5479 3004 5539 ferme
3018 5476 3293 5557 gentibus
3307 5477 3423 5539 ﬁde
3444 5482 3637 5555 aucta,

258 5594 359 5637 νας.
424 5562 592 5651 ’Ὅρα
629 5572 683 5631 δέ
737 5562 861 5642 τὴν-
895 5572 1184 5655 ἀκρίϐειαν,
1245 5578 1360 5635 πῶς
1417 5592 1603 5651 φησιν,
1650 5571 1731 5629 ὅτι
1762 5574 1896 5631 ἀπα-

1995 5588 2122 5633 Lunc
2142 5569 2383 5631 fuerunt
2403 5578 2462 5631 et
2484 5570 2740 5652 Spiritus
2767 5571 2953 5631 sancti
2988 5573 3170 5647 dona,
3194 5578 3254 5633 et
3286 5569 3531 5631 dilatata
3552 5586 3645 5646 es;

261 5664 433 5744 γαγὼν
491 5665 565 5727 εἷς
622 5665 682 5721 τὸ
739 5662 1091 5745 πανδοχεῖον,
1152 5660 1461 5739 ἐπεμελήθη
1519 5663 1676 5720 αὑτοῦ
1706 5679 1721 5696 ⁸
1779 5665 1897 5742 πρὶν

1995 5660 2173 5742 gratia
2192 5657 2297 5720 Dei
2325 5674 2339 5718 :
2374 5658 2433 5721 id
2466 5660 2623 5740 quod
2674 5678 2742 5721 ex
2789 5659 2952 5724 Actis
2981 5660 3383 5741 apostolorum
3417 5658 3635 5732 disces,
