4116 6212
293 365 422 430 853

1046 364 1489 430 ENARRATIO
1534 367 1614 428 IN
1663 358 2172 427 EVANGELIUM
2218 358 2457 423 LUC/E.
2507 394 2582 404 -
2623 358 2788 424 CAP.
2840 365 2943 425 XI.

3566 360 3682 424 834

277 503 621 567 ἀποστόλους
666 507 693 561 '0
760 506 969 583 Κύριος,
1009 504 1102 559 ’ίνα
1145 501 1270 559 ὅταν
1324 501 1623 559 εἰσέλθωσιν
1670 504 1743 565 είς
1776 501 1923 559 οἰκίαπ

2024 492 2174 554 nihil
2208 492 2338 573 plus
2364 502 2699 576 quaerentes
2727 513 2903 575 quam
2937 502 2997 556 ut
3022 495 3329 558 attendant
3358 494 3666 558 doctrinae.

274 595 450 656 τινος,
503 592 668 667 μηδεν
722 594 961 650 ποικίλον
1028 598 1283 664 ζητῶσιν,
1367 590 1486 648 ἀλλ’
1557 591 1818 670 ἀρκιῦνται
1874 596 1942 666 τῇ

275 681 414 759 λιτῇ
469 682 737 763 ὑποδοχῇ,
774 682 940 758 μηδὲν
970 680 1130 738 πλέον
1187 684 1493 755 ζητοῦντες,
1549 681 1585 749 ἢ
1632 682 1692 736 τὸ
1742 681 1940 759 προσέ-

278 794 413 852 χειν
470 774 539 841 τῆ
594 772 903 845 διδασκαλίᾳ
936 791 947 804 ·
1008 773 1114 828 νόει
1159 770 1213 827 δέ
1270 794 1388 850 μοι,
1439 772 1651 849 Μάρθαν
1709 771 1807 852 μὲν
1845 771 1940 837 τὴν

282 851 592 939 πρακτικήν
648 862 866 941 ἀρετὴν,
916 862 1119 939 Μαρίαν
1180 858 1235 917 δὲ
1289 862 1389 928 τὴν
1445 862 1685 939 θεωρίαν.
1722 851 1783 916 Ἠ
1844 860 1942 936 μὲν

283 950 383 1005 οῦν
439 953 706 1029 πρακτικὴ
766 952 1167 1030 περισπασμοὺς
1244 948 1361 1030 ἔχει
1412 953 1500 1008 καὶ
1555 948 1837 1030 ὀχλήσεις,
1906 951 1940 1016 ἡ

276 1038 345 1097 δὲ
395 1041 608 1120 θεωρία,
669 1041 816 1120 κυρία
874 1041 1135 1118 γενομένη
1188 1046 1294 1095 τῶν
1338 1041 1518 1098 παθῶν
1549 1055 1565 1071 ⁶
1597 1039 1769 1117 Μαρία
1817 1040 1938 1120 γὰρ,

280 1130 461 1209 κυρία,
508 1117 902 1205 ἑρμηνεύεταιλ
964 1132 1036 1195 είς
1111 1130 1209 1193 τὴν
1264 1136 1371 1185 τῶν
1427 1131 1580 1187 θείων
1632 1128 1808 1203 λόγων
1855 1117 1942 1184 κειὶ

278 1225 394 1274 τῶν
437 1220 709 1295 κριμάτων
740 1218 949 1294 ἐποψίιν
1001 1217 1383 1298 ἐνασχολεῐται
1443 1219 1634 1291 μόνην.
1698 1219 1939 1298 Πρὸσχες

274 1304 336 1361 δὲ
392 1310 479 1363 καὶ
538 1309 622 1387 τὸ,
684 1309 1093 1385 Παρακαθίσασα
1149 1308 1289 1386 παρά
1354 1308 1475 1371 τοὺς
1531 1305 1695 1372 πόδας
1755 1308 1931 1383 αὑτοῦ,

282 1395 442 1461 ἤκουε
500 1404 608 1453 τῶν
666 1396 840 1475 λόγων
884 1401 1067 1456 αὖτοῦ.
1123 1400 1181 1454 Οἱ
1235 1397 1331 1473 μὲν
1392 1398 1490 1474 γὰρ
1532 1386 1691 1459 πόδες
1724 1410 1936 1453 νοοτντο

274 1484 347 1539 ἂν
404 1489 476 1550 είς
537 1487 635 1553 τὴν
694 1485 993 1565 πρακτικὴν
1064 1486 1279 1559 ἀρετήν,
1349 1483 1623 1555 Κινήσεως
1691 1487 1790 1565 γάρ
1846 1488 1935 1543 καὶ

277 1576 495 1653 πορείας
557 1578 684 1632 εἰσὶν
744 1573 1073 1655 ἐνδεικτικοί.
1121 1576 1193 1632 T0
1250 1573 1303 1630 δὲ
1334 1576 1564 1647 καθίσαι,
1601 1580 1699 1641 τῆς
1759 1573 1937 1655 ἑδραι-

278 1665 477 1730 ότητος
523 1663 809 1739 σύμϐολον.
854 1654 1048 1728 ΗΟστις
1096 1664 1183 1720 οῦν
1212 1664 1409 1721 καθίσει
1459 1665 1600 1742 παρά
1655 1664 1777 1727 τοὺς
1829 1664 1935 1721 πό-

280 1751 376 1815 δας
435 1762 527 1811 τοῦ
586 1753 791 1834 Ἰησοῦ,
874 1752 1165 1824 τουτέστιν,
1250 1753 1392 1819 ὅστις
1444 1752 1706 1832 ὲδραιωθῇ
1761 1753 1814 1809 ἐν
1870 1759 1937 1830 τῇ

279 1850 573 1923 πρακτικῇ,
630 1845 714 1900 καὶ
766 1845 863 1912 τὴν
922 1853 1015 1902 τοῦ
1080 1842 1258 1911 Ἰησοῦ
1313 1842 1528 1922 πορείαν
1584 1843 1671 1898 καὶ
1729 1841 1932 1921 διαγω-

280 1940 385 2007 γήν
436 1934 811 2007 μιμησάμενος
870 1932 924 1988 ἐν
982 1933 1149 2009 ταύτῃ
1203 1934 1492 2010 στερεωθῇ,
1541 1933 1747 1996 ἐκεῖνος
1798 1932 1934 2005 μετά

278 2023 445 2077 ταῦτα
475 2022 652 2100 φθάνει
699 2024 772 2086 εἷς
803 2023 898 2090 τὴν
949 2023 1116 2090 ἀκοὴν
1145 2029 1251 2078 τῶν
1294 2021 1445 2077 θείων
1493 2022 1708 2099 λογίων,
1771 2020 1931 2099 ἤγουν

277 2110 378 2175 τὴν
432 2110 670 2188 θεωρίαν,
731 2110 882 2169 Ἐπεὶ
940 2113 1027 2168 καὶ
1084 2113 1119 2179 ἠ
1171 2111 1342 2189 Μαρία
1400 2116 1606 2187 πρῶτον
1651 2111 1926 2181 καθίσασα,

273 2195 382 2253 εἶθ’
443 2198 608 2263 οὕτως
643 2199 804 2267 ἤκουε
834 2207 939 2258 τῶν
985 2200 1181 2278 λόγων.
1216 2201 1289 2255 Σὺ
1344 2200 1542 2277 τοίνυν,
1574 2200 1618 2255 εί
1648 2198 1743 2273 μὲν
1770 2196 1926 2254 δύνα-

273 2309 386 2365 σαι,
446 2290 519 2351 εἰς
563 2290 662 2358 τὴν
705 2292 803 2356 τῆς
848 2291 1049 2367 Μαρίας
1109 2286 1250 2354 τάξιν
1306 2284 1560 2359 ἀνάϐηθι,
1598 2288 1746 2365 κυρία
1774 2308 1929 2363 γενο-

274 2376 413 2450 μένη
470 2384 577 2433 τῶν
648 2382 854 2459 παθῶν,
904 2380 992 2436 καὶ
1052 2380 1125 2440 είς
1168 2379 1386 2456 θεωρίαν
1444 2378 1706 2455 φθάσασα.
1765 2378 1821 2433 Ei
1875 2374 1929 2431 δὲ

277 2467 356 2539 μὴ
411 2467 563 2526 τοῦτό
620 2490 702 2523 σοι
775 2466 1013 2547 δυνατὸν,
1062 2467 1241 2547 Μάρθα
1302 2472 1478 2544 γενοῦ,
1535 2473 1614 2540 τῷ
1656 2471 1931 2543 πρακτικῷ

277 2555 426 2633 μέρει
481 2556 868 2637 προσκειμένη,
912 2558 1002 2613 καὶ
1062 2553 1147 2611 δια
1206 2556 1395 2613 τούτου
1456 2555 1679 2632 Χριστὸν
1740 2552 1929 2610 31:085-

277 2646 518 2724 χομένη.
584 2636 731 2725 ’Ὅρα
786 2644 957 2702 δὲκαὶ
999 2648 1084 2717 τὸ,
1123 2665 1151 2705 (
1181 2645 1305 2713 ἥτις
1365 2649 1458 2705 οὐκ
1518 2644 1928 2726 ἀφαιρεθήσεται

281 2731 373 2790 ἀπ’
418 2736 607 2802 αὐτῆς.
645 2760 669 2792 0
740 2726 796 2793 Ὀ
853 2735 949 2811 μὲν
993 2738 1092 2816 γὰρ
1149 2737 1438 2815 πρακτικὸς
1494 2734 1613 2814 ἔχει
1643 2735 1670 2787 ὃ
1719 2735 1932 2813 ἀφαιρε-

274 2825 494 2891 θήσεται
551 2821 643 2880 ἀπ’
702 2826 883 2909 αὑτοῦ,
915 2824 1207 2902 τουτέστιν,
1241 2823 1367 2879 αὗτὸ
1411 2833 1562 2882 τοῦτο
1605 2823 1703 2891 τὴν
1748 2823 1924 2902 ἀσχο-

270 2912 411 2987 λίαν,
491 2916 578 2970 καὶ
630 2916 719 2971 τὸν
790 2914 1158 2989 περισπασμόν
1192 2929 1205 2943 ⁸
1283 2911 1597 2990 προκόπτων
1658 2913 1757 2990 γὰρ
1840 2915 1928 2969 καὶ

270 3002 476 3078 φθάνων
527 3004 600 3064 εἷς
642 3003 886 3083 θεωρίαν,
947 3003 1037 3059 τοῦ
1093 3009 1464 3081 περισπασμοῦ
1520 3003 1736 3069 καὶτῆς
1794 3002 1922 3080 τύρ-

272 3089 372 3171 3ης
428 3091 782 3171 ἐλευθεροῦται
819 3112 833 3126 ’

274 3170 332 3235 Ὀ
388 3179 442 3237 δὲ
495 3170 816 3261 θεωρητικὸς
893 3182 952 3240 οὗ
1028 3170 1296 3260 στερεΐταί
1364 3201 1493 3237 ποτε
1561 3184 1660 3246 τῆς
1719 3178 1923 3257 ἀγαθῆς

2025 582 2298 663 lntellige
2328 602 2563 665 quoque
2587 602 2692 664 per
2706 583 2989 647 Martham
3019 583 3290 647 virtutem
3316 586 3659 666 practicam,

2026 690 2133 752 per
2160 672 2424 745 Mariam,
2459 674 3043 754 contemplationem.
3071 676 3338 738 Practice
3370 675 3527 737 enim
3556 674 3673 747 dis-

2025 761 2343 824 tractiones
2367 770 2425 823 et
2472 761 2841 824 turbationas
2874 763 2987 824 fert
3031 784 3043 823 :
3092 764 3506 845 contemplatio
3537 780 3675 825 vero

2025 848 2269 912 domina
2300 851 2362 912 fit
2392 851 2802 914 atl'ectionum.
2827 852 3007 913 Maria
3030 852 3189 913 enim
3223 854 3461 915 domina
3492 853 3676 914 inter-

2026 947 2313 1020 pretatur,
2337 958 2405 1001 ac
2428 939 2488 1000 in
2515 940 2640 1001 sola
2671 940 3006 1002 divinorum
3039 941 3411 1021 eloquiorum
3436 950 3493 1002 et
3504 940 3670 1021 judi-

2026 1029 2252 1089 ciorum
2286 1029 2787 1110 contemplatione
2810 1039 3095 1111 occupata
3118 1039 3227 1094 est.
3254 1032 3674 1094 Animadverte

2025 1126 2220 1179 autem
2255 1128 2312 1180 et
2345 1120 2477 1195 hoc,
2513 1119 2669 1200 quod
2719 1119 2938 1182 assidet
2974 1121 3141 1199 juxta
3180 1121 3359 1202 pedes
3408 1120 3575 1202 Jesn,
3615 1130 3673 1182 et

2025 1207 2187 1268 audit
2217 1226 2524 1269 sermones
2548 1209 2697 1288 ejus.
2727 1208 2960 1271 Etenim
2995 1228 3101 1289 per
3130 1210 3313 1288 pedes
3339 1210 3674 1289 intelligunt

2018 1297 2292 1357 virtutem
2347 1297 2705 1377 practicam;
2768 1306 2989 1362 motum
3042 1299 3198 1359 enim
3261 1307 3318 1360 et
3367 1299 3667 1361 incessum

2019 1386 2361 1447 ostendunt.
2398 1385 2576 1446 Porro
2611 1386 2820 1463 sessio,
2857 1388 3151 1449 ﬁrmitatis
3182 1389 3514 1470 symbolum
3555 1396 3665 1453 est.

2018 1470 2298 1554 Quisquis
2326 1474 2505 1551 igitur
2532 1474 2757 1537 sederit
2779 1476 2946 1555 juxta
2970 1476 3152 1555 pedes
3172 1478 3333 1552 Jesu,
3368 1485 3425 1539 et
3455 1478 3670 1539 conﬁr-

2020 1570 2212 1623 matus
2235 1563 2413 1625 fuerit
2444 1564 2502 1624 in
2543 1565 2818 1645 practica,
2852 1584 2919 1626 ac
2941 1565 3205 1627 imitatur
3232 1567 3410 1629 vitam
3443 1573 3499 1628 et
3531 1586 3668 1628 con-

2018 1652 2417 1716 versationem
2457 1653 2622 1734 Jesu,
2658 1654 2760 1715 ille
2813 1664 3016 1734 postea
3065 1656 3221 1716 venit
3272 1657 3347 1717 ad
3399 1656 3662 1721 auditum

2020 1739 2350 1803 divinorum
2375 1761 2742 1816 sermonum,
2770 1742 3040 1805 videlicet
3072 1750 3299 1805 mntem
3310 1745 3659 1824 plationem:

1957 1828 1996 1877 Β
2018 1829 2157 1910 quia
2187 1839 2244 1891 et
2272 1830 2451 1892 Maria
2480 1832 2739 1913 primum
2768 1832 2959 1907 sedet,
2993 1832 3212 1896 deinde
3242 1833 3405 1895 audit
3427 1851 3661 1894 sermo-

2018 1937 2144 1980 nes.
2174 1918 2261 1980 Tu
2296 1920 2471 1998 igitur
2500 1921 2551 1982 si
2575 1922 2813 2003 quidem
2850 1930 3038 2001 potes,
3061 1924 3121 1983 in
3148 1922 3418 1984 ordinem
3464 1923 3664 1985 Mariae

2015 2009 2296 2090 ascende,
2323 2018 2379 2071 et
2397 2010 2503 2072 ﬁas
2534 2011 2779 2071 domina
2800 2010 3203 2085 affectionum,
3230 2019 3287 2073 et
3308 2012 3377 2073 ad
3399 2019 3662 2073 contem-

2016 2097 2335 2176 plationem
2360 2100 2626 2163 veniens.
2659 2102 2737 2162 At
2768 2101 2815 2161 si
2848 2100 2960 2161 hoc
2986 2099 3092 2161 tibi
3124 2119 3237 2160 non
3260 2100 3440 2162 fuerit
3466 2100 3660 2181 possi-

2015 2184 2154 2262 bile,
2188 2188 2419 2250 Martha
2450 2198 2597 2263 esto,
2642 2189 2919 2270 practicae
2951 2189 3101 2270 parti
3130 2188 3421 2265 addictus,
3467 2198 3525 2249 et
3556 2207 3663 2269 per

2014 2276 2125 2338 hoc
2154 2277 2450 2339 Christum
2484 2279 2837 2360 suscipiens.
2858 2276 3007 2341 Vide
3034 2286 3229 2341 autem
3264 2279 3375 2340 hoc
3406 2299 3420 2341 :
3458 2303 3483 2334 ι
3522 2278 3663 2351 Quae

2015 2385 2131 2428 non
2161 2368 2464 2430 auferetur
2492 2368 2566 2429 ab
2590 2385 2681 2429 ea.
2712 2392 2732 2424 ν
2764 2367 3073 2429 Practicus
3104 2369 3263 2429 enim
3296 2367 3474 2431 habet
3502 2369 3661 2449 quod

2013 2478 2046 2520 a
2074 2477 2139 2521 se
2160 2460 2478 2538 auferatur,
2508 2462 2619 2524 hoc
2644 2470 2754 2543 est,
2780 2461 3228 2525 distractionem
3253 2471 3311 2523 et
3326 2461 3663 2542 occupatio-

2012 2566 2183 2610 nem:
2213 2549 2580 2630 proficiendo
2606 2550 2765 2612 enim
2790 2551 2953 2612 venit
2982 2550 3053 2612 ad
3073 2550 3655 2632 contemplationem,

2012 2638 2415 2723 liberaturque
2438 2660 2471 2701 τι
2503 2640 2833 2703 turbatione
2855 2648 2912 2701 et
2934 2640 3339 2713 distractione,
3374 2648 3433 2701 et
3456 2640 3535 2700 ita
3562 2658 3660 2700 au-

2012 2729 2237 2793 feretur
2264 2730 2484 2811 aliquid
2517 2731 2588 2791 ab
2612 2749 2708 2792 eo.
2741 2727 3186 2809 Contemplator
3208 2747 3347 2791 vero
3378 2747 3495 2789 non
3528 2728 3656 2808 pri—

2009 2830 2181 2882 vatur
2211 2822 2321 2882 hac
2347 2821 2502 2881 bona
2530 2828 2716 2901 parte,
2751 2817 3255 2898 contemplatione
3310 2818 3557 2881 scilicet.
3596 2816 3661 2878 In

2011 2908 2166 2989 quod
2189 2908 2346 2973 enim
2365 2909 2553 2989 majus
2574 2908 2733 2970 aliud
2753 2906 3197 2988 proﬁceret,ubi
3220 2907 3281 2969 in
3301 2908 3413 2969 hoc
3430 2905 3662 2969 venerit

2006 2996 2329 3076 fastigium,
2384 2997 2640 3058 divinam
2690 2996 2828 3058 dico
2881 2994 3194 3076 visionem,
3249 2996 3305 3057 id
3359 2996 3511 3078 quod
3572 3003 3661 3057 est

894 3092 1033 3149 ὥστε
1105 3092 1410 3171 ἀφαιρεῖταί
1481 3114 1531 3147 τι
1575 3089 1666 3146 ἀπ’
1731 3092 1912 3151 αὒτοῦ.

2012 3085 2263 3150 deiﬁcari
2287 3085 2311 3149 ?
2338 3085 2449 3160 Qui
2479 3086 2637 3148 enim
2672 3086 2775 3148 Dei
2806 3084 3091 3146 visionem
3111 3085 3253 3146 353
3283 3085 3647 3168 assequitur,

2007 3177 2164 3239 Deus
2196 3176 2278 3238 ﬁt.
2317 3174 2526 3238 Simile
2556 3175 2714 3236 enim
2748 3173 2929 3236 simili
2961 3176 3515 3256 comprehenditur.

276 3271 473 3335 ταύτης
504 3270 737 3350 μερίδος,
768 3270 910 3349 λέγω
955 3269 1020 3337 δὴ
1051 3276 1150 3338 τῆς
1193 3270 1433 3350 θεωρίας.
1502 3270 1587 3331 Εἷς
1639 3268 1739 3348 γὰρ
1783 3280 1943 3350 ποῖον
1991 3266 2122 3323 ἄλλο
2166 3275 2351 3341 μεῖζον
2397 3268 2680 3345 προκόψει,
2729 3265 2925 3344 φθάσας
2986 3266 3058 3329 εἰς
3092 3266 3215 3322 αὐτὸ
3244 3267 3305 3322 τὸ
3340 3266 3653 3343 ἀκρότατον,

280 3357 423 3437 λέγω
450 3358 515 3427 δὴ
548 3362 608 3416 τὸ
638 3348 769 3417 Θεὸν
797 3348 1036 3439 βλέπειν,
1069 3357 1200 3436 ὅπερ
1230 3348 1340 3415 ’ἐστι
1371 3359 1734 3439 θεουργεῖσθαι
1770 3379 1786 3433 ς
1823 3348 1879 3415 Ὀ
1912 3357 2011 3436 γὰρ
2042 3358 2172 3413 Θεὸν
2222 3354 2437 3433 βλέπειν
2490 3356 2750 3429 ἀξιωθεὶς,
2797 3356 2916 3418 θεὸς
2948 3357 3144 3431 γίνεται
3180 3374 3191 3385 ·
3241 3364 3327 3430 Τῷ
3358 3358 3526 3431 ὁμοίῳ
3557 3358 3655 3434 γὰρ

280 3450 339 3503 τὸ
369 3447 553 3524 ὅμοιον
584 3448 1065 3525 καταλαμϐάνεται.

897 3547 1307 3619 κεψΑΑ.ιΑζ

283 3652 403 3727 Περὶ
502 3656 830 3730 προσευχῆς.
930 3651 1055 3717 Περὶ
1152 3658 1246 3707 τοῦ
1338 3649 1561 3730 ἔχοντος
1652 3648 1923 3726 δαιμόνιον

354 3731 551 3810 κωφόν,
639 3729 758 3810 Περὶ
842 3735 940 3797 τῆς
997 3730 1058 3812 ἐκ
1114 3740 1207 3789 τοῦ
1267 3729 1434 3811 ὄχλου
1482 3730 1749 3809 ἐπαράσης
1803 3756 1920 3812 φω-

353 3812 469 3881 νήν.
534 3812 654 3889 Περὶ
732 3817 837 3867 τῶν
918 3811 1202 3867 αἰτούντων
1285 3824 1533 3886 σημεῖον,
1626 3813 1749 3893 Περὶ
1818 3811 1922 3869 τοῦ

344 3893 629 3973 Φαρισαίου
713 3899 808 3947 τοῦ
890 3890 1213 3955 καλέσαντος
1309 3891 1400 3948 τόν
1480 3890 1712 3959 Ἰησοῦν,
1798 3895 1920 3973 Περὶ

346 3978 439 4027 τοῦ
466 3970 790 4048 ταλανισμοῦ
815 3974 918 4028 τῶν
949 3979 1207 4045 νομικῶν.

354 4084 376 4115 α
439 4060 535 4119 Καὶ
587 4061 820 4139 ἐγένετο,
883 4061 937 4117 ἐν
990 4069 1068 4135 τῷ
1112 4061 1254 4117 εἶναι
1312 4063 1467 4120 αὐτὸν
1522 4062 1577 4117 έν
1630 4064 1780 4136 τόπῳ
1820 4065 1917 4120 τινὶ

272 4150 721 4230 προσευχόμενον,
797 4153 869 4216 ὡς
927 4150 1217 4221 ἐπαύσατο,
1277 4151 1402 4207 εἶπέ
1456 4173 1535 4215 τις
1590 4158 1695 4208 τῶν
1747 4156 1915 4227 μαθη-

2639 3551 2879 3618 CAPUT
2925 3552 3020 3616 Xl.

2006 3645 2092 3708 De
2110 3649 2414 3729 oratione.
2465 3648 2546 3711 0e
2579 3666 2648 3711 eo
2678 3650 2786 3729 qui
2816 3650 3072 3711 habebat
3119 3650 3481 3712 dwmonium
3509 3668 3649 3712 sur-

2085 3727 2252 3810 dum.
2294 3730 2379 3791 De
2407 3730 2661 3791 muliere
2689 3727 2825 3810 Quae
2856 3747 3055 3810 vocem
3092 3730 3166 3792 de
3199 3730 3377 3792 turba
3406 3733 3646 3793 extulit.

2082 3808 2170 3890 De
2198 3810 2542 3890 petentibus
2562 3808 2844 3890 sigrium.
2901 3809 2984 3890 De
3014 3810 3323 3871 Pharist
3356 3811 3649 3890 interpel-

2083 3886 2253 3950 lante
2280 3888 2510 3952 Iesum.
2545 3886 2921 3953 Dc'mz'seria
2951 3888 3465 3971 legispert'torum.

2079 4053 2260 4120 Vens.
2291 4058 2427 4121 1-4.
2470 4084 2491 4113 ιι
2534 4059 2604 4121 Εῑ
2634 4061 2850 4122 factum
2884 4067 2972 4121 est
3003 4077 3134 4121 cum
3169 4067 3364 4120 oraret
3392 4059 3645 4141 quodam

1996 4143 2057 4206 in
2085 4144 2235 4221 loco,
2274 4155 2337 4208 ut
2366 4150 2635 4223 cessavit,
2665 4150 2806 4211 dixit
2830 4149 3069 4230 quidam
3099 4168 3166 4210 ex
3187 4149 3493 4229 discipulis
3518 4149 3649 4229 ejus

272 4242 370 4294 τῶν
419 4239 575 4297 αὒτοῦ
607 4242 737 4318 πρὸς
783 4238 938 4297 αὒτόν
968 4257 983 4273 ·
1019 4240 1199 4319 Κύριε,
1253 4237 1450 4305 διδαξον
1495 4242 1634 4313 ἡμᾶς
1684 4243 1914 4320 προσεύ-

2012 4233 2069 4294 id
2105 4253 2238 4297 eum
2278 4257 2290 4296 ε
2342 4238 2613 4314 Domine,
2647 4237 2796 4300 doce
2825 4258 2931 4299 nos
2979 4256 3172 4311 orare,
3213 4238 3366 4299 sicut
3393 4240 3648 4300 Joannes

275 4331 482 4408 χεσθαι.
543 4331 716 4391 καθὼς
774 4330 862 4385 καὶ
937 4325 1187 4408 Ἰωάννης
1250 4326 1439 4393 ἐδίδαξε
1496 4330 1616 4395 τοὺς
1676 4333 1915 4404 μαθητὰς

2012 4323 2201 4386 docuit
2233 4327 2556 4407 discipulos
2572 4345 2734 4389 suos.
2765 4328 2839 4388 Et
2866 4330 2949 4390 ait
2980 4327 3134 4392 illis:
3171 4328 3314 4391 Cum
3350 4329 3647 4405 oratis,di-

274 4407 450 4479 αὖτοῦ,
483 4418 623 4474 Εἶπε
668 4415 723 4473 δὲ
754 4420 935 4481 αὺτοῖς
968 4436 982 4450 ⁸
1040 4407 1216 4475 ’Ὅταν
1262 4419 1653 4497 προσεύχησθε,
1688 4418 1867 4496 λέγετε
1894 4440 1911 4458 ·

2012 4414 2113 4474 :ite
2148 4436 2161 4477 :
2198 4416 2374 4477 Pater
2404 4425 2628 4489 noster,
2663 4415 2763 4497 qui
2811 4434 2873 4477 es
2924 4417 2983 4476 in
3022 4419 3207 4495 cmlis,
3244 4419 3647 4480 sanctificetur

274 4509 435 4583 Πάτερ
465 4510 645 4584 ἡμῶν,
679 4509 707 4564 ὁ
759 4508 813 4562 ὲν
842 4520 959 4571 τοῖς
989 4509 1256 4586 οὐρανοῖς,
1317 4507 1625 4585 ἁγιασθήτω
1657 4510 1717 4565 τὸ
1745 4508 1914 4586 ὄνομα

2012 4521 2214 4565 nomen
2248 4514 2409 4566 tuum
2436 4554 2451 4581 ,
2483 4505 2677 4567 veniat
2725 4525 2969 4584 regnum
3006 4515 3210 4585 tuum;
3255 4510 3353 4569 fiat
3382 4509 3645 4570 voluntas

270 4620 379 4671 σου,
426 4597 621 4653 ἐλθέτω
677 4599 711 4665 ἡ
763 4595 1009 4674 βασιλεία
1082 4618 1199 4671 σου,
1260 4599 1541 4675 γενηθήτω
1596 4600 1657 4657 τὸ
1706 4598 1913 4675 θέλημά

267 4710 375 4761 σου,
428 4689 499 4749 ὡς
559 4688 614 4741 ἓν
672 4691 898 4764 οὐρανῷ,
952 4687 1041 4743 καὶ
1113 4685 1198 4742 ἐπὶ
1267 4686 1363 4753 τῆς
1424 4692 1551 4765 γῆς,
1608 4689 1698 4744 τὸν
1756 4688 1911 4767 ἄρτον

264 4778 411 4849 ἡμῶν
467 4777 556 4830 τὸν
616 4774 883 4832 ἐπιούσιον
915 4773 1051 4835 δίδου
1080 4778 1217 4851 ἡμῖν
1263 4778 1323 4831 τὸ
1362 4775 1478 4833 καθ’
1535 4777 1762 4856 ἡμέραν,
1824 4782 1911 4837 καὶ

266 4864 383 4943 ἄφες
441 4866 577 4934 ἡμῖν
622 4866 716 4928 τας
760 4865 1019 4943 ἁμαρτίας
1050 4867 1231 4941 ἡμῶν,
1262 4868 1350 4922 καὶ
1381 4867 1481 4945 γὰρ
1512 4869 1660 4925 αῦτοὶ
1689 4867 1909 4946 ἀφίεμεν

266 4956 415 5011 παντὶ
470 4952 733 5033 ὀφείλοντι
777 4954 934 5029 ἡμῖν,
1000 4957 1087 5011 καὶ
1136 4956 1212 5030 μὴ
1280 4954 1583 5034 εἰσενέγκῃς
1638 4958 1781 5031 ἡμᾶς
1836 4959 1908 5021 είς

267 5046 579 5118 πειρασμὸν,
638 5042 775 5100 ἀλλά
830 5046 981 5121 ῥῦσαι
1042 5046 1186 5119 ἡμᾶς
1258 5046 1363 5101 ἀπὸ
1432 5047 1524 5100 τοῦ
1570 5046 1825 5124 πονηροῦ.
1881 5069 1904 5099 υ

270 5130 430 5198 Ζηλοϊ
473 5135 500 5187 ὁ
570 5134 814 5208 μαθητὴς
875 5139 1099 5211 Χριστοῦ
1154 5134 1274 5198 τοὺς
1343 5134 1584 5209 μαθητὰς
1643 5133 1907 5214 Ἰωσίννου,

267 5219 337 5277 διὸ
380 5224 467 5277 καὶ
496 5230 653 5293 ζητεῖ
681 5220 995 5302 διδαχθῆναι
1038 5223 1231 5299 τρόπον
1290 5224 1618 5303 προσευχῆς.
1679 5214 1736 5281 Ὀ
1786 5226 1909 5301 γοῦν

268 5312 446 5390 Σωτὴρ
502 5309 758 5392 διδάσκει,
822 5314 898 5388 μὴ
945 5313 1328 5391 παρωσάμενος
1400 5315 1494 5382 τὴν
1551 5312 1762 5378 ἀξίωσιν
1818 5319 1911 5369 τοῦ

263 5402 512 5472 μαθητοῦ.
570 5401 741 5477 Πάτερ
797 5404 971 5476 ἡμῶν,
1034 5406 1216 5481 φησὶν,
1278 5406 1304 5459 ὁ
1362 5402 1412 5459 ἐν
1468 5416 1586 5465 τοῖς
1632 5405 1900 5481 οὐρανοῖς.

263 5482 398 5569 “091
448 5491 543 5559 τὴν
589 5496 688 5557 τῆς
735 5496 904 5571 εὒχῆς
936 5491 1176 5567 δύναμιν.
1227 5494 1384 5556 Εὐθὺς
1434 5493 1541 5548 ἅνω
1591 5514 1647 5548 σε
1691 5493 1896 5571 ἀνάγει,

258 5581 341 5656 καὶ,
391 5582 555 5635 πείθει
594 5602 674 5660 σε,
740 5580 921 5649 ἐπειδὴ
979 5582 1253 5656 ὀνομάζεις
1320 5580 1522 5660 πατέρα
1578 5583 1669 5638 τὸν
1740 5582 1894 5661 Θεὸν,

261 5670 329 5743 μὴ
383 5671 555 5736 πάντη
616 5672 714 5737 εῆς
774 5671 1091 5747 ὁμοιότητος
1123 5668 1526 5751 ἀπολείπεσθαι,
1563 5670 1695 5728 ἀλλά
1726 5692 1895 5727 σπου-

1999 4598 2115 4667 tua,
2141 4594 2640 4674 quemadmodum
2674 4596 2730 4655 in
2760 4614 2827 4656 cu
2854 4596 2933 4665 lo,
2972 4596 3055 4657 sic
3108 4599 3282 4659 etiam
3332 4597 3390 4658 in
3441 4607 3596 4659 terra
3626 4615 3641 4667 ;

1996 4697 2206 4760 panem
2243 4691 2504 4743 nostrum
2531 4682 2937 4764 quotidianum
2962 4687 3037 4747 da
3064 4687 3231 4747 nobis
3250 4686 3513 4767 quotidie
3540 4708 3555 4761 ;
3588 4695 3645 4747 et

1994 4767 2230 4830 remitte
2261 4770 2433 4831 nobis
2465 4783 2702 4850 peccata
2735 4783 2955 4854 nostra,
2990 4775 3281 4856 siquidem
3318 4784 3373 4835 et
3405 4794 3512 4835 nos
3542 4794 3641 4836 re-

1995 4857 2283 4921 mittimus
2310 4862 2470 4921 omni
2504 4861 2745 4924 debenti
2796 4863 2986 4925 nobis.
3023 4865 3095 4927 Et
3128 4884 3201 4926 ne
3239 4884 3347 4926 nos
3397 4866 3642 4927 inducas

1994 4948 2051 5008 in
2084 4950 2493 5024 tentationem,
2528 4953 2631 5014 sed
2678 4953 2865 5016 libera
2896 4972 3003 5013 nos
3032 4973 3066 5015 a
3097 4954 3273 5016 malo.
3314 4980 3334 5013 υ
3372 4955 3643 5017 Imitatur

1996 5035 2320 5119 discipulus
2351 5040 2574 5102 Christi
2604 5041 2930 5124 discipulos
2971 5042 3217 5105 Joannis
3254 5064 3267 5107 ε
3327 5045 3550 5107 idcirco
3582 5056 3641 5108 et

1996 5129 2206 5206 quaerit
2231 5138 2289 5187 ul
2318 5129 2606 5191 doceatur
2634 5134 2871 5192 modum
2905 5133 3209 5195 orationis.
3246 5134 3511 5196 Salvator
3540 5153 3609 5195 au

1998 5225 2141 5290 tem,
2177 5234 2294 5277 non
2326 5219 2566 5299 repulsa
2613 5220 2887 5302 discipuli
2940 5240 3143 5301 prece,
3187 5222 3362 5286 docet
3398 5246 3411 5286 :
3467 5225 3641 5286 Pater

1995 5314 2217 5387 noster,
2244 5307 2457 5388 inquit,
2493 5309 2588 5390 qui
2623 5328 2685 5370 es
2718 5310 2775 5371 in
2801 5310 2987 5371 caelis.
3018 5310 3163 5374 Vide
3194 5312 3476 5374 orationis
3495 5314 3634 5378 vim.

1989 5395 2205 5458 Statim
2223 5415 2461 5459 sursum
2492 5407 2548 5460 te
2570 5398 2989 5480 ducit,tibique
3008 5402 3635 5481 persuadet,qncniam

1985 5484 2261 5545 nominas
2294 5484 2476 5546 Deum
2524 5496 2771 5568 patrem,
2825 5507 2897 5549 ne
2958 5489 3202 5551 omnino
3249 5490 3640 5552 similitudine

1983 5574 2113 5652 ejus
2144 5592 2386 5655 careas;
2425 5578 2526 5638 sed
2561 5578 2804 5639 enitaris
2846 5580 2973 5640 ﬁeri
3023 5580 3235 5641 similis
3277 5580 3457 5644 Patri.
3509 5580 3638 5642 Non

1983 5664 2128 5726 dixit
2156 5672 2378 5745 autem,
2434 5671 2609 5731 Pater
2654 5688 2844 5749 meus,
2881 5671 3011 5754 sed,
3066 5677 3239 5736 Pater
3292 5681 3516 5749 noster,
3564 5674 3636 5735 ad
