4116 6212
416 250 536 315 863

409 382 901 461 εενρθυσπιούο
924 384 1100 465 igitur
1124 384 1198 446 de
1218 402 1313 447 me
1332 382 1602 459 cegitatis
1627 382 1785 464 quod
1799 398 2067 445 commu-
2087 398 2126 444 Α
2148 382 2271 441 ὅουλ
2306 403 2323 463 ;

409 471 656 533 nionem
691 471 946 534 habeam
979 492 1113 535 cum
1146 471 1391 537 Satana?
1420 472 1489 534 Et
1517 473 1783 553 profecto
1813 473 2064 536 haecco-

401 561 615 643 gitatio
651 562 792 625 hinc
829 563 1200 644 oriturquod
1236 563 1537 624 daemones
1561 563 1743 642 magis
1773 582 1932 625 nunc
1964 583 2067 626 vos

402 668 585 731 quam
616 651 755 713 olim
808 652 1339 733 premant.Etenim
1392 652 1681 715 habuistis
1709 654 1887 714 etiam
1918 654 2061 715 olim

401 741 781 803 immundum
816 742 1223 823 spiritum,qui
1256 740 1627 804 habitabatin
1649 742 2063 822 vobisquando

400 828 564 891 idola
585 829 961 903 colebatis,et
987 832 1306 912 prophetas
1321 828 1771 907 occidebatis;et
1794 832 1951 893 visus
1971 842 2063 895 est

405 921 765 1000 postea358
788 920 953 982 exire
982 939 1015 981 a
1044 920 1243 982 vobis:
1264 929 1323 980 at
1345 938 1504 981 nunc
1533 919 1711 981 rediit
1735 919 1796 981 in
1816 920 2057 983 domum

404 1025 605 1081 suam,
636 1009 749 1071 hoc
783 1018 876 1072 est
896 1009 1126 1071 animas
1167 1018 1414 1089 vestras,
1450 1027 1583 1070 cum
1610 1017 1841 1090 septem
1874 1010 2057 1091 spiri-

402 1096 706 1167 tibus,hoc
735 1108 824 1161 est
855 1099 1092 1161 multis:
1122 1098 1429 1179 Scriptura
1475 1098 1634 1159 enim
1686 1105 1917 1179 septem
1951 1119 2057 1180 pro

404 1185 609 1247 multis
637 1197 882 1269 usurpat
915 1210 927 1250 :
963 1188 1219 1269 fecitque
1249 1188 1415 1249 vobis
1433 1194 1700 1249 extrema
1718 1189 1921 1268 pejora
1942 1190 2060 1270 pri-

406 1275 707 1338 mis.Cum
743 1278 903 1339 enim
935 1277 1094 1339 idola
1124 1278 1424 1352 coleretis,
1460 1278 1776 1357 prophetas
1813 1280 2056 1341 occide-

403 1364 848 1441 batis,nondum
865 1368 1304 1449 aperteinjuria
1323 1366 1672 1429 afﬁciebatis
1684 1367 1897 1429 Filium
1917 1368 2052 1449 Dei,

402 1456 505 1536 qui
536 1475 693 1519 nunc
724 1462 969 1541 propter
998 1476 1097 1519 vos
1126 1458 1185 1519 in
1218 1476 1395 1519 carne
1430 1457 1909 1537 apparuit.Nunc
1938 1477 2051 1519 au-

402 1554 518 1607 tem
543 1566 675 1627 quae
698 1566 836 1626 spes
857 1547 1065 1610 salutis
1086 1548 1322 1628 quando
1346 1548 1401 1608 in
1427 1547 1730 1608 incarnato
1752 1547 1900 1608 Filio
1917 1547 2046 1622 Dei,

1368 252 1963 315 THEOPHYLACTI
2010 250 2422 313 BULGARIE
2468 247 2825 312 ARCHIEP.

3690 250 3813 315 864

2409 383 2574 458 Ἐμὸν
2646 382 2796 461 ἔργον
2854 383 2987 463 ἐστὶ,
3032 386 3094 441 τὸ
3124 386 3372 463 συνάγειν
3418 387 3485 441 τὰ
3514 384 3681 441 τέκνα
3718 386 3811 441 τοῦ

2150 473 2280 530 Θεοῦ
2336 474 2403 529 τα
2463 472 2931 554 διεσκορπισμένα,
2990 474 3189 530 ἑκείνου
3250 474 3425 553 ἔργον,
3486 474 3548 530 τὸ
3575 475 3648 529 τὰ
3678 495 3808 529 συν-

2146 562 2358 640 ηγμένα
2429 563 2748 639 σκορπίζειν.
2828 566 2947 627 Πῶς
3008 563 3096 620 οὖν
3153 570 3370 620 τοιαῦτα
3403 565 3523 643 περῖ
3550 562 3692 639 ἐμοῧ
3720 562 3809 620 λο-

2145 654 2369 731 γὶζεσθε,
2428 650 2508 708 ὅτι
2556 656 2833 708 κοινωνίαν
2864 650 2980 732 ἔχω
3010 654 3138 728 πρὸς
3182 654 3271 709 τὸν
3302 642 3593 730 Σατανᾶν;
3656 642 3807 709 Ἀλλ’

2144 743 2309 805 ὅντως
2369 740 2397 796 ὅ
2452 748 2687 803 τοιοῦτος
2746 739 3005 819 λογισμὸς
3080 744 3207 818 ὑμῖν
3278 740 3473 809 συνέϐη
3532 743 3643 799 ἀπὸ
3714 749 3810 800 τοῦ

2144 829 2350 905 μᾶλλον
2430 832 2565 906 ὑμᾶς
2622 830 2895 905 δαιμονᾷ).
2960 832 3058 889 Καὶ
3113 831 3213 909 γὰρ
3297 831 3485 912 εἴχετε
3542 832 3645 908 μὲν
3721 834 3810 888 καὶ

2143 920 2329 998 πρώην
2384 921 2446 976 τὸ
2504 920 2793 999 ἀκάθαρτον
2864 926 3071 995 πνεῦμα
3127 921 3364 979 ἐνοικοῦν
3418 924 3474 977 ἓν
3521 924 3685 1002 ὑμῖν,
3721 922 3809 978 ὅτε

2144 1008 2603 1087 εἰδωλολατρεῐτε,
2664 1012 2749 1065 καὶ
2801 1010 2923 1073 τοὺς
2985 1012 3259 1090 προφήτας
3314 1010 3610 1091 ἐφονεύετε·
3683 1017 3817 1069 εἶτα

2142 1098 2311 1164 ἔδοξεν
2369 1097 2597 1163 ἐξελθεῖν
2655 1096 2881 1174 ὲξῦμῶν,
2950 1104 3070 1156 εἶτα
3098 1106 3187 1155 νῦν
3213 1101 3551 1179 ὑποστρέψαν
3600 1105 3683 1167 εἰς
3718 1104 3811 1158 τὸν

2139 1191 2325 1246 ἑαυτοῦ
2389 1189 2567 1261 οἶκον,
2626 1189 2864 1245 τουτέστι
2920 1189 3015 1252 τὰς
3073 1189 3330 1268 ὑμετέρας
3389 1194 3597 1271 ψυχὰς,
3667 1194 3819 1268 μετα

2137 1279 2450 1353 πνευμάτων
2521 1276 2676 1351 ἑπτα,
2734 1278 2900 1356 ἤγουν
2956 1277 3193 1334 πολλῶν
3242 1281 3305 1336 τὸ
3347 1281 3447 1359 γὰρ
3486 1281 3652 1353 ἑπτα,
3692 1282 3812 1337 αντὶ

2137 1375 2249 1441 τοῦ,
2309 1365 2505 1439 πολλὰ,
2581 1370 2783 1423 νοεῖται
2812 1368 2955 1446 παρὰ
2996 1373 3064 1443 τῇ
3123 1373 3327 1449 Γραφῇ’
3364 1369 3617 1437 ἐποίησεν
3669 1373 3809 1446 ὑμῖν

2135 1457 2201 1511 τὰ
2265 1455 2469 1534 ἔσχατα
2534 1458 2749 1536 χείρονα
2778 1458 2882 1513 τῶν
2915 1456 3162 1535 πρώτων.
3200 1448 3360 1534 ’Όσῷ
3388 1464 3507 1516 τοτε
3534 1460 3639 1535 μὲν
3675 1460 3810 1516 ὅταν

2134 1544 2368 1608 εἰδώλοις
2444 1544 2771 1623 ἐλατρευετε,
2844 1545 2968 1609 τώς
3024 1548 3301 1625 προφήτας
3389 1549 3807 1620 ἆπεκτινιῶετε,

399 1635 497 1715 qui
516 1644 576 1697 et
604 1646 851 1717 propter
880 1654 981 1698 vos
1012 1636 1296 1699 miracula
1326 1645 1601 1717 operatus
1629 1638 1806 1706 est,in
1828 1646 2036 1698 tantam

2119 1637 2219 1705 ¹καὶ
2276 1636 2423 1691 οὔπω
2482 1633 2632 1691 σὸδὲν
2684 1636 2757 1697 εἷς
2830 1644 2919 1690 τὸν
2972 1643 3062 1690 τυῦ
3093 1642 3223 1692 Θεοῦ
3255 1639 3376 1693 ι’ἱὸν
3404 1636 3704 1717 προδήλως
3734 1634 3806 1694 δι’

395 1724 885 1804 ingratitudinem
920 1736 978 1789 et
1006 1726 1425 1789 contumeliam
1455 1727 1842 1806 prorupistis‘?
1867 1726 2036 1789 Porrc

2131 1728 2268 1800 ὑμᾶς
2327 1725 2381 1780 ἐν
2448 1726 2601 1803 σαρκὶ
2650 1722 2878 1803 φανέντα
2904 1722 3159 1802 ὑϐρίζετε.
3216 1736 3317 1783 Nov
3368 1725 3423 1783 δὲ.
3471 1730 3601 1785 ποία
3646 1728 3807 1790 ἐλπὶς

396 1814 524 1876 loca
542 1815 1072 1898 inaquosa,animaa
1088 1826 1227 1878 sunt
1247 1835 1452 1877 eorum
1467 1817 1567 1896 qui
1588 1816 1735 1877 nihil
1759 1830 2036 1896 aquosum

2132 1816 2419 1894 σωτηρίας,
2492 1812 2581 1870 ὅτε
2637 1816 2726 1870 καὶ
2782 1816 3141 1892 σαρκωθέντος
3191 1821 3284 1873 τοῦ
3358 1819 3501 1890 ι’ἱοῦ,
3580 1820 3674 1874 καὶ
3736 1815 3806 1873 δι’

398 1915 457 2002 et
486 1906 843 1970 dissolutum
875 1908 1119 1989 habent,
1154 1908 1260 1972 sed
1293 1909 1473 2002 aridze
1499 1919 1555 1970 et
1590 1908 1857 2002 sollicitae
1888 1917 2036 1983 sunt,

2130 1906 2265 1979 ὑμᾶς
2325 1907 2868 1984 θασδματουργοῦντος,
2928 1904 3013 1960 ἐπὶ
3070 1906 3167 1973 τῆς
3200 1907 3362 1974 αὖτῆς
3398 1908 3802 1985 ἀγνωμοσύνης

2204 1997 2214 2002 .
2278 1992 2341 2002 ....
2538 1996 2549 2002 -
2647 1996 2657 2002 .
2903 1984 2943 2002 ..
3054 1992 3075 2002 -
3226 1993 3262 2002 -.
3379 1997 3389 2002 -
3612 2000 3621 2002 μ

395 1995 455 2055 in
488 1997 705 2076 quibus
737 1999 957 2059 nullam
986 2000 1244 2079 quietem
1280 1998 1503 2059 inVenit
1528 1997 1772 2078 spiritus
1794 1998 2036 2059 immun-

2134 1997 2222 2051 καὶ
2277 1992 2473 2073 ὕϐρεως
2533 1996 2843 2067 ἑστήκατε,
2903 1992 3163 2073 ’Ὰνυδροι
3220 1993 3276 2051 δὲ
3330 1997 3510 2069 τόποι,
3571 2000 3626 2055 αἱ
3688 2005 3800 2053 τῶν

394 2083 574 2147 ditim.
609 2086 682 2149 Et
716 2088 995 2167 quoniam
1048 2088 1107 2148 in
1142 2086 1357 2148 talibus
1410 2087 1723 2149 animabus
1753 2087 2036 2165 malignus

2132 2083 2297 2159 μηδὲν
2372 2082 2554 2162 ὑδαρὲς
2621 2083 2859 2163 ἐχόντων
2916 2086 3088 2162 ψυχαὶ
3166 2082 3303 2159 μηδὲ
3360 2085 3601 2166 ἔκλυτον,
3656 2086 3802 2143 ἀλλὰ

395 2173 617 2235 nullum
651 2175 935 2237 domicilii
972 2176 1167 2237 locum
1193 2175 1438 2257 invenit,
1474 2177 1545 2237 ad
1578 2176 1814 2238 Judaeos
1840 2195 2036 2238 rever-

2132 2175 2219 2229 καὶ
2276 2173 2449 2249 ξηραὶ,
2521 2174 2608 2229 καὶ
2680 2172 3169 2251 μεμεριμνημέναι,
3239 2174 3293 2229 ἐν
3377 2176 3482 2241 αἶς
3542 2174 3800 2252 οὐδεμίαν

394 2261 622 2334 titur,et
641 2264 788 2324 ﬁunt
808 2264 919 2344 ipsi
947 2266 1272 2345 posteriora
1292 2266 1595 2327 deteriora
1619 2266 2036 2347 primiszneqm

2133 2264 2350 2342 εᾶρίσκει
2434 2263 2496 2318 τὸ
2580 2262 2785 2336 πνεῦμα
2866 2267 2964 2327 τῆς
3069 2262 3387 2342 ἀκαθαρσίας
3470 2264 3792 2330 ἀνάπαυσιν,

392 2351 587 2413 adhuc
618 2353 840 2415 habent
858 2355 1559 2436 prophetaszocciderunt
1574 2355 1732 2417 enim
1755 2356 2036 2418 Verbum:

2132 2354 2279 2412 Ἐπεὶ
2336 2357 2505 2412 τοίνυν
2560 2358 2617 2411 ἓν
2688 2368 2811 2418 ταῖς
2893 2355 3161 2419 τοιαύταις
3248 2361 3456 2436 ψυχαῖς
3537 2357 3793 2433 οὒδεμίαν

394 2458 585 2522 neque
614 2443 994 2506 unctionem:
1032 2442 1334 2506 Christum
1386 2443 1545 2504 enim
1595 2444 2036 2507 cruciﬁxerunt.

2129 2445 2449 2515 ἐνοικήσεως
2521 2445 2705 2525 χώραν
2737 2444 2854 2525 ἔχει
2880 2447 2907 2501 ὁ
2938 2446 3195 2524 πονηρὸς,
3230 2446 3316 2503 ἐπὶ
3344 2447 3468 2509 τοὺς
3500 2444 3791 2511 Ἰουδαίους

392 2531 527 2593 Haec
559 2531 719 2593 enim
745 2532 807 2594 in
837 2532 957 2595 illis
999 2533 1140 2594 olim
1172 2532 1559 2614 apparebant.
1588 2534 1852 2614 quamvis
1887 2532 2036 2594 idola

2124 2535 2397 2612 τρέπεται,
2467 2537 2555 2590 καὶ
2609 2536 2806 2612 γίνεται
2858 2536 3029 2590 αὒτῶν
3059 2535 3126 2589 τὰ
3170 2534 3378 2614 ἔσχατα
3407 2537 3634 2617 χείρονα
3681 2542 3792 2593 τῶν

391 2619 657 2682 colerent
683 2639 696 2683 :
727 2640 883 2683 nunc
914 2631 1112 2685 autem
1153 2623 1294 2704 quia
1325 2622 1385 2684 in
1417 2622 1633 2685 Filium
1683 2621 1791 2685 Dei
1825 2640 2036 2704 pecca-

2124 2625 2370 2702 πρώτων·
2436 2624 2609 2683 οὖκέτι
2652 2625 2752 2702 γὰρ
2782 2621 2909 2703 παρ’
2952 2626 3134 2686 αὐτοῖς
3192 2625 3484 2704 προφῆται·
3520 2626 3783 2682 ὰπέιιτετιει⁵

394 2718 557 2791 runt,
585 2712 864 2774 omnibus
892 2712 981 2775 illi
1022 2712 1233 2793 privati
1256 2721 1413 2773 sunt.

2124 2735 2214 2769 ναν
2286 2714 2386 2791 γὰρ
2444 2714 2533 2769 τὸν
2590 2711 2775 2790 λόγον’
2809 2712 2979 2769 οὒκὲτι
3010 2711 3236 2791 χρίσμα’
3287 2715 3379 2770 τὸν
3418 2715 3517 2793 γὰρ
3554 2714 3755 2793 Χριστό

395 2798 754 2879 ἐσταύρωσαν.
780 2811 958 2861 Ταῦτα
987 2802 1043 2859 δὶ
1075 2804 1127 2859 ἐν
1160 2807 1341 2870 αὒτοιϊς
1370 2806 1585 2883 ὡρῶντο
1606 2805 1815 2885 πρώην,
1849 2806 1892 2861 εἰ
1922 2805 2009 2861 καὶ
2039 2800 2474 2881 εἰδωλολάτρουν,
2512 2808 2601 2859 νῦν
2630 2799 2685 2857 δὲ
2716 2801 2830 2857 ἐπεὶ
2860 2803 2933 2866 εἰς
2964 2802 3057 2858 τὸν
3093 2803 3211 2858 Υἱὸν
3239 2810 3331 2859 τοῦ
3361 2810 3493 2858 Θεοῦ
3518 2801 3766 2881 ἥμαρτον

388 2888 600 2948 πάντων
630 2892 935 2969 ἐστέρηνται
946 2944 959 2957 ,

467 2976 861 3045 νειιε.2“1ο32;
876 2982 1150 3046 «Factum
1162 2990 1258 3045 est
1276 2991 1639 3045 autem.cum
1662 2983 1787 3044 hazc
1801 2983 2028 3045 diceret

2119 2991 2126 3003 '
2191 2980 2431 3059 Ἐγένετο
2487 2979 2541 3037 δὲ
2598 2980 2653 3037 ἐν
2706 2984 2785 3056 τῷ
2842 2979 3014 3061 λέγειν
3075 2983 3230 3038 αὐτὸν
3281 2990 3465 3054 ταῦτα,
3516 2980 3763 3061 ἐπάρασά

391 3068 681 3131 extollens
702 3089 904 3132 vocem
930 3072 1201 3152 quasdam
1227 3073 1441 3135 mulier
1458 3072 1533 3133 de
1563 3072 2027 3145 turba,dixitilli:

2119 3094 2193 3135 τις
2249 3072 2380 3148 γυνὴ
2448 3071 2628 3150 φωνὴν
2672 3070 2731 3126 ἐκ
2772 3078 2864 3126 τοῦ
2889 3068 3077 3149 ὄχλου,
3111 3084 3263 3126 εἶπεν
3302 3073 3464 3147 αὐτῷ·
3511 3072 3758 3152 Μακαρία

389 3154 841 3220 Beatusventer
862 3161 964 3240 qui
999 3169 1057 3221 te
1074 3162 1342 3241 portavit.
1379 3172 1436 3223 et
1456 3160 1640 3223 ubera
1654 3180 1785 3243 qua:
1800 3162 2030 3224 suxiSti.

2119 3163 2149 3229 ἡ
2206 3161 2380 3217 κοιλία
2437 3162 2472 3228 ἡ
2516 3160 2825 3236 βαστάσασά
2856 3181 2937 3234 σε,
2968 3161 3055 3216 καὶ
3086 3161 3300 3237 μαστοὶ,
3336 3160 3424 3226 οὓς
3476 3163 3771 3234 ἐθήλασας.

387 3244 462 3306 At
490 3245 591 3307 ille
617 3247 763 3308 dixit
785 3269 799 3311 :
825 3248 1288 3330 Quinimo,beati
1308 3251 1407 3333 qui
1430 3252 1676 3313 audiunt
1695 3270 2032 3314 sermonem

2121 3250 2281 3314 Αὐτός
2350 3248 2405 3305 δὲ
2476 3253 2622 3305 εἷπε·
2687 3255 2973 3327 Μενοῦνγε,
3048 3250 3298 3330 μακάριοι
3358 3253 3405 3308 οἱ
3486 3254 3772 3319 ἀκούοντες

387 3333 517 3410 Dei,
540 3345 599 3397 et
627 3337 967 3401 custodiunt
998 3339 1412 3403 illum.Turbis
1438 3349 1633 3403 autem
1666 3340 2036 3403 condensan-

2119 3340 2208 3394 τὸν
2289 3337 2446 3416 λόγον
2508 3346 2598 3395 τοῦ
2660 3340 2811 3412 Θεοῦ,
2885 3340 2972 3396 καὶ
3028 3337 3383 3418 φυλάσσοντες
3442 3343 3619 3405 αὐτόν,
3657 3351 3773 3403 Τῶν

392 3423 549 3488 tibus
576 3445 649 3487 se
669 3426 848 3508 carpit
868 3428 1072 3492 dicere
1098 3449 1112 3494 :
1144 3429 1311 3493 Natio
1328 3432 1453 3494 haec
1473 3431 1623 3493 mala
1647 3439 1771 3493 est:
1802 3431 2033 3510 signum

387 3516 938 3597 quaerit,et’signum
962 3536 1081 3581 non
1114 3520 1351 3582 dabitur
1380 3521 1458 3597 ei,
1479 3520 1591 3582 nisi
1621 3521 1854 3600 signum
1874 3522 2036 3583 ,Ιοοω

386 3607 709 3686 propheta.
745 3608 892 3670 Nam
926 3609 1078 3671 sicut
1123 3608 1306 3672 Jonas
1336 3611 1567 3689 signum
1602 3611 1710 3671 fuit
1735 3608 2030 3681 Ninivitis,

383 3694 467 3756 ita
493 3698 668 3758 etiam
700 3697 885 3760 Filius
916 3698 1177 3762 hominis
1215 3700 1330 3762 erit
1363 3700 1589 3761 naticni
1638 3699 1757 3761 isti.
1805 3700 2032 3778 Regina

381 3785 789 3865 austri-surget
818 3788 876 3848 in
903 3786 1133 3867 judicio
1150 3806 1285 3850 cum
1317 3789 1457 3851 viris
1488 3789 1745 3851 nationis
1765 3789 2032 3868 hujus,et

383 3874 813 3937 condemnabit
831 3876 985 3938 illos:
1016 3882 1153 3959 quia
1173 3879 1332 3940 venit
1348 3898 1379 3940 a
1399 3878 1619 3940 ﬁnibus
1641 3887 1815 3940 terra;
1836 3888 1897 3940 ut
1919 3899 2029 3940 au-

380 3964 534 4026 diret
553 3964 905 4044 sapientiam
928 3968 1356 4041 Solomonis,et
1380 3988 1522 4030 ecce
1540 3968 1673 4049 plus
1702 3987 1879 4050 quam
1912 3967 2028 4032 So-

382 4054 1373 4121 lomonhocinloco.ViriNinivitze
1403 4069 1650 4137 surgent
1697 4059 1756 4120 in
1798 4060 2026 4139 judicio

381 4164 513 4206 cum
536 4146 775 4208 natione
798 4147 931 4221 hac,
960 4156 1017 4208 et
1044 4149 1527 4212 condemnabunt
1564 4148 1751 4224 illam,
1788 4151 1924 4231 quia
1953 4151 2025 4212 ad

384 4234 792 4312 pmnitentiam
822 4235 1061 4297 adducti
1106 4246 1242 4299 sunt
1280 4236 1935 4319 prazdicationeJonae:
1972 4247 2030 4301 et

2118 3426 2171 3483 δὲ
2231 3426 2413 3508 ὄχλων
2470 3427 2946 3507 ἐπαθροιζομένων,
3004 3428 3193 3509 ἢρξῦτο
3236 3428 3432 3510 λέγειν’
3491 3423 3553 3489 Ἠ
3614 3436 3774 3512 γενεὰ

2118 3517 2250 3584 αὕτη
2303 3538 2511 3595 πονηρᾳ
2555 3517 2687 3592 ἐστι,
2721 3532 2954 3591 σημεῖον
2985 3517 3251 3599 ἐπιζητεῖ,
3296 3522 3385 3577 καὶ
3440 3536 3673 3596 σημεῖον
3714 3528 3774 3583 οὗ

2116 3605 2392 3677 δοθήσεται
2450 3606 2609 3686 αὒτῇ,
2667 3608 2711 3662 εὶ
2743 3607 2820 3681 μὴ
2874 3608 2933 3663 τὸ
2964 3622 3196 3683 σημεῖον
3226 3608 3383 3667 Ἰωνᾶ
3411 3618 3503 3667 τοῦ
3551 3616 3768 3693 προφή-

2115 3719 2231 3756 του.
2292 3697 2473 3759 Καθὼς
2540 3698 2641 3775 γὰρ
2695 3695 2904 3775 ἐγένετο
2974 3696 3157 3761 ἰωνᾶς
3229 3714 3459 3772 σημεῖον
3506 3715 3626 3766 τοῖς
3684 3713 3771 3761 Νι-

2115 3787 2361 3852 νευέταις,
2424 3783 2590 3849 οὕτως
2648 3783 2794 3841 ἔσται
2864 3786 2952 3841 καὶ
3005 3786 3033 3842 ὀ
3064 3789 3184 3851 Υἱὸς
3228 3791 3321 3844 τοῦ
3367 3788 3644 3867 ἀνθρώπου
3703 3798 3768 3868 τῇ

2113 3880 2269 3952 γενεᾷ
2348 3875 2538 3951 ταύτῃ.
2620 3873 2910 3931 Βασίλισσα
2965 3879 3120 3932 νοτου
3176 3877 3518 3956 ἐγερθήσεται
3598 3879 3653 3936 ἐν
3707 3888 3775 3957 τῇ

2111 3965 2277 4043 κρίσει
2333 3965 2472 4039 μετα
2528 3970 2635 4019 τῶν
2705 3964 2904 4042 ἀνδρῶν
2961 3969 3057 4032 τῆς
3087 3972 3275 4043 γενεᾶς
3305 3978 3526 4043 ταύτης,
3558 3972 3766 4026 καὶκα-

2109 4066 2349 4131 τακρινεϊ
2418 4054 2624 4123 αὐτοὺς,
2688 4052 2770 4109 ὅτι
2840 4052 2997 4123 ἦλθεν
3039 4054 3100 4111 ὲκ
3127 4060 3233 4110 τῶν
3263 4058 3508 4136 περάτων
3537 4063 3636 4127 τῆς
3666 4059 3765 4137 γῆς

2110 4142 2330 4198 ἄκουσαι
2406 4142 2505 4210 τὴν
2556 4142 2741 4222 σοφίαν
2818 4141 3191 4220 Σολομῶντος,
3251 4160 3339 4203 και
3393 4145 3503 4205 ἰδοὺ
3573 4146 3765 4205 πλεῖον

2110 4230 2457 4306 Σολομῶντος
2506 4230 2631 4294 ὦδε.
2698 4222 2927 4311 ’Ἄνδρες
2960 4243 3233 4293 Νινευτται
3272 4236 3662 4307 ἀναστήσονται
3714 4236 3767 4294 ἐν

380 4343 521 4387 ecce
570 4324 701 4405 plus
742 4345 918 4407 quam
956 4326 1107 4390 Jona
1138 4327 1248 4389 hoc
1279 4329 1337 4391 in
1372 4330 1525 4392 loco.
1564 4354 1590 4385 ι
1631 4329 1941 4390 Pharisaeis
1970 4339 2029 4391 et

2119 4327 2178 4398 τῇ
2231 4324 2399 4399 κρίσει
2442 4323 2577 4396 μετὰ
2622 4326 2718 4389 τῆς
2750 4329 2936 4399 γενεᾶς
2968 4323 3190 4396 ταύτης,
3238 4327 3326 4382 καὶ
3368 4333 3766 4406 κατακρινοῦσιν

378 4413 603 4476 Scrihis
635 4415 915 4477 miracula
952 4417 1305 4487 laxantibus.
1342 4419 1558 4482 mulier
1572 4419 1823 4498 simplex
1853 4418 2024 4481 dolo-

378 4523 496 4585 que
523 4523 735 4567 carens
765 4506 867 4567 illa
896 4506 1158 4569 celebrat
1186 4507 1298 4572 Ubi
1320 4517 1514 4570 autem
1536 4518 1671 4570 sunt
1701 4507 2027 4587 quidicunt

378 4595 1065 4676 Dominumapparenter
1078 4606 1301 4660 tantum
1318 4597 1832 4679 apparuisse?Haec
1848 4599 2027 4677 igitur

376 4684 546 4745 testis
568 4684 643 4746 sit
663 4685 820 4766 quod
842 4695 900 4748 et
921 4685 1103 4748 ubera
1126 4687 1352 4750 suxerit
1381 4692 1676 4770 Ipse’vero
1700 4688 2022 4751 beatos'di-

374 4774 453 4836 cit
474 4773 609 4836 illos
629 4775 728 4855 qui
767 4775 1105 4838 custodiunt
1147 4794 1485 4839 sermonem
1519 4778 1645 4851 Dei,
1682 4798 1799 4841 non
1830 4777 2021 4839 desti-

376 4871 549 4924 tuens
580 4863 946 4926 beatitudine
981 4864 1223 4927 Matrem
1249 4866 1622 4930 suam.ahsit:
1641 4868 1745 4930 sed
1763 4866 2039 4930 Ostendit

374 4951 526 5031 quod
561 4952 736 5013 etiam
762 4952 853 5014 illi
883 4953 1044 5014 nulla
1078 4954 1302 5017 utilitas
1332 4955 1528 5017 futura
1557 4955 1633 5018 sit
1665 4975 1731 5017 ex
1770 4974 1838 5016 eo
1862 4955 2021 5037 quod

374 5040 606 5120 peperit
627 5048 684 5102 et
704 5041 1001 5103 lactawrit
1020 5042 1209 5124 ipsum
1222 5094 1236 5119 ,
1257 5044 1371 5105 nisi
1386 5044 1628 5107 virtutes
1643 5045 1786 5106 alias
1805 5062 2015 5105 omnes

370 5128 609 5190 habeat.
644 5129 895 5211 Insuper
917 5141 974 5193 et
996 5133 1122 5194 haa‘c
1141 5134 1491 5214 tempestive
1508 5133 1833 5207 dicit.Quia
1852 5134 2012 5195 enim

372 5216 553 5279 invidi
582 5230 641 5279 et
668 5218 1075 5281 inobedientes
1110 5223 1436 5301 arguebant
1466 5225 1615 5286 alios
1645 5223 1748 5305 qui
1779 5241 2014 5285 sermo-

372 5325 479 5368 nes
521 5306 651 5386 ejus
688 5307 1028 5385 audiebant,
1063 5310 1196 5373 ideo
1242 5313 1512 5375 Christus
1551 5323 1757 5376 contra
1810 5313 2016 5375 beatos

370 5406 477 5458 eos
518 5396 659 5456 dicit
707 5396 808 5477 qui
865 5398 1136 5474 audiunt,
1173 5403 1463 5465 Fortassis
1518 5413 1712 5466 autem
1766 5410 1827 5467 et
1872 5420 2013 5482 pro-

369 5494 507 5567 pter
528 5492 799 5575 sahatum
830 5489 1076 5550 surdum
1123 5490 1249 5556 hac
1277 5491 1423 5555 dicit
1454 5513 1470 5553 :
1514 5504 1577 5556 ut
1616 5502 1674 5556 et
1720 5493 1849 5575 ipse
1880 5509 2014 5553 cum

365 5574 697 5652 audierit,
732 5574 1358 5659 faciat-sermonem,
1411 5590 1471 5646 et
1526 5574 1807 5648 nuntiat
1852 5582 1908 5645 ei
1957 5581 2041 5643 in.

2108 4412 2294 4488 αςιτὴν,
2353 4409 2434 4467 ὅτι
2504 4431 2830 4486 μετενοησαν
2860 4414 2934 4476 εὶς
2965 4413 3024 4468 τὸ
3055 4413 3303 4492 κήρυγμα
3329 4413 3507 4489 Ἰωνᾶ,
3538 4417 3627 4472 καὶ
3655 4414 3766 4473 ἰδοὺ

2110 4499 2298 4557 πλεῖον
2355 4498 2509 4557 Ἰωνᾶ
2562 4496 2688 4558 ὧδε.
2726 4523 2755 4554 ι
2801 4506 2917 4558 Τῶν
2948 4503 3252 4575 Φαρισαίων
3282 4505 3370 4560 καὶ
3402 4504 3762 4582 Γραμματέων

2107 4588 2497 4646 διαϐαλλόντων
2566 4591 2632 4645 τὲι
2660 4590 2921 4665 θαύματα,
2973 4592 3006 4658 ἡ
3052 4592 3185 4671 γυνὴ
3234 4595 3296 4649 τὸ
3340 4592 3526 4650 ἄδολον
3568 4600 3761 4675 χρῆμα

2107 4682 2195 4737 καὶ
2250 4678 2451 4739 ἅπλοῦν
2501 4680 2754 4758 εὐφημεῖ.
2832 4682 2940 4737 [Ιοῦ
2994 4678 3231 4764 δέᾲεὶσιν
3258 4685 3307 4740 οἱ
3361 4682 3607 4764 λέγοντες
3636 4706 3764 4764 φαν-

2104 4769 2258 4841 τασίᾳ
2314 4773 2544 4845 φανῆναι
2603 4771 2695 4825 τὸν
2753 4766 2998 4848 Κύριον;
3064 4760 3193 4829 Ἰδοὺ
3267 4774 3367 4853 γὰρ
3413 4760 3762 4849 καὶλμαστοὺς

2104 4857 2333 4926 θηλάσαι
2392 4871 2761 4936 μαρτυρεῖται.
2808 4859 2977 4923 Αὐτὸς
3008 4857 3063 4916 δὲ
3092 4861 3366 4938 μακαρίζει
3394 4863 3512 4926 τοὺς
3559 4861 3762 4941 φυλάσ-

2108 4971 2293 5012 σοντας
2363 4948 2454 5004 τὸν
2484 4946 2643 5027 λόγον
2676 4956 2769 5005 τοῦ
2813 4950 2970 5026 Θεοῧ,
3004 4953 3100 5008 οἰκ
3140 4948 3415 5007 ἐκϐάλλων
3447 4959 3539 5009 τοῦ
3575 4973 3758 5027 μακα-

2107 5037 2295 5119 ρισμοῦ
2350 5039 2449 5105 τὴν
2507 5037 2749 5117 Μητέρα¹
2785 5040 2963 5113 αὑτοῦ,
3022 5039 3220 5119 ἄπαγε,
3278 5039 3416 5097 ἀλλᾶ
3484 5039 3756 5117 δεικνύων,

2097 5128 2125 5183 ὃ
2258 5126 2328 5149 ,ν
2457 5126 2477 5164 ι,
2521 5127 2535 5146 ς
2618 5152 2624 5157 _
2685 5128 2696 5147 ν
2850 5130 2865 5151 ι
3297 5130 3309 5149 .
3514 5138 3534 5149 .

2127 5150 2178 5186 τι
2222 5140 2367 5185 ουοεν
2427 5125 2544 5185 ωδε
2589 5127 2765 5195 ἐκεινη
2836 5127 3238 5209 ωφεληθήσεται
3287 5132 3393 5187 απὸ
3448 5153 3539 5189 του
3583 5144 3760 5188 τεκεῖν

2097 5221 2253 5277 αὐτὸν
2323 5220 2409 5274 καὶ
2438 5217 2725 5299 θηλάσσαι,
2799 5221 2842 5275 εἶ
2887 5220 2964 5295 μὴ
3021 5224 3109 5278 καὶ
3178 5222 3279 5289 τὴν
3336 5220 3507 5288 ἄλλην
3550 5221 3759 5278 ἅπασαν

2098 5308 2287 5387 ἀρετὴν
2346 5307 2491 5383 ἔχοι.
2568 5297 2735 5381 ’Ἅμα
2792 5306 2847 5364 δὲ
2916 5311 3004 5366 καὶ
3062 5312 3191 5389 πρὸς
3221 5312 3313 5367 τὸν
3359 5313 3541 5390 καιρὸν
3596 5312 3769 5368 ταῦτα

2099 5418 2284 5476 φησιν.
2360 5395 2511 5453 Ἐπεὶ
2554 5397 2653 5475 γὰρ
2683 5399 2729 5453 οἱ
2760 5398 3016 5474 βάσκανοι
3047 5401 3133 5457 καὶ
3164 5400 3383 5470 ἀνήκοοι
3426 5408 3532 5456 τῶν
3580 5399 3759 5478 λόγων

2100 5489 2257 5544 αὖτοῦ
2317 5482 2591 5543 διέϐαλλον
2641 5489 2762 5552 τούς
2822 5488 3131 5572 ἀκούοντας,
3187 5490 3343 5556 αὐτὸς
3387 5492 3447 5547 τὸ
3524 5489 3756 5559 ἐναντίον

2098 5584 2292 5658 ποιῶν,
2352 5574 2558 5652 μᾶλλον
2612 5579 2885 5659 μακαρίζει
2939 5580 3060 5645 τοὺς
3132 5580 3439 5644 ἀκούοντας.
3495 5579 3651 5660 Τάχα
3699 5577 3755 5636 δὲ
