4116 6212
347 325 465 395 865
1112 330 1557 397 ENARRATIO
1586 332 1665 397 IN
1713 324 2219 395 EVANGELIUM
2267 324 2507 392 LUCIE.
2552 363 2631 374 —
2675 329 2837 393 CAP.
2875 325 2976 393 XI.
3605 327 3724 397 866

344 468 431 519 και
498 462 581 521 διὰ
649 468 740 522 τὸν
774 465 983 522 ἶαθέντα
1026 465 1203 544 κωφὸν
1234 464 1397 521 ταῦτα
1428 487 1613 544 φησιν,
1652 465 1734 519 ἱνα
1779 466 1865 521 καὶ
1898 464 1961 520 αὖ

2053 463 2637 526 ηοοηιιρτηηειιίε-ηειη
2690 474 2929 545 recepta
2985 466 3263 528 audiendi
3312 468 3456 529 559
3498 468 3713 533 virtus.

341 554 431 616 τὰς
492 553 721 618 ἀκούσας
793 555 993 636 φυλάξῃ
1023 556 1115 611 τὸν
1158 552 1340 633 λόγον,
1392 554 1478 609 καὶ
1510 554 1587 628 μὴ
1616 554 1824 630 γίνηται
1857 554 1997 628 αὐτῷ

338 642 374 709 ἡ
448 645 578 722 πρὸς
637 647 697 702 τὸ
752 644 958 701 ἀκούειν
1028 642 1247 719 δύναμις
1302 645 1375 705 εἷς
1432 643 1761 721 κατάκρισιν,
1795 651 1909 700 Τῶν
1941 640 1995 698 δὲ

340 731 523 811 ὄχλων
599 733 1076 812 ἐπαθροιζομένων,
1147 732 1341 809 ἢρξατο
1401 735 1428 788 6
1506 734 1690 810 Κὺριος
1751 731 1995 813 ἐλέγχειν

337 823 459 885 τοὺς
494 825 836 901 ὰγνωμονας,
872 822 1092 889 Ἐπειδὴ
1122 824 1222 901 γὰρ
1280 821 1415 889 ἦσάν
1446 843 1585 886 τινες
1617 820 1737 899 παρ’
1812 822 1995 885 αὐτοῖς

338 914 386 967 οἶ
431 915 712 983 ζητοῦντες
770 926 1001 987 σημεῖον
1032 910 1081 977 ἐξ
1152 911 1370 990 ούρανοῦ
1429 909 1668 988 γενέσθαι
1724 912 1863 989 παρά
1904 918 1995 967 τοῦ

2079 553 2587 629 Οοηςνρμειηιίὺιις
2616 564 2812 614 autem
2840 573 2903 613 se
2937 555 3143 631 turbis,
3186 558 3363 636 coepit
3410 558 3582 619 .li-sus
3616 579 3716 620 re-

2082 642 2453 718 prehendere
2484 643 2764 721 ingratos.
2798 642 2940 703 Nam
2974 645 3247 724 quoniam
3282 656 3451 708 erant
3478 648 3716 729 quidam

2077 732 2226 809 apud
2282 750 2385 789 eos
2444 733 2540 811 qui
2585 732 2928 812 quaerebant
2983 734 3214 812 signum
3266 734 3339 795 de
3388 738 3539 798 caelo
3590 738 3717 800 ﬁeri

2077 839 2107 879 a
2137 816 2303 900 Iesu,
2338 821 2616 883 dicebant
2646 822 2803 882 enim
2840 839 2852 883 :
2892 820 3068 898 Signa
3100 842 3229 902 quae
3283 825 3421 887 fecit
3454 827 3527 886 de
3561 836 3717 890 terra

2079 919 2236 977 sunt,
2294 918 2349 968 et
2397 909 2533 970 facit
2572 929 2639 970 ea
2693 913 2748 969 in
2802 909 3110 971 Beelzebul
3174 914 3375 974 mundi
3424 915 3713 995 principe,

2079 998 2175 1077 qui
2213 1008 2558 1077 potestatem
2594 999 2769 1060 habct
2802 1010 2973 1061 terrm
3007 1023 3017 1059 :
3055 1002 3129 1061 de
3187 1003 3334 1062 caelo
3366 1014 3563 1065 autem
3599 1024 3718 1066 non

338 1000 538 1067 Ἰτ,σοῦ’
603 1001 787 1080 ἔλεγον
820 1003 947 1080 γὰρ,
997 1000 1081 1056 ὅτι
1118 991 1267 1058 ἸΟσει
1304 1014 1454 1056 ποιεῖ
1483 1014 1714 1080 σημεῖα,
1761 1000 1863 1056 ἀπο
1893 1002 1993 1079 γῆς

336 1092 457 1165 εἰσι,
519 1092 606 1148 καὶ
665 1090 720 1146 ἐν
781 1087 1095 1161 Βεελζεϐοὺλ
1151 1098 1315 1146 ταῦτα
1368 1102 1519 1146 ποιεῖ
1549 1096 1627 1163 τῷ
1683 1091 1968 1168 κοσμοκρά¹

2081 1088 2395 1166 poterit.eo
2430 1090 2584 1168 quod
2622 1108 2736 1148 non
2762 1089 2836 1149 sit
2858 1088 3037 1150 Filius
3064 1089 3251 1150 Patris
3271 1091 3715 1176 ccelestiszquia,

332 1202 470 1260 τορι,
542 1183 615 1243 ὡς
674 1179 857 1259 ἔχοντι
915 1184 1015 1245 τῆς
1073 1178 1173 1257 γῆς
1231 1178 1485 1252 ἐξουσίαν,
1520 1177 1572 1243 ἒξ
1602 1182 1822 1257 οὖρανοῦ
1849 1176 1901 1233 δὲ
1933 1203 1968 1236 οι

2078 1177 2341 1256 inquam,
2375 1180 2612 1239 fuerunt
2640 1178 2875 1258 quidam
2921 1179 3042 1240 haec
3065 1180 3355 1252 dicentes,
3382 1183 3512 1261 ejus
3534 1184 3718 1261 gratia

332 1266 541 1324 δύναται
601 1272 851 1340 ποιῆσαι,
907 1271 999 1325 οἷα
1045 1269 1122 1335 μὴ
1170 1276 1263 1324 τοῦ
1315 1267 1551 1345 οὗρανῖνιυ
1599 1269 1798 1346 Πατρὸς
1875 1269 1962 1324 ι’ἱό

2073 1248 2263 1344 ενέιιὶι
2282 1248 2384 1327 eos
2408 1248 2785 1339 Dou:inu's,et
2802 1269 2961 1328 dicit:
2989 1269 3231 1331 Dabitur
3254 1248 3435 1333 vobis.
3455 1248 3713 1350 sigvnum,

330 1357 425 1418 ὤν,
492 1355 643 1414 Ἐπεὶ
704 1357 791 1413 οὖν
863 1358 1000 1425 ἦσάν
1033 1378 1170 1420 τινες
1202 1361 1249 1413 οἱ
1278 1363 1442 1414 ταῦτα
1472 1355 1747 1430 λέγοντες,
1806 1358 1968 1413 τούτο.

2073 1357 2228 1434 quod
2260 1356 2533 1417 ostendet
2567 1375 2659 1417 me
2716 1375 2915 1417 verum
2970 1359 3177 1419 Filium
3211 1359 3473 1421 ccelestis
3507 1364 3714 1425 Patris.

330 1445 505 1503 ἕνεκεν
564 1445 781 1527 ἐλέγχει
832 1447 1016 1513 αὖτοὺς
1076 1449 1103 1503 6
1162 1448 1373 1521 Κύριος,
1421 1448 1506 1502 καὶ
1538 1469 1722 1525 σθησιν,
1754 1447 1833 1502 ὃτι
1881 1458 1968 1503 Δο·

2073 1444 2256 1516 Quale
2290 1446 2430 1508 huc?
2482 1448 2644 1506 .lunzo
2678 1446 2935 1524 signum,
2975 1449 3081 1507 huc
3115 1457 3203 1507 est
3232 1451 3713 1516 resurrectionis.

328 1538 544 1605 θήσεται
794 1550 1048 1611 σημεῖον,
1124 1512 1253 1614 ὅπερ
1283 1512 1432 1601 δείξει
1465 1557 1530 1610 με
1552 1512 1830 1623 ,ἀληθινὸν
1864 1538 1968 1592 Υἱὸς

2068 1512 2228 1623 Sicut
2262 1536 2417 1595 enim
2474 1535 2571 1595 ille
2598 1512 2787 1595 tribus
2818 1512 3034 1597 diebus
3067 1537 3176 1599 fuit
3223 1538 3281 1597 in
3340 1550 3544 1601 ventre
3574 1512 3711 1623 ceti,

328 1631 420 1680 106
480 1625 716 1703 οὖρανίου
791 1624 1013 1705 Πατρός.
1082 1632 1245 1682 Ποῖον
1316 1633 1520 1698 106:0;
1563 1628 1624 1682 1‘6
1672 1634 1762 1683 106
1807 1616 1968 1701 Ἰωνᾶ,

2064 1619 2142 1679 ita
2178 1630 2234 1679 et
2265 1640 2369 1699 ego
2425 1635 2547 1681 tres
2577 1622 2707 1682 dies
2754 1622 2960 1683 faciam
2996 1624 3052 1684 in
3101 1634 3303 1685 ventre
3348 1629 3540 1705 magni
3571 1616 3708 1705 ceti,

326 1716 491 1791 ἤγουν
549 1715 609 1769 1"»
664 1719 762 1779 τῆς
820 1715 1180 1779 ἀναστάσεως.
1213 1706 1431 1791 ’Ὠσπερ
1459 1714 1556 1793 γάρ
1578 1714 1787 1779 ἐκεῖνος
1837 1728 1968 1793 τρεῒ‹

2069 1711 2179 1769 hoc
2235 1721 2321 1771 est
2365 1710 2607 1790 inferni,
2642 1721 2699 1771 et
2730 1730 3057 1791 resurgam.
3113 1716 3185 1775 At
3234 1716 3397 1775 Jonaa
3444 1719 3709 1799 quidem,

1847 1805 1984 1867 οὕτω
2011 1801 2042 1813 “’
2071 1808 2377 1879 postquam
2413 1801 2570 1861 velut
2605 1801 2819 1863 revixit
2848 1820 2915 1863 ex
2950 1814 3151 1864 ventre
3184 1804 3319 1877 ceti,
3370 1807 3712 1885 prmdicanti

326 1804 529 1879 ἡμέρας
586 1804 834 1872 ἐποίησεν
912 1804 966 1860 ἐν
1022 1812 1091 1881 τῇ
1164 1803 1337 1877 κοιλίᾳ
1396 1812 1486 1860 106
1543 1805 1759 1878 κήτους,

2068 1890 2448 1950 crediderunt
2482 1890 2793 1953 Ninivilze:
2832 1892 2979 1954 mihi
3011 1902 3203 1953 autem
3232 1894 3406 1954 etiam
3440 1916 3570 1956 cum
3609 1915 3707 1959 re-

324 1892 475 1972 κῖγὼ
530 1894 679 1971 τρεῖς
751 1892 950 1969 ἡμέρας
982 1895 1211 1965 ποιήσας
1242 1894 1295 1949 ἐν
1326 1899 1392 1969 τῇ
1422 1892 1597 1965 κοιλίᾳ
1638 1904 1726 1950 τοι)
1757 1896 1977 1963 κήτους,

324 1990 418 2039 106
474 1982 711 2061 μεγάλου
781 1986 963 2061 θηρὸς,
1026 1992 1115 2041 τοῦ
1188 1982 1333 2062 ᾅδου,
1392 1984 1781 2058 ἀναστήσομαι,
1832 1975 1981 2041 Ἀλλ’

331 2072 484 2129 ἰωνᾶ
542 2073 637 2148 μὲν
708 2075 842 2149 μετὰ
912 2074 1011 2142 τὴν
1060 2073 1119 2130 ἐκ
1162 2079 1254 2130 τοῦ
1282 2074 1476 2142 κήτους
1522 2073 1643 2128 οἷον
1696 2071 1978 2128 ἀναϐίωσιν

325 2162 637 2239 κηρύσσοντι
694 2162 1014 2230 ἐπείσθησαν
1073 2166 1120 2219 οἱ
1196 2172 1492 2234 Νινευϊται,
1580 2160 1697 2235 ἐμοὶ
1781 2160 1834 2216 δὲ
1893 2164 1979 2218 καὶ

324 2250 606 2308 ἀναστάντι
665 2254 726 2309 06
786 2253 1051 2309 πιστεύσει
1102 2254 1137 2319 η
1168 2253 1325 2330 γενεὰ
1354 2250 1511 2317 αὕτη⁶
1559 2249 1674 2306 ὅθεν
1716 2273 1977 2331 κατακρι-

320 2343 591 2409 θήσονται,
655 2342 733 2398 ὅτι
780 2344 1049 2402 Νινευίτας
1114 2342 1208 2400 οὒκ
1262 2341 1615 2417 ἓμιμὴσαντο,
1690 2342 1861 2396 καίτοι
1917 2362 1977 2418 γε

320 2428 512 2487 πλεῖον
581 2430 734 2487 ’[ωνᾶ
803 2430 926 2491 ὧδε.
961 2432 1030 2489 Τό
1061 2452 1118 2487 τε
1149 2432 1249 2509 γὰρ
1280 2428 1483 2504 ἀξίωμα
1513 2431 1569 2484 τὸ
1604 2427 1731 2499 ἐμὸν
1774 2431 1863 2485 καὶ
1915 2431 1974 2484 τὸ

319 2522 412 2575 106
463 2521 801 2600 κηρύγματος
864 2520 1010 2585 εἰδος
1070 2520 1278 2587 πολλὴν
1336 2518 1583 2600 διαφορὰν
1634 2517 1973 2580 ἐνδείκνυται.

323 2607 466 2687 Ἐγὼ
526 2598 825 2685 Δεσπότης,
883 2609 1087 2673 ἐκεῖνος
1145 2608 1350 2674 δοῦλος.
1404 2598 1544 2686 Ἐγὼ
1590 2606 1858 2684 βασιλείαν
1889 2611 1975 2667 οὔ·

320 2704 489 2775 ρανῶν
548 2699 819 2779 κηρύσσω,
897 2700 1107 2764 ἐκεῖνος
1190 2699 1455 2775 σωτηρίαν
1514 2697 1611 2764 τὴν
1694 2698 1799 2753 ἀπὸ
1876 2697 1972 2765 τῆς

319 2793 712 2869 καταστροφῆς.
775 2789 919 2868 Ἐγὼ
992 2790 1128 2865 μετὰ
1179 2788 1485 2866 θαυμάτων,
1559 2786 1765 2849 ἐκεῖνος
1824 2784 1970 2843 οὐδὲν

318 2879 544 2947 ποιήσας
598 2882 794 2955 θαῦμα,
859 2872 1085 2953 Ὀμοίως
1126 2879 1214 2934 καὶ
1246 2880 1279 2945 ἦ
1325 2875 1609 2954 βασίλισσα
1666 2885 1758 2934 106
1818 2876 1969 2932 νότνδυ

316 2982 626 3047 κατακρινεῖ
681 2969 779 3036 την
836 2969 1019 3046 γενεὰν
1090 2968 1315 3045 ταύτην,
1375 2968 1455 3022 ὃτι
1485 2969 1547 3021 ἒκ
1596 2965 1839 3043 περάτων
1869 2970 1969 3043 γῆς

316 3055 473 3124 ἦλθεν
532 3056 747 3116 ἀκοῦσαι
812 3058 910 3125 τὴν
954 3058 1140 3137 σοφίαν
1193 3055 1566 3131 Σολομῶντος.
1604 3054 1727 3111 Νόει
1766 3051 1820 3108 δέ
1878 3076 1966 3129 μοι

2064 1995 2402 2049 surrexero,
2434 1998 2550 2039 non
2584 1981 2782 2042 credet
2814 1982 3119 2059 generatio
3153 1982 3298 2043 ista:
3352 1984 3510 2045 unde
3556 2006 3706 2047 con-

2063 2066 2520 2141 demnabuntur,
2559 2070 2711 2149 quod
2762 2088 2953 2150 neque
2999 2072 3291 2133 Ninivitas
3320 2072 3442 2136 sint
3472 2073 3705 2149 imitati,

2062 2158 2327 2235 quamvis
2362 2159 2549 2237 major
2570 2179 2726 2220 nunc
2759 2160 2854 2220 hic
2886 2161 3035 2220 adsit
3058 2180 3234 2238 quam
3263 2162 3433 2223 Jona.
3464 2163 3605 2224 Nam
3632 2167 3707 2227 ob

2064 2264 2254 2305 meam
2293 2247 2637 2324 dignitatem
2690 2257 2745 2309 et
2802 2250 3241 2329 praedicationis
3270 2271 3481 2329 genus,
3518 2256 3709 2335 major

2063 2344 2421 2395 monstratur
2446 2338 2956 2417 excellentiaEgo
2989 2339 3295 2421 Dominus,
3333 2342 3432 2402 ille
3454 2362 3699 2408 servus:

2062 2442 2168 2501 ego
2201 2443 2447 2500 reanum
2475 2428 2757 2487 ccelorum
2795 2428 3184 2508 praedico,ille
3200 2430 3447 2491 salutem
3474 2452 3547 2494 ne
3574 2454 3703 2513 per-

2058 2517 2211 2573 irent
2244 2531 2256 2574 :
2285 2533 2392 2590 ego
2425 2536 2555 2576 cum
2592 2516 2915 2597 miraculis,
2949 2517 3047 2579 ille
3104 2518 3325 2599 absque
3379 2522 3699 2585 miraculis.

2056 2599 2342 2664 Similiter
2373 2613 2429 2665 et
2462 2606 2666 2683 regina
2708 2608 2889 2667 austri
2939 2608 3358 2669 condemnabit
3403 2612 3696 2673 nationem

2056 2692 2228 2763 hanc,
2265 2694 2399 2772 quia
2432 2714 2499 2755 ex
2527 2696 2745 2755 tiuibus
2780 2705 2949 2756 terra}
3006 2697 3165 2757 venit
3212 2708 3273 2756 ut
3320 2699 3548 2760 audiret
3597 2721 3697 2761 Sa-

2055 2781 2335 2861 pientiam
2367 2782 2701 2845 Solomonis
2737 2788 3029 2863 Intelligas
3051 2788 3700 2869 quoque,obsecro.per

2054 2871 2319 2948 reginuu
2352 2873 2554 2942 austri,
2581 2892 2817 2934 omnem
2845 2876 3105 2934 animam
3128 2893 3258 2954 quae
3281 2875 3339 2934 in
3365 2876 3518 2937 bono
3551 2880 3694 2940 vali-

2054 2960 2128 3019 da
2154 2970 2240 3019 est
2271 2972 2327 3021 et
2364 2965 2803 3041 perseveral.Et
2840 2976 2900 3023 ut
2937 2964 3051 3023 tale
3082 2964 3220 3043 quid
3255 2964 3693 3047 dicamaquilo

2054 3048 2114 3108 in
2146 3050 2797 3128 Scripturainl‘amatur
2830 3061 3106 3133 tanquam
3138 3052 3456 3114 adversarii
3506 3057 3692 3135 regio.

314 3146 402 3202 καὶ
469 3153 643 3203 πᾶσαν
714 3147 900 3228 ψυχὴν
957 3121 1129 3221 svi-up
1157 3145 1307 3221 καλῷ
1363 3151 1655 3224 κρατοῦσαν
1695 3144 1781 3198 καὶ
1812 3144 1967 3198 ἱστα-

2053 3138 2257 3201 Gclida
2280 3121 2437 3200 enim
2472 3150 2558 3200 est
2590 3149 2649 3203 et
2682 3142 2891 3221 rigida,
2925 3121 2993 3203 a'c
3026 3151 3255 3202 mortua
3296 3142 3453 3203 facit.
3483 3121 3698 3207 Augter

316 3236 482 3312 μένην
538 3237 847 3313 βασίλισσαν
901 3247 994 3297 τοῦ
1043 3238 1213 3297 νότου.
1262 3236 1393 3293 Οἷόν
1448 3235 1499 3291 τί
1529 3257 1695 3315 φημι.
1726 3236 1752 3289 6
1781 3232 1966 3312 βοῤῥᾶς

2054 3245 2187 3289 vero
2232 3229 2501 3290 laudatur
2559 3239 2621 3290 ut
2668 3240 2874 3291 ventus
2934 3231 3162 3293 calidus
3193 3243 3250 3292 et
3282 3232 3601 3309 viviticans,
3638 3246 3697 3298 et

314 3331 456 3408 παρὰ
495 3335 565 3407 τῇ
620 3331 804 3411 Γραιρῆ
854 3328 1212 3404 διαϐάλλεται,
1297 3333 1366 3387 ὡς
1436 3327 1529 3385 106
1606 3326 1968 3400 ἀντικειμένου

2053 3319 2281 3397 stupida
2342 3318 2609 3380 membra
2660 3320 3004 3382 confovens.
3041 3320 3182 3383 Ideo
3229 3330 3285 3381 et
3330 3322 3388 3383 in
3436 3321 3696 3386 Canticis

314 3418 500 3483 τόπος·
557 3410 765 3499 ψυχρὸς
822 3422 922 3500 γὰρ
984 3422 1071 3476 καὶ
1129 3420 1439 3501 νεκροποιὸς
1486 3418 1575 3473 καὶ
1605 3414 1902 3493 ναρκώθης·
1939 3420 1965 3472 6

2053 3426 2267 3487 sponsa
2296 3410 2632 3489 aquilonem
2678 3414 2885 3489 fugans
2916 3411 3059 3472 dicit
3093 3432 3106 3473 :
3142 3410 3350 3490 Surge,
3386 3415 3605 3494 aquilo;
3637 3426 3697 3477 et

313 3506 368 3563 δὲ
441 3509 591 3572 νότος
622 3498 918 3566 ἐπαινεῖται
947 3511 1021 3573 ὡς
1066 3516 1272 3585 πνεῦμα
1308 3508 1499 3586 θερμὸδ
1543 3506 1632 3561 καὶ
1674 3505 1961 3583 ζωογόνον,

2053 3498 2179 3557 veni
2230 3498 2528 3559 austerEt
2558 3500 2773 3561 iterum
2809 3501 3096 3581 propheta
3126 3500 3265 3562 dicit
3291 3525 3304 3563 :
3329 3501 3397 3563 Et
3424 3522 3558 3563 eum
3592 3508 3693 3586 qui

314 3599 401 3654 καὶ
468 3604 597 3677 τῶν⁸
631 3600 1029 3677 νεναρκηκότων
1082 3598 1260 3673 μελῶν
1316 3596 1626 3654 θαλπτικόν.
1680 3594 1772 3648 Διὸ
1800 3596 1887 3651 καὶ
1926 3597 1960 3663 ἡ

2053 3587 2119 3646 ab
2152 3590 2426 3669 aquilone
2459 3598 2569 3661 est,
2605 3590 3022 3651 exterminabit
3069 3590 3376 3665 Dominus,
3418 3592 3689 3655 Satanam

315 3687 369 3741 ἐν
426 3693 504 3761 τῷ
562 3670 805 3763 ’ῒᾼσματι
864 3690 1042 3770 νὺμιρη
1084 3670 1192 3745 -τὸν
1244 3686 1432 3766 βοῤῥᾶν
1489 3683 1772 3770 διώκουσα,
1808 3682 1959 3749 Ἐξε-

2053 3676 2293 3739 scilicet.
2354 3680 2533 3753 [gitur
2562 3679 2760 3741 anima
2798 3698 2927 3759 qua:
2958 3688 3167 3758 regunt
3195 3680 3253 3740 in
3283 3682 3569 3762 austro,iu
3595 3684 3695 3745 bo-

313 3775 550 3854 γέρθητι,
603 3776 761 3857 φησί,
821 3775 1001 3857 βοῤῥᾶ,
1062 3782 1149 3833 και
1180 3776 1365 3856 ἔρχου,
1414 3775 1553 3836 νότε,
1588 3769 1690 3832 Καὶ
1743 3770 1902 3828 πάλιν
1932 3777 1959 3829 ὁ

2053 3785 2119 3826 na
2151 3776 2312 3847 parte
2332 3769 2654 3849 spiritualis
2681 3769 2893 3849 vitae,et
2913 3769 3229 3848 imperium
3258 3770 3435 3831 habet
3465 3772 3523 3833 in
3555 3791 3691 3853 Ope-

310 3867 589 3945 προφήτης
659 3867 809 3946 quia?
870 3863 975 3926 Καὶ
1043 3867 1135 3923 τὸν
1190 3865 1296 3921 ἀπὸ
1383 3862 1541 3942 βοῤῥᾶ
1616 3858 1955 3941 ἔξολοθρεύσῃ

2053 3857 2396 3919 ribus.venit
2427 3868 2487 3919 ut
2516 3860 2709 3919 audiat
2750 3859 3248 3937 sapientiam,hoc
3284 3869 3397 3939 est,
3433 3862 3506 3922 ad
3541 3882 3688 3922 con-

313 3954 521 4034 Κύριος,
577 3952 823 4021 δηλονότι
884 3956 977 4012 τὸν
1048 3960 1317 4016 Σατανᾶν.
1386 3948 1448 4012 Ἠ
1493 3954 1662 4012 τοίνυν
1713 3952 1868 4030 ψυχὴ
1926 3964 1960 4028 ἡ

2053 3948 2492 4028 templationem
2516 3947 3115 4028 ascendit.Sapientia
3152 3949 3309 4009 enim
3348 3948 3688 4013 Solomonis

309 4042 654 4120 βασιλεὺουσα
712 4044 765 4100 ἐν
823 4052 902 4119 τῷ
975 4045 1134 4120 νότῳ,
1202 4050 1269 4122 τῇ
1312 4044 1484 4123 ἀγαθῇ
1536 4044 1703 4125 μερίδι
1744 4044 1831 4103 καὶ
1888 4049 1964 4116 τῷ

2053 4037 2275 4116 paciﬁci
2310 4038 2487 4113 regis,
2527 4038 2762 4098 Domini
2812 4048 2869 4099 et
2904 4038 3010 4099 Dei
3043 4037 3229 4099 nostri
3270 4040 3687 4121 contemplatio

305 4134 648 4207 πνευματικῷ
704 4134 824 4210 βίῳ,
900 4136 986 4199 καὶ
1042 4133 1125 4191 διὰ
1177 4139 1276 4201 τῆς
1307 4140 1605 4214 πρακτικῆς
1660 4137 1723 4192 τὸ
1772 4135 1962 4215 κράτος

2053 4135 2138 4187 est
2171 4145 2183 4188 :
2212 4127 2283 4187 ad
2318 4145 2492 4207 quam
2527 4146 2641 4187 non
2674 4128 2865 4189 veniet
2904 4126 3039 4207 quis
3096 4127 3289 4202 aliter,
3325 4127 3436 4188 nisi
3469 4148 3685 4207 regna-

306 4220 531 4302 ἔχουσα,
596 4222 817 4303 ἔρχεται
876 4226 949 4287 εἰς
1017 4226 1079 4280 16
1137 4224 1358 4282 ἀκοῦσαι
1406 4224 1505 4291 τὴν
1560 4226 1770 4303 σοφίαν,
1836 4224 1965 4301 ὅπερ

2053 4221 2195 4277 verit
2225 4216 2283 4275 in
2318 4216 2471 4277 bona
2503 4217 2637 4290 vita,
2675 4225 2731 4277 et
2762 4235 2868 4296 per
2896 4217 3143 4278 activam
3177 4216 3575 4297 imperaverit.

306 4311 471 4386 ἔστιν,
505 4314 577 4376 είς
605 4313 825 4392 θεωρίαν
858 4311 1150 4374 ἀναϐαίνει.
1217 4305 1279 4369 Ἠ
1309 4314 1409 4393 γὰρ
1440 4314 1593 4394 σοφία
1636 4322 1729 4371 τοῦ
1777 4313 2126 4387 Σολομῶντος
2182 4310 2273 4362 106
2304 4308 2566 4384 εἰρηνικοῦ
2595 4306 2882 4387 βασιλέως,
2917 4315 3008 4363 106
3042 4308 3224 4384 Κυρίου
3253 4312 3339 4364 καὶ
3371 4316 3501 4365 Θεοῦ
3531 4312 3686 4387 ἡμῶν

307 4402 343 4469 ἢ
374 4403 566 4481 θεωρία
595 4401 760 4483 ἐστὶν,
792 4405 865 4467 εἷς
898 4404 965 4472 ἣν
1003 4402 1179 4467 ἄλλως
1212 4408 1309 4463 οὒκ
1339 4404 1399 4458 ἃν
1432 4403 1639 4481 εἰσέλθῃ
1682 4427 1789 4481 τις,
1823 4405 1866 4461 εἷ
1897 4404 1973 4479 μὴ
2005 4399 2084 4456 διὰ
2113 4405 2206 4454 106
2234 4397 2538 4473 βασιλεῦσαι
2576 4397 2627 4453 ἐν
2682 4405 2758 4472 τῷ
2791 4398 2971 4475 ἀγαθῷ
3000 4397 3120 4477 βίῳ,
3168 4400 3251 4453 καὶ
3284 4405 3543 4476 κρατῆσαι
3597 4400 3683 4456 διὰ

304 4491 402 4558 τῆς
428 4491 721 4571 πρακτικῆς
732 4540 745 4554 ,

386 4600 415 4640 (
490 4578 666 4644 Οὗόεὶς
724 4580 778 4637 δὲ
848 4581 1046 4663 λύχνον
1124 4581 1291 4659 ἅψας,
1351 4584 1423 4645 εἷς
1456 4584 1691 4663 κρυπτὴν
1722 4585 1947 4657 τίθησιν,

2121 4580 2293 4638 Vens.
2332 4574 2535 4638 33-36.
2577 4600 2603 4631 α
2630 4577 2820 4638 Nemo
2854 4575 3156 4638 lucernam
3190 4578 3480 4652 ascendit,
3534 4587 3591 4639 et
3622 4579 3682 4640 in

303 4668 418 4727 0663:
479 4672 581 4727 ὑπό
635 4672 727 4727 τὸν
786 4669 993 4752 μόδιον,
1046 4670 1169 4728 ἀλλ’
1225 4672 1311 4729 ἐπὶ
1338 4672 1435 4740 τὴν
1467 4672 1713 4754 λυχνίαν,
1759 4672 1852 4729 ’ίνα
1904 4675 1952 4727 οἱ

301 4760 726 4840 εἰσπορευόμενοι
784 4763 844 4817 τὸ
913 4768 1024 4839 φῶς
1070 4761 1362 4844 βλέπωσιν.
1396 4761 1457 4821 Ὀ
1489 4761 1682 4844 λύχνος
1714 4770 1806 4821 τοῦ
1838 4763 1950 4819 σώ-

301 4834 467 4925 ματός
527 4834 673 4908 ἐστιν
743 4852 771 4907 6
820 4834 1112 4931 ὀφθαλμός.
1173 4834 1350 4909 ’.Οταν
1386 4855 1471 4909 οὖν
1505 4854 1533 4909 6
1558 4834 1830 4934 ξφθαλμός
1860 4874 1951 4908 σου

302 4937 502 5003 ἁπλοῦς
573 4946 629 5016 ᾗ,
691 4942 782 4997 καὶ
838 4938 963 4997 ὅλον
1028 4944 1090 4997 τὸ
1159 4943 1316 5017 σῶμά
1346 4963 1439 4998 σου
1498 4944 1752 5022 φωτεινόν
1782 4942 1947 5004 ἐστιν,

303 5027 466 5085 Ἐπὰν
521 5028 577 5084 δὲ
644 5031 877 5108 πονηρὸς
949 5032 1008 5106 ᾗ,
1065 5032 1153 5087 καὶ
1212 5032 1273 5087 16
1330 5031 1486 5107 σῶμά
1528 5053 1621 5087 σου
1682 5031 1951 5088 σκοτεινόν

300 5116 433 5180 ἐστι,
494 5120 690 5174 Σκόπει
723 5118 834 5194 οὖν,
881 5120 959 5194 μὴ
988 5121 1051 5175 τὸ
1094 5126 1204 5198 φῶς
1234 5122 1295 5176 16
1326 5119 1379 5175 ὲν
1430 5121 1511 5177 σοὶ
1552 5121 1743 5185 σκότος
1785 5122 1944 5179 εστίν.

303 5209 359 5264 Εἰ
429 5206 518 5264 οὗν
548 5208 610 5263 16
640 5208 798 5283 σῶμά
825 5230 919 5265 σου
949 5207 1073 5265 ὃλον
1097 5211 1374 5292 φωτεινὸν,
1424 5210 1503 5284 μὴ
1535 5208 1668 5290 ἔχον
1716 5232 1764 5266 τι
1796 5209 1950 5289 μέρος

299 5297 594 5377 σκοτεινὸν,
653 5295 799 5355 ἔσται
828 5300 1083 5378 φωτεινὸν
1117 5298 1264 5374 ὁλον,
1307 5301 1380 5364 ὡς
1411 5298 1535 5356 ὅταν
1580 5302 1607 5356 6
1658 5298 1853 5379 λύχνος
1884 5304 1951 5375 τῇ

300 5386 545 5464 ἀστραπῇ
605 5388 803 5467 φωτίζῃ
861 5409 941 5447 σε.
1006 5412 1035 5443 ι
1070 5385 1392 5469 Ἐπειδήπερ
1422 5392 1465 5445 οἳ
1496 5390 1756 5465 βλίσκανοι
1807 5387 1947 5446 ’1ου-

298 5472 440 5532 δαϊοι
493 5478 557 5533 τὰ
624 5476 863 5553 θαὺμαντα
930 5475 1217 5554 βλέποντες
1316 5479 1699 5557 ἒσυκοφάντουν
1784 5478 1947 5537 ταῦτα

298 5567 417 5633 νοὸς
470 5566 652 5641 κακίᾳ,
704 5566 891 5623 τούτου
932 5565 1107 5623 ἕνεκεν
1131 5568 1160 5622 6
1188 5568 1377 5647 Κύριος
1408 5568 1573 5631 ταῦτά
1617 5583 1772 5647 φησι·
1805 5566 1946 5626 "Ou

302 5652 497 5734 λὺχνον
560 5652 809 5719 λαϐόντες
884 5658 931 5713 οἱ
989 5656 1249 5734 ἄνθρωποι
1297 5657 1437 5735 πᾶρᾶ
1494 5662 1587 5713 τοῦ
1643 5657 1793 5731 Θεοῦ,
1850 5656 1947 5725 τήν

2035 4667 2381 4729 abscondito
2414 4665 2598 4745 ponit,
2633 4683 2826 4745 neque
2856 4666 3059 4727 subter
3084 4666 3481 4741 modium,sed
3504 4688 3685 4750 super

2035 4755 2483 4829 candelabrum,
2514 4766 2573 4816 ut
2601 4756 2698 4836 qui
2730 4756 3166 4835 ingrediuntur,
3196 4758 3393 4819 lumen
3423 4759 3679 4822 videant.

2036 4849 2301 4910 Lucerna
2332 4847 2599 4926 corporis
2621 4855 2710 4906 est
2732 4846 3110 4909 oculus.Cum
3129 4846 3302 4925 igitur
3320 4848 3527 4910 oculus
3550 4859 3684 4911 tuus

2035 4938 2212 4998 fuerit
2233 4935 2701 5017 simplex,totum
2736 4955 2971 5016 quoque
3002 4955 3215 5016 corpus
3239 4945 3399 4997 tuum
3418 4938 3679 5001 lucidum

2034 5026 2337 5107 erit;quod
2362 5024 2411 5085 si
2431 5028 2615 5086 malus
2643 5025 3025 5099 fuerit,etiam
3058 5045 3271 5106 corpus
3313 5035 3473 5087 tuum
3506 5036 3677 5090 tene-

2034 5117 2275 5179 brosum
2308 5115 2442 5177 erit.
2478 5114 2627 5177 Vide
2658 5134 2796 5193 ergo
2825 5133 2899 5176 ne
2930 5116 3131 5177 lumen
3165 5116 3319 5196 quod
3367 5116 3427 5177 in
3462 5126 3518 5179 te
3567 5127 3679 5199 est,

2035 5208 2297 5271 tenebrae
2321 5208 2459 5268 sint.
2495 5209 2557 5267 Si
2588 5225 2726 5285 ergo
2757 5225 2971 5287 corpus
3002 5215 3163 5267 tuum
3203 5215 3386 5268 totum
3412 5207 3674 5269 lucidum

2034 5298 2359 5378 fuerit,non
2387 5296 2613 5359 habens
2641 5297 2897 5377 aliquam
2934 5305 3158 5377 partem
3182 5295 3677 5371 tenebrosam,sic

2032 5388 2142 5450 erit
2173 5386 2431 5447 lucidum
2456 5386 2594 5446 360
2617 5393 2893 5460 totum,ut
2923 5404 3055 5446 cum
3081 5384 3323 5446 lucerna
3359 5385 3585 5464 fulgore
3611 5388 3680 5448 i1-

2031 5476 2283 5538 luminat
2304 5473 2721 5546 te.»Quoniam
2755 5473 3139 5536 invidiJudtei
3165 5474 3448 5538 miracula
3476 5477 3677 5541 viden-

2034 5575 2144 5635 tes.
2172 5583 2242 5631 ea
2272 5564 2784 5626 calumniabantur
2827 5562 2902 5624 ob
2950 5563 3166 5629 mentis
3198 5564 3506 5641 malitiam,
3543 5568 3675 5649 ejus

2039 5654 2229 5731 gratia
2258 5653 2546 5716 Dominus
2569 5654 2694 5715 hac
2724 5653 3051 5734 dicit:qu0d
3084 5653 3388 5716 lucernam
3418 5656 3615 5739 adepti
3642 5677 3675 5720 a
