4116 6212
223 292 349 356 873

954 272 1397 362 ENARRATIO
1444 295 1522 359 IN
1570 295 2075 361 EVANGELIUM
2126 292 2365 362 LUCIE.
2410 332 2488 343 —
2530 299 2695 363 CAP.
2744 301 2851 363 x1.

3486 301 3563 365 87

211 435 431 507 αὖτοὺς,
493 434 715 513 ἤρξαντο
782 441 826 494 οἱ
903 444 1247 513 Γραμμαιεῖς
1310 438 1397 492 καὶ
1469 438 1516 491 οἱ
1587 443 1865 514 Φαρισαῖοι

1957 441 2207 521 diceret,
2241 452 2549 523 coeperunt
2594 443 2920 525 legisperiti
2954 453 3013 506 et
3038 444 3319 508 Pharisaei
3349 447 3605 525 graviter

204 523 395 587 δεινῶς
438 526 671 606 ἐνέχειν,
718 530 806 584 καὶ
852 528 1295 604 ἀποστοματίζειν
1331 528 1486 583 αὑτὸν
1532 527 1650 605 περὶ
1678 524 1869 582 πλειό-

206 636 341 685 νων,
409 612 760 693 ἒνεδρεύοντες
821 618 1002 696 αὺτὸν,
1088 623 1367 687 ζητοῦντες
1430 619 1676 695 θηρεῦσαί
1718 637 1767 671 τι
1814 613 1872 670 ἐκ

202 705 306 758 τοῦ
356 706 616 779 στόματος
678 710 858 784 αὺτοῦ,
933 706 1026 761 ἵνα
1099 707 1546 784 κατηγορήσωσιν
1606 706 1785 764 αὐτοῦ.
1838 726 1866 757 ε

211 790 417 849 Κλεῖδα
474 795 723 871 γνώσεως
767 794 1040 869 ὠνόμασεν
1092 798 1119 851 ὁ
1155 796 1346 875 Κύριος
1379 796 1475 862 τὴν
1506 791 1870 866 διδασκαλίαν,

206 882 302 936 καὶ
360 883 457 949 τὴν
517 881 601 939 διὰ
644 892 735 941 τοῦ
778 884 940 957 νόμου
980 885 1344 964 χειραγωγίαν
1377 881 1662 959 δυναμένου
1704 903 1875 961 προσ-

212 970 369 1048 ἀγειν
413 979 489 1044 τῷ
547 980 776 1053 Χριστῷ,
842 966 901 1031 Ὀ
966 975 1066 1054 γὰρ
1138 973 1299 1048 νόμος
1359 974 1695 1053 χειραγωγὸς
1743 973 1876 1028 πάν-

208 1081 323 1123 τως
371 1063 443 1124 εἷς
490 1063 735 1141 Χριστύι,
772 1067 831 1121 Οἱ
883 1061 1056 1119 τοίνυν
1086 1065 1295 1139 νομικοὶ
1323 1065 1415 1119 τὸν
1445 1062 1610 1137 νόμον
1653 1059 1874 1118 δοκοῦν-

205 1170 304 1213 τες
362 1151 692 1229 ἑρμηνεύειν,
740 1155 838 1219 τὴν
899 1151 1086 1208 κλεῖδα
1143 1159 1241 1220 τῆς
1309 1154 1556 1233 γνώσεως
1608 1164 1871 1231 κατεῖχον

204 1238 568 1304 ἒθελοκάκως.
631 1243 717 1297 καὶ
774 1242 869 1298 οὒκ
914 1240 1126 1321 ἤνοιγον
1172 1244 1267 1305 τὰς
1328 1250 1421 1299 τοῦ
1481 1243 1645 1317 νόμου
1687 1241 1866 1320 θύρας,

201 1330 294 1384 ἱνα
346 1327 415 1384 δι’
464 1333 635 1388 αὒτῶν
683 1331 986 1389 εἰσέλθωσιν
1044 1332 1190 1391 αὐτοί
1229 1353 1287 1388 τε
1330 1333 1420 1388 καὶ
1479 1333 1506 1388 ὁ
1550 1330 1679 1394 λαὸς
1738 1332 1871 1408 πρὸς

205 1418 460 1497 Χριστόν.
516 1419 689 1477 ’Ἔστι
745 1419 796 1476 δὲ
829 1423 857 1478 ὁ
900 1422 1065 1497 νόμος
1108 1425 1232 1501 θύρα
1278 1423 1349 1484 εἷς
1384 1423 1628 1498 Χριστόν·
1664 1420 1807 1489 πλὴν
1836 1422 1869 1488 ἡ

195 1508 333 1585 θύρα
376 1507 509 1576 αὕτη
553 1509 913 1584 κεκλεισμένη
958 1510 1120 1585 ἐστὶν,
1179 1512 1271 1567 εάν
1316 1512 1393 1585 μή
1442 1532 1524 1573 τις
1581 1511 1681 1579 την
1740 1510 1881 1571 ἀσᾶ-

206 1617 369 1675 φειαν
411 1606 503 1654 τοῦ
532 1600 696 1674 νόμου
727 1600 991 1681 σαφηνίζῃ
1020 1601 1109 1656 καὶ
1139 1598 1405 1677 διανοίγη.
1437 1597 1543 1661 Καὶ
1577 1602 1676 1679 γάρ
1707 1603 1735 1657 ὁ
1770 1601 1874 1664 Κύ,

198 1708 326 1762 ριος
402 1699 554 1743 εἶπεν
590 1705 604 1720 ⁸

209 1776 356 1851 ἐμοί,
411 1800 434 1835 ι
475 1781 570 1834 Καὶ
599 1778 757 1836 πάλιν
794 1799 810 1816 ο
846 1803 872 1833 α
907 1780 1185 1859 Ἐρευνᾶτε
1217 1780 1312 1843 τὰς
1345 1780 1578 1859 Γραφάς,
1606 1779 1687 1835 δτι
1719 1780 1876 1847 αὗταί

211 1869 347 1922 εἰσιν
406 1868 456 1923 αἱ
509 1876 860 1948 μαρτυροῦσαι
910 1871 1029 1948 περὶ
1085 1867 1239 1944 ἐμοῦ,
1294 1869 1381 1925 καὶ
1409 1870 1566 1943 ὑμεῖς
1597 1873 1656 1927 οὒ
1697 1868 1875 1927 θέλετε

212 1954 388 2010 ἐλθεῖν
432 1957 562 2031 πρός
606 1978 698 2029 με.
735 1977 761 2013 ι
814 1958 948 2013 Οἷον
992 1958 1065 2019 ὡς
1108 1956 1193 2013 ἐπὶ
1221 1957 1336 2020 ἑνὸς
1381 1954 1674 2030 ὑποδεῖξαι,
1705 1956 1873 2031 ἀμνὸς

210 2044 467 2123 ἐσφάζετο
490 2055 612 2107 ταῦς
637 2044 932 2125 ’ίοδδαίοις,
960 2047 1205 2126 ὶχρίοντο
1245 2048 1295 2101 αἱ
1326 2044 1497 2126 φλιαὶ,
1532 2047 1620 2101 καὶ
1652 2046 1717 2100 τά
1744 2045 1873 2123 κρέα

210 2134 417 2205 ἤσθιον,
481 2137 567 2191 καὶ
625 2136 691 2203 ἦν
740 2136 924 2201 αὖτοῖς
954 2137 1072 2203 νίκη
1121 2142 1274 2192 τοῦτο
1318 2136 1455 2193 κατά
1502 2142 1593 2191 τοῦ
1623 2133 1870 2215 ὀλοθρευ-

206 2231 327 2286 τοῦ,
389 2232 553 2281 Τοῦτο
611 2224 664 2280 δὲ
710 2226 851 2282 ἅπαν
914 2228 973 2281 τὸ
1017 2235 1113 2283 τοῦ
1174 2231 1398 2304 Χριστοῦ
1429 2226 1719 2303 μυστήριον
1749 2223 1872 2294 ἐδή-

206 2313 329 2383 λου,
376 2314 435 2369 οὗ
488 2317 558 2379 ὡς
615 2316 782 2387 ἀμνοῦ
842 2316 1060 2395 ἀμώρου
1118 2315 1207 2371 καὶ
1263 2313 1487 2370 ἀσπίλου
1550 2313 1865 2394 σφαγέντος,

206 2404 532 2482 ἑχρίσθησαν
592 2408 640 2459 αἱ
683 2405 938 2483 ἡμέτεραι
999 2405 1166 2485 φλιαὶ,
1242 2406 1405 2479 θυμὸς
1448 2405 1536 2459 καὶ
1595 2404 1865 2479 ἐπιθυμία,

208 2494 299 2547 καὶ
357 2494 417 2547 τὸ
472 2494 668 2549 τούτων
724 2493 1007 2571 ὑπέρθυρον
1066 2496 1127 2550 τὸ
1188 2492 1493 2570 λογιστικόν
1527 2508 1540 2522 ⁸
1602 2492 1698 2549 καί
1771 2494 1869 2560 τὴν

209 2583 380 2659 σάρκα
428 2589 519 2637 τοῦ
567 2586 683 2638 ι’ἱοῦ
743 2590 834 2639 τοῦ
890 2583 1163 2661 ἀνθρώπου
1220 2581 1516 2662 ἐφάγομεν,
1579 2582 1668 2638 καὶ
1723 2604 1867 2639 νενι-

1955 532 2228 593 insistere
2264 540 2318 592 et
2349 532 2611 612 captiose
2664 552 2797 593 eum
2853 533 3225 612 interrogare
3255 534 3330 596 de
3378 536 3599 611 multis,

1955 618 2306 682 insidiantes
2332 622 2409 695 ei,
2450 633 2508 682 et
2541 630 2875 702 quaerentes
2913 623 3134 703 aliquid
3167 625 3367 685 venari
3399 643 3468 687 ex
3500 643 3604 687 ore

1956 710 2107 790 ejus,
2142 729 2257 791 quo
2288 718 2636 773 accusarent
2664 731 2824 774 eum.
2866 736 2888 770 ι
2925 712 3164 774 Clavem
3196 712 3459 775 scientiae
3489 733 3601 775 no-

1961 799 2200 860 minavit
2235 798 2519 860 Dominus
2552 799 2880 862 doctrinam
2914 810 2971 862 et
3006 802 3152 880 legis
3184 802 3599 865 manuductio-

1959 905 2258 968 nem,quae
2279 887 2513 949 valebat
2533 888 2836 951 adducere
2863 888 2938 949 ad
2962 890 3283 952 Christum.
3309 893 3422 953 Lex
3443 891 3601 953 enim

1960 976 2205 1036 (mnino
2236 995 2343 1038 nos
2375 977 2448 1037 ad
2497 977 2795 1039 Christum
2834 978 3201 1042 manuducit.
3257 979 3606 1059 Legisperiti

1960 1064 2266 1145 igitur,qui
2290 1065 2403 1127 sibi
2425 1074 2585 1127 recte
2608 1066 2801 1145 legem
2826 1066 3206 1146 interpretari
3226 1067 3604 1144 videbantur,

1956 1153 2230 1216 scientiae
2258 1154 2485 1214 clavem
2520 1154 2776 1234 maligne
2808 1154 3114 1231 tenebant,
3149 1170 3208 1218 et
3241 1175 3358 1218 non
3380 1157 3607 1237 aperie-

1956 1240 2331 1321 bantjanuas
2382 1242 2549 1321 legis,
2605 1262 2711 1323 per
2756 1263 2903 1325 quas
2948 1245 3238 1307 intrarent
3286 1255 3346 1307 et
3386 1246 3501 1327 ipsi
3549 1250 3608 1308 et

1955 1331 2206 1411 populus
2236 1332 2310 1391 ad
2337 1332 2663 1407 Christum,
2688 1332 3168 1414 quandoquidem
3203 1334 3293 1397 lex
3315 1335 3501 1415 janua
3519 1344 3609 1398 est

1964 1420 2034 1480 ad
2069 1419 2393 1484 Christum.
2436 1420 2858 1483 Verumtamen
2895 1423 3080 1501 janua
3122 1423 3231 1485 ista
3264 1424 3462 1486 clausa
3490 1422 3605 1500 est,

1967 1508 2079 1568 nisi
2110 1508 2241 1589 quis
2273 1508 2694 1570 obscuritatem
2727 1510 2875 1589 legis
2907 1506 3241 1573 manifestet
3270 1521 3330 1575 et
3354 1508 3604 1593 aperiat,

1965 1596 2258 1679 faciatque
2288 1597 2681 1661 manifestam.
2707 1598 2942 1660 Etenim
2962 1597 3247 1662 Dominus
3276 1600 3456 1664 dixit:
3497 1627 3517 1658 ε
3544 1602 3607 1664 Si

678 1713 705 1743 α
775 1691 828 1746 Εἰ
882 1688 1183 1745 ἐπιστεύετε
1225 1696 1434 1767 Μωσεῖ,
1483 1688 1786 1747 ἐπιστεύετε
1817 1690 1865 1761 ἃ,

1966 1686 2372 1749 credidissetis
2392 1688 2565 1768 Mosi,
2598 1687 2937 1748 credissetis
2958 1687 3163 1769 utique
3193 1690 3338 1752 mihi
3358 1688 3443 1753 50.
3481 1715 3505 1745 »
3534 1690 3609 1753 Et

1961 1774 2176 1836 iterum
2207 1794 2220 1834 :
2254 1775 2622 1838 Scrutamini
2646 1774 3003 1857 Scripturas,
3023 1778 3304 1858 quoniam
3331 1777 3457 1840 ista:
3472 1789 3609 1840 sunt

1959 1881 2091 1942 quae
2120 1864 2527 1926 testimonium
2573 1860 2892 1945 perhibent
2941 1864 3016 1926 de
3068 1885 3185 1928 me.
3237 1866 3307 1928 Et
3353 1887 3458 1930 vos
3489 1887 3607 1929 non

1960 1952 2131 2012 vultis
2168 1953 2368 2014 venire
2399 1953 2471 2013 ad
2505 1971 2621 2014 me.
2665 1952 2735 2014 Et
2783 1961 2847 2014 ut
2895 1954 3154 2034 exempli
3205 1957 3394 2035 gratia
3423 1976 3605 2018 unum

1959 2041 2268 2102 ostendam
2303 2062 2315 2103 :
2347 2059 2535 2119 agnus
2565 2040 3303 2120 immolabaturaJudeeis,
3339 2052 3397 2106 et
3427 2052 3607 2126 unge-

1959 2128 2177 2191 bantur
2208 2130 2712 2209 superliminaria,
2751 2139 2810 2191 et
2837 2148 3049 2192 carnes
3098 2134 3515 2215 comedebaut,
3552 2144 3611 2196 et

1957 2227 2082 2279 erat
2114 2222 2203 2279 eis
2230 2220 2340 2280 hoc
2364 2219 2608 2279 victoria
2629 2228 2836 2281 contra
2859 2220 3402 2284 exterminatorem.
3420 2221 3613 2302 Signi-

1957 2308 2171 2369 lic-abut
2203 2307 2315 2368 hoc
2348 2307 2520 2387 plane
2552 2308 2895 2387 mysterium
2945 2308 3187 2380 Christi,
3221 2329 3338 2390 quo
3368 2314 3430 2371 ut
3458 2329 3609 2390 agno

1958 2400 2332 2457 immaculato
2379 2407 2436 2457 et
2493 2415 2640 2477 puro
2699 2399 2893 2458 occiso
2950 2401 3174 2478 perfusi
3227 2410 3365 2463 sunt
3423 2401 3611 2461 nostri

1960 2495 2182 2565 pestes,
2210 2486 2298 2546 ira
2328 2494 2387 2546 et
2416 2485 2926 2567 concupiscentia,
2976 2502 3038 2550 et
3082 2489 3293 2550 horum
3346 2488 3609 2568 superli-

1961 2576 2213 2648 ininare,
2245 2573 2554 2635 rationalis
2582 2575 2668 2635 vis
2706 2594 2719 2636 :
2782 2593 3143 2655 carnemque
3176 2576 3311 2639 Filii
3353 2578 3612 2640 hominis

211 2674 456 2746 κήκαμεν
509 2673 600 2727 τὸν
655 2674 747 2734 τὰς
810 2674 1046 2752 ψυχικὰς
1106 2674 1260 2746 ἡμῶν
1317 2668 1561 2746 δυνάμεις
1618 2670 1865 2751 ὀλοθρεύ-

1955 2663 2352 2743 comedimus,
2391 2670 2448 2723 et
2482 2662 2728 2723 vicimus
2757 2665 3001 2743 quidem
3031 2664 3319 2726 animales
3362 2666 3612 2727 virtutes

211 2782 363 2821 οντα.
416 2762 511 2819 Καὶ
543 2762 606 2817 τά
634 2759 881 2817 πλείωδέ
929 2768 1021 2818 τοῦ
1065 2762 1227 2837 νόμου
1254 2762 1346 2816 τὸν
1392 2763 1613 2840 Χριστὸν
1663 2759 1862 2832 ὑπεδή-

1955 2763 2190 2814 nostras
2220 2752 2600 2833 perdentem.
2638 2755 2706 2814 Et
2738 2754 3019 2833 pleraque
3061 2753 3121 2812 in
3150 2753 3283 2832 lege
3311 2753 3609 2816 Christum

207 2851 357 2910 λουν.
424 2850 803 2926 Κεκλεισμένος
848 2850 1027 2908 πέντοι
1071 2852 1137 2919 ἧν
1180 2854 1209 2906 ὁ
1271 2850 1433 2924 νόμος
1464 2856 1534 2927 τῇ
1565 2858 1655 2906 τοῦ
1685 2852 1862 2930 γράμ-

1953 2843 2369 2921 siguiﬁcabant
2453 2840 2666 2903 Clausa
2722 2841 2883 2902 enim
2934 2850 3059 2903 erat
3102 2844 3196 2904 lex
3245 2842 3614 2905 obscuritate

207 2962 379 3016 ματος
424 2941 668 3019 ἀσαφείᾳ,
715 2940 893 3019 ὥσπερ
938 2942 1037 2997 τινὶ
1078 2941 1224 3019 θύρᾳ.
1291 2939 1418 2995 Ἐὰν
1461 2936 1515 2994 δέ
1572 2963 1653 3004 τις
1712 2938 1858 2996 διδαι·⁵

1953 2931 2182 3004 littera),
2218 2933 2389 3011 quasi
2438 2932 2627 3010 janua
2673 2930 2947 3010 quadam.
2999 2930 3059 2994 Si
3110 2940 3305 2993 autem
3351 2932 3610 3013 cuipiam

205 3028 430 3085 σκαλίαν
492 3029 902 3109 ἐνεκεχείριστο,
956 3030 1106 3086 οὗτον
1167 3029 1295 3108 εἶχε
1354 3029 1446 3095 τὴν
1518 3026 1705 3086 κλεῖδα
1760 3035 1858 3095 τῆς

1953 3022 2216 3083 doctrina
2237 3004 2593 3082 concredita
2621 3004 2824 3101 fuerit,
2851 3019 2946 3083 hic
2967 3020 3150 3083 habet
3171 3022 3395 3084 clavem
3418 3004 3615 3086 scien-

206 3122 451 3198 γνήσεως
487 3133 503 3153 ⁸
550 3121 637 3176 καὶ
692 3122 734 3176 εἰ
790 3117 1072 3199 ἠϐούλετο,
1134 3118 1336 3186 ἤνοιξεν
1380 3117 1466 3197 ἂν,
1498 3120 1586 3175 καὶ
1617 3120 1772 3183 ain-Sc
1804 3141 1859 3176 τε

1953 3116 2040 3180 μω
2067 3133 2079 3173 :
2115 3112 2166 3172 si
2197 3111 2456 3171 voluerit
2485 3110 2806 3191 aperire,ei
2838 3110 2965 3190 ipse
2981 3111 3326 3193 intrahit,et
3346 3113 3479 3174 aliis
3493 3116 3610 3177 dux

208 3208 444 3283 εἰσῆλθε,
493 3211 580 3267 καὶ
638 3208 818 3275 ἅλλοις
862 3207 1055 3287 ὁδηγὸς
1110 3207 1344 3286 ἐγένετο,
1403 3206 1533 3286 ὅπερ
1578 3211 1625 3264 οἱ
1655 3211 1864 3284 νομικοὶ

1953 3201 2056 3261 erit
2087 3219 2100 3263 :
2153 3200 2211 3261 id
2246 3200 2402 3281 quod
2438 3200 2771 3279 legisperiti
2823 3219 2941 3261 non
2986 3200 3282 3283 fecerunt,
3316 3204 3420 3264 sed
3451 3205 3608 3266 tule-

209 3300 310 3355 οὒκ
361 3297 642 3369 ἐποίησαν,
706 3297 827 3353 ἀλλ’
880 3298 1010 3377 ἦραν
1070 3298 1169 3365 τὴν
1227 3294 1417 3353 κλεῖδα
1458 3296 1556 3365 τῆς
1578 3296 1858 3375 γνώσεως,

1953 3300 2088 3353 runt
2118 3291 2344 3352 clavem
2375 3289 2671 3370 scientizr,
2706 3291 2819 3352 hoc
2843 3300 2932 3351 est
2960 3290 3436 3368 absconderuut,
3461 3294 3605 3356 obs-

212 3386 484 3445 τουτέστιν
544 3386 878 3467 ἀπέκρυψαν,
943 3387 1230 3465 ἠφάνισαν,
1270 3387 1357 3442 καὶ
1415 3383 1601 3443 λοιπὸν
1650 3390 1725 3452 ὡς
1777 3388 1865 3457 τῆς

1962 3388 2264 3460 curarunt,
2304 3388 2362 3439 et
2382 3379 2510 3458 jam
2538 3380 2705 3458 quasi
2732 3379 2880 3441 clavi
2910 3399 2943 3442 e
2972 3382 3172 3443 medio
3212 3380 3461 3458 sublata,
3494 3383 3609 3447 hoc

215 3473 423 3539 κλειδὸς
481 3474 727 3549 ἀρθείσης
789 3476 848 3533 ἐκ
894 3476 1081 3556 μέσου,
1142 3474 1264 3542 ἤτοι
1324 3478 1421 3543 τῆς
1472 3476 1751 3552 ἑρμηνείας
1783 3487 1865 3537 τοῦ

1957 3479 2045 3532 est
2078 3467 2224 3547 legis
2242 3468 2756 3548 interpretatione,
2782 3469 2997 3530 mansit
3016 3470 3219 3533 clausa
3246 3472 3376 3551 ejus
3394 3473 3602 3552 janua.

215 3568 384 3639 νόμου
453 3563 643 3639 ἔμεινεν
683 3564 1040 3640 κεκλεισμένη
1099 3565 1133 3631 ἡ
1190 3564 1376 3621 τούτου
1431 3568 1577 3643 θυρα.
1640 3568 1865 3637 Νοήσεις

1953 3558 2254 3638 Intelligas
2290 3559 2427 3618 item
2459 3567 2518 3620 et
2547 3558 2723 3620 ﬁdem
2758 3557 2980 3619 clavem
3013 3577 3146 3620 esse
3177 3560 3459 3625 scientiae.
3495 3562 3610 3625 Per

196 3648 253 3707 δ’
317 3652 381 3707 ἂν
420 3656 509 3710 καὶ
562 3656 661 3721 τὴν
719 3656 893 3710 πίστιν
946 3650 1135 3710 κλεῖδα
1190 3657 1291 3720 τῆς
1332 3654 1602 3730 γνώσεως,
1642 3657 1739 3712 Διά
1763 3659 1863 3737 γὰρ

1953 3651 2128 3711 tidem
2159 3648 2318 3710 enim
2344 3647 2514 3708 datur
2537 3647 2801 3709 veritatis
2819 3647 3101 3710 scientia:
3133 3650 3292 3711 unde
3316 3652 3605 3731 propheta

203 3749 305 3811 τῆς
362 3743 590 3805 πίστεως
661 3743 997 3821 προσγίνεται
1066 3744 1101 3810 ἡ
1150 3747 1248 3809 τῆς
1323 3740 1569 3809 ἀληθείας
1610 3736 1851 3822 γνῶσιςέ

1953 3739 2125 3810 Isaias
2181 3738 2371 3798 dicit:
2434 3760 2458 3791 «
2496 3737 2627 3800 Nisi
2676 3736 3081 3813 credideritis,
3131 3757 3249 3798 non
3304 3740 3604 3819 intellige-

202 3835 292 3890 καὶ
344 3838 469 3910 γοῦν
528 3834 555 3888 ὁ
612 3833 892 3911 προφήτης
925 3823 1154 3896 Ἠσαίας
1185 3833 1317 3913 φησί
1349 3847 1363 3862 ⁸
1425 3854 1454 3887 ιι
1490 3835 1609 3905 Καὶ,
1642 3835 1769 3893 Ἐὰν
1798 3841 1857 3897 οὗ

1953 3830 2114 3891 issi,
2169 3853 2195 3883 ι
2234 3827 2420 3905 Igitur
2471 3826 2800 3907 legisperiti
2842 3827 3067 3889 clavem
3119 3828 3296 3902 hanc,
3348 3828 3459 3890 hoc
3504 3839 3597 3892 est

202 3922 551 4000 πιστεύσητε,
593 3919 700 3978 0".)3'
758 3920 819 3978 οῦ
879 3922 958 3997 μὴ
1018 3922 1233 3987 συνῆτε,
1277 3943 1299 3976 ε
1356 3922 1421 3977 El
1452 3922 1621 3978 τοίνυν
1653 3927 1860 4000 νομικοὶ

1953 3918 2146 3991 liiem,
2180 3934 2213 3978 e
2244 3915 2383 3975 5&4
2419 3916 2613 3976 medio
2644 3915 3021 3977 abstulerunt
3045 3924 3105 3978 et
3132 3914 3599 3982 absconderant.

201 4012 306 4079 την
350 4008 540 4067 κλεῖδα
581 4010 805 4083 ταύτης,
852 4010 972 4078 ἤτοι
1016 4012 1114 4078 τὴν
1166 4011 1365 4084 πίστιν,
1419 4013 1555 4091 ἦραν
1583 4011 1643 4069 ἐκ
1672 4014 1856 4089 μέσου,

1953 4008 2075 4069 Non
2108 4005 2267 4068 enim
2302 4005 2579 4066 sinebant
2602 4004 2891 4086 quosdam
2922 4007 3174 4068 credere
3206 4006 3266 4067 in
3299 4005 3599 4069 Christum

202 4104 293 4159 καὶ
354 4099 686 4179 ἀπέκρυψαν,
722 4102 795 4158 Οῦ
837 4101 938 4180 γὰρ
996 4098 1128 4156 εἴων
1158 4101 1423 4157 πιστεύειν
1452 4102 1600 4164 τινὰς
1645 4104 1717 4167 είς
1772 4106 1861 4161 τὸν

1953 4095 2210 4156 omnium
2245 4095 2630 4157 Salvatorem.
2666 4092 2772 4156 Ille
2806 4096 3091 4156 miracula
3115 4096 3388 4173 faciebat,
3424 4106 3481 4159 et
3502 4116 3600 4178 po-

206 4190 350 4246 ὅλων
410 4189 637 4267 Σωτῆρα
699 4190 946 4254 Χριστόν.
1001 4186 1447 4268 Ἐθαυματούργει
1504 4189 1711 4254 ἐκεῖνος
1777 4194 1864 4250 καὶ

1953 4184 2119 4264 pulus
2150 4202 2257 4264 per
2280 4184 2564 4244 miracula
2592 4184 2842 4245 credens
2877 4185 3180 4263 agniturus
3212 4195 3337 4246 erat
3364 4184 3555 4248 Deum
3582 4205 3597 4250 :

204 4282 233 4336 δ
292 4278 420 4341 λαὸς
463 4276 547 4335 διὰ
602 4284 709 4335 τῶν
772 4279 1054 4354 θαυμάτων
1096 4279 1375 4340 πιστεύων,
1430 4277 1649 4353 ἔμελλεν
1679 4279 1860 4352 ἐπιγι-

1953 4282 2005 4334 at
2030 4274 2089 4334 hi
2140 4282 2197 4333 in
2248 4272 2559 4335 Beelzebul
2608 4273 2889 4335 dicebant
2932 4275 3152 4353 ejicere
3199 4275 3493 4337 daemonia
3513 4276 3595 4340 59.

206 4379 433 4425 νώσκειν
491 4368 649 4426 αὒτὸν
681 4368 811 4425 Θεόν
844 4385 858 4402 ο
894 4369 943 4423 οἱ
975 4365 1030 4423 δὲ
1057 4366 1111 4423 ἒν
1142 4365 1458 4438 Βεελζεϐοὺλ
1511 4366 1692 4447 ἔλεγον
1737 4370 1857 4427 ἐπι-

1953 4362 2127 4423 Vides
2156 4362 2452 4443 quomodo
2484 4362 2864 4425 abstulerunt
2910 4364 3132 4425 clavem
3162 4364 3445 4442 scientiae,
3479 4385 3596 4428 non

206 4458 389 4516 τελεῖν
446 4457 603 4515 αῦτὸν
645 4458 709 4513 τά
750 4457 1014 4533 θαύματα.
1055 4448 1211 4536 Ἠρᾷς
1244 4463 1359 4519 πῶς
1384 4461 1519 4532 ἦραν
1550 4458 1645 4525 τὴν
1675 4458 1862 4517 κλεῖδα

1953 4452 2208 4513 sinentes
2236 4452 2485 4512 credere
2515 4450 2575 4511 id
2609 4469 2717 4531 per
2746 4451 2901 4532 quod
2934 4454 3242 4514 scientiam
3276 4453 3361 4514 illi
3391 4456 3599 4536 acqui-

205 4554 308 4615 τῆς
379 4547 653 4626 γνώσεως,
700 4546 795 4602 οῦκ
837 4546 1027 4609 ὲῶντες
1076 4546 1338 4602 πιστεύειν
1368 4549 1445 4620 τῷ
1472 4543 1541 4601 δι’
1571 4550 1630 4603 οὗ
1658 4550 1691 4617 ἡ
1726 4557 1861 4628 γνῶ·

1953 4541 2116 4604 situri
2133 4540 2597 4603 erant.Docebat
2627 4541 2788 4602 enim
2811 4543 2871 4602 in
2892 4540 3213 4622 Synagogis
3234 4543 3593 4606 voluntatem

204 4660 289 4699 σις
348 4639 530 4700 αὺτοῖς
591 4634 817 4711 ἔμελλεν
871 4635 1243 4714 ἑπιγίνεσθαις
1302 4633 1601 4693 Ἐδίδασκεν
1653 4638 1707 4694 ἐν
1736 4654 1858 4705 ταῖς

1953 4630 2049 4692 Dei
2083 4651 2097 4693 :
2134 4630 2221 4692 illi
2269 4638 2467 4690 autem
2503 4629 2785 4692 dicebant
2819 4650 2834 4694 :
2881 4632 3253 4693 Daamonium
3302 4632 3500 4709 habet,
3534 4654 3594 4707 et

206 4736 560 4805 Συναγωγαῖς
592 4728 651 4782 τὸ
682 4724 891 4801 θέλημα
917 4735 1012 4785 τοῦ
1042 4731 1196 4798 Θεοῦ,
1230 4726 1277 4781 οἱ
1320 4724 1370 4781 δὲ
1403 4725 1610 4805 ἔλεγον,
1649 4731 1856 4805 Δαιμό-

208 4837 317 4874 νιον
372 4815 517 4895 ἔχει,
581 4816 668 4871 καὶ
699 4816 963 4894 μαίνεται,
995 4814 1045 4870 τί
1074 4814 1232 4871 αὐτοῦ
1277 4813 1491 4873 ἀκούετε
1529 4836 1546 4888 ;
1577 4809 1741 4899 Ἠραν
1770 4820 1859 4877 οὖν

207 4908 344 4963 κατά
402 4908 463 4961 τὸ
519 4903 711 4971 ἀληθὲς
766 4904 867 4971 τὴν
922 4901 1113 4961 κλεῖδα
1170 4910 1269 4972 τῆς
1318 4907 1591 4989 γνώσεως,
1626 4910 1771 4966 αὐτοί
1797 4932 1853 4966 τε

209 4997 304 5054 οὒκ
373 4994 638 5074 εἰσῆλθον,
691 4996 779 5051 καὶ
851 4995 1059 5074 ἑτέρους
1117 4994 1473 5072 κεκωλύκασι,
1547 5001 1633 5055 καὶ
1691 5008 1853 5057 ταῦτα

211 5085 648 5167 εἰσερχομένους,
731 5083 1002 5143 τουτέστιν
1086 5083 1414 5150 ἐπιτηδείους
1498 5085 1653 5152 ὄντας
1726 5092 1854 5167 πρὸς

206 5164 548 5256 θεογνωσίαν.
610 5164 742 5231 "Est
813 5172 867 5229 δὲ
910 5175 1071 5230 αὺτοῦ
1110 5180 1272 5230 ταῦτα
1329 5172 1601 5252 λέγοντος,
1656 5176 1852 5234 ἐκεῖνοι

209 5265 387 5345 ὥσπερ
444 5264 914 5344 ἐπιμαρτυροῦντες
964 5274 1079 5326 τοῖς
1132 5260 1314 5340 λόγοις
1345 5264 1527 5339 αὐτοῦ,
1572 5264 1687 5321 δέον
1730 5266 1851 5323 ἐπι-

209 5361 406 5433 γνῶναι
463 5355 560 5422 τὴν
617 5353 812 5410 οἰκείαν
876 5350 1166 5423 ἀσθένειαν,
1260 5349 1587 5411 ἐπεδείκνυον
1642 5355 1854 5420 ἑαυτοὺς

210 5442 332 5512 δῆθε
372 5442 702 5524 σοφωτέρους
772 5441 953 5521 αῦτοῦ,
1010 5440 1098 5497 καὶ
1144 5437 1210 5508 δὴ
1254 5439 1695 5517 ἀποστοματίζει»
1756 5446 1855 5501 αὖ·-

284 5606 347 5656 ω
376 5604 542 5666 lOan.
576 5621 633 5684 ν,
670 5604 776 5661 41‘».
804 5601 856 5651 ΰί
896 5598 1002 5662 lsa.
1040 5617 1134 5670 vn,
1167 5602 1224 5663 9.
1260 5600 1322 5650 δε
1354 5602 1556 5664 Matth.
1594 5620 1700 5677 xli,
1729 5605 1828 5665 24.

528 5743 789 5804 Ρλτιιοι.
835 5742 948 5802 Gn.
996 5740 1264 5803 CXXIII.

1944 4721 2159 4783 insanit
2187 4742 2201 4785 :
2235 4721 2378 4799 quid
2411 4721 2578 4781 illum
2610 4721 2874 4784 auditis?
2902 4722 3188 4784 Tuleruut
3230 4723 3411 4802 igitur
3450 4740 3595 4786 vere

1940 4813 2161 4873 clavem
2196 4810 2482 4883 scientia,
2512 4818 2570 4869 et
2598 4810 2712 4891 ipsi
2742 4811 2991 4890 ingressi
3025 4830 3143 4872 non
3165 4823 3324 4887 sunt,
3359 4821 3416 4874 et
3444 4814 3595 4876 alios

1940 4901 2373 4983 prohibuerunt
2394 4900 2647 4960 maxime
2664 4900 3093 4979 ingredientes,
3109 4903 3222 4963 hoc
3253 4914 3341 4964 est
3371 4904 3593 4966 studio-

1938 5009 2035 5052 sos
2059 4988 2414 5069 cognitionis
2442 4988 2677 5052 divinre.
2724 4989 2831 5050 lllo
2862 5000 3060 5052 autem
3084 4992 3279 5051 adhuc
3309 4992 3591 5073 loquente

1938 5082 2085 5155 haec,
2119 5079 2203 5140 illi
2236 5078 2404 5159 quasi
2433 5086 2852 5139 attestarentur
2879 5078 3034 5140 dicta
3064 5082 3216 5161 ejus,
3252 5100 3385 5144 cum
3414 5102 3563 5164 opor

1938 5177 2090 5231 teret
2123 5169 2421 5250 propriam
2455 5185 2778 5246 agnoscere
2799 5166 3289 5246 imbecillitatem,
3317 5180 3587 5236 ostenta-

1938 5266 2083 5322 ruut
2114 5278 2178 5321 se
2200 5259 2300 5320 illo
2321 5258 2600 5319 videlicet
2623 5257 3044 5340 sapientiores,
3064 5267 3241 5340 atque
3269 5261 3589 5328 occludere

1940 5350 2027 5412 illi
2059 5369 2144 5421 os,
2182 5349 2336 5429 quod
2371 5346 2558 5411 Graeci
2590 5346 2794 5409 dicunt
2822 5348 3283 5425 ἀποστοματίζειν,
3329 5352 3583 5435 incipie-

1940 5440 2110 5520 bant,
2143 5441 2253 5501 hoc
2275 5449 2362 5501 est
2392 5440 2736 5518 frequenter
2761 5439 3216 5517 interrogare,et
3239 5442 3583 5526 perplexum

3153 5736 3258 5801 '26.
