4116 6212
499 262 619 347 s79

1461 268 2058 335 THEOPHYLACTI
2102 272 2515 337 BULGARIE.
2558 274 2909 340 ARCHIEP.

3782 273 3900 339 880

502 406 717 489 poenis,
760 407 954 489 iisque
998 408 1364 471 ardentibus.
1423 413 1626 493 Itaque
1678 416 1734 476 in
1784 416 2129 495 Spiritualen

2214 408 2607 469 ,ὑποϐάλλοντα
2691 416 2995 493 τιμωρίαις,
3066 418 3153 472 καὶ
3222 416 3435 479 ταύταις
3498 412 3547 469 ἐν
3627 413 3790 489 πυρί,
3834 413 3902 471 tk

498 496 907 562 fortitudinem
938 497 1108 579 ungit
1150 508 1209 560 et
1234 512 1527 582 prmparat
1555 503 1778 567 amicos
1808 525 1949 567 suos
1977 508 2151 571 Chri-

500 598 648 664 stus,
684 595 1154 667 testesquensuos
1183 588 1341 664 facit,
1375 609 1445 652 ac
1486 591 1747 655 humano
1780 603 1937 655 metu
1970 595 2147 657 exuit.

497 677 783 741 Homines
813 678 1001 755 enim,
1035 678 1251 759 inquit,
1287 680 1435 741 iram
1467 698 1633 742 suam
1666 681 1820 743 ultra
1848 684 2149 764 corrupti-

498 768 622 832 bile
654 787 872 849 corpus
901 768 1225 831 extendere
1256 778 1582 850 nequeunt,
1617 772 1871 853 ﬁnisque
1905 772 2148 835 insidia«

498 872 629 920 rum
662 858 902 919 illorum
928 864 1137 920 contra
1159 876 1272 920 nos
1294 867 1491 921 carnis
1508 879 1669 921 mors
1682 860 1924 924 est.Deo
1944 870 2145 924 autem

498 948 807 1029 puniente,
844 966 964 1009 non
1012 946 1211 1009 carnis
1240 947 1432 1009 solum
1482 948 1765 1011 damnum
1797 960 1908 1031 est,
1953 952 2058 1014 sed
2089 961 2148 1014 et

499 1038 719 1099 misera
760 1037 960 1099 anima
989 1054 1125 1097 cum
1166 1036 1481 1117 suppliciis
1520 1038 1700 1101 vadit.
1736 1040 1903 1102 Scito
1946 1049 2145 1102 autem

498 1127 611 1189 hoc
640 1126 795 1202 loco,
832 1127 989 1207 quod
1042 1124 1454 1206 peccatoribus
1485 1144 1647 1189 mors
1688 1128 1760 1190 ad
1793 1129 2149 1211 supplicium

498 1217 777 1287 infertur,
809 1227 868 1278 et
898 1216 957 1276 in
984 1216 1093 1277 hac
1125 1215 1241 1276 vita
1260 1216 1584 1295 puniuntur
1605 1236 1738 1279 cum
1763 1219 2148 1294 occiduntur,

495 1316 553 1370 et
581 1307 643 1369 in
673 1306 790 1368 alia
808 1306 948 1367 dum
971 1304 1033 1367 in
1057 1304 1392 1384 gehennam
1411 1306 1835 1385 conjiciuntur.
1857 1310 2148 1370 Perscru-

495 1406 629 1459 tans
658 1405 858 1459 autem
890 1393 1160 1475 verbum,
1216 1393 1391 1455 etiam
1439 1394 1597 1456 aliud
1646 1397 1928 1475 quiddam
1971 1397 2145 1460 simul

495 1487 818 1565 intelliges.
854 1484 1036 1546 Vides
1087 1484 1243 1545 enim
1278 1483 1433 1564 quod
1478 1503 1596 1545 non
1639 1486 1826 1546 dixit:
1874 1486 2148 1549 Metuatis

493 1597 653 1650 eum,
688 1576 789 1658 qui
814 1586 1127 1656 postquam
1153 1573 1460 1647 occiderit,
1493 1574 1669 1635 mittit
1690 1575 1749 1635 in
1783 1576 2141 1654 gehennam,

2236 497 2444 579 ἀνδρίαν
2502 503 2589 559 οὗν
2646 506 3009 575 πνευματικὴν
3053 505 3253 585 ἀλείφει
3297 506 3418 567 τοὺς
3480 507 3652 563 αὐτοῦ
3718 500 3901 579 φίλους

2234 591 2261 645 ὁ
2320 594 2569 670 Χριστὸς,
2626 594 2891 673 μάρτυρας
2947 596 3135 658 αὐτοὺς
3192 595 3562 673 ἐργαζόμενος,
3659 592 3758 646 καὶ
3815 592 3903 645 τὸν

2232 684 2338 733 τῶ)
2382 679 2670 759 ἂνθρώπων
2714 680 2875 762 φόϐον
2931 682 3028 739 ἀπ’
3085 687 3255 742 αὐτῶν
3284 680 3577 742 ἐκϐάλλων,
3628 677 3899 755 ’Ἃηῶρω-

2231 790 2323 825 ποι
2352 770 2478 849 γὰρ,
2511 773 2665 851 φησὶ,
2723 771 2885 852 μέχρι
2937 782 3030 830 τοῦ
3070 772 3296 851 φθαρτοῦ
3322 771 3563 846 σώματος
3596 768 3901 825 ἐκτείνωσι

2230 857 2323 920 τὰς
2357 860 2541 940 ὀργὰς,
2574 861 2663 917 καὶ
2690 861 2854 939 πέρας
2886 862 3058 918 αὐτῶν
3095 862 3193 929 τῆς
3235 858 3351 917 καθ’
3394 863 3548 933 ἡμῶν
3592 852 3901 919 ἐπιϐουλῆς

2229 949 2257 1003 ὁ
2308 953 2409 1016 τῆς
2466 951 2661 1029 σαρκὸς
2701 951 2924 1014 Θάνατος
2957 966 2971 979 ·
3008 957 3142 1006 Θεοῦ
3169 949 3222 1006 δὲ
3251 949 3592 1026 κολάζοντος,
3635 948 3706 1003 οὗ
3738 943 3901 1022 μέχρι

2230 1038 2405 1113 μόνης
2432 1041 2631 1116 σαρκὸς
2673 1041 2707 1107 ἡ
2737 1040 2903 1115 ζημία
2946 1041 3221 1119 στήσεται,
3276 1037 3411 1095 ἀλλὰ
3452 1039 3541 1093 καὶ
3570 1036 3727 1102 αὐτ-ὴ
3776 1057 3900 1091 συν-

2232 1128 2491 1206 υπάγεται
2549 1142 2672 1193 ταῖς
2742 1131 2932 1194 αἰκίαις
2976 1131 3010 1197 ἡ
3053 1127 3202 1185 ἀθλία
3244 1130 3419 1208 ψυχή.
3468 1127 3809 1202 Σημείωσαι
3853 1123 3901 1177 δὲ

2233 1216 2489 1291 ἐντεῦθεν,
2547 1217 2627 1275 ὅτι
2682 1231 2801 1281 τοῖς
2845 1216 3185 1295 ἁμαρτωλοῖς
3214 1220 3245 1274 ὁ
3287 1218 3507 1282 θάνατος
3538 1217 3687 1294 πρὸς
3722 1235 3900 1288 τιμω-

2232 1308 2346 1386 ρίαν
2401 1306 2681 1385 ἐπάγεται,
2737 1307 2998 1365 κάνταῦθα
3045 1306 3419 1382 κολαζομένοις
3475 1304 3560 1362 διὰ
3594 1314 3705 1363 τοῦ
3768 1305 3902 1359 ἀπο-

2230 1396 2545 1472 κτείνεσθαι,
2607 1397 2827 1453 κάκεῖσε
2877 1398 3014 1472 μετὰ
3070 1407 3233 1456 ταῦτα
3290 1398 3364 1461 εἰς
3413 1396 3635 1474 γέενναν
3694 1390 3901 1469 ἐμϐαλ·

2228 1484 2499 1562 λομένοις.
2557 1485 2848 1557 Ἐξετάζων
2930 1485 2985 1543 δὲ
3062 1487 3161 1553 τὴν
3233 1485 3394 1558 λέξιν,
3457 1487 3540 1541 καὶ
3592 1507 3648 1541 τι
3714 1484 3899 1561 ἕτερον

2228 1576 2520 1645 ἐννοήσεις.
2558 1566 2703 1655 ιὈρα
2734 1577 2833 1655 γὰρ
2861 1575 2942 1633 ὅτι
2973 1579 3065 1633 οὒκ
3092 1578 3214 1633 εἰπε
3251 1592 3266 1607 ⁸
3299 1573 3578 1645 Φοϐήθητε
3617 1574 3726 1631 τὸν
3760 1574 3895 1647 μετὰ

491 1666 615 1739 sed,
667 1664 987 1728 habentem
1034 1668 1387 1743 potestatem
1442 1663 1737 1726 mittendi.
1794 1665 1927 1727 Non
1982 1668 2129 1726 enin

2225 1665 2288 1720 τὸ
2332 1664 2649 1720 ἀποκτεῖναι
2706 1663 2972 1740 βάλλοντα
3029 1667 3101 1728 εἰς
3133 1665 3230 1731 τὴν
3258 1665 3496 1743 γέενναν,
3530 1659 3685 1735 ἀλλ’,
3738 1660 3892 1725 ἐξου-

488 1775 729 1839 semper
758 1756 863 1838 qui
921 1754 1255 1815 moriuntur
1314 1762 1679 1835 peccatores,
1724 1756 2037 1818 mittuntur
2061 1757 2139 1837 {in

487 1848 847 1927 gehennam,
882 1844 986 1907 sed
1035 1850 1175 1905 sunt
1224 1842 1284 1903 in
1344 1849 1636 1924 potestate
1684 1846 1810 1920 Dei,
1854 1855 1917 1907 ut
1959 1848 2137 1910 etiam

488 1936 707 1998 dimitti
736 1934 989 2017 possint.
1014 1931 1139 1994 Hoc
1157 1940 1356 1994 autem
1390 1933 1523 1994 dico
1546 1942 1790 2014 propter
1808 1935 2139 2000 oblationes

487 2035 546 2086 et
573 2025 1021 2088 distributiones
1051 2040 1182 2103 qua;
1201 2022 1349 2083 ﬁunt
1380 2041 1485 2102 pro
1509 2022 1827 2098 defunctis,
1856 2044 1989 2105 quae
2017 2046 2136 2089 non

488 2133 693 2194 parum
736 2114 1079 2174 conducunt
1112 2111 1288 2170 etiam
1323 2110 1415 2171 his
1444 2110 1545 2190 qui
1588 2112 1646 2172 in
1679 2113 1957 2189 gravibus
1990 2134 2134 2196 pec-

486 2204 631 2263 catis
664 2203 883 2263 mortui
915 2208 1075 2261 sunt.
1125 2196 1255 2259 Non
1305 2200 1549 2259 omnino
1600 2201 1781 2277 igitur
1823 2214 2133 2286 postquam

490 2290 709 2351 occidit
740 2289 913 2350 mittit
940 2292 998 2347 in
1030 2287 1386 2365 gehennam,
1423 2288 1526 2349 sed
1574 2298 1925 2367 potestatem
1958 2294 2137 2357 habet

495 2378 797 2441 mittendi.
830 2380 923 2442 Ne
954 2376 1127 2453 igitur
1158 2393 1462 2437 cessemus
1491 2395 1600 2455 per
1642 2379 2045 2462 eleemosynas
2077 2393 2137 2444 et

490 2472 953 2535 intercessiones
986 2470 1298 2550 propitium
1327 2469 1582 2531 reddere
1622 2490 1755 2533 eum
1796 2476 1897 2555 qui
1928 2485 2132 2554 potes-

487 2570 665 2622 tatem
699 2556 1191 2631 babetmittendi,
1220 2575 1336 2617 non
1358 2569 1810 2637 semperautem
1846 2570 2131 2641 potestate

480 2652 592 2713 hac
612 2659 899 2723 utentem,
928 2648 1033 2710 sed
1060 2656 1119 2709 et
1144 2646 1438 2709 valentem
1469 2650 1607 2708 367
1632 2651 1942 2715 remittere
1961 2654 2130 2732 quid-

475 2742 633 2805 dam.
661 2739 947 2813 Quoniam
985 2746 1180 2798 autem
1214 2736 1383 2797 mulli
1417 2747 1621 2818 putant
1666 2742 1991 2803 morientes
2023 2760 2126 2821 pro

472 2831 771 2893 veritatea
794 2827 914 2890 Deo
946 2827 1267 2888 derelictos
1295 2846 1309 2889 :
1343 2828 1433 2889 Ne
1466 2829 1579 2890 hoc
1613 2830 1965 2893 existimetis
1999 2850 2123 2911 vos,

472 2920 709 3001 inquit;
743 2938 861 2980 non
892 2916 1052 2978 enim
1084 2916 1613 2998 morieminiquasi
1645 2938 1678 2980 a
1710 2938 1805 2981 me
1822 2920 2121 2983 derelicti.

470 3009 535 3071 Si
563 3010 722 3070 enim
764 3006 964 3068 nullus
994 3022 1063 3065 ex
1109 3006 1468 3085 passerculis
1511 3009 1614 3088 qui
1666 3009 2022 3083 venduntur,
2058 3011 2119 3073 in

470 3094 1212 3200 oblivione.est,.mul.t.um.
1247 3094 1415 3157 abest
1451 3104 1520 3196 ut
1562 3110 1755 3159 vestra
1801 3118 1981 3200 mors,
2017 3101 2178 3200 quiC

467 3187 643 3249 amici
671 3185 789 3246 mei
821 3184 1136 3264 estis,talis
1166 3184 1261 3259 sit,
1296 3186 1463 3264 quasi
1486 3203 1594 3265 ego
1627 3206 1743 3249 non
1776 3188 2116 3268 provideam

468 3275 655 3337 vobis.
684 3273 977 3355 Equidem
1013 3281 1231 3334 tantam
1282 3274 1461 3335 vestri
1518 3295 1720 3338 curam
1753 3296 1918 3357 gero,
1953 3288 2017 3341 ut
2061 3290 2118 3342 et

468 3365 670 3426 omnia
698 3372 892 3424 vestra
919 3361 1218 3425 subtiliter
1237 3373 1545 3443 perspecta
1568 3365 1707 3443 sint,
1738 3375 1797 3428 et
1823 3370 2115 3431 numerati

467 3454 669 3535 capilli
700 3451 903 3514 vestri.
936 3450 1212 3522 Quamvis
1260 3451 1442 3531 igitur
1487 3472 1590 3515 vos
1632 3455 1694 3517 in
1727 3457 2112 3521 tentationem

469 3543 686 3606 cadere
738 3540 1100 3623 permittam,
1163 3543 1555 3621 suppeditabo
1604 3552 1800 3606 tamen
1856 3546 2111 3609 ubertim

468 3632 797 3695 suﬂ‘erendi
821 3630 997 3692 vires.
1031 3627 1200 3709 Saepe
1216 3641 1410 3693 autem
1443 3632 1489 3693 si
1513 3652 1689 3713 quem
1723 3635 2115 3699 infirmiorem

467 3723 696 3802 videro,
730 3740 847 3783 non
873 3720 1151 3799 permitto
1175 3718 1343 3781 illum
1362 3722 1421 3781 in
1448 3723 1801 3788 tentationes
1822 3725 2114 3791 incidere.

468 3812 611 3875 Nam
645 3812 743 3893 qui
774 3829 904 3872 sum
937 3818 1197 3884 curator,
1237 3818 1293 3871 et
1325 3814 1526 3873 omnia
1557 3811 1713 3875 bene
1744 3814 1892 3889 scio,
1926 3826 1984 3877 et
2012 3836 2117 3879 nu-

470 3912 696 3966 merata
723 3902 916 3963 habeo
965 3900 1140 3961 etiam
1190 3900 1607 3982 minutissima,
1661 3904 1950 3967 distribuo
1981 3907 2114 3967 uni-

469 3995 686 4075 cuique
737 3990 894 4073 quod
956 4008 1078 4052 sua:
1136 4006 1431 4051 mensurae
1486 3994 1780 4070 congruit.
1832 3998 2015 4057 Porro
2064 3997 2115 4058 si

469 4080 967 4153 observaveris,in
981 4080 1285 4159 Scriptura
1309 4078 1577 4143 invenies
1604 4085 2117 4147 numerariomnia

467 4173 655 4234 virilia
678 4180 735 4234 et
762 4188 891 4250 qum
936 4168 1008 4229 ad
1061 4186 1399 4230 mensuram
1458 4169 1635 4232 virilis
1665 4175 1855 4235 aetatis
1900 4193 2114 4255 perve-

470 4264 663 4343 niunt,
700 4262 993 4340 dignaque
1040 4257 1238 4319 divina
1290 4261 1761 4326 enumeratione.
1799 4265 1912 4325 Per
1940 4277 2117 4345 caput

467 4363 663 4416 autem
697 4348 1162 4427 uniuscujusque
1185 4345 1404 4409 Christi
1436 4350 2113 4433 ﬁdelium,intelligenda

2224 1754 2340 1809 σίαν
2384 1752 2583 1834 ἔχοντα
2610 1753 2823 1832 βαλεῖν,
2875 1758 2948 1813 Οὔ
2997 1757 3096 1833 γὰρ
3128 1756 3339 1818 πάντως
3370 1755 3417 1809 οἱ
3446 1753 3893 1822 ἀποθνήσκοντες

2221 1842 2528 1922 ἀμαρτωλοί
2584 1842 2869 1920 βάλλονται
2927 1846 2999 1906 εἰς
3055 1844 3157 1911 τὴν
3210 1842 3451 1921 γέενναν,
3506 1841 3627 1897 ἀλλ’
3704 1841 3766 1897 ἐν
3825 1847 3894 1915 τῇ

2219 1931 2425 2005 ἐξοτσίᾳ
2463 1946 2643 1989 κεῖται
2671 1941 2824 1990 τοῦτο
2882 1942 2973 1989 τοῦ
3014 1940 3167 2006 Θεοῦ,
3220 1932 3359 1990 ὥστε
3400 1934 3488 1988 καί
3525 1933 3586 1987 τὸ
3645 1932 3889 2010 συγχώ-

2218 2035 2355 2099 ρεῖν,
2416 2031 2582 2081 τοῦτο
2626 2020 2680 2077 δὲ
2723 2021 2867 2100 λέγω
2898 2020 2983 2077 διὰ
3035 2023 3128 2085 τὰς
3170 2024 3259 2078 ἐπὶ
3291 2035 3409 2084 τοῖς
3454 2020 3884 2095 κεκοιμημένοις

2218 2111 2509 2189 γενομένας
2566 2112 2866 2191 προσφορὰς
2916 2112 3005 2167 καὶ
3049 2113 3143 2175 τὰς
3196 2110 3476 2179 διαδόσεις,
3525 2113 3581 2166 αἳ
3614 2112 3682 2167 οὗ
3714 2110 3881 2185 μικρὰ

2218 2200 2523 2261 συντελοῦσι
2583 2215 2699 2260 τοῖς
2756 2203 2844 2257 καὶ
2900 2200 2953 2256 ἐν
3026 2203 3303 2280 ἁμαρτίαις
3363 2202 3595 2279 βαρείαις
3659 2200 3875 2256 ἂποθα-

2218 2291 2413 2351 νοῦσιν.
2449 2292 2521 2347 Οὐ
2548 2292 2759 2351 πάντως
2802 2292 2889 2345 οῦν
2922 2292 3056 2365 μετὰ
3101 2292 3164 2347 τὸ
3214 2291 3528 2346 ἀποκτεῖναι
3556 2288 3757 2364 βάλλει
3804 2290 3874 2348 εἰς

2215 2382 2315 2445 τὴν
2373 2380 2612 2459 γέενναν,
2675 2378 2794 2435 ἀλλ’
2842 2379 3074 2445 ἐξουσίαν
3139 2380 3253 2459 ἔχει
3311 2378 3516 2456 βαλεῖν.
3568 2380 3660 2446 Μὴ
3699 2379 3869 2434 τοίνυν

2215 2468 2545 2545 ἐλλείψωμεν
2598 2472 2786 2544 ἡμεῖς,
2836 2467 3215 2540 σπουδάζοντες
3256 2468 3323 2525 δι’
3355 2468 3740 2543 ἐλεημοσυνῶν
3784 2470 3868 2524 καὶ

2214 2557 2505 2638 πρεσϐειῶν
2564 2558 2883 2624 ἐξιλεοῦσθαι
2938 2560 3030 2616 τὸν
3086 2559 3324 2637 ἐρουσίαν
3366 2558 3463 2634 μὲν
3507 2558 3711 2637 ἔχοντα
3759 2559 3861 2633 βαι

2210 2648 2352 2729 λεῖν,
2414 2652 2475 2706 οῦ
2530 2651 2743 2713 πάντως
2813 2651 2901 2706 καὶ
2957 2656 3024 2727 τῇ
3073 2649 3273 2722 ἐξουσίᾳ
3327 2652 3489 2725 ταύτῃ
3544 2650 3857 2729 χρώμενον,

2209 2737 2345 2794 ἀλλὰ
2392 2743 2479 2795 καὶ
2533 2752 2840 2820 συγχωρεῖν
2896 2738 3205 2815 δυνάμενον,
3253 2739 3402 2797 Ἐπεὶ
3444 2738 3499 2795 δὲ
3545 2738 3740 2795 πολλοὶ
3774 2738 3857 2793 τὸν

2208 2828 2336 2907 ὑπὲρ
2387 2828 2485 2896 τῆς
2570 2828 2819 2896 ἀληθείας
2890 2829 3111 2886 θένατον
3191 2828 3563 2908 ἐγκατάλειψιν
3649 2830 3855 2885 οἴονται

2208 2918 2339 2975 Θεοῦ
2372 2934 2386 2948 ⁸
2436 2921 2525 2987 Μὴ
2567 2926 2743 2993 τοῦτο,
2792 2920 2971 2998 φησὶν,
3004 2924 3159 2995 ὑμεῖς
3190 2921 3427 2986 οἰηθῆτε.
3491 2923 3562 2977 Οὔ
3616 2920 3723 2997 γὰρ
3784 2919 3855 2978 ὡς

2206 3006 2797 3086 ἐγκαταλιμπανόμενοι
2841 3006 2929 3066 ὑπ’
2972 3008 3126 3085 ἐμοῦ,
3190 3007 3411 3084 μέλλετε
3458 3010 3734 3069 θνίίσκειν,
3799 3008 3852 3063 Εἰ

2204 3099 2304 3176 γὰρ
2361 3100 2448 3155 καὶ
2506 3105 2611 3155 τῶν
2670 3100 2947 3178 στρουθίων
2998 3104 3102 3155 τῶν
3169 3096 3522 3173 πωλουμένων
3571 3095 3722 3153 οῦδὲν
3766 3098 3849 3151 άν-

2202 3188 2509 3265 επίληστον,
2569 3187 2771 3248 πολλοῦ
2811 3187 2894 3246 δεῖ
2923 3192 2951 3246 ὁ
2979 3188 3228 3267 ὑμέτερος
3270 3189 3492 3251 θάνατος
3538 3192 3643 3243 τῶν
3706 3186 3847 3260 ἐμῶν

2200 3276 2365 3357 φίλων
2422 3278 2683 3357 γενέσθαι,
2743 3281 2816 3342 ὼς
2900 3279 2977 3354 μὴ
3034 3276 3424 3357 προνοουμένου
3489 3278 3637 3352 ὑμῶν
3694 3276 3840 3351 ἐμοῦ.

2200 3368 2472 3435 Τοσαύτην
2544 3368 2645 3447 γὰρ
2702 3368 2849 3443 ὑμῶν
2916 3373 3170 3442 ποιοῦμαι
3216 3367 3317 3434 τὴν
3372 3374 3645 3447 πρόνοιαν,
3708 3366 3841 3423 ὥστε

2198 3455 2395 3512 ἕκαστα
2475 3464 2582 3513 τῶν
2657 3457 2923 3537 ὑμετέρων
3004 3454 3190 3514 εἰδέναι
3262 3455 3493 3530 λεπτῶς,
3566 3458 3654 3513 καὶ
3725 3455 3842 3513 οἷον

2196 3546 2561 3625 ἠριθμημένας
2623 3546 2772 3625 ἔχειν
2827 3547 2920 3610 τὰς
2968 3546 3158 3627 τρίχας
3186 3549 3333 3623 ὑμῶν
3369 3563 3384 3577 ⁸
3430 3546 3528 3602 κᾶν
3556 3548 3727 3603 τοίνυν
3770 3547 3839 3608 εἱς

2202 3637 2497 3715 πειρασμὸν
2550 3636 2694 3691 ἐάσω
2744 3637 2880 3712 ὑμᾶς
2940 3634 3216 3712 εἰσελθεῖν,
3275 3638 3575 3717 χορηγήσω
3628 3638 3838 3695 πάντως

2200 3726 2289 3781 καὶ
2349 3725 2451 3792 τὴν
2520 3727 2592 3787 εἰς
2648 3726 2711 3781 τὸ
2780 3726 3065 3801 ὑπομεῖναι
3117 3724 3357 3802 δύναμιν.
3412 3725 3677 3790 Πολλάκις
3708 3726 3760 3783 δὲ
3788 3725 3835 3780 εἰ

2198 3835 2315 3869 τινα
2374 3815 2564 3879 ἀσθενῆ
2622 3812 2745 3893 ἴδω,
2804 3811 2921 3871 οὐδὲ
2978 3814 3235 3891 ἐμπεσεῖν
3292 3816 3447 3873 αὐτὸν
3503 3816 3836 3895 συγχωρήσω

2200 3903 2543 3982 πειρατηρίῳ,
2629 3901 2885 3980 hama.»
2930 3906 3030 3984 γὰρ
3114 3906 3209 3979 ὢν,
3284 3907 3373 3961 καὶ
3443 3907 3613 3961 πάντα
3666 3904 3829 3970 εἰδιᾰ,

2200 3993 2286 4048 καὶ
2329 3991 2668 4068 ἠριθμημένα
2713 3992 2858 4072 ἔχων
2900 3994 2986 4050 καὶ
3028 3994 3095 4050 τὰ
3136 3993 3459 4068 λεπτότατα,
3520 3996 3727 4069 ἑκάστῷ
3778 3995 3832 4049 τὸ

2199 4081 2319 4138 κατ’
2374 4079 2516 4146 άξὶαν
2574 4085 2662 4138 καὶ
2704 4085 2767 4139 τὸ
2807 4084 3102 4163 πρόσφορον
3143 4084 3423 4159 οἰκονομῶ.
3475 4081 3830 4164 Ἐπιτηρήσις

2197 4169 2251 4227 δὲ
2296 4173 2533 4251 εὑρήσεις
2591 4170 2645 4228 ἐν
2700 4178 2768 4249 τῇ
2826 4177 3007 4251 Γραφῇ
3034 4174 3388 4252 ἀριθμούμενα
3417 4175 3591 4231 πάντα
3620 4176 3687 4231 τὰ
3738 4175 3828 4229 ἆν-

2196 4259 2370 4341 δρεῖα,
2429 4263 2519 4318 καί
2577 4264 2649 4326 εἰς
2709 4262 2899 4337 μέτρον
2970 4260 3180 4330 ἡλικίας
3236 4262 3526 4343 φθάσαντα,
3578 4266 3665 4320 καὶ
3724 4262 3827 4329 ἄξια

2196 4350 2381 4414 ἁπλῶς
2439 4353 2579 4416 θείας
2669 4352 3102 4431 ἀπαριθμήσεως.
3179 4349 3428 4433 Κεφαλήν
3481 4359 3569 4409 οῦν
3614 4353 3829 4409 ἱκάστου

468 4445 585 4505 vita
616 4441 852 4506 Christo
885 4446 1087 4517 grata;
1130 4454 1237 4516 per
1263 4437 1509 4514 capillos
1548 4458 1689 4501 vero
1720 4441 1871 4520 ejus,
1918 4444 2107 4523 parti-

2214 4441 2298 4496 τῶν
2365 4448 2568 4497 πιστῶν
2622 4442 2719 4509 τὴν
2800 4442 3170 4521 χριστοπρεπῆ
3252 4440 3521 4500 πολιτείαν
3592 4444 3825 4512 νοητέον.

470 4532 694 4595 cularia
721 4546 925 4611 opera,
962 4535 1020 4588 et
1050 4524 1266 4608 quibus
1296 4545 1514 4606 corpus
1540 4529 1946 4606 mortiﬁcatur,
1980 4552 2111 4613 qua;

2214 4530 2393 4608 Γρίχας
2450 4527 2503 4585 δὲ
2563 4532 2761 4597 ταύτης
2804 4531 2897 4592 τὰς
2954 4532 3091 4589 κατὰ
3145 4531 3302 4610 μέρος
3366 4533 3707 4614 νεκροτέρας.
3744 4541 3829 4591 τοῦ

470 4629 857 4685 numerantur
876 4617 1029 4697 apud
1045 4615 1233 4678 Deum
1251 4626 1311 4676 et
1341 4619 1928 4697 supputantur.Ta|ia
1949 4622 2107 4683 enim

2214 4620 2440 4693 πώματος
2482 4618 2718 4697 πράξεις,
2754 4622 2811 4676 αἳ
2875 4620 3210 4699 ἆριθμοῦνται
3270 4624 3411 4701 παρᾶ
3455 4631 3591 4699 Θεῷ,
3642 4628 3732 4682 καὶ
3779 4624 3827 4681 ἐν

469 4723 659 4777 vestra
687 4727 869 4791 opera
891 4706 1147 4767 divinam
1180 4705 1574 4769 visitationem
1619 4718 1943 4771 merentur.
1978 4710 2106 4775 Jam

2214 4709 2339 4787 «Symp
2381 4709 2629 4770 τίθενται,
2663 4711 2723 4765 Αἰ
2781 4710 2880 4789 γὰρ
2945 4716 3175 4766 τοιαῦται
3234 4712 3380 4785 ὑμῶν
3429 4713 3640 4793 πράξεις
3692 4718 3826 4777 θείας

468 4802 707 4885 quidam
741 4798 1080 4873 intelligunt
1112 4812 1219 4885 per
1247 4794 1511 4875 quinque
1543 4800 2107 4881 passerculos,quin-

2214 4800 2488 4865 ,πισκοπῆς
2545 4795 2829 4861 ὰξιοῦιται,
2887 4803 3075 4855 Νοοῦσι
3124 4795 3179 4852 δέ
3235 4819 3394 4871 τινες,
3440 4801 3596 4858 πέντε
3639 4824 3822 4881 στρουφ

466 4884 582 4977 que
610 4908 843 4967 sensus,
874 4888 997 4977 qui
1020 4884 1254 4977 duobus
1303 4886 1546 4977 minutis
1592 4887 1822 4950 assibus
1874 4907 2109 4951 venun-

2214 4886 2295 4959 >ία,
2351 4886 2445 4949 τὰς
2489 4885 2645 4942 πέντε
2688 4888 2982 4965 αἰσθήσεις,
3040 4899 3101 4941 αῖ
3159 4884 3248 4943 δύο
3307 4888 3569 4968 ἀσσαρίων
3624 4892 3824 4950 πωλού-

465 4972 824 5057 dantur,hoc
845 4987 935 5039 est
950 4975 1114 5038 Novo
1137 4973 1401 5037 elVeteri
1430 4973 1956 5052 Testamento,non
1974 4989 2111 5041 sunt

2214 4995 2372 5053 ιεναι,
2432 4974 2667 5031 τουτέστι
2724 4972 2808 5031 διὰ
2868 4980 3068 5041 Καινῆς
3110 4976 3197 5031 καὶ
3248 4976 3484 5043 Ιιαλαιᾶς
3532 4982 3816 5054 Διαθήκης,

465 5074 525 5135 in
548 5073 845 5136 oblivione
867 5068 1023 5149 apud
1046 5064 1524 5136 Deum.Quorum
1544 5066 1701 5127 enim
1721 5086 1933 5129 sensus
1950 5079 2110 5131 recte

2214 5062 2529 5130 ινεπίληστοί
2583 5064 2681 5119 εἰσι
2725 5065 2869 5143 παρὰ
2917 5070 2993 5139 τῷ
3024 5070 3161 5139 Θεῷ.
3201 5060 3297 5120 Ὧν
3325 5067 3424 5145 γὰρ
3454 5070 3505 5125 αἱ
3561 5070 3819 5139 αἰσθήσεις

465 5169 925 5243 componuntur,
949 5164 1007 5218 et
1031 5154 1212 5217 sobrii
1234 5162 1393 5234 sunt,
1415 5162 1472 5216 et
1500 5155 1713 5217 rationi
1745 5156 2102 5235 subduntur,

2214 5155 2512 5227 υθμίζονται
2584 5156 2673 5209 καὶ
2742 5154 3102 5233 προσάγονται
3160 5161 3237 5229 τῷ
3305 5154 3471 5237 λόγῳ,
3530 5157 3666 5214 ὥστε
3748 5158 3818 5234 μὴ

462 5252 545 5315 ita
565 5242 768 5315 utnon
791 5244 1185 5317 sintinutiles,
1208 5244 1311 5305 sed
1335 5243 1508 5305 valde
1540 5245 1711 5306 utiles
1731 5246 1791 5306 in
1814 5246 2097 5326 spiritua-

2216 5242 2330 5297 ἶναι
2388 5242 2611 5321 ἀχρεῖαι
2656 5244 2728 5306 εἰς
2772 5244 3136 5318 πνευματικὴν
3191 5245 3411 5326 βρῶσιν,
3466 5256 3606 5306 οῦτοι
3651 5246 3819 5305 amt.

460 5342 577 5406 lem
601 5336 891 5410 cibum,hi
912 5353 1032 5397 non
1047 5342 1182 5395 sunt
1199 5335 1257 5395 in
1276 5333 1572 5397 oblivione
1590 5336 1743 5417 apud
1754 5334 2093 5399 Dominum.

2214 5352 2362 5398 ηστοι
2406 5335 2483 5406 τῷ
2515 5333 2706 5411 Κυρίῳ.

544 5433 723 5494 Vsns.
745 5429 911 5490 8-19..
929 5450 948 5481 ι
969 5423 1113 5486 Dico
1130 5432 1324 5487 autem
1352 5424 1740 5499 vobis,omnis
1759 5425 2098 5507 quicunque

465 5521 773 5583 confessus
804 5514 979 5577 fuerit
1012 5514 1074 5575 in
1096 5532 1192 5575 me
1214 5532 1411 5576 coram
1440 5514 1809 5591 hominibus,
1833 5522 1894 5579 et
1914 5514 2098 5577 Filius

2266 5444 2293 5474 α
2330 5418 2484 5499 Λέγω
2539 5419 2592 5477 δὲ
2648 5423 2804 5503 ῦμῦν,
2878 5428 2981 5488 πᾶς
3026 5423 3083 5486 ὃς
3142 5421 3205 5478 ἂν
3259 5423 3571 5503 ὁμολογήσῃ
3621 5427 3675 5483 ἐν
3704 5422 3817 5502 ἐμοὶ

2180 5508 2471 5589 ἔμπροσθεν
2529 5517 2636 5568 τῶν
2695 5512 3005 5591 ἀνθρώπων,
3074 5513 3163 5570 καὶ
3218 5515 3246 5569 ὁ
3304 5516 3420 5581 Υἱὸς
3475 5522 3569 5572 τοῦ
3619 5515 3815 5594 ανθρώ-

459 5609 719 5677 bominis
744 5604 1128 5671 conﬁtebitur
1148 5604 1208 5664 in
1228 5602 1326 5665 illo
1356 5621 1555 5665 coram
1583 5607 1809 5683 angelis
1832 5605 1962 5669 Dei.
1986 5603 2101 5676 Qui

2214 5624 2282 5658 που
2342 5598 2658 5683 ὁμολογήσῃ
2740 5602 2795 5658 ἐν
2868 5602 3007 5679 αὐτῷ
3075 5601 3365 5682 ἔμπροσθεν
3416 5611 3523 5661 τῶν
3578 5603 3814 5685 ἆγγίλων
