4116 6212
276 426 384 491 881

1021 426 1467 493 ENARBATIO
1508 428 1591 490 IN
1634 414 2137 488 EVANGELIUM
2202 418 2442 479 LUCAE.
2490 452 2565 462 —
2607 419 2773 483 CAP.
2822 416 2955 481 XII.

3528 412 3645 480 882

275 566 367 616 τοῦ
398 567 530 620 Θεοῦ
565 575 581 592 ⁸
616 563 643 617 ὁ
674 558 730 618 δὲ
759 560 1122 639 ἀρνησαμενός
1181 579 1247 633 με
1293 557 1515 614 ἐνώπιον
1571 560 1677 613 τῶν
1710 552 1911 633 ἀνθρώ-

2000 564 2200 619 autem
2234 561 2537 638 negaverit
2567 577 2664 622 me
2694 577 2891 623 coram
2937 559 3299 635 hominibus,
3334 558 3645 641 negabitur

271 672 406 717 πων,

272 747 427 801 Θεοῦ.
484 743 581 798 Καὶ
641 746 745 804 πᾶς
803 742 861 802 ὃς
918 743 1031 819 ἱρεϊ
1084 738 1244 817 λόγον
1289 740 1362 800 είς
1406 740 1495 793 τὸν
1550 738 1671 793 Υἱὸν
1713 742 1803 792 τοῦ
1825 736 1907 791 ἆν-

263 830 499 909 θρώπου,
530 830 846 909 ἀφεθήσεταί
872 829 1014 903 αὒτῴ
1044 847 1059 863 ⁸
1094 836 1171 903 τῷ
1201 827 1253 884 δὲ
1288 830 1360 893 εἷς
1407 829 1468 885 τὸ
1510 827 1663 905 ἅγιον
1700 832 1912 901 Πνεῦμα

264 917 744 997 βλασφημήσαντι,
804 918 897 975 οὒκ
946 918 1288 997 ἀφεθήσεται,
1337 909 1473 974 ”Οτ’
1504 915 1564 971 ἂν
1595 914 1648 971 δὲ
1679 913 1909 994 προσφέ-

267 1028 435 1083 ρωσιν
490 1008 623 1082 ὑμᾶς
657 1006 741 1063 ἐπὶ
785 1008 877 1069 τὰς
937 1006 1283 1085 Συναγωγὰς,
1316 1007 1405 1061 καὶ
1451 1005 1542 1069 τὰς
1594 1005 1790 1083 ἀρχὰς,
1824 1006 1912 1059 καὶ

268 1096 365 1158 τὰς
424 1096 683 1169 ἐξουσίας,
715 1096 793 1171 μη
825 1101 1135 1173 μεριμνᾶτε,
1180 1095 1294 1158 πῶς
1325 1095 1361 1163 ἢ
1402 1095 1451 1151 τί
1476 1093 1907 1172 ἀπολογήσησθε,

270 1184 307 1251 ἢ
368 1185 417 1240 τί
447 1184 641 1251 εἴπητε
675 1200 688 1214 ⁸
731 1186 794 1240 τὸ
848 1186 947 1263 γὰρ
1003 1184 1151 1262 ἅγιον
1211 1190 1422 1258 Πνεῦμα
1478 1180 1664 1248 διδάξει
1692 1184 1827 1257 ὑμᾶς
1858 1181 1912 1237 ὲν

274 1275 407 1349 αὖτῇ
466 1279 532 1350 τῇ
564 1274 695 1352 ὥρᾳ,
758 1272 903 1330 ἃδεῐ
959 1275 1151 1331 εἰπεῖν.
1193 1296 1219 1327 ι
1286 1275 1388 1331 Νῦν
1442 1273 1503 1328 τὸ
1562 1271 1784 1329 ἔπαθλον
1813 1276 1912 1338 τῆς

270 1364 554 1441 μαρτυρίας
585 1364 913 1441 προτίθησιν.
967 1361 1117 1419 Ἐπεὶ
1172 1362 1271 1441 γὰρ
1300 1362 1448 1436 εἶπε,
1510 1363 1598 1429 Μὴ
1669 1358 1913 1441 φοϐεῖσθε

266 1452 373 1508 ἀπὸ
430 1455 535 1508 τῶν
588 1452 1009 1509 ἀποκτεινόντων
1069 1453 1129 1508 τὸ
1216 1458 1395 1527 σῶμα,
1454 1453 1541 1508 καὶ
1596 1465 1908 1530 προσεῒπεν,

264 1541 372 1619 ὅτι,
450 1539 552 1602 Καὶ
624 1544 676 1597 αἱ
723 1541 905 1621 τρίχες
961 1543 1109 1616 ὑμῶν
1155 1541 1500 1621 ἠρίθμηνται,
1558 1541 1650 1597 ἵνα
1699 1542 1775 1616 μή
1830 1562 1909 1603 τις

260 1630 395 1707 ε”πη
432 1650 445 1663 °
494 1634 593 1695 Δός
625 1654 715 1707 μοι
761 1634 849 1687 καὶ
881 1634 1066 1707 μισθόν
1104 1653 1219 1687 τινα
1253 1647 1267 1662 ⁹
1317 1631 1366 1686 τί
1407 1631 1507 1710 γάρ
1533 1654 1622 1705 μοι
1655 1629 1835 1705 μέλλει
1867 1631 1911 1686 εἰ

264 1721 357 1783 τας
402 1720 591 1800 τρίχας
648 1720 812 1801 ἔχειςΔ
868 1720 1276 1801 ἧριθμημένας,
1348 1722 1477 1800 φησί
1511 1740 1523 1751 ·
1588 1719 1768 1784 Θέλεις
1826 1722 1913 1776 καὶ

262 1793 447 1883 μισθόν
484 1793 737 1882 ζᾶωυῖ·
775 1793 881 1875 ι’ος
908 1793 1326 1887 ’ἃννὸμολογήσῃ
1356 1793 1411 1866 έν
1454 1810 1594 1883 ἐμοὶ,
1628 1808 1910 1887 ὁμολογη-

262 1902 480 1969 irrident
536 1901 764 1959 ὶνώπιον
823 1908 916 1957 τοῦ
972 1908 1127 1958 Θεοῦ.
1187 1902 1259 1958 Τὸ
1318 1899 1395 1973 δὲ,
1460 1892 1803 1978 Ὀμολογήση
1858 1899 1913 1955 ἐν

266 1993 409 2065 ἐμοὶ,
470 1993 650 2071 εἶπεν,
708 1994 821 2050 ἀντὶ
891 2000 1004 2065 τοῦ,
1070 1994 1217 2049 Μετὰ
1258 1992 1355 2059 τῆς
1396 1995 1533 2067 ὶμῆς
1590 1993 1914 2071 συνιργείας,

270 2084 357 2138 καὶ
415 2082 467 2138 ἐν
515 2089 583 2159 τῇ
628 2082 733 2159 ἐμῇ
773 2081 989 2158 δυνάμει
1019 2102 1034 2117 ⁶
1090 2074 1445 2159 Ὀμολογήσω
1494 2090 1617 2157 γοῦν
1662 2081 1811 2159 κάγὼ
1860 2081 1914 2136 ἐν

270 2170 434 2251 αυτῷ,
498 2171 788 2244 τουτέστιν,
846 2170 935 2227 ὑπ’
995 2174 1153 2230 αὒτοῦ
1220 2170 1652 2248 συνεργούμενος.
1701 2170 1913 2247 Χρῇζο·

266 2282 361 2315 υεν
418 2262 515 2339 γὰρ
566 2262 653 2315 καὶ
698 2261 887 2339 ἡμεῖς,
934 2259 1351 2338 προηγουμένως
1401 2266 1493 2316 τοῦ
1554 2267 1728 2318 Θεοῦ⁹
1765 2257 1909 2317 οὐδὲν

261 2350 360 2427 γὰρ
418 2349 585 2429 χωρὶς
628 2348 827 2406 ἐκείνου
857 2347 1116 2424 δυνάμεθα
1151 2365 1166 2381 ⁸
1217 2350 1303 2405 καὶ
1347 2351 1375 2404 ὁ
1419 2349 1545 2412 Θεὸς
1576 2348 1735 2403 πάλιν
1767 2348 1911 2427 ΧΡῨΓ

257 2447 332 2509 ζει
389 2440 546 2513 ἡμῶν
581 2457 597 2475 ⁸
635 2438 724 2494 ἐὰν
756 2440 855 2517 γὰρ
899 2440 976 2513 μὴ
1022 2439 1145 2518 εὕρῃ
1192 2438 1246 2493 έν
1288 2441 1424 2512 ἡμῖν
1467 2437 1592 2516 ἔργα
1623 2435 1763 2509 ἄξια,
1796 2435 1909 2493 οὐδὲ

262 2526 723 2606 προσλαμόανεται
784 2530 953 2603 ἡμᾶς,
1027 2528 1063 2596 ἢ
1140 2528 1238 2607 γὰρ
1308 2526 1370 2583 ἂν
1439 2526 1909 2601 προσωπολήπτης

261 2617 377 2683 εἴη,
444 2609 840 2695 Ὀμολογοῦμεν
898 2618 984 2675 οὖν
1062 2619 1225 2692 ἡμεῖς
1288 2617 1340 2673 ἐν
1410 2621 1574 2690 αὒτῷ,
1646 2615 1915 2671 τουτέστιν

262 2708 315 2763 ἐν
374 2710 439 2784 τῇ
498 2712 657 2766 αὒτοῠ
720 2708 1007 2787 συνεργείᾳ.
1074 2709 1167 2766 Καὶ
1222 2709 1376 2772 αὐτὸς
1434 2707 1488 2763 ὶν
1545 2708 1705 2785 ἡμῖν,
1758 2727 1912 2761 τουτ-

263 2798 405 2854 έστιν
464 2796 518 2852 ἐν
576 2803 641 2872 τῇ
697 2799 852 2872 ἡμῶν
910 2797 1202 2876 συνεργείᾳ.
1266 2798 1321 2855 Εἰ
1378 2797 1455 2871 μη
1514 2797 1613 2873 γὰρ
1673 2794 1914 2871 δώσομεν

268 2890 407 2961 αὖτῷ
463 2886 731 2966 ἀφορμὴν,
787 2884 903 2941 οὐδὲ
950 2886 1273 2963 ὁμολογήσει
1319 2887 1446 2959 ὑπὲρ
1503 2888 1681 2958 ἡμῶν,
1746 2877 1802 2942 Ὀ
1858 2882 1913 2939 δέ

269 2975 604 3053 ἀρνούμενος,
667 2978 763 3033 οὒκ
806 2975 860 3030 ἐν
903 2980 971 3051 τῇ
1040 2983 1132 3031 τοῦ
1193 2983 1322 3031 Θεοῦ
1375 2973 1590 3049 δυνάμει
1648 2975 1911 3052 ἀρνεῖται.

263 3067 355 3121 Διὸ
412 3062 526 3123 οὐδὲ
572 3065 865 3141 προσέθηγε
896 3066 979 3139 τὸ,
1022 3064 1075 3120 ἒν
1107 3064 1253 3145 ἐμοὶ,
1289 3062 1436 3143 ἀλλ’,
1469 3067 1496 3120 ὁ
1548 3064 1912 3142 ἀρνησάμενός

257 3176 349 3231 με,
378 3156 587 3228 μήποτε
632 3152 687 3208 δὲ
730 3157 857 3210 καθό
916 3161 1019 3218 πᾶς
1076 3153 1224 3232 ἅγιος
1274 3152 1328 3208 ἒν
1389 3155 1465 3227 τῲ
1496 3160 1704 3233 Χριστῷ
1738 3152 1906 3245 μένει,
1931 3179 1971 3229 c

255 3245 342 3299 καὶ
399 3246 425 3299 ὁ
479 3246 699 3321 Χριστος
744 3244 797 3299 ἐν
844 3246 1008 3317 αὐτῷ,
1061 3245 1197 3299 κατᾶ
1228 3250 1383 3300 τοῦτο
1413 3242 1627 3322 εἴρηται
1652 3242 1713 3298 τό
1747 3261 1763 3278 ⁶
1802 3234 1908 3306 ¹“ος

258 3333 320 3387 ἂν
378 3333 691 3412 ὁμολογήσῃ
743 3334 798 3389 ἐν
853 3334 994 3409 ἐμοὶ,
1048 3333 1283 3390 τουτέστι
1343 3333 1540 3414 μένων,
1589 3332 1912 3411 ὁμολογήσω

258 3422 407 3500 κάγὼ
450 3424 504 3479 ἐν
548 3423 689 3497 αυτῴ
732 3422 904 3498 μένων
942 3443 957 3456 ⁸
1012 3426 1099 3479 καὶ
1144 3429 1247 3487 πᾶς
1291 3423 1347 3485 ὃς
1394 3423 1454 3479 ἃν
1506 3423 1600 3500 ὲρῇ
1632 3423 1792 3501 λόγον
1838 3424 1911 3485 εἷς

258 3514 346 3567 τὸν
402 3515 517 3569 ι’ἱὸν
580 3520 669 3569 τοῦ
711 3513 1010 3592 ἀνθρώπου,
1042 3512 1359 3592 ἀφεθήσεται
1392 3517 1555 3586 αὐτῷ.
1589 3510 1741 3571 Τοῦτ’
1774 3512 1907 3588 ἔστι,

262 3603 318 3664 ὃς
379 3602 757 3680 βλασφημήσει
814 3605 886 3667 εἷς
931 3602 1025 3677 ἐμὲ
1069 3604 1159 3657 τὸν
1215 3602 1532 3683 φαινόμενον
1593 3603 1711 3659 Υἱὸν
1755 3602 1914 3679 ψιλὸν

268 3700 357 3748 τοῦ
407 3692 702 3771 ἀνθρώπου,
762 3694 851 3747 καὶ
901 3692 1160 3760 ἐσθίοντα,
1234 3693 1321 3747 καὶ
1372 3693 1613 3771 πίνοντα,
1660 3693 1747 3747 καὶ
1778 3693 1913 3767 μετὰ

268 3780 509 3837 τελωνῶν
582 3780 828 3860 διάγοντα
888 3784 975 3838 καὶ
1057 3786 1284 3861 πορνῶν,
1375 3782 1734 3860 συγγνωστὸς,
1814 3780 1913 3837 κᾶν

272 3872 604 3946 μετανοήσῃ,
657 3871 755 3927 γᾶν
808 3873 909 3945 μή,
974 3871 1041 3934 οὔ
1071 3872 1169 3949 γὰρ
1199 3868 1461 3948 λογίζεται
1496 3870 1637 3944 αὒτῷ
1686 3870 1915 3949 ἁμαρτία

270 3961 346 4033 μὴ
406 3961 728 4024 πιστεύοντι,
784 3963 843 4019 Τί
896 3962 995 4040 γὰρ
1052 3958 1219 4031 εἶδεν,
1266 3960 1359 4015 ’ἕνα
1416 3959 1723 4038 πιστεύσῃς
1759 3961 1817 4017 Τί
1860 3958 1913 4015 δὲ

267 4048 469 4121 μᾶλλον
525 4051 620 4105 οὒκ
655 4049 799 4106 εἶδεν
862 4048 1001 4115 ἄξιον
1045 4047 1341 4127 δυσφημίας
1377 4068 1393 4129 ς
1431 4046 1585 4105 Εἷδεν
1616 4048 1909 4128 ἄνθρωπον,

270 4138 483 4215 πόρναις
549 4137 915 4216 συνδιάγοντα,
974 4139 1061 4195 καὶ
1104 4137 1419 4217 βλασφημεῖ
1462 4140 1534 4200 εἷς
1586 4139 1741 4196 αὐτόν
1775 4153 1788 4167 ⁸
1854 4140 1913 4195 οὑ

269 4228 530 4305 λογίζεται
586 4236 674 4284 οὖν
719 4231 862 4303 αὖτῷ
898 4230 1147 4303 ἁμαρτία,
1198 4229 1350 4291 Εἰκὸς
1400 4230 1501 4306 γὰρ
1530 4226 1687 4284 ’ἔπαθε
1720 4246 1734 4261 ⁸
1797 4229 1909 4291 πῶς

264 4318 361 4394 γὰρ
426 4318 542 4379 Υἱὸς
596 4325 749 4397 Θεοῦ,
824 4320 851 4374 ὁ
907 4319 1125 4396 πόρναις
1184 4315 1525 4395 συνδιάγων;
1576 4315 1908 4396 βλασφημή-

266 4428 343 4461 σει
405 4408 571 4463 τοίνυν
645 4409 732 4463 καὶ
816 4406 1021 4465 πλάνον
1096 4406 1414 4463 ἁποκαλέσει
1468 4406 1558 4461 τὸν
1616 4405 1754 4461 οὕτω
1813 4406 1909 4469 μὲν

267 4493 532 4573 διάγοντα.
572 4498 689 4552 ι’ἶὸν
720 4494 773 4552 δὲ
806 4505 937 4556 Θεοῦ
992 4498 1177 4553 ἑαυτὸν
1225 4506 1495 4557 ποιοῦντα,
1536 4486 1718 4553 "011v
1749 4493 1803 4587 δέ
1830 4517 1909 4559 τις

267 4586 337 4648 εἰς
396 4588 456 4642 τὸ
513 4585 665 4663 ἅγιον
718 4592 929 4662 Πνεῦμα
971 4585 1283 4665 βλασφημῇ.
1320 4586 1714 4664 ὰσύγγνωστος.
1752 4575 1827 4642 ”ο
1857 4582 1911 4640 δὲ

266 4672 432 4752 λέγει,
493 4676 729 4733 τοιοῦτόν
783 4675 926 4732 ἔστιν
959 4690 973 4705 ⁶
1054 4665 1232 4734 ιὈταν
1288 4676 1604 4751 θεοσημείας
1671 4673 1908 4750 βλέπων,

263 4765 349 4820 καὶ
405 4763 531 4840 ἔργα
575 4764 783 4842 μεγάλα
840 4766 928 4821 καὶ
988 4764 1222 4843 ἐξαίρετα
1264 4764 1463 4841 ἀπιστῇ
1506 4766 1594 4820 καὶ
1643 4785 1911 4841 συκοςραν-

261 4858 350 4932 τῇ,
400 4854 494 4915 τὰς
550 4862 643 4911 τοῦ
698 4855 849 4930 ἁγίου
910 4856 1211 4929 Πνεύματος
1262 4853 1519 4934 ἐνεργείας
1575 4860 1652 4928 τῷ
1694 4852 1911 4930 βεελζε-

259 4939 385 4998 6οὺλ
458 4946 881 5020 προσανατιθεὶς,
942 4945 1064 5001 τότε
1120 4944 1452 5025 βλασφημῶν
1512 4945 1585 5009 είς
1642 4945 1703 4999 τὸ
1760 4944 1911 5022 ἃγιον

262 5038 493 5105 Πνεῦμα,
559 5036 645 5088 καὶ
703 5034 757 5089 ἐν
815 5035 1073 5109 πνεύματι
1154 5040 1371 5113 πονηρῷ
1425 5033 1513 5089 καὶ
1569 5032 1626 5089 οὗ
1672 5034 1793 5106 θείῳ
1847 5034 1911 5087 τὰ

263 5134 465 5196 σημεῖα
523 5122 753 5197 γίνεσθαι
808 5121 1003 5201 λέγων,
1068 5120 1437 5200 ἀσύγγνωστός
1496 5122 1632 5195 ἐστι,
1678 5123 1765 5177 καὶ
1818 5122 1912 5178 οὒκ

264 5211 407 5265 ἔσται
469 5212 664 5284 ἁθῶος,
726 5212 769 5267 εἶ
824 5213 901 5287 μὴ
975 5213 1293 5285 μετανοήσει
1331 5258 1342 5270 .
1406 5212 1482 5285 τῷ
1554 5210 1652 5284 μὲν
1705 5212 1778 5274 εἰς
1821 5212 1912 5265 τὸν

269 5301 385 5356 Υίὸν
440 5306 531 5355 τοῦ
620 5300 891 5379 ἀνθρώπου
965 5300 1390 5378 βλασφημοῦντι,
1477 5297 1591 5356 οὒδὲ
1684 5302 1911 5379 ἁμαρτία

262 5387 543 5466 ἐλογῖζετο,
607 5387 686 5445 διὸ
742 5393 829 5446 καὶ
891 5392 969 5466 μὴ
1027 5395 1297 5465 μετανοῶν
1360 5388 1748 5467 συγγνωστὲος,
1824 5396 1911 5463 Τῷ

262 5476 312 5531 δὶ
370 5481 510 5534 Θειου
571 5480 871 5555 Πνεύματος
925 5480 1051 5557 ἔργα
1112 5481 1327 5558 ὁρῶντι,
1381 5481 1468 5534 καὶ
1524 5477 1908 5553 βλασφημοῦν-

261 5590 327 5639 tt,
374 5571 543 5647 χωρὶς
602 5571 882 5643 μετανιίας
925 5572 1022 5626 οὒκ
1078 5568 1428 5649 ἀφεθήσεται,
1499 5560 1758 5645 Ἀμάρτία
1812 5570 1912 5649 γὰρ

334 5727 398 5778 54
429 5725 627 5791 Matth.
662 5745 727 5825 ι,
751 5728 830 5793 32
847 5779 860 5794 .

499 650 933 729 ἀπαρνηθήσεται
1032 649 1255 705 ἐνώπιον
1319 652 1423 703 τῶν
1511 644 1753 724 ἀγγέλων
1821 653 1911 703 τοῦ

1996 664 2195 708 coram
2230 648 2456 727 angelis
2484 648 2609 710 Dei.
2645 648 2715 711 Et
2745 649 3012 730 quisquis
3042 649 3305 730 loquitur
3333 649 3559 712 dictum
3579 649 3640 711 in

1996 735 2208 797 Filium
2234 736 2861 811 hominis,remittetur
2880 737 3053 801 illizei
3075 756 3218 799 vero
3241 737 3342 819 qui
3371 737 3431 799 in
3452 736 3645 820 Spiri-

1996 832 2115 885 tum
2133 834 2402 887 sanctun
2417 827 2746 889 convicium
2760 827 3122 901 dixerit,non
3132 826 3640 890 remittetur.Cum

1996 923 2194 975 autem
2217 914 2576 977 adduxerint
2595 934 2697 977 vos
2719 916 2791 977 ad
2804 918 3224 997 Synagogas,et
3240 916 3311 977 ad
3335 915 3645 995 magistra-

1993 1013 2087 1063 tus
2112 1021 2180 1064 ac
2214 1011 2555 1083 potestates,
2592 1004 2777 1067 nolite
2823 1004 3060 1067 solliciti
3101 1022 3233 1066 esse
3264 1004 3520 1085 qualiter
3542 1011 3644 1067 aut

1995 1091 2133 1171 quid
2164 1092 2596 1172 respondeatis,
2632 1102 2731 1154 aut
2762 1093 2906 1173 quid
2932 1092 3165 1156 dicatis.
3201 1092 3459 1173 Spiritus
3480 1092 3639 1155 enim

1995 1188 2233 1242 sanctus
2263 1182 2504 1243 docebit
2534 1201 2634 1243 vos
2670 1182 2731 1243 in
2766 1182 2974 1245 eadem
3014 1183 3160 1244 hora
3188 1182 3331 1263 quid
3371 1189 3643 1263 oporteat

1995 1286 2105 1331 vos
2122 1270 2348 1331 dicere.
2362 1270 2445 1332 »Ν
2452 1290 2568 1333 unc
2581 1280 2780 1334 autem
2804 1271 3112 1353 praemium
3131 1270 3391 1352 martyrii
3412 1270 3637 1351 adjicit.

1999 1357 2315 1437 Postquam
2339 1361 2493 1421 enim
2519 1360 2689 1436 dixit,
2717 1360 2803 1423 Ne
2836 1361 3093 1423 timeatis
3125 1360 3200 1421 ab
3223 1361 3313 1421 his
3334 1360 3436 1442 qui
3475 1360 3639 1423 occi-

1993 1446 2140 1508 dunt
2164 1466 2397 1529 corpus:
2429 1459 2485 1510 et
2504 1451 2719 1530 adjecit
2739 1449 2896 1531 quod
2916 1450 3126 1530 Capilli
3152 1450 3331 1511 vestri
3350 1450 3642 1512 numerati

1993 1546 2165 1599 sunt:
2207 1556 2281 1598 ne
2299 1538 2434 1618 quis
2456 1539 2613 1600 dicat
2645 1560 2660 1600 :
2688 1538 2771 1601 Da
2791 1538 2939 1601 mihi
2961 1539 3138 1601 etiam
3162 1540 3503 1601 mercedem
3526 1539 3640 1601 ali-

1995 1644 2204 1705 quam:
2253 1626 2393 1706 quid
2418 1628 2577 1688 enim
2608 1627 2753 1690 mihi
2778 1627 3066 1707 profuerit
3090 1627 3141 1689 si
3164 1628 3411 1709 capillos
3434 1646 3643 1690 nume-

1992 1715 2785 1796 raveris?Vis,inquit,etiam
2810 1716 3643 1799 mercedem?audi:Quisquis

1995 1804 2377 1866 confitebitur
2396 1806 2459 1867 in
2484 1824 2600 1876 me,
2637 1813 2991 1884 agnoscetur
3013 1824 3211 1868 coram
3238 1809 3384 1869 Deo.
3418 1805 3485 1868 In
3518 1825 3637 1887 me,

1939 1890 1974 1940 Β
1999 1891 2166 1969 dicit,
2194 1893 2595 1970 conﬁtebitur,
2632 1896 2745 1957 hoc
2762 1902 2852 1959 cst
2884 1914 3017 1957 meo
3050 1896 3345 1977 adjutorio
3376 1896 3639 1976 adjutus,

2002 1999 2061 2043 et
2095 2001 2225 2044 mea
2254 1984 2466 2045 virtute
2503 2005 2515 2043 :
2558 1984 2891 2046 conﬁtebor
2938 1984 3122 2063 igitur
3172 1993 3229 2045 et
3282 2004 3391 2065 ego
3424 1987 3482 2048 in
3516 1986 3639 2061 illo,

1999 2071 2111 2132 hoc
2139 2079 2228 2133 est
2258 2071 2371 2133 sub
2421 2074 2547 2153 ipso
2581 2091 2935 2154 cooperans.
2968 2072 3129 2156 Opus
3160 2077 3320 2136 enim
3354 2075 3642 2138 habemus

1998 2168 2055 2221 et
2085 2180 2190 2221 nos
2221 2161 2341 2223 Deo
2366 2161 2540 2233 duce,
2580 2164 2707 2224 sine
2730 2182 2846 2243 quo
2863 2162 3011 2224 nihil
3046 2182 3385 2244 possumus:
3408 2173 3466 2226 et
3488 2165 3642 2225 Deus

1994 2268 2230 2330 quoque
2261 2268 2409 2330 opus
2442 2251 2617 2313 habet
2652 2250 2848 2315 nobis.
2883 2251 3024 2313 568
3056 2251 3116 2315 Si
3147 2252 3307 2315 enim
3338 2271 3457 2315 non
3480 2252 3640 2315 inve-

1996 2341 2151 2401 nerit
2179 2341 2240 2401 in
2282 2339 2453 2402 nobis
2484 2359 2666 2421 opera
2712 2342 2913 2424 digna,
2946 2362 3144 2425 neque
3191 2360 3299 2404 nos
3328 2352 3592 2405 assumet
3624 2360 3640 2406 :

1996 2428 2215 2509 alioqui
2273 2446 2663 2509 personarum
2724 2442 3005 2515 acceptor
3050 2441 3228 2495 esset.
3282 2433 3647 2496 Conﬁtemur

1996 2518 2180 2597 igitur
2202 2526 2259 2580 et
2295 2538 2403 2581 nos
2432 2520 2492 2581 in
2521 2521 2645 2597 illo,
2672 2521 2786 2583 hoc
2818 2530 2908 2584 est
2934 2522 2995 2584 in
3027 2522 3158 2603 ejus
3180 2523 3600 2604 cooperatione
3626 2545 3641 2588 :

1998 2616 2055 2668 et
2083 2608 2210 2689 ipse
2242 2608 2300 2669 in
2332 2608 2527 2680 nobis,
2564 2611 2675 2672 hoc
2710 2620 2798 2672 est
2841 2612 2903 2675 in
2954 2620 3154 2673 nostra
3200 2612 3643 2692 cooperatione.

1997 2698 2058 2758 Si
2087 2698 2247 2760 enim
2278 2717 2394 2758 non
2443 2699 2790 2761 dederimus
2823 2700 2877 2761 ei
2909 2701 3307 2775 occasionem,
3344 2718 3461 2762 non
3495 2719 3643 2762 con-

2000 2787 2260 2848 ﬁtebitur
2293 2805 2397 2868 pro
2431 2787 2622 2848 nobis.
2675 2788 2787 2860 Qui
2831 2797 3025 2851 autem
3068 2788 3389 2868 negaverit,
3425 2807 3545 2850 non
3582 2789 3645 2850 in

1997 2875 2211 2937 virtute
2243 2876 2349 2938 Dei
2384 2888 2593 2954 negat:
2632 2877 2763 2939 ideo
2796 2897 2914 2939 non
2964 2878 3231 2959 apponit,
3268 2877 3327 2939 in
3365 2896 3481 2953 me,
3513 2880 3649 2954 sed,

1998 2966 2095 3044 qui
2127 2965 2423 3044 negaverit
2456 2984 2573 3026 me.
2608 2966 2782 3043 ,Quid
2828 2975 3025 3029 autem
3069 2967 3120 3029 si
3168 2968 3342 3029 etiam
3388 2967 3559 3047 juxta
3586 2967 3647 3028 id

1998 3054 2152 3135 quod
2184 3054 2381 3115 omnis
2413 3062 2654 3118 sanctus
2684 3064 2884 3119 manet
2906 3056 2966 3119 in
2999 3054 3255 3131 Christo,
3292 3064 3350 3118 et
3378 3056 3648 3119 Christus

1998 3153 2196 3205 manet
2226 3144 2287 3204 in
2315 3162 2409 3217 eo,
2449 3143 2603 3207 istud
2632 3164 2871 3227 quoque
2905 3146 3126 3208 dictum
3160 3154 3280 3209 est:
3312 3171 3331 3203 ι
3363 3146 3647 3229 Quisquis

1996 3232 2380 3295 conﬁtebitur
2409 3232 2469 3293 in
2505 3253 2620 3310 me,
2658 3236 2769 3297 hoc
2798 3244 2888 3297 est
2929 3237 2987 3297 in
3020 3254 3116 3297 me
3147 3254 3419 3312 manens,
3454 3236 3643 3299 conﬁ-

1996 3322 2167 3383 tebor
2196 3324 2404 3405 utique
2433 3336 2490 3387 et
2515 3343 2624 3403 ego
2652 3324 2710 3385 in
2735 3325 2835 3386 illo
2854 3344 3102 3387 manens
3120 3327 3206 3389 δι.
3235 3327 3308 3389 Et
3337 3327 3528 3388 omnis
3546 3327 3648 3409 qui

1996 3411 2209 3473 dixerit
2239 3430 2583 3475 sermonem
2632 3414 2692 3475 in
2729 3414 2944 3478 Filium
2997 3416 3282 3491 hominis,
3314 3417 3649 3479 remittetur

1997 3501 2074 3564 ei.
2093 3526 2112 3556 ι
2153 3504 2277 3564 Hoc
2302 3511 2413 3577 est,
2440 3507 2538 3584 qui
2574 3503 3073 3585 blasphemaverit
3102 3505 3162 3567 in
3189 3507 3421 3587 me,qni
3442 3506 3647 3567 videor

1998 3610 2182 3672 purus
2215 3592 2399 3655 Filius
2431 3592 2711 3669 hominis,
2748 3601 2804 3654 et
2834 3594 3109 3669 comedo,
3136 3602 3193 3655 et
3223 3593 3385 3669 bibo,
3422 3602 3480 3656 et
3509 3614 3642 3657 cum

2000 3680 2331 3761 publicanis
2354 3689 2417 3744 et
2437 3680 2651 3743 scortis
2673 3682 3141 3764 versor,veniam
3173 3684 3460 3765 consequi
3483 3693 3646 3765 pote-

1998 3770 2096 3850 rit,
2131 3770 2253 3831 sive
2286 3770 2790 3849 paenituerit,sive
2816 3790 2955 3832 non.
2988 3773 3120 3834 Non
3144 3774 3300 3833 enim
3322 3774 3647 3852 imputatur

1997 3862 2050 3922 ei
2097 3869 2409 3943 peccatum
2446 3862 2495 3923 si
2528 3882 2646 3924 non
2700 3863 2926 3925 credat.
2981 3862 3133 3937 Quid
3180 3863 3339 3925 enim
3393 3863 3547 3925 vidit
3583 3872 3648 3926 ut

1998 3951 2205 4012 credat
2230 3950 2254 4014 ?
2278 3952 2366 4012 vel
2394 3952 2609 4032 potius,
2638 3952 2738 4033 qui
2762 3972 2881 4014 non
2913 3952 3060 4016 vidit
3088 3952 3350 4014 convicio
3372 3952 3647 4033 dignum?

1998 4038 2160 4101 Vidit
2204 4041 2508 4103 hominem
2568 4050 2903 4104 versantem
2960 4061 3095 4105 cum
3149 4042 3382 4124 scortis,
3420 4050 3478 4105 et
3508 4043 3645 4106 ideo

1999 4128 2367 4209 blasphemat
2400 4148 2535 4192 eum
2564 4151 2577 4193 :
2613 4149 2730 4192 non
2764 4131 2941 4210 igitur
2973 4132 3299 4213 imputatur
3328 4133 3383 4195 ei
3428 4150 3643 4214 pecca-

1997 4228 2141 4279 tum.
2182 4218 2515 4280 Verisimile
2556 4220 2717 4280 enim
2751 4223 2941 4283 visum
2973 4231 3061 4283 est
3106 4243 3121 4285 :
3166 4240 3301 4283 nam
3347 4222 3645 4303 quomodo

1993 4308 2177 4370 Filius
2204 4307 2333 4388 Dei,
2368 4309 2467 4389 qui
2500 4327 2636 4370 cum
2672 4312 2886 4372 scortis
2918 4310 3235 4373 versatur?
3267 4311 3648 4391 Blasphemat

1993 4398 2173 4475 igitur
2192 4406 2250 4458 et
2284 4397 2665 4478 impostorem
2698 4409 2865 4462 vocat
2906 4420 3065 4473 eum,
3086 4401 3188 4482 qui
3218 4401 3303 4462 sic
3335 4418 3646 4463 conversa-

1997 4500 2113 4567 tur,
2144 4496 2201 4548 et
2246 4487 2559 4549 facientem
2606 4507 2670 4551 se
2722 4489 2932 4551 Filium
2986 4490 3116 4554 Dei.
3163 4489 3413 4562 Quando
3445 4497 3642 4552 autem

1996 4578 2128 4659 quis
2158 4578 2485 4638 convicium
2530 4577 2749 4640 dixerit
2783 4579 2842 4639 in
2876 4578 3158 4660 Spiritum
3198 4587 3499 4654 sanctum,
3526 4600 3645 4642 non

1997 4667 2334 4729 remittetur
2360 4669 2438 4729 ei.
2484 4667 2653 4740 Quod
2687 4687 2825 4730 vero
2858 4668 3028 4749 dicit,
3073 4670 3231 4731 hunc
3262 4688 3500 4731 sensum
3535 4671 3644 4732 ha-

2000 4756 2097 4818 bet
2122 4777 2137 4816 :
2172 4755 2416 4829 Quando
2440 4757 2646 4818 videns
2675 4757 2875 4818 divina
2896 4759 3207 4838 miracula,
3244 4770 3302 4820 et
3332 4777 3512 4839 opera
3528 4776 3646 4821 ma-

1996 4868 2109 4928 gna
2138 4858 2195 4910 et
2229 4847 2624 4927 praecellentia
2654 4848 2961 4922 discredit,
2997 4858 3057 4911 et
3088 4849 3486 4913 calumniatur
3517 4852 3648 4931 Spi-

1997 4940 2146 5001 ritus
2168 4939 2352 4999 sancti
2372 4939 2767 5017 operationes,
2794 4939 2926 5001 illas
2943 4939 3257 5003 Beelzebul
3288 4940 3641 5018 attribuens,

1997 5030 2047 5091 ls
2078 5029 2446 5109 blasphemat
2478 5036 2539 5089 et
2570 5028 2899 5090 convicium
2932 5029 3076 5091 dicit
3105 5030 3165 5090 in
3200 5028 3483 5109 Spiritum
3507 5050 3646 5092 san-

1994 5131 2188 5189 ctum;
2223 5126 2281 5179 et
2309 5116 2369 5177 in
2386 5116 2597 5197 spiritu
2619 5118 2874 5195 maligno
2907 5128 2963 5179 et
2992 5136 3109 5179 non
3136 5118 3337 5179 divino
3363 5119 3649 5182 miracula

1995 5212 2123 5272 fieri
2156 5209 2384 5281 dicens,
2421 5207 2649 5268 veniam
2688 5227 2806 5268 non
2841 5217 3262 5289 consequetur,
3289 5216 3348 5271 et
3382 5228 3499 5271 non
3531 5212 3650 5272 erit

1993 5302 2306 5367 innocens,
2340 5298 2388 5358 si
2422 5316 2539 5356 non
2574 5296 2937 5377 pmnituerit.
2973 5296 3040 5358 Ei
3088 5296 3248 5359 enim
3300 5299 3399 5380 qui
3430 5296 3644 5360 Filium

1994 5386 2256 5450 hominis
2300 5385 2693 5465 blasphemat,
2750 5395 3058 5466 peccatum
3113 5406 3229 5448 non
3284 5392 3644 5468 imputatur:

1995 5479 2130 5541 ideo
2163 5478 2273 5539 etsi
2298 5495 2415 5537 non
2447 5486 2582 5556 agat
2604 5477 3283 5557 poenitentiam,veniam
3307 5496 3648 5559 conseque-

1999 5578 2112 5632 tur.
2149 5567 2379 5630 Videnti
2411 5575 2609 5629 autem
2643 5566 2829 5630 divini
2860 5565 3123 5648 Spiritus
3152 5586 3360 5651 opera,
3394 5575 3453 5632 et
3481 5568 3644 5633 blas-
