  <div class='ocr_page' id='page_1' title='image "/cluster/home/n/w/nwhite01/storage/ocr_20150623/123/hvd.32044073502445/467.png"; bbox 0 0 4116 6212; ppageno 0'>
   <div class='ocr_carea' id='block_1_1' title="bbox 396 342 3894 449">
    <p class='ocr_par' dir='ltr' id='par_1_1' title="bbox 396 342 3894 449">
     <span class='ocr_line' id='line_1_1' title="bbox 396 342 3894 449; baseline 0.004 -41"><span class='ocrx_word' id='word_1_1' title='bbox 396 353 518 420; x_wconf 70' lang='grc'><strong>883</strong></span> <span class='ocrx_word' id='word_1_2' title='bbox 1355 347 1951 414; x_wconf 79' lang='lat' dir='ltr'><strong>THEOPHYLACTI</strong></span> <span class='ocrx_word' id='word_1_3' title='bbox 1994 342 2402 410; x_wconf 64' lang='lat' dir='ltr'><strong>BULGARIE</strong></span> <span class='ocrx_word' id='word_1_4' title='bbox 2445 350 2804 413; x_wconf 75' lang='lat' dir='ltr'><strong>ARCHIEP.</strong></span> <span class='ocrx_word' id='word_1_5' title='bbox 3753 359 3854 422; x_wconf 89' lang='grc'>88</span> <span class='ocrx_word' id='word_1_6' title='bbox 3858 387 3894 449; x_wconf 58' lang='grc'><em>4</em></span> 
     </span>
    </p>
   </div>
   <div class='ocr_carea' id='block_1_2' title="bbox 397 476 2050 589">
    <p class='ocr_par' dir='ltr' id='par_1_2' title="bbox 397 495 2043 589">
     <span class='ocr_line' id='line_1_2' title="bbox 397 495 2043 589; baseline -0.003 -26"><span class='ocrx_word' id='word_1_7' title='bbox 397 497 726 583; x_wconf 81' lang='lat' dir='ltr'><strong>pbemanti,</strong></span> <span class='ocrx_word' id='word_1_8' title='bbox 757 496 979 579; x_wconf 81' lang='lat' dir='ltr'><strong>absque</strong></span> <span class='ocrx_word' id='word_1_9' title='bbox 997 495 1343 589; x_wconf 69' lang='lat' dir='ltr'><strong>pcenitentia</strong></span> <span class='ocrx_word' id='word_1_10' title='bbox 1365 503 1669 589; x_wconf 77' lang='lat' dir='ltr'><strong>peccatum</strong></span> <span class='ocrx_word' id='word_1_11' title='bbox 1698 514 1821 558; x_wconf 90' lang='lat' dir='ltr'><strong>non</strong></span> <span class='ocrx_word' id='word_1_12' title='bbox 1842 496 2043 589; x_wconf 77' lang='lat' dir='ltr'><strong>remit-</strong></span> 
     </span>
    </p>
   </div>
   <div class='ocr_carea' id='block_1_3' title="bbox 2141 476 3899 589">
    <p class='ocr_par' dir='ltr' id='par_1_3' title="bbox 2141 476 3899 589">
     <span class='ocr_line' id='line_1_3' title="bbox 2141 476 3899 589; baseline 0.011 -54"><span class='ocrx_word' id='word_1_13' title='bbox 2141 480 2356 589; x_wconf 53' lang='grc' dir='ltr'>αεγίστη</span> <span class='ocrx_word' id='word_1_14' title='bbox 2417 480 2818 589; x_wconf 60' lang='grc' dir='ltr'>λογιρθήσεται.</span> <span class='ocrx_word' id='word_1_15' title='bbox 2881 476 3058 589; x_wconf 57' lang='grc' dir='ltr'><strong>ιὈταν</strong></span> <span class='ocrx_word' id='word_1_16' title='bbox 3110 486 3165 546; x_wconf 68' lang='grc' dir='ltr'>δὲ</span> <span class='ocrx_word' id='word_1_17' title='bbox 3224 491 3649 572; x_wconf 74' lang='grc' dir='ltr'>προσφέρωσιν</span> <span class='ocrx_word' id='word_1_18' title='bbox 3732 497 3899 570; x_wconf 74' lang='grc' dir='ltr'>ὑμᾶς</span> 
     </span>
    </p>
   </div>
   <div class='ocr_carea' id='block_1_4' title="bbox 396 568 2050 677">
    <p class='ocr_par' dir='ltr' id='par_1_4' title="bbox 396 568 2039 677">
     <span class='ocr_line' id='line_1_4' title="bbox 396 568 2039 677; baseline -0.004 -25"><span class='ocrx_word' id='word_1_19' title='bbox 396 568 602 667; x_wconf 47' lang='lat' dir='ltr'><strong>tetuli”:</strong></span> <span class='ocrx_word' id='word_1_20' title='bbox 638 568 948 669; x_wconf 62' lang='lat' dir='ltr'><strong>peccatum</strong></span> <span class='ocrx_word' id='word_1_21' title='bbox 990 568 1148 646; x_wconf 76' lang='lat' dir='ltr'><strong>enim</strong></span> <span class='ocrx_word' id='word_1_22' title='bbox 1177 568 1510 677; x_wconf 70' lang='lat' dir='ltr'><strong>maximum</strong></span> <span class='ocrx_word' id='word_1_23' title='bbox 1564 583 1841 646; x_wconf 83' lang='lat' dir='ltr'><strong>habetur.</strong></span> <span class='ocrx_word' id='word_1_24' title='bbox 1882 586 2039 648; x_wconf 65' lang='lat' dir='ltr'><strong>‘Cum</strong></span> 
     </span>
    </p>
   </div>
   <div class='ocr_carea' id='block_1_5' title="bbox 2141 568 3896 677">
    <p class='ocr_par' dir='ltr' id='par_1_5' title="bbox 2141 568 3896 677">
     <span class='ocr_line' id='line_1_5' title="bbox 2141 568 3896 677; baseline 0.012 -53"><span class='ocrx_word' id='word_1_25' title='bbox 2141 570 2211 625; x_wconf 66' lang='grc' dir='ltr'><strong>ἐπὶ</strong></span> <span class='ocrx_word' id='word_1_26' title='bbox 2264 570 2359 677; x_wconf 50' lang='grc' dir='ltr'>τὲς</span> <span class='ocrx_word' id='word_1_27' title='bbox 2417 570 2591 650; x_wconf 79' lang='grc' dir='ltr'>ἀρχὰς</span> <span class='ocrx_word' id='word_1_28' title='bbox 2666 574 2756 631; x_wconf 88' lang='grc' dir='ltr'><strong>καὶ</strong></span> <span class='ocrx_word' id='word_1_29' title='bbox 2825 576 2921 638; x_wconf 79' lang='grc' dir='ltr'><strong>τὰς</strong></span> <span class='ocrx_word' id='word_1_30' title='bbox 3007 574 3271 658; x_wconf 76' lang='grc' dir='ltr'>ἐξουσίας,</span> <span class='ocrx_word' id='word_1_31' title='bbox 3350 568 3466 638; x_wconf 58' lang='grc' dir='ltr'><strong>κάἵ</strong></span> <span class='ocrx_word' id='word_1_32' title='bbox 3547 585 3623 639; x_wconf 74' lang='grc' dir='ltr'>τὰ</span> <span class='ocrx_word' id='word_1_33' title='bbox 3710 568 3896 649; x_wconf 48' lang='lat' dir='ltr'><strong>iac.</strong></span> 
     </span>
    </p>
   </div>
   <div class='ocr_carea' id='block_1_6' title="bbox 396 656 2050 769">
    <p class='ocr_par' dir='ltr' id='par_1_6' title="bbox 396 656 2037 769">
     <span class='ocr_line' id='line_1_6' title="bbox 396 656 2037 769; baseline -0.003 -29"><span class='ocrx_word' id='word_1_34' title='bbox 396 656 598 741; x_wconf 77' lang='lat' dir='ltr'><strong>autem</strong></span> <span class='ocrx_word' id='word_1_35' title='bbox 631 656 983 738; x_wconf 74' lang='lat' dir='ltr'><strong>adduxerint</strong></span> <span class='ocrx_word' id='word_1_36' title='bbox 1000 690 1107 735; x_wconf 89' lang='lat' dir='ltr'><strong>vos</strong></span> <span class='ocrx_word' id='word_1_37' title='bbox 1123 671 1194 734; x_wconf 87' lang='lat' dir='ltr'><strong>ad</strong></span> <span class='ocrx_word' id='word_1_38' title='bbox 1215 674 1586 769; x_wconf 73' lang='lat' dir='ltr'><strong>magistratus</strong></span> <span class='ocrx_word' id='word_1_39' title='bbox 1608 680 1667 733; x_wconf 89' lang='lat' dir='ltr'><strong>et</strong></span> <span class='ocrx_word' id='word_1_40' title='bbox 1696 682 2037 769; x_wconf 79' lang='lat' dir='ltr'><strong>potestates,</strong></span> 
     </span>
    </p>
   </div>
   <div class='ocr_carea' id='block_1_7' title="bbox 2141 656 3895 769">
    <p class='ocr_par' dir='ltr' id='par_1_7' title="bbox 2141 656 3895 769">
     <span class='ocr_line' id='line_1_7' title="bbox 2141 656 3895 751; baseline 0.009 -36"><span class='ocrx_word' id='word_1_41' title='bbox 2141 656 2345 727; x_wconf 77' lang='grc' dir='ltr'>Ἐπειδὴ</span> <span class='ocrx_word' id='word_1_42' title='bbox 2400 660 2434 728; x_wconf 75' lang='grc' dir='ltr'>ἡ</span> <span class='ocrx_word' id='word_1_43' title='bbox 2489 660 2730 718; x_wconf 83' lang='grc' dir='ltr'>ἀσθένεια</span> <span class='ocrx_word' id='word_1_44' title='bbox 2788 664 2946 738; x_wconf 71' lang='grc' dir='ltr'>ἡμῶδ</span> <span class='ocrx_word' id='word_1_45' title='bbox 3034 662 3214 746; x_wconf 76' lang='grc' dir='ltr'>διττὴ,</span> <span class='ocrx_word' id='word_1_46' title='bbox 3255 656 3371 725; x_wconf 18' lang='grc' dir='ltr'>*καὶ</span> <span class='ocrx_word' id='word_1_47' title='bbox 3428 670 3472 739; x_wconf 70' lang='grc' dir='ltr'><strong>ἢ</strong></span> <span class='ocrx_word' id='word_1_48' title='bbox 3521 670 3619 729; x_wconf 77' lang='grc' dir='ltr'><strong>διὰ</strong></span> <span class='ocrx_word' id='word_1_49' title='bbox 3696 671 3895 751; x_wconf 55' lang='grc' dir='ltr'>φόϐον</span> 
     </span>
     <span class='ocr_line' id='line_1_8' title="bbox 2143 744 3683 769; baseline 0 0"><span class='ocrx_word' id='word_1_50' title='bbox 2143 767 2151 769; x_wconf 68' lang='lat'><strong><em>_</em></strong></span> <span class='ocrx_word' id='word_1_51' title='bbox 2190 744 2211 769; x_wconf 48' lang='grc' dir='ltr'><strong>λ</strong></span> <span class='ocrx_word' id='word_1_52' title='bbox 2238 747 2251 769; x_wconf 75' lang='grc' dir='ltr'><strong><em>Ι</em></strong></span> <span class='ocrx_word' id='word_1_53' title='bbox 2272 768 2279 769; x_wconf 34' lang='grc' dir='ltr'><em>κ</em></span> <span class='ocrx_word' id='word_1_54' title='bbox 2469 748 2483 769; x_wconf 61' lang='grc' dir='ltr'><strong>ν</strong></span> <span class='ocrx_word' id='word_1_55' title='bbox 2648 752 2661 769; x_wconf 88' lang='grc' dir='ltr'><strong><em>Ι</em></strong></span> <span class='ocrx_word' id='word_1_56' title='bbox 2936 754 2946 769; x_wconf 74' lang='grc'><strong>1</strong></span> <span class='ocrx_word' id='word_1_57' title='bbox 3183 756 3193 769; x_wconf 85' lang='lat' dir='ltr'><strong><em>l</em></strong></span> <span class='ocrx_word' id='word_1_58' title='bbox 3421 759 3447 769; x_wconf 62' lang='grc' dir='ltr'><strong>,ι</strong></span> <span class='ocrx_word' id='word_1_59' title='bbox 3529 758 3551 769; x_wconf 58' lang='grc' dir='ltr'><strong>α</strong></span> <span class='ocrx_word' id='word_1_60' title='bbox 3585 761 3602 769; x_wconf 61' lang='grc' dir='ltr'><strong>ρ</strong></span> <span class='ocrx_word' id='word_1_61' title='bbox 3663 762 3683 769; x_wconf 56' lang='grc' dir='ltr'><strong>ρ</strong></span> 
     </span>
    </p>
   </div>
   <div class='ocr_carea' id='block_1_8' title="bbox 395 744 2050 844">
    <p class='ocr_par' dir='ltr' id='par_1_8' title="bbox 395 744 2038 844">
     <span class='ocr_line' id='line_1_9' title="bbox 395 744 2038 844; baseline -0.012 -14"><span class='ocrx_word' id='word_1_62' title='bbox 395 772 512 830; x_wconf 84' lang='lat' dir='ltr'><strong>etc.</strong></span> <span class='ocrx_word' id='word_1_63' title='bbox 546 764 694 836; x_wconf 85' lang='lat' dir='ltr'><strong>Quia</strong></span> <span class='ocrx_word' id='word_1_64' title='bbox 722 763 1034 824; x_wconf 86' lang='lat' dir='ltr'><strong>infirmitas</strong></span> <span class='ocrx_word' id='word_1_65' title='bbox 1064 768 1264 822; x_wconf 82' lang='lat' dir='ltr'><strong>nostra</strong></span> <span class='ocrx_word' id='word_1_66' title='bbox 1295 744 1512 842; x_wconf 77' lang='lat' dir='ltr'><strong>duplex</strong></span> <span class='ocrx_word' id='word_1_67' title='bbox 1543 767 1654 830; x_wconf 89' lang='lat' dir='ltr'><strong>est,</strong></span> <span class='ocrx_word' id='word_1_68' title='bbox 1689 744 1747 821; x_wconf 77' lang='lat' dir='ltr'><strong>et</strong></span> <span class='ocrx_word' id='word_1_69' title='bbox 1774 764 1864 823; x_wconf 86' lang='lat' dir='ltr'><strong>vel</strong></span> <span class='ocrx_word' id='word_1_70' title='bbox 1898 744 2038 844; x_wconf 59' lang='lat' dir='ltr'><strong>pro;</strong></span> 
     </span>
    </p>
   </div>
   <div class='ocr_carea' id='block_1_9' title="bbox 2141 744 3889 844">
    <p class='ocr_par' dir='ltr' id='par_1_9' title="bbox 2141 744 3889 837">
     <span class='ocr_line' id='line_1_10' title="bbox 2141 744 3889 837; baseline 0.009 -37"><span class='ocrx_word' id='word_1_71' title='bbox 2141 744 2395 802; x_wconf 88' lang='grc' dir='ltr'>ιολάσεων</span> <span class='ocrx_word' id='word_1_72' title='bbox 2460 748 2833 829; x_wconf 82' lang='grc' dir='ltr'>ἀποφεύγομεν</span> <span class='ocrx_word' id='word_1_73' title='bbox 2887 754 2949 808; x_wconf 82' lang='grc' dir='ltr'><strong>τό</strong></span> <span class='ocrx_word' id='word_1_74' title='bbox 3023 744 3344 834; x_wconf 81' lang='grc' dir='ltr'>μαρτύριον,</span> <span class='ocrx_word' id='word_1_75' title='bbox 3414 759 3454 825; x_wconf 72' lang='grc' dir='ltr'><strong>ἢ</strong></span> <span class='ocrx_word' id='word_1_76' title='bbox 3523 758 3602 815; x_wconf 83' lang='grc' dir='ltr'><strong>δι’</strong></span> <span class='ocrx_word' id='word_1_77' title='bbox 3650 744 3889 837; x_wconf 48' lang='grc' dir='ltr'>ἀγροι-</span> 
     </span>
    </p>
   </div>
   <div class='ocr_carea' id='block_1_10' title="bbox 393 848 2039 937">
    <p class='ocr_par' dir='ltr' id='par_1_10' title="bbox 393 848 2039 937">
     <span class='ocr_line' id='line_1_11' title="bbox 393 848 2039 937; baseline -0.001 -22"><span class='ocrx_word' id='word_1_78' title='bbox 393 860 531 937; x_wconf 91' lang='lat' dir='ltr'><strong>pter</strong></span> <span class='ocrx_word' id='word_1_79' title='bbox 559 854 831 916; x_wconf 86' lang='lat' dir='ltr'><strong>timorem</strong></span> <span class='ocrx_word' id='word_1_80' title='bbox 884 868 1186 931; x_wconf 78' lang='lat' dir='ltr'><strong>pcenarum</strong></span> <span class='ocrx_word' id='word_1_81' title='bbox 1239 848 1495 928; x_wconf 76' lang='lat' dir='ltr'><strong>fugimus</strong></span> <span class='ocrx_word' id='word_1_82' title='bbox 1544 851 1914 931; x_wconf 75' lang='lat' dir='ltr'><strong>martyrium,</strong></span> <span class='ocrx_word' id='word_1_83' title='bbox 1951 854 2039 915; x_wconf 91' lang='lat' dir='ltr'><strong>vel</strong></span> 
     </span>
    </p>
   </div>
   <div class='ocr_carea' id='block_1_11' title="bbox 393 939 2042 1026">
    <p class='ocr_par' dir='ltr' id='par_1_11' title="bbox 393 939 2042 1026">
     <span class='ocr_line' id='line_1_12' title="bbox 393 939 2042 1026; baseline -0.001 -21"><span class='ocrx_word' id='word_1_84' title='bbox 393 950 640 1026; x_wconf 77' lang='lat' dir='ltr'><strong>propter</strong></span> <span class='ocrx_word' id='word_1_85' title='bbox 661 941 1119 1021; x_wconf 77' lang='lat' dir='ltr'><strong>simplicitatem,</strong></span> <span class='ocrx_word' id='word_1_86' title='bbox 1148 956 1218 1000; x_wconf 91' lang='lat' dir='ltr'><strong>eo</strong></span> <span class='ocrx_word' id='word_1_87' title='bbox 1243 939 1397 1019; x_wconf 90' lang='lat' dir='ltr'><strong>quod</strong></span> <span class='ocrx_word' id='word_1_88' title='bbox 1429 957 1546 1000; x_wconf 86' lang='lat' dir='ltr'><strong>non</strong></span> <span class='ocrx_word' id='word_1_89' title='bbox 1579 957 1896 1019; x_wconf 87' lang='lat' dir='ltr'><strong>possumus</strong></span> <span class='ocrx_word' id='word_1_90' title='bbox 1910 940 2042 1003; x_wconf 85' lang='lat' dir='ltr'><strong>red-</strong></span> 
     </span>
    </p>
   </div>
   <div class='ocr_carea' id='block_1_12' title="bbox 395 1027 2038 1107">
    <p class='ocr_par' dir='ltr' id='par_1_12' title="bbox 395 1027 2038 1107">
     <span class='ocr_line' id='line_1_13' title="bbox 395 1027 2038 1107; baseline -0.002 -11"><span class='ocrx_word' id='word_1_91' title='bbox 395 1033 542 1096; x_wconf 88' lang='lat' dir='ltr'><strong>dere</strong></span> <span class='ocrx_word' id='word_1_92' title='bbox 570 1030 859 1093; x_wconf 80' lang='lat' dir='ltr'><strong>rationem</strong></span> <span class='ocrx_word' id='word_1_93' title='bbox 894 1038 1112 1091; x_wconf 89' lang='lat' dir='ltr'><strong>nostrae</strong></span> <span class='ocrx_word' id='word_1_94' title='bbox 1143 1027 1277 1089; x_wconf 76' lang='lat' dir='ltr'><strong>fidei</strong></span> <span class='ocrx_word' id='word_1_95' title='bbox 1306 1045 1319 1090; x_wconf 90' lang='lat'><strong>:</strong></span> <span class='ocrx_word' id='word_1_96' title='bbox 1356 1028 1576 1090; x_wconf 84' lang='lat' dir='ltr'><strong>sanavit</strong></span> <span class='ocrx_word' id='word_1_97' title='bbox 1621 1027 1862 1107; x_wconf 87' lang='lat' dir='ltr'><strong>quidem</strong></span> <span class='ocrx_word' id='word_1_98' title='bbox 1905 1050 2038 1093; x_wconf 87' lang='lat' dir='ltr'><strong>me-</strong></span> 
     </span>
    </p>
   </div>
   <div class='ocr_carea' id='block_1_13' title="bbox 395 1115 2040 1201">
    <p class='ocr_par' dir='ltr' id='par_1_13' title="bbox 395 1115 2040 1201">
     <span class='ocr_line' id='line_1_14' title="bbox 395 1115 2040 1201; baseline -0.001 -17"><span class='ocrx_word' id='word_1_99' title='bbox 395 1128 521 1184; x_wconf 85' lang='lat' dir='ltr'><strong>tum</strong></span> <span class='ocrx_word' id='word_1_100' title='bbox 554 1120 656 1201; x_wconf 91' lang='lat' dir='ltr'><strong>qui</strong></span> <span class='ocrx_word' id='word_1_101' title='bbox 690 1137 759 1181; x_wconf 88' lang='lat' dir='ltr'><strong>ex</strong></span> <span class='ocrx_word' id='word_1_102' title='bbox 802 1119 1021 1199; x_wconf 70' lang='lat' dir='ltr'><strong>poenis,</strong></span> <span class='ocrx_word' id='word_1_103' title='bbox 1054 1116 1194 1198; x_wconf 89' lang='lat' dir='ltr'><strong>quia</strong></span> <span class='ocrx_word' id='word_1_104' title='bbox 1242 1116 1421 1180; x_wconf 79' lang='lat' dir='ltr'><strong>dixit:</strong></span> <span class='ocrx_word' id='word_1_105' title='bbox 1469 1115 1553 1179; x_wconf 88' lang='lat' dir='ltr'><strong>Ne</strong></span> <span class='ocrx_word' id='word_1_106' title='bbox 1591 1117 1845 1180; x_wconf 89' lang='lat' dir='ltr'><strong>timeatis</strong></span> <span class='ocrx_word' id='word_1_107' title='bbox 1876 1138 1978 1181; x_wconf 91' lang='lat' dir='ltr'><strong>eos</strong></span> <span class='ocrx_word' id='word_1_108' title='bbox 2007 1140 2040 1182; x_wconf 91' lang='lat' dir='ltr'><strong>a</strong></span> 
     </span>
    </p>
   </div>
   <div class='ocr_carea' id='block_1_14' title="bbox 396 1204 2043 1292">
    <p class='ocr_par' dir='ltr' id='par_1_14' title="bbox 396 1204 2043 1292">
     <span class='ocr_line' id='line_1_15' title="bbox 396 1204 2043 1292; baseline 0 -19"><span class='ocrx_word' id='word_1_109' title='bbox 396 1207 618 1292; x_wconf 81' lang='lat' dir='ltr'><strong>quibus</strong></span> <span class='ocrx_word' id='word_1_110' title='bbox 636 1207 928 1271; x_wconf 86' lang='lat' dir='ltr'><strong>occiditur</strong></span> <span class='ocrx_word' id='word_1_111' title='bbox 939 1204 1358 1288; x_wconf 90' lang='lat' dir='ltr'><strong>corpus.Sanat</strong></span> <span class='ocrx_word' id='word_1_112' title='bbox 1388 1224 1621 1288; x_wconf 83' lang='lat' dir='ltr'><strong>quoque</strong></span> <span class='ocrx_word' id='word_1_113' title='bbox 1642 1225 1802 1271; x_wconf 87' lang='lat' dir='ltr'><strong>nunc</strong></span> <span class='ocrx_word' id='word_1_114' title='bbox 1821 1220 2043 1273; x_wconf 88' lang='lat' dir='ltr'><strong>metum</strong></span> 
     </span>
    </p>
   </div>
   <div class='ocr_carea' id='block_1_15' title="bbox 398 1295 2049 1380">
    <p class='ocr_par' dir='ltr' id='par_1_15' title="bbox 398 1295 2049 1380">
     <span class='ocr_line' id='line_1_16' title="bbox 398 1295 2049 1380; baseline 0.001 -20"><span class='ocrx_word' id='word_1_115' title='bbox 398 1298 501 1379; x_wconf 90' lang='lat' dir='ltr'><strong>qui</strong></span> <span class='ocrx_word' id='word_1_116' title='bbox 520 1315 587 1358; x_wconf 84' lang='lat' dir='ltr'><strong>ex</strong></span> <span class='ocrx_word' id='word_1_117' title='bbox 609 1295 1026 1377; x_wconf 87' lang='lat' dir='ltr'><strong>simplicitate;</strong></span> <span class='ocrx_word' id='word_1_118' title='bbox 1061 1313 1194 1356; x_wconf 91' lang='lat' dir='ltr'><strong>nam</strong></span> <span class='ocrx_word' id='word_1_119' title='bbox 1227 1296 1509 1374; x_wconf 90' lang='lat' dir='ltr'><strong>quoniam</strong></span> <span class='ocrx_word' id='word_1_120' title='bbox 1542 1313 1657 1356; x_wconf 92' lang='lat' dir='ltr'><strong>non</strong></span> <span class='ocrx_word' id='word_1_121' title='bbox 1692 1297 1860 1358; x_wconf 89' lang='lat' dir='ltr'><strong>multi</strong></span> <span class='ocrx_word' id='word_1_122' title='bbox 1896 1305 2049 1380; x_wconf 83' lang='lat' dir='ltr'><strong>sapi-</strong></span> 
     </span>
    </p>
   </div>
   <div class='ocr_carea' id='block_1_16' title="bbox 398 1384 2045 1467">
    <p class='ocr_par' dir='ltr' id='par_1_16' title="bbox 398 1384 2045 1467">
     <span class='ocr_line' id='line_1_17' title="bbox 398 1384 2045 1467; baseline 0.001 -15"><span class='ocrx_word' id='word_1_123' title='bbox 398 1393 571 1452; x_wconf 84' lang='lat' dir='ltr'><strong>entes</strong></span> <span class='ocrx_word' id='word_1_124' title='bbox 618 1385 946 1449; x_wconf 90' lang='lat' dir='ltr'><strong>secundum</strong></span> <span class='ocrx_word' id='word_1_125' title='bbox 998 1402 1234 1447; x_wconf 85' lang='lat' dir='ltr'><strong>carnem</strong></span> <span class='ocrx_word' id='word_1_126' title='bbox 1269 1384 1671 1463; x_wconf 90' lang='lat' dir='ltr'><strong>crediderunt,</strong></span> <span class='ocrx_word' id='word_1_127' title='bbox 1705 1385 1808 1446; x_wconf 92' lang='lat' dir='ltr'><strong>sed</strong></span> <span class='ocrx_word' id='word_1_128' title='bbox 1843 1390 2045 1467; x_wconf 88' lang='lat' dir='ltr'><strong>plures</strong></span> 
     </span>
    </p>
   </div>
   <div class='ocr_carea' id='block_1_17' title="bbox 396 1472 2042 1558">
    <p class='ocr_par' dir='ltr' id='par_1_17' title="bbox 396 1472 2042 1558">
     <span class='ocr_line' id='line_1_18' title="bbox 396 1472 2042 1558; baseline -0.002 -19"><span class='ocrx_word' id='word_1_129' title='bbox 396 1473 536 1543; x_wconf 85' lang='lat' dir='ltr'><strong>laici</strong></span> <span class='ocrx_word' id='word_1_130' title='bbox 564 1495 579 1535; x_wconf 94' lang='lat'><strong>:</strong></span> <span class='ocrx_word' id='word_1_131' title='bbox 609 1473 695 1537; x_wconf 91' lang='lat' dir='ltr'><strong>Ne</strong></span> <span class='ocrx_word' id='word_1_132' title='bbox 726 1473 959 1549; x_wconf 87' lang='lat' dir='ltr'><strong>timeas,</strong></span> <span class='ocrx_word' id='word_1_133' title='bbox 994 1472 1205 1555; x_wconf 83' lang='lat' dir='ltr'><strong>inquit,</strong></span> <span class='ocrx_word' id='word_1_134' title='bbox 1237 1474 1335 1555; x_wconf 89' lang='lat' dir='ltr'><strong>qui</strong></span> <span class='ocrx_word' id='word_1_135' title='bbox 1367 1474 1617 1553; x_wconf 71' lang='lat' dir='ltr'><strong>simplex</strong></span> <span class='ocrx_word' id='word_1_136' title='bbox 1650 1492 1733 1547; x_wconf 79' lang='lat' dir='ltr'><strong>es,</strong></span> <span class='ocrx_word' id='word_1_137' title='bbox 1773 1484 1831 1537; x_wconf 92' lang='lat' dir='ltr'><strong>et</strong></span> <span class='ocrx_word' id='word_1_138' title='bbox 1860 1494 2042 1558; x_wconf 83' lang='lat' dir='ltr'><strong>agre-</strong></span> 
     </span>
    </p>
   </div>
   <div class='ocr_carea' id='block_1_18' title="bbox 398 1561 2044 1645">
    <p class='ocr_par' dir='ltr' id='par_1_18' title="bbox 398 1561 2044 1645">
     <span class='ocr_line' id='line_1_19' title="bbox 398 1561 2044 1645; baseline 0.002 -17"><span class='ocrx_word' id='word_1_139' title='bbox 398 1564 509 1628; x_wconf 87' lang='lat' dir='ltr'><strong>stis</strong></span> <span class='ocrx_word' id='word_1_140' title='bbox 540 1582 608 1626; x_wconf 88' lang='lat' dir='ltr'><strong>ac</strong></span> <span class='ocrx_word' id='word_1_141' title='bbox 658 1563 862 1645; x_wconf 87' lang='lat' dir='ltr'><strong>idiota,</strong></span> <span class='ocrx_word' id='word_1_142' title='bbox 907 1582 1098 1645; x_wconf 92' lang='lat' dir='ltr'><strong>neque</strong></span> <span class='ocrx_word' id='word_1_143' title='bbox 1143 1561 1425 1625; x_wconf 90' lang='lat' dir='ltr'><strong>sollicitus</strong></span> <span class='ocrx_word' id='word_1_144' title='bbox 1482 1564 1561 1625; x_wconf 91' lang='lat' dir='ltr'><strong>sis</strong></span> <span class='ocrx_word' id='word_1_145' title='bbox 1609 1564 1906 1644; x_wconf 90' lang='lat' dir='ltr'><strong>quomodo</strong></span> <span class='ocrx_word' id='word_1_146' title='bbox 1956 1570 2044 1631; x_wconf 91' lang='lat' dir='ltr'><strong>vel</strong></span> 
     </span>
    </p>
   </div>
   <div class='ocr_carea' id='block_1_19' title="bbox 398 1651 2040 1737">
    <p class='ocr_par' dir='ltr' id='par_1_19' title="bbox 398 1651 2040 1737">
     <span class='ocr_line' id='line_1_20' title="bbox 398 1651 2040 1737; baseline 0.004 -23"><span class='ocrx_word' id='word_1_147' title='bbox 398 1652 543 1737; x_wconf 91' lang='lat' dir='ltr'><strong>quid</strong></span> <span class='ocrx_word' id='word_1_148' title='bbox 567 1651 934 1734; x_wconf 89' lang='lat' dir='ltr'><strong>respondeas</strong></span> <span class='ocrx_word' id='word_1_149' title='bbox 954 1660 1228 1734; x_wconf 80' lang='lat' dir='ltr'><strong>tyranno,</strong></span> <span class='ocrx_word' id='word_1_150' title='bbox 1254 1669 1386 1715; x_wconf 89' lang='lat' dir='ltr'><strong>cum</strong></span> <span class='ocrx_word' id='word_1_151' title='bbox 1412 1651 1803 1732; x_wconf 84' lang='lat' dir='ltr'><strong>interrogatus</strong></span> <span class='ocrx_word' id='word_1_152' title='bbox 1833 1657 2040 1735; x_wconf 82' lang='lat' dir='ltr'><strong>fueris,</strong></span> 
     </span>
    </p>
   </div>
   <div class='ocr_carea' id='block_1_20' title="bbox 398 1741 2106 1829">
    <p class='ocr_par' dir='ltr' id='par_1_20' title="bbox 398 1741 2106 1829">
     <span class='ocr_line' id='line_1_21' title="bbox 398 1741 2106 1829; baseline 0.004 -25"><span class='ocrx_word' id='word_1_153' title='bbox 398 1743 498 1806; x_wconf 86' lang='lat' dir='ltr'><strong>vel</strong></span> <span class='ocrx_word' id='word_1_154' title='bbox 523 1742 662 1824; x_wconf 89' lang='lat' dir='ltr'><strong>quid</strong></span> <span class='ocrx_word' id='word_1_155' title='bbox 683 1742 848 1804; x_wconf 91' lang='lat' dir='ltr'><strong>dicas</strong></span> <span class='ocrx_word' id='word_1_156' title='bbox 874 1762 888 1802; x_wconf 90' lang='lat'><strong><em>:</em></strong></span> <span class='ocrx_word' id='word_1_157' title='bbox 920 1742 1075 1804; x_wconf 89' lang='lat' dir='ltr'><strong>alius</strong></span> <span class='ocrx_word' id='word_1_158' title='bbox 1099 1741 1496 1805; x_wconf 89' lang='lat' dir='ltr'><strong>concionandi</strong></span> <span class='ocrx_word' id='word_1_159' title='bbox 1521 1742 1735 1805; x_wconf 86' lang='lat' dir='ltr'><strong>modus</strong></span> <span class='ocrx_word' id='word_1_160' title='bbox 1756 1744 1892 1809; x_wconf 90' lang='lat' dir='ltr'><strong>erit.</strong></span> <span class='ocrx_word' id='word_1_161' title='bbox 1916 1749 2046 1829; x_wconf 88' lang='lat' dir='ltr'><strong>Spi-</strong></span> <span class='ocrx_word' id='word_1_162' title='bbox 2069 1778 2106 1828; x_wconf 70' lang='grc' dir='ltr'><strong><em>Β</em></strong></span> 
     </span>
    </p>
   </div>
   <div class='ocr_carea' id='block_1_21' title="bbox 396 1830 2047 1916">
    <p class='ocr_par' dir='ltr' id='par_1_21' title="bbox 396 1830 2047 1916">
     <span class='ocr_line' id='line_1_22' title="bbox 396 1830 2047 1916; baseline 0.002 -20"><span class='ocrx_word' id='word_1_163' title='bbox 396 1832 547 1896; x_wconf 87' lang='lat' dir='ltr'><strong>ritus</strong></span> <span class='ocrx_word' id='word_1_164' title='bbox 576 1831 730 1893; x_wconf 89' lang='lat' dir='ltr'><strong>enim</strong></span> <span class='ocrx_word' id='word_1_165' title='bbox 763 1840 1000 1893; x_wconf 87' lang='lat' dir='ltr'><strong>sanctus</strong></span> <span class='ocrx_word' id='word_1_166' title='bbox 1051 1830 1287 1894; x_wconf 78' lang='lat' dir='ltr'><strong>docebit</strong></span> <span class='ocrx_word' id='word_1_167' title='bbox 1333 1850 1435 1893; x_wconf 91' lang='lat' dir='ltr'><strong>vos</strong></span> <span class='ocrx_word' id='word_1_168' title='bbox 1487 1831 1548 1893; x_wconf 90' lang='lat' dir='ltr'><strong>in</strong></span> <span class='ocrx_word' id='word_1_169' title='bbox 1598 1830 1697 1893; x_wconf 90' lang='lat' dir='ltr'><strong>illa</strong></span> <span class='ocrx_word' id='word_1_170' title='bbox 1729 1833 1876 1895; x_wconf 87' lang='lat' dir='ltr'><strong>hora</strong></span> <span class='ocrx_word' id='word_1_171' title='bbox 1914 1854 2047 1916; x_wconf 72' lang='lat' dir='ltr'><strong>quae</strong></span> 
     </span>
    </p>
   </div>
   <div class='ocr_carea' id='block_1_22' title="bbox 397 1919 2044 2006">
    <p class='ocr_par' dir='ltr' id='par_1_22' title="bbox 397 1919 2044 2006">
     <span class='ocr_line' id='line_1_23' title="bbox 397 1919 2044 2006; baseline 0.001 -21"><span class='ocrx_word' id='word_1_172' title='bbox 397 1919 540 1985; x_wconf 72' lang='lat'><strong>569</strong></span> <span class='ocrx_word' id='word_1_173' title='bbox 566 1919 728 2002; x_wconf 92' lang='lat' dir='ltr'><strong>loqui</strong></span> <span class='ocrx_word' id='word_1_174' title='bbox 773 1929 1089 2001; x_wconf 88' lang='lat' dir='ltr'><strong>oporteat:</strong></span> <span class='ocrx_word' id='word_1_175' title='bbox 1137 1928 1313 2003; x_wconf 90' lang='lat' dir='ltr'><strong>atque</strong></span> <span class='ocrx_word' id='word_1_176' title='bbox 1353 1922 1430 1984; x_wconf 89' lang='lat' dir='ltr'><strong>ita</strong></span> <span class='ocrx_word' id='word_1_177' title='bbox 1478 1921 1617 2003; x_wconf 91' lang='lat' dir='ltr'><strong>quid</strong></span> <span class='ocrx_word' id='word_1_178' title='bbox 1666 1921 1843 1985; x_wconf 90' lang='lat' dir='ltr'><strong>fuerit</strong></span> <span class='ocrx_word' id='word_1_179' title='bbox 1895 1944 2044 2006; x_wconf 90' lang='lat' dir='ltr'><strong>opus</strong></span> 
     </span>
    </p>
   </div>
   <div class='ocr_carea' id='block_1_23' title="bbox 398 2009 2048 2094">
    <p class='ocr_par' dir='ltr' id='par_1_23' title="bbox 398 2009 2048 2094">
     <span class='ocr_line' id='line_1_24' title="bbox 398 2009 2048 2094; baseline 0.001 -19"><span class='ocrx_word' id='word_1_180' title='bbox 398 2009 823 2086; x_wconf 86' lang='lat' dir='ltr'><strong>sollicitudine,</strong></span> <span class='ocrx_word' id='word_1_181' title='bbox 855 2010 906 2073; x_wconf 91' lang='lat' dir='ltr'><strong>si</strong></span> <span class='ocrx_word' id='word_1_182' title='bbox 938 2010 1176 2092; x_wconf 89' lang='lat' dir='ltr'><strong>quidem</strong></span> <span class='ocrx_word' id='word_1_183' title='bbox 1206 2012 1263 2073; x_wconf 90' lang='lat' dir='ltr'><strong>in</strong></span> <span class='ocrx_word' id='word_1_184' title='bbox 1290 2011 1389 2073; x_wconf 90' lang='lat' dir='ltr'><strong>illa</strong></span> <span class='ocrx_word' id='word_1_185' title='bbox 1411 2010 1561 2072; x_wconf 87' lang='lat' dir='ltr'><strong>hora</strong></span> <span class='ocrx_word' id='word_1_186' title='bbox 1590 2030 1625 2073; x_wconf 89' lang='lat' dir='ltr'><strong>a</strong></span> <span class='ocrx_word' id='word_1_187' title='bbox 1655 2011 1878 2094; x_wconf 88' lang='lat' dir='ltr'><strong>Spiritu</strong></span> <span class='ocrx_word' id='word_1_188' title='bbox 1909 2033 2048 2077; x_wconf 89' lang='lat' dir='ltr'><strong>san-</strong></span> 
     </span>
    </p>
   </div>
   <div class='ocr_carea' id='block_1_24' title="bbox 400 2098 2049 2183">
    <p class='ocr_par' dir='ltr' id='par_1_24' title="bbox 400 2098 2049 2183">
     <span class='ocr_line' id='line_1_25' title="bbox 400 2098 2049 2183; baseline 0.002 -20"><span class='ocrx_word' id='word_1_189' title='bbox 400 2107 495 2163; x_wconf 91' lang='lat' dir='ltr'><strong>cto</strong></span> <span class='ocrx_word' id='word_1_190' title='bbox 526 2098 833 2161; x_wconf 89' lang='lat' dir='ltr'><strong>docendus</strong></span> <span class='ocrx_word' id='word_1_191' title='bbox 867 2099 1031 2162; x_wconf 82' lang='lat' dir='ltr'><strong>eris?</strong></span> <span class='ocrx_word' id='word_1_192' title='bbox 1060 2100 1157 2163; x_wconf 92' lang='lat' dir='ltr'><strong>Sic</strong></span> <span class='ocrx_word' id='word_1_193' title='bbox 1205 2100 1384 2180; x_wconf 80' lang='lat' dir='ltr'><strong>igitur</strong></span> <span class='ocrx_word' id='word_1_194' title='bbox 1420 2111 1674 2183; x_wconf 91' lang='lat' dir='ltr'><strong>utroque</strong></span> <span class='ocrx_word' id='word_1_195' title='bbox 1723 2103 1898 2166; x_wconf 90' lang='lat' dir='ltr'><strong>modo</strong></span> <span class='ocrx_word' id='word_1_196' title='bbox 1941 2124 2049 2167; x_wconf 91' lang='lat' dir='ltr'><strong>nos</strong></span> 
     </span>
    </p>
   </div>
   <div class='ocr_carea' id='block_1_25' title="bbox 400 2188 2047 2274">
    <p class='ocr_par' dir='ltr' id='par_1_25' title="bbox 400 2188 2047 2274">
     <span class='ocr_line' id='line_1_26' title="bbox 400 2188 2047 2274; baseline 0.004 -23"><span class='ocrx_word' id='word_1_197' title='bbox 400 2188 478 2251; x_wconf 88' lang='lat' dir='ltr'><strong>ad</strong></span> <span class='ocrx_word' id='word_1_198' title='bbox 512 2189 853 2268; x_wconf 80' lang='lat' dir='ltr'><strong>martyrium</strong></span> <span class='ocrx_word' id='word_1_199' title='bbox 896 2188 1132 2250; x_wconf 89' lang='lat' dir='ltr'><strong>instruit</strong></span> <span class='ocrx_word' id='word_1_200' title='bbox 1170 2208 1184 2252; x_wconf 89' lang='lat'><strong>:</strong></span> <span class='ocrx_word' id='word_1_201' title='bbox 1238 2199 1407 2252; x_wconf 89' lang='lat' dir='ltr'><strong>sanat</strong></span> <span class='ocrx_word' id='word_1_202' title='bbox 1446 2197 1666 2252; x_wconf 89' lang='lat' dir='ltr'><strong>metum</strong></span> <span class='ocrx_word' id='word_1_203' title='bbox 1698 2192 1797 2274; x_wconf 91' lang='lat' dir='ltr'><strong>qui</strong></span> <span class='ocrx_word' id='word_1_204' title='bbox 1843 2202 1933 2255; x_wconf 89' lang='lat' dir='ltr'><strong>est</strong></span> <span class='ocrx_word' id='word_1_205' title='bbox 1976 2214 2047 2258; x_wconf 87' lang='lat' dir='ltr'><strong>ex</strong></span> 
     </span>
    </p>
   </div>
   <div class='ocr_carea' id='block_1_26' title="bbox 404 2276 1836 2360">
    <p class='ocr_par' dir='ltr' id='par_1_26' title="bbox 404 2276 1836 2360">
     <span class='ocr_line' id='line_1_27' title="bbox 404 2276 1836 2360; baseline 0.005 -21"><span class='ocrx_word' id='word_1_206' title='bbox 404 2276 703 2356; x_wconf 88' lang='lat' dir='ltr'><strong>corporali</strong></span> <span class='ocrx_word' id='word_1_207' title='bbox 731 2277 1094 2354; x_wconf 83' lang='lat' dir='ltr'><strong>inﬁrmitate,</strong></span> <span class='ocrx_word' id='word_1_208' title='bbox 1125 2286 1181 2340; x_wconf 92' lang='lat' dir='ltr'><strong>et</strong></span> <span class='ocrx_word' id='word_1_209' title='bbox 1210 2279 1311 2359; x_wconf 92' lang='lat' dir='ltr'><strong>qui</strong></span> <span class='ocrx_word' id='word_1_210' title='bbox 1342 2298 1410 2341; x_wconf 83' lang='lat' dir='ltr'><strong>ex</strong></span> <span class='ocrx_word' id='word_1_211' title='bbox 1444 2280 1836 2360; x_wconf 89' lang='lat' dir='ltr'><strong>simplicitate.</strong></span> 
     </span>
    </p>
   </div>
   <div class='ocr_carea' id='block_1_27' title="bbox 486 2364 2042 2449">
    <p class='ocr_par' dir='ltr' id='par_1_27' title="bbox 486 2364 2042 2449">
     <span class='ocr_line' id='line_1_28' title="bbox 486 2364 2042 2449; baseline 0.008 -27"><span class='ocrx_word' id='word_1_212' title='bbox 486 2366 670 2427; x_wconf 72' lang='lat' dir='ltr'><strong>Vens.</strong></span> <span class='ocrx_word' id='word_1_213' title='bbox 701 2364 901 2430; x_wconf 86' lang='grc'><strong>13-15.</strong></span> <span class='ocrx_word' id='word_1_214' title='bbox 939 2392 964 2421; x_wconf 77' lang='grc' dir='ltr'><strong>α</strong></span> <span class='ocrx_word' id='word_1_215' title='bbox 997 2367 1095 2428; x_wconf 91' lang='lat' dir='ltr'><strong>Ait</strong></span> <span class='ocrx_word' id='word_1_216' title='bbox 1120 2376 1315 2429; x_wconf 88' lang='lat' dir='ltr'><strong>autem</strong></span> <span class='ocrx_word' id='word_1_217' title='bbox 1349 2368 1405 2431; x_wconf 92' lang='lat' dir='ltr'><strong>ei</strong></span> <span class='ocrx_word' id='word_1_218' title='bbox 1446 2369 1683 2449; x_wconf 90' lang='lat' dir='ltr'><strong>quidam</strong></span> <span class='ocrx_word' id='word_1_219' title='bbox 1715 2372 1789 2435; x_wconf 93' lang='lat' dir='ltr'><strong>de</strong></span> <span class='ocrx_word' id='word_1_220' title='bbox 1830 2372 1997 2435; x_wconf 90' lang='lat' dir='ltr'><strong>turba</strong></span> <span class='ocrx_word' id='word_1_221' title='bbox 2030 2394 2042 2434; x_wconf 93' lang='lat'><strong>:</strong></span> 
     </span>
    </p>
   </div>
   <div class='ocr_carea' id='block_1_28' title="bbox 404 2452 2047 2534">
    <p class='ocr_par' dir='ltr' id='par_1_28' title="bbox 404 2452 2047 2534">
     <span class='ocr_line' id='line_1_29' title="bbox 404 2452 2047 2534; baseline 0.003 -14"><span class='ocrx_word' id='word_1_222' title='bbox 404 2452 711 2534; x_wconf 85' lang='lat' dir='ltr'><strong>Magister,</strong></span> <span class='ocrx_word' id='word_1_223' title='bbox 754 2454 852 2518; x_wconf 91' lang='lat' dir='ltr'><strong>die</strong></span> <span class='ocrx_word' id='word_1_224' title='bbox 881 2454 1044 2518; x_wconf 77' lang='lat' dir='ltr'><strong>fratri</strong></span> <span class='ocrx_word' id='word_1_225' title='bbox 1076 2474 1211 2518; x_wconf 89' lang='lat' dir='ltr'><strong>meo</strong></span> <span class='ocrx_word' id='word_1_226' title='bbox 1243 2465 1305 2518; x_wconf 90' lang='lat' dir='ltr'><strong>ut</strong></span> <span class='ocrx_word' id='word_1_227' title='bbox 1333 2456 1555 2519; x_wconf 86' lang='lat' dir='ltr'><strong>dividat</strong></span> <span class='ocrx_word' id='word_1_228' title='bbox 1584 2477 1817 2523; x_wconf 91' lang='lat' dir='ltr'><strong>mecum</strong></span> <span class='ocrx_word' id='word_1_229' title='bbox 1853 2463 2047 2525; x_wconf 58' lang='lat' dir='ltr'><strong>bare-</strong></span> 
     </span>
    </p>
   </div>
   <div class='ocr_carea' id='block_1_29' title="bbox 406 2544 2051 2628">
    <p class='ocr_par' dir='ltr' id='par_1_29' title="bbox 406 2544 2051 2628">
     <span class='ocr_line' id='line_1_30' title="bbox 406 2544 2051 2628; baseline 0.004 -20"><span class='ocrx_word' id='word_1_230' title='bbox 406 2544 675 2617; x_wconf 79' lang='lat' dir='ltr'><strong>ditatem.</strong></span> <span class='ocrx_word' id='word_1_231' title='bbox 710 2544 783 2608; x_wconf 87' lang='lat' dir='ltr'><strong>At</strong></span> <span class='ocrx_word' id='word_1_232' title='bbox 814 2545 914 2610; x_wconf 90' lang='lat' dir='ltr'><strong>ille</strong></span> <span class='ocrx_word' id='word_1_233' title='bbox 932 2544 1077 2607; x_wconf 81' lang='lat' dir='ltr'><strong>dixit</strong></span> <span class='ocrx_word' id='word_1_234' title='bbox 1109 2546 1201 2609; x_wconf 91' lang='lat' dir='ltr'><strong>ei:</strong></span> <span class='ocrx_word' id='word_1_235' title='bbox 1236 2545 1451 2627; x_wconf 88' lang='lat' dir='ltr'><strong>Homo,</strong></span> <span class='ocrx_word' id='word_1_236' title='bbox 1482 2546 1612 2628; x_wconf 88' lang='lat' dir='ltr'><strong>quis</strong></span> <span class='ocrx_word' id='word_1_237' title='bbox 1637 2568 1729 2610; x_wconf 90' lang='lat' dir='ltr'><strong>me</strong></span> <span class='ocrx_word' id='word_1_238' title='bbox 1752 2552 2051 2614; x_wconf 79' lang='lat' dir='ltr'><strong>constituit</strong></span> 
     </span>
    </p>
   </div>
   <div class='ocr_carea' id='block_1_30' title="bbox 399 2634 2053 2721">
    <p class='ocr_par' dir='ltr' id='par_1_30' title="bbox 399 2634 2053 2721">
     <span class='ocr_line' id='line_1_31' title="bbox 399 2634 2053 2721; baseline 0.005 -26"><span class='ocrx_word' id='word_1_239' title='bbox 399 2634 667 2716; x_wconf 89' lang='lat' dir='ltr'><strong>judicem</strong></span> <span class='ocrx_word' id='word_1_240' title='bbox 720 2641 822 2697; x_wconf 91' lang='lat' dir='ltr'><strong>aut</strong></span> <span class='ocrx_word' id='word_1_241' title='bbox 874 2635 1193 2698; x_wconf 91' lang='lat' dir='ltr'><strong>divisorem</strong></span> <span class='ocrx_word' id='word_1_242' title='bbox 1255 2654 1438 2717; x_wconf 90' lang='lat' dir='ltr'><strong>super</strong></span> <span class='ocrx_word' id='word_1_243' title='bbox 1476 2636 1623 2697; x_wconf 86' lang='lat' dir='ltr'><strong>vos?</strong></span> <span class='ocrx_word' id='word_1_244' title='bbox 1674 2638 1947 2721; x_wconf 76' lang='lat' dir='ltr'><strong>Dixitque</strong></span> <span class='ocrx_word' id='word_1_245' title='bbox 1978 2642 2053 2704; x_wconf 91' lang='lat' dir='ltr'><strong>ad</strong></span> 
     </span>
    </p>
   </div>
   <div class='ocr_carea' id='block_1_31' title="bbox 405 2722 2051 2807">
    <p class='ocr_par' dir='ltr' id='par_1_31' title="bbox 405 2722 2051 2807">
     <span class='ocr_line' id='line_1_32' title="bbox 405 2722 2051 2807; baseline 0.005 -22"><span class='ocrx_word' id='word_1_246' title='bbox 405 2722 585 2787; x_wconf 83' lang='lat' dir='ltr'><strong>illos:</strong></span> <span class='ocrx_word' id='word_1_247' title='bbox 624 2724 837 2787; x_wconf 85' lang='lat' dir='ltr'><strong>Videte</strong></span> <span class='ocrx_word' id='word_1_248' title='bbox 869 2730 931 2788; x_wconf 89' lang='lat' dir='ltr'><strong>et</strong></span> <span class='ocrx_word' id='word_1_249' title='bbox 962 2735 1163 2786; x_wconf 87' lang='lat' dir='ltr'><strong>cavete</strong></span> <span class='ocrx_word' id='word_1_250' title='bbox 1216 2723 1290 2786; x_wconf 90' lang='lat' dir='ltr'><strong>ab</strong></span> <span class='ocrx_word' id='word_1_251' title='bbox 1336 2725 1596 2807; x_wconf 89' lang='lat' dir='ltr'><strong>avaritia,</strong></span> <span class='ocrx_word' id='word_1_252' title='bbox 1649 2728 1784 2807; x_wconf 87' lang='lat' dir='ltr'><strong>quia</strong></span> <span class='ocrx_word' id='word_1_253' title='bbox 1833 2749 1948 2791; x_wconf 91' lang='lat' dir='ltr'><strong>non</strong></span> <span class='ocrx_word' id='word_1_254' title='bbox 1995 2733 2051 2793; x_wconf 90' lang='lat' dir='ltr'><strong>in</strong></span> 
     </span>
    </p>
   </div>
   <div class='ocr_carea' id='block_1_32' title="bbox 402 2812 2052 2901">
    <p class='ocr_par' dir='ltr' id='par_1_32' title="bbox 402 2812 2052 2901">
     <span class='ocr_line' id='line_1_33' title="bbox 402 2812 2052 2901; baseline 0.004 -24"><span class='ocrx_word' id='word_1_255' title='bbox 402 2812 725 2878; x_wconf 86' lang='lat' dir='ltr'><strong>abundatia</strong></span> <span class='ocrx_word' id='word_1_256' title='bbox 747 2816 1093 2897; x_wconf 86' lang='lat' dir='ltr'><strong>cujusquam</strong></span> <span class='ocrx_word' id='word_1_257' title='bbox 1129 2816 1241 2877; x_wconf 89' lang='lat' dir='ltr'><strong>vita</strong></span> <span class='ocrx_word' id='word_1_258' title='bbox 1271 2816 1401 2896; x_wconf 85' lang='lat' dir='ltr'><strong>ejus</strong></span> <span class='ocrx_word' id='word_1_259' title='bbox 1434 2824 1521 2879; x_wconf 90' lang='lat' dir='ltr'><strong>est</strong></span> <span class='ocrx_word' id='word_1_260' title='bbox 1547 2835 1613 2878; x_wconf 83' lang='lat' dir='ltr'><strong>ex</strong></span> <span class='ocrx_word' id='word_1_261' title='bbox 1651 2816 1725 2880; x_wconf 92' lang='lat' dir='ltr'><strong>iis</strong></span> <span class='ocrx_word' id='word_1_262' title='bbox 1754 2838 1881 2900; x_wconf 77' lang='lat' dir='ltr'><strong>quae</strong></span> <span class='ocrx_word' id='word_1_263' title='bbox 1913 2840 2052 2901; x_wconf 91' lang='lat' dir='ltr'><strong>pos-</strong></span> 
     </span>
    </p>
   </div>
   <div class='ocr_carea' id='block_1_33' title="bbox 403 2901 2056 2990">
    <p class='ocr_par' dir='ltr' id='par_1_33' title="bbox 403 2901 2056 2990">
     <span class='ocr_line' id='line_1_34' title="bbox 403 2901 2056 2990; baseline 0.004 -25"><span class='ocrx_word' id='word_1_264' title='bbox 403 2901 581 2966; x_wconf 88' lang='lat' dir='ltr'><strong>sidet.</strong></span> <span class='ocrx_word' id='word_1_265' title='bbox 614 2924 644 2964; x_wconf 74' lang='grc' dir='ltr'><strong>ι</strong></span> <span class='ocrx_word' id='word_1_266' title='bbox 680 2906 918 2968; x_wconf 81' lang='lat' dir='ltr'><strong>Docens</strong></span> <span class='ocrx_word' id='word_1_267' title='bbox 961 2923 1069 2966; x_wconf 89' lang='lat' dir='ltr'><strong>nos</strong></span> <span class='ocrx_word' id='word_1_268' title='bbox 1108 2904 1397 2969; x_wconf 87' lang='lat' dir='ltr'><strong>Dominus</strong></span> <span class='ocrx_word' id='word_1_269' title='bbox 1441 2906 1737 2987; x_wconf 90' lang='lat' dir='ltr'><strong>quomodo</strong></span> <span class='ocrx_word' id='word_1_270' title='bbox 1786 2919 2056 2990; x_wconf 82' lang='lat' dir='ltr'><strong>oporteat</strong></span> 
     </span>
    </p>
   </div>
   <div class='ocr_carea' id='block_1_34' title="bbox 404 2995 2055 3078">
    <p class='ocr_par' dir='ltr' id='par_1_34' title="bbox 404 2995 2055 3078">
     <span class='ocr_line' id='line_1_35' title="bbox 404 2995 2055 3078; baseline 0.004 -21"><span class='ocrx_word' id='word_1_271' title='bbox 404 3000 792 3058; x_wconf 87' lang='lat' dir='ltr'><strong>contemnere</strong></span> <span class='ocrx_word' id='word_1_272' title='bbox 823 2995 1196 3076; x_wconf 86' lang='lat' dir='ltr'><strong>temporalia,</strong></span> <span class='ocrx_word' id='word_1_273' title='bbox 1225 3003 1286 3059; x_wconf 93' lang='lat' dir='ltr'><strong>et</strong></span> <span class='ocrx_word' id='word_1_274' title='bbox 1315 2996 1470 3076; x_wconf 90' lang='lat' dir='ltr'><strong>quod</strong></span> <span class='ocrx_word' id='word_1_275' title='bbox 1498 3014 1615 3057; x_wconf 92' lang='lat' dir='ltr'><strong>non</strong></span> <span class='ocrx_word' id='word_1_276' title='bbox 1638 3016 1787 3078; x_wconf 91' lang='lat' dir='ltr'><strong>opus</strong></span> <span class='ocrx_word' id='word_1_277' title='bbox 1808 2999 1883 3060; x_wconf 91' lang='lat' dir='ltr'><strong>sit</strong></span> <span class='ocrx_word' id='word_1_278' title='bbox 1907 3001 2055 3063; x_wconf 88' lang='lat' dir='ltr'><strong>mul-</strong></span> 
     </span>
    </p>
   </div>
   <div class='ocr_carea' id='block_1_35' title="bbox 404 3083 2051 3170">
    <p class='ocr_par' dir='ltr' id='par_1_35' title="bbox 404 3083 2051 3170">
     <span class='ocr_line' id='line_1_36' title="bbox 404 3083 2051 3170; baseline 0.004 -26"><span class='ocrx_word' id='word_1_279' title='bbox 404 3090 530 3145; x_wconf 88' lang='lat' dir='ltr'><strong>tum</strong></span> <span class='ocrx_word' id='word_1_280' title='bbox 563 3084 838 3166; x_wconf 90' lang='lat' dir='ltr'><strong>occupari</strong></span> <span class='ocrx_word' id='word_1_281' title='bbox 879 3084 938 3145; x_wconf 91' lang='lat' dir='ltr'><strong>in</strong></span> <span class='ocrx_word' id='word_1_282' title='bbox 972 3083 1251 3159; x_wconf 88' lang='lat' dir='ltr'><strong>terrenis,</strong></span> <span class='ocrx_word' id='word_1_283' title='bbox 1302 3083 1544 3145; x_wconf 82' lang='lat' dir='ltr'><strong>dimittit</strong></span> <span class='ocrx_word' id='word_1_284' title='bbox 1591 3104 1626 3147; x_wconf 89' lang='lat' dir='ltr'><strong>a</strong></span> <span class='ocrx_word' id='word_1_285' title='bbox 1666 3105 1729 3149; x_wconf 89' lang='lat' dir='ltr'><strong>se</strong></span> <span class='ocrx_word' id='word_1_286' title='bbox 1773 3106 1909 3150; x_wconf 91' lang='lat' dir='ltr'><strong>eum</strong></span> <span class='ocrx_word' id='word_1_287' title='bbox 1955 3091 2051 3170; x_wconf 90' lang='lat' dir='ltr'><strong>qui</strong></span> 
     </span>
    </p>
   </div>
   <div class='ocr_carea' id='block_1_36' title="bbox 402 3173 2050 3260">
    <p class='ocr_par' dir='ltr' id='par_1_36' title="bbox 402 3173 2050 3260">
     <span class='ocr_line' id='line_1_37' title="bbox 402 3173 2050 3260; baseline 0.005 -27"><span class='ocrx_word' id='word_1_288' title='bbox 402 3182 713 3235; x_wconf 88' lang='lat' dir='ltr'><strong>vocaverat</strong></span> <span class='ocrx_word' id='word_1_289' title='bbox 743 3192 806 3235; x_wconf 91' lang='lat' dir='ltr'><strong>se</strong></span> <span class='ocrx_word' id='word_1_290' title='bbox 833 3181 897 3235; x_wconf 91' lang='lat' dir='ltr'><strong>ut</strong></span> <span class='ocrx_word' id='word_1_291' title='bbox 926 3173 1249 3251; x_wconf 86' lang='lat' dir='ltr'><strong>partiretur</strong></span> <span class='ocrx_word' id='word_1_292' title='bbox 1272 3174 1675 3237; x_wconf 80' lang='lat' dir='ltr'><strong>haereditatem</strong></span> <span class='ocrx_word' id='word_1_293' title='bbox 1708 3185 2009 3257; x_wconf 87' lang='lat' dir='ltr'><strong>paternam</strong></span> <span class='ocrx_word' id='word_1_294' title='bbox 2036 3201 2050 3260; x_wconf 88' lang='lat'><strong>;</strong></span> 
     </span>
    </p>
   </div>
   <div class='ocr_carea' id='block_1_37' title="bbox 2123 835 3886 924">
    <p class='ocr_par' dir='ltr' id='par_1_37' title="bbox 2123 835 3886 924">
     <span class='ocr_line' id='line_1_38' title="bbox 2123 835 3886 924; baseline 0.008 -35"><span class='ocrx_word' id='word_1_295' title='bbox 2123 835 2262 924; x_wconf 82' lang='grc' dir='ltr'>κίαν,</span> <span class='ocrx_word' id='word_1_296' title='bbox 2322 837 2409 892; x_wconf 86' lang='grc' dir='ltr'><strong>καὶ</strong></span> <span class='ocrx_word' id='word_1_297' title='bbox 2461 838 2523 893; x_wconf 84' lang='grc' dir='ltr'><strong>τὸ</strong></span> <span class='ocrx_word' id='word_1_298' title='bbox 2568 840 2646 912; x_wconf 78' lang='grc' dir='ltr'><strong>μὴ</strong></span> <span class='ocrx_word' id='word_1_299' title='bbox 2688 837 2933 897; x_wconf 85' lang='grc' dir='ltr'>δύνασθαι</span> <span class='ocrx_word' id='word_1_300' title='bbox 2986 840 3165 899; x_wconf 82' lang='grc' dir='ltr'>δοῦναι</span> <span class='ocrx_word' id='word_1_301' title='bbox 3201 843 3374 922; x_wconf 81' lang='grc' dir='ltr'>λόγον</span> <span class='ocrx_word' id='word_1_302' title='bbox 3422 854 3539 915; x_wconf 79' lang='grc' dir='ltr'>τῆς</span> <span class='ocrx_word' id='word_1_303' title='bbox 3590 849 3651 905; x_wconf 80' lang='grc' dir='ltr'>ὲν</span> <span class='ocrx_word' id='word_1_304' title='bbox 3720 835 3886 924; x_wconf 49' lang='lat' dir='ltr'><strong>iqva</strong></span> 
     </span>
    </p>
   </div>
   <div class='ocr_carea' id='block_1_38' title="bbox 2125 922 3883 1017">
    <p class='ocr_par' dir='ltr' id='par_1_38' title="bbox 2125 922 3883 1017">
     <span class='ocr_line' id='line_1_39' title="bbox 2125 922 3883 1017; baseline 0.009 -40"><span class='ocrx_word' id='word_1_305' title='bbox 2125 922 2349 986; x_wconf 85' lang='grc' dir='ltr'>πίστεως</span> <span class='ocrx_word' id='word_1_306' title='bbox 2384 946 2398 960; x_wconf 81' lang='lat'><strong><em>°</em></strong></span> <span class='ocrx_word' id='word_1_307' title='bbox 2457 925 2643 983; x_wconf 81' lang='grc' dir='ltr'><strong>ἰάσατο</strong></span> <span class='ocrx_word' id='word_1_308' title='bbox 2688 928 2785 1003; x_wconf 79' lang='grc' dir='ltr'>μὲν</span> <span class='ocrx_word' id='word_1_309' title='bbox 2829 930 2923 985; x_wconf 84' lang='grc' dir='ltr'><strong>τὸν</strong></span> <span class='ocrx_word' id='word_1_310' title='bbox 2968 928 3056 986; x_wconf 70' lang='grc' dir='ltr'><strong>ἐπὶ</strong></span> <span class='ocrx_word' id='word_1_311' title='bbox 3121 946 3248 995; x_wconf 83' lang='grc' dir='ltr'>ταῖς</span> <span class='ocrx_word' id='word_1_312' title='bbox 3311 933 3597 993; x_wconf 74' lang='grc' dir='ltr'><strong>κολάσεσι</strong></span> <span class='ocrx_word' id='word_1_313' title='bbox 3676 922 3883 1017; x_wconf 62' lang='grc' dir='ltr'>φόϐον</span> 
     </span>
    </p>
   </div>
   <div class='ocr_carea' id='block_1_39' title="bbox 2116 1010 3881 1097">
    <p class='ocr_par' dir='ltr' id='par_1_39' title="bbox 2116 1010 3881 1097">
     <span class='ocr_line' id='line_1_40' title="bbox 2116 1010 3881 1097; baseline 0.01 -32"><span class='ocrx_word' id='word_1_314' title='bbox 2116 1010 2206 1067; x_wconf 71' lang='grc' dir='ltr'>’διὰ</span> <span class='ocrx_word' id='word_1_315' title='bbox 2262 1020 2355 1069; x_wconf 78' lang='grc' dir='ltr'>τοῦ</span> <span class='ocrx_word' id='word_1_316' title='bbox 2411 1015 2606 1088; x_wconf 78' lang='grc' dir='ltr'>εἰπεῖν,</span> <span class='ocrx_word' id='word_1_317' title='bbox 2672 1016 2758 1084; x_wconf 78' lang='grc' dir='ltr'><strong>Μὴ</strong></span> <span class='ocrx_word' id='word_1_318' title='bbox 2816 1016 3090 1097; x_wconf 76' lang='grc' dir='ltr'>φοϐηθῆτε</span> <span class='ocrx_word' id='word_1_319' title='bbox 3150 1020 3260 1077; x_wconf 78' lang='grc' dir='ltr'>ἀπὸ</span> <span class='ocrx_word' id='word_1_320' title='bbox 3318 1029 3434 1079; x_wconf 84' lang='grc' dir='ltr'><strong>τῶν</strong></span> <span class='ocrx_word' id='word_1_321' title='bbox 3469 1010 3881 1083; x_wconf 57' lang='grc' dir='ltr'>ἀποκτεινόν-</span> 
     </span>
    </p>
   </div>
   <div class='ocr_carea' id='block_1_40' title="bbox 2122 1103 3875 1195">
    <p class='ocr_par' dir='ltr' id='par_1_40' title="bbox 2122 1103 3875 1195">
     <span class='ocr_line' id='line_1_41' title="bbox 2122 1103 3875 1195; baseline 0.011 -41"><span class='ocrx_word' id='word_1_322' title='bbox 2122 1121 2228 1155; x_wconf 88' lang='grc' dir='ltr'><strong>των</strong></span> <span class='ocrx_word' id='word_1_323' title='bbox 2280 1103 2342 1156; x_wconf 83' lang='grc' dir='ltr'>τὸ</span> <span class='ocrx_word' id='word_1_324' title='bbox 2386 1110 2565 1179; x_wconf 84' lang='grc' dir='ltr'>σῶμα,</span> <span class='ocrx_word' id='word_1_325' title='bbox 2625 1105 2771 1162; x_wconf 68' lang='grc' dir='ltr'>ἰᾶται</span> <span class='ocrx_word' id='word_1_326' title='bbox 2816 1103 2872 1161; x_wconf 76' lang='grc' dir='ltr'>δὲ</span> <span class='ocrx_word' id='word_1_327' title='bbox 2932 1110 3020 1163; x_wconf 73' lang='grc' dir='ltr'>νῦν</span> <span class='ocrx_word' id='word_1_328' title='bbox 3072 1110 3162 1165; x_wconf 86' lang='grc' dir='ltr'><strong>καὶ</strong></span> <span class='ocrx_word' id='word_1_329' title='bbox 3222 1112 3317 1166; x_wconf 74' lang='grc' dir='ltr'><strong>τὸν</strong></span> <span class='ocrx_word' id='word_1_330' title='bbox 3373 1113 3469 1169; x_wconf 74' lang='grc' dir='ltr'><strong>ἐπὶ</strong></span> <span class='ocrx_word' id='word_1_331' title='bbox 3530 1121 3611 1192; x_wconf 70' lang='grc' dir='ltr'>τῇ</span> <span class='ocrx_word' id='word_1_332' title='bbox 3644 1117 3875 1195; x_wconf 74' lang='grc' dir='ltr'>ἀγροι-</span> 
     </span>
    </p>
   </div>
   <div class='ocr_carea' id='block_1_41' title="bbox 2129 1188 3873 1281">
    <p class='ocr_par' dir='ltr' id='par_1_41' title="bbox 2129 1188 3873 1281">
     <span class='ocr_line' id='line_1_42' title="bbox 2129 1188 3873 1281; baseline 0.011 -39"><span class='ocrx_word' id='word_1_333' title='bbox 2129 1188 2239 1261; x_wconf 87' lang='grc' dir='ltr'>κίᾳ.</span> <span class='ocrx_word' id='word_1_334' title='bbox 2289 1188 2478 1281; x_wconf 4' lang='grc' dir='ltr'>Ἐπεὶ,</span> <span class='ocrx_word' id='word_1_335' title='bbox 2504 1193 2609 1281; x_wconf 64' lang='grc' dir='ltr'><strong>γὰρ</strong></span> <span class='ocrx_word' id='word_1_336' title='bbox 2668 1195 2727 1250; x_wconf 78' lang='grc' dir='ltr'>οὒ</span> <span class='ocrx_word' id='word_1_337' title='bbox 2797 1193 2989 1252; x_wconf 84' lang='grc' dir='ltr'>πολλοὶ</span> <span class='ocrx_word' id='word_1_338' title='bbox 3049 1200 3202 1277; x_wconf 79' lang='grc' dir='ltr'>σοφοὶ</span> <span class='ocrx_word' id='word_1_339' title='bbox 3261 1203 3406 1257; x_wconf 83' lang='grc' dir='ltr'><strong>κατά</strong></span> <span class='ocrx_word' id='word_1_340' title='bbox 3472 1188 3666 1281; x_wconf 75' lang='grc' dir='ltr'>σάρκα</span> <span class='ocrx_word' id='word_1_341' title='bbox 3700 1188 3873 1260; x_wconf 49' lang='grc' dir='ltr'>’ἐπί-</span> 
     </span>
    </p>
   </div>
   <div class='ocr_carea' id='block_1_42' title="bbox 2128 1279 3870 1373">
    <p class='ocr_par' dir='ltr' id='par_1_42' title="bbox 2128 1279 3870 1373">
     <span class='ocr_line' id='line_1_43' title="bbox 2128 1279 3870 1373; baseline 0.01 -41"><span class='ocrx_word' id='word_1_342' title='bbox 2128 1298 2373 1373; x_wconf 73' lang='grc' dir='ltr'>στευσαν,</span> <span class='ocrx_word' id='word_1_343' title='bbox 2433 1279 2551 1337; x_wconf 82' lang='grc' dir='ltr'>ἀλλ’</span> <span class='ocrx_word' id='word_1_344' title='bbox 2597 1284 2645 1373; x_wconf 75' lang='grc' dir='ltr'>οἱ</span> <span class='ocrx_word' id='word_1_345' title='bbox 2692 1281 2904 1348; x_wconf 85' lang='grc' dir='ltr'>πλείους</span> <span class='ocrx_word' id='word_1_346' title='bbox 2936 1283 3167 1373; x_wconf 77' lang='grc' dir='ltr'>ἰδιῶται,</span> <span class='ocrx_word' id='word_1_347' title='bbox 3221 1291 3310 1355; x_wconf 74' lang='grc' dir='ltr'><strong>Μή</strong></span> <span class='ocrx_word' id='word_1_348' title='bbox 3342 1279 3566 1368; x_wconf 49' lang='grc' dir='ltr'>φοϐοῦ,</span> <span class='ocrx_word' id='word_1_349' title='bbox 3593 1295 3777 1373; x_wconf 78' lang='grc' dir='ltr'>φησὶ,</span> <span class='ocrx_word' id='word_1_350' title='bbox 3838 1297 3870 1349; x_wconf 71' lang='grc' dir='ltr'>ὁ</span> 
     </span>
    </p>
   </div>
   <div class='ocr_carea' id='block_1_43' title="bbox 2129 1366 3873 1454">
    <p class='ocr_par' dir='ltr' id='par_1_43' title="bbox 2129 1366 3873 1454">
     <span class='ocr_line' id='line_1_44' title="bbox 2129 1366 3873 1454; baseline 0.01 -33"><span class='ocrx_word' id='word_1_351' title='bbox 2129 1366 2374 1445; x_wconf 76' lang='grc' dir='ltr'>ἄγροικος</span> <span class='ocrx_word' id='word_1_352' title='bbox 2427 1370 2515 1426; x_wconf 84' lang='grc' dir='ltr'><strong>καὶ</strong></span> <span class='ocrx_word' id='word_1_353' title='bbox 2573 1368 2815 1447; x_wconf 71' lang='grc' dir='ltr'>ἰδιώτης,</span> <span class='ocrx_word' id='word_1_354' title='bbox 2918 1372 3058 1449; x_wconf 77' lang='grc' dir='ltr'>μηδὲ</span> <span class='ocrx_word' id='word_1_355' title='bbox 3116 1366 3366 1454; x_wconf 14' lang='grc' dir='ltr'>μερίμναή</span> <span class='ocrx_word' id='word_1_356' title='bbox 3435 1387 3567 1445; x_wconf 82' lang='grc' dir='ltr'><strong>πῶς</strong></span> <span class='ocrx_word' id='word_1_357' title='bbox 3611 1366 3621 1369; x_wconf 21' lang='grc' dir='ltr'><strong>Ἴ</strong></span> <span class='ocrx_word' id='word_1_358' title='bbox 3658 1383 3699 1449; x_wconf 73' lang='grc' dir='ltr'><strong>ἢ</strong></span> <span class='ocrx_word' id='word_1_359' title='bbox 3757 1366 3775 1373; x_wconf 41' lang='grc'><strong>⁷</strong></span> <span class='ocrx_word' id='word_1_360' title='bbox 3811 1383 3873 1437; x_wconf 78' lang='grc' dir='ltr'><strong>τί</strong></span> 
     </span>
    </p>
   </div>
   <div class='ocr_carea' id='block_1_44' title="bbox 2128 1454 3857 1549">
    <p class='ocr_par' dir='ltr' id='par_1_44' title="bbox 2128 1454 3857 1549">
     <span class='ocr_line' id='line_1_45' title="bbox 2128 1454 3857 1549; baseline 0.009 -38"><span class='ocrx_word' id='word_1_361' title='bbox 2128 1454 2447 1535; x_wconf 70' lang='grc' dir='ltr'><strong>ἀπολογήσῃ</strong></span> <span class='ocrx_word' id='word_1_362' title='bbox 2502 1462 2579 1533; x_wconf 84' lang='grc' dir='ltr'>τῷ</span> <span class='ocrx_word' id='word_1_363' title='bbox 2636 1461 2870 1540; x_wconf 81' lang='grc' dir='ltr'>τυράννῳ</span> <span class='ocrx_word' id='word_1_364' title='bbox 2952 1462 3305 1543; x_wconf 79' lang='grc' dir='ltr'><strong>ἐρωτώμενος</strong></span> <span class='ocrx_word' id='word_1_365' title='bbox 3366 1468 3404 1535; x_wconf 77' lang='grc' dir='ltr'><strong>ἢ</strong></span> <span class='ocrx_word' id='word_1_366' title='bbox 3460 1472 3519 1524; x_wconf 85' lang='grc' dir='ltr'><strong>τί</strong></span> <span class='ocrx_word' id='word_1_367' title='bbox 3597 1471 3793 1549; x_wconf 64' lang='grc' dir='ltr'>εἴπῃς</span> <span class='ocrx_word' id='word_1_368' title='bbox 3843 1489 3857 1499; x_wconf 90' lang='grc'><strong>·</strong></span> 
     </span>
    </p>
   </div>
   <div class='ocr_carea' id='block_1_45' title="bbox 2131 1543 3858 1635">
    <p class='ocr_par' dir='ltr' id='par_1_45' title="bbox 2131 1543 3858 1635">
     <span class='ocr_line' id='line_1_46' title="bbox 2131 1543 3858 1635; baseline 0.01 -35"><span class='ocrx_word' id='word_1_369' title='bbox 2131 1543 2292 1635; x_wconf 64' lang='grc' dir='ltr'>ἀλλον</span> <span class='ocrx_word' id='word_1_370' title='bbox 2346 1548 2545 1624; x_wconf 83' lang='grc' dir='ltr'>τρόπον</span> <span class='ocrx_word' id='word_1_371' title='bbox 2602 1546 2930 1630; x_wconf 79' lang='grc' dir='ltr'>δημηγορῶν</span> <span class='ocrx_word' id='word_1_372' title='bbox 2968 1571 2981 1585; x_wconf 89' lang='grc'><strong>·</strong></span> <span class='ocrx_word' id='word_1_373' title='bbox 3044 1554 3107 1610; x_wconf 79' lang='grc' dir='ltr'>τὸ</span> <span class='ocrx_word' id='word_1_374' title='bbox 3196 1556 3300 1632; x_wconf 79' lang='grc' dir='ltr'>γὰρ</span> <span class='ocrx_word' id='word_1_375' title='bbox 3356 1556 3526 1633; x_wconf 74' lang='grc' dir='ltr'>ἅγιον</span> <span class='ocrx_word' id='word_1_376' title='bbox 3610 1543 3858 1635; x_wconf 47' lang='grc' dir='ltr'>Ππίῖμα</span> 
     </span>
    </p>
   </div>
   <div class='ocr_carea' id='block_1_46' title="bbox 2129 1632 3852 1720">
    <p class='ocr_par' dir='ltr' id='par_1_46' title="bbox 2129 1632 3852 1720">
     <span class='ocr_line' id='line_1_47' title="bbox 2129 1632 3852 1720; baseline 0.009 -31"><span class='ocrx_word' id='word_1_377' title='bbox 2129 1632 2316 1700; x_wconf 79' lang='grc' dir='ltr'>διδάξει</span> <span class='ocrx_word' id='word_1_378' title='bbox 2359 1637 2497 1712; x_wconf 80' lang='grc' dir='ltr'>ὑμᾶς</span> <span class='ocrx_word' id='word_1_379' title='bbox 2557 1637 2612 1693; x_wconf 76' lang='grc' dir='ltr'>ἐν</span> <span class='ocrx_word' id='word_1_380' title='bbox 2658 1643 2791 1717; x_wconf 73' lang='grc' dir='ltr'>αὐτῇ</span> <span class='ocrx_word' id='word_1_381' title='bbox 2839 1645 2908 1717; x_wconf 73' lang='grc' dir='ltr'><strong>τῇ</strong></span> <span class='ocrx_word' id='word_1_382' title='bbox 2956 1640 3092 1720; x_wconf 80' lang='grc' dir='ltr'>ὥρᾳ,</span> <span class='ocrx_word' id='word_1_383' title='bbox 3157 1642 3193 1699; x_wconf 74' lang='grc' dir='ltr'>ἃ</span> <span class='ocrx_word' id='word_1_384' title='bbox 3233 1642 3321 1700; x_wconf 90' lang='grc' dir='ltr'><strong>δεῖ</strong></span> <span class='ocrx_word' id='word_1_385' title='bbox 3354 1632 3567 1709; x_wconf 83' lang='grc' dir='ltr'>εἰπεῖν,</span> <span class='ocrx_word' id='word_1_386' title='bbox 3606 1632 3852 1720; x_wconf 43' lang='lat' dir='ltr'><strong>fucus,</strong></span> 
     </span>
    </p>
   </div>
   <div class='ocr_carea' id='block_1_47' title="bbox 2128 1714 3854 1817">
    <p class='ocr_par' dir='ltr' id='par_1_47' title="bbox 2128 1714 3854 1817">
     <span class='ocr_line' id='line_1_48' title="bbox 2128 1714 3854 1817; baseline 0.026 -41"><span class='ocrx_word' id='word_1_387' title='bbox 2128 1722 2207 1785; x_wconf 84' lang='grc' dir='ltr'><strong>τίς</strong></span> <span class='ocrx_word' id='word_1_388' title='bbox 2276 1725 2434 1804; x_wconf 75' lang='grc' dir='ltr'>χρεία</span> <span class='ocrx_word' id='word_1_389' title='bbox 2492 1733 2588 1784; x_wconf 82' lang='grc' dir='ltr'>τοῦ</span> <span class='ocrx_word' id='word_1_390' title='bbox 2641 1714 2953 1807; x_wconf 75' lang='grc' dir='ltr'>φροντίζειν,</span> <span class='ocrx_word' id='word_1_391' title='bbox 3005 1714 3134 1810; x_wconf 47' lang='grc' dir='ltr'>ἐἴγε</span> <span class='ocrx_word' id='word_1_392' title='bbox 3209 1731 3265 1787; x_wconf 74' lang='grc' dir='ltr'>ἒν</span> <span class='ocrx_word' id='word_1_393' title='bbox 3352 1736 3490 1809; x_wconf 58' lang='lat'><strong>1‘3&quot;?-</strong></span> 
     </span>
    </p>
   </div>
   <div class='ocr_carea' id='block_1_48' title="bbox 2130 1810 3849 1895">
    <p class='ocr_par' dir='ltr' id='par_1_48' title="bbox 2130 1810 3849 1895">
     <span class='ocr_line' id='line_1_49' title="bbox 2130 1810 3849 1895; baseline 0.01 -28"><span class='ocrx_word' id='word_1_394' title='bbox 2130 1810 2344 1889; x_wconf 77' lang='grc' dir='ltr'>μέλλεις</span> <span class='ocrx_word' id='word_1_395' title='bbox 2424 1815 2527 1871; x_wconf 81' lang='grc' dir='ltr'><strong>ὑπὸ</strong></span> <span class='ocrx_word' id='word_1_396' title='bbox 2609 1823 2702 1873; x_wconf 82' lang='grc' dir='ltr'>τοῦ</span> <span class='ocrx_word' id='word_1_397' title='bbox 2773 1818 3082 1893; x_wconf 79' lang='grc' dir='ltr'>Πνεύματος</span> <span class='ocrx_word' id='word_1_398' title='bbox 3168 1819 3516 1880; x_wconf 66' lang='grc' dir='ltr'><strong>διδάσκεσθαι</strong></span> <span class='ocrx_word' id='word_1_399' title='bbox 3560 1848 3574 1895; x_wconf 68' lang='grc' dir='ltr'><strong>ς</strong></span> <span class='ocrx_word' id='word_1_400' title='bbox 3615 1810 3626 1813; x_wconf 30' lang='grc'>⁷</span> <span class='ocrx_word' id='word_1_401' title='bbox 3654 1810 3849 1889; x_wconf 58' lang='grc' dir='ltr'>οὕτως</span> 
     </span>
    </p>
   </div>
   <div class='ocr_carea' id='block_1_49' title="bbox 2130 1900 3842 1996">
    <p class='ocr_par' dir='ltr' id='par_1_49' title="bbox 2130 1900 3842 1996">
     <span class='ocr_line' id='line_1_50' title="bbox 2130 1900 3842 1996; baseline 0.007 -37"><span class='ocrx_word' id='word_1_402' title='bbox 2130 1904 2217 1959; x_wconf 76' lang='grc' dir='ltr'>οὖν</span> <span class='ocrx_word' id='word_1_403' title='bbox 2266 1900 2639 1984; x_wconf 80' lang='grc' dir='ltr'>ἀμφοτέρωθεν</span> <span class='ocrx_word' id='word_1_404' title='bbox 2696 1907 2769 1970; x_wconf 77' lang='grc' dir='ltr'>εἰς</span> <span class='ocrx_word' id='word_1_405' title='bbox 2830 1909 2892 1963; x_wconf 83' lang='grc' dir='ltr'>τὸ</span> <span class='ocrx_word' id='word_1_406' title='bbox 2956 1909 3243 1988; x_wconf 78' lang='grc' dir='ltr'>μαρτύριον</span> <span class='ocrx_word' id='word_1_407' title='bbox 3293 1912 3445 1988; x_wconf 78' lang='grc' dir='ltr'>ἡμᾶς</span> <span class='ocrx_word' id='word_1_408' title='bbox 3506 1913 3842 1996; x_wconf 51' lang='lat' dir='ltr'><strong>amis-3?“,</strong></span> 
     </span>
    </p>
   </div>
   <div class='ocr_carea' id='block_1_50' title="bbox 2130 1990 3839 2079">
    <p class='ocr_par' dir='ltr' id='par_1_50' title="bbox 2130 1990 3839 2079">
     <span class='ocr_line' id='line_1_51' title="bbox 2130 1990 3839 2079; baseline 0.009 -33"><span class='ocrx_word' id='word_1_409' title='bbox 2130 1990 2217 2047; x_wconf 88' lang='grc' dir='ltr'><strong>τόν</strong></span> <span class='ocrx_word' id='word_1_410' title='bbox 2260 2011 2319 2046; x_wconf 86' lang='grc' dir='ltr'><strong>τε</strong></span> <span class='ocrx_word' id='word_1_411' title='bbox 2363 1991 2451 2048; x_wconf 78' lang='grc' dir='ltr'>ἐπὶ</span> <span class='ocrx_word' id='word_1_412' title='bbox 2494 2000 2563 2070; x_wconf 76' lang='grc' dir='ltr'><strong>τῇ</strong></span> <span class='ocrx_word' id='word_1_413' title='bbox 2608 2002 2894 2073; x_wconf 79' lang='grc' dir='ltr'>σωματικῇ</span> <span class='ocrx_word' id='word_1_414' title='bbox 2937 1996 3181 2071; x_wconf 76' lang='grc' dir='ltr'>ἀσθενείᾳ</span> <span class='ocrx_word' id='word_1_415' title='bbox 3224 1998 3416 2079; x_wconf 81' lang='grc' dir='ltr'>φόϐον,</span> <span class='ocrx_word' id='word_1_416' title='bbox 3476 2003 3574 2058; x_wconf 74' lang='grc' dir='ltr'><strong>τόν</strong></span> <span class='ocrx_word' id='word_1_417' title='bbox 3620 2026 3685 2060; x_wconf 81' lang='grc' dir='ltr'><strong>τε</strong></span> <span class='ocrx_word' id='word_1_418' title='bbox 3729 1990 3839 2060; x_wconf 41' lang='grc' dir='ltr'>’ἐπὶ</span> 
     </span>
    </p>
   </div>
   <div class='ocr_carea' id='block_1_51' title="bbox 2130 2080 2757 2162">
    <p class='ocr_par' dir='ltr' id='par_1_51' title="bbox 2130 2080 2757 2162">
     <span class='ocr_line' id='line_1_52' title="bbox 2130 2080 2757 2162; baseline 0.005 -25"><span class='ocrx_word' id='word_1_419' title='bbox 2130 2087 2198 2159; x_wconf 78' lang='grc' dir='ltr'><strong>τῇ</strong></span> <span class='ocrx_word' id='word_1_420' title='bbox 2234 2080 2478 2162; x_wconf 72' lang='grc' dir='ltr'>ἀγροικίᾳ</span> <span class='ocrx_word' id='word_1_421' title='bbox 2505 2084 2757 2161; x_wconf 70' lang='grc' dir='ltr'>ἰώμενος,</span> 
     </span>
    </p>
   </div>
   <div class='ocr_carea' id='block_1_52' title="bbox 2217 2349 3827 2435">
    <p class='ocr_par' dir='ltr' id='par_1_52' title="bbox 2217 2349 3827 2435">
     <span class='ocr_line' id='line_1_53' title="bbox 2217 2349 3827 2435; baseline 0.007 -29"><span class='ocrx_word' id='word_1_422' title='bbox 2217 2373 2245 2405; x_wconf 71' lang='grc' dir='ltr'><strong>α</strong></span> <span class='ocrx_word' id='word_1_423' title='bbox 2281 2351 2424 2408; x_wconf 73' lang='grc' dir='ltr'>Εἷπε</span> <span class='ocrx_word' id='word_1_424' title='bbox 2454 2349 2509 2407; x_wconf 83' lang='grc' dir='ltr'><strong>δέ</strong></span> <span class='ocrx_word' id='word_1_425' title='bbox 2538 2373 2620 2416; x_wconf 89' lang='grc' dir='ltr'><strong>τις</strong></span> <span class='ocrx_word' id='word_1_426' title='bbox 2649 2354 2794 2427; x_wconf 76' lang='grc' dir='ltr'>αὐτῷ</span> <span class='ocrx_word' id='word_1_427' title='bbox 2828 2356 2891 2409; x_wconf 64' lang='grc' dir='ltr'>ὲκ</span> <span class='ocrx_word' id='word_1_428' title='bbox 2922 2353 3017 2411; x_wconf 75' lang='grc' dir='ltr'>τοῦ</span> <span class='ocrx_word' id='word_1_429' title='bbox 3052 2352 3224 2434; x_wconf 74' lang='grc' dir='ltr'>ὄχλου</span> <span class='ocrx_word' id='word_1_430' title='bbox 3255 2374 3273 2393; x_wconf 76' lang='grc' dir='ltr'><strong><em>ο</em></strong></span> <span class='ocrx_word' id='word_1_431' title='bbox 3330 2355 3662 2435; x_wconf 78' lang='grc' dir='ltr'>Διδάσκαλε,</span> <span class='ocrx_word' id='word_1_432' title='bbox 3703 2363 3827 2417; x_wconf 71' lang='grc' dir='ltr'>εἰπὲ</span> 
     </span>
    </p>
   </div>
   <div class='ocr_carea' id='block_1_53' title="bbox 2132 2437 3821 2527">
    <p class='ocr_par' dir='ltr' id='par_1_53' title="bbox 2132 2437 3821 2527">
     <span class='ocr_line' id='line_1_54' title="bbox 2132 2437 3821 2527; baseline 0.007 -32"><span class='ocrx_word' id='word_1_433' title='bbox 2132 2446 2208 2514; x_wconf 79' lang='grc' dir='ltr'><strong>τῷ</strong></span> <span class='ocrx_word' id='word_1_434' title='bbox 2236 2437 2447 2527; x_wconf 69' lang='grc' dir='ltr'>ἀδελφῷ</span> <span class='ocrx_word' id='word_1_435' title='bbox 2508 2462 2610 2517; x_wconf 89' lang='grc' dir='ltr'><strong>μου</strong></span> <span class='ocrx_word' id='word_1_436' title='bbox 2671 2443 2983 2523; x_wconf 85' lang='grc' dir='ltr'>μερίσασθαι</span> <span class='ocrx_word' id='word_1_437' title='bbox 3049 2445 3167 2519; x_wconf 84' lang='grc' dir='ltr'>μετ’</span> <span class='ocrx_word' id='word_1_438' title='bbox 3204 2444 3338 2520; x_wconf 77' lang='grc' dir='ltr'>ἐμοῦ</span> <span class='ocrx_word' id='word_1_439' title='bbox 3397 2448 3497 2514; x_wconf 77' lang='grc' dir='ltr'><strong>τὴν</strong></span> <span class='ocrx_word' id='word_1_440' title='bbox 3528 2447 3821 2527; x_wconf 81' lang='grc' dir='ltr'>κληρονο-</span> 
     </span>
    </p>
   </div>
   <div class='ocr_carea' id='block_1_54' title="bbox 2132 2521 3818 2612">
    <p class='ocr_par' dir='ltr' id='par_1_54' title="bbox 2132 2521 3818 2612">
     <span class='ocr_line' id='line_1_55' title="bbox 2132 2521 3818 2612; baseline 0.006 -27"><span class='ocrx_word' id='word_1_441' title='bbox 2132 2531 2281 2605; x_wconf 83' lang='grc' dir='ltr'>μίαν,</span> <span class='ocrx_word' id='word_1_442' title='bbox 2320 2521 2385 2589; x_wconf 13' lang='grc' dir='ltr'><strong>Ὀν</strong></span> <span class='ocrx_word' id='word_1_443' title='bbox 2408 2528 2462 2587; x_wconf 75' lang='grc' dir='ltr'>δὲ</span> <span class='ocrx_word' id='word_1_444' title='bbox 2490 2530 2645 2588; x_wconf 72' lang='grc' dir='ltr'>εἶπεν</span> <span class='ocrx_word' id='word_1_445' title='bbox 2678 2521 2821 2607; x_wconf 66' lang='grc' dir='ltr'>αὐτῷ</span> <span class='ocrx_word' id='word_1_446' title='bbox 2853 2551 2868 2568; x_wconf 78' lang='grc'><strong>⁸</strong></span> <span class='ocrx_word' id='word_1_447' title='bbox 2902 2532 3229 2612; x_wconf 79' lang='grc' dir='ltr'>’¹Λνθρωπε,</span> <span class='ocrx_word' id='word_1_448' title='bbox 3264 2536 3342 2599; x_wconf 86' lang='grc' dir='ltr'><strong>τίς</strong></span> <span class='ocrx_word' id='word_1_449' title='bbox 3377 2557 3445 2610; x_wconf 85' lang='grc' dir='ltr'><strong>με</strong></span> <span class='ocrx_word' id='word_1_450' title='bbox 3498 2521 3818 2607; x_wconf 80' lang='grc' dir='ltr'>κατέστησε</span> 
     </span>
    </p>
   </div>
   <div class='ocr_carea' id='block_1_55' title="bbox 2138 2618 3821 2706">
    <p class='ocr_par' dir='ltr' id='par_1_55' title="bbox 2138 2618 3821 2706">
     <span class='ocr_line' id='line_1_56' title="bbox 2138 2618 3821 2706; baseline 0.006 -31"><span class='ocrx_word' id='word_1_451' title='bbox 2138 2618 2391 2706; x_wconf 73' lang='grc' dir='ltr'>δικαστὴν</span> <span class='ocrx_word' id='word_1_452' title='bbox 2448 2620 2485 2689; x_wconf 74' lang='grc' dir='ltr'>ἢ</span> <span class='ocrx_word' id='word_1_453' title='bbox 2540 2623 2796 2702; x_wconf 76' lang='grc' dir='ltr'>μεριστὴν</span> <span class='ocrx_word' id='word_1_454' title='bbox 2868 2620 2951 2702; x_wconf 77' lang='grc' dir='ltr'><strong>ἐφ’</strong></span> <span class='ocrx_word' id='word_1_455' title='bbox 3009 2625 3196 2699; x_wconf 78' lang='grc' dir='ltr'>ὺμᾶς;</span> <span class='ocrx_word' id='word_1_456' title='bbox 3249 2624 3391 2681; x_wconf 60' lang='lat' dir='ltr'><strong>Eine</strong></span> <span class='ocrx_word' id='word_1_457' title='bbox 3423 2624 3479 2681; x_wconf 79' lang='grc' dir='ltr'>δὲ</span> <span class='ocrx_word' id='word_1_458' title='bbox 3538 2628 3677 2706; x_wconf 75' lang='grc' dir='ltr'>πρὸς</span> <span class='ocrx_word' id='word_1_459' title='bbox 3709 2633 3821 2687; x_wconf 73' lang='grc' dir='ltr'><strong>αὔ-</strong></span> 
     </span>
    </p>
   </div>
   <div class='ocr_carea' id='block_1_56' title="bbox 2137 2700 3812 2793">
    <p class='ocr_par' dir='ltr' id='par_1_56' title="bbox 2137 2700 3812 2793">
     <span class='ocr_line' id='line_1_57' title="bbox 2137 2700 3812 2793; baseline 0.006 -29"><span class='ocrx_word' id='word_1_460' title='bbox 2137 2710 2311 2773; x_wconf 45' lang='grc' dir='ltr'>τούςτ·</span> <span class='ocrx_word' id='word_1_461' title='bbox 2375 2700 2562 2790; x_wconf 79' lang='grc' dir='ltr'>Ὀρᾶτε</span> <span class='ocrx_word' id='word_1_462' title='bbox 2613 2700 2702 2767; x_wconf 73' lang='grc' dir='ltr'><strong>καὶ</strong></span> <span class='ocrx_word' id='word_1_463' title='bbox 2754 2700 3080 2792; x_wconf 67' lang='grc' dir='ltr'>φυλάσσεσθε</span> <span class='ocrx_word' id='word_1_464' title='bbox 3134 2713 3243 2769; x_wconf 79' lang='grc' dir='ltr'>ἀπὸ</span> <span class='ocrx_word' id='word_1_465' title='bbox 3307 2720 3407 2782; x_wconf 81' lang='grc' dir='ltr'>τῆς</span> <span class='ocrx_word' id='word_1_466' title='bbox 3463 2700 3812 2793; x_wconf 71' lang='grc' dir='ltr'>πλεονεξίας,</span> 
     </span>
    </p>
   </div>
   <div class='ocr_carea' id='block_1_57' title="bbox 2138 2799 3815 2877">
    <p class='ocr_par' dir='ltr' id='par_1_57' title="bbox 2138 2799 3815 2877">
     <span class='ocr_line' id='line_1_58' title="bbox 2138 2799 3815 2877; baseline 0.003 -23"><span class='ocrx_word' id='word_1_467' title='bbox 2138 2799 2218 2854; x_wconf 75' lang='grc' dir='ltr'><strong>ὅτι</strong></span> <span class='ocrx_word' id='word_1_468' title='bbox 2261 2802 2357 2856; x_wconf 75' lang='grc' dir='ltr'><strong>οὒκ</strong></span> <span class='ocrx_word' id='word_1_469' title='bbox 2398 2799 2452 2856; x_wconf 82' lang='grc' dir='ltr'>ἐν</span> <span class='ocrx_word' id='word_1_470' title='bbox 2509 2807 2586 2874; x_wconf 81' lang='grc' dir='ltr'>τῷ</span> <span class='ocrx_word' id='word_1_471' title='bbox 2643 2801 2976 2877; x_wconf 65' lang='grc' dir='ltr'>περισσεύειν</span> <span class='ocrx_word' id='word_1_472' title='bbox 3030 2804 3130 2858; x_wconf 86' lang='grc' dir='ltr'>τινὶ</span> <span class='ocrx_word' id='word_1_473' title='bbox 3181 2804 3217 2870; x_wconf 74' lang='grc' dir='ltr'><strong>ἡ</strong></span> <span class='ocrx_word' id='word_1_474' title='bbox 3276 2804 3391 2874; x_wconf 78' lang='grc' dir='ltr'><strong>ζωὴ</strong></span> <span class='ocrx_word' id='word_1_475' title='bbox 3441 2805 3603 2861; x_wconf 57' lang='lat' dir='ltr'><strong>mitto)</strong></span> <span class='ocrx_word' id='word_1_476' title='bbox 3660 2806 3815 2862; x_wconf 75' lang='grc' dir='ltr'>ἐστιν</span> 
     </span>
    </p>
   </div>
   <div class='ocr_carea' id='block_1_58' title="bbox 2138 2888 3808 2973">
    <p class='ocr_par' dir='ltr' id='par_1_58' title="bbox 2138 2888 3808 2973">
     <span class='ocr_line' id='line_1_59' title="bbox 2138 2888 3808 2973; baseline 0.005 -30"><span class='ocrx_word' id='word_1_477' title='bbox 2138 2888 2197 2944; x_wconf 80' lang='grc' dir='ltr'>ἐκ</span> <span class='ocrx_word' id='word_1_478' title='bbox 2226 2896 2329 2945; x_wconf 90' lang='grc' dir='ltr'><strong>τῶν</strong></span> <span class='ocrx_word' id='word_1_479' title='bbox 2363 2888 2715 2968; x_wconf 70' lang='grc' dir='ltr'>ὑπαρχόντων</span> <span class='ocrx_word' id='word_1_480' title='bbox 2750 2891 2913 2964; x_wconf 79' lang='grc' dir='ltr'>αὐτῷ,</span> <span class='ocrx_word' id='word_1_481' title='bbox 2953 2914 2981 2945; x_wconf 68' lang='grc' dir='ltr'><strong><em>ι</em></strong></span> <span class='ocrx_word' id='word_1_482' title='bbox 3037 2888 3310 2949; x_wconf 82' lang='grc' dir='ltr'>Διδάσκων</span> <span class='ocrx_word' id='word_1_483' title='bbox 3343 2894 3493 2968; x_wconf 71' lang='grc' dir='ltr'>ἡμᾶς</span> <span class='ocrx_word' id='word_1_484' title='bbox 3524 2894 3551 2949; x_wconf 84' lang='grc' dir='ltr'>ὁ</span> <span class='ocrx_word' id='word_1_485' title='bbox 3587 2896 3808 2973; x_wconf 78' lang='grc' dir='ltr'>Κύριος,</span> 
     </span>
    </p>
   </div>
   <div class='ocr_carea' id='block_1_59' title="bbox 2138 2976 3814 3057">
    <p class='ocr_par' dir='ltr' id='par_1_59' title="bbox 2138 2976 3814 3057">
     <span class='ocr_line' id='line_1_60' title="bbox 2138 2976 3814 3057; baseline 0.004 -24"><span class='ocrx_word' id='word_1_486' title='bbox 2138 2984 2251 3042; x_wconf 86' lang='grc' dir='ltr'><strong>πῶς</strong></span> <span class='ocrx_word' id='word_1_487' title='bbox 2300 2976 2355 3034; x_wconf 79' lang='grc' dir='ltr'>δὲ</span> <span class='ocrx_word' id='word_1_488' title='bbox 2413 2991 2771 3057; x_wconf 71' lang='grc' dir='ltr'>καταφρονεῖν</span> <span class='ocrx_word' id='word_1_489' title='bbox 2813 2986 2920 3035; x_wconf 87' lang='grc' dir='ltr'><strong>τῶν</strong></span> <span class='ocrx_word' id='word_1_490' title='bbox 2980 2981 3274 3057; x_wconf 82' lang='grc' dir='ltr'>βιωτικῶν,</span> <span class='ocrx_word' id='word_1_491' title='bbox 3341 2982 3430 3037; x_wconf 86' lang='grc' dir='ltr'>καὶ</span> <span class='ocrx_word' id='word_1_492' title='bbox 3476 2983 3558 3038; x_wconf 82' lang='grc' dir='ltr'><strong>ὅτι</strong></span> <span class='ocrx_word' id='word_1_493' title='bbox 3604 2988 3662 3042; x_wconf 72' lang='grc' dir='ltr'>οὗ</span> <span class='ocrx_word' id='word_1_494' title='bbox 3721 2983 3814 3039; x_wconf 72' lang='grc' dir='ltr'><strong>δεῖ</strong></span> 
     </span>
    </p>
   </div>
   <div class='ocr_carea' id='block_1_60' title="bbox 2140 3068 3807 3152">
    <p class='ocr_par' dir='ltr' id='par_1_60' title="bbox 2140 3068 3807 3152">
     <span class='ocr_line' id='line_1_61' title="bbox 2140 3068 3807 3152; baseline 0.005 -30"><span class='ocrx_word' id='word_1_495' title='bbox 2140 3069 2488 3145; x_wconf 79' lang='grc' dir='ltr'>περισπᾶσθαι</span> <span class='ocrx_word' id='word_1_496' title='bbox 2541 3068 2659 3146; x_wconf 86' lang='grc' dir='ltr'>περὶ</span> <span class='ocrx_word' id='word_1_497' title='bbox 2720 3068 2785 3123; x_wconf 78' lang='grc' dir='ltr'>τὰ</span> <span class='ocrx_word' id='word_1_498' title='bbox 2830 3071 3020 3147; x_wconf 77' lang='grc' dir='ltr'>γήϊνα,</span> <span class='ocrx_word' id='word_1_499' title='bbox 3070 3070 3451 3147; x_wconf 79' lang='grc' dir='ltr'>ἀποπέμπεται</span> <span class='ocrx_word' id='word_1_500' title='bbox 3496 3073 3589 3127; x_wconf 82' lang='grc' dir='ltr'>τὸν</span> <span class='ocrx_word' id='word_1_501' title='bbox 3629 3095 3807 3152; x_wconf 84' lang='grc' dir='ltr'>προσ-</span> 
     </span>
    </p>
   </div>
   <div class='ocr_carea' id='block_1_61' title="bbox 2138 3155 3803 3240">
    <p class='ocr_par' dir='ltr' id='par_1_61' title="bbox 2138 3155 3803 3240">
     <span class='ocr_line' id='line_1_62' title="bbox 2138 3155 3803 3240; baseline 0.001 -27"><span class='ocrx_word' id='word_1_502' title='bbox 2138 3155 2462 3233; x_wconf 78' lang='grc' dir='ltr'>καλούμενον</span> <span class='ocrx_word' id='word_1_503' title='bbox 2522 3156 2679 3211; x_wconf 73' lang='grc' dir='ltr'>αὐτὸν</span> <span class='ocrx_word' id='word_1_504' title='bbox 2730 3158 2803 3221; x_wconf 78' lang='grc' dir='ltr'>εἷς</span> <span class='ocrx_word' id='word_1_505' title='bbox 2877 3160 2937 3213; x_wconf 82' lang='grc' dir='ltr'>τὸ</span> <span class='ocrx_word' id='word_1_506' title='bbox 3011 3159 3324 3237; x_wconf 78' lang='grc' dir='ltr'>μερίσασθαι</span> <span class='ocrx_word' id='word_1_507' title='bbox 3375 3161 3477 3228; x_wconf 78' lang='grc' dir='ltr'><strong>τὴν</strong></span> <span class='ocrx_word' id='word_1_508' title='bbox 3550 3164 3803 3240; x_wconf 80' lang='grc' dir='ltr'>πατρῴαν</span> 
     </span>
    </p>
   </div>
   <div class='ocr_carea' id='block_1_62' title="bbox 405 3244 2050 3354">
    <p class='ocr_par' dir='ltr' id='par_1_62' title="bbox 405 3244 2050 3354">
     <span class='ocr_line' id='line_1_63' title="bbox 405 3244 2050 3354; baseline 0.002 -29"><span class='ocrx_word' id='word_1_509' title='bbox 405 3260 540 3325; x_wconf 93' lang='lat' dir='ltr'><strong>ideo</strong></span> <span class='ocrx_word' id='word_1_510' title='bbox 573 3270 631 3323; x_wconf 92' lang='lat' dir='ltr'><strong>et</strong></span> <span class='ocrx_word' id='word_1_511' title='bbox 660 3261 805 3324; x_wconf 90' lang='lat' dir='ltr'><strong>dicit</strong></span> <span class='ocrx_word' id='word_1_512' title='bbox 837 3280 851 3326; x_wconf 89' lang='lat'><strong>:</strong></span> <span class='ocrx_word' id='word_1_513' title='bbox 888 3244 1036 3354; x_wconf 68' lang='lat' dir='ltr'><strong>Quis</strong></span> <span class='ocrx_word' id='word_1_514' title='bbox 1056 3281 1148 3354; x_wconf 83' lang='lat' dir='ltr'><strong>me</strong></span> <span class='ocrx_word' id='word_1_515' title='bbox 1170 3263 1483 3354; x_wconf 85' lang='lat' dir='ltr'><strong>constituit</strong></span> <span class='ocrx_word' id='word_1_516' title='bbox 1506 3244 1774 3343; x_wconf 67' lang='lat' dir='ltr'><strong>judicem</strong></span> <span class='ocrx_word' id='word_1_517' title='bbox 1808 3267 1896 3329; x_wconf 90' lang='lat' dir='ltr'><strong>vel</strong></span> <span class='ocrx_word' id='word_1_518' title='bbox 1914 3244 2050 3330; x_wconf 59' lang='lat' dir='ltr'><strong>divi:</strong></span> 
     </span>
    </p>
   </div>
   <div class='ocr_carea' id='block_1_63' title="bbox 2141 3244 3803 3354">
    <p class='ocr_par' dir='ltr' id='par_1_63' title="bbox 2141 3244 3803 3354">
     <span class='ocr_line' id='line_1_64' title="bbox 2141 3244 3803 3326; baseline 0.004 -25"><span class='ocrx_word' id='word_1_519' title='bbox 2141 3244 2515 3325; x_wconf 84' lang='grc' dir='ltr'>κληρονομὶαν.</span> <span class='ocrx_word' id='word_1_520' title='bbox 2580 3247 2671 3301; x_wconf 83' lang='grc' dir='ltr'><strong>Διὸ</strong></span> <span class='ocrx_word' id='word_1_521' title='bbox 2714 3248 2803 3301; x_wconf 86' lang='grc' dir='ltr'><strong>καὶ</strong></span> <span class='ocrx_word' id='word_1_522' title='bbox 2847 3268 2977 3326; x_wconf 85' lang='grc' dir='ltr'>φησι</span> <span class='ocrx_word' id='word_1_523' title='bbox 3012 3264 3026 3278; x_wconf 82' lang='grc'><strong>’</strong></span> <span class='ocrx_word' id='word_1_524' title='bbox 3074 3248 3162 3312; x_wconf 86' lang='grc' dir='ltr'>Τίς</span> <span class='ocrx_word' id='word_1_525' title='bbox 3215 3269 3281 3325; x_wconf 88' lang='grc' dir='ltr'><strong>με</strong></span> <span class='ocrx_word' id='word_1_526' title='bbox 3314 3249 3615 3316; x_wconf 80' lang='grc' dir='ltr'>κατέστησε</span> <span class='ocrx_word' id='word_1_527' title='bbox 3645 3249 3803 3307; x_wconf 85' lang='grc' dir='ltr'>δικα-</span> 
     </span>
     <span class='ocr_line' id='line_1_65' title="bbox 2211 3333 3682 3354; baseline 0.005 -7"><span class='ocrx_word' id='word_1_528' title='bbox 2211 3333 2372 3354; x_wconf 67' lang='grc'>.,,</span> <span class='ocrx_word' id='word_1_529' title='bbox 2647 3333 3006 3354; x_wconf 78' lang='grc'><strong>.,..-</strong></span> <span class='ocrx_word' id='word_1_530' title='bbox 3152 3336 3209 3354; x_wconf 65' lang='grc' dir='ltr'><strong>,η</strong></span> 
     </span>
    </p>
   </div>
   <div class='ocr_carea' id='block_1_64' title="bbox 404 3333 2050 3431">
    <p class='ocr_par' dir='ltr' id='par_1_64' title="bbox 404 3333 2050 3431">
     <span class='ocr_line' id='line_1_66' title="bbox 404 3333 2050 3431; baseline 0.003 -17"><span class='ocrx_word' id='word_1_531' title='bbox 404 3366 603 3414; x_wconf 82' lang='lat' dir='ltr'><strong>sorem</strong></span> <span class='ocrx_word' id='word_1_532' title='bbox 659 3366 844 3431; x_wconf 86' lang='lat' dir='ltr'><strong>super</strong></span> <span class='ocrx_word' id='word_1_533' title='bbox 885 3333 1027 3413; x_wconf 78' lang='lat' dir='ltr'><strong>vos?</strong></span> <span class='ocrx_word' id='word_1_534' title='bbox 1079 3351 1368 3426; x_wconf 85' lang='lat' dir='ltr'><strong>Quoniam</strong></span> <span class='ocrx_word' id='word_1_535' title='bbox 1420 3333 1579 3414; x_wconf 76' lang='lat' dir='ltr'><strong>enim</strong></span> <span class='ocrx_word' id='word_1_536' title='bbox 1625 3354 1726 3416; x_wconf 92' lang='lat' dir='ltr'><strong>ille</strong></span> <span class='ocrx_word' id='word_1_537' title='bbox 1772 3356 2050 3419; x_wconf 89' lang='lat' dir='ltr'><strong>omiserat</strong></span> 
     </span>
    </p>
   </div>
   <div class='ocr_carea' id='block_1_65' title="bbox 2141 3333 3800 3431">
    <p class='ocr_par' dir='ltr' id='par_1_65' title="bbox 2141 3333 3800 3417">
     <span class='ocr_line' id='line_1_67' title="bbox 2141 3333 3800 3417; baseline 0.007 -30"><span class='ocrx_word' id='word_1_538' title='bbox 2141 3333 2270 3400; x_wconf 73' lang='grc' dir='ltr'>στὴν</span> <span class='ocrx_word' id='word_1_539' title='bbox 2340 3334 2376 3402; x_wconf 72' lang='grc' dir='ltr'>ἢ</span> <span class='ocrx_word' id='word_1_540' title='bbox 2450 3333 2707 3413; x_wconf 75' lang='grc' dir='ltr'>μεριστὴν</span> <span class='ocrx_word' id='word_1_541' title='bbox 2767 3333 2852 3415; x_wconf 77' lang='grc' dir='ltr'><strong>ἐφ’</strong></span> <span class='ocrx_word' id='word_1_542' title='bbox 2899 3340 3092 3410; x_wconf 71' lang='grc' dir='ltr'>ὑμᾶςς</span> <span class='ocrx_word' id='word_1_543' title='bbox 3152 3335 3376 3404; x_wconf 79' lang='grc' dir='ltr'>Ἐπειδὴ</span> <span class='ocrx_word' id='word_1_544' title='bbox 3436 3338 3537 3417; x_wconf 73' lang='grc' dir='ltr'><strong>γὰρ</strong></span> <span class='ocrx_word' id='word_1_545' title='bbox 3565 3340 3800 3412; x_wconf 64' lang='grc' dir='ltr'>ἐκεῖνος,</span> 
     </span>
    </p>
   </div>
   <div class='ocr_carea' id='block_1_66' title="bbox 406 3438 2053 3525">
    <p class='ocr_par' dir='ltr' id='par_1_66' title="bbox 406 3438 2053 3525">
     <span class='ocr_line' id='line_1_68' title="bbox 406 3438 2053 3525; baseline 0.005 -24"><span class='ocrx_word' id='word_1_546' title='bbox 406 3446 612 3525; x_wconf 88' lang='lat' dir='ltr'><strong>petere</strong></span> <span class='ocrx_word' id='word_1_547' title='bbox 636 3440 822 3522; x_wconf 88' lang='lat' dir='ltr'><strong>utilia,</strong></span> <span class='ocrx_word' id='word_1_548' title='bbox 856 3449 914 3504; x_wconf 91' lang='lat' dir='ltr'><strong>et</strong></span> <span class='ocrx_word' id='word_1_549' title='bbox 943 3438 1156 3504; x_wconf 83' lang='lat' dir='ltr'><strong>animae</strong></span> <span class='ocrx_word' id='word_1_550' title='bbox 1184 3441 1356 3504; x_wconf 88' lang='lat' dir='ltr'><strong>saluti</strong></span> <span class='ocrx_word' id='word_1_551' title='bbox 1396 3444 1789 3519; x_wconf 85' lang='lat' dir='ltr'><strong>conferentia,</strong></span> <span class='ocrx_word' id='word_1_552' title='bbox 1825 3445 1885 3506; x_wconf 90' lang='lat' dir='ltr'><strong>in</strong></span> <span class='ocrx_word' id='word_1_553' title='bbox 1930 3455 2053 3508; x_wconf 89' lang='lat' dir='ltr'><strong>ter-</strong></span> 
     </span>
    </p>
   </div>
   <div class='ocr_carea' id='block_1_67' title="bbox 404 3527 2052 3615">
    <p class='ocr_par' dir='ltr' id='par_1_67' title="bbox 404 3527 2052 3615">
     <span class='ocr_line' id='line_1_69' title="bbox 404 3527 2052 3615; baseline 0.002 -21"><span class='ocrx_word' id='word_1_554' title='bbox 404 3527 572 3594; x_wconf 88' lang='lat' dir='ltr'><strong>renis</strong></span> <span class='ocrx_word' id='word_1_555' title='bbox 617 3537 675 3592; x_wconf 94' lang='lat' dir='ltr'><strong>et</strong></span> <span class='ocrx_word' id='word_1_556' title='bbox 730 3528 1152 3613; x_wconf 88' lang='lat' dir='ltr'><strong>temporalibus</strong></span> <span class='ocrx_word' id='word_1_557' title='bbox 1206 3530 1458 3611; x_wconf 82' lang='lat' dir='ltr'><strong>negotiis</strong></span> <span class='ocrx_word' id='word_1_558' title='bbox 1514 3533 1813 3613; x_wconf 59' lang='lat' dir='ltr'><strong>quaerebat</strong></span> <span class='ocrx_word' id='word_1_559' title='bbox 1860 3535 2052 3615; x_wconf 89' lang='lat' dir='ltr'><strong>ipsum</strong></span> 
     </span>
    </p>
   </div>
   <div class='ocr_carea' id='block_1_68' title="bbox 406 3620 2049 3705">
    <p class='ocr_par' dir='ltr' id='par_1_68' title="bbox 406 3620 2049 3705">
     <span class='ocr_line' id='line_1_70' title="bbox 406 3620 2049 3705; baseline 0.002 -21"><span class='ocrx_word' id='word_1_560' title='bbox 406 3624 605 3684; x_wconf 83' lang='lat' dir='ltr'><strong>facere</strong></span> <span class='ocrx_word' id='word_1_561' title='bbox 633 3620 948 3684; x_wconf 86' lang='lat' dir='ltr'><strong>divisorem</strong></span> <span class='ocrx_word' id='word_1_562' title='bbox 977 3642 993 3682; x_wconf 92' lang='lat'><strong><em>:</em></strong></span> <span class='ocrx_word' id='word_1_563' title='bbox 1025 3622 1191 3702; x_wconf 87' lang='lat' dir='ltr'><strong>cujus</strong></span> <span class='ocrx_word' id='word_1_564' title='bbox 1214 3623 1398 3703; x_wconf 81' lang='lat' dir='ltr'><strong>gratia</strong></span> <span class='ocrx_word' id='word_1_565' title='bbox 1421 3623 1590 3704; x_wconf 88' lang='lat' dir='ltr'><strong>quasi</strong></span> <span class='ocrx_word' id='word_1_566' title='bbox 1613 3624 2049 3705; x_wconf 79' lang='lat' dir='ltr'><strong>obstreperum,</strong></span> 
     </span>
    </p>
   </div>
   <div class='ocr_carea' id='block_1_69' title="bbox 404 3708 2056 3796">
    <p class='ocr_par' dir='ltr' id='par_1_69' title="bbox 404 3708 2056 3796">
     <span class='ocr_line' id='line_1_71' title="bbox 404 3708 2056 3796; baseline 0.001 -21"><span class='ocrx_word' id='word_1_567' title='bbox 404 3708 640 3775; x_wconf 82' lang='lat' dir='ltr'><strong>etnihil</strong></span> <span class='ocrx_word' id='word_1_568' title='bbox 670 3730 740 3774; x_wconf 83' lang='lat' dir='ltr'><strong>ex</strong></span> <span class='ocrx_word' id='word_1_569' title='bbox 759 3711 1003 3775; x_wconf 89' lang='lat' dir='ltr'><strong>utilibus</strong></span> <span class='ocrx_word' id='word_1_570' title='bbox 1023 3710 1254 3775; x_wconf 90' lang='lat' dir='ltr'><strong>discere</strong></span> <span class='ocrx_word' id='word_1_571' title='bbox 1272 3711 1860 3794; x_wconf 90' lang='lat' dir='ltr'><strong>volentem,dimittit,</strong></span> <span class='ocrx_word' id='word_1_572' title='bbox 1878 3714 2056 3796; x_wconf 88' lang='lat' dir='ltr'><strong>idque</strong></span> 
     </span>
    </p>
   </div>
   <div class='ocr_carea' id='block_1_70' title="bbox 404 3801 2051 3867">
    <p class='ocr_par' dir='ltr' id='par_1_70' title="bbox 404 3801 2051 3867">
     <span class='ocr_line' id='line_1_72' title="bbox 404 3801 2051 3867; baseline 0.001 -1"><span class='ocrx_word' id='word_1_573' title='bbox 404 3809 717 3866; x_wconf 82' lang='lat' dir='ltr'><strong>mansuete</strong></span> <span class='ocrx_word' id='word_1_574' title='bbox 768 3808 827 3864; x_wconf 88' lang='lat' dir='ltr'><strong>et</strong></span> <span class='ocrx_word' id='word_1_575' title='bbox 878 3821 995 3865; x_wconf 92' lang='lat' dir='ltr'><strong>non</strong></span> <span class='ocrx_word' id='word_1_576' title='bbox 1047 3810 1280 3866; x_wconf 88' lang='lat' dir='ltr'><strong>austere</strong></span> <span class='ocrx_word' id='word_1_577' title='bbox 1335 3801 1575 3865; x_wconf 85' lang='lat' dir='ltr'><strong>faciens.</strong></span> <span class='ocrx_word' id='word_1_578' title='bbox 1624 3804 1811 3866; x_wconf 89' lang='lat' dir='ltr'><strong>Docet</strong></span> <span class='ocrx_word' id='word_1_579' title='bbox 1855 3814 2051 3867; x_wconf 89' lang='lat' dir='ltr'><strong>autem</strong></span> 
     </span>
    </p>
   </div>
   <div class='ocr_carea' id='block_1_71' title="bbox 404 3891 2054 3974">
    <p class='ocr_par' dir='ltr' id='par_1_71' title="bbox 404 3891 2054 3974">
     <span class='ocr_line' id='line_1_73' title="bbox 404 3891 2054 3974; baseline 0.001 -19"><span class='ocrx_word' id='word_1_580' title='bbox 404 3891 648 3955; x_wconf 90' lang='lat' dir='ltr'><strong>omnino</strong></span> <span class='ocrx_word' id='word_1_581' title='bbox 680 3910 786 3974; x_wconf 90' lang='lat' dir='ltr'><strong>per</strong></span> <span class='ocrx_word' id='word_1_582' title='bbox 814 3891 925 3955; x_wconf 90' lang='lat' dir='ltr'><strong>hoc</strong></span> <span class='ocrx_word' id='word_1_583' title='bbox 974 3910 1186 3954; x_wconf 90' lang='lat' dir='ltr'><strong>omnes</strong></span> <span class='ocrx_word' id='word_1_584' title='bbox 1218 3898 1276 3954; x_wconf 88' lang='lat' dir='ltr'><strong>et</strong></span> <span class='ocrx_word' id='word_1_585' title='bbox 1307 3894 1405 3968; x_wconf 92' lang='lat' dir='ltr'><strong>qui</strong></span> <span class='ocrx_word' id='word_1_586' title='bbox 1452 3899 1591 3953; x_wconf 91' lang='lat' dir='ltr'><strong>tunc</strong></span> <span class='ocrx_word' id='word_1_587' title='bbox 1641 3901 1697 3954; x_wconf 91' lang='lat' dir='ltr'><strong>et</strong></span> <span class='ocrx_word' id='word_1_588' title='bbox 1746 3894 1844 3971; x_wconf 91' lang='lat' dir='ltr'><strong>qui</strong></span> <span class='ocrx_word' id='word_1_589' title='bbox 1896 3913 2054 3957; x_wconf 89' lang='lat' dir='ltr'><strong>nunc</strong></span> 
     </span>
    </p>
   </div>
   <div class='ocr_carea' id='block_1_72' title="bbox 401 3980 2052 4065">
    <p class='ocr_par' dir='ltr' id='par_1_72' title="bbox 401 3980 2052 4065">
     <span class='ocr_line' id='line_1_74' title="bbox 401 3980 2052 4065; baseline 0 -19"><span class='ocrx_word' id='word_1_590' title='bbox 401 3980 674 4058; x_wconf 88' lang='lat' dir='ltr'><strong>audiunt,</strong></span> <span class='ocrx_word' id='word_1_591' title='bbox 701 3981 902 4044; x_wconf 91' lang='lat' dir='ltr'><strong>omnia</strong></span> <span class='ocrx_word' id='word_1_592' title='bbox 929 3981 1169 4065; x_wconf 89' lang='lat' dir='ltr'><strong>quidem</strong></span> <span class='ocrx_word' id='word_1_593' title='bbox 1203 3991 1447 4046; x_wconf 89' lang='lat' dir='ltr'><strong>terrena</strong></span> <span class='ocrx_word' id='word_1_594' title='bbox 1477 3981 1852 4062; x_wconf 81' lang='lat' dir='ltr'><strong>negligenda,</strong></span> <span class='ocrx_word' id='word_1_595' title='bbox 1888 3992 1947 4046; x_wconf 89' lang='lat' dir='ltr'><strong>et</strong></span> <span class='ocrx_word' id='word_1_596' title='bbox 1975 3983 2052 4046; x_wconf 93' lang='lat' dir='ltr'><strong>ob</strong></span> 
     </span>
    </p>
   </div>
   <div class='ocr_carea' id='block_1_73' title="bbox 401 4070 2048 4154">
    <p class='ocr_par' dir='ltr' id='par_1_73' title="bbox 401 4070 2048 4154">
     <span class='ocr_line' id='line_1_75' title="bbox 401 4070 2048 4154; baseline 0.001 -19"><span class='ocrx_word' id='word_1_597' title='bbox 401 4070 754 4154; x_wconf 86' lang='lat' dir='ltr'><strong>temporalia</strong></span> <span class='ocrx_word' id='word_1_598' title='bbox 785 4072 1021 4152; x_wconf 87' lang='lat' dir='ltr'><strong>negotia</strong></span> <span class='ocrx_word' id='word_1_599' title='bbox 1064 4090 1180 4133; x_wconf 92' lang='lat' dir='ltr'><strong>non</strong></span> <span class='ocrx_word' id='word_1_600' title='bbox 1224 4070 1708 4137; x_wconf 85' lang='lat' dir='ltr'><strong>contendendum</strong></span> <span class='ocrx_word' id='word_1_601' title='bbox 1748 4092 1880 4134; x_wconf 90' lang='lat' dir='ltr'><strong>cum</strong></span> <span class='ocrx_word' id='word_1_602' title='bbox 1927 4074 2048 4136; x_wconf 84' lang='lat' dir='ltr'><strong>fra-</strong></span> 
     </span>
    </p>
   </div>
   <div class='ocr_carea' id='block_1_74' title="bbox 402 4158 2056 4240">
    <p class='ocr_par' dir='ltr' id='par_1_74' title="bbox 402 4158 2056 4240">
     <span class='ocr_line' id='line_1_76' title="bbox 402 4158 2056 4240; baseline -0.002 -13"><span class='ocrx_word' id='word_1_603' title='bbox 402 4160 618 4240; x_wconf 85' lang='lat' dir='ltr'><strong>tribus,</strong></span> <span class='ocrx_word' id='word_1_604' title='bbox 650 4160 983 4226; x_wconf 89' lang='lat' dir='ltr'><strong>cedendum</strong></span> <span class='ocrx_word' id='word_1_605' title='bbox 1005 4168 1203 4224; x_wconf 90' lang='lat' dir='ltr'><strong>autem</strong></span> <span class='ocrx_word' id='word_1_606' title='bbox 1234 4158 1420 4239; x_wconf 88' lang='lat' dir='ltr'><strong>magis</strong></span> <span class='ocrx_word' id='word_1_607' title='bbox 1441 4159 1580 4235; x_wconf 91' lang='lat' dir='ltr'><strong>illis,</strong></span> <span class='ocrx_word' id='word_1_608' title='bbox 1614 4161 1846 4224; x_wconf 90' lang='lat' dir='ltr'><strong>etiamsi</strong></span> <span class='ocrx_word' id='word_1_609' title='bbox 1867 4162 2056 4225; x_wconf 90' lang='lat' dir='ltr'><strong>velint</strong></span> 
     </span>
    </p>
   </div>
   <div class='ocr_carea' id='block_1_75' title="bbox 400 4249 2054 4333">
    <p class='ocr_par' dir='ltr' id='par_1_75' title="bbox 400 4249 2054 4333">
     <span class='ocr_line' id='line_1_77' title="bbox 400 4249 2054 4333; baseline -0.002 -15"><span class='ocrx_word' id='word_1_610' title='bbox 400 4251 561 4318; x_wconf 74' lang='lat' dir='ltr'><strong>avari</strong></span> <span class='ocrx_word' id='word_1_611' title='bbox 592 4268 753 4314; x_wconf 89' lang='lat' dir='ltr'><strong>esse.</strong></span> <span class='ocrx_word' id='word_1_612' title='bbox 784 4250 874 4313; x_wconf 86' lang='lat' dir='ltr'><strong>Ab</strong></span> <span class='ocrx_word' id='word_1_613' title='bbox 906 4270 977 4313; x_wconf 90' lang='lat' dir='ltr'><strong>eo</strong></span> <span class='ocrx_word' id='word_1_614' title='bbox 1010 4249 1196 4326; x_wconf 91' lang='lat' dir='ltr'><strong>enim,</strong></span> <span class='ocrx_word' id='word_1_615' title='bbox 1230 4249 1447 4333; x_wconf 87' lang='lat' dir='ltr'><strong>inquit,</strong></span> <span class='ocrx_word' id='word_1_616' title='bbox 1479 4251 1583 4333; x_wconf 93' lang='lat' dir='ltr'><strong>qui</strong></span> <span class='ocrx_word' id='word_1_617' title='bbox 1611 4251 1801 4314; x_wconf 85' lang='lat' dir='ltr'><strong>aufert</strong></span> <span class='ocrx_word' id='word_1_618' title='bbox 1834 4259 1950 4328; x_wconf 89' lang='lat' dir='ltr'><strong>tua,</strong></span> <span class='ocrx_word' id='word_1_619' title='bbox 1978 4272 2054 4315; x_wconf 89' lang='lat' dir='ltr'><strong>ne</strong></span> 
     </span>
    </p>
   </div>
   <div class='ocr_carea' id='block_1_76' title="bbox 404 4339 2055 4429">
    <p class='ocr_par' dir='ltr' id='par_1_76' title="bbox 404 4339 2055 4429">
     <span class='ocr_line' id='line_1_78' title="bbox 404 4339 2055 4429; baseline -0.002 -21"><span class='ocrx_word' id='word_1_620' title='bbox 404 4349 664 4424; x_wconf 85' lang='lat' dir='ltr'><strong>repetas.</strong></span> <span class='ocrx_word' id='word_1_621' title='bbox 701 4339 1031 4415; x_wconf 82' lang='lat' dir='ltr'><strong>Quaerenda</strong></span> <span class='ocrx_word' id='word_1_622' title='bbox 1063 4339 1245 4429; x_wconf 81' lang='lat' dir='ltr'><strong>igitur</strong></span> <span class='ocrx_word' id='word_1_623' title='bbox 1272 4358 1642 4421; x_wconf 58' lang='lat' dir='ltr'><strong>quascunque</strong></span> <span class='ocrx_word' id='word_1_624' title='bbox 1668 4340 1836 4404; x_wconf 91' lang='lat' dir='ltr'><strong>utilia</strong></span> <span class='ocrx_word' id='word_1_625' title='bbox 1857 4350 1916 4405; x_wconf 91' lang='lat' dir='ltr'><strong>et</strong></span> <span class='ocrx_word' id='word_1_626' title='bbox 1945 4361 2055 4405; x_wconf 90' lang='lat' dir='ltr'><strong>ne-</strong></span> 
     </span>
    </p>
   </div>
   <div class='ocr_carea' id='block_1_77' title="bbox 405 4429 2055 4503">
    <p class='ocr_par' dir='ltr' id='par_1_77' title="bbox 405 4429 2055 4503">
     <span class='ocr_line' id='line_1_79' title="bbox 405 4429 2055 4503; baseline -0.002 -6"><span class='ocrx_word' id='word_1_627' title='bbox 405 4432 671 4498; x_wconf 84' lang='lat' dir='ltr'><strong>cessaria</strong></span> <span class='ocrx_word' id='word_1_628' title='bbox 704 4440 842 4495; x_wconf 88' lang='lat' dir='ltr'><strong>sunt</strong></span> <span class='ocrx_word' id='word_1_629' title='bbox 871 4431 943 4492; x_wconf 91' lang='lat' dir='ltr'><strong>ad</strong></span> <span class='ocrx_word' id='word_1_630' title='bbox 978 4429 1230 4493; x_wconf 90' lang='lat' dir='ltr'><strong>salutem</strong></span> <span class='ocrx_word' id='word_1_631' title='bbox 1255 4430 1471 4492; x_wconf 89' lang='lat' dir='ltr'><strong>animae</strong></span> <span class='ocrx_word' id='word_1_632' title='bbox 1498 4453 1514 4503; x_wconf 86' lang='lat'><strong>;</strong></span> <span class='ocrx_word' id='word_1_633' title='bbox 1545 4430 1678 4494; x_wconf 91' lang='lat' dir='ltr'><strong>ideo</strong></span> <span class='ocrx_word' id='word_1_634' title='bbox 1709 4439 1771 4493; x_wconf 92' lang='lat' dir='ltr'><strong>et</strong></span> <span class='ocrx_word' id='word_1_635' title='bbox 1794 4432 2055 4494; x_wconf 88' lang='lat' dir='ltr'><strong>subdidit</strong></span> 
     </span>
    </p>
   </div>
   <div class='ocr_carea' id='block_1_78' title="bbox 402 4519 2054 4602">
    <p class='ocr_par' dir='ltr' id='par_1_78' title="bbox 402 4519 2054 4602">
     <span class='ocr_line' id='line_1_80' title="bbox 402 4519 2054 4602; baseline -0.002 -15"><span class='ocrx_word' id='word_1_636' title='bbox 402 4523 655 4588; x_wconf 87' lang='lat' dir='ltr'><strong>dicens:</strong></span> <span class='ocrx_word' id='word_1_637' title='bbox 688 4522 900 4586; x_wconf 86' lang='lat' dir='ltr'><strong>Videte</strong></span> <span class='ocrx_word' id='word_1_638' title='bbox 933 4529 991 4582; x_wconf 88' lang='lat' dir='ltr'><strong>et</strong></span> <span class='ocrx_word' id='word_1_639' title='bbox 1042 4519 1334 4583; x_wconf 88' lang='lat' dir='ltr'><strong>custodite</strong></span> <span class='ocrx_word' id='word_1_640' title='bbox 1378 4538 1477 4581; x_wconf 89' lang='lat' dir='ltr'><strong>vos</strong></span> <span class='ocrx_word' id='word_1_641' title='bbox 1505 4519 1578 4581; x_wconf 89' lang='lat' dir='ltr'><strong>ab</strong></span> <span class='ocrx_word' id='word_1_642' title='bbox 1631 4520 1892 4602; x_wconf 87' lang='lat' dir='ltr'><strong>avaritia,</strong></span> <span class='ocrx_word' id='word_1_643' title='bbox 1926 4532 1995 4585; x_wconf 90' lang='lat' dir='ltr'><strong>ut</strong></span> <span class='ocrx_word' id='word_1_644' title='bbox 2023 4542 2054 4583; x_wconf 88' lang='lat' dir='ltr'><strong>a</strong></span> 
     </span>
    </p>
   </div>
   <div class='ocr_carea' id='block_1_79' title="bbox 403 4608 2053 4694">
    <p class='ocr_par' dir='ltr' id='par_1_79' title="bbox 403 4608 2053 4694">
     <span class='ocr_line' id='line_1_81' title="bbox 403 4608 2053 4694; baseline -0.002 -17"><span class='ocrx_word' id='word_1_645' title='bbox 403 4612 699 4677; x_wconf 87' lang='lat' dir='ltr'><strong>diabolica</strong></span> <span class='ocrx_word' id='word_1_646' title='bbox 728 4613 981 4694; x_wconf 88' lang='lat' dir='ltr'><strong>quadam</strong></span> <span class='ocrx_word' id='word_1_647' title='bbox 1014 4610 1184 4673; x_wconf 88' lang='lat' dir='ltr'><strong>fovea</strong></span> <span class='ocrx_word' id='word_1_648' title='bbox 1211 4608 1495 4672; x_wconf 90' lang='lat' dir='ltr'><strong>admonet</strong></span> <span class='ocrx_word' id='word_1_649' title='bbox 1517 4628 1630 4672; x_wconf 91' lang='lat' dir='ltr'><strong>nos</strong></span> <span class='ocrx_word' id='word_1_650' title='bbox 1649 4618 1710 4672; x_wconf 93' lang='lat' dir='ltr'><strong>ut</strong></span> <span class='ocrx_word' id='word_1_651' title='bbox 1740 4609 2053 4692; x_wconf 79' lang='lat' dir='ltr'><strong>fugiamus.</strong></span> 
     </span>
    </p>
   </div>
   <div class='ocr_carea' id='block_1_80' title="bbox 400 4697 2058 4785">
    <p class='ocr_par' dir='ltr' id='par_1_80' title="bbox 400 4697 2058 4785">
     <span class='ocr_line' id='line_1_82' title="bbox 400 4697 2058 4785; baseline -0.003 -17"><span class='ocrx_word' id='word_1_652' title='bbox 400 4704 493 4768; x_wconf 81' lang='lat' dir='ltr'><strong>Ad</strong></span> <span class='ocrx_word' id='word_1_653' title='bbox 524 4721 675 4785; x_wconf 89' lang='lat' dir='ltr'><strong>quos</strong></span> <span class='ocrx_word' id='word_1_654' title='bbox 703 4709 903 4765; x_wconf 87' lang='lat' dir='ltr'><strong>autem</strong></span> <span class='ocrx_word' id='word_1_655' title='bbox 931 4699 1117 4763; x_wconf 81' lang='lat' dir='ltr'><strong>dixit:</strong></span> <span class='ocrx_word' id='word_1_656' title='bbox 1155 4697 1366 4764; x_wconf 82' lang='lat' dir='ltr'><strong>Videte</strong></span> <span class='ocrx_word' id='word_1_657' title='bbox 1413 4707 1471 4760; x_wconf 84' lang='lat' dir='ltr'><strong>et</strong></span> <span class='ocrx_word' id='word_1_658' title='bbox 1514 4699 1804 4761; x_wconf 81' lang='lat' dir='ltr'><strong>custodite</strong></span> <span class='ocrx_word' id='word_1_659' title='bbox 1846 4719 1947 4762; x_wconf 93' lang='lat' dir='ltr'><strong>vos</strong></span> <span class='ocrx_word' id='word_1_660' title='bbox 1984 4700 2058 4763; x_wconf 90' lang='lat' dir='ltr'><strong>ab</strong></span> 
     </span>
    </p>
   </div>
   <div class='ocr_carea' id='block_1_81' title="bbox 402 4788 2059 4871">
    <p class='ocr_par' dir='ltr' id='par_1_81' title="bbox 402 4788 2059 4871">
     <span class='ocr_line' id='line_1_83' title="bbox 402 4788 2059 4871; baseline -0.002 -14"><span class='ocrx_word' id='word_1_661' title='bbox 402 4793 690 4858; x_wconf 81' lang='lat' dir='ltr'><strong>avaritia?</strong></span> <span class='ocrx_word' id='word_1_662' title='bbox 718 4790 811 4857; x_wconf 85' lang='lat' dir='ltr'><strong>Ad</strong></span> <span class='ocrx_word' id='word_1_663' title='bbox 845 4790 996 4853; x_wconf 91' lang='lat' dir='ltr'><strong>duos</strong></span> <span class='ocrx_word' id='word_1_664' title='bbox 1017 4789 1154 4854; x_wconf 89' lang='lat' dir='ltr'><strong>illos</strong></span> <span class='ocrx_word' id='word_1_665' title='bbox 1185 4789 1420 4871; x_wconf 86' lang='lat' dir='ltr'><strong>fratres,</strong></span> <span class='ocrx_word' id='word_1_666' title='bbox 1456 4788 1737 4868; x_wconf 89' lang='lat' dir='ltr'><strong>quoniam</strong></span> <span class='ocrx_word' id='word_1_667' title='bbox 1770 4790 1843 4851; x_wconf 92' lang='lat' dir='ltr'><strong>de</strong></span> <span class='ocrx_word' id='word_1_668' title='bbox 1874 4791 2059 4853; x_wconf 76' lang='lat' dir='ltr'><strong>haere-</strong></span> 
     </span>
    </p>
   </div>
   <div class='ocr_carea' id='block_1_82' title="bbox 404 4877 2052 4953">
    <p class='ocr_par' dir='ltr' id='par_1_82' title="bbox 404 4877 2052 4953">
     <span class='ocr_line' id='line_1_84' title="bbox 404 4877 2052 4953; baseline -0.003 -4"><span class='ocrx_word' id='word_1_669' title='bbox 404 4885 590 4949; x_wconf 85' lang='lat' dir='ltr'><strong>ditate</strong></span> <span class='ocrx_word' id='word_1_670' title='bbox 621 4882 707 4944; x_wconf 91' lang='lat' dir='ltr'><strong>illi</strong></span> <span class='ocrx_word' id='word_1_671' title='bbox 757 4878 1222 4944; x_wconf 87' lang='lat' dir='ltr'><strong>contendebant.</strong></span> <span class='ocrx_word' id='word_1_672' title='bbox 1277 4877 1618 4943; x_wconf 85' lang='lat' dir='ltr'><strong>Verisimile</strong></span> <span class='ocrx_word' id='word_1_673' title='bbox 1657 4888 1852 4940; x_wconf 90' lang='lat' dir='ltr'><strong>autem</strong></span> <span class='ocrx_word' id='word_1_674' title='bbox 1905 4890 2052 4953; x_wconf 90' lang='lat' dir='ltr'><strong>erat,</strong></span> 
     </span>
    </p>
   </div>
   <div class='ocr_carea' id='block_1_83' title="bbox 402 4968 2061 5049">
    <p class='ocr_par' dir='ltr' id='par_1_83' title="bbox 402 4968 2061 5049">
     <span class='ocr_line' id='line_1_85' title="bbox 402 4968 2061 5049; baseline -0.003 -11"><span class='ocrx_word' id='word_1_675' title='bbox 402 4993 588 5038; x_wconf 90' lang='lat' dir='ltr'><strong>unum</strong></span> <span class='ocrx_word' id='word_1_676' title='bbox 624 4990 692 5035; x_wconf 78' lang='lat' dir='ltr'><strong>ex</strong></span> <span class='ocrx_word' id='word_1_677' title='bbox 721 4971 841 5035; x_wconf 89' lang='lat' dir='ltr'><strong>illis</strong></span> <span class='ocrx_word' id='word_1_678' title='bbox 869 4969 1099 5033; x_wconf 86' lang='lat' dir='ltr'><strong>duobus</strong></span> <span class='ocrx_word' id='word_1_679' title='bbox 1129 4969 1379 5032; x_wconf 89' lang='lat' dir='ltr'><strong>alterum</strong></span> <span class='ocrx_word' id='word_1_680' title='bbox 1430 4968 1643 5049; x_wconf 89' lang='lat' dir='ltr'><strong>injuria</strong></span> <span class='ocrx_word' id='word_1_681' title='bbox 1673 4969 1966 5043; x_wconf 80' lang='lat' dir='ltr'><strong>affecisse,</strong></span> <span class='ocrx_word' id='word_1_682' title='bbox 2003 4980 2061 5033; x_wconf 90' lang='lat' dir='ltr'><strong>et</strong></span> 
     </span>
    </p>
   </div>
   <div class='ocr_carea' id='block_1_84' title="bbox 404 5057 2057 5148">
    <p class='ocr_par' dir='ltr' id='par_1_84' title="bbox 404 5057 2057 5148">
     <span class='ocr_line' id='line_1_86' title="bbox 404 5057 2057 5148; baseline -0.003 -21"><span class='ocrx_word' id='word_1_683' title='bbox 404 5070 724 5148; x_wconf 82' lang='lat' dir='ltr'><strong>prapterea</strong></span> <span class='ocrx_word' id='word_1_684' title='bbox 752 5063 827 5126; x_wconf 93' lang='lat' dir='ltr'><strong>de</strong></span> <span class='ocrx_word' id='word_1_685' title='bbox 859 5060 1104 5123; x_wconf 87' lang='lat' dir='ltr'><strong>avaritia</strong></span> <span class='ocrx_word' id='word_1_686' title='bbox 1150 5079 1282 5122; x_wconf 91' lang='lat' dir='ltr'><strong>cum</strong></span> <span class='ocrx_word' id='word_1_687' title='bbox 1326 5059 1445 5122; x_wconf 90' lang='lat' dir='ltr'><strong>illis</strong></span> <span class='ocrx_word' id='word_1_688' title='bbox 1473 5058 1752 5148; x_wconf 86' lang='lat' dir='ltr'><strong>loquitur.</strong></span> <span class='ocrx_word' id='word_1_689' title='bbox 1789 5057 2057 5139; x_wconf 87' lang='lat' dir='ltr'><strong>Magnum</strong></span> 
     </span>
    </p>
   </div>
   <div class='ocr_carea' id='block_1_85' title="bbox 403 5146 2047 5217">
    <p class='ocr_par' dir='ltr' id='par_1_85' title="bbox 403 5146 2047 5217">
     <span class='ocr_line' id='line_1_87' title="bbox 403 5146 2047 5217; baseline -0.004 -1"><span class='ocrx_word' id='word_1_690' title='bbox 403 5146 564 5217; x_wconf 82' lang='lat' dir='ltr'><strong>enim</strong></span> <span class='ocrx_word' id='word_1_691' title='bbox 593 5153 706 5215; x_wconf 87' lang='lat' dir='ltr'><strong>hoc</strong></span> <span class='ocrx_word' id='word_1_692' title='bbox 736 5151 957 5214; x_wconf 81' lang='lat' dir='ltr'><strong>malum</strong></span> <span class='ocrx_word' id='word_1_693' title='bbox 986 5172 1000 5215; x_wconf 76' lang='grc' dir='ltr'><strong>ε</strong></span> <span class='ocrx_word' id='word_1_694' title='bbox 1036 5149 1260 5213; x_wconf 91' lang='lat' dir='ltr'><strong>idcirco</strong></span> <span class='ocrx_word' id='word_1_695' title='bbox 1299 5157 1356 5211; x_wconf 90' lang='lat' dir='ltr'><strong>et</strong></span> <span class='ocrx_word' id='word_1_696' title='bbox 1410 5146 1622 5209; x_wconf 90' lang='lat' dir='ltr'><strong>Paulus</strong></span> <span class='ocrx_word' id='word_1_697' title='bbox 1652 5147 2047 5211; x_wconf 90' lang='lat' dir='ltr'><strong>idololatriam</strong></span> 
     </span>
    </p>
   </div>
   <div class='ocr_carea' id='block_1_86' title="bbox 404 5228 2057 5314">
    <p class='ocr_par' dir='ltr' id='par_1_86' title="bbox 404 5228 2057 5314">
     <span class='ocr_line' id='line_1_88' title="bbox 404 5228 2057 5314; baseline -0.004 -16"><span class='ocrx_word' id='word_1_698' title='bbox 404 5236 597 5314; x_wconf 86' lang='lat' dir='ltr'><strong>ipsam</strong></span> <span class='ocrx_word' id='word_1_699' title='bbox 630 5240 840 5296; x_wconf 88' lang='lat' dir='ltr'><strong>vocat:</strong></span> <span class='ocrx_word' id='word_1_700' title='bbox 884 5232 1037 5295; x_wconf 85' lang='lat' dir='ltr'><strong>forte</strong></span> <span class='ocrx_word' id='word_1_701' title='bbox 1090 5231 1246 5313; x_wconf 91' lang='lat' dir='ltr'><strong>quod</strong></span> <span class='ocrx_word' id='word_1_702' title='bbox 1297 5229 1368 5292; x_wconf 92' lang='lat' dir='ltr'><strong>ad</strong></span> <span class='ocrx_word' id='word_1_703' title='bbox 1402 5228 1561 5291; x_wconf 87' lang='lat' dir='ltr'><strong>solos</strong></span> <span class='ocrx_word' id='word_1_704' title='bbox 1606 5229 1901 5309; x_wconf 82' lang='lat' dir='ltr'><strong>pertineat</strong></span> <span class='ocrx_word' id='word_1_705' title='bbox 1957 5231 2057 5312; x_wconf 92' lang='lat' dir='ltr'><strong>qui</strong></span> 
     </span>
    </p>
   </div>
   <div class='ocr_carea' id='block_1_87' title="bbox 402 5318 2059 5402">
    <p class='ocr_par' dir='ltr' id='par_1_87' title="bbox 402 5318 2059 5402">
     <span class='ocr_line' id='line_1_89' title="bbox 402 5318 2059 5402; baseline -0.005 -13"><span class='ocrx_word' id='word_1_706' title='bbox 402 5323 595 5389; x_wconf 88' lang='lat' dir='ltr'><strong>Deum</strong></span> <span class='ocrx_word' id='word_1_707' title='bbox 626 5321 900 5402; x_wconf 88' lang='lat' dir='ltr'><strong>ignorant</strong></span> <span class='ocrx_word' id='word_1_708' title='bbox 935 5343 948 5386; x_wconf 89' lang='lat'><strong>:</strong></span> <span class='ocrx_word' id='word_1_709' title='bbox 984 5321 1097 5397; x_wconf 86' lang='lat' dir='ltr'><strong>vel,</strong></span> <span class='ocrx_word' id='word_1_710' title='bbox 1130 5321 1191 5382; x_wconf 95' lang='lat' dir='ltr'><strong>id</strong></span> <span class='ocrx_word' id='word_1_711' title='bbox 1242 5319 1399 5402; x_wconf 92' lang='lat' dir='ltr'><strong>quod</strong></span> <span class='ocrx_word' id='word_1_712' title='bbox 1441 5318 1616 5380; x_wconf 91' lang='lat' dir='ltr'><strong>etiam</strong></span> <span class='ocrx_word' id='word_1_713' title='bbox 1670 5319 1888 5393; x_wconf 90' lang='lat' dir='ltr'><strong>verius,</strong></span> <span class='ocrx_word' id='word_1_714' title='bbox 1922 5320 2059 5401; x_wconf 89' lang='lat' dir='ltr'><strong>quia</strong></span> 
     </span>
    </p>
   </div>
   <div class='ocr_carea' id='block_1_88' title="bbox 405 5408 2063 5493">
    <p class='ocr_par' dir='ltr' id='par_1_88' title="bbox 405 5408 2063 5493">
     <span class='ocr_line' id='line_1_90' title="bbox 405 5408 2063 5493; baseline -0.002 -17"><span class='ocrx_word' id='word_1_715' title='bbox 405 5413 566 5477; x_wconf 89' lang='lat' dir='ltr'><strong>idola</strong></span> <span class='ocrx_word' id='word_1_716' title='bbox 593 5411 885 5493; x_wconf 88' lang='lat' dir='ltr'><strong>gentium,</strong></span> <span class='ocrx_word' id='word_1_717' title='bbox 913 5419 1224 5492; x_wconf 81' lang='lat' dir='ltr'><strong>argentum</strong></span> <span class='ocrx_word' id='word_1_718' title='bbox 1247 5418 1305 5472; x_wconf 89' lang='lat' dir='ltr'><strong>et</strong></span> <span class='ocrx_word' id='word_1_719' title='bbox 1333 5427 1566 5472; x_wconf 91' lang='lat' dir='ltr'><strong>aurum.</strong></span> <span class='ocrx_word' id='word_1_720' title='bbox 1604 5408 1786 5487; x_wconf 88' lang='lat' dir='ltr'><strong>Igitur</strong></span> <span class='ocrx_word' id='word_1_721' title='bbox 1805 5409 1901 5490; x_wconf 90' lang='lat' dir='ltr'><strong>qui</strong></span> <span class='ocrx_word' id='word_1_722' title='bbox 1924 5410 2063 5473; x_wconf 93' lang='lat' dir='ltr'><strong>colit</strong></span> 
     </span>
    </p>
   </div>
   <div class='ocr_carea' id='block_1_89' title="bbox 406 5499 2058 5586">
    <p class='ocr_par' dir='ltr' id='par_1_89' title="bbox 406 5499 2058 5586">
     <span class='ocr_line' id='line_1_91' title="bbox 406 5499 2058 5586; baseline -0.004 -16"><span class='ocrx_word' id='word_1_723' title='bbox 406 5514 718 5586; x_wconf 75' lang='lat' dir='ltr'><strong>argentum</strong></span> <span class='ocrx_word' id='word_1_724' title='bbox 752 5511 810 5565; x_wconf 92' lang='lat' dir='ltr'><strong>et</strong></span> <span class='ocrx_word' id='word_1_725' title='bbox 837 5521 1074 5584; x_wconf 89' lang='lat' dir='ltr'><strong>aurum,</strong></span> <span class='ocrx_word' id='word_1_726' title='bbox 1105 5502 1318 5566; x_wconf 91' lang='lat' dir='ltr'><strong>similis</strong></span> <span class='ocrx_word' id='word_1_727' title='bbox 1361 5510 1450 5564; x_wconf 90' lang='lat' dir='ltr'><strong>est</strong></span> <span class='ocrx_word' id='word_1_728' title='bbox 1483 5499 1775 5562; x_wconf 90' lang='lat' dir='ltr'><strong>idolorum</strong></span> <span class='ocrx_word' id='word_1_729' title='bbox 1794 5500 2058 5582; x_wconf 41' lang='lat' dir='ltr'><strong>.cultori-</strong></span> 
     </span>
    </p>
   </div>
   <div class='ocr_carea' id='block_1_90' title="bbox 404 5589 2060 5672">
    <p class='ocr_par' dir='ltr' id='par_1_90' title="bbox 404 5589 2060 5672">
     <span class='ocr_line' id='line_1_92' title="bbox 404 5589 2060 5672; baseline -0.004 -11"><span class='ocrx_word' id='word_1_730' title='bbox 404 5596 540 5661; x_wconf 84' lang='lat' dir='ltr'><strong>bus.</strong></span> <span class='ocrx_word' id='word_1_731' title='bbox 572 5592 861 5657; x_wconf 89' lang='lat' dir='ltr'><strong>Eamdem</strong></span> <span class='ocrx_word' id='word_1_732' title='bbox 895 5592 1053 5656; x_wconf 87' lang='lat' dir='ltr'><strong>enim</strong></span> <span class='ocrx_word' id='word_1_733' title='bbox 1102 5592 1410 5656; x_wconf 89' lang='lat' dir='ltr'><strong>materiam</strong></span> <span class='ocrx_word' id='word_1_734' title='bbox 1463 5589 1713 5651; x_wconf 77' lang='lat' dir='ltr'><strong>adorant</strong></span> <span class='ocrx_word' id='word_1_735' title='bbox 1742 5598 1797 5652; x_wconf 93' lang='lat' dir='ltr'><strong>et</strong></span> <span class='ocrx_word' id='word_1_736' title='bbox 1827 5591 2060 5672; x_wconf 88' lang='lat' dir='ltr'><strong>ample-</strong></span> 
     </span>
    </p>
   </div>
   <div class='ocr_carea' id='block_1_91' title="bbox 2078 4570 2122 4620">
    <p class='ocr_par' dir='ltr' id='par_1_91' title="bbox 2078 4570 2122 4620">
     <span class='ocr_line' id='line_1_93' title="bbox 2078 4570 2122 4620; baseline 0 0"><span class='ocrx_word' id='word_1_737' title='bbox 2078 4570 2122 4620; x_wconf 93' lang='lat' dir='ltr'><strong>D</strong></span> 
     </span>
    </p>
   </div>
   <div class='ocr_carea' id='block_1_92' title="bbox 2138 3420 3803 3507">
    <p class='ocr_par' dir='ltr' id='par_1_92' title="bbox 2138 3420 3803 3507">
     <span class='ocr_line' id='line_1_94' title="bbox 2138 3420 3803 3507; baseline 0.005 -30"><span class='ocrx_word' id='word_1_738' title='bbox 2138 3420 2448 3480; x_wconf 80' lang='grc' dir='ltr'>καταλιπὼν</span> <span class='ocrx_word' id='word_1_739' title='bbox 2507 3423 2675 3479; x_wconf 79' lang='grc' dir='ltr'>αἰτεῖν</span> <span class='ocrx_word' id='word_1_740' title='bbox 2753 3425 2818 3480; x_wconf 79' lang='grc' dir='ltr'>τὰ</span> <span class='ocrx_word' id='word_1_741' title='bbox 2907 3426 3158 3504; x_wconf 76' lang='grc' dir='ltr'>χρήσιμα</span> <span class='ocrx_word' id='word_1_742' title='bbox 3212 3427 3302 3482; x_wconf 86' lang='grc' dir='ltr'><strong>καὶ</strong></span> <span class='ocrx_word' id='word_1_743' title='bbox 3374 3428 3508 3506; x_wconf 77' lang='grc' dir='ltr'>πρὸς</span> <span class='ocrx_word' id='word_1_744' title='bbox 3561 3430 3803 3507; x_wconf 74' lang='grc' dir='ltr'>ψυχικὴν</span> 
     </span>
    </p>
   </div>
   <div class='ocr_carea' id='block_1_93' title="bbox 2141 3512 3801 3596">
    <p class='ocr_par' dir='ltr' id='par_1_93' title="bbox 2141 3512 3801 3596">
     <span class='ocr_line' id='line_1_95' title="bbox 2141 3512 3801 3596; baseline 0.002 -29"><span class='ocrx_word' id='word_1_745' title='bbox 2141 3514 2405 3592; x_wconf 72' lang='grc' dir='ltr'>σωτηρίαν</span> <span class='ocrx_word' id='word_1_746' title='bbox 2449 3512 2808 3593; x_wconf 62' lang='grc' dir='ltr'>συμφέροντα,</span> <span class='ocrx_word' id='word_1_747' title='bbox 2868 3515 2985 3592; x_wconf 86' lang='grc' dir='ltr'>περὶ</span> <span class='ocrx_word' id='word_1_748' title='bbox 3047 3516 3256 3591; x_wconf 77' lang='grc' dir='ltr'>γηίνων</span> <span class='ocrx_word' id='word_1_749' title='bbox 3320 3516 3411 3572; x_wconf 86' lang='grc' dir='ltr'><strong>καὶ</strong></span> <span class='ocrx_word' id='word_1_750' title='bbox 3467 3518 3801 3596; x_wconf 81' lang='grc' dir='ltr'>προσκαίρων</span> 
     </span>
    </p>
   </div>
   <div class='ocr_carea' id='block_1_94' title="bbox 2138 3598 3801 3681">
    <p class='ocr_par' dir='ltr' id='par_1_94' title="bbox 2138 3598 3801 3681">
     <span class='ocr_line' id='line_1_96' title="bbox 2138 3598 3801 3681; baseline 0.004 -23"><span class='ocrx_word' id='word_1_751' title='bbox 2138 3598 2468 3679; x_wconf 75' lang='grc' dir='ltr'>πραγμάτων</span> <span class='ocrx_word' id='word_1_752' title='bbox 2511 3602 2766 3680; x_wconf 75' lang='grc' dir='ltr'>μεριστὴν</span> <span class='ocrx_word' id='word_1_753' title='bbox 2826 3603 2984 3658; x_wconf 75' lang='grc' dir='ltr'>αὐτὸν</span> <span class='ocrx_word' id='word_1_754' title='bbox 3055 3603 3298 3681; x_wconf 82' lang='grc' dir='ltr'>γενέσθαι</span> <span class='ocrx_word' id='word_1_755' title='bbox 3354 3605 3567 3680; x_wconf 74' lang='grc' dir='ltr'>ᾐτεῖτο,</span> <span class='ocrx_word' id='word_1_756' title='bbox 3615 3609 3801 3665; x_wconf 82' lang='grc' dir='ltr'>τούτου</span> 
     </span>
    </p>
   </div>
   <div class='ocr_carea' id='block_1_95' title="bbox 2140 3690 3801 3773">
    <p class='ocr_par' dir='ltr' id='par_1_95' title="bbox 2140 3690 3801 3773">
     <span class='ocr_line' id='line_1_97' title="bbox 2140 3690 3801 3773; baseline 0.001 -24"><span class='ocrx_word' id='word_1_757' title='bbox 2140 3694 2297 3773; x_wconf 80' lang='grc' dir='ltr'>χάριν</span> <span class='ocrx_word' id='word_1_758' title='bbox 2353 3696 2426 3757; x_wconf 85' lang='grc' dir='ltr'>ὡς</span> <span class='ocrx_word' id='word_1_759' title='bbox 2500 3691 2739 3773; x_wconf 80' lang='grc' dir='ltr'>ὀχληρὸν</span> <span class='ocrx_word' id='word_1_760' title='bbox 2795 3694 2883 3749; x_wconf 85' lang='grc' dir='ltr'>καὶ</span> <span class='ocrx_word' id='word_1_761' title='bbox 2932 3690 3082 3751; x_wconf 68' lang='grc' dir='ltr'>οὐδὲν</span> <span class='ocrx_word' id='word_1_762' title='bbox 3141 3693 3389 3752; x_wconf 75' lang='grc' dir='ltr'>ἐθέλοντα</span> <span class='ocrx_word' id='word_1_763' title='bbox 3446 3700 3639 3771; x_wconf 80' lang='grc' dir='ltr'>μαθεῖν</span> <span class='ocrx_word' id='word_1_764' title='bbox 3698 3705 3801 3755; x_wconf 88' lang='grc' dir='ltr'><strong>τῶν</strong></span> 
     </span>
    </p>
   </div>
   <div class='ocr_carea' id='block_1_96' title="bbox 2138 3782 3802 3861">
    <p class='ocr_par' dir='ltr' id='par_1_96' title="bbox 2138 3782 3802 3861">
     <span class='ocr_line' id='line_1_98' title="bbox 2138 3782 3802 3861; baseline 0.002 -24"><span class='ocrx_word' id='word_1_765' title='bbox 2138 3782 2361 3839; x_wconf 79' lang='grc' dir='ltr'>δεόντων</span> <span class='ocrx_word' id='word_1_766' title='bbox 2421 3783 2825 3857; x_wconf 81' lang='grc' dir='ltr'>ἀποπέμπεται,</span> <span class='ocrx_word' id='word_1_767' title='bbox 2878 3784 2965 3838; x_wconf 88' lang='grc' dir='ltr'>καὶ</span> <span class='ocrx_word' id='word_1_768' title='bbox 3025 3783 3181 3840; x_wconf 79' lang='grc' dir='ltr'><strong>τοῦτο</strong></span> <span class='ocrx_word' id='word_1_769' title='bbox 3238 3784 3421 3861; x_wconf 80' lang='grc' dir='ltr'>πράως</span> <span class='ocrx_word' id='word_1_770' title='bbox 3478 3792 3653 3842; x_wconf 85' lang='grc' dir='ltr'>ποιῶν</span> <span class='ocrx_word' id='word_1_771' title='bbox 3717 3789 3802 3843; x_wconf 80' lang='grc' dir='ltr'><strong>καὶ</strong></span> 
     </span>
    </p>
   </div>
   <div class='ocr_carea' id='block_1_97' title="bbox 2800 3871 3801 3939">
    <p class='ocr_par' dir='ltr' id='par_1_97' title="bbox 2800 3871 3801 3939">
     <span class='ocr_line' id='line_1_99' title="bbox 2800 3871 3801 3939; baseline 0.003 -11"><span class='ocrx_word' id='word_1_772' title='bbox 2800 3873 2970 3929; x_wconf 83' lang='grc' dir='ltr'>Πείθει</span> <span class='ocrx_word' id='word_1_773' title='bbox 3044 3871 3100 3929; x_wconf 74' lang='grc' dir='ltr'>δὲ</span> <span class='ocrx_word' id='word_1_774' title='bbox 3190 3874 3403 3939; x_wconf 84' lang='grc' dir='ltr'>πάντως</span> <span class='ocrx_word' id='word_1_775' title='bbox 3479 3873 3567 3931; x_wconf 76' lang='grc' dir='ltr'><strong>διὰ</strong></span> <span class='ocrx_word' id='word_1_776' title='bbox 3616 3877 3801 3933; x_wconf 78' lang='grc' dir='ltr'>τούτου</span> 
     </span>
    </p>
   </div>
   <div class='ocr_carea' id='block_1_98' title="bbox 2138 3962 3799 4041">
    <p class='ocr_par' dir='ltr' id='par_1_98' title="bbox 2138 3962 3799 4041">
     <span class='ocr_line' id='line_1_100' title="bbox 2138 3962 3799 4041; baseline 0.001 -21"><span class='ocrx_word' id='word_1_777' title='bbox 2138 3964 2339 4027; x_wconf 80' lang='grc' dir='ltr'>πάντας</span> <span class='ocrx_word' id='word_1_778' title='bbox 2383 3964 2505 4025; x_wconf 82' lang='grc' dir='ltr'>τοὺς</span> <span class='ocrx_word' id='word_1_779' title='bbox 2562 3963 2649 4019; x_wconf 77' lang='grc' dir='ltr'><strong>καὶ</strong></span> <span class='ocrx_word' id='word_1_780' title='bbox 2704 3962 2826 4019; x_wconf 77' lang='grc' dir='ltr'>τότε</span> <span class='ocrx_word' id='word_1_781' title='bbox 2875 3964 2964 4019; x_wconf 80' lang='grc' dir='ltr'><strong>καὶ</strong></span> <span class='ocrx_word' id='word_1_782' title='bbox 3008 3970 3097 4020; x_wconf 78' lang='grc' dir='ltr'>νῦν</span> <span class='ocrx_word' id='word_1_783' title='bbox 3142 3962 3436 4030; x_wconf 83' lang='grc' dir='ltr'>ἀκούοντας</span> <span class='ocrx_word' id='word_1_784' title='bbox 3468 3967 3669 4030; x_wconf 75' lang='grc' dir='ltr'>παντὸς</span> <span class='ocrx_word' id='word_1_785' title='bbox 3701 3966 3799 4041; x_wconf 82' lang='grc' dir='ltr'>μὲν</span> 
     </span>
    </p>
   </div>
   <div class='ocr_carea' id='block_1_99' title="bbox 2137 4052 3800 4132">
    <p class='ocr_par' dir='ltr' id='par_1_99' title="bbox 2137 4052 3800 4132">
     <span class='ocr_line' id='line_1_101' title="bbox 2137 4052 3800 4132; baseline 0.001 -23"><span class='ocrx_word' id='word_1_786' title='bbox 2137 4052 2360 4127; x_wconf 78' lang='grc' dir='ltr'>ἀμελεῖν</span> <span class='ocrx_word' id='word_1_787' title='bbox 2438 4054 2759 4131; x_wconf 81' lang='grc' dir='ltr'>προσκαίρου</span> <span class='ocrx_word' id='word_1_788' title='bbox 2838 4054 2923 4110; x_wconf 73' lang='grc' dir='ltr'><strong>καὶ</strong></span> <span class='ocrx_word' id='word_1_789' title='bbox 3008 4054 3206 4131; x_wconf 80' lang='grc' dir='ltr'>γη’ίνου</span> <span class='ocrx_word' id='word_1_790' title='bbox 3285 4054 3628 4132; x_wconf 82' lang='grc' dir='ltr'>πράγματος,</span> <span class='ocrx_word' id='word_1_791' title='bbox 3724 4059 3800 4131; x_wconf 70' lang='grc' dir='ltr'>μὴ</span> 
     </span>
    </p>
   </div>
   <div class='ocr_carea' id='block_1_100' title="bbox 2138 4139 3800 4225">
    <p class='ocr_par' dir='ltr' id='par_1_100' title="bbox 2138 4139 3800 4225">
     <span class='ocr_line' id='line_1_102' title="bbox 2138 4139 3800 4225; baseline 0.001 -26"><span class='ocrx_word' id='word_1_792' title='bbox 2138 4142 2563 4222; x_wconf 71' lang='grc' dir='ltr'>φιλονεικοῦντας</span> <span class='ocrx_word' id='word_1_793' title='bbox 2622 4139 2902 4223; x_wconf 73' lang='grc' dir='ltr'>ἀδελφοῖς,</span> <span class='ocrx_word' id='word_1_794' title='bbox 2947 4141 3193 4204; x_wconf 79' lang='grc' dir='ltr'>εἴκοντας</span> <span class='ocrx_word' id='word_1_795' title='bbox 3244 4140 3299 4198; x_wconf 80' lang='grc' dir='ltr'>δὲ</span> <span class='ocrx_word' id='word_1_796' title='bbox 3353 4142 3560 4218; x_wconf 80' lang='grc' dir='ltr'>μᾶλλον</span> <span class='ocrx_word' id='word_1_797' title='bbox 3591 4148 3800 4225; x_wconf 67' lang='grc' dir='ltr'>αὐτοῖς,</span> 
     </span>
    </p>
   </div>
   <div class='ocr_carea' id='block_1_101' title="bbox 2136 4230 3798 4313">
    <p class='ocr_par' dir='ltr' id='par_1_101' title="bbox 2136 4230 3798 4313">
     <span class='ocr_line' id='line_1_103' title="bbox 2136 4230 3798 4313; baseline -0.001 -22"><span class='ocrx_word' id='word_1_798' title='bbox 2136 4233 2236 4291; x_wconf 77' lang='grc' dir='ltr'><strong>κᾶν</strong></span> <span class='ocrx_word' id='word_1_799' title='bbox 2292 4231 2593 4310; x_wconf 87' lang='grc' dir='ltr'>βοάλωνται</span> <span class='ocrx_word' id='word_1_800' title='bbox 2649 4230 3020 4294; x_wconf 79' lang='grc' dir='ltr'>πλεονεκτεῖν.</span> <span class='ocrx_word' id='word_1_801' title='bbox 3084 4230 3221 4288; x_wconf 80' lang='grc' dir='ltr'>Ἀπὸ</span> <span class='ocrx_word' id='word_1_802' title='bbox 3250 4233 3350 4312; x_wconf 77' lang='grc' dir='ltr'><strong>γὰρ</strong></span> <span class='ocrx_word' id='word_1_803' title='bbox 3393 4240 3486 4289; x_wconf 76' lang='grc' dir='ltr'>τοῦ</span> <span class='ocrx_word' id='word_1_804' title='bbox 3524 4234 3798 4313; x_wconf 70' lang='grc' dir='ltr'>αἴροντος,</span> 
     </span>
    </p>
   </div>
   <div class='ocr_carea' id='block_1_102' title="bbox 2138 4320 3799 4405">
    <p class='ocr_par' dir='ltr' id='par_1_102' title="bbox 2138 4320 3799 4405">
     <span class='ocr_line' id='line_1_104' title="bbox 2138 4320 3799 4405; baseline -0.001 -24"><span class='ocrx_word' id='word_1_805' title='bbox 2138 4324 2296 4405; x_wconf 83' lang='grc' dir='ltr'>φησὶ,</span> <span class='ocrx_word' id='word_1_806' title='bbox 2355 4323 2420 4378; x_wconf 82' lang='grc' dir='ltr'>τὰ</span> <span class='ocrx_word' id='word_1_807' title='bbox 2478 4323 2546 4378; x_wconf 79' lang='grc' dir='ltr'><strong>σὰ</strong></span> <span class='ocrx_word' id='word_1_808' title='bbox 2598 4322 2674 4397; x_wconf 77' lang='grc' dir='ltr'>μὴ</span> <span class='ocrx_word' id='word_1_809' title='bbox 2730 4320 2973 4396; x_wconf 82' lang='grc' dir='ltr'>ἀπαίτει,</span> <span class='ocrx_word' id='word_1_810' title='bbox 3032 4328 3320 4393; x_wconf 81' lang='grc' dir='ltr'>ζητοῦντας</span> <span class='ocrx_word' id='word_1_811' title='bbox 3382 4321 3480 4378; x_wconf 81' lang='grc' dir='ltr'><strong>ὅσα</strong></span> <span class='ocrx_word' id='word_1_812' title='bbox 3537 4325 3637 4402; x_wconf 84' lang='grc' dir='ltr'>πέρ</span> <span class='ocrx_word' id='word_1_813' title='bbox 3690 4325 3799 4381; x_wconf 82' lang='grc' dir='ltr'>ἐστι</span> 
     </span>
    </p>
   </div>
   <div class='ocr_carea' id='block_1_103' title="bbox 2141 4410 3801 4494">
    <p class='ocr_par' dir='ltr' id='par_1_103' title="bbox 2141 4410 3801 4494">
     <span class='ocr_line' id='line_1_105' title="bbox 2141 4410 3801 4494; baseline 0.007 -28"><span class='ocrx_word' id='word_1_814' title='bbox 2141 4415 2388 4494; x_wconf 74' lang='grc' dir='ltr'>χρήσιμα</span> <span class='ocrx_word' id='word_1_815' title='bbox 2446 4412 2534 4467; x_wconf 84' lang='grc' dir='ltr'><strong>καὶ</strong></span> <span class='ocrx_word' id='word_1_816' title='bbox 2591 4410 2861 4494; x_wconf 77' lang='grc' dir='ltr'>ἀναγκαῖα</span> <span class='ocrx_word' id='word_1_817' title='bbox 2929 4413 3062 4489; x_wconf 83' lang='grc' dir='ltr'>πρὸς</span> <span class='ocrx_word' id='word_1_818' title='bbox 3113 4413 3380 4491; x_wconf 77' lang='grc' dir='ltr'>σωτηρίαν</span> <span class='ocrx_word' id='word_1_819' title='bbox 3436 4414 3649 4492; x_wconf 76' lang='grc' dir='ltr'>ψυχῆς.</span> <span class='ocrx_word' id='word_1_820' title='bbox 3711 4416 3801 4469; x_wconf 77' lang='grc' dir='ltr'><strong>Διὸ</strong></span> 
     </span>
    </p>
   </div>
   <div class='ocr_carea' id='block_1_104' title="bbox 2140 4489 3800 4581">
    <p class='ocr_par' dir='ltr' id='par_1_104' title="bbox 2140 4489 3800 4581">
     <span class='ocr_line' id='line_1_106' title="bbox 2140 4489 3800 4581; baseline -0.002 -21"><span class='ocrx_word' id='word_1_821' title='bbox 2140 4489 2227 4560; x_wconf 69' lang='grc' dir='ltr'><strong>καὶ</strong></span> <span class='ocrx_word' id='word_1_822' title='bbox 2282 4501 2523 4581; x_wconf 74' lang='grc' dir='ltr'>ἐπήγαγε</span> <span class='ocrx_word' id='word_1_823' title='bbox 2555 4498 2725 4579; x_wconf 82' lang='grc' dir='ltr'>λέγων</span> <span class='ocrx_word' id='word_1_824' title='bbox 2759 4515 2773 4530; x_wconf 80' lang='grc'><strong><em>⁸</em></strong></span> <span class='ocrx_word' id='word_1_825' title='bbox 2812 4489 2999 4580; x_wconf 81' lang='grc' dir='ltr'>Ὀρᾶτε</span> <span class='ocrx_word' id='word_1_826' title='bbox 3042 4502 3131 4557; x_wconf 83' lang='grc' dir='ltr'><strong>καὶ</strong></span> <span class='ocrx_word' id='word_1_827' title='bbox 3176 4489 3655 4581; x_wconf 34' lang='grc' dir='ltr'>φυλάσσεσθε-ἀπὸ</span> <span class='ocrx_word' id='word_1_828' title='bbox 3704 4508 3800 4569; x_wconf 78' lang='grc' dir='ltr'>τῆς</span> 
     </span>
    </p>
   </div>
   <div class='ocr_carea' id='block_1_105' title="bbox 2142 4588 3803 4669">
    <p class='ocr_par' dir='ltr' id='par_1_105' title="bbox 2142 4588 3803 4669">
     <span class='ocr_line' id='line_1_107' title="bbox 2142 4588 3803 4669; baseline -0.004 -18"><span class='ocrx_word' id='word_1_829' title='bbox 2142 4590 2465 4666; x_wconf 83' lang='grc' dir='ltr'>πλεονεξίας,</span> <span class='ocrx_word' id='word_1_830' title='bbox 2528 4592 2601 4655; x_wconf 83' lang='grc' dir='ltr'>ὡς</span> <span class='ocrx_word' id='word_1_831' title='bbox 2680 4588 2861 4669; x_wconf 80' lang='grc' dir='ltr'>βόθρον</span> <span class='ocrx_word' id='word_1_832' title='bbox 2934 4591 3053 4646; x_wconf 81' lang='grc' dir='ltr'>τινὰ</span> <span class='ocrx_word' id='word_1_833' title='bbox 3145 4588 3449 4648; x_wconf 78' lang='grc' dir='ltr'>διαϐολικὸν</span> <span class='ocrx_word' id='word_1_834' title='bbox 3528 4599 3803 4667; x_wconf 82' lang='grc' dir='ltr'>παραινῶν</span> 
     </span>
    </p>
   </div>
   <div class='ocr_carea' id='block_1_106' title="bbox 2139 4678 3795 4759">
    <p class='ocr_par' dir='ltr' id='par_1_106' title="bbox 2139 4678 3795 4759">
     <span class='ocr_line' id='line_1_108' title="bbox 2139 4678 3795 4759; baseline -0.002 -19"><span class='ocrx_word' id='word_1_835' title='bbox 2139 4686 2275 4759; x_wconf 65' lang='grc' dir='ltr'>ἡμῖν</span> <span class='ocrx_word' id='word_1_836' title='bbox 2332 4682 2531 4748; x_wconf 80' lang='grc' dir='ltr'>ταύτην</span> <span class='ocrx_word' id='word_1_837' title='bbox 2573 4679 2913 4759; x_wconf 78' lang='grc' dir='ltr'>ἀποφεύγειν.</span> <span class='ocrx_word' id='word_1_838' title='bbox 2964 4681 3100 4755; x_wconf 79' lang='grc' dir='ltr'>Πρὸς</span> <span class='ocrx_word' id='word_1_839' title='bbox 3145 4681 3291 4744; x_wconf 84' lang='grc' dir='ltr'>τίνας</span> <span class='ocrx_word' id='word_1_840' title='bbox 3336 4678 3389 4735; x_wconf 79' lang='grc' dir='ltr'>δὲ</span> <span class='ocrx_word' id='word_1_841' title='bbox 3446 4684 3601 4737; x_wconf 68' lang='grc' dir='ltr'>τοῦτο</span> <span class='ocrx_word' id='word_1_842' title='bbox 3646 4686 3795 4754; x_wconf 82' lang='grc' dir='ltr'>εἷπε,</span> 
     </span>
    </p>
   </div>
   <div class='ocr_carea' id='block_1_107' title="bbox 2145 4766 3799 4850">
    <p class='ocr_par' dir='ltr' id='par_1_107' title="bbox 2145 4766 3799 4850">
     <span class='ocr_line' id='line_1_109' title="bbox 2145 4766 3799 4850; baseline -0.003 -18"><span class='ocrx_word' id='word_1_843' title='bbox 2145 4766 2329 4848; x_wconf 81' lang='grc' dir='ltr'>Ὀρᾶτε</span> <span class='ocrx_word' id='word_1_844' title='bbox 2384 4772 2473 4828; x_wconf 83' lang='grc' dir='ltr'>καὶ</span> <span class='ocrx_word' id='word_1_845' title='bbox 2529 4767 2855 4850; x_wconf 85' lang='grc' dir='ltr'>φυλάσσεσθε</span> <span class='ocrx_word' id='word_1_846' title='bbox 2910 4768 3016 4825; x_wconf 84' lang='grc' dir='ltr'>ἀπὸ</span> <span class='ocrx_word' id='word_1_847' title='bbox 3084 4774 3184 4837; x_wconf 80' lang='grc' dir='ltr'>τῆς</span> <span class='ocrx_word' id='word_1_848' title='bbox 3241 4768 3600 4850; x_wconf 67' lang='grc' dir='ltr'>πλεονεξίαςς</span> <span class='ocrx_word' id='word_1_849' title='bbox 3664 4774 3799 4849; x_wconf 77' lang='grc' dir='ltr'>Πρὸς</span> 
     </span>
    </p>
   </div>
   <div class='ocr_carea' id='block_1_108' title="bbox 2142 4855 3796 4939">
    <p class='ocr_par' dir='ltr' id='par_1_108' title="bbox 2142 4855 3796 4939">
     <span class='ocr_line' id='line_1_110' title="bbox 2142 4855 3796 4939; baseline -0.011 -17"><span class='ocrx_word' id='word_1_850' title='bbox 2142 4866 2262 4929; x_wconf 83' lang='grc' dir='ltr'>τοὺς</span> <span class='ocrx_word' id='word_1_851' title='bbox 2306 4861 2396 4919; x_wconf 74' lang='grc' dir='ltr'>δύο</span> <span class='ocrx_word' id='word_1_852' title='bbox 2452 4860 2667 4922; x_wconf 79' lang='grc' dir='ltr'>τούτους</span> <span class='ocrx_word' id='word_1_853' title='bbox 2736 4855 2991 4939; x_wconf 79' lang='grc' dir='ltr'>ἀδελφούς</span> <span class='ocrx_word' id='word_1_854' title='bbox 3028 4878 3044 4895; x_wconf 77' lang='grc'><em>’</em></span> <span class='ocrx_word' id='word_1_855' title='bbox 3106 4858 3220 4916; x_wconf 81' lang='grc' dir='ltr'>ἐπεὶ</span> <span class='ocrx_word' id='word_1_856' title='bbox 3262 4860 3363 4939; x_wconf 79' lang='grc' dir='ltr'><strong>γὰρ</strong></span> <span class='ocrx_word' id='word_1_857' title='bbox 3422 4862 3540 4938; x_wconf 85' lang='grc' dir='ltr'>περὶ</span> <span class='ocrx_word' id='word_1_858' title='bbox 3597 4858 3796 4939; x_wconf 67' lang='grc' dir='ltr'>κληρο-</span> 
     </span>
    </p>
   </div>
   <div class='ocr_carea' id='block_1_109' title="bbox 2142 4945 3799 5030">
    <p class='ocr_par' dir='ltr' id='par_1_109' title="bbox 2142 4945 3799 5030">
     <span class='ocr_line' id='line_1_111' title="bbox 2142 4945 3799 5030; baseline -0.004 -20"><span class='ocrx_word' id='word_1_859' title='bbox 2142 4955 2328 5030; x_wconf 85' lang='grc' dir='ltr'>νομίας</span> <span class='ocrx_word' id='word_1_860' title='bbox 2385 4949 2451 5018; x_wconf 77' lang='grc' dir='ltr'><strong>ἧν</strong></span> <span class='ocrx_word' id='word_1_861' title='bbox 2504 4952 2685 5012; x_wconf 73' lang='grc' dir='ltr'>αὒτοῖς</span> <span class='ocrx_word' id='word_1_862' title='bbox 2714 4949 2749 5015; x_wconf 76' lang='grc' dir='ltr'>ἡ</span> <span class='ocrx_word' id='word_1_863' title='bbox 2796 4945 3111 5026; x_wconf 70' lang='grc' dir='ltr'>ἀμφιϐολία,</span> <span class='ocrx_word' id='word_1_864' title='bbox 3174 4950 3312 5010; x_wconf 81' lang='grc' dir='ltr'>εἰκὸς</span> <span class='ocrx_word' id='word_1_865' title='bbox 3373 4946 3428 5003; x_wconf 80' lang='grc' dir='ltr'>δὲ</span> <span class='ocrx_word' id='word_1_866' title='bbox 3482 4948 3548 5015; x_wconf 78' lang='grc' dir='ltr'>ἦν</span> <span class='ocrx_word' id='word_1_867' title='bbox 3579 4950 3686 5003; x_wconf 83' lang='grc' dir='ltr'><strong>τῶν</strong></span> <span class='ocrx_word' id='word_1_868' title='bbox 3714 4948 3799 5004; x_wconf 77' lang='grc' dir='ltr'>δύο</span> 
     </span>
    </p>
   </div>
   <div class='ocr_carea' id='block_1_110' title="bbox 2140 5034 3797 5118">
    <p class='ocr_par' dir='ltr' id='par_1_110' title="bbox 2140 5034 3797 5118">
     <span class='ocr_line' id='line_1_112' title="bbox 2140 5034 3797 5118; baseline -0.005 -16"><span class='ocrx_word' id='word_1_869' title='bbox 2140 5045 2338 5102; x_wconf 71' lang='grc' dir='ltr'>τούτων</span> <span class='ocrx_word' id='word_1_870' title='bbox 2395 5042 2488 5097; x_wconf 79' lang='grc' dir='ltr'>τὸν</span> <span class='ocrx_word' id='word_1_871' title='bbox 2530 5037 2622 5093; x_wconf 71' lang='grc' dir='ltr'>ἕνα</span> <span class='ocrx_word' id='word_1_872' title='bbox 2667 5034 2871 5093; x_wconf 88' lang='grc' dir='ltr'>ἀδικεῖν</span> <span class='ocrx_word' id='word_1_873' title='bbox 2924 5038 3014 5093; x_wconf 80' lang='grc' dir='ltr'><strong>τὸν</strong></span> <span class='ocrx_word' id='word_1_874' title='bbox 3059 5037 3262 5117; x_wconf 77' lang='grc' dir='ltr'>ἕτερον,</span> <span class='ocrx_word' id='word_1_875' title='bbox 3317 5036 3402 5093; x_wconf 76' lang='grc' dir='ltr'><strong>διὰ</strong></span> <span class='ocrx_word' id='word_1_876' title='bbox 3470 5044 3626 5093; x_wconf 81' lang='grc' dir='ltr'>τοῦτο</span> <span class='ocrx_word' id='word_1_877' title='bbox 3684 5040 3797 5118; x_wconf 85' lang='grc' dir='ltr'>περὶ</span> 
     </span>
    </p>
   </div>
   <div class='ocr_carea' id='block_1_111' title="bbox 2141 5123 3791 5206">
    <p class='ocr_par' dir='ltr' id='par_1_111' title="bbox 2141 5123 3791 5206">
     <span class='ocr_line' id='line_1_113' title="bbox 2141 5123 3791 5206; baseline -0.005 -14"><span class='ocrx_word' id='word_1_878' title='bbox 2141 5130 2445 5197; x_wconf 81' lang='grc' dir='ltr'>πλεονεξίας</span> <span class='ocrx_word' id='word_1_879' title='bbox 2495 5129 2679 5191; x_wconf 78' lang='grc' dir='ltr'>αὐτοῖς</span> <span class='ocrx_word' id='word_1_880' title='bbox 2736 5123 3060 5205; x_wconf 79' lang='grc' dir='ltr'>διαλέγεται.</span> <span class='ocrx_word' id='word_1_881' title='bbox 3130 5128 3280 5206; x_wconf 82' lang='grc' dir='ltr'>Μέγα</span> <span class='ocrx_word' id='word_1_882' title='bbox 3339 5128 3440 5206; x_wconf 77' lang='grc' dir='ltr'><strong>γὰρ</strong></span> <span class='ocrx_word' id='word_1_883' title='bbox 3482 5133 3637 5184; x_wconf 76' lang='grc' dir='ltr'>τοῦτο</span> <span class='ocrx_word' id='word_1_884' title='bbox 3694 5150 3791 5184; x_wconf 83' lang='grc' dir='ltr'>κα-</span> 
     </span>
    </p>
   </div>
   <div class='ocr_carea' id='block_1_112' title="bbox 2142 5214 3790 5296">
    <p class='ocr_par' dir='ltr' id='par_1_112' title="bbox 2142 5214 3790 5296">
     <span class='ocr_line' id='line_1_114' title="bbox 2142 5214 3790 5296; baseline -0.005 -14"><span class='ocrx_word' id='word_1_885' title='bbox 2142 5226 2233 5282; x_wconf 81' lang='grc' dir='ltr'><strong>κόν</strong></span> <span class='ocrx_word' id='word_1_886' title='bbox 2267 5238 2280 5253; x_wconf 84' lang='grc'><strong>⁸</strong></span> <span class='ocrx_word' id='word_1_887' title='bbox 2339 5221 2419 5277; x_wconf 71' lang='grc' dir='ltr'><strong>διδ</strong></span> <span class='ocrx_word' id='word_1_888' title='bbox 2475 5218 2563 5275; x_wconf 84' lang='grc' dir='ltr'><strong>καὶ</strong></span> <span class='ocrx_word' id='word_1_889' title='bbox 2617 5215 2846 5290; x_wconf 85' lang='grc' dir='ltr'>Παῦλος,</span> <span class='ocrx_word' id='word_1_890' title='bbox 2922 5214 3352 5296; x_wconf 72' lang='grc' dir='ltr'>εἰδωλολατρείαν</span> <span class='ocrx_word' id='word_1_891' title='bbox 3409 5223 3566 5273; x_wconf 83' lang='grc' dir='ltr'>τοῦτο</span> <span class='ocrx_word' id='word_1_892' title='bbox 3610 5215 3790 5292; x_wconf 77' lang='grc' dir='ltr'>καλεῖ,</span> 
     </span>
    </p>
   </div>
   <div class='ocr_carea' id='block_1_113' title="bbox 2144 5304 3796 5395">
    <p class='ocr_par' dir='ltr' id='par_1_113' title="bbox 2144 5304 3796 5395">
     <span class='ocr_line' id='line_1_115' title="bbox 2144 5304 3796 5395; baseline -0.001 -30"><span class='ocrx_word' id='word_1_893' title='bbox 2144 5317 2289 5395; x_wconf 74' lang='grc' dir='ltr'>τάχα</span> <span class='ocrx_word' id='word_1_894' title='bbox 2344 5312 2415 5376; x_wconf 80' lang='grc' dir='ltr'><strong>ὡς</strong></span> <span class='ocrx_word' id='word_1_895' title='bbox 2460 5307 2642 5385; x_wconf 85' lang='grc' dir='ltr'>μόνοις</span> <span class='ocrx_word' id='word_1_896' title='bbox 2672 5305 2874 5384; x_wconf 80' lang='grc' dir='ltr'>πρέπον</span> <span class='ocrx_word' id='word_1_897' title='bbox 2927 5318 3046 5370; x_wconf 89' lang='grc' dir='ltr'>τοῖς</span> <span class='ocrx_word' id='word_1_898' title='bbox 3079 5308 3157 5382; x_wconf 79' lang='grc' dir='ltr'><strong>μὴ</strong></span> <span class='ocrx_word' id='word_1_899' title='bbox 3186 5304 3346 5363; x_wconf 79' lang='grc' dir='ltr'>εἰδόσι</span> <span class='ocrx_word' id='word_1_900' title='bbox 3380 5307 3511 5362; x_wconf 87' lang='grc' dir='ltr'>Θεόν</span> <span class='ocrx_word' id='word_1_901' title='bbox 3551 5324 3564 5337; x_wconf 92' lang='grc'><strong>·</strong></span> <span class='ocrx_word' id='word_1_902' title='bbox 3600 5307 3637 5375; x_wconf 75' lang='grc' dir='ltr'>ἢ</span> <span class='ocrx_word' id='word_1_903' title='bbox 3668 5306 3796 5388; x_wconf 80' lang='grc' dir='ltr'>ὅπερ</span> 
     </span>
    </p>
   </div>
   <div class='ocr_carea' id='block_1_114' title="bbox 2143 5394 3795 5478">
    <p class='ocr_par' dir='ltr' id='par_1_114' title="bbox 2143 5394 3795 5478">
     <span class='ocr_line' id='line_1_116' title="bbox 2143 5394 3795 5478; baseline -0.006 -15"><span class='ocrx_word' id='word_1_904' title='bbox 2143 5394 2249 5463; x_wconf 57' lang='grc' dir='ltr'><strong>καί</strong></span> <span class='ocrx_word' id='word_1_905' title='bbox 2287 5399 2660 5477; x_wconf 79' lang='grc' dir='ltr'>ἀληθέστερον,</span> <span class='ocrx_word' id='word_1_906' title='bbox 2705 5397 2822 5453; x_wconf 74' lang='grc' dir='ltr'>ἒπεὶ</span> <span class='ocrx_word' id='word_1_907' title='bbox 2878 5397 2942 5452; x_wconf 82' lang='grc' dir='ltr'><strong>τὰ</strong></span> <span class='ocrx_word' id='word_1_908' title='bbox 2986 5394 3185 5455; x_wconf 76' lang='grc' dir='ltr'>εἴδωλα</span> <span class='ocrx_word' id='word_1_909' title='bbox 3243 5398 3350 5453; x_wconf 82' lang='grc' dir='ltr'><strong>τῶν</strong></span> <span class='ocrx_word' id='word_1_910' title='bbox 3413 5397 3600 5478; x_wconf 78' lang='grc' dir='ltr'>ἐθνῶν,</span> 
     </span>
    </p>
   </div>
   <div class='ocr_carea' id='block_1_115' title="bbox 2146 5484 3795 5574">
    <p class='ocr_par' dir='ltr' id='par_1_115' title="bbox 2146 5484 3795 5574">
     <span class='ocr_line' id='line_1_117' title="bbox 2146 5484 3795 5574; baseline -0.008 -17"><span class='ocrx_word' id='word_1_911' title='bbox 2146 5520 2256 5574; x_wconf 85' lang='grc' dir='ltr'>ριον</span> <span class='ocrx_word' id='word_1_912' title='bbox 2311 5493 2400 5550; x_wconf 82' lang='grc' dir='ltr'><strong>καὶ</strong></span> <span class='ocrx_word' id='word_1_913' title='bbox 2455 5486 2694 5570; x_wconf 74' lang='grc' dir='ltr'>χρυσίον.</span> <span class='ocrx_word' id='word_1_914' title='bbox 2738 5485 2964 5561; x_wconf 81' lang='grc' dir='ltr'>’⁷Ομοιος</span> <span class='ocrx_word' id='word_1_915' title='bbox 3021 5500 3138 5551; x_wconf 85' lang='grc' dir='ltr'>τοῖς</span> <span class='ocrx_word' id='word_1_916' title='bbox 3201 5484 3610 5566; x_wconf 76' lang='grc' dir='ltr'>εἰδωλολάτραις</span> <span class='ocrx_word' id='word_1_917' title='bbox 3658 5489 3795 5543; x_wconf 85' lang='grc' dir='ltr'>ὁτι-</span> 
     </span>
    </p>
   </div>
   <div class='ocr_carea' id='block_1_116' title="bbox 3331 5576 3797 5659">
    <p class='ocr_par' dir='ltr' id='par_1_116' title="bbox 3331 5576 3797 5659">
     <span class='ocr_line' id='line_1_118' title="bbox 3331 5576 3797 5659; baseline 0.004 -28"><span class='ocrx_word' id='word_1_918' title='bbox 3331 5576 3432 5643; x_wconf 77' lang='grc' dir='ltr'><strong>τήν</strong></span> <span class='ocrx_word' id='word_1_919' title='bbox 3476 5577 3578 5656; x_wconf 80' lang='grc' dir='ltr'><strong>γὰρ</strong></span> <span class='ocrx_word' id='word_1_920' title='bbox 3636 5578 3797 5659; x_wconf 68' lang='grc' dir='ltr'>αὐτὴν</span> 
     </span>
    </p>
   </div>
   <div class='ocr_carea' id='block_1_117' title="bbox 2140 3871 2711 3940">
    <p class='ocr_par' dir='ltr' id='par_1_117' title="bbox 2140 3871 2711 3940">
     <span class='ocr_line' id='line_1_119' title="bbox 2140 3871 2711 3940; baseline -0.002 -11"><span class='ocrx_word' id='word_1_921' title='bbox 2140 3875 2233 3931; x_wconf 69' lang='grc' dir='ltr'><strong>οὒκ</strong></span> <span class='ocrx_word' id='word_1_922' title='bbox 2289 3871 2711 3940; x_wconf 76' lang='grc' dir='ltr'>ἐπιπληκτικῶς.</span> 
     </span>
    </p>
   </div>
   <div class='ocr_carea' id='block_1_118' title="bbox 2146 5576 3271 5666">
    <p class='ocr_par' dir='ltr' id='par_1_118' title="bbox 2146 5576 3271 5666">
     <span class='ocr_line' id='line_1_120' title="bbox 2146 5576 3271 5666; baseline -0.033 -20"><span class='ocrx_word' id='word_1_923' title='bbox 2146 5594 2262 5666; x_wconf 87' lang='grc' dir='ltr'><strong>μῶν</strong></span> <span class='ocrx_word' id='word_1_924' title='bbox 2311 5584 2372 5641; x_wconf 71' lang='grc' dir='ltr'><strong>τὸ</strong></span> <span class='ocrx_word' id='word_1_925' title='bbox 2424 5578 2669 5660; x_wconf 81' lang='grc' dir='ltr'>ἀργύριον</span> <span class='ocrx_word' id='word_1_926' title='bbox 2737 5578 2825 5633; x_wconf 85' lang='grc' dir='ltr'><strong>καὶ</strong></span> <span class='ocrx_word' id='word_1_927' title='bbox 2873 5578 2934 5632; x_wconf 84' lang='grc' dir='ltr'><strong>τὸ</strong></span> <span class='ocrx_word' id='word_1_928' title='bbox 2994 5576 3219 5657; x_wconf 81' lang='grc' dir='ltr'>χρυσίον</span> <span class='ocrx_word' id='word_1_929' title='bbox 3255 5593 3271 5609; x_wconf 93' lang='grc'><strong>.</strong></span> 
     </span>
    </p>
   </div>
   <div class='ocr_carea' id='block_1_119' title="bbox 402 5666 2050 5769">
    <p class='ocr_par' dir='ltr' id='par_1_119' title="bbox 402 5666 2050 5769">
     <span class='ocr_line' id='line_1_121' title="bbox 402 5666 2050 5769; baseline -0.008 -15"><span class='ocrx_word' id='word_1_930' title='bbox 402 5693 619 5754; x_wconf 88' lang='lat' dir='ltr'><strong>xantur</strong></span> <span class='ocrx_word' id='word_1_931' title='bbox 632 5681 1501 5769; x_wconf 82' lang='lat' dir='ltr'><strong>uterque.Supervacuaitaque</strong></span> <span class='ocrx_word' id='word_1_932' title='bbox 1529 5666 2050 5759; x_wconf 59' lang='lat' dir='ltr'><strong>fugienda.0uare‘l</strong></span> 
     </span>
    </p>
   </div>
   <div class='ocr_carea' id='block_1_120' title="bbox 2141 5666 3795 5769">
    <p class='ocr_par' dir='ltr' id='par_1_120' title="bbox 2146 5666 3795 5753">
     <span class='ocr_line' id='line_1_122' title="bbox 2146 5666 3795 5753; baseline 0.006 -37"><span class='ocrx_word' id='word_1_933' title='bbox 2146 5679 2279 5746; x_wconf 64' lang='grc' dir='ltr'>ὕλην</span> <span class='ocrx_word' id='word_1_934' title='bbox 2330 5667 2678 5753; x_wconf 71' lang='grc' dir='ltr'>προσκυνοδσι</span> <span class='ocrx_word' id='word_1_935' title='bbox 2747 5668 2835 5724; x_wconf 82' lang='grc' dir='ltr'>καὶ</span> <span class='ocrx_word' id='word_1_936' title='bbox 2906 5667 3253 5747; x_wconf 64' lang='grc' dir='ltr'>περιέπουσιν</span> <span class='ocrx_word' id='word_1_937' title='bbox 3318 5666 3638 5747; x_wconf 85' lang='grc' dir='ltr'>ἀμφότεροι.</span> <span class='ocrx_word' id='word_1_938' title='bbox 3704 5677 3795 5726; x_wconf 69' lang='grc' dir='ltr'>Δεῖ</span> 
     </span>
    </p>
   </div>
  </div>
