4116 6212
427 286 543 381 sn

1391 298 1986 369 THEOPHYLACTI
2028 304 2440 385 BULGARI/E
2482 309 2841 372 ARCHIEP.

3740 293 3881 359 888

428 442 893 535 Nullumghabeo
921 446 1175 529 socium,
1217 448 1450 512 nullum
1503 449 1828 513 divisorem
1875 450 2026 513 facio
2063 472 2076 510 :

2166 440 2418 516 μεριστὴν
2474 444 2751 517 ποιοῦμαι,
2810 445 2869 500 ού
2937 448 3029 497 τοῦ
3088 447 3224 496 Θεοῦ
3293 440 3446 511 εἰσιν,
3502 433 3652 493 ἀλλ’
3728 430 3880 506 ἐμὲ,

430 551 550 621 non
580 531 689 597 Dei
717 531 878 610 sint,
912 535 1013 597 sed
1048 555 1185 599 mea
1218 557 1233 598 :
1280 537 1442 599 solus
1485 538 1666 617 igitur
1702 539 1886 621 fruar,
1924 549 1980 602 et
2009 538 2083 601 ad

431 620 772 686 fruitionem
799 624 1032 687 illorum
1061 624 1247 688 Deum
1267 646 1385 688 non
1400 620 2083 703 assumam.Quiaautem

432 709 551 799 ista
582 713 783 788 stulta,
837 714 1145 777 videamus
1201 723 1261 777 et
1314 716 1568 798 reliqua.
1622 718 1859 799 Anima,
1900 717 2086 781 habes

436 798 621 861 multa
649 799 806 864 bona
835 803 1183 885 reposita'in
1216 804 1433 867 multos
1451 824 1661 869 annos.
1686 798 1944 886 Longam
1969 804 2085 868 sibi

432 890 748 970 prmstituit
778 891 978 970 vitam,
1011 895 1175 974 quasi
1222 902 1281 955 et
1329 894 1513 977 illam,
1564 902 1783 958 terram
1831 895 2085 959 colendo

432 977 826 1043 excoluisset:
857 1000 979 1043 non
1010 983 1169 1044 enim
1194 990 1255 1046 et
1285 983 1385 1047 illa
1408 983 1512 1046 tibi
1535 986 1675 1048 inde
1702 992 1841 1048 nata
1862 993 2088 1059 est,ne-

434 1085 550 1155 que
578 1068 692 1130 hoc
719 1077 883 1131 tuum
913 1072 1042 1131 37!
1072 1070 1321 1136 bonum.
1355 1074 1640 1155 Comede,
1672 1074 1834 1155 bibe,
1859 1076 2083 1137 lactare.

433 1154 595 1235 Euge
615 1158 818 1237 qualia
838 1160 1055 1221 animm
1076 1159 1249 1222 bonas
1274 1154 1790 1227 affectionesznam
1813 1154 2085 1226 comede-

437 1262 503 1306 re
534 1252 595 1306 et
615 1244 848 1328 bibere,
876 1248 1240 1313 irrationalis
1265 1251 1479 1313 animae
1503 1252 1721 1313 bonum
1747 1262 1835 1314 est
1862 1276 1877 1314 :
1909 1252 2086 1333 igitur

434 1351 571 1423 cum
603 1335 778 1396 etiam
812 1337 939 1417 ipse
972 1338 1147 1400 talem
1175 1341 1433 1401 animam
1466 1341 1709 1403 sortitus
1739 1342 1845 1423 sis,
1873 1344 2085 1404 merito

433 1420 663 1485 illihsec
688 1424 924 1489 tribuis.
948 1427 1276 1490 Rationalis
1305 1447 1445 1489 vero
1477 1429 1688 1492 animae
1718 1420 1937 1493 bonum
1972 1438 2081 1507 est,

436 1511 791 1592 intelligere.
818 1515 1181 1590 ratiocinari,
1212 1515 1395 1577 laetari
1429 1518 1490 1578 in
1530 1518 1660 1597 lege
1687 1519 1792 1581 Dei
1826 1529 1885 1583 et
1914 1519 2086 1581 bonis

433 1596 910 1680 cogitationibus.
938 1602 1065 1665 Non
1090 1605 1307 1667 sufficit
1326 1616 1521 1667 autem
1551 1596 1657 1669 tibi
1689 1617 1748 1671 et
1767 1610 2087 1671 comedere

2166 528 2326 602 μόνος
2396 532 2483 584 οὖν
2538 529 2827 587 ἀπολαύσω
2853 546 2867 560 ⁶
2950 534 3009 589 ού
3076 531 3168 585 τὸν
3248 530 3377 584 Θεὸν
3432 524 3882 606 προσλήψομπίι

2166 618 2239 679 εἱς
2296 617 2392 684 τὴν
2450 618 2650 675 τούτων
2716 618 3027 678 ἀπόλαυσιν.
3110 615 3259 675 Ἐπεὶ
3328 615 3382 671 δὲ
3442 618 3622 672 ταῦτα
3695 608 3885 664 αὖτσῦ

2166 704 2392 782 ἀνόητα,
2451 705 2656 782 *ἔδωμεν
2709 709 2799 764 καὶ
2864 708 2931 763 τὰ
2988 707 3131 774 ἑξῆς.
3192 706 3385 785 Ψυχὴ,
3443 702 3604 783 ἔχεις
3670 696 3884 755 πολλὰ

2167 792 2339 870 ἀγαθᾶ
2393 795 2609 871 κείμενα
2666 799 2740 861 εἰς
2800 796 2892 865 ἔτη
2936 795 3131 853 πολλά.
3196 801 3381 862 Μῆκος
3438 794 3621 865 ἑαυτῷ
3692 786 3881 859 ὁρίζει

2167 884 2336 958 ζωῆς,
2368 883 2546 965 ὥσπερ
2602 888 2690 943 καὶ
2747 893 2902 943 τοῦτο
2950 884 3011 942 ἐκ
3040 891 3138 952 τῆς
3184 884 3496 963 γεωργήσας
3528 896 3541 909 ·
3576 880 3684 955 μὴ
3765 876 3883 951 γὰρ

2167 972 2255 1027 καὶ
2285 980 2439 1030 τοῦτο
2485 974 2725 1052 γέννημα
2775 976 2891 1055 σὸν,
2926 976 3003 1050 μὴ
3032 976 3132 1053 γὰρ
3161 976 3249 1030 καὶ
3276 980 3432 1029 τοῦτο
3455 971 3683 1049 ἀγαθὸν
3740 966 3879 1024 σόν.

2166 1061 2338 1139 Φάγε,
2397 1064 2506 1143 πίε,
2563 1063 2853 1142 εὐφραίνου.
2900 1065 3033 1141 Εὖγε
3069 1069 3176 1119 τῶν
3206 1063 3414 1139 ἀγαθῶν
3444 1065 3542 1125 τῆς
3575 1060 3816 1136 ψυχῆς
3861 1070 3878 1081 ’

2166 1150 2228 1205 τὸ
2278 1153 2378 1228 γὰρ
2433 1166 2627 1232 φαγεῖν
2681 1154 2769 1209 καὶ
2816 1154 2876 1209 τὸ
2926 1166 3096 1227 πιεῖν,
3156 1151 3350 1229 ἀλόγου
3380 1150 3565 1229 ψυχῆς
3598 1145 3875 1224 ἂγαθόν

2166 1240 2417 1307 τοιαύτην
2473 1244 2561 1297 οὖν
2620 1242 2765 1321 ἔχων
2807 1245 2895 1298 καὶ
2939 1244 3095 1305 αὐτὸς
3134 1242 3341 1319 ψυχὴν,
3402 1238 3631 1300 εἰκότως
3715 1237 3879 1310 αὐτῇ

2167 1329 2333 1385 ταῦτα
2419 1331 2832 1409 προσανατίθης.
2904 1336 3143 1410 Λογικῆς
3219 1329 3272 1386 δὲ
3347 1334 3533 1409 ψυχῆς
3594 1327 3875 1404 ἀγαθὸν,

2168 1425 2379 1493 νοῆσαι,
2441 1420 2772 1502 λογίσασθαι,
2862 1424 3210 1502 εὐφρανθῆναι
3285 1422 3433 1496 νόμῳ
3514 1426 3664 1476 Θεοῦ
3772 1417 3879 1470 καὶ

2166 1506 2517 1581 διανοήμασιν
2568 1511 2816 1589 ἀγαθοῖς.
2876 1512 2983 1569 Οὐκ
3040 1512 3194 1591 ἀρκεῖ
3253 1508 3307 1566 δέ
3366 1531 3448 1565 σοι
3506 1530 3568 1564 το
3623 1519 3875 1587 φαγεῖν

2165 1600 2254 1653 καὶ
2309 1612 2478 1672 πιεῖν,
2537 1601 2582 1657 ὦ
2637 1599 2823 1681 ἄφρον,
2884 1599 3020 1658 ἀλλὰ
3074 1602 3163 1657 καὶ
3204 1601 3303 1667 τὴν
3360 1596 3873 1655 ἐπακολουθοῦσαν

433 1700 494 1753 et
522 1690 749 1768 bibere,
785 1712 818 1754 o
848 1694 1055 1770 stulte,
1090 1696 1194 1756 sed
1230 1704 1287 1757 et
1317 1695 1778 1760 abominabilem
1811 1699 2076 1778 volupta-

2166 1689 2372 1751 τούτοις
2425 1690 2709 1770 αἰσχίστην
2779 1692 2865 1747 καὶ
2932 1691 3169 1769 μυσαρὰν
3241 1687 3436 1758 ἡδονὴν
3516 1686 3872 1749 ἐπιτάττεις

432 1789 550 1845 tem
583 1790 641 1843 et
670 1781 1237 1865 turpissimam,qum
1261 1784 1415 1846 hanc
1445 1776 2076 1867 consequitur,anima

2166 1784 2235 1854 τῇ
2280 1779 2433 1858 ψυχῆ
2469 1800 2486 1854 ἰ
2535 1781 2798 1861 Εὒφήμως
2830 1782 2929 1860 γὰρ
2959 1784 2986 1837 6
3020 1781 3209 1859 Κύριος
3238 1778 3322 1835 διὰ
3349 1785 3465 1857 τοῦ,
3499 1776 3863 1874 Εὒῳραίνοὶ),

432 1870 737 1952 imperas?
765 1872 936 1935 Clare
967 1873 1124 1935 enim
1151 1874 1438 1935 Dominus
1472 1893 1579 1955 per
1600 1866 1713 1937 hoc
1732 1866 1886 1956 quod
1913 1875 2076 1948 dicit.

2165 1867 2233 1922 τὰ
2283 1867 2646 1945 ὂσελγὲστατα
2677 1871 2818 1938 πάθη
2869 1867 3158 1950 ἐδήλωσεν,
3202 1870 3236 1923 ἂ
3267 1874 3332 1945 τῇ
3360 1866 3658 1941 πλησμονῇ
3733 1866 3865 1919 τῶν

432 1962 678 2036 Laetare,
702 1960 1047 2023 aﬂ‘ectiones
1066 1960 1391 2023 declaravit
1416 1953 1772 2026 libidinosas
1793 1971 1852 2025 et
1874 1965 2076 2025 intem-

2166 1956 2460 2035 βρωμάτων
2514 1958 2602 2014 καὶ
2659 1960 2913 2035 πομάτων
2990 1957 3305 2037 παρέπεται,
3368 1956 3505 2013 Eine
3563 1953 3616 2009 δὲ
3684 1953 3863 2026 αὖτῷ

432 2056 687 2130 paratas,
707 2068 839 2130 quae
866 2050 1201 2113 satietatem
1235 2048 1508 2112 ciborum
1533 2058 1593 2114 et
1624 2061 1867 2133 potuum
1895 2053 2086 2115 comi-

434 2146 656 2201 tantur.
692 2138 846 2201 Dixit
882 2148 1080 2201 autem
1131 2138 1187 2201 ei
1234 2141 1393 2201 Deus
1428 2161 1441 2202 :
1498 2139 1711 2221 Stulte,
1752 2142 1863 2203 hac
1912 2149 2087 2205 nocte

430 2226 690 2288 animam
712 2232 868 2287 tuam
892 2235 1187 2305 repetent.
1218 2225 1346 2288 Non
1373 2228 1483 2289 hoc
1507 2229 1724 2291 dicitur
1744 2230 2085 2312 quasiDeus

430 2313 721 2378 familiare
748 2314 1107 2395 colloquium
1154 2314 1369 2376 habeat
1415 2335 1547 2378 cum
1601 2317 1804 2393 divite,
1838 2319 1999 2381 Dixit
2026 2318 2083 2381 ei

431 2407 626 2485 Deus;
651 2403 753 2465 sed
776 2421 1018 2465 sensum
1044 2400 1200 2465 hunc
1219 2403 1398 2465 habet
1426 2406 1581 2485 quod
1610 2406 1929 2488 dicit,Cum
1957 2408 2082 2472 haec

432 2491 604 2556 illein
630 2500 827 2554 mente
849 2490 1273 2573 baberet,dixit
1296 2496 1455 2557 Deus
1475 2495 1742 2573 (ﬁngitur
1771 2499 1930 2558 enim
1955 2498 2081 2560 haec

432 2580 773 2666 parabola):
806 2582 1021 2645 Stulte.
1055 2580 1309 2644 Stultum
1344 2582 1521 2663 igitur
1570 2584 1737 2646 illum
1792 2596 1982 2661 vocat,
2017 2594 2083 2651 ut

430 2674 529 2755 qui
562 2689 805 2753 prorsus
835 2670 1063 2733 insulsa
1094 2670 1333 2750 cogitet,
1368 2674 1867 2755 quemadmodum
1888 2675 2083 2736 decla-

426 2759 1009 2841 ravimus.lnsipiens
1032 2761 1189 2821 enim
1221 2768 1309 2822 est
1326 2770 1383 2822 et
1404 2780 1587 2824 vanus
1609 2764 1802 2824 omnis
1831 2765 1929 2844 qui
1948 2763 2078 2826 talis

431 2858 539 2923 est,
569 2849 722 2912 Sicut
755 2857 813 2911 et
842 2849 1025 2913 David
1059 2848 1203 2911 dicit
1230 2870 1242 2913 :
1278 2851 1444 2912 Vane
1476 2852 1672 2912 omnis
1703 2853 2079 2929 homo,55,et

428 2957 607 3002 causa
629 2946 759 3002 est:
799 2938 1151 3001 thesaurizat
1185 2946 1241 3000 et
1270 2938 1462 3001 nescit
1491 2940 1586 3001 cui
1629 2951 1953 3020 congreget
1983 2961 2073 3005 ea.

2168 2046 2196 2101 6
2227 2047 2356 2108 Θεὸς
2384 2066 2398 2082 ⁹
2430 2046 2677 2128 "qum,
2712 2050 2877 2125 ταύτῃ
2908 2054 2975 2125 τῇ
2998 2049 3143 2104 νυκτὶ
3174 2047 3273 2114 τὴν
3317 2047 3501 2124 ψυχήν
3533 2066 3625 2100 σου
3660 2046 3856 2098 ἀπαιο

2166 2140 2343 2192 τοῦσιν
2386 2135 2493 2192 ἀπὸ
2537 2158 2654 2198 σου,
2708 2139 2824 2217 Ούχ
2872 2140 2945 2203 ὡς
2988 2144 3082 2195 τοῦ
3127 2144 3258 2193 Θεοῦ
3286 2141 3363 2207 τῷ
3393 2132 3625 2205 πλουσίῳ
3691 2135 3851 2205 ὁμιο

2165 2221 2428 2293 λήσαντος
2479 2224 2689 2303 λέγεται
2750 2229 2833 2306 τὸ,
2882 2231 3017 2283 Εῖπε
3076 2224 3131 2282 δὲ
3191 2228 3333 2298 αὐτῷ
3389 2226 3415 2279 6
3475 2224 3627 2296 Θεὸς,
3682 2220 3852 2277 ἀλλὰ

2162 2314 2399 2370 τοιοῦτόν
2442 2337 2493 2371 τι
2537 2313 2714 2393 λέγει,
2756 2315 2837 2372 ὅτι
2896 2316 3055 2372 ταῦτα
3101 2314 3155 2371 δὲ
3199 2314 3358 2371 αὗτοῦ
3407 2312 3843 2387 ἐνθυμο·›μὲνου,

2164 2402 2319 2458 εἶπεν
2375 2406 2403 2460 6
2460 2406 2589 2468 Θεὸς
2650 2404 2957 2484 (πλάττεται
2998 2405 3096 2482 γὰρ
3155 2412 3319 2459 ταῦτα
3373 2404 3407 2469 ἡ
3450 2399 3777 2479 παραδολή)
3824 2426 3840 2438 -

2164 2489 2380 2571 Ἀφρον.
2439 2492 2689 2573 ’Ἀφρονα
2742 2495 2841 2568 μὲν
2887 2504 2974 2553 οὖν
3026 2496 3173 2551 οὒτὸν
3203 2493 3470 2567 ὀνομάζει,
3506 2493 3578 2551 ὼς
3611 2491 3839 2573 ’πάντη

2164 2568 2365 2648 ἀνόητα
2397 2568 2839 2663 βουλευσάμενον,
2873 2584 3006 2640 καθὰ
3063 2581 3126 2650 δὴ
3169 2579 3535 2655 ἀπεδείξαμεν.
3581 2568 3837 2658 ’Ἄφρων

2165 2670 2383 2748 γὰρκαὶ
2426 2672 2659 2745 μάταιος
2704 2679 2807 2737 πᾶς
2838 2680 3095 2744 τοιοῦτος,
3129 2672 3265 2727 κατὰ
3308 2677 3395 2725 καὶ
3442 2666 3608 2724 Δαυῖδ
3636 2668 3830 2746 Λέγει·

2161 2759 2348 2826 Μάτην
2397 2767 2499 2824 πᾶς
2545 2758 2815 2841 ἅνθρωπος
2850 2780 2865 2795 ⁶
2913 2763 2998 2817 καὶ
3051 2763 3085 2829 ἡ
3158 2761 3319 2833 αἰτία,
3366 2759 3661 2835 θησαυρίζει
3726 2758 3832 2813 καὶ

2161 2851 2221 2906 οὗ
2276 2849 2527 2925 γινώσκει
2570 2850 2669 2905 τίνι
2729 2848 2932 2916 συνάξει
2978 2851 3106 2906 αὑτά
3141 2865 3153 2879 ⁸
3189 2855 3303 2912 πῶς
3342 2850 3436 2927 γὰρ
3466 2849 3559 2903 οὔκ
3603 2846 3820 2925 away,

2163 2939 2189 2992 6
2234 2938 2313 3012 μὴ
2375 2940 2530 3017 γνοὺς
2591 2938 2670 2994 ὅτι
2702 2938 2842 3010 ζωῆς
2889 2940 3055 3016 μέτρα
3097 2939 3239 3018 παρὰ
3269 2938 3417 3014 μόνῷ
3447 2943 3521 3010 τῷ
3552 2942 3686 3010 Θεῷ,
3722 2936 3823 2990 καὶ

429 3026 573 3121 Nam
598 3046 717 3111 quo
744 3036 912 3110 pacto
945 3046 1062 3121 non
1091 3037 1178 3121 est
1204 3027 1514 3121 insipiens,
1539 3031 1636 3110 qui
1672 3008 1901 3121 ignorat
1919 3031 2076 3113 quod

2163 3029 2258 3084 οὒκ
2320 3026 2474 3093 αὒτός
2532 3051 2613 3092 τις
2670 3026 2890 3093 ἕκαστος
2962 3030 3131 3103 ἑαυτῴ
3211 3028 3425 3106 ὁριστὴς
3481 3026 3575 3093 τῆς
3634 3028 3817 3095 ζωῆς,

428 3117 565 3179 vita
589 3135 869 3179 mensura
886 3116 1039 3197 apud
1065 3117 1257 3178 solum
1280 3115 1613 3189 Deum,nec
1629 3118 1744 3180 sibi
1766 3119 2076 3201 quisquam

428 3223 597 3269 suam
633 3206 811 3267 vitam
842 3205 1097 3268 deﬁnire
1127 3205 1361 3286 possit?
1388 3204 1651 3269 Observa
1674 3207 1815 3269 item
1860 3217 1918 3270 et
1939 3227 2077 3272 ver-

431 3293 936 3377 bum,Repetent.
988 3294 1197 3372 Angeli
1240 3294 1399 3379 enim
1450 3296 1606 3358 sicut
1643 3296 1917 3358 crudeles
1968 3297 2077 3359 tri-

432 3384 709 3446 butorum
762 3392 1068 3445 exactores
1114 3392 1171 3444 et
1218 3382 1548 3464 terribiles,
1603 3392 1758 3445 tuam
1809 3391 2082 3465 repetent

428 3472 711 3548 animam,
748 3480 805 3533 te
837 3470 1015 3533 etiam
1049 3472 1252 3548 invito,
1280 3479 1481 3553 utpote
1514 3481 1757 3553 propter
1787 3474 1917 3535 vita:
1934 3494 2072 3556 prae-

428 3562 613 3624 sentis
632 3558 1021 3623 immodicum
1040 3559 1853 3636 amorcm,obluctaute.l\'am
1869 3582 1901 3623 ει
1914 3565 2077 3641 justo

432 3669 550 3714 non
580 3649 872 3730 repetitur
895 3648 1119 3724 anima,
1144 3649 1251 3711 sed
1282 3648 1382 3711 ille
1407 3651 1673 3729 gaudens
1695 3662 1754 3712 et
1773 3653 2076 3725 exsultans

428 3738 805 3802 commendat
825 3756 954 3800 eam
968 3737 1807 3820 DeoPatrispirituum,neque
1822 3752 2073 3802 mortem

429 3846 583 3909 aegre
610 3828 746 3891 fert.
770 3828 1032 3908 Corpore
1058 3827 1216 3889 enim
1239 3827 1723 3890 circumamictus
1743 3837 1833 3891 est
1854 3838 1916 3891 ut
1937 3849 2075 3892 one-

426 3936 517 3994 re,
553 3917 713 4000 quod
739 3916 947 3979 leviter
976 3916 1243 3997 deponit.
1279 3915 1566 3978 Peccator
1614 3935 1755 3979 vero
1806 3919 1907 3999 qui
1936 3920 2073 3979 ani-

432 4025 584 4070 mam
642 4005 810 4070 carni
864 4004 1133 4067 subdidit
1189 4005 1433 4086 corpori
1492 4005 1741 4067 nimium
1802 4008 2067 4082 affectus,

426 4096 604 4159 etiam
638 4096 801 4159 illam
833 4094 976 4158 fecit
1006 4113 1274 4175 carnem,
1300 4094 1654 4157 indivulsam
1689 4115 1817 4158 eam
1850 4098 2074 4159 habere

426 4185 546 4248 vult
578 4206 591 4248 :
627 4185 850 4248 idcirco
881 4183 1098 4246 dicitur
1138 4183 1213 4245 ab
1249 4202 1319 4244 eo
1352 4184 1626 4264 repetita,
1660 4184 1812 4246 sicut
1856 4184 1929 4246 ab
1976 4188 2070 4247 in-

424 4273 744 4337 obediente
771 4274 1030 4354 quodam
1049 4272 1320 4335 debitore
1334 4273 1432 4354 qui
1465 4273 1712 4336 traditur
1734 4274 2075 4336 crudelibus
2096 4287 2140 4337 D
2157 4280 2252 4334 οὒκ
2281 4278 2435 4335 εἶπεν
2472 4298 2487 4313 ο

423 4361 823 4427 exactoribus.
853 4362 1004 4426 Vide
1025 4380 1262 4444 quoque
1287 4362 1441 4443 quod
1473 4380 1590 4423 non
1621 4361 1806 4425 dixit:
1844 4365 2067 4442 Repeto

422 4452 680 4515 animam
742 4460 945 4515 tuam:
1001 4451 1133 4528 sed,
1192 4452 1509 4533 Repetent.
1561 4452 1857 4515 iustorum
1907 4453 2065 4514 enim

420 4541 640 4603 animas
670 4541 733 4603 in
764 4559 941 4603 manu
972 4541 1105 4605 Dei.
1133 4544 1205 4604 Et
1248 4539 1511 4621 profecto
1552 4540 1612 4600 in
1646 4549 1820 4603 nocte
1848 4541 1922 4604 ab
1954 4544 2068 4605 bu-

413 4630 683 4712 jusmodi
710 4630 1008 4711 repetitur
1030 4629 1251 4692 anima.
1284 4628 1415 4691 Non
1468 4630 1625 4691 enim
1661 4629 1837 4693 habet
1867 4630 2069 4694 lumen

363 4783 369 4790 ,
419 4719 635 4784 divina;
662 4720 930 4783 scientiae
958 4718 1073 4782 sibi
1104 4718 1361 4799 fulgens,
1388 4718 1493 4781 sed
1526 4737 1658 4780 cum
1694 4719 1865 4782 estin
1896 4734 2069 4784 nocte

419 4809 762 4891 cupiditatis
805 4808 1170 4883 divitiarum,
1222 4816 1280 4869 et
1334 4808 1406 4869 ab
1463 4807 1562 4869 illa
1618 4808 2065 4891 ohtenebratur,

421 4907 613 4962 morte
642 4897 1192 4981 comprehenditur.
1229 4898 1327 4961 Sic
1368 4897 1569 4977 utique
1599 4898 1820 4960 stultus
1848 4907 1938 4961 est
1967 4901 2068 4981 qui

418 4986 535 5051 sibi
561 4988 939 5065 thesaurizat,
960 4995 1021 5051 et
1040 4987 1331 5068 insipiens
1350 4987 1592 5062 dicitur,
1621 4995 1680 5049 et
1700 5007 1818 5050 non
1839 4990 2069 5069 perlicit

418 5078 841 5158 cogitationem
871 5096 1062 5149 suam,
1099 5076 1206 5139 sed
1238 5077 1301 5139 in
1350 5076 1481 5159 ipso
1525 5077 1896 5158 cogitationis
1930 5097 2065 5141 mo-

419 5176 619 5229 mento
649 5186 720 5231 ex
741 5176 862 5229 tota
880 5168 1000 5231 vita
1022 5165 1420 5231 abscinditur.
1444 5167 1518 5229 At
1540 5166 1589 5227 si
1612 5165 1975 5248 pauperibus
2008 5176 2067 5230 et

415 5252 542 5317 Deo
572 5264 1016 5337 congregasset,
1049 5275 1169 5318 non
1210 5256 1294 5318 sic
1324 5274 1387 5317 se
1427 5254 1754 5331 habuisset,
1787 5274 2065 5319 curemus

413 5346 622 5427 igitur,
646 5356 713 5411 ut
750 5349 965 5411 divites
995 5348 1206 5412 fiamus
1240 5351 1298 5410 in
1333 5350 1476 5425 Deo,
1516 5348 1630 5411 hoc
1660 5357 1840 5412 estut
1872 5350 1930 5411 in
1964 5349 2065 5412 illo

415 5436 693 5501 ﬁduciam
726 5438 1049 5503 habeamus
1074 5447 1133 5502 et
1160 5447 1225 5501 ut
1258 5438 1425 5501 illum
1469 5438 1797 5501 habeamus
1828 5439 2064 5501 divitias

492 5600 559 5652 ει
587 5595 742 5663 Psal.
776 5614 1024 5684 xxxvm,
1061 5599 1158 5665 12.

2165 3106 2311 3195 υΟρα
2355 3115 2409 3172 δὲ
2442 3119 2527 3173 καὶ
2558 3119 2654 3187 τὴν
2687 3117 2824 3184 λέξιν
2851 3126 2964 3197 τοῦ,
3011 3118 3375 3178 ’Λπαιτουσιν,
3426 3108 3650 3192 "sane?
3706 3116 3818 3193 γὰρ

2160 3226 2299 3269 τινες
2330 3206 2558 3273 ἀπηνεῖς
2616 3206 2919 3289 φορολόγοι,
2964 3206 3176 3287 φοϐεροὶ
3224 3206 3439 3286 ἄγγελοι
3490 3206 3588 3272 τὴν
3616 3207 3817 3284 ψυχήν

2161 3316 2255 3350 σου
2312 3295 2619 3354 ἀπαιτοῦσιν
2676 3296 2920 3371 ἄκοντος,
2982 3301 3072 3351 οἷα
3164 3295 3248 3354 διὰ
3303 3295 3592 3370 φιλοζωΐαν
3650 3294 3814 3349 ἀντι-

2161 3387 2480 3461 ποιουμένου
2548 3395 2653 3444 τὼν
2712 3389 2928 3444 ἐνταῦθα
2963 3402 2977 3416 ⁸
3053 3390 3079 3442 ὁ
3162 3386 3259 3461 μὲν
3315 3387 3414 3463 γὰρ
3456 3383 3653 3447 δικαιος
3709 3387 3812 3443 οὐκ

2160 3472 2464 3531 ἁπαιτεῖται
2516 3477 2615 3545 τὴν
2672 3478 2878 3556 ψυχὴν,
2927 3474 3063 3532 ἀλλὰ
3120 3477 3457 3555 παρατίθεται
3501 3474 3696 3539 ταύτην
3728 3480 3811 3546 τῷ

2160 3569 2276 3638 Θεῴ
2334 3567 2420 3621 καὶ
2467 3568 2627 3645 Πατρὶ
2674 3573 2778 3621 τῶν
2839 3566 3173 3638 πνευμάτων,
3233 3565 3435 3643 χαίρων
3488 3563 3575 3617 καὶ
3625 3560 3801 3638 ἀγαλ-

2159 3650 2409 3734 λόμενος,
2455 3657 2542 3711 καὶ
2587 3655 2701 3712 οὐδὲ
2744 3654 2993 3735 δυσφορεϊ
3022 3657 3139 3733 περὶ
3168 3655 3265 3710 τὴν
3310 3654 3558 3708 ἀπόθεσιν
3593 3670 3605 3683 ·
3668 3650 3801 3705 ἐλι-

2159 3745 2287 3821 φρὸν
2343 3746 2441 3823 γὰρ
2510 3745 2717 3825 φορτίον
2785 3747 2845 3801 τὸ
2928 3753 3085 3819 σῶμα
3142 3745 3473 3822 περίκειται·
3536 3744 3563 3797 6
3617 3739 3671 3796 δὲ
3740 3763 3801 3819 γε

2157 3828 2477 3911 ἁμαρτωλὸς
2524 3834 2938 3911 κατασαρκώσας
2996 3834 3093 3900 τὴν
3152 3833 3361 3913 ψυχὴν,
3423 3833 3508 3887 καὶ
3551 3852 3801 3909 προσσω-

2157 3920 2534 3994 ματοποιώσας
2594 3924 2781 4003 αὐτὴν,
2829 3925 2914 3979 καὶ
2984 3928 3085 4000 γῆν
3131 3924 3387 3991 ποιήσας,
3445 3918 3795 3976 δυσαποσπά-

2156 4031 2295 4073 στως
2353 4011 2516 4078 αὐτὴν
2576 4011 2725 4091 ἔχειν
2784 4013 3169 4092 παρεσκεύασε,
3215 4010 3294 4066 διὸ
3337 4011 3425 4066 καὶ
3453 4010 3797 4067 ἀπαιτεῖσθαι

2154 4098 2351 4165 ταύτην
2437 4099 2671 4180 λέγεται,
2759 4101 2939 4182 ὥσπερ
3046 4125 3119 4165 τις
3204 4100 3483 4180 χρεώστης
3577 4098 3795 4165 ἄπειθὴς

2154 4187 2472 4268 πράκτορσιν
2560 4189 2785 4258 ἁπηνέσι
2863 4190 3297 4272 παραδιδόμενος.
3376 4181 3521 4267 υΟροι
3572 4186 3625 4243 δὲ
3680 4191 3796 4252 πῶς

2521 4279 2763 4338 Ἀπαιτῶ
2792 4283 2889 4351 τὴν
2918 4283 3101 4362 ψυχήν
3135 4304 3247 4355 σου,
3282 4278 3424 4353 ἀλλ’,
3460 4280 3792 4335 Ἀπαιτοῡσι·

2150 4374 2256 4424 τῶν
2298 4368 2513 4428 δικαίων
2572 4373 2671 4452 γὰρ
2727 4375 2779 4429 αἱ
2822 4375 2993 4453 ψυχαὶ
3049 4373 3101 4428 ἐν
3154 4374 3294 4451 χειρὶ
3357 4376 3509 4427 θεοῦ·
3556 4376 3642 4442 Τῷ
3684 4368 3793 4423 ὄντι

2152 4464 2240 4515 οὖν
2299 4461 2356 4515 ἒν
2416 4462 2561 4518 νυκτὶ
2617 4462 2924 4520 ἆπαιτεϊται
2968 4464 3064 4529 τὴν
3108 4464 3291 4542 ψυχὴν
3344 4463 3369 4515 6
3406 4468 3665 4519 τοιοῦτος.
3723 4460 3796 4516 Οὒ

2153 4549 2254 4628 γὰρ
2315 4548 2432 4630 ἔχει
2489 4557 2599 4631 φῶς
2669 4552 2808 4618 θείας
2866 4552 3199 4632 ἐπιγνώσεως
3255 4550 3557 4624 ἐπιλάμπον
3628 4549 3791 4621 αὐτῷ,

2152 4636 2272 4694 ἀλλ’
2326 4638 2380 4694 ἐν
2439 4642 2583 4697 νυκτὶ
2640 4642 2737 4710 τῆς
2795 4642 3170 4720 φιλοπλουτίας
3216 4643 3313 4713 ὢν,
3360 4642 3447 4695 καὶ
3475 4639 3574 4693 ὑπὸ
3603 4638 3794 4704 ταύτης

2150 4724 2545 4808 ἐσκοτισμὲνος,
2606 4731 2814 4803 θανάτῳ
2892 4728 3356 4806 καταλαμϐάνεται
3392 4748 3405 4761 ·
3454 4727 3618 4786 οὕτως
3695 4723 3795 4801 ἄρα

2150 4816 2177 4871 6
2227 4818 2552 4895 θησαυρίζων
2650 4820 2844 4895 ἐαυτῷ,
2917 4822 3093 4901 ἄφρων
3170 4816 3374 4885 δηλαδὴ
3443 4816 3789 4890 καλούμενος,

2147 4906 2236 4961 καὶ
2294 4907 2370 4980 μὴ
2414 4908 2677 4979 παραίνων
2722 4912 2812 4977 τὰς
2870 4914 3025 4968 αὺτοῦ
3094 4908 3310 4987 βουλὰς,
3363 4906 3483 4963 ἀλλ’
3542 4912 3594 4961 έν
3653 4904 3817 4976 αύτῷ,

2151 4999 2228 5067 τῷ
2256 5003 2422 5074 καιρῴ
2465 4997 2561 5065 τῆς
2618 4998 2816 5075 βουλῆς
2868 5001 3250 5076 ἐκτεμνόμενος
3313 4996 3449 5059 ὅλως
3508 5004 3598 5052 τοῦ
3654 4995 3786 5071 βίου.

2154 5087 2209 5139 Ei
2235 5081 2289 5140 δέ
2332 5106 2392 5163 γε
2450 5100 2565 5149 τοῖς
2610 5088 2797 5156 πένησι
2841 5091 2928 5146 καὶ
2986 5093 3063 5163 τῷ
3119 5095 3234 5162 Θεῴ
3283 5087 3636 5162 ἐθησαύριζεν,
3698 5088 3789 5142 οὐκ

2148 5170 2211 5227 ἂν
2253 5174 2412 5255 εἶχεν
2442 5175 2608 5235 οὕτως
2644 5197 2657 5211 ’
2706 5180 3086 5255 σπουδάσωμεν
3117 5188 3204 5235 ουν
3238 5178 3307 5241 εἰς
3353 5180 3480 5232 Θεὸν
3510 5173 3785 5252 πλουτεῖν,

2148 5264 2438 5341 τοττέστιν,
2471 5264 2557 5321 ἐπ’
2606 5266 2787 5324 ἐκείνω
2844 5268 3177 5349 πεποιθέναι,
3235 5268 3321 5324 καὶ
3352 5267 3555 5323 ἐκεῖνον
3583 5264 3784 5339 ἡμέτε-

2147 5375 2236 5432 ρον
2295 5354 2443 5436 ἔχειν
2473 5355 2726 5434 πλοῦτον,
2757 5360 2845 5415 καὶ
2874 5366 2966 5417 τοῦ
3016 5358 3247 5415 πλούτου
3276 5356 3520 5435 ταμείαν,
3565 5354 3653 5410 καὶ
3709 5353 3787 5428 μὴ

2145 5442 2319 5523 λέγειν
2348 5444 2428 5502 ὅτι
2484 5447 2549 5504 τὰ
2591 5446 2761 5527 ἀγαθά
2820 5470 2943 5525 μου,
2992 5448 3150 5528 ἀλλὰ,
3195 5449 3259 5504 τὰ
3302 5445 3469 5526 ἁγαθᾶ
3492 5452 3584 5504 τοῦ
3629 5448 3818 5502 Θεοῦ·’

3046 4125 3119 4165 τις
