4116 6212
365 284 471 349 891

369 516 737 569 crementum
764 507 894 586 dat,
928 509 1005 567 ita
1027 516 1084 568 et
1115 506 1231 568 alia
1262 504 1444 567 dabit.

429 692 616 751 Vsus.
652 690 873 752 27-31.
916 716 942 744 α
982 687 1371 752 Considerate
1395 689 1537 748 575
1571 685 1694 747 lilia
1724 684 2022 767 quomodo

351 785 679 843 crescunt:
720 798 838 840 non
877 777 1175 851 laborant,
1211 796 1405 857 neque
1438 784 1605 837 nent.
1650 774 1792 838 Dico
1826 781 2021 835 autem

348 866 658 938 vobis,nec
691 865 977 928 Solomon
1023 865 1081 927 in
1120 866 1279 926 omni
1314 866 1505 943 gloria
1537 882 1645 926 sua
1668 862 2025 924 vestiebatur

359 956 513 1018 sicut
545 975 726 1017 unum
757 974 823 1017 ex
860 955 1008 1015 istis.
1038 954 1099 1017 Si
1131 962 1325 1014 autem
1371 971 1614 1032 gramen
1646 950 1805 1032 quod
1846 950 2023 1011 hodie

358 1053 449 1108 est
480 1046 537 1105 in
571 1063 736 1124 agro,
766 1051 825 1105 et
850 1063 985 1106 cras
1016 1043 1078 1104 in
1103 1043 1404 1104 clibanuni
1436 1041 1710 1121 mittitur,
1744 1040 1901 1102 Deus
1938 1039 2023 1101 sic

364 1134 571 1196 vestit-
606 1143 823 1213 quanto
878 1133 1063 1210 magis
1115 1149 1224 1194 vos
1263 1132 1493 1204 vestiet,
1520 1149 1555 1192 ο
1589 1147 1794 1210 parum
1830 1128 2021 1190 (iden-

367 1223 482 1285 tes‘.’
518 1223 583 1283 Et
614 1241 717 1283 vos
750 1222 929 1283 nolite
986 1240 1256 1298 quaerere
1313 1219 1453 1301 quid
1516 1219 1675 1280 esuri
1724 1216 1875 1298 sitis,
1925 1227 2024 1279 aut

371 1312 512 1395 quid
548 1313 785 1373 hibituri
817 1330 834 1373 :
869 1320 925 1373 et
956 1312 1140 1373 nolite
1165 1311 1224 1371 in
1257 1309 1514 1371 sublime
1548 1306 1841 1369 tollich
1860 1307 2017 1368 enim

363 1404 561 1463 omnia
582 1415 789 1480 gentes
824 1401 1027 1463 mundi
1058 1408 1357 1480 quaerunt.
1384 1399 1557 1461 Pater
1588 1409 1788 1459 autem
1824 1405 2020 1458 vester

365 1491 474 1553 scit
505 1492 658 1572 quod
695 1493 819 1553 istis
854 1490 1189 1570 indigeatis.
1228 1489 1380 1562 Quin
1414 1490 1607 1569 potius
1640 1488 1886 1567 quaerite
1916 1505 2018 1547 re-

365 1600 544 1659 gnum
580 1581 774 1655 Dei,et
795 1581 920 1641 haec
950 1579 1150 1641 omnia
1172 1577 1525 1657 adjicientur
1558 1576 1781 1638 vobis.»
1819 1574 1888 1636 Et
1911 1576 2022 1636 hoc

1324 284 1428 347 TH
1444 283 1919 345 EOPHYLACTI
1970 285 2061 345 BU
2075 284 2215 345 LGA
2228 284 2379 345 IU/E
2425 286 2783 347 ARCHIEP.

348 418 584 479 sollitus
614 427 709 480 es?
746 417 1133 496 Perspicuum
1174 413 1526 494 enim,quod
1561 412 1715 474 sicut
1748 412 2029 492 Deus,in-
2054 436 2090 472 Α
2117 422 2225 471 κῶν
2264 437 2275 448 ·

3666 283 3811 346 89'2

2342 415 2580 483 τηκεδὼν
2613 418 2711 497 γὰρ
2753 420 2787 486 ἡ
2820 417 3071 496 μέριμνα.
3109 420 3165 475 Εἰ
3197 422 3365 477 τοίνυν
3397 423 3459 477 τὸ
3486 419 3820 500 ἐλάχιστον

2111 505 2167 561 ού
2211 503 2424 562 δύνασαι
2456 506 2769 587 προσϐῆναι,
2802 507 2851 563 τί
2878 528 2994 586 περι
3033 514 3140 564 τῶν
3198 507 3404 566 λοιπῶν
3461 513 3757 589 μεριμνᾷς
3803 526 3821 582 ;

2111 592 2380 672 Πρόδηλον
2422 596 2522 675 γὰρ
2553 594 2658 671 ὅτι,
2705 596 2885 675 ὥσπερ
2938 596 3036 665 τὴν
3067 595 3285 665 αὔξησιν
3316 601 3343 655 6
3376 600 3509 661 Θεὸς
3537 597 3819 667 δίδωσιν,

2107 683 2243 741 οὕτω
2271 685 2359 742 καὶ
2389 683 2557 741 τᾶλλα
2588 684 2774 743 δώσει.

2200 794 2216 829 l
2270 776 2646 844 Κατανοήσατε
2718 776 2784 831 τὰ
2842 775 2991 851 κρίνα
3039 782 3154 839 πῶς
3200 776 3405 842 αὐξάνει
3440 794 3453 807 ·
3490 778 3552 833 ού
3580 785 3814 851 κοπιᾷ,

2108 861 2221 919 οὐδὲ
2264 864 2438 934 νήθει.
2476 863 2629 942 Λέγω
2671 866 2823 939 ὑμῖν,
2857 864 2937 921 ὅτι
2966 863 3082 921 οὐδὲ
3111 864 3367 939 Σολομῶν
3411 867 3465 924 ἐν
3510 869 3681 945 πάσῃ
3736 876 3816 944 τῇ

2107 950 2229 1029 δόξῃ
2290 954 2448 1010 αὐτοῦ
2478 951 2827 1032 περιεϐάλετο
2856 956 2929 1018 ὡς
2974 953 3030 1009 ἓν
3074 954 3302 1017 τούτων,
3339 958 3399 1013 Εἰ
3427 954 3482 1013 δὲ
3510 958 3602 1013 τὸν
3641 957 3817 1037 χόρ-

2104 1064 2197 1099 τον
2228 1042 2283 1097 ἒν
2326 1049 2402 1117 τῷ
2446 1042 2592 1121 ἀγρῷ
2652 1045 2887 1121 σήμερον
2930 1043 3081 1119 ὄντα,
3134 1047 3222 1100 καὶ
3254 1044 3428 1123 αὔριον
3459 1048 3535 1110 εἰς
3584 1043 3818 1103 κλίϐα-

2106 1154 2193 1188 νον
2277 1130 2630 1209 βαλλόμενον,
2716 1135 2744 1189 6
2804 1134 2933 1197 Θεὸς
3004 1131 3171 1197 οὕτως
3223 1134 3565 1216 ἀμφιέννυσι,
3630 1136 3821 1210 πόσῳ

2106 1218 2305 1294 μᾶλλον
2356 1222 2518 1300 ὑμᾶς,
2565 1219 2895 1296 ὀλιγόπιστοι
2932 1240 2947 1301 ς
2980 1218 3085 1280 Καὶ
3139 1223 3295 1297 ὑμεῖς
3342 1224 3419 1297 μὴ
3451 1228 3689 1295 ζητεῖτε
3762 1224 3822 1280 τί

2104 1309 2310 1388 φέγητε
2354 1308 2390 1377 ἢ
2421 1331 2510 1365 και
2556 1309 2608 1366 τί
2660 1310 2848 1390 πίητε,
2904 1310 2993 1366 καὶ
3046 1310 3123 1385 μὴ
3154 1313 3553 1388 μετεωρζεσθε.
3602 1313 3817 1372 Ταῦτα

2102 1398 2202 1475 γὰρ
2262 1398 2435 1453 πάντα
2508 1398 2573 1454 τὰ
2651 1396 2776 1465 ἔθνη
2852 1398 2942 1455 τοῦ
2999 1398 3203 1474 κόσμου
3261 1399 3531 1471 ἐπιζητεῖ,
3599 1391 3818 1476 ’Υμῶν

2103 1484 2157 1541 δὲ
2214 1488 2241 1542 6
2292 1486 2474 1565 Πατὴρ
2518 1484 2685 1560 οἶδεν,
2735 1486 2815 1542 ὅτι
2862 1487 3091 1567 χρῄζετε
3120 1488 3345 1545 τούτων’
3381 1489 3526 1557 πλὴν
3558 1497 3815 1563 ζητεῖτε

2104 1575 2203 1641 τὴν
2258 1573 2531 1651 βασιλείαν
2589 1583 2681 1632 τοῦ
2740 1583 2893 1651 Θεου,
2938 1578 3028 1633 καὶ
3070 1586 3234 1635 ταῦτα
3290 1578 3463 1635 πάντα
3533 1601 3811 1658 προστε-

364 1670 624 1732 liliorum
686 1670 1021 1748 exemplum
1066 1667 1281 1748 posuit,
1311 1676 1373 1728 ut
1407 1686 1515 1728 nos
1573 1664 1760 1744 magis
1800 1663 2024 1744 pudore

2114 1665 2327 1732 θήσεται
2378 1665 2532 1739 ὑμῖν.
2572 1687 2599 1718 in
2655 1665 2753 1722 Καὶ
2797 1666 2858 1720 τὸ
2915 1670 3022 1721 τῶν
3054 1666 3246 1745 κρίνων
3291 1664 3612 1747 ὑπόδειγμα,
3653 1670 3811 1745 πρὸς

364 1758 833 1821 suffunderet.Si
868 1758 1025 1819 enim
1057 1758 1182 1819 haec
1208 1757 1294 1817 sic
1332 1757 1501 1818 vestit
1533 1755 1707 1827 Deus,
1747 1762 1807 1813 ut
1836 1772 2025 1834 neque

371 1847 652 1909 Salomon
686 1849 745 1908 in
778 1847 1060 1908 omnibus
1092 1847 1324 1908 deliciis
1347 1846 1470 1907 suis
1498 1844 1686 1924 possit
1708 1842 1793 1903 sic
1834 1851 2028 1903 vester

366 1948 431 1998 ut
462 1958 644 1999 unum
671 1957 739 1999 ex
772 1937 922 2013 istis,
958 1955 1208 2017 quorum
1234 1936 1396 2000 nulla
1426 1934 1666 2015 quidem
1696 1942 1784 1993 est
1810 1950 2021 1993 neces-

365 2027 509 2087 sitas
544 2026 1032 2106 pulchritudinis;
1069 2034 1284 2105 quanto
1313 2026 1493 2103 magis
1534 2042 1663 2102 nos,
1697 2020 2021 2083 honorabi.

366 2114 450 2175 les
481 2134 600 2193 prae
629 2115 865 2177 caeteris
887 2124 1214 2188 creaturas,
1248 2114 1484 2193 vestiet,
1521 2111 1852 2193 praesertim
1887 2129 2023 2172 cum

366 2203 691 2264 necessitas
742 2205 1014 2283 corporis
1061 2204 1475 2264 indumentum
1518 2200 1824 2281 postulet?
1870 2199 2020 2272 Quid

367 2292 567 2371 igitur,
595 2292 751 2353 dicet
776 2293 1269 2372 quispiamjubes
1294 2300 1353 2351 ut
1387 2310 1502 2351 non
1536 2291 1800 2350 colamus
1830 2294 2032 2365 agros?

372 2380 501 2443 Non
533 2380 797 2460 dixit,Ne
829 2380 1034 2442 colatis
1065 2399 1236 2459 agros
1274 2398 1287 2441 :
1326 2379 1457 2453 sed,
1484 2377 1570 2440 Ne
1595 2377 1831 2439 solliciti
1878 2377 2025 2437 sitis.

373 2470 608 2532 Etenim
635 2490 750 2530 non
787 2469 1074 2550 prohibeo
1110 2489 1185 2531 ne
1212 2468 1469 2548 labores,
1499 2468 1601 2529 sed
1638 2486 1713 2528 ne
1741 2467 2032 2528 sollicitus

377 2561 481 2629 sis,
511 2559 804 2621 interdico
841 2582 853 2623 :
894 2559 1005 2621 hoc
1028 2569 1139 2634 est,
1175 2578 1249 2620 ne
1275 2578 1441 2639 spem
1489 2577 1673 2637 ponas
1701 2558 1757 2617 in
1790 2566 1846 2617 te
1875 2557 2027 2636 ipso.

374 2649 468 2713 Sic
494 2652 594 2731 qui
628 2650 948 2722 laborat,et
978 2668 1145 2730 Spem
1179 2649 1357 2710 habet
1388 2649 1444 2707 in
1480 2646 1624 2721 Deo,
1661 2648 1711 2708 is
1740 2646 1888 2709 citra
1918 2644 2032 2706 sol-

364 2740 734 2801 licitudinem
761 2738 1088 2811 vivit.Quod
1115 2740 1271 2799 enim
1297 2736 1757 2798 sollicitudinem
1785 2734 2029 2796 utaDeo

366 2830 767 2891 abducentem
792 2827 1435 2901 resecet,manifestum
1461 2825 1839 2887 est.Proinde
1860 2824 2027 2885 dicit:

370 2918 456 2980 Ne
486 2917 761 2999 quaeratis
813 2918 952 2997 quid
1014 2917 1359 2983 comedetis,
1398 2915 1486 2976 vel
1520 2914 1663 2995 quid
1699 2913 1933 2988 bibatis,
1971 2924 2029 2974 et

372 3008 557 3069 nolite
589 3010 648 3069 in
680 3007 937 3069 sublime
969 3006 1114 3069 tolli.
1144 3007 1202 3066 ln
1233 3004 1491 3067 sublime
1520 3005 1644 3065 tolli
1677 3022 1915 3084 prorsus
1946 3022 2031 3063 ni-

316 3094 335 3099 “
368 3097 453 3160 hil
480 3096 640 3158 aliud
665 3096 807 3158 dicit
837 3115 1011 3176 quam
1045 3095 1589 3166 distractionem,et
1611 3094 1826 3155 mentis
1850 3094 2026 3176 instaj

2110 1754 2166 1808 νὸ
2210 1751 2637 1832 ἐντρέψαιξὴμᾶς
2681 1752 2871 1810 πλεῖον
2903 1752 3090 1820 ἔθηκεν
3125 1770 3139 1783 ⁸
3176 1756 3222 1810 εἰ
3265 1756 3365 1835 γάρ
3393 1767 3559 1816 ταῦτα
3609 1757 3809 1819 οὕτως

2109 1838 2449 1920 ἀμφιέννυσιν
2510 1843 2537 1897 6
2583 1842 2738 1914 Θεὸς,
2798 1843 2872 1904 ὡς
2933 1840 3069 1917 μηδὲ
3111 1843 3209 1909 τὴν
3266 1850 3359 1900 τοῦ
3417 1842 3808 1919 Σολομῶντος

2108 1927 2260 1994 δόξαν
2302 1929 2519 2010 ἰσχύσαι
2576 1928 2946 2009 περιϐαλέσθαι
2976 1930 3107 1987 ποτὲ
3156 1932 3231 1996 ὡς
3287 1930 3343 1987 ’ἐν
3397 1934 3629 2009 τούτων,
3698 1935 3807 1989 καὶ

2109 2025 2272 2075 ταῦτα
2329 2028 2421 2078 τοῦ
2463 2017 2691 2085 κάλλους
2740 2027 2846 2076 τῶν
2894 2020 3081 2098 κρίνων
3126 2021 3204 2096 μὴ
3248 2020 3534 2101 ἀναγκαίου
3595 2024 3798 2098 ὄντος,

2110 2109 2260 2183 πόσῳ
2304 2106 2506 2184 μᾶλλον
2536 2110 2706 2185 ἡμᾶς,
2736 2112 2798 2165 τὸ
2828 2111 2998 2185 τίμιον
3045 2108 3291 2185 πλάσμα,
3349 2117 3441 2171 οῦκ
3495 2114 3799 2195 ἀμφιέσει,

2110 2198 2198 2252 καὶ
2253 2205 2419 2254 ταῦτα
2476 2198 2765 2276 ἀναγκαίου
2843 2196 2994 2262 ὄντος
3078 2205 3156 2255 τῶ
3215 2204 3421 2276 σώματι
3465 2202 3626 2278 ὴμῶν
3690 2208 3801 2259 τοῦ

2116 2283 2398 2359 ἐνδύματος
2432 2305 2447 2367 ;
2484 2286 2545 2344 Τί
2602 2289 2713 2367 οῦν,
2760 2288 2911 2366 φησὶ,
2970 2285 3205 2353 κελεύεις
3263 2291 3406 2366 ἡμᾶς
3456 2291 3534 2368 μὴ
3594 2314 3792 2371 γεωρ-

2114 2390 2232 2451 γεῖν
2271 2393 2286 2449 ;
2324 2378 2431 2434 Οὐκ
2463 2377 2590 2432 εἷπε
2621 2392 2635 2405 ⁸
2671 2377 2761 2443 Μὴ
2793 2390 3108 2455 γεωργεϊτε,
3140 2376 3296 2453 ἀλλά,
3334 2380 3421 2448 Μὴ
3454 2389 3794 2458 μεριμνᾶτε.

2115 2463 2457 2544 Ἐργσίζεσθαι
2519 2468 2617 2543 μὲν
2661 2468 2760 2545 γὰρ
2805 2468 2865 2523 ού
2923 2465 3135 2547 κωλύω,
3201 2476 3458 2547 μεριμνᾶν
3501 2469 3583 2550 δὲ,
3644 2472 3791 2549 ὅπερ

2117 2553 2225 2610 ἔστι
2282 2556 2380 2623 τὴν
2425 2554 2608 2612 ἐλπίδα
2640 2554 2795 2635 ἔχειν
2839 2555 2892 2611 ἐν
2939 2556 3178 2636 ἑαυτοῖς,
3233 2565 3388 2616 τοῦτο
3429 2559 3789 2639 ἀπαγορεύω.

2121 2635 2211 2709 ἐὶς
2246 2644 2336 2723 ὅγε
2367 2644 2716 2723 ἐργαζόμενος
2749 2644 2870 2719 μὲν,
2932 2635 3169 2717 ἐλπίζων
3205 2643 3259 2702 δὲ
3289 2649 3363 2711 είς
3395 2635 3567 2723 Θεὸν,
3597 2635 3784 2712 οὕτως

2114 2734 2416 2814 ἀμερίμνως
2461 2734 2651 2813 διάγει.
2725 2726 2857 2793 υΟτι
2902 2736 3003 2815 γὰρ
3061 2736 3159 2803 τὴν
3219 2737 3474 2816 μέριμναν
3525 2740 3602 2802 ὡς
3665 2739 3787 2796 ἀπ-

2115 2824 2343 2901 άγουσαν
2389 2826 2520 2882 Θεοῦ
2558 2825 2827 2905 ἐκκόπτει,
2861 2823 3046 2893 δῆλον.
3095 2828 3237 2892 Φησὶ
3265 2828 3363 2907 γάρ
3386 2843 3401 2858 ⁸
3438 2827 3526 2883 Μὴ
3552 2835 3783 2900 ζητεῖτε

2110 2914 2159 2967 τί
2219 2914 2452 2995 φάγητε,
2484 2913 2518 2981 ἣ
2548 2914 2597 2969 τί
2626 2913 2806 2989 πίητε,
2858 2916 2946 2970 καὶ
3004 2914 3082 2989 μὴ
3114 2917 3511 2992 μετεωρίζεσθε.
3546 2923 3784 2975 Μετεω-

2115 3005 2302 3081 ρισμὸν
2359 3005 2458 3082 γὰρ
2512 3003 2724 3067 πάντως
2782 3000 2929 3059 οῦδὲν
2987 3001 3118 3060 ἄλλο
3176 3002 3338 3085 λέγει,
3399 3005 3435 3073 ἢ
3490 3008 3582 3062 τὸν
3610 3029 3780 3084 περι-

2117 3093 2386 3173 σπασμὸν,
2433 3094 2521 3149 καὶ
2564 3098 2655 3148 τοῦ
2714 3090 2973 3170 λογισμοῦ
3015 3092 3115 3160 τὴν
3176 3092 3400 3151 ἄστατον
3456 3097 3780 3176 περιφορὰν,

372 3186 552 3248 bilem
580 3166 1107 3259 versionein,nunc
1132 3185 1433 3264 hoc,nunc
1464 3183 1609 3244 illud
1640 3183 1955 3262 cogitantis
1975 3174 2025 3244 el

2117 3180 2305 3237 ἄλλοτε
2339 3179 2469 3238 ἄλλο
2535 3180 2939 3258 ἐνθυμουμένου,
2998 3183 3086 3238 καὶ
3128 3182 3234 3240 ἀπὸ
3264 3185 3451 3242 τούτου

372 3274 446 3336 ab
478 3275 670 3336 hocin
698 3272 1230 3349 illud,sa|ientis,et
1262 3292 1504 3354 semper
1533 3272 1845 3333 sublimius
1864 3272 2029 3351 quid-

370 3364 504 3426 dam
532 3363 912 3440 imaginantis
944 3381 1170 3425 secum.
1208 3362 1423 3425 Annon
1468 3362 1642 3425 fuerit
1675 3362 1734 3421 in
1770 3361 2031 3421 sublime

369 3450 699 3516 tolli?Hanc
726 3452 903 3529 igitur
936 3451 1426 3524 sollicitudinem,
1461 3452 1571 3513 hoc
1608 3460 1695 3513 est
1727 3451 1802 3512 ita
1830 3450 1888 3509 in
1920 3469 2027 3511 su-

370 3542 554 3604 blime
578 3540 724 3622 tolli,
759 3541 897 3621 quia
919 3560 951 3601 a
976 3540 1095 3602 Deo
1119 3541 1380 3616 abducit,
1403 3539 1683 3622 prohibet
1720 3539 2027 3603 Dominus.

370 3632 578 3694 dicens
600 3632 721 3692 haec
740 3630 1155 3709 omniagentes
1171 3629 1851 3711 inquirere.Sollicitudo
1870 3629 2029 3690 enim

369 3740 486 3782 nou
510 3721 653 3781 solis
670 3719 1023 3781 necessariis
1050 3728 1330 3780 contenta
1352 3728 1461 3789 est,
1487 3719 1691 3793 sed,ut
1713 3718 2030 3797 dixi,sem-

369 3829 475 3890 per
505 3809 677 3871 altius
712 3826 771 3870 ei
807 3809 1003 3886 majus
1034 3808 1173 3887 quid
1207 3808 1481 3887 requirit,
1507 3815 1565 3867 et
1597 3813 1911 3886 propterea
1936 3806 2027 3865 di-

370 3898 521 3960 citur
564 3900 930 3977 μετεωρισμὸς
986 3896 1159 3957 elatio
1220 3896 1278 3957 in
1330 3894 1688 3957 sublimeEt
1716 3903 1776 3955 ut
1807 3893 2027 3974 aliquid

369 3987 625 4067 exempli
658 3986 844 4065 gratia
869 3986 1213 4046 dicamznon
1247 3984 1535 4046 habemus
1564 3982 2032 4065 panem,sollici-

372 4074 415 4137 ti
435 4095 640 4137 sumus
661 4075 821 4137 unde
840 4075 1383 4138 habeatnuszetnon
1410 4072 1468 4134 in
1493 4074 1601 4134 hoc
1624 4073 2025 4146 subsistimus,

369 4165 473 4227 sed
512 4176 568 4227 et
599 4174 659 4226 ut
690 4165 927 4245 adipem
962 4162 1504 4238 frumenti,deinde
1536 4170 1588 4224 et
1622 4163 2029 4243 vinum,idque

373 4252 1086 4333 fragrantissimum,etad
1122 4254 1245 4314 haec
1271 4256 1431 4313 as’sas
1463 4271 1698 4327 carnes,
1736 4260 1791 4313 et
1820 4256 1893 4315 ad
1924 4254 2027 4313 has

369 4344 662 4422 attagines
686 4352 741 4404 et
776 4342 1303 4423 phasianos.Vides
1352 4340 1839 4408 sollicitudinem,
1877 4352 1935 4403 et
1968 4342 2026 4402 in

371 4432 630 4495 sublime.
673 4451 741 4492 ac
789 4432 1043 4512 amplius
1093 4431 1488 4492 extollentiam
1542 4451 1715 4510 quam
1751 4430 1896 4492 dicit
1922 4453 2027 4505 με·

2113 3268 2197 3325 ἐπ’
2259 3270 2460 3351 ἐκεῖνο,
2534 3272 2623 3329 καὶ
2700 3272 2778 3327 ἀεὶ
2836 3272 2901 3326 τὰ
2961 3269 3266 3351 ὑψηλότερα
3322 3276 3719 3353 φανταζομένου
3758 3292 3775 3308 ⁹

2113 3361 2236 3439 οὒχὶ
2264 3360 2418 3416 τοῦτό
2451 3359 2591 3417 ἐστιν
2634 3363 2662 3417 6
2714 3362 3077 3440 μετεωρισρός
3112 3380 3128 3442 ς
3193 3355 3285 3427 Ὠς
3329 3367 3418 3420 οὗν
3461 3366 3775 3444 ἀπάγουσιν

2112 3450 2257 3523 ἡμᾶς
2319 3456 2410 3505 τοῦ
2483 3455 2614 3505 Θεοῦ
2670 3450 2770 3517 τὴδ
2839 3448 3090 3516 τοιαύτην
3168 3450 3447 3530 μέριμναν,
3507 3452 3627 3520 ἤτοι
3678 3456 3773 3510 τὸν

2118 3539 2509 3614 μετεωρισμὸν,
2610 3538 2926 3617 ἀπαγορεύει
3025 3540 3053 3595 ὁ
3141 3540 3350 3620 Κύριος,
3418 3543 3602 3618 εἰπὼν,
3688 3543 3772 3601 ὅτι

2118 3635 2290 3685 Ταῦτα
2346 3628 2520 3683 πάντα
2558 3628 2624 3683 τὰ
2663 3626 2783 3694 ἔθνη
2829 3629 3099 3699 ἐπιζητεῖ.
3162 3632 3235 3687 Ού
3291 3632 3391 3709 γὰρ
3440 3630 3604 3711 μέχρι
3663 3640 3771 3689 τῶν

2115 3717 2417 3795 ἀναγκαίων
2471 3718 2505 3785 ἡ
2554 3716 2784 3796 μέριμνα
2839 3716 3078 3788 ἵσταται,
3132 3715 3252 3773 ἀλλ’
3293 3719 3422 3799 ὅπερ
3452 3724 3627 3796 εἷπον,
3691 3722 3771 3779 ἀεὶ

2114 3808 2179 3862 τὰ
2232 3805 2537 3886 ὑψηλότερα
2598 3814 2755 3878 ζητεῖ
2789 3823 2803 3836 ·
2860 3804 2939 3863 διὸ
2992 3810 3079 3864 καὶ
3123 3813 3486 3885 μετεωρισμὸς
3530 3808 3766 3890 λέγεται,

2114 3896 2234 3953 οἶόν
2292 3897 2341 3951 τί
2385 3918 2523 3976 φημι
2558 3910 2573 3927 ’
2628 3899 2735 3955 Οὐκ
2778 3896 2982 3976 ἔχομεν
3013 3896 3194 3976 ἄρτον,
3228 3905 3565 3979 μεριμνῶμεν
3608 3903 3768 3959 πόθεν

2110 3985 2333 4061 ἕξωμεν,
2393 3988 2481 4041 καὶ
2539 3988 2633 4042 οὒκ
2691 3984 2820 4066 ἄχρι
2874 3986 3060 4043 τούτου
3122 3988 3400 4063 ἱστάμεθα,
3474 3988 3611 4049 ἀλλά
3682 3992 3769 4048 καὶ

2109 4078 2297 4132 ὁποῖον
2328 4073 2485 4145 στέαρ
2517 4081 2678 4153 πυροῦ
2716 4095 2727 4106 ⁸
2778 4074 2902 4131 εἶτα
2956 4076 3045 4131 καὶ
3099 4076 3273 4152 οἶνον,
3320 4076 3409 4133 καὶ
3453 4078 3639 4137 τοῦτον
3668 4081 3766 4136 ἆν-

2106 4164 2350 4241 θοσμίαν,
2412 4164 2501 4219 καὶ
2557 4163 2690 4238 ὄψον
2745 4164 2876 4241 πρὸς
2924 4162 3158 4244 τούτοις,
3232 4166 3330 4222 Καὶ
3386 4174 3541 4224 τοῦτο
3597 4168 3767 4225 ἀττα-

2111 4254 2271 4333 γῆνος
2323 4253 2360 4322 ἢ
2415 4259 2692 4332 φασιανοῦ.
2778 4245 2934 4331 εΟρᾷς
3004 4256 3101 4321 τὴν
3173 4252 3455 4333 μέριμναν,
3532 4259 3620 4314 καὶ
3679 4262 3771 4316 τὸν

2113 4342 2529 4422 μετεωρισμόν;
2592 4342 2690 4398 Διά
2741 4341 2895 4398 τοῦτο
2936 4344 2964 4398 6
3022 4343 3206 4423 Κύριος
3236 4343 3510 4411 παντελῶς
3571 4347 3766 4415 ταύτην

2110 4433 2403 4489 ἀποκοπτει
2439 4451 2453 4467 ·
2511 4434 2559 4487 οἱ
2588 4431 2787 4488 ἐθνικοὶ
2836 4432 2936 4510 γὰρ
2964 4438 3129 4488 ταῦτα
3178 4440 3447 4504 ζητοῦσιν.
3486 4436 3623 4493 Εἶτα
3683 4440 3772 4494 καὶ

365 4520 694 4599 τεωρισμόνΐ
708 4524 1034 4601 Eapropter
1054 4519 1342 4581 Dominus
1364 4528 1625 4598 amputat
1653 4521 1777 4580 hiec
1796 4520 2020 4583 omnia:

2114 4522 2283 4597 ἕτερον
2340 4521 2527 4601 ἐπάγει
2558 4520 2849 4598 λογισμὸν,
2882 4521 2963 4577 ὅτι
2995 4523 3022 4579 6
3058 4522 3240 4601 Πατὴρ
3270 4525 3427 4599 ἡμῶν
3488 4523 3632 4583 οἶδεν
3684 4524 3767 4582 ὅτι

365 4610 620 4691 gentiles
651 4610 810 4670 enim
846 4610 971 4670 haec
1001 4607 1552 4693 quaeruntlusuper
1571 4618 1625 4668 et
1655 4608 1829 4669 aliam
1857 4610 2027 4670 aﬂ‘ert

366 4700 655 4762 rationem
695 4720 708 4761 :
737 4699 875 4778 quia
904 4698 1076 4759 Pater
1108 4707 1307 4759 noster
1338 4696 1450 4758 scit
1478 4698 1616 4778 quia
1632 4698 1725 4760 his
1748 4718 1894 4779 opus
1917 4699 2027 4760 ha-

370 4790 546 4870 betis,
581 4790 702 4851 imo
735 4808 850 4850 non
887 4808 1061 4849 unam
1094 4787 1408 4867 rationem,
1446 4787 1549 4849 sed
1584 4787 1820 4851 multas.
1849 4792 2025 4851 Pater

366 4878 698 4958 ‘est,inquit,
734 4887 791 4939 et
821 4879 870 4939 si
910 4876 1406 4959 Pater,quomodo
1442 4896 1557 4938 non
1588 4876 1780 4938 dabit?
1813 4876 1931 4941 Sed
1969 4888 2030 4941 et

367 4968 621 5042 scit,nec
649 4967 808 5027 enim
835 4965 1065 5046 ignorat
1098 4985 1111 5028 :
1148 4967 1251 5029 sed
1285 4974 1342 5028 et
1364 4985 1465 5026 vos
1495 4985 1645 5045 opus
1680 4966 2024 5049 habetisQa),

366 5076 478 5118 nec
536 5057 693 5117 enim
756 5058 1013 5137 superna
1072 5064 1229 5129 sunt,
1290 5056 1397 5118 sed
1452 5055 1618 5117 vobis
1659 5059 2023 5119 necessaiia.

367 5145 551 5225 Igitur
581 5164 715 5207 cum
745 5153 802 5206 et
823 5145 953 5225 ipse
979 5147 1050 5207 sit
1077 5148 1271 5218 l’ater,
1312 5155 1369 5208 et
1399 5163 1502 5205 vos
1546 5164 1697 5225 opus
1729 5146 2021 5223 habeatis,

368 5245 427 5296 et
474 5234 620 5295 sciat
664 5233 789 5310 ille,
815 5236 1113 5315 quomodo
1142 5255 1255 5296 non
1280 5235 1524 5296 daturus
1556 5236 1742 5297 esset?
1772 5237 2030 5308 Qumrite

390 5323 547 5401 gitur
578 5341 831 5403 regnum
866 5324 969 5387 Dei
1006 5338 1145 5386 ante
1173 5324 1393 5402 omnia,
1429 5324 1567 5385 574
1610 5336 1669 5388 et
1723 5334 2030 5406 tempora-

2108 4613 2360 4691 χρῄζετε,
2420 4613 2508 4667 καὶ
2559 4610 2663 4691 οὐχ
2721 4610 2814 4667 ἕνα
2868 4610 3153 4689 λογισμὸν,
3200 4610 3339 4668 ἀλλά
3386 4615 3475 4670 καὶ
3531 4613 3770 4680 πλείους.

2112 4702 2292 4780 Πατὴρ
2337 4702 2438 4781 γάρ
2470 4699 2607 4775 ἐστι,
2654 4702 2806 4781 φησὶ,
2866 4701 2955 4756 καὶ
3013 4701 3057 4755 εί
3086 4700 3299 4781 Πατὴρ,
3349 4709 3463 4768 πῶς
3493 4704 3551 4762 ού
3580 4703 3764 4781 δώσει,

2113 4788 2281 4847 Ἀλλά
2324 4792 2413 4846 καὶ
2470 4787 2608 4866 οἶδε,
2660 4789 2739 4864 μὴ
2784 4789 2883 4868 γὰρ
2937 4787 3146 4866 ἀγνοεῖ,
3192 4788 3330 4848 ἀλλὰ
3384 4794 3474 4849 καὶ
3515 4794 3764 4874 χρῇζετε,

2112 4882 2189 4955 μὴ
2229 4881 2329 4959 γὰρ
2387 4882 2607 4959 περιττά
2671 4878 2838 4953 ἐστιν,
2896 4876 3034 4934 ἀλλά
3090 4877 3352 4959 χρειωδη.
3418 4883 3475 4940 Εἰ
3535 4886 3623 4939 οὖν
3681 4886 3770 4941 καὶ

2113 4971 2318 5050 Πατὴρ,
2370 4972 2458 5026 καὶ
2517 4970 2674 5045 ὑμεῖς
2734 4968 2989 5050 χρῄζετε,
3043 4970 3134 5024 καὶ
3176 4966 3325 5026 οἶδεν
3368 4970 3601 5051 ἐκεῖνος,
3655 4980 3767 5039 πῶς

2112 5065 2171 5121 οὐ
2204 5060 2385 5137 ,δώσει
2424 5078 2441 5136 ;
2472 5070 2695 5128 Ζητεϊτε
2726 5062 2815 5118 οὖν
2847 5062 2946 5129 τὴν
2986 5059 3258 5137 βασιλείαν
3301 5069 3393 5120 τοῦ
3438 5069 3570 5121 Θεοῦ
3629 5086 3762 5143 προ-

2111 5153 2447 5232 ηγουμένως,
2482 5152 2567 5207 καὶ
2609 5152 2706 5218 τὴν
2767 5153 2884 5230 περὶ
2940 5151 3007 5206 τὰ
3061 5151 3285 5226 βιωτικὰ
3317 5152 3579 5230 μέριμναν
3627 5156 3766 5210 ἀποο

2112 5245 2428 5315 ποιήσασθε,
2487 5242 2559 5302 ὡς
2617 5241 2964 5299 ἒκκόπτουσιν
3035 5242 3179 5314 ἡμᾶς
3239 5240 3345 5296 ἀπὸ
3396 5240 3612 5302 τούτου.
3670 5236 3770 5304 Καὶ

2112 5338 2233 5395 τότε
2276 5340 2440 5389 ταῦτα
2483 5328 2655 5388 πάντα
2686 5335 3100 5413 προστεθήσεται
3151 5331 3303 5406 ὑμῖν.
3368 5321 3522 5411 Ὀρᾷς
3584 5332 3715 5390 Θεόν
3751 5348 3767 5407 ;

444 5502 535 5581 (α)
569 5498 719 5563 Edit.
758 5501 889 5564 Lut.
924 5503 1041 5566 Sed
1072 5510 1125 5566 et
1149 5504 1261 5566 scit
1292 5520 1305 5562 :
1338 5506 1631 5585 quomodo
1662 5507 1824 5571 enim
1861 5506 2166 5593 igiwt'arct
2193 5516 2222 5576 .9
2251 5510 2375 5578 Sed
2403 5519 2457 5576 et
2486 5511 2640 5595 quod
2667 5528 2817 5593 opus
2847 5508 3103 5575 habetis.
