4116 6212
247 396 388 460 893
1022 401 1467 466 ENARBATIO
1512 404 1593 467 IN
1641 404 1920 467 EVANGJ

2011 404 2150 466 lUM
2198 406 2436 468 LUC/E.
2488 441 2560 452 -
2606 410 2771 471 CAP.
2834 410 2944 471 ΧΙΙ
3536 408 3651 473 894

238 533 307 587 εἰ
378 538 563 603 ζητεῖς
634 533 699 588 τὰ
756 534 942 613 μικρὰ,
1004 535 1098 591 οὐκ
1127 534 1347 613 ἀρεστὸν
1380 541 1521 612 αὐτῷ
1550 552 1749 601 ποιεῖς’
1785 559 1920 594 κατ-

2008 534 2152 596 lium
2178 535 2642 598 sollicitudinem
2676 536 2937 619 abjicite,
2972 560 3104 620 quae
3135 542 3207 603 ab
3254 542 3350 602 illo
3386 540 3648 617 abducit,

243 621 542 712 «texunt:
567 709 576 712 Α
602 621 701 698 γὰρ
733 710 738 712 Δ
784 624 847 677 τὸ
905 622 1064 712 αὐτοῦ
1117 622 1516 702 μεγαλόδωρον.
1552 628 1610 684 El
1644 635 1827 696 ζητεῖς
1858 626 1920 682 τὰ

2008 624 2483 708 adjicienturque
2516 627 2683 689 vobis
2737 638 2879 690 tunc
2932 630 3152 691 omnia.
3207 630 3386 693 Vides
3417 632 3573 712 quod
3606 632 3653 691 si

250 708 497 787 μεγάλα,
562 709 745 766 ἐκεῖνά
799 732 856 767 τε
913 709 1090 792 λήψῃ,
1150 715 1237 769 καὶ
1294 715 1424 792 πρός
1483 738 1544 794 γε
1614 717 1920 787 προσθήκην

2011 732 2184 794 parva
2215 717 2521 796 quaesieris
2551 737 2584 779 a
2612 717 3016 797 Deo,nihililli
3048 729 3274 797 gratum
3302 708 3651 782 faciasunu-

244 798 392 862 ἔξεις
445 800 532 854 καὶ
600 800 667 853 τὰ
696 801 881 874 μυιρὼ
919 802 961 855 εἰ
994 802 1095 880 γὰρ
1126 800 1228 857 ἴδοι
1260 825 1318 859 σε
1373 803 1774 884 ἀσχολούμενον
1804 798 1920 883 περῖ

2008 802 2370 866 niiicentiam
2400 808 2560 867 enim
2596 806 2724 885 ejus
2766 806 3145 869 dehonestas.
3183 808 3285 868 Sin
3313 808 3653 889 quaesiveris

244 890 361 956 τὴν
415 888 684 966 βασιλείαν
756 891 935 970 αὔτοῦ,
994 890 1290 969 ἀναγκαῖον
1340 893 1575 974 πάντως,
1663 893 1743 951 ὅτι
1775 916 1910 969 προ·-

249 978 513 1048 νοήσεταί
555 1000 650 1036 σου
672 976 725 1034 ἐν
754 993 873 1042 τοῖς
915 993 1057 1044 σοῖς.
1105 972 1191 1038 ’Ἡ
1236 984 1357 1063 οὗχὶ
1386 984 1473 1041 καὶ
1502 972 1666 1060 ἡμεῖς
1693 984 1747 1040 ἐν
1791 997 1913 1047 ταῖς

256 1068 481 1130 οἰκεῖαις
540 1066 677 1124 οὕτω
734 1076 1013 1149 ποιοῦμεν,
1086 1069 1286 1144 μᾶλλον
1320 1072 1531 1129 ἐκείνων
1556 1074 1913 1152 φροντίζοντες

255 1161 368 1212 τῶν
426 1154 581 1219 ὅλους
638 1157 854 1221 ἑαυτοὺς
923 1156 1315 1216 ἐπιδεδωκότων
1370 1168 1438 1239 τῇ
1480 1162 1713 1241 ἡμετέρᾳ
1755 1166 1914 1240 θερα-

258 1245 407 1318 πείᾳ,
469 1247 558 1303 καὶ
599 1247 798 1302 τούτων
829 1250 1229 1324 προνοούμενοι,
1264 1252 1336 1315 ὡς
1382 1254 1460 1327 μὴ
1517 1252 1915 1331 προνοουμένων

264 1336 485 1414 αύτῶνς
560 1338 619 1392 ού
689 1335 875 1410 πολλῷ
906 1340 994 1395 οὖν
1039 1336 1240 1412 μᾶλλον
1270 1342 1298 1396 6
1345 1341 1526 1419 Κύριος
1562 1360 1578 1421 ς
1631 1340 1915 1398 Ἐκκόπτει

263 1427 437 1482 τοίνυν
483 1427 581 1493 την
643 1428 761 1505 περὶ
819 1434 926 1484 τῶν
976 1429 1239 1503 βιωτικῶν
1310 1429 1566 1509 μέριμναν
1626 1434 1655 1488 6
1704 1432 1912 1511 Κύριος,

264 1514 360 1570 ’ίνα
428 1515 586 1591 πείσῃ
642 1517 786 1590 ἡμᾶς
844 1524 1029 1587 ζητεῖν
1086 1518 1184 1585 τὴν
1215 1517 1484 1595 βασιλείαν
1542 1523 1725 1579 αὐτου*
1756 1542 1913 1599 μερι-

266 1611 437 1678 μνῶσι
496 1604 595 1683 γὰρ
641 1611 796 1661 τοῦτο
853 1604 947 1661 οὒκ
1013 1604 1233 1664 ἔνεστιν.
1270 1608 1358 1674 Μὴ
1402 1605 1588 1689 φοϐοὖ,
1631 1610 1693 1665 τὸ
1725 1611 1914 1686 μικρὸν

268 1694 537 1768 ποίμνιον,
596 1697 680 1750 ὃτι
757 1692 1038 1761 εὐδόκησεν
1108 1699 1136 1752 6
1179 1698 1359 1774 Πατὴρ
1387 1699 1534 1774 ὑμῶν
1567 1696 1741 1756 δοῦναι
1784 1700 1911 1773 ὑμῖν

267 1785 363 1851 τὴν
389 1781 684 1859 βασιλείαν,

357 1986 380 2020 ι
446 1961 741 2032 Πωλήσατε
808 1964 873 2019 τὰ
904 1964 1213 2044 ὅπάρχοντα
1240 1966 1411 2039 ὑμῶν,
1467 1968 1553 2022 καὶ
1592 1964 1708 2022 δότε
1755 1966 1917 2035 ἐλεη-

269 2055 530 2129 μοσύνην·
602 2053 864 2121 ποιήσατε
932 2056 1146 2117 ὶαυτοτς
1208 2053 1465 2130 βαλάντια
1520 2056 1598 2131 μὴ
1653 2056 1919 2114 παλαιού-

270 2166 429 2221 μενα,
487 2142 749 2220 θησαυρὸν
808 2141 1152 2199 ἀνέκλειπτον
1207 2144 1260 2200 ἐι
1321 2157 1439 2205 τοϊς
1486 2146 1755 2223 οὐρανοῖς,
1788 2146 1919 2203 ὅπου

265 2233 505 2300 κλέπτης
555 2236 648 2291 οὒκ
706 2231 922 2309 ἐγγζει,
1024 2230 1139 2289 οὖδὲ
1223 2234 1319 2301 σὴς
1400 2232 1700 2314 διαφθείρει’
1786 2234 1919 2293 ὅπου

268 2325 367 2402 γὰρ
440 2322 582 2379 ἐστιν
652 2324 680 2378 6
730 2323 991 2399 θησαυρὸς
1022 2324 1193 2397 ὑμῶν,
1227 2322 1343 2379 ἐκεῖ
1374 2324 1463 2380 καὶ
1492 2325 1526 2391 ἡ
1558 2324 1742 2402 καρδία
1772 2327 1919 2400 ὑμῶν

268 2412 439 2475 ἔσται,
516 2434 539 2467 ι
594 2413 800 2490 ,Μικρὸν
855 2413 1099 2484 ποίμνιον
1153 2412 1397 2487 ὀνομάζει
1471 2414 1592 2479 τοὺς
1622 2414 1764 2489 αὖτῷ
1810 2438 1920 2490 μασ-

268 2504 510 2571 θητεύειν
564 2500 810 2563 θέλοντας
862 2503 889 2557 6
966 2502 1169 2580 Κύριος,
1234 2502 1269 2569 ἢ
1327 2501 1459 2560 διότι
1504 2502 1559 2559 ἐν
1617 2509 1691 2577 τῷ
1736 2505 1921 2580 κόσμῳ

272 2593 443 2666 τούτῳ
512 2593 559 2647 οἱ
613 2590 752 2668 ἅγιοι
798 2591 975 2669 μικροὶ
1007 2592 1094 2646 καὶ
1130 2590 1410 2671 ἐλάχιστοι
1440 2590 1525 2649 διὰ
1555 2594 1654 2660 τὴν
1682 2594 1919 2651 ἑκούσιον

272 2682 649 2758 ἀκτημοσύνην
706 2681 793 2736 καὶ
862 2680 1339 2762 ἀχρηματοσύνην,
1371 2681 1405 2749 ἤ
1450 2680 1533 2738 διὰ
1576 2687 1637 2739 τὸ
1667 2685 1921 2749 ἡττᾶσθαι

270 2772 369 2840 τῆς
429 2777 535 2827 τῶν
606 2768 848 2848 ἀγγέλων
902 2767 1137 2836 πληθύος
1196 2770 1496 2850 ἆμετρήτου
1554 2771 1734 2845 οὔσης,

270 2862 626 2941 ἀσυγκρείτως
686 2859 1053 2939 ὑπερεχούσης
1109 2861 1173 2915 τὰ
1222 2859 1339 2917 καθ’
1433 2863 1599 2936 ἡμᾶς·
1683 2862 1763 2918 ὅτι
1822 2864 1921 2941 γὰρ

269 2950 482 3013 πλείους
551 2952 597 3006 οἱ
654 2948 896 3026 ἄγγελοι,
954 2947 1112 3016 δῆλον
1174 2949 1233 3005 ἐκ
1290 2956 1386 3017 τῆς
1464 2948 1797 3029 παραϐολῆς,
1851 2951 1915 3018 ἧν

270 3042 428 3098 εἶπεν
499 3041 526 3096 6
602 3039 813 3115 Κύριος⁶
877 3037 957 3095 ὅτι
1030 3038 1206 3118 χαίρει
1244 3042 1271 3095 ὁ
1328 3042 1533 3115 ποιμὴν
1575 3040 1660 3096 ἐπὶ
1716 3047 1793 3114 τῷ
1843 3036 1915 3097 ἐνὶ

1836 2776 1922 2829 καὶ

2007 910 2237 970 magna.
2272 904 2329 954 et
2363 895 2462 955 illa
2490 895 2744 975 accipies
2775 904 2832 955 et
2856 915 2988 956 cum
3022 896 3141 958 illis
3172 898 3428 977 accipies
3477 898 3651 958 etiam

1997 1000 2193 1063 parva.
2225 983 2368 1046 Nam
2394 1002 2524 1046 cum
2556 992 2615 1047 te
2646 985 2859 1046 viderit
2886 996 3230 1067 occupatum
3282 1006 3465 1064 regno
3497 1007 3627 1059 suo,

1999 1070 2174 1152 plane
2205 1075 2603 1135 necessarium
2638 1082 2698 1134 ut
2726 1084 2781 1134 et
2809 1074 2912 1137 tibi
2941 1074 2999 1135 in
3032 1076 3210 1136 rebus
3241 1074 3353 1136 luis
3397 1077 3633 1155 prospi—

1999 1165 2136 1223 ciat.
2162 1162 2373 1224 Annon
2406 1177 2459 1223 et
2503 1184 2608 1226 nos
2640 1164 2698 1225 in
2751 1164 2929 1227 rebus
2967 1166 3225 1246 propriis
3256 1167 3339 1227 sic
3364 1165 3630 1238 facimus,

2001 1259 2060 1313 et
2083 1251 2267 1330 magis
2290 1272 2488 1314 curam
2520 1254 2750 1314 illorum
2785 1255 3035 1332 agimus,
3072 1256 3170 1336 qui
3202 1274 3265 1316 se
3292 1263 3441 1316 totos
3466 1254 3639 1316 nobis

2002 1342 2433 1422 manciparunt,
2469 1343 2661 1422 deque
2693 1343 2810 1404 illis
2840 1344 3075 1406 solliciti
3127 1363 3331 1405 sumus
3362 1353 3635 1424 tanquam

1999 1430 2231 1511 seipsos
2264 1431 2377 1511 ipsi
2411 1433 2738 1510 negligant?
2760 1439 2980 1513 quanto
3016 1434 3199 1509 magis
3232 1434 3287 1494 id
3307 1434 3424 1513 agit
3446 1433 3642 1495 Domi-

2000 1526 2142 1581 nus?
2167 1521 2486 1598 Propterea
2514 1522 2793 1583 Dominus
2823 1523 3083 1583 omnium
3111 1523 3521 1603 temporalium
3542 1540 3635 1582 cu-

1996 1627 2121 1670 ram
2157 1608 2801 1689 rejicit,utquaeramus
2831 1630 3074 1690 regnum
3101 1614 3255 1691 ejus,
3292 1613 3345 1671 id
3378 1611 3535 1689 quod
3568 1612 3642 1671 de

2004 1698 2431 1776 temporalibus
2461 1699 2698 1761 solliciti
2727 1718 2846 1760 non
2875 1699 3252 1762 faciunt.Noli
3286 1702 3641 1780 timere,pu-

2002 1786 2174 1849 sillus
2199 1788 2509 1869 grex,quia
2540 1790 2953 1869 complacitum
2989 1799 3076 1850 est
3111 1791 3264 1851 Patri
3288 1796 3479 1849 vestro
3503 1788 3643 1849 dare

2008 1874 2166 1937 vobis
2197 1894 2468 1955 regnum.

2080 1966 2240 2045 Vens
2298 1967 2396 2039 33,
2434 1967 2531 2027 34.
2574 1992 2599 2022 α
2628 1966 2879 2028 Vendite
2928 1988 3055 2047 quin
3089 1966 3403 2047 possidetis
3425 1975 3484 2028 et
3514 1965 3647 2027 date

2003 2054 2679 2136 eleemosynam.Parate
2714 2057 2870 2117 vobis
2900 2059 3164 2118 sacculos
3196 2056 3292 2136 qui
3328 2076 3444 2116 non
3480 2066 3641 2116 vete-

2005 2155 2263 2215 rascunt,
2292 2147 2628 2207 thesaurum
2656 2167 2771 2208 non
2827 2148 3201 2209 deﬁcientem
3230 2147 3287 2206 in
3313 2145 3498 2224 caelis,
3535 2165 3649 2225 quo

2004 2234 2101 2296 fur
2127 2254 2241 2294 non
2268 2236 2521 2308 accedit,
2559 2255 2752 2316 neque
2784 2236 2939 2297 tinea
2970 2235 3315 2314 Corrumpit.
3350 2233 3459 2297 Ubi
3488 2235 3647 2294 enim

2007 2324 2319 2385 thesaurus
2354 2336 2547 2387 vester
2579 2327 2777 2405 est,ibi
2814 2335 2871 2386 et
2902 2344 3005 2387 cor
3027 2334 3283 2385 vestrum
3318 2324 3432 2385 erit
3465 2349 3490 2379 ι)
3532 2325 3651 2385 Do-

2006 2414 2200 2474 minus
2232 2416 2493 2475 nominat
2520 2416 2843 2496 discipulos
2873 2424 2929 2476 et
2958 2414 3287 2477 doctrinam
3320 2431 3483 2474 suam
3515 2431 3650 2476 sus-

2005 2502 2295 2583 cipientes
2346 2505 2621 2584 pusillum
2671 2524 2951 2585 gregem:
3002 2504 3091 2565 vel
3153 2503 3309 2583 quod
3369 2502 3651 2582 perpauci

2005 2601 2143 2653 sunt
2164 2594 2347 2653 sancti
2373 2594 2666 2654 inmundo
2692 2596 2789 2674 qui
2816 2605 3026 2673 sponte
3056 2598 3464 2673 paupertatem
3491 2592 3648 2651 illam

2008 2680 2245 2743 obeant:
2281 2683 2369 2742 vel
2403 2684 2556 2763 quod
2586 2684 2633 2743 si
2658 2684 2728 2743 ad
2750 2686 2992 2761 angelos
3024 2682 3651 2754 conferantur,nume-

2005 2790 2073 2832 ro
2109 2771 2983 2850 inwmparabiliterinferiores
3013 2770 3298 2849 sint,quia
3328 2768 3511 2828 multo
3528 2769 3653 2847 plu-

2006 2880 2103 2922 res
2123 2869 2257 2921 sunt
2289 2862 2582 2939 angeli.Et
2616 2863 2987 2922 manifestum
3018 2869 3103 2920 est
3136 2862 3248 2921 hoc
3279 2878 3347 2920 ex
3374 2857 3649 2936 parabola

2005 2968 2179 3031 quam
2228 2952 2373 3011 dixit
2406 2952 2878 3031 Dominus,quod
2912 2950 3158 3029 gaudeat
3183 2956 3379 3028 pastor
3407 2948 3651 3024 plussu-

2008 3056 2117 3118 per
2149 3056 2263 3099 una
2285 3058 2390 3099 ove
2423 3040 2659 3100 inventa
2683 3058 2812 3120 quae
2836 3039 3298 3119 perierat,quam
3333 3054 3515 3117 super
3539 3056 3648 3096 no-

271 3128 590 3197 πλανηθέντι
664 3130 752 3185 καὶ
800 3127 1077 3208 εὑρεθέντι,
1110 3128 1145 3196 ἢ
1192 3129 1277 3184 ἐπὶ
1320 3142 1437 3192 τοῖς
1479 3132 1920 3195 ἒννενηκονταεν-

2008 3128 2250 3206 naginta
2283 3147 2489 3189 novem
2515 3148 2648 3206 quae
2672 3148 2786 3189 non
2814 3127 3318 3198 erraverunt.Qun
3339 3127 3467 3187 loco
3489 3145 3653 3186 mou-

272 3220 366 3276 νέα
426 3230 543 3282 τοῖς
602 3218 679 3292 μὴ
738 3215 1193 3291 πεπλανημένοις·
1298 3215 1453 3283 ἔδειξε
1505 3218 1604 3296 γὰρ
1669 3218 1919 3285 ἐντεῦθεν,

2010 3225 2231 3279 stratur
2260 3218 2415 3298 quod
2442 3218 2592 3279 sit-ut
2619 3238 2799 3279 unum
2830 3238 2893 3280 se
2911 3218 3089 3280 habet
3117 3217 3186 3277 ad
3209 3216 3523 3295 nonaginta
3546 3236 3653 3275 no-

273 3309 354 3365 ὅτι
423 3308 602 3384 ὥσπερ
666 3308 725 3362 τὸ
796 3305 849 3362 ἔν
910 3307 1040 3385 πρὸς
1113 3307 1177 3363 τὰ
1234 3306 1756 3381 ἐννενηκονταεννέα,
1789 3306 1920 3363 οὕτω

2011 3324 2163 3379 vem,
2198 3305 2277 3366 ita
2305 3308 2556 3368 humana
2590 3316 2801 3368 natura
2828 3308 2897 3368 ad
2931 3307 3284 3386 angelicam.
3329 3304 3411 3366 Ne
3443 3305 3653 3365 timeas

271 3401 359 3456 καὶ
414 3400 448 3465 ἦ
528 3397 829 3475 ἀνθρωπίνη
895 3396 1045 3475 φύσις
1103 3398 1235 3473 πρὸς
1289 3397 1385 3463 τὴν
1444 3395 1762 3475 ἀγγελικὴν.
1837 3398 1925 3464 Μὴ

274 3485 461 3567 φοϐοῦ,
524 3487 677 3565 φησὶ,
736 3486 782 3541 ὦ
840 3486 1029 3563 μικρὸν
1058 3486 1327 3565 ποίμνιον,
1377 3484 1489 3541 ἐντὶ
1520 3494 1633 3560 τοῦ,
1671 3488 1757 3554 Μὴ
1789 3487 1923 3542 ἀπι-

272 3577 499 3652 στὴσης,
575 3574 655 3631 δτι
727 3575 1080 3652 προνοήσεταί
1137 3596 1230 3630 σου
1274 3578 1301 3631 6
1361 3578 1514 3650 Θεὸς,
1590 3576 1687 3631 κᾶν
1739 3577 1816 3652 μὴ
1862 3576 1923 3631 σὺ

275 3672 553 3742 μεριμνᾷς.
619 3664 716 3722 Δια
784 3663 834 3718 τί
883 3681 899 3737 ;
949 3664 1093 3719 Διότι
1151 3661 1435 3731 εὖδόκησεν
1473 3668 1499 3720 ὁ
1532 3666 1713 3745 Πατὴρ
1753 3663 1927 3723 δοῦναι

273 3758 402 3831 ὑμῖν
445 3755 543 3822 τὴν
614 3752 907 3829 βασιλείαν.
944 3750 1090 3809 Ἐπεὶ
1126 3754 1215 3809 οὖν
1270 3754 1368 3821 τὴν
1410 3753 1681 3829 βασιλείαν
1724 3752 1925 3835 δίδωσι,

276 3842 461 3916 πολλῷ
520 3841 722 3917 μᾶλλον
794 3842 860 3897 τὰ
916 3846 1013 3908 τῆς
1074 3842 1196 3919 γῆς.
1244 3844 1332 3909 Μὴ
1362 3845 1534 3899 τοίνυν
1564 3844 1797 3920 ἀπίστει,
1845 3844 1926 3900 ὅτι

274 3935 365 3991 ἐὰν
416 3934 793 4008 ἀκτημοσύνην
852 3931 1195 4009 ἐπιτηδεύση,
1257 3937 1359 4013 οὐχ
1422 3933 1551 3999 ἔξεις
1583 3939 1671 3992 τὸν
1694 3959 1926 4015 προνοη-

274 4026 499 4101 σόμενόν
571 4046 683 4095 σου,
742 4021 879 4079 ἂλὶὰ
948 4022 1203 4089 πώλησον
1230 4024 1296 4079 τὰ
1350 4025 1686 4104 ὑπάρχοντα,
1720 4029 1808 4081 καὶ
1839 4024 1926 4090 δὸς

276 4114 670 4190 ἐλεημοσύνην,
744 4113 833 4168 καὶ
890 4112 1117 4179 ποίησον
1204 4115 1463 4191 θησαυρὸν
1558 4112 1925 4176 ἀνέκλειπτον,

281 4204 414 4261 Ε’ίτα
486 4202 650 4259 πείθει
708 4203 852 4276 ἡμᾶς
924 4203 1013 4257 καὶ
1055 4202 1160 4257 ἀπὸ
1204 4199 1476 4280 λογισμῶν
1508 4202 1926 4281 ἀναντιῤῥήτων,

280 4291 533 4349 Ἐνταῦθα
603 4292 700 4366 μὲν
755 4292 877 4369 γὰρ,
911 4292 1062 4371 φησί,
1114 4292 1211 4357 σὴς
1258 4288 1562 4369 διαφθείρει,
1598 4294 1652 4347 ἒν
1686 4292 1929 4371 ούρανοτς

279 4378 334 4437 δὲ
406 4385 465 4440 οὗ
536 4390 715 4440 τοῦτο.
762 4382 868 4437 Οὔκ
897 4380 995 4457 ἆρα
1040 4380 1127 4436 οὖν
1162 4379 1385 4445 ἀνόητον
1415 4381 1477 4434 τὸ
1524 4382 1847 4459 θησαυρίζειν
1878 4382 1930 4438 ἐν

2008 3395 2208 3475 igitur,
2245 3395 2412 3475 dicit,
2447 3416 2478 3455 ο
2512 3396 2721 3473 pusille
2754 3415 2917 3475 grtx,
2954 3397 3067 3458 hoc
3099 3404 3211 3475 est,
3241 3413 3314 3455 ne
3345 3395 3425 3456 sis
3453 3394 3652 3455 incre-

2007 3482 2375 3546 dulus.Gerit
2406 3484 2561 3544 enim
2585 3487 2668 3547 tni
2692 3504 2893 3545 curam
2925 3504 2995 3545 ac
3019 3483 3447 3562 providentiam
3476 3482 3650 3555 Deus,

2008 3574 2183 3634 etiam
2216 3574 2265 3634 si
2297 3583 2355 3634 tu
2389 3574 2678 3634 sollicitus
2714 3593 2827 3634 non
2861 3574 2965 3636 sis.
3003 3573 3228 3645 Quare?
3260 3571 3404 3643 Quia
3430 3572 3647 3633 bonum

2010 3663 2195 3723 visum
2231 3673 2408 3735 est,et
2440 3662 2633 3741 placet
2668 3663 2817 3723 Patri
2845 3663 3027 3724 utdet
3050 3661 3217 3723 vobis
3245 3679 3520 3739 regnum.
3544 3659 3654 3733 Qui

2010 3751 2188 3830 igitur
2218 3752 2381 3812 vobis
2405 3771 2647 3830 regnqu
2682 3752 2996 3812 dat.multo
3032 3751 3217 3829 magis
3256 3759 3490 3810 terrena
3519 3768 3659 3809 con-

2011 3840 2297 3903 cedet.Ne
2329 3841 2511 3919 igitur
2540 3842 2791 3911 diffidas,
2820 3841 2976 3921 quod
3027 3840 3077 3900 si
3131 3839 3463 3899 divitiarum
3492 3838 3656 3898 solli-

2010 3929 2335 3991 citudinem
2366 3932 2804 4011 abjeceris,non
2836 3931 2918 3993 sis
2948 3930 3254 3991 habiturus
3274 3928 3530 4007 aliquem
3556 3928 3655 4006 qui

2014 4018 2115 4081 tibi
2166 4020 2511 4098 provideat:
2547 4021 2649 4081 sed
2696 4020 2881 4081 vende
2934 4039 3002 4081 ea
3056 4037 3191 4096 quae
3249 4018 3459 4095 habes,
3493 4026 3550 4077 et
3581 4016 3657 4077 da

2012 4108 2545 4189 eleemosynam,et
2572 4110 2659 4170 fac
2684 4110 2787 4170 tibi
2821 4110 3160 4170 thesaurum
3190 4106 3653 4168 indet‘tcientcm.

2010 4198 2102 4260 Ad
2129 4200 2255 4259 haec
2288 4200 2602 4279 persuadet
2633 4200 2805 4285 npbis
2832 4198 3161 4261 rationibus
3193 4197 3408 4277 quibus
3426 4206 3655 4257 contra-

2015 4288 2216 4349 dicere
2259 4308 2376 4349 non
2408 4288 2813 4370 possumus.ln
2849 4289 2957 4349 hac
2987 4287 3143 4347 enim
3171 4288 3302 4360 vita,
3336 4285 3548 4367 inquit,
3580 4286 3654 4346 ti-

2017 4393 2128 4437 nea
2151 4378 2501 4456 corrumpit,
2526 4377 2585 4436 in
2610 4377 2772 4456 caelis
2800 4384 2995 4438 autem
3050 4392 3165 4435 non
3216 4376 3323 4435 sic.
3360 4371 3485 4433 Non
3518 4391 3658 4451 ergo

277 4468 447 4550 τόπῳ,
496 4469 549 4525 ἐν
574 4474 619 4539 ᾠ
648 4468 898 4549 διαφθορά
984 4478 1116 4550 Εἶτα
1148 4444 1331 4535 ἐπειδὴ
1363 4470 1453 4523 τὸν
1499 4444 1703 4547 χροσὸν
1731 4444 1790 4529 0'6
1820 4468 1920 4526 δια-

2018 4464 2352 4545 insipientis
2383 4444 2539 4525 esset
2561 4444 2845 4541 colligere
2878 4465 3183 4525 thesauros
3209 4463 3269 4522 in
3303 4462 3431 4523 loco
3465 4461 3655 4542 inquo

277 4549 468 4639 φθίίρέι
511 4562 634 4629 σὴς»
665 4558 789 4614 εἶπε
821 4560 908 4614 καὶ
953 4560 1032 4630 τὸ»
1086 4549 1274 4613 ν’οπου
1318 4555 1555 4622 κλέπτης
1582 4561 1677 4616 οὒκ
1705 4558 1920 4636 ἐγγίζει.

2011 4554 2530 4635 corrumpuntur?
2590 4553 2800 4615 Postea
2870 4554 3007 4634 quia
3085 4571 3291 4613 aurum
3387 4570 3421 4612 a
3504 4552 3660 4612 tinea

278 4649 387 4716 Σὴς
459 4649 556 4724 μὲν
635 4649 735 4726 γὰρ
794 4652 855 4706 οὔ
923 4647 1200 4726 διαφθείρει
1234 4648 1456 4726 χρυσὸν,
1507 4645 1643 4703 ἀλλὰ
1687 4646 1922 4717 κλέπτης

277 4736 429 4810 συλᾷ.
497 4738 633 4796 Εἶτα
694 4735 879 4804 ἐπειδὴ
910 4742 968 4796 οὗ
1012 4738 1204 4800 πάντες
1236 4735 1577 4810 κλέπτονται,
1614 4738 1924 4805 προστίθησι

275 4830 367 4884 τὸν
425 4831 588 4903 μείζω
643 4828 818 4894 πάντη
863 4829 950 4883 καὶ
1006 4825 1377 4904 ἀναντίρρητον
1414 4825 1693 4903 λογισμόν.
1745 4817 1927 4886 ’Ὅπου

275 4919 375 4997 γὰρ
422 4917 564 4974 ἐστιν
595 4920 621 4973 6
664 4919 927 4995 θησαυρὸς
972 4919 1141 4991 ὑμῶν,
1175 4917 1290 4972 ἐκεῖ
1333 4917 1420 4971 καὶ
1448 4917 1481 4983 ἡ
1540 4914 1724 4995 καρδία
1781 4919 1925 4992 ὑμῶν

273 5007 443 5065 ἔσται.
503 4997 698 5064 ’Ἔστω
754 5008 877 5087 γὰρ,
950 5008 1130 5086 φησὶν,
1166 5004 1245 5061 ὅτι
1304 5005 1420 5061 οὔτε
1465 5005 1561 5071 σὴς
1620 5004 1925 5086 διαφθείρει,

274 5097 392 5154 οὔτε
452 5094 689 5162 κλέπτης
744 5096 963 5175 ἐγγίζει,
1025 5096 1150 5151 αὐτὸ
1180 5105 1335 5151 τοῦτο
1392 5094 1453 5148 τὸ
1484 5092 1757 5173 ἔχειντὴν
1789 5118 1925 5172 καρ-

275 5182 387 5240 δίαν
460 5182 885 5263 προσηλωμένην
936 5192 1013 5258 τῷ
1040 5181 1491 5262 κατορωρυγμένῳ
1538 5185 1802 5260 θηραυρῷ,
1839 5186 1924 5240 καὶ

274 5275 334 5330 τὸ
363 5278 508 5330 θεῖον
526 5276 719 5352 χρῆμα
748 5279 845 5339 τῆς
872 5278 1056 5353 ψυχῆς
1080 5279 1147 5349 τῇ
1176 5278 1246 5349 γῇ
1267 5269 1545 5345 ἐμϐαλεῖν,
1581 5270 1753 5339 πόσης
1784 5271 1924 5337 ἄξιον

273 5364 528 5439 τιμωρίας
574 5384 591 5437 ;
656 5361 868 5419 Μᾶλλον
913 5360 967 5417 δὲ
999 5368 1111 5423 πῶς
1144 5362 1203 5417 οὒ
1233 5360 1459 5437 μεγίστη
1491 5362 1717 5439 τιμωρία
1761 5370 1835 5437 τῷ
1864 5384 1924 5442 γε

273 5454 390 5510 νοῦν
460 5451 644 5531 ἔχοντι
680 5467 695 5525 ;
744 5442 932 5509 ’Ὅπου
955 5452 1003 5531 ,ό
1031 5449 1293 5528 θησαυρός
1322 5471 1435 5522 σου,
1471 5450 1590 5505 ἐκεῖ
1618 5452 1706 5506 καὶ
1733 5452 1767 5519 ἡ
1799 5474 1926 5529 καρ-

270 5540 352 5598 δία
409 5514 529 5599 σουιῖ
558 5542 602 5597 εἰ
652 5514 707 5596 ἐν
737 5546 803 5617 τῇ
846 5514 1060 5619 γῇξιδιὶ
1088 5514 1248 5613 αὕτη,
1284 5541 1327 5595 εἰ
1357 5514 1517 5612 ἐν’τῷ
1541 5514 1921 5617 ούρανῷνὲκεί-

270 5650 383 5706 νος,
441 5627 550 5686 ἄνω
606 5631 694 5687 καὶ
726 5630 881 5697 αὕτη,
917 5628 1003 5693 Τίς
1034 5628 1120 5686 οὖν
1164 5628 1260 5685 οὐκ
1287 5626 1349 5684 ἄν
1394 5624 1568 5685 ἕλοιτο
1612 5628 1752 5684 εἶναι
1812 5631 1921 5686 ἂνω

2007 4644 2426 4723 corrumpitur,
2462 4643 2626 4717 dixit,
2663 4653 2854 4723 etquo
2887 4644 2976 4703 fur
3012 4662 3124 4702 non
3166 4640 3420 4702 accedit.
3468 4640 3655 4701 Tinea

2009 4733 2250 4813 quidem
2285 4752 2399 4794 non
2432 4732 2760 4813 corrumpit
2792 4732 3136 4813 aurum,sed
3170 4731 3263 4790 fur
3295 4729 3493 4809 diripi.
3536 4732 3655 4792 De-

2008 4824 2187 4904 nique
2216 4823 2353 4903 quia
2385 4840 2502 4883 non
2536 4823 2729 4883 omnia
2761 4823 2914 4883 furto
2952 4828 3222 4901 pereunt,
3245 4818 3447 4897 adjicit
3475 4820 3657 4879 ratio-

2011 4931 2145 4975 nem
2183 4913 2554 4993 inajorem,et
2598 4911 3066 4974 contradictione
3116 4908 3507 4987 superiorem.
3547 4906 3661 4970 Ubi

2010 5002 2168 5065 enim
2208 5012 2292 5063 est
2324 5002 2635 5063 thesaurus
2669 5000 3106 5081 vester,inquit,
3140 4999 3263 5059 illic
3300 5008 3357 5057 et
3387 5016 3490 5058 cur
3521 5016 3654 5057 ves-

2012 5100 2163 5153 trum
2200 5091 2312 5152 erit
2346 5095 2479 5153 Esto
2499 5090 3068 5171 euim,inquit,quod
3105 5105 3299 5168 neque
3334 5086 3489 5147 tinea
3521 5106 3658 5147 eur-

2007 5191 2465 5261 rumpat,neque
2498 5182 2591 5240 t'ur
2620 5181 2897 5240 accedat:
2938 5181 3083 5239 istuc
3114 5178 3304 5257 ipsum
3345 5184 3538 5236 tamen
3563 5177 3661 5237 ha-

2012 5274 2152 5333 bere
2174 5290 2275 5331 cor
2292 5270 2590 5331 addictum
2618 5268 2892 5329 thesauro
2916 5268 3239 5334 defosso,et
3256 5266 3510 5326 animam
3531 5284 3662 5343 qua:

2011 5362 2207 5424 divina
2242 5360 2537 5440 possessio
2593 5368 2701 5431 est,
2745 5359 2993 5435 injicere
3055 5367 3249 5429 terrae,
3285 5355 3424 5415 575
3458 5373 3563 5435 per
3594 5374 3660 5415 se

2010 5460 2228 5533 quanto
2256 5448 2547 5528 supplicio
2578 5448 2756 5509 fuerit
2786 5445 3191 5527 dignum?imo
3224 5444 3518 5525 quomodo
3544 5464 3661 5506 non

2008 5538 2327 5609 summo,si
2361 5538 2493 5615 quis
2526 5536 2993 5599 animadvertat?
3018 5534 3130 5599 Ubi
3151 5534 3310 5596 enim
3347 5534 3658 5595 thesaurus

2007 5629 2292 5710 tuus,illic
2316 5636 2487 5689 etcor
2506 5628 2745 5691 tuumzsi
2766 5625 3200 5703 interraille,et
3231 5623 3288 5686 in
3322 5631 3478 5686 terra
3500 5623 3609 5686 hoc
3645 5642 3658 5687 :
