4116 6212
258 286 378 350 897

980 288 1418 356 ENARRATIO
1466 294 1543 355 IN
1595 284 2097 356 EVANGELIUM
2146 287 2383 352 LUCJI.
2430 321 2509 335 --
2550 293 2712 355 CAP.
2762 292 2896 356 XII.

3526 295 3644 361 898

257 422 487 504 Παῦλον,
564 426 847 505 παρθένους
904 426 1093 507 ἁγνάς.
1142 426 1386 484 Ἀναλύει
1448 425 1501 483 δὲ
1572 426 1631 482 ἑκ
1685 428 1789 483 τῶν
1860 423 1909 479 ἐν

1998 421 2242 483 mendat
2276 424 2514 512 Paulus,
2548 426 2637 486 vel
2671 427 2722 487 si
2751 429 2885 507 quis
2916 429 3124 490 similis
3156 432 3359 511 Paulo,
3385 434 3642 512 virgines

255 516 503 591 οὐρανοῖς
561 517 772 595 γάμων,
820 518 966 598 τάχα
997 519 1095 593 μὲν
1124 516 1423 579 καθολικῶς
1472 517 1527 573 ἐν
1574 517 1642 584 τῆ
1685 514 1911 572 καθόλου

259 601 559 678 συντελείᾳ,
619 604 706 661 ὅτε
762 605 861 663 ἀπ’
910 606 1128 685 ὠρανοῦ
1158 604 1427 661 ἐλεύσεται
1457 604 1509 662 ἐν
1553 607 1621 682 τῇ
1665 603 1789 681 δόξῃ
1818 614 1912 662 τοῦ

260 694 490 770 Πατρός,
566 694 721 774 Τάχα
792 694 845 751 δὲ
887 698 975 753 καὶ
1017 693 1133 753 καθ’
1181 696 1412 763 ἑκάστην
1455 696 1595 774 ὤραν
1626 695 1679 751 ἐν
1710 701 1776 771 τῇ
1806 716 1908 769 με-

266 786 389 859 ρικῇ
445 786 539 839 τοῦ
596 782 712 841 καθ’
770 784 861 842 ἕνα
922 784 1189 858 συντελείᾳ
1244 784 1485 864 ἀοράτως
1512 787 1598 841 καὶ
1642 780 1911 863 ἀπροσδο-

261 870 443 939 κήτως
518 871 889 952 ἐφιστάμενος.
955 875 1221 954 μακάριος
1265 874 1354 930 οὖν
1400 876 1632 947 ἰεκεϊνος,
1664 872 1722 928 ὅν
1753 874 1913 947 εὑρή-

262 980 341 1014 σει
372 962 792 1039 περιεζωσμένον
834 964 931 1039 μὲν
963 964 1060 1031 τὴν
1100 964 1285 1043 ὀσφὺν,
1314 962 1408 1020 οἶα
1437 961 1502 1031 δὴ
1530 968 1608 1036 τῷ
1638 967 1912 1042 πρακτικῴ

263 1048 410 1127 μέρει
468 1052 565 1116 τῆς
618 1054 755 1109 κατὰ
814 1054 1037 1133 Χριστὸν
1109 1051 1415 1133 φιλοσοφίας
1463 1052 1766 1131 θεραπεύειν
1818 1053 1911 1107 τὸν

260 1138 393 1192 Θεὸν
450 1138 846 1214 ἑτοιμασθέντα,
924 1140 1122 1220 ἔχοντα
1152 1138 1207 1196 δὲ
1238 1141 1328 1196 τὸν
1386 1139 1585 1220 λυχνον
1632 1147 1725 1197 τοῦ
1754 1138 1914 1217 λόγου

257 1227 344 1282 καὶ
401 1232 497 1294 τῆς
568 1226 875 1307 διακρίσεως
933 1230 1243 1305 καιόμενον,
1298 1230 1384 1286 καὶ
1417 1230 1494 1304 μὴ
1545 1229 1708 1305 μόνον
1738 1231 1912 1309 πράτ-

255 1335 414 1372 τοντα
468 1318 530 1373 τὸ
574 1316 762 1394 καλὸν,
807 1318 945 1376 ἀλλὰ
975 1321 1061 1377 καὶ
1106 1318 1310 1383 καλῶς’
1377 1319 1438 1374 ού
1482 1319 1593 1394 μὴν
1636 1316 1771 1374 ἀλλά
1828 1318 1914 1374 καὶ

1994 520 2186 603 castas
2205 511 2469 603 56.Redit
2486 523 2680 575 autem
2711 525 2909 577 autem
2931 536 2999 579 ex
3028 519 3371 583 caelestibus
3394 511 3639 603 nuptiis,

1994 599 2257 692 fortassis
2277 602 2335 662 in
2353 603 2674 665 universali
2701 608 3210 669 consummatione
3227 599 3642 692 mundi,quan4

1994 688 2075 748 do
2099 688 2172 750 de
2202 692 2372 753 caelis
2403 693 2599 753 veniet
2628 693 2684 753 in
2715 694 2903 772 gloria
2932 694 3115 757 Patris
3144 688 3637 761 Fortassisautem

1995 778 2133 839 etin
2169 783 2630 861 uniuscujusque
2680 783 2923 863 propria
2970 796 3155 848 morte
3200 788 3641 869 inexspectatus

1993 868 2342 934 adveniens.
2376 873 2591 933 Beatus
2622 872 2803 950 igitur
2839 873 2938 935 ille
2971 895 3143 955 quem
3179 868 3471 941 invenerit
3499 892 3639 942 Suc-

1995 958 2199 1047 cinctis
2230 959 2591 1040 lumbis,boc
2614 969 2932 1030 est,verum
2952 962 3348 1029 Christianum
3372 967 3640 1047 philoso-

1996 1046 2175 1138 phum
2198 1050 2651 1126 agentem,etad
2672 1050 3066 1112 ministerium
3096 1055 3199 1115 Dei
3226 1046 3639 1138 praeparatum,

1999 1144 2055 1197 et
2086 1135 2401 1199 habentem
2442 1138 2744 1199 lucernam
2777 1140 3022 1201 rationis
3082 1151 3141 1204 et
3182 1144 3389 1221 judicii
3421 1135 3641 1206 ardené

2000 1238 2115 1286 tem
2153 1247 2172 1286 :
2202 1236 2255 1287 et
2292 1247 2406 1288 non
2442 1228 2631 1289 solum
2676 1228 2991 1291 facientem
3048 1233 3202 1311 quod
3258 1232 3502 1309 bonum,
3538 1236 3641 1297 sed

2000 1314 2152 1377 bene
2202 1316 2376 1378 etiam
2412 1338 2425 1379 :
2460 1316 2974 1397 accipientemque
3018 1328 3076 1380 et
3126 1321 3644 1403 contemplationis

255 1403 356 1470 τὴν
420 1406 664 1483 θεωρίαν.
728 1408 848 1465 οἷόν
915 1430 996 1464 τιν
1027 1430 1059 1464 α
1109 1406 1311 1488 λύχνον
1354 1405 1656 1483 δεξάμενον
1698 1404 1782 1462 διὰ
1810 1407 1909 1484 γὰρ

1998 1404 2324 1469 lucernam;
2362 1406 2649 1468 Habendo
2694 1408 2851 1468 enim
2888 1408 3118 1470 lumbus
3149 1411 3499 1490 praecinctos
3528 1417 3641 1493 ta),

258 1501 350 1551 τοῦ
405 1497 505 1562 τὴν
562 1498 724 1576 ὀσφὺν
791 1499 1136 1577 περιεζῶσθαι
1196 1499 1521 1578 περιγίνεταε
1581 1500 1717 1573 ἡμῖν
1760 1498 1849 1553 καὶ
1881 1499 1909 1552 6

1993 1494 2165 1555 nobis
2186 1494 2423 1557 advenit
2450 1496 2693 1556 lucerna
2731 1496 3269 1575 contemplationis:
3305 1500 3424 1560 imo
3449 1501 3644 1581 potius

256 1583 540 1659 καιόμενος
608 1584 809 1667 λύχνος
861 1588 957 1656 τῆς
1027 1588 1268 1667 θεωρίας,
1336 1585 1540 1661 μᾶλλον
1593 1585 1647 1643 δὲ
1702 1588 1747 1644 οἱ
1820 1584 1909 1642 δύο

1993 1583 2255 1645 lucerna;
2286 1585 2564 1657 duae,una
2593 1604 2724 1665 qua;
2756 1596 2845 1646 est
2878 1585 2934 1645 in
2970 1586 3171 1653 corde.
3207 1598 3262 1649 et
3286 1589 3475 1650 altera
3506 1609 3641 1652 ser-

258 1669 473 1766 λύχνοι,
512 1764 518 1766 _
547 1674 575 1730 ὅ
628 1698 685 1732 τε
718 1676 1005 1741 ἐνδιάθετος
1038 1679 1125 1734 καὶ
1152 1679 1180 1733 6
1209 1679 1554 1757 προφορικὸςο
1586 1683 1662 1749 τῷ
1690 1676 1909 1749 τοιούτῳ

1996 1672 2531 1753 monis.Ejusmodi
2566 1674 2823 1736 ministri
2852 1674 3026 1735 etiam
3061 1674 3347 1737 Dominus
3372 1679 3643 1741 minister

258 1763 347 1817 οὗν
402 1764 679 1840 θεράποντι
734 1767 975 1845 θεράπων
1027 1769 1055 1823 6
1116 1767 1302 1840 Κύριος
1387 1768 1609 1843 γίνεται.
1672 1768 1909 1836 Περιζώ-

1995 1762 2129 1823 erit.
2166 1762 2566 1840 Prwcingetur
2586 1763 2771 1835 enim,
2798 1764 3011 1845 inquit,
3045 1773 3104 1827 et
3134 1766 3485 1829 recumbere
3509 1769 3641 1831 illos

257 1871 405 1907 σεται
437 1854 558 1929 γὰρ,
593 1855 744 1933 φησὶ,
798 1857 885 1912 καὶ
929 1854 1203 1912 ἀνακλινεῖ
1248 1857 1458 1919 αὐτούς.
1507 1858 1600 1913 Κατ
1637 1854 1911 1933 παρελθὼν

255 1937 559 2011 διακονήσει
628 1942 835 2008 αὐτοῖς·
898 1944 1274 2023 περιζώννυται
1346 1945 1446 2020 μὲν
1531 1944 1620 2000 οὖν
1682 1947 1709 1999 6
1780 1943 1909 2004 Θεὸς

254 2032 384 2086 καθὸ
441 2035 546 2112 οὐχ
592 2031 800 2090 ἅπασαν
859 2034 955 2102 τὴν
1010 2037 1116 2090 τῶν
1172 2034 1382 2112 ἀγαθῶν
1412 2036 1569 2114 χύσιν
1600 2036 1738 2108 ἡμῖν
1786 2032 1909 2088 ἐπι-

254 2133 513 2197 χορηγετ,
578 2120 697 2177 ἀλλ’
757 2121 1069 2179 ἀναστέλλει
1128 2122 1351 2189 ταύτην
1427 2123 1502 2187 τίς
1548 2123 1648 2201 γὰρ
1696 2120 1907 2184 δύναται

253 2214 505 2288 χωρῆσαι
551 2213 703 2287 Θεὸν,
739 2211 862 2276 ὅσος
893 2213 1003 2270 ἔστί
1036 2234 1051 2284 ;
1106 2214 1203 2269 Καὶ
1247 2210 1408 2279 δῆλον
1439 2211 1499 2269 ἰκ
1536 2218 1641 2268 τῶν
1673 2212 1910 2291 Σεραφὶμ

255 2297 670 2374 καλυπτυμένων
726 2299 810 2358 διὰ
863 2305 961 2370 τὴν
1010 2300 1305 2377 ὑπερϐολὴν
1362 2312 1456 2361 τοῦ
1515 2301 1651 2357 θείου
1708 2301 1906 2377 φωτός·

257 2386 523 2445 ἀνακλίνει
608 2389 662 2446 δὲ
714 2392 833 2457 τοὺς
907 2392 1101 2457 καλοὺς
1159 2391 1395 2455 δούλους·
1458 2391 1611 2453 ὅλους
1672 2392 1771 2468 γὰρ
1842 2388 1908 2445 δι’

260 2475 401 2532 ὃλων
454 2479 734 2536 ἀναπαύει’
788 2483 863 2543 ὡς
932 2482 1032 2559 γὰρ
1092 2484 1119 2537 6
1196 2480 1610 2552 ἀνακεκλιμένος
1669 2479 1792 2535 ὅλον
1849 2481 1909 2535 τὸ

259 2571 416 2641 σῶμα
472 2567 752 2643 ἀναπαύει,
800 2568 939 2626 051m
982 2571 1069 2627 καὶ
1110 2573 1166 2626 ἓν
1208 2576 1277 2646 τῇ
1330 2568 1600 2647 μελλούσῃ
1650 2572 1909 2647 παρουσίᾳ

258 2652 373 2710 ὅλοι
432 2653 498 2711 δι’
561 2656 700 2713 ὃλων
746 2660 793 2715 οἱ
848 2658 993 2737 ἅγιοι
1065 2659 1453 2718 ἀναπαύοντπι.
1530 2657 1786 2715 Ἐνταῦθα
1810 2658 1907 2733 μὲν

254 2746 354 2823 γὰρ
422 2752 500 2819 τῷ
568 2752 777 2823 σώματι
848 2748 1025 2804 ἄνεσιν
1084 2751 1188 2829 οὐχ
1218 2750 1562 2827 εὑρίσκουσιν,
1630 2748 1804 2804 ἐκεῖσε
1850 2746 1905 2803 δὲ

252 2835 345 2890 σὺν
412 2837 539 2899 ταῖς
626 2842 838 2917 ψυχαῖς
895 2840 983 2895 καὶ
1039 2839 1105 2894 τὰ
1143 2838 1474 2913 πνευματικᾶ
1518 2839 1686 2894 αὐτῶν
1714 2840 1800 2893 καὶ
1841 2838 1905 2892 τὰ

248 2927 369 2981 θεῖα
442 2926 665 3001 σώματα
760 2927 1045 3006 ἀφθαρσίαν
1125 2926 1626 3006 κληρονομήσαντα,
1726 2927 1903 2993 πάσης

1993 1849 2188 1923 faciet,
2226 1860 2282 1911 et
2314 1852 2659 1931 praeteriens
2693 1853 3048 1914 ministrabit
3086 1854 3224 1915 illis.
3258 1858 3642 1935 l’raecingitur

1993 1939 2195 2020 itaque
2249 1943 2402 2002 Deus
2448 1941 2772 2002 secundum
2806 1942 2960 2022 quod
2996 1962 3113 2004 non
3147 1945 3410 2005 omnium
3447 1946 3638 2008 bono-

1994 2048 2124 2090 rum
2160 2030 2509 2091 effusionem
2553 2030 2721 2091 nobis
2766 2031 3122 2111 suppeditat,
3158 2034 3261 2094 sed
3316 2035 3471 2095 illam
3501 2053 3631 2096 res-

1992 2118 2215 2197 tringit.
2250 2118 2391 2191 Quis
2422 2121 2582 2181 enim
2610 2131 2803 2200 potest
2833 2139 3045 2201 capere
3076 2134 3333 2203 quantus
3356 2124 3428 2184 sit
3452 2123 3641 2186 Deus?

1992 2216 2051 2269 et
2092 2209 2469 2270 manifestum
2516 2220 2604 2270 est
2635 2228 2705 2271 ex
2753 2212 3094 2290 Seraphim,
3129 2213 3227 2291 qui
3260 2231 3323 2272 se
3355 2213 3640 2291 obtegunt

1994 2306 2236 2377 propter
2266 2298 2674 2359 excellentiam
2699 2298 2881 2359 divini
2913 2299 3365 2363 luminisPorro
3398 2319 3639 2362 recum-

1996 2385 2137 2449 bere
2187 2387 2321 2453 t'acit
2376 2387 2563 2448 bonos
2614 2406 2815 2449 servos
2852 2406 2864 2449 :
2901 2397 3049 2450 totos
3103 2389 3258 2449 enim
3310 2409 3414 2469 per
3443 2390 3642 2451 omnia

1994 2476 2304 2555 quiescere
2328 2476 2481 2539 facit.
2518 2475 2661 2537 Nam
2695 2478 2847 2538 sicut
2876 2477 2975 2558 qui
3013 2478 3325 2551 recumbit,
3354 2487 3470 2541 toto
3500 2499 3638 2541 cor-

1992 2585 2138 2646 pore
2170 2566 2456 2646 quiescit:
2492 2567 2569 2627 ita
2600 2566 2661 2627 in
2684 2567 2950 2629 secundo
2982 2567 3235 2628 adventu
3268 2587 3476 2629 omnes
3507 2587 3641 2630 san-

1989 2656 2067 2717 cli
2100 2674 2204 2735 per
2230 2656 2427 2717 omnia
2457 2657 2782 2736 quiescent.
2819 2655 3050 2717 Etenim
3102 2657 3161 2717 in
3190 2656 3296 2717 hac
3328 2656 3438 2718 vita
3463 2658 3635 2737 quie-

1991 2752 2108 2806 tem
2141 2745 2409 2825 corporis
2433 2763 2547 2806 non
2582 2744 3075 2806 inveniunt.Alibi
3115 2754 3307 2805 autem
3341 2765 3472 2805 cum
3503 2747 3638 2806 ani-

1990 2835 2197 2894 mabus
2224 2834 2553 2913 spiritualia
2580 2844 2635 2895 et
2657 2834 2857 2894 divina
2876 2852 3084 2895 eornm
3104 2853 3353 2914 corpora
3374 2835 3637 2895 incorru-

1990 2923 2251 3002 ptionem
2287 2922 2742 2995 haereditabunt,
2778 2932 2837 2983 et
2860 2923 3022 2983 omni
3054 2927 3249 3003 quiete
3282 2924 3639 2997 fruentur,et

251 3014 596 3080 ἀναπαύσεως
654 3015 1033 3095 ἀπολαύουσιν,
1068 3019 1155 3073 καὶ
1182 3016 1328 3074 ἔσται
1371 3020 1399 3073 6
1462 3018 1593 3079 Θεὸς
1620 3017 1685 3072 τὰ
1733 3016 1907 3073 πάντα

1993 3013 2103 3073 erit
2130 3016 2286 3075 Deus
2318 3012 2517 3074 omnia
2549 3013 2605 3073 in
2639 3012 2917 3073 omnibus
2946 3013 3065 3073 illis
3087 3013 3476 3077 57.Miuistrat
3499 3032 3634 3076 vero

582 3074 594 3080 -
1018 3074 1033 3095 ,
1578 3074 1589 3079 -

253 3102 307 3159 ἒν
363 3109 522 3162 πᾶσιν
566 3109 772 3170 αὐτοῖς’
806 3104 1045 3163 διακονεῖ
1074 3105 1129 3163 δὲ
1160 3120 1278 3170 τοῖς
1323 3106 1507 3176 ἀξίοις,
1554 3103 1907 3182 ἀμειϐόμενος

1993 3102 2207 3180 dignis,
2243 3121 2346 3181 par
2372 3102 2458 3163 eis
2499 3101 2876 3163 retribuens:
2914 3110 2972 3162 et
3002 3074 3293 3181 sicutipsi
3333 3111 3391 3163 et
3424 3074 3633 3165 minis-

253 3194 438 3256 αὐτοὺς
492 3208 611 3257 τοῖς
656 3194 822 3259 ἴσοις·
868 3197 954 3252 καὶ
984 3194 1161 3274 ὥσπερ
1204 3196 1346 3253 αὐτοὶ
1392 3196 1533 3269 αὐτῷ
1558 3192 1905 3262 διῃκόνησαν,

1994 3200 2313 3261 traverunt,
2339 3192 2419 3253 ita
2453 3192 2625 3252 etiam
2660 3191 2786 3271 ipse
2820 3190 2906 3252 eis
2937 3192 3193 3253 vicissim
3230 3192 3549 3274 ministrat,
3576 3203 3637 3257 et

259 3280 399 3338 οὕτω
465 3284 553 3338 καὶ
612 3282 765 3347 αὖτὸς
809 3284 993 3347 αὐτοῖς
1036 3285 1315 3360 ὑπηρετῶν
1365 3284 1451 3339 καὶ
1493 3280 1693 3358 δαψιλῆ
1726 3286 1907 3346 αὐτοῖς

1993 3279 2281 3361 dapsilem
2328 3282 2414 3342 eis
2447 3299 2708 3341 mensam
2759 3291 3016 3361 praestat,
3045 3281 3331 3345 exhibens
3353 3282 3637 3363 spiritua-

261 3371 516 3451 παρᾶχων
583 3374 871 3453 τράπεζαν,
915 3378 1003 3429 καὶ
1056 3374 1156 3442 τὴν
1204 3378 1310 3430 τῶν
1380 3379 1748 3448 πνευματικῶν
1798 3395 1906 3452 χαι

1993 3369 2135 3431 lium
2172 3371 2462 3432 donorum
2496 3370 2775 3432 lautitias.
2815 3372 2888 3432 At
2915 3390 3020 3453 per
3065 3371 3389 3434 secundam
3424 3381 3481 3434 et
3510 3381 3635 3435 ter-

261 3461 532 3538 ρισμάτων
614 3463 814 3542 τρυφὴν
867 3465 1244 3544 χαριζόμενος,
1304 3462 1559 3530 Φυλακὴν
1587 3460 1641 3518 δὲ
1672 3459 1912 3537 δευτέραν

262 3551 349 3606 καὶ
394 3552 573 3629 τρίτην
644 3554 861 3623 νοήσαις
920 3551 983 3609 ἄν
1009 3554 1103 3619 τὰς
1134 3552 1411 3634 διαφόρους
1458 3554 1598 3631 ὢρκς
1626 3557 1725 3619 τῆς
1769 3552 1909 3623 ςωῆς

257 3641 437 3715 ἡμῶν.
492 3642 626 3699 Οἶόν
679 3665 730 3700 τι
788 3641 954 3721 λέγον
1014 3634 1232 3723 ’Ὥσπερ
1262 3645 1291 3699 6
1320 3642 1570 3720 ἀγυπνῶν
1600 3644 1657 3698 ἓν
1697 3646 1765 3708 τῆ
1796 3639 1909 3697 δευ-

256 3729 381 3809 τέρᾳ
450 3735 536 3788 καὶ
592 3733 743 3810 τρίτῃ
797 3731 1031 3812 φυλακῇ,
1090 3730 1242 3790 δοκεῖ
1297 3731 1732 3811 ἒγρηρορώτατος
1764 3730 1907 3788 εἶναι

258 3819 588 3901 (αὗταιγὰρ
647 3823 699 3877 αἱ
755 3822 888 3900 ὦραι
942 3828 1041 3890 τῆς
1072 3823 1256 3887 νυκτὸς
1300 3820 1531 3897 μάλιστα
1576 3821 1741 3877 ὕπνου
1768 3842 1906 3898 παρ-

254 3912 455 3967 εκτικαὶ
522 3923 639 3974 τοῖς
696 3910 990 3990 ἀνθρώποις
1043 3913 1132 3968 καὶ
1200 3912 1411 3991 πρώτου
1488 3909 1697 3983 ὕπνου),
1772 3910 1909 3967 οὕτω

256 3999 362 4055 νόει
420 4022 512 4076 μοι
571 4001 660 4056 καὶ
729 4002 786 4057 iv
840 4006 909 4078 τῇ
979 3999 1213 4081 διαφόρῳ
1255 4001 1574 4057 καταστάσει
1617 4005 1717 4067 τῆς
1764 4004 1907 4071 ζωῆς

256 4090 413 4164 ἡμῶν
472 4092 611 4146 εἶναι
668 4088 808 4167 ὥρας
851 4090 946 4153 τὰς
1038 4091 1322 4169 μακαρίους
1400 4092 1545 4165 ἡμᾶς
1630 4090 1905 4161 ποιούσας,

263 4176 351 4233 ἰὰν
408 4180 697 4256 εὗρεθῶμεν
766 4182 1170 4259 γρηγοροῦντες.
1205 4174 1468 4255 ’¹Ηρπασέ
1523 4202 1605 4243 τις
1661 4180 1727 4234 τὰ
1758 4180 1907 4259 χρή-

264 4268 406 4345 ματά
456 4290 571 4343 σου,
632 4270 914 4339 τεθνήκασί
986 4292 1068 4327 σοι
1153 4269 1368 4350 παῖδες,
1455 4268 1905 4348 ἐσυκοφαντήθης·

263 4357 352 4413 ἐὰν
419 4360 476 4413 liv
535 4370 655 4421 τοῖς
710 4360 966 4423 τοιούτοις
1037 4373 1246 4436 καιροῖς
1302 4361 1363 4416 οὒ
1404 4357 1736 4438 καταπέσῃς,
1790 4356 1910 4413 ἀλλ’

263 4447 568 4527 ἐγρηγορὼς
619 4449 837 4525 εὑρεθεὶς
895 4455 971 4523 τῷ
1028 4456 1145 4524 Θεῷ
1172 4451 1261 4506 καὶ
1308 4448 1572 4527 Δεσπότῃ,
1625 4448 1713 4502 καὶ
1744 4444 1909 4522 μηδὲν

262 4536 360 4603 ἔξω
409 4543 517 4595 τῶν
572 4538 731 4594 αὐτοῦ
813 4536 1041 4594 ἐντολῶν
1111 4537 1449 4616 ἀναγκασθῇς
1478 4535 1691 4613 πρᾶξαι,
1743 4534 1910 4600 ὅντως

258 4628 587 4708 ὶργηγορότα
633 4648 691 4684 σε
749 4630 895 4707 εὗρεν
950 4627 1003 4683 ἒν
1059 4626 1273 4706 δευτέρᾳ
1320 4628 1408 4682 καὶ
1475 4626 1626 4705 τρίτῃ
1675 4625 1906 4705 φυλακῇ,

260 4718 551 4798 τουτέστιν,
609 4717 664 4773 ἐν
696 4724 862 4793 καιρῷ
916 4716 1092 4797 δεινῷ,
1138 4720 1227 4775 καὶ
1270 4716 1433 4774 ὕπνον
1476 4714 1777 4783 θινῖιτώδη.
1823 4716 1911 4774 καὶ

262 4809 600 4867 κατάπτωσιν
654 4822 775 4873 ταῖς
834 4809 1057 4888 χαύναις
1089 4813 1299 4888 ψυχαῖς
1341 4807 1656 4887 παρέχοντι*
1710 4804 1793 4863 δεῖ
1822 4806 1909 4864 οὖν

263 4902 655 4979 ὶγρῃγόρσεως·
705 4894 1053 4974 οἰκοδεσπότῃ
1110 4899 1210 4977 γὰρ
1261 4898 1532 4973 ἐοίκαμεν,
1595 4896 1652 4960 ὅς
1720 4897 1763 4951 εἰ
1813 4896 1911 4971 μὲν

267 4990 548 5069 ἀγρυπνεῖ,
602 4992 662 5047 οὗ
739 4986 951 5044 δύναται
994 4985 1141 5044 οὐδὲν
1182 4988 1318 5043 κατὰ
1366 4992 1474 5042 τῶν
1503 4989 1661 5044 αὐτοῦ
1682 4984 1910 5064 χρημά-

264 5102 368 5137 των
420 5082 448 5136 6
477 5077 735 5145 κλέπτης·
770 5078 814 5132 εί
844 5074 899 5132 δὲ
944 5075 1185 5144 ὑπνώδης
1218 5076 1351 5154 ἐστὶ,
1395 5075 1567 5132 πάντα
1600 5072 1727 5151 ἄρας
1750 5075 1913 5153 οἰχή-

266 5190 433 5226 σεται.
496 5165 744 5234 κλέπτην
814 5163 869 5221 δὲ
919 5165 1137 5222 ἐνταῦθα
1166 5172 1341 5222 νοοῦσι
1385 5164 1482 5240 μέν
1512 5184 1650 5226 τινες
1693 5162 1781 5219 καὶ
1818 5164 1909 5218 τὸν

267 5256 533 5337 διάϐολον,
585 5256 765 5336 ὥσπερ
819 5257 909 5312 καὶ
946 5255 1101 5313 οἶκον
1149 5256 1249 5323 τὴν
1286 5255 1495 5334 ψυχὴν,
1530 5250 1911 5320 οἰκοδεσπότην

264 5350 351 5406 τὸν
421 5346 716 5427 ἄνθρωπον·
787 5347 848 5402 ού
900 5346 1011 5421 μὴν
1066 5343 1205 5403 ἔοικε
1275 5343 1570 5423 πρόσφορος
1646 5341 1788 5398 εἶναι
1840 5346 1908 5417 τῇ

339 5525 437 5578 56⁴
462 5523 519 5589 II
543 5527 686 5591 Cor.
718 5539 803 5600 ιι,
831 5526 900 5589 2.
927 5522 991 5574 57
1021 5521 1047 5584 Ι
1071 5520 1211 5585 Cor.
1241 5536 1342 5598 xv,
1370 5520 1471 5584 28.

1997 3458 2136 3520 tiam
2171 3460 2423 3538 vigiliam
2447 3459 2739 3537 intelligas
2770 3460 2925 3521 varia
2961 3461 3088 3522 vitae
3120 3470 3304 3522 notrae
3330 3471 3631 3542 tempora:

1993 3558 2053 3610 ut
2085 3550 2337 3629 exei‘npli
2379 3549 2569 3629 gratia
2599 3549 2821 3629 aliquid
2849 3550 3041 3611 dicam
3075 3568 3087 3612 :
3124 3550 3634 3622 Quemadmodum

1992 3640 2089 3719 qui
2115 3640 2173 3698 iu
2204 3639 2527 3700 Secundam
2550 3647 2649 3699 aut
2671 3638 2901 3699 tertiam
2945 3639 3203 3717 vigiliam
3236 3638 3448 3718 vigilat,
3481 3640 3632 3719 vigi-

1990 3727 2351 3789 lantissimus
2383 3746 2515 3790 esse
2538 3728 2769 3789 videtur
2796 3727 2949 3807 (istis
2980 3728 3138 3789 enim
3172 3728 3333 3788 horis
3366 3728 3635 3807 homines

1995 3817 2250 3879 maximo
2302 3826 2361 3879 et
2394 3818 2601 3897 primo
2634 3834 2847 3879 somno
2899 3820 3197 3884 tenentur)
3228 3816 3337 3891 sic,
3356 3817 3630 3891 obsecro,

1994 3906 2168 3967 etiam
2195 3907 2490 3985 intelligas
2521 3909 2579 3968 in
2603 3906 2853 3968 diversis
2875 3905 3008 3967 vitae
3034 3914 3249 3966 nostrae
3271 3906 3519 3967 statibus
3545 3925 3635 3967 es-

1992 4014 2056 4057 se
2088 3996 2423 4076 horas,qua3
2438 3995 2642 4057 beatos
2662 4013 2770 4057 nos
2791 3994 3082 4069 t'aciant,si
3105 3994 3409 4073 vigilantes
3434 3998 3633 4056 inven-

1995 4085 2035 4145 ti
2067 4085 2638 4166 fuerimunsllapuit
2667 4086 2799 4165 quis
2827 4084 3058 4145 divitias
3093 4085 3468 4158 tuas,mortui
3499 4094 3636 4145 sunt

1994 4177 2129 4235 577
2166 4175 2271 4235 tibi
2302 4175 2793 4248 ﬁlii,calumniam
2829 4192 3032 4255 passus
3048 4192 3133 4235 es:
3156 4175 3203 4235 si
3226 4174 3286 4234 in
3310 4173 3631 4236 illiusmodi

1994 4264 2359 4345 temporibus
2384 4283 2501 4325 non
2528 4264 2710 4326 tueris
2731 4264 3065 4343 lapsus,sed
3089 4262 3334 4340 vigilans
3358 4262 3633 4324 inventus

1994 4373 2027 4414 a
2059 4358 2179 4415 Deo
2209 4362 2265 4414 et
2300 4353 2570 4423 Domino,
2603 4361 2661 4413 et
2690 4352 2838 4413 nihil
2886 4351 3043 4412 aliud
3095 4361 3307 4432 praeter
3362 4353 3633 4414 mandata

1994 4442 2229 4505 Domini
2260 4442 2494 4504 feceris:
2524 4441 2723 4522 utique
2755 4440 3087 4520 vigilantem
3124 4441 3261 4502 tein
3294 4442 3554 4503 secunda
3575 4453 3635 4503 et

1996 4532 2165 4594 tertia
2213 4531 2405 4611 vigilia
2459 4531 2771 4602 invenerit,
2834 4531 2944 4591 hoc
2976 4539 3063 4592 est
3093 4530 3154 4591 in
3188 4530 3520 4611 periculoso
3572 4541 3630 4594 et

1995 4622 2155 4701 gravi
2186 4631 2473 4701 tempore,
2507 4621 2663 4699 quod
2724 4619 3087 4681 mortiferum
3132 4638 3408 4681 somnum
3442 4630 3500 4682 et
3529 4640 3631 4683 ca-

1994 4732 2121 4773 sum
2152 4710 2449 4772 dissolutis
2476 4708 2789 4770 animabus
2814 4708 3221 4790 prtebet.0pus
3249 4709 3447 4789 itaque
3478 4710 3626 4790 vigi-

1994 4799 2618 4863 lantia.Patrifamilias
2650 4799 2809 4860 enim
2842 4797 3369 4879 assimilamur,qui
3400 4799 3451 4859 si
3487 4802 3633 4880 vigi-

1992 4890 2219 4966 laverit,
2241 4888 2385 4950 nihil
2415 4907 2483 4949 ex
2518 4886 2694 4950 rebus
2724 4888 2853 4967 ejus
2882 4886 3117 4948 auferre
3140 4896 3415 4967 poterunt
3444 4888 3627 4964 fures;

1992 4980 2083 5042 sin
2105 4987 2298 5041 autem
2330 4977 2763 5039 somniculosus
2794 4976 2953 5047 t‘urit,
2988 4976 3201 5037 ablatis
3228 4977 3508 5039 omnibus
3538 4978 3631 5040 fur

1993 5069 2331 5131 evadit.Per
2358 5067 2546 5129 furem
2576 5066 2814 5147 quidam
2849 5066 2959 5126 hoc
2990 5065 3117 5127 loco
3140 5065 3479 5143 intelligunt
3510 5067 3631 5129 dia-

1992 5157 2219 5230 bolum,
2275 5156 2425 5217 sicut
2466 5164 2523 5217 et
2554 5173 2658 5235 per
2686 5155 2926 5215 domum
2958 5154 3238 5227 animam,
3268 5164 3331 5217 et
3364 5163 3628 5237 patrem-

1988 5246 2264 5328 familias,
2289 5245 2618 5320 hominem;
2642 5243 2745 5304 sed
2780 5261 2899 5304 non
2927 5251 3171 5323 apparet
3200 5245 3486 5325 expositio
3527 5263 3627 5307 sa-

1991 5338 2062 5399 tis
2086 5334 2527 5399 accommodata
2558 5330 2912 5395 textui.Furi
2944 5332 3101 5393 enim
3128 5332 3240 5395 hoc
3258 5332 3389 5397 loco
3420 5336 3625 5398 Domi-

348 5672 420 5740 ta)
457 5660 615 5727 Edit.
644 5664 772 5723 Lut.
808 5657 1046 5733 omittit,
1079 5656 1351 5719 habendo
1371 5656 1530 5717 enim
1559 5652 1786 5717 lumbos
1814 5658 2193 5733 praedictos.
