4116 6212
492 253 610 319 899

1380 326 1389 335 ν
1459 255 2053 323 THEOPHYLACTI
2089 254 2512 349 \BULGARI/E
2562 256 2918 322 ARCHIEP.

3800 255 3939 324 900

491 388 661 450 uicus
718 388 1010 450 adventus
1069 398 1465 470 comparatur,
1494 406 1562 452 eo
1595 390 1749 471 quod
1811 402 2062 470 repente
2094 402 2154 455 et

2238 392 2520 466 ἀκολουθίᾳ
2589 394 2722 461 αὕτη
2815 396 2849 463 ἡ
2939 392 3168 475 ἐκδοχή·
3258 394 3467 472 κλέπτῃ
3526 396 3626 475 γὰρ
3686 396 3924 455 ἐνταῦθα

492 477 790 556 inopinato
825 478 1022 541 veniet
1054 497 1067 541 :
1103 480 1254 540 sicut
1286 488 1343 540 et
1368 480 1769 560 apostolorum
1804 481 2045 560 quidam
2068 482 2155 543 di-

491 566 571 627 cit
604 586 619 626 :
657 567 795 629 Dies
825 571 985 629 enim
1018 567 1252 629 Domini
1279 568 1445 648 quasi
1469 568 1563 628 fur
1591 567 1649 628 in
1679 571 2018 633 nocte58.Et
2039 571 2154 633 hoc

492 655 621 715 loco
647 655 781 716 vide
809 657 1111 735 quomodo
1144 655 1567 737 interpretatur
1598 656 1884 719 Dominus
1914 660 2046 740 quis
2078 660 2155 723 sit

491 744 604 804 fur.
631 743 775 806 Nam
810 745 955 807 dicit
988 768 999 803 :
1036 747 1111 808 Et
1141 765 1247 807 vos
1280 747 1455 824 igitur
1482 746 1887 827 vigil:ite,quia
1910 767 2028 829 qua
2050 750 2155 812 ho-

489 851 553 893 ra
578 852 693 894 non
731 835 968 912 putatis,
1009 834 1192 897 Filius
1223 835 1482 896 hominis
1519 835 1735 897 veniet.
1772 836 1986 899 Dicunt
2013 838 2152 920 qui-

490 921 624 983 dam
649 923 804 1003 quod
840 942 951 1003 per
976 928 1225 1003 primam
1252 924 1506 1003 vigiliam
1536 924 1949 1003 intelligantur
1969 927 2030 989 hi
2052 926 2154 1010 qui

489 1011 623 1073 aliis
652 1022 790 1073 sunt
818 1013 1273 1089 diligentiores:
1313 1032 1418 1094 per
1461 1015 1788 1075 secundam
1850 1034 2014 1091 vero,
2049 1017 2155 1097 qui

489 1100 859 1181 aliquantum
896 1103 1282 1182 profecerunt
1313 1123 1329 1164 :
1364 1122 1472 1184 per
1528 1104 1757 1166 tertiam
1790 1114 2013 1180 autem,
2049 1106 2151 1187 qui

493 1190 671 1251 etiam
703 1190 822 1252 illis
874 1201 1011 1252 sunt
1042 1192 1377 1254 inferiores.
1413 1193 1487 1255 At
1516 1192 1616 1253 alii
1650 1192 1915 1255 diversas
1946 1202 2153 1258 aatates

502 1290 923 1359 exposuerunt,
960 1289 1016 1342 et
1040 1283 1311 1361 primam,
1336 1302 1451 1362 qua
1484 1282 1897 1346 adolescentes
1921 1302 2149 1348 sumus:

501 1369 849 1441 secundam,
884 1389 998 1450 qua
1032 1371 1137 1431 viri
1173 1392 1186 1430 :
1242 1372 1503 1451 tertiam,
1538 1390 1653 1452 qua
1705 1391 1903 1437 senes.
1938 1372 2153 1435 Beatus

2241 480 2640 562 παραϐαλλεται
2700 485 2733 551 ἡ
2792 487 3051 560 παρουσία
3120 492 3215 541 τοῦ
3247 486 3433 563 Κυρίου
3463 483 3549 541 διὰ
3578 488 3639 541 τὸ
3688 487 3921 564 ἀπροσ-

2239 570 2488 646 δόκητον,
2547 574 2621 635 ὡς
2677 573 2767 629 καί
2816 595 2897 636 τις
2955 579 3062 629 τῶν
3119 574 3433 631 ἀποστόλων
3491 573 3662 652 λέγει’
3699 566 3762 631 Ἠ
3805 577 3921 655 γΞιρ

2236 662 2411 741 ἡμέρα
2473 662 2659 741 Κυρίου
2717 665 2791 725 ὼς
2849 662 3087 729 κλέπτης
3147 663 3200 719 ἐν
3233 665 3399 721 νυκτί.
3448 666 3546 722 Καὶ
3589 665 3815 721 ἐνταῦθα
3849 664 3911 721 δὲ

2237 753 2264 807 6
2300 751 2487 827 Κύριος
2518 750 2600 807 ἴδε
2630 757 2745 815 πῶς
2773 752 3049 831 ἑρμηνεύει
3078 755 3242 833 ἡμῖν,
3267 753 3346 815 τίς
3376 752 3583 810 ἐστινὸ
3623 752 3901 820 κλέπτης

2235 841 2365 918 φησὶ
2417 840 2537 919 γάρ’
2597 841 2694 898 Καὶ
2748 841 2904 915 ὑμεῖς
2970 848 3059 897 οὖν
3104 856 3440 920 γρηγορεῖτε,
3499 842 3646 917 ὅτιῇ
3698 843 3815 922 ὥρᾳ
3845 848 3915 903 0-3

2234 926 2464 1003 δοκεῖτε,
2524 931 2553 985 6
2615 931 2735 992 Υἱὸς
2766 939 2858 988 τοῦ
2886 930 3149 1008 ἀνθρώτου
3179 929 3419 1011 ἔρχεται,
3452 933 3589 988 Φασὶ
3638 929 3697 987 δὲ
3725 954 3908 1013 τινες,

2234 1020 2314 1075 ὃτι
2385 1020 2502 1095 περὶ
2559 1019 2659 1086 τὴν
2704 1020 2923 1099 πρώτην
2966 1018 3207 1100 φυλακὴν
3265 1020 3674 1100 ἐγρηγοροῠντες
3706 1029 3911 1079 νοοῦν-

2233 1129 2320 1165 ται
2383 1110 2431 1165 οἱ
2488 1111 2593 1165 τῶν
2638 1106 2816 1165 ἄλλων
2858 1108 3281 1190 ἐπιμελέστερον
3328 1112 3447 1189 περὶ
3498 1108 3679 1178 δὲτὴν
3710 1108 3911 1167 6mi-

2234 1218 2328 1276 ραν
2375 1201 2421 1254 οἱ
2475 1195 2890 1265 ὺποϐεϐηκότεςο
2952 1200 3070 1279 περὶ
3098 1197 3153 1254 δὲ
3183 1199 3282 1267 τὴν
3323 1201 3527 1279 τρίτην,
3578 1202 3624 1257 oi
3656 1200 3737 1257 ἔτι
3769 1203 3909 1258 τού-

2232 1308 2341 1343 των
2386 1286 2597 1356 ἢττους.
2664 1286 2875 1347 "Met
2935 1286 2991 1345 δὲ
3044 1290 3138 1351 τὰς
3194 1287 3471 1369 διαφόρους
3520 1288 3737 1361 ἡλικίας
3804 1289 3909 1356 ἱξ-

2238 1376 2533 1454 ηγήσαντο,
2609 1377 2833 1454 Πρώτην
2891 1378 2992 1453 μὲν
3019 1375 3136 1434 καθ’
3165 1377 3232 1445 ἥν
3263 1378 3366 1435 νέοι
3422 1379 3608 1456 ἐσμὲν,
3643 1378 3906 1460 δευτέραν

503 1456 681 1536 igitur
731 1458 997 1539 quisquis
1049 1478 1402 1540 quacunque
1455 1469 1626 1521 aetate
1674 1461 1949 1524 inventus
1979 1461 2154 1524 fuerit

2238 1461 2316 1544 δὲ,
2377 1464 2493 1521 καθ’
2552 1465 2617 1533 ἦν
2672 1464 2880 1545 ἂνδρες,
2914 1468 3097 1545 τρίτην
3128 1464 3213 1543 δὶ,
3265 1467 3385 1525 καθ’
3451 1468 3516 1536 ἦν
3571 1456 3904 1547 πρεσϐδται,

503 1546 772 1628 vigilans,
799 1566 907 1611 nec
939 1548 999 1608 in
1026 1549 1328 1629 operando
1379 1550 1602 1612 bonum
1667 1551 2037 1631 negligenter
2090 1567 2154 1614 se

2238 1555 2506 1632 Μακάριος
2577 1558 2664 1611 οὖν
2720 1554 2865 1620 ὅστις
2917 1557 3099 1633 εὑρεθῇ
3145 1556 3205 1612 ἐν
3249 1546 3673 1630 ὸωιᾳδηποτοῦν
3708 1557 3907 1631 ἡλικίᾳ

506 1654 741 1715 gerens.
2178 1643 2572 1734 Βέγρηγορὼς,
2642 1648 2731 1703 καὶ
2789 1647 2865 1721 μὴ
2896 1646 3109 1722 ἀμελῶς
3169 1648 3287 1727 περὶ
3354 1648 3453 1707 τὸν
3495 1648 3747 1728 ἔργασίαν
3803 1656 3909 1705 τοῦ

2240 1731 2406 1790 καλοῦ
2434 1732 2786 1810 διακείμενος,

589 1818 773 1905 Vsus,
796 1818 1014 1879 41-44.
1052 1842 1078 1872 «
1110 1816 1265 1879 Dixit
1290 1825 1484 1878 autem
1516 1818 1571 1877 ei
1592 1815 1817 1881 Petrus:
1880 1819 2151 1895 Domine,

2328 1845 2355 1877 α
2393 1824 2531 1881 Eine
2582 1822 2639 1880 δὲ
2709 1828 2853 1898 αὒτῷ
2903 1828 2930 1882 6
2981 1825 3200 1905 Πέτρος·
3297 1827 3472 1904 Κύριε,
3559 1829 3692 1905 πρὸς
3754 1829 3913 1902 ἡμᾶς

508 1906 580 1967 ad
603 1925 708 1966 nos
722 1904 869 1967 dicis
892 1906 1061 1967 istam
1088 1905 1455 1986 parabolam,
1490 1926 1562 1966 an
1587 1908 1764 1967 etiam
1802 1907 1872 1969 ad
1898 1917 2154 1971 omnes?

2241 1913 2338 1980 τὴν
2391 1911 2696 1988 παραϐολὴν
2754 1916 2954 1982 ταύτην
3008 1904 3210 1993 λέγεις,
3270 1916 3303 1983 ἦ
3347 1917 3435 1973 καὶ
3464 1904 3611 1994 πρὸς
3639 1920 3857 1981 πάντας
3888 1941 3913 1991 ;

509 1996 605 2056 Ait
628 2004 823 2056 autem
850 1994 1169 2056 Dominus:
1198 1993 1480 2066 Quisnam
1512 2005 1600 2057 est
1631 1996 1824 2059 ﬁdelis
1853 1997 2154 2077 dispensa-

2241 2002 2381 2059 Εἶπε
2437 2000 2491 2058 δὲ
2551 2006 2578 2060 6
2631 2004 2842 2083 Κύριος·
2905 2004 2992 2068 Τίς
3034 2005 3133 2083 ἆρά
3200 2004 3343 2061 ἔστιν
3385 2008 3413 2061 6
3460 1993 3645 2072 πιστὸς
3677 2008 3906 2064 οἰκονόο

511 2093 603 2145 tor
626 2103 693 2145 ac
717 2085 978 2163 prudens
1002 2103 1179 2164 quem
1217 2086 1532 2147 constituet
1560 2086 1838 2148 dominus
1868 2105 2048 2167 super
2075 2088 2154 2150 fa-

2239 2114 2364 2167 μος,
2424 2094 2511 2149 καὶ
2568 2093 2844 2173 φρόνιμος,
2916 2091 2975 2150 ὅν
3045 2096 3369 2165 καταστήσει
3400 2097 3429 2151 6
3458 2096 3631 2174 κύριος
3678 2095 3769 2152 ἐπὶ
3797 2095 3903 2163 τῆς

513 2172 803 2233 mulitium
836 2192 1037 2253 suum,
1060 2182 1121 2233 ut
1151 2174 1252 2235 det
1282 2174 1395 2234 illis
1426 2175 1487 2234 in
1522 2184 1788 2256 tempore
1814 2176 2153 2238 dimensum

2237 2183 2511 2260 θεραπείας
2553 2172 2733 2257 αὑτοῦ,
2793 2189 2886 2239 τοῦ
2958 2181 3151 2240 διδόναι
3210 2182 3265 2238 ἒν
3321 2189 3489 2264 καιρῷ
3525 2172 3605 2241 τὸ
3663 2185 3904 2261 σιτομέ-

512 2261 961 2323 cibum?Beatus
992 2262 1091 2323 ille
1112 2281 1522 2342 sorvus,quem
1555 2284 1687 2325 cum
1716 2266 2157 2327 veneritdomi-

512 2368 644 2425 nus,
681 2349 972 2411 invenerit
1001 2350 1085 2412 ita
1116 2350 1619 2413 facientem.Vere
1638 2352 1769 2413 dico
1802 2353 2155 2436 vobis,quod

512 2439 787 2500 omnibus
809 2456 938 2519 quae
961 2439 1540 2519 possidet,praeﬁciet
1567 2440 2154 2522 illum.rinterroga-

516 2528 595 2589 vit
624 2527 830 2589 Petrus
860 2546 969 2590 ceu
1000 2546 1201 2590 curam
1234 2530 1493 2591 omnium
1542 2530 1788 2607 habens,
1822 2541 1883 2593 et
1915 2550 2017 2611 pro
2046 2550 2155 2596 au-

509 2617 801 2678 ditoribus
832 2617 1146 2691 sollicitus,
1184 2627 1459 2698 tanquam
1511 2618 1755 2681 fratrum
1815 2629 2064 2697 amator,
2102 2630 2161 2684 et

2236 2291 2377 2348 τριον
2411 2291 2427 2345 ;
2489 2271 2757 2351 Μακάριος
2814 2274 2842 2328 6
2872 2270 3055 2336 δοῦλος
3087 2272 3310 2348 ἐκεῖνος,
3346 2272 3405 2328 ὅν
3432 2271 3598 2329 ἐλθὼν
3627 2275 3657 2329 6
3718 2275 3907 2349 κύριος

2239 2358 2418 2432 αὖτοῦ,
2504 2361 2712 2436 εὑρήσει
2807 2369 3056 2419 ποιοῦντα
3185 2360 3376 2424 οῧτως·
3461 2359 3675 2429 ἀληθῶς
3749 2362 3899 2441 λέγω

2238 2449 2389 2527 ὑμῖν,
2451 2450 2530 2505 ὃτι
2561 2448 2646 2506 ἐπὶ
2684 2455 2812 2507 πᾶσι
2843 2464 2962 2516 τοῖς
2990 2452 3318 2531 ὑπάρχουσιν
3377 2451 3519 2526 αὐτῷ
3561 2453 3895 2522 καταστήσει

2240 2538 2417 2596 αὐτόν.
2454 2561 2482 2593 n
2524 2537 2830 2618 Ἠρώτησεν
2876 2542 2904 2595 6
2935 2539 3151 2617 Πέτρος.
3200 2540 3297 2597 οἷα
3326 2541 3539 2597 πάντων
3571 2542 3891 2620 φροντίζων,

2240 2627 2327 2683 καὶ
2376 2627 2506 2706 ὑπὲρ
2559 2635 2664 2685 τῶν
2722 2630 3020 2685 ἀκουόντων
3070 2630 3439 2706 διακαιόμενος
3496 2632 3571 2693 ὡς
3628 2627 3891 2709 φιλάδελ-

508 2706 601 2769 cui
631 2708 751 2787 jam
786 2707 1129 2768 concredita
1154 2707 1440 2789 Ecclesia,
1470 2728 1610 2770 num
1645 2710 1718 2771 ad
1740 2729 1950 2772 omnes
1978 2729 2157 2790 para-

508 2797 702 2858 bolam
738 2796 917 2861 dicat.
964 2796 1251 2858 Dominus
1282 2816 1419 2859 vero
1452 2817 1569 2859 non
1608 2800 1920 2861 manifeste
1953 2802 2024 2863 ad
2057 2800 2154 2862 in-

2240 2807 2440 2870 πάντας
2494 2806 2595 2874 τὴν
2652 2805 2960 2886 παραϐολὴν
3018 2809 3215 2876 ταύτην
3268 2808 3435 2887 λέγει·
3496 2810 3523 2865 ὀ
3568 2806 3623 2865 δὲ
3699 2809 3889 2888 Κύριος

510 2886 972 2965 terrogationem
996 2886 1450 2967 respondet,sed
1480 2888 1713 2949 occulto
1739 2889 1993 2968 quodam
2023 2908 2154 2951 mo-

2241 2902 2475 2975 φανερῶς
2559 2897 2657 2970 μὲν
2747 2895 2893 2955 οὒδὲν
2949 2897 3282 2977 ἀποκρίνεται
3346 2886 3490 2973 αὒτῷ
3601 2901 3729 2978 πρὸς
3779 2886 3895 2966 τὴν

505 2976 579 3037 do
610 2975 833 3065 indicat
862 2976 1016 3065 quod
1050 2976 1206 3037 dicta
1238 2975 1515 3056 parabola
1548 2978 1882 3039 communis
1903 2980 2153 3054 sit,etad

2239 2983 2517 3063 ἐρώτησιν,
2588 2984 3054 3065 ἐπικεκρυμμένως
3092 2975 3167 3043 δέ
3224 2985 3500 3060 δείκνυσιν,
3559 2975 3654 3043 ὅτι⁷
3698 2992 3733 3058 ἦ
3792 2988 3893 3062 μὲν

507 3084 715 3126 omnes
741 3064 979 3144 quidem
1004 3065 1300 3145 pertineat
1322 3065 1557 3157 ﬁdeles,
1588 3076 1645 3157 et
1664 3067 1737 3128 ad
1759 3087 1859 3129 vos
1904 3077 2152 3149 aposto-

2236 3074 2455 3150 ῥηθεῖσα
2524 3064 2801 3153 παραϐολὴ
2854 3078 3007 3144 κοινὴ
3038 3080 3127 3151 ἧν,
3179 3076 3275 3135 καί
3304 3078 3379 3141 είς
3405 3077 3598 3142 πάντνς
3653 3078 3891 3157 φθάνου-

506 3154 618 3229 los,
647 3161 707 3215 et
728 3153 790 3214 in
815 3153 1021 3229 primis
1052 3171 1152 3218 eos
1183 3156 1282 3234 qui
1305 3154 1393 3215 vel
1426 3155 1692 3245 doctrina
1725 3156 1811 3218 vel
1863 3157 2153 3237 dignitate

2236 3183 2302 3218 σα
2330 3164 2417 3219 καὶ
2484 3164 2605 3227 τοὺς
2661 3164 2925 3244 τυχόντας
2977 3167 3214 3240 πιστοὺς,
3288 3165 3386 3235 τῆς
3443 3166 3498 3221 δὲ
3544 3153 3679 3245 πρὸς
3719 3167 3885 3240 ὑμᾶς,

506 3250 786 3334 praesunt.
801 3240 1013 3334 Verum
1032 3242 1172 3334 audi
1194 3242 1463 3334 quisnam
1490 3244 1785 3334 sitlidelis
1800 3264 1868 3306 ac
1888 3247 2152 3326 prudens

2246 3253 2396 3331 φησὶ,
2447 3253 2567 3316 τοὺς
2623 3240 2973 3334 ἀποστόλους,
3017 3256 3105 3311 καὶ
3161 3254 3343 3321 ἁπλῶς
3373 3255 3493 3319 τοὺς
3551 3240 3888 3322 διδασκαλίας

508 3331 1210 3411 dispensator.Parabola
1226 3332 1385 3393 enim
1407 3332 1687 3413 praedicta
1712 3335 2154 3418 multis,inquit,

2244 3339 2279 3408 ἦ
2348 3342 2667 3419 προστασίας
2736 3331 3073 3423 ἀξιωθέντας,
3106 3341 3209 3411 ἤδη
3268 3343 3445 3403 ἄκουε.
3484 3346 3571 3408 Τίς
3602 3342 3702 3423 ἄρα
3749 3343 3886 3400 ἔστὶν

516 3422 809 3503 congruit.
840 3424 1010 3513 Nunc
1039 3433 1233 3485 autem
1285 3425 1360 3486 de
1417 3426 1510 3487 his
1566 3426 1669 3506 qui
1718 3429 1975 3507 praefecti
2024 3442 2154 3493 sunt

2244 3432 2272 3486 6
2329 3432 2510 3493 πιστὸς
2570 3432 2658 3487 καὶ
2739 3432 2991 3510 φρόνιμος
3076 3432 3376 3509 οἰκονόμος.
3442 3425 3505 3490 Ἠ
3563 3422 3661 3507 μὲν
3719 3432 3887 3513 προρο

507 3512 662 3587 aliis,
698 3512 960 3593 inquiro,
993 3514 1122 3594 quis
1181 3513 1513 3576 inveniatur
1567 3517 1684 3576 duo
1742 3517 1866 3578 haec
1903 3516 2154 3592 habens,

2241 3519 2465 3596 ῥηθεῖσα
2545 3515 2820 3599 παραϐολὴ
2883 3519 3134 3595 πολλοῖς,
3192 3524 3373 3602 φησὶν,
3432 3522 3672 3601 ἁρμόζει,
3719 3512 3810 3579 νῦν
3837 3520 3889 3577 δὲ

506 3602 680 3665 tidem
713 3601 847 3663 dico
880 3610 939 3662 et
970 3602 1341 3684 prudentiam
1372 3622 1390 3679 ;
1440 3622 1610 3690 rarus
1646 3605 1806 3666 enim
1840 3606 1936 3668 bic
1962 3616 2022 3669 et
2057 3608 2154 3669 in-

2240 3610 2358 3686 περὶ
2450 3615 2554 3666 τῶν
2638 3609 2960 3688 προστασίας
3043 3608 3369 3676 ἀξιωθέντων
3454 3613 3609 3690 φησὶ,
3692 3610 3885 3689 λέγων’

504 3699 676 3752 ventu
707 3690 1143 3782 difﬁcilisNam
1171 3693 1322 3755 sicut
1343 3696 1403 3755 in
1428 3688 1976 3774 dispensationibus
2004 3696 2154 3759 divi-

2246 3703 2493 3764 Διαπορῶ
2558 3699 2635 3763 τίς
2693 3698 3023 3777 εὑρεθὴσεται
3090 3702 3259 3757 ταῦτα
3328 3698 3500 3782 ἔχων,
3561 3701 3651 3757 καὶ
3709 3700 3884 3757 πίστιν

506 3782 719 3843 tiarum
753 3780 802 3842 si
828 3781 960 3862 quis
990 3782 1180 3845 ﬁdelis
1213 3782 1389 3845 fuerit
1407 3783 1651 3845 domino
1674 3803 1929 3865 suo,non
1953 3794 2151 3849 autem

2236 3787 2320 3843 καὶ
2376 3786 2652 3866 φρόνησιν’
2713 3787 2933 3851 σπάνιος
2992 3788 3091 3867 γὰρ
3148 3789 3299 3852 οὗτος
3372 3780 3492 3846 καὶ⁷
3554 3786 3880 3869 δυσεύρετος.

505 3870 791 3951 prudens,
823 3871 1103 3951 dispersit
1146 3890 1242 3933 res
1272 3872 1523 3953 domini,
1558 3873 1834 3935 nesciens
1857 3875 1996 3936 578
2020 3876 2152 3938 illas

2236 3874 2411 3955 ὥσπερ
2466 3875 2564 3955 γὰρ
2619 3876 2705 3933 ἐπὶ
2758 3876 2865 3933 τῶν
2923 3883 3277 3957 χρηματικῶν
3344 3880 3661 3955 οἰκονομιῶν
3698 3881 3743 3935 εἶ
3788 3901 3879 3936 πι-

504 3960 1058 4050 άίερεηεδιδθλεὶοιιι
1107 3962 1403 4042 convenit,
1437 3962 1539 4023 sed
1601 3982 1719 4024 non
1781 3962 1879 4026 dat
1909 3966 2149 4045 quando

2237 3966 2361 4030 στὸς
2412 3964 2505 4033 εἴη
2542 3987 2624 4029 τις
2678 3972 2756 4041 τῷ
2836 3964 3069 4043 δεσπότῃ
3127 3966 3308 4043 αὐτοῦ,
3381 3969 3459 4044 μὴ
3505 3968 3759 4047 φρόνιμος
3801 3967 3876 4050 δὲ,

504 4057 831 4129 oportet,et
852 4047 1133 4110 damnum
1168 4050 1305 4112 facit
1327 4050 1569 4113 domino
1602 4053 1793 4135 majus
1820 4071 1833 4114 :
1871 4054 2082 4116 iterum
2107 4061 2154 4120 si

2237 4054 2529 4115 ἀπόλλυται
2583 4056 2649 4111 τά
2705 4054 3013 4134 δεσποτικὰ,
3114 4057 3193 4133 μὴ
3275 4055 3563 4135 δυναμένου
3618 4047 3879 4127 διοικῆσαι

504 4138 766 4228 prudens
800 4138 931 4218 quis
988 4139 1188 4228 fuerit,
1223 4147 1284 4200 et
1321 4138 1637 4219 expendat,
1666 4140 1935 4228 inﬁdelis
1956 4150 2153 4205 autem

2237 4152 2399 4203 ταῦτα
2471 4146 2545 4210 ὼς
2614 4142 2720 4220 δεῖ,
2776 4144 2896 4202 ἀλλ’
2927 4146 3053 4203 ὅταν
3108 4148 3262 4228 χρεία
3294 4145 3492 4221 δοῦναὶ,
3525 4149 3604 4225 μὴ
3626 4145 3878 4228 διδόντος,

502 4224 727 4317 sit,_t'ur
758 4231 961 4306 utique
988 4225 1189 4317 fuerit,
1223 4233 1282 4317 et
1316 4226 1712 4317 tantumagis
1752 4228 2009 4291 difﬁcilis
2044 4231 2154 4293 de-

2240 4235 2328 4292 καὶ
2382 4232 2644 4291 πλειόνων
2699 4234 2973 4292 ἀπώλειαν
3021 4224 3323 4300 ποιοῦντος·
3381 4235 3565 4311 πάλιν,
3619 4240 3664 4293 εἷ
3698 4238 3879 4317 φρόνι-

502 4315 1066 4396 prehensu,quando
1101 4316 1466 4393 prudentior:
1494 4315 1574 4379 ita
1592 4326 1648 4377 et
1677 4317 1738 4379 in
1769 4319 1982 4380 divinis
2011 4338 2154 4400 opus

2243 4345 2341 4400 μος
2386 4322 2485 4399 μὲν
2545 4322 2661 4397 εἵη,
2722 4325 2810 4381 καὶ
2865 4326 3192 4404 ποριστικὸς,
3256 4324 3480 4389 ἄπιστὸς
3510 4323 3588 4400 δὲ,
3642 4315 3877 4393 κλέπτης

500 4413 591 4466 est
617 4404 733 4466 ﬁde
761 4422 829 4465 ac
862 4404 1349 4484 prudentia.Scio
1371 4405 1532 4469 enim
1566 4410 1783 4469 multos
1814 4409 1914 4489 qui
1944 4407 2154 4472 viden-

2240 4412 2300 4471 ἄν
2372 4413 2487 4492 ε’ίη,
2547 4414 2636 4471 καὶ
2688 4414 2830 4489 τόσῳ
2860 4413 3063 4489 μᾶλλον
3091 4412 3448 4493 δυσφώρατος,
3496 4415 3606 4487 ὃσῳ
3634 4416 3722 4469 καὶ
3750 4435 3874 4495 φρο-

500 4500 597 4555 tur
637 4493 847 4553 virtute
877 4512 944 4554 ac
978 4492 1193 4572 pietate
1224 4513 1293 4556 ac
1346 4495 1465 4555 ﬁde
1524 4494 1781 4575 przediti,
1843 4507 2154 4579 propterea

2240 4503 2547 4577 νιμότατος’
2613 4500 2750 4559 οὕτω
2808 4499 2872 4569 δὴ
2925 4506 3013 4559 καὶ
3042 4504 3131 4559 ἐπὶ
3158 4492 3465 4578 τῶνθείων,
3499 4501 3584 4560 δεῖ
3612 4502 3668 4559 ἒν
3709 4492 3878 4576 ταυτῷ

501 4582 657 4663 quod
708 4582 1116 4644 ecclesiastica
1167 4583 1495 4664 prudenter
1559 4584 1980 4649 administrare
2042 4607 2151 4650 ne-

2237 4592 2325 4648 καὶ
2373 4591 2599 4657 πίστεως
2654 4593 2743 4648 καὶ
2796 4593 3127 4670 φρονήσεωςο
3162 4591 3285 4649 οἶδα
3319 4594 3419 4672 γὰρ
3473 4593 3584 4671 εγὼ
3652 4591 3875 4656 πολλοὺς

501 4680 740 4752 queant,
775 4671 1092 4733 damnosos
1117 4690 1248 4733 esse
1278 4672 1586 4747 Ecclesiae,
1609 4682 1668 4735 et
1694 4693 1811 4736 non
1844 4677 2036 4738 solum
2062 4677 2153 4738 l‘a-

2236 4678 2546 4743 σπουδαίους
2597 4680 2694 4755 μὲν
2746 4678 3027 4744 δοκοῦντας
3085 4680 3205 4737 κατ’
3263 4671 3480 4759 ἀρετὴν,
3543 4683 3633 4739 καὶ
3709 4685 3879 4740 θεοσε-

502 4760 889 4834 cultates,sed
920 4762 1093 4823 etiam
1115 4761 1344 4824 animas
1366 4764 1713 4843 perderezut
1744 4766 2000 4847 exempli
2021 4785 2154 4847 gra.

2237 4766 2380 4850 δεῖς,
2439 4772 2528 4826 καὶ
2579 4771 2755 4827 πίστιν
2806 4769 3053 4850 ἔχοντας,
3108 4769 3164 4825 ἐν
3211 4777 3288 4845 τῷ
3366 4772 3443 4845 μὴ
3524 4768 3763 4827 δύνασθαι
3822 4769 3873 4828 δὲ

504 4852 879 4933 tia,peccavit
899 4850 1194 4932 quispiam
1231 4862 1471 4933 peccato
1505 4855 1661 4934 quod
1690 4855 1946 4917 animam
1971 4856 2154 4919 oﬁ‘en-

2246 4859 2510 4940 φρονίμως
2606 4857 2865 4916 διαθέσθαι
2946 4859 3012 4915 τὰ
3087 4857 3525 4940 ἐκκλησιαστικὰ,
3597 4863 3657 4917 οὐ
3722 4862 3874 4936 μόνον

504 4942 591 5003 dit
616 4961 627 5004 :
654 4942 767 5003 nisi
789 4941 1051 5022 prudens
1085 4941 1161 5003 sit
1186 4942 1286 5022 qui
1320 4943 1617 5022 praesidet,
1643 4944 1748 5005 sed
1785 4953 2006 5030 tantum
2045 4947 2154 5010 ba-

2243 4950 2526 5029 χρήματα,
2600 4946 2734 5004 ἀλλά
2782 4949 2869 5005 καὶ
2899 4948 3078 5028 ψυχὰς
3108 4948 3506 5023 ζημιώσαντας*
3546 4952 3661 5007 οἷον
3692 4948 3869 5006 ἔπται-

504 5031 640 5093 beat
669 5032 871 5111 ﬁdem,
905 5033 1014 5093 hoc
1045 5039 1135 5094 est
1164 5032 1434 5094 virtutem
1468 5032 1693 5113 absque
1710 5034 2059 5113 judicio,vel
2083 5055 2153 5100 ex

2236 5040 2294 5095 σέ
2358 5061 2441 5102 τις
2500 5038 2554 5095 ἐν
2586 5042 2805 5118 ψυχικῷ
2833 5037 3284 5117 προσπταίσματι,
3319 5040 3363 5094 εί
3395 5041 3473 5114 μὴ
3505 5039 3759 5119 φρόνιμος
3786 5037 3869 5105 εἴη

500 5120 822 5183 immodica
850 5121 1381 5202 increpatione,vel
1414 5140 1481 5183 ex
1512 5121 1936 5205 intempestiva
1991 5123 2150 5188 illius

2236 5132 2260 5185 6
2314 5128 2611 5207 προεστὼς,
2670 5125 2807 5183 ἀλλὰ
2900 5126 3063 5202 μόνον
3142 5127 3318 5184 πίστιν
3386 5127 3554 5208 ἔχων,
3586 5127 3871 5189 ,τουτέστιν

503 5211 964 5273 mansuetudine
985 5211 1387 5292 corrumpitur
1418 5212 1467 5273 is
1489 5210 1590 5293 qui
1608 5211 2149 5296 lapsus,est,etnon

2236 5219 2421 5297 ἀρετὴν
2480 5213 2807 5296 ἀδιάκριτον,
2861 5214 2896 5284 ἤ
2950 5216 3005 5282 ἒξ
3044 5215 3272 5297 ἀμέτρου
3316 5217 3702 5295 ἐπιτιμήσεως,
3733 5216 3768 5285 ἦ
3816 5217 3868 5275 ἐκ

492 5299 874 5389 sanatt1r,sed
889 5300 1522 5382 couterilur.Quisquis
1539 5300 1718 5381 igitur
1728 5301 1806 5365 ﬁd
1816 5303 1925 5366 elis
1941 5312 1997 5366 et
2012 5323 2148 5385 pru-

2236 5307 2529 5386 πραότητος
2588 5306 2802 5380 ἀκαίρου
2850 5304 3155 5388 διαφθαρείη
3217 5309 3265 5389 6,
3320 5310 3571 5389 πταίσας,
3645 5311 3732 5366 καὶ
3784 5308 3866 5365 οὐκ

503 5388 653 5451 dens
704 5390 977 5452 inventus
1019 5390 1219 5471 fuerit,
1274 5392 1660 5455 constituetur
1703 5393 1766 5454 in
1818 5393 2148 5457 ministerio

2236 5398 2523 5469 ἰαθήσεται,
2581 5393 2702 5453 ἀλλ’
2751 5393 3171 5476 ἃπιτριϐήσεται.
3256 5388 3450 5462 ’Ὀστις
3535 5388 3626 5454 οὖν
3692 5399 3866 5465 πιστὸς

2241 2740 2363 2795 φος,
2426 2718 2512 2774 καὶ
2583 2726 2655 2781 ὼς
2711 2715 2814 2785 ἤδη
2845 2719 2943 2786 τὴν
2970 2717 3289 2786 Ἐκκλησίαν
3336 2721 3649 2789 πιστευθεὶς,
3684 2720 3726 2776 εἰ
3756 2721 3889 2796 πρὸς

584 5570 648 5621 ⁵8
677 5567 725 5633 ll
754 5572 916 5633 Petr.
953 5584 1035 5647 ul,
1075 5575 1167 5632 10.
