4116 6212
339 268 447 337 901
1123 271 1560 338 ENARRATIO
1602 271 1677 338 ΙΝ
1718 277 1813 339 EV
1823 274 1964 337 ANG

2112 273 2218 338 UM
2268 274 2505 340 LUCE.
2534 312 2610 324 —
2642 274 2806 342 CAP.
2859 280 2993 343 XII.
3612 277 3730 345 902

339 410 521 485 εὑρεθῇ
613 409 700 464 καὶ
798 407 1077 488 φρόνιμος,
1164 410 1617 478 κατασταθήσεται
1703 410 1789 463 επὶ
1889 414 1964 474 τῆλ

2110 410 2337 485 tomini,
2360 410 2472 473 hoc
2495 420 2585 473 est
2609 431 2788 491 super
2814 430 3022 474 omnes
3054 433 3281 489 servos,
3318 424 3381 477 ut
3411 414 3735 496 unicuique

335 500 615 576 θεραπείας
672 504 762 553 τοῦ
863 497 1071 575 Κυρίου,
1171 497 1438 561 τουτέστιν
1540 496 1717 553 ἐπάνω
1778 498 1960 553 πάν-ξω

2115 506 2173 558 et
2207 517 2543 561 mensuram
2576 500 2857 561 frumenti
2891 501 2949 561 in
2983 510 3249 583 tempore
3279 524 3411 580 suo,
3468 505 3592 567 sive
3622 505 3734 567 hoc

332 592 439 641 τῶν
498 584 723 661 δοὺλων,
783 587 920 644 ὥστε
972 585 1181 659 ἑκάστῳ
1231 590 1290 642 ἓν
1350 593 1511 666 καιρῷ
1541 584 1732 641 διδόναι
1810 590 1870 642 τὸ
1901 609 1951 642 σι

2104 595 2161 647 est
2195 606 2397 649 sermo
2426 590 2714 651 doctrina}
2745 608 2862 669 quo
2895 590 3132 652 aluntur
3160 595 3396 673 anima},
3426 595 3547 656 sive
3582 612 3729 675 ope-

330 676 631 756 τομέτριον,
711 675 823 732 εἴτε
881 673 1204 753 δογματικὸς
1238 674 1399 755 λόγος
1460 675 1624 753 ἐστὶν,
1671 677 1716 750 ᾦ
1765 680 1952 756 τρέφον

2102 696 2204 736 um
2264 678 2643 758 exemplum,‘
2670 687 2728 739 et
2780 682 3124 741 mandatum
3184 684 3480 761 quomoda
3528 673 3727 745 vivere

333 787 416 821 ται
495 769 545 821 αἱ
599 768 793 846 ψυχαὶ,
842 764 954 821 εἴτε
999 764 1237 844 πράξεων
1269 766 1635 839 ὑποτύπωσις,
1670 766 1757 822 καὶ
1800 764 1958 822 διαται

2101 785 2208 845 ιροι
2230 766 2594 828 teat.Beatus
2625 767 2725 848 qui
2757 768 2887 829 talis
2917 768 3094 830 fuerit
3124 772 3417 845 inventus,
3459 781 3517 833 et
3547 790 3726 853 super

334 855 406 932 γὴ
477 856 592 919 πῶς
650 853 733 911 δεῖ
789 856 956 931 βιοῦν
1018 858 1046 911 6
1100 864 1361 934 τοιοῦτος,
1450 856 1493 909 εἰ
1532 853 1700 918 οὕτως
1756 856 1959 931 εὑρεθείη

2096 855 2267 916 ιῐηιιῑδ
2314 874 2419 917 sua
2468 859 2784 918 constituet
2834 857 2999 918 illum
3031 858 3342 924 Dominus.
3373 860 3499 922 Non
3531 862 3721 923 solum

334 950 524 1020 ποιῶν,
576 945 858 1024 μακάριος,
926 945 1011 1000 καὶ
1080 944 1164 1001 ἐπὶ
1254 950 1383 1000 πᾶσι
1483 958 1603 1005 τοῖς
1660 945 1958 1024 ὑπάρχουσι

2095 954 2225 1005 nter
2259 963 2485 1021 servos,
2535 948 2635 1007 sed
2669 955 2729 1006 et
2765 946 3099 1009 sublimiori
3151 949 3330 1029 gradu
3368 951 3718 1030 provehens,

335 1034 478 1107 αὐτῷ
532 1034 854 1103 καταστήσει
913 1035 1068 1091 αὒτδν
1128 1035 1155 1089 6
1216 1034 1427 1111 Κύριος,
1475 1037 1534 1091 ού
1565 1034 1726 1108 μόνον
1756 1032 1840 1089 ἐπὶ
1873 1046 1960 1089 τοῖ

2105 1051 2260 1113 uper
2290 1035 2491 1095 omnia
2520 1035 2858 1110 constituet,
2889 1035 3024 1097 utei
3047 1046 3103 1097 et
3130 1047 3370 1101 terrena
3410 1039 3638 1101 subsint
3669 1048 3725 1101 et

333 1119 562 1202 δούλοις,
621 1120 737 1180 ἀλλ’
814 1122 917 1191 ἤδη
987 1124 1073 1180 καὶ
1116 1121 1445 1199 ὑψηλοτέρου
1492 1123 1694 1199 βαθμοῦ
1737 1121 1958 1187 ἀξιώσας

2097 1122 2360 1184 :mlestia.
2406 1122 2565 1184 Talis
2596 1133 2721 1185 erat
2749 1123 2924 1186 Jesus
2977 1127 3158 1200 Nave,
3192 1127 3322 1189 talis
3377 1126 3561 1190 Elias.
3616 1128 3722 1190 Ille

335 1210 420 1268 ἐπὶ
477 1219 636 1269 πᾶσιν
697 1214 854 1270 αὐτὸν
910 1213 1260 1286 καταστήσει,
1320 1213 1457 1269 ὣστε
1514 1212 1603 1267 καὶ
1658 1212 1723 1269 τὰ
1780 1210 1960 1291 ἐπίγειέ

2095 1211 2226 1272 enim
2258 1213 2393 1287 soli,
2448 1214 2541 1275 hic
2573 1225 2769 1275 autem
2802 1214 3061 1276 nubibus
3111 1216 3245 1278 coeli
3276 1217 3627 1296 imperabat.
3651 1216 3720 1279 Et

334 1300 482 1380 ἔχειν
537 1303 872 1359 ὑπακούοντα
940 1303 1031 1357 καὶ
1077 1302 1143 1358 τὰ
1213 1303 1451 1381 οὒράνια,
1512 1300 1630 1366 οἶος
1687 1300 1898 1368 Ἰησοῦς
1957 1330 1959 1345 ι

2096 1320 2276 1363 ιηιηεε
2329 1303 2681 1383 simpliciter
2737 1307 3020 1383 sancti,ut
3068 1306 3245 1368 amici
3306 1307 3435 1387 Dei,
3473 1308 3566 1368 his
3592 1326 3721 1389 quae

332 1400 425 1449 τοῦ
495 1394 666 1465 Ναυῆ,
740 1396 857 1453 οἷος
928 1388 1135 1464 Ἠλίας,
1211 1393 1239 1446 6
1270 1390 1367 1459 μὲν
1397 1389 1554 1464 ἡλίῳ,
1601 1393 1628 1446 6
1658 1388 1711 1445 δὲ
1738 1390 1949 1471 νεφέλαι

2106 1391 2242 1453 mici
2271 1403 2408 1453 sunt
2442 1401 2714 1453 utuntur.
2754 1395 3102 1455 Communia
3149 1395 3308 1455 enim
3358 1403 3495 1456 sunt
3524 1388 3725 1459 omnia

333 1479 552 1557 ούρανοῦ
608 1479 1000 1553 ἐπιτάττοντες,
1069 1481 1157 1536 καὶ
1207 1487 1400 1543 πάντες
1484 1478 1667 1542 ἁπλῶς
1722 1481 1769 1537 οἱ
1840 1480 1958 1559 ἇίγιο

2093 1480 2423 1545 ιιηίεοι-ιιῐη.
2460 1485 2528 1544 Et
2550 1484 2743 1543 omnis
2773 1483 2873 1564 qui
2906 1482 2966 1543 in
2998 1484 3260 1545 solitaria
3306 1486 3419 1545 vita
3473 1486 3718 1548 activam

334 1570 409 1631 ὡς
468 1575 599 1625 Θεοῦ
657 1567 798 1648 φίλοι
854 1582 972 1633 τοῖς
1027 1576 1121 1626 τοῦ
1150 1567 1302 1649 φίλου
1332 1570 1626 1648 χρώμενοι·
1688 1570 1839 1625 κοινὰ
1884 1571 1959 1647 γὰι

2094 1568 2242 1628 νίιειη
2275 1570 2414 1648 agit,
2450 1578 2509 1632 et
2539 1570 2787 1634 serviles
2809 1571 3177 1645 aﬁ‘ectiones,
3210 1573 3358 1634 iram
3401 1581 3458 1633 et
3492 1593 3719 1635 concu-

333 1659 398 1714 τὰ
454 1660 561 1714 τῶν
618 1658 805 1737 φίλων⁸
878 1660 967 1715 καὶ
1022 1664 1127 1721 πᾶς
1184 1660 1211 1714 6
1269 1658 1367 1725 τὴν
1423 1660 1720 1736 πρακτικὴν
1790 1660 1957 1734 μετιὼ

2091 1658 2443 1738 iiscentiam,
2477 1659 2792 1737 gubernat.
2841 1668 2901 1720 et
2932 1679 3097 1721 suam
3131 1661 3345 1741 cuique
3378 1681 3716 1724 mensuram

334 1748 527 1824 ἀρετὴν
598 1750 654 1803 ἒν
713 1753 790 1821 τῷ
842 1748 1037 1828 ἡσύχῳ
1062 1748 1182 1824 βίῳ,
1228 1749 1406 1804 καὶτὰ
1436 1745 1595 1804 δοῦλα
1623 1748 1789 1827 πάθη,
1821 1750 1959 1822 θυμὸπ

2095 1747 2245 1809 ritici
2278 1748 2339 1808 in
2388 1758 2654 1828 tempore
2689 1748 3013 1829 distribuit,
3066 1751 3215 1809 iram
3249 1750 3488 1831 quidem
3523 1752 3620 1831 ita,
3658 1756 3719 1812 ut

332 1838 421 1893 καὶ
469 1836 766 1913 ἐπιθυμίαν,
829 1839 1147 1916 οἰκονομῶν,
1206 1838 1295 1893 καὶ
1326 1836 1533 1923 ἑκάστῳ
1589 1835 1643 1891 ὲν
1693 1844 1861 1914 καιρῷ
1924 1860 1951 1891 τ

2129 1837 2201 1897 lio
2225 1838 2444 1900 habeat
2474 1839 2609 1900 odio
2634 1839 2920 1900 habentes
2948 1838 3358 1914 Dominum,et
3389 1858 3574 1919 super
3599 1840 3719 1901 ini-

332 1925 664 2004 σιτομέτριον
717 1924 995 2006 παρέχων,
1049 1929 1197 2001 θ’.)μῷ
1255 1926 1373 1999 μὲν,
1429 1910 1565 1982 ὥστε
1638 1939 1818 2001 μισεῖν
1863 1927 1953 1982 τοὺ

2094 1926 2254 1988 nicos
2278 1947 2416 1988 suos
2449 1926 2730 2003 tabescat,
2764 1910 3306 2008 concupiscentiam
3342 1910 3481 1989 vero
3515 1929 3618 2009 ita,
3655 1938 3719 1990 ut

333 2020 616 2090 μισοῦντας
672 2015 764 2070 τὸν
824 2014 1033 2092 Κύριον,
1096 2014 1184 2070 καὶ
1239 2013 1324 2071 ἐπὶ
1379 2027 1496 2076 τοῖς
1556 2014 1770 2094 ἐχθροῖς
1826 2016 1958 2071 αῦτοέ

2089 2016 2469 2077 iecessariam
2503 2017 2699 2079 carnis
2729 2031 2891 2097 gerat
2922 2027 3215 2098 curam,et
3245 2036 3375 2078 eam
3425 2026 3604 2079 totam
3654 2019 3714 2079 in

331 2104 665 2184 ἒκτήκεσθαι,
725 2104 971 2180 ὶπιθυμίᾳ
1027 2102 1107 2178 δὲ,
1167 2102 1305 2160 ὥστε
1336 2105 1585 2183 πρόνοιαν
1643 2108 1740 2172 τῆς
1786 2106 1956 2183 σαρκὸη

2089 2103 2257 2164 )eum
2291 2105 2545 2183 dirigat:
2582 2107 2801 2182 omnis,
2830 2107 3097 2187 inquam,
3135 2106 3265 2168 talis
3299 2108 3509 2167 beatus
3537 2115 3714 2182 est,et

330 2206 508 2250 ποιεῖν
566 2192 876 2272 ἀναγκαίαν,
950 2194 1037 2249 καὶ
1100 2191 1234 2260 ὅλην
1292 2193 1454 2260 αὐτὴν
1498 2195 1629 2267 πρὸς
1663 2194 1793 2248 Θεὸν
1847 2193 1955 2248 ἂνα-

2105 2204 2418 2274 ~sequetur
2448 2195 2625 2256 etiam
2660 2195 3244 2275 contemplationem,
3277 2202 3336 2257 et
3366 2214 3545 2275 super
3578 2191 3730 2256 om?

331 2281 591 2356 πέμπεινο
692 2288 795 2345 πᾶς
873 2282 961 2340 οὖν
1030 2284 1058 2338 6
1114 2290 1352 2346 τοιοῦτος
1412 2282 1693 2361 μακάριος,
1773 2283 1861 2338 καὶ
1914 2279 1956 2337 δὲ

2085 2283 2163 2343 tia
2185 2303 2316 2363 qua:
2338 2283 2575 2345 Domini
2606 2285 2697 2346 sui
2730 2294 2889 2355 sunt,
2925 2284 3710 2363 constituetur,merebitur-

330 2369 652 2436 επιτεύξεται
709 2373 796 2428 καὶ
872 2372 1110 2451 θεωρίας,
1191 2373 1280 2428 καὶ
1352 2372 1437 2428 ἐπὶ
1494 2378 1623 2428 πᾶσι
1676 2384 1793 2434 τοῖς
1886 2394 1955 2429 το·

2086 2391 2179 2453 lue
2206 2374 2659 2453 contemplativo
2690 2374 2861 2436 οι-υιο
2896 2374 3237 2454 perspicere
3261 2384 3576 2455 eteasquaa
3596 2394 3711 2436 non

331 2457 523 2539 Κυρίου
580 2463 878 2541 ὑπάρχουσι
961 2463 1441 2532 κατασταθήσεται,
1517 2462 1689 2517 πάντα
1740 2468 1815 2535 τῷ
1841 2464 1956 2517 θεωι

2088 2463 2293 2543 iroprie
2309 2462 2587 2524 dicuntur
2601 2463 2991 2544 facultates,et
3005 2481 3103 2524 eas
3118 2482 3250 2545 quae
3269 2464 3525 2545 proprie,
3538 2473 3713 2526 aeter-

332 2558 536 2629 ρητικῷ
592 2557 668 2624 νῷ
722 2551 956 2617 ἂξιωθεὶς
1024 2551 1240 2629 βλέπειν
1284 2553 1372 2608 καὶ
1414 2552 1752 2608 ἐπισκοπεῖν⁸
1798 2552 1885 2607 καὶ
1917 2554 1977 2609 οὔ
2062 2569 2166 2611 nas
2198 2551 2352 2614 dico.

334 2639 489 2697 τόνον
511 2643 671 2697 ταῦνα
699 2641 765 2696 τὰ
795 2642 871 2718 μὴ
907 2641 1104 2720 Κυρίως
1135 2641 1470 2722 ὑπάρχοντα,
1516 2639 1654 2696 ἀλλὰ
1683 2642 1771 2697 καὶ
1800 2641 1865 2697 τὰ
1902 2642 2088 2718 κυρίως
2122 2642 2450 2721 ὑπάρχοντα,
2484 2643 2628 2721 λέγω
2670 2641 2735 2709 δὴ
2764 2645 2829 2698 τα
2857 2645 3065 2705 αἰώνια,

418 2748 449 2789 (
484 2727 607 2787 Ἐὰν
666 2728 719 2785 δὲ
791 2728 925 2808 εἴπῃ
981 2733 1009 2787 6
1066 2728 1247 2796 δοῦλος
1314 2734 1521 2793 ὶκεῖνος
1578 2730 1631 2786 έν
1700 2735 1767 2807 τῇ
1796 2727 1978 2810 καρδίᾳ

2143 2729 2323 2795 Vens.
2359 2732 2461 2812 45,
2485 2732 2583 2794 46.
2625 2731 2826 2803 «Ουοά
2858 2731 2908 2792 si
2934 2749 3137 2792 servus
3168 2731 3265 2792 ille
3297 2732 3355 2792 in
3389 2732 3570 2793 corde
3602 2750 3709 2793 suo

334 2819 513 2875 αὐτοῦ’
589 2821 825 2899 Χρονίζει
898 2823 927 2877 6
991 2821 1177 2900 Κύριός
1235 2842 1338 2895 μου
1391 2819 1585 2893 ἐλθεῖν,
1644 2821 1732 2876 καὶ
1761 2818 1955 2896 ἄρξητα

2080 2819 2517 2882 lixerit:Diﬁ‘ert
2540 2815 2822 2881 Dominus
2856 2839 3021 2880 meus
3051 2820 3705 2902 reditum.caaperitque

332 2909 547 2964 τὺπτειν
602 2909 722 2974 τοὺς
778 2908 977 2973 παῖδας
1034 2912 1123 2966 καὶ
1192 2910 1287 2973 τὰς
1333 2906 1635 2988 παιδίσκας,
1693 2908 1880 2963 ἐσθίειν
1922 2929 1949 2963 τ

2085 2918 2380 2970 iercutere
2412 2927 2612 2970 servos
2645 2917 2702 2969 et
2734 2908 3069 2985 ancillas,et
3092 2910 3272 2971 edere
3296 2909 3710 2990 bibereque,et

330 3004 418 3054 καί
474 2999 664 3077 πίνειν,
721 3000 809 3054 καὶ
861 3000 1231 3078 μεθύσκεσθαι,
1300 2997 1413 3066 ἣξει
1475 3000 1502 3053 6
1532 3000 1705 3075 κύριος
1737 3003 1829 3053 τοῦ
1857 2995 1955 3052 δού·

2080 2996 2347 3059 nebriari
2383 3020 2396 3059 :
2434 2999 2593 3061 venit
2622 2998 2898 3059 dominus
2950 2999 3105 3059 servi
3147 2999 3306 3059 illius
3357 3000 3418 3059 in
3461 3000 3558 3059 die
3590 3018 3705 3079 quo

331 3084 425 3143 λου
495 3086 693 3144 ἐκείνου
745 3088 799 3143 ὲν
867 3088 1041 3165 ἡμέρᾳ
1083 3087 1209 3164 ﬁo")
1236 3085 1523 3166 προσδοκᾷ,
1563 3088 1652 3143 καὶ
1683 3086 1738 3142 ἐν
1790 3086 1900 3165 ὥρᾳ
1942 3086 1956 3141 ἶ

2077 3107 2182 3148 non
2213 3097 2430 3167 sperat,
2458 3096 2513 3149 et
2539 3089 2684 3149 hora
2714 3106 2826 3168 qua
2858 3087 3070 3166 nescit,
3105 3087 3513 3151 et'dissecabit
3541 3106 3702 3161 eum,

334 3180 394 3235 οῦ
443 3177 714 3255 γινώσκει,
786 3179 874 3234 καὶ
931 3175 1283 3258 διχοτομήσει
1358 3178 1541 3251 αὐτὸν,
1597 3176 1771 3232 καὶτὸ
1823 3175 1959 3253 μέρο

2084 3184 2409 3257 iartemque
2452 3178 2585 3257 ejus
2641 3194 2773 3239 cum
2826 3177 3028 3237 inﬁdis
3078 3187 3278 3258 ponet.
3311 3203 3339 3233 ι
3374 3176 3476 3240 ναξ
3497 3176 3709 3239 talibus

334 3268 489 3324 αὐτοῦ
544 3268 681 3342 μετὰ
736 3273 841 3323 τῶν
906 3268 1141 3324 ἀπίστων
1198 3268 1371 3337 θήσει.
1425 3288 1448 3324 ε
1487 3266 1616 3323 Οὐαὶ
1642 3278 1759 3331 τοῖς
1801 3266 1959 3322 τοιού

2083 3266 2277 3341 servis,
2312 3267 2413 3347 qui
2435 3267 2657 3329 donum
2688 3266 3011 3346 spiritualis
3034 3267 3429 3347 praasidentiaa
3452 3284 3708 3348 accepe-

334 3375 446 3418 τοις
505 3353 731 3433 δούλοις,
788 3355 843 3413 οἵ
940 3358 1182 3437 χάρισμα
1276 3353 1529 3419 λαϐόντες
1620 3359 1959 3430 πνευματικῆη

2086 3364 2293 3431 'unt,et
2313 3356 2816 3436 dispensationem
2848 3357 2959 3418 sibi
2984 3357 3363 3420 commissam
3386 3357 3711 3419 inﬁdeliter

334 3446 666 3519 ὶπιστασίας,
732 3444 1080 3525 διαφθείρουσι
1136 3445 1238 3514 τὴν
1321 3444 1759 3521 ἐμπιστευθεῖσαν
1803 3448 1957 3503 αὒτοῖ

2080 3455 2301 3526 gerunt,
2328 3456 2385 3508 et
2422 3446 2631 3508 bibunt
2659 3465 2727 3508 ac
2752 3447 3120 3508 inebriantur
3162 3469 3174 3505 :
3209 3448 3331 3509 sive
3362 3447 3705 3510 ebrietatem

338 3535 666 3615 οἰκονομίαν,
727 3537 815 3591 καὶ
871 3536 1078 3593 πίνουσι
1134 3536 1254 3612 μὲν,
1314 3535 1404 3591 καὶ
1474 3534 1844 3608 μεθύσκονται,
1876 3533 1958 3588 εἴτ

2086 3535 2436 3597 ;εηεὶὺί1ἱιοι’
2464 3538 2796 3615 intelligere
2825 3537 3081 3599 volueris
3117 3558 3129 3599 :
3155 3537 3441 3616 contingit
3470 3537 3626 3599 enim
3654 3543 3711 3598 et

334 3624 597 3691 αἰσθητῶς
659 3626 822 3681 ταῦτα
903 3623 1123 3702 βούλοιο
1197 3637 1367 3682 νοεῖν·
1443 3620 1714 3699 σομϐαίνει
1744 3624 1843 3702 γὰρ
1902 3644 1959 3677 κα

2085 3644 2182 3685 :ioc
2216 3625 2385 3686 malis
2410 3626 2805 3688 Ecclesiarum
2837 3624 3207 3705 praesidibus,
3233 3629 3372 3689 379
3402 3630 3501 3708 qui
3552 3627 3710 3688 deli-

335 3714 491 3769 τοῦτο
543 3726 662 3777 τοῖς
743 3726 934 3779 κακοῖς
993 3721 1098 3770 τῶν
1128 3712 1466 3781 Ἐκκλησιὼν
1520 3713 1772 3791 ἡγεμόσι,
1815 3733 1960 3768 καται

2091 3714 2231 3776 :iose
2254 3714 2457 3776 vivunt
2498 3716 2571 3777 de
2603 3715 2772 3777 bonis
2805 3732 3129 3797 pauperum
3168 3736 3180 3775 :
3216 3717 3341 3777 sive
3398 3717 3575 3779 etiam
3610 3733 3716 3796 per

338 3799 649 3859 σπαταλῶσι
701 3807 808 3859 τῶν
867 3808 1165 3881 πτωχικῶν
1193 3803 1516 3882 χρημάτων⁸
1550 3801 1662 3858 εἴτε
1704 3801 1794 3857 καὶ
1824 3800 1963 3876 μέθη

2087 3802 2417 3865 abrietatem
2451 3804 2783 3884 intelligere
2816 3805 3002 3885 placet
3034 3806 3473 3884 perversionem
3530 3812 3712 3865 status

339 3903 479 3948 νοεῖν
545 3890 715 3955 θέλεις
786 3892 885 3959 τὴν
915 3893 1224 3972 παραφορὰν
1255 3900 1346 3948 τοῦ
1402 3890 1515 3971 νοῦ,
1549 3892 1635 3947 καὶ
1664 3889 1719 3945 ἐν
1761 3888 1964 3968 δόγμασ

2088 3896 2288 3958 uentis
2313 3897 2605 3976 perfalsas
2626 3896 3325 3976 doctrinas,velamorem
3351 3895 3713 3959 divitiarum.

335 3981 424 4036 καὶ
480 3979 533 4036 ἰν
603 3981 873 4060 χρήμασι.
930 3981 1194 4037 Τύπτουσι
1231 3979 1285 4036 δὲ
1317 3982 1365 4036 οἱ
1407 3986 1636 4037 τοιοῦτοι
1692 3979 1960 4057 προστάται

2085 3985 2400 4048 Verberant
2429 3988 2587 4047 enim
2624 3986 2769 4048 tales
2800 3985 3087 4067 praesides
3116 4002 3323 4047 servos
3355 3994 3415 4046 et
3442 3984 3710 4059 ancillas,

334 4070 457 4133 τοὺς
515 4068 712 4133 παῖδας
794 4071 883 4127 καὶ
914 4070 1008 4133 τὰς
1038 4066 1341 4149 παιδίσκας,
1373 4070 1511 4149 φημὶ
1543 4066 1632 4142 δὴ,
1666 4069 1791 4130 τοὺς
1834 4066 1889 4122 έν
1918 4073 1959 4122 τέ

2087 4094 2183 4136 ioc
2213 4083 2321 4151 est,
2356 4076 2715 4139 oﬁ‘endiculo
2759 4084 2899 4138 sunt
2947 4074 3375 4137 inﬁrmioribus
3403 4074 3712 4149 Ecclesiae,

338 4156 631 4231 Ἐκκλησίᾳ
727 4158 1122 4238 ἀσθενεστέρους
1217 4156 1673 4245 σκανδαλίζοντες,
1756 4157 1963 4214 τύπτου⁴

2092 4182 2319 4244 [uorum
2348 4166 2682 4245 percutiunt
2711 4164 3161 4228 conscientiam.
3186 4163 3418 4226 Etenim
3443 4164 3717 4226 inﬁrmus

339 4269 422 4303 σιν
478 4247 650 4305 αὐτῶν
718 4248 816 4315 τὴν
875 4246 1191 4315 συνείδησιν.
1254 4238 1310 4305 Ὀ
1378 4248 1478 4325 γὰρ
1510 4245 1733 4313 ἀσθενὴς
1763 4246 1850 4302 καὶ
1891 4268 1964 4321 μι-

2092 4238 2132 4315 Et
2154 4238 2568 4335 pusillanimis,
2589 4274 2724 4316 cum
2774 4255 2990 4316 viderit
3025 4272 3117 4314 me
3151 4254 3495 4334 episcopum
3532 4252 3717 4314 vitam

338 4337 612 4418 κρόψυχος
660 4336 782 4397 ἰδὼν
853 4338 949 4414 ἐμὲ
1002 4339 1095 4394 τὸν
1178 4336 1432 4418 ἀρχιερέα
1461 4342 1640 4399 κακῶς
1683 4333 1963 4441 διεξάγοντε

2095 4333 2222 4404 nale
2253 4344 2946 4425 transigere,percutitur
2966 4333 3329 4405 conscientia
3358 4343 3640 4419 oﬁ'ensus,
3661 4356 3720 4408 et

337 4427 436 4494 τὴν
488 4427 658 4502 ζωὴν,
715 4428 964 4484 τύπτεται
1029 4428 1126 4495 τὴν
1215 4425 1509 4492 συνείδησιν
1573 4422 1962 4500 σκανδαλιζόμει

2089 4434 2295 4511 ilagam
2339 4434 2556 4514 accipit
2594 4422 2659 4494 in
2704 4434 2906 4513 corde,
2969 4433 3149 4513 ﬁtque
3198 4432 3511 4494 inﬁrmior.
3577 4432 3714 4493 Haec

339 4538 449 4591 νος,
510 4518 598 4573 καὶ
648 4516 861 4597 πληγὰς
921 4515 1136 4597 δέχεται
1195 4516 1250 4572 ἐν
1305 4521 1373 4592 τῇ
1422 4513 1628 4595 καρδίᾳ,
1660 4516 1748 4603 καὶ
1779 4514 1960 4571 ἀσθενέ

2090 4531 2263 4584 tutem
2311 4513 2511 4583 omnia
2544 4521 3129 4601 continguntinﬁdeli
3160 4539 3328 4582 servo
3360 4539 3435 4582 ex
3465 4539 3535 4583 eo
3558 4520 3715 4603 quod

340 4627 521 4687 στερος
597 4608 819 4686 γίνεται.
900 4614 1075 4665 Ταῦτα
1150 4604 1204 4661 δὲ
1302 4606 1475 4663 πάντα
1528 4600 1829 4691 ,συμϐαίνει
1912 4609 1965 4675 τᾷ

2095 4610 2251 4673 licit:
2283 4600 2781 4674 Diﬁ'ertdomiuus
2808 4628 2976 4671 meus
3003 4611 3259 4672 reditum
3297 4631 3309 4673 :
3344 4628 3462 4691 pra;
3492 4600 3720 4687 ignavia

338 4686 556 4775 πονηρῷ
612 4696 781 4771 δούλῳ
829 4699 891 4753 ὲκ
941 4703 1034 4754 τοῦ
1106 4698 1302 4771 εἰπεῖν,
1362 4694 1462 4773 ὅτι,
1528 4686 1584 4751 Ὀ
1646 4691 1831 4771 Κύριός
1889 4715 1963 4769 μοι

2093 4700 2233 4761 enim
2259 4700 2372 4762 hoc
2393 4700 2554 4776 facit,
2590 4719 2707 4762 non
2741 4699 3009 4777 cogitans
3055 4700 3259 4761 horam
3307 4686 3531 4759 mortis:
3568 4699 3718 4761 Nam

339 4788 571 4866 χρονίζει
627 4785 825 4843 ἐλθεῖν·
886 4786 993 4843 ἀπὸ
1049 4784 1299 4864 ῥᾳθυμίας
1377 4787 1501 4863 γὰρ,
1586 4784 1673 4839 καὶ
1750 4789 1844 4839 τοῦ
1912 4785 1964 4857 μὲ

2095 4789 2125 4850 si
2147 4790 2542 4869 cogitaremus
2570 4798 2881 4852 venturum
2918 4790 3257 4869 Dominum,
3293 4799 3351 4851 et
3386 4788 3445 4850 in
3496 4788 3720 4849 foribus

337 4878 671 4952 ὶνθυμεῖσθαι
729 4876 828 4943 τὴν
886 4875 1025 4946 ὥραν
1076 4875 1174 4943 τῆς
1231 4873 1505 4950 τελευτῆς,
1559 4874 1625 4929 τὰ
1666 4871 1882 4929 τοιαῦτα
1904 4873 1962 4951 γίι

2095 4882 2255 4943 inem
2286 4888 2343 4941 et
2364 4879 2936 4943 consummationem
2958 4879 3090 4939 vita:
3110 4888 3329 4939 nostrae
3360 4878 3720 4959 esse,minus

342 4988 541 5028 νονται.
604 4967 659 5023 Εἰ
731 4967 832 5044 γὰρ
888 4964 1221 5040 ἐνενοοῦμεν,
1283 4964 1362 5021 ὅτι
1394 4963 1509 5032 ἥκει
1568 4965 1596 5019 6
1644 4963 1850 5042 Κύριος,
1905 4984 1967 5017 κα

2125 4971 2277 5052 tique
2325 4987 2729 5047 peccaremus.
2762 4966 2980 5030 Verum
3033 4966 3164 5027 vide
3222 4975 3279 5028 et
3337 4967 3713 5048 supplicium.

340 5055 426 5112 ἐπὶ
482 5055 708 5134 θύραιςή
740 5053 961 5121 τελευτὴ
1022 5055 1110 5111 καὶ
1168 5052 1439 5114 συντέλεια
1509 5058 1608 5119 τῆς
1638 5056 1780 5122 ζωῆς
1809 5055 1963 5126 ἡμῶν

2092 5059 2423 5139 )issecabit,
2461 5058 2674 5139 inquit,
2708 5058 2902 5131 illum,
2937 5059 3049 5119 hoc
3080 5066 3190 5125 est.
3246 5057 3496 5137 privabit
3552 5056 3717 5118 illum

339 5150 501 5215 ἦττον
551 5144 611 5202 ἂν
664 5145 1061 5223 ἡμαρτάνομεν,
1139 5141 1290 5203 Ἀλλ’
1348 5144 1445 5223 ὅρα
1502 5145 1589 5199 καὶ
1658 5141 1757 5208 τὴν
1812 5163 1964 5215 τιμω·

2139 5149 2327 5213 ιοειιᾶὶ
2356 5154 2558 5229 gratia.
2587 5147 2671 5210 Ne
2700 5147 2833 5229 quis
2863 5148 3022 5209 enim
3058 5154 3219 5227 putet
3248 5147 3404 5228 quod
3438 5146 3552 5228 ipsi
3570 5164 3719 5211 con-
3758 5204 3764 5205 ,

342 5237 477 5313 ρίαν.
556 5236 946 5315 Διχοτομήσει,
981 5235 1164 5314 φησὶν,
1198 5236 1374 5306 αὐτὸν,
1422 5231 1685 5310 τουτέστι,
1745 5230 1967 5305 στερήσε

2094 5241 2221 5301 'erat
2246 5238 2465 5299 donum
2486 5236 2557 5297 ad
2585 5238 2698 5298 hoc
2720 5254 2795 5297 ne
2820 5235 3058 5314 gravius
3081 5232 3719 5315 puniatur.Quomodo,

341 5312 435 5382 τοῦ
504 5312 837 5407 χαρίσματος
895 5312 1005 5381 τοῦ
1043 5320 1441 5385 διδασκαλικοῦ.
1506 5312 1631 5379 ιἸνα
1661 5319 1761 5398 γὰρ
1798 5318 1876 5392 μὴ
1909 5342 1966 5375 τι.

2098 5326 2287 5407 nquit,
2322 5325 2590 5388 conferat
2619 5326 2673 5386 ei
2706 5312 2925 5386 donum
2958 5312 3099 5386 cum
3122 5322 3225 5384 illo
3260 5341 3415 5407 nunc
3468 5321 3723 5384 nudatus

343 5405 543 5493 vopla'q
605 5413 689 5472 ὅτι
735 5410 1089 5490 συμϐαλεῖται
1159 5414 1302 5486 αὖτῷ
1331 5414 1393 5470 τὸ
1447 5410 1713 5492 χάρισμα,
1745 5408 1877 5487 πρὸς
1926 5413 1968 5466 τὲ

2129 5405 2728 5477 .veniatur?dissecari
2753 5414 2910 5476 enim
2945 5413 3241 5493 signiﬁcat
3267 5405 3453 5493 gratia
3481 5410 3720 5493 privari.
3748 5472 3754 5478 ,

344 5505 422 5582 μή
484 5502 829 5585 σφοδρότερον
916 5500 1265 5583 κολασθῆναι,
1350 5508 1494 5578 Πῶς,
1556 5500 1706 5581 φησὶ,
1781 5496 1969 5573 συμϐαε

2097 5503 2389 5567 Enimvero
2422 5504 2525 5565 ille
2556 5511 2695 5566 tunc
2721 5503 3080 5565 miserabilis
3108 5500 3424 5577 invenitur,
3459 5501 3616 5584 quod
3648 5500 3722 5562 sit

342 5598 517 5653 λεῖται
604 5596 744 5652 αὐτῶ
800 5595 861 5651 τὸ
918 5592 1182 5673 χάρισμα,
1240 5592 1372 5653 ὅπου
1435 5614 1493 5670 γε
1549 5590 1745 5669 γυμνὸς
1802 5592 1967 5649 τούτοι

2090 5610 2205 5655 :aro
2243 5600 2300 5653 et
2334 5609 2452 5654 non
2485 5592 2749 5672 spiritus,
2779 5593 2915 5673 quia
2966 5600 3104 5653 tunc
3152 5608 3355 5652 sumus
3398 5592 3455 5667 in
3485 5591 3715 5672 spiritu,
