  <div class='ocr_page' id='page_1' title='image "/cluster/home/n/w/nwhite01/storage/ocr_20150623/123/hvd.32044073502445/479.png"; bbox 0 0 4116 6212; ppageno 0'>
   <div class='ocr_carea' id='block_1_1' title="bbox 404 305 520 371">
    <p class='ocr_par' dir='ltr' id='par_1_1' title="bbox 404 305 520 371">
     <span class='ocr_line' id='line_1_1' title="bbox 404 305 520 371; baseline 0.009 -1"><span class='ocrx_word' id='word_1_1' title='bbox 404 305 520 371; x_wconf 77' lang='lat'><strong>903</strong></span> 
     </span>
    </p>
   </div>
   <div class='ocr_carea' id='block_1_2' title="bbox 404 438 2090 522">
    <p class='ocr_par' dir='ltr' id='par_1_2' title="bbox 404 438 2090 522">
     <span class='ocr_line' id='line_1_2' title="bbox 404 438 2090 522; baseline -0.007 -17"><span class='ocrx_word' id='word_1_2' title='bbox 404 444 731 505; x_wconf 79' lang='lat' dir='ltr'><strong>secundum</strong></span> <span class='ocrx_word' id='word_1_3' title='bbox 766 440 1379 522; x_wconf 82' lang='lat' dir='ltr'><strong>Apostolum,quando</strong></span> <span class='ocrx_word' id='word_1_4' title='bbox 1400 439 1655 520; x_wconf 78' lang='lat' dir='ltr'><strong>Spiritus</strong></span> <span class='ocrx_word' id='word_1_5' title='bbox 1688 442 1793 504; x_wconf 88' lang='lat' dir='ltr'><strong>Dei</strong></span> <span class='ocrx_word' id='word_1_6' title='bbox 1825 438 2090 501; x_wconf 64' lang='lat' dir='ltr'><strong>habitat:</strong></span> 
     </span>
    </p>
   </div>
   <div class='ocr_carea' id='block_1_3' title="bbox 405 525 2050 610">
    <p class='ocr_par' dir='ltr' id='par_1_3' title="bbox 405 525 2050 610">
     <span class='ocr_line' id='line_1_3' title="bbox 405 525 2050 610; baseline -0.004 -18"><span class='ocrx_word' id='word_1_7' title='bbox 405 534 461 592; x_wconf 90' lang='lat' dir='ltr'><strong>in</strong></span> <span class='ocrx_word' id='word_1_8' title='bbox 495 532 669 593; x_wconf 84' lang='lat' dir='ltr'><strong>nobis</strong></span> <span class='ocrx_word' id='word_1_9' title='bbox 696 531 780 594; x_wconf 76' lang='lat'><strong>59.</strong></span> <span class='ocrx_word' id='word_1_10' title='bbox 816 530 926 604; x_wconf 90' lang='lat' dir='ltr'><strong>Qui</strong></span> <span class='ocrx_word' id='word_1_11' title='bbox 958 542 1154 592; x_wconf 90' lang='lat' dir='ltr'><strong>autem</strong></span> <span class='ocrx_word' id='word_1_12' title='bbox 1190 548 1308 591; x_wconf 90' lang='lat' dir='ltr'><strong>non</strong></span> <span class='ocrx_word' id='word_1_13' title='bbox 1361 529 1622 591; x_wconf 83' lang='lat' dir='ltr'><strong>ambulat</strong></span> <span class='ocrx_word' id='word_1_14' title='bbox 1674 530 1910 610; x_wconf 87' lang='lat' dir='ltr'><strong>spiritu,</strong></span> <span class='ocrx_word' id='word_1_15' title='bbox 1945 525 2050 588; x_wconf 91' lang='lat' dir='ltr'><strong>sed</strong></span> 
     </span>
    </p>
   </div>
   <div class='ocr_carea' id='block_1_4' title="bbox 400 616 2051 700">
    <p class='ocr_par' dir='ltr' id='par_1_4' title="bbox 400 616 2051 700">
     <span class='ocr_line' id='line_1_4' title="bbox 400 616 2051 700; baseline -0.003 -17"><span class='ocrx_word' id='word_1_16' title='bbox 400 622 459 683; x_wconf 90' lang='lat' dir='ltr'><strong>in</strong></span> <span class='ocrx_word' id='word_1_17' title='bbox 493 640 675 684; x_wconf 85' lang='lat' dir='ltr'><strong>carne</strong></span> <span class='ocrx_word' id='word_1_18' title='bbox 712 629 824 694; x_wconf 89' lang='lat' dir='ltr'><strong>est,</strong></span> <span class='ocrx_word' id='word_1_19' title='bbox 872 630 928 682; x_wconf 92' lang='lat' dir='ltr'><strong>et</strong></span> <span class='ocrx_word' id='word_1_20' title='bbox 952 638 1167 700; x_wconf 84' lang='lat' dir='ltr'><strong>expers</strong></span> <span class='ocrx_word' id='word_1_21' title='bbox 1197 620 1469 680; x_wconf 89' lang='lat' dir='ltr'><strong>inventus</strong></span> <span class='ocrx_word' id='word_1_22' title='bbox 1502 618 1679 680; x_wconf 87' lang='lat' dir='ltr'><strong>fuerit</strong></span> <span class='ocrx_word' id='word_1_23' title='bbox 1707 619 1837 679; x_wconf 71' lang='lat' dir='ltr'><strong>vitm</strong></span> <span class='ocrx_word' id='word_1_24' title='bbox 1869 616 2051 699; x_wconf 91' lang='lat' dir='ltr'><strong>spiri-</strong></span> 
     </span>
    </p>
   </div>
   <div class='ocr_carea' id='block_1_5' title="bbox 402 708 2051 787">
    <p class='ocr_par' dir='ltr' id='par_1_5' title="bbox 402 708 2051 787">
     <span class='ocr_line' id='line_1_5' title="bbox 402 708 2051 787; baseline -0.004 -16"><span class='ocrx_word' id='word_1_25' title='bbox 402 709 601 783; x_wconf 88' lang='lat' dir='ltr'><strong>tualis,</strong></span> <span class='ocrx_word' id='word_1_26' title='bbox 633 730 766 771; x_wconf 92' lang='lat' dir='ltr'><strong>cum</strong></span> <span class='ocrx_word' id='word_1_27' title='bbox 802 709 1131 771; x_wconf 87' lang='lat' dir='ltr'><strong>incredulis</strong></span> <span class='ocrx_word' id='word_1_28' title='bbox 1161 708 1493 781; x_wconf 85' lang='lat' dir='ltr'><strong>ordinatur,</strong></span> <span class='ocrx_word' id='word_1_29' title='bbox 1552 716 1755 787; x_wconf 85' lang='lat' dir='ltr'><strong>utpote</strong></span> <span class='ocrx_word' id='word_1_30' title='bbox 1787 708 1886 787; x_wconf 86' lang='lat' dir='ltr'><strong>qui</strong></span> <span class='ocrx_word' id='word_1_31' title='bbox 1919 724 2051 768; x_wconf 92' lang='lat' dir='ltr'><strong>cum</strong></span> 
     </span>
    </p>
   </div>
   <div class='ocr_carea' id='block_1_6' title="bbox 402 794 2058 877">
    <p class='ocr_par' dir='ltr' id='par_1_6' title="bbox 402 794 2058 877">
     <span class='ocr_line' id='line_1_6' title="bbox 402 794 2058 877; baseline -0.003 -17"><span class='ocrx_word' id='word_1_32' title='bbox 402 799 711 860; x_wconf 88' lang='lat' dir='ltr'><strong>incredulo</strong></span> <span class='ocrx_word' id='word_1_33' title='bbox 749 801 969 859; x_wconf 88' lang='lat' dir='ltr'><strong>mundo</strong></span> <span class='ocrx_word' id='word_1_34' title='bbox 1002 797 1746 877; x_wconf 79' lang='lat' dir='ltr'><strong>condemnaturzquoniam</strong></span> <span class='ocrx_word' id='word_1_35' title='bbox 1783 796 1927 857; x_wconf 85' lang='lat' dir='ltr'><strong>nihil</strong></span> <span class='ocrx_word' id='word_1_36' title='bbox 1946 794 2058 856; x_wconf 91' lang='lat' dir='ltr'><strong>uti-</strong></span> 
     </span>
    </p>
   </div>
   <div class='ocr_carea' id='block_1_7' title="bbox 405 884 2056 968">
    <p class='ocr_par' dir='ltr' id='par_1_7' title="bbox 405 884 2056 968">
     <span class='ocr_line' id='line_1_7' title="bbox 405 884 2056 968; baseline -0.003 -19"><span class='ocrx_word' id='word_1_37' title='bbox 405 888 585 950; x_wconf 90' lang='lat' dir='ltr'><strong>litatis</strong></span> <span class='ocrx_word' id='word_1_38' title='bbox 608 888 679 949; x_wconf 91' lang='lat' dir='ltr'><strong>ab</strong></span> <span class='ocrx_word' id='word_1_39' title='bbox 711 896 1036 968; x_wconf 91' lang='lat' dir='ltr'><strong>apparente</strong></span> <span class='ocrx_word' id='word_1_40' title='bbox 1068 886 1183 947; x_wconf 91' lang='lat' dir='ltr'><strong>ﬁde</strong></span> <span class='ocrx_word' id='word_1_41' title='bbox 1218 885 1488 966; x_wconf 84' lang='lat' dir='ltr'><strong>percipit.</strong></span> <span class='ocrx_word' id='word_1_42' title='bbox 1531 884 1681 947; x_wconf 87' lang='lat' dir='ltr'><strong>Vera</strong></span> <span class='ocrx_word' id='word_1_43' title='bbox 1713 886 1871 945; x_wconf 91' lang='lat' dir='ltr'><strong>enim</strong></span> <span class='ocrx_word' id='word_1_44' title='bbox 1908 884 2056 945; x_wconf 89' lang='lat' dir='ltr'><strong>ﬁdes</strong></span> 
     </span>
    </p>
   </div>
   <div class='ocr_carea' id='block_1_8' title="bbox 404 972 2052 1058">
    <p class='ocr_par' dir='ltr' id='par_1_8' title="bbox 404 972 2052 1058">
     <span class='ocr_line' id='line_1_8' title="bbox 404 972 2052 1058; baseline -0.003 -20"><span class='ocrx_word' id='word_1_45' title='bbox 404 980 461 1038; x_wconf 92' lang='lat' dir='ltr'><strong>in</strong></span> <span class='ocrx_word' id='word_1_46' title='bbox 484 978 608 1058; x_wconf 87' lang='lat' dir='ltr'><strong>ipso</strong></span> <span class='ocrx_word' id='word_1_47' title='bbox 645 996 759 1039; x_wconf 92' lang='lat' dir='ltr'><strong>non</strong></span> <span class='ocrx_word' id='word_1_48' title='bbox 791 977 921 1040; x_wconf 90' lang='lat' dir='ltr'><strong>fuit.</strong></span> <span class='ocrx_word' id='word_1_49' title='bbox 969 980 1119 1039; x_wconf 82' lang='lat' dir='ltr'><strong>Nam</strong></span> <span class='ocrx_word' id='word_1_50' title='bbox 1159 978 1204 1037; x_wconf 84' lang='lat' dir='ltr'><strong>si</strong></span> <span class='ocrx_word' id='word_1_51' title='bbox 1240 975 1298 1036; x_wconf 91' lang='lat' dir='ltr'><strong>in</strong></span> <span class='ocrx_word' id='word_1_52' title='bbox 1332 993 1401 1035; x_wconf 91' lang='lat' dir='ltr'><strong>eo</strong></span> <span class='ocrx_word' id='word_1_53' title='bbox 1459 973 1666 1035; x_wconf 84' lang='lat' dir='ltr'><strong>fuisset</strong></span> <span class='ocrx_word' id='word_1_54' title='bbox 1708 993 1845 1035; x_wconf 87' lang='lat' dir='ltr'><strong>vera</strong></span> <span class='ocrx_word' id='word_1_55' title='bbox 1878 972 2052 1053; x_wconf 86' lang='lat' dir='ltr'><strong>ﬁdes,</strong></span> 
     </span>
    </p>
   </div>
   <div class='ocr_carea' id='block_1_9' title="bbox 400 1060 2055 1147">
    <p class='ocr_par' dir='ltr' id='par_1_9' title="bbox 400 1060 2055 1147">
     <span class='ocr_line' id='line_1_9' title="bbox 400 1060 2055 1147; baseline -0.003 -20"><span class='ocrx_word' id='word_1_56' title='bbox 400 1065 776 1147; x_wconf 82' lang='lat' dir='ltr'><strong>dispensator</strong></span> <span class='ocrx_word' id='word_1_57' title='bbox 810 1064 1003 1127; x_wconf 84' lang='lat' dir='ltr'><strong>ﬁdelis</strong></span> <span class='ocrx_word' id='word_1_58' title='bbox 1034 1065 1245 1125; x_wconf 80' lang='lat' dir='ltr'><strong>fuisset</strong></span> <span class='ocrx_word' id='word_1_59' title='bbox 1301 1060 1519 1125; x_wconf 86' lang='lat' dir='ltr'><strong>Verum</strong></span> <span class='ocrx_word' id='word_1_60' title='bbox 1554 1081 1712 1123; x_wconf 88' lang='lat' dir='ltr'><strong>nunc</strong></span> <span class='ocrx_word' id='word_1_61' title='bbox 1772 1061 1911 1142; x_wconf 92' lang='lat' dir='ltr'><strong>quia</strong></span> <span class='ocrx_word' id='word_1_62' title='bbox 1959 1060 2055 1122; x_wconf 84' lang='lat' dir='ltr'><strong>bi-</strong></span> 
     </span>
    </p>
   </div>
   <div class='ocr_carea' id='block_1_10' title="bbox 399 1151 2053 1226">
    <p class='ocr_par' dir='ltr' id='par_1_10' title="bbox 399 1151 2053 1226">
     <span class='ocr_line' id='line_1_10' title="bbox 399 1151 2053 1226; baseline -0.004 -8"><span class='ocrx_word' id='word_1_63' title='bbox 399 1154 549 1218; x_wconf 85' lang='lat' dir='ltr'><strong>bens</strong></span> <span class='ocrx_word' id='word_1_64' title='bbox 582 1164 638 1215; x_wconf 90' lang='lat' dir='ltr'><strong>et</strong></span> <span class='ocrx_word' id='word_1_65' title='bbox 670 1173 734 1216; x_wconf 88' lang='lat' dir='ltr'><strong>se</strong></span> <span class='ocrx_word' id='word_1_66' title='bbox 762 1153 1068 1216; x_wconf 84' lang='lat' dir='ltr'><strong>inebrians</strong></span> <span class='ocrx_word' id='word_1_67' title='bbox 1101 1154 1232 1226; x_wconf 80' lang='lat' dir='ltr'><strong>fuit,</strong></span> <span class='ocrx_word' id='word_1_68' title='bbox 1270 1162 1326 1213; x_wconf 90' lang='lat' dir='ltr'><strong>et</strong></span> <span class='ocrx_word' id='word_1_69' title='bbox 1356 1170 1453 1213; x_wconf 91' lang='lat' dir='ltr'><strong>res</strong></span> <span class='ocrx_word' id='word_1_70' title='bbox 1487 1151 1725 1214; x_wconf 90' lang='lat' dir='ltr'><strong>Domini</strong></span> <span class='ocrx_word' id='word_1_71' title='bbox 1776 1169 2053 1212; x_wconf 91' lang='lat' dir='ltr'><strong>corrum-</strong></span> 
     </span>
    </p>
   </div>
   <div class='ocr_carea' id='block_1_11' title="bbox 405 1238 2057 1324">
    <p class='ocr_par' dir='ltr' id='par_1_11' title="bbox 405 1238 2057 1324">
     <span class='ocr_line' id='line_1_11' title="bbox 405 1238 2057 1324; baseline -0.003 -19"><span class='ocrx_word' id='word_1_72' title='bbox 405 1262 577 1324; x_wconf 86' lang='lat' dir='ltr'><strong>pens,</strong></span> <span class='ocrx_word' id='word_1_73' title='bbox 612 1242 788 1303; x_wconf 89' lang='lat' dir='ltr'><strong>ﬁdem</strong></span> <span class='ocrx_word' id='word_1_74' title='bbox 812 1262 1008 1303; x_wconf 81' lang='lat' dir='ltr'><strong>veram</strong></span> <span class='ocrx_word' id='word_1_75' title='bbox 1050 1260 1163 1303; x_wconf 91' lang='lat' dir='ltr'><strong>non</strong></span> <span class='ocrx_word' id='word_1_76' title='bbox 1197 1241 1424 1316; x_wconf 88' lang='lat' dir='ltr'><strong>habuit,</strong></span> <span class='ocrx_word' id='word_1_77' title='bbox 1454 1260 1583 1320; x_wconf 86' lang='lat' dir='ltr'><strong>quae</strong></span> <span class='ocrx_word' id='word_1_78' title='bbox 1616 1239 1874 1319; x_wconf 86' lang='lat' dir='ltr'><strong>exigitur</strong></span> <span class='ocrx_word' id='word_1_79' title='bbox 1893 1238 2057 1302; x_wconf 85' lang='lat' dir='ltr'><strong>adis-</strong></span> 
     </span>
    </p>
   </div>
   <div class='ocr_carea' id='block_1_12' title="bbox 403 1329 2058 1411">
    <p class='ocr_par' dir='ltr' id='par_1_12' title="bbox 403 1329 2058 1411">
     <span class='ocr_line' id='line_1_12' title="bbox 403 1329 2058 1411; baseline -0.004 -16"><span class='ocrx_word' id='word_1_80' title='bbox 403 1332 818 1411; x_wconf 80' lang='lat' dir='ltr'><strong>pensatoribus</strong></span> <span class='ocrx_word' id='word_1_81' title='bbox 854 1353 867 1394; x_wconf 91' lang='lat'><strong>:</strong></span> <span class='ocrx_word' id='word_1_82' title='bbox 904 1332 1056 1392; x_wconf 88' lang='lat' dir='ltr'><strong>bene</strong></span> <span class='ocrx_word' id='word_1_83' title='bbox 1085 1350 1222 1409; x_wconf 86' lang='lat' dir='ltr'><strong>ergo</strong></span> <span class='ocrx_word' id='word_1_84' title='bbox 1257 1350 1388 1391; x_wconf 86' lang='lat' dir='ltr'><strong>cum</strong></span> <span class='ocrx_word' id='word_1_85' title='bbox 1424 1330 1621 1391; x_wconf 91' lang='lat' dir='ltr'><strong>inﬁdis</strong></span> <span class='ocrx_word' id='word_1_86' title='bbox 1666 1329 1904 1410; x_wconf 81' lang='lat' dir='ltr'><strong>ponitur</strong></span> <span class='ocrx_word' id='word_1_87' title='bbox 1923 1346 2058 1409; x_wconf 87' lang='lat' dir='ltr'><strong>por—</strong></span> 
     </span>
    </p>
   </div>
   <div class='ocr_carea' id='block_1_13' title="bbox 407 1417 2057 1501">
    <p class='ocr_par' dir='ltr' id='par_1_13' title="bbox 407 1417 2057 1501">
     <span class='ocr_line' id='line_1_13' title="bbox 407 1417 2057 1501; baseline -0.002 -19"><span class='ocrx_word' id='word_1_88' title='bbox 407 1422 488 1482; x_wconf 87' lang='lat' dir='ltr'><strong>tio</strong></span> <span class='ocrx_word' id='word_1_89' title='bbox 521 1422 675 1501; x_wconf 80' lang='lat' dir='ltr'><strong>ejus.</strong></span> <span class='ocrx_word' id='word_1_90' title='bbox 714 1422 975 1483; x_wconf 84' lang='lat' dir='ltr'><strong>Privatus</strong></span> <span class='ocrx_word' id='word_1_91' title='bbox 998 1422 1155 1481; x_wconf 92' lang='lat' dir='ltr'><strong>enim</strong></span> <span class='ocrx_word' id='word_1_92' title='bbox 1197 1421 1351 1480; x_wconf 87' lang='lat' dir='ltr'><strong>dono</strong></span> <span class='ocrx_word' id='word_1_93' title='bbox 1398 1427 1455 1479; x_wconf 92' lang='lat' dir='ltr'><strong>et</strong></span> <span class='ocrx_word' id='word_1_94' title='bbox 1488 1418 1761 1492; x_wconf 88' lang='lat' dir='ltr'><strong>nudatus,</strong></span> <span class='ocrx_word' id='word_1_95' title='bbox 1816 1417 2057 1479; x_wconf 93' lang='lat' dir='ltr'><strong>mutilus</strong></span> 
     </span>
    </p>
   </div>
   <div class='ocr_carea' id='block_1_14' title="bbox 404 1509 1248 1588">
    <p class='ocr_par' dir='ltr' id='par_1_14' title="bbox 404 1509 1248 1588">
     <span class='ocr_line' id='line_1_14' title="bbox 404 1509 1248 1588; baseline 0 -18"><span class='ocrx_word' id='word_1_96' title='bbox 404 1510 738 1588; x_wconf 90' lang='lat' dir='ltr'><strong>invenitur,</strong></span> <span class='ocrx_word' id='word_1_97' title='bbox 768 1520 825 1570; x_wconf 89' lang='lat' dir='ltr'><strong>et</strong></span> <span class='ocrx_word' id='word_1_98' title='bbox 860 1528 976 1570; x_wconf 90' lang='lat' dir='ltr'><strong>non</strong></span> <span class='ocrx_word' id='word_1_99' title='bbox 998 1509 1248 1585; x_wconf 86' lang='lat' dir='ltr'><strong>integer.</strong></span> 
     </span>
    </p>
   </div>
   <div class='ocr_carea' id='block_1_15' title="bbox 1370 301 2815 369">
    <p class='ocr_par' dir='ltr' id='par_1_15' title="bbox 1370 301 2815 369">
     <span class='ocr_line' id='line_1_15' title="bbox 1370 301 2815 369; baseline -0.001 -1"><span class='ocrx_word' id='word_1_100' title='bbox 1370 302 1961 368; x_wconf 81' lang='lat' dir='ltr'><strong>THEOPHYLACTI</strong></span> <span class='ocrx_word' id='word_1_101' title='bbox 2006 301 2413 367; x_wconf 71' lang='lat' dir='ltr'><strong>BULGAHI/E</strong></span> <span class='ocrx_word' id='word_1_102' title='bbox 2458 306 2815 369; x_wconf 78' lang='lat' dir='ltr'><strong>ARCHIEP.</strong></span> 
     </span>
    </p>
   </div>
   <div class='ocr_carea' id='block_1_16' title="bbox 3670 303 3808 365">
    <p class='ocr_par' dir='ltr' id='par_1_16' title="bbox 3670 303 3808 365">
     <span class='ocr_line' id='line_1_16' title="bbox 3670 303 3808 365; baseline 0 0"><span class='ocrx_word' id='word_1_103' title='bbox 3670 303 3808 365; x_wconf 71' lang='grc'><strong>904</strong></span> 
     </span>
    </p>
   </div>
   <div class='ocr_carea' id='block_1_17' title="bbox 2134 435 3801 518">
    <p class='ocr_par' dir='ltr' id='par_1_17' title="bbox 2134 435 3801 518">
     <span class='ocr_line' id='line_1_17' title="bbox 2134 435 3801 518; baseline 0.002 -28"><span class='ocrx_word' id='word_1_104' title='bbox 2134 436 2423 515; x_wconf 78' lang='grc' dir='ltr'>εὑρίσκεται</span> <span class='ocrx_word' id='word_1_105' title='bbox 2476 438 2647 514; x_wconf 74' lang='grc' dir='ltr'>τότες</span> <span class='ocrx_word' id='word_1_106' title='bbox 2706 438 2767 493; x_wconf 81' lang='grc' dir='ltr'>τὸ</span> <span class='ocrx_word' id='word_1_107' title='bbox 2852 438 2951 517; x_wconf 77' lang='grc' dir='ltr'><strong>γὰρ</strong></span> <span class='ocrx_word' id='word_1_108' title='bbox 3009 435 3468 518; x_wconf 80' lang='grc' dir='ltr'>διχοτομηθῆναι,</span> <span class='ocrx_word' id='word_1_109' title='bbox 3501 444 3659 493; x_wconf 80' lang='grc' dir='ltr'>τοῦτο</span> <span class='ocrx_word' id='word_1_110' title='bbox 3694 458 3801 502; x_wconf 75' lang='lat' dir='ltr'><strong>cm-</strong></span> 
     </span>
    </p>
   </div>
   <div class='ocr_carea' id='block_1_18' title="bbox 2134 524 3799 608">
    <p class='ocr_par' dir='ltr' id='par_1_18' title="bbox 2134 524 3799 608">
     <span class='ocr_line' id='line_1_18' title="bbox 2134 524 3799 608; baseline 0 -28"><span class='ocrx_word' id='word_1_111' title='bbox 2134 526 2334 605; x_wconf 84' lang='grc' dir='ltr'>μαίνει,</span> <span class='ocrx_word' id='word_1_112' title='bbox 2389 526 2460 584; x_wconf 89' lang='grc' dir='ltr'>Τό</span> <span class='ocrx_word' id='word_1_113' title='bbox 2531 531 2849 606; x_wconf 79' lang='grc' dir='ltr'><strong>στερηθῆναι</strong></span> <span class='ocrx_word' id='word_1_114' title='bbox 2909 524 3007 596; x_wconf 71' lang='grc' dir='ltr'><strong>τῆς</strong></span> <span class='ocrx_word' id='word_1_115' title='bbox 3073 528 3325 608; x_wconf 75' lang='grc' dir='ltr'>χάριτος.</span> <span class='ocrx_word' id='word_1_116' title='bbox 3358 527 3664 606; x_wconf 78' lang='grc' dir='ltr'>Εὑρίσκεται</span> <span class='ocrx_word' id='word_1_117' title='bbox 3699 526 3799 603; x_wconf 72' lang='grc' dir='ltr'>γὰρ</span> 
     </span>
    </p>
   </div>
   <div class='ocr_carea' id='block_1_19' title="bbox 2136 613 3788 693">
    <p class='ocr_par' dir='ltr' id='par_1_19' title="bbox 2136 613 3788 693">
     <span class='ocr_line' id='line_1_19' title="bbox 2136 613 3788 693; baseline -0.001 -22"><span class='ocrx_word' id='word_1_118' title='bbox 2136 617 2163 671; x_wconf 99' lang='lat'><strong>6</strong></span> <span class='ocrx_word' id='word_1_119' title='bbox 2222 613 2450 680; x_wconf 77' lang='grc' dir='ltr'>ἐλεεινὸς</span> <span class='ocrx_word' id='word_1_120' title='bbox 2522 614 2641 677; x_wconf 83' lang='grc' dir='ltr'>τότε</span> <span class='ocrx_word' id='word_1_121' title='bbox 2696 614 2820 693; x_wconf 76' lang='grc' dir='ltr'>σὰρξ</span> <span class='ocrx_word' id='word_1_122' title='bbox 2880 615 2954 673; x_wconf 79' lang='grc' dir='ltr'>ὧν</span> <span class='ocrx_word' id='word_1_123' title='bbox 3023 617 3111 673; x_wconf 80' lang='grc' dir='ltr'><strong>καὶ</strong></span> <span class='ocrx_word' id='word_1_124' title='bbox 3140 621 3201 675; x_wconf 73' lang='grc' dir='ltr'><strong>οὗ</strong></span> <span class='ocrx_word' id='word_1_125' title='bbox 3228 618 3460 692; x_wconf 73' lang='grc' dir='ltr'>πνεῦμα⁶</span> <span class='ocrx_word' id='word_1_126' title='bbox 3497 614 3620 671; x_wconf 74' lang='grc' dir='ltr'><strong>ἐπεὶ</strong></span> <span class='ocrx_word' id='word_1_127' title='bbox 3661 616 3788 670; x_wconf 86' lang='grc' dir='ltr'>τότε</span> 
     </span>
    </p>
   </div>
   <div class='ocr_carea' id='block_1_20' title="bbox 2137 702 3795 781">
    <p class='ocr_par' dir='ltr' id='par_1_20' title="bbox 2137 702 3795 781">
     <span class='ocr_line' id='line_1_20' title="bbox 2137 702 3795 781; baseline -0.001 -22"><span class='ocrx_word' id='word_1_128' title='bbox 2137 703 2297 778; x_wconf 67' lang='grc' dir='ltr'>ἐσμὲν</span> <span class='ocrx_word' id='word_1_129' title='bbox 2337 703 2389 760; x_wconf 82' lang='grc' dir='ltr'>ἐν</span> <span class='ocrx_word' id='word_1_130' title='bbox 2420 706 2704 781; x_wconf 80' lang='grc' dir='ltr'>πνεύματι,</span> <span class='ocrx_word' id='word_1_131' title='bbox 2737 706 2874 761; x_wconf 79' lang='grc' dir='ltr'>κατὰ</span> <span class='ocrx_word' id='word_1_132' title='bbox 2914 707 3007 761; x_wconf 82' lang='grc' dir='ltr'><strong>τὸν</strong></span> <span class='ocrx_word' id='word_1_133' title='bbox 3053 702 3406 780; x_wconf 86' lang='grc' dir='ltr'>Ἀπόστολον,</span> <span class='ocrx_word' id='word_1_134' title='bbox 3460 702 3548 759; x_wconf 82' lang='grc' dir='ltr'><strong>ὅτε</strong></span> <span class='ocrx_word' id='word_1_135' title='bbox 3581 709 3795 778; x_wconf 77' lang='grc' dir='ltr'>Πνεῦμα</span> 
     </span>
    </p>
   </div>
   <div class='ocr_carea' id='block_1_21' title="bbox 2139 792 3794 873">
    <p class='ocr_par' dir='ltr' id='par_1_21' title="bbox 2139 792 3794 873">
     <span class='ocr_line' id='line_1_21' title="bbox 2139 792 3794 873; baseline -0.001 -25"><span class='ocrx_word' id='word_1_136' title='bbox 2139 799 2271 848; x_wconf 77' lang='grc' dir='ltr'><strong>Θεοῦ</strong></span> <span class='ocrx_word' id='word_1_137' title='bbox 2330 796 2468 851; x_wconf 81' lang='grc' dir='ltr'>οἰκεῖ</span> <span class='ocrx_word' id='word_1_138' title='bbox 2508 797 2565 851; x_wconf 74' lang='grc' dir='ltr'>ἒν</span> <span class='ocrx_word' id='word_1_139' title='bbox 2620 797 2781 871; x_wconf 77' lang='grc' dir='ltr'>ἡμῖν·</span> <span class='ocrx_word' id='word_1_140' title='bbox 2832 797 2859 851; x_wconf 91' lang='lat'><strong>6</strong></span> <span class='ocrx_word' id='word_1_141' title='bbox 2917 792 2973 849; x_wconf 72' lang='grc' dir='ltr'>δὲ</span> <span class='ocrx_word' id='word_1_142' title='bbox 3050 795 3128 870; x_wconf 79' lang='grc' dir='ltr'>μὴ</span> <span class='ocrx_word' id='word_1_143' title='bbox 3160 794 3418 869; x_wconf 80' lang='grc' dir='ltr'>πνεύματι</span> <span class='ocrx_word' id='word_1_144' title='bbox 3465 794 3794 873; x_wconf 76' lang='grc' dir='ltr'>στοιχήσας,</span> 
     </span>
    </p>
   </div>
   <div class='ocr_carea' id='block_1_22' title="bbox 2138 879 3796 963">
    <p class='ocr_par' dir='ltr' id='par_1_22' title="bbox 2138 879 3796 963">
     <span class='ocr_line' id='line_1_22' title="bbox 2138 879 3796 963; baseline 0 -26"><span class='ocrx_word' id='word_1_145' title='bbox 2138 879 2258 938; x_wconf 76' lang='grc' dir='ltr'>ἄλλ’</span> <span class='ocrx_word' id='word_1_146' title='bbox 2310 886 2365 940; x_wconf 72' lang='grc' dir='ltr'>ἒν</span> <span class='ocrx_word' id='word_1_147' title='bbox 2416 887 2568 963; x_wconf 85' lang='grc' dir='ltr'>σαρκὶ</span> <span class='ocrx_word' id='word_1_148' title='bbox 2636 883 2732 955; x_wconf 78' lang='grc' dir='ltr'><strong>ὤν,</strong></span> <span class='ocrx_word' id='word_1_149' title='bbox 2793 886 2885 941; x_wconf 76' lang='grc' dir='ltr'><strong>καὶ</strong></span> <span class='ocrx_word' id='word_1_150' title='bbox 2946 882 3163 963; x_wconf 78' lang='grc' dir='ltr'>ἄμοιρος</span> <span class='ocrx_word' id='word_1_151' title='bbox 3222 885 3442 963; x_wconf 77' lang='grc' dir='ltr'>εὑρεθεὶς</span> <span class='ocrx_word' id='word_1_152' title='bbox 3496 903 3796 957; x_wconf 82' lang='grc' dir='ltr'>πνευματι-</span> 
     </span>
    </p>
   </div>
   <div class='ocr_carea' id='block_1_23' title="bbox 2138 971 3799 1053">
    <p class='ocr_par' dir='ltr' id='par_1_23' title="bbox 2138 971 3799 1053">
     <span class='ocr_line' id='line_1_23' title="bbox 2138 971 3799 1053; baseline -0.002 -26"><span class='ocrx_word' id='word_1_153' title='bbox 2138 971 2237 1039; x_wconf 79' lang='grc' dir='ltr'><strong>κῆς</strong></span> <span class='ocrx_word' id='word_1_154' title='bbox 2302 971 2600 1053; x_wconf 83' lang='grc' dir='ltr'>πολιτείας,</span> <span class='ocrx_word' id='word_1_155' title='bbox 2660 974 2795 1049; x_wconf 81' lang='grc' dir='ltr'>μετὰ</span> <span class='ocrx_word' id='word_1_156' title='bbox 2842 978 2950 1029; x_wconf 82' lang='grc' dir='ltr'>τῶν</span> <span class='ocrx_word' id='word_1_157' title='bbox 3002 973 3239 1029; x_wconf 82' lang='grc' dir='ltr'>ἀπίστων</span> <span class='ocrx_word' id='word_1_158' title='bbox 3270 973 3541 1050; x_wconf 88' lang='grc' dir='ltr'>τάττεται,</span> <span class='ocrx_word' id='word_1_159' title='bbox 3570 974 3661 1028; x_wconf 85' lang='grc' dir='ltr'>οἶα</span> <span class='ocrx_word' id='word_1_160' title='bbox 3704 971 3799 1026; x_wconf 75' lang='grc' dir='ltr'>σὺν</span> 
     </span>
    </p>
   </div>
   <div class='ocr_carea' id='block_1_24' title="bbox 2137 1058 3797 1142">
    <p class='ocr_par' dir='ltr' id='par_1_24' title="bbox 2137 1058 3797 1142">
     <span class='ocr_line' id='line_1_24' title="bbox 2137 1058 3797 1142; baseline -0.001 -27"><span class='ocrx_word' id='word_1_161' title='bbox 2137 1066 2214 1135; x_wconf 82' lang='grc' dir='ltr'><strong>τῷ</strong></span> <span class='ocrx_word' id='word_1_162' title='bbox 2270 1061 2474 1135; x_wconf 85' lang='grc' dir='ltr'>ἀπίστῳ</span> <span class='ocrx_word' id='word_1_163' title='bbox 2532 1064 2719 1139; x_wconf 87' lang='grc' dir='ltr'>κόσμῳ</span> <span class='ocrx_word' id='word_1_164' title='bbox 2796 1060 3266 1142; x_wconf 87' lang='grc' dir='ltr'>κατακρινόμενος,</span> <span class='ocrx_word' id='word_1_165' title='bbox 3326 1064 3399 1126; x_wconf 82' lang='grc' dir='ltr'><strong>ὡς</strong></span> <span class='ocrx_word' id='word_1_166' title='bbox 3444 1058 3611 1136; x_wconf 79' lang='grc' dir='ltr'>μηδὲν</span> <span class='ocrx_word' id='word_1_167' title='bbox 3647 1060 3797 1139; x_wconf 68' lang='grc' dir='ltr'>ὡφε-</span> 
     </span>
    </p>
   </div>
   <div class='ocr_carea' id='block_1_25' title="bbox 2138 1147 3798 1229">
    <p class='ocr_par' dir='ltr' id='par_1_25' title="bbox 2138 1147 3798 1229">
     <span class='ocr_line' id='line_1_25' title="bbox 2138 1147 3798 1229; baseline 0.005 -24"><span class='ocrx_word' id='word_1_168' title='bbox 2138 1152 2313 1217; x_wconf 79' lang='grc' dir='ltr'>ληθεὶς</span> <span class='ocrx_word' id='word_1_169' title='bbox 2373 1152 2479 1209; x_wconf 80' lang='grc' dir='ltr'><strong>ἀπὸ</strong></span> <span class='ocrx_word' id='word_1_170' title='bbox 2536 1158 2635 1219; x_wconf 76' lang='grc' dir='ltr'>τῆς</span> <span class='ocrx_word' id='word_1_171' title='bbox 2692 1150 2952 1219; x_wconf 79' lang='grc' dir='ltr'><strong>δοκούσης</strong></span> <span class='ocrx_word' id='word_1_172' title='bbox 3028 1153 3282 1214; x_wconf 81' lang='grc' dir='ltr'>πίστεως’</span> <span class='ocrx_word' id='word_1_173' title='bbox 3336 1153 3371 1219; x_wconf 75' lang='grc' dir='ltr'>ἡ</span> <span class='ocrx_word' id='word_1_174' title='bbox 3426 1150 3529 1229; x_wconf 77' lang='grc' dir='ltr'><strong>γὰρ</strong></span> <span class='ocrx_word' id='word_1_175' title='bbox 3586 1147 3798 1216; x_wconf 72' lang='grc' dir='ltr'>ἀληθὴς</span> 
     </span>
    </p>
   </div>
   <div class='ocr_carea' id='block_1_26' title="bbox 2140 1239 3801 1320">
    <p class='ocr_par' dir='ltr' id='par_1_26' title="bbox 2140 1239 3801 1320">
     <span class='ocr_line' id='line_1_26' title="bbox 2140 1239 3801 1320; baseline -0.001 -25"><span class='ocrx_word' id='word_1_176' title='bbox 2140 1239 2313 1304; x_wconf 78' lang='grc' dir='ltr'><strong>πίστις</strong></span> <span class='ocrx_word' id='word_1_177' title='bbox 2374 1240 2427 1298; x_wconf 83' lang='grc' dir='ltr'>ἐν</span> <span class='ocrx_word' id='word_1_178' title='bbox 2486 1244 2627 1316; x_wconf 71' lang='grc' dir='ltr'>αὐτῷ</span> <span class='ocrx_word' id='word_1_179' title='bbox 2685 1243 2780 1299; x_wconf 73' lang='grc' dir='ltr'>οὒκ</span> <span class='ocrx_word' id='word_1_180' title='bbox 2837 1246 2929 1310; x_wconf 80' lang='grc' dir='ltr'><strong>ἦν·</strong></span> <span class='ocrx_word' id='word_1_181' title='bbox 2990 1242 3034 1297; x_wconf 79' lang='grc' dir='ltr'>εἴ</span> <span class='ocrx_word' id='word_1_182' title='bbox 3089 1242 3189 1320; x_wconf 79' lang='grc' dir='ltr'><strong>γὰρ</strong></span> <span class='ocrx_word' id='word_1_183' title='bbox 3273 1240 3479 1308; x_wconf 73' lang='grc' dir='ltr'>ἀληθὴς</span> <span class='ocrx_word' id='word_1_184' title='bbox 3537 1241 3714 1303; x_wconf 88' lang='grc' dir='ltr'>πίστις</span> <span class='ocrx_word' id='word_1_185' title='bbox 3743 1239 3801 1294; x_wconf 73' lang='grc' dir='ltr'><strong>ὲν</strong></span> 
     </span>
    </p>
   </div>
   <div class='ocr_carea' id='block_1_27' title="bbox 2140 1326 3805 1407">
    <p class='ocr_par' dir='ltr' id='par_1_27' title="bbox 2140 1326 3805 1407">
     <span class='ocr_line' id='line_1_27' title="bbox 2140 1326 3805 1407; baseline -0.001 -24"><span class='ocrx_word' id='word_1_186' title='bbox 2140 1327 2284 1384; x_wconf 76' lang='grc' dir='ltr'><strong>αὒτῶ</strong></span> <span class='ocrx_word' id='word_1_187' title='bbox 2352 1330 2439 1405; x_wconf 77' lang='grc' dir='ltr'><strong>ἧν,</strong></span> <span class='ocrx_word' id='word_1_188' title='bbox 2504 1330 2781 1407; x_wconf 74' lang='grc' dir='ltr'><strong>οἰκονόμος</strong></span> <span class='ocrx_word' id='word_1_189' title='bbox 2852 1330 2915 1386; x_wconf 81' lang='grc' dir='ltr'>ἂν</span> <span class='ocrx_word' id='word_1_190' title='bbox 2972 1329 3037 1397; x_wconf 73' lang='grc' dir='ltr'><strong>ἦν</strong></span> <span class='ocrx_word' id='word_1_191' title='bbox 3094 1330 3303 1393; x_wconf 85' lang='grc' dir='ltr'>πιστός’</span> <span class='ocrx_word' id='word_1_192' title='bbox 3338 1331 3425 1386; x_wconf 80' lang='grc' dir='ltr'>νῦν</span> <span class='ocrx_word' id='word_1_193' title='bbox 3457 1326 3513 1385; x_wconf 76' lang='grc' dir='ltr'>δὲ</span> <span class='ocrx_word' id='word_1_194' title='bbox 3550 1329 3662 1385; x_wconf 75' lang='grc' dir='ltr'>ἐπεὶ</span> <span class='ocrx_word' id='word_1_195' title='bbox 3713 1328 3805 1383; x_wconf 79' lang='grc' dir='ltr'>πί-</span> 
     </span>
    </p>
   </div>
   <div class='ocr_carea' id='block_1_28' title="bbox 2139 1415 3799 1500">
    <p class='ocr_par' dir='ltr' id='par_1_28' title="bbox 2139 1415 3799 1500">
     <span class='ocr_line' id='line_1_28' title="bbox 2139 1415 3799 1500; baseline 0 -27"><span class='ocrx_word' id='word_1_196' title='bbox 2139 1440 2242 1473; x_wconf 93' lang='grc' dir='ltr'>νων</span> <span class='ocrx_word' id='word_1_197' title='bbox 2318 1419 2406 1493; x_wconf 76' lang='grc' dir='ltr'>ἦν,</span> <span class='ocrx_word' id='word_1_198' title='bbox 2469 1422 2557 1477; x_wconf 83' lang='grc' dir='ltr'>καὶ</span> <span class='ocrx_word' id='word_1_199' title='bbox 2615 1422 2845 1496; x_wconf 78' lang='grc' dir='ltr'><strong>μεθύων,</strong></span> <span class='ocrx_word' id='word_1_200' title='bbox 2903 1422 2991 1477; x_wconf 81' lang='grc' dir='ltr'>καὶ</span> <span class='ocrx_word' id='word_1_201' title='bbox 3027 1417 3333 1500; x_wconf 71' lang='grc' dir='ltr'><strong>διαφθείρων</strong></span> <span class='ocrx_word' id='word_1_202' title='bbox 3377 1419 3443 1475; x_wconf 82' lang='grc' dir='ltr'>τὰ</span> <span class='ocrx_word' id='word_1_203' title='bbox 3484 1415 3799 1488; x_wconf 74' lang='grc' dir='ltr'><strong>δεσποτικὰ,</strong></span> 
     </span>
    </p>
   </div>
   <div class='ocr_carea' id='block_1_29' title="bbox 2138 1508 3800 1590">
    <p class='ocr_par' dir='ltr' id='par_1_29' title="bbox 2138 1508 3800 1590">
     <span class='ocr_line' id='line_1_29' title="bbox 2138 1508 3800 1590; baseline 0.001 -26"><span class='ocrx_word' id='word_1_204' title='bbox 2138 1509 2232 1564; x_wconf 75' lang='grc' dir='ltr'>οὐκ</span> <span class='ocrx_word' id='word_1_205' title='bbox 2289 1513 2413 1590; x_wconf 81' lang='grc' dir='ltr'>εἶχε</span> <span class='ocrx_word' id='word_1_206' title='bbox 2464 1510 2562 1578; x_wconf 79' lang='grc' dir='ltr'><strong>τὴν</strong></span> <span class='ocrx_word' id='word_1_207' title='bbox 2620 1509 2793 1579; x_wconf 78' lang='grc' dir='ltr'>ἀληθῆ</span> <span class='ocrx_word' id='word_1_208' title='bbox 2846 1511 3047 1590; x_wconf 83' lang='grc' dir='ltr'>πίστιν,</span> <span class='ocrx_word' id='word_1_209' title='bbox 3080 1508 3144 1577; x_wconf 73' lang='grc' dir='ltr'><strong>ἥν</strong></span> <span class='ocrx_word' id='word_1_210' title='bbox 3173 1509 3517 1568; x_wconf 82' lang='grc' dir='ltr'>ἆπαιτοῦνται</span> <span class='ocrx_word' id='word_1_211' title='bbox 3566 1511 3613 1563; x_wconf 76' lang='grc' dir='ltr'><strong>οἷ</strong></span> <span class='ocrx_word' id='word_1_212' title='bbox 3647 1510 3800 1565; x_wconf 82' lang='grc' dir='ltr'>οἷκο-</span> 
     </span>
    </p>
   </div>
   <div class='ocr_carea' id='block_1_30' title="bbox 402 1597 3797 1681">
    <p class='ocr_par' dir='ltr' id='par_1_30' title="bbox 402 1597 3797 1681">
     <span class='ocr_line' id='line_1_30' title="bbox 402 1597 3797 1681; baseline -0.001 -24"><span class='ocrx_word' id='word_1_213' title='bbox 402 1600 554 1674; x_wconf 85' lang='grc' dir='ltr'>νόμοι</span> <span class='ocrx_word' id='word_1_214' title='bbox 582 1616 596 1630; x_wconf 87' lang='grc'><em>’</em></span> <span class='ocrx_word' id='word_1_215' title='bbox 628 1597 806 1663; x_wconf 83' lang='grc' dir='ltr'>καλῶς</span> <span class='ocrx_word' id='word_1_216' title='bbox 838 1599 938 1679; x_wconf 72' lang='grc' dir='ltr'><strong>ἄρα</strong></span> <span class='ocrx_word' id='word_1_217' title='bbox 971 1602 1104 1675; x_wconf 79' lang='grc' dir='ltr'>μετὰ</span> <span class='ocrx_word' id='word_1_218' title='bbox 1136 1607 1241 1655; x_wconf 80' lang='grc' dir='ltr'><strong>τῶν</strong></span> <span class='ocrx_word' id='word_1_219' title='bbox 1284 1598 1518 1655; x_wconf 73' lang='grc' dir='ltr'>ἀπίστων</span> <span class='ocrx_word' id='word_1_220' title='bbox 1576 1600 1769 1654; x_wconf 78' lang='grc' dir='ltr'>τίθεται</span> <span class='ocrx_word' id='word_1_221' title='bbox 1828 1600 1888 1653; x_wconf 83' lang='grc' dir='ltr'>τὸ</span> <span class='ocrx_word' id='word_1_222' title='bbox 1947 1598 2104 1675; x_wconf 79' lang='grc' dir='ltr'>μέρος</span> <span class='ocrx_word' id='word_1_223' title='bbox 2162 1598 2321 1655; x_wconf 69' lang='grc' dir='ltr'>αὐτοῦ</span> <span class='ocrx_word' id='word_1_224' title='bbox 2355 1619 2369 1632; x_wconf 92' lang='grc'><strong>·</strong></span> <span class='ocrx_word' id='word_1_225' title='bbox 2423 1602 2692 1680; x_wconf 86' lang='grc' dir='ltr'>στερηθεὶς</span> <span class='ocrx_word' id='word_1_226' title='bbox 2736 1601 2835 1680; x_wconf 77' lang='grc' dir='ltr'><strong>γὰρ</strong></span> <span class='ocrx_word' id='word_1_227' title='bbox 2863 1608 2957 1658; x_wconf 79' lang='grc' dir='ltr'><strong>τοῦ</strong></span> <span class='ocrx_word' id='word_1_228' title='bbox 2988 1601 3319 1679; x_wconf 46' lang='grc' dir='ltr'>χαρίσματος</span> <span class='ocrx_word' id='word_1_229' title='bbox 3351 1598 3438 1654; x_wconf 81' lang='grc' dir='ltr'><strong>καὶ</strong></span> <span class='ocrx_word' id='word_1_230' title='bbox 3466 1601 3797 1681; x_wconf 79' lang='grc' dir='ltr'>γυμνωθεὶς,</span> 
     </span>
    </p>
   </div>
   <div class='ocr_carea' id='block_1_31' title="bbox 400 1688 1543 1768">
    <p class='ocr_par' dir='ltr' id='par_1_31' title="bbox 400 1688 1543 1768">
     <span class='ocr_line' id='line_1_31' title="bbox 400 1688 1543 1768; baseline -0.002 -23"><span class='ocrx_word' id='word_1_231' title='bbox 400 1688 621 1754; x_wconf 69' lang='grc' dir='ltr'>κολοὸὖς</span> <span class='ocrx_word' id='word_1_232' title='bbox 652 1690 941 1762; x_wconf 67' lang='grc' dir='ltr'>εὒοὲσκςται</span> <span class='ocrx_word' id='word_1_233' title='bbox 970 1692 1057 1745; x_wconf 81' lang='grc' dir='ltr'><strong>καὶ</strong></span> <span class='ocrx_word' id='word_1_234' title='bbox 1089 1691 1190 1768; x_wconf 69' lang='grc' dir='ltr'><strong>οὐχ</strong></span> <span class='ocrx_word' id='word_1_235' title='bbox 1222 1688 1543 1763; x_wconf 77' lang='grc' dir='ltr'>ὁλόκληρος,</span> 
     </span>
    </p>
   </div>
   <div class='ocr_carea' id='block_1_32' title="bbox 481 1774 2045 1857">
    <p class='ocr_par' dir='ltr' id='par_1_32' title="bbox 481 1774 2045 1856">
     <span class='ocr_line' id='line_1_32' title="bbox 481 1774 2045 1856; baseline -0.003 -18"><span class='ocrx_word' id='word_1_236' title='bbox 481 1777 665 1838; x_wconf 79' lang='lat' dir='ltr'><strong>VERS.</strong></span> <span class='ocrx_word' id='word_1_237' title='bbox 696 1776 799 1851; x_wconf 76' lang='lat'><strong>47,</strong></span> <span class='ocrx_word' id='word_1_238' title='bbox 826 1778 924 1838; x_wconf 74' lang='lat'><strong>48.</strong></span> <span class='ocrx_word' id='word_1_239' title='bbox 961 1804 980 1830; x_wconf 85' lang='lat'><strong>«</strong></span> <span class='ocrx_word' id='word_1_240' title='bbox 1012 1775 1115 1838; x_wconf 87' lang='lat' dir='ltr'><strong>Ille</strong></span> <span class='ocrx_word' id='word_1_241' title='bbox 1139 1786 1334 1837; x_wconf 89' lang='lat' dir='ltr'><strong>autem</strong></span> <span class='ocrx_word' id='word_1_242' title='bbox 1370 1794 1575 1838; x_wconf 88' lang='lat' dir='ltr'><strong>servus</strong></span> <span class='ocrx_word' id='word_1_243' title='bbox 1630 1775 1727 1856; x_wconf 88' lang='lat' dir='ltr'><strong>qui</strong></span> <span class='ocrx_word' id='word_1_244' title='bbox 1781 1774 2045 1853; x_wconf 81' lang='lat' dir='ltr'><strong>cognovit</strong></span> 
     </span>
    </p>
   </div>
   <div class='ocr_carea' id='block_1_33' title="bbox 2129 1774 3796 1857">
    <p class='ocr_par' dir='ltr' id='par_1_33' title="bbox 2219 1774 3796 1857">
     <span class='ocr_line' id='line_1_33' title="bbox 2219 1774 3796 1857; baseline 0 -25"><span class='ocrx_word' id='word_1_245' title='bbox 2219 1800 2242 1832; x_wconf 82' lang='grc' dir='ltr'><strong>ιι</strong></span> <span class='ocrx_word' id='word_1_246' title='bbox 2307 1777 2549 1845; x_wconf 85' lang='grc' dir='ltr'>Ἐκεῖνος</span> <span class='ocrx_word' id='word_1_247' title='bbox 2608 1778 2662 1835; x_wconf 82' lang='grc' dir='ltr'>δὲ</span> <span class='ocrx_word' id='word_1_248' title='bbox 2715 1782 2743 1836; x_wconf 89' lang='lat'><strong>6</strong></span> <span class='ocrx_word' id='word_1_249' title='bbox 2800 1777 2984 1844; x_wconf 69' lang='grc' dir='ltr'>δοῦλος</span> <span class='ocrx_word' id='word_1_250' title='bbox 3028 1780 3056 1834; x_wconf 98' lang='lat'><strong>6</strong></span> <span class='ocrx_word' id='word_1_251' title='bbox 3112 1779 3266 1857; x_wconf 78' lang='grc' dir='ltr'>γνοὺς</span> <span class='ocrx_word' id='word_1_252' title='bbox 3323 1778 3385 1833; x_wconf 83' lang='grc' dir='ltr'>τὸ</span> <span class='ocrx_word' id='word_1_253' title='bbox 3435 1774 3643 1853; x_wconf 80' lang='grc' dir='ltr'>θέλημα</span> <span class='ocrx_word' id='word_1_254' title='bbox 3699 1784 3796 1833; x_wconf 78' lang='grc' dir='ltr'>τοῦ</span> 
     </span>
    </p>
   </div>
   <div class='ocr_carea' id='block_1_34' title="bbox 398 1863 2045 1946">
    <p class='ocr_par' dir='ltr' id='par_1_34' title="bbox 398 1863 2045 1946">
     <span class='ocr_line' id='line_1_34' title="bbox 398 1863 2045 1946; baseline -0.001 -20"><span class='ocrx_word' id='word_1_255' title='bbox 398 1867 766 1928; x_wconf 88' lang='lat' dir='ltr'><strong>voluntatem</strong></span> <span class='ocrx_word' id='word_1_256' title='bbox 803 1865 1030 1927; x_wconf 87' lang='lat' dir='ltr'><strong>domini</strong></span> <span class='ocrx_word' id='word_1_257' title='bbox 1072 1866 1186 1942; x_wconf 87' lang='lat' dir='ltr'><strong>sui,</strong></span> <span class='ocrx_word' id='word_1_258' title='bbox 1232 1884 1345 1928; x_wconf 87' lang='lat' dir='ltr'><strong>nec</strong></span> <span class='ocrx_word' id='word_1_259' title='bbox 1375 1884 1440 1926; x_wconf 91' lang='lat' dir='ltr'><strong>se</strong></span> <span class='ocrx_word' id='word_1_260' title='bbox 1471 1863 1835 1946; x_wconf 82' lang='lat' dir='ltr'><strong>praeparavit,</strong></span> <span class='ocrx_word' id='word_1_261' title='bbox 1870 1880 2045 1944; x_wconf 65' lang='lat' dir='ltr'><strong>nequi</strong></span> 
     </span>
    </p>
   </div>
   <div class='ocr_carea' id='block_1_35' title="bbox 2129 1863 3792 1946">
    <p class='ocr_par' dir='ltr' id='par_1_35' title="bbox 2142 1865 3792 1944">
     <span class='ocr_line' id='line_1_35' title="bbox 2142 1865 3792 1944; baseline 0.001 -24"><span class='ocrx_word' id='word_1_262' title='bbox 2142 1868 2319 1943; x_wconf 82' lang='grc' dir='ltr'>κυρίου</span> <span class='ocrx_word' id='word_1_263' title='bbox 2376 1870 2551 1944; x_wconf 75' lang='grc' dir='ltr'>αὑτοῦ,</span> <span class='ocrx_word' id='word_1_264' title='bbox 2617 1869 2704 1925; x_wconf 87' lang='grc' dir='ltr'>καὶ</span> <span class='ocrx_word' id='word_1_265' title='bbox 2764 1870 2843 1943; x_wconf 77' lang='grc' dir='ltr'>μὴ</span> <span class='ocrx_word' id='word_1_266' title='bbox 2901 1867 3186 1932; x_wconf 80' lang='grc' dir='ltr'>ἑτοιμάσας</span> <span class='ocrx_word' id='word_1_267' title='bbox 3232 1865 3367 1942; x_wconf 83' lang='grc' dir='ltr'>μηδέ</span> <span class='ocrx_word' id='word_1_268' title='bbox 3398 1868 3631 1936; x_wconf 77' lang='grc' dir='ltr'>ποιήσας</span> <span class='ocrx_word' id='word_1_269' title='bbox 3660 1867 3792 1934; x_wconf 66' lang='grc' dir='ltr'>πρὸς</span> 
     </span>
    </p>
   </div>
   <div class='ocr_carea' id='block_1_36' title="bbox 409 1951 2045 2037">
    <p class='ocr_par' dir='ltr' id='par_1_36' title="bbox 409 1951 2045 2037">
     <span class='ocr_line' id='line_1_36' title="bbox 409 1951 2045 2037; baseline -0.004 -20"><span class='ocrx_word' id='word_1_270' title='bbox 409 1956 742 2017; x_wconf 74' lang='lat' dir='ltr'><strong>secundum</strong></span> <span class='ocrx_word' id='word_1_271' title='bbox 795 1957 1151 2017; x_wconf 90' lang='lat' dir='ltr'><strong>voluntatem</strong></span> <span class='ocrx_word' id='word_1_272' title='bbox 1186 1956 1315 2037; x_wconf 87' lang='lat' dir='ltr'><strong>ejus</strong></span> <span class='ocrx_word' id='word_1_273' title='bbox 1355 1954 1511 2022; x_wconf 84' lang='lat' dir='ltr'><strong>fecit.</strong></span> <span class='ocrx_word' id='word_1_274' title='bbox 1554 1954 1738 2034; x_wconf 86' lang='lat' dir='ltr'><strong>plagis</strong></span> <span class='ocrx_word' id='word_1_275' title='bbox 1762 1951 2045 2033; x_wconf 74' lang='lat' dir='ltr'><strong>vapulabit</strong></span> 
     </span>
    </p>
   </div>
   <div class='ocr_carea' id='block_1_37' title="bbox 2129 1951 3789 2037">
    <p class='ocr_par' dir='ltr' id='par_1_37' title="bbox 2140 1953 3789 2036">
     <span class='ocr_line' id='line_1_37' title="bbox 2140 1953 3789 2036; baseline -0.001 -25"><span class='ocrx_word' id='word_1_276' title='bbox 2140 1956 2201 2011; x_wconf 87' lang='grc' dir='ltr'>τὸ</span> <span class='ocrx_word' id='word_1_277' title='bbox 2257 1955 2465 2033; x_wconf 82' lang='grc' dir='ltr'>θέλημα</span> <span class='ocrx_word' id='word_1_278' title='bbox 2524 1958 2702 2032; x_wconf 69' lang='grc' dir='ltr'>αὖτοῦ,</span> <span class='ocrx_word' id='word_1_279' title='bbox 2768 1954 3051 2036; x_wconf 77' lang='grc' dir='ltr'>δαρήσεται</span> <span class='ocrx_word' id='word_1_280' title='bbox 3084 1955 3307 2019; x_wconf 86' lang='grc' dir='ltr'>πολλάς·</span> <span class='ocrx_word' id='word_1_281' title='bbox 3339 1957 3367 2012; x_wconf 88' lang='lat'><strong>6</strong></span> <span class='ocrx_word' id='word_1_282' title='bbox 3399 1953 3453 2011; x_wconf 81' lang='grc' dir='ltr'>δὲ</span> <span class='ocrx_word' id='word_1_283' title='bbox 3493 1956 3572 2031; x_wconf 79' lang='grc' dir='ltr'>μὴ</span> <span class='ocrx_word' id='word_1_284' title='bbox 3606 1956 3789 2033; x_wconf 82' lang='grc' dir='ltr'>γνοὺς,</span> 
     </span>
    </p>
   </div>
   <div class='ocr_carea' id='block_1_38' title="bbox 398 2041 2051 2124">
    <p class='ocr_par' dir='ltr' id='par_1_38' title="bbox 398 2041 2051 2124">
     <span class='ocr_line' id='line_1_38' title="bbox 398 2041 2051 2124; baseline -0.002 -20"><span class='ocrx_word' id='word_1_285' title='bbox 398 2044 731 2124; x_wconf 87' lang='lat' dir='ltr'><strong>multis;qui</strong></span> <span class='ocrx_word' id='word_1_286' title='bbox 748 2056 944 2106; x_wconf 86' lang='lat' dir='ltr'><strong>autem</strong></span> <span class='ocrx_word' id='word_1_287' title='bbox 973 2063 1089 2105; x_wconf 92' lang='lat' dir='ltr'><strong>non</strong></span> <span class='ocrx_word' id='word_1_288' title='bbox 1112 2043 1471 2123; x_wconf 82' lang='lat' dir='ltr'><strong>cognovit,et</strong></span> <span class='ocrx_word' id='word_1_289' title='bbox 1497 2042 1827 2119; x_wconf 86' lang='lat' dir='ltr'><strong>fecitdigna</strong></span> <span class='ocrx_word' id='word_1_290' title='bbox 1847 2041 2051 2121; x_wconf 84' lang='lat' dir='ltr'><strong>plagis,</strong></span> 
     </span>
    </p>
   </div>
   <div class='ocr_carea' id='block_1_39' title="bbox 396 2130 2043 2213">
    <p class='ocr_par' dir='ltr' id='par_1_39' title="bbox 396 2130 2043 2213">
     <span class='ocr_line' id='line_1_39' title="bbox 396 2130 2043 2213; baseline -0.002 -20"><span class='ocrx_word' id='word_1_291' title='bbox 396 2135 694 2211; x_wconf 88' lang='lat' dir='ltr'><strong>vapulabit</strong></span> <span class='ocrx_word' id='word_1_292' title='bbox 728 2134 1148 2213; x_wconf 86' lang='lat' dir='ltr'><strong>paucis.Porro</strong></span> <span class='ocrx_word' id='word_1_293' title='bbox 1172 2135 1522 2213; x_wconf 85' lang='lat' dir='ltr'><strong>cuicumque</strong></span> <span class='ocrx_word' id='word_1_294' title='bbox 1548 2132 1796 2192; x_wconf 90' lang='lat' dir='ltr'><strong>multum</strong></span> <span class='ocrx_word' id='word_1_295' title='bbox 1840 2130 2043 2192; x_wconf 89' lang='lat' dir='ltr'><strong>datum</strong></span> 
     </span>
    </p>
   </div>
   <div class='ocr_carea' id='block_1_40' title="bbox 398 2219 2043 2301">
    <p class='ocr_par' dir='ltr' id='par_1_40' title="bbox 398 2219 2043 2301">
     <span class='ocr_line' id='line_1_40' title="bbox 398 2219 2043 2301; baseline -0.002 -18"><span class='ocrx_word' id='word_1_296' title='bbox 398 2221 764 2295; x_wconf 83' lang='lat' dir='ltr'><strong>est,multum</strong></span> <span class='ocrx_word' id='word_1_297' title='bbox 812 2231 1108 2301; x_wconf 59' lang='lat' dir='ltr'><strong>quieretur</strong></span> <span class='ocrx_word' id='word_1_298' title='bbox 1130 2221 1203 2282; x_wconf 90' lang='lat' dir='ltr'><strong>ab</strong></span> <span class='ocrx_word' id='word_1_299' title='bbox 1239 2241 1342 2283; x_wconf 89' lang='lat' dir='ltr'><strong>eo:</strong></span> <span class='ocrx_word' id='word_1_300' title='bbox 1368 2229 1426 2282; x_wconf 90' lang='lat' dir='ltr'><strong>et</strong></span> <span class='ocrx_word' id='word_1_301' title='bbox 1456 2221 1550 2281; x_wconf 91' lang='lat' dir='ltr'><strong>cui</strong></span> <span class='ocrx_word' id='word_1_302' title='bbox 1580 2219 2043 2281; x_wconf 89' lang='lat' dir='ltr'><strong>commendave-</strong></span> 
     </span>
    </p>
   </div>
   <div class='ocr_carea' id='block_1_41' title="bbox 395 2308 2045 2391">
    <p class='ocr_par' dir='ltr' id='par_1_41' title="bbox 395 2308 2045 2391">
     <span class='ocr_line' id='line_1_41' title="bbox 395 2308 2045 2391; baseline -0.003 -20"><span class='ocrx_word' id='word_1_303' title='bbox 395 2320 533 2383; x_wconf 85' lang='lat' dir='ltr'><strong>runt</strong></span> <span class='ocrx_word' id='word_1_304' title='bbox 556 2311 826 2383; x_wconf 89' lang='lat' dir='ltr'><strong>multum,</strong></span> <span class='ocrx_word' id='word_1_305' title='bbox 847 2311 979 2391; x_wconf 90' lang='lat' dir='ltr'><strong>plus</strong></span> <span class='ocrx_word' id='word_1_306' title='bbox 1009 2320 1208 2390; x_wconf 87' lang='lat' dir='ltr'><strong>petent</strong></span> <span class='ocrx_word' id='word_1_307' title='bbox 1228 2311 1298 2371; x_wconf 89' lang='lat' dir='ltr'><strong>ab</strong></span> <span class='ocrx_word' id='word_1_308' title='bbox 1330 2330 1460 2372; x_wconf 72' lang='lat' dir='ltr'><strong>eo.»</strong></span> <span class='ocrx_word' id='word_1_309' title='bbox 1490 2311 1616 2372; x_wconf 88' lang='lat' dir='ltr'><strong>Hoc</strong></span> <span class='ocrx_word' id='word_1_310' title='bbox 1641 2310 1767 2370; x_wconf 83' lang='lat' dir='ltr'><strong>loco</strong></span> <span class='ocrx_word' id='word_1_311' title='bbox 1791 2308 2045 2387; x_wconf 84' lang='lat' dir='ltr'><strong>amplius</strong></span> 
     </span>
    </p>
   </div>
   <div class='ocr_carea' id='block_1_42' title="bbox 396 2397 2038 2479">
    <p class='ocr_par' dir='ltr' id='par_1_42' title="bbox 396 2397 2038 2479">
     <span class='ocr_line' id='line_1_42' title="bbox 396 2397 2038 2479; baseline -0.002 -19"><span class='ocrx_word' id='word_1_312' title='bbox 396 2398 678 2479; x_wconf 87' lang='lat' dir='ltr'><strong>quiddam</strong></span> <span class='ocrx_word' id='word_1_313' title='bbox 700 2418 767 2460; x_wconf 88' lang='lat' dir='ltr'><strong>ac</strong></span> <span class='ocrx_word' id='word_1_314' title='bbox 801 2399 1127 2461; x_wconf 87' lang='lat' dir='ltr'><strong>terribilius</strong></span> <span class='ocrx_word' id='word_1_315' title='bbox 1160 2400 1331 2461; x_wconf 81' lang='lat' dir='ltr'><strong>nobis</strong></span> <span class='ocrx_word' id='word_1_316' title='bbox 1354 2397 2038 2460; x_wconf 87' lang='lat' dir='ltr'><strong>demonstratDominus.</strong></span> 
     </span>
    </p>
   </div>
   <div class='ocr_carea' id='block_1_43' title="bbox 394 2486 2047 2569">
    <p class='ocr_par' dir='ltr' id='par_1_43' title="bbox 394 2486 2047 2569">
     <span class='ocr_line' id='line_1_43' title="bbox 394 2486 2047 2569; baseline -0.001 -19"><span class='ocrx_word' id='word_1_317' title='bbox 394 2486 521 2550; x_wconf 90' lang='lat' dir='ltr'><strong>Non</strong></span> <span class='ocrx_word' id='word_1_318' title='bbox 542 2488 733 2551; x_wconf 91' lang='lat' dir='ltr'><strong>solum</strong></span> <span class='ocrx_word' id='word_1_319' title='bbox 765 2491 1121 2557; x_wconf 81' lang='lat' dir='ltr'><strong>enimenim.</strong></span> <span class='ocrx_word' id='word_1_320' title='bbox 1151 2488 1360 2569; x_wconf 87' lang='lat' dir='ltr'><strong>inquit,</strong></span> <span class='ocrx_word' id='word_1_321' title='bbox 1398 2488 1582 2568; x_wconf 88' lang='lat' dir='ltr'><strong>gratia</strong></span> <span class='ocrx_word' id='word_1_322' title='bbox 1604 2486 1925 2549; x_wconf 89' lang='lat' dir='ltr'><strong>nudabitur</strong></span> <span class='ocrx_word' id='word_1_323' title='bbox 1946 2490 2047 2567; x_wconf 91' lang='lat' dir='ltr'><strong>qui</strong></span> 
     </span>
    </p>
   </div>
   <div class='ocr_carea' id='block_1_44' title="bbox 402 2575 2048 2659">
    <p class='ocr_par' dir='ltr' id='par_1_44' title="bbox 402 2575 2048 2659">
     <span class='ocr_line' id='line_1_44' title="bbox 402 2575 2048 2659; baseline -0.002 -21"><span class='ocrx_word' id='word_1_324' title='bbox 402 2577 535 2639; x_wconf 87' lang='lat' dir='ltr'><strong>talis</strong></span> <span class='ocrx_word' id='word_1_325' title='bbox 566 2586 674 2653; x_wconf 91' lang='lat' dir='ltr'><strong>est,</strong></span> <span class='ocrx_word' id='word_1_326' title='bbox 710 2586 767 2637; x_wconf 85' lang='lat' dir='ltr'><strong>et</strong></span> <span class='ocrx_word' id='word_1_327' title='bbox 793 2577 937 2638; x_wconf 90' lang='lat' dir='ltr'><strong>nihil</strong></span> <span class='ocrx_word' id='word_1_328' title='bbox 972 2578 1080 2638; x_wconf 88' lang='lat' dir='ltr'><strong>sibi</strong></span> <span class='ocrx_word' id='word_1_329' title='bbox 1121 2578 1390 2659; x_wconf 90' lang='lat' dir='ltr'><strong>proderit</strong></span> <span class='ocrx_word' id='word_1_330' title='bbox 1436 2578 1549 2638; x_wconf 89' lang='lat' dir='ltr'><strong>hoc</strong></span> <span class='ocrx_word' id='word_1_331' title='bbox 1593 2584 1660 2638; x_wconf 88' lang='lat' dir='ltr'><strong>ut</strong></span> <span class='ocrx_word' id='word_1_332' title='bbox 1701 2575 1985 2636; x_wconf 89' lang='lat' dir='ltr'><strong>liberetur</strong></span> <span class='ocrx_word' id='word_1_333' title='bbox 2013 2592 2048 2634; x_wconf 89' lang='lat' dir='ltr'><strong>a</strong></span> 
     </span>
    </p>
   </div>
   <div class='ocr_carea' id='block_1_45' title="bbox 399 2664 2049 2747">
    <p class='ocr_par' dir='ltr' id='par_1_45' title="bbox 399 2664 2049 2747">
     <span class='ocr_line' id='line_1_45' title="bbox 399 2664 2049 2747; baseline -0.003 -19"><span class='ocrx_word' id='word_1_334' title='bbox 399 2666 610 2747; x_wconf 76' lang='lat' dir='ltr'><strong>pCBniS,</strong></span> <span class='ocrx_word' id='word_1_335' title='bbox 645 2668 747 2727; x_wconf 87' lang='lat' dir='ltr'><strong>sed</strong></span> <span class='ocrx_word' id='word_1_336' title='bbox 793 2676 851 2728; x_wconf 92' lang='lat' dir='ltr'><strong>et</strong></span> <span class='ocrx_word' id='word_1_337' title='bbox 901 2668 1141 2747; x_wconf 88' lang='lat' dir='ltr'><strong>majoris</strong></span> <span class='ocrx_word' id='word_1_338' title='bbox 1172 2666 1683 2729; x_wconf 84' lang='lat' dir='ltr'><strong>condemnationis</strong></span> <span class='ocrx_word' id='word_1_339' title='bbox 1731 2682 1906 2725; x_wconf 85' lang='lat' dir='ltr'><strong>causa</strong></span> <span class='ocrx_word' id='word_1_340' title='bbox 1935 2664 2049 2724; x_wconf 90' lang='lat' dir='ltr'><strong>erit</strong></span> 
     </span>
    </p>
   </div>
   <div class='ocr_carea' id='block_1_46' title="bbox 394 2753 2038 2837">
    <p class='ocr_par' dir='ltr' id='par_1_46' title="bbox 394 2753 2038 2837">
     <span class='ocr_line' id='line_1_46' title="bbox 394 2753 2038 2837; baseline -0.002 -20"><span class='ocrx_word' id='word_1_341' title='bbox 394 2756 693 2836; x_wconf 82' lang='lat' dir='ltr'><strong>dignitatis</strong></span> <span class='ocrx_word' id='word_1_342' title='bbox 726 2756 1089 2835; x_wconf 85' lang='lat' dir='ltr'><strong>magnitudo.</strong></span> <span class='ocrx_word' id='word_1_343' title='bbox 1125 2756 1253 2829; x_wconf 89' lang='lat' dir='ltr'><strong>Quo</strong></span> <span class='ocrx_word' id='word_1_344' title='bbox 1289 2756 1417 2837; x_wconf 90' lang='lat' dir='ltr'><strong>plus</strong></span> <span class='ocrx_word' id='word_1_345' title='bbox 1448 2756 1607 2816; x_wconf 90' lang='lat' dir='ltr'><strong>enim</strong></span> <span class='ocrx_word' id='word_1_346' title='bbox 1641 2754 1752 2815; x_wconf 91' lang='lat' dir='ltr'><strong>scit</strong></span> <span class='ocrx_word' id='word_1_347' title='bbox 1781 2753 1881 2833; x_wconf 91' lang='lat' dir='ltr'><strong>qui</strong></span> <span class='ocrx_word' id='word_1_348' title='bbox 1907 2771 2038 2832; x_wconf 84' lang='lat' dir='ltr'><strong>pec-</strong></span> 
     </span>
    </p>
   </div>
   <div class='ocr_carea' id='block_1_47' title="bbox 392 2842 2044 2924">
    <p class='ocr_par' dir='ltr' id='par_1_47' title="bbox 392 2842 2044 2924">
     <span class='ocr_line' id='line_1_47' title="bbox 392 2842 2044 2924; baseline -0.001 -20"><span class='ocrx_word' id='word_1_349' title='bbox 392 2852 675 2924; x_wconf 88' lang='lat' dir='ltr'><strong>cat,tanto</strong></span> <span class='ocrx_word' id='word_1_350' title='bbox 706 2845 1041 2923; x_wconf 83' lang='lat' dir='ltr'><strong>graviorem</strong></span> <span class='ocrx_word' id='word_1_351' title='bbox 1080 2862 1311 2923; x_wconf 71' lang='lat' dir='ltr'><strong>pmnam</strong></span> <span class='ocrx_word' id='word_1_352' title='bbox 1347 2843 1459 2905; x_wconf 89' lang='lat' dir='ltr'><strong>sibi</strong></span> <span class='ocrx_word' id='word_1_353' title='bbox 1489 2842 1839 2905; x_wconf 84' lang='lat' dir='ltr'><strong>accersit.Et</strong></span> <span class='ocrx_word' id='word_1_354' title='bbox 1866 2842 1925 2902; x_wconf 93' lang='lat' dir='ltr'><strong>in</strong></span> <span class='ocrx_word' id='word_1_355' title='bbox 1958 2860 2044 2903; x_wconf 80' lang='lat' dir='ltr'><strong>se-</strong></span> 
     </span>
    </p>
   </div>
   <div class='ocr_carea' id='block_1_48' title="bbox 391 2932 2045 3013">
    <p class='ocr_par' dir='ltr' id='par_1_48' title="bbox 391 2932 2045 3013">
     <span class='ocr_line' id='line_1_48' title="bbox 391 2932 2045 3013; baseline -0.001 -20"><span class='ocrx_word' id='word_1_356' title='bbox 391 2933 715 3013; x_wconf 89' lang='lat' dir='ltr'><strong>quentibus</strong></span> <span class='ocrx_word' id='word_1_357' title='bbox 748 2935 858 2994; x_wconf 88' lang='lat' dir='ltr'><strong>hoc</strong></span> <span class='ocrx_word' id='word_1_358' title='bbox 892 2933 1263 2996; x_wconf 88' lang='lat' dir='ltr'><strong>manifestius</strong></span> <span class='ocrx_word' id='word_1_359' title='bbox 1280 2932 1480 2997; x_wconf 90' lang='lat' dir='ltr'><strong>ﬁt.Cui</strong></span> <span class='ocrx_word' id='word_1_360' title='bbox 1512 2933 1667 2994; x_wconf 87' lang='lat' dir='ltr'><strong>enim</strong></span> <span class='ocrx_word' id='word_1_361' title='bbox 1720 2932 1919 2992; x_wconf 91' lang='lat' dir='ltr'><strong>datum</strong></span> <span class='ocrx_word' id='word_1_362' title='bbox 1952 2938 2045 2992; x_wconf 90' lang='lat' dir='ltr'><strong>est</strong></span> 
     </span>
    </p>
   </div>
   <div class='ocr_carea' id='block_1_49' title="bbox 394 3019 2041 3105">
    <p class='ocr_par' dir='ltr' id='par_1_49' title="bbox 394 3019 2041 3105">
     <span class='ocr_line' id='line_1_49' title="bbox 394 3019 2041 3105; baseline -0.001 -22"><span class='ocrx_word' id='word_1_363' title='bbox 394 3022 666 3099; x_wconf 88' lang='lat' dir='ltr'><strong>multum,</strong></span> <span class='ocrx_word' id='word_1_364' title='bbox 705 3022 777 3085; x_wconf 89' lang='lat' dir='ltr'><strong>ab</strong></span> <span class='ocrx_word' id='word_1_365' title='bbox 811 3042 881 3084; x_wconf 91' lang='lat' dir='ltr'><strong>eo</strong></span> <span class='ocrx_word' id='word_1_366' title='bbox 918 3023 1260 3105; x_wconf 88' lang='lat' dir='ltr'><strong>requiretur</strong></span> <span class='ocrx_word' id='word_1_367' title='bbox 1303 3023 1479 3085; x_wconf 91' lang='lat' dir='ltr'><strong>etiam</strong></span> <span class='ocrx_word' id='word_1_368' title='bbox 1530 3023 1780 3083; x_wconf 90' lang='lat' dir='ltr'><strong>multum</strong></span> <span class='ocrx_word' id='word_1_369' title='bbox 1812 3038 1824 3083; x_wconf 88' lang='lat'><strong>:</strong></span> <span class='ocrx_word' id='word_1_370' title='bbox 1861 3030 1918 3083; x_wconf 92' lang='lat' dir='ltr'><strong>et</strong></span> <span class='ocrx_word' id='word_1_371' title='bbox 1949 3019 2041 3082; x_wconf 90' lang='lat' dir='ltr'><strong>cui</strong></span> 
     </span>
    </p>
   </div>
   <div class='ocr_carea' id='block_1_50' title="bbox 2139 2038 3789 2125">
    <p class='ocr_par' dir='ltr' id='par_1_50' title="bbox 2139 2038 3789 2125">
     <span class='ocr_line' id='line_1_50' title="bbox 2139 2038 3789 2125; baseline 0 -26"><span class='ocrx_word' id='word_1_372' title='bbox 2139 2046 2370 2114; x_wconf 78' lang='grc' dir='ltr'>ποιήσας</span> <span class='ocrx_word' id='word_1_373' title='bbox 2432 2045 2486 2102; x_wconf 81' lang='grc' dir='ltr'>δὲ</span> <span class='ocrx_word' id='word_1_374' title='bbox 2543 2045 2660 2112; x_wconf 78' lang='grc' dir='ltr'>ἄξια</span> <span class='ocrx_word' id='word_1_375' title='bbox 2716 2045 2964 2125; x_wconf 77' lang='grc' dir='ltr'><strong>πληγῶν,</strong></span> <span class='ocrx_word' id='word_1_376' title='bbox 2998 2044 3277 2125; x_wconf 71' lang='grc' dir='ltr'>δαρήσεται</span> <span class='ocrx_word' id='word_1_377' title='bbox 3310 2043 3515 2123; x_wconf 82' lang='grc' dir='ltr'>ὀλίγας·</span> <span class='ocrx_word' id='word_1_378' title='bbox 3550 2045 3706 2100; x_wconf 82' lang='grc' dir='ltr'>παντὶ</span> <span class='ocrx_word' id='word_1_379' title='bbox 3735 2038 3789 2099; x_wconf 74' lang='grc' dir='ltr'>δὲ</span> 
     </span>
    </p>
   </div>
   <div class='ocr_carea' id='block_1_51' title="bbox 2137 2132 3790 2213">
    <p class='ocr_par' dir='ltr' id='par_1_51' title="bbox 2137 2132 3790 2213">
     <span class='ocr_line' id='line_1_51' title="bbox 2137 2132 3790 2213; baseline -0.001 -23"><span class='ocrx_word' id='word_1_380' title='bbox 2137 2134 2183 2208; x_wconf 85' lang='grc' dir='ltr'>ᾦ</span> <span class='ocrx_word' id='word_1_381' title='bbox 2252 2132 2405 2202; x_wconf 82' lang='grc' dir='ltr'>ἐδόθη</span> <span class='ocrx_word' id='word_1_382' title='bbox 2462 2134 2623 2210; x_wconf 80' lang='grc' dir='ltr'>πολὺ,</span> <span class='ocrx_word' id='word_1_383' title='bbox 2680 2136 2817 2191; x_wconf 78' lang='grc' dir='ltr'>πολὺ</span> <span class='ocrx_word' id='word_1_384' title='bbox 2872 2137 3231 2206; x_wconf 77' lang='grc' dir='ltr'>ζητηθήσεται</span> <span class='ocrx_word' id='word_1_385' title='bbox 3262 2134 3386 2213; x_wconf 86' lang='grc' dir='ltr'>παρ’</span> <span class='ocrx_word' id='word_1_386' title='bbox 3417 2135 3597 2211; x_wconf 73' lang='grc' dir='ltr'>αὐτοῦ,</span> <span class='ocrx_word' id='word_1_387' title='bbox 3628 2135 3717 2189; x_wconf 85' lang='grc' dir='ltr'><strong>καὶ</strong></span> <span class='ocrx_word' id='word_1_388' title='bbox 3744 2137 3790 2206; x_wconf 76' lang='grc' dir='ltr'>ᾧ</span> 
     </span>
    </p>
   </div>
   <div class='ocr_carea' id='block_1_52' title="bbox 2124 2222 3782 2305">
    <p class='ocr_par' dir='ltr' id='par_1_52' title="bbox 2124 2222 3782 2305">
     <span class='ocr_line' id='line_1_52' title="bbox 2124 2222 3782 2305; baseline 0.001 -26"><span class='ocrx_word' id='word_1_389' title='bbox 2124 2222 2409 2301; x_wconf 75' lang='grc' dir='ltr'>παρέθεντο</span> <span class='ocrx_word' id='word_1_390' title='bbox 2463 2224 2625 2305; x_wconf 84' lang='grc' dir='ltr'>πολὺ,</span> <span class='ocrx_word' id='word_1_391' title='bbox 2698 2225 3070 2305; x_wconf 83' lang='grc' dir='ltr'>περισσότερον</span> <span class='ocrx_word' id='word_1_392' title='bbox 3144 2224 3452 2294; x_wconf 77' lang='grc' dir='ltr'>αἰτήσουσιν</span> <span class='ocrx_word' id='word_1_393' title='bbox 3514 2222 3700 2284; x_wconf 78' lang='grc' dir='ltr'>αὐτόν.</span> <span class='ocrx_word' id='word_1_394' title='bbox 3752 2242 3782 2281; x_wconf 81' lang='grc'><strong>)</strong></span> 
     </span>
    </p>
   </div>
   <div class='ocr_carea' id='block_1_53' title="bbox 2126 2310 3775 2393">
    <p class='ocr_par' dir='ltr' id='par_1_53' title="bbox 2126 2310 3775 2393">
     <span class='ocr_line' id='line_1_53' title="bbox 2126 2310 3775 2393; baseline -0.001 -24"><span class='ocrx_word' id='word_1_395' title='bbox 2126 2311 2377 2369; x_wconf 72' lang='grc' dir='ltr'>Ἐνταῦθα</span> <span class='ocrx_word' id='word_1_396' title='bbox 2430 2316 2541 2370; x_wconf 78' lang='grc' dir='ltr'>καὶ.</span> <span class='ocrx_word' id='word_1_397' title='bbox 2572 2314 2762 2371; x_wconf 81' lang='grc' dir='ltr'>πλεῖόν</span> <span class='ocrx_word' id='word_1_398' title='bbox 2815 2336 2865 2370; x_wconf 89' lang='grc' dir='ltr'><strong>τι</strong></span> <span class='ocrx_word' id='word_1_399' title='bbox 2938 2314 3025 2370; x_wconf 84' lang='grc' dir='ltr'><strong>καὶ</strong></span> <span class='ocrx_word' id='word_1_400' title='bbox 3063 2311 3419 2393; x_wconf 71' lang='grc' dir='ltr'>φοϐερώτερον</span> <span class='ocrx_word' id='word_1_401' title='bbox 3461 2310 3775 2369; x_wconf 76' lang='grc' dir='ltr'>ὑποδείκνυ-</span> 
     </span>
    </p>
   </div>
   <div class='ocr_carea' id='block_1_54' title="bbox 2127 2401 3785 2482">
    <p class='ocr_par' dir='ltr' id='par_1_54' title="bbox 2127 2401 3785 2482">
     <span class='ocr_line' id='line_1_54' title="bbox 2127 2401 3785 2482; baseline 0.001 -27"><span class='ocrx_word' id='word_1_402' title='bbox 2127 2423 2205 2455; x_wconf 73' lang='grc' dir='ltr'><strong>σιν</strong></span> <span class='ocrx_word' id='word_1_403' title='bbox 2262 2401 2401 2477; x_wconf 73' lang='grc' dir='ltr'>ἡμῖν</span> <span class='ocrx_word' id='word_1_404' title='bbox 2458 2404 2486 2459; x_wconf 91' lang='lat'><strong>6</strong></span> <span class='ocrx_word' id='word_1_405' title='bbox 2550 2405 2756 2482; x_wconf 77' lang='grc' dir='ltr'>Κύριος.</span> <span class='ocrx_word' id='word_1_406' title='bbox 2821 2402 2893 2461; x_wconf 76' lang='grc' dir='ltr'>Οὒ</span> <span class='ocrx_word' id='word_1_407' title='bbox 2951 2404 3113 2479; x_wconf 89' lang='grc' dir='ltr'>μόνον</span> <span class='ocrx_word' id='word_1_408' title='bbox 3137 2403 3258 2482; x_wconf 77' lang='grc' dir='ltr'>γὰρ,</span> <span class='ocrx_word' id='word_1_409' title='bbox 3292 2405 3445 2482; x_wconf 74' lang='grc' dir='ltr'>φησὶ,</span> <span class='ocrx_word' id='word_1_410' title='bbox 3478 2405 3569 2458; x_wconf 74' lang='grc' dir='ltr'>τοῦ</span> <span class='ocrx_word' id='word_1_411' title='bbox 3612 2423 3785 2481; x_wconf 84' lang='grc' dir='ltr'>χαρι-</span> 
     </span>
    </p>
   </div>
   <div class='ocr_carea' id='block_1_55' title="bbox 2128 2488 3787 2569">
    <p class='ocr_par' dir='ltr' id='par_1_55' title="bbox 2128 2488 3787 2569">
     <span class='ocr_line' id='line_1_55' title="bbox 2128 2488 3787 2569; baseline 0.002 -25"><span class='ocrx_word' id='word_1_412' title='bbox 2128 2511 2329 2564; x_wconf 88' lang='grc' dir='ltr'>σματος</span> <span class='ocrx_word' id='word_1_413' title='bbox 2388 2494 2788 2569; x_wconf 70' lang='grc' dir='ltr'>γυμνωθὴσεται</span> <span class='ocrx_word' id='word_1_414' title='bbox 2875 2494 2902 2547; x_wconf 90' lang='lat'><strong>6</strong></span> <span class='ocrx_word' id='word_1_415' title='bbox 2956 2500 3217 2565; x_wconf 79' lang='grc' dir='ltr'>τοιοῦτος,</span> <span class='ocrx_word' id='word_1_416' title='bbox 3289 2492 3378 2548; x_wconf 87' lang='grc' dir='ltr'><strong>καὶ</strong></span> <span class='ocrx_word' id='word_1_417' title='bbox 3434 2490 3581 2548; x_wconf 59' lang='grc' dir='ltr'>οωὲν</span> <span class='ocrx_word' id='word_1_418' title='bbox 3639 2488 3787 2565; x_wconf 75' lang='grc' dir='ltr'>αὖτῷ</span> 
     </span>
    </p>
   </div>
   <div class='ocr_carea' id='block_1_56' title="bbox 2128 2576 3789 2661">
    <p class='ocr_par' dir='ltr' id='par_1_56' title="bbox 2128 2576 3789 2661">
     <span class='ocr_line' id='line_1_56' title="bbox 2128 2576 3789 2661; baseline 0.001 -27"><span class='ocrx_word' id='word_1_419' title='bbox 2128 2576 2480 2653; x_wconf 79' lang='grc' dir='ltr'>συμϐαλεῖται</span> <span class='ocrx_word' id='word_1_420' title='bbox 2537 2582 2667 2661; x_wconf 80' lang='grc' dir='ltr'>πρὸς</span> <span class='ocrx_word' id='word_1_421' title='bbox 2723 2580 3043 2659; x_wconf 76' lang='grc' dir='ltr'>ἀπαλλαγὴν</span> <span class='ocrx_word' id='word_1_422' title='bbox 3118 2587 3225 2638; x_wconf 85' lang='grc' dir='ltr'>τῶν</span> <span class='ocrx_word' id='word_1_423' title='bbox 3292 2578 3585 2655; x_wconf 76' lang='grc' dir='ltr'>κολάσεων,</span> <span class='ocrx_word' id='word_1_424' title='bbox 3644 2578 3789 2636; x_wconf 77' lang='grc' dir='ltr'>ἀλλὰ</span> 
     </span>
    </p>
   </div>
   <div class='ocr_carea' id='block_1_57' title="bbox 2126 2668 3785 2749">
    <p class='ocr_par' dir='ltr' id='par_1_57' title="bbox 2126 2668 3785 2749">
     <span class='ocr_line' id='line_1_57' title="bbox 2126 2668 3785 2749; baseline 0.001 -25"><span class='ocrx_word' id='word_1_425' title='bbox 2126 2669 2214 2724; x_wconf 84' lang='grc' dir='ltr'><strong>καὶ</strong></span> <span class='ocrx_word' id='word_1_426' title='bbox 2273 2670 2514 2745; x_wconf 81' lang='grc' dir='ltr'>μείζονος</span> <span class='ocrx_word' id='word_1_427' title='bbox 2568 2674 2712 2746; x_wconf 76' lang='grc' dir='ltr'>αὐτῷ</span> <span class='ocrx_word' id='word_1_428' title='bbox 2768 2670 3127 2749; x_wconf 77' lang='grc' dir='ltr'>κατακρίσεως</span> <span class='ocrx_word' id='word_1_429' title='bbox 3185 2668 3360 2727; x_wconf 78' lang='grc' dir='ltr'>αἴτιον</span> <span class='ocrx_word' id='word_1_430' title='bbox 3390 2671 3671 2749; x_wconf 81' lang='grc' dir='ltr'>γενήσεται</span> <span class='ocrx_word' id='word_1_431' title='bbox 3718 2672 3785 2725; x_wconf 80' lang='grc' dir='ltr'>τὸ</span> 
     </span>
    </p>
   </div>
   <div class='ocr_carea' id='block_1_58' title="bbox 2126 2754 3783 2839">
    <p class='ocr_par' dir='ltr' id='par_1_58' title="bbox 2126 2754 3783 2839">
     <span class='ocr_line' id='line_1_58' title="bbox 2126 2754 3783 2839; baseline 0.001 -27"><span class='ocrx_word' id='word_1_432' title='bbox 2126 2764 2219 2813; x_wconf 80' lang='grc' dir='ltr'><strong>τοῦ</strong></span> <span class='ocrx_word' id='word_1_433' title='bbox 2275 2755 2577 2835; x_wconf 82' lang='grc' dir='ltr'>ἀξιώματος</span> <span class='ocrx_word' id='word_1_434' title='bbox 2646 2759 2890 2838; x_wconf 83' lang='grc' dir='ltr'>μέγεθος.</span> <span class='ocrx_word' id='word_1_435' title='bbox 2944 2754 3111 2834; x_wconf 72' lang='grc' dir='ltr'><strong>”¹Οσῳ</strong></span> <span class='ocrx_word' id='word_1_436' title='bbox 3152 2761 3251 2839; x_wconf 82' lang='grc' dir='ltr'><strong>γὰρ</strong></span> <span class='ocrx_word' id='word_1_437' title='bbox 3280 2760 3557 2839; x_wconf 80' lang='grc' dir='ltr'>γινώσκων</span> <span class='ocrx_word' id='word_1_438' title='bbox 3599 2757 3783 2814; x_wconf 74' lang='grc' dir='ltr'>ἕπταιο</span> 
     </span>
    </p>
   </div>
   <div class='ocr_carea' id='block_1_59' title="bbox 2124 2848 3784 2929">
    <p class='ocr_par' dir='ltr' id='par_1_59' title="bbox 2124 2848 3784 2929">
     <span class='ocr_line' id='line_1_59' title="bbox 2124 2848 3784 2929; baseline 0.001 -28"><span class='ocrx_word' id='word_1_439' title='bbox 2124 2867 2208 2920; x_wconf 91' lang='grc' dir='ltr'><strong>σε,</strong></span> <span class='ocrx_word' id='word_1_440' title='bbox 2280 2848 2518 2921; x_wconf 78' lang='grc' dir='ltr'>τοσούτῳ</span> <span class='ocrx_word' id='word_1_441' title='bbox 2576 2848 2789 2925; x_wconf 85' lang='grc' dir='ltr'>μείζονα</span> <span class='ocrx_word' id='word_1_442' title='bbox 2843 2849 2942 2919; x_wconf 70' lang='grc' dir='ltr'><strong>τήν</strong></span> <span class='ocrx_word' id='word_1_443' title='bbox 3042 2851 3298 2929; x_wconf 86' lang='grc' dir='ltr'>τιμωρίαν</span> <span class='ocrx_word' id='word_1_444' title='bbox 3374 2848 3544 2921; x_wconf 72' lang='grc' dir='ltr'>ἑαυτῷ</span> <span class='ocrx_word' id='word_1_445' title='bbox 3631 2868 3784 2927; x_wconf 60' lang='grc' dir='ltr'>περι-</span> 
     </span>
    </p>
   </div>
   <div class='ocr_carea' id='block_1_60' title="bbox 2124 2935 3783 3017">
    <p class='ocr_par' dir='ltr' id='par_1_60' title="bbox 2124 2935 3783 3017">
     <span class='ocr_line' id='line_1_60' title="bbox 2124 2935 3783 3017; baseline 0.001 -27"><span class='ocrx_word' id='word_1_446' title='bbox 2124 2947 2388 3017; x_wconf 55' lang='grc' dir='ltr'><strong>ποιεῖταιζ</strong></span> <span class='ocrx_word' id='word_1_447' title='bbox 2449 2938 2547 2993; x_wconf 81' lang='grc' dir='ltr'><strong>Καὶ</strong></span> <span class='ocrx_word' id='word_1_448' title='bbox 2604 2935 2689 2994; x_wconf 80' lang='grc' dir='ltr'>διὰ</span> <span class='ocrx_word' id='word_1_449' title='bbox 2718 2944 2822 2994; x_wconf 81' lang='grc' dir='ltr'><strong>τῶν</strong></span> <span class='ocrx_word' id='word_1_450' title='bbox 2868 2937 3061 3017; x_wconf 63' lang='grc' dir='ltr'>ἔφεξῆς</span> <span class='ocrx_word' id='word_1_451' title='bbox 3118 2935 3173 2993; x_wconf 76' lang='grc' dir='ltr'>δὲ</span> <span class='ocrx_word' id='word_1_452' title='bbox 3257 2936 3577 3016; x_wconf 74' lang='grc' dir='ltr'>σαφέστερον</span> <span class='ocrx_word' id='word_1_453' title='bbox 3623 2943 3783 2993; x_wconf 80' lang='grc' dir='ltr'>τοῦτο</span> 
     </span>
    </p>
   </div>
   <div class='ocr_carea' id='block_1_61' title="bbox 2125 3014 3781 3109">
    <p class='ocr_par' dir='ltr' id='par_1_61' title="bbox 2125 3014 3781 3109">
     <span class='ocr_line' id='line_1_61' title="bbox 2125 3014 3781 3109; baseline 0 -29"><span class='ocrx_word' id='word_1_454' title='bbox 2125 3037 2294 3087; x_wconf 80' lang='grc' dir='ltr'>ποιεῖ.</span> <span class='ocrx_word' id='word_1_455' title='bbox 2354 3014 2418 3105; x_wconf 51' lang='grc' dir='ltr'><strong>τῼ</strong></span> <span class='ocrx_word' id='word_1_456' title='bbox 2489 3028 2589 3105; x_wconf 82' lang='grc' dir='ltr'>γὰρ</span> <span class='ocrx_word' id='word_1_457' title='bbox 2632 3025 2811 3107; x_wconf 80' lang='grc' dir='ltr'>ἐδόθη,</span> <span class='ocrx_word' id='word_1_458' title='bbox 2845 3014 2995 3109; x_wconf 80' lang='grc' dir='ltr'>φησὶ,</span> <span class='ocrx_word' id='word_1_459' title='bbox 3032 3025 3187 3100; x_wconf 86' lang='grc' dir='ltr'>πολὺ,</span> <span class='ocrx_word' id='word_1_460' title='bbox 3219 3027 3306 3083; x_wconf 83' lang='grc' dir='ltr'><strong>καὶ</strong></span> <span class='ocrx_word' id='word_1_461' title='bbox 3342 3014 3484 3083; x_wconf 82' lang='grc' dir='ltr'>πολὺ</span> <span class='ocrx_word' id='word_1_462' title='bbox 3531 3028 3781 3097; x_wconf 74' lang='grc' dir='ltr'>ζητηθή-</span> 
     </span>
    </p>
   </div>
   <div class='ocr_carea' id='block_1_62' title="bbox 395 3111 2045 3196">
    <p class='ocr_par' dir='ltr' id='par_1_62' title="bbox 395 3111 2044 3193">
     <span class='ocr_line' id='line_1_62' title="bbox 395 3111 2044 3193; baseline -0.002 -20"><span class='ocrx_word' id='word_1_463' title='bbox 395 3112 963 3174; x_wconf 88' lang='lat' dir='ltr'><strong>commendaverunt</strong></span> <span class='ocrx_word' id='word_1_464' title='bbox 996 3112 1271 3193; x_wconf 89' lang='lat' dir='ltr'><strong>multum,</strong></span> <span class='ocrx_word' id='word_1_465' title='bbox 1306 3112 1435 3191; x_wconf 84' lang='lat' dir='ltr'><strong>plus</strong></span> <span class='ocrx_word' id='word_1_466' title='bbox 1466 3119 1666 3193; x_wconf 77' lang='lat' dir='ltr'><strong>petent</strong></span> <span class='ocrx_word' id='word_1_467' title='bbox 1695 3111 1766 3172; x_wconf 89' lang='lat' dir='ltr'><strong>ab</strong></span> <span class='ocrx_word' id='word_1_468' title='bbox 1798 3128 1890 3172; x_wconf 89' lang='lat' dir='ltr'><strong>eo.</strong></span> <span class='ocrx_word' id='word_1_469' title='bbox 1928 3111 2044 3172; x_wconf 90' lang='lat' dir='ltr'><strong>Per</strong></span> 
     </span>
    </p>
   </div>
   <div class='ocr_carea' id='block_1_63' title="bbox 2129 3111 3781 3196">
    <p class='ocr_par' dir='ltr' id='par_1_63' title="bbox 2129 3111 3781 3196">
     <span class='ocr_line' id='line_1_63' title="bbox 2129 3111 3781 3196; baseline 0.001 -27"><span class='ocrx_word' id='word_1_470' title='bbox 2129 3135 2273 3170; x_wconf 81' lang='grc' dir='ltr'>σεται</span> <span class='ocrx_word' id='word_1_471' title='bbox 2333 3111 2457 3194; x_wconf 86' lang='grc' dir='ltr'>παρ’</span> <span class='ocrx_word' id='word_1_472' title='bbox 2516 3116 2697 3196; x_wconf 64' lang='grc' dir='ltr'>αὺτοῦ,</span> <span class='ocrx_word' id='word_1_473' title='bbox 2770 3117 2859 3173; x_wconf 79' lang='grc' dir='ltr'><strong>καὶ</strong></span> <span class='ocrx_word' id='word_1_474' title='bbox 2914 3120 2959 3191; x_wconf 81' lang='grc' dir='ltr'>ᾧ</span> <span class='ocrx_word' id='word_1_475' title='bbox 3014 3115 3300 3192; x_wconf 79' lang='grc' dir='ltr'>παρέθεντο</span> <span class='ocrx_word' id='word_1_476' title='bbox 3330 3114 3488 3195; x_wconf 81' lang='grc' dir='ltr'>πολὺ,</span> <span class='ocrx_word' id='word_1_477' title='bbox 3519 3116 3781 3195; x_wconf 81' lang='grc' dir='ltr'>περισσό-</span> 
     </span>
    </p>
   </div>
   <div class='ocr_carea' id='block_1_64' title="bbox 392 3199 2044 3282">
    <p class='ocr_par' dir='ltr' id='par_1_64' title="bbox 392 3199 2044 3282">
     <span class='ocr_line' id='line_1_64' title="bbox 392 3199 2044 3282; baseline -0.002 -20"><span class='ocrx_word' id='word_1_478' title='bbox 392 3202 504 3262; x_wconf 92' lang='lat' dir='ltr'><strong>hoc</strong></span> <span class='ocrx_word' id='word_1_479' title='bbox 537 3201 695 3261; x_wconf 90' lang='lat' dir='ltr'><strong>enim</strong></span> <span class='ocrx_word' id='word_1_480' title='bbox 729 3201 1016 3282; x_wconf 84' lang='lat' dir='ltr'><strong>signatur,</strong></span> <span class='ocrx_word' id='word_1_481' title='bbox 1049 3220 1280 3282; x_wconf 72' lang='lat' dir='ltr'><strong>pmnam</strong></span> <span class='ocrx_word' id='word_1_482' title='bbox 1306 3220 1480 3282; x_wconf 92' lang='lat' dir='ltr'><strong>quam</strong></span> <span class='ocrx_word' id='word_1_483' title='bbox 1515 3208 1819 3262; x_wconf 89' lang='lat' dir='ltr'><strong>merentur</strong></span> <span class='ocrx_word' id='word_1_484' title='bbox 1841 3199 2044 3260; x_wconf 92' lang='lat' dir='ltr'><strong>docto-</strong></span> 
     </span>
    </p>
   </div>
   <div class='ocr_carea' id='block_1_65' title="bbox 402 3288 2041 3368">
    <p class='ocr_par' dir='ltr' id='par_1_65' title="bbox 402 3288 2041 3368">
     <span class='ocr_line' id='line_1_65' title="bbox 402 3288 2041 3368; baseline -0.001 -19"><span class='ocrx_word' id='word_1_485' title='bbox 402 3307 523 3363; x_wconf 92' lang='lat' dir='ltr'><strong>res,</strong></span> <span class='ocrx_word' id='word_1_486' title='bbox 549 3288 688 3349; x_wconf 69' lang='lat'><strong>380</strong></span> <span class='ocrx_word' id='word_1_487' title='bbox 709 3289 959 3349; x_wconf 87' lang='lat' dir='ltr'><strong>futuram</strong></span> <span class='ocrx_word' id='word_1_488' title='bbox 994 3292 1309 3368; x_wconf 80' lang='lat' dir='ltr'><strong>majorem.</strong></span> <span class='ocrx_word' id='word_1_489' title='bbox 1357 3289 1537 3351; x_wconf 89' lang='lat' dir='ltr'><strong>Datur</strong></span> <span class='ocrx_word' id='word_1_490' title='bbox 1579 3289 1756 3368; x_wconf 88' lang='lat' dir='ltr'><strong>igitur</strong></span> <span class='ocrx_word' id='word_1_491' title='bbox 1785 3300 1843 3351; x_wconf 91' lang='lat' dir='ltr'><strong>et</strong></span> <span class='ocrx_word' id='word_1_492' title='bbox 1872 3304 2041 3351; x_wconf 88' lang='lat' dir='ltr'><strong>com-</strong></span> 
     </span>
    </p>
   </div>
   <div class='ocr_carea' id='block_1_66' title="bbox 401 3377 2045 3459">
    <p class='ocr_par' dir='ltr' id='par_1_66' title="bbox 401 3377 2045 3459">
     <span class='ocr_line' id='line_1_66' title="bbox 401 3377 2045 3459; baseline 0 -21"><span class='ocrx_word' id='word_1_493' title='bbox 401 3377 714 3440; x_wconf 86' lang='lat' dir='ltr'><strong>mendatur</strong></span> <span class='ocrx_word' id='word_1_494' title='bbox 744 3378 1088 3441; x_wconf 88' lang='lat' dir='ltr'><strong>doctoribus</strong></span> <span class='ocrx_word' id='word_1_495' title='bbox 1116 3399 1129 3440; x_wconf 91' lang='lat'><strong>:</strong></span> <span class='ocrx_word' id='word_1_496' title='bbox 1168 3380 1340 3441; x_wconf 84' lang='lat' dir='ltr'><strong>datur</strong></span> <span class='ocrx_word' id='word_1_497' title='bbox 1366 3380 1634 3459; x_wconf 83' lang='lat' dir='ltr'><strong>quidem,</strong></span> <span class='ocrx_word' id='word_1_498' title='bbox 1669 3386 1730 3439; x_wconf 93' lang='lat' dir='ltr'><strong>ut</strong></span> <span class='ocrx_word' id='word_1_499' title='bbox 1752 3377 1936 3457; x_wconf 86' lang='lat' dir='ltr'><strong>gratia</strong></span> <span class='ocrx_word' id='word_1_500' title='bbox 1956 3396 2045 3438; x_wconf 84' lang='lat' dir='ltr'><strong>sa-</strong></span> 
     </span>
    </p>
   </div>
   <div class='ocr_carea' id='block_1_67' title="bbox 395 3465 2043 3544">
    <p class='ocr_par' dir='ltr' id='par_1_67' title="bbox 395 3465 2043 3544">
     <span class='ocr_line' id='line_1_67' title="bbox 395 3465 2043 3544; baseline -0.001 -17"><span class='ocrx_word' id='word_1_501' title='bbox 395 3466 574 3528; x_wconf 89' lang='lat' dir='ltr'><strong>nandi</strong></span> <span class='ocrx_word' id='word_1_502' title='bbox 610 3465 870 3541; x_wconf 91' lang='lat' dir='ltr'><strong>morbos,</strong></span> <span class='ocrx_word' id='word_1_503' title='bbox 908 3478 965 3531; x_wconf 89' lang='lat' dir='ltr'><strong>et</strong></span> <span class='ocrx_word' id='word_1_504' title='bbox 995 3467 1249 3529; x_wconf 82' lang='lat' dir='ltr'><strong>faciendi</strong></span> <span class='ocrx_word' id='word_1_505' title='bbox 1275 3465 2043 3544; x_wconf 83' lang='lat' dir='ltr'><strong>miracula,commendalur</strong></span> 
     </span>
    </p>
   </div>
   <div class='ocr_carea' id='block_1_68' title="bbox 390 3555 2037 3630">
    <p class='ocr_par' dir='ltr' id='par_1_68' title="bbox 390 3555 2037 3630">
     <span class='ocr_line' id='line_1_68' title="bbox 390 3555 2037 3630; baseline -0.002 -12"><span class='ocrx_word' id='word_1_506' title='bbox 390 3564 587 3618; x_wconf 87' lang='lat' dir='ltr'><strong>autem</strong></span> <span class='ocrx_word' id='word_1_507' title='bbox 613 3556 700 3618; x_wconf 91' lang='lat' dir='ltr'><strong>eis</strong></span> <span class='ocrx_word' id='word_1_508' title='bbox 730 3555 893 3618; x_wconf 86' lang='lat' dir='ltr'><strong>verbi</strong></span> <span class='ocrx_word' id='word_1_509' title='bbox 918 3569 974 3617; x_wconf 91' lang='lat' dir='ltr'><strong>et</strong></span> <span class='ocrx_word' id='word_1_510' title='bbox 1007 3557 1294 3619; x_wconf 66' lang='lat' dir='ltr'><strong>doctrinae</strong></span> <span class='ocrx_word' id='word_1_511' title='bbox 1321 3559 1567 3621; x_wconf 90' lang='lat' dir='ltr'><strong>donum.</strong></span> <span class='ocrx_word' id='word_1_512' title='bbox 1602 3558 1676 3618; x_wconf 90' lang='lat' dir='ltr'><strong>Et</strong></span> <span class='ocrx_word' id='word_1_513' title='bbox 1704 3576 1837 3618; x_wconf 90' lang='lat' dir='ltr'><strong>cum</strong></span> <span class='ocrx_word' id='word_1_514' title='bbox 1869 3555 2037 3630; x_wconf 84' lang='lat' dir='ltr'><strong>dixit,</strong></span> 
     </span>
    </p>
   </div>
   <div class='ocr_carea' id='block_1_69' title="bbox 391 3645 2041 3728">
    <p class='ocr_par' dir='ltr' id='par_1_69' title="bbox 391 3645 2041 3728">
     <span class='ocr_line' id='line_1_69' title="bbox 391 3645 2041 3728; baseline -0.003 -19"><span class='ocrx_word' id='word_1_515' title='bbox 391 3649 595 3719; x_wconf 88' lang='lat' dir='ltr'><strong>Datur,</strong></span> <span class='ocrx_word' id='word_1_516' title='bbox 624 3665 741 3707; x_wconf 88' lang='lat' dir='ltr'><strong>non</strong></span> <span class='ocrx_word' id='word_1_517' title='bbox 775 3646 1100 3727; x_wconf 90' lang='lat' dir='ltr'><strong>subjungit,</strong></span> <span class='ocrx_word' id='word_1_518' title='bbox 1135 3648 1407 3728; x_wconf 87' lang='lat' dir='ltr'><strong>Amplius</strong></span> <span class='ocrx_word' id='word_1_519' title='bbox 1439 3648 1680 3726; x_wconf 81' lang='lat' dir='ltr'><strong>exigent</strong></span> <span class='ocrx_word' id='word_1_520' title='bbox 1706 3665 1721 3710; x_wconf 89' lang='lat'><strong>:</strong></span> <span class='ocrx_word' id='word_1_521' title='bbox 1748 3645 1851 3707; x_wconf 92' lang='lat' dir='ltr'><strong>sed</strong></span> <span class='ocrx_word' id='word_1_522' title='bbox 1907 3663 2041 3706; x_wconf 91' lang='lat' dir='ltr'><strong>cum</strong></span> 
     </span>
    </p>
   </div>
   <div class='ocr_carea' id='block_1_70' title="bbox 396 3733 2041 3817">
    <p class='ocr_par' dir='ltr' id='par_1_70' title="bbox 396 3733 2041 3817">
     <span class='ocr_line' id='line_1_70' title="bbox 396 3733 2041 3817; baseline -0.001 -21"><span class='ocrx_word' id='word_1_523' title='bbox 396 3733 566 3809; x_wconf 82' lang='lat' dir='ltr'><strong>dixit,</strong></span> <span class='ocrx_word' id='word_1_524' title='bbox 630 3734 1121 3809; x_wconf 87' lang='lat' dir='ltr'><strong>Commendatur,</strong></span> <span class='ocrx_word' id='word_1_525' title='bbox 1175 3746 1233 3798; x_wconf 90' lang='lat' dir='ltr'><strong>et</strong></span> <span class='ocrx_word' id='word_1_526' title='bbox 1284 3737 1547 3817; x_wconf 82' lang='lat' dir='ltr'><strong>profecto</strong></span> <span class='ocrx_word' id='word_1_527' title='bbox 1602 3737 1822 3797; x_wconf 81' lang='lat' dir='ltr'><strong>donum</strong></span> <span class='ocrx_word' id='word_1_528' title='bbox 1878 3734 2041 3795; x_wconf 90' lang='lat' dir='ltr'><strong>verbi</strong></span> 
     </span>
    </p>
   </div>
   <div class='ocr_carea' id='block_1_71' title="bbox 403 3824 2042 3906">
    <p class='ocr_par' dir='ltr' id='par_1_71' title="bbox 403 3824 2042 3906">
     <span class='ocr_line' id='line_1_71' title="bbox 403 3824 2042 3906; baseline -0.001 -21"><span class='ocrx_word' id='word_1_529' title='bbox 403 3843 555 3905; x_wconf 91' lang='lat' dir='ltr'><strong>opus</strong></span> <span class='ocrx_word' id='word_1_530' title='bbox 602 3825 781 3886; x_wconf 91' lang='lat' dir='ltr'><strong>habet</strong></span> <span class='ocrx_word' id='word_1_531' title='bbox 813 3825 1039 3902; x_wconf 87' lang='lat' dir='ltr'><strong>labore,</strong></span> <span class='ocrx_word' id='word_1_532' title='bbox 1074 3835 1131 3887; x_wconf 90' lang='lat' dir='ltr'><strong>et</strong></span> <span class='ocrx_word' id='word_1_533' title='bbox 1160 3826 1415 3906; x_wconf 90' lang='lat' dir='ltr'><strong>amplius</strong></span> <span class='ocrx_word' id='word_1_534' title='bbox 1453 3824 1754 3903; x_wconf 82' lang='lat' dir='ltr'><strong>exigitura</strong></span> <span class='ocrx_word' id='word_1_535' title='bbox 1782 3824 2042 3885; x_wconf 91' lang='lat' dir='ltr'><strong>doctori-</strong></span> 
     </span>
    </p>
   </div>
   <div class='ocr_carea' id='block_1_72' title="bbox 400 3913 2041 3995">
    <p class='ocr_par' dir='ltr' id='par_1_72' title="bbox 400 3913 2041 3995">
     <span class='ocr_line' id='line_1_72' title="bbox 400 3913 2041 3995; baseline -0.002 -20"><span class='ocrx_word' id='word_1_536' title='bbox 400 3913 509 3975; x_wconf 88' lang='lat' dir='ltr'><strong>bus</strong></span> <span class='ocrx_word' id='word_1_537' title='bbox 543 3913 792 3995; x_wconf 87' lang='lat' dir='ltr'><strong>Oportet</strong></span> <span class='ocrx_word' id='word_1_538' title='bbox 818 3917 975 3976; x_wconf 91' lang='lat' dir='ltr'><strong>enim</strong></span> <span class='ocrx_word' id='word_1_539' title='bbox 1003 3933 1137 3976; x_wconf 90' lang='lat' dir='ltr'><strong>eum</strong></span> <span class='ocrx_word' id='word_1_540' title='bbox 1173 3933 1291 3975; x_wconf 87' lang='lat' dir='ltr'><strong>non</strong></span> <span class='ocrx_word' id='word_1_541' title='bbox 1325 3933 1458 3976; x_wconf 83' lang='lat' dir='ltr'><strong>esse</strong></span> <span class='ocrx_word' id='word_1_542' title='bbox 1490 3913 1759 3974; x_wconf 88' lang='lat' dir='ltr'><strong>desidem</strong></span> <span class='ocrx_word' id='word_1_543' title='bbox 1786 3931 1853 3973; x_wconf 93' lang='lat' dir='ltr'><strong>ac</strong></span> <span class='ocrx_word' id='word_1_544' title='bbox 1875 3915 2041 3992; x_wconf 90' lang='lat' dir='ltr'><strong>igna-</strong></span> 
     </span>
    </p>
   </div>
   <div class='ocr_carea' id='block_1_73' title="bbox 387 4000 2045 4085">
    <p class='ocr_par' dir='ltr' id='par_1_73' title="bbox 387 4000 2045 4085">
     <span class='ocr_line' id='line_1_73' title="bbox 387 4000 2045 4085; baseline 0.001 -25"><span class='ocrx_word' id='word_1_545' title='bbox 387 4021 547 4085; x_wconf 87' lang='lat' dir='ltr'><strong>vum,</strong></span> <span class='ocrx_word' id='word_1_546' title='bbox 582 4004 685 4065; x_wconf 90' lang='lat' dir='ltr'><strong>sed</strong></span> <span class='ocrx_word' id='word_1_547' title='bbox 721 4003 1118 4084; x_wconf 78' lang='lat' dir='ltr'><strong>multiplicare</strong></span> <span class='ocrx_word' id='word_1_548' title='bbox 1167 4003 1450 4065; x_wconf 83' lang='lat' dir='ltr'><strong>talentum</strong></span> <span class='ocrx_word' id='word_1_549' title='bbox 1484 4002 1674 4064; x_wconf 91' lang='lat' dir='ltr'><strong>verbi.</strong></span> <span class='ocrx_word' id='word_1_550' title='bbox 1710 4001 1915 4082; x_wconf 87' lang='lat' dir='ltr'><strong>Igitur,</strong></span> <span class='ocrx_word' id='word_1_551' title='bbox 1949 4000 2045 4063; x_wconf 92' lang='lat' dir='ltr'><strong>cui</strong></span> 
     </span>
    </p>
   </div>
   <div class='ocr_carea' id='block_1_74' title="bbox 387 4090 2036 4175">
    <p class='ocr_par' dir='ltr' id='par_1_74' title="bbox 387 4090 2036 4175">
     <span class='ocr_line' id='line_1_74' title="bbox 387 4090 2036 4175; baseline -0.002 -21"><span class='ocrx_word' id='word_1_552' title='bbox 387 4092 977 4175; x_wconf 89' lang='lat' dir='ltr'><strong>commendaverunt,</strong></span> <span class='ocrx_word' id='word_1_553' title='bbox 1015 4093 1352 4172; x_wconf 85' lang='lat' dir='ltr'><strong>intelligere</strong></span> <span class='ocrx_word' id='word_1_554' title='bbox 1399 4091 1607 4167; x_wconf 89' lang='lat' dir='ltr'><strong>debes,</strong></span> <span class='ocrx_word' id='word_1_555' title='bbox 1641 4092 1737 4153; x_wconf 86' lang='lat' dir='ltr'><strong>cui</strong></span> <span class='ocrx_word' id='word_1_556' title='bbox 1790 4090 2036 4152; x_wconf 92' lang='lat' dir='ltr'><strong>multum</strong></span> 
     </span>
    </p>
   </div>
   <div class='ocr_carea' id='block_1_75' title="bbox 388 4180 2040 4244">
    <p class='ocr_par' dir='ltr' id='par_1_75' title="bbox 388 4180 2040 4244">
     <span class='ocr_line' id='line_1_75' title="bbox 388 4180 2040 4244; baseline -0.002 -1"><span class='ocrx_word' id='word_1_557' title='bbox 388 4183 594 4244; x_wconf 90' lang='lat' dir='ltr'><strong>datum</strong></span> <span class='ocrx_word' id='word_1_558' title='bbox 618 4182 690 4243; x_wconf 90' lang='lat' dir='ltr'><strong>ad</strong></span> <span class='ocrx_word' id='word_1_559' title='bbox 725 4199 987 4243; x_wconf 90' lang='lat' dir='ltr'><strong>usuram.</strong></span> <span class='ocrx_word' id='word_1_560' title='bbox 1024 4182 1273 4244; x_wconf 81' lang='lat' dir='ltr'><strong>bsuram</strong></span> <span class='ocrx_word' id='word_1_561' title='bbox 1298 4182 1457 4243; x_wconf 93' lang='lat' dir='ltr'><strong>enim</strong></span> <span class='ocrx_word' id='word_1_562' title='bbox 1478 4180 1958 4243; x_wconf 90' lang='lat' dir='ltr'><strong>commendatum</strong></span> <span class='ocrx_word' id='word_1_563' title='bbox 1980 4191 2040 4241; x_wconf 89' lang='lat' dir='ltr'><strong>et</strong></span> 
     </span>
    </p>
   </div>
   <div class='ocr_carea' id='block_1_76' title="bbox 388 4268 2034 4353">
    <p class='ocr_par' dir='ltr' id='par_1_76' title="bbox 388 4268 2034 4353">
     <span class='ocr_line' id='line_1_76' title="bbox 388 4268 2034 4353; baseline -0.003 -19"><span class='ocrx_word' id='word_1_564' title='bbox 388 4270 722 4353; x_wconf 89' lang='lat' dir='ltr'><strong>depositum</strong></span> <span class='ocrx_word' id='word_1_565' title='bbox 758 4270 853 4333; x_wconf 89' lang='lat' dir='ltr'><strong>hic</strong></span> <span class='ocrx_word' id='word_1_566' title='bbox 876 4272 1088 4351; x_wconf 85' lang='lat' dir='ltr'><strong>signat.</strong></span> <span class='ocrx_word' id='word_1_567' title='bbox 1123 4272 1195 4332; x_wconf 86' lang='lat' dir='ltr'><strong>At</strong></span> <span class='ocrx_word' id='word_1_568' title='bbox 1234 4279 1370 4332; x_wconf 92' lang='lat' dir='ltr'><strong>sunt</strong></span> <span class='ocrx_word' id='word_1_569' title='bbox 1394 4271 1492 4352; x_wconf 91' lang='lat' dir='ltr'><strong>qui</strong></span> <span class='ocrx_word' id='word_1_570' title='bbox 1526 4279 1790 4351; x_wconf 74' lang='lat' dir='ltr'><strong>quaerant</strong></span> <span class='ocrx_word' id='word_1_571' title='bbox 1824 4290 1837 4332; x_wconf 89' lang='lat'><strong>:</strong></span> <span class='ocrx_word' id='word_1_572' title='bbox 1871 4268 2034 4345; x_wconf 90' lang='lat' dir='ltr'><strong>Esto,</strong></span> 
     </span>
    </p>
   </div>
   <div class='ocr_carea' id='block_1_77' title="bbox 390 4356 2045 4441">
    <p class='ocr_par' dir='ltr' id='par_1_77' title="bbox 390 4356 2042 4440">
     <span class='ocr_line' id='line_1_77' title="bbox 390 4356 2042 4440; baseline -0.002 -19"><span class='ocrx_word' id='word_1_573' title='bbox 390 4361 566 4439; x_wconf 88' lang='lat' dir='ltr'><strong>bene,</strong></span> <span class='ocrx_word' id='word_1_574' title='bbox 594 4358 872 4440; x_wconf 90' lang='lat' dir='ltr'><strong>puniatur</strong></span> <span class='ocrx_word' id='word_1_575' title='bbox 918 4359 970 4419; x_wconf 91' lang='lat' dir='ltr'><strong>is</strong></span> <span class='ocrx_word' id='word_1_576' title='bbox 1012 4362 1111 4440; x_wconf 92' lang='lat' dir='ltr'><strong>qui</strong></span> <span class='ocrx_word' id='word_1_577' title='bbox 1143 4360 1254 4421; x_wconf 88' lang='lat' dir='ltr'><strong>scit</strong></span> <span class='ocrx_word' id='word_1_578' title='bbox 1298 4360 1655 4420; x_wconf 79' lang='lat' dir='ltr'><strong>voluntatem</strong></span> <span class='ocrx_word' id='word_1_579' title='bbox 1688 4356 1951 4438; x_wconf 89' lang='lat' dir='ltr'><strong>Domini,</strong></span> <span class='ocrx_word' id='word_1_580' title='bbox 1985 4366 2042 4418; x_wconf 89' lang='lat' dir='ltr'><strong>et</strong></span> 
     </span>
    </p>
   </div>
   <div class='ocr_carea' id='block_1_78' title="bbox 2129 4356 2499 4441">
    <p class='ocr_par' dir='ltr' id='par_1_78' title="bbox 2129 4361 2499 4441">
     <span class='ocr_line' id='line_1_78' title="bbox 2129 4361 2499 4441; baseline 0 -22"><span class='ocrx_word' id='word_1_581' title='bbox 2129 4363 2222 4441; x_wconf 69' lang='grc' dir='ltr'><strong>γὰρ</strong></span> <span class='ocrx_word' id='word_1_582' title='bbox 2296 4361 2499 4420; x_wconf 84' lang='grc' dir='ltr'>δάνειον</span> 
     </span>
    </p>
   </div>
   <div class='ocr_carea' id='block_1_79' title="bbox 394 4446 2039 4530">
    <p class='ocr_par' dir='ltr' id='par_1_79' title="bbox 394 4446 2039 4530">
     <span class='ocr_line' id='line_1_79' title="bbox 394 4446 2039 4530; baseline -0.002 -19"><span class='ocrx_word' id='word_1_583' title='bbox 394 4469 510 4511; x_wconf 83' lang='lat' dir='ltr'><strong>non</strong></span> <span class='ocrx_word' id='word_1_584' title='bbox 537 4448 669 4515; x_wconf 85' lang='lat' dir='ltr'><strong>facit</strong></span> <span class='ocrx_word' id='word_1_585' title='bbox 699 4466 711 4509; x_wconf 86' lang='lat'><strong>:</strong></span> <span class='ocrx_word' id='word_1_586' title='bbox 739 4447 840 4528; x_wconf 88' lang='lat' dir='ltr'><strong>qui</strong></span> <span class='ocrx_word' id='word_1_587' title='bbox 863 4456 1059 4509; x_wconf 89' lang='lat' dir='ltr'><strong>autem</strong></span> <span class='ocrx_word' id='word_1_588' title='bbox 1088 4448 1488 4530; x_wconf 85' lang='lat' dir='ltr'><strong>nescit,quare</strong></span> <span class='ocrx_word' id='word_1_589' title='bbox 1514 4446 1862 4530; x_wconf 82' lang='lat' dir='ltr'><strong>punitur?Eo</strong></span> <span class='ocrx_word' id='word_1_590' title='bbox 1883 4447 2039 4530; x_wconf 91' lang='lat' dir='ltr'><strong>quod</strong></span> 
     </span>
    </p>
   </div>
   <div class='ocr_carea' id='block_1_80' title="bbox 396 4536 2045 4619">
    <p class='ocr_par' dir='ltr' id='par_1_80' title="bbox 396 4536 2045 4619">
     <span class='ocr_line' id='line_1_80' title="bbox 396 4536 2045 4619; baseline -0.001 -20"><span class='ocrx_word' id='word_1_591' title='bbox 396 4540 691 4617; x_wconf 90' lang='lat' dir='ltr'><strong>potuisset</strong></span> <span class='ocrx_word' id='word_1_592' title='bbox 720 4538 902 4600; x_wconf 88' lang='lat' dir='ltr'><strong>etiam</strong></span> <span class='ocrx_word' id='word_1_593' title='bbox 928 4537 1058 4618; x_wconf 90' lang='lat' dir='ltr'><strong>ipse</strong></span> <span class='ocrx_word' id='word_1_594' title='bbox 1081 4537 1332 4619; x_wconf 90' lang='lat' dir='ltr'><strong>discere,</strong></span> <span class='ocrx_word' id='word_1_595' title='bbox 1367 4545 1425 4599; x_wconf 90' lang='lat' dir='ltr'><strong>et</strong></span> <span class='ocrx_word' id='word_1_596' title='bbox 1463 4537 1670 4613; x_wconf 91' lang='lat' dir='ltr'><strong>noluit,</strong></span> <span class='ocrx_word' id='word_1_597' title='bbox 1722 4536 1825 4598; x_wconf 89' lang='lat' dir='ltr'><strong>sed</strong></span> <span class='ocrx_word' id='word_1_598' title='bbox 1876 4536 2045 4616; x_wconf 85' lang='lat' dir='ltr'><strong>piger</strong></span> 
     </span>
    </p>
   </div>
   <div class='ocr_carea' id='block_1_81' title="bbox 390 4625 2039 4709">
    <p class='ocr_par' dir='ltr' id='par_1_81' title="bbox 390 4625 2039 4709">
     <span class='ocr_line' id='line_1_81' title="bbox 390 4625 2039 4709; baseline -0.001 -22"><span class='ocrx_word' id='word_1_599' title='bbox 390 4627 522 4708; x_wconf 91' lang='lat' dir='ltr'><strong>fuit,</strong></span> <span class='ocrx_word' id='word_1_600' title='bbox 557 4629 682 4709; x_wconf 92' lang='lat' dir='ltr'><strong>ipse</strong></span> <span class='ocrx_word' id='word_1_601' title='bbox 716 4626 778 4687; x_wconf 92' lang='lat' dir='ltr'><strong>in</strong></span> <span class='ocrx_word' id='word_1_602' title='bbox 809 4645 985 4687; x_wconf 88' lang='lat' dir='ltr'><strong>causa</strong></span> <span class='ocrx_word' id='word_1_603' title='bbox 1029 4627 1134 4689; x_wconf 82' lang='lat' dir='ltr'><strong>fuit</strong></span> <span class='ocrx_word' id='word_1_604' title='bbox 1190 4627 1511 4708; x_wconf 90' lang='lat' dir='ltr'><strong>quominus</strong></span> <span class='ocrx_word' id='word_1_605' title='bbox 1551 4625 1864 4688; x_wconf 91' lang='lat' dir='ltr'><strong>didicerit:</strong></span> <span class='ocrx_word' id='word_1_606' title='bbox 1891 4643 2039 4705; x_wconf 87' lang='lat' dir='ltr'><strong>qua-</strong></span> 
     </span>
    </p>
   </div>
   <div class='ocr_carea' id='block_1_82' title="bbox 391 4713 2032 4798">
    <p class='ocr_par' dir='ltr' id='par_1_82' title="bbox 391 4713 2032 4798">
     <span class='ocr_line' id='line_1_82' title="bbox 391 4713 2032 4798; baseline -0.002 -21"><span class='ocrx_word' id='word_1_607' title='bbox 391 4726 631 4798; x_wconf 89' lang='lat' dir='ltr'><strong>propter</strong></span> <span class='ocrx_word' id='word_1_608' title='bbox 658 4716 994 4795; x_wconf 88' lang='lat' dir='ltr'><strong>puniendus</strong></span> <span class='ocrx_word' id='word_1_609' title='bbox 1024 4724 1112 4777; x_wconf 91' lang='lat' dir='ltr'><strong>est</strong></span> <span class='ocrx_word' id='word_1_610' title='bbox 1146 4716 1303 4797; x_wconf 92' lang='lat' dir='ltr'><strong>quod</strong></span> <span class='ocrx_word' id='word_1_611' title='bbox 1348 4723 1560 4797; x_wconf 89' lang='lat' dir='ltr'><strong>sponte</strong></span> <span class='ocrx_word' id='word_1_612' title='bbox 1608 4734 1727 4776; x_wconf 90' lang='lat' dir='ltr'><strong>non</strong></span> <span class='ocrx_word' id='word_1_613' title='bbox 1780 4713 2032 4775; x_wconf 88' lang='lat' dir='ltr'><strong>didicit..</strong></span> 
     </span>
    </p>
   </div>
   <div class='ocr_carea' id='block_1_83' title="bbox 387 4803 2040 4887">
    <p class='ocr_par' dir='ltr' id='par_1_83' title="bbox 387 4803 2040 4887">
     <span class='ocr_line' id='line_1_83' title="bbox 387 4803 2040 4887; baseline -0.002 -20"><span class='ocrx_word' id='word_1_614' title='bbox 387 4805 754 4887; x_wconf 89' lang='lat' dir='ltr'><strong>Timeamus,</strong></span> <span class='ocrx_word' id='word_1_615' title='bbox 784 4813 1017 4867; x_wconf 82' lang='lat' dir='ltr'><strong>tratres.</strong></span> <span class='ocrx_word' id='word_1_616' title='bbox 1046 4803 1191 4866; x_wconf 83' lang='lat' dir='ltr'><strong>Nam</strong></span> <span class='ocrx_word' id='word_1_617' title='bbox 1223 4806 1273 4867; x_wconf 89' lang='lat' dir='ltr'><strong>si</strong></span> <span class='ocrx_word' id='word_1_618' title='bbox 1296 4805 1389 4868; x_wconf 89' lang='lat' dir='ltr'><strong>his</strong></span> <span class='ocrx_word' id='word_1_619' title='bbox 1418 4805 1517 4886; x_wconf 90' lang='lat' dir='ltr'><strong>qui</strong></span> <span class='ocrx_word' id='word_1_620' title='bbox 1552 4804 1699 4866; x_wconf 90' lang='lat' dir='ltr'><strong>nihil</strong></span> <span class='ocrx_word' id='word_1_621' title='bbox 1739 4804 1870 4879; x_wconf 91' lang='lat' dir='ltr'><strong>scit,</strong></span> <span class='ocrx_word' id='word_1_622' title='bbox 1906 4821 2040 4866; x_wconf 91' lang='lat' dir='ltr'><strong>om-</strong></span> 
     </span>
    </p>
   </div>
   <div class='ocr_carea' id='block_1_84' title="bbox 386 4892 2040 4976">
    <p class='ocr_par' dir='ltr' id='par_1_84' title="bbox 386 4892 2040 4976">
     <span class='ocr_line' id='line_1_84' title="bbox 386 4892 2040 4976; baseline -0.001 -19"><span class='ocrx_word' id='word_1_623' title='bbox 386 4896 526 4958; x_wconf 88' lang='lat' dir='ltr'><strong>nino</strong></span> <span class='ocrx_word' id='word_1_624' title='bbox 576 4896 791 4975; x_wconf 88' lang='lat' dir='ltr'><strong>dignus</strong></span> <span class='ocrx_word' id='word_1_625' title='bbox 846 4902 934 4957; x_wconf 86' lang='lat' dir='ltr'><strong>est</strong></span> <span class='ocrx_word' id='word_1_626' title='bbox 997 4894 1222 4976; x_wconf 85' lang='lat' dir='ltr'><strong>plagis:</strong></span> <span class='ocrx_word' id='word_1_627' title='bbox 1257 4912 1387 4976; x_wconf 75' lang='lat' dir='ltr'><strong>quae</strong></span> <span class='ocrx_word' id='word_1_628' title='bbox 1434 4895 1731 4957; x_wconf 84' lang='lat' dir='ltr'><strong>excusatio</strong></span> <span class='ocrx_word' id='word_1_629' title='bbox 1764 4892 2040 4957; x_wconf 88' lang='lat' dir='ltr'><strong>liberabit</strong></span> 
     </span>
    </p>
   </div>
   <div class='ocr_carea' id='block_1_85' title="bbox 393 4983 2037 5068">
    <p class='ocr_par' dir='ltr' id='par_1_85' title="bbox 393 4983 2037 5068">
     <span class='ocr_line' id='line_1_85' title="bbox 393 4983 2037 5068; baseline 0 -21"><span class='ocrx_word' id='word_1_630' title='bbox 393 5004 497 5047; x_wconf 91' lang='lat' dir='ltr'><strong>eos</strong></span> <span class='ocrx_word' id='word_1_631' title='bbox 529 4986 631 5068; x_wconf 90' lang='lat' dir='ltr'><strong>qui</strong></span> <span class='ocrx_word' id='word_1_632' title='bbox 654 4986 913 5047; x_wconf 88' lang='lat' dir='ltr'><strong>scienter</strong></span> <span class='ocrx_word' id='word_1_633' title='bbox 962 4986 1034 5046; x_wconf 89' lang='lat' dir='ltr'><strong>de</strong></span> <span class='ocrx_word' id='word_1_634' title='bbox 1064 4983 1437 5066; x_wconf 90' lang='lat' dir='ltr'><strong>delinquunt,</strong></span> <span class='ocrx_word' id='word_1_635' title='bbox 1483 4984 1737 5047; x_wconf 81' lang='lat' dir='ltr'><strong>maxime</strong></span> <span class='ocrx_word' id='word_1_636' title='bbox 1793 4984 1843 5045; x_wconf 91' lang='lat' dir='ltr'><strong>si</strong></span> <span class='ocrx_word' id='word_1_637' title='bbox 1891 4984 2037 5047; x_wconf 91' lang='lat' dir='ltr'><strong>doc-</strong></span> 
     </span>
    </p>
   </div>
   <div class='ocr_carea' id='block_1_86' title="bbox 392 5074 2035 5138">
    <p class='ocr_par' dir='ltr' id='par_1_86' title="bbox 392 5074 2035 5138">
     <span class='ocr_line' id='line_1_86' title="bbox 392 5074 2035 5138; baseline 0.001 -3"><span class='ocrx_word' id='word_1_638' title='bbox 392 5084 553 5138; x_wconf 90' lang='lat' dir='ltr'><strong>tores</strong></span> <span class='ocrx_word' id='word_1_639' title='bbox 611 5074 859 5138; x_wconf 85' lang='lat' dir='ltr'><strong>fuerint?</strong></span> <span class='ocrx_word' id='word_1_640' title='bbox 914 5074 1158 5138; x_wconf 84' lang='lat' dir='ltr'><strong>Gravior</strong></span> <span class='ocrx_word' id='word_1_641' title='bbox 1205 5074 1363 5136; x_wconf 91' lang='lat' dir='ltr'><strong>enim</strong></span> <span class='ocrx_word' id='word_1_642' title='bbox 1423 5084 1512 5137; x_wconf 89' lang='lat' dir='ltr'><strong>est</strong></span> <span class='ocrx_word' id='word_1_643' title='bbox 1564 5076 1690 5137; x_wconf 83' lang='lat' dir='ltr'><strong>haec</strong></span> <span class='ocrx_word' id='word_1_644' title='bbox 1746 5074 2035 5137; x_wconf 91' lang='lat' dir='ltr'><strong>condem-</strong></span> 
     </span>
    </p>
   </div>
   <div class='ocr_carea' id='block_1_87' title="bbox 389 5164 567 5225">
    <p class='ocr_par' dir='ltr' id='par_1_87' title="bbox 389 5164 567 5225">
     <span class='ocr_line' id='line_1_87' title="bbox 389 5164 567 5225; baseline 0 0"><span class='ocrx_word' id='word_1_645' title='bbox 389 5164 567 5225; x_wconf 89' lang='lat' dir='ltr'><strong>natio.</strong></span> 
     </span>
    </p>
   </div>
   <div class='ocr_carea' id='block_1_88' title="bbox 466 5330 2031 5423">
    <p class='ocr_par' dir='ltr' id='par_1_88' title="bbox 466 5330 2031 5423">
     <span class='ocr_line' id='line_1_88' title="bbox 466 5330 2031 5423; baseline 0.001 -19"><span class='ocrx_word' id='word_1_646' title='bbox 466 5340 653 5404; x_wconf 74' lang='lat' dir='ltr'><strong>Vens.</strong></span> <span class='ocrx_word' id='word_1_647' title='bbox 684 5343 787 5418; x_wconf 76' lang='grc'><strong>49,</strong></span> <span class='ocrx_word' id='word_1_648' title='bbox 817 5343 920 5405; x_wconf 81' lang='grc'><strong>50.</strong></span> <span class='ocrx_word' id='word_1_649' title='bbox 959 5330 1195 5423; x_wconf 71' lang='lat' dir='ltr'><strong>«Ignem</strong></span> <span class='ocrx_word' id='word_1_650' title='bbox 1225 5342 1365 5404; x_wconf 90' lang='lat' dir='ltr'><strong>veni</strong></span> <span class='ocrx_word' id='word_1_651' title='bbox 1390 5343 1683 5406; x_wconf 76' lang='lat' dir='ltr'><strong>missurus</strong></span> <span class='ocrx_word' id='word_1_652' title='bbox 1706 5344 1765 5405; x_wconf 92' lang='lat' dir='ltr'><strong>in</strong></span> <span class='ocrx_word' id='word_1_653' title='bbox 1791 5352 2031 5405; x_wconf 87' lang='lat' dir='ltr'><strong>terram:</strong></span> 
     </span>
    </p>
   </div>
   <div class='ocr_carea' id='block_1_89' title="bbox 394 5430 2036 5517">
    <p class='ocr_par' dir='ltr' id='par_1_89' title="bbox 394 5430 2036 5517">
     <span class='ocr_line' id='line_1_89' title="bbox 394 5430 2036 5517; baseline 0.003 -24"><span class='ocrx_word' id='word_1_654' title='bbox 394 5439 452 5495; x_wconf 89' lang='lat' dir='ltr'><strong>et</strong></span> <span class='ocrx_word' id='word_1_655' title='bbox 483 5430 623 5513; x_wconf 88' lang='lat' dir='ltr'><strong>quid</strong></span> <span class='ocrx_word' id='word_1_656' title='bbox 655 5436 813 5507; x_wconf 82' lang='lat' dir='ltr'><strong>volo,</strong></span> <span class='ocrx_word' id='word_1_657' title='bbox 847 5434 897 5494; x_wconf 90' lang='lat' dir='ltr'><strong>si</strong></span> <span class='ocrx_word' id='word_1_658' title='bbox 923 5432 1049 5513; x_wconf 88' lang='lat' dir='ltr'><strong>jam</strong></span> <span class='ocrx_word' id='word_1_659' title='bbox 1078 5450 1369 5496; x_wconf 85' lang='lat' dir='ltr'><strong>accensus</strong></span> <span class='ocrx_word' id='word_1_660' title='bbox 1407 5438 1551 5495; x_wconf 85' lang='lat' dir='ltr'><strong>est?</strong></span> <span class='ocrx_word' id='word_1_661' title='bbox 1598 5431 1712 5496; x_wconf 88' lang='lat' dir='ltr'><strong>Sed</strong></span> <span class='ocrx_word' id='word_1_662' title='bbox 1744 5433 2036 5517; x_wconf 82' lang='lat' dir='ltr'><strong>baptismo</strong></span> 
     </span>
    </p>
   </div>
   <div class='ocr_carea' id='block_1_90' title="bbox 467 5592 981 5675">
    <p class='ocr_par' dir='ltr' id='par_1_90' title="bbox 467 5592 981 5675">
     <span class='ocr_line' id='line_1_90' title="bbox 467 5592 981 5675; baseline 0.006 -20"><span class='ocrx_word' id='word_1_663' title='bbox 467 5594 531 5646; x_wconf 70' lang='grc' dir='ltr'><strong>ὅθ</strong></span> <span class='ocrx_word' id='word_1_664' title='bbox 560 5592 732 5661; x_wconf 76' lang='lat' dir='ltr'><strong>Rom.</strong></span> <span class='ocrx_word' id='word_1_665' title='bbox 765 5609 889 5675; x_wconf 77' lang='lat' dir='ltr'><strong>ml,</strong></span> <span class='ocrx_word' id='word_1_666' title='bbox 920 5594 981 5658; x_wconf 85' lang='lat'><strong>9.</strong></span> 
     </span>
    </p>
   </div>
   <div class='ocr_carea' id='block_1_91' title="bbox 2126 3204 3778 3283">
    <p class='ocr_par' dir='ltr' id='par_1_91' title="bbox 2126 3204 3778 3283">
     <span class='ocr_line' id='line_1_91' title="bbox 2126 3204 3778 3283; baseline 0.001 -24"><span class='ocrx_word' id='word_1_667' title='bbox 2126 3225 2273 3282; x_wconf 89' lang='grc' dir='ltr'>τερον</span> <span class='ocrx_word' id='word_1_668' title='bbox 2328 3204 2630 3274; x_wconf 73' lang='grc' dir='ltr'>αἰτήσουσιν</span> <span class='ocrx_word' id='word_1_669' title='bbox 2701 3206 2880 3268; x_wconf 67' lang='grc' dir='ltr'>αὐτόν,</span> <span class='ocrx_word' id='word_1_670' title='bbox 2938 3206 3037 3262; x_wconf 78' lang='grc' dir='ltr'><strong>Διὰ</strong></span> <span class='ocrx_word' id='word_1_671' title='bbox 3091 3206 3292 3263; x_wconf 83' lang='grc' dir='ltr'>τούτων</span> <span class='ocrx_word' id='word_1_672' title='bbox 3348 3206 3448 3283; x_wconf 77' lang='grc' dir='ltr'><strong>γὰρ</strong></span> <span class='ocrx_word' id='word_1_673' title='bbox 3497 3205 3778 3261; x_wconf 85' lang='grc' dir='ltr'>αίνίττεται</span> 
     </span>
    </p>
   </div>
   <div class='ocr_carea' id='block_1_92' title="bbox 2125 3291 3780 3375">
    <p class='ocr_par' dir='ltr' id='par_1_92' title="bbox 2125 3291 3780 3375">
     <span class='ocr_line' id='line_1_92' title="bbox 2125 3291 3780 3375; baseline 0.002 -27"><span class='ocrx_word' id='word_1_674' title='bbox 2125 3292 2224 3360; x_wconf 78' lang='grc' dir='ltr'><strong>τὴν</strong></span> <span class='ocrx_word' id='word_1_675' title='bbox 2277 3305 2396 3355; x_wconf 86' lang='grc' dir='ltr'>τοῖς</span> <span class='ocrx_word' id='word_1_676' title='bbox 2454 3291 2789 3358; x_wconf 78' lang='grc' dir='ltr'>διδασκάλοις</span> <span class='ocrx_word' id='word_1_677' title='bbox 2846 3294 3195 3375; x_wconf 75' lang='grc' dir='ltr'>ὀφειλομένην</span> <span class='ocrx_word' id='word_1_678' title='bbox 3250 3295 3505 3371; x_wconf 83' lang='grc' dir='ltr'>τιμωρίαν</span> <span class='ocrx_word' id='word_1_679' title='bbox 3563 3295 3780 3371; x_wconf 80' lang='grc' dir='ltr'>μείζονα</span> 
     </span>
    </p>
   </div>
   <div class='ocr_carea' id='block_1_93' title="bbox 2127 3379 3778 3458">
    <p class='ocr_par' dir='ltr' id='par_1_93' title="bbox 2127 3379 3778 3458">
     <span class='ocr_line' id='line_1_93' title="bbox 2127 3379 3778 3458; baseline 0.002 -21"><span class='ocrx_word' id='word_1_680' title='bbox 2127 3379 2412 3458; x_wconf 79' lang='grc' dir='ltr'>ἐσομένην.</span> <span class='ocrx_word' id='word_1_681' title='bbox 2473 3384 2569 3440; x_wconf 81' lang='grc' dir='ltr'>Καὶ</span> <span class='ocrx_word' id='word_1_682' title='bbox 2641 3382 2837 3440; x_wconf 82' lang='grc' dir='ltr'>δίδοται</span> <span class='ocrx_word' id='word_1_683' title='bbox 2896 3384 2985 3440; x_wconf 78' lang='grc' dir='ltr'>οὖν</span> <span class='ocrx_word' id='word_1_684' title='bbox 3039 3398 3155 3448; x_wconf 82' lang='grc' dir='ltr'>τοῖς</span> <span class='ocrx_word' id='word_1_685' title='bbox 3187 3381 3520 3447; x_wconf 83' lang='grc' dir='ltr'>διδασκάλοις</span> <span class='ocrx_word' id='word_1_686' title='bbox 3550 3383 3637 3439; x_wconf 86' lang='grc' dir='ltr'><strong>καὶ</strong></span> <span class='ocrx_word' id='word_1_687' title='bbox 3666 3405 3778 3440; x_wconf 88' lang='grc' dir='ltr'>πα-</span> 
     </span>
    </p>
   </div>
   <div class='ocr_carea' id='block_1_94' title="bbox 2125 3470 3781 3551">
    <p class='ocr_par' dir='ltr' id='par_1_94' title="bbox 2125 3470 3781 3551">
     <span class='ocr_line' id='line_1_94' title="bbox 2125 3470 3781 3551; baseline 0.003 -26"><span class='ocrx_word' id='word_1_688' title='bbox 2125 3472 2547 3543; x_wconf 87' lang='grc' dir='ltr'>ρακατατίθεται·</span> <span class='ocrx_word' id='word_1_689' title='bbox 2612 3470 2806 3529; x_wconf 81' lang='grc' dir='ltr'>δίδοται</span> <span class='ocrx_word' id='word_1_690' title='bbox 2878 3473 2996 3549; x_wconf 76' lang='grc' dir='ltr'>μὲν,</span> <span class='ocrx_word' id='word_1_691' title='bbox 3059 3477 3176 3531; x_wconf 84' lang='grc' dir='ltr'>οἷον</span> <span class='ocrx_word' id='word_1_692' title='bbox 3245 3475 3305 3529; x_wconf 81' lang='grc' dir='ltr'><strong>τὸ</strong></span> <span class='ocrx_word' id='word_1_693' title='bbox 3383 3472 3627 3551; x_wconf 84' lang='grc' dir='ltr'>χάρισμα</span> <span class='ocrx_word' id='word_1_694' title='bbox 3686 3480 3781 3530; x_wconf 76' lang='grc' dir='ltr'>τοῦ</span> 
     </span>
    </p>
   </div>
   <div class='ocr_carea' id='block_1_95' title="bbox 2123 3562 3777 3640">
    <p class='ocr_par' dir='ltr' id='par_1_95' title="bbox 2123 3562 3777 3640">
     <span class='ocr_line' id='line_1_95' title="bbox 2123 3562 3777 3640; baseline 0.003 -26"><span class='ocrx_word' id='word_1_695' title='bbox 2123 3562 2540 3639; x_wconf 84' lang='grc' dir='ltr'>θαυματουργεῖν</span> <span class='ocrx_word' id='word_1_696' title='bbox 2627 3565 2715 3617; x_wconf 85' lang='grc' dir='ltr'><strong>καὶ</strong></span> <span class='ocrx_word' id='word_1_697' title='bbox 2822 3563 2993 3619; x_wconf 79' lang='grc' dir='ltr'>ἰᾶσθαι</span> <span class='ocrx_word' id='word_1_698' title='bbox 3093 3563 3300 3638; x_wconf 79' lang='grc' dir='ltr'>νόσους,</span> <span class='ocrx_word' id='word_1_699' title='bbox 3408 3563 3777 3640; x_wconf 88' lang='grc' dir='ltr'>παρακατατί-</span> 
     </span>
    </p>
   </div>
   <div class='ocr_carea' id='block_1_96' title="bbox 2123 3645 3779 3730">
    <p class='ocr_par' dir='ltr' id='par_1_96' title="bbox 2123 3645 3779 3730">
     <span class='ocr_line' id='line_1_96' title="bbox 2123 3645 3779 3730; baseline 0.002 -27"><span class='ocrx_word' id='word_1_700' title='bbox 2123 3650 2266 3703; x_wconf 82' lang='grc' dir='ltr'>θεται</span> <span class='ocrx_word' id='word_1_701' title='bbox 2328 3645 2383 3703; x_wconf 79' lang='grc' dir='ltr'>δὲ</span> <span class='ocrx_word' id='word_1_702' title='bbox 2440 3650 2625 3714; x_wconf 70' lang='grc' dir='ltr'>αὐτοῖς</span> <span class='ocrx_word' id='word_1_703' title='bbox 2678 3653 2739 3707; x_wconf 80' lang='grc' dir='ltr'>τὸ</span> <span class='ocrx_word' id='word_1_704' title='bbox 2797 3658 2891 3709; x_wconf 76' lang='grc' dir='ltr'>τοῦ</span> <span class='ocrx_word' id='word_1_705' title='bbox 2939 3650 3097 3730; x_wconf 80' lang='grc' dir='ltr'>λόγου</span> <span class='ocrx_word' id='word_1_706' title='bbox 3152 3652 3240 3707; x_wconf 82' lang='grc' dir='ltr'><strong>καὶ</strong></span> <span class='ocrx_word' id='word_1_707' title='bbox 3286 3655 3383 3720; x_wconf 74' lang='grc' dir='ltr'><strong>τῆς</strong></span> <span class='ocrx_word' id='word_1_708' title='bbox 3438 3648 3779 3716; x_wconf 81' lang='grc' dir='ltr'>διδασκαλίας</span> 
     </span>
    </p>
   </div>
   <div class='ocr_carea' id='block_1_97' title="bbox 2126 3736 3778 3817">
    <p class='ocr_par' dir='ltr' id='par_1_97' title="bbox 2126 3736 3778 3817">
     <span class='ocr_line' id='line_1_97' title="bbox 2126 3736 3778 3817; baseline 0.002 -25"><span class='ocrx_word' id='word_1_709' title='bbox 2126 3736 2389 3816; x_wconf 82' lang='grc' dir='ltr'>χάρισμα.</span> <span class='ocrx_word' id='word_1_710' title='bbox 2445 3738 2571 3797; x_wconf 86' lang='grc' dir='ltr'>Ἐπὶ</span> <span class='ocrx_word' id='word_1_711' title='bbox 2625 3741 2723 3815; x_wconf 79' lang='grc' dir='ltr'><strong>μὲν</strong></span> <span class='ocrx_word' id='word_1_712' title='bbox 2786 3743 2875 3797; x_wconf 77' lang='grc' dir='ltr'>οὗν</span> <span class='ocrx_word' id='word_1_713' title='bbox 2913 3747 3031 3817; x_wconf 78' lang='grc' dir='ltr'>τοῦ,</span> <span class='ocrx_word' id='word_1_714' title='bbox 3092 3738 3322 3817; x_wconf 80' lang='grc' dir='ltr'>Δίδοται,</span> <span class='ocrx_word' id='word_1_715' title='bbox 3371 3741 3464 3797; x_wconf 69' lang='grc' dir='ltr'>οὐκ</span> <span class='ocrx_word' id='word_1_716' title='bbox 3508 3741 3664 3797; x_wconf 73' lang='grc' dir='ltr'>εἶπεν</span> <span class='ocrx_word' id='word_1_717' title='bbox 3695 3740 3778 3798; x_wconf 78' lang='grc' dir='ltr'><strong>ὅτι</strong></span> 
     </span>
    </p>
   </div>
   <div class='ocr_carea' id='block_1_98' title="bbox 2127 3827 3778 3906">
    <p class='ocr_par' dir='ltr' id='par_1_98' title="bbox 2127 3827 3778 3906">
     <span class='ocr_line' id='line_1_98' title="bbox 2127 3827 3778 3906; baseline 0.004 -26"><span class='ocrx_word' id='word_1_718' title='bbox 2127 3828 2507 3906; x_wconf 83' lang='grc' dir='ltr'>Περισσότερον</span> <span class='ocrx_word' id='word_1_719' title='bbox 2565 3828 2969 3900; x_wconf 82' lang='grc' dir='ltr'>ἀπαιτήσουσιν·</span> <span class='ocrx_word' id='word_1_720' title='bbox 3029 3828 3114 3886; x_wconf 71' lang='grc' dir='ltr'><strong>ἐπὶ</strong></span> <span class='ocrx_word' id='word_1_721' title='bbox 3210 3827 3264 3885; x_wconf 82' lang='grc' dir='ltr'>δὲ</span> <span class='ocrx_word' id='word_1_722' title='bbox 3322 3835 3440 3906; x_wconf 81' lang='grc' dir='ltr'>τοῦ,</span> <span class='ocrx_word' id='word_1_723' title='bbox 3524 3835 3778 3906; x_wconf 81' lang='grc' dir='ltr'>Παρακα-</span> 
     </span>
    </p>
   </div>
   <div class='ocr_carea' id='block_1_99' title="bbox 2124 3915 3778 3998">
    <p class='ocr_par' dir='ltr' id='par_1_99' title="bbox 2124 3915 3778 3998">
     <span class='ocr_line' id='line_1_99' title="bbox 2124 3915 3778 3998; baseline 0.002 -27"><span class='ocrx_word' id='word_1_724' title='bbox 2124 3918 2411 3972; x_wconf 86' lang='grc' dir='ltr'>τατίθεται·</span> <span class='ocrx_word' id='word_1_725' title='bbox 2487 3918 2575 3974; x_wconf 89' lang='grc' dir='ltr'><strong>καὶ</strong></span> <span class='ocrx_word' id='word_1_726' title='bbox 2631 3918 2730 3998; x_wconf 82' lang='grc' dir='ltr'><strong>γὰρ</strong></span> <span class='ocrx_word' id='word_1_727' title='bbox 2805 3916 2968 3983; x_wconf 77' lang='grc' dir='ltr'>ὅντως</span> <span class='ocrx_word' id='word_1_728' title='bbox 3019 3919 3080 3975; x_wconf 80' lang='grc' dir='ltr'>τὸ</span> <span class='ocrx_word' id='word_1_729' title='bbox 3138 3917 3230 3975; x_wconf 72' lang='grc' dir='ltr'><strong>τοῦ</strong></span> <span class='ocrx_word' id='word_1_730' title='bbox 3312 3915 3473 3998; x_wconf 80' lang='grc' dir='ltr'>λόγου</span> <span class='ocrx_word' id='word_1_731' title='bbox 3530 3918 3778 3998; x_wconf 85' lang='grc' dir='ltr'>χάρισμα</span> 
     </span>
    </p>
   </div>
   <div class='ocr_carea' id='block_1_100' title="bbox 2127 4004 3777 4088">
    <p class='ocr_par' dir='ltr' id='par_1_100' title="bbox 2127 4004 3777 4088">
     <span class='ocr_line' id='line_1_100' title="bbox 2127 4004 3777 4088; baseline 0.002 -27"><span class='ocrx_word' id='word_1_732' title='bbox 2127 4004 2442 4085; x_wconf 74' lang='grc' dir='ltr'>ἐπεργασίας</span> <span class='ocrx_word' id='word_1_733' title='bbox 2520 4004 2713 4088; x_wconf 86' lang='grc' dir='ltr'>δεῖται,</span> <span class='ocrx_word' id='word_1_734' title='bbox 2815 4013 2903 4065; x_wconf 81' lang='grc' dir='ltr'>καὶ</span> <span class='ocrx_word' id='word_1_735' title='bbox 2980 4009 3289 4065; x_wconf 78' lang='grc' dir='ltr'>ἀπαιτεῖται</span> <span class='ocrx_word' id='word_1_736' title='bbox 3383 4009 3410 4064; x_wconf 96' lang='lat'><strong>6</strong></span> <span class='ocrx_word' id='word_1_737' title='bbox 3463 4005 3777 4074; x_wconf 80' lang='grc' dir='ltr'>διδάσκαλος</span> 
     </span>
    </p>
   </div>
   <div class='ocr_carea' id='block_1_101' title="bbox 2127 4096 3776 4177">
    <p class='ocr_par' dir='ltr' id='par_1_101' title="bbox 2127 4096 3776 4177">
     <span class='ocr_line' id='line_1_101' title="bbox 2127 4096 3776 4177; baseline 0.001 -26"><span class='ocrx_word' id='word_1_738' title='bbox 2127 4096 2518 4175; x_wconf 88' lang='grc' dir='ltr'>περισσότερον.</span> <span class='ocrx_word' id='word_1_739' title='bbox 2587 4106 2684 4154; x_wconf 83' lang='grc' dir='ltr'>Δεῖ</span> <span class='ocrx_word' id='word_1_740' title='bbox 2745 4098 2845 4177; x_wconf 80' lang='grc' dir='ltr'><strong>γὰρ</strong></span> <span class='ocrx_word' id='word_1_741' title='bbox 2928 4097 3082 4154; x_wconf 75' lang='grc' dir='ltr'>αὒτὸν</span> <span class='ocrx_word' id='word_1_742' title='bbox 3154 4098 3232 4171; x_wconf 79' lang='grc' dir='ltr'>μὴ</span> <span class='ocrx_word' id='word_1_743' title='bbox 3300 4098 3577 4176; x_wconf 74' lang='grc' dir='ltr'>ῥᾳθυμεῖν,</span> <span class='ocrx_word' id='word_1_744' title='bbox 3639 4096 3776 4154; x_wconf 78' lang='grc' dir='ltr'>ἀλλὰ</span> 
     </span>
    </p>
   </div>
   <div class='ocr_carea' id='block_1_102' title="bbox 2122 4183 3775 4266">
    <p class='ocr_par' dir='ltr' id='par_1_102' title="bbox 2122 4183 3775 4266">
     <span class='ocr_line' id='line_1_102' title="bbox 2122 4183 3775 4266; baseline 0.001 -26"><span class='ocrx_word' id='word_1_745' title='bbox 2122 4183 2432 4257; x_wconf 80' lang='grc' dir='ltr'>πλεονάζειν</span> <span class='ocrx_word' id='word_1_746' title='bbox 2501 4188 2562 4243; x_wconf 81' lang='grc' dir='ltr'>τὸ</span> <span class='ocrx_word' id='word_1_747' title='bbox 2617 4194 2710 4244; x_wconf 79' lang='grc' dir='ltr'>τοῦ</span> <span class='ocrx_word' id='word_1_748' title='bbox 2779 4185 2940 4266; x_wconf 88' lang='grc' dir='ltr'>λόγου</span> <span class='ocrx_word' id='word_1_749' title='bbox 2994 4186 3273 4244; x_wconf 67' lang='grc' dir='ltr'><strong>τάλαντον⁸</strong></span> <span class='ocrx_word' id='word_1_750' title='bbox 3305 4188 3368 4243; x_wconf 79' lang='grc' dir='ltr'>τὸ</span> <span class='ocrx_word' id='word_1_751' title='bbox 3396 4187 3595 4261; x_wconf 90' lang='grc' dir='ltr'>τοίνυν,</span> <span class='ocrx_word' id='word_1_752' title='bbox 3629 4210 3775 4263; x_wconf 89' lang='grc' dir='ltr'>παρ-</span> 
     </span>
    </p>
   </div>
   <div class='ocr_carea' id='block_1_103' title="bbox 2123 4270 3775 4357">
    <p class='ocr_par' dir='ltr' id='par_1_103' title="bbox 2123 4270 3775 4357">
     <span class='ocr_line' id='line_1_103' title="bbox 2123 4270 3775 4357; baseline 0.001 -27"><span class='ocrx_word' id='word_1_753' title='bbox 2123 4273 2299 4355; x_wconf 82' lang='grc' dir='ltr'>ετέθη,</span> <span class='ocrx_word' id='word_1_754' title='bbox 2346 4274 2460 4332; x_wconf 86' lang='grc' dir='ltr'>ἀντὶ</span> <span class='ocrx_word' id='word_1_755' title='bbox 2488 4277 2603 4356; x_wconf 83' lang='grc' dir='ltr'>τοῦ,</span> <span class='ocrx_word' id='word_1_756' title='bbox 2646 4279 2693 4351; x_wconf 81' lang='grc' dir='ltr'>ᾧ</span> <span class='ocrx_word' id='word_1_757' title='bbox 2734 4275 3001 4343; x_wconf 77' lang='grc' dir='ltr'>ἐδανείσθη</span> <span class='ocrx_word' id='word_1_758' title='bbox 3042 4274 3199 4351; x_wconf 70' lang='grc' dir='ltr'>πολὺ,</span> <span class='ocrx_word' id='word_1_759' title='bbox 3255 4274 3480 4357; x_wconf 74' lang='grc' dir='ltr'>ὀφείλεις</span> <span class='ocrx_word' id='word_1_760' title='bbox 3512 4289 3681 4333; x_wconf 72' lang='grc' dir='ltr'>νοεῖν*</span> <span class='ocrx_word' id='word_1_761' title='bbox 3714 4270 3775 4332; x_wconf 79' lang='grc' dir='ltr'><strong>τδ</strong></span> 
     </span>
    </p>
   </div>
   <div class='ocr_carea' id='block_1_104' title="bbox 2613 4365 3772 4445">
    <p class='ocr_par' dir='ltr' id='par_1_104' title="bbox 2613 4365 3772 4445">
     <span class='ocr_line' id='line_1_104' title="bbox 2613 4365 3772 4445; baseline -0.002 -24"><span class='ocrx_word' id='word_1_762' title='bbox 2613 4366 3067 4445; x_wconf 86' lang='grc' dir='ltr'>παρακαταθήκην</span> <span class='ocrx_word' id='word_1_763' title='bbox 3146 4365 3363 4423; x_wconf 79' lang='grc' dir='ltr'>ἐνταῦθα</span> <span class='ocrx_word' id='word_1_764' title='bbox 3472 4365 3772 4441; x_wconf 83' lang='grc' dir='ltr'>ὠνόμασεν,</span> 
     </span>
    </p>
   </div>
   <div class='ocr_carea' id='block_1_105' title="bbox 2124 4444 3774 4535">
    <p class='ocr_par' dir='ltr' id='par_1_105' title="bbox 2124 4444 3774 4535">
     <span class='ocr_line' id='line_1_105' title="bbox 2124 4444 3774 4535; baseline 0.001 -27"><span class='ocrx_word' id='word_1_765' title='bbox 2124 4449 2291 4509; x_wconf 73' lang='grc' dir='ltr'>Ἀλλὰ</span> <span class='ocrx_word' id='word_1_766' title='bbox 2322 4454 2536 4524; x_wconf 80' lang='grc' dir='ltr'>ζητοῦσί</span> <span class='ocrx_word' id='word_1_767' title='bbox 2575 4444 2738 4535; x_wconf 69' lang='grc' dir='ltr'>τινες,</span> <span class='ocrx_word' id='word_1_768' title='bbox 2767 4444 2981 4528; x_wconf 66' lang='lat' dir='ltr'><strong>&quot;Ereto,</strong></span> <span class='ocrx_word' id='word_1_769' title='bbox 3010 4462 3189 4520; x_wconf 78' lang='grc' dir='ltr'>καλῶς</span> <span class='ocrx_word' id='word_1_770' title='bbox 3218 4468 3531 4533; x_wconf 77' lang='grc' dir='ltr'>τιμωρεῖται</span> <span class='ocrx_word' id='word_1_771' title='bbox 3561 4455 3590 4510; x_wconf 84' lang='grc' dir='ltr'><strong>ό</strong></span> <span class='ocrx_word' id='word_1_772' title='bbox 3618 4455 3774 4533; x_wconf 81' lang='grc' dir='ltr'>γνοὺς</span> 
     </span>
    </p>
   </div>
   <div class='ocr_carea' id='block_1_106' title="bbox 2120 4540 3769 4625">
    <p class='ocr_par' dir='ltr' id='par_1_106' title="bbox 2120 4540 3769 4625">
     <span class='ocr_line' id='line_1_106' title="bbox 2120 4540 3769 4625; baseline 0.002 -28"><span class='ocrx_word' id='word_1_773' title='bbox 2120 4544 2183 4598; x_wconf 77' lang='grc' dir='ltr'>τὸ</span> <span class='ocrx_word' id='word_1_774' title='bbox 2209 4540 2419 4619; x_wconf 82' lang='grc' dir='ltr'>θὲλημα</span> <span class='ocrx_word' id='word_1_775' title='bbox 2446 4550 2539 4600; x_wconf 78' lang='grc' dir='ltr'><strong>τοῦ</strong></span> <span class='ocrx_word' id='word_1_776' title='bbox 2583 4542 2861 4625; x_wconf 85' lang='grc' dir='ltr'>δεσπότου,</span> <span class='ocrx_word' id='word_1_777' title='bbox 2894 4545 2983 4601; x_wconf 81' lang='grc' dir='ltr'><strong>καὶ</strong></span> <span class='ocrx_word' id='word_1_778' title='bbox 3013 4546 3090 4621; x_wconf 74' lang='grc' dir='ltr'>μὴ</span> <span class='ocrx_word' id='word_1_779' title='bbox 3109 4544 3302 4625; x_wconf 84' lang='grc' dir='ltr'>ποιῶν,</span> <span class='ocrx_word' id='word_1_780' title='bbox 3334 4546 3362 4600; x_wconf 88' lang='lat'><strong>6</strong></span> <span class='ocrx_word' id='word_1_781' title='bbox 3394 4542 3449 4600; x_wconf 80' lang='grc' dir='ltr'>δὲ</span> <span class='ocrx_word' id='word_1_782' title='bbox 3481 4545 3558 4620; x_wconf 79' lang='grc' dir='ltr'>μὴ</span> <span class='ocrx_word' id='word_1_783' title='bbox 3586 4545 3769 4623; x_wconf 80' lang='grc' dir='ltr'>γνοὺς,</span> 
     </span>
    </p>
   </div>
   <div class='ocr_carea' id='block_1_107' title="bbox 2122 4629 3770 4714">
    <p class='ocr_par' dir='ltr' id='par_1_107' title="bbox 2122 4629 3770 4714">
     <span class='ocr_line' id='line_1_107' title="bbox 2122 4629 3770 4714; baseline 0.002 -28"><span class='ocrx_word' id='word_1_784' title='bbox 2122 4629 2258 4687; x_wconf 89' lang='grc' dir='ltr'>διατί</span> <span class='ocrx_word' id='word_1_785' title='bbox 2314 4646 2628 4711; x_wconf 87' lang='grc' dir='ltr'>τιμωρεῖται</span> <span class='ocrx_word' id='word_1_786' title='bbox 2663 4653 2679 4714; x_wconf 81' lang='lat'><strong>;</strong></span> <span class='ocrx_word' id='word_1_787' title='bbox 2731 4634 2876 4690; x_wconf 87' lang='grc' dir='ltr'>Διότι</span> <span class='ocrx_word' id='word_1_788' title='bbox 2920 4631 3205 4709; x_wconf 87' lang='grc' dir='ltr'>δυνάμενος</span> <span class='ocrx_word' id='word_1_789' title='bbox 3236 4636 3426 4709; x_wconf 88' lang='grc' dir='ltr'>μαθεῖν</span> <span class='ocrx_word' id='word_1_790' title='bbox 3471 4634 3558 4690; x_wconf 85' lang='grc' dir='ltr'><strong>καὶ</strong></span> <span class='ocrx_word' id='word_1_791' title='bbox 3590 4635 3770 4707; x_wconf 70' lang='grc' dir='ltr'>αὐτὸς,</span> 
     </span>
    </p>
   </div>
   <div class='ocr_carea' id='block_1_108' title="bbox 2123 4720 3773 4801">
    <p class='ocr_par' dir='ltr' id='par_1_108' title="bbox 2123 4720 3773 4801">
     <span class='ocr_line' id='line_1_108' title="bbox 2123 4720 3773 4801; baseline 0.001 -25"><span class='ocrx_word' id='word_1_792' title='bbox 2123 4720 2271 4796; x_wconf 79' lang='grc' dir='ltr'>ὅμως</span> <span class='ocrx_word' id='word_1_793' title='bbox 2332 4720 2425 4777; x_wconf 76' lang='grc' dir='ltr'>οὐκ</span> <span class='ocrx_word' id='word_1_794' title='bbox 2474 4720 2758 4799; x_wconf 75' lang='grc' dir='ltr'>ἠθέλησεν,</span> <span class='ocrx_word' id='word_1_795' title='bbox 2816 4721 2933 4778; x_wconf 72' lang='grc' dir='ltr'>ἀλλ’</span> <span class='ocrx_word' id='word_1_796' title='bbox 2968 4724 3073 4779; x_wconf 78' lang='grc' dir='ltr'><strong>ἀπὸ</strong></span> <span class='ocrx_word' id='word_1_797' title='bbox 3116 4723 3367 4801; x_wconf 82' lang='grc' dir='ltr'>ῥᾳθυμίας</span> <span class='ocrx_word' id='word_1_798' title='bbox 3411 4723 3567 4786; x_wconf 72' lang='grc' dir='ltr'>αὐτὸς</span> <span class='ocrx_word' id='word_1_799' title='bbox 3600 4723 3773 4795; x_wconf 73' lang='grc' dir='ltr'>ἐαυτῷ</span> 
     </span>
    </p>
   </div>
   <div class='ocr_carea' id='block_1_109' title="bbox 2122 4809 3771 4891">
    <p class='ocr_par' dir='ltr' id='par_1_109' title="bbox 2122 4809 3771 4891">
     <span class='ocr_line' id='line_1_109' title="bbox 2122 4809 3771 4891; baseline 0.002 -26"><span class='ocrx_word' id='word_1_800' title='bbox 2122 4809 2296 4873; x_wconf 81' lang='grc' dir='ltr'>αἴτιος</span> <span class='ocrx_word' id='word_1_801' title='bbox 2349 4817 2440 4867; x_wconf 81' lang='grc' dir='ltr'>τοῦ</span> <span class='ocrx_word' id='word_1_802' title='bbox 2499 4812 2577 4887; x_wconf 79' lang='grc' dir='ltr'>μὴ</span> <span class='ocrx_word' id='word_1_803' title='bbox 2620 4814 2810 4887; x_wconf 84' lang='grc' dir='ltr'>μαθεῖν</span> <span class='ocrx_word' id='word_1_804' title='bbox 2880 4813 3119 4891; x_wconf 83' lang='grc' dir='ltr'>γέγονεν,</span> <span class='ocrx_word' id='word_1_805' title='bbox 3179 4811 3317 4869; x_wconf 80' lang='grc' dir='ltr'>ὥστε</span> <span class='ocrx_word' id='word_1_806' title='bbox 3344 4810 3427 4868; x_wconf 81' lang='grc' dir='ltr'><strong>διὰ</strong></span> <span class='ocrx_word' id='word_1_807' title='bbox 3484 4818 3637 4869; x_wconf 80' lang='grc' dir='ltr'>τοῦτο</span> <span class='ocrx_word' id='word_1_808' title='bbox 3679 4834 3771 4868; x_wconf 82' lang='grc' dir='ltr'>κο-</span> 
     </span>
    </p>
   </div>
   <div class='ocr_carea' id='block_1_110' title="bbox 2121 4897 3769 4980">
    <p class='ocr_par' dir='ltr' id='par_1_110' title="bbox 2121 4897 3769 4980">
     <span class='ocr_line' id='line_1_110' title="bbox 2121 4897 3769 4980; baseline 0 -25"><span class='ocrx_word' id='word_1_809' title='bbox 2121 4897 2364 4972; x_wconf 84' lang='grc' dir='ltr'>λαστὲος,</span> <span class='ocrx_word' id='word_1_810' title='bbox 2420 4897 2500 4956; x_wconf 80' lang='grc' dir='ltr'><strong>ὅτι</strong></span> <span class='ocrx_word' id='word_1_811' title='bbox 2530 4900 2664 4958; x_wconf 77' lang='grc' dir='ltr'>ἑκὼν</span> <span class='ocrx_word' id='word_1_812' title='bbox 2706 4902 2800 4958; x_wconf 80' lang='grc' dir='ltr'>οὑκ</span> <span class='ocrx_word' id='word_1_813' title='bbox 2852 4899 3038 4977; x_wconf 78' lang='grc' dir='ltr'>ἔμαθε,</span> <span class='ocrx_word' id='word_1_814' title='bbox 3081 4900 3379 4980; x_wconf 76' lang='grc' dir='ltr'>Φρίξωμεν,</span> <span class='ocrx_word' id='word_1_815' title='bbox 3440 4898 3675 4980; x_wconf 72' lang='grc' dir='ltr'>ἀδελφοίο</span> <span class='ocrx_word' id='word_1_816' title='bbox 3725 4902 3769 4956; x_wconf 77' lang='grc' dir='ltr'><strong>εί</strong></span> 
     </span>
    </p>
   </div>
   <div class='ocr_carea' id='block_1_111' title="bbox 2124 4987 3769 5069">
    <p class='ocr_par' dir='ltr' id='par_1_111' title="bbox 2124 4987 3769 5069">
     <span class='ocr_line' id='line_1_111' title="bbox 2124 4987 3769 5069; baseline 0.001 -25"><span class='ocrx_word' id='word_1_817' title='bbox 2124 4989 2224 5069; x_wconf 79' lang='grc' dir='ltr'>γὰρ</span> <span class='ocrx_word' id='word_1_818' title='bbox 2284 4990 2312 5044; x_wconf 88' lang='grc' dir='ltr'><strong>ό</strong></span> <span class='ocrx_word' id='word_1_819' title='bbox 2370 4987 2497 5065; x_wconf 87' lang='grc' dir='ltr'>μηδ’</span> <span class='ocrx_word' id='word_1_820' title='bbox 2555 4988 2693 5055; x_wconf 83' lang='grc' dir='ltr'>ὅλως</span> <span class='ocrx_word' id='word_1_821' title='bbox 2723 4991 2902 5069; x_wconf 75' lang='grc' dir='ltr'>γνούς,</span> <span class='ocrx_word' id='word_1_822' title='bbox 2949 4987 3089 5056; x_wconf 73' lang='grc' dir='ltr'>ἄξιος</span> <span class='ocrx_word' id='word_1_823' title='bbox 3122 4989 3366 5069; x_wconf 83' lang='grc' dir='ltr'>πληγῶν,</span> <span class='ocrx_word' id='word_1_824' title='bbox 3400 5004 3559 5054; x_wconf 88' lang='grc' dir='ltr'>ποῖος</span> <span class='ocrx_word' id='word_1_825' title='bbox 3589 4988 3769 5046; x_wconf 78' lang='grc' dir='ltr'>ἁπαλ-</span> 
     </span>
    </p>
   </div>
   <div class='ocr_carea' id='block_1_112' title="bbox 2116 5076 3771 5159">
    <p class='ocr_par' dir='ltr' id='par_1_112' title="bbox 2116 5076 3771 5159">
     <span class='ocr_line' id='line_1_112' title="bbox 2116 5076 3771 5159; baseline 0 -25"><span class='ocrx_word' id='word_1_826' title='bbox 2116 5076 2259 5143; x_wconf 81' lang='grc' dir='ltr'>λάξει</span> <span class='ocrx_word' id='word_1_827' title='bbox 2349 5076 2510 5158; x_wconf 83' lang='grc' dir='ltr'>λόγος</span> <span class='ocrx_word' id='word_1_828' title='bbox 2567 5081 2687 5145; x_wconf 79' lang='grc' dir='ltr'>τούς</span> <span class='ocrx_word' id='word_1_829' title='bbox 2745 5079 2799 5136; x_wconf 78' lang='grc' dir='ltr'><strong>ἔν</strong></span> <span class='ocrx_word' id='word_1_830' title='bbox 2872 5078 3061 5159; x_wconf 84' lang='grc' dir='ltr'>γνώσει</span> <span class='ocrx_word' id='word_1_831' title='bbox 3146 5078 3619 5156; x_wconf 79' lang='grc' dir='ltr'>πλημμελοῦντας,</span> <span class='ocrx_word' id='word_1_832' title='bbox 3682 5079 3771 5135; x_wconf 86' lang='grc' dir='ltr'><strong>καὶ</strong></span> 
     </span>
    </p>
   </div>
   <div class='ocr_carea' id='block_1_113' title="bbox 2119 5165 3773 5249">
    <p class='ocr_par' dir='ltr' id='par_1_113' title="bbox 2119 5165 3773 5249">
     <span class='ocr_line' id='line_1_113' title="bbox 2119 5165 3773 5249; baseline 0 -26"><span class='ocrx_word' id='word_1_833' title='bbox 2119 5165 2349 5243; x_wconf 89' lang='grc' dir='ltr'>μάλιστα</span> <span class='ocrx_word' id='word_1_834' title='bbox 2421 5169 2466 5224; x_wconf 81' lang='grc' dir='ltr'><strong>εί</strong></span> <span class='ocrx_word' id='word_1_835' title='bbox 2534 5170 2623 5225; x_wconf 84' lang='grc' dir='ltr'><strong>καὶ</strong></span> <span class='ocrx_word' id='word_1_836' title='bbox 2679 5166 2984 5226; x_wconf 86' lang='grc' dir='ltr'>διδάσκαλοι</span> <span class='ocrx_word' id='word_1_837' title='bbox 3030 5168 3192 5243; x_wconf 61' lang='lat' dir='ltr'><strong>sitv;</strong></span> <span class='ocrx_word' id='word_1_838' title='bbox 3244 5169 3641 5249; x_wconf 80' lang='grc' dir='ltr'>Φορτικώτερον</span> <span class='ocrx_word' id='word_1_839' title='bbox 3670 5168 3773 5248; x_wconf 76' lang='grc' dir='ltr'><strong>γὰρ</strong></span> 
     </span>
    </p>
   </div>
   <div class='ocr_carea' id='block_1_114' title="bbox 2117 5256 2763 5337">
    <p class='ocr_par' dir='ltr' id='par_1_114' title="bbox 2117 5256 2763 5337">
     <span class='ocr_line' id='line_1_114' title="bbox 2117 5256 2763 5337; baseline 0.003 -24"><span class='ocrx_word' id='word_1_840' title='bbox 2117 5258 2180 5313; x_wconf 83' lang='grc' dir='ltr'>τὸ</span> <span class='ocrx_word' id='word_1_841' title='bbox 2208 5256 2406 5313; x_wconf 79' lang='grc' dir='ltr'>τούτων</span> <span class='ocrx_word' id='word_1_842' title='bbox 2436 5258 2763 5337; x_wconf 84' lang='grc' dir='ltr'>κατάκριμα.</span> 
     </span>
    </p>
   </div>
   <div class='ocr_carea' id='block_1_115' title="bbox 2206 5344 3773 5429">
    <p class='ocr_par' dir='ltr' id='par_1_115' title="bbox 2206 5344 3773 5429">
     <span class='ocr_line' id='line_1_115' title="bbox 2206 5344 3773 5429; baseline 0.002 -29"><span class='ocrx_word' id='word_1_843' title='bbox 2206 5370 2234 5400; x_wconf 75' lang='grc' dir='ltr'><strong>α</strong></span> <span class='ocrx_word' id='word_1_844' title='bbox 2298 5352 2405 5427; x_wconf 76' lang='grc' dir='ltr'><strong>Πῦρ</strong></span> <span class='ocrx_word' id='word_1_845' title='bbox 2458 5344 2619 5416; x_wconf 74' lang='grc' dir='ltr'>ἦλθον</span> <span class='ocrx_word' id='word_1_846' title='bbox 2681 5346 2869 5425; x_wconf 84' lang='grc' dir='ltr'>βαλεῖν</span> <span class='ocrx_word' id='word_1_847' title='bbox 2901 5349 2974 5414; x_wconf 82' lang='grc' dir='ltr'><strong>είς</strong></span> <span class='ocrx_word' id='word_1_848' title='bbox 3003 5348 3102 5417; x_wconf 66' lang='grc' dir='ltr'><strong>τήν</strong></span> <span class='ocrx_word' id='word_1_849' title='bbox 3144 5352 3270 5427; x_wconf 59' lang='grc' dir='ltr'><strong>γῆν</strong></span> <span class='ocrx_word' id='word_1_850' title='bbox 3316 5349 3403 5406; x_wconf 87' lang='grc' dir='ltr'>καὶ</span> <span class='ocrx_word' id='word_1_851' title='bbox 3436 5348 3484 5403; x_wconf 82' lang='grc' dir='ltr'><strong>τί</strong></span> <span class='ocrx_word' id='word_1_852' title='bbox 3534 5345 3699 5429; x_wconf 77' lang='grc' dir='ltr'>θέλω,</span> <span class='ocrx_word' id='word_1_853' title='bbox 3728 5356 3773 5409; x_wconf 71' lang='grc' dir='ltr'>εἰ</span> 
     </span>
    </p>
   </div>
   <div class='ocr_carea' id='block_1_116' title="bbox 2122 5436 3771 5519">
    <p class='ocr_par' dir='ltr' id='par_1_116' title="bbox 2122 5436 3771 5519">
     <span class='ocr_line' id='line_1_116' title="bbox 2122 5436 3771 5519; baseline 0.001 -25"><span class='ocrx_word' id='word_1_854' title='bbox 2122 5436 2225 5509; x_wconf 78' lang='grc' dir='ltr'>ἢδη</span> <span class='ocrx_word' id='word_1_855' title='bbox 2298 5438 2553 5518; x_wconf 68' lang='grc' dir='ltr'>ἀνήφθης,</span> <span class='ocrx_word' id='word_1_856' title='bbox 2613 5439 2893 5514; x_wconf 79' lang='grc' dir='ltr'>Βὰπτισμα</span> <span class='ocrx_word' id='word_1_857' title='bbox 2953 5437 3006 5494; x_wconf 67' lang='grc' dir='ltr'>δὲ</span> <span class='ocrx_word' id='word_1_858' title='bbox 3064 5437 3181 5519; x_wconf 77' lang='grc' dir='ltr'>ἔχω</span> <span class='ocrx_word' id='word_1_859' title='bbox 3252 5438 3627 5517; x_wconf 77' lang='grc' dir='ltr'>βαπτισθῆναι,</span> <span class='ocrx_word' id='word_1_860' title='bbox 3685 5436 3771 5495; x_wconf 73' lang='grc' dir='ltr'><strong>καὶ</strong></span> 
     </span>
    </p>
   </div>
  </div>
