4116 6212
490 289 606 365 907

490 531 815 595 moratione
864 549 967 593 sex
1024 548 1312 611 personas
1361 532 1606 611 posuit?
1655 532 1917 594 Dicimus
1963 531 2142 611 igitur

488 621 642 702 quod
677 639 793 682 una
822 638 1075 700 persona
1100 620 1193 681 his
1215 629 1517 699 assumpta
1543 631 1653 680 est.
1695 620 1839 682 Filia
1868 631 1926 681 et
1957 638 2140 681 nurus

488 711 696 773 eadem
731 722 822 772 est
855 727 1130 790 persona.
1165 708 1312 770 Filia
1345 709 1502 770 enim
1537 709 1778 786 dicitur,
1815 710 1861 770 si
1898 709 1969 770 ad
2006 728 2136 769 ma-

488 810 636 861 trem
668 799 1004 861 referatur:
1040 816 1225 858 nurus
1254 816 1417 870 vero,
1472 798 1519 858 si
1570 800 1639 860 ad
1693 817 1954 861 socrum.
1990 797 2138 858 Tres

488 890 663 969 igitur
692 886 1078 961 eruntdivisi,
1115 895 1279 967 pater
1302 896 1357 947 et
1377 895 1567 949 mater
1597 896 1654 948 et
1678 905 1907 963 socrus,
1933 888 2137 949 adver-

485 998 588 1041 sus
619 978 793 1051 duos,
828 976 1014 1038 lilium
1052 984 1109 1036 et
1160 976 1365 1036 tiliam.
1418 975 1568 1037 Filia
1616 977 1773 1037 enim
1827 995 1961 1037 cum
2018 995 2137 1037 una

489 1087 747 1151 persona
774 1067 869 1141 sit,
900 1067 1046 1127 duas
1076 1066 1399 1127 relationes
1423 1067 1697 1147 suscipit,
1722 1076 1781 1128 et
1806 1066 2133 1128 secundum

487 1159 601 1221 hoc
631 1158 864 1218 videtur
886 1156 1101 1234 duplex
1127 1172 1377 1234 persona
1407 1154 1581 1215 matri
1614 1164 1670 1216 et
1701 1174 1875 1216 socru
1903 1156 2131 1217 collata.

489 1247 756 1325 Intellige
786 1253 982 1305 autem
1014 1242 1365 1322 simpliciter
1399 1260 1503 1323 per
1540 1253 1769 1323 patrem
1802 1252 1859 1305 et
1891 1254 2134 1305 matrem

488 1345 547 1398 et
574 1354 829 1403 socrum,
883 1340 1080 1393 vetera
1124 1330 1324 1392 omnia
1367 1353 1379 1389 :
1445 1350 1551 1404 per
1598 1332 1783 1393 ﬁlium
1833 1341 2027 1395 autem
2082 1342 2140 1394 et

487 1426 695 1497 filiam,
731 1422 931 1485 omnia
976 1439 1145 1481 nova.
1197 1418 1401 1501 Itaque
1442 1420 1726 1481 Dominus
1770 1422 1889 1482 vult
1936 1430 1998 1483 ut
2034 1441 2139 1484 sua

487 1533 636 1577 nova
666 1523 723 1574 et
753 1512 952 1573 divina
982 1516 1276 1590 praecepta
1310 1517 1366 1571 et
1398 1510 1674 1587 dogmata
1706 1520 1971 1590 pugnent
2003 1531 2135 1573 cum

486 1602 744 1682 antiquis
774 1598 991 1662 nostris
1019 1598 1323 1661 sceleratis
1350 1598 1617 1659 moribus
1656 1608 1714 1659 et
1744 1600 2133 1678 dogmatibus.

486 1691 754 1771 Intellige
783 1698 977 1751 autem
1031 1688 1205 1748 etiam
1239 1689 1322 1748 sic
1360 1705 1373 1749 :
1433 1691 1609 1749 Pater
1655 1689 1899 1769 quidem
1944 1708 2136 1771 mens,

486 1784 645 1845 ﬂlius
674 1799 811 1842 vero
844 1778 1016 1841 ratio.
1053 1777 1269 1840 Divisio
1304 1778 1515 1839 horum
1572 1780 1636 1839 fit
1684 1778 1743 1839 in
1791 1797 2140 1861 unaquaque

1437 292 2037 357 THEOPHYLACTI
2082 291 2493 355 BULGARI/E
2538 292 2896 358 ARCHIEP.

489 428 992 523 cendo.Quinque
1018 442 1078 503 in
1109 442 1286 503 domo
1312 461 1428 504 una
1458 442 1626 505 divisi
1663 451 1857 524 erunt,
1894 444 1952 504 in
1986 462 2136 504 enu—

2224 426 2728 510 διαμεμερισμένους
2820 433 3048 515 ἔσεσθαι,
3121 440 3175 492 ἓν
3251 442 3319 513 τῇ
3390 437 3746 514 ἀπαριθμήσει
3841 436 3901 497 ἓξ

3756 296 3905 359 908

3841 436 3902 451 ηρ

3816 523 3854 543 ηε

2223 522 2478 598 πρόσωπα
2520 522 2713 579 τέθεικε
2753 544 2769 595 ;
2807 524 3039 602 Λέγομεν
3072 528 3160 581 οὖν
3218 525 3296 581 ὅτι
3358 528 3412 583 ἓν
3470 527 3755 604 πρόσωπον
3809 523 3895 587 ἃς

2222 610 2451 690 ἐλήφθη,
2502 604 2563 668 Ἠ
2610 613 2852 693 θυγάτηρ
2897 616 2995 694 γὰρ
3039 617 3125 671 καὶ
3156 617 3189 683 ἡ
3223 617 3397 694 νύμφη
3442 618 3501 672 τὸ
3550 619 3672 671 αὶτυ
3703 616 3892 693 πρὸσο

2220 723 2365 756 ωπον
2429 701 2592 782 ἐστιν,
2642 706 2713 766 ὡς
2786 706 2917 783 πρὸς
2977 706 3075 780 μὲν
3134 706 3220 761 οὖν
3284 706 3377 772 τὴν
3436 704 3637 783 μητέρα
3703 726 3891 783 προσ-

2221 788 2640 868 λαμϐανόμενον,
2699 794 2932 872 θυγάτηρ
2975 796 3282 870 ὠνομάσθη,
3347 797 3419 855 ὡς
3479 793 3533 849 δὲ
3594 797 3723 871 πρὸς
3778 795 3897 860 τὴν

2218 881 2491 958 πενθερὰν,
2568 883 2766 961 νύμφη.
2868 893 3023 962 Τρεῖς
3122 884 3212 940 οὖν
3282 883 3487 940 ἔσονται
3558 882 3887 959 διαμεμερι-

2219 966 2425 1047 σμένοι,
2475 972 2500 1025 6
2557 973 2756 1049 πατὴρ,
2816 974 2900 1028 καὶ
2956 974 2989 1040 ἡ
3033 975 3237 1052 μήτηρ,
3286 975 3370 1029 καὶ
3414 975 3447 1040 ἡ
3510 973 3752 1050 πενθερὰ,
3788 971 3883 1026 Et?

2219 1056 2352 1134 δυσὶ,
2399 1059 2633 1115 τουτέστι
2694 1068 2768 1135 τῷ
2823 1066 2918 1137 υίῴ
2960 1064 3047 1118 καὶ
3091 1064 3158 1138 τῇ
3201 1064 3435 1141 θυγατρί.
3500 1054 3559 1117 Ἠ
3618 1064 3718 1138 γαρ
3775 1066 3883 1116 θυ-

2218 1148 2411 1228 γάτηρ,
2473 1152 2546 1212 ὡς
2631 1149 2858 1230 ἔφαμεν,
2913 1152 2968 1206 ἓν
3034 1152 3314 1231 πρόσωπον
3378 1152 3526 1223 οὖσα,
3582 1154 3711 1206 καθὸ
3782 1150 3884 1204 δύο

2221 1238 2433 1317 σχέσεις
2468 1236 2805 1319 ἀναδέχεται,
2854 1243 2989 1297 κατὰ
3027 1245 3181 1299 τοῦτο
3229 1240 3377 1298 δοκεῖ
3408 1245 3547 1297 εἶναι
3578 1239 3666 1296 δύυ
3696 1240 3883 1316 πρόσ-

2221 1350 2365 1401 πωα,
2418 1334 2487 1404 τῇ
2529 1331 2689 1407 μητρὶ
2738 1331 3140 1405 προστεθημένη
3200 1333 3287 1388 καὶ
3342 1332 3410 1399 τῇ
3462 1333 3706 1406 πενθερᾷ.
3747 1330 3881 1386 Sciet

2220 1415 2273 1472 δέ
2329 1439 2418 1492 μοι
2479 1416 2660 1484 ἁπλῶς
2743 1419 2941 1496 πατέρα
3016 1422 3099 1475 καὶ
3183 1420 3385 1496 μητέρα
3475 1420 3559 1473 καὶ
3618 1418 3883 1494 πενθερὰν

2220 1506 2391 1562 πάντα
2444 1507 2509 1561 τὰ
2562 1506 2787 1587 παλαιὰ,
2844 1509 2954 1563 υἱὸν
2997 1507 3051 1565 δὲ
3122 1511 3205 1563 καῖ
3264 1508 3542 1586 θυγατέρα,
3592 1510 3764 1563 πάντα
3808 1508 3885 1561 τε

2222 1596 2310 1651 νέα
2340 1614 2355 1631 ⁸
2419 1598 2446 1651 6
2494 1598 2665 1653 τοίνυν
2724 1597 2908 1675 Κύριος
2953 1603 3080 1653 πᾶσι
3138 1610 3255 1660 τοῖς
3302 1596 3557 1659 παλαιοῖς
3599 1598 3754 1669 ἡμῶν
3782 1597 3882 1652 καὶ

2222 1684 2565 1759 ἁμαρτωλοῖς
2624 1685 2758 1741 ἔθεσι
2816 1700 2903 1741 και
2948 1684 3173 1764 δόγμασι
3232 1686 3498 1764 μάχεσθαι
3543 1686 3608 1740 τὰ
3638 1684 3728 1739 νέα
3782 1686 3879 1739 καῖ

2221 1777 2339 1830 θεῖα
2400 1776 2554 1831 αὖτοῦ
2617 1773 2918 1849 ἐντάλματα
2978 1777 3062 1830 καὶ
3121 1774 3359 1853 δόγματα
3415 1774 3686 1850 βούλεται.
3746 1774 3876 1831 Νόεε

485 1873 687 1945 domo,
739 1868 1000 1931 hominis
1049 1866 1316 1946 inquam,
1378 1874 1443 1926 ut
1501 1866 1871 1929 manifestius
1919 1856 2134 1945 dicam,

2222 1860 2269 1917 δι
2403 1861 2843 1916 παρη·
2992 1862 3129 1918 ιδ
3236 1864 3257 1881 ν
3402 1859 3843 1916 γδυλι-

2254 1884 2276 1917 ε
2333 1885 2419 1918 και
2470 1884 2633 1927 Οδτω,
2762 1883 2890 1940 Οτηρ
2947 1884 3045 1937 μιν
3172 1885 3312 1937 νοδς,
3370 1884 3479 1922 υος
3555 1883 3636 1916 εο
3714 1883 3873 1939 ογος,

485 1962 780 2023 illustrata
809 1956 918 2018 fuit
949 1974 1117 2016 mens
1162 1954 1425 2034 Dionysii
1474 1953 1863 2037 Areopagitae,
1896 1967 1952 2019 et
1984 1964 2155 2038 praa-'

486 2050 842 2112 dicalionem
868 2045 1150 2124 suscepit,
1175 2044 1523 2124 repugnavit
1551 2053 1746 2106 autem
1772 2047 1902 2125 ejus
1929 2049 2134 2122 menti,

487 2156 621 2220 qua)
654 2146 766 2198 tam
802 2134 1075 2196 alacriter
1123 2132 1299 2193 fidem
1355 2134 1639 2214 suscepit,
1690 2136 1927 2213 gentilis
1966 2139 2136 2210 ratio,

489 2235 723 2289 tentans
765 2224 1080 2284 ostendere
1129 2221 1460 2283 dialecticis
1510 2224 1847 2295 tendiculis,
1896 2234 1961 2287 ut
2007 2226 2139 2287 illas

488 2323 861 2395 sequeretur.
894 2311 1074 2370 Vides
1097 2310 1449 2372 divisionem
1476 2313 1659 2392 patris
1683 2322 1740 2373 et
1771 2314 1873 2375 ﬂlii
1903 2315 2057 2377 inter
2074 2335 2138 2378 se

486 2400 949 2485 repugnantium
968 2406 1213 2479 propter
1226 2400 1524 2460 Christum
1550 2410 1607 2461 et
1627 2403 2141 2478 pradicationem?

488 2496 734 2553 Matrem
771 2506 1006 2570 quoque
1032 2496 1091 2549 et
1122 2505 1355 2549 socrum
1384 2488 1625 2551 vocabis
1656 2494 2135 2569 mentem,ﬂlium

487 2599 626 2644 vero
663 2587 722 2641 et
776 2596 990 2639 nurum
1041 2595 1332 2638 sensum:
1382 2579 1518 2638 582
1577 2588 1633 2640 et
1684 2580 1839 2641 inter
1890 2582 1994 2643 has
2052 2594 2137 2645 est

489 2689 685 2753 pugna
714 2678 960 2752 propter
981 2667 1303 2748 Christum,
1333 2669 1679 2747 insurgente
1708 2682 1905 2735 mente
1935 2685 2138 2737 contra

488 2777 779 2823 sensum:
836 2757 1073 2839 quando
1120 2775 1290 2818 mens
1348 2759 1554 2819 suadet
1602 2760 1969 2837 praeferenda
2018 2783 2136 2826 non

488 2851 641 2912 ﬂuxa
672 2848 867 2921 ﬂuxis,
924 2845 1365 2925 invisibiliaque
1424 2847 1782 2924 visibilihus,
1837 2850 2135 2933 habetque

484 2938 557 2999 ad
592 2940 707 3000 hoc
735 2936 1270 2998 demonstrationes
1321 2938 1533 2998 multas
1584 2938 1926 3018 atljutrices.
1954 2941 2133 3003 Com-

488 3026 741 3088 mittitur
769 3035 964 3087 autem
999 3032 1057 3085 et
1089 3024 1309 3084 bellum
1359 3043 1569 3088 sensus
1609 3038 1811 3091 contra
1844 3041 2130 3093 mentem.

489 3116 715 3179 Sensus
748 3114 905 3176 enim
942 3131 1048 3193 per
1080 3113 1359 3174 miracula
1389 3123 1448 3176 et
1484 3115 1647 3195 signa
1681 3135 1811 3196 qum
1857 3118 2135 3183 videntur

2223 1952 2481 2026 μερισμὸς
2525 1962 2612 2010 οὖν
2665 1953 2863 2007 τούτων
2916 1951 3120 2030 ἐγένετο
3150 1951 3203 2006 ἐν
3234 1955 3308 2025 τῷ
3351 1952 3425 2007 ἑνὶ
3453 1950 3611 2022 οἴκῳ,
3644 1957 3723 2023 τῷ
3780 1950 3875 2004 ἐν·

2222 2043 2415 2116 θρώπῳ
2456 2043 2617 2120 φημὶ,
2650 2045 2767 2098 οἷον
2817 2040 2906 2097 ἴνα
2966 2041 3281 2120 σαφέστερον
3334 2039 3499 2112 εἴπω,
3563 2039 3869 2115 ἕνελάμνξθη

2222 2133 2248 2187 6
2303 2138 2417 2196 νοῦς
2458 2132 2550 2187 τού
2594 2130 2967 2209 Ἀρεοπαγίτου
3014 2135 3303 2204 Διονυσίου,
3356 2130 3444 2186 καὶ
3501 2135 3561 2185 τὸ
3616 2130 3871 2206 κηρυγμα

2220 2218 2427 2285 ἐδέξατο
2463 2240 2475 2251 ·
2537 2220 2809 2277 ἀνθίστατο
2864 2219 2915 2275 δὲ
2964 2222 3148 2277 τούτου
3204 2225 3280 2292 τῷ
3327 2224 3413 2276 νο“ι
3474 2226 3552 2292 τῷ
3593 2217 3874 2273 ἀναποδεί-

2220 2332 2360 2374 κτως
2418 2306 2681 2383 δεξαμένῳ
2738 2311 2836 2377 τὴν
2892 2311 3066 2366 πίστιν
3137 2312 3163 2365 6
3230 2307 3389 2384 λόγος
3442 2310 3469 2362 6
3522 2306 3868 2380 Ἑλληνικὸς,

2222 2397 2578 2455 ἀποδεικνύειν
2664 2399 3013 2479 πειρώμενος,
3098 2400 3182 2454 καὶ
3241 2396 3602 2459 διαλεκτικαΐς
3654 2395 3862 2474 ἐφόδοις

2221 2486 2529 2545 ἀκολουθεῖν
2586 2488 2914 2566 ἀναγκάζων,
2985 2481 3136 2567 Ὀρᾷς
3196 2486 3451 2564 μερισμὸν
3508 2487 3705 2564 πατρὸς
3781 2488 3869 2541 καὶ

2218 2580 2327 2634 υίοῦ
2384 2581 2708 2656 μαχομένων
2740 2577 2995 2647 ἀλλήλοις
3039 2576 3122 2632 διὰ
3168 2578 3389 2654 Χριστὸν
3440 2578 3524 2631 καὶ
3581 2578 3642 2631 τὸ
3690 2577 3865 2652 κήρυ-

2219 2691 2331 2745 γμα
2365 2688 2380 2749 ς
2416 2670 2511 2726 Καὶ
2544 2668 2746 2745 μητέρα
2797 2668 2848 2724 δὲ
2906 2672 2994 2725 καὶ
3049 2668 3298 2744 πενθερὰν
3352 2664 3599 2727 καλέσαις
3654 2664 3715 2720 ἂν
3767 2666 3867 2731 τὴν

2220 2755 2471 2837 διάνοιαν,
2532 2758 2786 2837 θυγατέρα
2864 2756 2915 2813 δὲ
3000 2758 3087 2812 καὶ
3146 2756 3351 2835 νύμφην
3429 2756 3524 2821 τὴν
3585 2754 3861 2820 αἴσθησιν.

2222 2848 2318 2903 Καὶ
2374 2848 2587 2912 ταύταις
2645 2846 2734 2902 οὖν
2810 2847 2967 2925 μάχη
3042 2844 3256 2900 ’ἵσταται
3328 2841 3409 2898 διὰ
3474 2844 3719 2921 Χριστὸν,
3798 2848 3867 2917 τῇ

2218 2937 2315 3011 μὲν
2373 2934 2569 3008 διανοίᾳ
2625 2937 2759 2992 κατὰ
2855 2940 2951 3002 τῆς
3038 2935 3315 3006 αἱθήσεως,
3387 2931 3511 2987 ὅταν
3572 2934 3604 2999 ἡ
3658 2930 3863 2987 διάνοια

2217 3026 2368 3101 πείθῃ
2426 3032 2686 3103 προτιμᾷν
2761 3026 2827 3081 τξ
2903 3026 2980 3100 μὴ
3050 3024 3234 3101 ῥευστὰ
3305 3024 3410 3077 των
3484 3021 3733 3099 pennam,
3798 3024 3865 3077 τΞι

2217 3116 2413 3193 ἀόρατα
2468 3121 2573 3172 τῶν
2637 3116 2838 3194 ὁρατῶν
2902 3116 2991 3171 καὶ
3072 3113 3176 3192 ἔχῃ
3238 3114 3366 3190 πρὸς
3426 3118 3581 3167 τοῦτο
3656 3109 3861 3173 πολλὰς

488 3206 815 3286 perductus
847 3203 917 3264 ad
951 3203 1152 3267 tidem.
1184 3221 1302 3263 non
1330 3203 1518 3263 credit
1572 3206 1785 3267 mentis
1824 3208 2131 3286 cogitatio-

2219 3203 2503 3270 ἀποδείξεις
2557 3206 2856 3283 συνεργούς.
2909 3203 3074 3263 ’Ἐστι
3132 3200 3186 3257 δὲ
3244 3202 3329 3257 ὅτε
3386 3202 3474 3256 καὶ
3516 3206 3583 3276 τῇ
3624 3202 3861 3269 αἰσθήσει

488 3293 710 3356 nibus:
764 3310 957 3372 neque
1012 3290 1170 3352 enim
1228 3292 1537 3369 gentilium
1597 3295 2134 3361 demonstrationes

488 3388 610 3449 vult
639 3384 831 3466 sequi,
866 3400 996 3463 qua;
1039 3381 1400 3460 compellunt
1450 3382 1565 3442 illis
1609 3385 1984 3448 attendentes
2015 3407 2132 3450 non

494 3476 740 3540 credere
772 3473 927 3553 quod
956 3471 1108 3559 Deus
1126 3469 1317 3559 factus
1342 3471 1417 3532 sit
1446 3473 1647 3547 homo,
1673 3475 1761 3536 vel
1788 3478 1941 3556 quod
1969 3479 2132 3559 virgo

493 3564 743 3647 peperit.
782 3558 1137 3640 Hujusmodi
1169 3567 1303 3619 sunt
1350 3562 1661 3638 gentilium
1716 3558 2128 3640 deliramenta,

489 3662 715 3718 naturae
772 3649 1114 3713 servientia.
1172 3649 1244 3710 At
1292 3668 1503 3711 sensus
1537 3670 1642 3731 per
1696 3653 1977 3716 miracula
2008 3676 2139 3736 qua:

489 3744 789 3820 videntur,
818 3736 1189 3820 praestantior
1211 3738 1371 3798 omni
1402 3739 1908 3805 demonstratione
1926 3752 2039 3809 est.
2064 3746 2135 3807 ad

486 3834 591 3897 Dei
624 3830 1024 3911 cognitionem
1060 3826 1493 3891 manuducens.
1548 3827 1674 3890 Non
1718 3834 1910 3894 omnis
1958 3833 2138 3911 igitur

487 3941 593 4003 pax
626 3930 684 3983 et
712 3917 1036 3981 concordia
1067 3915 1223 3977 bona
1260 3926 1366 3989 est,
1407 3918 1510 3978 sed
1545 3927 1632 3979 est
1661 3922 1894 4000 quando
1928 3932 1985 3983 et
2022 3943 2132 4004 pu-

487 4029 604 4091 gna
666 4018 724 4071 et
779 4006 1090 4068 dissidium
1152 4005 1349 4066 divina
1412 4008 1677 4086 quiedam
1731 4027 1828 4070 res
1880 4012 2131 4077 videtur.

486 4100 703 4163 Nullus
733 4098 909 4177 igitur
955 4102 1115 4157 amet
1162 4094 1370 4169 malos,
1426 4104 1482 4155 et
1541 4099 1806 4176 quamvis
1864 4109 2032 4179 pater
2078 4111 2137 4164 et

491 4197 675 4252 mater
705 4188 1099 4249 adversentur
1133 4184 1244 4263 legi
1277 4183 1522 4254 Christi,
1561 4189 2013 4267 repugnandum
2047 4200 2137 4252 est

489 4278 577 4339 eis
612 4276 857 4357 perinde
886 4294 954 4336 ac
989 4274 1261 4334 hostibus
1291 4274 1576 4338 veritatis.

2217 3296 2351 3351 κατὰ
2409 3294 2505 3361 τῆς
2586 3292 2813 3358 διανοίας
2895 3291 3127 3367 πόλεμος
3180 3303 3549 3370 συγκροτεῖται
3584 3308 3598 3324 ’
3671 3290 3704 3356 ἡ
3762 3291 3865 3368 γὰρ

2218 3383 2468 3450 αἴσθησις
2555 3382 2639 3439 διὰ
2720 3391 2824 3440 τῶν
2910 3384 3190 3457 θαυμάτων
3258 3381 3344 3436 καὶ
3416 3385 3521 3435 τῶν
3577 3379 3862 3459 ὁρωμένων

2216 3474 2453 3549 σημείων
2511 3471 2983 3551 χειραγωγουμένη
3059 3472 3188 3550 πρὸς
3245 3473 3440 3542 πίστιν,
3517 3470 3577 3525 οὔ
3631 3469 3861 3525 πείθεται

2217 3577 2331 3626 τοῖς
2376 3568 2474 3629 τῆς
2532 3560 2761 3618 διανοίας
2811 3560 3118 3639 λογισμοῖς,
3172 3557 3285 3616 οὐδὲ
3330 3571 3452 3622 ταῖς
3512 3556 3861 3622 Ἐλληνικατς

2221 3651 2542 3718 ἀποδείξεσιν
2598 3651 2811 3707 ἕπεσθαι
2854 3649 3121 3727 βούλεται,
3180 3647 3692 3724 σαναναγκαζούσαις
3743 3649 3860 3710 τοὺς

2220 3741 2585 3821 προσέχοντας
2643 3742 2830 3803 αὐταῖς
2875 3738 2951 3815 μὴ
2995 3739 3274 3808 πιστεύειν,
3339 3735 3418 3793 ὅτι
3469 3738 3594 3800 Θεὸς
3643 3736 3858 3814 γέγονεν

2220 3830 2512 3909 ἅνθρωπος,
2572 3831 2607 3898 ἢ
2665 3829 2746 3886 ὅτι
2805 3828 3055 3907 παρθένος
3115 3827 3282 3887 ἔτεκε.
3365 3834 3589 3884 Τοιαῦτα
3641 3828 3741 3905 γὰρ
3800 3830 3859 3883 τὸ

2218 3927 2322 3976 τῶν
2387 3921 2535 3999 φύσει
2592 3918 2939 3976 δουλεύοντων
3011 3914 3338 3985 Ἐλληνικῶν
3409 3915 3678 3993 λογισμῶν
3750 3915 3855 3984 λη-

2218 4010 2451 4086 ρήματα.
2529 4000 2589 4066 Ἠ
2649 4008 2827 4085 μέντοι
2915 4008 3162 4074 αἴσθησις
3245 4004 3327 4062 διὰ
3391 4009 3496 4061 τῶν
3577 4005 3859 4083 ὁρωμένων

2216 4098 2496 4177 θαυμάτων
2581 4100 2831 4177 κρείττων
2914 4098 3091 4164 πάσης
3176 4093 3486 4161 ἀποδείξεώς
3545 4096 3654 4152 ἐστι
3726 4098 3855 4174 πρὸς

2215 4192 2531 4270 θεογνωσίαν
2592 4188 2927 4269 χειραγωγός
2966 4204 2978 4216 ·
3061 4188 3120 4243 οὗ
3170 4192 3312 4242 πᾶσα
3372 4192 3458 4242 οὖν
3519 4188 3701 4263 εἰρήνη
3772 4188 3855 4242 καὶ

2219 4280 2493 4363 συξη-φωνία
2535 4277 2721 4356 καλὸν,
2776 4274 2894 4332 ἄλλ’
2952 4275 3093 4332 ἔστιν
3145 4274 3233 4331 ὅτε
3292 4277 3376 4331 καὶ
3432 4273 3590 4354 μάχη
3621 4277 3709 4331 καὶ
3740 4274 3853 4331 διά-

487 4389 669 4431 στασις
728 4366 872 4421 θετόν
915 4388 963 4420 τι
1009 4370 1200 4443 χρῆμα
1251 4362 1400 4420 δοκεῖ
1434 4382 1447 4395 ’
1495 4366 1679 4440 μηδεὶς
1739 4370 1907 4425 τοίνυν
1964 4372 2248 4450 φιλιαζέτω
2292 4362 2406 4432 τοῖς
2450 4379 2728 4446 πονηροῖς,
2764 4364 2901 4421 ἀλλὰ
2940 4364 3036 4422 κᾶν
3065 4364 3263 4444 πατὴρ,
3297 4364 3394 4419 κᾶν
3423 4365 3603 4443 μήτηρ
3635 4364 3855 4421 ἐναντίοι

488 4458 823 4531 εὑρίσκωνται
854 4461 929 4527 τῷ
965 4452 1188 4523 Χριστοῦ
1216 4453 1386 4526 νόμῳ,
1417 4456 1752 4530 πολεμητέον
1786 4462 1970 4521 αὐτοῖς
2002 4462 2073 4523 ὡς
2105 4461 2198 4529 τῆς
2229 4460 2477 4526 ἀληθείας
2509 4458 2749 4537 ἐχθροῖς.

575 4543 755 4604 Vens.
790 4540 1001 4602 54-59.
1040 4560 1066 4595 «
1105 4540 1345 4601 Dicebat
1375 4552 1569 4604 autem
1605 4545 1676 4605 ad
1713 4546 1950 4610 turbas:
1991 4549 2133 4610 Cum
2162 4558 2204 4610 D

488 4631 755 4693 videritis
778 4628 994 4691 nubem
1020 4628 1308 4690 orientem
1335 4630 1406 4691 ab
1430 4650 1668 4706 occasu,
1696 4640 1891 4695 statim
1914 4637 2131 4710 (licitis,

487 4720 682 4782 imber
712 4719 895 4797 venit,
928 4727 984 4779 et
1016 4718 1094 4777 ita
1126 4718 1188 4777 fit
1237 4738 1249 4777 :
1310 4729 1365 4780 et
1401 4739 1531 4780 cum
1565 4732 1828 4783 austrum
1865 4724 2129 4801 ﬂantem,

486 4811 683 4872 (licitis
714 4809 867 4891 quod
904 4816 1079 4868 aestus
1112 4807 1246 4887 erit,
1284 4818 1340 4868 et
1383 4811 1468 4871 ﬁt.
1515 4809 1871 4892 Ilypocritte,
1925 4815 2129 4875 faciem

486 4899 624 4963 caeli
659 4908 716 4960 et
748 4908 922 4959 terra;
955 4897 1141 4958 nostis
1192 4897 1468 4979 probare,
1504 4901 1616 4962 hoc
1665 4911 1859 4963 autem
1903 4911 2135 4985 tempus

482 4991 584 5071 qui
611 4990 675 5052 fit
706 4998 768 5049 ut
800 5006 915 5048 non
950 4988 1209 5066 probetis
1232 4986 1261 5045 ?
1309 4989 1426 5050 Cur
1472 5000 1667 5052 autem
1718 5011 1786 5051 ex
1821 4993 2134 5074 vobisipsis

488 5075 896 5155 nonjudicatis
917 5076 1072 5155 quod
1088 5076 1316 5155 justum
1342 5078 1462 5139 est?
1480 5077 1622 5140 Cum
1644 5080 1799 5142 enim
1821 5082 1980 5143 vadis
2001 5100 2129 5145 cun.

486 5166 823 5229 adversario
850 5175 945 5225 tuo
974 5165 1043 5225 ad
1084 5166 1511 5242 magistratum,
1556 5169 1615 5230 in
1645 5170 1734 5230 via
1766 5170 1839 5231 da
1863 5190 2128 5252 operam,

2310 4570 2332 4602 α
2370 4534 2580 4626 ’Ἔλεγε
2627 4544 2679 4600 δὲ
2727 4558 2843 4608 τοῖς
2905 4542 3117 4622 ὄχλοις,
3181 4534 3357 4602 ’Ὅταν
3417 4541 3568 4610 ἴδητε
3630 4543 3852 4620 νεφέλην

2218 4636 2605 4694 ἀνατέλλουσαν
2656 4634 2761 4691 ἀπὸ
2815 4631 3049 4708 δυσμῶν,
3103 4631 3291 4697 εὒθέως
3336 4632 3540 4711 λέγετε,
3588 4632 3667 4688 ὅτι
3702 4623 3855 4707 ’Ὁμο

2217 4725 2339 4807 ὄρος
2390 4725 2627 4805 ἔρχεται,
2687 4726 2774 4780 καὶ
2844 4724 3041 4801 γίνεται
3106 4722 3268 4787 οὕτως
3303 4739 3316 4753 ⁸
3376 4726 3462 4778 καὶ
3519 4722 3644 4777 ὅταν
3710 4724 3855 4778 νότον

2217 4817 2463 4890 πνέοντα,
2529 4814 2708 4892 λέγετε
2790 4812 2869 4869 ὅτι
2956 4812 3174 4869 Καύσων
3244 4811 3413 4884 ἔσται,
3476 4813 3561 4867 καὶ
3633 4814 3851 4889 γίνεται,

2221 4896 2549 4984 Ὑποκριταὶ,
2606 4906 2666 4959 τὸ
2710 4902 2993 4981 πρόσωπον
3037 4906 3134 4968 τῆς
3192 4906 3295 4979 γῆς
3346 4903 3434 4957 καὶ
3490 4908 3581 4957 τοὺ
3643 4905 3853 4978 ούρανοῦ

2217 4993 2397 5052 οἴδατε
2456 4992 2776 5068 δοκιμάζειν,
2840 4995 2930 5048 τὸν
3014 4991 3068 5046 δὲ
3140 4993 3327 5069 καιρὸν
3395 4997 3579 5047 τοῦτον
3629 4991 3742 5051 πῶς
3798 4992 3855 5047 οὗ

2215 5082 2574 5159 δοκιι.’ἀζετε;
2648 5083 2707 5139 Τί
2769 5079 2823 5136 δὲ
2882 5080 2969 5137 καὶ
3036 5078 3125 5159 ἀφ’
3177 5080 3374 5136 ἑαυτῶν
3432 5082 3492 5135 οὒ
3547 5082 3743 5157 κρίνετε
3796 5082 3852 5135 τὸ

2215 5170 2465 5245 δίκαιον,
2526 5164 2619 5235 Ὠς
2678 5172 2777 5250 γὰρ
2834 5171 3053 5247 ὑπάγεις
3126 5170 3259 5244 μετὰ
3317 5178 3408 5228 τοῦ
3463 5168 3721 5225 ἀντιδίκου
3764 5190 3849 5225 σου

489 5265 551 5317 ut
573 5254 848 5317 libereris
873 5254 945 5313 ab
976 5254 1103 5332 illo,
1141 5274 1214 5315 ne
1267 5254 1415 5318 forte
1451 5260 1748 5337 pertrahat
1780 5269 1833 5320 te
1863 5260 1933 5320 ad
1960 5262 2129 5341 judi-

2219 5260 2298 5317 ὲπ’
2359 5260 2620 5340 ἄρχοντα,
2686 5261 2739 5316 ἐν
2781 5266 2849 5337 τῇ
2906 5257 3009 5334 ὁδῷ
3064 5257 3151 5321 δὸς
3226 5257 3467 5336 ἐργασίαν
3512 5257 3848 5339 απηλλάχθαι

487 5362 644 5420 cem,
679 5354 736 5406 et
757 5344 943 5423 judex
975 5342 1168 5404 tradat
1199 5352 1254 5404 te
1286 5349 1566 5428 exactori,
1600 5357 1655 5409 et
1683 5357 1921 5409 exactor
1949 5350 2131 5429 conji—

486 5434 601 5496 ciat
630 5442 687 5494 te
734 5432 794 5494 in
826 5449 1154 5496 carcerem.
1210 5431 1356 5497 Dico
1406 5436 1532 5513 tibi,
1586 5456 1699 5499 non
1744 5437 1934 5499 exibis
1964 5438 2129 5516 inde,

488 5525 679 5585 donec
712 5521 980 5584 ultimum
1038 5521 1214 5582 etiam
1265 5524 1559 5589 minutum
1612 5526 1848 5589 reddas.
1893 5552 1915 5584 ιι
1958 5530 2130 5590 Post-

490 5628 664 5698 quam
730 5610 809 5673 de
867 5609 1287 5693 praedicatione
1344 5614 1649 5691 disseruit,
1709 5616 2025 5700 ignemque
2076 5628 2133 5681 et

2217 5350 2308 5407 ἀπ’
2366 5352 2545 5423 αὐτοῦ,
2600 5352 2676 5425 μή
2720 5371 2849 5407 ποτε
2905 5349 3172 5427 κατασύρῃ
3227 5368 3285 5404 σε
3328 5349 3457 5425 πρὸς
3512 5350 3604 5403 τὸν
3646 5350 3848 5428 κριτὴν,

2214 5440 2301 5495 καὶ
2385 5441 2412 5495 6
2486 5440 2669 5518 κριτὴς
2739 5461 2797 5496 σε
2868 5436 3086 5517 παραδῷ
3174 5443 3252 5511 τῷ
3321 5437 3599 5516 πράκτορι,
3672 5439 3758 5495 καὶ
3823 5440 3849 5493 6

2217 5527 2465 5606 πράκτωρ
2514 5549 2571 5585 σε
2640 5528 2780 5606 βάλῃ
2840 5531 2913 5591 εἷς
2967 5526 3205 5608 φυλακήν
3240 5542 3255 5556 ⁶
3308 5524 3451 5604 λέγω
3493 5549 3598 5601 σοι,
3665 5528 3724 5583 οὗ
3776 5528 3846 5600 μὴ

2219 5617 2429 5697 ἐξέλθῃς
2514 5618 2743 5695 ἐκεῖθεν,
2826 5619 2927 5683 ἕως
2997 5619 3054 5674 οὒ
3113 5617 3199 5675 καὶ
3254 5616 3316 5672 τὸ
3373 5614 3599 5698 ἔσχατον
3666 5617 3846 5676 λεπτὸν
