4116 6212
311 382 428 447 9l7

1038 387 1480 452 ENARRATIO
1510 390 1590 452 IN
1637 387 2144 452 EVANGELIUM
2191 384 2434 452 LUCE.
2480 423 2559 434 —
2601 391 2766 455 CAP.
2803 392 2962 455 XIII.

3570 390 3689 456 918

309 517 473 579 ὀκτώ,
551 515 726 581 ’Ἴσως
799 518 898 597 γὰρ
967 515 1052 575 διὰ
1135 519 1439 594 πταίσματά
1523 543 1639 578 τινα
1722 522 1952 601 ἐγκατα-

2067 521 2195 583 nala
2219 522 2493 585 humanis
2525 524 2876 604 corporibus
2906 511 3084 589 Satan
3127 527 3328 602 infert,
3364 526 3609 609 quando
3629 501 3699 588 ‘ei

311 609 619 686 λειφθεῖσαν
673 609 776 663 ὑπὸ
837 614 968 666 Θεοῦ
1019 607 1336 686 ἐτιμωρεῖτο
1389 609 1416 663 6
1466 615 1732 674 Σατανᾶς.
1775 611 1962 689 Παραί-

319 719 424 759 ῖιος
482 697 582 773 γάρ
640 696 751 752 ἐστι
809 710 928 759 τοῖς
979 698 1085 754 τῶν
1140 697 1426 776 ἀνθρώπων
1502 698 1712 773 σώμασι
1757 701 1969 757 πάντων

315 793 420 841 τῶν
471 784 767 864 δυσχερῶν,
829 785 958 842 ὅταν
1016 784 1211 842 ἄνωθεν
1272 786 1414 864 παρὰ
1485 789 1617 844 Θεοῦ
1673 811 1968 870 συγχωρη-

313 877 427 941 θείη
459 891 472 905 ⁸
535 877 650 931 επεὶ
697 876 782 930 καὶ
826 873 878 940 ἒξ
934 874 1112 954 ἀρχῆς
1165 879 1320 938 αὐτος
1362 877 1498 951 ἡμῖν
1544 877 1789 955 πρόξενος
1845 881 1970 956 εγε-

316 966 460 1040 -ίιίνει
518 972 612 1020 τοῦ
679 964 929 1020 ἐκπεσεῖν
1014 964 1111 1038 μὲν
1194 969 1293 1032 τῆς
1378 965 1692 1046 ἀφθαρσίας²
1778 965 1859 1046 ἐφ’
1938 966 1972 1042 ᾖ

317 1056 656 1128 ἐπείσθημεν,
718 1061 919 1130 νοσερῴ
975 1051 1029 1108 δὲ
1093 1053 1300 1129 σώματι
1355 1055 1443 1110 καὶ
1512 1058 1691 1128 παθῶν
1749 1054 1974 1128 δεκτικῴ

319 1139 665 1219 προσδεθηναι
704 1156 717 1170 ⁸
777 1143 896 1204 τοὺς
969 1139 1310 1220 δερματίνους
1367 1143 1466 1220 γὰρ
1525 1148 1762 1223 χιτῶνας
1820 1150 1973 1200 τοῦτο

321 1239 545 1306 ,βιοῦμεν
633 1230 868 1302 πάντως,
959 1222 1016 1288 Ὀ
1072 1230 1251 1306 μέντοι
1305 1233 1489 1310 Κύριος
1542 1233 1972 1311 θεοπρεπεστάτῃ

322 1327 473 1399 φωνῇ
544 1321 630 1376 καὶ
689 1317 920 1384 ἐξουσίας
974 1320 1211 1397 γεμούσῃ
1269 1325 1368 1387 τῆς
1448 1322 1698 1399 γγναικὸς
1777 1323 1972 1388 ταύτης

319 1413 413 1479 τὴν
475 1410 626 1466 νόσον
699 1408 929 1470 ἐλαύνει.
1002 1407 1304 1476 Ἐπιτίθησι
1381 1407 1435 1465 δέ.
1494 1410 1577 1466 καὶ
1625 1411 1719 1476 τὰς
1779 1425 1971 1490 χεῖρας

319 1505 478 1576 αὒτῇ,
534 1499 629 1553 ’ίνα
694 1498 972 1577 μάθωμεν,
1017 1497 1097 1554 ὅτι
1141 1499 1240 1566 τὴν
1283 1509 1377 1558 τοῦ
1437 1497 1598 1577 λόγου
1647 1498 1861 1576 δύναμίν
1915 1522 1972 1556 τε

317 1593 405 1646 καὶ
459 1588 726 1667 ἐνέργειαν
781 1588 817 1654 τη
869 1587 993 1665 ἁγία
1051 1587 1322 1668 πεφόρηκε
1381 1586 1505 1660 σάρξ
1540 1608 1554 1623 ’
1616 1587 1716 1645 ἰδία
1775 1590 1874 1668 γὰρ
1905 1589 1970 1656 ἧν

2051 629 2083 671 a
2116 610 2366 672 Domino
2400 613 2762 693 permittitur
2795 631 2808 676 :
2841 615 3320 696 quandoquidem
3354 617 3526 679 nobis
3551 615 3696 678 etab

2055 698 2220 759 initio
2253 711 2459 761 auctor
2487 700 2594 761 fuit
2636 700 2773 760 587
2817 713 2880 765 ut
2911 703 2982 763 ab
3016 703 3464 787 incorruptione
3495 705 3553 768 in
3586 724 3704 786 qua

2057 787 2270 850 conditi
2297 788 3054 868 fuimus,excideremus,et
3073 793 3308 856 infirmo
3331 795 3703 874 passionum-

2056 895 2171 954 que
2202 878 2401 958 capaci
2433 879 2668 959 corpori
2695 879 2918 956 alligati
2946 899 3235 945 essemus.
3264 884 3387 945 Hoc
3411 883 3569 945 enim
3598 902 3706 962 per

2062 965 2173 1045 pell
2188 965 2585 1028 iceastunicas
2603 967 3098 1047 intelligimus!“
3116 971 3401 1034 Dominus
3422 991 3564 1034 voce
3581 974 3704 1037 Deo

2057 1053 2401 1131 dignissima
2433 1065 2836 1138 potestateque
2868 1058 3344 1136 plenamulieris
3363 1063 3532 1122 istius
3553 1080 3704 1124 mor-

2059 1142 2194 1202 bum
2219 1143 2397 1222 Iugat.
2422 1144 2677 1225 Impouit
2699 1154 2896 1207 autem
2925 1147 2978 1208 ei
3005 1158 3066 1208 et
3090 1167 3299 1208 manus
3323 1157 3386 1209 ut
3405 1149 3704 1212 discamus

2056 1231 2211 1310 quod
2248 1232 2352 1294 Dei
2387 1252 2725 1295 sermonem
2762 1234 3160 1316 virtutemque
3192 1241 3251 1296 et
3299 1235 3702 1316 operationem

2055 1326 2256 1378 sancta
2287 1339 2422 1382 caro
2469 1321 2764 1386 habuerit.
2803 1325 2922 1385 Sua
2972 1324 3130 1385 enim
3184 1325 3423 1405 propria
3468 1333 3613 1398 erat,
3648 1332 3707 1386 et

2055 1426 2172 1467 non
2201 1409 2440 1470 alterius
2467 1412 2798 1490 cujuspiam
2826 1412 2938 1473 sibi
2955 1413 3315 1482 assistentis.
3348 1425 3409 1475 et
3439 1414 3706 1494 proprie-

2056 1504 2171 1556 tate
2192 1514 2460 1575 persona;
2487 1499 2929 1578 separati,si:ut
2953 1499 3424 1581 impioNestorio
3449 1501 3702 1566 videtur.

2054 1583 2238 1662 Igitur
2268 1595 2427 1646 tanta
2458 1587 2695 1668 quidem
2724 1588 2956 1650 Domini
2991 1590 3346 1668 benignitas,
3383 1600 3442 1650 ut
3466 1595 3704 1671 proprio

319 1680 500 1753 13:05,
559 1679 645 1734 καὶ
690 1679 794 1756 οὔχ
853 1677 1033 1755 ἑτέρου
1073 1678 1217 1741 τινὸς
1260 1677 1388 1757 παρ’
1431 1678 1586 1734 αὐτὸν
1618 1675 1768 1741 ὄντος
1811 1699 1973 1735 κατα-

2067 1672 2336 1751 ligmento
2377 1676 2716 1736 misericors
2746 1687 2923 1740 esset.
2959 1677 3204 1740 Satanas
3235 1697 3372 1740 vero
3395 1680 3493 1760 qui
3538 1680 3704 1758 prius

319 1771 484 1843 μόνας
555 1770 641 1824 καὶ
723 1765 1137 1830 ίδιοϋποστάτως
1215 1767 1644 1847 κεχωρισμένου,
1704 1769 1838 1824 καθὰ
1908 1766 1972 1833 δὴ

2067 1762 2366 1824 mulierem
2400 1764 2761 1844 alligaverat,
2792 1766 2983 1827 morbi
3016 1767 3372 1830 solutionem
3405 1768 3705 1842 dolens,et

321 1859 585 1932 Χεστορίῳ
640 1864 717 1931 τῷ
756 1853 1002 1916 δυσσεϐεῖ
1061 1854 1234 1919 δοκεῖ,
1286 1849 1348 1914 Ἠ
1418 1857 1515 1932 μὲν
1560 1857 1648 1914 οὖν
1707 1855 1973 1936 ἂγαθότης

2067 1869 2199 1911 eam
2231 1854 2482 1932 amplius
2505 1854 2768 1934 afﬂigere
2799 1855 3068 1935 cupiens,
3119 1856 3318 1936 alligat
3366 1857 3700 1938 principem

318 1956 410 2004 τοῦ
457 1945 649 2026 Κυρίου
699 1945 946 2024 τοιαύτη,
1004 1946 1091 2002 καὶ
1163 1945 1302 2002 οὕτω
1356 1947 1417 2002 τὸ
1483 1947 1684 2003 οἰκεῖον
1755 1946 1978 2022 πλάσμα

2067 1938 2390 2020 Synagogaa
2419 1942 2652 2015 invidia,
2697 1951 2756 2005 et
2790 1962 2896 2023 per
2939 1964 3006 2005 os
3054 1945 3184 2024 ejus
3213 1946 3564 2008 miraculum
3598 1965 3702 2008 ca-

321 2037 572 2105 ηλέησεν.
636 2026 694 2092 ’0
749 2033 805 2090 δὲ
880 2033 931 2100 ἐξ
993 2037 1172 2115 ἀρχῆς
1242 2035 1341 2102 τὴν
1401 2048 1631 2114 γυναῖκα
1710 2033 1978 2117 δεσμήσας

2067 2029 2424 2117 lumnialur:
2465 2048 2630 2095 more
2659 2033 2821 2093 enim
2853 2052 2959 2094 suo
2985 2033 3160 2096 bonis
3191 2033 3410 2116 ubique
3432 2035 3703 2117 imponit.

322 2133 585 2200 Σατανᾶς,
650 2124 954 2204 ἀχθόμενος
1012 2109 1312 2200 τῆξ-ταύτης
1343 2109 1518 2202 λύσει,
1551 2125 1646 2182 οἷα
1673 2109 1842 2182 θέλων
1899 2109 1978 2181 Eni

2067 2115 2406 2194 Indignatur
2436 2139 2574 2199 ergo
2612 2121 2768 2201 quod
2803 2122 2861 2182 in
2895 2121 3150 2186 Sabbato
3181 2109 3421 2184 sanatur
3465 2144 3479 2184 :
3521 2109 3708 2204 'quem

319 2218 509 2274 πλεῖον
569 2218 958 2295 κακουχεϊσθαι
1007 2216 1194 2289 αὖτην,
1252 2214 1442 2290 δεσμεῖ
1473 2217 1564 2272 τὸν
1594 2217 1978 2296 ἀρχισυνάγω-

2069 2209 2356 2270 Dominus
2387 2209 2807 2288 pulcherrimis
2829 2210 3120 2290 exemplis
3145 2210 3456 2273 brutorum
3478 2211 3708 2273 anima-

320 2331 414 2386 γον
488 2313 563 2380 τῷ
618 2307 815 2386 φθόνῳ,
876 2306 965 2363 καὶ
1015 2303 1100 2360 διὰ
1164 2305 1258 2362 τοῦ
1315 2306 1578 2381 στόματος
1632 2306 1819 2365 τούτου
1877 2306 1976 2362 ἐπ-

2067 2299 2207 2359 lium
2240 2299 2449 2378 arguit.
2478 2297 2649 2361 Unde
2674 2319 2788 2361 non
2824 2301 2953 2381 ipse
2971 2310 3193 2363 tantum
3227 2302 3445 2364 talibus
3474 2321 3706 2366 sermo-

323 2395 535 2476 ηρεαζει
566 2400 643 2468 τῷ
668 2395 892 2470 θαύματι
927 2409 941 2423 ‘
1006 2393 1169 2458 οὕτως
1204 2393 1302 2472 ἔίρα
1333 2403 1612 2474 πανταχοῦ
1651 2408 1760 2460 τοῖς
1790 2395 1978 2458 καλοῖς

2067 2387 2260 2460 nibus,
2298 2388 2403 2449 sed
2438 2395 2496 2449 et
2528 2408 2736 2450 omnes
2765 2390 2864 2451 alii
2913 2391 3016 2472 qui
3049 2392 3514 2454 adversabantur
3540 2392 3704 2467 Jesu,

318 2487 630 2543 ἐπιτίθεται.
698 2483 1028 2560 Ἀγανακτεϊ
1071 2485 1160 2538 οὖν
1203 2481 1284 2539 ὅτι
1333 2482 1387 2538 ἐν
1435 2481 1691 2557 Σαϐϐάτῳ
1733 2486 1767 2552 ἡ
1821 2487 1978 2561 θερα-

2067 2476 2597 2546 confundebantur.
2625 2477 2844 2558 Magna:
2866 2481 3024 2542 enim
3050 2481 3317 2543 stultitia;
3335 2491 3480 2544 erat.
3512 2481 3714 2560 prohi-

318 2578 444 2630 πεία
504 2574 716 2652 γέγονε,
773 2573 832 2627 ὃν
896 2573 924 2626 6
990 2572 1176 2650 Κύριος
1234 2572 1577 2651 χαριεστάτῳ
1631 2571 1978 2650 ὑποδείγματι

2068 2567 2209 2627 bere
2254 2568 2554 2630 hominem
2607 2570 2804 2630 επιειτί
2851 2570 2911 2631 in
2943 2570 3201 2632 Sabbato
3235 2583 3477 2650 propter
3521 2570 3706 2633 otium

317 2671 424 2720 τῶν
482 2662 692 2740 ἀλόγων
763 2661 912 2732 ζώων
983 2658 1200 2740 ἐλέγχει
1232 2676 1245 2690 ⁸
1310 2659 1426 2716 ὅθεν
1486 2662 1544 2717 οὐ
1602 2661 1764 2736 μόνος
1825 2663 1978 2724 αὐτὸς

2071 2657 2221 2737 quod
2257 2657 2451 2736 aliqua
2486 2677 2550 2718 ex
2591 2667 2756 2738 parte
2789 2659 2846 2718 in
2886 2659 3144 2722 Sabbato
3179 2660 3270 2721 lex
3322 2670 3707 2740 praeceperat.

316 2767 433 2814 τοῖς
491 2753 749 2816 τοιούτοις
802 2749 1007 2830 λόγοις,
1061 2749 1199 2806 ἀλλὰ
1249 2751 1338 2806 καὶ
1395 2751 1588 2812 πάντες
1633 2753 1681 2808 οἱ
1705 2749 1858 2807 ἄλλοι
1892 2751 1982 2807 ἆν-

317 2865 365 2898 τι
388 2843 603 2916 τείμενοι
648 2845 724 2913 τῷ
780 2837 959 2906 Ἰησοῦ
1005 2841 1108 2895 ἀπὸ
1159 2840 1264 2896 τῶν
1313 2839 1491 2918 λόγων
1549 2840 1980 2919 κατῃσχύνοντο·

327 2933 452 2988 λίαν
533 2931 633 3010 γὰρ
708 2930 772 2997 ἦν
857 2929 1083 2996 ἀνόητον
1165 2930 1227 2985 τὸ
1297 2927 1524 2985 κωλύειν
1598 2925 1980 3006 θεραπευθῆναι

323 3022 598 3098 Ξὶοθρωπον
655 3017 709 3075 ἐν
768 3015 1050 3093 Σαϐϐάτῳ,
1111 3017 1195 3074 διὰ
1249 3019 1348 3086 τὴν
1420 3019 1604 3096 ἀγρίαν
1665 3016 1820 3085 δῆθεν
1877 3019 1977 3085 τὴν

323 3113 423 3167 ὐπὸ
483 3112 576 3166 τοῦ
643 3110 807 3184 νόμου
879 3116 955 3183 τῷ
1031 3105 1291 3183 Καϐϐἀτῳ
1357 3107 1849 3186 προστεταγμένην.
1921 3110 1979 3164 Οἱ

2074 2747 2256 2824 Igitur
2301 2746 2400 2826 qui
2449 2745 2916 2807 adversabantur
2958 2749 3121 2819 Jesu,
3173 2747 3706 2810 confundebantur.

2073 2834 2286 2896 Turbae
2333 2843 2526 2895 autem
2560 2833 2898 2912 gaudebant
2945 2835 3004 2896 in
3062 2837 3361 2915 operibus,
3415 2836 3569 2897 sicut
3625 2836 3710 2898 illi

2067 2923 2350 3003 operibus
2381 2941 2497 2983 non
2529 2922 2887 3001 gaudebant,
2922 2923 3026 2984 sed
3055 2923 3452 2998 iusaniebant,
3478 2924 3710 2987 Christo

2065 3012 2317 3073 faciente
2347 3011 2736 3072 miracula.At
2761 3011 2945 3073 turba
2976 3031 3040 3072 ex
3077 3013 3379 3074 miraculis
3399 3013 3710 3076 utilitatem

2065 3099 2488 3181 percipientes,
2523 3099 2884 3179 gaudebant,
2910 3101 3163 3163 maxime
3195 3103 3349 3183 quod
3382 3102 3708 3165 sanationi-

323 3203 419 3274 μὶν
464 3207 552 3256 οὖν
613 3198 964 3272 ἀντικείμενοι
1007 3203 1085 3270 τῷ
1132 3197 1308 3264 ’1ησοῦ
1363 3197 1469 3253 ἀπὸ
1498 3202 1603 3253 τῶν
1635 3196 1811 3275 λόγων
1841 3219 1976 3253 κατ-

2071 3188 2178 3249 bus
2209 3189 2568 3249 fruerentur.
2604 3187 2904 3267 Intelligas
2934 3199 3156 3264 autem,
3194 3210 3321 3265 oro,
3359 3189 3709 3254 miraculum

323 3259 647 3369 Τητχύνοντο,
712 3289 760 3344 οἱ
929 3256 1094 3366 ὄχλόι
1153 3286 1376 3366 ἔχαιρον
1408 3285 1493 3342 ἐπὶ
1520 3299 1639 3351 τοῖς
1673 3256 1873 3364 ἔργοις,
1911 3287 1978 3350 ὡς

2076 3278 2232 3337 istud
2267 3278 2440 3338 etiam
2474 3278 2548 3338 de
2580 3256 3103 3342 intern-Ibomine.
3143 3280 3487 3343 Incurvatur
3514 3282 3713 3344 anima

324 3380 524 3436 ἐκεῖνοι
583 3398 644 3454 γε
692 3389 810 3441 τοῖς
857 3375 1030 3456 ἔργοις
1087 3378 1179 3434 οὒκ
1237 3375 1482 3456 ἔχαιρον,
1517 3374 1637 3432 ἀλλ’
1669 3374 1978 3446 ὲξετήκοντε

2075 3370 2308 3452 quando
2339 3369 2408 3430 ad
2447 3378 2718 3431 terrenas
2753 3377 2976 3431 tantum
3023 3391 3197 3434 curas
3228 3373 3434 3453 vergit,
3473 3382 3530 3434 et
3562 3371 3710 3436 nihil

320 3473 842 3544 θαυματουργοῦντος
928 3467 1022 3522 τοῦ
1094 3472 1338 3544 Χριστοῦ.
1419 3467 1479 3523 Οἱ
1547 3464 1602 3521 δὲ
1661 3472 1753 3521 τοῦ
1813 3464 1989 3544 ὄχλου

321 3560 416 3615 υἷα
473 3555 834 3637 ὠφελούμενοι
895 3555 956 3613 ἐκ
996 3561 1102 3611 τῶν
1166 3555 1434 3633 σημείων,
1493 3554 1740 3635 ἔχαιρον,
1787 3555 1988 3640 ἰάσεων

322 3647 707 3710 ἀπολαύοντες.
755 3652 929 3703 Ταῦτα
971 3643 1028 3701 δέ
1072 3669 1163 3722 μοι
1208 3643 1444 3722 λάμϐανε
1487 3645 1553 3700 τὰ
1603 3645 1844 3720 θαύματα
1889 3666 1976 3730 καὶ

319 3739 406 3793 ἐπὶ
462 3737 553 3792 τὸν
597 3735 744 3799 ἐντὸς
805 3733 1077 3814 ἄνθρωπον
1117 3753 1129 3764 ·
1195 3734 1482 3813 συγκύπτει
1556 3734 1655 3812 γὰρ
1698 3735 1732 3801 ἡ
1797 3735 1984 3823 ψυχὴ,

322 3825 447 3882 ὅταν
503 3823 588 3881 ἐπὶ
646 3825 740 3889 τὰς
801 3829 1003 3902 γηῗνας
1082 3823 1250 3900 μόνας
1336 3820 1612 3903 φροντίδας
1669 3823 1824 3900 νεύῃ,
1894 3820 1985 3892 καὶ

323 3913 489 3990 μηδὲν
543 3914 784 3992 οὖράνιον
826 3914 861 3981 ἢ
917 3919 1064 3970 θετον
1122 3911 1452 3994 φαντάζηται
1488 3928 1506 3948 ο
1565 3911 1646 3968 διὸ
1704 3915 1794 3968 καὶ
1847 3913 1990 3968 ὀκτὼ

322 4007 408 4060 καὶ
437 4001 562 4060 δέκα
593 4001 687 4068 ἔτη
719 4015 895 4059 νοσεῖν
952 4001 1187 4079 λέγεται.
1242 4001 1411 4059 ’Ὅταν
1459 4002 1558 4079 γὰρ
1589 4023 1670 4064 τις
1711 4002 1829 4078 περὶ
1887 4002 1987 4067 τὴν

324 4094 548 4170 τήρησιν
619 4097 725 4146 τῖὑν
783 4089 1010 4147 ἐντολῶν
1066 4097 1160 4146 τοῦ
1214 4089 1353 4147 θείου
1397 4091 1582 4166 νόμου,
1631 4088 1834 4154 αἵτινές
1886 4091 1984 4146 εἰσι

320 4180 466 4255 δέκα,
529 4182 615 4236 καὶ
671 4181 788 4258 περὶ
847 4181 947 4247 την
998 4178 1183 4236 ἐλπίδα
1213 4188 1305 4237 τοῦ
1332 4178 1517 4257 ὀγδόου
1543 4180 1730 4244 αἰῶνος
1763 4179 1981 4258 ἆσθενῇ,

329 4269 454 4324 δέκα
509 4270 598 4324 καὶ
641 4269 784 4325 ὀκτὼ
812 4268 908 4335 ἔτη
940 4268 1258 4346 συγκόπτειν
1303 4267 1516 4347 λέγεται
1552 4285 1566 4298 ·
1619 4267 1654 4336 ἢ
1689 4269 1792 4348 οὔχ
1849 4269 1877 4324 6
1916 4274 1984 4343 τῇ

2055 3459 2320 3524 -C(Bleste
2345 3459 2432 3520 vel
2453 3459 2710 3520 divinmn
2735 3478 2935 3522 secum
2958 3462 3477 3542 concipit.ldcirco
3501 3463 3711 3525 decem

2073 3562 2124 3612 et
2159 3557 2289 3611 octo
2320 3549 2490 3609 annis
2519 3557 2806 3625 aegrotare
2846 3549 3084 3614 dicitur.
3116 3550 3360 3624 Quando
3389 3553 3544 3613 enim
3579 3553 3712 3632 quis

2069 3641 2125 3701 in
2147 3638 2558 3700 observatione
2584 3637 2993 3700 mandatorum
3019 3639 3236 3702 divinae
3255 3641 3405 3720 legis
3421 3660 3552 3722 quae
3571 3653 3715 3705 sunt.

2068 3729 2298 3798 decem,
2336 3733 2396 3791 et
2427 3726 2484 3788 in
2512 3746 2618 3808 spe
2649 3726 2842 3789 octavi
2871 3727 3070 3790 saeculi
3099 3729 3370 3792 infirmus
3392 3730 3591 3804 fuerit,
3617 3731 3716 3792 de-

2072 3837 2200 3880 cem
2233 3823 2293 3878 et
2323 3825 2454 3879 octo
2475 3817 2647 3878 annis
2677 3815 2898 3878 dicitur
2923 3818 3238 3879 incurvari.
3267 3819 3478 3879 Annon
3509 3819 3713 3880 incur-

2069 3916 2237 3968 vatur
2265 3915 2320 3968 et
2355 3905 2724 3968 contrahitur
2753 3907 2851 3986 qui
2903 3908 3162 3970 terrenis
3193 3907 3460 3969 addictus
3509 3915 3717 3988 peccat

2071 4013 2335 4076 semper,
2369 3995 2641 4057 mandata
2671 3995 2972 4076 reprobat,
3014 4005 3071 4057 et
3119 3996 3379 4058 futurum
3432 3995 3712 4057 saeculum

2073 4105 2190 4147 non
2224 4083 2574 4163 exSpectat?
2605 4083 2720 4145 Sed
2755 4083 3038 4146 Dominus
3069 4084 3127 4145 in
3151 4084 3405 4147 Sabbato
3439 4094 3495 4145 et
3527 4085 3714 4165 Syna-

2065 4193 2212 4254 goga
2243 4181 2409 4235 sanat
2440 4173 2613 4234 talem
2660 4174 2943 4234 animam.
2991 4173 3235 4246 Quando
3286 4175 3446 4235 enim
3494 4175 3624 4254 quis
3654 4174 3712 4234 in

2068 4263 2264 4342 seipso
2315 4261 2541 4340 colligit
2591 4259 2984 4322 confessionis
3033 4263 3421 4341 cogitationes
3467 4281 3480 4325 :
3529 4261 3715 4324 Judas

326 4363 393 4433 γῇ
449 4357 854 4433 προσκείμενεις,
905 4358 990 4412 καὶ
1049 4357 1368 4436 ἁμαρτάνων
1420 4357 1500 4413 ἀεὶ
1561 4357 1654 4419 τάς
1711 4378 1767 4413 τε
1829 4356 1978 4412 ἐντο-

2068 4352 2222 4414 enim
2282 4351 2574 4412 reulessio
2620 4350 2858 4431 dicitur,
2912 4363 2966 4412 et
3013 4351 3332 4414 Sabbatum
3386 4362 3569 4432 tenet,
3605 4353 3717 4415 hoc

326 4445 421 4508 λας
458 4446 656 4524 ἀθετεῖ,
712 4448 800 4502 καὶ
847 4446 936 4502 τον
981 4445 1246 4521 μέλλοντα
1280 4447 1442 4503 αἰῶνα
1471 4447 1531 4504 όῦ
1573 4443 1928 4525 προσδέχεται
1965 4465 1978 4525 ;

2069 4451 2180 4517 est,
2216 4441 2457 4501 feriatur
2487 4461 2520 4500 a
2574 4440 2742 4502 malis
2776 4457 2790 4501 :
2831 4449 2907 4501 tu:
2938 4461 2968 4501 c
3001 4463 3132 4502 eum
3175 4452 3338 4503 sanat
3367 4445 3562 4516 Jesus,
3598 4460 3715 4503 non

325 4533 475 4591 Ἀλλ’
508 4537 535 4590 6
580 4533 769 4612 Κύριος
802 4535 856 4591 ἐν
913 4533 1172 4609 Σαϐϐάτῳ
1229 4537 1316 4593 καὶ
1361 4535 1658 4613 Συναγωγῆ
1705 4536 1978 4614 θεραπεύει

2073 4550 2350 4594 sermone
2380 4539 2601 4591 tantum
2632 4530 2839 4590 dicens
2862 4530 2914 4591 ei
2943 4551 2955 4592 :
2995 4530 3297 4592 Liberatus
3317 4541 3438 4591 esto
3462 4530 3536 4592 ab
3555 4531 3717 4591 infir-

332 4626 427 4691 τήν
483 4625 734 4692 τοιαύτην
781 4626 991 4704 ψυχήν.
1055 4615 1233 4682 υΟταν
1288 4626 1386 4702 γὰρ
1459 4624 1733 4702 συναγάγῃ
1790 4645 1867 4689 τις
1927 4624 1978 4680 ἐν

2069 4621 2266 4682 mitate
2301 4630 2392 4680 tua
2429 4637 2442 4681 :
2493 4622 2595 4680 sed
2643 4627 2700 4679 et
2735 4638 2944 4680 manus
2977 4619 3312 4700 imponens.
3348 4621 3511 4700 Opus
3553 4626 3712 4681 enim

890 4712 1330 4792 ἐξομολογήσεως
1383 4712 1671 4790 λογισμούς
1705 4728 1721 4744 ’
1783 4711 1978 4776 Ἰούδας

2067 4721 2152 4771 est
2185 4709 2353 4771 nobis
2387 4718 2444 4769 ut
2477 4710 2549 4770 ad
2601 4709 2968 4789 operanduzn
3022 4727 3200 4788 opera
3246 4709 3473 4769 virtutis
3521 4708 3716 4769 susci~

332 4804 430 4882 γαρ
502 4802 888 4882 ἐξομολόγησις
967 4802 1178 4881 λέγεται
1213 4823 1227 4840 ·
1310 4803 1398 4858 καὶ
1463 4799 1733 4858 Σάϐϐατον
1792 4804 1976 4882 σχοίη,

2067 4802 2293 4881 νίδεηιιε
2326 4807 2384 4860 et
2411 4798 2741 4859 divinarum
2792 4817 3070 4858 manuum
3113 4798 3620 4878 cooperationem,
3658 4805 3716 4858 et

329 4891 593 4949 τουτέστιν
665 4893 846 4971 ἀγρίαν
921 4892 1026 4949 ἀπὸ
1081 4899 1190 4949 τῶν
1245 4892 1447 4962 κακῶν,
1508 4891 1628 4947 τότε
1705 4892 1978 4969 θεραπεύει

2069 4909 2182 4950 non
2217 4907 2320 4968 per
2370 4888 2558 4948 solum
2610 4887 2854 4948 verbum
2904 4897 2961 4947 et
3020 4887 3441 4948 instructiones
3489 4885 3718 4948 erudiri

334 4984 489 5041 αὑτὸν
547 4985 574 5038 6
637 4981 867 5056 Ἰησοῦς,
903 4982 961 5039 οὗ
989 4981 1135 5060 λόγῳ
1166 4982 1314 5057 μόνῳ
1370 4979 1542 5058 λέγων
1574 4982 1715 5054 αὖτῷ
1745 4979 1978 5037 Ἀπολέ-

2067 4977 2349 5052 contenti,
2391 4987 2663 5059 putemus
2697 4996 2800 5038 nos
2833 4979 3141 5038 sanitatem
3177 4985 3549 5037 consecutos.

334 4715 502 4788 ἒαυτῷ
559 4715 682 4777 τοὺς
735 4715 828 4781 τῆς

332 5071 485 5128 λνσαι
515 5073 614 5138 τῆς
648 5072 915 5133 ἀσθενείας
949 5095 1062 5150 σου,
1095 5071 1233 5127 ἀλλὰ
1261 5071 1348 5128 καὶ
1378 5071 1472 5134 τὰς
1501 5084 1697 5149 χεῖρας
1741 5070 1936 5134 ἐπιθείς
1980 5069 2062 5126 δεῖ
2121 5071 2217 5146 γὰρ
2263 5071 2406 5143 ἡμᾶς
2448 5071 2532 5124 καὶ
2565 5069 2664 5136 τὴν
2696 5076 2799 5123 τῶν
2826 5068 2976 5123 ’ξείων
3013 5074 3206 5147 χειρῶν
3254 5067 3528 5145 συνεργίαν
3585 5067 3716 5144 πρὸς

330 5164 386 5218 τὸ
418 5161 761 5240 πράττειντὰ
791 5169 890 5230 τῆς
921 5162 1112 5240 ἀρετῆς
1170 5161 1298 5238 ἔργα
1351 5158 1612 5232 δέξασθαι,
1674 5161 1761 5215 καὶ
1819 5161 1896 5236 μὴ
1952 5158 2035 5215 διὰ
2094 5158 2253 5236 λόγου
2309 5159 2474 5234 ’μόνου
2533 5161 2619 5214 καὶ
2673 5159 3033 5236 κατηχήσεως
3067 5159 3162 5224 τὴν
3191 5157 3468 5229 θεραπείαν
3529 5152 3716 5212 λαϐεῖν

329 5249 608 5315 δοκοῦντας
642 5251 952 5330 ἆρκεσθῆναι
964 5299 976 5312 ,

417 5367 436 5392 ο
480 5339 690 5419 ’Ἔλεγε
733 5339 813 5415 δὲ,
845 5342 955 5398 Τίνι
990 5341 1147 5414 ὁμοία
1199 5339 1339 5396 ἐστιν
1371 5341 1406 5407 ἡ
1436 5337 1676 5416 βασιλεία
1708 5347 1799 5396 τοῦ
1829 5346 1981 5414 Θεοῦ,

331 5432 417 5486 καὶ
467 5431 565 5485 τίνι
624 5431 879 5505 ὁμοιώσω
940 5431 1150 5505 αὒτιζν;
1215 5421 1404 5505 ¹Ομοία
1460 5427 1569 5483 ἐστὶ
1626 5428 1803 5500 κόκκῳ
1832 5427 1981 5483 σινά-

331 5542 498 5595 πεως,
546 5521 602 5574 ὃν
635 5517 812 5576 λαϐὼν
875 5519 1146 5598 ἅνθρωπος
1191 5517 1378 5575 ἔϐαλεν
1423 5519 1492 5583 εἰς
1543 5521 1718 5584 κῆπον
1775 5517 1980 5586 ἑαυτοῦ,

332 5611 418 5665 καὶ
487 5609 712 5688 ηὔξησε,
774 5611 862 5666 καὶ
920 5608 1130 5687 ἐγένετο
1179 5611 1252 5673 εἷς
1311 5606 1517 5685 δένδρον
1567 5606 1729 5683 μέγα,
1781 5607 1870 5662 καὶ
1923 5607 1989 5662 τὰ

332 5699 553 5754 πετεινὰ
598 5701 691 5754 τοῦ
756 5700 971 5774 ονῖρχνοῠ
1022 5698 1434 5766 κατεσκήνωταν
1495 5696 1544 5750 ἒν
1605 5706 1722 5756 τοῖς
1777 5692 1989 5757 κλάδοις

2152 5339 2332 5398 Vens.
2377 5337 2583 5398 18-2").
2633 5363 2653 5389 ει
2696 5335 2939 5399 Dicebat
2975 5354 3113 5413 ergo
3153 5355 3166 5397 :
3221 5333 3324 5397 Cui
3376 5332 3572 5394 simile
3631 5341 3720 5396 est

2071 5442 2317 5504 regnum
2347 5424 2499 5488 Dei?
2530 5435 2584 5486 et
2612 5428 2702 5486 cui
2731 5424 2926 5485 simile
2950 5425 3154 5485 faciam
3190 5422 3375 5484 illud?
3397 5421 3601 5486 Simile
3631 5431 3721 5484 est

2073 5534 2251 5594 grano
2277 5515 2468 5594 sinapi
2495 5515 2648 5596 quod
2675 5525 2984 5594 acceptum
3014 5515 3190 5575 homo
3214 5512 3375 5575 misit
3403 5513 3458 5573 in
3479 5513 3714 5574 hortum

2073 5622 2269 5683 suum,
2299 5614 2356 5665 et
2383 5611 2591 5685 crevit,
2623 5621 2680 5666 et
2706 5603 2890 5665 evasit
2925 5603 2984 5663 in
3019 5601 3290 5664 arborem
3333 5620 3625 5681 magnam,
3661 5609 3722 5662 et

2075 5692 2350 5753 volucres
2379 5693 2517 5753 588
2556 5693 2687 5754 cmli
2720 5690 3140 5754 nidulabantur
3170 5691 3227 5753 in
3260 5691 3438 5752 ramis
3468 5688 3721 5770 eius.‘Et
