4116 6212
353 353 460 417 9‘21
1060 359 1509 422 ENARHATIO
1558 362 1635 421 IN
1688 354 2191 420 EVANGELIUM
2242 357 2477 418 LUCE.
2520 392 2598 403 —
2643 359 2805 422 CAP.
2857 363 3021 423 XIII.
3628 360 3749 425 9‘2?

352 491 697 569 περιήρχετο,
758 491 811 548 ἐν
884 496 972 555 αἶς
1044 494 1101 548 οὗ
1171 499 1408 551 τοσοῦτοι
1466 493 1603 561 ἦσαν
1648 492 1985 566 νομομαθετςε

2086 482 2424 546 occidatur?
2450 484 2580 548 Non
2614 497 2703 550 est
2726 489 2838 551 hoc
2867 490 3212 565 dicendum,
3249 491 3351 555 sed
3385 500 3447 555 et
3475 491 3617 567 iter,
3638 490 3734 552 iu-

392 577 405 595 ε
509 577 550 597 tu
620 571 633 590 ε
898 583 908 598 ι
1037 581 1051 600 ν
1139 578 1210 600 ’νη
1502 578 1527 599 ν
1644 580 1666 599 κ
1700 580 1723 599 λ
1758 580 1771 601 ι
1941 577 1952 592 ‘

351 600 451 645 την
504 596 558 635 Οε
641 580 968 660 ιερουσαλημ
1028 596 1426 661 απεοιορασκεν,
1495 604 1586 638 ατε
1639 596 1817 643 οεοιως
1877 598 1985 635 τους

2084 571 2231 652 quit,
2255 572 2483 636 faciens
2526 576 2585 636 in
2630 577 3119 659 Hierosolymam.
3162 580 3275 645 Ubi
3319 581 3477 645 enim
3536 578 3741 662 plures

356 669 498 746 παρὰ
568 668 674 726 τῶν
724 675 1039 746 νομομαθῶν
1096 669 1379 751 ὲλργχους,
1440 673 1475 739 ἢ
1558 673 1646 729 τὸν
1700 671 1761 727 ἐκ
1802 665 1985 726 τούτων

2083 671 2391 738 aegrotant,
2422 683 2493 727 eo
2527 668 2710 746 magis
2740 668 2975 751 festinat
3006 669 3299 735 medicus.

355 757 579 815 θάνατον
608 759 942 839 ὑφορώμενος
976 777 992 834 ;
1029 760 1136 816 Οὖκ
1166 749 1305 816 ἔστιν
1337 762 1531 834 εἰπεῖν,
1564 759 1700 817 ἀλλά
1729 760 1817 816 καὶ
1846 752 2085 835 πορείαν,
2117 754 2266 831 φησὶ,
2334 755 2651 820 ποιούμενος
2682 758 2757 820 εἰς
2805 749 3150 837 Ἰερουσαλήμ.
3183 780 3197 792 '
3234 760 3353 818 ἔνθα
3383 761 3481 839 γάρ
3525 759 3733 823 πλείους

356 846 403 901 οἱ
439 849 730 917 νοσοι“5·ιτες,
758 848 935 905 ἐκεῖσε
967 846 1171 924 μᾶλλον
1202 849 1483 905 εἰσωθείτω
1512 853 1540 907 6
1569 848 1768 928 ἱατρός.

446 960 472 991 α
525 942 660 1018 Εἷπε
717 935 772 993 δέ
838 959 913 1002 τις
972 942 1134 1010 αὐτῷ’
1172 938 1348 1018 Κύριε,
1382 940 1426 994 εί
1457 936 1624 1015 ὀλίγοι
1657 941 1703 995 οἱ
1750 936 1995 1009 σωζόμε-

354 1050 429 1083 νοι
465 1048 482 1098 ;
520 1017 577 1084 Ὀ
608 1024 662 1082 δὲ
692 1026 817 1082 εἶπε
860 1028 990 1106 πρὸς
1023 1028 1230 1089 αὐτοὺς·
1259 1017 1600 1105 Ἀγωνίζεσθε
1628 1025 1881 1083 εἰσελθεῖν
1911 1023 1995 1080 διὰ

348 1122 446 1183 τῆς
494 1116 684 1183 στενῆς
716 1112 912 1189 πύλης,
947 1114 1027 1172 ὅτι
1058 1114 1269 1188 πολλοὶ,
1325 1114 1469 1195 λέγω
1498 1118 1647 1191 ὑμῖν,
1674 1116 1994 1187 ζητήσουσιν

345 1204 626 1266 εἰσελθεῖν,
659 1206 747 1261 καὶ
791 1205 886 1259 οὒκ
928 1206 1258 1283 ἰσχύσουσιν,
1308 1203 1430 1285 Ἀφ’
1459 1206 1518 1262 οὗ
1546 1202 1591 1260 δ’
1632 1205 1818 1283 ἐγερθῇ
1849 1206 1876 1260 6
1907 1205 1989 1259 οἷ·-

345 1293 699 1372 κοδεσσ-ιοτης,
770 1295 857 1350 καὶ
914 1294 1203 1370 ἀποκλείσῃ
1267 1295 1363 1362 τὴν
1406 1296 1583 1374 θύραν,
1632 1296 1718 1350 καὶ
1769 1293 1989 1373 ἄρξησθε

348 1385 448 1451 ἔξω
518 1384 753 1457 ἑστάναι,
830 1385 915 1439 καὶ
975 1384 1179 1463 κρούειν
1207 1387 1306 1452 την
1340 1385 1518 1463 θύραν,
1579 1383 1846 1463 λέγοντες
1883 1384 1993 1441 Κύ-

352 1497 453 1554 ριε,
531 1474 707 1552 Κύριε,
769 1471 969 1538 ἄνοιξον
1037 1474 1197 1546 ἡμῖν·
1244 1474 1330 1529 καὶ
1360 1473 1656 1553 ἀποκριθεὶς
1709 1474 1820 1551 ἐρεῖ
1865 1474 1995 1548 ὑμῖν

355 1564 461 1621 Οὔκ
519 1561 639 1619 οἶδα
688 1565 826 1637 ύμᾶς
883 1563 1039 1619 πόθεν
1130 1560 1271 1619 ἐατέ’
1356 1563 1475 1620 τότε
1531 1563 1739 1643 ἄρξεσθε
1794 1561 1988 1641 λέγειν·

354 1649 656 1731 Ἐφάγομεν
713 1650 938 1707 ἒνώπιόν
994 1673 1112 1724 σου,
1179 1654 1264 1708 καὶ
1320 1651 1560 1732 ἐπίομεν,
1631 1654 1717 1709 καὶ
1760 1651 1813 1708 ἐν
1869 1666 1993 1716 ταῖς

2162 930 2344 993 Vens.
2377 931 2585 995 23-30.
2621 933 2752 996 «Ait
2780 938 2978 995 autem
3013 934 3097 996 illi
3132 937 3368 1017 quidam
3406 960 3418 997 :
3453 938 3732 1011 Domine,

2077 1035 2151 1078 an
2186 1020 2356 1098 pauci
2387 1028 2523 1081 sunt
2549 1021 2650 1102 qui
2673 1021 2922 1083 salutem
2948 1025 3419 1106 consequuntur?
3459 1026 3563 1089 Ille
3593 1045 3731 1087 vero

2075 1107 2225 1170 dixit
2253 1107 2323 1169 ad
2347 1107 2865 1173 illos:Contendite
2897 1112 3119 1176 intrare
3150 1134 3255 1194 per
3269 1124 3573 1195 angustam
3600 1134 3731 1196 por-

2077 1206 2216 1277 tam,
2249 1198 2386 1279 quia
2439 1199 2633 1280 multi,
2663 1199 2794 1261 dico
2840 1200 3030 1277 vobis,
3064 1212 3331 1284 quaerent
3378 1205 3628 1284 intrare,
3673 1212 3730 1266 et

2076 1304 2209 1375 non,
2224 1290 2680 1375 poterunt.Cum
2700 1299 2898 1352 autem
2935 1302 3317 1372 experrectus
3338 1294 3512 1355 fuerit
3530 1301 3729 1375 pater-

2077 1374 2416 1445 familias,et
2438 1377 2715 1439 clauserit
2738 1379 3048 1448 ostium,et
3070 1382 3369 1463 cmperitis
3386 1383 3524 1443 foris
3548 1391 3727 1457 stare,

2078 1471 2133 1525 et
2169 1464 2404 1543 pulsare
2436 1467 2971 1537 ostium,dicentes:
3008 1469 3728 1551 Domine,Domine,aperi

2079 1552 2337 1616 nobiszet
2365 1556 2738 1636 respondens
2766 1557 2924 1620 dicet
2945 1559 3147 1621 vohis:
3175 1559 3386 1621 Nescio
3427 1579 3528 1621 vos
3572 1560 3731 1622 unde

2078 1641 2206 1703 sitis
2238 1659 2252 1704 :
2290 1650 2427 1705 tunc
2458 1645 2762 1726 incipietis
2797 1647 3032 1711 dicere:
3061 1648 3305 1710 Edimus
3327 1665 3524 1713 Coram
3558 1657 3635 1723 te,
3672 1657 3727 1711 et

348 1728 621 1805 πλατείαις
676 1742 831 1815 ἡμῶν
901 1738 1149 1806 ἐδίδαξας.
1212 1743 1309 1799 Καὶ
1338 1740 1471 1819 ἐρεῖ,
1508 1728 1661 1819 Λνέγω
1713 1742 1861 1816 ὑμῖν,
1898 1743 1985 1797 οὒκ

2075 1728 2423 1813 bibimus,et
2444 1734 2503 1793 iu
2529 1734 2739 1815 plateis
2772 1737 2992 1798 nostris
3023 1736 3376 1802 docuisti.Et
3400 1737 3727 1800 dicetzDico

348 1830 472 1889 οἴδα
524 1833 659 1907 ὑμᾶς
704 1830 861 1887 πόθεν
888 1831 1032 1908 ἓστὲ,
1078 1830 1347 1897 ἀπόστητε
1390 1830 1479 1888 ἀπ’
1540 1832 1668 1906 ἐμοῦ
1710 1833 1905 1893 πάντες
1944 1834 1985 1889 οἱ

2074 1819 2475 1908 vobis,nescio
2507 1841 2608 1883 vos
2640 1824 2797 1885 unde
2826 1824 2957 1885 sitis
2990 1825 3287 1890 Discedite
3316 1843 3349 1887 a
3373 1845 3489 1902 me,
3517 1844 3726 1888 omnes

347 1922 565 2000 ἐργάται
622 1924 719 1988 τῆς
763 1918 985 1982 ἀδικίας.
1021 1907 1201 1977 νἘκεϊ
1257 1919 1400 1977 ἔσται
1457 1924 1484 1977 ὁ
1529 1920 1812 1997 κλαυθμὸς,
1847 1922 1985 1978 καὶὸ

2073 1907 2173 2000 qui
2197 1910 2438 2000 patratis
2468 1910 2860 2000 iniquitatem.
2898 1912 2983 1975 Ibi
3036 1914 3149 1976 erit
3176 1915 3370 1989 ﬂetus,
3420 1922 3477 1976 et
3505 1914 3726 1976 stridor

346 1992 581 2089 βρυγμὸς
630 2014 736 2066 τῶν
792 2006 1041 2066 ὀδόντων·
1134 2010 1260 2066 ὅταν
1316 2008 1516 2085 ὄψησθε
1578 1992 1841 2092 Ἀϐραὰμ,
1901 2014 1985 2068 καὶ

2074 1992 2507 2076 dentium,cuin
2539 1998 2807 2092 videbitis
2835 2000 3226 2092 Abraha_m,et
3248 2002 3721 2079 Isaac,etJacob,

348 2100 550 2174 Ἰσαὰκ,
609 2105 699 2158 καί
752 2096 967 2178 Ἰακὼϐ,
1028 2100 1114 2155 καὶ
1168 2100 1370 2164 πάντας
1429 2101 1550 2164 τοὺς
1608 2102 1884 2182 προφήτας
1935 2101 1985 2159 ἐν

2075 2090 2371 2182 atomnes
2404 2087 2724 2167 prophetas
2755 2090 2813 2150 in
2847 2109 3030 2167 regno
3066 2089 3192 2166 Dei,
3227 2110 3327 2152 vos
3382 2100 3580 2153 autem
3614 2112 3721 2154 ex-

347 2200 414 2268 τῇ
482 2170 724 2269 βασιλείᾳ
790 2196 882 2244 τοῦ
937 2170 1092 2251 θεοῦ,
1126 2191 1260 2262 ὑμᾶς
1310 2188 1363 2245 δὲ
1412 2170 1832 2264 ἐκϐαλλομένους
1866 2191 1985 2258 ἔξω·

2074 2170 2422 2269 pelliul‘oras.
2453 2174 2525 2236 Et
2548 2175 2786 2239 venient
2835 2178 2906 2238 ab
2937 2177 3182 2269 Oriente
3205 2189 3264 2240 et
3286 2179 3633 2259 Occidente,
3668 2191 3724 2243 et

344 2284 433 2339 καὶ
500 2279 708 2348 ἥξουσιν
775 2278 881 2334 ἀπὸ
955 2276 1254 2335 Ἀνατολών
1310 2281 1397 2336 καὶ
1459 2285 1705 2355 Δνδσμῶν,
1751 2282 1839 2337 καὶ
1881 2281 1987 2339 ἀπὸ

350 2371 516 2450 Βορῤἆ
569 2371 656 2427 καὶ
715 2368 904 2445 Νότου,
952 2368 1041 2424 καὶ
1071 2365 1509 2437 ἀνακλιθήσονται
1542 2368 1595 2425 ἐν
1626 2376 1691 2441 τῇ
1749 2370 1987 2447 βασιλείᾳ

346 2465 440 2521 τοῦ
495 2460 648 2522 Θεοῦ.
713 2460 809 2517 Καὶ
882 2455 989 2514 ἰδοὺ
1047 2458 1174 2513 εἰσὶν
1229 2456 1451 2538 ἔσχατοι
1482 2458 1535 2515 οἵ
1599 2458 1803 2516 ἔσονται
1834 2462 1986 2539 πρῶ-

347 2575 452 2625 τοι,
530 2550 618 2607 καί
643 2550 741 2605 εἶσι
772 2554 971 2626 πρῶτοι
1005 2546 1059 2604 οῗ
1090 2545 1298 2603 ἔσονται
1348 2546 1594 2628 ἔσχατοι,
1646 2572 1672 2602 n
1708 2548 1907 2627 Ὀλίγοι
1938 2550 1985 2605 οἱ

346 2641 633 2715 σωζόμενοι
691 2635 775 2693 διὰ
800 2639 860 2692 τὸ
890 2635 967 2711 μὴ
1011 2634 1278 2714 ἐγχωρεῖν
1336 2635 1562 2701 πολλοὺς
1609 2635 1845 2703 δέξασθαι
1886 2638 1983 2706 τὴν

345 2732 554 2800 στενήνο
617 2728 755 2784 ἔστιν
813 2729 899 2783 οὗν
958 2728 985 2782 ὁ
1043 2723 1415 2793 οἰκοδεσπότης
1474 2728 1501 2782 6
1530 2724 1746 2805 Κύριος,
1780 2749 1982 2806 συγκα-

345 2819 519 2877 λετται
579 2817 635 2874 δὲ
691 2817 892 2881 πάντας
964 2814 1265 2894 ἀνθρώπους
1323 2816 1395 2878 εἰς
1453 2815 1704 2890 ἑστίασιν,
1739 2817 1983 2873 καὶάπό-

344 2914 527 2972 λαυσιν
584 2917 689 2968 τῶν
758 2907 1106 2979 ἀδαπανήτων
1138 2908 1370 2985 ἀγαθῶν⁶
1406 2907 1517 2965 ὅσοι
1549 2910 1647 2983 μὲν
1695 2919 1782 2968 οὰν
1812 2932 1982 2967 σπου-

347 3002 487 3059 δα“οι
560 3000 688 3080 ἄχρι
740 3001 827 3055 καὶ
878 3001 976 3065 τῆς
1031 3004 1122 3054 τοῦ
1167 2997 1378 3075 ἀρίστου
1419 2997 1559 3076 ὥρας
1609 2997 1986 3070 σπουδάζουσιν

350 3090 626 3152 εἰσελθεῖν.
688 3086 860 3147 ”Οσοι
917 3085 973 3142 δὲ
1030 3086 1390 3167 νωθρὲσεεροι,
1443 3090 1529 3144 καὶ
1560 3089 1693 3163 μετά
1756 3091 1855 3156 τὴν
1895 3092 1987 3147 τοῦ

348 3184 557 3261 ἀρίστου
607 3180 747 3259 ὥραν
795 3176 1101 3257 ἐρχόμενοι,
1162 3175 1552 3235 ἀπογλεὶονται.
1585 3178 1673 3241 Τίς
1718 3176 1772 3234 δέ
1804 3180 1838 3246 ἡ
1874 3181 1984 3257 ὢρα

349 3271 437 3327 τοῦ
491 3270 723 3349 ἀρίστου,
784 3266 818 3334 ἥ
887 3269 915 3322 6
986 3266 1160 3343 παρὼν
1203 3266 1313 3341 βίος
1342 3284 1358 3342 ;
1390 3270 1550 3333 Οὗτος
1595 3268 1696 3347 γάρ
1743 3269 1903 3333 ὄντως
1957 3271 1984 3325 6

346 3361 523 3439 καιρὸς
592 3358 803 3435 ἄριστον
889 3357 961 3417 είς
1005 3356 1103 3422 τὴν
1158 3356 1285 3433 πρὸς
1319 3358 1377 3411 τὸ
1410 3357 1713 3423 ἐστιαθὴναι
1744 3379 1986 3433 πνενμαο

2075 2262 2372 2342 Aquilone
2397 2271 2455 2323 et
2487 2271 2724 2337 Austro,
2756 2276 2813 2327 et
2837 2268 3194 2329 accumbent
3235 2269 3294 2330 in
3362 2288 3544 2348 regno
3588 2269 3719 2332 Dei.

2070 2348 2140 2410 Et
2172 2369 2313 2412 ecce
2363 2361 2499 2413 sunt
2546 2357 2854 2435 postremi,
2888 2357 2988 2437 qui
3018 2366 3193 2419 erunt
3250 2357 3465 2438 primi:
3501 2366 3560 2420 et
3585 2368 3727 2420 sunt

2074 2438 2274 2514 primi,
2308 2441 2407 2521 qui
2431 2451 2610 2504 erunt
2644 2447 2944 2523 postremi.
2963 2449 3176 2509 »Pauci
3202 2462 3341 2508 sunt
3363 2447 3463 2527 qui
3487 2448 3721 2509 salvan-

2072 2536 2190 2603 tur,
2224 2547 2294 2590 eo
2317 2531 2472 2611 quod
2502 2544 2747 2613 augusta
2774 2536 2864 2596 via
2897 2535 3111 2596 multos
3160 2555 3277 2597 non
3311 2537 3580 2617 recipiat.
3620 2538 3725 2599 Est

2068 2626 2263 2679 autem
2287 2621 2576 2684 Dominus
2607 2624 3053 2703 paterfamilias,
3079 2625 3179 2704 qui
3204 2634 3485 2686 convocat
3514 2643 3722 2687 omnes

2068 2706 2341 2770 homines
2373 2710 2446 2770 ad
2499 2712 2812 2790 prandium
2869 2723 2926 2773 et
2974 2713 3320 2773 l'ruitiouem
3354 2722 3717 2776 aeternorum

2067 2794 2380 2857 bonorum.
2422 2800 2646 2863 Omnes
2678 2801 2879 2881 itaque
2924 2801 3135 2861 virtute
3167 2801 3399 2882 praediti
3433 2821 3619 2883 usque
3644 2802 3716 2864 ad

2069 2886 2303 2965 prandii
2344 2896 2577 2969 tempus
2623 2892 2979 2951 studuerunt
3038 2891 3261 2952 intrare
3302 2911 3316 2951 :
3353 2909 3561 2955 omnes
3610 2911 3718 2953 au-

2072 2982 2188 3034 tem
2221 2974 2502 3061 desidiosi
2532 2986 2591 3040 ct
2620 2978 2836 3056 ignavi,
2891 2978 2990 3059 qui
3031 2988 3168 3059 post
3218 2988 3451 3061 tempus
3484 2981 3714 3061 prandii

2068 3058 2382 3143 venerunt,
2412 3068 2829 3131 excluduntur.
2869 3058 3255 3130 Hora’autem
3296 3058 3524 3149 prandii
3557 3090 3709 3151 prae-

2069 3170 2205 3214 sens
2235 3154 2351 3215 vita
2381 3163 2489 3217 est.
2542 3156 2667 3217 Hoc
2696 3156 2857 3219 enim
2888 3166 3120 3239 tempus
3154 3158 3354 3239 utique
3396 3160 3706 3239 prandium

2003 3233 2043 3283 C
2069 3248 2149 3315 et,
2182 3262 2298 3317 quo
2324 3262 2725 3325 przeparamur
2755 3256 2818 3307 ut
2838 3233 3127 3328 spirituali
3157 3233 3423 3310 Convivio
3455 3250 3709 3330 excipia-

2070 3348 2220 3392 mur.
2260 3332 2405 3394 Cum
2434 3343 2631 3395 autem
2665 3338 3109 3416 expergefactus
3155 3337 3334 3399 fuerit
3364 3339 3706 3419 paterfami-

342 3419 493 3517 ttxiw
546 3419 873 3523 ὲτόιμασίαν.
934 3443 1055 3525 Ἀφ’
1110 3448 1169 3500 οὗ
1199 3419 1208 3433 Ι
1234 3444 1404 3502 τοίνυν
1460 3445 1646 3524 ἐγερθῇ
1696 3449 1724 3503 6
1778 3419 1982 3504 οἶκόδε-

2071 3419 2194 3495 lias,
2224 3421 2337 3482 hoc
2357 3430 2466 3498 est,
2497 3424 2571 3484 ad
2603 3425 2897 3503 judicium
2943 3428 3293 3502 surrexerit,
3327 3447 3395 3489 ac
3431 3430 3715 3491 clauserit

356 3504 363 3505 κ
397 3504 424 3506 η
452 3504 481 3517 1⁷
658 3504 670 3523 ι
860 3504 873 3507 -
1013 3504 1025 3525 ι
1501 3504 1512 3524 ⁸
1551 3504 1561 3520 ⁵
1621 3504 1646 3523 ⁸·

344 3539 570 3609 σπότης,
635 3534 928 3614 τουτέστιν,
999 3535 1070 3597 είς
1131 3536 1299 3613 κρίσιν
1354 3532 1638 3611 ἒξαναστῇ,
1695 3538 1782 3593 καὶ
1838 3537 1981 3594 ἀπο-

2071 3508 2564 3591 ianuam,virtutis
2585 3514 2720 3575 dico
2753 3516 2925 3591 viam,
2953 3535 3124 3597 quam
3158 3516 3391 3597 ingredi
3423 3536 3539 3582 non
3573 3539 3714 3600 pos-

342 3628 529 3695 κλείση
586 3628 683 3693 την
751 3629 928 3705 θύραν,
964 3624 1062 3692 τὴν
1091 3625 1187 3690 τῆς
1223 3624 1435 3703 ἄρετης,
1467 3630 1630 3703 φημὶ,
1676 3624 1818 3698 ὁδὸν,
1867 3627 1983 3693 ἣτις

344 3719 477 3790 μετά
547 3718 646 3783 τὴν
704 3716 933 3771 ἐντεῦθεν
966 3711 1252 3769 ἀποϐίωσιν
1312 3711 1412 3771 οὐχ
1476 3711 1730 3769 ὁδεύεται·
1807 3715 1861 3770 ἰν
1914 3720 1989 3787 τῷ

341 3807 439 3881 βίῳ
488 3806 586 3883 γάρ
655 3808 744 3861 οὗσ
758 3827 802 3859 ιν
872 3804 1008 3877 ἡμῖν
1037 3801 1266 3857 ὁδεύεται
1298 3804 1331 3869 ἡ
1363 3804 1461 3869 τῆς
1488 3801 1678 3880 ἀρετῆς
1710 3800 1854 3864 ὁδός.
1889 3801 1989 3879 ἂρ,

345 3917 535 3975 χονται
596 3894 691 3969 μὲν
764 3896 812 3950 σὶ
861 3891 1212 3969 ἀμελέστερον
1244 3890 1461 3947 ἐνταῦθα
1513 3893 1767 3963 ζήσαντες
1825 3894 1985 3970 κρού-

509 3984 521 4003 \
669 3983 681 4004 Ι
914 3982 924 4003 Ι
1098 3982 1109 3997 ‘
1220 3980 1264 3999 ‘\
1481 3979 1503 3999 ’Κ
1532 3982 1543 3997 \
1640 3987 1661 3997 ν
1737 3981 1749 3999 9

343 4006 419 4040 ειν
470 4007 568 4051 την
626 3987 801 4061 θυραν·
866 4002 985 4038 τοτε
1057 4004 1155 4057 γαρ
1215 4001 1279 4047 οη
1310 3981 1431 4037 τότε
1474 3997 1557 4035 οια
1599 4004 1699 4048 της
1730 3985 1983 4052 ἀνονήτου

341 4073 621 4149 μετανοίας
675 4073 772 4139 τὴν
840 4076 937 4137 τῆς
970 4071 1161 4148 ἀρετῆς
1222 4069 1341 4126 ὁδὸν
1420 4072 1732 4141 ἀναζητοῦσι
1802 4070 1983 4149 λόγοις

343 4163 553 4242 ψιλπς,
614 4162 733 4218 οἶόν
806 4182 917 4215 τισι
960 4160 1168 4238 κρότοις
1198 4162 1285 4215 καὶ
1316 4165 1531 4223 κτύποις
1564 4160 1981 4235 ἀνακαλούμενοι

343 4239 560 4319 ταύτην.
630 4257 735 4307 τῶν
771 4249 939 4329 ἔργων
968 4249 1233 4311 ἀπόντων,
1270 4239 1326 4307 Ὀ
1371 4247 1426 4304 δὲ
1455 4248 1833 4317 οἰκοδεσπότης
1879 4248 1982 4317 ἤδη

344 4341 557 4406 δικαίως
628 4338 968 4412 ἀποκλείσας,
1030 4352 1401 4417 προσποιεῖται
1476 4336 1612 4414 μηδὲ
1665 4337 1851 4395 εἰδέναι
1882 4340 1987 4395 πό-

2069 3617 2273 3661 sumus
2296 3610 2603 3683 postquam
2630 3604 2768 3665 hinc
2787 3604 3537 3689 emigraveriinuszquando
3556 3609 3718 3670 enim

2070 3690 2267 3780 invita
2289 3694 2665 3774 sumus,iniri
2689 3697 2989 3776 potestvia
3009 3697 3715 3780 virtutiszincipiuntqui-

2072 3779 2207 3841 dem
2239 3788 2377 3842 tunc
2407 3780 2467 3842 bi
2499 3783 2598 3862 qui
2646 3784 3035 3864 negligentius
3060 3806 3119 3847 ιιι
3153 3787 3262 3848 hac
3290 3787 3405 3848 vita
3434 3779 3713 3863 vixerint,

2074 3868 2308 3950 pulsare
2334 3870 2603 3949 januam,
2639 3880 2801 3949 tunc,
2836 3874 3103 3955 inquam,
3141 3882 3279 3936 tunc
3314 3894 3418 3956 per
3443 3875 3714 3939 inutilem

2069 3958 2479 4039 paenitentiam
2504 3961 2734 4022 virtutis
2757 3962 2906 4024 viam
2939 3963 3273 4044 requirunt,
3311 3963 3490 4025 nudis
3520 3963 3715 4026 verbis

2066 4047 2234 4130 quasi
2266 4048 2695 4127 pulsationibus
2726 4052 3146 4133 etstrepitibus
3163 4052 3515 4133 quibusdam
3539 4071 3716 4126 revo-

2067 4146 2271 4199 cantes
2323 4137 2521 4212 illam,
2584 4141 2869 4222 operibus
2928 4150 3127 4204 tamen
3183 4154 3478 4206 carentes.
3545 4142 3717 4207 Pater

2069 4245 2210 4290 vero
2236 4226 2485 4289 familias
2516 4248 2649 4290 cum
2676 4249 2778 4291 eos
2803 4234 2966 4309 justo
3008 4232 3350 4311 excluserit,
3381 4230 3720 4293 dissimulat

2071 4318 2226 4380 scire
2245 4316 2401 4378 unde
2431 4317 2572 4394 sint,
2607 4328 2665 4380 et
2690 4320 2900 4381 merito
2935 4340 2948 4380 :
2986 4328 3124 4381 sunt
3147 4322 3301 4382 enim
3334 4341 3406 4384 ex
3426 4320 3660 4383 diabolo
3701 4343 3715 4379 .-

343 4437 429 4489 θεν
495 4429 644 4487 εἰσίν·
720 4429 956 4498 εἰκότως,
1028 4429 1124 4483 εἶσὶ
1156 4429 1253 4499 μὲν
1296 4429 1394 4506 γὰρ
1427 4427 1486 4483 ὲκ
1528 4434 1620 4483 τοῦ
1645 4424 1912 4500 διαϐόλου,
1959 4429 1985 4484 ὁ

2071 4406 2362 4469 Dominus
2399 4421 2597 4469 autem
2642 4410 2943 4488 cognoscit
2973 4427 3137 4472 suos.
3172 4409 3299 4473 Hoc
3328 4422 3524 4474 autem
3558 4412 3715 4492 quod

350 4483 422 4489 ---
921 4483 956 4498 .,
1156 4483 1166 4499 ι
1308 4483 1380 4506 ,,
1845 4483 1912 4500 ν,
1970 4483 1974 4484 ν

345 4522 399 4578 δὲ
473 4522 657 4597 Κύριος
684 4519 805 4583 τοὺς
833 4516 988 4579 ὄντας
1044 4516 1199 4572 αὖτοό
1238 4518 1511 4594 γινώσκει.
1547 4518 1616 4574 Τὸ
1638 4515 1717 4587 δὲ,
1751 4515 1984 4596 Ἐφάγο-

2073 4499 2252 4561 dicit:
2287 4483 2761 4597 Comedimuset
2793 4499 3055 4597 bibimus
3086 4520 3283 4597 coram
3319 4501 3553 4597 te,e_t_in
3576 4483 3716 4597 Cpia—

344 4633 439 4682 μεν
501 4610 588 4666 καὶ
662 4607 878 4682 ἐπίομεν
910 4606 1131 4662 ἐνώπιόν
1164 4629 1280 4679 σου,
1324 4608 1411 4662 καὶ
1455 4606 1508 4662 ἐν
1539 4618 1662 4668 ταῖς
1710 4603 1982 4671 πλατείαις

2071 4589 2179 4651 teis
2199 4586 2418 4647 nostris
2439 4586 2726 4651 docuisti:
2748 4585 3101 4669 simpliciter
3121 4590 3361 4670 quidem
3386 4591 3457 4651 ad
3476 4590 3713 4653 Israeli-

341 4702 495 4775 ἡμῶν
551 4696 805 4769 ὶδίδαξας,
879 4698 967 4752 καὶ
1021 4695 1201 4759 ὖπλῶς
1264 4697 1361 4771 μὲν
1430 4695 1596 4759 οὕτως
1663 4696 1793 4772 πρὸς
1863 4697 1983 4760 τοὺς

2071 4689 2155 4742 tas
2186 4676 2667 4741 dicitur.Etenim
2696 4668 2982 4744 Dominus
3005 4701 3075 4744 ex
3101 4668 3243 4743 590
3264 4682 3409 4762 ipsis
3435 4693 3607 4775 natus
3631 4692 3721 4775 est

2066 4770 2396 4832 secundum
2430 4781 2761 4847 carnem,et
2791 4792 2924 4835 cum
2960 4774 3050 4835 eis
3078 4775 3340 4836 comedit
3371 4793 3436 4835 ac
3471 4773 3721 4835 bil»it.Et

450 4786 665 4867 Ἰσραὴλ
721 4784 957 4863 λέγεται.
1037 4786 1130 4842 Καὶ
1188 4786 1287 4863 γάρ
1337 4784 1388 4851 ἐξ
1458 4787 1629 4841 αὐτῶν
1685 4785 1713 4840 ό
1762 4786 1983 4861 Χριστὸς

344 4879 476 4934 κατά
536 4878 725 4955 σάρκα,
787 4877 871 4930 καὶ
945 4877 1125 4937 αὖτοτς
1202 4877 1444 4944 συνήσθιε
1519 4877 1607 4931 καὶ
1717 4872 1978 4936 συνέπινε,

344 4966 488 5035 Πλὴν
544 4965 679 5021 ἀλλά
721 4966 808 5020 καὶ
836 4963 1169 5039 ὑψηλότερον
1203 4962 1411 5019 δύναται
1443 4968 1701 5031 νοηθῆναι
1734 4964 1818 5042 τὸ,
1855 4962 1979 5019 Ἐν-

339 5058 508 5115 ώπιόν
576 5077 669 5113 σου
723 5052 985 5134 ἐφάγομεν
1038 5055 1126 5110 καὶ
1196 5054 1430 5129 ἐπίομεν
1492 5054 1589 5121 τὴν
1631 5055 1730 5132 γὰρ
1761 5057 1984 5129 νομικὴν

340 5143 617 5208 τελοῦντες
685 5142 956 5221 λατρεϊαν,
1014 5144 1104 5198 καὶ
1176 5143 1614 5216 προσκομίζοντες
1645 5148 1721 5215 τῷ
1748 5148 1862 5216 Θεῷ
1890 5144 1985 5207 τὰς

339 5234 405 5292 δι’
450 5234 682 5309 αἵματος
710 5234 908 5296 θυσίας,
944 5232 1126 5299 ἢσθιον
1173 5254 1260 5287 και
1312 5231 1682 5309 ηὐφραίνοντο,
1715 5231 1986 5308 ἠκροῶντο

339 5323 392 5380 δὲ
447 5325 536 5379 καὶ
565 5323 670 5378 τῶν
700 5322 850 5378 θείων
881 5318 1076 5396 βίϐλων
1103 5322 1156 5376 ἒν
1204 5333 1325 5384 ταῖς
1372 5332 1729 5397 συναγωγαῖς.
1765 5320 1983 5386 Πάντως

338 5415 437 5491 γὰρ
494 5414 523 5469 ὀ
581 5412 765 5490 Κύριος
824 5407 1027 5467 καὶδιά
1078 5416 1180 5465 τῶν
1252 5415 1538 5489 προφητῶν
1587 5406 1872 5465 ἐδίδασκεν·
1924 5412 1985 5466 οὐ

340 5505 438 5581 γὰρ
508 5502 573 5557 τά
607 5503 804 5558 ἑαυτῶν
835 5502 880 5556 οἱ
912 5505 1177 5580 προφῆται
1225 5501 1579 5577 προετίθεσαν,
1626 5496 1762 5554 ἀλλά
1792 5499 1857 5556 τά
1891 5506 1984 5557 τοῦ

339 5598 471 5647 Θεοῦ
511 5590 863 5670 ὑπηγόρευον,
908 5587 986 5645 διὸ
1013 5590 1101 5645 καὶ
1134 5587 1339 5666 ἔλεγον,
1373 5585 1504 5648 Τάδε
1572 5585 1723 5667 λέγει
1768 5590 1981 5668 Κύριος,

343 5682 539 5739 Οὔκουν
584 5679 771 5760 ἤρκεσε
842 5693 960 5744 τοῖς
1006 5677 1269 5746 Ἰουδαίοις
1302 5680 1373 5743 εἰς
1434 5676 1703 5734 δικαίωσιν
1732 5678 1765 5745 ἡ
1800 5674 1869 5733 δι’
1901 5680 1979 5733 1i.-

2069 4867 2259 4939 potest
2287 4859 2460 4922 etiam
2511 4860 2824 4924 sublimius
2869 4862 3160 4943 intelligi:
3189 4863 3395 4925 Coram
3425 4872 3481 4925 te
3512 4881 3716 4925 come-

2068 4949 2263 5011 dimus
2298 4957 2355 5010 et
2377 4948 2950 5031 bibimus.Legalem
2986 4953 3143 5012 enim
3179 4952 3556 5032 perficientes
3587 4952 3717 5013 cul-

2070 5048 2215 5112 tum,
2251 5047 2309 5100 et
2337 5039 2654 5100 otl‘erentcs
2683 5043 2807 5102 Deo
2831 5049 3077 5101 cruenta
3093 5041 3406 5122 sacriﬁcia,
3429 5039 3717 5102 comede-

2066 5138 2205 5191 runt
2236 5139 2293 5190 et
2322 5128 2497 5189 lmtati
2532 5131 3009 5192 suntzaudierunt
3039 5138 3235 5191 autem
3279 5128 3719 5192 divinoslibros

2069 5225 2127 5282 in
2158 5216 2749 5300 synagogisOmniuo
2776 5219 2933 5281 enim
2968 5226 3028 5281 et
3060 5238 3162 5299 per
3185 5218 3713 5301 prophetusDomi-

2068 5306 2623 5389 nusdocuit.Neque
2636 5308 2795 5370 enim
2823 5309 3123 5390 propheta:
3143 5327 3246 5369 sua
3274 5308 3535 5390 ipsorum
3560 5309 3715 5371 dicta

2068 5396 2475 5481 proferebant,
2506 5396 2612 5459 sed
2640 5396 2839 5460 divina
2870 5397 3272 5480 praedicabant
3298 5420 3311 5461 :
3351 5406 3717 5480 quaprOpter

2067 5496 2129 5552 et
2149 5485 2590 5553 dicebantzﬂzec
2608 5487 2748 5552 dicit
2774 5488 3080 5551 Dominus.
3107 5487 3234 5551 Non
3252 5488 3433 5570 igitur
3453 5488 3715 5553 sutlicie—

2068 5577 2164 5640 bat
2183 5575 2407 5639 Iudaeis
2422 5575 2495 5637 ad
2507 5575 2995 5657 justiﬁcationem
3010 5578 3204 5642 cultus
3217 5579 3316 5642 ille
3335 5598 3440 5662 per
3464 5577 3711 5659 sangui-

2067 5671 2157 5734 nis
2192 5665 2566 5741 eﬂ‘usionem,
2601 5687 2717 5731 non
2750 5668 3074 5734 accedente
3107 5667 3242 5746 fide,
3276 5688 3406 5751 quae
3428 5668 3713 5748 justiﬁcat
