4116 6212
289 300 415 369 999
422 310 425 311 ⁷

997 307 1440 372 ENARRATIO
1486 308 1566 373 IN
1616 302 2121 372 EVANGELIUM
2170 305 2409 369 LUCE.
2455 340 2532 350 -—
2574 297 2738 370 CAP.
2787 302 2947 373 XIV.

3554 310 3678 375 930

287 439 588 520 Φαρισαίων
644 440 681 497 ὅ
749 442 957 521 Κύριος,
1030 441 1178 518 ὅμως
1201 444 1345 500 εἰσίει
1377 446 1449 509 εἰς
1473 445 1594 508 τοὺς
1626 443 1809 508 οἴκους
1842 443 1940 499 αὒ-

2037 439 2185 500 enim
2210 440 2263 499 ei
2288 437 2759 500 eratanimarum
2781 437 3092 511 utilitas,et
3111 448 3424 521 propterea
3450 442 3677 519 ingres-

288 534 417 587 τῶν⁶
477 529 738 608 ὠφελείας
786 534 886 610 γὰρ
917 538 1110 613 ψυχῶν
1159 535 1449 614 ἐφρόντιζε,
1497 537 1583 592 καὶ
1643 532 1727 589 διὰ
1784 540 1939 590 τοῦτο

291 620 599 699 εἰσήρχετο*
667 619 702 687 ἤ
762 621 863 699 γὰρ
935 622 995 678 ὲκ
1065 620 1228 700 λόγου
1259 624 1347 679 καὶ
1378 621 1740 695 διδασκαλίας,
1793 621 1827 689 ἦ
1884 621 1941 677 ἐκ

290 710 529 783 σημείων
603 706 898 774 ἐπιδείξεως
983 707 1200 767 δτνατὸν
1257 712 1322 780 ἧν
1368 714 1548 778 αὐτοὺς
1591 711 1937 791 ὠφελεῖσθαι,

290 796 410 874 εἴγε
460 793 771 864 ἠϐούλοντο.
820 798 1174 878 Παρελθόντος
1208 804 1295 856 οὖν
1353 804 1423 864 είς
1456 800 1619 877 μέσον
1649 812 1741 860 τοῦ
1768 800 1939 879 ὑδρω-

291 892 469 958 πικοῦ,
534 887 563 941 ὁ
624 886 809 964 Κύριος
843 889 903 944 οὒ
934 896 1088 945 τοῦτο
1118 888 1444 963 ἐσκόπησεν,
1477 888 1622 953 ὅπως
1664 891 1742 964 μὴ
1770 911 1939 945 σκανα

292 971 479 1050 δαλίσῃ
538 976 751 1049 αὐτοὺς,
800 975 923 1033 ἀλλ’
982 976 1128 1044 ὅπως
1172 978 1493 1058 εὖεργετήσῃ
1540 979 1626 1035 τὸν
1666 978 1940 1056 θεραπείας

293 1060 566 1137 δεόμενον.
645 1074 741 1120 Δεῖ
797 1067 897 1144 γὰρ
945 1068 1114 1141 ἡμᾶς,
1164 1066 1283 1124 ἔνθα
1360 1068 1589 1147 ὠφέλεια
1658 1068 1941 1123 ἀνακόπτει

295 1150 438 1227 μάλα
491 1152 692 1231 πολλὴ,
768 1154 846 1229 μὴ
896 1157 1186 1234 φροντίζειν
1218 1163 1325 1212 τῶν
1382 1157 1623 1227 ἀνοήτως
1669 1155 1946 1212 σκανδαλι-

293 1240 553 1314 ζομένων,
614 1242 866 1323 Ἐλὲγχει
924 1241 977 1299 δὲ
1028 1244 1128 1311 τὴν
1178 1244 1475 1326 ἀφροσύλτμ
1533 1251 1637 1301 τῶν
1694 1243 1946 1321 ἐγκαλεῖν

295 1326 601 1403 μελλόντων
667 1330 831 1412 αὐτῷ,
890 1330 971 1388 διὸ
1038 1335 1124 1390 καὶ
1168 1333 1360 1431 ἐρωτᾷ,
1399 1336 1454 1391 Εἰ
1498 1334 1660 1400 ἔξεστι
1688 1340 1765 1407 τῷ
1795 1331 1943 1389 Σαϐ-

294 1415 440 1490 ϐάτῳ
506 1421 831 1497 θεραπεύειν,
900 1421 936 1489 ἢ
981 1421 1041 1479 οὗ
1090 1444 1107 1493 ;
1168 1415 1302 1496 τΑρα
1358 1424 1459 1503 γὰρ
1540 1428 1598 1482 οὐ
1664 1428 1944 1503 προφανῶς

294 1506 565 1586 καταγελᾷ
620 1509 794 1565 αὒτῶν
836 1513 909 1575 ὡς
952 1511 1193 1581 ἀνοήτων
1231 1532 1247 1586 ;
1278 1513 1393 1591 εἴγε
1421 1519 1516 1570 τοῦ
1548 1520 1678 1570 Θεοῦ
1705 1515 1766 1569 τὸ
1796 1510 1944 1567 Σάϐο

296 1593 455 1653 ϐατον
518 1597 933 1677 εὐλογήσαντος,
1007 1602 1149 1660 αύτοὶ
1228 1600 1521 1659 κωλύουσιν
1602 1603 1945 1681 ἀγαθοποιεῖν

297 1685 352 1741 ἐν
409 1686 601 1766 τούτῳ,
651 1689 739 1744 καὶ
787 1695 1027 1745 ποιοῦσιν
1088 1691 1213 1749 αὐτὸ
1272 1691 1485 1756 πάντως
1520 1690 1946 1764 ἐπικατάρατονς

302 1765 365 1832 Ἠ
415 1776 515 1854 γὰρ
555 1765 729 1855 ημέρα
797 1778 832 1845 ἡ
904 1776 1069 1853 μηδὲν
1130 1778 1278 1857 ἔργον
1323 1779 1519 1857 ἀγαθὸν
1563 1778 1945 1860 ἐπιδεχομένη,

299 1867 396 1923 οὒκ
450 1863 809 1943 εὐλογημένη,
884 1865 1035 1924 Ἀλλ’
1091 1869 1233 1925 οὗτοί
1262 1890 1324 1947 γε
1369 1870 1581 1947 γνόντες
1635 1868 1756 1926 ὅποι
1806 1870 1948 1949 φέρει

300 1956 362 2010 τὸ
417 1953 693 2031 ἐρώτημα,
751 1955 1058 2037 ἡσύχασαν·
1108 1958 1230 2013 τότε
1261 1958 1327 2025 δὴ
1360 1961 1387 2014 ὁ
1421 1958 1629 2026 Ἰησοῦς
1661 1960 1719 2015 τὸ
1750 1960 1948 2015 οἰκεῖον

301 2056 472 2119 ποιεῖ,
530 2046 618 2100 καὶ
673 2043 758 2102 διὰ
826 2045 923 2113 τῆς
987 2047 1128 2125 ἁφῆς
1159 2048 1299 2103 ἷᾶται
1332 2049 1424 2103 τὸν
1483 2047 1774 2125 ἄνθρωπον·
1826 2047 1949 2103 εἶτα

302 2133 392 2189 καὶ
444 2134 563 2196 τοὺς
628 2135 942 2211 Φαρισαίους
1002 2134 1238 2214 ἐντρέπει
1269 2134 1353 2193 διὰ
1400 2139 1607 2218 τούτου,
1660 2139 1948 2216 μονονουχὶ

303 2231 517 2281 τοιαῦτα
544 2221 717 2301 λέγων
770 2225 974 2288 αὐτοῖς’
1035 2226 1092 2282 Εἰ
1143 2224 1440 2282 κεκώλυκεν
1470 2229 1497 2283 ὁ
1557 2229 1718 2302 νόμος
1776 2224 1948 2281 ἐλεεῖν

304 2310 356 2367 ἐν
416 2309 696 2387 Σαϐϐάτῳ,
757 2314 835 2388 μὴ
907 2315 1190 2394 φροντίσῃς
1279 2319 1387 2373 υἱοῦ
1456 2315 1840 2381 κινδυνεύοντος
1897 2315 1951 2371 ὲν

306 2397 562 2475 Σαϐϐάτῳ
613 2421 629 2476 ;
664 2402 759 2460 Καὶ
788 2404 839 2458 τί
865 2402 1005 2482 λέγω
1031 2407 1141 2461 υἱοῦ
1173 2427 1191 2477 ;
1223 2406 1354 2462 ὃπου
1398 2404 1513 2464 0632'.
1544 2406 1666 2479 βοῦν
1706 2403 1949 2475 ἀϐοήθη·

306 2511 397 2545 τον
449 2489 789 2567 καταλείψεις
818 2494 862 2549 εἰ
920 2491 1279 2551 κινδυνεύεντα
1308 2493 1482 2570 ὅψει;
1536 2500 1653 2557 ΙΙῶς
1710 2494 1799 2549 οὖν
1857 2499 1951 2553 οῦκ

306 2578 531 2646 ἀνόητον
583 2585 1002 2663 παρατηρεῖσθαι
1060 2586 1160 2650 τὴν
1200 2591 1294 2640 τοῦ
1348 2582 1644 2659 ὑδρωπικώ
1672 2585 1948 2663 θεραπείαν

306 2666 361 2721 ἐν
411 2665 719 2744 Σαϐϐάτῳς
785 2662 1107 2750 ἰ’δρωπικός
1159 2676 1269 2729 εστι
1300 2674 1390 2729 καὶ
1444 2681 1549 2737 πᾶς
1615 2674 1670 2737 ὄς
1728 2672 1813 2729 διὰ
1857 2679 1950 2730 τοῦ

305 2755 585 2832 ἀνειμένου
652 2759 766 2835 βίου
845 2761 935 2816 καὶ
983 2762 1141 2840 ὑγροῦ
1190 2763 1328 2818 κατά
1359 2764 1544 2843 ψυχὴν
1587 2764 1817 2833 νοσήσας
1840 2760 1951 2819 δει-

303 2851 431 2926 νῶς,
493 2844 664 2904 δεῖται
723 2856 964 2927 Χριστοῦ,
999 2852 1183 2909 οὐκοῦν
1236 2854 1323 2908 καὶ
1394 2854 1861 2932 θεραπευθήσεται,
1905 2852 1949 2906 εί

304 2934 599 3015 ἶμπροσθεν
656 2944 883 3017 Χριστοῦ
939 2939 1183 3017 γένηται,
1252 2931 1308 2998 Ὀ
1367 2944 1466 3019 γὰρ
1498 2941 1789 3021 ἔμπροσθεν
1819 2948 1949 2998 Θεοῦ

307 3028 445 3081 εἶναι
503 3025 694 3082 ἐννοῶν
749 3028 851 3102 ἀεὶ,
907 3031 995 3085 καὶ
1039 3027 1163 3108 παρ’
1210 3030 1365 3089 αὖτοῦ
1420 3033 1657 3111 ὁρᾶσθαι,
1689 3029 1950 3109 ἐλάχιστα

307 3114 517 3192 ἁμαρτῆ
528 3135 667 3171 σεται
677 3164 692 3179 ,

400 3224 429 3257 α
499 3201 707 3282 ’Ἔλεγε
772 3203 827 3261 δὲ
868 3207 1000 3285 πρὸς
1042 3208 1162 3272 τοὺς
1208 3207 1568 3284 κεκλημένους
1615 3207 2010 3292 παραϐολὴν,ο

308 3291 525 3372 ἐπέχων
593 3299 708 3359 πῶς
770 3296 864 3377 τὰς
941 3295 1329 3374 πρωτοκλισίας
1407 3296 1732 3377 ὶξελέγοντο,
1782 3297 1952 3377 λέγων

310 3383 442 3460 πρὸς
498 3384 709 3447 αὐτοὺς
773 3374 957 3442 ’Ὅταν
1014 3385 1216 3463 κληθῇς
1243 3388 1343 3444 ὑπό
1373 3410 1514 3453 τινος
1544 3374 1618 3453 είς
1649 3374 1953 3467 γάμον,μὴ

310 3470 631 3556 κατακλιθῇς
680 3474 749 3538 είς
778 3473 879 3540 τὴν
920 3474 1330 3553 πρωτοκλισίαν,
1365 3478 1573 3552 μήποτε
1618 3476 1952 3556 ἐντιμότερός

310 3582 405 3617 σου
541 3560 871 3637 κεκλημένος
919 3560 1008 3619 ὑπ’
1068 3565 1246 3644 αὐτοῦ,
1278 3566 1366 3622 καὶ
1393 3565 1558 3622 ἐλθών
1590 3566 1616 3622 ὀ
1642 3565 1701 3623 σέ
1730 3566 1818 3623 καὶ
1852 3569 1953 3624 αὒ-

310 3650 402 3707 τδν
460 3649 718 3728 καλέσας,
791 3651 904 3731 ἐρεῖ
959 3674 1066 3732 σοι,
1128 3654 1229 3717 Δὸς
1291 3656 1461 3726 τούτῳ
1487 3656 1675 3729 τόπον,
1717 3656 1805 3712 καὶ
1833 3655 1952 3711 τότε

312 3738 441 3816 ἄρξῃ
496 3739 614 3816 μετ’
645 3742 905 3821 αἰσχύνης
938 3744 1029 3798 τὸν
1061 3740 1292 3822 ἔσχατον
1334 3744 1496 3801 τόπον
1526 3744 1800 3825 κατέχειν
1834 3741 1954 3801 ἀλλ’

312 3827 439 3885 ὅταν
494 3829 723 3908 κληθῇς,
784 3832 1051 3910 πορευθεὶς
1104 3832 1368 3890 ἀνάπεσον
1433 3835 1506 3897 είς
1564 3835 1653 3891 τὸν
1725 3832 1955 3914 ἔσχατον

311 3918 498 3993 τόπον,
529 3919 622 3977 ’ίνα
648 3920 774 3976 ὅταν
816 3918 943 3996 ἔλθῃ
984 3921 1016 3981 ό
1052 3920 1332 3989 κεκληκώς
1364 3943 1445 4002 σε,
1500 3920 1632 3998 εἴπῃ
1662 3940 1766 3980 σοι·
1801 3922 1953 3999 Φίλε,

2022 547 2121 588 sus
2154 527 2796 591 est.Potuissentenim
2831 527 2921 588 vel
2954 546 3023 589 ex
3056 528 3327 591 doctrina
3356 540 3415 592 et
3443 551 3672 593 sermo-

2025 637 2120 689 ne,
2148 618 2240 678 vel
2275 635 2345 679 ex
2379 617 2720 678 ostensione
2750 616 3174 678 miraculorum
3208 620 3518 682 utilitatem
3546 642 3675 702 per-

2023 706 2331 785 cepisse,si
2351 706 2589 785 quidem
2614 704 3146 768 voluissent.Porro
3166 726 3300 768 cum
3319 708 3377 769 in
3413 712 3671 773 medium

2027 797 2281 856 venisset
2312 794 2698 874 hydropicus,
2734 814 2848 854 non
2891 795 3001 855 hoc
3032 795 3427 860 consideravit
3467 799 3675 863 Domi-

2026 903 2156 948 nus.
2187 884 2483 964 quomodo
2518 902 2631 944 non
2663 884 2995 945 oli'enderet
3025 883 3206 963 ipsos,
3242 888 3344 948 sed
3379 890 3676 968 quomodo

2025 983 2261 1033 sanaret
2291 992 2425 1034 eum
2461 973 2559 1053 qui
2597 992 2741 1034 cura
2772 991 2878 1033 sua
2906 972 3488 1055 iudigebal.0portet
3518 980 3674 1039 enim

2030 1082 2136 1122 nos
2168 1062 2267 1123 ubi
2300 1074 2509 1139 magna
2535 1070 2873 1142 proSpectat
2902 1061 3128 1124 utilitas
3160 1082 3277 1124 non
3308 1084 3514 1127 curare
3536 1068 3679 1127 insi-

2028 1150 2257 1231 pientes
2297 1150 2398 1232 qui
2445 1150 2942 1213 scandalizantur.
3003 1152 3199 1229 Arguit
3262 1165 3459 1215 autem
3528 1156 3677 1216 insi-

2031 1240 2309 1320 pientiam
2344 1258 2547 1300 eorum
2580 1240 2681 1320 qui
2733 1240 3160 1319 reprehensuri
3194 1251 3385 1318 erant,
3420 1242 3674 1325 ideoque

2027 1329 2379 1407 interrogat:
2403 1329 2643 1390 Licetne
2678 1327 2932 1391 Sabbato
2984 1348 3193 1390 sanare
3231 1348 3305 1392 an
3327 1331 3481 1393 non?
3506 1334 3675 1395 Non-

2031 1437 2104 1479 ne
2147 1417 2455 1479 manifeste
2488 1418 2693 1478 irridet
2733 1436 2834 1479 eos
2872 1431 2929 1478 ut
2962 1419 3345 1498 insipientes?
3368 1420 3678 1502 Siquidem

2030 1525 2162 1568 cum
2190 1511 2345 1567 Deus
2370 1505 2687 1568 Sabbatum
2735 1506 3135 1583 benedixerit,
3177 1510 3284 1589 ipsi
3329 1509 3682 1574 benefacere

2033 1596 2351 1674 prohibent
2376 1596 2434 1657 in
2466 1616 2559 1662 co.
2594 1607 2651 1657 et
2683 1615 2788 1676 per
2819 1598 2931 1658 hoc
2968 1598 3190 1658 faciunt
3212 1601 3454 1676 omnino
3486 1601 3676 1662 male-

2032 1686 2252 1746 dictum
2274 1692 2302 1747 ?
2332 1686 2462 1748 Non
2491 1687 2648 1747 enim
2676 1674 3022 1747 Benedictus
3055 1697 3145 1747 est
3174 1686 3301 1749 dies
3344 1674 3405 1750 in
3438 1708 3552 1769 quo
3586 1692 3641 1750 ni
3662 1724 3680 1737 ο

2034 1776 2113 1836 hil
2167 1775 2306 1836 boni
2340 1775 2468 1835 ﬁeri
2500 1775 2708 1836 soleat.
2755 1779 2826 1836 At
2857 1794 2988 1835 cum
3024 1774 3083 1836 hi
3111 1775 3369 1837 scientes
3395 1797 3511 1857 quo
3543 1789 3679 1840 ten~

2035 1864 2205 1925 deret
2256 1866 2660 1944 interrogatio,
2715 1864 3034 1936 siluerunt,
3097 1874 3234 1925 tunc
3281 1864 3457 1926 Jesus
3520 1868 3675 1946 quod

2032 1972 2202 2014 suum
2236 1962 2360 2015 erat
2391 1954 2614 2032 facit,et
2645 1961 2918 2014 contactu
2952 1963 3117 2013 sanat
3146 1954 3448 2015 hominem
3480 1956 3681 2018 :dein-

2030 2042 2107 2103 de
2135 2048 2311 2104 etiam
2370 2042 2699 2104 Pharisaaos
2736 2044 3095 2104 erubescere
3154 2044 3311 2119 facit,
3345 2044 3513 2124 quasi
3545 2046 3683 2107 talia

2032 2133 2257 2194 diceret
2280 2132 2386 2205 eis:
2422 2131 2481 2194 Si
2517 2132 2915 2212 prohibuisset
2936 2132 3031 2193 lex
3064 2131 3335 2193 misereri
3358 2134 3418 2193 in
3445 2132 3674 2197 Sabba-

2034 2229 2114 2295 to,
2142 2238 2257 2282 non
2287 2239 2445 2282 cura:
2482 2221 2586 2281 tibi
2617 2221 2824 2283 luisset
2855 2221 2903 2281 si
2938 2222 3091 2283 ﬁlius
3134 2231 3266 2282 tuus
3318 2222 3681 2301 periclitatus

2034 2310 2241 2372 fuisset
2260 2310 2318 2370 in
2346 2309 2857 2390 Sabbato?thuid
2886 2310 3018 2371 dico
3044 2310 3224 2370 ﬁlius?
3255 2329 3446 2391 neque
3470 2313 3677 2374 bovem

2036 2399 2380 2478 reliquisses
2409 2399 2634 2480 absque
2675 2399 2993 2477 adjutorio,
3030 2398 3078 2459 si
3112 2399 3543 2480 periclitantem
3583 2403 3677 2463 vi-

2034 2486 2248 2550 disses.
2284 2488 2593 2560 Quomodo
2626 2487 2805 2566 igitur
2862 2508 2979 2548 non
3028 2490 3269 2548 stultum
3317 2490 3494 2553 fuerit
3523 2492 3678 2571 quod

2035 2574 2365 2637 observatis
2397 2577 2763 2637 sanationem
2804 2575 3106 2655 hydropici
3140 2577 3197 2635 in
3228 2575 3513 2639 Sabbato‘.’
3541 2580 3680 2640 394

2030 2662 2401 2745 Hydropicus
2432 2674 2522 2724 est
2552 2665 2748 2725 omnis
2770 2664 2869 2744 qui
2904 2682 3011 2744 per
3040 2664 3386 2725 dissolutam
3412 2666 3587 2726 vitam
3621 2685 3681 2727 et

2031 2752 2321 2814 lubricam
2355 2752 2552 2814 anima
2582 2772 2686 2814 sua
2714 2754 2969 2832 graviter
2998 2754 3366 2834 aagrotat,qui
3395 2761 3455 2817 et
3485 2755 3679 2817 Chris-

2032 2850 2089 2902 to
2139 2842 2359 2919 indiget
2394 2865 2407 2906 :
2443 2850 2501 2904 et
2530 2842 2833 2903 sanabitur
2885 2842 3082 2920 plane.
3119 2842 3165 2902 si
3198 2852 3337 2903 ante
3378 2844 3677 2907 Christum

2032 2931 2231 2992 fuerit.
2261 2931 2402 2992 Nam
2427 2932 2528 3012 qui
2560 2949 2627 2993 se
2655 2939 2791 2992 ante
2822 2930 3120 2992 Christum
3156 2950 3287 2993 esse
3318 2934 3677 3006 considerat,

2034 3021 2298 3098 cogitans
2329 3038 2570 3101 semper
2597 3020 2896 3101 quomodo
2919 3020 2992 3081 ab
3020 3020 3147 3100 ipso
3201 3020 3673 3097 videatur,mini-

2039 3127 2131 3169 me
2162 3110 2457 3190 peccabit.

2116 3196 2300 3262 Vens.
2333 3202 2435 3261 7-t
2460 3198 2804 3264 l.«Dicebat
2825 3209 3017 3261 autem
3042 3199 3115 3260 ad
3147 3199 3417 3262 invitatos
3439 3201 3680 3282 parabo-

2034 3288 2152 3349 lam
2214 3288 2527 3368 intenden,
2562 3289 2862 3370 quomodo
2911 3289 3133 3369 primos
3158 3290 3467 3352 accubitus
3494 3290 3677 3371 elige-

2032 3389 2190 3451 rent,
2225 3379 2433 3439 dicens
2454 3379 2526 3439 ad
2550 3378 2857 3440 itlos:Cum
2887 3378 3163 3440 invitatus
3178 3378 3365 3442 fueris
3390 3379 3462 3441 ab
3480 3381 3680 3462 aliquo

2034 3469 2105 3529 ad
2142 3468 2395 3546 nuptias,
2453 3487 2526 3528 ne
2575 3468 2893 3528 accumbas
2922 3468 2983 3528 in
3017 3468 3208 3547 primo
3242 3468 3395 3542 loco,
3428 3488 3504 3531 ne
3530 3472 3681 3546 forte

2036 3555 2384 3617 honoratior
2416 3564 2470 3615 te
2492 3554 2689 3641 abillo
2721 3555 2795 3615 sit
2819 3556 3193 3632 invitatus,et
3224 3558 3470 3619 veniens
3503 3561 3553 3620 is
3582 3565 3681 3641 qui

2036 3655 2095 3708 te
2125 3657 2182 3707 et
2211 3648 2375 3709 illum
2401 3647 2649 3721 vocavit,
2684 3647 2844 3709 dicat
2875 3647 2979 3710 tibi
3015 3666 3027 3709 :
3067 3647 3152 3710 Da
3182 3648 3319 3710 huic
3351 3650 3547 3712 locum
3574 3669 3587 3715 :
3623 3663 3683 3716 et

2038 3746 2181 3797 tunc
2215 3736 2462 3817 incipias
2484 3755 2618 3797 cum
2653 3734 2871 3798 rubore
2914 3747 3243 3799 extremum
3278 3738 3475 3799 locum
3510 3748 3683 3802 tene-

2041 3845 2153 3887 re:
2192 3825 2329 3903 quin
2365 3826 2557 3905 potius
2590 3845 2723 3888 cum
2780 3839 3023 3887 vocatus
3081 3826 3286 3907 fueris,
3348 3828 3516 3903 vade,
3578 3847 3684 3891 ac-

2044 3915 2260 3976 cumbe
2312 3915 2369 3976 in
2424 3915 2743 3977 novissimo
2775 3915 2926 3996 loco,
2958 3923 3020 3976 ut
3048 3934 3181 3976 cum
3227 3916 3451 3977 venerit
3493 3919 3590 3998 qui
3624 3926 3684 3981 te

312 4006 674 4086 προσανάϐηθι
733 4009 1016 4088 ἀνώτερον·
1076 4008 1196 4067 τότε
1228 4009 1374 4067 ἔσται
1424 4033 1507 4069 σοι
1563 4009 1685 4076 δόξα
1736 4012 1953 4069 ἐνώπιον

2044 4003 2328 4083 invitavit,
2390 4002 2547 4065 dicat
2597 4004 2702 4066 tibi
2738 4006 3010 4080 :Amice,
3056 4006 3315 4068 ascende
3359 4008 3633 4087 superius
3666 4027 3698 4071 ε.

313 4102 421 4153 τῶν
496 4098 951 4169 συνανακειμένων
1023 4122 1131 4173 σοι,
1188 4098 1269 4155 ὅτι
1328 4105 1436 4170 πῆς
1495 4104 1523 4157 ὁ
1576 4103 1724 4177 ὑψῶν
1779 4102 1953 4157 ἑαυτὸν

2042 4099 2189 4157 tunc
2220 4094 2329 4154 erit
2353 4092 2461 4154 tibi
2484 4094 2671 4173 gloria
2700 4114 2899 4157 coram
2921 4095 3098 4157 simul
3122 4096 3632 4160 discumbentibus
3665 4119 3679 4163 :

320 4188 802 4257 ταπεινωθήσεται.
838 4189 927 4245 καὶ
959 4189 987 4244 ὀ
1009 4195 1272 4245 ταπεινῶν
1330 4191 1511 4247 ἑαυτὸν
1540 4192 1903 4266 ὑψωθήσεται.
1932 4213 1953 4246 ε

2042 4182 2184 4262 quia
2211 4184 2405 4243 omnis
2435 4184 2533 4263 qui
2564 4202 2629 4245 se
2660 4185 2905 4261 extollit,
2940 4185 3370 4261 humiliabitur,
3406 4196 3463 4247 et
3491 4190 3590 4267 qui
3620 4209 3685 4251 se

317 4275 473 4353 Ὀρᾷς
525 4277 592 4333 τὰ
675 4274 864 4334 δεῖπνα
934 4283 1029 4334 υοῦ
1087 4281 1315 4357 Χριστοῦ
1368 4280 1501 4345 ποῖά
1528 4280 1645 4336 τινά
1700 4281 1853 4359 εἰσιν,
1887 4281 1953 4344 είς

2044 4271 2341 4345 humiliat,
2366 4271 2704 4334 extolletur.
2743 4298 2769 4328 ι
2798 4274 2979 4335 Vides
3027 4293 3226 4336 caznas
3275 4274 3488 4338 Christi
3531 4296 3683 4357 qua-

317 4364 576 4446 ὢφέλειαν
642 4370 859 4447 ψυχῶν,
909 4366 1004 4424 οὒκ
1057 4368 1131 4430 εἷς
1202 4368 1358 4448 κόρον
1388 4371 1613 4447 γαστρὸς
1663 4368 1953 4448 καταστρέ-

2043 4361 2133 4422 ies
2162 4359 2303 4429 sint.
2338 4378 2555 4440 nempe
2586 4360 2647 4421 in
2681 4360 2989 4423 utilitatem
3016 4363 3249 4435 animae,
3286 4375 3345 4425 et
3372 4383 3491 4425 non
3516 4365 3574 4426 in
3596 4386 3684 4430 sa-

319 4477 484 4537 φοντα
518 4477 536 4532 ς
570 4453 694 4512 ’Ἴδε
749 4456 877 4535 γὰρ,
946 4456 1131 4513 ἰάσατο
1152 4458 1243 4513 τὸν
1272 4454 1587 4537 ὑδρωπικὸν,
1618 4455 1810 4523 ἐδίδαξε
1840 4458 1953 4523 τοὺς

2047 4451 2307 4511 tietatem
2336 4451 2565 4511 ventris
2595 4462 2922 4515 vertuntur.
2954 4451 3106 4514 Ecce
3136 4453 3295 4514 enim
3328 4454 3555 4515 sanavit
3583 4458 3687 4539 hy-

316 4546 687 4626 Φαρισαίους,
733 4542 814 4601 ὅτι
870 4543 1032 4601 καλὸν
1106 4546 1167 4602 τὸ
1224 4544 1279 4600 ἐν
1335 4543 1591 4621 Σαϐϐάτῳ
1641 4547 1953 4625 εῦεργετεῖν.

2044 4539 2354 4619 dropicum
2391 4557 2405 4601 ε
2439 4539 2639 4601 docuit
2683 4542 3011 4604 Pharisaaos
3041 4542 3197 4623 quod
3230 4543 3447 4605 bonum
3503 4545 3580 4606 sit
3624 4551 3683 4612 in

319 4636 469 4692 Ἐπεὶ
538 4633 593 4691 δὲ
643 4633 785 4691 εἶδεν
854 4635 1039 4700 αὐτούς
1095 4637 1183 4692 καὶ
1239 4638 1355 4715 περὶ
1410 4641 1509 4704 τῆς
1580 4635 1964 4712 πρωτοκλισίας

322 4722 750 4803 θορυϐουμένους,
816 4725 957 4781 ίᾶται
1011 4726 1099 4781 καὶ
1174 4733 1327 4782 τοῦτο
1381 4728 1444 4783 τὸ
1493 4727 1655 4789 πάθος
1714 4725 1810 4783 οὒκ
1858 4726 1964 4784 ἀπὸ

321 4820 545 4892 σμικρᾶς
616 4813 918 4894 ἀρχόμενον
987 4815 1326 4893 προφάσεως,
1385 4814 1503 4871 ἀλλ’
1563 4816 1669 4871 ἀπὸ
1725 4814 1965 4895 μεγάλης

322 4902 410 4957 καὶ
469 4898 895 4982 δυσδιαφεύκτου,
945 4906 1042 4968 τῆς
1102 4900 1394 4968 κενοδοξίας
1447 4905 1609 4983 φημί·
1640 4906 1728 4961 καὶ
1776 4906 1853 4980 μή
1889 4926 1964 4968 τις

325 4990 585 5065 νομιζέτω
639 4991 739 5059 τὴν
802 4992 919 5069 περὶ
972 4991 1156 5049 τούτου
1213 4990 1547 5049 διδασκαλίαν
1576 4994 1766 5072 μικρὰν
1796 4996 1962 5069 εἶναι,

325 5081 412 5135 καὶ
460 5078 671 5145 ἀναξίαν
741 5085 843 5147 τῆς
897 5102 991 5136 του
1035 5088 1165 5139 Οεοῦ
1195 5079 1673 5160 μεγαλοπρεπείας·
1735 5082 1967 5158 μάλιστα

325 5169 426 5245 μὶν
481 5170 582 5248 γὰρ
641 5167 756 5227 οῦδὲ
814 5170 988 5248 ἰατρὸν
1071 5168 1438 5249 φιλάνθρωπον
1495 5170 1669 5235 εἴποις
1726 5172 1811 5252 ἄν,
1875 5174 1964 5229 τὸν

326 5256 592 5337 ποδάγρας
655 5259 754 5323 μὲν
803 5259 973 5315 ἰᾶσθαι
1032 5258 1517 5339 ἐπαγγελλόμενον,
1594 5263 1680 5317 καὶ
1709 5260 1807 5318 ὅσα
1861 5262 1971 5319 τῶν

326 5348 646 5425 νοσημάτων
735 5346 1007 5427 ἀξιόλογα,
1093 5346 1350 5410 δακτύλου
1442 5347 1497 5406 δε
1580 5350 1875 5431 σὺντριμμα
1931 5350 1967 5418 ἢ

326 5436 537 5500 ὀδόντος
582 5436 745 5517 ἄλγος
784 5438 863 5516 μὴ
892 5434 1184 5517 δεχόμενον
1210 5440 1536 5519 θεραπεύειν.
1574 5428 1809 5498 ’Ἔπειτα
1856 5446 1970 5504 πῶς

328 5528 516 5606 μικρὸν
570 5529 633 5583 τὸ
693 5526 787 5594 τῆς
856 5523 1152 5592 κενοδοξίας
1208 5530 1397 5605 πάθος,
1430 5527 1728 5609 δῆνώχλει
1757 5529 1969 5592 πάντως

328 5628 447 5679 τοῖς
498 5615 593 5679 τὰς
650 5614 1039 5694 πρωτοκλισίας
1094 5622 1342 5685 ζητοῦσιν
1378 5636 1396 5694 ;
1427 5616 1634 5699 Ἐχρῆν
1661 5618 1771 5695 οὖν,
1801 5620 1970 5699 ἐχρῆν

2046 4626 2300 4690 Sabbato
2324 4626 2777 4692 benefacere.Et
2809 4641 3010 4711 postea
3035 4632 3246 4693 videns
3278 4654 3379 4697 eos
3393 4633 3468 4694 de
3489 4638 3684 4714 primo

2046 4716 2323 4781 accubitu
2343 4718 2889 4813 tulmu_tuari,sanat
2905 4729 2963 4813 et
2984 4714 3688 4813 hanc'all‘ectionem,quaa

2047 4827 2165 4870 non
2183 4827 2215 4869 a
2237 4809 2546 4888 parva,sed
2574 4828 2785 4890 magna
2809 4820 2868 4873 et
2888 4812 2976 4872 vix
2996 4811 3291 4890 etl'ugabili
3321 4836 3498 4883 causa
3528 4809 3686 4883 inci-

2048 4898 2321 4976 pit,inani
2342 4899 2577 4979 inquam
2601 4899 2884 4979 gloria.Et
2902 4920 2977 4963 ne
2998 4900 3128 4982 quis
3145 4902 3442 4971 existimet
3459 4913 3571 4973 hoc
3587 4911 3689 4973 do-

2046 5004 2183 5051 cere
2224 4988 2417 5049 minus
2439 4998 2496 5050 et
2518 4989 2823 5068 indignum
2872 5009 3006 5053 esse
3043 4991 3486 5072 magnificentia
3519 5002 3687 5063 verbi

2048 5077 2308 5152 Dei,imo
2335 5079 2753 5159 maximezquia
2774 5080 3044 5142 medicus
3061 5083 3161 5164 qui
3184 5087 3499 5165 pollicetur
3516 5107 3689 5152 sana-

2048 5187 2115 5231 re
2135 5168 2814 5260 podagram,omnesque
2847 5170 3086 5260 morbos
3122 5184 3451 5239 memoratu
3477 5177 3689 5260 dignos

2053 5276 2245 5340 neque
2267 5257 2580 5335 digitorum
2605 5256 3057 5330 attritiones,vel
3086 5260 3283 5324 dentis
3311 5256 3576 5330 dolorem
3590 5287 3689 5332 εε-

2053 5367 2197 5410 nare
2227 5345 2772 5436 de_tractat.Deinde
2795 5349 3090 5436 quomodo
3122 5369 3333 5430 parvus
3363 5356 3689 5436 inanisqu-

2052 5441 2156 5499 τίω
2174 5433 2559 5515 morbus,quo
2579 5435 2821 5497 omnino
2841 5434 3149 5500 turbantur
3167 5442 3264 5521 qui
3279 5444 3498 5522 primos
3518 5433 3692 5510 accu-

2054 5526 2211 5588 bitus
2233 5523 2533 5605 quaarunt?
2563 5523 2886 5605 Oportebat
2920 5525 3096 5606 igitur
3114 5528 3689 5599 bumilitatisdocto-

2051 5635 2176 5679 rem
2195 5624 2254 5677 et
2274 5613 2602 5695 principem
2626 5623 3233 5680 etconsummatorem
3250 5618 3548 5687 Christum
3566 5644 3688 5689 om-
