4116 6212
281 253 409 315 933

1025 246 1462 314 ENARRATIO
1523 251 1601 312 IN
1650 249 2156 313 EVANGELIUM
2206 249 2442 314 LUC/Ii].
2495 287 2563 298 --
2615 258 2781 320 CAP.
2831 258 2991 322 XVI.

3573 261 3709 326 93v

291 388 451 455 πίνην
509 387 601 452 τὰς
642 385 947 448 ἒπισταίσεις
1024 389 1312 462 ποιεῖσθαι,
1374 385 1461 442 καὶ
1517 385 1614 452 τὴν
1658 386 1948 463 παραυτίκα

2039 383 2244 476 favoris
2277 386 2363 448 vel
2401 391 2899 453 remunerationis
2924 413 3056 455 mox
3091 394 3708 476 recepiendaegratia..

301 477 632 551 ἀντιμισθίαν
680 473 1024 554 ἐκδέχεσθαι.
1093 476 1153 532 Οἱ
1233 476 1334 554 γὰρ
1396 474 1723 553 μικρόψυχοι
1775 473 1955 552 φίλους

301 565 586 630 καλοῦντες
644 567 680 634 ἢ
714 578 990 642 συγγενεῖς
1042 563 1126 619 διὰ
1171 563 1267 631 τὴν
1299 564 1352 619 ἐν
1395 571 1474 638 τῷ
1519 564 1744 641 παρευϐὺ
1792 563 1954 642 χάριν

300 663 456 712 τοῦτο
515 662 746 726 ποιοῦσι,
807 653 905 709 κᾶν
961 654 1040 729 μὴ
1098 653 1328 732 τύχωσι,
1387 650 1833 731 δυσχεραίνουσιν.
1895 647 1954 708 Οἷ

297 744 350 801 δε
410 743 790 822 μεγαλόψυχοι
857 744 918 799 τὸ
970 741 1163 818 μέλλον
1242 741 1596 817 ἀναμένοντες
1655 741 1796 820 παρά
1864 747 1954 796 τοῦ

1671 838 1842 887 Ταῦτα
1900 827 1952 884 δὲ

301 924 472 1002 λέγων
529 925 556 978 6
619 923 826 1002 Κύριος,
888 926 948 980 οὗ
1004 927 1104 988 τῆς
1169 923 1302 1000 πρὸς
1373 923 1492 984 τοὺς
1553 918 1734 998 φίλους
1793 924 1954 992 τιμῆς

302 1013 540 1090 ἀπείργει
597 1010 766 1090 ἡμᾶς,
838 1010 976 1066 ἀλλά
1045 1012 1123 1086 μὴ
1179 1010 1494 1084 πιπράσκειν
1551 1008 1649 1074 τὴν
1693 1007 1948 1088 φιλοφρο-

301 1103 461 1169 σύνην
519 1097 774 1162 παιδεύει,
823 1097 1081 1164 Ἀκούσας
1137 1097 1191 1154 δέ
1233 1121 1312 1164 τις
1345 1120 1532 1170 ταυτα,
1567 1099 1654 1153 καὶ
1709 1098 1949 1172 νομίσας,

300 1190 379 1247 ὅτι
442 1193 470 1246 6
527 1190 657 1254 Θεὸς
715 1188 1268 1267 ἀντιφιλοτιμήσεται,
1325 1189 1412 1244 καὶ
1477 1187 1797 1244 ἀνθεστιάσει
1849 1209 1952 1242 σω-

302 1293 558 1356 ματικαῒς
600 1277 880 1356 τραπέζαις
937 1279 1054 1343 τοὺς
1107 1275 1364 1350 δικαίους,
1427 1278 1582 1333 εἶπεν
1617 1294 1631 1307 ·
1686 1275 1766 1332 ὅτι
1831 1283 1952 1332 Μα-

300 1370 484 1449 κάριος
543 1369 688 1430 ὅστις
744 1369 967 1448 φάγεται
1029 1367 1240 1447 ἄριστον
1299 1367 1354 1422 ἑν
1410 1373 1478 1442 τῇ
1564 1365 1808 1443 βασιλείᾳ
1861 1373 1954 1422 τοῦ

302 1465 453 1519 Θεοῦ,
503 1457 574 1514 Οὔ
630 1459 728 1536 γὰρ
786 1457 852 1524 ἦν
908 1459 1288 1532 πνευματικὸς,
1343 1455 1437 1512 ’ίνα
1480 1458 1647 1533 νοήσῃ
1705 1457 1769 1511 τα
1826 1456 1956 1534 ὑπὲρ

302 1547 578 1621 αἴσθησιν,
641 1545 757 1603 ἀλλ’
822 1545 898 1604 ἔτι
971 1548 1232 1626 ψυχικὸς,
1294 1545 1565 1602 τουτέστιν
1613 1546 1953 1625 ἀνθρωπίνοις

303 1637 588 1714 λογισμοῖς
648 1635 1009 1712 διοικουμένος
1045 1656 1059 1670 ·
1122 1645 1356 1700 τοιοῦτος
1413 1636 1514 1716 γὰρ
1571 1638 1598 1692 6
1639 1637 1871 1715 ψυχικὸς
1925 1637 1954 1691 6

303 1725 470 1802 μηδὲν
518 1727 648 1805 ὑπὲρ
691 1727 846 1806 φύσιν
894 1726 1178 1805 πιστεύων,
1214 1724 1352 1781 ἀλλά
1382 1725 1553 1782 πάντα
1608 1727 1744 1782 κατά
1801 1725 1954 1804 φύσιν

303 1819 457 1879 νοῶν,
503 1825 659 1895 Τρεῖς
711 1816 810 1894 γάρ
856 1817 954 1870 εἰσι
1015 1815 1392 1888 καταστάσεις,
1427 1815 1676 1892 σαρκικὴ,
1714 1813 1949 1893 ψυχικὴ,

301 1907 390 1963 καὶ
445 1906 803 1975 πνευματική,
879 1905 976 1962 Καὶ
1045 1905 1274 1980 σαρκικὴ
1334 1903 1432 1979 μέν
1475 1903 1640 1978 ἐστιν,
1699 1903 1825 1960 ὅταν
1874 1924 1954 1966 τις

299 1993 512 2066 ἥδεσθαι
541 1993 820 2070 βούληται,
885 1994 974 2049 καὶ
1031 1993 1241 2072 χαίρειν
1281 1993 1417 2068 μετά
1473 2001 1564 2051 τοῦ
1617 1994 1705 2049 καὶ
1766 1990 1954 2054 ἄλλους

301 2095 638 2157 κααοποιεῐν,
691 2081 811 2139 οἷόν
868 2081 980 2138 ἔστι
1065 2082 1282 2139 πάντων
1340 2083 1401 2138 τὸ
1451 2087 1558 2137 τῶν
1616 2079 1950 2137 πλεονεκτῶν

303 2171 462 2254 φῦλον
499 2189 511 2202 ·
557 2173 767 2252 ψυχικὴ
799 2169 852 2227 δὲ
877 2171 1228 2250 κατάστασις,
1261 2169 1387 2228 ὅταν
1419 2193 1498 2232 τις
1531 2171 1668 2245 μήτε
1697 2169 1951 2246 βλάπτειν

303 2264 442 2335 μήτε
471 2261 795 2338 βλάπτεσθαι
857 2260 1102 2338 βούλοιτο
1139 2279 1152 2296 ’
1203 2267 1358 2316 τοῦτο
1409 2260 1508 2339 γάρ
1536 2261 1598 2316 τὸ
1629 2260 1762 2315 κατά
1799 2259 1952 2339 φύσιν

301 2359 398 2425 ζῆν
430 2372 446 2390 ο
493 2353 607 2409 ἐπεὶ
638 2353 726 2409 καὶ
777 2353 810 2418 ἡ
856 2353 1006 2431 φύσις
1058 2352 1190 2419 αὕτη
1249 2358 1404 2408 τοῦτο
1433 2354 1569 2426 ium
1601 2353 1900 2429 εἰσηγεῖται
1937 2370 1948 2383 ’

303 2441 636 2518 πνευματικὴ
695 2439 776 2514 δὲ,
833 2438 958 2497 ὅταν
1017 2463 1096 2504 τις
1155 2441 1244 2497 καὶ
1329 2439 1655 2517 βλάπτεεὼι
1711 2438 1954 2516 βούλοιτο

302 2529 388 2588 διὰ
429 2533 489 2587 τὸ
544 2529 708 2588 καλὸν
765 2531 852 2588 καὶ
906 2533 1316 2610 κακουχεϊσθαι.
1378 2528 1576 2588 ’Ἔστιν
1626 2536 1714 2586 οὖν
1761 2531 1796 2597 ἡ
1859 2527 1954 2604 μὲν

306 2623 492 2702 πρώτη
550 2622 693 2690 παρά
752 2621 934 2701 φύσιν,
993 2623 1027 2690 ἡ
1081 2619 1136 2678 δὲ
1201 2620 1342 2697 μέση
1408 2621 1542 2677 κατά
1586 2621 1760 2700 φύσιν,
1807 2621 1840 2688 ἡ
1898 2617 1954 2675 δὲ

300 2712 452 2791 τρίτη
509 2712 639 2787 ὑπὲρ
696 2712 870 2790 φύσιν.
918 2717 1028 2774 Πᾶς
1081 2713 1166 2767 οὖν
1234 2711 1532 2788 ἀνθρώπινα
1575 2717 1800 2789 φρονῶν,
1861 2711 1947 2766 καὶ

302 2798 470 2875 μηδὲν
513 2805 619 2856 τῶν
687 2802 816 2880 ὑπὲρ
880 2801 1026 2880 φύσιν
1083 2800 1364 2876 δυνάμενος
1426 2805 1638 2879 νοῆσαι,
1711 2801 1944 2878 ψυχικὸς

303 2890 538 2968 λέγεται,
576 2892 650 2953 ὡς
709 2896 864 2971 ψυχῇ
905 2893 994 2948 καὶ
1050 2891 1308 2966 πνεύματι
1351 2888 1706 2964 διοικούμενος
1741 2905 1756 2920 ⁶
1819 2888 1945 2944 ὅταν

304 2977 358 3036 δέ,
415 3001 495 3044 τις
552 2980 812 3040 πνεύματι
850 2979 1067 3058 ἄγηται,
1115 2983 1201 3038 καὶ
1244 2980 1416 3037 οὖκέτι
1445 2985 1512 3056 ζῇ
1571 2977 1747 3053 αὐτὸς,
1780 2984 1846 3054 {il
1891 2975 1945 3032 δὲ

304 3069 358 3125 ἰν
411 3069 551 3144 αὒτῷ
596 3071 838 3149 Χριστὸς,
887 3072 1035 3136 οὗτος
1079 3069 1219 3126 ἐστιν
1261 3071 1288 3125 6
1348 3069 1725 3146 πνευματικὸς,
1772 3069 1800 3123 6
1848 3067 1948 3123 τ’ὶυ

306 3157 459 3237 quiem
509 3155 840 3238 ὑπεραναόάς
874 3175 886 3188 ⁸
950 3160 1183 3240 ψυχικὸς
1245 3158 1333 3217 οὖν
1394 3161 1463 3226 ἧν
1521 3159 1549 3213 6
1593 3155 1811 3227 νομίσας
1866 3157 1946 3212 αἱ·

304 3248 500 3314 σθητάς
559 3246 762 3305 ἔσεσθαι
805 3251 898 3312 τὰς
946 3246 1171 3324 ἀμοιϐὰς
1215 3263 1332 3313 τοῖς
1392 3249 1585 3328 ἁγίοις,
1639 3247 1734 3302 οἷα
1783 3242 1948 3322 μηδὲν

302 3343 407 3393 τῶν
457 3338 585 3417 ὑπὲρ
640 3339 792 3417 φύσιν
821 3337 1103 3415 δυνάμενος
1134 3339 1343 3407 νοῆσαι,

391 3447 415 3482 ε
455 3416 512 3484 Ὀ
541 3425 594 3483 δὲ
639 3416 794 3485 εἶπεν
825 3427 990 3501 αὒτῴ,
1024 3427 1352 3507 ”Ανθρωπὸς
1379 3449 1460 3491 τις
1490 3427 1706 3496 ἐποίησε
1734 3425 1950 3483 δεῖπνον

304 3515 466 3595 μέγα,
499 3518 586 3572 καὶ
627 3516 845 3575 εκάλεσε
876 3516 1130 3599 πολλοὺς,
1159 3520 1250 3574 καὶ
1293 3516 1574 3574 ἀπέστειλε
1635 3518 1726 3574 τὸν
1766 3514 1948 3573 δοῦλον

303 3609 462 3664 αὖτοῦ
515 3612 583 3684 τῇ
611 3606 722 3684 ὥρᾳ
749 3613 842 3664 τοῦ
871 3605 1101 3684 δείπνου,
1158 3609 1328 3665 είπεϊν
1384 3620 1503 3673 τοῖς
1545 3605 1896 3682 κεκλημένοις
1929 3624 1945 3641 ⁸

305 3695 578 3777 ”Εχεσθε,
639 3697 720 3755 ὅτι
777 3697 880 3766 ἤδη
928 3699 1118 3776 ἕτοιμά
1165 3699 1272 3756 ἐστι
1325 3699 1512 3757 πάντα.
1576 3699 1675 3757 Καὶ
1729 3696 1952 3774 ἤρξαντο

306 3786 410 3842 ἀπὸ
477 3793 602 3862 μιᾶς
677 3791 1048 3866 παραιτεῖσθαι
1124 3789 1342 3854 πάντες,
1409 3779 1466 3846 Ὀ
1526 3793 1734 3867 πρῶτος
1801 3791 1954 3842 εἶπεν

304 3879 448 3947 αὖτῷ
473 3893 492 3912 °
535 3875 729 3956 Ἀγρὸν
787 3877 1052 3956 ἠγόρασα,
1099 3879 1188 3935 καὶ
1249 3877 1368 3958 ’έχω
1405 3876 1642 3954 ἀνάγκην
1701 3873 1954 3949 ἐξελθεῖν,

301 3965 389 4020 καὶ
447 3961 578 4021 ἰδεῖν
611 3965 788 4045 αὖτὸν,
823 3966 1004 4042 ἐρωτῶ
1032 3988 1114 4042 σε,
1149 3965 1245 4046 ἔχε
1275 3988 1342 4044 με
1393 3964 1796 4042 παρητημὲνοο.
1858 3969 1955 4024 Καὶ

302 4053 478 4132 ἔτερος
535 4058 656 4111 εἷπε
691 4070 706 4086 °
756 4056 924 4134 Ζεύγη
985 4056 1124 4132 βοῶν
1201 4057 1442 4134 ἠγόρασα
1494 4055 1675 4128 πέντε,
1721 4054 1808 4110 καὶ
1851 4074 1954 4108 πο-

302 4141 520 4220 ρεύομαι
553 4139 832 4219 δοκιμάσαι
876 4145 1030 4220 αὔτα,
1090 4144 1271 4224 ἐρωτῶ
1331 4165 1414 4218 σε,
1466 4143 1564 4224 ἔχε
1593 4165 1659 4219 με
1701 4163 1953 4221 παρῃτηο

304 4230 484 4306 μένον.
547 4233 644 4290 Καὶ
701 4231 877 4313 ἕτερος
941 4234 1065 4290 εἶπε
1102 4251 1116 4266 ·
1177 4233 1414 4290 Γυναῖκα
1469 4231 1672 4312 ἔγημα,
1732 4233 1818 4288 καὶ
1872 4228 1954 4286 διὰ

304 4327 457 4378 τοῦτο
487 4325 546 4380 οὔ
588 4319 808 4398 δύναμαι
863 4326 1065 4387 ἓλθεῖν.
1117 4347 1144 4378 ι
1211 4322 1316 4381 Τοῦ
1368 4321 1811 4398 συνανακειμένου
1870 4320 1952 4375 εί·-

305 4413 524 4484 πόντος,
569 4411 649 4470 ὅτι
701 4414 961 4488 μακάριος
1014 4414 1072 4478 ὃς
1130 4413 1352 4493 φάγεται
1404 4411 1613 4492 ἄριστον
1645 4411 1700 4466 ἐν
1728 4411 1797 4477 τῆ
1853 4410 1956 4486 βα·

306 4498 475 4572 σιλείᾳ
515 4501 609 4557 τοῦ
652 4509 806 4577 Θεοῦ,
854 4505 882 4558 6
929 4503 1114 4582 Κύριος
1186 4499 1415 4558 διδάσκει
1475 4503 1630 4560 αὺτὸν
1686 4499 1955 4556 πλατύτε-

308 4611 420 4667 ρον,
467 4597 582 4656 πῶς
612 4589 695 4648 δεῖ
724 4605 865 4648 νοεῖν
893 4593 1038 4667 ἡμᾶς
1069 4593 1164 4656 τὰς
1213 4598 1308 4649 τοῦ
1340 4598 1471 4648 Θεοῦ
1511 4589 1794 4653 ἑστιάσεις,
1860 4587 1957 4646 Καὶ

307 4679 369 4751 δή
419 4705 544 4762 φησι
581 4681 890 4763 παραϐολὴν
947 4682 1182 4766 τοιάνδε,
1226 4683 1494 4764 ἄνθρωπον
1540 4681 1638 4757 μὲν
1687 4681 1958 4757 ὀνομάζων

306 4773 396 4826 τὸν
454 4770 819 4852 φιλάνθρωπον
879 4772 1060 4853 αὐτοῦ.
1085 4765 1315 4844 Πατέρα,
1381 4765 1438 4831 Ὀ
1490 4774 1589 4852 γὰρ
1647 4773 1776 4835 Θεὸς
1834 4769 1960 4826 ὅταν

309 4860 406 4935 μὲν
477 4863 572 4928 τὴν
617 4863 1018 4939 ’τιμωρητικην
1109 4862 1266 4920 αὐτοῦ
1358 4860 1574 4938 δύναμιν
1644 4861 1958 4934 αἶνίττηται,

306 4950 446 5028 παρά
489 4950 555 5020 τῆ
607 4956 788 5031 Γραφῇ
829 4952 1059 5030 πάνθηρ,
1123 4955 1210 5009 καὶ
1282 4949 1566 5031 πάρδαλις,
1625 4951 1716 5006 καὶ
1772 4948 1961 5027 ἄρκτος

307 5039 617 5113 ὀνομάζεται
652 5057 666 5072 ⁸
730 5041 855 5097 ὅταν
903 5039 956 5096 δὲ
1013 5039 1407 5122 φιλανθρωπίαν
1477 5041 1594 5095 τινὰ
1637 5039 1948 5095 αἰνίττεσθαι

307 5126 500 5207 μέλλῃ,
565 5128 834 5210 ἅνθρωπος
906 5131 1191 5209 εἰσάγεται,
1253 5129 1432 5208 ὥσπερ
1480 5131 1567 5185 οὖν
1636 5130 1723 5184 καὶ
1804 5133 1891 5182 νῦν
1926 5141 1941 5156 °

301 835 450 897 ὄντος
505 833 778 907 πλουσίου,
848 834 942 895 τὰς
1004 828 1230 907 ἀμοιϐὰς
1273 829 1610 911 ξκδὲχονται.

2039 472 2146 544 Qui
2184 477 2402 554 pusillo
2447 487 2584 539 sunt
2622 481 2846 552 animo,
2897 484 3124 544 amicos
3171 472 3256 546 vel
3296 472 3582 564 cognatos
3613 486 3687 546 ob

2041 565 2346 642 praesentis
2372 566 2501 627 vitae
2535 567 2892 631 beneficium
2927 580 3140 633 vocant
3175 592 3188 636 :
3227 575 3380 653 quod
3416 574 3463 632 si
3501 575 3694 635 minus

2040 666 2500 736 consequantur,
2534 658 2816 736 gravatim
2863 661 3080 724 ferunt.
3125 663 3233 734 Qui
3269 671 3462 723 autem
3499 663 3690 741 magni

2043 751 2176 804 sunt
2205 745 2682 826 animi,l‘uturum
2706 751 3010 827 praemium
3053 761 3528 831 exspectantes,a
3559 771 3693 814 vere

2041 833 2219 896 divite
2251 836 2763 898 renumeraliones
2789 839 3253 918 aceipiuntllzec
3277 849 3472 901 autem
3488 841 3696 902 dicens

2044 926 2476 1001 Dominusmon
2503 927 2692 986 nosah
2712 927 2920 989 amicis
2951 933 3245 1001 arcet,sed
3266 930 3686 1008 benignitatem

2040 1033 2156 1075 non
2187 1035 2318 1078 esse
2347 1015 2716 1076 vendendam
2751 1019 2948 1078 docet.
2984 1016 3181 1098 Itaque
3217 1028 3522 1098 postquam
3567 1021 3689 1081 hac

2037 1104 2275 1183 quidam
2323 1105 2607 1178 audisset,
2633 1114 2684 1166 et
2729 1105 2973 1166 sentiret
3009 1107 3162 1182 quod
3193 1106 3349 1167 Deus
3371 1107 3692 1186 corporali-

2036 1193 2272 1272 qridam
2307 1195 2590 1268 audisset,
2630 1204 2683 1254 et
2709 1194 2960 1256 sentiret
2995 1195 3152 1276 qued
3180 1195 3336 1256 Deus
3367 1197 3692 1275 corporali-

2038 1284 2145 1344 bus
2167 1284 2388 1348 mensis
2401 1293 2883 1345 renumeraretet
2901 1285 3687 1364 redinvitaretjustos,dixit:

2038 1371 2252 1436 Beatus
2282 1373 2381 1456 qui
2413 1372 2672 1434 comedit
2697 1391 2905 1454 panem
2935 1376 2988 1434 in
3027 1394 3204 1452 regno
3242 1374 3345 1437 Dei
3377 1372 3505 1435 Non
3529 1375 3688 1437 enim

2039 1464 2364 1544 spiritualis
2382 1471 2597 1542 erat,ut
2621 1463 2973 1540 intelligeret
2997 1483 3062 1526 ea
3081 1483 3210 1544 quae
3225 1481 3400 1542 supra
3421 1482 3686 1527 sensum:

2037 1555 2141 1616 sed
2174 1554 2444 1618 animalis
2473 1553 2666 1614 adhuc
2695 1561 2844 1626 erat,
2869 1554 2978 1614 hoc
3011 1563 3121 1626 est,
3148 1554 3432 1613 humanas
3461 1556 3685 1632 cogita-

1978 1676 2015 1726 Β
2039 1646 2230 1706 tiones
2261 1643 2618 1706 sectabatur.
2652 1641 2938 1704 Animalis
2955 1643 3114 1702 enim
3152 1652 3263 1712 est,
3300 1643 3396 1722 qui
3426 1642 3566 1702 nihil
3589 1661 3687 1700 su-

2039 1753 2146 1814 per
2177 1744 2442 1796 naturam
2476 1729 2803 1805 credit,sed
2837 1735 3034 1792 omnia
3056 1731 3390 1792 secundum
3419 1737 3686 1792 naturam

2039 1822 2309 1900 intelligit
2340 1822 2487 1884 Tres
2508 1820 2664 1882 enim
2689 1828 2823 1880 sunt
2841 1819 3685 1899 ordines,carualium,anima—

2041 1913 2181 1974 lium
2197 1915 2337 1976 596
2354 1922 2409 1975 et
2433 1909 3128 1992 spiritualiumCarnalis
3165 1908 3404 1988 quidem
3438 1921 3550 1974 est.
3587 1911 3682 1989 qui

2039 2003 2159 2064 vult
2190 2003 2369 2065 laetari
2393 2011 2450 2062 et
2483 1998 2745 2079 gaudere
2774 2019 2908 2060 cum
2935 1999 3066 2061 aliis
3102 1998 3484 2060 malefecerit.
3510 2007 3569 2058 ut
3598 2008 3689 2060 est

2037 2111 2212 2155 omne
2229 2111 2416 2172 genus
2438 2108 2770 2151 avarorum.
2800 2089 3112 2159 Animalis,
3147 2087 3248 2167 qui
3279 2106 3472 2168 neque
3503 2089 3686 2149 furari

2037 2201 2231 2264 neque
2259 2199 2474 2244 nocere
2503 2180 2645 2248 vult.
2677 2179 2788 2239 hoc
2810 2186 2896 2237 est
2928 2177 3084 2237 enim
3105 2177 3274 2254 juxta
3295 2195 3564 2237 na'uram
3599 2177 3684 2238 vi-

2037 2269 2688 2354 vere,quandoquidem
2720 2268 2830 2328 hoc
2858 2265 3026 2327 nobis
3049 2275 3258 2326 natura
3289 2265 3525 2326 indidit.
3545 2265 3683 2346 Spi-

2038 2362 2268 2422 ritualis
2292 2379 2456 2438 vero,
2495 2359 2591 2438 qui
2626 2365 2683 2418 et
2721 2356 2896 2436 :iﬁligi
2933 2363 2990 2416 et
3037 2356 3318 2415 damnum
3370 2356 3526 2416 ferre
3566 2357 3688 2416 vult

2038 2458 2281 2531 propter
2310 2445 2716 2508 virtutem.Est
2745 2445 2922 2523 igitur
2945 2443 3170 2524 primus
3194 2451 3407 2524 praeter
3423 2444 3511 2504 vel
3535 2444 3682 2506 citra

2038 2535 2636 2602 naturam.secundus
2659 2535 2825 2614 juxta
2857 2533 3365 2613 naturam,tertius
3395 2551 3570 2613 supra
3586 2553 3685 2594 ua-

2041 2626 2551 2691 naturanLOmnis
2581 2624 2758 2704 igitur
2782 2625 2878 2702 qui
2904 2624 3158 2684 humana
3182 2622 3425 2700 sapit,et
3448 2642 3563 2685 non
3589 2642 3682 2682 va-

2030 2719 2113 2781 let
2148 2718 2480 2796 iulelligere
2511 2734 2578 2776 ea
2600 2732 2730 2794 quas
2761 2731 2938 2792 supra
2972 2721 3266 2785 naturam,
3301 2711 3576 2772 animalis
3602 2713 3686 2773 di-

2030 2809 2301 2883 citur,uti
2335 2808 2430 2886 qui
2464 2805 2660 2866 anima
2691 2810 2748 2864 et
2775 2802 2983 2879 spiritu
3015 2800 3402 2879 gubernetur.
3438 2799 3683 2872 Quando

2029 2909 2224 2960 autem
2261 2896 2392 2977 quis
2414 2895 2619 2976 spiritu
2652 2891 2862 2971 agitur,
2889 2900 2945 2951 et
2979 2909 3093 2951 n-m
3119 2891 3242 2968 jam
3278 2889 3680 2970 vivitipse,vi-

2030 2989 2112 3050 vit
2141 2993 2337 3048 autem
2371 2983 2430 3044 in
2461 3003 2530 3043 eo
2554 2981 2822 3044 Christus
2842 2980 2927 3053 65,
2961 2981 3055 3040 hic
3085 2989 3173 3040 est
3193 2978 3537 3058 spiritualis,
3568 2999 3678 3040 na-

2033 3085 2221 3138 turam
2255 3070 2993 3154 supergressus.Animalis
3027 3069 3199 3149 igitur
3219 3077 3344 3129 erat
3367 3074 3427 3132 et
3453 3070 3682 3150 hic,qui

2033 3165 2272 3249 putabat
2320 3164 2445 3225 fore
2499 3160 2818 3223 sensibiles
2847 3168 3185 3222 sanctorum
3231 3159 3677 3249 retributiones,

2031 3248 2310 3338 quoniam
2347 3252 2494 3315 nihil
2523 3269 2702 3330 super
2737 3257 3003 3312 naturam
3040 3257 3266 3330 poterat
3287 3248 3638 3328 intelligere.

2114 3433 2295 3496 Vsus.
2323 3432 2540 3496 16-20.
2583 3457 2604 3485 ιι
2643 3432 2716 3492 At
2762 3431 2890 3510 ipse
2912 3429 3060 3491 dixit
3083 3433 3134 3492 ei
3170 3451 3184 3492 :
3218 3430 3406 3493 Homo
3439 3431 3677 3512 quidam

2033 3538 2336 3608 paraverat
2367 3540 2594 3584 ccenam
2631 3539 2922 3597 magnam,
2959 3529 3016 3581 et
3051 3523 3288 3584 vocavit
3318 3521 3683 3596 multos,mi-

2035 3616 2110 3676 sit
2137 3631 2370 3676 servum
2422 3611 2588 3673 illum
2622 3627 2794 3670 suum
2843 3609 2984 3669 hora
3015 3627 3199 3671 cinna;
3227 3619 3288 3671 ut
3330 3611 3556 3672 diceret
3586 3613 3680 3672 in-

2039 3707 2273 3768 vitatis:
2308 3703 2544 3784 Venite,
2598 3701 2736 3782 quia
2776 3703 2899 3781 jam
2953 3709 3154 3781 parata
3183 3711 3319 3763 sunt
3349 3702 3571 3766 omnia.
3611 3704 3686 3766 Et

2039 3803 2344 3876 coeperunt
2375 3792 2550 3854 simul
2583 3809 2792 3852 omnes
2823 3808 3127 3853 excusare.
3161 3792 3393 3853 Primus
3425 3791 3682 3853 dixitei:

2039 3883 2254 3948 Villam
2290 3883 2429 3957 emi,
2465 3892 2522 3943 et
2556 3898 2803 3941 necesse
2853 3888 2942 3941 est
2991 3879 3131 3941 mihi
3170 3880 3352 3955 exire,
3401 3890 3457 3942 et
3487 3880 3688 3942 videre

2042 3974 2202 4037 illam
2238 3991 2252 4036 :
2288 3990 2428 4050 rogo
2461 3980 2540 4043 te,
2575 3968 2727 4031 habe
2759 3987 2851 4029 me
2878 3971 3318 4030 excusatumEt
3348 3972 3498 4030 alter
3518 3970 3681 4032 dixit:

2035 4061 2184 4140 Juga
2220 4060 2443 4121 bonum
2470 4057 3045 4138 emiquinque,eteo
3066 4057 3136 4118 ad
3167 4056 3536 4138 probandum
3564 4059 3684 4120 illa:

2037 4168 2180 4230 rogo
2215 4147 2456 4224 te,habe
2488 4165 2582 4208 me
2605 4144 3058 4208 excusatum.Et
3079 4146 3225 4209 dixit
3253 4144 3685 4210 aliuszUxorem

1977 4237 2201 4326 Dduxi,
2235 4248 2289 4300 et
2321 4235 2456 4326 ideo
2490 4253 2608 4326 non
2635 4253 2873 4326 possum
2907 4236 3168 4297 venire.»
3200 4237 3346 4298 Cum
3378 4235 3622 4298 dixisset
3643 4237 3691 4297 is

2036 4327 2138 4408 qui
2195 4324 2373 4387 simul
2419 4324 2800 4398 accubuerat,
2853 4324 3087 4386 beatum
3137 4343 3270 4386 eum
3302 4327 3398 4407 qui
3431 4327 3688 4388 comedit

2039 4415 2352 4498 prandium
2385 4415 2444 4475 in
2477 4432 2660 4493 regno
2693 4412 2819 4488 Dei,
2841 4413 3128 4476 Dominus
3153 4414 3324 4478 docet
3346 4433 3482 4478 eum
3515 4417 3690 4479 latius

2039 4505 2341 4587 quomodo
2373 4513 2636 4583 oporteat
2654 4522 2768 4565 non
2794 4503 3124 4583 intelligere
3141 4505 3470 4568 convivium
3497 4509 3691 4582 Dei,et

2042 4593 2379 4677 parabolam
2405 4593 2556 4654 hanc
2579 4592 2720 4655 dicit
2745 4612 2758 4656 :
2788 4594 3088 4654 hominem
3111 4595 3349 4674 quidem
3376 4597 3692 4658 nominans

2045 4682 2498 4747 misericordem
2522 4701 2692 4744 suum
2727 4679 3230 4764 patrem.Quando
3249 4687 3407 4746 enim
3431 4687 3691 4748 vindica-

2045 4776 2218 4836 tivam
2241 4772 2636 4835 Deivirtutem
2665 4770 2970 4853 Scriptura
2997 4771 3307 4852 significat,
3320 4775 3686 4854 pantheram,

2045 4876 2103 4928 et
2133 4883 2361 4944 ursum,
2389 4873 2444 4926 et
2469 4864 2714 4944 pardum
2751 4881 2887 4924 eum
2912 4865 3340 4943 vocat;quando
3363 4874 3556 4926 autem
3582 4865 3687 4926 mi-

2046 4953 2375 5017 sericordia
2404 4953 2519 5013 vult
2553 4953 2880 5032 insinuare,
2912 4951 3213 5013 hominem
3237 4953 3466 5016 inducit
3497 4973 3510 5017 :
3538 4956 3691 5018 sicut

2033 5065 2059 5104 ς
2074 5053 2093 5106 t
2109 5062 2269 5106 nunc
2291 5041 2905 5103 misericmdissimam
2925 5042 3054 5120 ejus
3075 5041 3576 5122 dispensationem
3603 5047 3690 5106 in.

2039 5133 2336 5211 telligens,
2375 5149 2552 5212 quam
2597 5137 2881 5210 operatur
2911 5131 2968 5190 in
3010 5129 3204 5204 nobis,
3240 5151 3352 5212 qua
3403 5152 3511 5195 nos
3551 5134 3688 5197 facit

305 5215 490 5285 ὶπειδὴ
548 5221 663 5298 περὶ
722 5225 818 5287 τῆς
907 5219 1409 5300 φιλανθρωποτάταις
1474 5217 1772 5293 οἰκονομίας
1823 5215 1943 5272 δια-

2039 5222 2350 5303 participes
2378 5218 2577 5281 carnis
2613 5217 2746 5280 Filii
2779 5217 3204 5292 sui,hominem
3238 5238 3372 5282 eum
3398 5223 3684 5286 nominat.
3729 5267 3734 5272 -

307 5305 562 5383 λαμϐάνει
619 5310 654 5378 ἡ
711 5307 1012 5388 παραϐολὴ,
1073 5310 1140 5377 ἢν
1192 5308 1484 5388 ἔνήργησεν
1536 5307 1590 5364 ἐν
1633 5309 1790 5384 ἡμῖν,
1835 5327 1945 5363 κοι-

2039 5314 2268 5374 Cinnam
2292 5309 2451 5371 enim
2468 5325 2734 5387 magnam
2754 5305 3488 5388 vocavitdispensationem
3509 5315 3686 5382 hanc.

308 5398 500 5463 νωνοὺς
557 5399 701 5474 ἡμᾶς
745 5400 974 5469 ποιήσας
1033 5403 1131 5466 τῆς
1185 5401 1376 5480 σαρκὸς
1432 5406 1524 5456 τοῦ
1588 5402 1703 5456 ι’ξώ
1762 5399 1939 5472 αὺτοῦ,

2039 5402 2274 5476 Cinnam
2298 5398 2645 5481 quidem,eo
2667 5396 2820 5480 quod
2847 5396 2906 5457 in
2932 5396 3270 5461 novissimis
3290 5403 3696 5490 temporibus,-

385 5557 450 5611 σο
506 5557 695 5624 Galat.
729 5573 794 5637 ιι,
827 5556 928 5624 20.
