4116 6212
479 245 596 311 939
1444 252 2039 320 THEOPHYLACTI
2077 248 2489 325 BULGARI/E
2530 250 2890 320 ARCHIEP.
3742 254 3881 318 940

477 383 586 446 Dei
618 404 751 448 esse
785 385 1111 448 credidisse
1132 398 1338 467 gentes
1360 389 1420 453 in
1446 398 1607 453 tanta
1629 401 1936 454 versantes
1964 392 2124 472 igno-

2213 390 2320 456 Τὴν
2352 387 2599 457 κτηνώδη
2655 389 2744 445 οὖν
2799 394 2906 444 τῶν
2967 388 3127 447 ὲθνῶν
3182 385 3483 466 διαγωγὴν,
3530 391 3619 443 καὶ
3656 389 3731 450 εἷς
3768 388 3876 448 τὰς

476 475 692 548 rantia,
738 475 870 536 ideo
909 474 1098 538 dixit:
1143 474 1473 559 Compelle.
1530 480 1657 545 Nisi
1707 481 1863 542 enim
1917 501 2124 562 magna

2210 476 2415 543 πολλὰς
2460 477 2611 544 δόξας
2658 478 3055 554 μεμερισμένην
3113 477 3396 534 αἰνίττεται
3446 476 3530 533 διὰ
3566 479 3672 534 τῶν
3702 476 3875 546 ὁδῶν,

482 564 623 626 598
652 564 857 625 fuisset
888 565 1016 644 ejus
1046 563 1147 646 qui
1171 568 1609 646 praedicabatur
1629 570 2124 649 virtus,etmagna

2210 567 2306 634 τὴν
2362 566 2417 623 δὲ
2463 567 2516 624 ἐν
2571 569 2851 644 ἁμαρτίαις
2898 570 3068 624 αὐτῶν
3113 569 3257 637 ζωὴν
3304 564 3389 622 διὰ
3416 574 3523 624 τῶν
3553 573 3823 647 φραγμιῖη
3855 582 3870 593 ·

478 654 642 715 verbi
691 653 927 733 veritas,
964 655 1261 734 quomodo
1299 660 1563 737 persuasi
1614 669 1812 721 essent
1856 661 2124 723 homines

2244 660 2258 680 τ
2354 657 2387 711 ἆ
2432 656 2500 713 λυ
2596 655 2641 712 ἃς
2773 657 2778 663 “
2844 657 2857 677 1
3013 657 3025 678 Ι
3184 678 3194 688 .
3301 657 3309 673 Ι
3471 656 3485 673 ν
3576 660 3585 671 ι
3638 657 3652 669 ι
3826 658 3839 669 ο

2210 680 2303 715 ουκ
2390 680 2428 713 π
2466 680 2539 721 ως
2628 680 2650 713 ε
2703 665 2908 713 κελευει
2936 679 3153 720 τουτους
3184 655 3430 730 καλεσαι,
3462 656 3601 713 αλλα
3628 679 3873 734 αναγκα-

480 745 539 805 in
573 742 865 804 idolorum
901 743 1061 803 cultu
1091 743 1458 807 insanientes
1475 757 1533 809 et
1552 748 1703 810 foeda
1721 759 2124 830 aperantes,ut

2210 767 2319 819 σαι,
2367 748 2536 802 καίτοι
2580 748 2948 825 προαιρετικὸν
3004 746 3176 802 ἅπασι
3233 748 3294 802 τὸ
3351 749 3614 804 πιστεύειν
3652 763 3667 775 ·

480 842 728 914 repente
759 842 1149 911 agnoscerent
1174 852 1373 895 verum
1411 834 1618 910 Deum,
1654 848 1713 900 et
1758 838 2122 919 spiritualem

2210 832 2298 889 ἵνα
2355 835 2629 911 μάθωμεν,
2692 834 2773 891 ὅτι
2834 834 3077 913 μεγάλης
3136 842 3228 892 τοῦ
3286 838 3419 892 Θεοῦ
3448 833 3720 910 δυνάμεως
3750 858 3873 901 ση-

479 924 794 1000 diligerent
829 922 998 983 vitam
1030 924 1058 982 ?
1106 924 1285 1001 Igitur
1325 924 1737 988 admirabilem
1788 929 2119 991 translatio-

2210 924 2362 997 μεῖόν
2421 926 2533 981 εστι
2604 926 2665 980 τὸ
2709 930 2986 980 πιστεῦσαι
3037 926 3105 979 τὰ
3154 923 3276 990 ἔθνη
3305 925 3565 990 τοσαύτην
3594 925 3873 1002 ἀγνωσίαν

479 1031 615 1075 nem
661 1011 1018 1101 significare,
1046 1010 1269 1087 volens,
1320 1016 1732 1077 necessitatem
1776 1017 2122 1101 nominavit,

2210 1009 2426 1090 ἔχοντα,
2445 1009 2530 1067 διὰ
2551 1020 2705 1069 τοῦτο
2720 1016 2897 1087 εἶπεν,
2924 1011 3275 1089 Ἀνάγκασον.
3304 1013 3363 1068 Εἰ
3384 1012 3462 1087 μὴ
3485 1013 3583 1090 γὰρ
3600 1011 3667 1078 ἧν
3682 1009 3875 1078 πολλὴ

479 1103 646 1183 quasi
675 1101 903 1162 diceret
923 1100 1055 1180 quis
1084 1122 1096 1163 :
1130 1102 1393 1163 Gentiles
1426 1106 1597 1165 etiam
1618 1105 1777 1166 idola
1794 1120 1853 1166 et
1881 1099 2124 1170 delicias

2210 1107 2294 1156 τοὸ
2350 1100 2744 1179 κηρυττομένου
2813 1103 2849 1169 ἡ
2934 1099 3175 1175 δύναμις,
3261 1102 3352 1157 καὶ
3408 1100 3618 1179 μεγάλῃ
3677 1101 3715 1169 ἢ
3768 1100 3876 1157 to;

477 1192 821 1272 relinquere
852 1191 1145 1271 nolentes,
1187 1210 1220 1251 a
1258 1193 1677 1271 praedicatione
1723 1204 1917 1258 tamen
1965 1198 2121 1260 veri-

2210 1188 2366 1266 λόγου
2431 1188 2678 1267 ἀλήθεια,
2740 1196 2853 1255 πῶς
2912 1189 2973 1245 ἂν
3031 1190 3350 1256 επείσθησαν
3394 1190 3656 1264 ἄνθρωποι
3701 1189 3873 1246 εἰδωο

479 1282 614 1343 tatis
646 1300 714 1343 ea
742 1280 1081 1360 relinquere
1106 1281 1290 1342 coacti
1319 1293 1477 1345 sunt.
1513 1284 1618 1344 Vel
1650 1285 1824 1347 aliter
1858 1306 1871 1346 :
1919 1286 2124 1351 Virtus

2210 1276 2583 1359 λομανοῦντες,
2642 1281 2729 1335 καὶ
2797 1280 3274 1359 αἰσχρουργοῦντες
3340 1279 3527 1358 ἀθρόον
3572 1280 3873 1358 ἐπιγνῶναι

481 1372 785 1451 signorum
807 1387 1078 1449 magnam
1100 1369 1384 1431 afferebat
1401 1373 1814 1436 necessitatem
1849 1384 1911 1436 ut
1937 1384 2124 1439 trans-

2210 1368 2295 1425 τὸν
2340 1367 2507 1432 ὅντως
2558 1369 2711 1441 Θεὸν,
2770 1368 2858 1424 καὶ
2899 1369 3258 1443 πνευματικὸν
3301 1368 3413 1443 βίον
3456 1367 3667 1426 τελέσαι
3705 1386 3721 1441 ;
3788 1373 3873 1425 Τὸ

479 1462 780 1523 ferrentur
806 1457 879 1519 ad
912 1458 1088 1518 ﬁdem
1129 1458 1371 1520 Christi.
1407 1461 1481 1521 Et
1529 1463 1796 1541 quotidie
1828 1482 1997 1525 caena
2026 1466 2124 1528 illa

2210 1458 2373 1513 τοίνυν
2446 1454 2735 1536 παράδοξον
2787 1457 2883 1524 τὴς
2954 1455 3287 1531 μεταθέσεως
3345 1456 3511 1513 θέλων
3588 1456 3869 1535 δηλῶσαι,

482 1555 867 1631 przeparatur,
899 1555 957 1607 et
987 1564 1261 1608 vocamur
1291 1566 1499 1610 omnes
1548 1550 1619 1611 ad
1663 1571 1913 1629 regnum
1964 1556 2123 1635 quod

2210 1544 2443 1623 ἀνάγκην
2498 1548 2560 1602 τὸ
2617 1551 2835 1623 πρᾶγμα
2879 1544 3155 1621 ὠνόμασεν
3191 1564 3202 1577 ’
3238 1547 3311 1609 ὡς
3356 1545 3419 1601 ἂν
3462 1546 3610 1603 εἴποι
3641 1568 3748 1622 τις,
3773 1547 3871 1601 ὅτι

480 1638 638 1700 Deus
660 1636 1007 1718 praeparavit
1037 1642 1173 1696 ante
1201 1636 1406 1696 mundi
1440 1637 1729 1716 originem
1756 1633 2119 1707 hominibus:

2210 1635 2297 1691 καὶ
2353 1634 2431 1710 μὴ
2488 1633 2801 1711 βουλόμενοι
2848 1637 2894 1692 οἱ
2939 1633 3222 1701 ’Ἕλληνες
3266 1634 3481 1715 ἀφεῖναι
3525 1636 3590 1691 τὰ
3633 1634 3871 1715 εἴδωλα,

477 1729 584 1790 sed
615 1728 713 1789 alii
766 1725 1003 1807 quidem
1060 1733 1304 1805 pr0pter
1347 1727 1652 1806 sapientiae
1698 1729 2122 1808 curiositatem,

2212 1725 2299 1780 καὶ
2354 1724 2452 1791 τὴν
2495 1723 2718 1804 τρυφὴν,
2765 1722 2913 1799 ὅμως
2957 1724 3058 1781 ὑπὸ
3100 1725 3200 1789 τῆς
3252 1721 3503 1791 ἀληθείας
3554 1733 3647 1781 τοῦ
3687 1726 3873 1804 κηρύ-

481 1819 577 1881 alii
610 1836 747 1879 vero
776 1823 1019 1896 propter
1067 1832 1269 1875 rerum
1306 1822 1680 1878 terrenarum
1713 1819 2124 1898 cupiditatem,

2212 1835 2416 1893 γματος
2456 1813 2865 1891 ἠναγκάσθησαν
2913 1820 3076 1869 ταῦτα
3120 1826 3335 1891 φυγεῖν.
3397 1813 3631 1877 ’Ἄλλως
3656 1836 3716 1869 τε
3747 1817 3867 1890 καὶ,

481 1908 580 1971 alii
637 1916 830 1968 autem
896 1913 1137 1985 propter
1195 1906 1594 1968 carnalitatem
1656 1927 1773 1969 non
1829 1927 2124 1973 meremur

2212 1904 2247 1971 ἡ
2305 1900 2519 1978 δύναμις
2578 1909 2684 1958 τῶν
2742 1902 2978 1975 σημείων
3062 1901 3305 1979 μεγάλην
3366 1903 3564 1982 ἐπῆγεν
3621 1904 3870 1981 ἀνάγκην

481 1997 649 2060 illud.
683 1997 757 2057 At
792 1996 900 2058 Dei
954 1993 1367 2055 misericordia
1412 1996 1545 2058 aliis
1578 1998 1991 2076 peccatoribus
2016 2003 2130 2063 hoc

483 2085 747 2163 largitur,
781 2082 880 2163 qui
913 2082 1053 2143 caeci
1081 2081 1437 2144 mentalibus
1487 2085 1673 2146 oculis
1704 2096 1868 2168 sunt,
1902 2098 1961 2149 et
2010 2109 2129 2152 non

480 2173 817 2251 intelligunt
860 2189 993 2251 quae
1040 2172 1114 2231 sit
1154 2171 1422 2233 voluntas
1468 2174 1598 2248 Dei,
1650 2176 1739 2236 vel
1793 2176 2131 2258 intelligunt

481 2261 743 2342 quidem,
772 2260 875 2320 sed
901 2258 1095 2320 claudi
1126 2268 1283 2333 sunt,
1313 2268 1371 2321 et
1397 2261 1469 2321 ad
1492 2266 1860 2342 operaudum
1893 2269 2041 2329 tardi
2060 2287 2128 2330 ac

479 2349 840 2429 immobiles,
891 2357 949 2409 et
994 2346 1235 2408 omnino
1294 2348 1525 2412 debiles
1574 2370 1641 2413 ac
1696 2371 2006 2435 pauperes,
2055 2377 2126 2419 eo

480 2438 633 2520 quod
666 2456 922 2518 superna
950 2435 1142 2516 gloria
1171 2436 1722 2521 exciderint,neque
1754 2444 2124 2508 immaculata

481 2530 595 2590 vita
625 2526 930 2608 conspicui
962 2526 1200 2586 fuerint.
1251 2526 1373 2587 Illis
1403 2528 1579 2607 igitur
1629 2534 2035 2609 peccatoribus
2064 2536 2124 2597 in

482 2617 614 2680 latis
644 2636 713 2679 ac
734 2616 1007 2697 spatiosis
1030 2624 1405 2696 peccatorum
1433 2618 1536 2679 viis
1568 2619 1927 2703 errantibus,
1949 2624 2127 2686 mittit

478 2707 650 2769 Pater
678 2706 888 2769 Filium
921 2724 1091 2767 suum
1123 2704 1195 2766 ad
1229 2724 1454 2767 coenam
1491 2707 1861 2792 invitantem,
1895 2714 1997 2793 qui
2026 2733 2125 2776 se-

477 2798 738 2859 cundum
771 2812 1009 2856 carnem
1044 2811 1251 2855 servus
1282 2794 1414 2870 fuit,
1432 2796 1532 2877 qui
1558 2817 1676 2859 non
1699 2798 1936 2862 venitut
1958 2814 2124 2867 vocet

2212 1999 2303 2050 τοῦ
2352 1988 2713 2068 ’μετατεθῆναι
2774 1994 2846 2057 εἰς
2902 1993 2997 2060 τὴν
3055 1991 3147 2048 τοῦ
3228 1998 3451 2070 Χριστοῦ
3509 1994 3705 2055 πίστιν,
3761 1996 3868 2050 Καὶ

2212 2084 2542 2149 καθεκοίστην
2585 2079 2638 2136 δὲ
2683 2084 2711 2137 ὁ
2755 2078 2969 2145 δεῖπνος
3022 2081 3175 2144 οὗτος
3230 2083 3586 2157 ἑτοιμάζεται,
3640 2084 3728 2138 καὶ
3756 2104 3865 2138 κα-

2213 2171 2438 2245 λούμεθα
2491 2171 2684 2234 πάντες
2742 2172 2814 2235 εἰς
2870 2171 2964 2239 τὴν
2996 2169 3290 2247 βασιλείαν,
3339 2171 3405 2239 ἢν
3448 2174 3535 2226 καὶ
3564 2173 3665 2251 πρὸ
3694 2193 3866 2228 κατα-

2210 2259 2375 2336 βολῆς
2418 2260 2620 2336 κόσμου
2661 2262 2949 2336 ἡτοίμασεν
2981 2262 3008 2316 ὁ
3040 2260 3171 2324 Θεὸς
3199 2272 3317 2322 τοῖς
3343 2260 3639 2338 ἀνθρώποις
3673 2277 3686 2291 ’
3736 2261 3864 2317 ἀλλ’

2210 2352 2258 2406 οἱ
2300 2351 2397 2426 μὲν
2440 2348 2523 2407 διὰ
2568 2350 2753 2430 σοφίας
2806 2350 3130 2429 περιεργίαν,
3176 2352 3223 2404 οἱ
3254 2346 3308 2404 δὲ
3352 2347 3435 2405 διὰ
3464 2348 3765 2430 φιλοὺλίαν,
3810 2360 3862 2411 οἱ

2208 2437 2261 2495 δὲ
2302 2438 2385 2495 διὰ
2430 2440 2771 2520 φιλοσαρκίαν
2820 2441 2914 2495 οὐκ
2955 2436 3239 2514 ἆξιούμεθα
3300 2439 3520 2506 ταύτης’
3578 2442 3612 2507 ἡ
3658 2439 3714 2494 δὲ
3768 2443 3864 2497 τοῦ

2210 2537 2340 2587 Θεοῦ
2423 2529 2784 2609 φιλανθρωπία
2868 2528 3065 2607 ἑτέροις
3144 2526 3491 2608 ἁμαρτωλοῖς
3582 2530 3859 2607 χαρίζεται

2207 2619 2425 2693 ταύτην,
2482 2618 2705 2699 τυφλοῖς
2735 2619 2828 2681 τὰς
2860 2619 3054 2685 νοητὰς
3087 2616 3254 2693 ὄψεις,
3305 2618 3383 2694 μὴ
3430 2632 3652 2673 συνιεῖσι
3694 2620 3745 2673 τί
3796 2622 3862 2673 τὸ

2205 2706 2414 2783 θέλημα
2460 2715 2550 2764 τοῦ
2617 2714 2769 2779 Θεοῦ,
2830 2706 2864 2775 ἢ
2936 2719 3159 2762 συνιεῖσι
3218 2706 3339 2782 μὲν,
3388 2705 3601 2784 χωλοῖς
3630 2704 3683 2761 δὲ
3713 2707 3855 2778 οὖσι,

2208 2799 2292 2853 καὶ
2344 2797 2648 2864 ἀιινητοῠσι
2704 2798 2835 2875 πρὸς
2881 2796 2942 2851 τὸ
2969 2797 3218 2874 πράττειν
3251 2802 3405 2852 τοῦτο
3431 2810 3445 2823 ·
3497 2796 3586 2852 καὶ
3620 2795 3860 2859 συνόλως

472 2887 688 2966 justos,
722 2885 827 2946 sed
876 2892 1238 2963 peccatores,
1275 2883 1599 2965 invitatque
1647 2906 1748 2951 eos
1795 2888 2124 2955 liberaliter

2210 2900 2454 2966 πτωχοῖς
2512 2886 2838 2944 ἀποπεσουσι
2895 2888 2994 2952 τῆς
3026 2884 3135 2941 ἄνω
3177 2882 3334 2951 δόξης
3369 2904 3383 2917 ·
3418 2885 3504 2939 καὶ
3534 2884 3857 2963 ἆναπήροις,

476 2994 601 3055 pra;
625 2975 818 3036 doctis
839 2973 956 3033 illis
979 2981 1036 3034 et
1056 2970 1367 3072 divitibus,
1402 2982 1459 3072 et
1479 2975 2119 3072 carniindulgentibus.

2210 2973 2434 3052 ἄμωμον
2488 2977 2581 3031 τὸν
2612 2976 2811 3031 ἑαυτῶν
2840 2974 2954 3050 βῖον
2982 2976 3061 3049 μὴ
3119 2971 3565 3048 ἐπιδεικνυμένοις
3599 2993 3613 3008 ·
3647 2974 3858 3035 τούτοις

475 3065 676 3128 Multis
705 3070 897 3124 autem
934 3060 1175 3122 morbos
1206 3069 1265 3122 et
1292 3063 1552 3140 pericula
1575 3065 2122 3145 immittendo,facit

2210 3071 2294 3121 οὖν
2337 3078 2455 3127 τοῖς
2511 3062 2853 3143 ἁμαρτωὶοῖς
2909 3064 2981 3125 εἰς
3042 3063 3137 3126 τὰς
3178 3060 3454 3133 πλατείας,
3500 3064 3587 3119 καὶ
3619 3064 3859 3142 εὐρυχώ-

477 3172 579 3215 eos
613 3154 787 3214 etiam
819 3151 1242 3240 involuntarios
1266 3152 1609 3215 renuntiare
1639 3153 1775 3215 huic
1805 3156 1956 3239 vitm,
1981 3160 2118 3240 qui-

2210 3176 2323 3233 ρους
2382 3151 2533 3218 ὁδοὺς
2589 3157 2688 3220 τῆς
2747 3153 3005 3231 ἁμαρτίας
3064 3152 3433 3228 πλανωμένοις
3491 3151 3783 3240 ἐπιπέμπει
3828 3157 3857 3208 ὁ

474 3242 585 3304 bus
617 3242 770 3303 novit
797 3238 1375 3318 judiciis,etinducit
1407 3241 1537 3301 illos
1565 3243 1635 3303 ad
1670 3262 1899 3306 ccenam
1924 3237 2115 3320 suam,

2210 3243 2383 3321 Πατὴρ
2439 3244 2528 3298 τὸν
2558 3240 2975 3319 δειπνοκλήτορα
3028 3239 3187 3298 αύτοὸ
3238 3242 3380 3321 ι’ίὸν,
3431 3242 3522 3296 τὸν
3552 3241 3639 3296 καὶ
3667 3237 3856 3298 δοῦλον

474 3333 890 3394 necessitatem
921 3329 1005 3389 eis
1034 3328 1255 3389 faciens
1285 3329 1778 3409 periclitationem
1809 3356 1824 3410 ;
1856 3343 1913 3396 et
1938 3336 2116 3416 hujus

2210 3332 2483 3410 γενόμενον
2539 3333 2674 3389 κατὰ
2728 3330 2919 3409 σάρκα,
2964 3330 3055 3386 τὸν
3098 3330 3176 3405 μὴ
3205 3327 3434 3393 δικαίους
3482 3327 3699 3385 ἐλθόντα
3742 3351 3850 3384 κα-

474 3419 746 3499 exempla
778 3418 960 3479 multa
990 3424 1148 3477 sunt.
1200 3416 1388 3479 Docet
1436 3426 1632 3480 autem
1692 3440 1800 3482 nos
1849 3424 2123 3502 parabola

2210 3420 2376 3495 λέσαι,
2438 3419 2574 3477 ἄλλα
2616 3416 2961 3498 ἁμαρτωλούς
2996 3435 3009 3448 ·
3074 3420 3161 3475 καὶ
3199 3417 3345 3492 ἐστιᾷ
3399 3419 3611 3482 τούτους
3641 3416 3852 3498 φιλοτί-

474 3511 601 3572 haec
651 3506 1001 3587 simplicius,
1065 3505 1420 3585 pauperibus
1477 3518 1533 3569 et
1584 3508 1885 3574 debilibus
1931 3515 2123 3592 potius

2210 3532 2320 3585 μως
2376 3508 2492 3565 ἀντ’
2535 3510 2746 3566 ἐκείνων
2788 3515 2893 3565 τῶν
2936 3513 3244 3588 γνωστικῶν
3288 3509 3375 3564 καὶ
3425 3506 3716 3588 πλουσίων,
3763 3512 3853 3565 καὶ

475 3598 732 3661 dandum
764 3614 937 3676 quam
990 3593 1289 3669 divitibus,
1324 3596 1379 3656 id
1415 3596 1570 3676 quod
1617 3606 1674 3658 et
1730 3600 1901 3679 paulo
1951 3613 2124 3665 antea

2210 3605 2274 3675 τῇ
2327 3600 2478 3678 σαρκὶ
2530 3598 2920 3678 χαριζομένων.
2958 3595 3192 3661 Πολλοῖς
3246 3595 3301 3653 δὲ
3368 3600 3457 3654 καὶ
3513 3596 3699 3662 νόσους
3728 3598 3849 3654 ἐπι-

475 3688 897 3756 admonuerat,
960 3690 1273 3763 pr0pterea
1328 3684 1485 3746 istud
1564 3686 1794 3749 videtur
1845 3691 2124 3769 parabola

2210 3688 2432 3763 πέμπων
2486 3690 2573 3745 καὶ
2643 3686 2931 3763 κινδύνους,
3007 3700 3157 3744 ποιεῖ
3213 3688 3400 3751 αὖτοὺς
3470 3689 3556 3744 καὶ
3626 3687 3852 3752 ἄκοντας

478 3778 701 3855 dicere,
734 3792 839 3855 per
870 3774 977 3835 hoc
1010 3772 1357 3833 credibilius
1387 3773 1613 3835 faciens
1652 3794 1943 3857 pauperes
1972 3800 2121 3842 con-

2210 3778 2560 3843 ἀποτάξασθαι
2607 3784 2683 3851 τῷ
2733 3779 2853 3854 βίῳ,
2917 3778 3007 3841 οἷς
3050 3777 3297 3856 κρίμασιν
3337 3775 3479 3852 οἶδε,
3524 3779 3611 3833 καὶ
3654 3780 3853 3856 εἰσάγει

477 3866 629 3928 vivio
660 3863 1065 3943 excipiendos.
1105 3862 1395 3922 Discimus
1445 3872 1501 3924 et
1547 3863 1730 3938 aliud,
1765 3865 1988 3930 debere
2018 3890 2127 3932 nos

480 3960 559 4019 ita
590 3974 722 4017 esse
756 3953 982 4014 alacres
1013 3960 1070 4012 et
1099 3950 1375 4013 liberales
1404 3953 1475 4012 ad
1509 3951 1754 4015 fratrum
1782 3959 2122 4038 susceptio-

481 4065 641 4118 nem,
693 4060 759 4107 ut
810 4044 987 4103 etiam
1041 4041 1310 4101 nolentes
1366 4060 1644 4121 cogamus
1695 4052 1760 4105 ut
1809 4048 2128 4129 participes

482 4138 625 4199 ﬂant
658 4141 993 4194 nostrorum
1026 4130 1341 4191 bonorum.
1375 4132 1497 4191 Hoc
1529 4139 1589 4192 et
1630 4133 1895 4213 magistri
1924 4137 2129 4200 admo—

481 4234 757 4298 neantur,
791 4220 946 4301 quod
983 4236 1178 4299 operai
1210 4219 1464 4298 pretium
1497 4221 1571 4281 sit
1603 4221 1930 4304 discipulos
1947 4226 2123 4289 etiam

486 4316 756 4377 nolentes
784 4312 1001 4373 docere
1031 4327 1097 4368 ea
1129 4326 1260 4387 quae
1289 4308 1431 4387 ipsis
1464 4310 1840 4374 conveniant.

2147 4325 2191 4376 Ι)
2208 4335 2303 4394 γου
2345 4313 2616 4391 παραινῶν

2204 3868 2390 3930 αὐτοὺς
2450 3868 2520 3933 εἷς
2576 3868 2666 3924 τὸν
2709 3864 2923 3924 δεῖπνον
2968 3866 3146 3946 αύτοῦ,
3191 3866 3429 3945 ἀνάγκην
3474 3870 3655 3929 αὐτοῖς
3715 3867 3853 3923 ἐπάο

2204 3978 2314 4034 γων
2364 3965 2464 4023 τὴν
2522 3958 2624 4013 τῶν
2689 3955 2936 4011 κινδύνων
2980 3953 3235 4033 ἐπιφοράν
3270 3972 3285 3986 ⁸
3317 3956 3407 4011 καὶ
3434 3956 3622 4012 τούτου
3646 3957 3712 4013 τὰ
3738 3978 3853 4013 πα-

2209 4042 2531 4125 ραδείγματα
2587 4043 2786 4105 πολλά.
2849 4042 3093 4101 Διδάσκει
3153 4042 3207 4100 δὲ
3262 4046 3407 4120 ἡμᾶς
3457 4046 3545 4101 καὶ
3602 4047 3739 4102 κατὰ
3793 4049 3857 4102 τὸ

2208 4132 2563 4213 ἁπλούστερον
2617 4136 2652 4202 ἡ
2709 4130 2989 4213 παραϐολή
3032 4145 3151 4197 τοῖς
3195 4133 3387 4200 πένησι
3438 4135 3526 4190 καὶ
3562 4134 3855 4213 ἆναπήροις

2208 4224 2513 4303 χαρίζεσθαι
2572 4222 2773 4298 μᾶλλον
2817 4223 2853 4291 ἢ
2908 4236 3028 4286 τοῖς
3088 4222 3381 4302 πλουσίοις,
3415 4224 3443 4278 ὃ
3487 4224 3571 4281 καὶ
3604 4226 3708 4302 πρὸ
3736 4223 3855 4280 ὀλί-

2623 4359 2639 4392 ,
2685 4310 2769 4368 διὰ
2820 4320 2974 4368 τοῦτο
3017 4313 3143 4370 αὐτὸ
3198 4310 3349 4369 δοκεῖ
3404 4312 3502 4379 τὴν
3545 4311 3855 4391 παραϐολὴν

512 4410 526 4429 ,
886 4402 897 4421 ,
1046 4421 1060 4431 ,
1099 4396 1120 4415 κ
1151 4400 1159 4411 .
1294 4399 1304 4417 ρ
1470 4398 1494 4416 η
1641 4402 1653 4417 ς
1935 4406 1945 4421 ,
2012 4403 2034 4423 ,ς
2067 4410 2091 4419 -
2238 4411 2264 4420 -
2534 4400 2558 4419 ,μ
2720 4401 2735 4419 .
3198 4402 3211 4419 κ

484 4418 680 4477 ειπεῖν,
714 4421 1059 4475 πιστούμενος
1092 4418 1175 4453 οια
1214 4420 1433 4476 ταυτης,
1468 4420 1547 4454 οτι
1580 4422 1697 4464 τους
1728 4425 1978 4483 πτωχούς
2007 4422 2086 4462 οει
2120 4405 2321 4476 ἐστιᾳν,
2385 4403 2480 4460 Καὶ
2528 4399 2658 4458 αλλο
2688 4398 2742 4456 δε
2772 4402 3129 4477 μανθάνομεν,
3162 4421 3224 4457 το
3254 4399 3482 4481 ὀφείλειν
3514 4400 3680 4465 οὕτως
3711 4402 3855 4459 εἶναι

484 4496 763 4574 πρόθυμοι,
805 4492 889 4547 καὶ
911 4488 1180 4568 φιλότιμοι
1212 4489 1327 4566 περὶ
1358 4489 1453 4555 τὴν
1487 4488 1761 4569 ὃποδοχὴν
1790 4500 1894 4547 τῶν
1926 4492 2187 4575 ἀδελφῶν,
2220 4495 2357 4551 ὥστε
2388 4493 2477 4548 καὶ
2508 4491 2586 4566 μὴ
2616 4489 2861 4555 θέλοντας
2913 4491 3223 4570 ἆνργκὰζειν
3253 4491 3386 4569 πρὸς
3418 4493 3479 4547 τὸ
3507 4488 3859 4567 μεταλαμϐά-

485 4608 589 4641 νειν
621 4589 723 4639 τῶν
754 4580 1027 4659 ἡμετέρων
1057 4577 1288 4655 ἀγαθῶν.
1324 4584 1486 4633 Τοῦτο
1516 4579 1603 4634 καὶ
1632 4593 1749 4642 τοῖς
1782 4579 2076 4641 διδάσκουσι
2108 4584 2321 4663 μεγάλη
2351 4580 2606 4654 νουθεσία,
2639 4579 2775 4636 ὥστε
2804 4580 2897 4636 καὶ
2918 4578 3144 4643 ἄκοντας
3174 4579 3296 4643 τοὺς
3325 4581 3567 4654 μαθητὰς
3590 4577 3859 4638 παιδεύειν

481 4697 542 4732 το
570 4693 709 4732 οεον.

566 4761 748 4825 Vnus.
783 4758 1000 4819 25-27.
1040 4781 1064 4810 α
1111 4755 1280 4816 [bant
1308 4762 1501 4816 autem
1545 4758 1733 4819 turbae
1762 4761 1961 4822 multae
1989 4781 2122 4824 cum

486 4873 577 4927 eo,
615 4859 673 4912 et
703 4865 1021 4912 conversus
1052 4845 1205 4906 dixit
1235 4844 1306 4905 ad
1338 4844 1471 4906 illos
1513 4866 1525 4908 :
1579 4845 1637 4909 Si
1683 4849 1816 4927 quis
1862 4852 2023 4912 venit
2050 4852 2121 4913 ad

487 4961 604 5016 me,
641 4959 751 5001 nec
784 4938 905 4999 odit
935 4944 1159 5017 patrem
1186 4952 1356 4996 suum
1390 4953 1457 4998 ac
1487 4944 1759 5019 matrem,
1792 4947 1851 5001 et
1880 4959 2122 5002 uxorem

485 5051 553 5092 ac
585 5030 758 5101 tilios,
796 5035 855 5089 et
885 5028 1094 5087 fratres
1125 5031 1185 5084 et
1211 5041 1469 5103 sorores,
1521 5035 1806 5105 praeterea
1841 5040 2036 5091 autem
2069 5039 2126 5092 et

484 5119 740 5182 animam
772 5134 960 5196 suam,
996 5133 1112 5174 non
1152 5120 1343 5193 potest
1382 5132 1549 5173 meus
1581 5133 1714 5177 esse
1745 5117 2070 5198 discipulus
2103 5141 2116 5184 :

486 5220 543 5271 et
572 5206 838 5290 quisquis
858 5223 973 5265 non
1001 5202 1221 5281 bajulat
1251 5219 1487 5263 crucem
1512 5221 1676 5265 suam
1711 5215 1767 5267 et
1795 5207 1952 5268 venit
1996 5218 2127 5287 post

486 5317 606 5371 me,
639 5316 757 5359 non
791 5300 980 5375 potest
1010 5309 1177 5352 meus
1212 5309 1343 5353 esse
1382 5290 1732 5373 discipulus.
1769 5321 1794 5350 »
1831 5295 2119 5368 Quoniam

486 5389 654 5449 multi
673 5385 837 5448 ibant
857 5401 989 5444 cum
1008 5380 1172 5456 Jesu,
1197 5379 1299 5461 qui
1319 5399 1437 5441 nen
1462 5400 1601 5443 cum
1636 5387 1794 5446 omni
1817 5385 2121 5449 alacritate

483 5487 541 5538 et
566 5475 903 5538 obedientia
932 5471 1353 5552 sequebantur,
1383 5470 1486 5529 sed
1536 5472 1869 5552 frigidiores
1908 5484 2117 5544 erant;

485 5567 657 5629 docet
686 5583 788 5627 eos
817 5561 1054 5644 qualem
1092 5567 1357 5640 oporteat
1406 5560 1545 5620 400
1592 5580 1725 5625 esse
1762 5564 2117 5646 discipulum

2295 4784 2318 4819 ιι
2355 4759 2770 4840 Συνεπορεύοντο
2812 4756 2867 4814 δὲ
2924 4761 3067 4833 αὖτῷ
3096 4758 3255 4840 ὄχλοι
3298 4757 3512 4841 πολλοὶ,
3559 4760 3647 4815 καὶ
3688 4780 3856 4838 στραε

2207 4853 2318 4932 φεὶς
2377 4850 2504 4906 εἶπε
2549 4850 2678 4929 πρὸς
2711 4849 2899 4913 αύτούς
2934 4867 2950 4885 ·
3015 4850 3082 4907 Ei’
3124 4872 3205 4913 τις
3237 4848 3453 4930 ἔρχεται
3485 4850 3614 4929 πρός
3645 4869 3735 4928 με,
3767 4852 3854 4905 καὶ

2208 4945 2267 5001 οὐ
2309 4952 2462 5016 μισεῖ
2492 4939 2581 4994 τὸν
2610 4936 2810 5016 πατέρα
2841 4939 3020 5013 αὐτοῦ,
3075 4939 3163 4994 καὶ
3217 4938 3317 5005 τὴν
3360 4937 3565 5017 μητέρα
3618 4939 3707 4994 καὶ
3756 4938 3855 5005 τὴν

2208 5042 2459 5108 γυναῖκα,
2517 5027 2604 5083 καὶ
2646 5028 2712 5085 τὰ
2766 5026 2947 5107 τέκνα,
3006 5029 3093 5084 καὶ
3135 5028 3257 5091 τοὺς
3309 5023 3587 5107 ἀδελφοὺς,
3620 5028 3707 5083 καὶ
3761 5029 3855 5090 τὰς

2204 5116 2454 5198 ἀδελφὰς,
2516 5116 2591 5172 ἔτι
2635 5115 2691 5171 δὲ
2734 5116 2823 5171 καὶ
2878 5118 2973 5185 τὴν
3025 5117 3212 5173 ἑαυτοῦ
3280 5119 3491 5196 ψυχὴν,
3536 5133 3594 5174 ου
3646 5114 3858 5173 δύναταί

2204 5228 2306 5281 μου
2357 5206 2499 5263 εἶναι
2532 5206 2776 5281 μαθητής
2814 5223 2827 5238 ·
2876 5206 2963 5261 καὶ
2993 5203 3140 5270 ὅστις
3184 5204 3244 5260 οὗ
3273 5204 3521 5281 βαστάζει
3552 5206 3644 5264 τὸν
3685 5227 3854 5261 σταυ-

2204 5298 2291 5375 ρὸν
2353 5294 2533 5369 αὐτοῦ,
2579 5296 2667 5350 καὶ
2727 5293 2945 5373 ἔρχεται
2989 5294 3161 5350 ὀπίσω
3218 5316 3343 5369 μου,
3404 5296 3463 5351 ού
3504 5293 3713 5351 δύναται
3752 5317 3856 5370 μου

2204 5385 2345 5442 εἶναι
2389 5386 2657 5461 μαθητής,
2696 5408 2723 5439 ι
2783 5381 3003 5452 Ἐπειδὴ
3058 5382 3249 5441 πολλοὶ
3290 5388 3397 5441 τῶν
3445 5383 3853 5464 συμπορευομί-

2204 5498 2305 5530 νων
2347 5475 2424 5548 τῷ
2468 5474 2668 5553 Ἰησοῦ,
2720 5476 2778 5531 οὖ
2814 5474 2905 5529 σὺν
2938 5476 3197 5553 προθυμίᾳ
3241 5473 3410 5549 πάσῃ,
3457 5475 3544 5529 καὶ
3601 5474 3852 5552 ἀποταγξ,

2202 5562 2537 5634 ἠκολούθουν,
2614 5563 2747 5619 ἀλλὰ
2822 5564 3175 5643 ψυχρότερον
3226 5561 3502 5642 διέκειντο,
3589 5561 3850 5621 διδάσκων
