4116 6212
226 281 333 352 941

948 285 1392 354 ENARRATIO
1434 284 1514 354 IN
1559 280 2063 354 EVANGELIUM
2102 283 2336 357 mea).
2384 328 2463 339 -
2506 282 2673 357 CAP.
2721 294 2881 357 xw.

3504 286 3622 361 942

234 424 419 489 αὖτοὺς
477 424 598 481 οἷον
641 423 725 481 δεῖ
752 426 845 481 τὸν
874 425 1125 499 μαθητὴν
1156 424 1316 483 αὖτοῦ
1346 424 1512 501 εῖναι,
1546 423 1881 504 ἀποφαίνεται

1974 442 2168 493 suum.
2203 444 2272 490 ac
2300 430 2476 491 veluti
2494 428 2775 490 informat
2804 438 2861 491 et
2880 430 3146 511 depingit
3176 452 3620 516 eum,asserens

232 515 352 592 περὶ
401 514 612 585 τούτου,
676 516 763 571 καὶ
816 515 938 571 οἷον
996 512 1247 571 διατυποῖ
1291 515 1474 586 αὑτὸν,
1508 515 1596 570 καὶ
1624 521 1896 593 ζωγραφεῖ

233 604 615 681 εἰσηγούμενος
672 602 787 661 δεῖν
846 606 1003 662 αὐτὸν
1060 616 1240 678 μισεῖν
1297 604 1357 660 οὖ
1399 605 1560 678 μόνον
1607 604 1727 666 τοὺς
1762 602 1890 669 ἕξω-

230 696 319 748 θεν
350 692 490 767 αὐτῷ
519 693 913 773 ᾡκειωμένους,
959 690 1098 749 ἀλλὰ
1144 694 1230 749 καὶ
1288 693 1387 761 τὴν
1440 694 1623 748 ἑαυτοῦ
1681 695 1889 773 ψυχήν.

229 781 371 860 ’Ὂρα
403 779 457 837 δὲ
502 783 580 857 μὴ
635 786 1004 862 ωναρπασθῇς
1046 788 1123 856 τῷ
1172 782 1319 859 ῥητῷ
1361 780 1544 846 ἁπλῶς
1574 782 1742 845 οὕτως
1802 784 1890 839 καὶ

232 870 700 945 ἆιεπιστημόνως.
791 874 863 929 Οὖ
918 871 1041 948 ’γὰρ
1111 870 1487 948 ἀπανθρωπίαν
1557 867 1790 927 διδάσκει
1862 874 1890 927 6

230 960 621 1041 φιλάνθρωπος,
682 960 799 1019 οὐδὲ
854 960 1260 1041 διαψειρίζεσθαι
1348 961 1564 1024 ἑαυτοὺς
1626 964 1886 1029 νουθετεῖ,

233 1049 373 1107 ἀλλὰ
416 1050 505 1108 τόν
563 1075 621 1131 γε
692 1052 913 1129 γνήσιον
960 1051 1114 1107 αὗτοὸ
1174 1052 1417 1126 μαθητήν
1479 1048 1727 1127 βούλεται
1771 1052 1891 1108 τότε

233 1152 416 1213 μισεῖν
460 1140 581 1203 τοὺς
623 1142 759 1196 κατὰ
800 1139 952 1217 γένος
1012 1140 1254 1211 οἰκείους,
1289 1137 1378 1195 ὅτε
1425 1141 1557 1216 πρὸς
1588 1138 1888 1197 θεοσέϐειαν

234 1230 377 1302 αὒτῷ
432 1228 760 1304 ἐμποδίζοιεν
803 1230 889 1285 καὶ
948 1227 1033 1284 διὰ
1086 1230 1185 1295 τὴν
1247 1229 1379 1307 πρὸς
1436 1229 1622 1292 αὐτοὺς
1700 1230 1890 1309 σχέσιν

232 1317 493 1374 κωλύοιτο
538 1320 694 1381 αὐτὸς
738 1319 799 1373 τὸ
840 1316 1007 1374 καλὸν
1053 1317 1294 1393 μετιέναι
1334 1334 1347 1348 '
1382 1317 1495 1374 ἐπεὶ
1528 1318 1679 1393 εἷμή
1712 1317 1887 1393 ἐμπο-

234 1404 439 1480 δίζοιεν,
484 1412 645 1482 τιμᾷν
690 1405 893 1482 μᾶλλον
955 1406 1084 1487 ἄχρι
1128 1412 1227 1474 τῆς
1275 1405 1582 1470 τελευταίας
1615 1406 1891 1475 ἂναπνοῆς

233 1493 489 1560 διδάσκει,
555 1498 650 1553 Καὶ
706 1502 822 1560 πῶς
868 1494 1147 1567 διδάσκεις
1202 1496 1302 1551 Διὰ
1332 1501 1433 1563 τῆς
1466 1498 1705 1572 μείζονος
1751 1495 1892 1555 διδα-

232 1583 478 1658 σκαλίας,
531 1586 695 1665 φημὶ,
748 1584 838 1642 διν
872 1588 947 1641 ὧν
1004 1585 1222 1663 ἔπραξεν
1268 1586 1425 1649 αὐτός
1458 1591 1473 1616 ‘
1530 1588 1617 1644 καὶ
1661 1586 1759 1665 γὰρ
1816 1594 1892 1661 τῷ

234 1672 453 1755 Ἰωσὴφ,
516 1677 688 1731 καίτοι
740 1674 857 1735 οὐδὲ
916 1676 1107 1753 κυρίως
1157 1676 1314 1731 αὖτοῦ
1370 1676 1528 1753 πατρὶ
1571 1673 1709 1755 ὄντι,
1754 1673 1890 1733 ἀλλὰ

232 1763 586 1839 νομιζομένῳ,
674 1768 741 1833 ἧν
823 1764 1284 1843 ὑποτασσόμενος,
1367 1764 1456 1821 καὶ
1516 1768 1615 1831 τῆς
1674 1766 1887 1843 Μητρὸς

231 1855 495 1920 τοσαύτην
531 1856 767 1911 ἐποιεῖτο
798 1854 877 1909 ἀεὶ
905 1855 1004 1921 τὴν
1036 1854 1308 1931 πρόνοιαν,
1348 1852 1487 1909 ὥστε
1548 1850 1663 1910 οὐδέ
1720 1875 1885 1912 σταυ-

233 1942 484 2019 ρούμενος
537 1941 779 2019 ἠμέλησε
819 1942 1046 2015 ταύτης,
1094 1939 1231 1998 ἀλλὰ
1284 1939 1558 2021 παρεδίδου
1614 1946 1693 2014 τῷ
1743 1942 1887 2020 ἠγα-

234 2031 461 2105 πημένῳ
519 2035 755 2109 μαθητῇ,
809 2037 931 2097 Πῶς
991 2034 1078 2089 οὗν
1131 2033 1158 2086 6
1215 2037 1380 2088 ταῦτα
1435 2028 1641 2096 διδάξας
1672 2030 1755 2087 διὰ
1780 2037 1887 2087 τῶν

234 2120 425 2201 ἔργων,
486 2122 638 2201 ἓτερα
668 2120 752 2178 διὰ
803 2128 910 2179 τῶν
957 2120 1131 2200 λόγων
1174 2122 1501 2199 εἶσηγοῖτο;
1547 2119 1698 2177 Ἀλλ’
1756 2119 1887 2200 ὅπερ

231 2210 390 2289 ἔφην,
442 2224 624 2286 μισεῖν
668 2213 811 2287 ἡμᾶς
854 2212 978 2274 τοὺς
1030 2223 1211 2289 γονεῖς
1256 2207 1589 2289 ἐντέλλεται,
1637 2210 1726 2267 ὅτε
1758 2212 1887 2275 Θεὸς

231 2302 291 2355 τὸ
348 2297 803 2375 κινδυνευόμενον,
868 2300 999 2358 Τότε
1056 2300 1156 2378 γὰρ
1230 2300 1291 2355 οὒ
1348 2305 1532 2376 γονεῦς
1590 2297 1888 2375 λογίζονται

233 2387 349 2445 0-586
381 2391 594 2465 οἰκεῖοι,
630 2392 763 2469 πρὸς
793 2390 893 2457 τὴν
940 2390 1191 2456 τοιαύτην
1241 2387 1501 2466 ὠιρέλειαν
1545 2390 1683 2462 ἡμῖν
1737 2389 1891 2445 ἀντι-ι

232 2478 538 2543 πίπτοντες.
603 2478 890 2538 Κᾶντεῠθεν
934 2476 988 2533 δὲ
1043 2475 1233 2551 δῆλον,
1294 2477 1323 2532 ὃ
1381 2476 1636 2557 λέγομεν,
1696 2476 1758 2533 ἐκ
1798 2485 1893 2535 τοῦ

232 2570 322 2624 καὶ
382 2568 480 2635 τὴν
537 2570 723 2626 ἑαυτου
777 2567 963 2648 ψυχὴν
1017 2566 1349 2625 ἐντέλλεσθαι
1395 2569 1579 2643 μισεῖν
1616 2583 1629 2597 ·
1675 2568 1888 2632 πάντως

233 2659 333 2736 γὰρ
392 2657 451 2713 οὗ
494 2667 647 2717 τοῦτο
703 2656 1063 2715 διακελεύεται
1128 2659 1189 2713 τὸ
1234 2658 1446 2721 ἑαυτοὺς
1492 2655 1884 2733 ἀποκτιννύναι,

231 2745 367 2802 ἀλλὰ
425 2749 484 2804 τὸ
527 2762 649 2811 ταῖς
681 2747 982 2823 ἐπιθυμίαις
1010 2752 1109 2813 τῆς
1141 2751 1325 2826 ψυχῆς
1368 2760 1489 2812 ταῖς
1532 2748 1886 2827 χωριζούσαις

229 2838 372 2909 ἡμᾶς
430 2845 522 2893 τοῦ
567 2843 697 2893 Θεοῦ
726 2836 1116 2892 ἀποτάσσεσθαι
1151 2850 1164 2865 ⁸
1214 2836 1302 2892 καὶ
1333 2838 1377 2892 εἱ
1421 2837 1697 2915 πρόκειται
1742 2858 1887 2915 μαρ-

229 2929 433 3006 τύριον,
481 2928 558 3000 μὴ
602 2927 890 3006 φροντίζειν
947 2927 1043 2994 τῆς
1077 2927 1286 3007 ψυχῆς.
1322 2926 1483 3002 μόνον
1515 2923 1728 3007 κέρδους
1759 2949 1887 3004 προσ

1975 522 2250 593 oportere
2281 535 2417 579 eum
2445 518 2584 579 odio
2616 516 2839 579 habere
2866 537 2985 580 non
3026 522 3217 583 solum
3250 542 3352 585 eos
3380 525 3478 604 qui
3511 544 3616 587 ex—

1974 608 2143 695 terna
2178 605 2573 695 familiaritate
2596 606 2790 685 juncti
2823 616 2982 683 sunt,
3017 609 3120 671 sed
3152 618 3211 673 et
3240 630 3404 675 suam
3432 614 3621 695 ipsius

1973 691 2265 783 animam.
2290 693 2445 756 Vide
2474 703 2670 757 autem
2703 714 2779 757 ne
2820 695 3018 759 littera
3062 718 3305 780 prorsus
3345 691 3620 783 imperite

1977 780 2063 861 (α)
2081 780 2554 863 abripiaris.Non
2581 784 2742 846 enim
2768 784 3258 850 inhumanitatem
3290 807 3345 852 et
3368 780 3622 855 crudeli-

1973 879 2150 933 tatem
2168 871 2342 934 docet
2361 873 2924 955 misericors,neque
2937 875 3071 937 sibii
3081 878 3168 957 psi
3184 880 3357 942 docet
3379 900 3619 943 manum

1975 959 2216 1041 inferre,
2253 961 2355 1023 sed
2393 962 2695 1042 proprium
2729 981 2902 1025 suum
2936 964 3295 1047 discipulum
3328 971 3451 1032 vult
3482 962 3620 1032 tunc

1975 1047 2112 1137 odio
2144 1050 2369 1112 habere
2395 1060 2673 1131 cognatos
2704 1070 2868 1133 suos,
2893 1054 3130 1135 quando
3162 1056 3234 1118 ad
3262 1057 3540 1137 pietatem
3565 1060 3620 1121 ei

1974 1136 2284 1200 obstaculo
2313 1148 2472 1219 sunt,
2505 1148 2565 1201 et
2594 1150 2837 1221 propter
2868 1136 3373 1207 necessitudinem
3398 1166 3432 1208 a
3452 1148 3622 1210 bonis

1973 1224 2254 1305 operibus
2288 1226 2691 1306 prohibetur:
2749 1230 3027 1310 quoniam
3076 1231 3185 1292 nisi
3237 1233 3618 1312 obsisterent,

1976 1315 2157 1406 magis
2187 1315 2567 1406 honorandos
2600 1317 2772 1379 docet
2804 1337 2991 1400 usque
3020 1320 3091 1382 ad
3140 1330 3466 1386 extremum
3498 1327 3621 1406 spi-

1972 1402 2177 1467 ritum.
2212 1404 2279 1465 Et
2328 1408 2627 1487 quomodo
2660 1406 2885 1471 docet?
2914 1406 3031 1471 Per
3058 1411 3348 1491 majorem
3397 1402 3620 1477 doctri-

1974 1511 2135 1585 nam,
2168 1494 2431 1585 inquam,
2468 1515 2685 1576 nempe
2735 1515 2843 1577 per
2894 1516 2963 1559 ea
3011 1517 3142 1579 quae
3185 1511 3463 1582 operatus
3490 1514 3619 1585 est;

1974 1582 2099 1662 ipso
2132 1583 2291 1645 enim
2325 1592 2383 1645 et
2409 1586 2653 1674 Joseph,
2688 1587 2954 1667 quamvis
2985 1607 3101 1650 non
3144 1599 3301 1652 esset
3349 1582 3624 1674 proprius

1913 1717 1952 1767 Β
1974 1690 2213 1753 parens,
2247 1674 2352 1735 sed
2387 1673 2781 1767 existimatus,
2816 1675 3111 1739 obediens
3143 1679 3252 1741 fuit
3288 1699 3301 1743 :
3335 1690 3394 1743 et
3420 1673 3623 1745 Matris

1972 1778 2094 1822 suae
2128 1768 2344 1822 tantam
2377 1779 2619 1842 semper
2677 1763 2796 1842 egit
2845 1783 3071 1842 curam,
3121 1776 3182 1827 ut
3240 1786 3431 1849 neque
3464 1788 3620 1831 'cum

1971 1850 2443 1929 crucifigeretur,
2478 1871 2608 1914 eam
2658 1853 3006 1935 negligeret,
3042 1856 3147 1917 sed
3188 1860 3623 1928 commendavit

1971 1940 2264 2030 discipulo
2295 1960 2475 2021 quem
2508 1940 2814 2020 diligebat.
2863 1942 3170 2015 Quomodo
3215 1947 3391 2025 igitur
3441 1951 3489 2009 is
3521 1951 3622 2030 qui

1970 2029 2094 2091 haec
2128 2048 2233 2110 per
2248 2048 2428 2110 opera
2456 2030 2675 2107 docuit,
2703 2032 2818 2093 alia
2839 2033 3215 2097 sermonibus
3235 2029 3624 2103 asseveravit?

1972 2117 2066 2193 At,
2094 2119 2247 2181 sicut
2276 2118 2418 2193 dixi,
2455 2119 2718 2200 praecipit
2756 2139 2865 2182 nos
2891 2121 3032 2184 odio
3063 2121 3287 2185 habere
3320 2135 3619 2205 parentes,

1972 2208 2207 2288 quando
2232 2207 2291 2269 in
2320 2208 2481 2270 cultu
2506 2208 2608 2270 Dei
2630 2208 2959 2289 periculum
2987 2219 3097 2274 est.
3121 2209 3289 2274 Tunc
3315 2214 3474 2275 enim
3505 2234 3621 2278 non

1976 2306 2251 2378 parentes
2297 2306 2638 2372 censentur,
2686 2316 2883 2379 neque
2915 2299 3263 2379 familiares,
3307 2304 3356 2365 si
3403 2304 3463 2365 in
3510 2306 3623 2368 hoc

1975 2387 2149 2447 nobis
2172 2386 2483 2449 obsistant.
2519 2390 2590 2450 Et
2607 2386 2745 2449 hinc
2768 2388 3145 2451 manifestum
3166 2390 3322 2471 quod
3342 2392 3620 2459 dicimus.

1973 2473 2117 2536 Nam
2148 2494 2282 2536 cum
2312 2483 2571 2537 nostram
2604 2475 2864 2537 animam
2911 2478 3045 2539 odio
3076 2478 3299 2542 habere
3330 2483 3620 2564 praecipit,

1973 2564 2216 2625 omnino
2248 2584 2368 2625 non
2402 2564 2690 2646 praecipit,
2737 2574 2798 2627 ut
2836 2565 3156 2648 nobisipsis
3186 2578 3437 2631 mortem
3470 2590 3620 2633 con-

1970 2652 2317 2727 sciscamus,
2371 2653 2473 2714 sed
2529 2663 2591 2716 ut
2650 2654 3062 2717 renuntiemus
3115 2658 3623 2739 concupiscentiis

1970 2744 2203 2810 animae.
2225 2761 2357 2822 qua:
2377 2761 2484 2803 nos
2507 2752 2780 2823 separant
2797 2761 2830 2804 a
2858 2742 2982 2805 Deo
3009 2765 3022 2819 ;
3059 2744 3287 2807 etiamsi
3306 2747 3617 2826 perferen-

1969 2833 2107 2894 dum
2161 2831 2530 2911 martyrium,
2584 2850 2701 2893 non
2757 2832 3020 2894 curanda
3073 2834 3292 2915 anima,
3339 2836 3616 2915 quoniam

1970 2928 2318 3001 perpetuum
2352 2920 2579 2981 lucrum
2614 2920 2984 2999 proponitur.
3024 2920 3147 2983 Hoc
3163 2923 3324 2983 enim
3351 2926 3615 3006 estquod

228 3016 474 3089 κειμένου
530 3017 764 3078 αἰωνίου.
828 3007 959 3075 ’Ὁτι
996 3014 1049 3070 δὲ
1093 3026 1249 3075 τοῦτο
1291 3014 1546 3091 διδάσκει,
1596 3016 1683 3071 καὶ
1723 3018 1783 3074 06
1823 3018 1881 3073 τὸ

1972 3028 2077 3069 nos
2108 3009 2302 3084 docet,
2338 3017 2396 3069 et
2422 3028 2539 3070 non
2565 3008 2917 3089 simpliciter
2940 3018 3003 3074 ut
3023 3011 3156 3092 quis
3179 3012 3439 3094 seipsum
3462 3015 3616 3076 occi-

230 3106 414 3169 ἆπλὼς
474 3109 688 3171 ἑαυτοὺς
749 3107 1141 3180 ἀποκτιννύναι,
1202 3104 1427 3163 δείκνυσι
1515 3103 1675 3162 πάλιν
1732 3105 1891 3170 αὐτὸς

228 3194 280 3261 ἒξ
334 3200 408 3252 ὧν
457 3206 550 3255 1:03
592 3193 838 3254 διαϐόλου
892 3195 1231 3273 πειραζοντος
1290 3196 1469 3268 αὐτὸν,
1535 3193 1672 3250 ὥστε
1702 3192 1889 3270 βαλεῖν

231 3287 415 3345 ἑαυτὸν
465 3286 613 3343 κάτω
656 3286 761 3342 ἀπὸ
802 3295 896 3345 τοῦ
952 3287 1115 3365 ἱεροῦ,
1176 3282 1541 3363 ἀπεκρούσατο
1610 3284 1709 3350 την
1751 3284 1886 3340 πεῖ-

229 3396 344 3453 ραν,
404 3376 491 3432 καὶ
550 3373 664 3433 ούδὲ
716 3373 951 3432 ἐπεδίδου
1021 3372 1205 3430 ἑαυτὸν
1249 3386 1367 3438 τοῖς
1419 3369 1721 3452 Ἰουδαίοις,
1750 3372 1887 3429 ἀλλὰ

227 3467 312 3520 καὶ
369 3464 654 3544 ἀνεχώρει,
718 3466 807 3521 καὶ
877 3462 962 3520 διὰ
1043 3463 1207 3538 μέσου
1277 3465 1448 3520 αὐτῶν
1521 3461 1885 3544 ἀνερχόμενος

226 3554 345 3615 τοὺς
403 3540 703 3633 φωνούντας
888 3551 1188 3632 φονῶντας]
1234 3550 1621 3630 ἀπεκρύπτετο.
1652 3540 1883 3617 ΠΗΟστις

224 3650 312 3698 οὖν
394 3642 763 3719 βλαπτόμενος
836 3643 909 3707 εἷς
986 3638 1295 3699 θεοσέϐειαν
1385 3640 1486 3696 ὑπό
1554 3662 1697 3703 τινος
1775 3647 1883 3697 τῶν

223 3732 451 3805 οἰκείων,
513 3730 720 3809 στέργει
774 3730 873 3798 τὴν
930 3722 1063 3809 πρὸς
1110 3730 1299 3792 αὐτοὺς
1358 3726 1578 3809 σχέσιν,
1625 3730 1714 3785 καὶ
1742 3750 1881 3807 προ-

223 3821 509 3896 τιμοτέραν
540 3821 738 3887 ταύτην
782 3833 1017 3877 ποιεῖται
1064 3824 1163 3886 τῆς
1192 3819 1325 3898 πρὸς
1371 3819 1462 3874 τὸν
1508 3820 1638 3874 Θεὸν
1692 3821 1878 3896 εὐαρε-

1972 3098 2091 3159 dat.
2126 3095 2510 3178 Ostenditque
2540 3097 2685 3159 illud
2719 3099 2933 3161 iterum
2970 3101 3096 3180 ipse
3131 3119 3239 3182 per
3270 3103 3381 3164 hoc
3418 3105 3612 3185 quod-

1970 3186 2206 3276 diabolo
2237 3188 2427 3269 ipsum
2462 3194 2728 3249 tentante
2755 3197 2817 3249 ut
2844 3206 2909 3250 se
2939 3189 3015 3251 de
3036 3190 3377 3254 summitate
3402 3194 3610 3276 templi

1968 3275 2281 3358 dejiceret,
2331 3278 2714 3339 tentationem
2753 3277 2972 3358 repulit
3006 3300 3019 3342 :
3071 3288 3128 3341 et
3160 3298 3278 3342 non
3309 3299 3374 3343 se
3394 3275 3614 3346 Iudaeis

1969 3367 2231 3441 tradidit,
2267 3367 2370 3429 sed
2412 3367 2677 3443 secessit,
2708 3376 2884 3448 atque
2934 3387 3039 3449 per
3091 3370 3353 3432 medium
3402 3391 3610 3435 eorum

1970 3456 2281 3529 transiens,
2315 3456 2387 3516 ab
2421 3455 2538 3516 illis
2570 3473 2633 3518 se
2677 3455 3016 3518 occultavit.
3063 3457 3246 3536 Igitur
3275 3460 3611 3542 cuicunque

1966 3545 2272 3607 domestici
2293 3552 2350 3606 et
2370 3544 2548 3606 amici
2576 3543 2814 3605 obstant
2836 3544 2896 3605 in
2930 3545 3171 3625 pietate,
3206 3556 3264 3609 et
3293 3550 3343 3611 is
3366 3548 3606 3614 illorum

1966 3633 2421 3697 familiaritatem
2446 3632 2592 3713 Deo,
2621 3632 2721 3695 cui
2744 3632 2980 3713 placere
3002 3634 3200 3712 debet,
3231 3638 3487 3716 praefert,
3516 3640 3604 3702 vel

1964 3724 2139 3786 etiam
2156 3729 2397 3803 propter
2407 3740 2667 3782 amorem
2685 3721 2814 3783 vitm
2837 3723 3184 3788 imminente
3201 3729 3485 3805 martyrio
3504 3729 3604 3792 de.

1964 3814 2081 3876 (icit
2103 3820 2163 3876 et
2182 3810 2484 3890 negat,ille
2502 3828 2618 3871 non
2643 3819 2836 3891 potest
2857 3830 2991 3874 esse
3008 3812 3336 3893 discipulus
3355 3814 3598 3879 Christi.

224 3913 490 3989 στήσεως,
526 3909 601 3967 ἔτι
629 3931 687 3967 τε
716 3911 807 3966 καὶ
836 3906 922 3964 διὰ
951 3907 1042 3965 τοῦ
1073 3906 1355 3988 φιλοζωεῖν
1386 3905 1648 3970 πολλάκις
1680 3908 1766 3964 καί
1797 3904 2078 3984 μαρτυρίου
2107 3902 2453 3981 προκειμένου
2488 3902 2560 3965 εἷς
2610 3900 2828 3980 ἄρνησιν
2859 3902 3325 3983 ἐκτραχηλίζεται,
3358 3908 3507 3972 οὗτος
3542 3908 3599 3964 οὗ

223 3999 433 4057 δύναται
462 4006 684 4079 Χριστοῦ
709 4002 849 4055 εἶναι
881 3998 1152 4073 μαθητής.

308 4112 336 4144 α
392 4090 480 4152 Τίς
538 4089 639 4168 γὰρ
696 4085 749 4153 ἐξ
790 4088 938 4165 ὑμῶν
990 4086 1157 4143 θέλων
1234 4086 1430 4165 πύργον
1496 4083 1869 4161 οἰκοδομῆσαι,

222 4180 345 4258 οὐχὶ
398 4184 607 4253 πρῶτον
649 4177 863 4241 καθίσας
895 4178 1110 4255 ψηφίζει
1139 4175 1239 4243 τὴν
1281 4172 1543 4249 δαπάνην,
1577 4177 1621 4231 εί
1644 4173 1763 4254 ἔχει
1809 4174 1874 4231 τὰ

220 4270 294 4332 είς
336 4267 694 4348 ἀπαρτισμὸν,
751 4265 844 4323 ’ίνα
874 4266 1128 4341 μήπωτε,
1156 4264 1338 4329 θέντος
1387 4266 1547 4322 αὐτοῦ
1598 4262 1865 4338 θεμέλιον,

222 4358 307 4414 καὶ
350 4361 429 4434 μὴ
477 4358 758 4437 ἰσχύοντος
829 4354 1127 4435 ἐκτελέσαι,
1200 4356 1394 4420 πάντες
1450 4356 1499 4410 οἱ
1552 4356 1866 4433 θεωρουντες

218 4446 474 4526 ἄρξωνται
531 4445 804 4523 ἐμπαίζειν
848 4445 990 4519 αὐτῷ
1019 4443 1286 4524 λέγοντες,
1321 4443 1426 4519 ὅτι,
1481 4449 1644 4504 Οὗτος
1702 4444 1729 4497 ὁ
1774 4440 1866 4496 ἄν-

216 4540 422 4617 θρωπος
478 4534 671 4615 ἤρξατο
716 4531 1043 4610 οἰκοδομεῖν,
1097 4536 1186 4591 καὶ
1229 4537 1324 4593 οὐκ
1369 4533 1597 4613 ἴσχυσεν
1649 4529 1864 4588 ἐκτελέ-

217 4648 303 4682 σαι
342 4646 359 4707 ;
395 4649 423 4681 ι
462 4627 560 4682 Διὰ
588 4630 687 4693 τῆς
714 4633 808 4682 τοῦ
836 4625 1035 4702 πύργου
1084 4622 1397 4703 παραϐολῆς
1450 4620 1680 4679 διδάσκει
1723 4622 1865 4695 ἡμᾶς

217 4717 245 4772 6
306 4716 491 4792 Κύριος
535 4713 674 4780 ἅπαξ
732 4711 1043 4771 ἀκολουθεῖν
1087 4715 1228 4787 αὖτῷ
1286 4710 1592 4791 ἑλομένους,
1647 4709 1865 4789 φυλάξαι

214 4806 313 4871 τὴν
374 4804 540 4871 αὐτὴν
595 4802 922 4884 προαίρεσιν,
980 4804 1069 4860 καὶ
1129 4803 1206 4878 μὴ
1258 4800 1501 4878 θεμέλιον
1547 4801 1644 4877 μὲν
1694 4821 1865 4857 κατα-

214 4893 490 4973 ϐαλέσθαι,
538 4890 658 4960 ἤτοι
713 4893 892 4972 ἀρχὴν
943 4892 1370 4971 ἀκολουθήσεως,
1417 4892 1541 4949 εἶτα
1597 4888 1747 4955 τέλος
1784 4889 1861 4963 μὴ

213 4982 501 5059 ἐπιθεῖναι,
545 4984 620 5045 ὡς
650 4981 730 5056 μὴ
787 4980 1014 5062 ἔχοντας
1062 4981 1323 5061 ἀρκοῦσαν
1368 4980 1468 5048 τὴν
1526 4978 1859 5058 παρασκευὴν

212 5077 311 5140 τῆς
339 5073 652 5153 προθυμίας.
686 5078 925 5130 Τοιοῦτοι
966 5070 1101 5138 ἦσαν
1149 5070 1372 5143 ἐκεῖνοι,
1422 5069 1538 5147 περὶ
1564 5070 1640 5122 ὤν
1670 5064 1857 5125 Ἰωάν-

212 5183 310 5228 νης
340 5164 368 5218 6
413 5159 795 5240 εὐαγγελιστὴς
825 5158 928 5240 ἔφη
968 5178 981 5192 ⁸
1026 5157 1221 5216 Πολλοι
1251 5165 1339 5215 οὖν
1370 5157 1429 5214 ἐκ
1457 5163 1562 5214 τῶν
1606 5159 1856 5231 μαθητῶν

214 5251 372 5310 αὐτοῦ
425 5251 667 5321 ἀπῆλθον
727 5252 801 5314 εἷς
842 5250 909 5307 τὰ
943 5248 1129 5310 ὀπίσω.
1198 5248 1297 5305 Καὶ
1363 5252 1468 5311 πᾶς
1498 5243 1552 5303 δὶ
1585 5244 1856 5326 ἄνθρωπος

288 5412 353 5475 ω
378 5413 547 5476 Joan.
575 5427 698 5487 xvi,
731 5408 809 5472 32

291 5574 373 5653 tu)
408 5572 506 5634 Ed.
549 5575 675 5636 Lut.
714 5589 830 5633 non
865 5568 1061 5639 habet,
1091 5585 1346 5649 prorsus
1375 5567 1666 5645 imperite.

2036 4079 2214 4145 Vens.
2248 4078 2465 4143 ‘28—30.
2508 4101 2531 4134 ιι
2570 4078 2713 4151 Quis
2744 4080 2902 4141 enim
2953 4099 3022 4142 ex
3068 4082 3254 4163 vobis,
3309 4082 3410 4163 qui
3461 4085 3598 4147 velit

1955 4172 2161 4254 turrim
2192 4169 2507 4243 aediﬁcare,
2537 4167 2679 4247 quin
2702 4170 2863 4249 prius
2883 4171 3101 4233 sedens
3122 4179 3423 4253 computet
3444 4190 3596 4236 sum-

1956 4269 2110 4345 ptus,
2145 4279 2219 4322 an
2252 4257 2694 4337 habeatquibus
2721 4278 2867 4339 opus
2897 4268 2985 4321 est
3011 4260 3083 4321 ad
3119 4262 3548 4342 perficiendum
3567 4265 3596 4325 ἳ

1951 4370 2026 4413 ne
2058 4357 2362 4431 postquam
2390 4348 2651 4428 posuerit
2685 4347 3158 4426 fundamentum,
3188 4370 3297 4413 nec
3340 4354 3595 4433 potuerit

1951 4440 2261 4521 perﬁcere,
2295 4455 2503 4497 omnes
2551 4435 2651 4517 qui
2702 4435 2955 4498 viderint
3004 4438 3294 4520 incipiant
3340 4441 3593 4505 illudere

1950 4528 2031 4603 ei,
2064 4526 2330 4591 dicentes
2355 4544 2370 4588 :
2404 4524 2512 4587 Hic
2534 4524 2711 4587 homo
2728 4524 2909 4607 coepit
2932 4526 3248 4604 aediﬁcare,
3277 4549 3385 4592 nec
3405 4532 3593 4611 potuit

1949 4634 2383 4680 consummare.
2419 4641 2445 4670 ιο
2483 4617 2594 4677 Per
2644 4613 2981 4695 parabolam
3035 4616 3215 4678 turris
3258 4619 3434 4681 docet
3481 4639 3590 4683 nos

1947 4705 2238 4769 Dominus
2269 4712 2331 4765 ut
2378 4704 2439 4765 hi
2470 4703 2571 4785 qui
2610 4703 2796 4765 semel
2847 4703 3181 4783 delegerint
3217 4726 3354 4769 eum
3393 4709 3586 4790 sequi,

1947 4795 2105 4858 idem
2136 4794 2495 4875 propositum
2526 4800 2761 4856 servent
2789 4813 2803 4857 :
2840 4811 2949 4855 nec
2980 4794 3170 4856 solum
3190 4795 3417 4875 jaciant
3446 4798 3586 4859 fun-

1944 4883 2309 4962 damentum,
2342 4882 2455 4943 hoc
2480 4888 2590 4962 est,
2625 4899 2700 4943 ne
2730 4881 3017 4961 incipiant
3048 4891 3271 4945 tantum
3304 4886 3494 4965 sequi,
3527 4895 3586 4948 et

1943 4980 2151 5054 postea
2180 4971 2359 5033 ﬁnem
2394 4989 2511 5032 non
2540 4971 2870 5050 imponant,
2905 4978 2966 5031 ut
2995 4971 3057 5032 hi
3088 4972 3190 5053 qui
3216 4993 3334 5035 non
3363 4973 3586 5036 habent

1941 5061 2336 5124 sufﬁcientem
2368 5059 2687 5121 alacritatis
2715 5061 3225 5140 praparationem.
3256 5062 3430 5125 Tales
3448 5064 3580 5126 tue-

1939 5160 2080 5215 runt
2110 5150 2171 5213 hi
2194 5150 2269 5212 de
2293 5147 2507 5230 quibus
2540 5148 2896 5226 evangelista
2922 5149 3054 5211 401
3094 5152 3354 5214 Joannes
3384 5152 3531 5215 dicit
3562 5173 3577 5217 :

1939 5242 2108 5305 Multi
2120 5240 2298 5321 igitur
2314 5258 2387 5301 ex
2409 5236 2716 5319 discipulis
2731 5239 2862 5319 ejus
2878 5238 3578 5308 abieruntretrorsum”.
