4116 6212
456 276 573 343 943
1424 270 2019 343 THEOPHYLACTI
2065 264 2472 339 BULGARIE
2516 266 2873 339 ARCHIEP.
3738 266 3861 336 944

459 410 528 481 Ει
557 410 752 472 omnis
782 411 961 473 homo
993 413 1094 491 qui
1122 413 1395 474 virtutem
1420 412 1662 494 quidem
1696 414 1927 493 operari
1958 412 2136 492 vult,i

2217 411 2436 479 πράττειν
2490 410 2588 485 μὲν
2644 411 2741 479 τὴν
2800 410 2995 489 ἀρετὴν
3053 410 3330 487 ἐλόμενος,
3378 411 3456 487 μὴ
3500 412 3721 489 φθάσας
3784 408 3864 486 δὲ,

461 510 519 561 et
550 519 668 561 non
714 520 785 562 eo
830 502 1120 582 pervenit,
1175 511 1237 564 ut
1289 511 1349 564 et
1396 501 1654 565 divinam
1706 502 2103 581 cognitionem

2217 500 2323 556 ista
2397 502 2482 556 καὶ
2534 500 2675 557 θείαν
2732 507 2926 579 γνῶσιν
2974 499 3329 578 προσλαϐεῖν,
3378 498 3461 555 διὰ
3516 502 3577 555 τὸ
3644 498 3865 554 ἀτελῶς

459 589 734 671 accipiat,
784 610 859 651 eo
894 591 1055 671 quod
1108 591 1456 671 imperfecte
1511 600 1567 653 et
1623 592 1848 673 absque
1878 593 2108 655 ratione

2217 592 2275 645 ,αὶ
2331 588 2537 667 ἀλόγως
2594 588 2691 656 τῆς
2737 588 2928 668 ἀρετῆς
2960 587 3229 667 ἄρξασθαι,
3277 589 3477 652 ἀτελῶς
3509 590 3715 662 κτίζει,
3787 588 3866 662 μή

460 678 731 741 virtutem
761 679 1013 754 orditur,
1046 680 1398 760 imperfecte
1434 681 1712 753 aedificat,
1746 700 1862 741 non
1906 682 2108 742 valens

2217 680 2473 755 υνάμενος
2518 679 2803 758 ἀπαρτίσαι
2856 680 2947 735 τὸν
3008 680 3203 757 πύργον
3259 684 3359 745 τῆς
3425 677 3647 753 ὕψηλῖκ
3716 679 3861 754 γνώ-

460 768 777 841 absolvere
798 774 1003 830 turrim
1026 788 1272 830 summae
1293 770 1667 849 cognitionis.
1699 769 1869 833 Unde
1889 779 1947 832 et
1966 769 2105 831 illu-

2217 789 2323 831 ἐως
2357 790 2370 803 ο
2418 766 2534 823 ὅθεν
2576 768 2662 823 καὶ
2692 767 3001 842 ἐμπαίζεται
3044 768 3145 823 ὑπὸ
3196 774 3302 823 τῶν
3349 767 3704 844 θεωριώντωυ
3766 764 3867 819 αἶν-

461 858 621 919 ditur
650 858 721 919 ab
755 858 848 920 his
875 878 908 920 a
939 859 1157 938 quibus
1182 860 1415 920 videtur
1442 870 1501 921 et
1532 860 1876 921 hominibus
1908 868 1965 919 et
1985 859 2108 920 dia-

2222 861 2279 911 ov
2328 858 2415 911 xui
2472 856 2763 936 ἆνθρώπων
2823 858 2910 912 καὶ
2940 854 3225 931 δαιμόνων,
3276 858 3375 914 Καὶ
3429 854 3605 919 ἄλλως
3644 853 3737 927 δὲ,
3775 857 3870 908 θεο

462 947 752 1009 bolis.Vel
775 936 982 1011 aliter}
1010 966 1116 1029 per
1136 949 1586 1011 fundamentum
1610 949 1849 1029 quidem
1876 948 2104 1010 intelli»

2217 944 2377 1002 ιέλιον
2434 946 2533 1021 μὲν
2576 947 2798 1015 νοήσαις
2853 948 2947 1002 τὸν
3003 943 3379 1002 διδασκαλικὸν
3437 945 3621 1023 λόγον.
3666 936 3735 1000 Ὀ
3771 944 3873 1020 γὰρ

462 1055 564 1115 gas
592 1056 928 1098 sermonem
979 1037 1262 1100 doctoris.
1318 1036 1528 1099 Sermo
1586 1039 1744 1099 enim
1798 1038 2103 1111 doctrina),

2223 1040 2287 1103 ἧς
2357 1034 2693 1099 διδασκαλίας
2752 1034 2908 1114 λόγος
2989 1032 3386 1110 διαλαμϐάνων,
3464 1035 3590 1113 φέρε
3652 1035 3869 1099 sine“,

464 1135 668 1204 utpote
697 1136 956 1187 tractans
988 1126 1063 1188 de
1103 1126 1489 1208 continentia,
1518 1128 1714 1207 jactus
1740 1128 1799 1187 in
1832 1126 2110 1207 discipuli

2217 1128 2309 1205 rapi
2358 1127 2671 1203 ἐγκρατείας
2730 1124 2958 1201 θεμελίῳ
3020 1124 3159 1181 ἔοικε
3202 1123 3549 1192 καταϐληθεὶς
3602 1125 3710 1181 ἐπὶ
3771 1123 3872 1188 τὴν

462 1216 725 1277 animam
752 1216 1137 1277 fundamento
1169 1226 1566 1296 comparatur.
1600 1217 1761 1295 Opus
1784 1225 1873 1277 est
1910 1224 2107 1276 autem

2217 1222 2283 1271 τοῦ
2330 1214 2569 1290 μαθητοῦ
2621 1216 2827 1293 ψυχήν.
2865 1227 2962 1271 Δεῖ
2990 1216 3078 1270 οὖν
3109 1221 3185 1288 τῷ
3214 1213 3358 1293 λόγῳ
3403 1215 3593 1288 τούτῳ,
3629 1212 3771 1281 ἦτοι
3796 1218 3877 1283 τῷ

464 1304 728 1366 sermoni
763 1305 923 1381 huic,
961 1305 1072 1366 hoc
1105 1315 1194 1367 est
1232 1306 1640 1379 fundamento,
1666 1306 2107 1386 superaediﬁca-

2217 1303 2443 1384 ιεμελίῳ,
2498 1306 2587 1360 καὶ
2658 1302 3057 1384 ἐποικοδομεῖν,
3114 1306 3183 1361 τὰ
3222 1310 3320 1372 τῆς
3380 1304 3618 1384 πράξεως
3684 1303 3869 1380 λέγω·

462 1396 834 1474 tione,opere
854 1394 1084 1471 dico,ut
1108 1395 1286 1456 turris
1305 1403 1505 1455 nostra
1526 1394 1937 1457 fortitudinisa
1961 1393 2110 1458 {acie

2220 1418 2283 1457 να
2343 1398 2430 1451 καὶ
2477 1395 2672 1472 πύργος
2729 1396 2864 1469 ἡμτν
2915 1396 3099 1473 ἰσχύος
3148 1394 3253 1450 ἀπὸ
3306 1394 3593 1472 προσώπου
3654 1393 3874 1472 ἐχθροῦ

462 1473 1281 1559 inimiciabsoluta,sitvirtus
1306 1483 1401 1545 illa
1416 1502 1590 1564 quam
1610 1484 2107 1564 proponebamus.

2217 1487 2538 1562 ιπαρτισθείη
2568 1485 2603 1551 ἡ
2635 1484 2798 1560 ἀρετὴ
2852 1483 3051 1557 ἐκείνη,
3100 1484 3166 1552 ἦν
3216 1483 3561 1563 προεθέμεθα.
3598 1473 3753 1540 (Ὁτι
3817 1480 3875 1534 δὲ

464 1572 629 1645 Quod
644 1582 835 1634 autem
853 1572 1301 1635 fundamentum
1316 1573 1555 1654 quidem
1575 1576 2115 1653 sitsermo,exstru-

2217 1572 2436 1649 θεμέλιος
2494 1572 2592 1648 μὲν
2630 1573 2658 1628 'o
2702 1571 2886 1651 λόγος,
2945 1571 3199 1649 οἰκοδομὴ
3225 1572 3279 1629 δὲ
3320 1576 3355 1641 ἡ
3410 1573 3617 1648 πρᾶξις,
3654 1574 3876 1632 ἱκανῶς

466 1663 584 1724 ctio
607 1672 801 1757 autem
823 1681 995 1742 opus,
1025 1662 1175 1757 satis
1190 1662 1559 1757 abunde.nos
1574 1662 1748 1723 docet
1769 1662 2108 1743 Apostolus:

2217 1670 2338 1737 λμᾶς
2392 1665 2419 1718 ὁ
2471 1661 2796 1724 Ἀπόστολος
2858 1660 3089 1718 διδάσκει
3142 1662 3335 1741 λέγων,
3401 1666 3482 1719 οτι
3515 1683 3545 1722 ε
3589 1659 3874 1736 Θεμέλιον

476 1751 983 1817 uFundamentum
1011 1751 1394 1832 posuiJesum
1420 1749 1901 1827 Christum,alius
1914 1763 2112 1814 autem

2217 1754 2402 1808 ςέθεικα
2432 1749 2640 1819 ἰησοῦν
2672 1753 2917 1831 Χριστὸν,
2950 1750 3109 1814 ἄλλος
3140 1750 3195 1807 δὲ
3250 1750 3595 1827 ἐποικοδομεῖ
3626 1770 3643 1784 “
3693 1776 3720 1807 ε
3777 1750 3871 1805 καὶ

469 1841 1102 1922 superexstruit70,net
1123 1840 1318 1902 statim
1342 1850 1649 1902 enumerat
1671 1841 1828 1903 varia
1840 1841 2109 1915 aediﬁcia,

2217 1840 2318 1909 ,ξῆς
2375 1840 2658 1919 καταλέγει
2702 1843 2797 1905 τὰς
2853 1839 3132 1920 διαφόρους
3177 1839 3483 1917 οἰκοδομὰς,
3531 1839 3653 1908 ἦτοι
3688 1840 3868 1917 ἐργα-

467 1932 579 1992 boc
612 1939 721 2001 est,
768 1930 1145 2009 operationes
1191 1929 1282 1991 vel
1332 1929 1623 1993 bonorum
1680 1931 1770 1991 vel
1820 1931 2115 1993 malorum

2217 1932 2313 1995 πίας
2366 1931 2403 1998 ἢ
2466 1930 2645 1987 καλῶν
2698 1931 2735 2000 ἢ
2791 1930 3039 2009 πονηρῶν
3095 1930 3264 2010 ἔργων
3299 1951 3311 1964 ·
3371 1927 3697 2011 φοϐηθῶμεν
3745 1931 3864 2005 οὖν,

469 2039 744 2100 operum.
778 2018 1120 2080 Timeamus
1151 2019 1326 2099 igitur
1360 2038 1434 2081 ne
1483 2019 1634 2080 forte
1663 2019 1914 2081 illudant
1943 2019 2116 2081 nobis

2217 2021 2409 2089 ιήποτε
2461 2019 2784 2095 ἐμπαίζωσιν
2828 2022 2963 2089 ἡμῖν
3022 2023 3068 2076 oi
3111 2018 3375 2096 δαίμονες,
3410 2021 3528 2096 περὶ
3552 2020 3626 2075 ὧν
3658 2021 3694 2075 ὁ
3730 2040 3870 2094 προ·

470 2108 878 2183 daamones,de
894 2108 1108 2189 quibus
1129 2109 1588 2189 prophetadicit:
1604 2107 2115 2170 «Illusoresdomi-

2217 2110 2375 2188 ρῆτης
2405 2110 2564 2188 φησὶν
2593 2107 2700 2190 ὅτι,
2742 2133 2765 2162 ιι
2805 2108 3135 2185 Ἐμπατκται
3184 2109 3538 2189 κυριεύσουσιν
3580 2108 3793 2185 αὒτὼν,
3835 2131 3861 2160 ι

473 2197 770 2259 nabuntur
792 2197 899 2270 eis,
933 2222 956 2252 ι)
980 2197 1070 2257 his
1101 2197 1329 2258 scilicet
1358 2197 1456 2277 qui
1487 2216 1520 2258 a
1549 2200 1671 2259 De»
1703 2197 1929 2277 repulsi
1958 2206 2115 2260 sunt.

2217 2202 2306 2253 τῶν
2332 2198 2434 2277 ὑπὸ
2463 2204 2555 2254 τοῦ
2585 2205 2718 2257 Θεοῦ
2745 2195 2951 2265 δηλαδὴ
2979 2197 3337 2274 ἀπωσμένων.

554 2284 743 2349 VERs.
773 2287 839 2345 31
853 2268 983 2347 -33.
1002 2312 1021 2339 σ
1051 2288 1170 2347 Aut
1192 2286 1324 2365 quis
1352 2268 1453 2347 rex
1475 2268 1858 2366 proficiscens
1878 2298 1941 2349 ut
1962 2306 2122 2348 com-

2288 2311 2315 2343 α
2354 2268 2436 2343 ’ὶΗ
2493 2288 2571 2351 τίς
2628 2285 2879 2363 βασιλεὺς
2928 2268 3284 2367 πορευόμενος
3341 2285 3635 2362 συμϐαλεῖν
3692 2286 3866 2363 ἑτέρῳ

476 2375 665 2436 mittat
709 2373 976 2455 praelium
1028 2374 1308 2436 adversus
1356 2375 1607 2435 alterum
1658 2394 1889 2457 regem,
1920 2395 2120 2437 nonne

2217 2375 2416 2434 Ξασιλεϊ
2468 2379 2542 2440 εἱς
2603 2375 2868 2455 πόλεμον,
2941 2379 3064 2456 οὐχὶ
3120 2379 3335 2440 καθίσας
3392 2383 3603 2455 πρῶτον
3631 2374 3865 2451 βουλεύς

480 2464 698 2525 sedens
732 2463 898 2543 prius
929 2464 1140 2543 cogitat
1155 2482 1227 2525 an
1260 2465 1446 2543 possit
1468 2484 1600 2525 cum
1620 2465 1829 2527 decem
1859 2464 2122 2528 millibus

2217 2488 2339 2545 εται,
2375 2468 2417 2522 εί
2448 2464 2663 2529 δυνατός
2721 2465 2863 2522 ἐστιν
2913 2466 2967 2522 ἐν
3009 2466 3134 2523 δέκα
3162 2466 3401 2546 χιλιάσιν
3430 2466 3739 2532 ἀπαντῆσαι
3788 2469 3864 2536 τῷ

477 2569 793 2614 occurrere
829 2551 883 2614 ei
916 2551 1014 2633 qui
1036 2570 1169 2614 cum
1205 2550 1405 2630 viginti
1438 2552 1702 2614 millibus
1723 2553 1884 2615 venit
1913 2564 2119 2616 contra

2217 2556 2339 2612 ιετὰ
2397 2553 2570 2611 εἴκοσι
2628 2553 2891 2633 χιλιάδων
2945 2555 3217 2636 ἐρχομένῃ
3260 2555 3390 2635 πρὸς
3426 2554 3579 2611 αὐτόν
3612 2571 3626 2584 ⁸
3693 2557 3745 2611 :i
3807 2553 3860 2608 δὲ

478 2640 835 2721 se?alioquin
860 2641 1056 2702 adhuc
1080 2641 1178 2701 illo
1199 2640 1372 2719 longe
1388 2641 1921 2722 agente,legatione
1945 2644 2124 2703 missa

2217 2647 2348 2723 ιήγε
2406 2644 2481 2700 ἔτι
2540 2642 2717 2721 πόῤῥω
2774 2646 2932 2702 αὐτοῦ
2992 2645 3167 2718 ὄντος,
3222 2641 3502 2723 πρεσϐείαν
3530 2643 3862 2706 ἀποστείλας

479 2730 623 2811 petit
644 2748 713 2791 ea
735 2748 865 2810 quae
888 2730 1048 2809 pacis
1070 2729 1234 2793 sunt?
1257 2728 1353 2793 Sic
1374 2746 1514 2809 ergo
1536 2731 1731 2792 omnis
1753 2750 1822 2793 ex
1843 2731 2006 2794 vobis
2022 2732 2121 2812 qui

2217 2737 2373 2813 ἐρωτᾷ
2402 2732 2468 2789 τὰ
2496 2734 2628 2812 πρὸς
2682 2735 2895 2811 εἰρήνην
2929 2749 2945 2808 ;
2992 2734 3173 2797 Οὕτως
3221 2736 3310 2791 οὗ»
3358 2739 3463 2796 πᾶς
3493 2733 3544 2799 ἐξ
3572 2736 3752 2813 ὑμᾶρν,
3802 2735 3857 2795 ὃς

478 2837 594 2881 non
628 2819 931 2880 renuntiat
962 2818 1237 2880 omnibus
1267 2838 1398 2898 quae
1450 2819 1730 2900 possidet,
1783 2839 1902 2882 non
1935 2830 2126 2901 potest

2217 2823 2301 2879 3~3x
2353 2822 2707 2879 ἂποτάσσεται
2756 2828 2885 2878 πᾶσι
2938 2836 3060 2886 τοῖς
3132 2824 3321 2880 ἑαυτοῦ
3387 2824 3745 2903 ὑπάρχωσιν,
3800 2826 3863 2878 οὗ

480 2928 647 2971 meus
678 2926 809 2972 esse
840 2908 1188 2989 discipulus.
1228 2908 1454 2969 Bonum
1504 2917 1593 2970 est
1632 2910 1739 2971 sal.
1775 2909 1835 2972 Si
1870 2929 2004 2974 vero
2035 2910 2121 2970 sal

2217 2910 2417 2969 δύναταί
2473 2933 2574 2987 μου
2622 2911 2766 2968 εἶναι
2798 2913 3069 2986 μαθητής.
3104 2911 3278 2970 Καλὸν
3307 2915 3367 2969 τὸ
3404 2911 3559 2977 ἔλας’
3590 2912 3681 2967 ἐὰν
3713 2910 3772 2967 δὲ
3797 2914 3860 2967 τὸ

479 2999 824 3061 infatuatum
860 2999 1056 3076 fuerit,
1092 3015 1199 3078 per
1231 2998 1384 3078 quod
1438 2998 1799 3063 condietur?
1828 2999 2031 3081 Neque
2062 3000 2122 3060 in

2217 3000 2336 3064 ﬂat:
2395 3003 2667 3079 μωρανθῇ,
2726 3000 2780 3056 ἐν
2834 3002 2933 3057 τίνι
2980 3000 3372 3081 ἁρτυθήσεταις

3358 3021 3375 3082 ς
3429 3001 3560 3059 Οὕτε
3589 3002 3661 3064 εἷς
3722 3002 3858 3079 γῆν,

484 3098 731 3161 terram,
770 3106 964 3166 neque
1015 3088 1076 3147 in
1121 3086 1559 3165 sterquilinium
1611 3088 1754 3149 utile
1786 3098 1873 3150 est
1910 3111 1923 3153 :
1971 3088 2125 3150 foras

479 3175 811 3257 projiciunt
841 3176 1011 3238 illud.
1053 3175 1162 3247 Qui
1206 3175 1384 3238 habet
1430 3194 1604 3239 aures
1634 3177 1704 3238 ad
1734 3178 2123 3258 audiendum,

480 3266 700 3327 audiat.
727 3290 749 3321 ι»
778 3266 850 3328 Et
879 3265 1002 3327 haec
1034 3263 1311 3345 parabole
1339 3267 1512 3327 docet
1552 3285 1658 3327 nos
1690 3285 1763 3327 ne
1792 3266 1979 3329 simus
2010 3271 2124 3331 du-

487 3354 624 3434 plici
659 3352 885 3433 animo,
912 3372 1104 3433 neque
1135 3353 1299 3415 carni
1322 3362 1380 3415 et
1406 3357 1526 3417 Deo
1554 3355 1994 3420 adhzereamus:
2022 3359 2125 3420 sed

483 3442 534 3504 si
560 3442 831 3503 volumus
855 3442 1074 3504 bellum
1094 3453 1299 3503 contra
1323 3443 1609 3519 malignos
1629 3444 1930 3508 daemones
1947 3449 2133 3509 susci—
2178 3462 2179 3465 ‘

488 3550 652 3613 pere,
698 3543 758 3591 ut
792 3531 1050 3593 feramur
1078 3531 1139 3592 in
1171 3549 1274 3594 eos
1328 3542 1604 3617 tanquam
1658 3534 1879 3615 hostes,
1924 3544 1982 3596 et
2012 3537 2131 3599 illis

484 3638 619 3682 vere
642 3619 1015 3681 obluctemur
1046 3621 1168 3683 Rex
1192 3620 1369 3699 igitur
1381 3630 1853 3700 estetpeccatum
1872 3642 2132 3704 regnans

487 3709 803 3783 inmortali
826 3718 1029 3770 nostro
1054 3728 1330 3789 corpore,
1352 3710 1400 3770 si
1430 3709 1576 3771 illud
1596 3711 1981 3777 admittimus.
2010 3715 2132 3779 Rex

488 3798 664 3860 etiam
693 3809 752 3860 et
773 3798 1008 3860 animus
1030 3808 1233 3859 noster
1253 3799 1525 3860 conditus
1547 3808 1658 3863 est.
1682 3802 1769 3864 Ne
1790 3802 2130 3879 igitur,cum

488 3887 891 3949 resistendum
919 3898 1007 3949 est
1032 3897 1295 3968 peccato.
1310 3888 1765 3967 pusillanimiter
1783 3891 1928 3954 illud
1945 3893 2135 3975 impu-

489 3985 650 4055 gnet.
675 3976 879 4040 Gravis
902 3978 1061 4037 enim
1090 3986 1146 4038 et
1164 3976 1451 4039 terribilis
1476 3986 1560 4038 est
1584 3979 1712 4057 eius
1736 3983 2053 4058 exercitus,
2080 3992 2137 4044 et

494 4066 682 4146 major
712 4077 768 4124 et
800 4065 1181 4126 numerosior
1236 4065 1470 4127 videtur
1519 4086 1692 4147 quam
1748 4088 1855 4130 nos
1903 4090 2131 4134 sumus.

492 4154 722 4234 Quippe
745 4153 1046 4215 daemones
1060 4163 1195 4215 sunt
1212 4154 1427 4217 milites
1446 4157 1797 4238 peccati,qui
1816 4170 2139 4222 censentur

2206 3091 2323 3147 οὔτε
2382 3091 2454 3153 εἷς
2512 3090 2731 3168 κοπρίαν
2776 3088 2980 3147 εὔθετόν
3042 3089 3183 3146 ἐστιν
3225 3089 3324 3157 ἔξω
3370 3088 3651 3167 βάλλουσιν
3695 3094 3852 3148 αὐτό.

2210 3171 2267 3237 Ὀ
2327 3178 2473 3259 ἔχων
2529 3180 2641 3235 ὦτα
2681 3178 2914 3255 ἆγούειν,
2947 3179 3203 3238 ἀκουέτω.
3241 3202 3269 3235 ι
3308 3181 3406 3237 Καὶ
3449 3179 3580 3247 αὕτη
3607 3181 3643 3247 ἡ
3672 3202 3858 3258 παρα-

2207 3266 2343 3335 ϐολὴ
2385 3265 2614 3324 διδάσκει
2661 3269 2804 3344 ἡμᾶς
2848 3272 2927 3344 μὴ
2984 3266 3244 3349 διψύχους
3287 3270 3455 3349 εἶναι,
3514 3267 3650 3343 μηδὲ
3700 3269 3857 3347 σαρκὶ

2208 3360 2297 3414 καὶ
2352 3364 2469 3431 Θεῷ
2509 3356 2885 3433 προσηλῶσθαι
2918 3373 2932 3388 ⁸
2998 3356 3118 3414 ἀλλ’
3169 3360 3213 3415 εἰ
3270 3358 3560 3435 μέλλοιμεν
3586 3361 3675 3415 τὸν
3716 3361 3857 3416 κατὰ

2208 3454 2315 3504 τῶν
2372 3452 2620 3526 πονηρῶν
2687 3444 2958 3523 δυνάμεων
3019 3448 3256 3525 πόλεμον
3313 3448 3554 3528 ἅρασθαι,
3614 3448 3857 3529 προσφέ-

2212 3537 2389 3615 ρέσθαι
2431 3535 2616 3599 αὐτοῖς
2664 3538 2737 3600 ὡς
2796 3535 3039 3617 ἐχθροῖς,
3098 3539 3184 3617 κρὶ
3224 3536 3436 3605 ἀληθῶς
3467 3538 3858 3617 ἀντι-παρατάτ-

2211 3629 2389 3682 τεσθαι
2450 3626 2701 3690 Βασιλεὺς
2758 3626 2854 3702 μὶν
2905 3628 2993 3684 οὖν
3035 3626 3146 3685 ἐστι
3203 3628 3292 3684 καὶ
3348 3628 3383 3695 ἡ
3442 3627 3671 3707 ἁμαρτία
3697 3628 3853 3703 βασι.

2214 3714 2436 3773 λεύουσα
2466 3716 2519 3772 ἐν
2550 3724 2627 3791 τῷ
2654 3718 2830 3791 θνητῴ
2858 3717 3064 3791 σώματι
3106 3719 3262 3792 ἡμῶν
3318 3722 3424 3772 τῶν
3476 3713 3855 3797 παραδεχομέ-

2216 3828 2319 3861 νων
2374 3808 2540 3876 αὐτήν
2571 3824 2591 3843 υ
2640 3804 2886 3883 βασιλεὺς
2935 3804 2989 3862 δὲ
3019 3808 3105 3866 καὶ
3140 3809 3168 3863 ὁ
3197 3809 3315 3871 νοῦς
3342 3808 3499 3883 ἡμῶν
3528 3806 3762 3873 ἐκτίσθη,
3800 3810 3853 3865 Ei

2215 3898 2387 3957 τοίνυν
2444 3894 2691 3971 μέλλοιεν
2746 3895 3050 3963 ἀντιστῆναι
3135 3901 3204 3973 τῇ
3260 3898 3510 3975 ἁμαρτίᾳ,
3571 3897 3857 3975 όλοψύχως

2216 3983 2518 4062 πολεμείτω
2571 3984 2725 4062 αὐτῇ.
2784 3987 2965 4049 Δεινὸς
3008 3986 3107 4065 γὰρ
3151 3988 3182 4042 ὁ
3235 3987 3456 4063 στρατὸς
3513 3986 3713 4052 ταύτης
3774 3987 3859 4042 καὶ

2218 4072 2461 4154 φοϐερὸς,
2494 4078 2582 4131 καὶ
2610 4075 2804 4149 μείζων
2847 4075 2933 4131 καὶ
2975 4073 3173 4131 πλείων
3215 4071 3365 4132 δοκεῖ
3411 4076 3563 4150 ἡμῶν
3598 4093 3613 4107 ⁸
3675 4077 3721 4131 οἱ
3762 4076 3860 4153 γὰρ

2220 4163 2463 4241 δαίμονες
2509 4168 2824 4243 στρατιῶται
2873 4165 2973 4230 τῆς
3021 4162 3304 4242 ἁμαρτίας,
3363 4165 3416 4221 οἳ
3468 4161 3711 4221 δοκοῦσιν
3768 4163 3856 4219 εἴ·

492 4243 693 4321 vingiti
718 4243 901 4305 millia
925 4252 1133 4305 contra
1156 4252 1357 4305 nostra
1379 4245 1586 4306 decem
1622 4246 1836 4310 millia.
1862 4251 2009 4312 Nam
2041 4251 2135 4311 in-

2218 4277 2336 4312 κοσι
2394 4253 2654 4334 χιλιάδων
2696 4253 2915 4334 ἀριθμὸν
2970 4252 3213 4333 ἐπέχειν,
3254 4253 3385 4332 πρὸς
3427 4250 3553 4309 δέκα
3611 4249 3859 4331 χιλιάδας

491 4331 768 4413 corporei
790 4342 1018 4407 sunt,et
1037 4341 1296 4413 pugnant
1318 4345 1525 4395 contra
1547 4354 1654 4396 nos
1677 4336 1780 4416 qui
1806 4337 1867 4398 in
1889 4358 2136 4420 corpore

493 4440 720 4501 sumus,
772 4430 830 4481 et
885 4422 1171 4500 majorem
1223 4423 1495 4484 virtutem
1557 4424 1776 4487 habere
1834 4427 2133 4494 videntur.

494 4509 769 4583 Quamvis
786 4515 985 4573 autem
1006 4510 1319 4573 videantur
1340 4512 1750 4587 fortiores,nos
1771 4523 1963 4578 tamen
1985 4519 2135 4580 resi-

495 4596 659 4661 stere
685 4599 1034 4679 poterimus.
1049 4598 1149 4660 «In
1169 4600 1290 4662 Deo
1311 4602 2009 4684 enim,inquit,faciemus
2028 4608 2140 4670 vir-

496 4698 677 4750 tutem
696 4688 748 4737 7‘
777 4709 829 4769 ;›
857 4698 912 4749 et
938 4710 953 4749 :
981 4713 1007 4743 α
1036 4688 1325 4751 Dominus
1344 4690 1698 4752 illuminatio
1724 4713 1878 4774 mea,
1902 4705 1959 4757 et
1980 4697 2139 4759 salus

499 4796 650 4852 mea,
685 4796 863 4858 quem
899 4778 1119 4847 timebo
1142 4778 1172 4838 ‘?
1199 4777 1261 4841 Si
1292 4780 1674 4842 constiterint
1703 4783 2017 4846 adversum
2044 4806 2140 4847 me

496 4876 835 4942 castra,non
859 4866 1090 4928 timebit
1109 4885 1213 4931 cor
1237 4887 1434 4929 meum
1460 4869 1541 4929 72.
1559 4898 1577 4926 υ
1594 4870 1728 4930 402
1751 4871 1923 4935 Dedit
1943 4883 2138 4938 autem

497 4956 668 5018 nobis
699 4959 882 5029 Deus,
910 4956 1011 5037 qui
1060 4967 1301 5039 propter
1331 4977 1440 5019 nos
1472 4960 1807 5022 incarnatus
1831 4969 1943 5038 est,
1977 4975 2139 5044 pote-

498 5054 705 5123 statem
733 5045 1002 5108 calcandi
1025 5065 1209 5126 super
1238 5066 1476 5110 omnem
1512 5049 1784 5111 virtutem
1809 5051 2041 5116 inimici
2055 5056 2137 5120 73.

499 5134 728 5196 Idcirco
752 5150 807 5197 et
836 5138 1115 5215 quoniam
1141 5136 1202 5198 in
1228 5155 1405 5199 carne
1426 5138 1782 5201 exsistentes
1800 5160 1916 5202 non
1938 5160 2142 5207 carna-

500 5225 578 5286 lia
605 5241 772 5287 arma
793 5225 1105 5299 habemus,
1124 5226 1357 5289 etiamsi
1380 5227 1588 5289 decem
1621 5228 1805 5289 millia
1836 5230 2144 5297 videamur

503 5313 745 5402 habere,
779 5331 849 5374 eo
881 5314 1040 5394 quod
1074 5315 1132 5375 in
1176 5334 1425 5395 corpore
1456 5335 1701 5394 sumus;
1734 5326 1793 5379 et
1823 5318 1906 5380 illi
1940 5321 2140 5402 viginti

506 5401 711 5477 millia,
744 5419 813 5463 eo
844 5403 1000 5483 quod
1032 5404 1398 5487 incorporea;
1428 5416 1653 5468 natura;
1681 5415 1817 5469 sunt
1844 5429 1858 5471 :
1882 5401 2138 5477 attamen

587 5561 697 5625 701
725 5562 860 5626 Cor.
890 5578 979 5646 tu,
1014 5565 1109 5628 lt.
1196 5567 1246 5615 7¹
1289 5566 1443 5631 Psal.
1475 5584 1596 5643 ιιι,
1632 5572 1717 5632 14η

1810 5570 1871 5621 7¹
1907 5576 2059 5639 Psal.
2096 5595 2254 5655 xxvn,
2283 5588 2304 5643 t
2326 5628 2338 5641 .

2218 4342 2479 4422 ἡμετέρας
2515 4363 2530 4377 ’
2589 4343 2863 4419 ἀσώματοι
2905 4343 3005 4422 γὰρ
3060 4340 3229 4423 ὄντες,
3289 4343 3375 4398 xui
3430 4342 3561 4415 πρὸς
3606 4342 3727 4407 τοὺς
3773 4341 3862 4397 ἐν·

2220 4434 2497 4509 σωμάτους
2556 4435 2701 4507 ἡμᾶς
2756 4432 3179 4512 συγκρινόμενοι,
3257 4429 3472 4488 πλείονα
3540 4430 3639 4498 τὴν
3706 4431 3863 4510 ἰσχὺν

2221 4523 2458 4581 δοκοῦσιν
2509 4522 2660 4602 ἔχειν
2697 4539 2711 4552 ·
2769 4544 2868 4601 κεν
2916 4520 3004 4578 οὗν
3052 4518 3277 4577 δοκῶσιν
3326 4521 3683 4599 ἰσχυρότεροι,
3740 4517 3861 4575 ἀλλ’

2220 4616 2383 4690 ἡμεῖς
2413 4611 2671 4690 δυνάμεθα
2704 4612 3265 4691 ἀντιπαρατάσσεσθαι·
3305 4633 3335 4666 ε
3369 4608 3457 4667 Ἐν
3486 4617 3564 4685 τῷ
3593 4616 3709 4684 Θεῷ
3737 4609 3862 4689 γὰρ,

2222 4705 2372 4784 φησὶ,
2419 4705 2716 4779 ποιήσομεν
2756 4699 2974 4776 δύναμιν
3008 4720 3021 4734 ⁸
3062 4723 3087 4755 υ
3120 4701 3211 4756 καί
3241 4715 3256 4730 ’
3296 4719 3327 4758 (
3362 4700 3548 4778 Κύριος
3592 4700 3866 4779 φωτισμός

2221 4815 2326 4869 μου
2379 4793 2468 4849 καὶ
2524 4792 2714 4869 Σωτήρ
2746 4812 2873 4866 μου,
2904 4792 3020 4847 τίνα
3069 4786 3442 4869 φοϐηθήσομαι
3477 4809 3494 4871 ;
3530 4789 3655 4848 Ἐὰν
3685 4809 3866 4867 παρα-

2220 4880 2439 4950 τάξηται
2470 4880 2550 4938 ἐπ’
2590 4880 2685 4956 ἐμὲ
2730 4876 3064 4959 παρεμϐολὴ,
3091 4880 3150 4935 οὗ
3194 4875 3557 4959 φοϐηθήσεται
3596 4876 3628 4945 ὃ
3681 4875 3867 4957 καρδία

2223 4992 2349 5046 μου.
2404 4992 2429 5028 ε
2477 4968 2681 5026 Δέδωκε
2712 4967 2765 5024 δὲ
2796 4972 2933 5043 ἡμῖν
2973 4968 3187 5033 πάντως
3230 4970 3259 5024 ὁ
3289 4969 3576 5047 σαρκωθεὶς
3604 4966 3671 5023 δι’
3719 4968 3865 5043 ἡμᾶς

2224 5059 2354 5124 Θεὸς
2407 5062 2600 5117 πατεῖν
2658 5058 2745 5116 ἐπὶ
2772 5064 2947 5115 πᾶσαν
2988 5057 3087 5125 τὴν
3130 5055 3348 5133 δύναμιν
3390 5066 3482 5116 τοῦ
3522 5057 3736 5137 ἐχθροῦ.
3774 5058 3868 5112 Διὸ

2222 5151 2310 5206 καὶ
2364 5145 2549 5216 ἐπειδὴ
2591 5147 2644 5203 ἐν
2695 5148 2846 5225 σαρκὶ
2888 5143 3059 5227 ὄντες,
3091 5147 3150 5203 οὗ
3192 5147 3416 5222 σαρκικὰ
3457 5145 3597 5205 ὃπλα
3641 5146 3865 5226 ἔχομεν,

2224 5237 2322 5297 κᾶν
2376 5236 2503 5295 δέκα
2544 5233 2796 5318 χιλιάδας
2851 5234 3101 5316 δοχῶμεν
3144 5233 3447 5315 ἕχειν,νδιὰ
3484 5237 3548 5292 τὸ
3576 5236 3630 5293 ἐν
3658 5235 3868 5310 σώματι

2225 5330 2389 5403 εἶναι,
2452 5328 2665 5385 ἐκείνων
2724 5325 2899 5382 εἴκοσι
2947 5322 3207 5403 χιλιάδων
3252 5322 3419 5381 ὄντων
3450 5321 3534 5380 διὰ
3562 5325 3622 5381 τὸ
3651 5323 3873 5399 ἀσώμα·

2223 5442 2313 5476 την
2363 5418 2458 5486 τῆς
2517 5417 2746 5496 φύσεως,
2795 5414 2943 5491 ὅμως
2987 5411 3163 5492 λέγειν
3219 5414 3522 5493 ὀφείλομεν
3562 5427 3593 5474 ε
3622 5413 3811 5490 Κῷος
3842 5414 3879 5470 ἃ

2428 5579 2490 5628 73
2519 5577 2656 5638 Luc.
2689 5590 2750 5651 2,
2784 5576 2882 5638 19.
