4116 6212
272 377 394 443 948

992 379 1434 445 ENARRATIO
1480 384 1561 446 IN
1608 380 2113 446 EWANGELIUM
2160 382 2400 443 Luca.
2449 365 2526 425 —‘—
2568 382 2731 444 CAP.
2782 383 2910 444 xv.

3538 375 3658 441 946

280 515 409 579 Θεός
442 537 568 590 μου,
599 513 809 591 δύναμίς
842 532 968 591 μου*
1013 535 1036 571 ι
1091 517 1178 571 καὶ
1239 514 1504 589 μηδέποτε
1549 517 1932 597 εἷρηνεύσωμεν

2039 521 2217 584 licere
2248 522 2580 585 debemus:
2625 550 2646 579 α
2698 522 2981 587 Dominus
3030 524 3189 590 Deus
3240 544 3430 605 meus,
3477 522 3657 584 virtus

284 606 415 681 πρὸς
456 606 557 671 τὴν
595 606 880 683 ἁμαρτίαν,
913 604 1043 684 ὅπερ
1094 602 1202 661 ἐστὶ
1247 603 1571 674 δουλωθῆναι
1599 621 1718 669 τοῖς
1762 607 1930 663 πάθε-

286 716 370 749 σιν
400 709 413 723 ’
462 692 603 749 ἀλλὰ
655 693 860 767 μᾶλλον
917 695 1244 769 ἀντιστῶμεν
1297 694 1480 759 αὐτοῖς
1535 696 1623 752 καὶ
1677 693 1934 751 ἄσπονδον

283 796 445 857 μῖσος
491 784 624 862 πρὸς
668 783 800 839 αὐτὰ
857 781 1249 859 ἀναδεξώμεθα,
1300 782 1469 859 μηδὲν
1516 784 1756 848 θέλοντες
1790 782 1937 865 ἔχειν

284 879 392 929 τῶν
460 878 553 928 τοῦ
601 870 802 948 κόσμου
856 872 1132 951 ἒμπαθῶν,
1179 871 1299 929 ἀλλ’
1353 874 1773 949 ἀποτασσόμενοι
1830 880 1939 928 πᾶ·-

286 983 371 1016 σιν
412 975 427 990 ⁸
493 961 573 1017 ὅτι
628 965 688 1019 οὗ
747 958 956 1017 δύναται
1013 968 1236 1035 Χριστοῦ
1292 962 1434 1019 εἶναι
1486 963 1730 1037 μαθητὴς
1777 965 1804 1018 ὁ
1863 962 1939 1037 μὴ

291 1050 732 1126 ἀποτασσόμενος
788 1057 970 1124 πᾶσιν,
1017 1048 1136 1107 ἀλλ’
1180 1053 1459 1131 εἶρηνεύων
1499 1052 1629 1131 πρός
1676 1074 1791 1108 τινα
1834 1054 1940 1108 τῶν

290 1140 348 1196 ἐν
390 1142 470 1216 τῷ
512 1140 699 1216 κόσμῳ
754 1137 1141 1219 ψυχοϐλαϐὦν.
1201 1132 1260 1198 Ὅ
1290 1142 1389 1220 γὰρ
1416 1149 1641 1219 Χριστοῦ
1670 1142 1936 1220 μαθητὴς,

289 1228 418 1294 ὅλας
476 1229 683 1310 ὀφείλει
741 1230 910 1302 εἶναι,
957 1229 1017 1287 οὗ
1066 1230 1227 1306 μόνον
1280 1232 1437 1295 αὐτὸς
1480 1230 1673 1309 ἀγαθὸς
1705 1230 1801 1303 ὢν,
1851 1232 1939 1286 καὶ

294 1319 483 1384 κακίας
512 1318 808 1400 ἀμέτοχος,
853 1316 988 1375 ἀλλὰ
1044 1320 1134 1375 καὶ
1176 1316 1356 1383 ἄλλοις
1402 1317 1742 1394 μεταδοτικὸς
1798 1318 1937 1397 ἀγα-

287 1408 509 1474 θότητος
544 1426 559 1442 ⁸
609 1414 846 1464 τοιοῦτον
901 1408 999 1484 γὰρ
1040 1408 1103 1464 τὸ
1157 1404 1287 1472 ἅλας
1321 1424 1335 1441 ‘
1400 1408 1527 1467 αὐτό
1583 1427 1640 1463 τε
1700 1406 1939 1473 ἄσηπτον

291 1496 450 1570 μένον
504 1498 593 1553 καὶ
644 1493 897 1569 ἀϐλαϐὲς,
959 1497 1046 1551 καὶ
1098 1494 1250 1569 ἕτερα
1302 1493 1641 1575 διαφυλάττει
1700 1496 1935 1576 ἄσηπτα,

290 1584 379 1648 οἷς
431 1584 493 1640 ἂν
544 1582 756 1661 μεταδῷ
798 1590 896 1651 τῆς
951 1584 1262 1651 ποιότητος.
1305 1582 1429 1642 Ἐὰν
1457 1582 1511 1640 δὲ
1542 1586 1601 1640 τὸ
1642 1584 1773 1650 ἇῖλας
1799 1584 1938 1641 ἀπο-

291 1672 428 1751 ϐάλῃ
482 1675 581 1741 τὴν
633 1674 825 1731 οἰκείαν
884 1673 1060 1754 φύσιν,
1121 1673 1397 1753 ἄχρηστον
1466 1673 1642 1741 πάντη
1671 1745 1682 1754 _
1713 1676 1935 1753 γίνεται,

293 1745 413 1819 οὔτε
469 1766 543 1827 είς
588 1768 714 1843 γῆν,
759 1762 874 1819 οὔτε
898 1745 979 1827 ἐἷς
1022 1745 1245 1835 κοπρίαν
1296 1761 1498 1820 εὔθετον
1528 1762 1609 1825 ὅν,
1647 1745 1738 1821 ²“ο’
1766 1762 1822 1818 δὲ
1853 1745 1939 1818 λέί

290 1874 397 1932 γει,
457 1856 695 1910 τοιοῦτόν
776 1851 915 1908 ἐστιν
948 1868 964 1884 ·

298 1940 570 2021 ὠφέλιμον
624 1942 712 1997 καὶ
765 1942 1039 2019 ἀρτδτικὸν
1098 1940 1353 2017 βούλομαι
1423 1940 1587 2015 εἶναι,
1653 1940 1713 1997 οὗ
1783 1941 1943 2009 μόνον

298 2034 391 2087 τὸν
443 2029 780 2095 διδασκαλίας
827 2030 1065 2110 χάρισμα
1112 2028 1597 2110 ἐγκεχειρισμένον,
1643 2033 1750 2087 οἷοι
1807 2030 1943 2098 ἦσαν

299 2122 346 2176 οἱ
404 2117 717 2194 ἀπόστολοι,
788 2120 877 2176 καὶ
931 2116 1260 2199 διδάσκαλοι,
1334 2120 1423 2175 καὶ
1477 2118 1748 2193 ποιμένες,
1807 2116 1943 2173 ἀλλὰ

296 2211 385 2265 καὶ
426 2209 550 2272 τοὺς
592 2209 813 2271 λα’ἱκοὺς
866 2207 1055 2273 αὐτοὺς
1120 2208 1443 2288 χρησίμους,
1502 2209 1590 2264 καὶ
1646 2206 1942 2288 ἐπωφελετς

299 2313 419 2360 τοῖς
450 2297 678 2365 πλησίον
708 2297 919 2354 ἀπαιτῶ
949 2299 1117 2358 εἶναι.
1152 2298 1277 2356 Ἐὰν
1306 2296 1361 2353 δὲ
1409 2301 1437 2355 6
1477 2296 1690 2372 μέλλων
1740 2297 1944 2376 ἐτέρους

302 2390 561 2470 ὠφελεῖν,
620 2390 775 2453 αὐτὸς
830 2387 1083 2465 ἀδόκιμος
1166 2390 1410 2468 γένηται,
1468 2391 1557 2447 καὶ
1623 2392 1786 2465 ἔκστῇ
1848 2394 1947 2456 τῆς

305 2478 678 2559 προσηκούσης
736 2485 813 2553 τῷ
868 2485 1164 2557 Χριστιανῷ
1210 2479 1602 2552 καταστάσεως,
1635 2479 1752 2535 οὔτε
1805 2479 1949 2558 ὠφε-

303 2568 490 2639 λῆσαι,
536 2565 655 2624 οὔτε
709 2564 1049 2645 ὠφεληθῆναι
1096 2565 1397 2637 δυνήσεται.
1460 2588 1484 2621 ε
1534 2566 1665 2626 Οὔτε
1722 2568 1820 2645 γὰρ
1878 2569 1952 2630 εἰς

302 2658 427 2735 γῆν,
495 2657 676 2735 φησὶν,
723 2654 840 2714 οὔτε
871 2657 945 2721 είς
987 2657 1209 2734 κοπρίαν
1268 2655 1474 2713 εὔθετόν
1502 2655 1668 2719 ἐστιν,
1709 2678 1732 2711 ι
1773 2658 1949 2712 Αίνίτ-

300 2767 446 2801 τεται
490 2743 545 2802 δὲ
576 2743 662 2800 διὰ
705 2746 803 2821 μὲν
844 2744 943 2812 τῆς
972 2746 1075 2823 γῆς
1106 2746 1167 2801 τὸ
1195 2742 1587 2824 ὠφελούμενον,
1632 2742 1717 2800 διά
1756 2742 1810 2799 δὲ
1852 2750 1952 2813 της

308 2835 530 2913 κοπρίας
584 2835 645 2890 τὸ
700 2832 960 2913 ὠφελοῦν.
1024 2834 1117 2890 Διό
1173 2836 1247 2898 ὡς
1306 2836 1444 2909 μήτε
1498 2832 1741 2914 ὠφελῶν,
1815 2836 1953 2909 μήτε

304 2922 671 3003 ὠφελουμένος
740 2921 1045 2989 ἀπόϐλητος
1123 2924 1299 2989 πάντη
1381 2924 1468 2978 καὶ
1550 2921 1899 3000 ἀπορριπτὲος
1932 2937 1948 2953 ⁸

304 3014 418 3070 ἐπεὶ
474 3012 531 3068 δὲ
590 3014 859 3077 σκοτεινὸς
914 3014 1003 3068 καὶ
1060 3009 1418 3091 παραϐολικός
1447 3014 1475 3068 6
1506 3010 1663 3090 λόγος
1708 3013 1800 3083 ἦν,
1846 3009 1953 3066 διε-

1029 1851 1174 1937 Ἐγὼ
1227 1852 1325 1927 μὲν
1396 1852 1570 1909 πάντα
1629 1838 1999 1931 ΧριστιανὸνΒ

2017 629 2149 672 mea
2176 630 2189 674 :
2220 612 2600 693 anullamque
2624 632 2881 695 unquam
2901 633 3033 676 cum
3065 623 3306 695 peccato
3334 608 3658 695 habeamus

2020 720 2248 782 pacem,
2279 704 2335 765 id
2360 704 2514 784 quod
2541 704 2864 766 estservire
2884 706 3315 785 affectionibus,
3344 706 3449 767 sed
3471 703 3656 783 magis

2022 796 2372 853 rusistamus
2396 792 2574 873 eis,et
2605 794 2989 855 ostendamus
3012 794 3204 856 nullas
3229 813 3359 857 esse
3389 792 3658 855 inducias

2022 881 2291 943 odiorum
2326 900 2465 959 erga
2499 882 2855 962 illas,neque
2874 883 3092 945 habere
3108 884 3360 945 velimus
3383 882 3659 965 concupi-

2022 970 2251 1033 scibilia
2270 971 2495 1046 mundi,
2518 971 2620 1034 sed
2646 974 3055 1034 renuntiemns
3087 971 3656 1054 omnibus,quando-

2023 1060 2261 1139 quidem
2295 1079 2410 1121 non
2444 1070 2637 1140 potest
2658 1060 2985 1141 discipulus
3007 1061 3223 1124 Christi
3255 1060 3519 1142 esse,qui
3541 1078 3658 1119 non

2023 1148 2323 1210 renuntiat
2340 1149 2754 1223 omnibus,sed
2774 1168 2973 1230 pacem
2991 1149 3168 1211 habet
3190 1168 3324 1211 cum
3348 1148 3580 1229 hisquaa
3601 1148 3660 1207 in

2024 1237 2135 1298 hoc
2167 1237 2389 1299 mundo
2421 1238 2649 1298 animas
2688 1238 2904 1299 damno
2939 1238 3222 1301 afﬁciunt.
3273 1237 3488 1300 Christi
3523 1253 3665 1296 sane

2024 1323 2347 1405 discipulus
2386 1325 2469 1387 sal
2511 1344 2641 1387 esse
2672 1325 2870 1400 debet,
2916 1346 3032 1388 non
3073 1327 3264 1389 solum
3307 1328 3434 1405 ipse
3474 1326 3665 1388 bonus

2025 1414 2318 1474 exsistens
2342 1424 2399 1474 et
2422 1414 2659 1475 malitia}
2684 1434 2917 1494 expers,
2947 1417 3051 1477 sed
3087 1426 3142 1477 et
3165 1414 3296 1476 aliis
3331 1413 3661 1475 communi-

2026 1519 2166 1561 cans
2191 1501 2540 1564 bonitatem.
2565 1504 2648 1564 Ita
2669 1504 2827 1566 enim
2852 1522 2915 1565 se
2938 1504 3115 1566 habet
3137 1506 3243 1567 sal.
3270 1504 3469 1584 Ipsum
3502 1505 3661 1565 enim

2023 1609 2155 1651 cum
2185 1600 2418 1653 maneat
2440 1591 2688 1653 illaesum
2712 1601 2773 1655 et
2802 1592 3235 1675 incorruptum,
3278 1593 3391 1653 alia
3425 1608 3662 1673 quoque

2022 1697 2256 1740 servare
2284 1680 2439 1743 valet
2473 1700 2547 1742 ne
2566 1682 3263 1764 corrumpantur,quibus
3287 1700 3451 1743 suam
3476 1679 3664 1761 quali-

2024 1775 2200 1829 tatem
2228 1770 2648 1832 communicat.
2680 1772 2752 1831 At
2774 1771 2820 1831 si
2839 1779 3107 1833 naturam
3131 1790 3298 1833 suam
3322 1772 3406 1833 sal
3428 1770 3659 1849 abjece—

2027 1858 2121 1918 rit.
2147 1858 2388 1920 omnino
2413 1860 2622 1921 inutile
2641 1868 2751 1940 est,
2774 1878 2966 1941 nequc
2997 1871 3171 1923 terra;
3198 1879 3391 1942 neque
3410 1860 3660 1922 stercori

2026 1948 2755 2021 accommodum.Quando
2773 1958 2967 2011 autem
2990 1949 3315 2027 dicit,itase
3336 1948 3662 2027 habetzEgo

2027 2036 2264 2115 quidem
2292 2054 2531 2098 omnem
2565 2038 2959 2100 Christianum
2997 2039 3201 2100 utilem
3227 2048 3283 2101 et
3306 2038 3549 2100 condire
3570 2054 3667 2097 va-

2027 2124 2246 2185 lentem
2269 2143 2399 2185 esse
2420 2128 2573 2206 volo,
2594 2144 2710 2186 non
2743 2127 2935 2188 solum
2961 2146 3096 2189 eum
3129 2128 3220 2188 cui
3261 2126 3665 2188 concreditum

2029 2214 2280 2277 docendi
2312 2214 2770 2295 donum,quales
2800 2225 2934 2277 sunt
2955 2216 3205 2296 apostoli
3232 2223 3290 2277 et
3316 2216 3594 2277 doctores
3614 2221 3673 2274 et

2031 2304 2427 2382 pastores,sed
2455 2304 2628 2364 etiam
2652 2304 2819 2380 exigo
2846 2314 2905 2365 ut
2930 2304 3064 2365 laici
3084 2303 3197 2383 ipsi
3219 2304 3389 2365 bona:
3409 2301 3591 2380 frugis
3612 2310 3671 2362 et

2031 2390 2206 2450 utiles
2230 2391 2345 2451 sint
2368 2391 2676 2471 proximis.
2700 2391 2828 2454 Jam
2853 2393 2903 2453 si
2928 2393 3268 2472 profuturus
3297 2392 3429 2453 aliis
3458 2409 3669 2471 repro-

2035 2478 2143 2540 bus
2175 2480 2360 2555 ﬁat,et
2382 2498 2415 2541 a
2437 2479 2911 2543 Christianorum
2937 2481 3150 2546 ordine
3181 2482 3672 2562 ejiciatur,neque

2037 2568 2318 2647 prodesse
2341 2587 2533 2649 neque
2558 2569 2873 2632 utilitatem
2902 2590 3116 2653 capere
3138 2571 3378 2651 poterit.
3418 2594 3445 2624 α
3467 2571 3672 2651 Neque

2036 2658 2193 2718 enim
2214 2658 2269 2717 in
2296 2659 2973 2741 terram,inquit,neque
2995 2662 3055 2721 in
3070 2660 3505 2741 sterquilinium
3530 2658 3673 2721 utile

2036 2756 2147 2808 est.
2189 2770 2212 2803 υ
2246 2748 2583 2809 lnsinuatur
2603 2758 2798 2808 autem
2825 2767 2930 2829 per
2945 2758 3160 2810 terram
3181 2749 3335 2828 quod
3358 2747 3669 2809 utilitatem

2036 2836 2247 2914 capiat,
2273 2854 2376 2914 per
2404 2836 2846 2916 sterquilinium
2879 2845 3072 2898 autem
3110 2837 3267 2917 quod
3301 2836 3504 2917 prosit.
3533 2834 3671 2896 Ideo

2034 2922 2301 3003 rejicitur
2324 2933 2384 2985 et
2402 2925 2771 3003 rejiciendus
2792 2934 3188 3006 est,tanquam
3205 2925 3304 3006 qui
3330 2944 3439 2987 nec
3466 2925 3673 3006 prosit,

2038 3031 2146 3073 nec
2171 3010 2479 3073 utilitatem
2514 3012 2820 3093 percipiat.
2859 3016 2928 3074 Et
2961 3014 3241 3095 quoniam
3263 3014 3551 3078 obscurus
3580 3033 3677 3094 pa-

303 3105 492 3181 γείρων
547 3102 670 3164 τοὺς
741 3102 1001 3177 ἀκροατὰς
1064 3104 1092 3158 6
1143 3102 1329 3180 Κύριος
1380 3103 1453 3164 εἷς
1508 3102 1570 3157 τὸ
1631 3101 1708 3176 μὴ
1770 3098 1949 3181 ἀπλῷς

2039 3100 2453 3180 rabolicusque
2481 3119 2681 3162 sermo
2732 3100 2835 3163 ille
2883 3102 3009 3177 fuit,
3067 3106 3329 3164 excitans
3376 3101 3677 3165 auditores

304 3179 685 3269 παραδέξασθαι
714 3191 776 3247 τὸ
804 3190 958 3267 ῥηθὲν
990 3191 1107 3268 περὶ
1157 3179 1247 3246 τοῦ
1290 3188 1510 3270 ἅλατος,
1557 3188 1766 3270 φησιν’
1820 3207 1849 3247 (
1897 3179 1955 3247 Ὀ

306 3268 450 3360 ἔχων
503 3283 616 3335 ὦτα
668 3279 899 3354 ἀκούειν,
959 3277 1217 3356 ἀκουέτω,
1268 3301 1292 3335 ι
1332 3268 1684 3352 contriuit“),
1721 3268 1779 3334 ιΟ
1812 3276 1956 3357 ἔχων

307 3371 510 3426 σύνεσιν
579 3368 801 3425 συνιέτω
832 3382 847 3397 ⁸
894 3367 1007 3424 ὦτα
1068 3369 1169 3447 γὰρ
1226 3366 1444 3425 ἐνταῦθα
1505 3368 1603 3435 τὴν
1646 3367 1957 3434 αἰσθητικὴν

305 3459 521 3533 δύναμιν
558 3459 657 3524 τῆς
714 3458 923 3537 ψυχῆς,
988 3458 1076 3513 καὶ
1112 3461 1211 3526 τὴν
1242 3459 1377 3536 πρὸς
1404 3457 1468 3513 τὸ
1499 3456 1726 3513 συνιέναι
1760 3456 1956 3523 ἐπιτη-

305 3548 553 3614 δειότητα
622 3545 837 3614 νοητέον
869 3594 883 3609 ,
942 3545 1163 3609 ἕκαστος
1234 3547 1322 3604 οὗν
1378 3549 1533 3623 ἡμῶν
1589 3547 1695 3603 τῶν
1756 3551 1957 3601 πιστῶν

306 3638 438 3703 ἅλας
494 3638 655 3710 ἐστὶν,
691 3636 752 3692 ἐκ
780 3639 885 3692 τῶν
912 3636 1062 3693 θείων
1094 3635 1270 3714 λόγων
1312 3637 1400 3693 καὶ
1439 3636 1533 3704 τῆς
1589 3633 1786 3692 ἄνωθεν
1841 3635 1957 3713 χά-

308 3750 448 3806 ριτος
480 3727 673 3792 ταύτην
714 3726 818 3793 τὴν
852 3724 1114 3792 ποιότητα
1156 3723 1489 3804 δεδεγμένος
1527 3714 1661 3806 λ”Οτι
1692 3723 1747 3780 δὲ
1776 3726 1811 3792 ἡ
1845 3722 1957 3803 χά-

312 3804 389 3894 ρις
450 3814 583 3879 ἅλας
614 3815 777 3894 ἐστὶν,
821 3812 979 3871 ἄκουε
1007 3824 1101 3873 τοῦ
1157 3812 1363 3873 Παῦλου
1387 3829 1401 3843 '
1459 3836 1483 3870 ε
1522 3804 1579 3872 Ὀ
1610 3813 1769 3891 λόγος
1812 3815 1957 3888 ὑμῶν

311 3906 447 3962 ἔστω
469 3904 524 3961 ἐν
567 3904 748 3982 γάριτι
789 3903 946 3960 ἅλατι
989 3902 1323 3982 ἠρτυμμένος
1358 3921 1375 3939 ⁸
1420 3921 1445 3961 ε
1489 3904 1561 3966 ὡς
1588 3902 1714 3959 ὅταν
1744 3905 1771 3958 6
1801 3901 1959 3978 λόγος

312 3994 404 4062 εἴη
462 3992 681 4074 ἄχαρις,
728 3990 919 4057 ἔναλος
963 3990 1176 4070 λέγοιτο
1219 3992 1300 4053 ἄν.
1352 3994 1411 4051 Εἰ
1464 3994 1636 4048 τοίνυν
1691 4012 1961 4070 καταφρο-

313 4087 549 4159 νήσομεν
591 4082 687 4150 τῆς
719 4086 822 4140 τῶν
852 4083 1003 4138 θείων
1035 4080 1211 4159 λόγων
1266 4081 1578 4161 ποιότητος,
1626 4082 1714 4138 καὶ
1769 4082 1828 4137 οὐ
1873 4077 1963 4135 δε-

318 4175 520 4253 Αόμεθα
560 4172 759 4239 ταύτην
817 4172 891 4234 εἷς
943 4171 1156 4237 ἑαυτοὺς
1205 4172 1295 4227 καὶ
1348 4170 1638 4246 ποιούμεθα
1667 4168 1719 4235 ἒξ
1774 4168 1961 4244 αὖτῆς,

320 4264 429 4319 τότε
488 4262 657 4338 μωροὶ
713 4261 800 4317 καὶ
872 4260 1110 4316 ἀσύνετοι
1156 4260 1435 4338 γινόμεθα,
1481 4260 1571 4314 καὶ
1615 4258 1777 4321 ὄντως
1820 4261 1963 4332 ἔμω-

312 4353 470 4423 ρανθη
528 4352 587 4406 τὸ
644 4350 774 4413 ἅλας
836 4352 1018 4430 ἡμῶν,
1063 4350 1137 4412 ὡς
1182 4349 1263 4424 μὴ
1324 4348 1453 4429 ἔχον
1510 4349 1610 4416 τὴν
1640 4354 1740 4414 τῆς
1774 4347 1968 4406 ἀνωθεν

316 4440 531 4520 χάριτος
560 4440 846 4507 ποιότητα,

941 4537 1194 4593 ΚΕΦΑΛ.
1240 4529 1355 4592 ιε’.

320 4628 437 4705 Περὶ
488 4626 593 4682 τῶν
653 4628 845 4683 ἑκατὸν
945 4623 1226 4705 προϐάτων
1280 4620 1607 4705 παραϐολή,
1677 4624 1799 4700 Περὶ
1877 4630 1970 4679 τοῦ

620 4703 1072 4776 ἀποδημήσαντος
1106 4706 1178 4770 εἷς
1211 4704 1395 4784 χώραν
1429 4703 1657 4782 μακράν,

399 4824 427 4854 α
461 4787 626 4857 Ἠσαν
670 4797 725 4855 δὲ
779 4798 1073 4877 ἐγγίζοντες
1144 4798 1290 4871 αὒτῷ
1345 4796 1538 4859 πάοτες
1611 4798 1659 4853 οἱ
1718 4794 1966 4874 τελῶναι,

319 4890 405 4946 καὶ
477 4889 525 4944 οἱ
613 4885 921 4965 ἁμαρτωλοὶ
998 4885 1206 4943 ἀκούειν
1259 4886 1439 4942 αὐτοῦ·
1496 4886 1583 4941 καὶ
1634 4882 1969 4964 διεγόγγυζον

319 4981 365 5035 οἱ
423 4984 715 5056 Φαρισαῖοι
759 4977 848 5032 καὶ
893 4978 939 5032 οἱ
974 4982 1317 5055 Γραμματεϊς
1347 4972 1613 5053 λέγοντες,
1653 4972 1757 5053 ὅτι,
1809 4976 1970 5035 Οὗτος

321 5066 663 5143 ἁμαρτωλοὺς
721 5064 1080 5145 προσδέχεται
1141 5065 1229 5121 καὶ
1284 5064 1537 5119 συνεσθίει
1581 5066 1786 5125 αὐτοῖς,
1834 5063 1973 5119 Εϊπε

320 5158 374 5213 δὲ
431 5158 563 5235 πρὸς
627 5156 813 5218 αὖτοὺς
871 5155 969 5222 τὴν
1027 5150 1335 5232 παραϐολὴν
1395 5150 1595 5217 ταύτην
1649 5149 1843 5229 λέγων·
1886 5152 1974 5213 Τίς

327 5246 590 5321 ἅνθρωπος
648 5244 699 5310 ἐξ
752 5244 899 5319 ὑμῶν
944 5242 1089 5324 ’έχων
1139 5242 1327 5298 ἑκατὸν
1397 5236 1659 5319 πρόϐατα,
1706 5242 1792 5297 καὶ
1834 5240 1976 5295 ἀπο-

320 5334 477 5398 λέσας
507 5336 563 5393 ἓν
619 5332 671 5400 ἐξ
716 5334 911 5409 αὐτῶν,
958 5334 1017 5389 οὒ
1050 5330 1365 5389 καταλείπει
1416 5329 1483 5384 τὰ
1535 5327 1977 5395 ὲννενηκονταεν-

323 5424 414 5481 νέα
464 5424 517 5480 ἓν
562 5429 628 5499 τῇ
671 5423 877 5502 ἐρήμῳ,
937 5424 1028 5481 καὶ
1079 5420 1355 5492 πορεύεται
1414 5416 1501 5474 ἐπὶ
1554 5419 1616 5475 τὸ
1673 5416 1977 5491 ἀπολωλὸς,

408 5603 471 5654 ⁷4
495 5600 722 5666 Coloss.
748 5618 830 5679 tv,
869 5602 934 5670 6.

1992 4399 2034 4446 D

2041 3186 2326 3250 Dominus
2372 3200 2431 3249 ut
2460 3208 2577 3250 non
2609 3189 2961 3272 simpliciter
2991 3192 3316 3273 suscipiant
3353 3193 3574 3254 dictum
3601 3190 3675 3251 de

2040 3277 2362 3353 sale,dicit:
2379 3304 2396 3333 ι
2411 3277 2519 3350 Qui
2539 3276 2715 3340 habet
2734 3298 2909 3341 aures
2929 3281 3002 3342 ad
3022 3280 3632 3355 audiendum,audiat,
3648 3304 3671 3336 ιο

2042 3367 2156 3428 hoc
2188 3375 2297 3441 est,
2331 3366 2440 3439 Qui
2472 3367 2650 3429 habet
2696 3368 3091 3451 intellectum,
3125 3370 3432 3449 intelligat.
3485 3372 3678 3431 Aures

2041 3457 2196 3517 enim
2224 3456 2335 3517 hoc
2361 3456 2491 3517 loco
2513 3455 2857 3517 sensitivam
2884 3458 3156 3520 virtutem
3174 3459 3474 3529 animm,et
3494 3457 3564 3518 ad
3592 3457 3676 3518 in-

2043 3544 2842 3625 telligendumaptitudinem
2871 3546 3461 3625 signiﬁcant.0mnes
3480 3547 3679 3628 itaque

2042 3634 2250 3695 ﬁdeles
2279 3635 2361 3694 sal
2384 3641 2544 3709 sunt,
2578 3652 2649 3695 ex
2670 3635 2881 3697 divinis
2924 3637 3299 3698 sermonibus
3332 3628 3390 3699 et
3427 3654 3681 3716 superna

2041 3722 2225 3800 gratia
2240 3722 2582 3803 qualitatem
2606 3725 2758 3786 hanc
2785 3725 3208 3805 suscipientes.
3230 3725 3300 3787 Et
3322 3725 3477 3806 quod
3499 3725 3685 3805 gratia

2043 3812 2126 3872 sal
2159 3810 2259 3892 sit,
2310 3811 2450 3872 audi
2499 3810 2742 3872 Paulum
2790 3812 3132 3876 dicentem:
3174 3839 3197 3869 ιι
3235 3814 3444 3877 Sermo
3490 3820 3684 3874 vester

2045 3900 2120 3961 sit
2139 3901 2197 3961 in
2220 3901 2403 3979 gratia
2422 3900 2543 3961 sale
2564 3901 2838 3962 conditus
2857 3901 2938 3963 74.
2968 3901 3073 3963 »Ει
3102 3903 3180 3964 ita
3209 3902 3259 3963 si
3290 3903 3467 3963 fuerit
3487 3918 3684 3962 sermo

2046 3989 2266 4069 ἄχαρις,
2291 3989 2524 4062 hocest,
2553 3988 2683 4051 sine
2706 3990 2921 4069 gratia,
2941 3990 3205 4054 insulsus
3237 3991 3472 4053 dicitur.
3507 3989 3687 4070 Igitur

2047 4078 2096 4137 si
2129 4079 2458 4139 divinorum
2492 4079 2859 4159 eloquiorum
2886 4079 3226 4159 qualitatem
3260 4078 3687 4159 contempseri-

2052 4176 2269 4246 mus,et
2291 4185 2407 4227 non
2437 4167 2879 4247 susceperimus
2902 4187 3029 4229 eam
3054 4170 3113 4229 in
3140 4169 3505 4249 nosejusque
3537 4186 3684 4248 qua-

2052 4256 2216 4317 litate
2242 4256 2592 4329 aft‘tciamur,
2630 4266 2767 4318 tunc
2798 4259 2964 4318 stulti
2995 4267 3054 4320 et
3079 4258 3383 4320 intellectu
3416 4264 3687 4319 carentes

2053 4345 2367 4406 efficimur.
2400 4343 2473 4404 Et
2501 4345 2761 4424 profecto
2786 4346 3132 4408 intatuatum
3158 4353 3245 4407 est
3273 4346 3360 4407 sal
3394 4352 3684 4417 nostrum,

2053 4436 2101 4495 si
2136 4453 2251 4495 non
2281 4431 2553 4494 habuerit
2581 4452 2855 4514 supernae
2884 4435 3085 4513 gratim
3116 4435 3484 4515 qualitatem.

2568 4525 2709 4585 405
2743 4524 2983 4588 CAPUT
3035 4527 3167 4589 XV.

2057 4613 2350 4677 Parobola
2379 4616 2451 4678 dc
2480 4623 2718 4677 centum
2751 4614 2985 4677 ovibus.
3032 4615 3124 4677 De
3150 4633 3394 4696 peregre
3426 4617 3688 4696 pro/ecta

2450 4698 2519 4756 in
2547 4700 2851 4772 regionem
2885 4696 3300 4774 longinquam.

2135 4789 2318 4851 Vens.
2356 4789 2571 4851 1-104
2605 4787 2986 4850 Accedebant
3007 4797 3206 4848 autem
3228 4788 3299 4847 ad
3331 4807 3467 4848 eum
3484 4806 3695 4850 omnes

2056 4878 2427 4961 publicaniet
2450 4884 2792 4957 peccatores
2825 4886 2885 4937 ut
2912 4876 3188 4938 audirent
3215 4875 3407 4945 illum.
3434 4884 3492 4938 et
3524 4894 3692 4937 mur-

2056 4967 2365 5030 murabant
2386 4965 2665 5030 Pbarismi
2688 4982 2759 5029 ac
2780 4963 3003 5026 Scribaa
3018 4964 3283 5026 dicentes
3305 4987 3317 5024 :
3347 4965 3455 5027 Hic
3479 4984 3692 5045 pecca-

2056 5067 2214 5118 tores
2244 5054 2482 5132 recipit,
2514 5073 2581 5114 ac
2631 5054 2828 5114 cibum
2863 5052 3021 5131 capit
3070 5071 3206 5114 cum
3259 5054 3399 5117 illis.
3452 5054 3697 5117 Dicebat

2057 5155 2252 5209 autem
2287 5144 2358 5205 ad
2391 5142 2523 5205 illos
2554 5142 2893 5222 parabolam
2939 5141 3119 5213 hanc,
3149 5141 3357 5205 dicens
3392 5165 3407 5204 :
3440 5143 3585 5215 Quis
3626 5162 3695 5204 ex

2059 5236 2224 5296 vobis
2256 5240 2345 5294 est
2367 5233 2542 5293 homo
2562 5231 2663 5312 qui
2681 5230 2862 5292 habet
2881 5238 3119 5292 centum
3143 5250 3303 5303 oves.
3328 5241 3385 5295 et
3411 5233 3461 5293 si
3493 5233 3695 5314 perdi-

2062 5324 2216 5386 derit
2246 5339 2418 5381 unam
2455 5337 2523 5379 ex
2550 5320 2687 5400 illis,
2718 5337 2917 5380 nonne
2943 5318 3225 5399 relinquit
3254 5323 3569 5401 nonaginta
3597 5341 3698 5382 no-

2064 5434 2191 5475 vem
2227 5414 2281 5472 in
2320 5410 2579 5483 deserto,
2616 5419 2675 5470 et
2704 5409 2860 5467 vadit
2910 5407 2980 5469 ad
3032 5407 3191 5471 illam
3243 5430 3373 5491 qua;
3417 5412 3695 5491 perierat,
