4116 6212
456 347 573 412 947

461 581 717 663 imponit
772 582 833 646 iu
893 584 1179 648 humeros
1236 603 1375 647 suos
1424 584 1712 665 gaudens,
1742 589 2111 667 veniensque

461 670 729 752 domum,
755 680 1037 736 convocat
1068 674 1295 736 amicos
1329 683 1391 736 et
1421 675 1673 752 vicinos,
1711 676 1917 739 dicens
1944 675 2064 737 illis
2092 700 2108 741 :

462 760 752 836 Gaudete,
802 781 1063 844 mecum,
1120 763 1259 845 quia
1308 763 1509 827 inveni
1558 785 1724 828 ovcm
1759 784 1949 829 meam
1981 784 2114 847 quae

465 850 751 932 perierat.
785 850 929 915 Dico
968 851 1158 927 vobis,
1211 854 1366 935 quod
1428 854 1510 918 ita
1556 855 1835 936 gaudium
1887 856 1998 918 erit
2049 855 2110 916 in

461 938 614 1003 caelo
667 957 851 1020 super
898 960 1016 1003 uno
1078 950 1393 1023 peccatore
1451 944 1865 1025 resipiscente,
1927 944 2111 1024 magis

463 1046 639 1109 quam
672 1047 854 1109 super
888 1031 1205 1109 nonaginta
1235 1050 1444 1093 novem
1485 1033 1687 1113 justis,
1720 1034 1821 1114 qui
1861 1051 1979 1095 non
2011 1034 2108 1094 in-

463 1116 668 1195 digent
695 1117 1060 1199 poenitentia.
1096 1119 1218 1179 Ant
1269 1138 1399 1200 quae
1447 1121 1662 1183 mulier
1709 1120 1937 1184 habens
1966 1122 2109 1184 dra-

464 1205 669 1267 chmas
720 1204 957 1277 decem,
1018 1207 1068 1267 si
1130 1207 1455 1288 perdiderit
1513 1210 1857 1273 drachmam
1904 1230 2107 1288 unam,

464 1311 666 1355 nonne
694 1294 965 1356 accendit
987 1295 1315 1369 lucernam,
1342 1304 1399 1356 et
1428 1299 1615 1361 verrit
1644 1297 1911 1374 domum,
1944 1317 2111 1380 quae-

464 1381 659 1463 ritque
690 1381 1014 1461 diligenter
1042 1383 1233 1446 donec
1256 1384 1561 1449 inveniat?
1592 1395 1651 1450 et
1680 1406 1815 1449 cum
1860 1387 2110 1463 invenit,

464 1478 747 1533 convocat
773 1471 994 1534 amicas
1023 1490 1092 1534 ac
1121 1473 1365 1549 vicinas,
1401 1474 1609 1537 dicens
1642 1493 1655 1538 :
1694 1475 1959 1540 Gaudete
1981 1495 2110 1540 me-

463 1579 623 1640 cum,
676 1559 816 1641 quia
863 1561 1059 1623 inveni
1097 1561 1437 1625 drachmam
1481 1583 1656 1645 quam
1707 1565 2107 1646 perdideram.

462 1648 548 1710 Ita
576 1647 711 1709 dico
743 1647 929 1722 vobis,
981 1649 1255 1729 gaudium
1313 1650 1425 1712 erit
1468 1671 1664 1714 coram
1729 1653 1956 1733 angelis
2007 1647 2112 1716 Dei

1338 353 1933 418 THEOPHYLACTI
1975 349 2384 415 BULGARIE
2408 330 2764 418 ARCHIEP.

461 491 653 556 donec
710 493 973 557 inveniat
1023 513 1153 559 eam
1199 501 1229 558 ?
1283 504 1341 558 et
1399 516 1535 558 cum
1593 497 1892 561 invenerit
1946 481 2289 571 campum;
2345 486 2466 566 εῧρῖα
2526 488 2650 546 αὖτά
2682 505 2698 522 ⁸

3750 347 3861 415 948

2790 491 2876 546 καὶ
2957 490 3120 567 εὑρὼν
3189 490 3483 555 ἐπιτίθησιν
3576 487 3677 542 ἐπὶ
3753 482 3865 544 τοὺς

2192 571 2370 649 ὤμους
2420 576 2580 633 αὒτοῦ
2623 577 2849 658 χαίρων,
2914 579 3003 636 καὶ
3046 578 3211 636 ἐλθὼν
3244 580 3316 644 εἷς
3343 577 3439 634 τὸν
3497 577 3672 634 οἶκον
3712 576 3869 631 αύτῷ

2193 662 2450 743 συγκαλεῖ
2475 668 2600 730 τοὺς
2644 665 2826 748 φίλους
2868 668 2961 725 καὶ
3001 668 3123 732 τοὺς
3153 668 3394 747 γείτονας
3425 666 3611 744 λέγων
3648 664 3866 722 ὐτοῖς

2193 754 2516 833 Συγχάρητέ
2545 779 2658 837 μοι,
2706 757 2789 814 ὅτι
2833 764 2983 837 εῦρον
3024 758 3087 813 τὸ
3128 756 3391 838 πρόϐατόν
3454 779 3565 832 μου
3602 756 3680 811 τὸ
3729 752 3870 807 ἀπε.

2193 839 2416 923 λωλός;
2477 844 2631 923 Λέγω
2677 846 2830 921 ὑμῖν,
2887 845 2967 902 ὅτι
3028 846 3166 904 οὕτω
3220 846 3365 926 χαρὰ
3405 848 3461 903 ἓν
3506 851 3590 918 τῷ
3654 842 3874 918 οὗρανῷ

2192 928 2338 989 ἔσται
2383 930 2467 989 ἒπὶ
2518 934 2599 990 ἐνὶ
2643 932 2948 1013 ἀμαρτωλῶ
2992 939 3371 1011 μετανοοῦντις
3405 934 3442 1003 ἢ
3481 935 3577 990 ἐπὶ
3633 935 3873 994 ὲννενηο

2190 1021 2504 1103 κονταεννέα
2547 1019 2790 1095 δικαίοις,
2840 1022 3038 1089 οἵτινες
3096 1026 3157 1082 οὔ
3209 1025 3393 1103 χρείαι
3438 1023 3637 1102 ’έχουσι
3692 1042 3876 1095 μετα-

2191 1110 2357 1193 νοέεις.
2419 1092 2506 1167 ’,Η
2563 1111 2642 1174 τίς
2698 1092 2831 1191 γυνὴ
2873 1113 3120 1193 δραχμὰς
3164 1092 3365 1193 Eiet)“
3412 1092 3566 1190 δέκα,
3599 1092 3709 1166 ἐὰν
3741 1109 3879 1164 ἁπο-

2194 1173 2322 1276 λέϐῃ
2378 1197 2628 1280 δραχμὴν
2677 1173 2830 1277 ρίίαν,
2885 1173 3027 1282 (ibi?
3056 1173 3233 1260 circa;
3268 1201 3490 1282 λύχνον,
3550 1173 3651 1256 καὶ
3708 1213 3877 1277 σαροῖ

2191 1287 2291 1355 τὴν
2350 1289 2539 1364 οἰκίαν,
2600 1290 2688 1347 καὶ
2730 1297 2886 1362 ζητεῖ
2942 1290 3236 1367 ἒπιμελῶς,
3273 1291 3376 1355 ἕως
3400 1290 3527 1347 ὅτου
3560 1289 3731 1367 εὕρῃ,
3784 1289 3879 1342 καὶ

2194 1377 2437 1455 εὖροῦσα,
2484 1377 2746 1453 συγκαλεῖ
2813 1381 2908 1444 τὰς
2967 1379 3121 1459 φίλας
3165 1382 3252 1437 καὶ
3293 1381 3388 1443 τὰς
3448 1379 3705 1456 γείτονας
3773 1374 3877 1431 λέ-

2193 1487 2359 1543 γουσα
2393 1480 2407 1494 '
2484 1465 2802 1547 Συγχάρητε
2872 1490 2988 1544 μοι,
3047 1468 3128 1526 ὅτι
3186 1469 3332 1548 εὖρον
3390 1468 3488 1535 τὴν
3562 1465 3873 1547 δραχμὴν.

2194 1551 2257 1619 ἦν
2309 1553 2613 1629 ἀπώλεσας
2673 1555 2824 1613 Οὕτω
2879 1557 3020 1637 λέγω
3076 1560 3232 1635 ὑμῖν,
3277 1558 3421 1638 χαρὰ
3463 1557 3670 1635 γίνεται
3729 1556 3876 1611 ἐνώ-

2193 1664 2315 1699 πιον
2375 1650 2497 1727 τῶνΔ
2524 1644 2767 1724 ἀγγέλων
2807 1654 2901 1704 τοῦ
2957 1654 3089 1704 Θεοῦ
3117 1646 3204 1705 ἐπὶ
3234 1648 3308 1705 ἑνὶ
3339 1645 3628 1727 ἁμαρτολῷ
3675 1667 3874 1720 μετα-

463 1755 644 1819 super
672 1756 789 1799 uno
822 1724 1135 1819 peccatore
1164 1738 1580 1821 resipiscente.
1616 1766 1642 1797 ι
1668 1724 1953 1805 Dominus
1983 1744 2109 1825 qui-

2194 1740 2420 1795 νοοῦντι.
2485 1724 2543 1791 Ὀ
2587 1736 2686 1811 μὲν
2731 1738 2915 1815 Κύριος
2958 1737 3134 1795 ἐκεῖνο
3191 1738 3358 1795 ἐποίει
3402 1724 3463 1795 οῦ
3518 1734 3709 1792 ἕνεκεν
3776 1738 3876 1791 καὶ

462 1826 598 1889 dem
630 1826 775 1887 illud
829 1826 1105 1909 faciebat,
1153 1828 1322 1907 cujus
1372 1829 1558 1909 gratia
1605 1830 1947 1894 incarnatus
1995 1839 2107 1907 est,

461 1915 757 1978 accedens
784 1915 856 1977 ad
902 1916 1249 1997 publicanos
1300 1928 1359 1981 et
1409 1927 1781 2000 peccatores,
1832 1928 2108 2001 tanquam

463 2004 731 2067 medicus
760 2004 834 2065 ad
863 2003 1287 2078 infirmos.Qui
1308 2017 1511 2068 autem
1539 2026 1745 2071 revera
1766 2017 2111 2089 peccatores

462 2100 631 2155 erant
659 2093 968 2173 Pharisaei,
988 2093 1601 2158 obmurmurationem
1634 2104 1809 2161 tantm
1838 2098 2112 2160 humani-

464 2181 566 2242 tati
594 2181 1028 2260 rependebant.
1077 2181 1528 2246 Abominabiles
1577 2188 1733 2247 enim
1786 2187 2112 2250 censebant

465 2269 833 2349 publicanos,
857 2268 968 2349 ipsi
1000 2278 1198 2333 autem
1229 2272 1443 2332 domos
1471 2272 1779 2336 viduarum
1801 2284 1858 2337 et
1884 2277 2107 2357 orpha-

465 2374 678 2418 norum
710 2356 1125 2420 comedebant.
1164 2357 1318 2430 Quid
1364 2360 1543 2439 igitur
1585 2364 1919 2427 Dominus?
1947 2356 2111 2429 Sicut

466 2444 808 2506 misericors
837 2454 961 2507 erat
1006 2464 1144 2524 erga
1178 2447 1546 2527 publicanos.
1580 2452 1659 2513 ita
1691 2462 1753 2516 et
1781 2472 1920 2532 erga
1950 2455 2106 2533 illos,

465 2534 563 2616 qui
577 2551 742 2595 suam
766 2533 1276 2598 calumniabantur
1292 2536 1786 2606 misericordiam.
1803 2543 1933 2618 Non
1950 2544 2110 2606 enim

464 2631 772 2686 aversatur
799 2641 905 2686 eos
942 2632 1219 2704 tanquam
1264 2626 1626 2691 insanabiles
1669 2638 1730 2692 et
1758 2631 2109 2696 obmurmu-

462 2720 688 2786 rantes,
724 2712 827 2774 sed
861 2721 1170 2775 mansuete
1220 2724 1411 2791 sanat,
1447 2716 1785 2795 parabolam
1835 2720 1987 2782 hanc
2034 2722 2110 2785 de

463 2799 669 2862 ovibus
699 2800 906 2863 dicens
937 2821 951 2864 ε
987 2809 1047 2863 et
1072 2802 1147 2864 de
1193 2802 1521 2866 manifestis
1553 2813 1611 2867 et
1639 2809 1818 2870 certis
1848 2809 1936 2871 eis
1967 2829 2106 2890 per-

462 2890 693 2966 suadet,
748 2901 806 2953 et
848 2890 1111 2952 confutet
1164 2890 1267 2966 ita,
1323 2910 1399 2953 ne
1446 2911 1602 2973 agre
1657 2896 1846 2959 ferant
1889 2907 2104 2961 tantam

462 2977 744 3091 bonitatis
774 2978 1149 3091 eﬂ‘usionem.
1177 2977 1326 3080 liam
1348 2981 1395 3042 si
1410 2982 1469 3043 in
1489 3001 1601 3091 ove
1622 2985 2102 3064 unairrationali,
2124 3037 2165 3091 ε

463 3085 598 3147 quae
624 3067 697 3129 ad
728 3066 1053 3148 imaginem
1084 3066 1192 3129 Dei
1223 3086 1342 3130 non
1372 3079 1464 3131 est
1485 3071 1656 3148 facta,
1689 3073 1740 3134 si
1769 3093 1903 3137 cum
1936 3095 2106 3140 erra-

463 3156 632 3246 verit,
659 3155 836 3246 fuerit
854 3155 1119 3246 inventa,
1135 3158 1413 3236 gaudium
1437 3160 1501 3221 ﬁt
1531 3168 1756 3224 tantum
1784 3184 1798 3227 :
1823 3176 2105 3246 quantum

467 3243 793 3305 verisimile
819 3252 912 3305 est
941 3244 1071 3306 ﬁeri
1105 3245 1166 3306 in
1199 3245 1441 3335 homine
1470 3249 1742 3313 rationali
1771 3243 1858 3314 adv
1889 3254 2106 3335 imagi-

466 3350 602 3394 nem
633 3331 738 3393 Dei
769 3332 1051 3420 condito'.’
1102 3333 1408 3397 Manifeste
1446 3336 1625 3417 igitur
1666 3340 1943 3420 parabola
1983 3331 2110 3408 hinc

454 3421 650 3502 justos
683 3419 830 3482 dicit
871 3438 978 3502 per
1024 3440 1162 3485 oves
1209 3424 1535 3502 nonaginta
1588 3419 1843 3505 novem;
1894 3440 1951 3493 et
2006 3452 2113 3513 per

462 3528 640 3572 unam
674 3518 1049 3589 peccatorem
1072 3513 1172 3594 qui
1196 3513 1473 3593 perierat.
1499 3515 1715 3579 Dicunt
1739 3527 1932 3581 autem
1964 3540 2109 3584 non-

464 3598 615 3661 nulli
643 3608 883 3662 centum
919 3619 1057 3663 oves
1079 3619 1317 3663 omnem
1351 3613 1682 3667 creaturam
1717 3607 2108 3674 rationalem:

467 3705 646 3751 unam
677 3697 875 3751 autem
927 3708 1118 3767 ovem,
1154 3690 1462 3754 rationalis
1506 3702 1731 3757 naturae
1777 3697 2105 3773 hominem,

465 3795 641 3859 quam
676 3785 977 3841 errantem
1021 3778 1331 3861 requisivit
1362 3780 1575 3845 Pastor
1626 3783 1838 3859 bonus,
1890 3787 2112 3851 relictis

464 3866 788 3947 nonaginta
811 3885 1021 3930 novem
1044 3866 1603 3957 inisolitudine,hoc
1631 3880 1739 3945 est,
1769 3873 1828 3935 in
1852 3892 2111 3957 superno

463 3955 596 4017 loco
620 3957 873 4020 caelesti.
905 3956 1173 4019 Solitudo
1193 3958 1350 4019 enim
1379 3966 1470 4021 est
1489 3960 1726 4035 caelum,
1758 3981 1791 4024 a
1814 3955 2111 4029 mundano

463 4045 720 4107 tumultu
751 4052 1212 4135 sequestratum,
1237 4056 1296 4108 et
1318 4047 1559 4128 plenum
1586 4051 1750 4113 omni
1778 4054 2109 4135 tranquilli-

463 4139 581 4197 tate
615 4151 684 4195 ac
717 4152 880 4225 pace.
925 4132 1212 4225 Dominus
1240 4152 1380 4197 vero
1423 4144 1487 4198 ut
1526 4137 1753 4201 invenit
1797 4132 1953 4203 illam
1983 4162 2114 4225 quia

466 4229 787 4300 erraverat,
817 4221 1099 4302 imposuit
1126 4222 1189 4284 in
1220 4224 1525 4287 humeros.
1549 4225 1935 4293 lnﬁrmitates
1952 4221 2111 4294 enim

2191 1822 2491 1899 ἒσαρκώθη,
2592 1825 2938 1904 προσιέμενος
3031 1828 3154 1891 τοὺς
3235 1825 3467 1889 τελώνας
3551 1826 3643 1881 καὶ
3740 1825 3873 1888 τοὺς

2190 1911 2562 1991 ἁμαρτωλοὺς,
2649 1914 2722 1975 ὡς
2805 1915 2981 1993 ἰατρὸς
3033 1910 3186 1979 “τοῦς
3259 1916 3627 1976 ἀσθενοῦντας·
3696 1915 3754 1969 οἱ
3807 1910 3868 1965 δὲ

2192 1999 2498 2079 ἁμαρτωλοὶ
2547 2006 2624 2075 τῷ
2679 1998 2788 2059 ὄντι
2840 2010 3125 2078 Φαρισαῖοι
3167 2009 3459 2083 γογγυσμῷ
3500 2003 3602 2070 τὴν
3657 2004 3868 2081 φιλαν-

2190 2089 2424 2167 θρωπίαν
2476 2089 2674 2156 ταύτην
2733 2088 3016 2165 ἠμεὶϐοντο
3051 2106 3065 2121 ’
3141 2091 3448 2167 βδελυκτοὺς
3515 2092 3618 2170 γὰρ
3666 2089 3859 2167 ἡγού-

2194 2198 2345 2252 μενοι
2398 2178 2521 2241 τοὺς
2578 2176 2838 2254 τελώνας,
2891 2182 3039 2238 αὐτοὶ
3066 2182 3160 2243 τὰς
3190 2181 3354 2244 οἰκίας
3386 2184 3489 2237 τῶν
3519 2179 3720 2259 χηρῷν
3769 2181 3860 2234 καὶ

2190 2271 2298 2321 τῶν
2356 2266 2601 2346 ὀρφανῶν
2643 2268 2953 2337 κατήσθιον.
3015 2268 3074 2326 Τί
3129 2270 3216 2325 οὖν
3260 2271 3287 2327 6
3334 2258 3531 2349 Κύριος
3549 2258 3573 2341 ί;
3623 2258 3856 2349 ’Ὠσπερ

2191 2355 2322 2433 πρὸς
2372 2356 2492 2418 τοὺς
2550 2353 2784 2420 τελώνας
2840 2354 3343 2435 ἐφιλανθρωπεύετο,
3403 2356 3539 2415 οὕτω
3610 2354 3676 2422 δὴ
3763 2348 3852 2411 καὶ

2193 2444 2326 2512 πρὸς
2383 2443 2598 2508 τούτοος
2655 2444 2842 2511 αὐτοὺς
2873 2446 2995 2512 τοὺς
3045 2446 3145 2514 τὴν
3192 2446 3583 2527 φιλανθρωπίαν
3641 2444 3849 2510 ταύτην

2194 2529 2574 2597 διαϐάλλοντας
2608 2551 2624 2567 ⁸
2703 2534 2763 2591 οὒ
2843 2534 2943 2614 γὰρ
3020 2535 3404 2617 ἀποστρέφεται
3466 2536 3680 2597 τούτους
3772 2535 3849 2595 ὡς

2193 2620 2438 2684 ἀνιάτους
2491 2620 2581 2702 (ὅ)
2627 2624 2712 2679 καὶ
2756 2625 3074 2703 γογγυστὰς,
3121 2623 3259 2682 ἀλλὰ
3301 2624 3510 2705 πραέως
3565 2623 3846 2703 θεραπεύει

2192 2708 2503 2789 παραϐολὴν
2572 2709 2761 2775 αὐτοῖς
2837 2711 3004 2792 λέγων
3054 2714 3155 2781 τὴν
3231 2720 3338 2771 τῶν
3392 2711 3691 2793 προϐάτων,
3756 2714 3846 2768 καὶ

2189 2799 2296 2856 ἀπὸ
2354 2805 2460 2856 τῶν
2517 2798 2752 2878 ἐναργῶν
2805 2803 2894 2857 καὶ
2961 2806 3199 2882 φανερῶν
3243 2804 3436 2861 πείθων
3483 2804 3691 2882 αὑτοὺς,
3752 2802 3846 2857 καὶ

2189 2888 2539 2963 ἐπιστομίζων
2597 2890 2673 2965 μὴ
2732 2887 3089 2970 δυσχεραίνειν
3150 2892 3236 2948 ἐπὶ
3304 2899 3381 2965 τῷ
3435 2892 3669 2963 τοσούτῳ
3732 2896 3840 2957 τῆς

2190 2976 2518 3056 ἂγαθότητος
2562 2979 2788 3057 χύματι,
2844 2982 3024 3037 Καίτοι
3054 2982 3097 3037 εί
3129 2982 3215 3038 επὶ
3238 2980 3485 3060 προϐάτῳ
3512 2980 3593 3037 ἑνί
3623 2978 3835 3057 ἀλόγῳ,

2188 3068 2276 3124 καὶ
2329 3065 2407 3141 μὴ
2466 3066 2583 3123 κατ’
2646 3069 2822 3124 εἰκόνα
2866 3075 2996 3126 Θεοῦ
3023 3078 3396 3149 γεγεννημένῳ
3427 3070 3656 3136 τοσαύτη
3687 3072 3839 3149 χαρὰ

2188 3157 2388 3235 γίνεται
2444 3154 2697 3234 εὑρεθέντι
2742 3157 2877 3231 μετὰ
2932 3159 2995 3214 τὸ
3050 3158 3407 3233 πλανηθῆναι,
3468 3158 3641 3225 πόσην
3692 3159 3838 3222 εἰκὸς

2190 3234 2419 3323 γίνεσθαι
2478 3234 2564 3300 ἐπὶ
2620 3243 2875 3323 ἀνθρώπῳ
2916 3244 3118 3324 λογικῷ
3159 3245 3278 3304 κατ’
3324 3248 3498 3306 εἰκόνα
3554 3254 3683 3304 Θεοῦ
3737 3245 3837 3302 δε-

2190 3331 2697 3411 δημιουργημένῳς
2785 3332 3069 3408 Προδήλως
3139 3337 3238 3411 μὲν
3308 3336 3397 3393 οὖν
3462 3338 3498 3403 ἡ
3555 3332 3838 3414 παραϐολὴ

2192 3423 2313 3487 τοὺς
2373 3419 2602 3486 δικαίως
2663 3424 2792 3501 φησί
2859 3422 3096 3502 πρόϐατα
3157 3425 3676 3499 έννενηκονταεννέα,
3746 3426 3842 3479 καὶ

2192 3515 2247 3573 ἓν
2305 3516 2394 3570 τὸν
2438 3512 2729 3570 ἐκπεσόντα
2770 3513 3106 3593 ἀμορτωλόν,
3165 3517 3301 3573 Φασὶ
3358 3516 3413 3572 δέ
3461 3537 3599 3573 τινες
3648 3514 3842 3571 ἑκατὸν

2193 3603 2291 3678 μὲν
2333 3600 2571 3682 πρόϐατα
2626 3608 2799 3659 πᾶσαν
2855 3604 2955 3670 τὴν
3000 3602 3223 3682 λογικὴν
3278 3605 3468 3684 κτίσιν,
3515 3604 3571 3659 ἓν
3599 3601 3654 3659 δὲ
3696 3603 3837 3681 πρό-

2193 3695 2356 3770 βατον
2417 3696 2516 3757 τῆς
2575 3689 2799 3770 λογικῆς
2854 3693 3059 3774 φύσεως
3114 3694 3205 3750 τὸν
3235 3692 3529 3775 ἄνθρωπον,
3574 3695 3603 3749 6
3629 3692 3838 3759 πλανη-

2192 3782 2279 3841 θὲν
2340 3782 2661 3851 ἆνεζήτησεν
2718 3784 2746 3837 6
2798 3782 3021 3858 ποιμὴν,
3071 3784 3098 3839 6
3128 3782 3314 3859 καλὸς,
3347 3784 3508 3863 ἀφεὶς
3533 3784 3599 3841 τὰ
3628 3782 3839 3848 έννενη-

2194 3870 2509 3931 κονταενηδέα
2565 3870 2620 3926 ἐν
2826 3870 3030 3950 ἐρήμῳ,
3104 3873 3397 3955 τουτέστιν,
3483 3874 3539 3928 ὲν
3593 3873 3671 3947 τῷ
3729 3868 3838 3927 ἄνω

2192 3962 2343 4035 τόπῳ
2400 3962 2477 4033 τῷ
2522 3960 2762 4038 οὐρανίῳ.
2825 3957 3085 4039 ’Ἔρημος
3137 3962 3236 4041 γὰρ
3278 3960 3607 4041 πολυοχλίας
3638 3982 3837 4034 κοσμι-

2194 4055 2295 4117 κῆς
2352 4047 2723 4123 ἀπῳκισμένος
2780 4050 2808 4105 6
2877 4050 3116 4127 οὸρανὸς,
3202 4052 3289 4107 καὶ
3347 4048 3524 4116 πάσης
3592 4048 3837 4121 γαλήνης

2193 4139 2283 4196 καὶ
2370 4136 2582 4215 εἰρήνης
2638 4136 3074 4212 μεμεστωμένος.
3151 4140 3324 4217 Εὑρὼν
3406 4135 3461 4193 δὲ
3542 4139 3571 4193 6
3649 4136 3838 4213 Κύριος

2193 4229 2347 4285 τοῦτο
2398 4227 2459 4281 τὸ
2502 4223 2791 4301 πλανηθὲν,
2832 4224 3087 4293 ἐπέθηκεν
3130 4226 3215 4282 ἐπὶ
3269 4230 3390 4290 τούς
3442 4226 3619 4301 ὤμους
3652 4226 3829 4280 αὐτοῦ.

464 4319 695 4374 nostras
725 4319 785 4374 et
824 4320 1063 4392 peccata
1111 4320 1312 4376 nostra
1356 4314 1498 4376 404
1549 4317 1675 4398 ipse
1731 4321 2001 4399 portavit,
2047 4329 2109 4386 et

2191 4319 2294 4382 Τὰς
2345 4316 2445 4394 γὰρ
2512 4313 2779 4379 ἀσθενείας
2829 4315 3006 4391 ἡμῶν,
3066 4318 3153 4373 καὶ
3220 4317 3314 4377 τὰς
3373 4316 3630 4395 ἁμαρτίας
3677 4316 3835 4373 αὐτὸς

464 4400 666 4464 omnia
690 4418 876 4493 onera
907 4408 1107 4493 nostra
1156 4420 1290 4493 non,
1322 4405 1601 4493 gravatim
1642 4407 1769 4489 ipse
1816 4410 2103 4493 suscepit,

462 4489 781 4571 persolutis
800 4489 1074 4551 omnibus
1098 4508 1231 4571 quae
1261 4490 1648 4570 debebamus,
1679 4504 1735 4558 et
1765 4514 1873 4559 nos
1895 4489 2107 4577 sponte

461 4596 532 4641 ac
561 4577 1116 4659 libenter-portavit
1154 4597 1343 4661 usque
1382 4583 1442 4643 in
1487 4582 1727 4646 domum
1760 4603 1951 4662 suam,
1997 4588 2107 4653 hoc

463 4666 643 4749 est,in
675 4667 1219 4731 ccelum.Convocat
1241 4669 1465 4733 amicos
1495 4679 1553 4734 et
1570 4671 1820 4750 vicinos,
1841 4675 2109 4739 fortassis

460 4757 727 4838 angelos,
760 4775 909 4837 quos
938 4764 999 4819 et
1028 4774 1167 4820 oves
1194 4757 1453 4822 diximus
1495 4779 1628 4823 esse
1651 4762 1821 4842 juxta
1847 4763 2019 4827 aliam
2052 4774 2111 4829 et

458 4846 635 4910 aliam
681 4845 1054 4910 relationem.
1119 4844 1266 4908 Nam
1325 4850 1651 4913 secundum
1701 4852 1855 4932 quod
1912 4853 2108 4916 omnis

460 4944 737 4999 creatura
773 4934 1011 4999 condita
1037 4935 1111 4999 ad
1148 4934 1335 5015 Deum,
1375 4938 1699 5012 confertur,
1735 4942 1985 5020 pecuina
2017 4952 2109 5007 est

458 5032 519 5088 et
545 5023 741 5099 bruta,
775 5032 835 5088 et
863 5025 1203 5089 secundum
1246 5025 1362 5088 hoc
1408 5026 1627 5090 dicitur
1667 5028 1750 5108 (a)
1781 5030 1955 5092 etiam
1994 5051 2102 5095 su-

2188 4404 2467 4477 ἐϐάστασε,
2526 4404 2614 4458 καὶ
2669 4402 2841 4460 πάντα
2899 4406 2965 4460 τὰ
3020 4404 3156 4483 βάρη
3207 4408 3359 4480 ἡμῶν
3412 4407 3569 4469 αὐτὸς
3622 4400 3832 4480 ἀϐαρῶς

2190 4492 2463 4559 ἀνεδέξατο
2494 4508 2509 4523 '
2569 4491 2743 4549 πάντα
2809 4492 2908 4550 ὅσα
2964 4493 3391 4575 ὲχρεωστοῦμεν,
3466 4496 3622 4556 αὐτὸς
3688 4494 3831 4550 ἁπο-

2191 4584 2423 4667 φλήσας,
2478 4580 2568 4637 καὶ
2617 4582 2763 4656 ἡμᾶς
2817 4580 3004 4659 ῥᾳδίως
3079 4585 3167 4639 καὶ
3210 4584 3418 4649 ἀπόνως
3470 4584 3646 4646 σώσας
3702 4582 3833 4662 ἄχρι

2190 4674 2278 4730 καὶ
2335 4676 2428 4728 τοῦ
2471 4667 2624 4727 οἴκου
2686 4674 2863 4743 αὐτοῦ,
2938 4670 3195 4746 τουτέστι,
3284 4680 3376 4730 τοῦ
3432 4674 3648 4751 ούρανοῦ
3679 4691 3694 4706 ⁶
3748 4674 3839 4727 καὶ

2190 4758 2450 4839 συγκαλεῖ
2517 4758 2639 4823 τοὺς
2723 4757 2903 4838 φίλους
2987 4762 3075 4817 καὶ
3158 4763 3277 4825 τοὺς
3361 4763 3618 4841 γείτονας,
3692 4762 3841 4840 τάχα

2189 4850 2311 4915 τοὺς
2354 4846 2635 4928 ἀγγέλους,
2691 4849 2778 4912 οὓς
2832 4850 2921 4905 καὶ
2962 4847 3202 4928 πρόϐατα
3259 4865 3399 4908 εἶναι
3428 4850 3837 4925 ἀποδεδώκαμεν

2187 4938 2308 4997 κατ’
2357 4935 2527 5004 ἄλλην
2593 4936 2683 4992 καὶ
2730 4933 2901 5004 ἄλλην
2958 4935 3237 5009 ἐπιϐολήν,
3308 4939 3436 4999 Καθ’
3495 4942 3524 4996 ὃ
3580 4940 3678 5015 μὲν
3735 4939 3835 5015 γὰρ

2187 5036 2333 5087 πᾶσα
2388 5026 2581 5094 κτιστὴ
2631 5025 2782 5105 φύσις
2840 5028 2915 5091 ὡς
2973 5027 3106 5106 πρὸς
3165 5030 3295 5086 Θεὸν
3363 5028 3643 5096 κτηνώδης
3693 5029 3826 5099 ἐστὶ,

457 5130 661 5194 pernae
686 5113 936 5178 virtutes
964 5131 1145 5190 oves;
1176 5114 1239 5177 in
1280 5125 1562 5196 quantum
1595 5133 1729 5179 vero
1759 5119 2100 5195 rationales,

2191 5118 2319 5176 κατα
2363 5124 2517 5175 τοῦτο
2563 5111 2801 5193 πρόϐατα
2870 5114 3125 5174 καλοῖντο
3182 5117 3245 5175 ἂν
3298 5120 3350 5175 αἱ
3396 5117 3506 5175 ἄνω
3555 5117 3825 5193 δυνάμεις.

454 5201 519 5265 id
550 5207 645 5267 est
688 5202 1147 5279 intellectuales,
1202 5213 1262 5267 et
1304 5213 1596 5287 quatenus
1642 5206 1773 5269 aliis
1820 5211 2105 5273 creaturis

2186 5208 2327 5266 Καθὸ
2382 5202 2437 5261 δὲ
2465 5203 2703 5282 λογικαὶ,
2743 5203 2905 5283 ἤγουν
2934 5208 3107 5286 νοεραὶ
3148 5210 3234 5265 καὶ
3291 5207 3667 5288 πλησιέστεραι
3717 5214 3824 5266 τῶν

457 5290 771 5355 viciniores
797 5292 1099 5369 videntur,
1132 5294 1464 5357 secundum
1495 5294 1612 5358 hoc
1641 5296 1817 5360 amici
1845 5310 1906 5360 et
1926 5299 2105 5361 vicini

2191 5294 2361 5354 Ξλλων
2419 5293 2722 5369 κτισμάτων
2788 5292 3057 5373 δοκοῦσαι,
3122 5298 3260 5355 κατὰ
3332 5305 3487 5355 τοῦτο
3541 5296 3682 5377 φίλοι
3737 5299 3824 5354 καὶ

1529 5455 1612 5519 Ex
1643 5456 1958 5521 collatione
1988 5456 2167 5524 codd.
2197 5453 2414 5520 Venet.
2448 5449 2510 5517 S.
2545 5453 2751 5518 Marci.

536 5584 622 5666 (5)
653 5583 797 5650 Cod.
826 5584 929 5669 26,
961 5586 1275 5663 Ἀνοήτους,
1315 5612 1344 5645 ι
1376 5587 1709 5653 dementes.
1751 5614 1776 5649 ι

531 5706 618 5797 (a)
648 5704 806 5771 ldit.
834 5709 971 5781 Lut.
997 5715 1059 5775 at
1085 5712 1144 5775 si
1170 5710 1252 5774 ad
1282 5708 1437 5774 alios
1461 5716 1774 5776 creaturas
1798 5712 2201 5795 con/ematur
2224 5704 2581 5790 rattmtalea,
2601 5707 2906 5786 dicuntur,
2949 5714 3062 5773 etc.
