4116 6212
298 347 434 413 949

1067 355 1511 419 ENARRATIO
1554 356 1635 417 IN
1683 347 2187 416 EVANGELIUM
2253 357 2493 421 LUC/1*].
2543 394 2617 404 —
2660 364 2825 426 CAP.
2876 366 3005 426 XV.

3577 366 3697 431 950

296 490 542 565 γείτονες
601 491 646 543 οἱ
699 496 805 545 τῶν
834 487 1137 567 ἀγγελικῶν
1189 486 1460 564 δυνάμεων
1509 490 1663 569 χοροὶ
1712 490 1968 553 νοηθετεν.

2063 484 2307 569 intelligi
2341 504 2583 573 possunt
2627 499 3024 575 angelicarum
3070 503 3341 565 virtutem
3395 506 3583 568 chori.
3622 507 3693 569 Et

300 580 411 634 Καὶ
469 592 701 655 γυναῖκα
759 577 813 634 δὲ
864 580 1109 658 νοήσοιις³
1172 578 1269 645 τὴν
1336 580 1543 659 σοφίαν,
1605 580 1692 634 καὶ
1747 575 1963 650 δύναμιν

292 674 400 723 τοῦ
453 675 585 726 Θεοῦ
639 670 727 726 καὶ
788 668 992 747 [ἰατρὸς
1047 668 1137 724 τὸν
1186 669 1344 726 αὐτού
1402 669 1544 740 Υἱὸν,
1591 670 1664 731 ὡς
1720 662 1964 722 ἀπώλεσε

294 756 433 829 μίαν
484 754 738 836 δραχμὴν
813 757 875 813 ἐκ
950 762 1057 813 τῶν
1113 755 1370 835 λογικῶν,
1426 759 1512 814 καὶ
1612 753 1728 813 κατ’
1790 751 1965 836 εἰκόνα

296 844 467 902 αὐτοῦ
556 845 871 903 κτισθέντων
958 846 1265 921 κτισμάτων
1334 847 1426 901 τὸν
1504 844 1795 925 ἄνθρωπον,
1878 835 1966 904 καιἱ

292 934 461 991 ἅπτει
516 933 737 1017 λύχνον,
792 937 892 1002 τὴν
950 935 1135 992 ἑαυτοῦ
1177 935 1368 1014 σάρκα.
1434 924 1651 1013 ’Ὥσπερ
1680 924 1787 1013 γὰρ
1810 936 1839 991 ό
1867 934 1963 992 λύ-

294 1047 439 1104 χνος
498 1024 558 1081 ἐκ
616 1030 717 1102 γῆς
761 1027 837 1081 ὢν
920 1026 986 1080 τά
1040 1023 1392 1101 ἐσκοτισμένα
1448 1025 1659 1103 φωτίζει
1730 1022 1814 1080 διὰ
1872 1028 1963 1081 τοῦ

294 1115 510 1191 φωτὸς,
542 1116 600 1170 οὐ
628 1110 873 1194 δέχεται,
908 1112 1047 1169 οὕτω
1076 1114 1163 1169 καὶ
1204 1114 1239 1181 ἡ
1286 1111 1411 1192 σάρξ
1452 1115 1544 1168 τοῦ
1594 1114 1780 1191 Κυρίου
1824 1115 1959 1190 γήῖ-

293 1223 393 1264 νος
451 1202 601 1282 οὖσα,
661 1205 749 1259 καὶ
806 1203 967 1279 ὁμοία
1022 1200 1186 1278 ἡμῖν,
1235 1209 1313 1277 τῷ
1372 1202 1505 1281 φωτὶ
1551 1206 1649 1267 τῆς
1679 1201 1957 1270 θεότητος,

2052 595 2157 678 per
2189 581 2499 678 mulierem
2548 586 2852 678 intelligas
2901 590 3254 671 sapientiam
3307 600 3361 654 et
3410 593 3687 656 virtutem

2050 665 2158 761 Dei
2194 677 2255 761 et
2286 671 2497 753 Patris,
2540 665 3006 757 Jesumwipsum',
3056 680 3157 760 qui
3208 682 3467 761 perdidit
3512 702 3689 745 unam

2051 756 2416 859 drachmam,
2452 781 2517 824 ex
2571 756 2957 829 rationalibus
3002 756 3177 830 et'ad
3209 756 3540 850 imaginem
3584 774 3689 835 Dei

2049 847 2305 937 conditis
2336 861 2690 927 creaturam,
2714 856 3040 926 hominem,
3069 847 3691 937 inquam,etaccendit

2048 933 2384 1038 lucernam,
2431 959 2595 1001 suam
2646 963 2909 1009 carnem.
2972 933 3351 1010 Sicut-enim
3416 951 3686 1027 lucerna,

2048 1028 2310 1105 quamvis
2336 1028 2412 1089 sit
2429 1048 2496 1091 ex
2520 1034 3004 1105 terra,illuminat
3026 1035 3342 1099 tenebrosa
3363 1057 3471 1118 per
3495 1040 3685 1102 lucem

2046 1133 2218 1195 quam
2251 1118 2506 1197 recipit;
2563 1120 2643 1182 ita
2688 1131 2745 1183 et
2793 1142 2931 1186 caro
2972 1124 3227 1191 Domini.
3263 1126 3404 1188 licet
3452 1135 3690 1191 terrena

2046 1213 2224 1276 esset,
2285 1204 2617 1288 similisque
2666 1210 2855 1285 nobis,
2916 1212 3140 1274 lumine
3197 1214 3434 1277 deitatis
3491 1237 3526 1278 a
3574 1238 3689 1298 qua

292 1291 390 1386 63'
445 1292 509 1359 ἧς
569 1290 938 1386 προσελήφθη,
999 1290 1158 1371 ἔφανε
1184 1307 1199 1321 ·
1262 1292 1349 1346 καὶ
1406 1291 1512 1365 μὴν
1544 1288 1782 1368 ἐσαρώθη
1814 1291 1901 1347 καὶ
1931 1293 1957 1346 6

2056 1303 2339 1386 assumpta
2372 1305 2480 1370 est,
2519 1298 2715 1361 lumen
2764 1301 3051 1365 exhibuit.
3101 1301 3251 1375 Quin
3285 1305 3459 1366 etiam
3493 1288 3689 1386 scopis

293 1380 483 1454 οἶκος,
543 1379 834 1451 τουτέστιν,
896 1381 1039 1444 ἅπας
1097 1381 1126 1435 6
1184 1380 1384 1455 κόσμος
1457 1379 1795 1458 ἀπεκαθάρθη
1856 1384 1954 1446 τῆς

2056 1380 2320 1443 nuntiata
2349 1392 2437 1445 est
2491 1387 2724 1468 domus,
2775 1389 2887 1451 hoc
2934 1396 3027 1453 est
3078 1391 3394 1454 universus
3430 1379 3688 1457 mundus

294 1470 583 1549 ἁμαρτίας.
648 1469 874 1538 Χριστὸς
938 1470 1034 1549 γὰρ
1088 1470 1158 1535 ἦν
1215 1471 1243 1524 6
1301 1467 1468 1548 αἴρων
1526 1469 1625 1535 τὴν
1697 1466 1952 1547 ἁμαρτίαν

2056 1480 2389 1550 'epnrgatus
2422 1484 2509 1535 est
2539 1494 2572 1535 a
2605 1466 2869 1557 peccato.
2927 1479 3195 1543 Christus
3241 1482 3399 1542 enim
3451 1482 3689 1546 abstulit

295 1567 395 1615 τοῦ
442 1558 669 1633 κόσμου,
731 1560 827 1617 Καὶ
883 1556 948 1625 δὴ
1009 1557 1190 1636 εὑρέθη
1244 1559 1279 1626 ἡ
1333 1556 1578 1637 δραχμὴ³
1637 1561 1672 1627 ἡ
1704 1557 1954 1633 βασιλικὴ

2056 1567 2342 1620 )eccatum
2393 1563 2621 1626 mundi.
2672 1563 2741 1625 Et
2791 1566 2964 1644 plane
2998 1569 3230 1629 inventa
3262 1576 3350 1630 est
3379 1570 3684 1643 drachma,

296 1648 483 1727 εἰκὼν,
538 1649 624 1703 καὶ
681 1648 827 1727 χαρά
876 1648 1077 1726 γίνεται
1121 1646 1264 1720 αὐτῷ
1294 1668 1352 1702 τε
1384 1647 1461 1722 τῷ
1492 1646 1691 1724 εὑρόντι
1723 1654 1952 1722 Χριστῷ,

2056 1647 2200 1725 'egia
2230 1649 2459 1713 scilicet
2506 1652 2700 1732 imago
2749 1663 2806 1716 et
2856 1656 3135 1732 gaudium
3191 1658 3298 1719 fuit
3348 1665 3405 1719 et
3452 1657 3686 1722 Christo

296 1739 390 1793 καὶ
436 1750 561 1801 ταῖς
618 1736 729 1794 ἄνω
784 1736 1087 1812 δυνάμεσιν,
1147 1737 1208 1791 αἳ
1250 1734 1395 1815 φίλαι
1449 1736 1591 1809 αὐτῷ
1646 1737 1734 1791 καὶ
1779 1736 1956 1814 γείτο-

2056 1741 2332 1828 nventori
2365 1747 2423 1801 et
2466 1744 2741 1821 supernis
2776 1745 3117 1821 virtutibus,
3152 1765 3282 1826 qua;
3320 1747 3528 1809 amicze
3557 1749 3687 1828 ejus

295 1826 386 1890 νές
443 1828 541 1882 είσι
578 1844 595 1861 ⁸
659 1827 803 1906 φίλαι
850 1829 948 1901 μέν
992 1828 1065 1888 ὡς
1120 1825 1181 1881 τὸ
1236 1823 1446 1901 θέλημα
1488 1826 1647 1881 αὐτοῦ
1687 1832 1951 1905 ποιοῦσαι,

2056 1833 2099 1885 at
2129 1826 2337 1889 vicinze
2367 1837 2510 1891 sunt
2544 1817 2563 1893 Ξ
2605 1832 2835 1893 Amica;
2865 1817 3132 1914 quidem,
3163 1817 3300 1915 quia
3328 1817 3684 1898 voluntatem

297 1918 532 1993 γείτονες
587 1914 641 1971 δὲ
697 1918 770 1979 ὡς
820 1915 1124 1991 ἀσώματοι.
1187 1914 1341 1981 Ζητῶ
1398 1911 1453 1968 δὲ
1495 1914 1573 1989 μή
1631 1935 1760 1969 ποτε
1811 1913 1955 1993 φίλαι

2056 1918 2166 1990 ejus
2196 1916 2417 1979 faciunt
2447 1940 2459 1981 :
2496 1920 2704 1982 vicina;
2741 1911 2904 1997 vero,
2939 1923 3079 2002 quia
3106 1911 3492 2004 incorporea.
3535 1925 3686 1997 Quid

300 2004 403 2079 μὶν
443 2004 605 2061 αὐτοῦ
648 2005 747 2061 εἰσι
790 2010 955 2061 πᾶσαι
1003 2006 1050 2061 οἱ
1114 2001 1225 2059 ἅνω
1281 2000 1555 2077 δυνάμεις,
1616 2003 1845 2079 γείτονες
1902 2002 1957 2059 δὲ

301 2097 355 2150 αἱ
408 2094 813 2174 πλησιέστεραι,
858 2095 980 2151 οἶον
1028 2094 1237 2174 Θρόνοι,
1288 2089 1601 2170 Χερουϐεὶμ⁹
1662 2092 1953 2172 Σεραφείμ,

304 2174 455 2258 ΗΟρα
486 2185 586 2263 γὰρ
613 2185 709 2252 τὴν
740 2182 902 2249 λέξιν,
973 2206 1002 2238 α
1036 2184 1135 2242 Καὶ
1186 2179 1446 2260 συγκαλεῖ
1497 2181 1589 2246 τὰς
1646 2180 1797 2260 φίλας
1866 2183 1953 2237 καὶ

300 2275 397 2337 τὰς
446 2273 684 2351 γείτονας
716 2289 733 2307 ⁶
771 2293 801 2333 ι
831 2273 971 2330 ἔοικε
1001 2273 1101 2351 γὰρ
1130 2269 1218 2328 δύο
1246 2270 1363 2326 τινὰ
1412 2268 1548 2348 μέρη
1592 2268 1951 2347 παραδηλοῦν,

302 2365 346 2420 εἰ
377 2364 464 2420 καὶ
492 2363 894 2441 περιεργότερον
933 2360 1094 2427 δόξει.

390 2477 417 2507 α
454 2461 589 2511 Ετπε
616 2451 671 2508 δέ
702 2471 720 2488 ’
752 2451 1056 2531 Ἀνθρωπός
1087 2470 1167 2512 τις
1196 2452 1321 2528 εἶχε
1352 2446 1440 2504 δύο
1467 2448 1631 2521 υἱοὺς,
1669 2449 1759 2505 καὶ
1804 2448 1957 2503 εἶπεν

306 2544 335 2598 ὃ
372 2543 622 2621 νεώτερος
656 2544 826 2599 αὐτῶν
878 2547 956 2615 τῷ
1002 2540 1160 2618 πατρί
1191 2552 1206 2568 ⁹
1244 2538 1438 2617 nam,
1485 2535 1572 2601 δός
1601 2560 1690 2613 μοι
1720 2539 1782 2594 τὸ
1833 2535 1961 2593 ἐπι-

304 2630 506 2688 ϐάλλον
562 2632 723 2710 μέρος
778 2636 876 2697 τῆς
932 2629 1109 2691 οὐσίας
1146 2646 1160 2662 ·
1228 2629 1317 2682 καὶ
1370 2623 1568 2683 διεῖλεν
1627 2630 1814 2691 αὐτοῖς
1872 2627 1960 2681 τὸν

305 2721 440 2794 βίον.
507 2722 601 2777 Καὶ
660 2718 779 2795 μετ’
824 2721 884 2776 οὐ
912 2714 1114 2780 πολλὰς
1144 2713 1347 2793 ἡμέρας
1390 2716 1702 2793 συναγαγὼν
1753 2713 1961 2770 ἅπαντα

307 2810 335 2864 ὁ
365 2809 617 2887 νεώτερος
660 2808 792 2880 υἱὸς,
853 2803 1197 2881 ἀπεδήμησεν
1240 2805 1315 2866 εἷς
1365 2803 1551 2883 χώραν
1582 2803 1815 2882 μακρὰν,
1875 2803 1963 2857 καὶ

307 2898 423 2955 ἐκεῖ
486 2896 819 2976 διεσκόρπισε
876 2896 976 2963 τὴν
1048 2894 1225 2954 οὐσίαν
1296 2892 1458 2949 αὐτοῦ
1525 2899 1629 2964 ζῶν
1690 2892 1911 2954 ἀσώτως
1945 2905 1960 2921 ⁸

307 2986 709 3058 δαπανήσαντος
740 2984 796 3041 δὲ
854 2984 1012 3042 αὐτοῦ
1067 2983 1265 3061 πάντα,
1309 2980 1520 3061 ἐγένετο
1551 2980 1707 3057 λιμὸς
1738 2982 1961 3059 ἰσχυρὸς

2038 2013 2234 2066 autem
2292 2006 2341 2067 si
2400 2008 2606 2071 amicae
2655 2010 2772 2071 sint
2822 2030 3029 2073 omnes
3078 2031 3353 2093 superna;
3398 2012 3682 2086 Virtutes,

2041 2093 2249 2156 vicinae
2304 2107 2522 2173 autem,
2575 2119 2703 2180 quae
2753 2101 3059 2181 propiores
3107 2104 3184 2177 ei,
3244 2111 3308 2162 ut
3355 2101 3581 2164 Throni
3632 2115 3689 2169 et

2040 2182 2353 2246 Cherubim
2400 2198 2457 2249 et
2487 2188 2845 2269 Seraphim?
2880 2190 3141 2252 Dicendo
3173 2192 3334 2254 enim
3378 2194 3597 2255 amicas
3627 2197 3690 2254 et

2038 2274 2284 2349 vicinas,
2329 2276 2445 2338 duo
2486 2296 2704 2355 genera
2763 2280 3192 2357 manifestavit,
3256 2282 3521 2361 quamvis
3578 2283 3691 2343 hoc

2040 2366 2329 2427 curiosius
2373 2366 2661 2429 videatur.

2123 2452 2304 2518 Vens.
2335 2456 2541 2519 11-16.
2574 2481 2600 2511 α
2621 2457 2724 2519 Ait
2743 2466 2937 2520 autem
2966 2475 2979 2519 :
3010 2456 3201 2520 Homo
3227 2458 3463 2538 quidam
3490 2458 3693 2521 habuit

2044 2544 2193 2605 duos
2216 2544 2390 2617 ﬁlios,
2429 2554 2485 2606 et
2516 2545 2666 2607 dixit
2708 2546 3148 2609 adolescentior
3193 2547 3437 2609 illorum
3483 2549 3635 2628 patri
3676 2570 3689 2611 :

2044 2633 2237 2714 Pater,
2270 2634 2344 2696 da
2379 2636 2521 2696 mihi
2555 2636 2887 2715 portionem
2925 2637 3269 2699 substantia)
3309 2656 3442 2717 quae
3480 2636 3553 2700 ad
3600 2657 3695 2699 me

2045 2723 2218 2784 redit.
2245 2722 2316 2785 Et
2339 2724 2536 2785 divisit
2561 2723 2680 2786 illis
2706 2724 3121 2787 substantiam.
3153 2728 3231 2787 At
3263 2734 3390 2804 post
3421 2724 3548 2787 dies
3577 2744 3693 2787 non

2046 2816 2262 2874 multos
2283 2831 2417 2873 cum
2443 2812 2644 2874 omnia
2664 2813 3525 2887 contraxisset,adolescentior
3546 2814 3701 2875 ﬁlius

2049 2918 2295 2979 peregre
2326 2902 2625 2979 profectus
2648 2910 2737 2962 est
2768 2901 2828 2961 in
2854 2902 3157 2980 regionem
3192 2900 3598 2980 longinquam,
3644 2909 3702 2965 et

2050 2989 2130 3051 ibi
2155 2989 2456 3069 dissipavit
2478 2989 2863 3052 substantiam
2887 3008 3052 3051 suam
3079 2989 3325 3052 vivendo
3357 2989 3656 3052 luxuriose
3684 3008 3701 3050 τ

310 3078 445 3133 κατά
503 3077 603 3144 τὴν
662 3075 849 3156 χώραν
906 3072 1139 3147 ἐκείνην,
1200 3071 1289 3127 καὶ
1353 3070 1507 3134 αὐτὸς
1563 3070 1754 3149 ἤρξατο
1804 3072 1964 3126 ὑστε-

2056 3086 2110 3138 et
2140 3086 2444 3158 postquam
2475 3079 2673 3140 omnia
2694 3079 3186 3159 consumpsisset,
3214 3079 3370 3140 facta
3398 3087 3488 3139 est
3508 3078 3696 3140 fames

313 3169 542 3243 ρεϊσθαι,
621 3168 710 3222 καὶ
768 3164 1035 3243 πορευθεὶς
1111 3158 1378 3229 ἐκολλήθη
1437 3160 1512 3216 ἐνὶ
1567 3166 1673 3216 τῶν
1732 3156 1965 3216 πολιτῶν

312 3261 415 3322 τῆς
475 3260 660 3333 χώρας
716 3252 923 3320 ἐκείνης
959 3269 973 3283 '
1034 3253 1122 3308 καὶ
1179 3248 1420 3323 ἔπεμψεν
1493 3249 1648 3305 αὐτὸν
1706 3248 1777 3310 εἷς
1843 3248 1965 3310 τούς

314 3344 505 3423 ἀγροὺς
562 3344 720 3399 αὐτοῦ
761 3343 972 3419 βόσκειν
1038 3341 1274 3420 χοίρους,
1356 3340 1444 3395 καὶ
1501 3337 1747 3411 ἐπεθύμει
1807 3336 1966 3414 γεμί-

315 3456 405 3490 σαι
463 3434 563 3499 την
605 3430 809 3487 κοιλίαν
857 3432 1015 3490 αὐτοῦ
1079 3430 1139 3486 ἐκ
1196 3436 1303 3487 τῶν
1352 3426 1608 3505 κερατίων
1650 3428 1724 3481 ὧν
1783 3423 1964 3492 ἤσθιον

317 3525 363 3580 οἱ
394 3532 603 3601 χοιροτ,
648 3530 736 3576 καί
777 3517 942 3583 οὐδεὶς
975 3517 1139 3575 ἐδίδου
1169 3519 1335 3594 αὐτῷ,
1371 3540 1399 3572 n
1436 3517 1535 3574 Καὶ
1569 3514 1701 3581 αὕτη
1727 3515 1761 3581 ἡ
1788 3535 1966 3593 παρα-

319 3610 453 3679 ϐολή
500 3611 656 3685 ὁμοία
697 3614 794 3676 τῆς
827 3607 1212 3687 προλαὸοὐσαις
1245 3609 1383 3666 ἐστίν
1419 3623 1433 3639 ·
1493 3605 1693 3684 εἰσάγει
1738 3605 1839 3683 γὰρ
1882 3606 1969 3659 καὶ

322 3701 456 3767 αὕτη
501 3699 775 3778 ἄνθρωπον
830 3699 953 3779 μὲν³
995 3700 1087 3755 τὸν
1142 3700 1294 3779 Θεὸν,
1342 3699 1431 3754 τὸν
1476 3693 1628 3758 ὄντος
1669 3692 1968 3773 φιλάνθρω-

322 3815 417 3848 πον
450 3806 467 3821 ⁸
516 3790 657 3851 υἱοὺς
702 3787 813 3862 δύο,
860 3790 924 3844 τὰ
967 3786 1057 3845 δύο
1098 3787 1347 3867 τάγματα
1385 3790 1491 3841 τῶν
1534 3784 1843 3863 ἀνθρώπων,
1879 3779 1964 3837 δι-

324 3881 496 3944 καίους
554 3880 691 3958 φημὶ
741 3879 829 3935 καὶ
872 3876 1241 3954 ἁμαρτωλούς,
1296 3881 1429 3936 Εἷπς
1488 3872 1542 3930 δέ
1601 3874 1629 3928 6
1681 3872 1962 3958 _vsdnspo;'

327 3970 421 4035 Δός
476 3953 579 4041 μοι.
626 3953 688 4025 τὸ
736 3953 1024 4024 ἐπιϐάλλον
1068 3967 1226 4046 μέρος
1282 3965 1379 4033 τῆς
1436 3963 1639 4026 οὐσίας.
1680 3953 1742 4017 Ἠ
1773 3958 1972 4015 δικαιο-

324 4060 449 4124 σύνη
522 4057 619 4133 μὲν
662 4056 896 4137 ἀρχαῖον
954 4056 1132 4123 κτῆμα
1201 4055 1296 4123 τῆς
1355 4052 1683 4131 ἀνθρωπίνης
1741 4050 1967 4137 φύσεως,

322 4146 398 4203 διὸ
458 4147 547 4201 καὶ
597 4148 625 4201 6
674 4135 1021 4224 πρεσϐύτερος
1090 4146 1200 4209 υἱὸς
1257 4145 1348 4200 οὐγ
1407 4142 1701 4219 ἀποσκιρτᾷ
1732 4155 1750 4174 ⁸
1810 4139 1844 4203 ἡ
1918 4135 1973 4191 δὲ

330 4236 555 4314 ἁμαρτία
610 4234 946 4313 ὐστερογενὲς
1000 4234 1189 4313 κακὸν,
1236 4230 1316 4288 διὸ
1358 4232 1447 4288 καὶ
1477 4233 1505 4286 6
1536 4227 1789 4304 νεώτερος
1833 4226 1971 4281 ἀπο-

328 4330 535 4403 σκιρτᾷ,
616 4324 644 4379 6
715 4329 783 4399 τῇ
829 4322 1059 4402 ἁμαρτίᾳ
1126 4315 1331 4389 δηλαδῆ
1393 4326 1463 4396 τῇ
1518 4318 1731 4394 ὕστερον
1789 4315 1974 4371 ἐπεισ-

332 4415 554 4494 αχθείσῃ
616 4409 971 4478 συναυξηθείς.
1047 4413 1145 4469 Καὶ
1215 4409 1393 4473 ἄλλως
1449 4405 1505 4463 δὲ
1556 4404 1809 4483 νεώτερος
1868 4405 1975 4465 υἱὸς

330 4492 537 4581 λέγεται
596 4504 623 4559 6
684 4499 1023 4581 ἁμαρτωλὸς,
1072 4502 1142 4566 ὡς
1187 4498 1563 4576 νεωτεριστὴς,
1615 4494 1704 4551 καὶ
1733 4492 1975 4548 ἀποστά-

329 4615 423 4660 της
480 4593 569 4648 καὶ
642 4590 868 4663 ἀντάρας
922 4596 1001 4664 τῷ
1056 4593 1297 4668 πατρικῷ
1366 4584 1649 4660 θελήματι.
1716 4602 1744 4640 (
1781 4582 1977 4659 Πάτερ,

330 4680 411 4746 δός
472 4704 566 4756 μοι
619 4682 680 4736 τὸ
737 4677 1023 4736 ἐπιϐάλλον
1053 4678 1211 4757 μέρος
1253 4682 1353 4743 τῆς
1399 4675 1601 4738 οὐσίας.
1641 4695 1663 4728 ι
1700 4672 1861 4730 Οὐσία
1890 4676 1981 4725 τοῦ

331 4772 604 4849 ἀνθρώπου
666 4771 727 4826 τὸ
799 4765 1014 4847 λογικόν
1085 4768 1246 4841 ἐστιν,
1310 4766 1355 4841 ᾧ
1424 4763 1715 4843 παρέπεται
1771 4760 1860 4849 καὶ
1924 4772 1985 4826 τὸ

332 4848 683 4936 αὐτεξούσιον,
743 4866 849 4916 πᾶν
904 4859 1003 4937 γὰρ
1074 4856 1292 4935 λογικὸν
1351 4853 1705 4919 αὐτεξούσιον.
1767 4848 1987 4905 Δίδωσιν

335 4950 418 5005 οὖν
474 4950 611 5023 ἡμῖν
671 4950 699 5004 ὁ
757 4948 946 5027 Κύριος
1000 4947 1095 5002 τὸν
1137 4944 1324 5024 λόγον,
1370 4945 1464 5000 ’ίνα
1495 4940 1827 5027 χρησώμεθα
1858 4940 1984 5027 αὐτέ-

341 5037 587 5103 εξουσίως
631 5036 801 5110 τούτῳ
838 5024 929 5101 *ὡς
982 5034 1129 5106 οὐσίᾳ
1170 5032 1280 5090 ὄντι
1340 5030 1596 5109 ἡμετέρᾳ.
1642 5026 1852 5087 ,Δίδωσι
1934 5024 1989 5080 δὲ

341 5134 495 5182 πᾶσιν
557 5124 768 5196 ἐπίσης,
831 5125 1026 5187 πάντες
1083 5125 1183 5201 γὰρ
1252 5120 1439 5186 ἐπίσης
1514 5117 1740 5196 λογικοὶ,
1802 5115 1988 5180 ἐπίσης

341 5214 654 5280 αὐτεξούσιοι
685 5232 700 5248 ⁸
764 5209 884 5269 ἀλλ’
945 5216 992 5270 οἱ
1051 5212 1149 5286 μὲν
1204 5210 1343 5265 κατά
1392 5207 1552 5287 λόγον
1610 5205 1867 5285 χρώμεθα
1922 5210 1990 5279 τῇ

341 5304 610 5383 φιλοτιμίᾳ
673 5301 866 5380 ταύτῃ,
902 5304 949 5358 οἱ
1005 5298 1060 5356 δὲ
1116 5300 1203 5357 καὶ
1244 5299 1565 5379 ἀχρειοῦμεν
1620 5295 1684 5383 τὸ
1711 5295 1855 5349 θεῖον
1885 5289 1993 5383 δῷ..

343 5381 450 5471 ρον.
513 5393 610 5451 Καὶ
641 5391 814 5447 πάντα
844 5388 895 5445 δὲ
929 5388 1139 5464 ἁπλῶς,
1184 5385 1284 5443 ὅσα
1327 5383 1550 5442 δέδωκεν
1606 5382 1740 5457 ἡμῖν
1800 5383 1828 5435 6
1888 5381 1993 5437 Κύ-

2048 3167 2239 3229 valida
2273 3167 2332 3228 in
2364 3167 2606 3245 regione
2643 3168 2765 3247 illa,
2789 3177 2845 3229 et
2869 3168 2996 3248 ipse
3018 3168 3198 3249 coepit
3226 3185 3428 3246 egere.
3458 3167 3529 3228 Et
3557 3186 3696 3247 pro-

2053 3256 2243 3317 fectus
2272 3265 2379 3330 est,
2418 3265 2476 3318 et
2502 3256 2752 3318 adhaesit
2798 3257 2900 3318 uni
2934 3258 3152 3318 civium
3204 3255 3463 3335 regionis
3491 3256 3649 3317 illius
3682 3278 3695 3318 :

2051 3356 2223 3425 atque
2248 3345 2300 3406 is
2342 3344 2503 3408 misit
2536 3345 2699 3406 illum
2752 3345 2815 3406 in
2874 3345 3066 3407 villam
3112 3364 3275 3407 suam
3324 3352 3389 3406 ut
3433 3345 3702 3425 pasceret

2053 3452 2270 3514 porcos
2295 3452 2307 3496 :
2345 3435 2686 3515 etcupiebat
2705 3434 2957 3516 implere
2978 3444 3243 3497 ventrem
3275 3454 3449 3496 suum
3473 3435 3548 3496 de
3571 3432 3699 3496 sili-

2052 3524 2185 3603 quis
2215 3524 2429 3605 quibus
2464 3523 2629 3605 porci
2684 3524 3094 3600 vescebantur,
3128 3543 3240 3585 nec
3273 3525 3581 3604 quisquam
3614 3522 3699 3583 illi

2053 3614 2252 3676 dabat.
2284 3638 2309 3671 ο
2342 3618 2412 3677 Et
2443 3614 2569 3675 haec
2603 3612 2880 3693 parabola
2911 3613 3205 3693 superiori
3236 3611 3446 3673 similis
3465 3620 3573 3673 est.
3599 3610 3700 3672 ln-

2055 3704 2216 3765 ducit
2245 3704 2403 3765 enim
2437 3703 2640 3764 ethaec
2670 3702 2972 3764 hominem
3002 3702 3265 3782 quidem,
3285 3700 3471 3762 Deum
3504 3700 3702 3761 videli-

2052 3801 2167 3868 cet,
2190 3812 2326 3855 vere
2361 3791 2807 3853 misericordem
2840 3811 2853 3851 :
2893 3791 3044 3852 ﬁlios
3070 3797 3265 3851 autem
3301 3788 3704 3868 duos,nempe

2054 3886 2295 3951 ordines
2330 3882 2641 3945 hominum
2687 3882 2988 3961 jnstorum
3036 3879 3169 3941 dico
3200 3887 3258 3938 et
3304 3887 3701 3958 peccatorum.

2058 3975 2213 4041 Dixit
2257 3980 2454 4033 autem
2488 3971 2692 4050 junior
2722 3992 2734 4029 :
2770 3970 2852 4031 Da
2899 3969 3044 4030 mihi
3087 3976 3311 4049 partem
3364 3964 3706 4027 substantia

2056 4084 2188 4147 qua;
2210 4063 2281 4124 ad
2309 4080 2404 4122 me
2426 4059 2706 4138 pertinet.
2727 4057 2881 4121 Olim
2916 4058 3187 4120 humana:
3218 4064 3438 4117 naturae
3470 4071 3704 4147 posses-

2058 4142 2148 4218 sio
2172 4161 2296 4216 erat
2307 4150 2572 4230 justitia;
2597 4148 2733 4210 ideo
2760 4157 2817 4210 et
2846 4148 2999 4211 ﬁlius
3018 4146 3220 4208 senior
3237 4163 3353 4207 non
3376 4142 3703 4205 insolescit.

2062 4248 2370 4307 Peccatum
2405 4247 2607 4320 postea
2640 4246 2840 4299 natum
2874 4246 2986 4313 est,
3023 4235 3160 4298 405
3205 4233 3363 4296 unde
3412 4240 3467 4293 et
3502 4231 3709 4320 junior

2061 4328 2388 4401 insolescit,
2407 4318 2523 4408 qui
2548 4346 2680 4389 cum
2709 4335 2973 4406 peccato,
3008 4325 3163 4405 quod
3194 4318 3709 4403 posteaintroduc-

2062 4429 2183 4481 tum
2217 4426 2330 4485 est,
2353 4415 2556 4478 crevit.
2588 4413 2689 4477 Vel
2708 4414 2881 4475 aliter
2906 4435 2918 4475 :
2946 4412 3151 4492 junior
3171 4410 3390 4472 dicitur
3412 4415 3705 4492 peccator,

2060 4499 2201 4581 quia
2231 4503 2474 4558 novator
2503 4513 2701 4555 rerum
2737 4487 3023 4581 insolens,
3044 4502 3101 4553 et
3148 4487 3424 4572 apostata’
3447 4507 3524 4581 ac
3556 4487 3709 4549 deﬁ—

2061 4577 2227 4650 ciens
2249 4605 2282 4647 a
2316 4592 2561 4666 paterna
2596 4582 2955 4644 voluntatem
2994 4580 3186 4654 Pater,
3212 4579 3285 4641 da
3317 4577 3461 4639 mihi
3486 4584 3709 4666 partem

2064 4662 2409 4740 substantiae
2430 4692 2561 4753 quae
2586 4675 2658 4733 ad
2684 4690 2777 4731 me
2808 4666 3441 4751 pertinet.nRationale
3459 4665 3529 4725 ad
3555 4662 3711 4753 quod

2068 4750 2724 4845 subsequitur—liberum
2742 4750 3406 4845 arbitrium,substantia
3417 4761 3505 4845 est
3526 4750 3713 4845 homi-

2073 4857 2186 4916 nis.
2214 4839 2406 4917 Omne
2431 4859 2625 4912 autem
2656 4848 2966 4926 rationale,
3002 4846 3174 4908 liberi
3206 4843 3433 4926 arbitrii
3464 4849 3573 4903 est.
3609 4839 3717 4901 Dat

2071 4936 2249 5014 igitur
2280 4931 2450 4993 nobis
2480 4929 2766 4993 Dominus
2814 4922 3133 4997 rationem,
3162 4934 3223 4985 ut
3254 4943 3323 4985 ea
3356 4922 3547 4983 libere
3579 4932 3712 5014 uta-

2074 5006 2211 5085 mur
2231 5029 2508 5101 tanquam
2528 5027 2728 5084 nostra
2745 5016 3203 5078 substantia.Dat
3225 5020 3421 5101 autem
3444 5006 3719 5071 omnibus

2075 5133 2142 5174 ex
2174 5099 2368 5191 aequo.
2404 5108 2624 5171 Omnes
2649 5106 2808 5167 enim
2835 5124 2908 5166 ex
2936 5122 3103 5184 aequo
3134 5099 3452 5191 rationales
3474 5106 3633 5191 sunt,
3661 5103 3719 5157 et

2076 5184 2529 5281 aeque-liberum
2564 5194 2785 5257 habent
2830 5193 3189 5281 arbitrium._
3215 5190 3290 5252 At
3333 5184 3718 5281 alii__quidem

2078 5275 2299 5349 utimur
2316 5287 2425 5348 hac
2443 5284 2714 5345 libertate
2736 5281 3060 5342 secundum
3085 5275 3504 5348 rationem,alii
3525 5282 3720 5335 autem

2082 5375 2479 5455 dilapidamus
2499 5374 2717 5433 donum
2744 5369 3028 5431 divinum.
3056 5366 3125 5428 Et
3154 5364 3503 5444 simpliciter
3525 5361 3726 5455 omnia

344 5450 473 5564 rpios,
516 5450 681 5542 οὐσία
709 5480 870 5556 ἡμῶν
898 5450 1221 5558 λογισθείεν⁹
1252 5476 1373 5533 οἷον
1406 5472 1550 5554 λέγω
1580 5450 1819 5564 οὐρανὸν,
1858 5475 1968 5564 ⁵γῆν

2086 5450 2226 5547 quae
2235 5462 2398 5523 dedit
2417 5460 2588 5523 nobis
2615 5455 3259 5539 Dominus,substantia
3281 5462 3481 5515 nostra
3493 5450 3724 5552 censeri

344 5545 524 5635 ἀπλώς
581 5571 681 5639 τήν
735 5545 904 5627 κτίσιν
943 5545 1163 5642 πᾶσαν,
1206 5545 1413 5645 νόμον,
1464 5545 1763 5642 προφήτας.
1815 5545 1943 5615 Αλλ⁹

2087 5545 2332 5635 possunt
2360 5573 2372 5613 :
2409 5560 2473 5612 ut
2503 5548 2761 5628 exempli
2801 5547 3009 5645 gratia,
3034 5545 3246 5645 malum
3279 5552 3336 5605 et
3365 5552 3547 5645 terra,
3577 5545 3726 5645 etin

346 5663 439 5737 μὲν
500 5665 757 5738 νεώτερος
818 5660 929 5724 υἱὸς
989 5627 1163 5715 εἶδεν,
1206 5627 1446 5731 οῼανὸν,
1643 5648 1968 5713 ἐθεοποίησπεν

2064 5627 2321 5705 summa
2342 5648 2629 5701 creaturae
2651 5627 3004 5717 omnes,lex,
3024 5633 3348 5716 propheta.
3374 5628 3550 5711 Atqui
3574 5627 3728 5691 ﬁlius
