4116 6212
292 319 433 385 953

1045 322 1491 385 ENARRATIO
1536 323 1618 385 IN
1666 322 2173 385 EVANGELIUM
2224 323 2464 386 LUC/E.
2515 357 2586 369 —
2619 327 2789 388 CAP.
2842 328 2975 389 XV.

3593 328 3709 393 964

291 455 491 517 ϐοσκοὶ
517 455 728 517 ἐπειδὰν
756 469 956 539 χοῖρον
985 458 1338 539 κατέχοντες,
1386 458 1446 515 οὒ
1482 458 1738 515 δύνωνται
1779 457 1962 514 παύειν

2051 462 2391 534 spectantes
2431 476 2562 538 qua:
2614 477 2913 540 nunquam
2970 461 3195 538 videre,
3253 470 3311 526 et
3352 464 3709 544 aspicientes

297 550 467 607 αὐτὸν
538 549 772 624 βοῶντα,
860 546 1288 627 ἀναστρέψαντες
1346 547 1552 612 ὕπτιον,
1617 546 1965 626 μετριώτερον

297 638 467 694 αὐτὸν
533 639 769 695 πείθουσι
831 638 982 714 βοᾷν.
1055 638 1226 696 Οὶονεὶ
1281 638 1380 717 γὰρ
1412 640 1487 702 εἷς
1516 636 1638 695 θέαν
1683 635 1848 694 ἐλθὼν
1888 638 1963 691 ῶν

304 731 411 785 οὐκ
466 724 581 783 εἶδέ
632 748 783 806 ποτε,
836 728 925 784 καὶ
979 728 1045 782 τὸ,
1073 725 1184 783 ἄνω
1214 725 1427 803 βλέπων
1456 725 1835 804 ἐκπλήττεται,
1876 724 1965 780 καὶ

304 821 460 893 σιγᾷ·
521 824 747 875 τοιοῦτοι
800 819 847 873 οἱ
899 814 1158 896 ὀφθαλμοὶ
1213 819 1319 873 τῶν
1377 817 1500 879 τοῖς
1531 814 1749 897 φαύλοις
1780 814 1964 893 ἐντρε-

308 904 585 985 φομένων,
638 903 885 963 οὐδέποτε
942 905 1009 961 τὰ
1052 904 1162 962 ἄνω
1190 908 1377 983 ὁρῶσι.
1410 905 1636 969 Γούτους
1667 907 1756 961 οὖν
1782 901 1964 980 βόσκει

309 995 343 1050 ὁ
401 992 614 1050 πολλῶν
686 994 741 1050 ἓν
769 995 927 1067 κακίᾳ
958 993 1232 1074 προέχων,
1266 995 1376 1052 οἷοι
1409 996 1457 1051 οἷ
1485 990 1857 1072 πορνοϐοσκοὶ,
1917 994 1964 1048 οὶ

308 1080 662 1162 ἀρχιλῃσταὶ,
722 1085 769 1141 οἱ
832 1081 1214 1163 ἀρχιτελῶναι,
1269 1084 1465 1147 πάντες
1524 1084 1624 1162 γὰρ
1663 1084 1803 1139 οὗτοι
1834 1082 1960 1161 χοί-

312 1193 436 1250 ρους
506 1171 718 1248 βόσκειν
766 1171 1145 1254 λεχθήσονται.
1201 1172 1482 1249 Ἐπιθυμεῐ
1537 1170 1592 1229 δὲ
1656 1175 1685 1229 6
1734 1169 1959 1234 ἐλεεινὸς

314 1267 471 1325 οὗτος
528 1263 841 1339 κορεσθῆναι
912 1263 1011 1331 τῆς
1083 1263 1366 1342 ἁμαρτίας,
1440 1263 1529 1319 καὶ
1583 1260 1747 1325 οὐδεὶς
1818 1264 1961 1333 αύτῷ

312 1347 495 1407 δίδωσι
552 1351 750 1418 ταύτης
821 1348 999 1427 κόρον.
1055 1357 1170 1408 Τῶν
1240 1351 1340 1429 γὰρ
1381 1352 1562 1409 κακῶν
1613 1354 1675 1410 ού
1702 1346 1960 1425 λαμϐάνει

2049 562 2312 617 sursum,
2374 554 2721 626 stupescunt
2770 556 2826 610 et
2869 549 3091 617 silent:
3153 552 3298 615 tales
3357 561 3493 615 sunt
3551 552 3711 614 oculi

2051 652 2257 694 eorum
2282 633 2383 715 qui
2414 637 2567 697 male
2598 636 2835 698 educati
2866 649 3041 702 sunt:
3081 659 3379 722 nunquam
3414 642 3614 703 vident
3642 662 3708 702 ea

2048 741 2179 802 quae
2207 741 2470 786 sursum.
2506 724 2681 787 Tales
2711 727 2898 807 pascit
2925 727 2974 788 is
3007 729 3108 809 qui
3144 731 3346 792 mu!tis
3388 732 3443 793 in
3486 729 3707 792 malitia

2050 821 2286 891 praeest,
2310 823 2370 872 ut
2398 822 2535 874 sunt
2563 823 2893 876 scortorum
2924 817 3207 897 hospites,
3236 821 3325 882 vel
3361 820 3704 901 publicano-

2045 901 2303 980 rum,vel
2330 903 2622 964 latronum
2646 905 2990 985 principes:
3025 907 3100 968 de
3125 910 3403 970 omnibus
3426 910 3585 971 enim
3611 908 3703 969 his

2046 990 2366 1053 dicendum
2391 993 2547 1073 quod
2573 1013 2785 1070 porcos
2810 1005 3068 1075 pascant.
3102 1000 3482 1078 Cupitautem
3504 999 3683 1059 mise-

2044 1078 2252 1142 rabilis
2274 1081 2372 1142 ille
2389 1084 2640 1143 saturari
2662 1093 2995 1165 peccato,et
3021 1104 3194 1147 nemo
3219 1089 3271 1149 ei
3294 1089 3391 1149 dat
3412 1087 3683 1149 saturari.

2043 1170 2295 1230 Assueto
2318 1171 2477 1231 enim
2514 1171 2687 1233 malis
2714 1192 2886 1235 nemo
2909 1173 3004 1235 dat
3028 1176 3515 1239 satietatem.Nun
3529 1175 3686 1237 enim

2046 1274 2243 1319 manet
2284 1260 2575 1340 voluptas,
2613 1262 2714 1322 sed
2749 1263 2927 1324 simul
2955 1271 3130 1344 atque
3159 1266 3463 1345 contingit,
3501 1265 3689 1346 proti-

2045 1367 2155 1409 nus
2190 1356 2247 1410 et
2294 1350 2447 1429 perit
2476 1350 2657 1430 ﬁtque
2692 1352 2903 1414 iterum
2942 1372 3151 1415 vacuus
3182 1355 3283 1416 ille
3313 1354 3687 1417 miserabilis.

312 1439 496 1517 κόρον,
582 1442 611 1496 6
666 1441 870 1504 τούτοις
925 1440 1223 1503 ἐνεθισθείς’
1290 1440 1368 1514 μὴ
1397 1441 1496 1519 γὰρ
1524 1439 1673 1515 μένει
1702 1441 1738 1507 ἡ
1767 1436 1957 1517 ἡδονὴ,

314 1525 438 1585 ἀλλ’
495 1527 606 1605 ἅμα
655 1528 877 1608 γίνεται,
936 1534 1024 1586 καὶ
1085 1530 1415 1610 ἀπογίνεται,
1501 1532 1589 1587 καὶ
1671 1532 1963 1608 εὑρίσκεται

2044 1437 2427 1499 Assimilatur
2469 1440 2627 1500 enim
2677 1440 2908 1521 siliquis
2956 1452 3262 1521 peccatum
3314 1445 3692 1506 dulcedinem

2051 1526 2278 1588 habens
2304 1537 2360 1588 et
2389 1530 2796 1607 asperitatem.
2832 1530 3095 1592 Delectat
3141 1534 3299 1594 enim
3332 1535 3403 1596 ad
3436 1545 3695 1616 tempus,

314 1616 478 1675 ⁴πάλιν
530 1619 683 1684 κενὸς
743 1620 771 1676 6
841 1616 1097 1688 ἐλλεινὸς,
1173 1620 1434 1697 κερατίοις
1506 1620 1606 1699 γὰρ
1637 1616 1962 1699 παραϐάλλε-

2052 1616 2275 1678 cruciat
2297 1635 2434 1678 vero
2455 1627 2761 1697 perpetuo.
2778 1619 3103 1699 Propterea
3128 1623 3321 1683 nullus
3343 1624 3445 1685 dat
3465 1623 3697 1684 satieta-

252 1748 269 1759 .
316 1729 407 1764 ται
475 1709 509 1775 ἦ
566 1707 815 1787 ἁμαρτία,
893 1707 1198 1785 γλυκύτητα
1246 1707 1448 1788 ἔχουσα
1512 1710 1601 1765 καὶ
1628 1708 1962 1788 τραχύτητα,

2055 1714 2173 1801 tem
2202 1705 2497 1766 malorum
2532 1707 2583 1767 ei
2617 1706 2717 1787 qui
2773 1708 2829 1767 in
2865 1708 2980 1768 illis
3014 1710 3371 1789 voluptatem
3403 1709 3695 1791 capiebat.

314 1795 490 1863 ἡδύνει
549 1797 645 1873 μὲν
702 1798 802 1876 γὰρ
860 1797 1175 1875 πρόσκαιρα,
1230 1797 1441 1869 κολάζει
1485 1796 1539 1855 δὲ
1569 1796 1740 1856 ἀίδια.
1796 1795 1962 1861 Οόδεὶς

2056 1792 2198 1867 Quis
2219 1793 2376 1854 enim
2401 1797 2658 1865 satiat,et
2683 1797 2989 1877 quiescere
3012 1798 3190 1861 facit?
3224 1802 3381 1862 Deus
3402 1800 3433 1859 ?
3452 1799 3555 1860 sed
3582 1817 3698 1859 non

317 1893 406 1944 οὖν
460 1884 636 1943 δίδωσι
711 1889 1023 1967 κορεσθῆναι
1085 1892 1190 1942 τῶν
1246 1887 1429 1945 κακῶν
1483 1895 1562 1963 τῷ
1618 1887 1674 1943 ἐν
1761 1887 1962 1949 τούτοις

2053 1883 2257 1945 adest:
2296 1903 2428 1943 nam
2451 1884 2550 1964 qui
2576 1884 2787 1946 talibus
2811 1888 3094 1967 vescitur,
3114 1888 3289 1968 longe
3310 1890 3477 1950 abest
3496 1908 3531 1949 a
3550 1890 3698 1952 Deo.
3736 1916 3739 1917 ν

320 1976 606 2057 τρυφῶντι.
665 1976 753 2040 Τίς
808 1976 908 2055 γὰρ
974 1978 1062 2032 καὶ
1094 1975 1249 2033 δώσει
1316 1976 1459 2052 αὐτῷ
1487 1978 1667 2057 κόρον,
1693 1978 1782 2034 καὶ
1824 1976 1962 2032 παύ-

2056 1973 2147 2033 An
2181 1971 2530 2034 daemones?
2560 1974 2631 2034 At
2664 1973 2722 2035 hi
2756 1974 2940 2036 multo
2974 1978 3159 2054 magis
3191 1976 3429 2038 solliciti
3460 1984 3595 2038 sunt
3631 1993 3703 2036 ne

319 2086 403 2121 σει
437 2083 455 2139 ;
513 2066 683 2141 Θεός;
744 2063 897 2121 Ἀλλ’
954 2064 1013 2122 οὗ
1044 2066 1292 2144 πάρεστι,
1324 2066 1529 2147 μακρὰν
1561 2067 1660 2145 γὰρ
1703 2076 1796 2125 τοῦ
1840 2072 1962 2122 Θεοῦ

2056 2080 2314 2143 unquam
2350 2062 2747 2142 quiescamus,
2783 2074 2841 2125 et
2880 2066 3103 2127 malitia
3136 2067 3381 2127 saturati
3413 2067 3619 2129 simus.

322 2152 595 2229 ἀποδημει
647 2155 675 2210 6
730 2163 896 2213 ταῦτα
943 2153 1149 2216 ἐσθίων.
1185 2154 1352 2212 Ἀλλὰ
1395 2154 1637 2233 δαίμονες
1674 2175 1690 2237 ς
1726 2157 1823 2215 Καὶ
1865 2160 1979 2219 πῶς
2011 2154 2131 2232 οἵγε
2166 2151 2369 2227 μᾶλλον
2416 2155 2568 2209 τοῦτο
2601 2153 2937 2233 σπεύδοντες,
2984 2158 3044 2211 τὸ
3076 2155 3343 2228 μηδέποτε
3375 2156 3581 2212 παὺλαν
3624 2158 3710 2210 καὶ

321 2245 411 2300 καὶ
441 2244 598 2320 κόρον
628 2242 868 2321 γενέσθαι
897 2249 997 2311 τῆς
1028 2245 1215 2309 κακίας
1252 2263 1268 2321 ;

407 2356 435 2387 ι
512 2333 600 2396 Εἰς
655 2333 840 2389 ἑαυτὸν
897 2331 950 2388 δὲ
1003 2332 1193 2409 ἐλθὼν,
1257 2338 1402 2390 εἶπε⁶
1463 2335 1626 2392 Πόσοι
1658 2336 1962 2411 μίσθιοιτοί

2138 2333 2297 2393 Vens
2348 2330 2519 2392 17-2!
2539 2357 2591 2392 ,α
2618 2330 2682 2393 In
2703 2350 2769 2395 se
2790 2340 2987 2393 autem
3020 2332 3493 2413 reversus,dixit:
3520 2331 3705 2404 Quam

325 2421 523 2500 πατρός
608 2443 710 2497 μου
764 2422 1162 2500 περισσεύονται
1246 2422 1417 2502 ἄρτων
1470 2444 1488 2496 ;
1547 2424 1655 2502 ἐγὼ
1711 2421 1765 2479 δὲ
1831 2423 1962 2500 λιμῷ

2059 2421 2229 2484 multi
2257 2421 2613 2483 mercenarii
2636 2422 2819 2502 patris
2844 2423 2960 2483 mei
2984 2423 3287 2485 abundant
3306 2423 3588 2500 panibus?
3601 2440 3707 2500 ego

324 2509 651 2586 ἀπόλλυμαι.
709 2507 970 2574 ’Λναστὰς
1028 2514 1353 2590 πορεύσομαι
1442 2515 1572 2593 πρὸς
1630 2515 1723 2570 τὸν
1773 2515 1962 2594 πατέρα

2058 2530 2194 2573 vero
2227 2511 2380 2571 fame
2413 2529 2635 2591 pereo:
2670 2528 2907 2588 surgam
2930 2520 2987 2573 et
3010 2512 3106 2575 ibo
3125 2514 3196 2574 ad
3224 2522 3449 2593 patrem
3483 2529 3705 2587 meum,

332 2623 460 2676 μου,
530 2602 617 2657 καὶ
674 2598 777 2679 ἐρῶ
846 2602 1009 2673 αὐτῷ.
1074 2602 1266 2681 Πάτερ,
1325 2601 1563 2681 ἥμαρτον
1586 2603 1658 2667 εἰς
1688 2604 1779 2659 τὸν
1810 2606 1962 2680 ὠρα-

2060 2610 2118 2663 et
2148 2600 2343 2662 dicam
2373 2600 2427 2661 ei
2458 2622 2470 2662 :
2508 2603 2706 2683 Pator,
2728 2603 2965 2681 peccavi
2992 2602 3049 2661 in
3082 2604 3293 2663 (mlum
3320 2611 3375 2662 et
3403 2619 3600 2661 coram
3627 2610 3707 2671 te;

327 2693 416 2747 νὸν
464 2691 553 2747 καὶ
609 2688 835 2747 ἐνώπιόν
868 2712 983 2770 σου,
1018 2692 1105 2747 καὶ
1130 2695 1223 2751 οὐκ
1254 2691 1329 2747 ἔτι
1372 2692 1478 2765 εἰμὶ
1520 2690 1663 2758 ἄξιος
1710 2691 1962 2760 κληθῆναι

2053 2691 2176 2770 jam
2194 2710 2309 2751 non
2332 2709 2461 2750 sum
2488 2689 2701 2769 dignus
2733 2691 2923 2769 vocari
2951 2693 3101 2753 lilius
3127 2705 3284 2771 tuus,
3318 2691 3408 2751 fac
3436 2708 3528 2750 me
3552 2690 3708 2749 sicut

323 2780 433 2845 υἱός
489 2793 603 2840 σου·
679 2779 903 2846 ποίησόν
960 2802 1027 2855 με
1057 2782 1128 2844 ὡς
1161 2778 1248 2836 ἕνα
1278 2788 1384 2838 τῶν
1436 2782 1653 2856 μισθίων
1699 2803 1815 2844 σου.
1877 2783 1962 2840 Καὶ

2059 2798 2243 2842 unum
2276 2780 2350 2840 de
2383 2780 2773 2840 mercenariis
2820 2781 2956 2841 tuis.
3015 2784 3082 2843 Et
3136 2798 3390 2856 surgens
3434 2778 3593 2839 venit
3630 2778 3700 2836 azl

322 2869 553 2932 ἀναστὰς
608 2866 737 2936 ἦλθε
788 2870 920 2947 πρὸς
949 2870 1040 2924 τὸν
1070 2869 1272 2947 πατέρα
1315 2868 1521 2931 ἑαυτοῦ.
1551 2860 1686 2927 "Et:
1729 2868 1783 2926 δὲ
1816 2871 1962 2926 αὗτοῐ

2059 2878 2286 2948 patrem
2320 2886 2516 2930 suum.
2548 2871 2692 2929 Cum
2739 2879 2936 2930 autem
2971 2869 3165 2929 adhuc
3215 2869 3390 2947 longe
3438 2867 3700 2946 abesset,

323 2958 528 3036 μακρὰν
583 2956 908 3037 ἀπέχοντος,
968 2956 1113 3014 εἶδεν
1166 2960 1322 3015 αὐτὸν
1378 2961 1405 3015 6
1449 2960 1628 3038 πατὴρ
1671 2962 1850 3039 αὐτοῦ,
1885 2961 1962 3015 καὶ

2057 2956 2200 3018 vidit
2230 2957 2394 3018 illum
2426 2957 2817 3038 pateripsius,
2851 2970 2907 3020 et
2929 2958 3340 3018 misericordia
3371 2964 3566 3017 motus
3589 2962 3704 3028 est,

324 3047 779 3127 εὖσπλαγχνίσθη,
828 3048 915 3103 καὶ
962 3045 1175 3127 δραμὼν
1232 3046 1418 3104 ἔπεσεν
1446 3047 1532 3105 ἐπὶ
1577 3050 1668 3104 τὸν
1697 3047 1962 3128 τράχηλοι

2058 3053 2117 3107 et
2144 3064 2465 3106 accurrens
2497 3046 2616 3106 ruit
2663 3046 2722 3106 in
2756 3048 2971 3107 collum
3005 3046 3157 3126 ejus,
3192 3058 3251 3109 et
3285 3045 3583 3106 osculatus
3615 3054 3703 3104 est

326 3138 503 3217 αὐτοῦ,
562 3124 650 3192 καὶ
703 3124 1057 3216 κατεφίλησεν
1140 3137 1327 3201 αὐτὸν.
1410 3137 1552 3195 Εἷπε
1620 3134 1674 3193 δὲ
1730 3124 1899 3211 ἀὖτῷ
1946 3139 1962 3193 ε

2057 3153 2215 3195 eum.
2254 3133 2527 3213 Dixitque
2559 3137 2609 3196 ei
2636 3136 2791 3196 ﬁlius
2822 3157 2835 3199 :
2876 3124 3298 3214 Paterpeccavi
3324 3134 3380 3194 in
3406 3135 3623 3195 coelum
3650 3142 3711 3195 et

323 3226 454 3287 υἱός’
518 3225 714 3303 Πάτερ,
786 3224 1026 3304 ἢμαρτον
1078 3226 1151 3291 εἰς
1205 3226 1297 3281 τὸν
1353 3227 1571 3306 οὐρανὸν
1629 3226 1719 3282 καὶ
1748 3225 1962 3283 ἐνώπιόη

2058 3241 2256 3283 coram
2292 3231 2347 3282 te
2383 3244 2396 3282 :
2430 3224 2567 3283 407
2603 3243 2794 3304 neque
2827 3225 3069 3302 posthac
3098 3243 3227 3285 sum
3263 3224 3476 3301 dignus
3507 3222 3700 3283 vocari

327 3338 446 3387 σου,
492 3315 582 3372 καὶ
629 3313 725 3371 οὐκ
770 3312 844 3370 ἔνι
888 3316 995 3387 εἰμὶ
1026 3313 1175 3379 ἂξιος
1206 3313 1468 3383 κληθῆναι
1497 3317 1607 3379 υἱός
1651 3337 1768 3377 σου.
1826 3338 1849 3374 ι
1885 3318 1962 3379 Εἷς

2062 3311 2215 3372 ﬁlius
2244 3319 2378 3372 tuus
2442 3338 2467 3366 »
2506 3316 2937 3394 Intemperatus
2958 3312 3192 3373 tandem
3228 3313 3298 3374 ad
3324 3312 3584 3392 seipsum
3610 3329 3706 3373 re-

326 3405 510 3460 ἑαυτὸν
569 3401 728 3471 ἦλθεν
786 3405 815 3459 6
893 3403 1023 3466 τέως
1075 3400 1304 3469 ἄσωτοςο
1339 3403 1438 3469 ἕως
1474 3405 1571 3479 μὲν
1626 3406 1723 3485 γὰρ
1756 3403 1962 3485 ἔπραττε

2060 3402 2192 3466 diit.
2226 3402 2496 3473 Quandiu
2550 3403 2700 3464 male
2745 3403 2976 3482 agebat,
3032 3412 3197 3464 extra
3243 3403 3505 3484 seipsum
3554 3408 3701 3463 erat.

325 3496 391 3550 τὰ
448 3491 644 3572 φαῦλα,
704 3492 803 3559 ἔξω
857 3493 1043 3550 ἑαυτοῦ
1072 3494 1162 3560 ἦν.
1200 3491 1649 3561 Καταδαπανῆσαι
1682 3495 1781 3573 γὰρ
1814 3493 1962 3573 λέγε-

2061 3491 2522 3571 Consumpsisse
2542 3491 2701 3553 enim
2732 3492 2951 3553 dicitur
2969 3492 3446 3573 substantiam,et
3470 3491 3704 3551 merito:

321 3605 409 3639 ται
455 3581 555 3649 τὴν
611 3581 812 3662 οὐσίαν,
873 3583 959 3638 καὶ
1024 3582 1268 3647 εἰκότως
1328 3580 1414 3643 διὰ
1440 3591 1595 3641 τοῦτο
1625 3582 1724 3650 ἔξω
1794 3582 1962 3642 ἐαυτοῐ

2064 3590 2307 3660 propter
2338 3581 2448 3642 hoc
2480 3590 2641 3642 extra
2668 3582 2930 3662 seipsum
2965 3590 3108 3643 erat.
3148 3580 3290 3641 Nam
3324 3580 3425 3661 qui
3454 3598 3571 3640 non
3598 3598 3709 3658 gu-

326 3672 491 3735 ἒστιν,
550 3661 607 3729 Ὀ
706 3673 806 3751 γὰρ
864 3672 941 3747 μὴ
1018 3669 1165 3750 λόγῳ
1221 3670 1641 3753 κυϐερνώμενος,
1700 3672 1837 3730 ἀλλὰ
1904 3676 1962 3733 ὼ(

2062 3667 2345 3730 bernatur
2396 3670 2643 3751 ratione,
2693 3661 2795 3731 sed
2846 3678 3058 3751 praeter
3105 3670 3396 3732 rationem
3447 3669 3607 3740 vivit,
3652 3676 3713 3741 et

326 3761 519 3840 ἄλογος
576 3767 704 3842 ζῶν,
763 3761 851 3817 καὶ
907 3760 1105 3840 ἑτέροις
1166 3761 1263 3828 τῆς
1314 3761 1535 3840 ἀλογίας
1582 3761 1848 3843 ἐξάρχων,
1881 3762 1962 3828 ἕξιι

2062 3759 2321 3821 absurda
2352 3760 2467 3821 alia
2500 3760 2827 3840 exorditur,
2861 3767 3025 3821 extra
3057 3762 3321 3838 seipsum
3356 3767 3467 3827 est,
3503 3766 3559 3819 et
3591 3777 3709 3818 non

326 3851 513 3907 ἑαυτοῦ
557 3849 695 3923 ἐστι,
749 3851 842 3907 καὶ
898 3853 957 3909 οὐ
1016 3850 1163 3925 μένει
1222 3850 1307 3907 ἐπὶ
1374 3852 1474 3918 τῆς
1543 3853 1735 3916 οἰκείας
1777 3852 1962 3928 οὐσίας1

2065 3855 2261 3910 manet
2285 3848 2344 3910 in
2376 3867 2483 3911 sua
2509 3848 2855 3918 substantia,
2893 3850 3005 3909 hoc
3038 3856 3128 3910 est
3158 3848 3412 3909 ratione.
3459 3846 3709 3917 Quando

324 3938 590 4013 τουτέστι,
646 3945 740 3996 τοῦ
789 3937 971 4016 λόγου.
1033 3929 1217 3997 ’Ὅταν
1273 3938 1329 3995 δὲ
1384 3938 1764 4019 ἀναλογίσηται
1795 3942 1874 4005 τίς
1906 3941 1962 3997 {In

2061 3948 2259 3999 autem
2302 3939 2434 4014 quis
2463 3939 2679 4016 cogitat
2714 3938 2772 3998 in
2806 3945 3086 4017 quantam
3118 3937 3351 3999 venerit
3382 3935 3705 4010 miseriam,

326 4028 411 4086 ἰπὶ
482 4028 639 4084 ποίαν
709 4029 1044 4097 κατήντησεν
1116 4028 1424 4100 ἀθλιότητα,
1473 4030 1594 4086 τότε
1672 4031 1868 4109 γίνεται
1923 4033 1962 4086 ἓε

2062 4036 2204 4089 tunc
2234 4029 2389 4089 redit
2419 4029 2493 4090 ad
2542 4028 2826 4108 seipsum,
2873 4026 3283 4099 considerans,
3331 4034 3389 4086 et
3419 4025 3477 4084 in
3514 4022 3708 4103 parui-

326 4120 523 4192 ἐαυτῷ,
595 4116 961 4197 λογιζόμενος,
1023 4118 1111 4174 καὶ
1177 4120 1250 4180 εἷς
1343 4120 1626 4193 μετάνοιαν
1685 4119 1962 4198 ἐρχόμενοι

2063 4118 2305 4178 tentiam
2338 4117 2582 4179 veniens
2612 4136 2644 4177 a
2664 4135 2769 4178 sua
2798 4116 3077 4178 exteriori
3107 4114 3498 4195 divagatiune.
3528 4116 3709 4176 Porro

326 4206 432 4265 ἀπὸ
500 4212 599 4274 τῆς
661 4206 759 4272 ἔξω
842 4206 1302 4285 περιπλανήσεως,
1380 4209 1625 4272 Μισθίους
1682 4206 1736 4264 δὲ
1805 4207 1952 4286 λέγει

2066 4207 2465 4269 mercenaries
2490 4205 2633 4267 dicit
2657 4206 3143 4285 catechumenos,
3171 4205 3312 4284 quia
3344 4203 3604 4265 nomium
3639 4222 3707 4263 eo

324 4298 447 4354 οἷον
503 4298 623 4360 τοὺς
681 4295 1146 4375 κατηχουμένους,
1221 4296 1274 4352 οῗ
1309 4296 1455 4353 ςῦπω
1485 4296 1711 4377 ἔφθασαν
1738 4296 1956 4375 γενέσθα

2066 4305 2459 4374 pervenerant
2490 4304 2548 4356 ut
2576 4295 2919 4356 dicerentur
2936 4294 3064 4367 ﬁlii,
3095 4296 3229 4374 quia
3264 4292 3521 4353 nondum
3550 4300 3710 4354 recte

323 4389 446 4466 υἱοὶ,
503 4389 574 4452 ὡς
623 4408 791 4462 μηπω
852 4386 1220 4466 φωτισθέντες,
1288 4392 1504 4449 Πάντως
1535 4385 1588 4442 δὲ
1618 4388 1663 4443 οἱ
1695 4388 1962 4467 κατηχού-

777 4475 789 4492 Ι
913 4473 936 4492 ’⁷
1207 4483 1224 4489 -ι
1344 4474 1368 4492 ’I
1608 4482 1625 4490 ι
1720 4474 1740 4492 κ
1888 4483 1910 4491 τ

2064 4384 2341 4447 illustrati
2374 4384 2629 4447 Omnino
2645 4394 2845 4445 autem
2860 4381 3707 4445 eatechumeniabundantiam

328 4498 479 4552 μενοι
551 4475 853 4541 περισσείαν
913 4473 1099 4554 ἔχουσι
1159 4483 1264 4531 τῶν
1337 4474 1508 4555 ἄρτων
1564 4482 1670 4532 τῶν
1720 4474 1962 4554 λογικῶν,

2064 4475 2435 4537 rationalium
2473 4486 2688 4554 panum
2720 4472 2959 4546 habent,
2994 4472 3262 4553 quotidie
3292 4472 3581 4534 lectiones
3610 4489 3706 4531 au-

324 4556 442 4623 καθ’
501 4563 730 4631 ἑκάστην
815 4570 920 4620 τῶν
1004 4564 1442 4641 ἀναγνωσμάτων
1520 4564 1824 4628 ἀκούοντες.
1883 4571 1962 4624 κα

2062 4564 2320 4627 dientes.
2376 4566 2442 4623 Et
2474 4572 2535 4623 ut
2575 4562 2773 4625 discas
2818 4562 3212 4623 differentiam
3265 4559 3619 4623 mercenarii
3655 4568 3713 4619 et

327 4654 420 4711 ἵνα
476 4653 648 4728 μάθης
707 4651 957 4732 διαφορὰν
1013 4654 1220 4724 μισθίου
1277 4655 1365 4710 καὶ
1405 4654 1538 4727 υἱοῦ,
1585 4654 1767 4716 cimus.
1823 4664 1962 4734 Τρεᾯ

2064 4653 2191 4727 ﬁlii,
2221 4654 2382 4715 audi.
2415 4653 2562 4715 Tres
2587 4662 2723 4714 sunt
2756 4652 2995 4712 ordines
3017 4670 3221 4713 eorum
3256 4651 3352 4731 qui
3386 4650 3704 4711 salvantur.

328 4745 427 4799 εἱσι
496 4741 669 4808 τάξεις
724 4741 831 4798 τῶν
915 4742 1257 4817 σωζομένων
1305 4743 1350 4798 οἱ
1403 4742 1498 4818 μέν
1532 4744 1631 4823 γὰρ
1688 4744 1760 4804 ὡς
1805 4741 1957 4801 δοῦλο

2062 4743 2183 4806 Alii
2212 4744 2370 4805 enim
2405 4753 2463 4805 ut
2496 4743 2650 4805 servi
2692 4742 2914 4803 faciunt
2960 4741 3205 4813 bonum,
3244 4741 3521 4802 timentes
3542 4739 3709 4818 judi-

326 4834 536 4889 ποιοῦσι
600 4839 661 4887 τὸ
727 4828 889 4887 καλὸν
952 4828 1271 4910 φοϐύομενοι
1331 4831 1429 4899 τὴν
1490 4832 1682 4900 κρίσιν’
1748 4832 1776 4888 ὅ
1835 4834 1962 4890 καὶὲ

2062 4831 2264 4896 cium:
2299 4832 2453 4914 quod
2491 4842 2547 4893 ct
2580 4831 2760 4895 David
2814 4830 3075 4891 insinuat
3114 4830 3321 4891 dicens
3352 4846 3365 4890 :
3407 4854 3431 4884 ι
3472 4828 3711 4905 Conﬁge

331 4918 501 4977 Δαυίὂ
558 4920 862 4977 αἰνίττεται·
933 4943 959 4973 α
998 4917 1319 4987 Καθήλωσον
1350 4919 1408 4976 ἐκ
1436 4926 1530 4977 τοῦ
1561 4919 1723 5001 φόϐου
1753 4943 1846 4978 σου
1885 4922 1962 4979 τὰε

2067 4923 2279 4983 timore
2308 4931 2405 4983 tuo
2436 4939 2674 4983 carnem
2702 4938 2892 4979 meam
2929 4939 2944 4978 :
2976 4938 3008 4978 a
3033 4919 3281 4999 judiciis
3306 4919 3463 4980 enim
3497 4918 3612 4978 tuis
3632 4916 3710 4975 ti-

326 5009 525 5087 σάρκας
584 5030 709 5088 μου,
771 5006 965 5085 λέγων’
1038 5007 1143 5063 ius
1235 5009 1336 5086 γὰρ
1390 5016 1494 5065 τῶν
1552 5011 1827 5089 χριμάτων
1888 5033 1962 5068 σοι

2066 5011 2210 5073 mui.
2244 5036 2269 5066 κ
2301 5008 2651 5072 Mercenarii
2670 5026 2808 5068 vero
2823 5026 2954 5068 esse
2972 5006 3269 5081 videntur,
3293 5005 3712 5086 quidesiderio

326 5095 616 5178 ἐφοϐήθην.
657 5119 681 5153 ι
719 5099 779 5154 Οἱ
813 5095 868 5152 δὲ
914 5096 1110 5169 μίσθιοι
1156 5097 1300 5153 εἶναι
1331 5095 1571 5155 δοκοῦσιν
1600 5099 1847 5175 ἐπιθυμίᾳ
1874 5103 1962 5157 τῶι

2065 5098 2356 5161 bonorum
2394 5100 2546 5160 bene
2578 5098 2811 5178 placere.
2845 5098 2967 5158 Deo
3000 5096 3265 5176 cupiunt,
3305 5100 3456 5156 sicut
3487 5102 3544 5155 et
3586 5094 3713 5173 ipse

326 5188 538 5265 ἀγαθῶν
610 5186 916 5265 εὖαρεστετν
999 5184 1313 5251 σπεύδοντες
1386 5194 1524 5267 Θεῷ,
1599 5190 1672 5251 ὡς
1732 5191 1759 5245 6
1822 5190 1962 5246 αὐτὸς

2064 5188 2246 5251 David
2277 5188 2414 5249 dicit
2445 5205 2458 5248 :
2500 5214 2525 5243 α
2561 5186 2836 5248 lnelinavi
2875 5204 2978 5246 cor
3032 5204 3225 5245 meum
3271 5184 3342 5245 ad
3375 5184 3710 5245 faciendum

327 5272 497 5331 Δαυίδ
537 5289 721 5355 φησιν’
763 5298 790 5329 ι
818 5274 1041 5331 Ἐκκινα
1081 5274 1181 5341 τὴν
1230 5272 1447 5353 καρδίαν
1479 5297 1582 5352 μου
1621 5284 1716 5333 τοῦ
1758 5283 1958 5345 ποιῆσα

2060 5278 2511 5359 jnstiﬁcationes
2558 5284 2685 5337 tuas
2732 5275 2793 5335 in
2838 5282 3147 5349 aeternum,
3184 5282 3423 5355 proliter
3450 5271 3713 5334 retribu-

323 5366 391 5422 τὰ
448 5362 787 5439 δικαιώματά
844 5384 937 5420 σου
998 5365 1072 5429 εἰς
1119 5365 1211 5421 τὸν
1283 5370 1449 5441 αἰῶνα
1478 5363 1547 5420 δι’
1578 5365 1962 5443 ἁντὰμειψωλ

2070 5367 2446 5428 ιίοηειιι.›Α1.
2468 5366 2572 5427 ﬁlii
2602 5374 2736 5425 sunt
2759 5363 2857 5444 qui
2884 5372 3121 5445 propter
3138 5380 3400 5425 amorem
3421 5361 3480 5423 in
3498 5360 3709 5439 Deum,

328 5456 386 5513 Εἰ
442 5454 498 5511 δέ
555 5456 685 5512 εἰσιν
744 5455 871 5535 υἱοὶ,
902 5451 972 5510 δι’
1002 5454 1219 5533 ἀγάπην
1250 5454 1347 5522 τὴν
1377 5456 1510 5534 πρὸς
1544 5457 1673 5512 Θεὸν
1703 5464 1962 5515 ποιοῦνται

2071 5457 2345 5517 mandata
2374 5455 2725 5533 perﬁciunt:
2758 5454 2915 5514 sicut
2941 5452 3158 5514 iterum
3201 5451 3380 5515 David
3419 5457 3708 5514 testatur:

323 5543 418 5607 τὰς
474 5543 693 5609 ἒντολὰς
764 5547 946 5620 αὐτοῦ,
1018 5546 1092 5609 ὣς
1182 5544 1272 5601 καὶ
1349 5542 1508 5600 πάλιν
1550 5545 1578 5601 6
1630 5545 1785 5610 αὐτὸς
1821 5550 1962 5603 Acut

2068 5543 2376 5617 Quomodo
2426 5544 2602 5607 dilexi
2662 5543 2852 5623 legem
2900 5548 3085 5618 tuam,
3133 5540 3409 5614 Domine,
3456 5549 3574 5602 tota
3614 5540 3715 5601 die

406 5675 469 5727 τε
495 5673 652 5741 Psel.
676 5690 882 5768 omn,
908 5650 1037 5740 es.”
