4116 6212
405 245 520 309 9ὁῦ
1368 250 1961 316 THEOPHYLACTI
2008 255 2101 316 BU
2113 253 2416 320 [ΑΕΔΗῐῶ
2460 259 2813 323 ARCHIEP.
3677 261 3819 325 956

406 396 708 459 meditatio
742 414 873 462 mea
901 405 990 459 est
1006 399 1130 461 ⁷8.»
1158 398 1230 460 Et
1260 400 1515 463 iterum:
1550 423 1573 456 α
1612 402 1817 464 Levavi
1852 420 2052 465 manus

2142 404 2424 468 μαρτυρεῖ·
2487 411 2516 452 ς
2581 383 2673 456 Ὠς
2757 394 3015 472 ἠγάπησα
3071 397 3163 451 τὸν
3232 398 3394 472 νόμον
3423 418 3547 470 σου,
3583 400 3808 475 Κύριαὲ

408 505 569 582 meas
598 486 669 549 ad
699 487 1117 582 mandatatna,
1139 488 1497 582 quae‘dilexi,
1517 491 2052 582 inon,quae_timui.

2138 478 2270 582 ὀληέ
2346 496 2445 548 την
2516 479 2716 557 ἡμέραν
2776 481 2977 559 μελέτη
3042 507 3145 560 μου
3184 485 3319 547 icti.
3369 508 3395 543 ι
3454 488 3545 543 καὶ
3597 487 3809 547 πάλιν.

406 576 477 639 Et
504 575 720 638 iterum
751 596 806 636 ια
832 576 1129 645 Mirabilia
1152 576 1494 640 testimonia
1526 588 1644 655 tua,
1679 571 1741 641 et
1757 580 1898 659 quia
1918 590 2052 643 sunt

2146 591 2169 624 ε
2236 571 2361 659 Ἡρα
2429 571 2524 633 τὰς
2576 572 2770 652 χεῖράς
2827 595 2929 647 μου
2985 574 3118 653 πρὸς
3163 576 3256 641 τὰς
3284 574 3501 639 ἐντολάς
3548 599 3670 653 σου,
3734 577 3811 635 εἷς

404 663 701 741 mirabilia
731 665 842 746 (ο),
880 666 1014 728 ideo
1062 672 1315 729 scrutata
1368 686 1438 730 ea
1480 677 1569 730 est
1603 671 1800 731 anima
1833 688 1983 733 mea.
2022 693 2045 728 υ

405 758 546 818 Cum
581 755 758 835 igitur
801 756 935 836 quis
965 755 1144 817 fuerit
1172 757 1231 816 in
1283 756 1497 819 ordine
1528 757 1709 830 ﬁlius,
1745 766 1805 820 et
1833 757 2055 821 deinde

408 855 649 926 propter
707 850 1015 927 peccatum
1065 845 1397 925 abdicatur,
1448 848 1723 928 videtque
1762 848 1911 910 alios
1936 848 2054 911 frui

405 936 619 997 divinis
640 934 836 1014 donis,
865 941 923 995 et
952 936 1464 998 communicantes
1506 936 1723 998 divinis
1754 937 2053 1018 mysteriis

406 1032 465 1089 et
495 1024 691 1085 divino
726 1041 914 1103 pane:
950 1043 1069 1084 non
1102 1022 1261 1085 enim
1293 1025 1365 1085 de
1418 1025 1561 1086 solis
1606 1026 2050 1089 catechumenis

408 1111 649 1191 intelligi
674 1119 905 1193 oportet
936 1113 1091 1192 quod
1144 1113 1219 1174 de
1268 1115 1643 1177 mercenaria
1672 1115 1908 1196 dicitur,
1942 1116 2049 1179 sed

403 1209 462 1263 et
491 1202 566 1264 de
596 1203 671 1264 iis
701 1202 800 1284 qui
834 1210 974 1264 sunt
1013 1204 1068 1263 in
1125 1200 1393 1265 Ecclesia
1443 1203 1797 1285 simpliciter
1828 1224 1946 1267 non
1988 1205 2052 1267 in

408 1291 598 1371 primo
631 1292 839 1355 ordine
871 1293 952 1372 (b)
983 1313 998 1372 ;
1035 1301 1173 1353 tunc
1221 1293 1321 1355 illa
1364 1294 1488 1355 haec
1519 1294 2053 1357 commiserationis

408 1379 585 1443 verba
631 1380 738 1442 sibi
792 1381 909 1461 ipsi
959 1382 1161 1444 dicere
1214 1380 1435 1443 debet:
1486 1382 1638 1455 Quot
1697 1384 2055 1448 mercenarii

405 1471 593 1532 Patris
619 1470 735 1532 mei
756 1470 1058 1533 abundant
1084 1476 1269 1552 pane!
1309 1490 1416 1550 ego
1438 1481 1633 1534 autem
1664 1474 1820 1535 fame
1845 1492 2046 1555 pereo.

405 1558 516 1622 Sed
537 1579 785 1639 surgens
811 1560 888 1623 de
904 1561 1074 1622 ruina
1098 1560 1450 1641 peccati,ibo
1470 1562 1539 1622 ad
1574 1565 1802 1624 Patrem
1826 1583 2047 1639 meum,

405 1658 462 1710 et
495 1649 685 1712 dicam
714 1650 769 1711 ei
798 1670 812 1710 :
850 1650 1040 1725 Pater,
1068 1650 1307 1730 peccavi
1342 1652 1397 1712 iu
1425 1650 1637 1712 cmlum
1671 1662 1726 1713 et
1748 1662 2045 1715 coramte.

402 1738 880 1820 Derelinquendo
913 1739 1071 1801 enim
1106 1739 1390 1811 caelestia,
1428 1742 1663 1819 peccavi
1688 1742 1747 1802 in
1773 1762 1862 1812 ea.
1893 1761 2048 1822 prae-

401 1828 599 1891 ferens
620 1829 764 1908 ipsis
782 1829 1139 1910 voluptatem
1167 1829 1706 1909 contemptibilem,
1734 1840 1789 1892 et
1814 1832 2050 1912 praeeli-

401 1937 546 1997 gens
564 1919 786 1981 coalesti
805 1918 1008 1999 patriae
1034 1937 1180 1980 mea:
1198 1919 1498 1997 regionem
1531 1920 1724 1983 famis.
1749 1920 2050 1994 Quemad-

404 2007 641 2069 modum
672 2008 939 2079 euim,ut
968 2007 1221 2085 exempli
1246 2008 1429 2085 gratia
1457 2008 1813 2090 dicamus,in
1841 2030 2048 2073 aurum

401 2116 649 2176 peccare
680 2097 915 2177 dicitur,
952 2097 1051 2177 qui
1084 2096 1175 2157 illi
1203 2097 1509 2177 plumbum
1560 2100 1796 2179 praefert
1829 2118 1842 2162 :
1881 2100 1960 2162 ita
1987 2100 2049 2162 in

400 2186 611 2247 ccelum
656 2192 885 2265 peccat,
940 2185 1040 2265 qui
1084 2185 1170 2246 illi
1220 2193 1458 2247 terrena
1507 2189 1814 2268 ρι’τροηίι.
1867 2189 2055 2253 Abest

401 2282 595 2336 autem
630 2275 1035 2336 omninoavia
1059 2292 1188 2353 quae
1220 2274 1332 2335 fert
1368 2275 1425 2335 in
1461 2278 1697 2341 coelum.
1725 2277 1888 2340 Scias
1910 2281 2050 2342 item

404 2362 559 2443 quod
591 2363 829 2443 quando
863 2364 1146 2443 peccavit,
1181 2363 1350 2441 quasi
1380 2383 1496 2425 non
1528 2381 1729 2426 coram
1760 2366 1882 2428 Deo
1909 2387 2049 2448 ope-

402 2471 542 2514 rans
572 2452 878 2530 peccavit;
929 2452 1164 2533 quando
1214 2461 1414 2515 autem
1467 2455 1803 2536 confitetur,
1844 2476 2045 2519 coram

405 2543 528 2605 Deo
555 2562 620 2604 se
652 2560 934 2620 peccasse
964 2541 1164 2604 sentit.
1220 2544 1406 2604 Porro
1452 2543 1591 2603 408
1619 2562 1867 2624 surgens
1892 2546 2049 2609 vadit

401 2633 471 2694 ad
504 2630 735 2693 Patrem
783 2650 978 2692 suum.
1014 2633 1141 2693 Non
1176 2632 1366 2693 solum
1400 2631 1559 2695 enim
1593 2635 2044 2698 consultandum

401 2729 492 2782 est
520 2722 594 2782 de
627 2719 717 2783 his
749 2740 880 2801 quae
903 2721 1138 2801 placent
1161 2724 1307 2794 Deo,
1337 2721 1440 2782 sed
1477 2737 1538 2783 et
1570 2742 1719 2803 opus
1749 2732 1839 2785 est
1868 2725 2044 2787 facto.

400 2811 569 2874 Nunc
614 2810 1113 2891 quemadmodum
1168 2810 1367 2872 vidisti
1420 2811 1704 2874 fervidam
1751 2815 2048 2894 paeniten-

404 2900 568 2981 tiam,
603 2904 683 2962 ita
714 2908 770 2962 et
820 2899 1080 2961 celerem
1134 2899 1325 2961 Patris
1377 2900 1846 2966 misericordiam
1893 2904 2046 2967 vide.

2136 658 2417 737 ἠγάπησα,
2453 683 2481 715 ε
2531 659 2636 741 οὐχ
2663 660 2726 725 ἅς
2754 660 3039 740 ἐφοϐὴθην·
3074 664 3161 720 καὶ
3202 662 3383 720 πάλιν
3433 686 3462 724 )
3497 670 3812 742 Θαυμαστᾶ

2135 749 2201 804 τὰ
2249 749 2503 829 μὰρτυρία
2572 772 2691 825 σου,
2750 753 2838 808 καὶ
2897 750 2979 810 διὰ
3034 754 3097 809 τὸ
3155 754 3299 811 εἶναι
3344 757 3648 831 θαυμαστὰ,
3711 756 3809 812 διὰ

2134 844 2287 896 τοῦτο
2346 838 2693 919 ἐξηρεύνησεν
2721 842 2852 900 αὐτὰ
2894 845 2929 912 ἦ
2972 843 3129 923 ψυχὴ
3173 866 3297 919 μου.
3337 866 3363 902 ι
3402 835 3581 903 ΗΟτειν
3610 850 3713 903 οὗν
3744 848 3809 904 ἓν

2133 935 2201 1006 τῇ
2271 926 2413 995 τάξει
2471 939 2564 988 τοῦ
2635 933 2746 987 υἱοῦ
2814 930 2888 987 ι’ύν
2944 953 3045 1007 τις,
3104 937 3224 990 εἶτα
3252 932 3336 989 διὰ
3365 936 3467 1003 τὴν
3516 938 3806 1016 ἁμαρτίαν

2133 1017 2561 1100 ἆποκηρυχθείη,
2619 1021 2708 1075 καὶ
2775 1021 2920 1100 ὁρῴη
2989 1020 3183 1086 ἄλλους
3252 1021 3618 1089 ἀπολαύοντας
3683 1034 3805 1083 τῶν

2131 1110 2284 1165 θείων
2384 1108 2760 1188 χαρισμάτων,
2852 1111 2940 1165 καὶ
3005 1114 3386 1176 κοινωνοῦντας
3456 1122 3562 1171 τῶν
3629 1118 3804 1173 θείω-ν

2134 1197 2461 1273 μυστηρίων,
2533 1199 2620 1255 καὶ
2672 1199 2765 1255 τοῦ
2811 1199 2968 1279 ἄρτου
3039 1222 3131 1256 του
3211 1203 3372 1259 θείου’
3473 1201 3592 1261 οὑδὲ
3690 1209 3806 1285 γὰρ

2134 1288 2252 1366 περὶ
2306 1294 2414 1344 τῶν
2470 1288 2894 1368 κατηχουμένων
2938 1290 3099 1363 μόνον
3133 1291 3242 1370 χρὴ
3272 1305 3419 1348 νοεῖν
3448 1294 3523 1356 ὡς
3565 1295 3809 1370 μισθίων

2134 1375 2458 1455 λεγομένων,
2519 1376 2657 1434 ἀλλὰ
2707 1379 2793 1435 καὶ
2845 1384 2951 1435 τῶν
3022 1379 3077 1435 ἐν
3132 1387 3199 1457 τῇ
3259 1380 3553 1457 Ἐκκλησία
3597 1384 3806 1446 ἁπλῶς

2135 1468 2213 1543 μὴ
2282 1470 2381 1534 τῆς
2441 1467 2662 1546 πρώτης
2707 1466 2903 1534 τάξεως
2962 1468 3150 1525 ὄντων’
3227 1470 3351 1528 τότε
3394 1469 3459 1540 δὴ
3506 1475 3674 1530 ταῦτα
3730 1475 3804 1529 τὰ

2134 1557 2314 1634 οἰκτρὰ
2364 1555 2562 1637 ὀφείλει
2624 1555 2889 1635 ἐπιλέγειν
2954 1560 3150 1633 luam]?
3210 1560 3372 1618 Πόσοι
3433 1561 3629 1636 μίσθιοι
3692 1570 3805 1620 τοῦ

2134 1646 2337 1725 Πατρός
2409 1668 2510 1721 μου
2564 1646 2957 1724 περισσεύουσιν
3033 1646 3225 1727 ἂρτωψ
3315 1649 3422 1727 ἐγὼ
3510 1649 3567 1707 δέ
3637 1660 3803 1727 λιμῷ

2075 1729 2460 1806 Βἀπόλλυμαι.
2524 1732 2672 1792 Ἀλλ’
2730 1734 2981 1815 ἀναστὰς,
3043 1736 3335 1811 τουτέστιν,
3387 1734 3449 1795 ἐκ
3488 1746 3581 1796 τοῦ
3622 1742 3800 1798 πτώ-

2136 1846 2304 1900 ματος
2359 1830 2455 1893 τῆς
2514 1825 2799 1906 ἁμαρτίας,
2857 1827 3181 1904 πορεύσομαι
3210 1829 3341 1906 πρὸς
3409 1830 3500 1885 τὸν
3571 1833 3798 1910 Πατέρα

2134 1936 2259 1995 μου,
2325 1916 2413 1971 καὶ
2470 1913 2574 1994 ἐρῶ
2628 1914 2792 1989 αὐτῷ’
2856 1914 3050 1993 Πάτερ,
3104 1913 3341 1994 ἥμαρτον
3398 1919 3471 1981 εἱς
3502 1918 3594 1975 τὸν
3622 1922 3802 1997 ούρα-

2135 2005 2245 2078 νὸν,
2306 2005 2393 2060 καὶ
2452 2003 2678 2062 ἐνώπιόν
2736 2022 2852 2063 σου⁹
2904 2002 3211 2061 καταλιπὼν
3271 2005 3371 2085 γὰρ
3424 2008 3492 2066 τὰ
3542 2010 3797 2088 οὐράνια,

2133 2093 2371 2173 ἥμαρτον
2410 2096 2484 2159 εἰς
2538 2093 2727 2175 ταῦτα,
2798 2094 3130 2174 προτιμήσας
3164 2094 3338 2151 αὐτῶν
3366 2096 3464 2163 τὴν
3517 2099 3799 2155 κατάπτι-

2134 2205 2259 2241 στον
2299 2181 2515 2259 ἡδονὴν,
2568 2185 2657 2240 καὶ
2712 2184 2811 2251 τῆς
2868 2182 3112 2262 πατρίδος
3144 2206 3247 2259 μου
3290 2186 3510 2265 ούρανοῦ
3538 2187 3638 2254 τήν
3687 2199 3795 2248 τοῦ

2135 2272 2294 2349 λιμοῦ
2349 2274 2532 2355 χώραν
2616 2274 2921 2353 προκρίνας,
2986 2266 3203 2353 ’Ὥσπερ
3288 2276 3387 2355 γὰρ
3455 2276 3788 2357 ἁμαρτάνειν

2134 2360 2367 2441 λέγεται,
2440 2363 2562 2443 φέρε
2622 2363 2793 2419 εἰπεῖν
2863 2363 2937 2427 εἰς
2994 2364 3218 2441 χρυσὸν,
3251 2363 3279 2418 ὁ
3310 2361 3561 2437 μόλιϐδον
3617 2366 3784 2421 αὑτοῦ

2128 2459 2426 2533 προτιμῶν,
2482 2452 2647 2519 οὕτως
2703 2454 2779 2516 εἰς
2849 2453 3064 2531 οὐρανὸν
3127 2454 3441 2529 ἁμαρτάνει,
3502 2456 3530 2509 ὁ
3586 2456 3778 2511 τούτου

2129 2544 2464 2620 προτιμήσας
2520 2543 2586 2599 τὰ
2656 2543 2845 2621 γήϊνα.
2925 2538 3320 2622 Ἀποτυγχάνει
3403 2543 3503 2623 γὰρ
3558 2545 3775 2609 πάντως

2131 2637 2229 2698 τῆς
2289 2635 2363 2697 εὶς
2432 2633 2525 2689 τὸν
2573 2633 2790 2711 οὐρανὸν
2848 2632 3107 2713 φερούσης
3159 2630 3301 2693 ὁδοῦ.
3335 2629 3660 2699 Ἐπίστησον
3688 2632 3773 2713 δὲ,

2132 2721 2236 2791 ὅτι,
2298 2721 2424 2778 ὅταν
2482 2721 2578 2797 μὲν
2635 2722 2960 2801 ἡμάρτανεν,
3032 2722 3106 2783 ὡς
3136 2720 3215 2797 μὴ
3240 2719 3465 2779 ἐνώπιον
3519 2729 3610 2778 τοῦ
3643 2730 3779 2779 Θεοῦ

2133 2812 2376 2890 πράττων
2434 2812 2760 2891 ἡμάρτανεν,
2823 2810 2910 2868 ὅτε
2962 2810 3018 2867 δὲ
3076 2808 3502 2888 ἒξομολογεῖται,
3550 2812 3782 2868 ἐνώπιον

2135 2909 2227 2960 τοῦ
2283 2909 2412 2959 Θεοῦ
2468 2902 2794 2981 ἡμαρτηκὼς
2857 2900 3179 2962 αἰσθάνεται.
3235 2899 3496 2964 Ἀναστὰς
3543 2899 3596 2956 δὲ
3651 2900 3785 2968 ἦλθε

402 2989 604 3069 Neque
637 2990 794 3050 enim
827 2990 1191 3069 exspectavit
1216 2989 1406 3051 donec
1429 2990 1586 3051 ﬁlius
1607 2991 1834 3054 veniret
1864 2993 1935 3054 ad
1960 3012 2049 3075 se,

2136 2993 2266 3071 πρὸς
2335 2994 2425 3048 τὸν
2496 2991 2696 3070 πατέρα
2752 2994 2932 3065 αὐτοῦ,
2994 2987 3078 3046 δεῖ
3132 2989 3232 3068 γὰρ
3288 2990 3432 3064 ἡμᾶς
3490 2988 3781 3075 μῆ-μόνον

402 3080 508 3141 sed
548 3078 829 3160 praevenit
861 3088 919 3140 et
946 3078 1368 3156 amplexatur:
1405 3089 1571 3160 pater
1601 3081 1759 3143 enim
1786 3091 1872 3143 est
1893 3069 2052 3145 beui;

2137 3069 2413 3158 βούλεσθαι
2469 3081 2535 3138 τὰ
2576 3069 2700 3160 φίλα
2750 3085 2890 3156 Θεῷ,
2951 3078 3088 3136 ἀλλὰ
3128 3078 3217 3134 καὶ
3257 3079 3525 3158 πράττειν,
3562 3069 3783 3151 ’Ὠσπερ

406 3167 652 3247 gnitate.
687 3167 863 3228 etiam
899 3167 949 3227 si
982 3179 1197 3228 natura
1227 3169 1387 3230 Deus
1419 3176 1529 3246 est,
1566 3182 1625 3231 et
1667 3177 1823 3231 totus
1868 3179 2053 3234 totum

405 3257 805 3337 amplectitur,
837 3264 903 3317 ut
930 3257 1329 3337 undequaque
1354 3258 1545 3336 ipsum
1572 3258 1643 3319 ad
1677 3278 1741 3320 se
1766 3261 2053 3322 constrin-

404 3356 520 3427 gat,
556 3345 711 3406 sicut
738 3345 959 3406 dictum
986 3354 1075 3406 est
1110 3367 1123 3408 :
1159 3366 1186 3404 α
1212 3344 1282 3408 Et
1310 3346 1497 3425 gloria
1527 3346 1630 3409 Dei
1664 3349 2053 3412 circumdabit

404 3445 520 3497 te.»
548 3433 701 3498 Olim
739 3434 975 3510 quidem
1008 3436 1243 3515 quando
1267 3435 1580 3514 elongabat
1610 3455 1675 3497 se
1703 3437 1876 3516 ﬁlius,
1906 3448 2053 3500 tem-

407 3544 513 3607 pus
540 3532 666 3586 erat
695 3531 755 3583 et
787 3524 937 3585 Patri
956 3532 1022 3587 ut
1041 3523 1113 3585 ab
1135 3525 1405 3605 amplexu
1437 3544 1501 3586 se
1529 3526 1829 3605 elongaret
1855 3546 1867 3589 :
1894 3546 2052 3591 nunc

403 3633 542 3677 vero
573 3632 704 3675 cum
737 3612 894 3675 redit
925 3615 1432 3696 etappropinquat
1464 3634 1571 3696 per
1600 3616 2049 3679 conversionem

402 3713 461 3766 et
489 3705 841 3776 orationem,
876 3712 1112 3784 tempus
1144 3712 1236 3765 est
1266 3704 1670 3784 amplexandi.
1708 3704 1844 3767 Ruit
1875 3706 2053 3785 igitur

404 3797 461 3858 in
492 3794 706 3857 collum
741 3795 893 3874 ejus,
928 3794 1256 3856 ostendens
1288 3814 1422 3857 eum
1470 3794 1571 3876 qui
1602 3795 1744 3857 olim
1775 3796 2049 3859 descive-

403 3893 513 3957 rat,
549 3902 709 3945 nunc
738 3883 1117 3945 obedientem
1166 3903 1298 3946 esse
1339 3885 1580 3945 factum.
1637 3884 1705 3946 Et
1749 3886 2052 3948 osculatur

400 3993 562 4054 eum,
594 3972 1142 4035 reconciliationem
1178 3973 1473 4047 indicans,
1505 3982 1564 4034 et
1594 3974 1763 4055 quasi
1796 3975 2050 4038 vestibu-

403 4064 521 4125 lum
554 4062 852 4144 quoddam
889 4080 956 4123 os
1008 4062 1212 4142 polluti
1260 4064 1657 4139 sanctifii-ans,
1690 4082 1761 4125 ac
1803 4083 1911 4145 per
1940 4067 2050 4128 hoc

402 4152 471 4213 ad
507 4153 742 4214 interna
769 4151 1293 4214 sanctiﬁcationem
1332 4152 1681 4214 immittens.

2137 3169 2191 3227 δὲ
2250 3168 2389 3236 εἶδες
2445 3170 2645 3249 θερμὴν
2702 3171 2802 3237 τὴν
2829 3168 3136 3245 μετάνοιαν,
3171 3168 3338 3231 οὕτως
3398 3168 3486 3224 καὶ
3541 3168 3639 3235 τὴν
3692 3170 3785 3226 εύ-

2137 3258 2474 3340 σπλαγχνίαν
2525 3266 2617 3315 τοῦ
2672 3260 2870 3337 πατρὸς
2925 3259 3042 3337 δρα·
3120 3255 3249 3317 Οὐδὲ
3276 3258 3375 3337 γὰρ
3403 3258 3642 3334 ἀνέμεινε
3689 3260 3784 3315 τὸν

2134 3350 2242 3407 υἱὸν
2298 3346 2473 3405 ὶλθεϊν
2530 3345 2686 3427 ἄχρις
2759 3350 2932 3420 αὒτοῦ,
2982 3345 3119 3403 ἀλλὰ
3160 3346 3467 3427 προφθάνει,
3498 3347 3591 3403 καὶ
3620 3368 3778 3425 περι-

2133 3436 2409 3501 πλέκεται.
2478 3438 2659 3516 Πατὴρ
2715 3437 2815 3517 γὰρ
2871 3442 2938 3513 τῇ
3007 3435 3365 3517 χρηστότητι,
3398 3437 3440 3492 εἰ
3488 3437 3576 3492 καὶ
3626 3438 3778 3517 φύσει

2135 3530 2291 3603 Θεὸς,
2349 3531 2435 3586 καὶ
2506 3528 2630 3593 ὅλος
2661 3528 2785 3585 ὅλον
2840 3528 3170 3608 περιφύεται,
3202 3530 3292 3585 ’ἱνα
3335 3528 3590 3586 πάντοθεν
3621 3527 3780 3583 αὒτὸν

2134 3619 2264 3698 πρὸς
2322 3620 2507 3675 ἑαυτὸν
2537 3617 2815 3699 συσφίγξῃ,
2850 3619 2980 3674 καθὸ
3007 3616 3241 3696 ε’ἷρηται’
3283 3639 3312 3672 α
3346 3619 3444 3676 Καὶ
3472 3618 3505 3685 ἡ
3540 3616 3664 3683 δόξα
3687 3624 3783 3673 τοῦ

2135 3716 2267 3767 Θεοῦ
2323 3707 2629 3787 περιστελεϊ
2671 3730 2752 3767 σε.
2819 3731 2846 3763 ι
2883 3708 2981 3766 Καὶ
3023 3705 3189 3763 πάλαι
3220 3707 3319 3783 μὲν
3373 3706 3461 3763 ὅτε
3491 3705 3783 3786 ἒμάκρυνεν

2132 3797 2316 3855 ἑαυτὸν
2378 3801 2406 3854 ὁ
2460 3800 2599 3879 υἱὸς,
2658 3799 2839 3877 καιρὸς
2908 3798 2974 3866 ἧν
3003 3797 3371 3873 καὶτῷπατρὶ
3397 3802 3491 3853 τοῦ
3548 3819 3784 3875 μακρυν-

2131 3889 2282 3954 θῆναι
2351 3887 2456 3945 ἂπὸ
2528 3893 2626 3955 τῆς
2684 3886 3050 3966 περιλὴψεως’
3105 3885 3193 3943 ὅτε
3223 3884 3278 3942 δὲ
3330 3884 3520 3965 ἤγγισε
3571 3884 3657 3943 διὰ
3683 3892 3785 3953 τῆς

2132 3978 2440 4059 προσευχῆς
2488 3980 2576 4035 καὶ
2632 3979 2731 4044 τῆς
2794 3976 3143 4057 ἐπιστροφῆς,
3199 3976 3381 4053 καιρὸς
3427 3974 3639 4055 ἐγένετο
3695 3977 3789 4034 τοῦ

2131 4065 2466 4148 περιλαϐεῖν.
2542 4066 2845 4125 Ἐπιπίπτει
2914 4065 3089 4123 τοίνυν
3145 4065 3232 4122 ἐπὶ
3299 4066 3393 4121 τὸν
3481 4064 3784 4145 τράχηλον,

2131 4158 2222 4214 τὸν
2280 4156 2680 4215 ὰποστατοῦντα
2762 4156 2970 4235 πρώην,
3042 4155 3313 4225 πειθήνιον
3389 4159 3477 4210 νύν
3547 4153 3786 4232 γενέσθαι

418 4243 830 4319 ἐνδεικνύμενος.
868 4243 965 4301 Καὶ
995 4241 1280 4320 καταφιλετ
1323 4244 1503 4316 αὐτὸν,
1534 4245 1631 4312 τὴν
1687 4243 2030 4323 καταλλαγὴν
2089 4245 2360 4320 δεικνύων,
2404 4247 2493 4303 καὶ
2523 4246 2642 4303 οἶόν
2697 4268 2748 4302 τι
2785 4242 3110 4322 προπύλαιον
3145 4245 3208 4300 τὸ
3237 4244 3409 4319 στόμα
3439 4246 3650 4323 πρῶτον
3692 4251 3786 4301 τοῦ

401 4334 707 4412 μιανθέντος
750 4333 1005 4410 ἁγιάζων,
1042 4333 1165 4388 εἶτα
1196 4330 1280 4387 διὰ
1312 4333 1498 4389 τούτου
1530 4336 1616 4389 καὶ
1645 4334 1731 4390 επὶ
1764 4336 1827 4390 τὰ
1858 4333 2002 4391 ἔνδον
2031 4339 2123 4393 τὸν
2153 4337 2419 4416 ἀγιασμὸν
2448 4336 2782 4412 εἰσπέμπων.

484 4426 665 4486 Vens.
692 4420 940 4482 22-24.«
972 4419 1130 4482 Dixit
1148 4426 1344 4481 autem
1370 4429 1534 4502 pater
1555 4422 1624 4483 ad
1649 4441 1850 4483 servos
1871 4441 2010 4485 suos
2036 4442 2050 4486 :

2225 4450 2249 4481 α
2328 4430 2463 4484 Eius
2493 4423 2548 4481 δὲ
2593 4427 2621 4482 ὁ
2648 4425 2823 4505 πατὴρ
2854 4426 2984 4505 πρὸς
3013 4424 3135 4489 τοὺς
3166 4420 3384 4486 δούλους
3415 4426 3599 4482 αὐτοῦ·
3662 4420 3791 4488 Ἐξο

405 4516 673 4577 Prolerte
702 4510 912 4572 stolam
963 4508 1240 4587 primam,
1296 4518 1354 4571 et
1406 4510 1632 4573 induite
1663 4511 1872 4574 illum:
1923 4512 2059 4574 date

402 4602 686 4666 annulum
732 4600 791 4661 in
828 4616 1067 4660 manum
1102 4600 1256 4679 ejus,
1309 4607 1367 4660 et
1403 4599 1805 4662 calceamenta
1853 4600 1913 4662 in
1946 4621 2058 4681 pe-

402 4693 548 4754 des:
585 4699 643 4752 et
671 4688 948 4750 adducite
979 4687 1221 4748 vitulum
1278 4687 1443 4750 illum
1496 4689 1848 4767 saginatum,
1882 4698 2059 4772 atque

403 4778 1060 4861 mactate,sumptisque
1082 4777 1274 4858 epulis
1300 4777 1592 4841 lmtemur:
1619 4778 1759 4860 quia
1782 4780 1879 4841 hic
1900 4780 2055 4842 ﬁlius

404 4890 569 4933 meus
595 4878 866 4931 mortuus
888 4874 1043 4948 erat,
1068 4876 1125 4930 et.
1147 4868 1389 4942 revixit;
1417 4869 1674 4950 perierat
1701 4877 1758 4931 et
1783 4871 2056 4934 inventus

402 4970 514 5023 est.
547 4960 618 5022 Et
643 4965 957 5039 coeperunt
990 4958 1167 5019 lauari
1226 4982 1252 5013 ιο
1292 4961 1408 5021 Per
1428 4976 1634 5021 servos
1670 4958 1935 5038 intellige
1966 4968 2057 5029 vel

400 5051 640 5129 angelos
674 5044 1130 5110 ministratorios
1177 5046 1447 5128 spiritus,
1492 5048 1597 5127 qui
1644 5048 1955 5110 mittuntur
1995 5048 2057 5110 in

403 5138 801 5201 ministerium
836 5144 1082 5218 pr0pter
1110 5154 1216 5199 eos
1242 5137 1337 5219 qui
1372 5138 1564 5198 salute
1595 5137 1750 5218 digni
1779 5147 1938 5203 sunt.
1966 5139 2055 5203 Illi

401 5232 558 5290 enim
586 5228 843 5289 vestiunt
871 5245 906 5289 a
930 5234 1174 5308 peccato
1205 5236 1607 5292 revertentem
1654 5228 1804 5290 stola
1845 5229 2055 5310 prima,

402 5319 526 5382 sive
556 5315 1339 5399 prisca,quam,priusquam
1368 5318 2058 5400 peccaremus,gestaba-

404 5425 557 5491 mus,
588 5409 935 5471 indumento
968 5407 1198 5469 scilicet
1222 5406 1691 5491 incorruptionis
1725 5430 1738 5467 :
1795 5409 1883 5470 vel
1920 5428 2059 5490 pre-

496 5569 581 5651 (ra)
603 5567 767 5651 _Edit.
807 5572 942 5651 Lut.
980 5568 1217 5651 omittit,
1253 5578 1313 5632 et
1344 5570 1492 5651 quia
1530 5579 1677 5634 sunt
1725 5570 2062 5636 mirabilia.

496 5650 578 5733 (ὁ)
600 5648 667 5713 In
689 5650 921 5716 Ed.Lut
949 5648 1326 5733 omittuntur,
1340 5648 1462 5713 non
1494 5652 1559 5713 in
1587 5655 1798 5734 primo
1828 5651 2064 5717 ordine.

2143 4514 2389 4594 ενέγκατε
2419 4515 2517 4584 τὴν
2548 4515 2742 4584 στολὴν
2771 4515 2871 4583 τὴν
2901 4515 3144 4595 πρώτην,
3197 4514 3285 4569 καὶ
3332 4510 3576 4569 ἐνδύσατε
3607 4510 3787 4588 αὐτὸν,

2140 4606 2229 4662 καὶ
2257 4603 2375 4662 δότε
2459 4602 2732 4662 δακτύλιον
2775 4606 2848 4668 είς
2902 4604 2997 4673 τὴν
3042 4616 3207 4683 χεῖρα
3236 4601 3418 4675 αὐτοῦ,
3464 4602 3554 4657 καὶ
3582 4598 3789 4670 ὑποδή-

2143 4716 2285 4771 ματα
2344 4695 2416 4760 εἷς
2486 4695 2605 4761 τοὺς
2661 4692 2827 4756 πόδας
2882 4695 3060 4773 αὒτοῦ,
3117 4695 3207 4749 καὶ
3261 4689 3626 4770 εξενὲγκαδτες
3698 4690 3791 4747 τόν

2141 4784 2353 4864 μόσχον
2402 4785 2493 4840 τὸν
2552 4785 2789 4841 σιτευτὸν
2849 4783 3061 4859 θύσατε,
3126 4782 3215 4838 καὶ
3276 4780 3535 4862 φαγόντες
3566 4779 3789 4859 εὔφραν-

2138 4877 2339 4955 θῶμεν,
2398 4873 2479 4930 ὅτι
2539 4876 2567 4931 ὁ
2616 4874 2726 4937 υἱός
2757 4895 2858 4951 μου
2887 4872 3034 4936 οὗτος
3065 4871 3247 4951 νεκρός
3290 4874 3381 4946 ἣν,
3412 4870 3502 4925 καὶ
3540 4867 3784 4947 ἁνέζησε,

2139 4965 2228 5021 καὶ
2286 4961 2584 5026 ἀπολωλὼς
2650 4963 2739 5039 ἧν,
2799 4964 2888 5020 καὶ
2941 4960 3147 5040 εὑρέθη.
3182 4962 3279 5018 Καὶ
3307 4957 3530 5039 ἤρξαντο
3569 4957 3787 5035 εὐφραί-

2144 5056 2345 5113 νεσθαι.
2417 5073 2446 5112 )
2527 5051 2749 5116 Δούλους
2818 5051 2853 5121 ἦ
2922 5052 3042 5118 τούς
3095 5048 3353 5130 ἀγγέλους
3413 5048 3654 5121 νοήσαις,
3719 5046 3785 5102 τὰ

2142 5140 2479 5222 λειτουργικὰ
2549 5143 2824 5220 πνεύματα
2877 5142 2943 5199 τὰ
3011 5138 3338 5216 στελλόμενα
3405 5138 3480 5201 εὶς
3522 5133 3786 5193 διακονίαν

2141 5230 2226 5288 διὰ
2279 5233 2399 5297 τούς
2459 5236 2725 5311 σωτηρίας
2781 5231 2974 5299 ἀξίους·
3042 5230 3259 5309 καὶγὰρ
3326 5234 3468 5286 οὗτοι
3499 5223 3789 5297 στολίζουσι

2141 5323 2234 5378 τὸν
2300 5322 2360 5378 ἐκ
2411 5324 2597 5388 κακίας
2655 5322 3033 5403 ἐπιστρέφοντα
3061 5321 3161 5389 τὴν
3196 5316 3394 5386 στσλήν
3422 5316 3521 5385 τὴν
3549 5313 3790 5394 πρώτην,

2150 5410 2263 5478 ἠτοι
2330 5412 2427 5479 τὴν
2484 5414 2733 5495 ἀρχαίαν,
2781 5413 2846 5483 ἤν
2902 5414 3021 5491 πρὶν
3091 5409 3355 5490 ἁμαρτεῖν
3395 5406 3708 5487 ἐφοροῦμεν,
3735 5404 3795 5459 τὸ

2150 5570 2374 5636 Caetera
2423 5580 2563 5638 sunt
2597 5594 2612 5637 :
2657 5591 2807 5639 sane
2852 5572 2961 5636 illa
3007 5567 3386 5635 miserabilia
3455 5568 3693 5652 oportet
3746 5564 3800 5627 ei

2146 5670 2527 5719 enumerare.
