4116 6212
336 396 464 467 957

1097 399 1541 463 ENARRATIO
1586 401 1667 462 IN
1716 396 2218 462 EVANGELIUM
2268 399 2505 460 LUC/li.
2556 429 2629 443 —-
2674 400 2839 461 CAP.
2900 401 3031 463 XV.

3605 399 3723 467 9.58

336 534 536 611 ἔνδυμα
596 540 693 603 τῆς
750 533 1061 614 ἀφθαρσίας,
1119 532 1154 600 ἤ
1208 532 1306 600 τὴν
1365 533 1542 607 τιμίαν
1571 532 1667 598 τὴν
1726 532 1827 610 πρὸ
1884 530 1988 586 τῶν

2075 529 2220 620 tiosa
2249 551 2381 612 quae
2408 531 2695 612 dignitate
2729 544 2963 612 praestat
2992 535 3123 597 aliis
3153 536 3458 620 omnibus,
3495 542 3563 601 ut
3584 536 3735 618 bap-

337 622 523 682 ἅλλων
578 623 789 694 πασῶν,
847 623 942 680 οἶά
970 622 1111 679 ἐστιν
1154 623 1188 689 ἡ
1218 624 1314 678 τοῦ
1368 620 1757 697 βαπτίσματος.
1805 619 1996 698 Πρώτη

336 715 469 793 γὰρ
504 734 595 789 μοι
649 711 783 779 αὕτη
867 712 1209 791 περιτίθεται,
1266 711 1353 767 καὶ
1384 706 1511 789 παρ’
1539 710 1713 793 αὐτῆς
1743 705 1998 783 λαμϐάνω

337 788 444 871 τὴν
492 788 593 869 ⁸τῆς
650 788 1043 881 ἀσχημοσύνης
1108 788 1448 879 περιστολὴν.
1508 788 1822 869 ’Ἧτοίνυν
1876 799 1996 859 τοὺς

337 888 598 970 ἀγγέλους
659 890 875 958 νοήσαις
933 886 1173 961 δούλους,
1228 886 1349 951 τούς
1411 893 1539 943 πᾶσι
1568 898 1687 951 τοῖς
1736 884 1823 965 ὐφ’
1858 886 1995 960 ἡμῖν

335 978 678 1055 τελουμένοις
748 975 1214 1053 διακονουμένους,
1278 976 1367 1032 καὶ
1420 973 1488 1031 δι’
1540 976 1615 1029 ὧν
1672 974 1991 1052 ἀγιαζόμεθα

338 1068 545 1145 μέσων’
604 1067 639 1135 ἢ
712 1066 801 1123 καὶ
852 1066 974 1129 τοὺς
1029 1069 1218 1144 ἱερεῖς,
1284 1064 1404 1127 τοὺς
1433 1064 1521 1121 καὶ
1551 1062 1636 1119 διὰ
1683 1064 1991 1139 βαπτίσμα-

258 1204 263 1207 ς
300 1180 456 1238 ’πος,
492 1157 579 1214 καὶ
607 1154 769 1234 λόγου
812 1152 1186 1212 διδασκαλικοῦ
1216 1156 1306 1210 τὸν
1349 1152 1737 1233 ἐπιστρέφοντα
1784 1149 1992 1208 ἐνδύον-

335 1271 461 1327 τας,
522 1248 608 1304 καὶ
678 1243 874 1312 στολὴν
931 1249 1148 1322 πρώτην
1206 1244 1585 1324 περιτιθέντας,
1638 1244 1729 1299 τὸν
1770 1241 1993 1321 Χριστὸν

336 1338 498 1397 αὐτόν
563 1334 707 1415 (ὅσοι
759 1335 860 1414 γὰρ
918 1332 1309 1410 ἐϐαπτίσθημεν
1366 1335 1440 1399 εἷς
1472 1335 1721 1413 Χριστὸν.
1771 1332 1992 1411 Χριστὸν

337 1424 739 1507 ἐνεδυσάμεθα),
811 1427 899 1481 καὶ
953 1423 1228 1481 δακτύλιον
1256 1421 1486 1481 διδόασιν
1537 1425 1610 1487 εἷς
1654 1424 1751 1491 τὴν
1801 1434 1987 1503 χεῖρα,

334 1518 438 1585 τὴν
493 1515 759 1597 σφραγῖδα
829 1521 923 1571 τοῦ
983 1520 1419 1593 Χριστιανισμοῦ,
1481 1512 1545 1580 ῆν
1577 1511 1662 1570 διὰ
1689 1519 1796 1570 τῶν
1824 1512 1992 1590 ’ἐργων

334 1606 567 1687 ἔχομεν’
631 1606 666 1673 ἡ
728 1605 827 1681 μὶν
898 1604 997 1683 γὰρ
1055 1604 1177 1683 χείρ
1232 1604 1331 1669 τῆς
1361 1600 1601 1681 πράξεως
1645 1599 1932 1677 σύμϐολον,
1966 1599 1993 1653 ὃ

335 1696 393 1752 δὲ
451 1693 725 1756 δακτύλιος
786 1690 883 1760 τῆς
954 1690 1270 1773 σφραγῖδοςο
1323 1694 1351 1748 0
1421 1692 1596 1749 τοίνυν
1666 1691 1994 1768 βαπτισθεὶς,

335 1786 426 1841 καὶ
474 1782 656 1846 ἅπλῶς
731 1784 759 1839 0
824 1782 930 1839 ἀπὸ
986 1783 1173 1847 κακίας
1216 1780 1569 1862 ἐπιστρέφων,
1621 1780 1818 1861 ὀφείλει
1846 1780 2059 1875 ἕχεινΒ

336 1874 425 1931 ἐπὶ
494 1875 592 1939 τῆς
650 1873 857 1952 χειρὸς,
919 1871 1214 1941 τουτέστιν,
1300 1871 1385 1927 ἐπὶ
1460 1871 1638 1938 πάσης
1698 1876 1996 1948 πρακτικῆς

334 1962 628 2038 δυνάμεως,
687 1958 1005 2039 σφραγῖδα,
1042 1962 1130 2017 καὶ
1190 1960 1472 2040 γνώρισμα
1531 1959 1868 2039 Χριπιανοῦ,
1904 1960 1997 2015 ἵνα

335 2050 593 2109 δεικνύναι
656 2049 811 2131 ἔχῃλ
842 2052 917 2114 ὡς
974 2049 1097 2106 κατ’
1156 2050 1335 2106 εἰκόνα
1381 2059 1474 2109 τοῦ
1516 2051 1789 2111 κτίσαντος
1842 2050 1996 2105 αὒτὸν

337 2118 854 2208 ἁνεκαινίσθηίμίὶῐί
918 2141 1007 2195 καὶ
1057 2137 1233 2201 ἄλλως
1304 2140 1524 2208 νοήσαις
1565 2139 1656 2195 τὸν
1692 2135 1991 2211 δακτύλιον,

335 2227 612 2309 ἆρῤαϐῶνα
664 2235 757 2287 τοῦ
824 2230 1153 2303 Πνεύματος’
1203 2229 1323 2285 οῖον
1376 2227 1426 2284 τί
1455 2245 1620 2307 φημι’
1673 2218 1730 2285 Ὀ
1762 2228 1891 2290 Θεὸς
1930 2228 1995 2283 τὰ

336 2320 436 2395 μὲν
493 2316 801 2375 τελειότατα
848 2318 1020 2394 ἀγαθὰ
1073 2317 1195 2373 τότε
1268 2315 1498 2396 δίδωσιν,
1524 2315 1613 2373 ὅτε
1634 2316 1835 2373 τούτων
1866 2338 1989 2372 και-

336 2411 451 2488 ρὸς,
504 2408 592 2463 καὶ
647 2412 734 2462 νῦν
792 2403 843 2463 δὲ
905 2406 1257 2481 πιστούμενος
1287 2402 1516 2485 δηλαδὴ,
1570 2403 1751 2461 ἐκεῖνα
1784 2403 1991 2460 δίδωσιν

336 2501 476 2575 ἡμῖν
531 2496 864 2577 χαρίσματα,
919 2495 1042 2552 οἷόν
1110 2516 1255 2560 τινας
1298 2494 1602 2573 ἂρῤαϐὦνας
1628 2499 1732 2550 τῶν
1755 2493 1987 2569 μελλόν-

338 2608 469 2661 των,
530 2598 649 2648 τοϊς
709 2586 807 2660 μὲν
864 2585 1308 2663 θαυματουργίαν,
1364 2598 1484 2647 τοῖς
1513 2582 1568 2639 δὲ
1625 2581 1985 2655 διδασκαλίαν,

337 2688 461 2737 τοῖς
516 2673 571 2731 δὲ
640 2672 775 2731 ἂλλο
827 2695 901 2752 τι,
974 2674 1063 2729 καὶ
1118 2672 1281 2729 ταῦτα
1326 2670 1610 2752 δεχόμενοι
1639 2672 1745 2728 ἀπὸ
1790 2673 1989 2728 τούτων

336 2766 425 2821 καὶ
482 2765 547 2821 τὰ
602 2760 901 2839 τελειότερα
960 2759 1182 2837 βεϐαίως
1250 2759 1553 2837 ἐλπίζομεν.
1643 2753 1989 2837 ’Υποδήματα

335 2854 409 2918 είς
455 2852 576 2915 τοὺς
635 2849 825 2927 πόδας,
896 2849 991 2906 ἵνα
1018 2848 1384 2930 φυλάττωνται
1415 2848 1519 2905 ἀπὸ
1549 2854 1654 2906 τῶν
1700 2850 1986 2928 σκορπίων,

337 2947 445 2999 τῶν
504 2946 709 3020 μικρῶν
766 2937 972 3007 δηλαδὴ
1062 2937 1353 2995 δοκούντων
1429 2938 1852 3018 ἆμαρτημάτῶν,
1903 2933 1989 2994 καὶ

2082 617 2235 680 tismi
2266 621 2571 701 dignitate.
2609 621 2811 684 Prima
2864 622 3021 684 enim
3055 643 3162 686 nos
3201 625 3303 687 illa
3334 617 3528 700 vestit,
3562 634 3620 690 et
3662 617 3735 687 ab

2079 727 2150 771 ea
2173 710 2464 772 sumimus
2511 711 2845 773 honestatis
2890 711 3189 777 vestitum.
3231 713 3340 777 Vel
3388 734 3494 797 per
3531 733 3737 776 servos

2080 799 2345 879 intellige‘
2372 800 2743 881 angelos,qni
2782 801 3123 863 ministrant
3145 803 3423 865 omnibus
3455 823 3588 885 qua:
3610 822 3737 883 pro-

2079 896 2209 968 pter
2231 908 2335 949 nos
2359 889 2603 969 ﬁunt,et
2621 887 2835 969 quibus
2854 889 3250 952 mediantibus
3276 893 3733 954 sanctiﬁcamur.

2078 978 2185 1039 Vel
2216 977 2391 1039 etiam
2424 977 2788 1059 sacerdotes,
2817 978 2917 1058 qui
2977 998 3293 1041 conversos
3354 1000 3459 1060 per
3506 981 3734 1061 baptis-

2077 1084 2237 1126 mum
2262 1067 2351 1127 vel
2377 1066 2620 1128 verbum
2650 1066 2941 1128 dz'ctrinaa
2965 1067 3239 1141 induunt,
3269 1076 3326 1129 et
3359 1070 3615 1131 induunt
3637 1089 3737 1134 eos

2076 1154 2374 1216 Christum
2407 1155 2615 1216 stolam
2652 1155 2903 1236 primam
2941 1156 3305 1239 (quicunque
3351 1160 3507 1219 enim
3541 1158 3734 1239 bapti-

2075 1242 2187 1304 zati
2216 1263 2422 1305 sumus
2452 1244 2510 1305 in
2535 1245 2858 1316 Christum,
2894 1244 3086 1308 induti
3140 1265 3349 1307 sumus
3377 1248 3732 1327 Christum),

2077 1342 2133 1396 et
2155 1335 2437 1395 annulum
2472 1334 2572 1395 dat
2598 1333 2660 1395 in
2694 1353 2956 1408 manum,
2990 1335 3359 1414 signaculum
3384 1335 3733 1399 Christiani-

2076 1422 2375 1504 smi,quod
2402 1441 2505 1503 per
2530 1441 2710 1504 opera
2740 1422 3198 1486 habemus.Nam
3235 1445 3444 1486 manus
3477 1426 3717 1504 symbo-

2077 1510 2197 1573 lum
2232 1512 2595 1592 operationis
2629 1513 3003 1592 est,annulus
3035 1532 3171 1575 vero
3196 1512 3512 1592 signaculi.
3547 1513 3729 1594 Igitur

2074 1598 2423 1683 baptizatus,
2465 1610 2523 1662 et
2565 1602 2758 1662 omnis
2807 1604 2903 1681 qui
2955 1622 2987 1662 a
3042 1612 3285 1682 peccato
3344 1603 3729 1681 convertitur,

2077 1689 2258 1752 debet
2288 1690 2508 1755 habere
2538 1690 2596 1751 in
2624 1710 2823 1766 manu,
2867 1693 2976 1752 hoc
3026 1700 3135 1765 est,
3167 1692 3463 1771 operativa
3493 1692 3728 1769 virtute,

2081 1778 2445 1858 signaculum
2477 1778 2814 1840 Christiani:
2842 1788 2903 1840 ut
2928 1779 3342 1841 demonstrare
3374 1789 3549 1861 queat
3571 1782 3727 1862 quod

2079 1876 2383 1929 recreatus
2413 1868 2487 1929 sit
2517 1869 2586 1928 ad
2609 1868 2925 1947 imaginem
2957 1869 3086 1948 ejus
3110 1871 3206 1945 qui
3236 1888 3301 1931 se
3328 1869 3728 1934 condidit.Vel

2080 1955 2389 2035 aliterzper
2405 1955 2686 2016 annulum
2714 1955 3422 2035 intelligesarrhabonem
3446 1958 3723 2039 Spiritus:

2080 2052 2143 2104 ut
2173 2045 2423 2124 exempli
2456 2044 2644 2107 uratia
2673 2044 2813 2125 quid
2848 2045 3066 2115 dicam,
3102 2047 3257 2108 Deus
3304 2047 3729 2125 perfectissima

2080 2131 2236 2193 bona
2272 2142 2408 2193 tunc
2441 2133 2563 2213 dat,
2586 2134 2821 2212 quando
2868 2152 3073 2195 eorum
3129 2144 3362 2215 tempus
3408 2136 3584 2196 fuerit
3620 2158 3633 2193 :
3668 2145 3728 2198 et

2077 2238 2234 2282 nunc
2264 2227 2330 2283 ut
2359 2220 2667 2282 credibilia
2693 2221 2837 2296 sint,
2863 2222 2961 2283 illa
3006 2220 3177 2283 nobis
3204 2223 3302 2283 dat
3346 2223 3723 2301 charismata,

2074 2316 2140 2370 ut
2160 2309 2553 2370 arrhabonem
2589 2310 3007 2373 futurorumzet
3032 2310 3164 2371 aliis
3188 2311 3406 2373 donum
3440 2314 3724 2392 operandi

2078 2398 2526 2474 miracula,aliis
2560 2398 2840 2471 docendi,
2865 2398 2993 2459 aliis
3035 2417 3173 2460 vero
3194 2400 3352 2461 aliud
3376 2401 3517 2463 409
3545 2402 3725 2483 quid-

2074 2486 2249 2548 dam:
2285 2495 2504 2550 etcum
2538 2487 2637 2549 illa
2673 2488 3048 2567 suscipimus.
3103 2488 3355 2552 ﬁrmiter
3385 2500 3444 2553 et
3491 2491 3724 2571 perfec-

2072 2576 2223 2636 tiora
2254 2585 2633 2656 expectamus
2665 2574 2733 2635 Et
2792 2575 3027 2636 calceos
3064 2577 3135 2636 ad
3199 2577 3475 2657 pedes,ut
3521 2588 3725 2642 custo-

2072 2665 2315 2727 diantur
2343 2684 2375 2726 a
2405 2666 2682 2745 scorpiis,
2718 2666 2976 2745 peccatis
3024 2665 3255 2727 scilicet
3311 2668 3413 2746 qui
3448 2668 3727 2731 videntur

2074 2771 2251 2833 parva
2280 2762 2336 2815 et
2370 2752 2781 2815 occulta.sicut
2810 2754 3047 2814 dicebat
3074 2752 3546 2827 David,attamen
3572 2775 3724 2817 mor-

2079 2842 2267 2904 tiferis
2297 2852 2355 2903 et
2378 2842 2522 2922 ipsis
2556 2850 2768 2919 :atque
2799 2851 2975 2903 etiam
3004 2861 3038 2901 a
3069 2842 3472 2921 serpentibus,
3512 2845 3563 2906 id
3606 2853 3718 2917 est,

2076 2932 2335 3010 peccatis
2353 2950 2483 3012 quae
2494 2930 2804 2994 manifeste
2818 2948 3032 2993 nocere
3050 2943 3390 2994 censentur.
3403 2933 3505 2995 Vel
3527 2934 3719 2997 aliter:

338 3019 612 3110 κρυφίων,
654 3030 726 3091 ὼς
786 3027 887 3107 ἔφη
945 3026 1132 3101 Δαυίδ,
1182 3025 1323 3095 πλὴν
1380 3025 1692 3085 θανατωδῶν
1747 3029 1834 3083 καὶ
1888 3026 1987 3083 αὖ·

2075 3020 2470 3084 calceamenta
2494 3020 2708 3080 dantur
2734 3019 2786 3081 ei
2816 3021 2912 3100 qui
2946 3019 3191 3100 primam
3241 3022 3449 3083 stolam
3477 3042 3720 3085 assecu-

342 3109 471 3177 τῶνδ
534 3120 615 3175 ναὶ
644 3120 753 3194 μὴν
808 3120 896 3173 καὶ
925 3117 1031 3173 ἀπὸ
1075 3118 1246 3197 δφεων
1272 3123 1378 3172 τῶν
1408 3118 1685 3195 προφανῶς
1726 3115 1985 3192 βλάπτειν

2075 3117 2161 3169 tus
2184 3109 2558 3183 est,taciente
2584 3110 2703 3171 Deo
2729 3127 2866 3170 eum
2886 3118 3083 3188 aptum
3112 3118 3170 3170 ut
3192 3113 3501 3174 annuntiet
3525 3113 3719 3174 Evan-

339 3207 723 3288 νομιζομένων,
781 3208 918 3288 φημὶ
982 3207 1275 3284 ἁμαρτιῶν.
1336 3206 1431 3264 Καὶ
1480 3203 1655 3268 ἄλλως
1705 3203 1785 3278 δὲ,
1847 3206 1984 3262 ὑπο-

2075 3198 2313 3288 gelium,
2350 3208 2522 3278 atque
2546 3197 2681 3288 aliis
2698 3197 2907 3288 prosit.
2929 3198 3242 3261 Christiani
3273 3201 3430 3261 enim
3464 3212 3553 3264 est
3574 3222 3717 3284 pro-

338 3284 551 3375 δήματα
606 3284 832 3355 δίδονται
888 3303 967 3371 τῷ
1018 3294 1284 3361 ἀξιωθέντι
1327 3300 1427 3362 τῆς
1510 3295 1729 3373 πρώτης
1761 3294 1981 3366 στολῆς,

2075 3287 2243 3350 desse
2300 3284 2848 3368 proximr.Vitulus
2895 3288 3191 3367 saginatus
3237 3308 3355 3351 non
3406 3291 3715 3369 ignoratur

336 3391 610 3449 ποιοῦντος
664 3393 756 3443 τοῦ
815 3393 946 3443 Θεοῦ
1006 3386 1160 3443 αὐτὸν
1219 3383 1434 3459 ἕτοιμον
1492 3388 1563 3450 είς
1594 3385 1655 3440 τὸ
1710 3382 1982 3462 εὐαγγελί-

2075 3377 2201 3458 quis
2233 3378 2326 3449 sit,
2362 3377 2461 3457 qui
2491 3377 2831 3437 immolatur
2860 3386 2918 3437 ct
2946 3378 3298 3442 comeditur.
3331 3380 3473 3442 Nam
3508 3392 3597 3443 est
3618 3401 3716 3446 ve-

336 3481 532 3557 ζεσθαι,
592 3477 680 3532 καὶ
732 3473 961 3556 ὠφελεῖν
1017 3472 1249 3552 ἑτέρους.
1312 3480 1478 3531 Τοῦτο
1534 3474 1691 3553 γὰρὸ
1723 3480 1981 3553 Χριστια-

2075 3486 2171 3528 rus
2202 3467 2385 3528 Filius
2407 3467 2536 3548 Dei,
2566 3475 2624 3529 et
2644 3466 2725 3557 ita
2756 3468 2931 3528 homo
2954 3468 3053 3548 qui
3094 3488 3333 3531 carnem
3374 3473 3719 3553 assumpsit,

336 3567 423 3631 νὸς
514 3564 606 3623 106
664 3562 892 3630 πλησίον
921 3565 955 3630 ἡ
984 3561 1243 3643 ὠφέλεια.
1279 3563 1503 3642 Μόσχος
1532 3560 1587 3619 δὲ
1620 3564 1855 3627 σιτευτὸς
1888 3562 1983 3619 οὒκ

2075 3566 2277 3619 natura
2308 3556 2796 3631 irrationabilem,
2824 3567 2885 3619 et
2916 3557 3173 3633 brutam,
3207 3559 3489 3640 illamque
3519 3563 3717 3624 divino

336 3654 607 3733 ἀγνοεῖται
665 3654 742 3717 τίς
802 3651 966 3725 ἐστιν,
1035 3654 1063 3708 0
1141 3651 1414 3727 θυόμενος,
1502 3654 1590 3708 καὶ
1647 3651 1976 3727 έσθιόμενος⁶

2075 3647 2293 3708 honore
2324 3646 2608 3725 implevit:
2637 3655 2693 3707 et
2723 3647 3051 3707 secundum
3087 3650 3197 3710 hoc
3227 3650 3447 3712 vitulus
3478 3651 3713 3728 dicitur,

336 3745 545 3807 πάντως
600 3743 699 3821 γὰρ
761 3744 789 3798 0
845 3740 1048 3808 ἀληθὴς
1108 3742 1228 3803 Υἱὸς
1298 3748 1391 3797 τοῦ
1426 3748 1578 3815 Θεοῦ,
1611 3743 1741 3797 καθὸ
1776 3740 1980 3819 ἅνθρω-

2075 3753 2185 3799 non
2211 3735 2367 3797 enim
2404 3747 2681 3815 expertus
2714 3744 2801 3796 est
2816 3737 3021 3815 jugum
3057 3737 3203 3816 legis
3228 3741 3717 3820 peccati;sagina-

338 3852 457 3905 πος,
514 3831 604 3887 καὶ
668 3830 838 3909 σάρκα
922 3827 1138 3907 εἴληφε,
1215 3829 1316 3896 τῆν
1398 3828 1594 3908 ἄλογον
1663 3830 1837 3910 φύσει,
1895 3829 1983 3885 καὶ

2075 3834 2162 3886 lus
2184 3844 2346 3899 vero,
2384 3824 2670 3886 secndum
2705 3826 2859 3906 quod
2895 3825 2968 3885 ad
3010 3829 3119 3887 hoc
3156 3828 3495 3907 mysterium
3547 3830 3717 3891 ordi-

335 3918 604 3994 κτηνώδη,
661 3918 759 3975 κᾶν
820 3919 980 3986 αὐτὴν
1054 3924 1159 3974 τῶν
1214 3920 1418 3975 οἰκείων
1488 3920 1822 3999 αὐχημάτων
1876 3939 1979 3974 πε-

2075 3922 2241 3975 natus
2272 3924 2361 3975 est
2390 3922 2526 3977 ante
2554 3913 3036 3977 constitutionem
3076 3915 3313 3976 mundi.‘
3344 3916 3413 3977 Et
3455 3918 3719 3981 fortassis

337 4008 610 4089 πλήρωκε.
680 4009 825 4067 Κατὰ
877 4015 1032 4065 τοῦτο
1090 4012 1300 4088 μόσχος
1359 4020 1583 4083 νοεῖται,
1638 4008 1979 4087 ἀπειρόζυγος

2075 4004 2358 4065 curiosius
2386 4003 2685 4064 videbitur
2706 4004 2756 4064 si
2788 4003 3039 4079 dicatur,
3069 4005 3299 4066 dicetur
3319 4015 3537 4069 tamen.
3570 4009 3719 4081 Quia

339 4098 431 4174 μὲν
489 4106 584 4156 106
645 4106 807 4173 νόμου
865 4102 965 4163 τῆς
1024 4099 1303 4176 ἁμαρτίας·
1369 4099 1605 4163 σιτευτὸς
1636 4096 1716 4176 δὲ,
1761 4101 1889 4155 καθὸ
1911 4100 1980 4163 εἷς

2075 4093 2232 4173 panis
2260 4112 2437 4174 quem
2469 4092 3156 4171 frangimus,secundum
3177 4093 3233 4155 id
3261 4096 3415 4176 quod
3448 4107 3714 4177 apparet,

336 4194 483 4245 10610
525 4189 586 4244 τὸ
658 4188 945 4266 μυστήριον
991 4188 1251 4267 ἀφήριστο
1288 4188 1389 4264 πρὸ
1419 4184 1723 4254 καταϐολῆς
1752 4187 1977 4262 κόσμου.

2075 4198 2137 4245 ex
2174 4183 2369 4243 tritico
2392 4183 2699 4243 confectus
2718 4191 2828 4258 est,
2860 4183 3181 4262 saginatus,
3207 4194 3286 4259 et,
3312 4194 3373 4245 ut
3395 4187 3583 4249 Graaci
3615 4187 3714 4247 di-

341 4279 435 4336 Καὶ
506 4278 907 4355 περιεργότερον
964 4274 1018 4331 δὲ
1068 4276 1202 4339 ἴσως
1275 4274 1408 4341 δόξει
1477 4277 1539 4332 τὸ
1589 4275 1988 4357 ρηθησόμενονξ

2075 4279 2230 4345 cunt,
2265 4273 2525 4344 σιτευτὸς,
2558 4271 2853 4332 frumento
2888 4280 3087 4351 pastus
3118 4273 3405 4335 dicendus
3449 4282 3561 4335 est.
3606 4279 3715 4337 Se-

338 4364 479 4441 ὅμως
536 4368 845 4443 ῥηθήσεται·
921 4367 1000 4421 ὃτι
1055 4366 1082 4421 ὁ
1134 4363 1309 4443 ἄρτος,
1370 4363 1426 4420 6¹ν
1484 4363 1698 4439 κλῶμεν
1740 4366 1876 4420 κατα
1923 4368 1985 4421 τὸ

2075 4360 2329 4423 cundum
2353 4361 2467 4420 hoc
2487 4368 2681 4421 autem
2697 4361 2851 4441 quod
2882 4378 2986 4440 per
3007 4363 3168 4423 illum
3188 4363 3537 4439 intelligitur
3558 4366 3714 4446 quod

337 4454 652 4533 φαινόμενον
710 4454 831 4534 μὲν,
902 4453 961 4509 ἐκ
1018 4456 1160 4511 σίτου
1220 4454 1506 4529 συνεστὼς,
1575 4455 1810 4517 σιτευτὸς
1880 4454 1979 4528 ῥη-

2075 4466 2207 4511 caro
2240 4456 2351 4529 est,
2384 4448 2601 4510 vitulns
2633 4448 2823 4513 dictus
2857 4458 2963 4512 est.
3002 4452 3074 4513 Et
3098 4451 3223 4531 ipse
3256 4461 3345 4513 est
3389 4454 3622 4525 vitulus,
3659 4462 3719 4517 et

339 4543 469 4610 θείηο
532 4543 668 4600 κατᾶ
711 4544 774 4600 τὸ
844 4545 1127 4618 νοούμενον
1182 4540 1237 4597 δὲ
1310 4541 1434 4621 σὰρξ
1504 4542 1601 4616 ὧν,
1658 4543 1867 4622 μόσχος
1925 4541 1985 4597 ἄν

2075 4537 2613 4617 saginatus.0mnis
2639 4537 2820 4616 igitur
2850 4540 2949 4619 qui
2983 4539 3397 4620 baptizatur,et
3431 4543 3585 4603 filius
3610 4543 3714 4604 Dei

338 4630 571 4712 λεχθείη.
646 4630 749 4693 Καὶ
792 4635 819 4688 0
850 4633 1000 4697 αὐτός
1045 4631 1156 4689 ἔστι
1191 4632 1422 4711 μόσχος,
1454 4634 1542 4688 καὶ
1573 4633 1832 4696 σιτευτός.
1873 4638 1982 4695 Πᾶς

2075 4627 2341 4707 allicitur,
2376 4627 2493 4687 imo
2520 4626 2869 4701 restituitur,
2905 4636 2961 4688 et
2989 4628 3047 4689 in
3086 4649 3315 4690 summa
3340 4632 3534 4692 omnis
3565 4633 3717 4712 quia

337 4720 419 4777 οὖν
477 4722 887 4797 βαπτιζόμενος,
950 4724 1036 4777 καὶ
1099 4724 1207 4784 υίὸς
1242 4729 1373 4780 Θεοῦ
1421 4723 1717 4800 γινόμενος,
1778 4720 1982 4797 μᾶλλον

338 4807 388 4866 δὲ
440 4810 951 4887 ἆποκαθιστάμενος,
1010 4813 1096 4868 καὶ
1127 4810 1311 4878 ἁπλῶς
1352 4818 1458 4876 πᾶς
1503 4815 1531 4868 0
1561 4813 1667 4868 ἀπὸ
1722 4811 1980 4890 ἁμαρτίας

338 4900 763 4978 καθαριζόμενος,
845 4908 937 4957 τοῦ
1023 4902 1233 4981 μόσχου
1329 4902 1515 4958 τούτου
1600 4911 1693 4960 τοῦ
1745 4905 1982 4959 σιτευτοῦ

336 5001 597 5065 κοινωνεῖ,
658 4991 746 5046 καὶ
800 4991 1119 5069 εὖφροσύνης
1176 4991 1348 5056 αἴτιος
1406 4993 1495 5047 καὶ
1544 4998 1619 5065 τῷ
1678 4992 1863 5070 Πατρὶ,
1894 4990 1979 5045 καὶ

336 5090 447 5141 τοῖς
504 5075 709 5141 δούλοις
769 5081 926 5137 αὐτοῦ
972 5079 1301 5159 καθίσταται,
1376 5079 1628 5160 ἀγγέλοις
1678 5082 1765 5137 καὶ
1807 5082 1975 5158 ἱερεῦ-

336 5189 411 5223 σιν
457 5168 531 5230 ὡς
590 5167 651 5223 ἐκ
708 5168 1015 5238 νεκρώσεως
1071 5168 1364 5242 ἆναζήσας,
1441 5173 1528 5227 καὶ
1599 5168 1650 5236 ἐξ
1709 5168 1975 5231 ἀπωλείας

337 5257 569 5335 εὗρεθεὶς’
632 5255 755 5313 ὅσον
829 5258 927 5333 μὲν
981 5258 1079 5336 γὰρ
1135 5257 1220 5313 ἐπὶ
1298 5265 1495 5336 τῇτῆς
1525 5261 1711 5322 κακίας
1760 5278 1989 5337 περιουτ

336 5345 413 5417 σία
469 5347 650 5420 νεκρὸς
712 5350 802 5422 ἧν,
865 5347 1274 5426 ἀπεγνωσμένος
1346 5347 1571 5417 δηλαδῆο
1628 5348 1751 5405 ὅσον
1782 5346 1836 5403 δὲ
1892 5343 1978 5402 ὶπὶ

2068 4724 2309 4797 peccato
2363 4723 2643 4795 purgatur
2694 4716 2987 4796 particeps
3019 4719 3077 4779 lit
3109 4718 3358 4798 saginati
3407 4720 3567 4781 illius
3612 4720 3714 4781 Vi-

2067 4806 2196 4879 tuli,
2234 4812 2293 4866 et
2322 4803 2537 4864 laetitiae
2558 4814 2767 4867 auctor
2795 4805 2857 4865 ﬁt
2890 4808 3040 4866 Patri
3073 4816 3129 4867 et
3156 4808 3341 4867 servis
3364 4809 3713 4886 ejus,ange-

2065 4895 2136 4956 lis
2166 4903 2223 4955 et
2245 4892 2676 4972 sacerdotibus,
2711 4901 2985 4973 tanquam
3018 4913 3086 4955 ex
3124 4904 3311 4957 morte
3352 4898 3712 4959 rt‘surrexis-

2062 4991 2237 5059 set,et
2259 4990 2387 5063 post
2409 4981 2803 5061 perditionem
2828 4982 3035 5043 fuisset
3056 4983 3112 5043 in
3126 4986 3515 5048 ventusNam
3536 5006 3715 5067 quan~

2065 5084 2185 5134 tum
2219 5072 2289 5134 ad
2318 5071 2554 5132 malitia;
2586 5070 3008 5132 abundantiam
3041 5081 3307 5135 mortuus
3341 5074 3711 5153 erat,etdes—

2063 5170 2302 5243 peratus
2334 5179 2348 5220 :
2381 5168 2665 5240 quantum
2694 5178 2827 5221 νιτο
2850 5161 2919 5221 ad
2942 5160 3254 5223 humanam
3281 5174 3713 5244 naturam,qua3

2064 5248 2353 5313 vertibilis
2378 5256 2467 5309 est
2498 5258 2554 5309 et
2576 5249 2730 5310 valet
2754 5271 2783 5308 a
2820 5250 3040 5311 malitia
3061 5252 3131 5311 ad
3152 5251 3419 5312 virtutem
3452 5253 3704 5332 ingredi,

2065 5340 2327 5422 perditus
2354 5335 2870 5399 dicitur.Perditus
2894 5339 3051 5399 enim
3078 5340 3708 5422 mitiusdicitur,quam

336 5440 396 5509 τῇ
470 5434 771 5511 ἀνθρωπίνῃ
869 5437 1019 5516 φύσει
1117 5443 1184 5511 τῇ
1238 5444 1463 5517 τρεπτῇ,
1532 5440 1621 5495 καὶ
1678 5438 1739 5495 ἐκ
1791 5436 1977 5498 κακίας
2061 5437 2352 5517 mortuus.

337 5519 586 5599 δυναμένη
620 5526 692 5588 εἱς
716 5515 907 5604 ἀρετὴν
940 5515 1286 5608 μεταπεσεῖν,
1321 5515 1615 5592 ἀπολωλὼς
1648 5526 1882 5605 λέγεται’
1917 5522 1945 5580 8
1975 5522 2075 5600 γὰρ
2106 5515 2807 5608 ἀπολωλιξςημξξριώτερον,
2854 5518 2890 5586 ἢ
2917 5520 2945 5575 ὁ
2976 5521 3178 5597 νεκρός.

410 5620 459 5669 ε’
520 5620 594 5670 Ην
650 5612 704 5671 δὲ
755 5617 783 5672 0
837 5617 947 5680 υἱὸς
1004 5620 1162 5677 αὐτοῦ
1219 5620 1247 5675 0
1291 5616 1634 5698 πρεσϐύτερος
1693 5618 1746 5674 ἐν
1795 5617 1965 5695 ἀγρῷ,

2131 5606 2314 5668 Vsus.
2350 5603 2559 5666 25-32.
2598 5628 2625 5661 α
2663 5607 2800 5668 Erat
2824 5615 3019 5670 autem
3056 5608 3212 5670 {ilius
3246 5610 3374 5691 ejus
3416 5610 3617 5672 senior
3652 5612 3708 5671 in

339 5702 411 5757 καὶ
473 5703 545 5767 ὡς
578 5704 870 5786 ὶρχόμενος
918 5705 1105 5787 ῆτγισε
1151 5714 1218 5783 τῇ
1248 5708 1406 5782 οἰκία,
1439 5707 1631 5776 ἤκουσε
1660 5705 1967 5787 συμφωνίας

2075 5719 2213 5781 igro,
2274 5706 2333 5760 et
2389 5714 2524 5760 cum
2556 5699 2780 5762 veniret
2813 5709 2870 5762 et
2910 5701 3443 5785 appropinquasset
3468 5702 3703 5776 domui,
