4116 6212
363 304 479 367 959

365 531 571 610 pueris
594 534 807 608 servis.
838 544 897 597 et
928 533 1311 612 interrogavit
1335 533 1474 615 quid
1512 541 1709 597 essent
1741 534 1942 597 illa.At
1963 536 2016 598 is

370 619 515 682 dixit
544 619 626 682 illi
659 641 673 686 :
708 622 916 687 Frater
948 631 1082 686 tuus
1107 623 1289 700 venit,
1324 631 1382 685 et
1412 622 1632 685 occidit
1685 632 1853 705 pater
1884 631 2017 686 tuus

366 709 612 772 vitulum
653 712 815 774 illum
869 712 1224 791 saginatum,
1260 711 1415 793 quod
1463 711 1823 775 incolumem
1847 712 2013 775 illum

366 802 688 880 receperit.
725 801 1068 882 Indignatus
1101 808 1191 864 est
1220 810 1441 882 autem,
1493 820 1606 865 nec
1657 802 1889 864 volebat
1916 802 2014 864 in-

368 888 569 951 troire.
631 893 803 953 Pater
852 910 993 971 ergo
1041 890 1202 952 illius
1233 909 1512 969 egressus
1538 891 1782 971 rogabat
1820 892 2012 953 illum.

364 980 444 1041 At
475 978 575 1041 ille
598 980 974 1061 respondens
998 979 1143 1042 dixit
1175 979 1509 1061 patrizEcce
1532 989 1616 1043 tot
1640 981 1810 1044 annis
1823 980 2015 1042 servio

369 1066 499 1141 tibi,
553 1087 664 1132 nec
706 1088 965 1151 unquam
1002 1078 1362 1150 praeceptum
1409 1078 1572 1131 tuum
1616 1078 2018 1149 transgressus

366 1175 521 1230 sum,
556 1176 669 1221 nec
700 1178 957 1240 unquam
1000 1158 1213 1220 dedisti
1264 1158 1410 1219 mihi
1469 1159 1703 1221 haedum
1757 1167 1820 1220 ut
1876 1178 2015 1219 cum

1330 268 1925 374 THEOPHYLACTI
1973 306 2383 370 BULGARIrE
2428 308 2784 371 ARCHIEP.

364 442 587 504 audivit
610 454 961 508 concentum
999 454 1055 508 et
1104 445 1341 519 choros,
1367 454 1424 507 et
1458 446 1678 508 vocavit
1723 463 1905 508 unum
1937 438 2013 500 de

2106 437 2184 492 καὶ
2238 444 2443 518 χορῶν,
2511 440 2599 495 καὶ
2654 438 3160 517 προσκαλεσάμενος

3244 444 3340 502 ἱνα
3394 450 3502 517 τῶν
3560 443 3764 502 παίδων

2099 523 2324 608 δούλων,
2384 526 2699 586 ἐπυνθάνετο
2747 529 2800 585 τί
2848 527 2941 596 εἴη
2998 538 3185 590 ταῦτα·
3246 535 3274 590 6
3318 532 3375 591 δὲ
3404 537 3562 592 εἶπεν
3592 534 3761 608 αὐτῷ,

2099 612 2203 694 ὅτι,
2263 606 2320 673 Ὀ
2379 614 2602 696 ἀδελφός
2646 639 2739 673 σου
2776 616 2917 693 ἥκει,
2948 620 3038 677 καὶ
3065 619 3244 680 ἔθυσεν
3275 624 3304 680 6
3333 626 3510 703 πατὴρ
3541 647 3635 681 σου

2099 705 2309 784 μόσχον
2365 706 2458 762 τὸν
2521 707 2781 779 σιτευτὸν,
2834 708 2917 764 ὃτι
2944 710 3247 787 ὑγιαίνοντα
3275 714 3433 772 αὐτὸν
3463 710 3753 774 ἀπέλαϐεν,

2099 791 2354 871 Ὠργίσθη
2425 792 2479 851 δὲ
2537 794 2625 852 καὶ
2685 800 2781 855 οὐκ
2835 794 3020 864 ἤθελεν
3051 799 3331 865 εἰσελθεῖν,
3370 792 3426 860 Ὀ
3459 802 3549 859 οὖν
3578 806 3759 880 πατὴρ

2099 883 2257 940 αὐτοῦ
2326 882 2569 964 ἐξελθὼν,
2618 884 2909 965 παρεκάλει
2963 888 3142 946 αὐτόν’
3220 893 3248 948 6
3323 889 3377 948 δὲ
3455 893 3763 971 ἀποκριθεὶς

2100 973 2226 1061 εἶπε
2298 980 2373 1048 τῷ
2429 974 2606 1053 πατρί’
2654 973 2789 1033 ³1δού
2843 983 3072 1033 τοσαῦτα
3108 977 3201 1047 ἔτη
3244 977 3473 1038 δουλεύω
3514 1004 3621 1061 σοι,
3665 982 3762 1038 καὶ

2101 1059 2349 1119 οὐδέποτέ
2404 1084 2497 1120 σου
2562 1062 2784 1132 ἐντολὴν
2864 1064 3141 1149 παρεῖδον,
3188 1070 3277 1126 καὶ
3332 1069 3461 1146 ἐμοὶ
3504 1059 3764 1128 οὐδέποτε

2102 1148 2301 1241 ἔδωκας
2372 1151 2572 1232 ἓροφον,
2632 1152 2723 1209 ἵνα
2782 1154 2917 1230 μετὰ
2960 1156 3066 1212 τῶν
3098 1148 3264 1237 φίλων
3308 1181 3410 1235 μου
3459 1161 3759 1241 εὐφρανθῶ·

370 1246 576 1307 amicis
606 1249 752 1310 meis
775 1239 1024 1310 laetarer:
1052 1249 1155 1310 sed
1184 1256 1490 1329 postquam
1533 1248 1690 1309 ﬁlius
1723 1255 1857 1310 tuus
1896 1248 2019 1331 hic,

2106 1239 2299 1331 81:66
2353 1242 2381 1296 6
2430 1242 2540 1306 υίὸς
2599 1263 2693 1331 σου
2742 1244 2916 1316 οὗτος,
2950 1245 2978 1301 6
3020 1248 3343 1327 καταφαγὼν
3404 1268 3496 1304 σου
3522 1239 3613 1305 τὸν
3641 1249 3766 1325 βίον

367 1335 466 1414 qui
499 1335 799 1398 devoravit
822 1328 1211 1399 substantiam
1233 1328 1388 1399 tuam
1415 1356 1549 1399 cum
1573 1328 2022 1406 meretricibus}

2106 1329 2241 1403 μετὰ
2291 1336 2521 1430 πορνξῦν,
2592 1328 2781 1406 ἦλθεν,
2858 1331 3041 1397 ἔθτσας
3100 1335 3244 1409 αὐτῷ
3297 1338 3387 1393 τὸν
3417 1337 3631 1417 μόσχον
3658 1339 3763 1393 τὸν

370 1425 551 1492 venit.
587 1426 854 1488 occidisti
886 1426 973 1487 illi
992 1424 1241 1487 vitulum
1275 1426 1442 1488 illum
1459 1425 1898 1506 saginatuni.At
1920 1424 2019 1487 ille

2106 1419 2362 1480 σιτευτὸν,
2427 1418 2483 1477 “0
2540 1418 2594 1476 δὲ
2653 1421 2809 1477 εἶπεν
2869 1424 3031 1492 αὐτῷ’
3120 1424 3337 1499 Τέκνον,
3408 1428 3471 1482 σύ
3526 1428 3766 1483 πάντοτε

368 1511 517 1574 dixit
541 1514 631 1577 ei:
669 1515 802 1589 Fili,
834 1524 895 1577 tu
919 1534 1164 1596 semper
1198 1534 1430 1580 mecum
1464 1505 1551 1596 es,
1585 1523 1644 1577 et
1666 1515 1867 1577 omnia
1888 1532 2019 1577 mea

2106 1505 2218 1582 μετ’
2280 1507 2411 1583 ἐμοῦ
2460 1508 2539 1585 εἴ,
2615 1511 2701 1565 καὶ
2771 1510 2945 1567 πάντα
2999 1513 3064 1568 τὰ
3095 1513 3200 1589 ἐμὰ
3229 1514 3296 1571 σά
3324 1516 3489 1572 ὶστιν·
3526 1514 3764 1596 εὐφραν-

373 1608 469 1660 tna
492 1611 666 1666 sunt:
702 1604 889 1665 laetari
925 1594 1118 1666 autem
1153 1613 1209 1666 et
1239 1603 1499 1683 gaudere
1530 1594 2019 1684 oportebat,quia

2106 1600 2253 1676 θῆναι
2308 1594 2364 1653 δέ
2418 1595 2544 1673 ἔδει,
2618 1600 2706 1655 καὶ
2764 1599 3021 1679 χαρῆναι,
3056 1602 3143 1658 ὃτι
3178 1604 3206 1659 6
3235 1601 3457 1684 ἀδελφός
3484 1627 3578 1663 σου
3598 1594 3767 1667 οὗτος

370 1688 552 1752 frater
573 1702 706 1754 tuus
738 1693 835 1755 hic
867 1701 1131 1754 mortuus
1172 1702 1314 1757 erat.
1366 1712 1432 1754 ac
1464 1693 1692 1765 revixit;
1728 1701 1784 1753 et
1816 1693 2017 1772 perie-

2106 1688 2281 1764 νεκρὸς
2345 1687 2412 1754 ἦν
2481 1687 2567 1743 καὶ
2626 1687 2874 1769 ἀνέζησε,
2928 1692 3015 1746 καὶ
3071 1690 3366 1758 ἀπολωλὼς
3410 1694 3501 1769 ἧν,
3534 1695 3624 1751 καὶ
3662 1696 3767 1751 εὐ-

368 1788 547 1844 rat.et
567 1783 836 1844 inventus
857 1782 1281 1844 est.»MOHoc
1312 1782 1441 1843 loco
1469 1781 1723 1843 celebris
1742 1793 2018 1843 movetur

2106 1772 2249 1853 ρὲθη,
2317 1796 2341 1825 ιι
2404 1773 2658 1832 Ἐνταῦθα
2721 1777 2783 1833 τὸ
2841 1776 3271 1858 πολυθρύλλητον
3342 1782 3582 1857 ζήτημα.
3635 1788 3767 1845 Πῶς

370 1871 613 1949 quaestio
649 1893 662 1933 :
697 1872 1005 1946 Quomodo
1063 1879 1342 1953 appareat
1391 1871 1546 1932 ﬁlius
1609 1871 1864 1943 invidus,
1925 1869 2022 1950 qui

2106 1863 2134 1918 6
2188 1863 2298 1953 υἱὸς
2322 1863 2591 1953 Δφαίνεται
2664 1866 2913 1944 φθονερὸς
2972 1869 3000 1923 6
3045 1867 3335 1953 εὐαρέστως
3365 1871 3533 1941 ζήσας
3560 1868 3762 1940 τᾶλλα,

372 1947 594 2039 alioqui
626 1960 767 2023 vixit
790 1970 845 2023 et
863 1947 1277 2041 servivit-patri
1303 1960 1455 2022 bene
1478 1958 1886 2040 placens?Quze
1907 1947 2023 2020 sol-

2106 1953 2190 2041 καὶ
2259 1947 2640 2041 δεδουλευκὼς,
2678 1960 2755 2041 τῷ
2810 1956 2970 2031 πατρί
3002 1974 3020 2030 ;
3079 1948 3164 2015 ’¹Ο
3193 1955 3500 2035 λυθήσεται,
3535 1958 3655 2037 εἴγε
3674 1980 3761 2023 τις

371 2049 863 2130 vetur,siquidem
896 2039 1239 2130 parabolam
1267 2049 1400 2131 quis
1433 2039 1813 2130 eXpenderit,
1838 2066 2020 2129 quare

2106 2039 2200 2131 τὴν
2255 2039 2566 2131 παραϐολὴν
2625 2039 3023 2125 ἂναλογίσαιτο,
3081 2043 3167 2102 διὰ
3207 2048 3258 2102 τί
3303 2046 3509 2125 ἐῤῥὲθη·
3544 2050 3764 2111 πάντως

371 2135 527 2198 dicta
546 2127 741 2198 fuerit.
792 2127 1049 2201 Omnino
1100 2139 1260 2201 enim
1284 2127 1459 2219 _quia
1487 2127 2020 2201 obmurmurabant

2111 2130 2207 2206 γὰρ
2272 2127 2403 2187 διότι
2460 2130 2745 2209 ἐγόγγυζον
2829 2135 2877 2190 οἱ
2954 2135 3196 2212 καθαροὶ,
3282 2138 3371 2193 καὶ
3438 2136 3765 2205 δικαιοῦντες

372 2222 623 2301 Domino
656 2225 1224 2307 Pharisaei,mundos
1252 2237 1311 2289 et
1330 2218 1524 2306 justos
1549 2246 1613 2288 se
1647 2236 2022 2307 putantes,eo

2108 2218 2322 2285 ἑαυτοὺς
2398 2226 2685 2300 Φαρισαῖοι
2768 2220 2854 2279 ἰπὶ
2930 2224 3008 2298 τῷ
3092 2227 3267 2303 Κυρίῳ
3346 2225 3766 2308 προσδεχομένῳ

372 2313 526 2392 quod
546 2313 875 2393 susciperet
897 2315 1240 2377 meretrices
1263 2315 2023 2397 etpublicanos,propterea

2106 2308 2305 2387 πόρνας
2358 2310 2445 2365 καὶ
2496 2308 2757 2392 τελώνας,
2839 2308 2923 2367 διὰ
2978 2312 3132 2369 τοῦτο
3190 2314 3222 2381 ἦ
3282 2313 3565 2393 παραϐολὴ
3620 2315 3759 2381 αὕτη

378 2401 655 2481 parabola
686 2404 795 2465 ista
826 2422 957 2465 cum
992 2403 1084 2465 his
1112 2422 1242 2484 qua:
1270 2409 1411 2466 ante
1463 2423 1589 2465 eam
1638 2403 1811 2466 dictas
1860 2412 2017 2485 sunt,

2107 2399 2241 2473 μετὰ
2281 2403 2388 2455 τῶν
2443 2400 2545 2477 πρὸ
2602 2399 2765 2468 αὐτῆς
2825 2400 3059 2479 εἴρηται³
3124 2400 3242 2460 ἐπεὶ
3284 2406 3372 2461 οῦν
3417 2403 3551 2463 διότι
3593 2404 3762 2483 ξγόγ-

376 2492 1276 2574 proponitur:quandoquidem
1320 2493 1497 2572 igitur
1546 2492 1706 2554 dicta
1752 2492 1848 2573 sit,
1881 2494 2021 2570 quia

2106 2493 2256 2562 γυζον
2284 2573 2289 2574 7
2318 2489 2365 2543 οἱ
2420 2494 2737 2569 Φαρισαῖοι,
2793 2486 2983 2546 δίκαιοι
3011 2492 3162 2556 ὃντες
3186 2492 3318 2572 ὑπὲρ
3349 2494 3468 2560 τοὺς
3499 2494 3760 2565 τελώνας,

376 2580 655 2643 Pharisaei
679 2582 780 2663 qui
803 2573 1283 2661 erant,ju’stiores
1302 2581 1726 2662 publicanis,ut
1741 2581 2019 2644 videban-

2106 2577 2174 2639 ὡς
2244 2573 2481 2650 ἐδόκουν,
2555 2576 2795 2655 εἴρηται·
2871 2577 3058 2635 σκόπει
3118 2579 3198 2636 ὅτι
3243 2582 3304 2637 ’τὸ
3352 2582 3636 2661 πρόσωπον
3666 2591 3762 2641 τοῦ

375 2677 491 2735 tur.
523 2670 1088 2733 obmurmurabant:
1119 2670 1433 2733 considera
1454 2669 1609 2752 quod
1646 2689 1897 2749 persona
1915 2671 2021 2733 ﬁlii

2106 2662 2377 2729 δοκοῦντος
2446 2667 2724 2745 γογγύζειν
2800 2670 2912 2725 υἱοῦ
2996 2666 3324 2745 λαμϐάνεται
3406 2674 3479 2736 εἰς
3556 2673 3761 2736 πάντας

378 2759 478 2839 qui
509 2758 818 2821 videbatur
839 2758 1292 2821 obmurmurare
1313 2760 1566 2821 sumitur
1582 2767 1787 2821 contra
1812 2778 2022 2822 omnes

2106 2754 2221 2819 τοὺς
2273 2753 2779 2831 σκανδαλιζομένους
2830 2756 2917 2814 ἰπὶ
2965 2763 3036 2834 τῇ
3115 2758 3278 2836 ἀθρόᾳ
3333 2759 3613 2841 εὐπραγίᾳ,
3670 2762 3763 2819 καὶ

376 2849 475 2928 qui
500 2848 973 2911 scaudalizantur
994 2848 1055 2910 in
1087 2850 1395 2929 repentina
1426 2848 1705 2910 felicitate
1744 2856 1801 2911 et
1829 2850 2019 2912 salute

2106 2844 2339 2923 σωτηρίᾳ
2393 2845 2500 2902 τῶν
2566 2844 2923 2924 ἁμαρτωλῶν·
2984 2853 3141 2905 ’τοῦτο
3195 2846 3251 2905 δὲ
3281 2850 3377 2907 οὐκ
3405 2850 3516 2908 ἔστι
3544 2851 3758 2931 φθόνος,

379 2941 896 3015 peccatorumzhoc
926 2945 1120 2999 autem
1143 2957 1260 2999 non
1294 2947 1381 2999 est
1399 2937 1767 3012 invidiaa,sed
1794 2957 2023 3017 magna)

2106 2931 2224 2989 ἁλλ’
2283 2933 2572 3014 ὑπέρχυσις
2627 2935 2725 3003 τῆς
2783 2935 3172 3016 φίλανθρωπίας
3229 2941 3325 2997 τοῦ
3371 2946 3501 2998 Θεοῦ
3529 2940 3760 3019 ἀγνοου-

381 3025 757 3104 benignitatis
786 3026 1023 3103 divinae,
1051 3046 1224 3107 quam
1258 3046 1365 3089 nos
1396 3027 1763 3116 ignoramus,
1797 3036 1853 3089 et
1878 3046 2020 3107 pro-

2108 3023 2246 3097 μένη
2298 3025 2458 3102 ἡμῖν,
2519 3028 2606 3080 και
2650 3023 2736 3081 διὰ
2792 3028 2946 3084 τοῦτο
3009 3028 3257 3083 τίκτουσα
3308 3029 3398 3085 τὸν
3427 3029 3755 3107 γογγυσμόν·

383 3124 583 3195 pterea
615 3116 767 3196 parit
807 3117 1357 3178 murmurationem.
1400 3117 1612 3178 Annon
1643 3126 1699 3179 et
1722 3115 1901 3178 David
1926 3116 2023 3179 in-

2108 3112 2209 3189 ἇρα
2263 3113 2363 3191 γὰρ
2421 3114 2449 3169 6
2507 3112 2673 3169 Δαυίδ
2728 3116 2823 3172 οὐκ
2880 3114 3080 3194 εἰσάγει
3137 3117 3421 3196 πρόσωπον
3469 3116 3761 3176 σκανδαλι-

378 3203 540 3264 ducit
590 3222 903 3280 personam
956 3223 1088 3284 quae
1137 3204 1537 3268 oﬁenditurin
1569 3223 1713 3284 pace
1744 3213 2023 3285 peccato-

375 3291 543 3354 rum?
565 3302 622 3353 et
651 3292 930 3355 similiter
954 3292 1468 3367 Jeremias,«Quid
1504 3294 1659 3374 quod
1694 3295 1785 3354 via
1815 3293 2028 3372 impio-

378 3400 508 3442 rum
543 3382 1245 3460 prosperatur,dicens,et
1273 3382 1541 3462 plantasti
1559 3402 1680 3455 eos,
1711 3391 1766 3445 et
1790 3383 2025 3445 radices

378 3471 739 3549 egernnt79?
772 3496 798 3525 »
835 3470 971 3532 Haec
994 3470 1149 3532 enim
1178 3471 1377 3531 omnia
1399 3479 1538 3531 sunt
1570 3472 1939 3532 inﬁrmarum
1966 3481 2024 3533 et

381 3578 706 3640 pauperum
740 3559 1162 3639 cogitationum
1198 3560 2023 3641 hominum,quiacccendun-

376 3657 559 3719 tur,et
589 3649 909 3730 loquuntur
934 3649 993 3710 in
1011 3650 1401 3730 prosperitate
1431 3650 1718 3711 malorum
1753 3649 2017 3727 indigna.

381 3740 532 3802 Dicit
586 3738 763 3818 igitur
795 3758 900 3820 per
930 3747 1281 3819 praesentem
1343 3737 1679 3819 parabolam
1730 3739 2022 3802 Dominus

381 3828 686 3890 Pllariszeis
717 3829 879 3910 quasi
903 3828 961 3889 in
996 3829 1152 3889 hunc
1175 3826 1719 3900 modum:Esto,vos
1730 3827 1877 3907 justi
1899 3828 2025 3889 sitis

374 3917 530 3980 sicut
564 3918 719 3980 ﬁlius
751 3918 850 3981 ille
873 3927 929 3979 et
952 3915 1393 3998 beneplaceatis
1414 3918 1601 3980 Patri:
1639 3917 1893 3979 obsecro
1925 3936 2026 3980 vos

368 4008 562 4088 justos
603 4016 660 4069 et
706 4008 980 4083 mundos,
1014 4025 1090 4069 ne
1139 4005 1608 4069 obmnrmuretis
1637 4007 1711 4068 ob
1761 4007 2022 4069 laetitiam

377 4114 551 4177 quam
580 4097 870 4159 habemus
901 4104 1141 4176 propter
1163 4095 1493 4176 peccatoris
1519 4096 1795 4176 salutem,
1828 4096 2021 4178 siqui-

376 4185 510 4246 dem
545 4186 641 4246 hic
672 4204 905 4265 quoque
928 4185 1084 4246 ﬁlius
1119 4184 1440 4266 est.Itaque
1464 4205 1580 4246 non
1605 4195 1851 4265 apparet
1881 4185 2024 4246 invi-

2106 3201 2329 3277 ζομένου
2373 3200 2459 3259 ἐπὶ
2490 3208 2559 3279 τῇ
2620 3204 2805 3282 εἰρήνῃ
2834 3211 2941 3262 τῶν
2983 3204 3313 3284 ἁμαρτωλῶν
3347 3227 3364 3283 ;
3396 3208 3485 3264 καὶ
3528 3209 3557 3264 6
3588 3206 3760 3286 Ἰερε-

2106 3292 2231 3366 μίας
2262 3291 2485 3367 ὁμοίως,
2523 3312 2547 3347 ε
2598 3292 2659 3350 Τί
2688 3294 2767 3349 ὂτι
2795 3292 2914 3357 ὁδός
2944 3292 3148 3351 ἀσεϐῶν
3178 3295 3499 3372 εὐθηνεῖται,
3559 3295 3763 3377 λέγων,

2104 3382 2193 3437 καὶ
2277 3380 2561 3459 ἐφύτευσας
2612 3380 2824 3456 αὐτοὺς,
2905 3384 2995 3440 καὶ
3055 3380 3453 3462 ἑριζοϐόλησανο
3509 3408 3535 3443 ι
3586 3387 3763 3445 Ταῦτα

2107 3471 2205 3550 γὰρ
2261 3472 2432 3527 πάντα
2488 3470 2586 3540 τῆς
2649 3471 2895 3537 ἀσθενους
2950 3473 3038 3528 καὶ
3107 3474 3339 3553 πτωχῆς
3396 3472 3623 3538 διανοίας
3652 3476 3755 3531 εἰσὶ

2104 3565 2211 3616 τῶν
2275 3560 2565 3640 ἀνθρώπων
2620 3560 3063 3640 ἐμπυριζομένης,
3123 3564 3214 3619 καὶ
3270 3561 3613 3635 δισταζούσης
3670 3559 3763 3620 ἰπὶ

2105 3654 2173 3726 τῇ
2240 3646 2445 3724 ἀναξία,
2507 3647 2660 3715 δῆθεν
2744 3650 2999 3729 εὐπραγίᾳ
3082 3656 3188 3707 τῶν
3263 3653 3538 3731 πονηρῶν.
3602 3649 3764 3728 Λέγει

2104 3738 2275 3797 τοίνυν
2358 3736 2443 3794 διὰ
2492 3738 2588 3807 τῆς
2623 3739 2897 3818 παρούσης
2925 3738 3236 3818 παραϐολῆς
3267 3743 3296 3797 6
3340 3741 3527 3821 Κύριος
3558 3761 3765 3817 μονον-

2108 3828 2233 3907 ουχὶ
2300 3834 2517 3884 τοιαῦτα
2574 3840 2693 3893 τοῖς
2753 3828 3086 3905 Φαρισαίοις*
3126 3826 3342 3909 ”Εστω,
3382 3831 3542 3906 ὑμεῖς
3571 3827 3764 3885 δίκαιοι

2105 3918 2241 3973 κατὰ
2287 3918 2376 3972 τὸν
2452 3918 2563 3973 υἱὸν
2622 3916 2852 3993 ἐκεῖνον,
2912 3918 2999 3974 καὶ
3074 3918 3339 3997 εὐάρεστοι
3410 3923 3490 3991 τῷ
3574 3918 3763 3996 Πατρὶ,

2105 4005 2398 4082 παρακαλῶ
2475 4007 2610 4081 ὑμᾶς
2682 4007 2804 4071 τούς
2868 4005 3097 4071 δικαίους
3155 4008 3242 4064 καὶ
3325 4008 3607 4087 καθαροὺς,
3684 4006 3767 4082 μὴ

2105 4096 2380 4174 γογγύζειν
2430 4097 2517 4152 επὶ
2571 4096 2641 4164 τῆ
2698 4096 3012 4177 εὐφροσύνῃ,
3070 4094 3137 4163 ἤν
3182 4096 3471 4172 ποιούμεθ»
3523 4094 3607 4155 διὰ
3660 4095 3763 4162 τὴν

2108 4187 2199 4240 τοῦ
2266 4183 2584 4262 ἁμαρτωλοῦ
2639 4186 2926 4265 σωτηρίαν’
3004 4188 3092 4243 καὶ
3159 4185 3259 4265 γὰρ
3314 4187 3402 4243 καὶ
3441 4187 3593 4251 οὗτος
3620 4186 3733 4249 υἱὸς

377 4273 607 4346 dia,sed
663 4273 948 4335 Dominus
1009 4274 1444 4337 Pharisaeorum
1496 4283 1755 4338 mentem
1787 4274 2023 4338 instruit

2109 4276 2182 4330 Οὐ
2241 4272 2412 4330 τοίνυν
2484 4273 2671 4354 φθόνος
2728 4274 2965 4332 ἐντεῦθεν
2994 4274 3327 4355 ἐμφαίνεται,
3362 4274 3499 4331 ἀλλά
3527 4274 3625 4342 τὴν
3654 4281 3765 4331 τῶν

379 4381 484 4444 per
508 4362 845 4443 parabolam
869 4363 1121 4436 illam,ut
1154 4360 1385 4424 etiamsi
1410 4363 1553 4441 justi
1588 4362 1702 4444 ipsi
1736 4372 2023 4436 essent,et

2107 4361 2410 4442 Φαρισαίων
2461 4363 2685 4441 γνώμην
2769 4361 3003 4421 παιδεύει
3061 4366 3089 4420 6
3164 4364 3351 4445 Κύριος
3407 4363 3493 4420 διὰ
3521 4364 3621 4429 τῆς
3652 4385 3764 4419 πα-

380 4452 580 4512 omnia
598 4451 872 4512 mandata
895 4450 998 4513 Dei
1015 4450 1715 4532 perfecissent,gravatim
1732 4451 1886 4513 ferre
1910 4471 2023 4513 non

2109 4450 2342 4531 ραόολῆς
2399 4452 2620 4532 ταύτης,
2678 4452 2816 4509 ὥστε
2870 4454 2914 4509 εί
2955 4454 3042 4509 καὶ
3071 4451 3261 4511 δίκαιοι
3328 4452 3444 4509 dea
3472 4453 3643 4525 αὐτοὶ,
3675 4454 3766 4508 καὶ

377 4540 671 4603 deberent
688 4539 909 4620 suscipi
933 4542 1433 4621 peccatores.Nec
1456 4542 1671 4602 mirum
1699 4544 1850 4603 estsi
1873 4560 2028 4619 aegre

375 4631 636 4713 feramus
655 4648 835 4710 super
851 4630 943 4691 his
964 4648 1097 4709 quae
1117 4628 1361 4708 indigne
1384 4629 1659 4692 videntur
1683 4629 2027 4692 ﬁeri.Tanta

378 4720 541 4782 enim
575 4718 680 4781 Dei
711 4727 797 4781 est
816 4719 1240 4797 benignitas,et
1255 4730 1369 4781 tam
1395 4719 1719 4782 liberaliter
1747 4738 1853 4781 sua
1876 4719 2030 4781 bona

377 4808 548 4871 nobis
577 4808 1069 4889 communicat,ut
1089 4816 1146 4870 et
1168 4808 1497 4887 indignatio
1528 4818 1587 4870 et
1616 4808 2026 4871 obmurmura-

375 4898 456 4960 tio
489 4898 630 4959 inde
661 4898 821 4958 nasci
861 4898 1149 4978 possetzid
1171 4899 1328 4979 quod
1353 4897 1411 4958 in
1430 4897 1703 4960 familiari
1735 4898 2033 4979 colloquio

375 4986 829 5068 dicimus.S&pe
848 5007 981 5049 cum
1007 4988 1320 5050 beneﬁciis
1343 4986 1683 5068 quempiam
1700 4988 2030 5064 aﬁ‘ccimus,

376 5077 666 5141 etdeinde
680 5077 898 5157 gratias
918 5096 1035 5139 non
1058 5077 2036 5158 egerit,dicimuszReprehendunt

379 5186 472 5228 me
502 5187 710 5228 omnes
735 5166 891 5248 quod
935 5176 1094 5229 tanta
1125 5170 1182 5228 in
1218 5176 1273 5228 te
1302 5166 1594 5228 beneﬁcia
1624 5167 1977 5229 contulerim
2017 5188 2029 5227 :

375 5256 646 5336 quamvis
698 5258 853 5320 forte
888 5274 1063 5320 nemo
1097 5276 1205 5318 nos
1254 5255 1718 5337 reprehenderit
1771 5266 2030 5319 attamen

384 5345 849 5423 magnitudinem
879 5344 1289 5408 beneﬁcentia:
1319 5346 1636 5408 ostendere
1657 5345 2030 5427 volentes,ita

376 5432 1012 5511 ﬁngimusNideamus
1029 5441 1229 5500 autem
1257 5443 1315 5497 et
1338 5433 1735 5515 particulatim
1763 5444 1820 5497 et
1841 5435 2028 5498 brevi-

453 5600 518 5654 79
550 5604 781 5671 Jerem.
817 5621 924 5681 xu,
959 5605 1021 5668 2.

2108 4548 2282 4598 πᾶσαν
2340 4538 2563 4607 ἐντολὴν
2618 4547 2712 4598 τοῦ
2782 4540 2915 4598 Θεοῦ
2958 4539 3400 4622 πεπληρωκότες,
3446 4537 3760 4620 9916061:-

2110 4631 2299 4710 ραίνειν
2391 4630 2478 4686 ὲπι
2553 4630 2620 4707 τῇ
2702 4628 2988 4711 παραδοχῇ
3048 4633 3153 4688 τῶν
3230 4628 3590 4706 αμαρτωλῶν.
3665 4630 3767 4687 Καὶ

2113 4717 2258 4778 οὐδὲν
2313 4719 2613 4793 θαυμαστὸν
2669 4720 2713 4775 εί
2779 4717 3189 4799 δυσχεραίνομεν
3235 4718 3322 4775 ἐπὶ
3374 4731 3495 4783 τοῖς
3541 4715 3765 4782 ἀναξίως

2114 4806 2319 4868 δοκοῦσι
2378 4809 2628 4887 γίνεσθαι,
2700 4809 2931 4876 τοσαύτη
2988 4810 3087 4888 γὰρ
3184 4807 3327 4864 ἐστιν
3394 4809 3430 4876 ἦ
3484 4813 3577 4864 τοῦ
3634 4812 3766 4863 Θεοῦ

2115 4896 2495 4977 φιλανθρωπία,
2571 4898 2660 4953 καὶ
2715 4897 2883 4962 οὕτως
2940 4897 3180 4979 ἀφθόνως
3226 4894 3580 4973 μεταδὶδωσιν
3626 4896 3765 4970 ἡμῖν

2117 4994 2223 5044 τῶν
2294 4987 2500 5043 οἰκείων
2552 4986 2786 5065 ἀγαθῶν,
2846 4986 2984 5044 ὥστε
3027 4988 3115 5043 καὶ
3155 4986 3462 5064 γογγυσμὸν
3499 4985 3767 5041 τίκτεσθαι

2116 5078 2349 5132 ἐντεῦθεν
2398 5071 2666 5131 δύνασθαι⁹
2725 5074 2855 5153 ὅπερ
2925 5076 3012 5132 καὶ
3060 5073 3116 5131 ἒν
3164 5076 3233 5151 τῇ
3317 5074 3527 5143 συνήθει
3587 5069 3769 5148 ὁμιλίᾳ

2116 5165 2365 5245 λέγομεν,
2426 5162 2686 5229 Πολλάκις
2762 5165 2861 5243 γὰρ
2957 5161 3396 5244 εὐεργετήσαντες
3442 5182 3583 5236 τινα,
3640 5160 3768 5216 εἶτα

2090 5252 2566 5334 λάχαριστηθέντες
2612 5250 2738 5332 παρ’
2807 5252 2966 5310 αὐτοῦ
3028 5252 3276 5332 λέγομεν,
3323 5250 3404 5308 ὅτι
3458 5248 3767 5329 Μέμφονταί

2117 5367 2209 5421 μοι
2283 5343 2502 5417 πάντες,
2559 5342 2642 5399 ὅτι
2699 5363 2757 5398 σε
2828 5341 3164 5423 εὐηργέτησα
3207 5348 3456 5399 τοσαῦτα·
3493 5338 3663 5395 καίτοι
3706 5358 3769 5415 γε

2115 5434 2253 5498 ἴσως
2311 5432 2407 5491 οὐκ
2463 5430 2744 5508 ἐμέμψατό
2793 5452 2872 5495 τις
2892 5435 3053 5509 ἡμῖν,
3084 5430 3222 5488 ἀλλὰ
3252 5429 3401 5508 ὅμως
3427 5427 3521 5497 τῆς
3552 5426 3769 5507 εὐεργε-
