  <div class='ocr_page' id='page_1' title='image "/cluster/home/n/w/nwhite01/storage/ocr_20150623/123/hvd.32044073502445/510.png"; bbox 0 0 4116 6212; ppageno 0'>
   <div class='ocr_carea' id='block_1_1' title="bbox 285 228 412 322">
    <p class='ocr_par' dir='ltr' id='par_1_1' title="bbox 285 228 412 322">
     <span class='ocr_line' id='line_1_1' title="bbox 285 228 412 322; baseline 0 0"><span class='ocrx_word' id='word_1_1' title='bbox 285 228 412 322; x_wconf 81' lang='grc'><strong>965</strong></span> 
     </span>
    </p>
   </div>
   <div class='ocr_carea' id='block_1_2' title="bbox 1046 213 3039 328">
    <p class='ocr_par' dir='ltr' id='par_1_2' title="bbox 1046 213 3039 328">
     <span class='ocr_line' id='line_1_2' title="bbox 1046 213 3039 328; baseline -0.002 -3"><span class='ocrx_word' id='word_1_2' title='bbox 1046 260 1484 327; x_wconf 82' lang='lat' dir='ltr'><strong>ENARRATIO</strong></span> <span class='ocrx_word' id='word_1_3' title='bbox 1525 256 1602 325; x_wconf 87' lang='lat' dir='ltr'><strong>IN</strong></span> <span class='ocrx_word' id='word_1_4' title='bbox 1641 250 2143 328; x_wconf 77' lang='lat' dir='ltr'><strong>EVANGELIUM</strong></span> <span class='ocrx_word' id='word_1_5' title='bbox 2191 256 2431 321; x_wconf 64' lang='lat' dir='ltr'><strong>LUCE.</strong></span> <span class='ocrx_word' id='word_1_6' title='bbox 2460 295 2535 304; x_wconf 91' lang='lat'>—</span> <span class='ocrx_word' id='word_1_7' title='bbox 2564 259 2729 325; x_wconf 74' lang='lat' dir='ltr'><strong>CAP.</strong></span> <span class='ocrx_word' id='word_1_8' title='bbox 2782 261 2939 325; x_wconf 73' lang='lat' dir='ltr'><strong>XVI.</strong></span> <span class='ocrx_word' id='word_1_9' title='bbox 3035 213 3039 216; x_wconf 43' lang='grc'><em>’</em></span> 
     </span>
    </p>
   </div>
   <div class='ocr_carea' id='block_1_3' title="bbox 3555 254 3673 325">
    <p class='ocr_par' dir='ltr' id='par_1_3' title="bbox 3555 254 3673 325">
     <span class='ocr_line' id='line_1_3' title="bbox 3555 254 3673 325; baseline 0.017 -2"><span class='ocrx_word' id='word_1_10' title='bbox 3555 254 3673 325; x_wconf 83' lang='lat'><strong>966</strong></span> 
     </span>
    </p>
   </div>
   <div class='ocr_carea' id='block_1_4' title="bbox 288 387 1968 471">
    <p class='ocr_par' dir='ltr' id='par_1_4' title="bbox 288 387 1968 467">
     <span class='ocr_line' id='line_1_4' title="bbox 288 387 1968 467; baseline 0.005 -25"><span class='ocrx_word' id='word_1_11' title='bbox 288 387 746 467; x_wconf 80' lang='grc' dir='ltr'>ταχειριζόμενοι,</span> <span class='ocrx_word' id='word_1_12' title='bbox 778 387 898 446; x_wconf 76' lang='grc' dir='ltr'>ἀλλ’</span> <span class='ocrx_word' id='word_1_13' title='bbox 930 391 1001 454; x_wconf 81' lang='grc' dir='ltr'><strong>εἰς</strong></span> <span class='ocrx_word' id='word_1_14' title='bbox 1074 392 1266 457; x_wconf 72' lang='grc' dir='ltr'>οἰκείας</span> <span class='ocrx_word' id='word_1_15' title='bbox 1297 391 1569 458; x_wconf 73' lang='grc' dir='ltr'>σπαταλας</span> <span class='ocrx_word' id='word_1_16' title='bbox 1600 408 1735 464; x_wconf 15' lang='grc' dir='ltr'>,τοῖς</span> <span class='ocrx_word' id='word_1_17' title='bbox 1767 392 1968 459; x_wconf 68' lang='grc' dir='ltr'>δοθεῖ-,</span> 
     </span>
    </p>
   </div>
   <div class='ocr_carea' id='block_1_5' title="bbox 2051 387 3673 471">
    <p class='ocr_par' dir='ltr' id='par_1_5' title="bbox 2051 389 3673 471">
     <span class='ocr_line' id='line_1_5' title="bbox 2051 389 3673 471; baseline 0.004 -21"><span class='ocrx_word' id='word_1_18' title='bbox 2051 389 2261 451; x_wconf 88' lang='lat' dir='ltr'><strong>)omini</strong></span> <span class='ocrx_word' id='word_1_19' title='bbox 2298 402 2387 453; x_wconf 89' lang='lat' dir='ltr'><strong>est</strong></span> <span class='ocrx_word' id='word_1_20' title='bbox 2415 392 2566 454; x_wconf 89' lang='lat' dir='ltr'><strong>datis</strong></span> <span class='ocrx_word' id='word_1_21' title='bbox 2595 395 2674 455; x_wconf 99' lang='lat' dir='ltr'><strong>uti</strong></span> <span class='ocrx_word' id='word_1_22' title='bbox 2706 396 2763 455; x_wconf 90' lang='lat' dir='ltr'><strong>in</strong></span> <span class='ocrx_word' id='word_1_23' title='bbox 2796 413 2937 456; x_wconf 88' lang='lat' dir='ltr'><strong>usus</strong></span> <span class='ocrx_word' id='word_1_24' title='bbox 2967 414 3419 471; x_wconf 87' lang='lat' dir='ltr'><strong>conservorum,</strong></span> <span class='ocrx_word' id='word_1_25' title='bbox 3463 416 3581 459; x_wconf 92' lang='lat' dir='ltr'><strong>non</strong></span> <span class='ocrx_word' id='word_1_26' title='bbox 3612 396 3673 457; x_wconf 92' lang='lat' dir='ltr'><strong>in</strong></span> 
     </span>
    </p>
   </div>
   <div class='ocr_carea' id='block_1_6' title="bbox 294 478 1944 562">
    <p class='ocr_par' dir='ltr' id='par_1_6' title="bbox 294 478 1944 562">
     <span class='ocr_line' id='line_1_6' title="bbox 294 478 1944 562; baseline 0.007 -30"><span class='ocrx_word' id='word_1_27' title='bbox 294 499 382 533; x_wconf 91' lang='grc' dir='ltr'><strong>σιν</strong></span> <span class='ocrx_word' id='word_1_28' title='bbox 458 478 863 562; x_wconf 79' lang='grc' dir='ltr'>ἀποχρώμενοι,</span> <span class='ocrx_word' id='word_1_29' title='bbox 951 478 1354 556; x_wconf 70' lang='grc' dir='ltr'>διαϐεϐλημένοι</span> <span class='ocrx_word' id='word_1_30' title='bbox 1434 483 1594 558; x_wconf 79' lang='grc' dir='ltr'>ἐσμὲν</span> <span class='ocrx_word' id='word_1_31' title='bbox 1652 486 1944 560; x_wconf 76' lang='grc' dir='ltr'>οἱκονόμοι.</span> 
     </span>
    </p>
   </div>
   <div class='ocr_carea' id='block_1_7' title="bbox 299 566 1949 651">
    <p class='ocr_par' dir='ltr' id='par_1_7' title="bbox 299 566 1949 651">
     <span class='ocr_line' id='line_1_7' title="bbox 299 566 1949 651; baseline 0.005 -29"><span class='ocrx_word' id='word_1_32' title='bbox 299 566 558 643; x_wconf 79' lang='grc' dir='ltr'>Βούλημα</span> <span class='ocrx_word' id='word_1_33' title='bbox 584 569 683 648; x_wconf 81' lang='grc' dir='ltr'>γὰρ</span> <span class='ocrx_word' id='word_1_34' title='bbox 719 576 811 626; x_wconf 82' lang='grc' dir='ltr'>τοῦ</span> <span class='ocrx_word' id='word_1_35' title='bbox 844 570 1115 627; x_wconf 86' lang='grc' dir='ltr'>Δεσπότου</span> <span class='ocrx_word' id='word_1_36' title='bbox 1147 570 1253 627; x_wconf 81' lang='grc' dir='ltr'>ἐστὶ</span> <span class='ocrx_word' id='word_1_37' title='bbox 1287 575 1514 651; x_wconf 77' lang='grc' dir='ltr'>χρᾶσθαι</span> <span class='ocrx_word' id='word_1_38' title='bbox 1556 586 1675 637; x_wconf 80' lang='grc' dir='ltr'>τοῖς</span> <span class='ocrx_word' id='word_1_39' title='bbox 1720 571 1949 630; x_wconf 76' lang='grc' dir='ltr'><strong>δοθεῖσιν</strong></span> 
     </span>
    </p>
   </div>
   <div class='ocr_carea' id='block_1_8' title="bbox 301 657 1949 743">
    <p class='ocr_par' dir='ltr' id='par_1_8' title="bbox 301 657 1949 743">
     <span class='ocr_line' id='line_1_8' title="bbox 301 657 1949 743; baseline 0.004 -30"><span class='ocrx_word' id='word_1_40' title='bbox 301 658 381 721; x_wconf 80' lang='grc' dir='ltr'><strong>εἰς</strong></span> <span class='ocrx_word' id='word_1_41' title='bbox 431 657 526 721; x_wconf 67' lang='grc' dir='ltr'><strong>τὰς</strong></span> <span class='ocrx_word' id='word_1_42' title='bbox 575 666 681 716; x_wconf 83' lang='grc' dir='ltr'><strong>τῶν</strong></span> <span class='ocrx_word' id='word_1_43' title='bbox 751 658 1057 735; x_wconf 79' lang='grc' dir='ltr'><strong>ὁμοδούλων</strong></span> <span class='ocrx_word' id='word_1_44' title='bbox 1099 661 1305 741; x_wconf 81' lang='grc' dir='ltr'>χρείας,</span> <span class='ocrx_word' id='word_1_45' title='bbox 1340 666 1433 721; x_wconf 75' lang='grc' dir='ltr'><strong>οὐκ</strong></span> <span class='ocrx_word' id='word_1_46' title='bbox 1463 664 1535 727; x_wconf 82' lang='grc' dir='ltr'>εἷς</span> <span class='ocrx_word' id='word_1_47' title='bbox 1580 666 1773 727; x_wconf 78' lang='grc' dir='ltr'>οἰκείας</span> <span class='ocrx_word' id='word_1_48' title='bbox 1823 687 1949 743; x_wconf 84' lang='grc' dir='ltr'>τρυ-</span> 
     </span>
    </p>
   </div>
   <div class='ocr_carea' id='block_1_9' title="bbox 303 746 1953 829">
    <p class='ocr_par' dir='ltr' id='par_1_9' title="bbox 303 746 1953 829">
     <span class='ocr_line' id='line_1_9' title="bbox 303 746 1953 829; baseline 0.005 -27"><span class='ocrx_word' id='word_1_49' title='bbox 303 751 431 828; x_wconf 77' lang='grc' dir='ltr'>φάς·</span> <span class='ocrx_word' id='word_1_50' title='bbox 493 746 894 821; x_wconf 74' lang='grc' dir='ltr'>διαϐαλλόμενοι</span> <span class='ocrx_word' id='word_1_51' title='bbox 964 748 1018 806; x_wconf 84' lang='grc' dir='ltr'>δὲ</span> <span class='ocrx_word' id='word_1_52' title='bbox 1088 753 1174 807; x_wconf 81' lang='grc' dir='ltr'><strong>καὶ</strong></span> <span class='ocrx_word' id='word_1_53' title='bbox 1264 751 1549 827; x_wconf 86' lang='grc' dir='ltr'>μελλοντες</span> <span class='ocrx_word' id='word_1_54' title='bbox 1620 756 1953 829; x_wconf 74' lang='grc' dir='ltr'><strong>μεθίστασθαι</strong></span> 
     </span>
    </p>
   </div>
   <div class='ocr_carea' id='block_1_10' title="bbox 304 838 1952 921">
    <p class='ocr_par' dir='ltr' id='par_1_10' title="bbox 304 838 1952 921">
     <span class='ocr_line' id='line_1_10' title="bbox 304 838 1952 921; baseline 0.003 -28"><span class='ocrx_word' id='word_1_55' title='bbox 304 842 408 905; x_wconf 75' lang='grc' dir='ltr'>τῆς</span> <span class='ocrx_word' id='word_1_56' title='bbox 466 838 765 914; x_wconf 68' lang='grc' dir='ltr'>οἰκονομίας</span> <span class='ocrx_word' id='word_1_57' title='bbox 821 846 926 894; x_wconf 80' lang='grc' dir='ltr'><strong>τῶν</strong></span> <span class='ocrx_word' id='word_1_58' title='bbox 978 841 1300 921; x_wconf 83' lang='grc' dir='ltr'>χρημάτων,</span> <span class='ocrx_word' id='word_1_59' title='bbox 1334 840 1454 909; x_wconf 74' lang='grc' dir='ltr'>ἢτοι</span> <span class='ocrx_word' id='word_1_60' title='bbox 1497 849 1588 900; x_wconf 80' lang='grc' dir='ltr'>τοῦ</span> <span class='ocrx_word' id='word_1_61' title='bbox 1616 844 1730 919; x_wconf 87' lang='grc' dir='ltr'>βίου</span> <span class='ocrx_word' id='word_1_62' title='bbox 1772 844 1952 900; x_wconf 75' lang='grc' dir='ltr'>τούτου</span> 
     </span>
    </p>
   </div>
   <div class='ocr_carea' id='block_1_11' title="bbox 302 923 1950 1008">
    <p class='ocr_par' dir='ltr' id='par_1_11' title="bbox 302 923 1950 1008">
     <span class='ocr_line' id='line_1_11' title="bbox 302 923 1950 1008; baseline 0.009 -29"><span class='ocrx_word' id='word_1_63' title='bbox 302 923 674 1000; x_wconf 78' lang='grc' dir='ltr'>ἐκκόπτεσθαι,</span> <span class='ocrx_word' id='word_1_64' title='bbox 748 924 835 983; x_wconf 81' lang='grc' dir='ltr'><strong>ὅτε</strong></span> <span class='ocrx_word' id='word_1_65' title='bbox 897 924 1100 994; x_wconf 77' lang='grc' dir='ltr'>δηλαδὴ</span> <span class='ocrx_word' id='word_1_66' title='bbox 1151 928 1240 985; x_wconf 83' lang='grc' dir='ltr'><strong>καὶ</strong></span> <span class='ocrx_word' id='word_1_67' title='bbox 1311 927 1471 1008; x_wconf 87' lang='grc' dir='ltr'>λόγον</span> <span class='ocrx_word' id='word_1_68' title='bbox 1559 930 1795 1006; x_wconf 83' lang='grc' dir='ltr'>δώσομεν</span> <span class='ocrx_word' id='word_1_69' title='bbox 1852 935 1950 998; x_wconf 78' lang='grc' dir='ltr'><strong>τῆς</strong></span> 
     </span>
    </p>
   </div>
   <div class='ocr_carea' id='block_1_12' title="bbox 301 1015 1951 1101">
    <p class='ocr_par' dir='ltr' id='par_1_12' title="bbox 301 1015 1951 1101">
     <span class='ocr_line' id='line_1_12' title="bbox 301 1015 1951 1101; baseline 0.004 -33"><span class='ocrx_word' id='word_1_70' title='bbox 301 1015 604 1088; x_wconf 70' lang='grc' dir='ltr'><strong>οἰκονομίας</strong></span> <span class='ocrx_word' id='word_1_71' title='bbox 658 1016 792 1090; x_wconf 75' lang='grc' dir='ltr'>μετὰ</span> <span class='ocrx_word' id='word_1_72' title='bbox 849 1016 946 1084; x_wconf 75' lang='grc' dir='ltr'><strong>τὴν</strong></span> <span class='ocrx_word' id='word_1_73' title='bbox 1017 1015 1214 1074; x_wconf 82' lang='grc' dir='ltr'>ἐνθένδε</span> <span class='ocrx_word' id='word_1_74' title='bbox 1274 1019 1617 1100; x_wconf 81' lang='grc' dir='ltr'>μετάστασιν,</span> <span class='ocrx_word' id='word_1_75' title='bbox 1649 1020 1737 1076; x_wconf 78' lang='grc' dir='ltr'>ἐὰν</span> <span class='ocrx_word' id='word_1_76' title='bbox 1766 1021 1951 1101; x_wconf 77' lang='grc' dir='ltr'>φρόνι-</span> 
     </span>
    </p>
   </div>
   <div class='ocr_carea' id='block_1_13' title="bbox 299 1103 1952 1187">
    <p class='ocr_par' dir='ltr' id='par_1_13' title="bbox 299 1103 1952 1187">
     <span class='ocr_line' id='line_1_13' title="bbox 299 1103 1952 1187; baseline 0.004 -29"><span class='ocrx_word' id='word_1_77' title='bbox 299 1124 393 1177; x_wconf 85' lang='grc' dir='ltr'><strong>μοι</strong></span> <span class='ocrx_word' id='word_1_78' title='bbox 466 1104 636 1183; x_wconf 82' lang='grc' dir='ltr'>ὦμεν,</span> <span class='ocrx_word' id='word_1_79' title='bbox 698 1103 1117 1181; x_wconf 71' lang='grc' dir='ltr'>ἑπαισθανόμεθα</span> <span class='ocrx_word' id='word_1_80' title='bbox 1187 1108 1286 1183; x_wconf 75' lang='grc' dir='ltr'><strong>ὀψὲ</strong></span> <span class='ocrx_word' id='word_1_81' title='bbox 1316 1114 1439 1186; x_wconf 81' lang='grc' dir='ltr'>γοῦν</span> <span class='ocrx_word' id='word_1_82' title='bbox 1470 1117 1565 1165; x_wconf 80' lang='grc' dir='ltr'>τοῦ</span> <span class='ocrx_word' id='word_1_83' title='bbox 1603 1108 1831 1187; x_wconf 75' lang='grc' dir='ltr'>δέοντος,</span> <span class='ocrx_word' id='word_1_84' title='bbox 1865 1111 1952 1167; x_wconf 83' lang='grc' dir='ltr'><strong>καὶ</strong></span> 
     </span>
    </p>
   </div>
   <div class='ocr_carea' id='block_1_14' title="bbox 298 1194 1944 1275">
    <p class='ocr_par' dir='ltr' id='par_1_14' title="bbox 298 1194 1944 1275">
     <span class='ocr_line' id='line_1_14' title="bbox 298 1194 1944 1275; baseline 0.005 -28"><span class='ocrx_word' id='word_1_85' title='bbox 298 1198 556 1268; x_wconf 80' lang='grc' dir='ltr'>ποιοῦμεν</span> <span class='ocrx_word' id='word_1_86' title='bbox 613 1195 749 1269; x_wconf 77' lang='grc' dir='ltr'>ἡμῖν</span> <span class='ocrx_word' id='word_1_87' title='bbox 804 1194 1018 1258; x_wconf 80' lang='grc' dir='ltr'>ἑαυτοῖς</span> <span class='ocrx_word' id='word_1_88' title='bbox 1076 1194 1258 1275; x_wconf 75' lang='grc' dir='ltr'>φίλους</span> <span class='ocrx_word' id='word_1_89' title='bbox 1316 1196 1375 1253; x_wconf 76' lang='grc' dir='ltr'>ἐκ</span> <span class='ocrx_word' id='word_1_90' title='bbox 1440 1205 1546 1254; x_wconf 75' lang='grc' dir='ltr'>τῶν</span> <span class='ocrx_word' id='word_1_91' title='bbox 1600 1201 1699 1266; x_wconf 80' lang='grc' dir='ltr'><strong>τῆς</strong></span> <span class='ocrx_word' id='word_1_92' title='bbox 1742 1197 1944 1263; x_wconf 77' lang='grc' dir='ltr'>ἀδικίας</span> 
     </span>
    </p>
   </div>
   <div class='ocr_carea' id='block_1_15' title="bbox 302 1280 1949 1364">
    <p class='ocr_par' dir='ltr' id='par_1_15' title="bbox 302 1280 1949 1364">
     <span class='ocr_line' id='line_1_15' title="bbox 302 1280 1949 1364; baseline -0.001 -18"><span class='ocrx_word' id='word_1_93' title='bbox 302 1282 627 1360; x_wconf 67' lang='grc' dir='ltr'>χρημάτων·</span> <span class='ocrx_word' id='word_1_94' title='bbox 703 1280 903 1347; x_wconf 75' lang='grc' dir='ltr'>ἀδικίας</span> <span class='ocrx_word' id='word_1_95' title='bbox 960 1283 1014 1340; x_wconf 77' lang='grc' dir='ltr'>δὲ</span> <span class='ocrx_word' id='word_1_96' title='bbox 1068 1287 1325 1363; x_wconf 76' lang='grc' dir='ltr'>χρήματα</span> <span class='ocrx_word' id='word_1_97' title='bbox 1354 1286 1536 1344; x_wconf 75' lang='grc' dir='ltr'>ἐκεῖνα</span> <span class='ocrx_word' id='word_1_98' title='bbox 1579 1288 1949 1364; x_wconf 81' lang='grc' dir='ltr'>ὀνομάζονται,</span> 
     </span>
    </p>
   </div>
   <div class='ocr_carea' id='block_1_16' title="bbox 2031 481 3673 566">
    <p class='ocr_par' dir='ltr' id='par_1_16' title="bbox 2031 481 3673 566">
     <span class='ocr_line' id='line_1_16' title="bbox 2031 481 3673 566; baseline 0.004 -25"><span class='ocrx_word' id='word_1_99' title='bbox 2031 482 2295 560; x_wconf 64' lang='lat' dir='ltr'><strong>proin-ias</strong></span> <span class='ocrx_word' id='word_1_100' title='bbox 2332 481 2615 546; x_wconf 82' lang='lat' dir='ltr'><strong>delicias:</strong></span> <span class='ocrx_word' id='word_1_101' title='bbox 2653 502 2829 564; x_wconf 89' lang='lat' dir='ltr'><strong>porro</strong></span> <span class='ocrx_word' id='word_1_102' title='bbox 2859 484 2959 566; x_wconf 86' lang='lat' dir='ltr'><strong>qui</strong></span> <span class='ocrx_word' id='word_1_103' title='bbox 2988 494 3343 548; x_wconf 73' lang='lat' dir='ltr'><strong>accusantur</strong></span> <span class='ocrx_word' id='word_1_104' title='bbox 3376 495 3435 547; x_wconf 92' lang='lat' dir='ltr'><strong>et</strong></span> <span class='ocrx_word' id='word_1_105' title='bbox 3484 486 3673 548; x_wconf 86' lang='lat' dir='ltr'><strong>desti-</strong></span> 
     </span>
    </p>
   </div>
   <div class='ocr_carea' id='block_1_17' title="bbox 2035 571 3678 657">
    <p class='ocr_par' dir='ltr' id='par_1_17' title="bbox 2035 571 3678 657">
     <span class='ocr_line' id='line_1_17' title="bbox 2035 571 3678 657; baseline 0.004 -27"><span class='ocrx_word' id='word_1_106' title='bbox 2035 578 2277 631; x_wconf 90' lang='lat' dir='ltr'><strong>tuuntur</strong></span> <span class='ocrx_word' id='word_1_107' title='bbox 2305 589 2337 631; x_wconf 78' lang='grc' dir='ltr'><strong>ιι</strong></span> <span class='ocrx_word' id='word_1_108' title='bbox 2363 571 2810 653; x_wconf 76' lang='lat' dir='ltr'><strong>dispensatione</strong></span> <span class='ocrx_word' id='word_1_109' title='bbox 2839 572 3201 644; x_wconf 89' lang='lat' dir='ltr'><strong>divitiarum,</strong></span> <span class='ocrx_word' id='word_1_110' title='bbox 3229 574 3290 635; x_wconf 86' lang='lat' dir='ltr'><strong>hi</strong></span> <span class='ocrx_word' id='word_1_111' title='bbox 3320 584 3457 637; x_wconf 89' lang='lat' dir='ltr'><strong>sunt</strong></span> <span class='ocrx_word' id='word_1_112' title='bbox 3477 577 3575 657; x_wconf 88' lang='lat' dir='ltr'><strong>qui</strong></span> <span class='ocrx_word' id='word_1_113' title='bbox 3607 594 3678 637; x_wconf 82' lang='lat' dir='ltr'><strong>ex</strong></span> 
     </span>
    </p>
   </div>
   <div class='ocr_carea' id='block_1_18' title="bbox 2034 660 3680 744">
    <p class='ocr_par' dir='ltr' id='par_1_18' title="bbox 2034 660 3680 744">
     <span class='ocr_line' id='line_1_18' title="bbox 2034 660 3680 744; baseline 0.003 -23"><span class='ocrx_word' id='word_1_114' title='bbox 2034 660 2146 722; x_wconf 85' lang='lat' dir='ltr'><strong>hac</strong></span> <span class='ocrx_word' id='word_1_115' title='bbox 2168 660 2281 722; x_wconf 89' lang='lat' dir='ltr'><strong>vita</strong></span> <span class='ocrx_word' id='word_1_116' title='bbox 2302 661 2614 740; x_wconf 80' lang='lat' dir='ltr'><strong>cmigrant.</strong></span> <span class='ocrx_word' id='word_1_117' title='bbox 2641 663 2875 744; x_wconf 83' lang='lat' dir='ltr'><strong>quando</strong></span> <span class='ocrx_word' id='word_1_118' title='bbox 2909 664 3136 726; x_wconf 76' lang='lat' dir='ltr'><strong>scilicet</strong></span> <span class='ocrx_word' id='word_1_119' title='bbox 3165 673 3225 726; x_wconf 87' lang='lat' dir='ltr'><strong>et</strong></span> <span class='ocrx_word' id='word_1_120' title='bbox 3254 666 3544 729; x_wconf 86' lang='lat' dir='ltr'><strong>rationem</strong></span> <span class='ocrx_word' id='word_1_121' title='bbox 3578 666 3680 727; x_wconf 89' lang='lat' dir='ltr'><strong>da-</strong></span> 
     </span>
    </p>
   </div>
   <div class='ocr_carea' id='block_1_19' title="bbox 2035 748 3679 832">
    <p class='ocr_par' dir='ltr' id='par_1_19' title="bbox 2035 748 3679 832">
     <span class='ocr_line' id='line_1_19' title="bbox 2035 748 3679 832; baseline 0.004 -22"><span class='ocrx_word' id='word_1_122' title='bbox 2035 748 2233 811; x_wconf 87' lang='lat' dir='ltr'><strong>bimus</strong></span> <span class='ocrx_word' id='word_1_123' title='bbox 2263 751 2336 812; x_wconf 90' lang='lat' dir='ltr'><strong>de</strong></span> <span class='ocrx_word' id='word_1_124' title='bbox 2368 751 2977 832; x_wconf 87' lang='lat' dir='ltr'><strong>dispensatione.cum</strong></span> <span class='ocrx_word' id='word_1_125' title='bbox 2999 754 3267 815; x_wconf 74' lang='lat' dir='ltr'><strong>destituti</strong></span> <span class='ocrx_word' id='word_1_126' title='bbox 3298 755 3679 820; x_wconf 90' lang='lat' dir='ltr'><strong>fuerimus.Si</strong></span> 
     </span>
    </p>
   </div>
   <div class='ocr_carea' id='block_1_20' title="bbox 2034 838 3678 926">
    <p class='ocr_par' dir='ltr' id='par_1_20' title="bbox 2034 838 3678 926">
     <span class='ocr_line' id='line_1_20' title="bbox 2034 838 3678 926; baseline 0.003 -27"><span class='ocrx_word' id='word_1_127' title='bbox 2034 838 2231 920; x_wconf 86' lang='lat' dir='ltr'><strong>itaque</strong></span> <span class='ocrx_word' id='word_1_128' title='bbox 2252 840 2571 919; x_wconf 85' lang='lat' dir='ltr'><strong>prudentes</strong></span> <span class='ocrx_word' id='word_1_129' title='bbox 2582 860 2774 904; x_wconf 88' lang='lat' dir='ltr'><strong>essem</strong></span> <span class='ocrx_word' id='word_1_130' title='bbox 2785 843 2973 916; x_wconf 90' lang='lat' dir='ltr'><strong>us,vel</strong></span> <span class='ocrx_word' id='word_1_131' title='bbox 2986 844 3153 906; x_wconf 87' lang='lat' dir='ltr'><strong>tarde</strong></span> <span class='ocrx_word' id='word_1_132' title='bbox 3166 850 3523 906; x_wconf 79' lang='lat' dir='ltr'><strong>sentiremus</strong></span> <span class='ocrx_word' id='word_1_133' title='bbox 3538 844 3678 926; x_wconf 91' lang='lat' dir='ltr'><strong>quid</strong></span> 
     </span>
    </p>
   </div>
   <div class='ocr_carea' id='block_1_21' title="bbox 2035 927 3681 1008">
    <p class='ocr_par' dir='ltr' id='par_1_21' title="bbox 2035 927 3681 1008">
     <span class='ocr_line' id='line_1_21' title="bbox 2035 927 3681 1008; baseline 0.003 -20"><span class='ocrx_word' id='word_1_134' title='bbox 2035 927 2187 990; x_wconf 89' lang='lat' dir='ltr'><strong>facto</strong></span> <span class='ocrx_word' id='word_1_135' title='bbox 2236 940 2472 1008; x_wconf 74' lang='lat' dir='ltr'><strong>opus,et</strong></span> <span class='ocrx_word' id='word_1_136' title='bbox 2509 930 2841 993; x_wconf 85' lang='lat' dir='ltr'><strong>faceremus</strong></span> <span class='ocrx_word' id='word_1_137' title='bbox 2888 931 3057 992; x_wconf 91' lang='lat' dir='ltr'><strong>nobis</strong></span> <span class='ocrx_word' id='word_1_138' title='bbox 3111 932 3335 993; x_wconf 85' lang='lat' dir='ltr'><strong>amicos</strong></span> <span class='ocrx_word' id='word_1_139' title='bbox 3366 952 3436 994; x_wconf 83' lang='lat' dir='ltr'><strong>ex</strong></span> <span class='ocrx_word' id='word_1_140' title='bbox 3464 933 3681 995; x_wconf 84' lang='lat' dir='ltr'><strong>divitiis</strong></span> 
     </span>
    </p>
   </div>
   <div class='ocr_carea' id='block_1_22' title="bbox 2034 1018 3682 1103">
    <p class='ocr_par' dir='ltr' id='par_1_22' title="bbox 2034 1018 3682 1103">
     <span class='ocr_line' id='line_1_22' title="bbox 2034 1018 3682 1103; baseline 0.002 -24"><span class='ocrx_word' id='word_1_141' title='bbox 2034 1018 2661 1098; x_wconf 69' lang='lat' dir='ltr'><strong>injustitiaa.Dicuntur</strong></span> <span class='ocrx_word' id='word_1_142' title='bbox 2688 1030 2884 1082; x_wconf 90' lang='lat' dir='ltr'><strong>autem</strong></span> <span class='ocrx_word' id='word_1_143' title='bbox 2916 1021 3140 1083; x_wconf 71' lang='lat' dir='ltr'><strong>divitiae</strong></span> <span class='ocrx_word' id='word_1_144' title='bbox 3167 1020 3493 1098; x_wconf 69' lang='lat' dir='ltr'><strong>injustitize,</strong></span> <span class='ocrx_word' id='word_1_145' title='bbox 3537 1040 3682 1103; x_wconf 87' lang='lat' dir='ltr'><strong>quas</strong></span> 
     </span>
    </p>
   </div>
   <div class='ocr_carea' id='block_1_23' title="bbox 2035 1105 3681 1172">
    <p class='ocr_par' dir='ltr' id='par_1_23' title="bbox 2035 1105 3681 1172">
     <span class='ocr_line' id='line_1_23' title="bbox 2035 1105 3681 1172; baseline 0.002 -4"><span class='ocrx_word' id='word_1_146' title='bbox 2035 1106 2209 1168; x_wconf 90' lang='lat' dir='ltr'><strong>nobis</strong></span> <span class='ocrx_word' id='word_1_147' title='bbox 2237 1105 2595 1172; x_wconf 90' lang='lat' dir='ltr'><strong>Dominusin</strong></span> <span class='ocrx_word' id='word_1_148' title='bbox 2621 1128 2763 1172; x_wconf 87' lang='lat' dir='ltr'><strong>usus</strong></span> <span class='ocrx_word' id='word_1_149' title='bbox 2783 1110 3027 1172; x_wconf 81' lang='lat' dir='ltr'><strong>fratrum</strong></span> <span class='ocrx_word' id='word_1_150' title='bbox 3051 1120 3108 1170; x_wconf 88' lang='lat' dir='ltr'><strong>et</strong></span> <span class='ocrx_word' id='word_1_151' title='bbox 3132 1129 3551 1172; x_wconf 87' lang='lat' dir='ltr'><strong>conservorum</strong></span> <span class='ocrx_word' id='word_1_152' title='bbox 3584 1112 3681 1172; x_wconf 86' lang='lat' dir='ltr'><strong>in-</strong></span> 
     </span>
    </p>
   </div>
   <div class='ocr_carea' id='block_1_24' title="bbox 2034 1197 3685 1279">
    <p class='ocr_par' dir='ltr' id='par_1_24' title="bbox 2034 1197 3685 1279">
     <span class='ocr_line' id='line_1_24' title="bbox 2034 1197 3685 1279; baseline 0.002 -22"><span class='ocrx_word' id='word_1_153' title='bbox 2034 1197 2354 1258; x_wconf 86' lang='lat' dir='ltr'><strong>sumendas</strong></span> <span class='ocrx_word' id='word_1_154' title='bbox 2386 1198 2567 1267; x_wconf 82' lang='lat' dir='ltr'><strong>dedit.</strong></span> <span class='ocrx_word' id='word_1_155' title='bbox 2605 1216 2711 1262; x_wconf 89' lang='lat' dir='ltr'><strong>nos</strong></span> <span class='ocrx_word' id='word_1_156' title='bbox 2746 1209 2946 1260; x_wconf 89' lang='lat' dir='ltr'><strong>autem</strong></span> <span class='ocrx_word' id='word_1_157' title='bbox 2978 1198 3149 1260; x_wconf 92' lang='lat' dir='ltr'><strong>nobis</strong></span> <span class='ocrx_word' id='word_1_158' title='bbox 3189 1200 3486 1279; x_wconf 88' lang='lat' dir='ltr'><strong>depositas</strong></span> <span class='ocrx_word' id='word_1_159' title='bbox 3517 1208 3685 1261; x_wconf 87' lang='lat' dir='ltr'><strong>tene-</strong></span> 
     </span>
    </p>
   </div>
   <div class='ocr_carea' id='block_1_25' title="bbox 2039 1286 3688 1369">
    <p class='ocr_par' dir='ltr' id='par_1_25' title="bbox 2039 1286 3688 1369">
     <span class='ocr_line' id='line_1_25' title="bbox 2039 1286 3688 1369; baseline 0.002 -24"><span class='ocrx_word' id='word_1_160' title='bbox 2039 1303 2192 1348; x_wconf 91' lang='lat' dir='ltr'><strong>mus.</strong></span> <span class='ocrx_word' id='word_1_161' title='bbox 2230 1286 2445 1346; x_wconf 86' lang='lat' dir='ltr'><strong>Verum</strong></span> <span class='ocrx_word' id='word_1_162' title='bbox 2473 1286 2561 1348; x_wconf 85' lang='lat' dir='ltr'><strong>vel</strong></span> <span class='ocrx_word' id='word_1_163' title='bbox 2594 1286 2761 1349; x_wconf 88' lang='lat' dir='ltr'><strong>tarde</strong></span> <span class='ocrx_word' id='word_1_164' title='bbox 2804 1288 3131 1349; x_wconf 66' lang='lat' dir='ltr'><strong>sentiamus</strong></span> <span class='ocrx_word' id='word_1_165' title='bbox 3164 1307 3278 1369; x_wconf 87' lang='lat' dir='ltr'><strong>quo</strong></span> <span class='ocrx_word' id='word_1_166' title='bbox 3312 1289 3597 1363; x_wconf 82' lang='lat' dir='ltr'><strong>feramur,</strong></span> <span class='ocrx_word' id='word_1_167' title='bbox 3632 1297 3688 1349; x_wconf 92' lang='lat' dir='ltr'><strong>et</strong></span> 
     </span>
    </p>
   </div>
   <div class='ocr_carea' id='block_1_26' title="bbox 304 1371 1968 1458">
    <p class='ocr_par' dir='ltr' id='par_1_26' title="bbox 304 1371 1956 1458">
     <span class='ocr_line' id='line_1_26' title="bbox 304 1371 1956 1458; baseline 0.006 -33"><span class='ocrx_word' id='word_1_168' title='bbox 304 1393 406 1426; x_wconf 77' lang='grc' dir='ltr'><strong>οσα</strong></span> <span class='ocrx_word' id='word_1_169' title='bbox 463 1372 646 1458; x_wconf 76' lang='grc' dir='ltr'>ὃμὲν</span> <span class='ocrx_word' id='word_1_170' title='bbox 701 1373 891 1450; x_wconf 79' lang='grc' dir='ltr'>Κύριος</span> <span class='ocrx_word' id='word_1_171' title='bbox 942 1371 1181 1430; x_wconf 77' lang='grc' dir='ltr'><strong>¹δέδωκεν</strong></span> <span class='ocrx_word' id='word_1_172' title='bbox 1250 1374 1625 1433; x_wconf 74' lang='grc' dir='ltr'>ἀναλίσκεσθαι</span> <span class='ocrx_word' id='word_1_173' title='bbox 1656 1379 1729 1440; x_wconf 79' lang='grc' dir='ltr'><strong>εἰς</strong></span> <span class='ocrx_word' id='word_1_174' title='bbox 1771 1379 1956 1458; x_wconf 74' lang='grc' dir='ltr'>χρείας</span> 
     </span>
    </p>
   </div>
   <div class='ocr_carea' id='block_1_27' title="bbox 2051 1371 3687 1458">
    <p class='ocr_par' dir='ltr' id='par_1_27' title="bbox 2051 1375 3687 1458">
     <span class='ocr_line' id='line_1_27' title="bbox 2051 1375 3687 1458; baseline 0.002 -24"><span class='ocrx_word' id='word_1_175' title='bbox 2051 1378 2197 1453; x_wconf 78' lang='lat' dir='ltr'><strong>quod</strong></span> <span class='ocrx_word' id='word_1_176' title='bbox 2229 1392 2364 1436; x_wconf 91' lang='lat' dir='ltr'><strong>cum</strong></span> <span class='ocrx_word' id='word_1_177' title='bbox 2392 1375 2521 1437; x_wconf 79' lang='lat' dir='ltr'><strong>dies</strong></span> <span class='ocrx_word' id='word_1_178' title='bbox 2552 1376 2650 1437; x_wconf 90' lang='lat' dir='ltr'><strong>illa</strong></span> <span class='ocrx_word' id='word_1_179' title='bbox 2677 1376 2932 1457; x_wconf 83' lang='lat' dir='ltr'><strong>venerit,</strong></span> <span class='ocrx_word' id='word_1_180' title='bbox 2967 1394 3163 1456; x_wconf 89' lang='lat' dir='ltr'><strong>neque</strong></span> <span class='ocrx_word' id='word_1_181' title='bbox 3194 1376 3471 1438; x_wconf 87' lang='lat' dir='ltr'><strong>laborare</strong></span> <span class='ocrx_word' id='word_1_182' title='bbox 3513 1384 3687 1458; x_wconf 88' lang='lat' dir='ltr'><strong>pote-</strong></span> 
     </span>
    </p>
   </div>
   <div class='ocr_carea' id='block_1_28' title="bbox 305 1457 1968 1546">
    <p class='ocr_par' dir='ltr' id='par_1_28' title="bbox 305 1457 1959 1540">
     <span class='ocr_line' id='line_1_28' title="bbox 305 1457 1959 1540; baseline 0.005 -24"><span class='ocrx_word' id='word_1_183' title='bbox 305 1467 417 1516; x_wconf 83' lang='grc' dir='ltr'>τῶν</span> <span class='ocrx_word' id='word_1_184' title='bbox 474 1457 736 1539; x_wconf 71' lang='grc' dir='ltr'>ἀδελφῶν,</span> <span class='ocrx_word' id='word_1_185' title='bbox 796 1462 885 1517; x_wconf 84' lang='grc' dir='ltr'>καὶ</span> <span class='ocrx_word' id='word_1_186' title='bbox 943 1460 1268 1537; x_wconf 80' lang='grc' dir='ltr'>ὁμοδούλων,</span> <span class='ocrx_word' id='word_1_187' title='bbox 1328 1463 1491 1540; x_wconf 73' lang='grc' dir='ltr'>ἤμεϊς</span> <span class='ocrx_word' id='word_1_188' title='bbox 1520 1462 1576 1521; x_wconf 71' lang='grc' dir='ltr'>δὲ</span> <span class='ocrx_word' id='word_1_189' title='bbox 1607 1466 1817 1530; x_wconf 71' lang='grc' dir='ltr'>ἑαυτοῖς</span> <span class='ocrx_word' id='word_1_190' title='bbox 1847 1490 1959 1524; x_wconf 88' lang='grc' dir='ltr'>πα-</span> 
     </span>
    </p>
   </div>
   <div class='ocr_carea' id='block_1_29' title="bbox 2051 1457 3690 1546">
    <p class='ocr_par' dir='ltr' id='par_1_29' title="bbox 2051 1457 3690 1546">
     <span class='ocr_line' id='line_1_29' title="bbox 2051 1457 3690 1546; baseline 0.002 -22"><span class='ocrx_word' id='word_1_191' title='bbox 2051 1461 2383 1525; x_wconf 76' lang='lat' dir='ltr'><strong>rimus.Non</strong></span> <span class='ocrx_word' id='word_1_192' title='bbox 2407 1465 2567 1526; x_wconf 91' lang='lat' dir='ltr'><strong>enim</strong></span> <span class='ocrx_word' id='word_1_193' title='bbox 2601 1475 2739 1527; x_wconf 91' lang='lat' dir='ltr'><strong>tunc</strong></span> <span class='ocrx_word' id='word_1_194' title='bbox 2771 1467 2884 1527; x_wconf 90' lang='lat' dir='ltr'><strong>erit</strong></span> <span class='ocrx_word' id='word_1_195' title='bbox 2914 1466 3199 1546; x_wconf 88' lang='lat' dir='ltr'><strong>operandi</strong></span> <span class='ocrx_word' id='word_1_196' title='bbox 3232 1457 3690 1546; x_wconf 87' lang='lat' dir='ltr'><strong>tempus,neque</strong></span> 
     </span>
    </p>
   </div>
   <div class='ocr_carea' id='block_1_30' title="bbox 309 1549 1968 1636">
    <p class='ocr_par' dir='ltr' id='par_1_30' title="bbox 309 1549 1964 1636">
     <span class='ocr_line' id='line_1_30' title="bbox 309 1549 1964 1636; baseline 0.006 -31"><span class='ocrx_word' id='word_1_197' title='bbox 309 1549 739 1630; x_wconf 83' lang='grc' dir='ltr'>ρακατὲσχομεν.</span> <span class='ocrx_word' id='word_1_198' title='bbox 801 1549 950 1608; x_wconf 84' lang='grc' dir='ltr'>Ἀλλ’</span> <span class='ocrx_word' id='word_1_199' title='bbox 1008 1552 1107 1627; x_wconf 76' lang='grc' dir='ltr'><strong>ὀψὲ</strong></span> <span class='ocrx_word' id='word_1_200' title='bbox 1164 1564 1287 1633; x_wconf 78' lang='grc' dir='ltr'>γοῦν</span> <span class='ocrx_word' id='word_1_201' title='bbox 1378 1556 1797 1636; x_wconf 84' lang='grc' dir='ltr'>συναισθώμεθα,</span> <span class='ocrx_word' id='word_1_202' title='bbox 1865 1579 1964 1622; x_wconf 74' lang='grc' dir='ltr'><strong>ποῖ</strong></span> 
     </span>
    </p>
   </div>
   <div class='ocr_carea' id='block_1_31' title="bbox 2051 1549 3688 1636">
    <p class='ocr_par' dir='ltr' id='par_1_31' title="bbox 2051 1553 3688 1618">
     <span class='ocr_line' id='line_1_31' title="bbox 2051 1553 3688 1618; baseline 0.002 -6"><span class='ocrx_word' id='word_1_203' title='bbox 2051 1560 2185 1614; x_wconf 93' lang='lat' dir='ltr'><strong>tunc</strong></span> <span class='ocrx_word' id='word_1_204' title='bbox 2210 1553 2521 1615; x_wconf 91' lang='lat' dir='ltr'><strong>honestum</strong></span> <span class='ocrx_word' id='word_1_205' title='bbox 2572 1554 2685 1616; x_wconf 84' lang='lat' dir='ltr'><strong>erit</strong></span> <span class='ocrx_word' id='word_1_206' title='bbox 2717 1555 3062 1618; x_wconf 84' lang='lat' dir='ltr'><strong>mendicare</strong></span> <span class='ocrx_word' id='word_1_207' title='bbox 3097 1558 3111 1618; x_wconf 73' lang='grc' dir='ltr'>ξ</span> <span class='ocrx_word' id='word_1_208' title='bbox 3153 1554 3349 1617; x_wconf 68' lang='lat' dir='ltr'><strong>stulta:</strong></span> <span class='ocrx_word' id='word_1_209' title='bbox 3375 1555 3535 1616; x_wconf 89' lang='lat' dir='ltr'><strong>enim</strong></span> <span class='ocrx_word' id='word_1_210' title='bbox 3564 1556 3688 1616; x_wconf 86' lang='lat' dir='ltr'><strong>vir-</strong></span> 
     </span>
    </p>
   </div>
   <div class='ocr_carea' id='block_1_32' title="bbox 311 1638 1968 1725">
    <p class='ocr_par' dir='ltr' id='par_1_32' title="bbox 311 1638 1962 1723">
     <span class='ocr_line' id='line_1_32' title="bbox 311 1638 1962 1723; baseline 0.004 -29"><span class='ocrx_word' id='word_1_211' title='bbox 311 1638 598 1719; x_wconf 72' lang='grc' dir='ltr'>φερόμεθα,</span> <span class='ocrx_word' id='word_1_212' title='bbox 676 1642 763 1696; x_wconf 87' lang='grc' dir='ltr'>καὶ</span> <span class='ocrx_word' id='word_1_213' title='bbox 819 1638 899 1696; x_wconf 81' lang='grc' dir='ltr'><strong>ὅτι</strong></span> <span class='ocrx_word' id='word_1_214' title='bbox 958 1641 1012 1697; x_wconf 84' lang='grc' dir='ltr'>ἐν</span> <span class='ocrx_word' id='word_1_215' title='bbox 1041 1648 1110 1719; x_wconf 77' lang='grc' dir='ltr'><strong>τῇ</strong></span> <span class='ocrx_word' id='word_1_216' title='bbox 1140 1642 1317 1721; x_wconf 77' lang='grc' dir='ltr'>ἡμέρᾳ</span> <span class='ocrx_word' id='word_1_217' title='bbox 1347 1644 1521 1722; x_wconf 74' lang='grc' dir='ltr'>ἐκείνῃ</span> <span class='ocrx_word' id='word_1_218' title='bbox 1570 1644 1687 1703; x_wconf 65' lang='grc' dir='ltr'>οὔτε</span> <span class='ocrx_word' id='word_1_219' title='bbox 1741 1647 1962 1723; x_wconf 75' lang='grc' dir='ltr'>κάμνειν</span> 
     </span>
    </p>
   </div>
   <div class='ocr_carea' id='block_1_33' title="bbox 2051 1638 3688 1725">
    <p class='ocr_par' dir='ltr' id='par_1_33' title="bbox 2051 1643 3688 1725">
     <span class='ocr_line' id='line_1_33' title="bbox 2051 1643 3688 1725; baseline 0.001 -22"><span class='ocrx_word' id='word_1_220' title='bbox 2051 1643 2212 1721; x_wconf 84' lang='lat' dir='ltr'><strong>gines</strong></span> <span class='ocrx_word' id='word_1_221' title='bbox 2244 1643 2479 1704; x_wconf 87' lang='lat' dir='ltr'><strong>dicutur</strong></span> <span class='ocrx_word' id='word_1_222' title='bbox 2526 1663 2657 1725; x_wconf 74' lang='lat' dir='ltr'><strong>qua:</strong></span> <span class='ocrx_word' id='word_1_223' title='bbox 2707 1644 3093 1705; x_wconf 82' lang='lat' dir='ltr'><strong>mendicant:</strong></span> <span class='ocrx_word' id='word_1_224' title='bbox 3136 1643 3275 1724; x_wconf 88' lang='lat' dir='ltr'><strong>quid</strong></span> <span class='ocrx_word' id='word_1_225' title='bbox 3320 1644 3496 1723; x_wconf 81' lang='lat' dir='ltr'><strong>igitur</strong></span> <span class='ocrx_word' id='word_1_226' title='bbox 3541 1643 3688 1705; x_wconf 88' lang='lat' dir='ltr'><strong>reli-</strong></span> 
     </span>
    </p>
   </div>
   <div class='ocr_carea' id='block_1_34' title="bbox 308 1726 1968 1814">
    <p class='ocr_par' dir='ltr' id='par_1_34' title="bbox 308 1726 1961 1814">
     <span class='ocr_line' id='line_1_34' title="bbox 308 1726 1961 1814; baseline 0.006 -31"><span class='ocrx_word' id='word_1_227' title='bbox 308 1726 596 1804; x_wconf 82' lang='grc' dir='ltr'>δυνάμεθα·</span> <span class='ocrx_word' id='word_1_228' title='bbox 668 1731 919 1808; x_wconf 70' lang='grc' dir='ltr'>ἓργασίας</span> <span class='ocrx_word' id='word_1_229' title='bbox 983 1732 1084 1809; x_wconf 80' lang='grc' dir='ltr'><strong>γὰρ</strong></span> <span class='ocrx_word' id='word_1_230' title='bbox 1142 1736 1236 1791; x_wconf 70' lang='grc' dir='ltr'><strong>οὐκ</strong></span> <span class='ocrx_word' id='word_1_231' title='bbox 1290 1732 1401 1791; x_wconf 80' lang='grc' dir='ltr'>ἔστι</span> <span class='ocrx_word' id='word_1_232' title='bbox 1460 1736 1578 1791; x_wconf 86' lang='grc' dir='ltr'>τότε</span> <span class='ocrx_word' id='word_1_233' title='bbox 1608 1736 1811 1814; x_wconf 85' lang='grc' dir='ltr'>καιρός·</span> <span class='ocrx_word' id='word_1_234' title='bbox 1846 1736 1961 1793; x_wconf 73' lang='grc' dir='ltr'>οὔτε</span> 
     </span>
    </p>
   </div>
   <div class='ocr_carea' id='block_1_35' title="bbox 2051 1726 3688 1814">
    <p class='ocr_par' dir='ltr' id='par_1_35' title="bbox 2051 1732 3688 1812">
     <span class='ocr_line' id='line_1_35' title="bbox 2051 1732 3688 1812; baseline 0 -20"><span class='ocrx_word' id='word_1_235' title='bbox 2051 1751 2251 1812; x_wconf 91' lang='lat' dir='ltr'><strong>quum,</strong></span> <span class='ocrx_word' id='word_1_236' title='bbox 2282 1751 2456 1812; x_wconf 89' lang='lat' dir='ltr'><strong>quam</strong></span> <span class='ocrx_word' id='word_1_237' title='bbox 2490 1741 2551 1793; x_wconf 92' lang='lat' dir='ltr'><strong>ut</strong></span> <span class='ocrx_word' id='word_1_238' title='bbox 2583 1744 2789 1796; x_wconf 79' lang='lat' dir='ltr'><strong>narum</strong></span> <span class='ocrx_word' id='word_1_239' title='bbox 2823 1732 3160 1794; x_wconf 87' lang='lat' dir='ltr'><strong>divitiarum</strong></span> <span class='ocrx_word' id='word_1_240' title='bbox 3203 1732 3413 1793; x_wconf 77' lang='lat' dir='ltr'><strong>fratres</strong></span> <span class='ocrx_word' id='word_1_241' title='bbox 3443 1732 3688 1812; x_wconf 87' lang='lat' dir='ltr'><strong>partici-</strong></span> 
     </span>
    </p>
   </div>
   <div class='ocr_carea' id='block_1_36' title="bbox 305 1819 1968 1904">
    <p class='ocr_par' dir='ltr' id='par_1_36' title="bbox 305 1819 1961 1902">
     <span class='ocr_line' id='line_1_36' title="bbox 305 1819 1961 1902; baseline 0.006 -30"><span class='ocrx_word' id='word_1_242' title='bbox 305 1819 551 1874; x_wconf 68' lang='grc' dir='ltr'>επαιτεῖν</span> <span class='ocrx_word' id='word_1_243' title='bbox 607 1821 887 1897; x_wconf 70' lang='grc' dir='ltr'>εὐπρεπές·</span> <span class='ocrx_word' id='word_1_244' title='bbox 953 1822 1123 1897; x_wconf 82' lang='grc' dir='ltr'>μωραὶ</span> <span class='ocrx_word' id='word_1_245' title='bbox 1193 1823 1293 1902; x_wconf 81' lang='grc' dir='ltr'>γὰρ</span> <span class='ocrx_word' id='word_1_246' title='bbox 1352 1826 1401 1880; x_wconf 77' lang='grc' dir='ltr'>αἱ</span> <span class='ocrx_word' id='word_1_247' title='bbox 1432 1824 1674 1901; x_wconf 82' lang='grc' dir='ltr'>παρθένοι</span> <span class='ocrx_word' id='word_1_248' title='bbox 1708 1827 1759 1881; x_wconf 80' lang='grc' dir='ltr'>αἶ</span> <span class='ocrx_word' id='word_1_249' title='bbox 1803 1825 1961 1882; x_wconf 79' lang='grc' dir='ltr'>ἐπαι-</span> 
     </span>
    </p>
   </div>
   <div class='ocr_carea' id='block_1_37' title="bbox 2051 1819 3689 1904">
    <p class='ocr_par' dir='ltr' id='par_1_37' title="bbox 2051 1820 3689 1904">
     <span class='ocr_line' id='line_1_37' title="bbox 2051 1820 3689 1904; baseline 0 -23"><span class='ocrx_word' id='word_1_250' title='bbox 2051 1838 2153 1900; x_wconf 91' lang='lat' dir='ltr'><strong>pes</strong></span> <span class='ocrx_word' id='word_1_251' title='bbox 2196 1820 2500 1902; x_wconf 83' lang='lat' dir='ltr'><strong>faciamus,</strong></span> <span class='ocrx_word' id='word_1_252' title='bbox 2532 1830 2598 1883; x_wconf 89' lang='lat' dir='ltr'><strong>ut</strong></span> <span class='ocrx_word' id='word_1_253' title='bbox 2643 1822 2881 1904; x_wconf 91' lang='lat' dir='ltr'><strong>quando</strong></span> <span class='ocrx_word' id='word_1_254' title='bbox 2930 1821 3070 1884; x_wconf 89' lang='lat' dir='ltr'><strong>hinc</strong></span> <span class='ocrx_word' id='word_1_255' title='bbox 3100 1822 3522 1895; x_wconf 83' lang='lat' dir='ltr'><strong>defecerimus,</strong></span> <span class='ocrx_word' id='word_1_256' title='bbox 3578 1822 3689 1882; x_wconf 90' lang='lat' dir='ltr'><strong>hoc</strong></span> 
     </span>
    </p>
   </div>
   <div class='ocr_carea' id='block_1_38' title="bbox 306 1908 1960 1991">
    <p class='ocr_par' dir='ltr' id='par_1_38' title="bbox 306 1908 1960 1991">
     <span class='ocr_line' id='line_1_38' title="bbox 306 1908 1960 1991; baseline 0.005 -29"><span class='ocrx_word' id='word_1_257' title='bbox 306 1908 536 1977; x_wconf 77' lang='grc' dir='ltr'>τήσασαι</span> <span class='ocrx_word' id='word_1_258' title='bbox 587 1909 957 1984; x_wconf 77' lang='grc' dir='ltr'>ὀνομάζονται.</span> <span class='ocrx_word' id='word_1_259' title='bbox 1014 1911 1076 1967; x_wconf 88' lang='grc' dir='ltr'>Τί</span> <span class='ocrx_word' id='word_1_260' title='bbox 1114 1912 1286 1968; x_wconf 83' lang='grc' dir='ltr'>τοίνυν</span> <span class='ocrx_word' id='word_1_261' title='bbox 1330 1911 1564 1988; x_wconf 81' lang='grc' dir='ltr'>λοιπόν;</span> <span class='ocrx_word' id='word_1_262' title='bbox 1625 1916 1696 1972; x_wconf 87' lang='grc' dir='ltr'>Τὸ</span> <span class='ocrx_word' id='word_1_263' title='bbox 1748 1937 1960 1991; x_wconf 84' lang='grc' dir='ltr'>συμμε-</span> 
     </span>
    </p>
   </div>
   <div class='ocr_carea' id='block_1_39' title="bbox 310 1996 1960 2083">
    <p class='ocr_par' dir='ltr' id='par_1_39' title="bbox 310 1996 1960 2083">
     <span class='ocr_line' id='line_1_39' title="bbox 310 1996 1960 2083; baseline 0.007 -33"><span class='ocrx_word' id='word_1_264' title='bbox 310 1996 495 2073; x_wconf 79' lang='grc' dir='ltr'>ριστὰς</span> <span class='ocrx_word' id='word_1_265' title='bbox 540 1997 765 2065; x_wconf 68' lang='grc' dir='ltr'>ποιῆσαι</span> <span class='ocrx_word' id='word_1_266' title='bbox 798 2006 904 2055; x_wconf 78' lang='grc' dir='ltr'>τῶν</span> <span class='ocrx_word' id='word_1_267' title='bbox 936 2001 1239 2079; x_wconf 85' lang='grc' dir='ltr'>χρημάτων</span> <span class='ocrx_word' id='word_1_268' title='bbox 1286 2003 1483 2059; x_wconf 79' lang='grc' dir='ltr'>τούτων</span> <span class='ocrx_word' id='word_1_269' title='bbox 1515 2004 1637 2067; x_wconf 84' lang='grc' dir='ltr'>τοὺς</span> <span class='ocrx_word' id='word_1_270' title='bbox 1682 2001 1960 2083; x_wconf 71' lang='grc' dir='ltr'>ἀδελφοὺς,</span> 
     </span>
    </p>
   </div>
   <div class='ocr_carea' id='block_1_40' title="bbox 308 2084 1962 2172">
    <p class='ocr_par' dir='ltr' id='par_1_40' title="bbox 308 2084 1962 2172">
     <span class='ocr_line' id='line_1_40' title="bbox 308 2084 1962 2172; baseline 0.005 -32"><span class='ocrx_word' id='word_1_271' title='bbox 308 2084 391 2141; x_wconf 64' lang='grc' dir='ltr'>ἵν’</span> <span class='ocrx_word' id='word_1_272' title='bbox 419 2085 544 2144; x_wconf 77' lang='grc' dir='ltr'>ὅταν</span> <span class='ocrx_word' id='word_1_273' title='bbox 589 2086 892 2164; x_wconf 75' lang='grc' dir='ltr'>ἐκλίπωμεν</span> <span class='ocrx_word' id='word_1_274' title='bbox 936 2089 1192 2153; x_wconf 75' lang='grc' dir='ltr'>ἐντεῦθεν.</span> <span class='ocrx_word' id='word_1_275' title='bbox 1226 2091 1519 2172; x_wconf 70' lang='grc' dir='ltr'><strong>τουτέστιν,</strong></span> <span class='ocrx_word' id='word_1_276' title='bbox 1565 2092 1672 2149; x_wconf 78' lang='grc' dir='ltr'><strong>ἀπὸ</strong></span> <span class='ocrx_word' id='word_1_277' title='bbox 1713 2104 1804 2152; x_wconf 79' lang='grc' dir='ltr'>τοῦ</span> <span class='ocrx_word' id='word_1_278' title='bbox 1850 2094 1962 2169; x_wconf 85' lang='grc' dir='ltr'>βίου</span> 
     </span>
    </p>
   </div>
   <div class='ocr_carea' id='block_1_41' title="bbox 313 2174 1961 2257">
    <p class='ocr_par' dir='ltr' id='par_1_41' title="bbox 313 2174 1961 2257">
     <span class='ocr_line' id='line_1_41' title="bbox 313 2174 1961 2257; baseline 0.005 -27"><span class='ocrx_word' id='word_1_279' title='bbox 313 2174 498 2231; x_wconf 82' lang='grc' dir='ltr'>τούτου</span> <span class='ocrx_word' id='word_1_280' title='bbox 567 2175 959 2257; x_wconf 78' lang='grc' dir='ltr'>ἀναχωρῶμεν,</span> <span class='ocrx_word' id='word_1_281' title='bbox 1017 2177 1263 2245; x_wconf 83' lang='grc' dir='ltr'>δέξωνται</span> <span class='ocrx_word' id='word_1_282' title='bbox 1319 2183 1463 2257; x_wconf 74' lang='grc' dir='ltr'>ἡμᾶς</span> <span class='ocrx_word' id='word_1_283' title='bbox 1534 2183 1581 2238; x_wconf 73' lang='grc' dir='ltr'>οἱ</span> <span class='ocrx_word' id='word_1_284' title='bbox 1630 2183 1854 2249; x_wconf 82' lang='grc' dir='ltr'>πένητες</span> <span class='ocrx_word' id='word_1_285' title='bbox 1888 2185 1961 2246; x_wconf 80' lang='grc' dir='ltr'>εἰς</span> 
     </span>
    </p>
   </div>
   <div class='ocr_carea' id='block_1_42' title="bbox 315 2266 1961 2350">
    <p class='ocr_par' dir='ltr' id='par_1_42' title="bbox 315 2266 1961 2350">
     <span class='ocr_line' id='line_1_42' title="bbox 315 2266 1961 2350; baseline 0.005 -31"><span class='ocrx_word' id='word_1_286' title='bbox 315 2266 410 2328; x_wconf 71' lang='grc' dir='ltr'><strong>τὰς</strong></span> <span class='ocrx_word' id='word_1_287' title='bbox 470 2266 710 2331; x_wconf 81' lang='grc' dir='ltr'>αἰωνίους</span> <span class='ocrx_word' id='word_1_288' title='bbox 766 2270 987 2335; x_wconf 72' lang='grc' dir='ltr'>σκηνάςσ</span> <span class='ocrx_word' id='word_1_289' title='bbox 1036 2282 1151 2335; x_wconf 73' lang='grc' dir='ltr'>τοῖς</span> <span class='ocrx_word' id='word_1_290' title='bbox 1194 2271 1296 2350; x_wconf 75' lang='grc' dir='ltr'>γὰρ</span> <span class='ocrx_word' id='word_1_291' title='bbox 1325 2270 1377 2327; x_wconf 79' lang='grc' dir='ltr'>ἒν</span> <span class='ocrx_word' id='word_1_292' title='bbox 1410 2279 1620 2350; x_wconf 82' lang='grc' dir='ltr'>Χριστῷ</span> <span class='ocrx_word' id='word_1_293' title='bbox 1648 2273 1870 2340; x_wconf 78' lang='grc' dir='ltr'>πένησιν</span> <span class='ocrx_word' id='word_1_294' title='bbox 1911 2273 1961 2328; x_wconf 71' lang='grc' dir='ltr'>αἱ</span> 
     </span>
    </p>
   </div>
   <div class='ocr_carea' id='block_1_43' title="bbox 319 2354 1962 2439">
    <p class='ocr_par' dir='ltr' id='par_1_43' title="bbox 319 2354 1962 2439">
     <span class='ocr_line' id='line_1_43' title="bbox 319 2354 1962 2439; baseline 0.005 -31"><span class='ocrx_word' id='word_1_295' title='bbox 319 2354 523 2409; x_wconf 77' lang='grc' dir='ltr'>αἰώνιαι</span> <span class='ocrx_word' id='word_1_296' title='bbox 574 2357 766 2423; x_wconf 82' lang='grc' dir='ltr'>σκηναὶ</span> <span class='ocrx_word' id='word_1_297' title='bbox 824 2356 1307 2439; x_wconf 79' lang='grc' dir='ltr'>ἀπεκληρώθησαν,</span> <span class='ocrx_word' id='word_1_298' title='bbox 1365 2362 1439 2424; x_wconf 79' lang='grc' dir='ltr'>εἷς</span> <span class='ocrx_word' id='word_1_299' title='bbox 1498 2360 1559 2423; x_wconf 74' lang='grc' dir='ltr'><strong>ἂς</strong></span> <span class='ocrx_word' id='word_1_300' title='bbox 1605 2360 1843 2417; x_wconf 73' lang='grc' dir='ltr'>δύνανται</span> <span class='ocrx_word' id='word_1_301' title='bbox 1870 2359 1962 2416; x_wconf 84' lang='grc' dir='ltr'><strong>δέ-</strong></span> 
     </span>
    </p>
   </div>
   <div class='ocr_carea' id='block_1_44' title="bbox 322 2442 1960 2527">
    <p class='ocr_par' dir='ltr' id='par_1_44' title="bbox 322 2442 1960 2527">
     <span class='ocr_line' id='line_1_44' title="bbox 322 2442 1960 2527; baseline 0.005 -29"><span class='ocrx_word' id='word_1_302' title='bbox 322 2442 500 2508; x_wconf 79' lang='grc' dir='ltr'>ξασθαι</span> <span class='ocrx_word' id='word_1_303' title='bbox 532 2443 653 2508; x_wconf 77' lang='grc' dir='ltr'>τοὺς</span> <span class='ocrx_word' id='word_1_304' title='bbox 683 2444 902 2503; x_wconf 74' lang='grc' dir='ltr'>ἐνταῦθα</span> <span class='ocrx_word' id='word_1_305' title='bbox 930 2447 1113 2512; x_wconf 76' lang='grc' dir='ltr'>αὐτοῖς</span> <span class='ocrx_word' id='word_1_306' title='bbox 1142 2446 1485 2527; x_wconf 72' lang='grc' dir='ltr'>φιλιάσαντας</span> <span class='ocrx_word' id='word_1_307' title='bbox 1517 2447 1601 2506; x_wconf 79' lang='grc' dir='ltr'>διὰ</span> <span class='ocrx_word' id='word_1_308' title='bbox 1632 2455 1731 2517; x_wconf 73' lang='grc' dir='ltr'><strong>τῆς</strong></span> <span class='ocrx_word' id='word_1_309' title='bbox 1766 2449 1960 2513; x_wconf 82' lang='grc' dir='ltr'>δόσεως</span> 
     </span>
    </p>
   </div>
   <div class='ocr_carea' id='block_1_45' title="bbox 322 2534 1958 2613">
    <p class='ocr_par' dir='ltr' id='par_1_45' title="bbox 322 2534 1958 2613">
     <span class='ocr_line' id='line_1_45' title="bbox 322 2534 1958 2613; baseline 0.005 -26"><span class='ocrx_word' id='word_1_310' title='bbox 322 2538 428 2588; x_wconf 80' lang='grc' dir='ltr'><strong>τῶν</strong></span> <span class='ocrx_word' id='word_1_311' title='bbox 498 2534 819 2613; x_wconf 82' lang='grc' dir='ltr'>χρημάτων,</span> <span class='ocrx_word' id='word_1_312' title='bbox 879 2534 913 2592; x_wconf 70' lang='grc' dir='ltr'>ἃ</span> <span class='ocrx_word' id='word_1_313' title='bbox 944 2538 1244 2595; x_wconf 74' lang='grc' dir='ltr'>Δεσποτιοιᾶ</span> <span class='ocrx_word' id='word_1_314' title='bbox 1287 2538 1412 2595; x_wconf 80' lang='grc' dir='ltr'>ὄντα</span> <span class='ocrx_word' id='word_1_315' title='bbox 1441 2553 1560 2604; x_wconf 79' lang='grc' dir='ltr'>τοῖς</span> <span class='ocrx_word' id='word_1_316' title='bbox 1607 2540 1827 2607; x_wconf 81' lang='grc' dir='ltr'>πένησιν</span> <span class='ocrx_word' id='word_1_317' title='bbox 1856 2537 1958 2595; x_wconf 77' lang='grc' dir='ltr'>ἔδει</span> 
     </span>
    </p>
   </div>
   <div class='ocr_carea' id='block_1_46' title="bbox 322 2620 1961 2709">
    <p class='ocr_par' dir='ltr' id='par_1_46' title="bbox 322 2620 1961 2709">
     <span class='ocr_line' id='line_1_46' title="bbox 322 2620 1961 2709; baseline 0.007 -34"><span class='ocrx_word' id='word_1_318' title='bbox 322 2620 374 2685; x_wconf 77' lang='grc' dir='ltr'><strong>ἐξ</strong></span> <span class='ocrx_word' id='word_1_319' title='bbox 435 2622 615 2701; x_wconf 79' lang='grc' dir='ltr'>ἀρχῆς</span> <span class='ocrx_word' id='word_1_320' title='bbox 668 2621 905 2709; x_wconf 74' lang='grc' dir='ltr'>δοθῆναι.</span> <span class='ocrx_word' id='word_1_321' title='bbox 965 2626 1120 2684; x_wconf 81' lang='grc' dir='ltr'>Οὗτοι</span> <span class='ocrx_word' id='word_1_322' title='bbox 1179 2628 1279 2706; x_wconf 80' lang='grc' dir='ltr'>γάρ</span> <span class='ocrx_word' id='word_1_323' title='bbox 1335 2630 1382 2684; x_wconf 84' lang='grc' dir='ltr'>οἱ</span> <span class='ocrx_word' id='word_1_324' title='bbox 1439 2634 1707 2709; x_wconf 79' lang='grc' dir='ltr'>χρεῶσται</span> <span class='ocrx_word' id='word_1_325' title='bbox 1738 2629 1873 2685; x_wconf 77' lang='grc' dir='ltr'>κατὰ</span> <span class='ocrx_word' id='word_1_326' title='bbox 1899 2630 1961 2686; x_wconf 78' lang='grc' dir='ltr'>τὸ</span> 
     </span>
    </p>
   </div>
   <div class='ocr_carea' id='block_1_47' title="bbox 317 2704 1961 2795">
    <p class='ocr_par' dir='ltr' id='par_1_47' title="bbox 317 2704 1961 2795">
     <span class='ocr_line' id='line_1_47' title="bbox 317 2704 1961 2795; baseline 0.006 -30"><span class='ocrx_word' id='word_1_327' title='bbox 317 2712 611 2787; x_wconf 83' lang='grc' dir='ltr'>εἰρημένον’</span> <span class='ocrx_word' id='word_1_328' title='bbox 652 2736 679 2768; x_wconf 81' lang='grc' dir='ltr'><strong>ιι</strong></span> <span class='ocrx_word' id='word_1_329' title='bbox 710 2704 900 2782; x_wconf 68' lang='grc' dir='ltr'>’Ὅλην</span> <span class='ocrx_word' id='word_1_330' title='bbox 941 2716 1037 2783; x_wconf 78' lang='grc' dir='ltr'><strong>τὴν</strong></span> <span class='ocrx_word' id='word_1_331' title='bbox 1060 2704 1261 2795; x_wconf 74' lang='grc' dir='ltr'>ἡμέραν</span> <span class='ocrx_word' id='word_1_332' title='bbox 1284 2704 1566 2793; x_wconf 36' lang='grc' dir='ltr'>ἐλεεϊῖκαὶ</span> <span class='ocrx_word' id='word_1_333' title='bbox 1596 2717 1813 2790; x_wconf 80' lang='grc' dir='ltr'>δανείζει</span> <span class='ocrx_word' id='word_1_334' title='bbox 1844 2722 1870 2775; x_wconf 85' lang='grc' dir='ltr'><strong>ὁ</strong></span> <span class='ocrx_word' id='word_1_335' title='bbox 1888 2717 1961 2775; x_wconf 83' lang='grc' dir='ltr'>δί-</span> 
     </span>
    </p>
   </div>
   <div class='ocr_carea' id='block_1_48' title="bbox 315 2796 1962 2887">
    <p class='ocr_par' dir='ltr' id='par_1_48' title="bbox 315 2796 1962 2887">
     <span class='ocr_line' id='line_1_48' title="bbox 315 2796 1962 2887; baseline 0.005 -31"><span class='ocrx_word' id='word_1_336' title='bbox 315 2820 487 2864; x_wconf 82' lang='grc' dir='ltr'>καιος·</span> <span class='ocrx_word' id='word_1_337' title='bbox 522 2821 553 2862; x_wconf 78' lang='lat'><strong>)</strong></span> <span class='ocrx_word' id='word_1_338' title='bbox 602 2804 690 2860; x_wconf 81' lang='grc' dir='ltr'><strong>καὶ</strong></span> <span class='ocrx_word' id='word_1_339' title='bbox 714 2800 896 2860; x_wconf 76' lang='grc' dir='ltr'>πάλιν·</span> <span class='ocrx_word' id='word_1_340' title='bbox 963 2829 991 2861; x_wconf 78' lang='grc' dir='ltr'><strong>α</strong></span> <span class='ocrx_word' id='word_1_341' title='bbox 1027 2796 1083 2863; x_wconf 73' lang='grc' dir='ltr'><strong>Ὀ</strong></span> <span class='ocrx_word' id='word_1_342' title='bbox 1141 2804 1304 2862; x_wconf 82' lang='grc' dir='ltr'>ἐλεῶν</span> <span class='ocrx_word' id='word_1_343' title='bbox 1334 2809 1557 2887; x_wconf 79' lang='grc' dir='ltr'>πτωχὸν</span> <span class='ocrx_word' id='word_1_344' title='bbox 1581 2805 1797 2879; x_wconf 81' lang='grc' dir='ltr'>δανείζει</span> <span class='ocrx_word' id='word_1_345' title='bbox 1848 2814 1962 2882; x_wconf 81' lang='grc' dir='ltr'><strong>Θεῷ</strong></span> 
     </span>
    </p>
   </div>
   <div class='ocr_carea' id='block_1_49' title="bbox 315 2888 1961 2973">
    <p class='ocr_par' dir='ltr' id='par_1_49' title="bbox 315 2888 1961 2973">
     <span class='ocr_line' id='line_1_49' title="bbox 315 2888 1961 2973; baseline 0.004 -26"><span class='ocrx_word' id='word_1_346' title='bbox 315 2888 462 2947; x_wconf 79' lang='grc' dir='ltr'>’Ἐδει</span> <span class='ocrx_word' id='word_1_347' title='bbox 530 2891 627 2967; x_wconf 69' lang='grc' dir='ltr'>μὲν</span> <span class='ocrx_word' id='word_1_348' title='bbox 687 2892 774 2950; x_wconf 79' lang='grc' dir='ltr'><strong>οὗν</strong></span> <span class='ocrx_word' id='word_1_349' title='bbox 830 2896 1242 2973; x_wconf 82' lang='grc' dir='ltr'>προηγουμένως</span> <span class='ocrx_word' id='word_1_350' title='bbox 1330 2897 1502 2954; x_wconf 76' lang='grc' dir='ltr'>πάντα</span> <span class='ocrx_word' id='word_1_351' title='bbox 1572 2895 1784 2966; x_wconf 82' lang='grc' dir='ltr'>δοθῆναι</span> <span class='ocrx_word' id='word_1_352' title='bbox 1846 2911 1961 2961; x_wconf 75' lang='grc' dir='ltr'>τοῖς</span> 
     </span>
    </p>
   </div>
   <div class='ocr_carea' id='block_1_50' title="bbox 322 2978 1965 3064">
    <p class='ocr_par' dir='ltr' id='par_1_50' title="bbox 322 2978 1965 3064">
     <span class='ocr_line' id='line_1_50' title="bbox 322 2978 1965 3064; baseline 0.004 -29"><span class='ocrx_word' id='word_1_353' title='bbox 322 2978 514 3045; x_wconf 69' lang='grc' dir='ltr'>καλοῖς</span> <span class='ocrx_word' id='word_1_354' title='bbox 583 2982 788 3047; x_wconf 83' lang='grc' dir='ltr'>τούτοις</span> <span class='ocrx_word' id='word_1_355' title='bbox 842 2984 1262 3064; x_wconf 69' lang='grc' dir='ltr'>χρεωφειλέταις</span> <span class='ocrx_word' id='word_1_356' title='bbox 1292 3000 1411 3052; x_wconf 82' lang='grc' dir='ltr'>τοῖς</span> <span class='ocrx_word' id='word_1_357' title='bbox 1452 2986 1965 3044; x_wconf 70' lang='grc' dir='ltr'>ἑκατονταπλασίονα</span> 
     </span>
    </p>
   </div>
   <div class='ocr_carea' id='block_1_51' title="bbox 2044 1910 3691 1992">
    <p class='ocr_par' dir='ltr' id='par_1_51' title="bbox 2044 1910 3691 1992">
     <span class='ocr_line' id='line_1_51' title="bbox 2044 1910 3691 1992; baseline 0 -21"><span class='ocrx_word' id='word_1_358' title='bbox 2044 1917 2133 1971; x_wconf 89' lang='lat' dir='ltr'><strong>est</strong></span> <span class='ocrx_word' id='word_1_359' title='bbox 2165 1928 2232 1971; x_wconf 82' lang='lat' dir='ltr'><strong>ex</strong></span> <span class='ocrx_word' id='word_1_360' title='bbox 2269 1910 2378 1972; x_wconf 89' lang='lat' dir='ltr'><strong>hac</strong></span> <span class='ocrx_word' id='word_1_361' title='bbox 2400 1911 2516 1973; x_wconf 85' lang='lat' dir='ltr'><strong>vita</strong></span> <span class='ocrx_word' id='word_1_362' title='bbox 2548 1914 3003 1992; x_wconf 82' lang='lat' dir='ltr'><strong>excesserimus,</strong></span> <span class='ocrx_word' id='word_1_363' title='bbox 3034 1911 3331 1992; x_wconf 86' lang='lat' dir='ltr'><strong>accipiant</strong></span> <span class='ocrx_word' id='word_1_364' title='bbox 3353 1929 3460 1971; x_wconf 91' lang='lat' dir='ltr'><strong>nos</strong></span> <span class='ocrx_word' id='word_1_365' title='bbox 3478 1929 3691 1991; x_wconf 88' lang='lat' dir='ltr'><strong>paupe-</strong></span> 
     </span>
    </p>
   </div>
   <div class='ocr_carea' id='block_1_52' title="bbox 2043 1999 3690 2063">
    <p class='ocr_par' dir='ltr' id='par_1_52' title="bbox 2043 1999 3690 2063">
     <span class='ocr_line' id='line_1_52' title="bbox 2043 1999 3690 2063; baseline -0.001 -2"><span class='ocrx_word' id='word_1_366' title='bbox 2043 2017 2141 2061; x_wconf 91' lang='lat' dir='ltr'><strong>res</strong></span> <span class='ocrx_word' id='word_1_367' title='bbox 2167 2001 2220 2062; x_wconf 90' lang='lat' dir='ltr'><strong>in</strong></span> <span class='ocrx_word' id='word_1_368' title='bbox 2254 2011 2475 2062; x_wconf 71' lang='lat' dir='ltr'><strong>aeterna</strong></span> <span class='ocrx_word' id='word_1_369' title='bbox 2506 2000 2917 2063; x_wconf 84' lang='lat' dir='ltr'><strong>tabernacula?</strong></span> <span class='ocrx_word' id='word_1_370' title='bbox 2947 2000 3191 2062; x_wconf 66' lang='lat' dir='ltr'><strong>Eterna</strong></span> <span class='ocrx_word' id='word_1_371' title='bbox 3220 2000 3377 2061; x_wconf 90' lang='lat' dir='ltr'><strong>enim</strong></span> <span class='ocrx_word' id='word_1_372' title='bbox 3408 1999 3690 2061; x_wconf 89' lang='lat' dir='ltr'><strong>taberna-</strong></span> 
     </span>
    </p>
   </div>
   <div class='ocr_carea' id='block_1_53' title="bbox 2044 2087 3693 2169">
    <p class='ocr_par' dir='ltr' id='par_1_53' title="bbox 2044 2087 3693 2169">
     <span class='ocr_line' id='line_1_53' title="bbox 2044 2087 3693 2169; baseline -0.001 -20"><span class='ocrx_word' id='word_1_373' title='bbox 2044 2087 2175 2149; x_wconf 85' lang='lat' dir='ltr'><strong>cula</strong></span> <span class='ocrx_word' id='word_1_374' title='bbox 2194 2089 2553 2169; x_wconf 87' lang='lat' dir='ltr'><strong>pauperibus</strong></span> <span class='ocrx_word' id='word_1_375' title='bbox 2573 2090 2633 2151; x_wconf 92' lang='lat' dir='ltr'><strong>in</strong></span> <span class='ocrx_word' id='word_1_376' title='bbox 2665 2089 2898 2154; x_wconf 89' lang='lat' dir='ltr'><strong>Christo</strong></span> <span class='ocrx_word' id='word_1_377' title='bbox 2930 2089 3247 2150; x_wconf 89' lang='lat' dir='ltr'><strong>constituta</strong></span> <span class='ocrx_word' id='word_1_378' title='bbox 3275 2098 3433 2163; x_wconf 91' lang='lat' dir='ltr'><strong>sunt,</strong></span> <span class='ocrx_word' id='word_1_379' title='bbox 3470 2088 3529 2149; x_wconf 92' lang='lat' dir='ltr'><strong>in</strong></span> <span class='ocrx_word' id='word_1_380' title='bbox 3560 2107 3693 2169; x_wconf 65' lang='lat' dir='ltr'><strong>quae</strong></span> 
     </span>
    </p>
   </div>
   <div class='ocr_carea' id='block_1_54' title="bbox 2046 2176 3687 2259">
    <p class='ocr_par' dir='ltr' id='par_1_54' title="bbox 2046 2176 3687 2259">
     <span class='ocr_line' id='line_1_54' title="bbox 2046 2176 3687 2259; baseline 0 -21"><span class='ocrx_word' id='word_1_381' title='bbox 2046 2178 2274 2257; x_wconf 90' lang='lat' dir='ltr'><strong>possint</strong></span> <span class='ocrx_word' id='word_1_382' title='bbox 2294 2180 2562 2258; x_wconf 89' lang='lat' dir='ltr'><strong>recipere</strong></span> <span class='ocrx_word' id='word_1_383' title='bbox 2590 2197 2693 2240; x_wconf 87' lang='lat' dir='ltr'><strong>eos</strong></span> <span class='ocrx_word' id='word_1_384' title='bbox 2718 2179 2817 2259; x_wconf 90' lang='lat' dir='ltr'><strong>qui</strong></span> <span class='ocrx_word' id='word_1_385' title='bbox 2854 2177 2948 2239; x_wconf 92' lang='lat' dir='ltr'><strong>hic</strong></span> <span class='ocrx_word' id='word_1_386' title='bbox 2980 2178 3123 2258; x_wconf 85' lang='lat' dir='ltr'><strong>ipsis</strong></span> <span class='ocrx_word' id='word_1_387' title='bbox 3177 2179 3368 2238; x_wconf 89' lang='lat' dir='ltr'><strong>amice</strong></span> <span class='ocrx_word' id='word_1_388' title='bbox 3389 2178 3463 2237; x_wconf 91' lang='lat' dir='ltr'><strong>de</strong></span> <span class='ocrx_word' id='word_1_389' title='bbox 3494 2176 3687 2257; x_wconf 85' lang='lat' dir='ltr'><strong>bonis,</strong></span> 
     </span>
    </p>
   </div>
   <div class='ocr_carea' id='block_1_55' title="bbox 2045 2266 3689 2348">
    <p class='ocr_par' dir='ltr' id='par_1_55' title="bbox 2045 2266 3689 2348">
     <span class='ocr_line' id='line_1_55' title="bbox 2045 2266 3689 2348; baseline 0 -21"><span class='ocrx_word' id='word_1_390' title='bbox 2045 2285 2177 2346; x_wconf 66' lang='lat' dir='ltr'><strong>quae</strong></span> <span class='ocrx_word' id='word_1_391' title='bbox 2209 2276 2345 2329; x_wconf 90' lang='lat' dir='ltr'><strong>sunt</strong></span> <span class='ocrx_word' id='word_1_392' title='bbox 2376 2267 3082 2346; x_wconf 81' lang='lat' dir='ltr'><strong>Dominica,largiuntur.</strong></span> <span class='ocrx_word' id='word_1_393' title='bbox 3119 2266 3481 2348; x_wconf 77' lang='lat' dir='ltr'><strong>Pauperibus</strong></span> <span class='ocrx_word' id='word_1_394' title='bbox 3530 2267 3689 2327; x_wconf 89' lang='lat' dir='ltr'><strong>enim</strong></span> 
     </span>
    </p>
   </div>
   <div class='ocr_carea' id='block_1_56' title="bbox 2047 2355 3687 2435">
    <p class='ocr_par' dir='ltr' id='par_1_56' title="bbox 2047 2355 3687 2435">
     <span class='ocr_line' id='line_1_56' title="bbox 2047 2355 3687 2435; baseline 0 -21"><span class='ocrx_word' id='word_1_395' title='bbox 2047 2355 2299 2435; x_wconf 91' lang='lat' dir='ltr'><strong>primum</strong></span> <span class='ocrx_word' id='word_1_396' title='bbox 2339 2355 2706 2418; x_wconf 85' lang='lat' dir='ltr'><strong>debebamus</strong></span> <span class='ocrx_word' id='word_1_397' title='bbox 2728 2357 3064 2418; x_wconf 78' lang='lat' dir='ltr'><strong>dareznam</strong></span> <span class='ocrx_word' id='word_1_398' title='bbox 3100 2355 3184 2417; x_wconf 89' lang='lat' dir='ltr'><strong>illi</strong></span> <span class='ocrx_word' id='word_1_399' title='bbox 3214 2355 3515 2416; x_wconf 87' lang='lat' dir='ltr'><strong>debitores</strong></span> <span class='ocrx_word' id='word_1_400' title='bbox 3531 2364 3687 2429; x_wconf 87' lang='lat' dir='ltr'><strong>sunt,</strong></span> 
     </span>
    </p>
   </div>
   <div class='ocr_carea' id='block_1_57' title="bbox 2046 2443 3695 2526">
    <p class='ocr_par' dir='ltr' id='par_1_57' title="bbox 2046 2443 3695 2526">
     <span class='ocr_line' id='line_1_57' title="bbox 2046 2443 3695 2526; baseline 0.001 -23"><span class='ocrx_word' id='word_1_401' title='bbox 2046 2443 2376 2506; x_wconf 88' lang='lat' dir='ltr'><strong>secundum</strong></span> <span class='ocrx_word' id='word_1_402' title='bbox 2411 2445 2521 2507; x_wconf 91' lang='lat' dir='ltr'><strong>hoc</strong></span> <span class='ocrx_word' id='word_1_403' title='bbox 2544 2446 2702 2526; x_wconf 92' lang='lat' dir='ltr'><strong>quod</strong></span> <span class='ocrx_word' id='word_1_404' title='bbox 2724 2444 2947 2508; x_wconf 88' lang='lat' dir='ltr'><strong>dictum</strong></span> <span class='ocrx_word' id='word_1_405' title='bbox 2980 2454 3131 2507; x_wconf 73' lang='lat' dir='ltr'><strong>est:«</strong></span> <span class='ocrx_word' id='word_1_406' title='bbox 3164 2445 3309 2506; x_wconf 83' lang='lat' dir='ltr'><strong>Tota</strong></span> <span class='ocrx_word' id='word_1_407' title='bbox 3329 2444 3427 2506; x_wconf 92' lang='lat' dir='ltr'><strong>die</strong></span> <span class='ocrx_word' id='word_1_408' title='bbox 3452 2443 3695 2505; x_wconf 82' lang='lat' dir='ltr'><strong>misere-</strong></span> 
     </span>
    </p>
   </div>
   <div class='ocr_carea' id='block_1_58' title="bbox 2044 2532 3691 2615">
    <p class='ocr_par' dir='ltr' id='par_1_58' title="bbox 2044 2532 3691 2615">
     <span class='ocr_line' id='line_1_58' title="bbox 2044 2532 3691 2615; baseline 0.001 -23"><span class='ocrx_word' id='word_1_409' title='bbox 2044 2539 2140 2593; x_wconf 91' lang='lat' dir='ltr'><strong>tur</strong></span> <span class='ocrx_word' id='word_1_410' title='bbox 2159 2541 2216 2593; x_wconf 90' lang='lat' dir='ltr'><strong>et</strong></span> <span class='ocrx_word' id='word_1_411' title='bbox 2236 2535 2575 2596; x_wconf 87' lang='lat' dir='ltr'><strong>commodat</strong></span> <span class='ocrx_word' id='word_1_412' title='bbox 2582 2537 2781 2615; x_wconf 83' lang='lat' dir='ltr'><strong>justus</strong></span> <span class='ocrx_word' id='word_1_413' title='bbox 2794 2536 2987 2611; x_wconf 60' lang='grc' dir='ltr'>θυμοὶ</span> <span class='ocrx_word' id='word_1_414' title='bbox 3009 2534 3249 2610; x_wconf 83' lang='lat' dir='ltr'><strong>iterum,</strong></span> <span class='ocrx_word' id='word_1_415' title='bbox 3263 2532 3408 2605; x_wconf 68' lang='lat' dir='ltr'><strong>«Qui</strong></span> <span class='ocrx_word' id='word_1_416' title='bbox 3438 2532 3691 2595; x_wconf 88' lang='lat' dir='ltr'><strong>misere-</strong></span> 
     </span>
    </p>
   </div>
   <div class='ocr_carea' id='block_1_59' title="bbox 2046 2621 3695 2703">
    <p class='ocr_par' dir='ltr' id='par_1_59' title="bbox 2046 2621 3695 2703">
     <span class='ocr_line' id='line_1_59' title="bbox 2046 2621 3695 2703; baseline 0.001 -22"><span class='ocrx_word' id='word_1_417' title='bbox 2046 2629 2141 2682; x_wconf 91' lang='lat' dir='ltr'><strong>tur</strong></span> <span class='ocrx_word' id='word_1_418' title='bbox 2171 2623 2753 2703; x_wconf 87' lang='lat' dir='ltr'><strong>pauperi,feneratur</strong></span> <span class='ocrx_word' id='word_1_419' title='bbox 2780 2621 3560 2703; x_wconf 65' lang='lat' dir='ltr'><strong>De08|.i0portebatigitur</strong></span> <span class='ocrx_word' id='word_1_420' title='bbox 3579 2624 3695 2701; x_wconf 87' lang='lat' dir='ltr'><strong>pri-</strong></span> 
     </span>
    </p>
   </div>
   <div class='ocr_carea' id='block_1_60' title="bbox 2045 2711 3695 2790">
    <p class='ocr_par' dir='ltr' id='par_1_60' title="bbox 2045 2711 3695 2790">
     <span class='ocr_line' id='line_1_60' title="bbox 2045 2711 3695 2790; baseline -0.001 -20"><span class='ocrx_word' id='word_1_421' title='bbox 2045 2728 2205 2772; x_wconf 91' lang='lat' dir='ltr'><strong>mum</strong></span> <span class='ocrx_word' id='word_1_422' title='bbox 2262 2712 2403 2774; x_wconf 88' lang='lat' dir='ltr'><strong>dare</strong></span> <span class='ocrx_word' id='word_1_423' title='bbox 2462 2713 2631 2775; x_wconf 89' lang='lat' dir='ltr'><strong>bonis</strong></span> <span class='ocrx_word' id='word_1_424' title='bbox 2689 2714 2805 2775; x_wconf 92' lang='lat' dir='ltr'><strong>illis</strong></span> <span class='ocrx_word' id='word_1_425' title='bbox 2862 2711 3256 2786; x_wconf 88' lang='lat' dir='ltr'><strong>debitoribus,</strong></span> <span class='ocrx_word' id='word_1_426' title='bbox 3290 2711 3387 2790; x_wconf 90' lang='lat' dir='ltr'><strong>qui</strong></span> <span class='ocrx_word' id='word_1_427' title='bbox 3418 2711 3695 2790; x_wconf 81' lang='lat' dir='ltr'><strong>centupls</strong></span> 
     </span>
    </p>
   </div>
   <div class='ocr_carea' id='block_1_61' title="bbox 2043 2799 3695 2882">
    <p class='ocr_par' dir='ltr' id='par_1_61' title="bbox 2043 2799 3695 2882">
     <span class='ocr_line' id='line_1_61' title="bbox 2043 2799 3695 2882; baseline -0.001 -22"><span class='ocrx_word' id='word_1_428' title='bbox 2043 2799 2553 2864; x_wconf 91' lang='lat' dir='ltr'><strong>reddunt.Verum</strong></span> <span class='ocrx_word' id='word_1_429' title='bbox 2572 2803 2711 2881; x_wconf 81' lang='lat' dir='ltr'><strong>quia</strong></span> <span class='ocrx_word' id='word_1_430' title='bbox 2738 2803 3181 2882; x_wconf 86' lang='lat' dir='ltr'><strong>dispensatores</strong></span> <span class='ocrx_word' id='word_1_431' title='bbox 3212 2799 3513 2877; x_wconf 77' lang='lat' dir='ltr'><strong>injustitiae</strong></span> <span class='ocrx_word' id='word_1_432' title='bbox 3535 2801 3695 2861; x_wconf 87' lang='lat' dir='ltr'><strong>inve-</strong></span> 
     </span>
    </p>
   </div>
   <div class='ocr_carea' id='block_1_62' title="bbox 2046 2887 3667 2971">
    <p class='ocr_par' dir='ltr' id='par_1_62' title="bbox 2046 2887 3667 2971">
     <span class='ocr_line' id='line_1_62' title="bbox 2046 2887 3667 2971; baseline 0 -24"><span class='ocrx_word' id='word_1_433' title='bbox 2046 2887 2269 2965; x_wconf 86' lang='lat' dir='ltr'><strong>nimur,</strong></span> <span class='ocrx_word' id='word_1_434' title='bbox 2305 2889 2527 2970; x_wconf 77' lang='lat' dir='ltr'><strong>injuste</strong></span> <span class='ocrx_word' id='word_1_435' title='bbox 2549 2892 2876 2954; x_wconf 87' lang='lat' dir='ltr'><strong>retinentes</strong></span> <span class='ocrx_word' id='word_1_436' title='bbox 2908 2909 3038 2971; x_wconf 73' lang='lat' dir='ltr'><strong>quae</strong></span> <span class='ocrx_word' id='word_1_437' title='bbox 3064 2888 3201 2950; x_wconf 88' lang='lat' dir='ltr'><strong>aliis</strong></span> <span class='ocrx_word' id='word_1_438' title='bbox 3240 2888 3503 2968; x_wconf 82' lang='lat' dir='ltr'><strong>seposita</strong></span> <span class='ocrx_word' id='word_1_439' title='bbox 3528 2895 3667 2949; x_wconf 80' lang='lat' dir='ltr'><strong>sunt</strong></span> 
     </span>
    </p>
   </div>
   <div class='ocr_carea' id='block_1_63' title="bbox 2047 2976 3751 3060">
    <p class='ocr_par' dir='ltr' id='par_1_63' title="bbox 2047 2976 3751 3060">
     <span class='ocr_line' id='line_1_63' title="bbox 2047 2976 3751 3060; baseline 0.001 -23"><span class='ocrx_word' id='word_1_440' title='bbox 2047 2995 2169 3038; x_wconf 91' lang='lat' dir='ltr'><strong>non</strong></span> <span class='ocrx_word' id='word_1_441' title='bbox 2202 2997 2442 3060; x_wconf 90' lang='lat' dir='ltr'><strong>semper</strong></span> <span class='ocrx_word' id='word_1_442' title='bbox 2471 2980 2830 3042; x_wconf 89' lang='lat' dir='ltr'><strong>manendum</strong></span> <span class='ocrx_word' id='word_1_443' title='bbox 2860 2979 3047 3041; x_wconf 88' lang='lat' dir='ltr'><strong>eritin</strong></span> <span class='ocrx_word' id='word_1_444' title='bbox 3072 2978 3184 3039; x_wconf 88' lang='lat' dir='ltr'><strong>hac</strong></span> <span class='ocrx_word' id='word_1_445' title='bbox 3210 2976 3694 3051; x_wconf 83' lang='lat' dir='ltr'><strong>inﬁdelitate,sed</strong></span> <span class='ocrx_word' id='word_1_446' title='bbox 3748 3000 3751 3001; x_wconf 58' lang='lat'><strong><em>&#39;</em></strong></span> 
     </span>
    </p>
   </div>
   <div class='ocr_carea' id='block_1_64' title="bbox 327 3066 1968 3160">
    <p class='ocr_par' dir='ltr' id='par_1_64' title="bbox 327 3067 1963 3160">
     <span class='ocr_line' id='line_1_64' title="bbox 327 3067 1963 3160; baseline 0.004 -36"><span class='ocrx_word' id='word_1_447' title='bbox 327 3067 650 3160; x_wconf 80' lang='grc' dir='ltr'>ἀποδιδοῦσι.</span> <span class='ocrx_word' id='word_1_448' title='bbox 685 3071 858 3160; x_wconf 19' lang='grc' dir='ltr'>*Πλὴν</span> <span class='ocrx_word' id='word_1_449' title='bbox 906 3073 1017 3130; x_wconf 78' lang='grc' dir='ltr'>ἐπεὶ</span> <span class='ocrx_word' id='word_1_450' title='bbox 1071 3076 1336 3152; x_wconf 70' lang='grc' dir='ltr'>οἰκονόμοι</span> <span class='ocrx_word' id='word_1_451' title='bbox 1408 3078 1506 3143; x_wconf 70' lang='grc' dir='ltr'>τῆς</span> <span class='ocrx_word' id='word_1_452' title='bbox 1560 3074 1761 3141; x_wconf 78' lang='grc' dir='ltr'>ἀδικίας</span> <span class='ocrx_word' id='word_1_453' title='bbox 1821 3078 1963 3153; x_wconf 74' lang='grc' dir='ltr'>εὑρι-</span> 
     </span>
    </p>
   </div>
   <div class='ocr_carea' id='block_1_65' title="bbox 2051 3066 3694 3160">
    <p class='ocr_par' dir='ltr' id='par_1_65' title="bbox 2052 3066 3694 3160">
     <span class='ocr_line' id='line_1_65' title="bbox 2052 3066 3694 3160; baseline -0.002 -29"><span class='ocrx_word' id='word_1_454' title='bbox 2052 3068 2639 3160; x_wconf 84' lang='lat' dir='ltr'><strong>communicandum</strong></span> <span class='ocrx_word' id='word_1_455' title='bbox 2650 3067 3199 3160; x_wconf 57' lang='lat' dir='ltr'><strong>pauperibusmtab</strong></span> <span class='ocrx_word' id='word_1_456' title='bbox 3232 3066 3377 3145; x_wconf 80' lang='lat' dir='ltr'><strong>ipsis</strong></span> <span class='ocrx_word' id='word_1_457' title='bbox 3402 3067 3694 3160; x_wconf 80' lang='lat' dir='ltr'><strong>suscipia-</strong></span> 
     </span>
    </p>
   </div>
   <div class='ocr_carea' id='block_1_66' title="bbox 329 3157 1969 3244">
    <p class='ocr_par' dir='ltr' id='par_1_66' title="bbox 329 3157 1969 3244">
     <span class='ocr_line' id='line_1_66' title="bbox 329 3157 1969 3244; baseline 0.004 -31"><span class='ocrx_word' id='word_1_458' title='bbox 329 3157 583 3239; x_wconf 84' lang='grc' dir='ltr'>σκόμεθα,</span> <span class='ocrx_word' id='word_1_459' title='bbox 642 3157 833 3225; x_wconf 80' lang='grc' dir='ltr'>ἀδίκως</span> <span class='ocrx_word' id='word_1_460' title='bbox 908 3164 1373 3243; x_wconf 79' lang='grc' dir='ltr'>παρακατὲχοντες</span> <span class='ocrx_word' id='word_1_461' title='bbox 1417 3166 1451 3221; x_wconf 83' lang='grc' dir='ltr'>ἃ</span> <span class='ocrx_word' id='word_1_462' title='bbox 1523 3163 1706 3229; x_wconf 74' lang='grc' dir='ltr'>ἄλλοις</span> <span class='ocrx_word' id='word_1_463' title='bbox 1764 3164 1969 3244; x_wconf 74' lang='grc' dir='ltr'>ἀφώρι-</span> 
     </span>
    </p>
   </div>
   <div class='ocr_carea' id='block_1_67' title="bbox 332 3248 1970 3332">
    <p class='ocr_par' dir='ltr' id='par_1_67' title="bbox 332 3248 1970 3332">
     <span class='ocr_line' id='line_1_67' title="bbox 332 3248 1970 3332; baseline 0.004 -30"><span class='ocrx_word' id='word_1_464' title='bbox 332 3267 475 3326; x_wconf 90' lang='grc' dir='ltr'>σται,</span> <span class='ocrx_word' id='word_1_465' title='bbox 540 3249 617 3323; x_wconf 81' lang='grc' dir='ltr'><strong>μὴ</strong></span> <span class='ocrx_word' id='word_1_466' title='bbox 686 3248 862 3319; x_wconf 75' lang='grc' dir='ltr'>πάντη</span> <span class='ocrx_word' id='word_1_467' title='bbox 919 3252 1176 3327; x_wconf 84' lang='grc' dir='ltr'>μενητέον</span> <span class='ocrx_word' id='word_1_468' title='bbox 1206 3252 1261 3308; x_wconf 72' lang='grc' dir='ltr'>ἐν</span> <span class='ocrx_word' id='word_1_469' title='bbox 1288 3254 1457 3330; x_wconf 73' lang='grc' dir='ltr'>ταύτῃ</span> <span class='ocrx_word' id='word_1_470' title='bbox 1508 3259 1577 3331; x_wconf 75' lang='grc' dir='ltr'><strong>τῇ</strong></span> <span class='ocrx_word' id='word_1_471' title='bbox 1605 3254 1970 3332; x_wconf 82' lang='grc' dir='ltr'>ἆπανθρωπίᾳ,</span> 
     </span>
    </p>
   </div>
   <div class='ocr_carea' id='block_1_68' title="bbox 334 3333 1971 3423">
    <p class='ocr_par' dir='ltr' id='par_1_68' title="bbox 334 3333 1971 3423">
     <span class='ocr_line' id='line_1_68' title="bbox 334 3333 1971 3423; baseline 0.004 -32"><span class='ocrx_word' id='word_1_472' title='bbox 334 3333 470 3392; x_wconf 78' lang='grc' dir='ltr'>ἀλλὰ</span> <span class='ocrx_word' id='word_1_473' title='bbox 502 3336 817 3413; x_wconf 75' lang='grc' dir='ltr'>μεταδοτέον</span> <span class='ocrx_word' id='word_1_474' title='bbox 870 3354 988 3407; x_wconf 77' lang='grc' dir='ltr'>τοῖς</span> <span class='ocrx_word' id='word_1_475' title='bbox 1042 3341 1296 3418; x_wconf 79' lang='grc' dir='ltr'>πένησίν,</span> <span class='ocrx_word' id='word_1_476' title='bbox 1340 3343 1433 3401; x_wconf 76' lang='grc' dir='ltr'><strong>ἵνα</strong></span> <span class='ocrx_word' id='word_1_477' title='bbox 1460 3341 1588 3423; x_wconf 80' lang='grc' dir='ltr'>παρ’</span> <span class='ocrx_word' id='word_1_478' title='bbox 1629 3343 1801 3401; x_wconf 72' lang='grc' dir='ltr'>αὐτῶν</span> <span class='ocrx_word' id='word_1_479' title='bbox 1833 3344 1971 3399; x_wconf 77' lang='grc' dir='ltr'>ὑπο·-</span> 
     </span>
    </p>
   </div>
   <div class='ocr_carea' id='block_1_69' title="bbox 331 3423 1974 3508">
    <p class='ocr_par' dir='ltr' id='par_1_69' title="bbox 331 3423 1974 3508">
     <span class='ocr_line' id='line_1_69' title="bbox 331 3423 1974 3508; baseline 0.005 -27"><span class='ocrx_word' id='word_1_480' title='bbox 331 3423 606 3506; x_wconf 86' lang='grc' dir='ltr'>δεχθῶμεν</span> <span class='ocrx_word' id='word_1_481' title='bbox 663 3431 735 3494; x_wconf 76' lang='grc' dir='ltr'>εἷς</span> <span class='ocrx_word' id='word_1_482' title='bbox 781 3431 874 3495; x_wconf 82' lang='grc' dir='ltr'><strong>τὰς</strong></span> <span class='ocrx_word' id='word_1_483' title='bbox 904 3433 1139 3499; x_wconf 64' lang='grc' dir='ltr'>αἰωνίους</span> <span class='ocrx_word' id='word_1_484' title='bbox 1169 3435 1393 3501; x_wconf 80' lang='grc' dir='ltr'>σκηνάς.</span> <span class='ocrx_word' id='word_1_485' title='bbox 1443 3434 1620 3500; x_wconf 76' lang='grc' dir='ltr'>Οὕτως</span> <span class='ocrx_word' id='word_1_486' title='bbox 1648 3432 1736 3491; x_wconf 79' lang='grc' dir='ltr'><strong>οὗν</strong></span> <span class='ocrx_word' id='word_1_487' title='bbox 1764 3432 1974 3508; x_wconf 77' lang='grc' dir='ltr'>ἐκλαμ-</span> 
     </span>
    </p>
   </div>
   <div class='ocr_carea' id='block_1_70' title="bbox 327 3511 1973 3603">
    <p class='ocr_par' dir='ltr' id='par_1_70' title="bbox 327 3511 1973 3603">
     <span class='ocr_line' id='line_1_70' title="bbox 327 3511 1973 3603; baseline 0.009 -33"><span class='ocrx_word' id='word_1_488' title='bbox 327 3511 570 3573; x_wconf 80' lang='grc' dir='ltr'>ϐάνουσιν</span> <span class='ocrx_word' id='word_1_489' title='bbox 596 3520 731 3595; x_wconf 79' lang='grc' dir='ltr'>ἡμῖν</span> <span class='ocrx_word' id='word_1_490' title='bbox 761 3521 861 3589; x_wconf 76' lang='grc' dir='ltr'><strong>τὴν</strong></span> <span class='ocrx_word' id='word_1_491' title='bbox 902 3520 1234 3602; x_wconf 71' lang='grc' dir='ltr'>παραεολὴν,</span> <span class='ocrx_word' id='word_1_492' title='bbox 1269 3522 1415 3584; x_wconf 68' lang='grc' dir='ltr'>οὐδὲν</span> <span class='ocrx_word' id='word_1_493' title='bbox 1454 3526 1720 3603; x_wconf 55' lang='grc' dir='ltr'>περιτττιν,</span> <span class='ocrx_word' id='word_1_494' title='bbox 1753 3523 1789 3591; x_wconf 77' lang='grc' dir='ltr'>ἢ</span> <span class='ocrx_word' id='word_1_495' title='bbox 1819 3524 1973 3603; x_wconf 80' lang='grc' dir='ltr'>περί·-</span> 
     </span>
    </p>
   </div>
   <div class='ocr_carea' id='block_1_71' title="bbox 328 3606 1975 3693">
    <p class='ocr_par' dir='ltr' id='par_1_71' title="bbox 328 3606 1975 3693">
     <span class='ocr_line' id='line_1_71' title="bbox 328 3606 1975 3693; baseline -0.007 -15"><span class='ocrx_word' id='word_1_496' title='bbox 328 3626 505 3693; x_wconf 60' lang='grc' dir='ltr'>εργον.</span> <span class='ocrx_word' id='word_1_497' title='bbox 537 3606 573 3676; x_wconf 70' lang='grc' dir='ltr'><strong>ἢ</strong></span> <span class='ocrx_word' id='word_1_498' title='bbox 608 3610 1016 3691; x_wconf 72' lang='grc' dir='ltr'>δνετροκριτικὸν</span> <span class='ocrx_word' id='word_1_499' title='bbox 1045 3619 1112 3690; x_wconf 75' lang='grc' dir='ltr'><strong>τῇ</strong></span> <span class='ocrx_word' id='word_1_500' title='bbox 1162 3612 1420 3693; x_wconf 70' lang='grc' dir='ltr'>ὶξηγήσει</span> <span class='ocrx_word' id='word_1_501' title='bbox 1459 3614 1776 3684; x_wconf 74' lang='grc' dir='ltr'>ἀπαντήσει,</span> <span class='ocrx_word' id='word_1_502' title='bbox 1813 3622 1975 3669; x_wconf 76' lang='grc' dir='ltr'>Δοκεῖ</span> 
     </span>
    </p>
   </div>
   <div class='ocr_carea' id='block_1_72' title="bbox 325 3692 1977 3776">
    <p class='ocr_par' dir='ltr' id='par_1_72' title="bbox 325 3692 1977 3776">
     <span class='ocr_line' id='line_1_72' title="bbox 325 3692 1977 3776; baseline 0.005 -27"><span class='ocrx_word' id='word_1_503' title='bbox 325 3692 379 3749; x_wconf 76' lang='grc' dir='ltr'>δὶ</span> <span class='ocrx_word' id='word_1_504' title='bbox 422 3694 710 3754; x_wconf 72' lang='grc' dir='ltr'>ἀλλόκοτόν</span> <span class='ocrx_word' id='word_1_505' title='bbox 779 3722 830 3756; x_wconf 91' lang='grc' dir='ltr'><strong>τι</strong></span> <span class='ocrx_word' id='word_1_506' title='bbox 861 3701 1139 3776; x_wconf 74' lang='grc' dir='ltr'>σημαίνειν</span> <span class='ocrx_word' id='word_1_507' title='bbox 1162 3704 1245 3759; x_wconf 77' lang='grc' dir='ltr'>τόο</span> <span class='ocrx_word' id='word_1_508' title='bbox 1277 3692 1407 3760; x_wconf 68' lang='grc' dir='ltr'>Υἱοὶ</span> <span class='ocrx_word' id='word_1_509' title='bbox 1439 3706 1531 3759; x_wconf 79' lang='grc' dir='ltr'>τοῦ</span> <span class='ocrx_word' id='word_1_510' title='bbox 1573 3704 1759 3767; x_wconf 83' lang='grc' dir='ltr'>αἰῶνος</span> <span class='ocrx_word' id='word_1_511' title='bbox 1791 3702 1977 3759; x_wconf 76' lang='grc' dir='ltr'>τούτου</span> 
     </span>
    </p>
   </div>
   <div class='ocr_carea' id='block_1_73' title="bbox 331 3786 1973 3866">
    <p class='ocr_par' dir='ltr' id='par_1_73' title="bbox 331 3786 1973 3866">
     <span class='ocr_line' id='line_1_73' title="bbox 331 3786 1973 3866; baseline 0.004 -26"><span class='ocrx_word' id='word_1_512' title='bbox 331 3786 712 3866; x_wconf 72' lang='grc' dir='ltr'>φρονιμώτεροί</span> <span class='ocrx_word' id='word_1_513' title='bbox 768 3791 895 3864; x_wconf 74' lang='grc' dir='ltr'>εἱσι,</span> <span class='ocrx_word' id='word_1_514' title='bbox 945 3793 1033 3848; x_wconf 85' lang='grc' dir='ltr'><strong>καὶ</strong></span> <span class='ocrx_word' id='word_1_515' title='bbox 1088 3792 1153 3849; x_wconf 82' lang='grc' dir='ltr'><strong>τὰ</strong></span> <span class='ocrx_word' id='word_1_516' title='bbox 1184 3790 1332 3860; x_wconf 79' lang='grc' dir='ltr'>ἑξῆς,</span> <span class='ocrx_word' id='word_1_517' title='bbox 1386 3795 1493 3850; x_wconf 77' lang='grc' dir='ltr'><strong>Οὐκ</strong></span> <span class='ocrx_word' id='word_1_518' title='bbox 1548 3790 1739 3849; x_wconf 80' lang='grc' dir='ltr'>ἔστιδὲ</span> <span class='ocrx_word' id='word_1_519' title='bbox 1770 3790 1973 3847; x_wconf 86' lang='grc' dir='ltr'>δυσπα-</span> 
     </span>
    </p>
   </div>
   <div class='ocr_carea' id='block_1_74' title="bbox 332 3873 1974 3962">
    <p class='ocr_par' dir='ltr' id='par_1_74' title="bbox 332 3873 1974 3962">
     <span class='ocr_line' id='line_1_74' title="bbox 332 3873 1974 3962; baseline 0.011 -32"><span class='ocrx_word' id='word_1_520' title='bbox 332 3873 745 3953; x_wconf 78' lang='grc' dir='ltr'>ρακολούθητον,</span> <span class='ocrx_word' id='word_1_521' title='bbox 802 3878 838 3947; x_wconf 76' lang='grc' dir='ltr'>ἢ</span> <span class='ocrx_word' id='word_1_522' title='bbox 890 3877 1108 3955; x_wconf 81' lang='grc' dir='ltr'>ξενίζον.</span> <span class='ocrx_word' id='word_1_523' title='bbox 1170 3883 1319 3947; x_wconf 76' lang='grc' dir='ltr'>Υἱοὺς</span> <span class='ocrx_word' id='word_1_524' title='bbox 1405 3883 1504 3962; x_wconf 76' lang='grc' dir='ltr'>γὰρ</span> <span class='ocrx_word' id='word_1_525' title='bbox 1584 3882 1774 3945; x_wconf 74' lang='grc' dir='ltr'>αἰῶνός</span> <span class='ocrx_word' id='word_1_526' title='bbox 1844 3901 1974 3961; x_wconf 73' lang='grc' dir='ltr'>φησι</span> 
     </span>
    </p>
   </div>
   <div class='ocr_carea' id='block_1_75' title="bbox 333 3964 1981 4049">
    <p class='ocr_par' dir='ltr' id='par_1_75' title="bbox 333 3964 1981 4049">
     <span class='ocr_line' id='line_1_75' title="bbox 333 3964 1981 4049; baseline 0.006 -28"><span class='ocrx_word' id='word_1_527' title='bbox 333 3964 547 4045; x_wconf 85' lang='grc' dir='ltr'>τούτου,</span> <span class='ocrx_word' id='word_1_528' title='bbox 603 3967 725 4032; x_wconf 79' lang='grc' dir='ltr'>τοὺς</span> <span class='ocrx_word' id='word_1_529' title='bbox 809 3969 1214 4049; x_wconf 77' lang='grc' dir='ltr'>ἐπινοουμένως</span> <span class='ocrx_word' id='word_1_530' title='bbox 1276 3974 1446 4031; x_wconf 84' lang='grc' dir='ltr'>πάντα</span> <span class='ocrx_word' id='word_1_531' title='bbox 1530 3972 1596 4029; x_wconf 79' lang='grc' dir='ltr'>τὰ</span> <span class='ocrx_word' id='word_1_532' title='bbox 1676 3973 1736 4029; x_wconf 73' lang='grc' dir='ltr'>ὲκ</span> <span class='ocrx_word' id='word_1_533' title='bbox 1782 3976 1851 4048; x_wconf 73' lang='grc' dir='ltr'><strong>τῇ</strong></span> <span class='ocrx_word' id='word_1_534' title='bbox 1908 3974 1981 4049; x_wconf 72' lang='grc' dir='ltr'><strong>γῇ</strong></span> 
     </span>
    </p>
   </div>
   <div class='ocr_carea' id='block_1_76' title="bbox 336 4055 1978 4143">
    <p class='ocr_par' dir='ltr' id='par_1_76' title="bbox 336 4055 1978 4143">
     <span class='ocr_line' id='line_1_76' title="bbox 336 4055 1978 4143; baseline 0.002 -33"><span class='ocrx_word' id='word_1_535' title='bbox 336 4055 521 4120; x_wconf 76' lang='grc' dir='ltr'>αὺτοῖς</span> <span class='ocrx_word' id='word_1_536' title='bbox 576 4055 970 4117; x_wconf 81' lang='grc' dir='ltr'>λυσιτελοῦντα’</span> <span class='ocrx_word' id='word_1_537' title='bbox 1029 4063 1169 4128; x_wconf 71' lang='grc' dir='ltr'>υἱοὺς</span> <span class='ocrx_word' id='word_1_538' title='bbox 1249 4061 1303 4119; x_wconf 78' lang='grc' dir='ltr'>δὲ</span> <span class='ocrx_word' id='word_1_539' title='bbox 1335 4065 1534 4143; x_wconf 74' lang='grc' dir='ltr'>φωτὸς,</span> <span class='ocrx_word' id='word_1_540' title='bbox 1574 4063 1693 4136; x_wconf 87' lang='grc' dir='ltr'>τούς</span> <span class='ocrx_word' id='word_1_541' title='bbox 1739 4058 1978 4140; x_wconf 75' lang='grc' dir='ltr'>ὁφεὶλον-</span> 
     </span>
    </p>
   </div>
   <div class='ocr_carea' id='block_1_77' title="bbox 337 4145 1979 4232">
    <p class='ocr_par' dir='ltr' id='par_1_77' title="bbox 337 4145 1979 4232">
     <span class='ocr_line' id='line_1_77' title="bbox 337 4145 1979 4232; baseline -0.004 -23"><span class='ocrx_word' id='word_1_542' title='bbox 337 4165 432 4232; x_wconf 59' lang='grc' dir='ltr'><strong>τας</strong></span> <span class='ocrx_word' id='word_1_543' title='bbox 501 4145 591 4201; x_wconf 71' lang='grc' dir='ltr'><strong>τὸν</strong></span> <span class='ocrx_word' id='word_1_544' title='bbox 647 4151 1004 4223; x_wconf 79' lang='grc' dir='ltr'>πνευματικὸν</span> <span class='ocrx_word' id='word_1_545' title='bbox 1074 4150 1299 4210; x_wconf 83' lang='grc' dir='ltr'>πλοῦτον</span> <span class='ocrx_word' id='word_1_546' title='bbox 1356 4151 1813 4232; x_wconf 84' lang='grc' dir='ltr'>μεταχειρίζεσθαι</span> <span class='ocrx_word' id='word_1_547' title='bbox 1855 4152 1979 4205; x_wconf 64' lang='grc' dir='ltr'>θεοὸ</span> 
     </span>
    </p>
   </div>
   <div class='ocr_carea' id='block_1_78' title="bbox 337 4231 1982 4321">
    <p class='ocr_par' dir='ltr' id='par_1_78' title="bbox 337 4231 1982 4321">
     <span class='ocr_line' id='line_1_78' title="bbox 337 4231 1982 4321; baseline -0.013 -9"><span class='ocrx_word' id='word_1_548' title='bbox 337 4231 530 4312; x_wconf 63' lang='grc' dir='ltr'>φιλῶςι</span> <span class='ocrx_word' id='word_1_549' title='bbox 589 4244 753 4296; x_wconf 73' lang='grc' dir='ltr'>Τοῦτο</span> <span class='ocrx_word' id='word_1_550' title='bbox 810 4246 897 4297; x_wconf 84' lang='grc' dir='ltr'>οὖν</span> <span class='ocrx_word' id='word_1_551' title='bbox 951 4239 1118 4320; x_wconf 81' lang='grc' dir='ltr'>λέγει,</span> <span class='ocrx_word' id='word_1_552' title='bbox 1171 4241 1252 4299; x_wconf 79' lang='grc' dir='ltr'><strong>ὅτι</strong></span> <span class='ocrx_word' id='word_1_553' title='bbox 1309 4245 1369 4301; x_wconf 76' lang='grc' dir='ltr'><strong>Οἱ</strong></span> <span class='ocrx_word' id='word_1_554' title='bbox 1423 4231 1687 4321; x_wconf 75' lang='grc' dir='ltr'>ἅνθρωποι</span> <span class='ocrx_word' id='word_1_555' title='bbox 1715 4237 1982 4314; x_wconf 77' lang='grc' dir='ltr'>οἰκονόμοι</span> 
     </span>
    </p>
   </div>
   <div class='ocr_carea' id='block_1_79' title="bbox 2055 3157 3697 3238">
    <p class='ocr_par' dir='ltr' id='par_1_79' title="bbox 2055 3157 3697 3238">
     <span class='ocr_line' id='line_1_79' title="bbox 2055 3157 3697 3238; baseline -0.001 -18"><span class='ocrx_word' id='word_1_556' title='bbox 2055 3178 2189 3220; x_wconf 85' lang='lat' dir='ltr'><strong>mur</strong></span> <span class='ocrx_word' id='word_1_557' title='bbox 2224 3159 2286 3218; x_wconf 93' lang='lat' dir='ltr'><strong>in</strong></span> <span class='ocrx_word' id='word_1_558' title='bbox 2317 3166 2538 3221; x_wconf 68' lang='lat' dir='ltr'><strong>aeterna</strong></span> <span class='ocrx_word' id='word_1_559' title='bbox 2569 3159 2950 3222; x_wconf 84' lang='lat' dir='ltr'><strong>tabernacula</strong></span> <span class='ocrx_word' id='word_1_560' title='bbox 2978 3157 3078 3219; x_wconf 91' lang='lat' dir='ltr'><strong>Sic</strong></span> <span class='ocrx_word' id='word_1_561' title='bbox 3108 3157 3286 3237; x_wconf 86' lang='lat' dir='ltr'><strong>igitur</strong></span> <span class='ocrx_word' id='word_1_562' title='bbox 3318 3157 3490 3217; x_wconf 89' lang='lat' dir='ltr'><strong>nobis</strong></span> <span class='ocrx_word' id='word_1_563' title='bbox 3511 3176 3697 3238; x_wconf 83' lang='lat' dir='ltr'><strong>expo-</strong></span> 
     </span>
    </p>
   </div>
   <div class='ocr_carea' id='block_1_80' title="bbox 2056 3245 3699 3330">
    <p class='ocr_par' dir='ltr' id='par_1_80' title="bbox 2056 3245 3699 3330">
     <span class='ocr_line' id='line_1_80' title="bbox 2056 3245 3699 3330; baseline -0.002 -19"><span class='ocrx_word' id='word_1_564' title='bbox 2056 3247 2338 3311; x_wconf 88' lang='lat' dir='ltr'><strong>nentibus</strong></span> <span class='ocrx_word' id='word_1_565' title='bbox 2357 3249 2875 3330; x_wconf 89' lang='lat' dir='ltr'><strong>parabolam,nibil</strong></span> <span class='ocrx_word' id='word_1_566' title='bbox 2896 3247 2984 3310; x_wconf 90' lang='lat' dir='ltr'><strong>vel</strong></span> <span class='ocrx_word' id='word_1_567' title='bbox 3001 3245 3494 3328; x_wconf 86' lang='lat' dir='ltr'><strong>superﬂuum,vel</strong></span> <span class='ocrx_word' id='word_1_568' title='bbox 3510 3246 3699 3307; x_wconf 87' lang='lat' dir='ltr'><strong>curio-</strong></span> 
     </span>
    </p>
   </div>
   <div class='ocr_carea' id='block_1_81' title="bbox 2057 3334 3699 3414">
    <p class='ocr_par' dir='ltr' id='par_1_81' title="bbox 2057 3334 3699 3414">
     <span class='ocr_line' id='line_1_81' title="bbox 2057 3334 3699 3414; baseline -0.002 -13"><span class='ocrx_word' id='word_1_569' title='bbox 2057 3338 2309 3414; x_wconf 85' lang='lat' dir='ltr'><strong>sum,vel</strong></span> <span class='ocrx_word' id='word_1_570' title='bbox 2340 3340 2808 3400; x_wconf 89' lang='lat' dir='ltr'><strong>somniculosum</strong></span> <span class='ocrx_word' id='word_1_571' title='bbox 2841 3336 3176 3408; x_wconf 80' lang='lat' dir='ltr'><strong>enarranda</strong></span> <span class='ocrx_word' id='word_1_572' title='bbox 3195 3344 3490 3399; x_wconf 88' lang='lat' dir='ltr'><strong>occurret.</strong></span> <span class='ocrx_word' id='word_1_573' title='bbox 3512 3334 3699 3397; x_wconf 88' lang='lat' dir='ltr'><strong>Vide-</strong></span> 
     </span>
    </p>
   </div>
   <div class='ocr_carea' id='block_1_82' title="bbox 2059 3424 3694 3508">
    <p class='ocr_par' dir='ltr' id='par_1_82' title="bbox 2059 3424 3694 3508">
     <span class='ocr_line' id='line_1_82' title="bbox 2059 3424 3694 3508; baseline -0.001 -19"><span class='ocrx_word' id='word_1_574' title='bbox 2059 3436 2159 3489; x_wconf 88' lang='lat' dir='ltr'><strong>tur</strong></span> <span class='ocrx_word' id='word_1_575' title='bbox 2178 3435 2373 3488; x_wconf 81' lang='lat' dir='ltr'><strong>autem</strong></span> <span class='ocrx_word' id='word_1_576' title='bbox 2399 3437 2457 3489; x_wconf 93' lang='lat' dir='ltr'><strong>et</strong></span> <span class='ocrx_word' id='word_1_577' title='bbox 2475 3427 2737 3490; x_wconf 90' lang='lat' dir='ltr'><strong>alienum</strong></span> <span class='ocrx_word' id='word_1_578' title='bbox 2771 3427 3051 3508; x_wconf 88' lang='lat' dir='ltr'><strong>quiddam</strong></span> <span class='ocrx_word' id='word_1_579' title='bbox 3082 3424 3436 3505; x_wconf 84' lang='lat' dir='ltr'><strong>signiﬁcare.</strong></span> <span class='ocrx_word' id='word_1_580' title='bbox 3466 3424 3694 3487; x_wconf 89' lang='lat' dir='ltr'><strong>dicens:</strong></span> 
     </span>
    </p>
   </div>
   <div class='ocr_carea' id='block_1_83' title="bbox 2055 3512 3701 3599">
    <p class='ocr_par' dir='ltr' id='par_1_83' title="bbox 2055 3512 3701 3599">
     <span class='ocr_line' id='line_1_83' title="bbox 2055 3512 3701 3599; baseline -0.004 -19"><span class='ocrx_word' id='word_1_581' title='bbox 2055 3515 2187 3580; x_wconf 88' lang='lat' dir='ltr'><strong>Filii</strong></span> <span class='ocrx_word' id='word_1_582' title='bbox 2206 3518 2382 3597; x_wconf 86' lang='lat' dir='ltr'><strong>hujus</strong></span> <span class='ocrx_word' id='word_1_583' title='bbox 2413 3518 2615 3579; x_wconf 71' lang='lat' dir='ltr'><strong>saeculi</strong></span> <span class='ocrx_word' id='word_1_584' title='bbox 2640 3517 3054 3599; x_wconf 83' lang='lat' dir='ltr'><strong>prudentiores</strong></span> <span class='ocrx_word' id='word_1_585' title='bbox 3070 3512 3486 3596; x_wconf 87' lang='lat' dir='ltr'><strong>sunt,etc.Non</strong></span> <span class='ocrx_word' id='word_1_586' title='bbox 3506 3522 3701 3576; x_wconf 88' lang='lat' dir='ltr'><strong>autem</strong></span> 
     </span>
    </p>
   </div>
   <div class='ocr_carea' id='block_1_84' title="bbox 2056 3603 3703 3688">
    <p class='ocr_par' dir='ltr' id='par_1_84' title="bbox 2056 3603 3703 3688">
     <span class='ocr_line' id='line_1_84' title="bbox 2056 3603 3703 3688; baseline -0.002 -19"><span class='ocrx_word' id='word_1_587' title='bbox 2056 3606 2211 3669; x_wconf 87' lang='lat' dir='ltr'><strong>male</strong></span> <span class='ocrx_word' id='word_1_588' title='bbox 2242 3610 2520 3682; x_wconf 78' lang='lat' dir='ltr'><strong>cohaeret,</strong></span> <span class='ocrx_word' id='word_1_589' title='bbox 2560 3626 2753 3688; x_wconf 89' lang='lat' dir='ltr'><strong>neque</strong></span> <span class='ocrx_word' id='word_1_590' title='bbox 2783 3608 3044 3669; x_wconf 89' lang='lat' dir='ltr'><strong>alienum</strong></span> <span class='ocrx_word' id='word_1_591' title='bbox 3069 3604 3376 3667; x_wconf 84' lang='lat' dir='ltr'><strong>est.Filios</strong></span> <span class='ocrx_word' id='word_1_592' title='bbox 3400 3603 3562 3664; x_wconf 90' lang='lat' dir='ltr'><strong>enim</strong></span> <span class='ocrx_word' id='word_1_593' title='bbox 3587 3605 3703 3665; x_wconf 82' lang='lat' dir='ltr'><strong>liu-</strong></span> 
     </span>
    </p>
   </div>
   <div class='ocr_carea' id='block_1_85' title="bbox 2050 3692 3705 3779">
    <p class='ocr_par' dir='ltr' id='par_1_85' title="bbox 2050 3692 3705 3779">
     <span class='ocr_line' id='line_1_85' title="bbox 2050 3692 3705 3779; baseline -0.003 -21"><span class='ocrx_word' id='word_1_594' title='bbox 2050 3698 2150 3777; x_wconf 89' lang='lat' dir='ltr'><strong>jus</strong></span> <span class='ocrx_word' id='word_1_595' title='bbox 2181 3696 2383 3759; x_wconf 62' lang='lat' dir='ltr'><strong>saeculi</strong></span> <span class='ocrx_word' id='word_1_596' title='bbox 2405 3697 2548 3759; x_wconf 85' lang='lat' dir='ltr'><strong>dicit</strong></span> <span class='ocrx_word' id='word_1_597' title='bbox 2566 3716 2668 3759; x_wconf 91' lang='lat' dir='ltr'><strong>eos</strong></span> <span class='ocrx_word' id='word_1_598' title='bbox 2696 3697 2797 3779; x_wconf 90' lang='lat' dir='ltr'><strong>qui</strong></span> <span class='ocrx_word' id='word_1_599' title='bbox 2818 3692 3273 3758; x_wconf 87' lang='lat' dir='ltr'><strong>laudantomnia</strong></span> <span class='ocrx_word' id='word_1_600' title='bbox 3298 3710 3430 3774; x_wconf 66' lang='lat' dir='ltr'><strong>quae</strong></span> <span class='ocrx_word' id='word_1_601' title='bbox 3458 3692 3705 3755; x_wconf 88' lang='lat' dir='ltr'><strong>interra</strong></span> 
     </span>
    </p>
   </div>
   <div class='ocr_carea' id='block_1_86' title="bbox 2058 3780 3705 3862">
    <p class='ocr_par' dir='ltr' id='par_1_86' title="bbox 2058 3780 3705 3862">
     <span class='ocr_line' id='line_1_86' title="bbox 2058 3780 3705 3862; baseline -0.004 -15"><span class='ocrx_word' id='word_1_602' title='bbox 2058 3786 2296 3847; x_wconf 88' lang='lat' dir='ltr'><strong>lucrosa</strong></span> <span class='ocrx_word' id='word_1_603' title='bbox 2327 3794 2465 3847; x_wconf 90' lang='lat' dir='ltr'><strong>sunt</strong></span> <span class='ocrx_word' id='word_1_604' title='bbox 2496 3786 2686 3849; x_wconf 85' lang='lat' dir='ltr'><strong>:lilios</strong></span> <span class='ocrx_word' id='word_1_605' title='bbox 2716 3804 2853 3847; x_wconf 88' lang='lat' dir='ltr'><strong>vero</strong></span> <span class='ocrx_word' id='word_1_606' title='bbox 2885 3784 3054 3855; x_wconf 83' lang='lat' dir='ltr'><strong>lucis,</strong></span> <span class='ocrx_word' id='word_1_607' title='bbox 3092 3800 3195 3843; x_wconf 90' lang='lat' dir='ltr'><strong>eos</strong></span> <span class='ocrx_word' id='word_1_608' title='bbox 3223 3781 3327 3861; x_wconf 89' lang='lat' dir='ltr'><strong>qui</strong></span> <span class='ocrx_word' id='word_1_609' title='bbox 3357 3780 3579 3842; x_wconf 93' lang='lat' dir='ltr'><strong>debent</strong></span> <span class='ocrx_word' id='word_1_610' title='bbox 3609 3782 3705 3862; x_wconf 91' lang='lat' dir='ltr'><strong>pie</strong></span> 
     </span>
    </p>
   </div>
   <div class='ocr_carea' id='block_1_87' title="bbox 2057 3869 3700 3954">
    <p class='ocr_par' dir='ltr' id='par_1_87' title="bbox 2057 3869 3700 3954">
     <span class='ocr_line' id='line_1_87' title="bbox 2057 3869 3700 3954; baseline -0.002 -19"><span class='ocrx_word' id='word_1_611' title='bbox 2057 3873 2398 3954; x_wconf 85' lang='lat' dir='ltr'><strong>Spirituales</strong></span> <span class='ocrx_word' id='word_1_612' title='bbox 2427 3874 2661 3936; x_wconf 87' lang='lat' dir='ltr'><strong>divitias</strong></span> <span class='ocrx_word' id='word_1_613' title='bbox 2686 3873 3153 3937; x_wconf 90' lang='lat' dir='ltr'><strong>communicare.</strong></span> <span class='ocrx_word' id='word_1_614' title='bbox 3176 3869 3299 3931; x_wconf 86' lang='lat' dir='ltr'><strong>Hoc</strong></span> <span class='ocrx_word' id='word_1_615' title='bbox 3320 3870 3496 3946; x_wconf 83' lang='lat' dir='ltr'><strong>igitur</strong></span> <span class='ocrx_word' id='word_1_616' title='bbox 3523 3871 3700 3933; x_wconf 90' lang='lat' dir='ltr'><strong>dicit:</strong></span> 
     </span>
    </p>
   </div>
   <div class='ocr_carea' id='block_1_88' title="bbox 2057 3959 3698 4045">
    <p class='ocr_par' dir='ltr' id='par_1_88' title="bbox 2057 3959 3698 4045">
     <span class='ocr_line' id='line_1_88' title="bbox 2057 3959 3698 4045; baseline -0.002 -21"><span class='ocrx_word' id='word_1_617' title='bbox 2057 3962 2346 4026; x_wconf 86' lang='lat' dir='ltr'><strong>Homines</strong></span> <span class='ocrx_word' id='word_1_618' title='bbox 2375 3964 2652 4027; x_wconf 85' lang='lat' dir='ltr'><strong>humanis</strong></span> <span class='ocrx_word' id='word_1_619' title='bbox 2680 3960 3221 4045; x_wconf 85' lang='lat' dir='ltr'><strong>dispensationibus</strong></span> <span class='ocrx_word' id='word_1_620' title='bbox 3243 3959 3529 4040; x_wconf 85' lang='lat' dir='ltr'><strong>praefecti,</strong></span> <span class='ocrx_word' id='word_1_621' title='bbox 3570 3978 3698 4020; x_wconf 86' lang='lat' dir='ltr'><strong>om-</strong></span> 
     </span>
    </p>
   </div>
   <div class='ocr_carea' id='block_1_89' title="bbox 2061 4047 3704 4131">
    <p class='ocr_par' dir='ltr' id='par_1_89' title="bbox 2061 4047 3704 4131">
     <span class='ocr_line' id='line_1_89' title="bbox 2061 4047 3704 4131; baseline -0.003 -17"><span class='ocrx_word' id='word_1_622' title='bbox 2061 4052 2239 4115; x_wconf 89' lang='lat' dir='ltr'><strong>nibus</strong></span> <span class='ocrx_word' id='word_1_623' title='bbox 2290 4054 2481 4115; x_wconf 89' lang='lat' dir='ltr'><strong>modis</strong></span> <span class='ocrx_word' id='word_1_624' title='bbox 2512 4072 2718 4116; x_wconf 90' lang='lat' dir='ltr'><strong>curam</strong></span> <span class='ocrx_word' id='word_1_625' title='bbox 2760 4051 2977 4115; x_wconf 87' lang='lat' dir='ltr'><strong>habent</strong></span> <span class='ocrx_word' id='word_1_626' title='bbox 3016 4058 3076 4112; x_wconf 91' lang='lat' dir='ltr'><strong>et</strong></span> <span class='ocrx_word' id='word_1_627' title='bbox 3122 4047 3434 4131; x_wconf 89' lang='lat' dir='ltr'><strong>provident</strong></span> <span class='ocrx_word' id='word_1_628' title='bbox 3483 4056 3547 4109; x_wconf 93' lang='lat' dir='ltr'><strong>nt</strong></span> <span class='ocrx_word' id='word_1_629' title='bbox 3569 4066 3704 4109; x_wconf 83' lang='lat' dir='ltr'><strong>cum</strong></span> 
     </span>
    </p>
   </div>
   <div class='ocr_carea' id='block_1_90' title="bbox 2066 4138 3705 4223">
    <p class='ocr_par' dir='ltr' id='par_1_90' title="bbox 2066 4138 3705 4223">
     <span class='ocr_line' id='line_1_90' title="bbox 2066 4138 3705 4223; baseline -0.002 -20"><span class='ocrx_word' id='word_1_630' title='bbox 2066 4141 2332 4204; x_wconf 88' lang='lat' dir='ltr'><strong>destituti</strong></span> <span class='ocrx_word' id='word_1_631' title='bbox 2356 4142 2577 4205; x_wconf 79' lang='lat' dir='ltr'><strong>fuerint</strong></span> <span class='ocrx_word' id='word_1_632' title='bbox 2605 4163 2640 4204; x_wconf 89' lang='lat' dir='ltr'><strong>a</strong></span> <span class='ocrx_word' id='word_1_633' title='bbox 2661 4140 3121 4223; x_wconf 89' lang='lat' dir='ltr'><strong>dispensationis</strong></span> <span class='ocrx_word' id='word_1_634' title='bbox 3145 4156 3413 4216; x_wconf 87' lang='lat' dir='ltr'><strong>munere,</strong></span> <span class='ocrx_word' id='word_1_635' title='bbox 3432 4138 3705 4200; x_wconf 86' lang='lat' dir='ltr'><strong>consola-</strong></span> 
     </span>
    </p>
   </div>
   <div class='ocr_carea' id='block_1_91' title="bbox 2067 4227 3702 4313">
    <p class='ocr_par' dir='ltr' id='par_1_91' title="bbox 2067 4227 3702 4313">
     <span class='ocr_line' id='line_1_91' title="bbox 2067 4227 3702 4313; baseline -0.001 -22"><span class='ocrx_word' id='word_1_636' title='bbox 2067 4230 2288 4295; x_wconf 90' lang='lat' dir='ltr'><strong>tionem</strong></span> <span class='ocrx_word' id='word_1_637' title='bbox 2312 4231 2589 4313; x_wconf 87' lang='lat' dir='ltr'><strong>habeant;</strong></span> <span class='ocrx_word' id='word_1_638' title='bbox 2623 4232 2725 4312; x_wconf 89' lang='lat' dir='ltr'><strong>qui</strong></span> <span class='ocrx_word' id='word_1_639' title='bbox 2753 4239 2950 4293; x_wconf 87' lang='lat' dir='ltr'><strong>autem</strong></span> <span class='ocrx_word' id='word_1_640' title='bbox 2990 4228 3094 4289; x_wconf 86' lang='lat' dir='ltr'><strong>filii</strong></span> <span class='ocrx_word' id='word_1_641' title='bbox 3137 4227 3287 4289; x_wconf 88' lang='lat' dir='ltr'><strong>lucis</strong></span> <span class='ocrx_word' id='word_1_642' title='bbox 3332 4227 3702 4304; x_wconf 87' lang='lat' dir='ltr'><strong>ordinantur,</strong></span> 
     </span>
    </p>
   </div>
   <div class='ocr_carea' id='block_1_92' title="bbox 338 4316 1968 4416">
    <p class='ocr_par' dir='ltr' id='par_1_92' title="bbox 338 4316 1968 4407">
     <span class='ocr_line' id='line_1_92' title="bbox 338 4316 1968 4407; baseline 0.005 -31"><span class='ocrx_word' id='word_1_643' title='bbox 338 4322 438 4395; x_wconf 76' lang='grc' dir='ltr'>μὶν</span> <span class='ocrx_word' id='word_1_644' title='bbox 524 4323 859 4404; x_wconf 79' lang='grc' dir='ltr'>ἀνθρωπίνων</span> <span class='ocrx_word' id='word_1_645' title='bbox 952 4316 1267 4402; x_wconf 76' lang='grc' dir='ltr'>διοικήσεων</span> <span class='ocrx_word' id='word_1_646' title='bbox 1348 4316 1719 4407; x_wconf 73' lang='grc' dir='ltr'>καθιστάμενοι</span> <span class='ocrx_word' id='word_1_647' title='bbox 1809 4328 1968 4385; x_wconf 77' lang='grc' dir='ltr'>πάντα</span> 
     </span>
    </p>
   </div>
   <div class='ocr_carea' id='block_1_93' title="bbox 2051 4316 3708 4416">
    <p class='ocr_par' dir='ltr' id='par_1_93' title="bbox 2067 4316 3708 4416">
     <span class='ocr_line' id='line_1_93' title="bbox 2067 4316 3708 4416; baseline -0.001 -35"><span class='ocrx_word' id='word_1_648' title='bbox 2067 4319 2180 4382; x_wconf 89' lang='lat' dir='ltr'><strong>hoc</strong></span> <span class='ocrx_word' id='word_1_649' title='bbox 2204 4328 2322 4416; x_wconf 80' lang='lat' dir='ltr'><strong>est,</strong></span> <span class='ocrx_word' id='word_1_650' title='bbox 2354 4321 2571 4403; x_wconf 89' lang='lat' dir='ltr'><strong>quibus</strong></span> <span class='ocrx_word' id='word_1_651' title='bbox 2600 4320 2941 4416; x_wconf 84' lang='lat' dir='ltr'><strong>concredita</strong></span> <span class='ocrx_word' id='word_1_652' title='bbox 2962 4326 3054 4381; x_wconf 88' lang='lat' dir='ltr'><strong>est</strong></span> <span class='ocrx_word' id='word_1_653' title='bbox 3080 4316 3403 4416; x_wconf 79' lang='lat' dir='ltr'><strong>spiritualis</strong></span> <span class='ocrx_word' id='word_1_654' title='bbox 3434 4318 3708 4416; x_wconf 69' lang='lat' dir='ltr'><strong>pecunia-</strong></span> 
     </span>
    </p>
   </div>
   <div class='ocr_carea' id='block_1_94' title="bbox 337 4418 1975 4496">
    <p class='ocr_par' dir='ltr' id='par_1_94' title="bbox 337 4418 1975 4496">
     <span class='ocr_line' id='line_1_94' title="bbox 337 4418 1975 4496; baseline 0.01 -30"><span class='ocrx_word' id='word_1_655' title='bbox 337 4432 536 4490; x_wconf 87' lang='grc' dir='ltr'>τροπον</span> <span class='ocrx_word' id='word_1_656' title='bbox 593 4418 1077 4494; x_wconf 84' lang='grc' dir='ltr'>πραγματεύονται,</span> <span class='ocrx_word' id='word_1_657' title='bbox 1139 4418 1284 4487; x_wconf 78' lang='grc' dir='ltr'>ὅπως</span> <span class='ocrx_word' id='word_1_658' title='bbox 1340 4422 1476 4489; x_wconf 79' lang='grc' dir='ltr'>μετὰ</span> <span class='ocrx_word' id='word_1_659' title='bbox 1516 4421 1579 4477; x_wconf 80' lang='grc' dir='ltr'>τὸ</span> <span class='ocrx_word' id='word_1_660' title='bbox 1639 4420 1975 4496; x_wconf 78' lang='grc' dir='ltr'>μετασθαθῆ-</span> 
     </span>
    </p>
   </div>
   <div class='ocr_carea' id='block_1_95' title="bbox 339 4501 1977 4591">
    <p class='ocr_par' dir='ltr' id='par_1_95' title="bbox 339 4501 1977 4591">
     <span class='ocr_line' id='line_1_95' title="bbox 339 4501 1977 4591; baseline 0.002 -36"><span class='ocrx_word' id='word_1_661' title='bbox 339 4522 421 4555; x_wconf 91' lang='grc' dir='ltr'><strong>ναι</strong></span> <span class='ocrx_word' id='word_1_662' title='bbox 486 4501 545 4558; x_wconf 80' lang='grc' dir='ltr'>ἐκ</span> <span class='ocrx_word' id='word_1_663' title='bbox 596 4502 695 4572; x_wconf 83' lang='grc' dir='ltr'><strong>τῆς</strong></span> <span class='ocrx_word' id='word_1_664' title='bbox 766 4507 1091 4586; x_wconf 75' lang='grc' dir='ltr'>οἰκονομίας,</span> <span class='ocrx_word' id='word_1_665' title='bbox 1164 4509 1333 4591; x_wconf 75' lang='grc' dir='ltr'>ἔχωσι</span> <span class='ocrx_word' id='word_1_666' title='bbox 1389 4514 1736 4590; x_wconf 61' lang='grc' dir='ltr'>παρηγορίαν</span> <span class='ocrx_word' id='word_1_667' title='bbox 1770 4508 1869 4564; x_wconf 73' lang='grc' dir='ltr'>υἱοὶ</span> <span class='ocrx_word' id='word_1_668' title='bbox 1923 4501 1977 4559; x_wconf 71' lang='grc' dir='ltr'>δὲ</span> 
     </span>
    </p>
   </div>
   <div class='ocr_carea' id='block_1_96' title="bbox 340 4591 1978 4677">
    <p class='ocr_par' dir='ltr' id='par_1_96' title="bbox 340 4591 1978 4677">
     <span class='ocr_line' id='line_1_96' title="bbox 340 4591 1978 4677; baseline 0.012 -32"><span class='ocrx_word' id='word_1_669' title='bbox 340 4591 513 4669; x_wconf 74' lang='grc' dir='ltr'>φωτὸς</span> <span class='ocrx_word' id='word_1_670' title='bbox 581 4596 918 4673; x_wconf 85' lang='grc' dir='ltr'>ταττόμενοι,</span> <span class='ocrx_word' id='word_1_671' title='bbox 990 4599 1249 4676; x_wconf 80' lang='grc' dir='ltr'>τουτέστι,</span> <span class='ocrx_word' id='word_1_672' title='bbox 1312 4600 1676 4677; x_wconf 65' lang='grc' dir='ltr'>πνευματικὴν</span> <span class='ocrx_word' id='word_1_673' title='bbox 1719 4597 1978 4663; x_wconf 74' lang='grc' dir='ltr'>διοίκησιν</span> 
     </span>
    </p>
   </div>
   <div class='ocr_carea' id='block_1_97' title="bbox 337 4682 1977 4771">
    <p class='ocr_par' dir='ltr' id='par_1_97' title="bbox 337 4682 1977 4771">
     <span class='ocr_line' id='line_1_97' title="bbox 337 4682 1977 4771; baseline 0.011 -35"><span class='ocrx_word' id='word_1_674' title='bbox 337 4682 634 4761; x_wconf 64' lang='grc' dir='ltr'>χρημάτων</span> <span class='ocrx_word' id='word_1_675' title='bbox 676 4690 1065 4771; x_wconf 85' lang='grc' dir='ltr'>πιστευόμενοι,</span> <span class='ocrx_word' id='word_1_676' title='bbox 1128 4690 1275 4749; x_wconf 76' lang='grc' dir='ltr'>ούδὲν</span> <span class='ocrx_word' id='word_1_677' title='bbox 1343 4691 1668 4752; x_wconf 81' lang='grc' dir='ltr'>ἒπινοοῦνται</span> <span class='ocrx_word' id='word_1_678' title='bbox 1726 4710 1858 4769; x_wconf 83' lang='grc' dir='ltr'>προς</span> <span class='ocrx_word' id='word_1_679' title='bbox 1914 4686 1977 4743; x_wconf 77' lang='grc' dir='ltr'>τδ</span> 
     </span>
    </p>
   </div>
   <div class='ocr_carea' id='block_1_98' title="bbox 343 4769 1989 4851">
    <p class='ocr_par' dir='ltr' id='par_1_98' title="bbox 343 4769 1989 4851">
     <span class='ocr_line' id='line_1_98' title="bbox 343 4769 1989 4851; baseline -0.002 -12"><span class='ocrx_word' id='word_1_680' title='bbox 343 4769 683 4849; x_wconf 71' lang='grc' dir='ltr'>ὠφεληθῆναι</span> <span class='ocrx_word' id='word_1_681' title='bbox 742 4777 878 4851; x_wconf 79' lang='grc' dir='ltr'>μετὰ</span> <span class='ocrx_word' id='word_1_682' title='bbox 932 4769 1120 4837; x_wconf 82' lang='grc' dir='ltr'>ταῦτα’</span> <span class='ocrx_word' id='word_1_683' title='bbox 1177 4782 1273 4840; x_wconf 75' lang='grc' dir='ltr'>υἱοὶ</span> <span class='ocrx_word' id='word_1_684' title='bbox 1329 4781 1419 4838; x_wconf 78' lang='grc' dir='ltr'>οὖν</span> <span class='ocrx_word' id='word_1_685' title='bbox 1447 4790 1542 4839; x_wconf 79' lang='grc' dir='ltr'>τοῦ</span> <span class='ocrx_word' id='word_1_686' title='bbox 1589 4782 1775 4845; x_wconf 80' lang='grc' dir='ltr'>αἰῶνος</span> <span class='ocrx_word' id='word_1_687' title='bbox 1803 4778 1989 4835; x_wconf 81' lang='grc' dir='ltr'>τούτου</span> 
     </span>
    </p>
   </div>
   <div class='ocr_carea' id='block_1_99' title="bbox 346 4860 1990 4947">
    <p class='ocr_par' dir='ltr' id='par_1_99' title="bbox 346 4860 1990 4947">
     <span class='ocr_line' id='line_1_99' title="bbox 346 4860 1990 4947; baseline 0.004 -29"><span class='ocrx_word' id='word_1_688' title='bbox 346 4862 393 4918; x_wconf 75' lang='grc' dir='ltr'>οἱ</span> <span class='ocrx_word' id='word_1_689' title='bbox 449 4860 774 4941; x_wconf 81' lang='grc' dir='ltr'>ἀνθρωπίνας</span> <span class='ocrx_word' id='word_1_690' title='bbox 830 4864 1116 4938; x_wconf 76' lang='grc' dir='ltr'>διοικήσεις</span> <span class='ocrx_word' id='word_1_691' title='bbox 1170 4871 1601 4947; x_wconf 82' lang='grc' dir='ltr'>πεπιστευμένοι.</span> <span class='ocrx_word' id='word_1_692' title='bbox 1660 4871 1747 4926; x_wconf 85' lang='grc' dir='ltr'><strong>καὶ</strong></span> <span class='ocrx_word' id='word_1_693' title='bbox 1804 4865 1859 4923; x_wconf 81' lang='grc' dir='ltr'><strong>ἑν</strong></span> <span class='ocrx_word' id='word_1_694' title='bbox 1919 4870 1990 4943; x_wconf 77' lang='grc' dir='ltr'><strong>τῇ</strong></span> 
     </span>
    </p>
   </div>
   <div class='ocr_carea' id='block_1_100' title="bbox 350 4954 1987 5041">
    <p class='ocr_par' dir='ltr' id='par_1_100' title="bbox 350 4954 1987 5041">
     <span class='ocr_line' id='line_1_100' title="bbox 350 4954 1987 5041; baseline 0.015 -36"><span class='ocrx_word' id='word_1_695' title='bbox 350 4957 505 5029; x_wconf 79' lang='grc' dir='ltr'>γενεᾷ</span> <span class='ocrx_word' id='word_1_696' title='bbox 560 4956 628 5027; x_wconf 78' lang='grc' dir='ltr'><strong>τῇ</strong></span> <span class='ocrx_word' id='word_1_697' title='bbox 685 4954 910 5037; x_wconf 81' lang='grc' dir='ltr'>ἑαυτῶν,</span> <span class='ocrx_word' id='word_1_698' title='bbox 967 4957 1257 5041; x_wconf 83' lang='grc' dir='ltr'>τουτέστιν,</span> <span class='ocrx_word' id='word_1_699' title='bbox 1287 4959 1339 5018; x_wconf 77' lang='grc' dir='ltr'>ἐν</span> <span class='ocrx_word' id='word_1_700' title='bbox 1396 4967 1473 5037; x_wconf 84' lang='grc' dir='ltr'>τῷ</span> <span class='ocrx_word' id='word_1_701' title='bbox 1502 4961 1600 5037; x_wconf 81' lang='grc' dir='ltr'>βίῳ</span> <span class='ocrx_word' id='word_1_702' title='bbox 1627 4960 1819 5038; x_wconf 72' lang='grc' dir='ltr'>τούτῳ,</span> <span class='ocrx_word' id='word_1_703' title='bbox 1851 4979 1987 5037; x_wconf 76' lang='grc' dir='ltr'>φρο-</span> 
     </span>
    </p>
   </div>
   <div class='ocr_carea' id='block_1_101' title="bbox 346 5040 1990 5130">
    <p class='ocr_par' dir='ltr' id='par_1_101' title="bbox 346 5040 1990 5130">
     <span class='ocr_line' id='line_1_101' title="bbox 346 5040 1990 5130; baseline 0.005 -35"><span class='ocrx_word' id='word_1_704' title='bbox 346 5040 509 5117; x_wconf 84' lang='grc' dir='ltr'>νίμως</span> <span class='ocrx_word' id='word_1_705' title='bbox 568 5044 633 5099; x_wconf 79' lang='grc' dir='ltr'><strong>τὰ</strong></span> <span class='ocrx_word' id='word_1_706' title='bbox 682 5044 798 5101; x_wconf 81' lang='grc' dir='ltr'>καθ’</span> <span class='ocrx_word' id='word_1_707' title='bbox 863 5047 1076 5111; x_wconf 77' lang='grc' dir='ltr'>ἑαυτούς</span> <span class='ocrx_word' id='word_1_708' title='bbox 1105 5040 1446 5115; x_wconf 84' lang='grc' dir='ltr'>διοικοῦντες.</span> <span class='ocrx_word' id='word_1_709' title='bbox 1494 5050 1604 5106; x_wconf 76' lang='grc' dir='ltr'>Υἱοὶ</span> <span class='ocrx_word' id='word_1_710' title='bbox 1633 5046 1688 5105; x_wconf 79' lang='grc' dir='ltr'>δὲ</span> <span class='ocrx_word' id='word_1_711' title='bbox 1736 5050 1912 5130; x_wconf 65' lang='grc' dir='ltr'>φωτὸς</span> <span class='ocrx_word' id='word_1_712' title='bbox 1942 5050 1990 5104; x_wconf 77' lang='grc' dir='ltr'>οἱ</span> 
     </span>
    </p>
   </div>
   <div class='ocr_carea' id='block_1_102' title="bbox 344 5131 1985 5218">
    <p class='ocr_par' dir='ltr' id='par_1_102' title="bbox 344 5131 1985 5218">
     <span class='ocr_line' id='line_1_102' title="bbox 344 5131 1985 5218; baseline 0.004 -32"><span class='ocrx_word' id='word_1_713' title='bbox 344 5133 605 5211; x_wconf 75' lang='grc' dir='ltr'>χρήματα</span> <span class='ocrx_word' id='word_1_714' title='bbox 670 5131 947 5211; x_wconf 77' lang='grc' dir='ltr'>λαϐόντες,</span> <span class='ocrx_word' id='word_1_715' title='bbox 1020 5136 1159 5194; x_wconf 84' lang='grc' dir='ltr'>ὣστε</span> <span class='ocrx_word' id='word_1_716' title='bbox 1215 5135 1439 5195; x_wconf 62' lang='grc' dir='ltr'>διοικεῖν</span> <span class='ocrx_word' id='word_1_717' title='bbox 1504 5138 1637 5195; x_wconf 73' lang='grc' dir='ltr'>αὐτὰ</span> <span class='ocrx_word' id='word_1_718' title='bbox 1706 5136 1985 5218; x_wconf 75' lang='grc' dir='ltr'>θεοφιλῶς,</span> 
     </span>
    </p>
   </div>
   <div class='ocr_carea' id='block_1_103' title="bbox 347 5222 1989 5307">
    <p class='ocr_par' dir='ltr' id='par_1_103' title="bbox 347 5222 1989 5307">
     <span class='ocr_line' id='line_1_103' title="bbox 347 5222 1989 5307; baseline 0.005 -31"><span class='ocrx_word' id='word_1_719' title='bbox 347 5222 705 5301; x_wconf 74' lang='grc' dir='ltr'>Εὓρισκόμεθα</span> <span class='ocrx_word' id='word_1_720' title='bbox 756 5224 846 5282; x_wconf 79' lang='grc' dir='ltr'><strong>οὖν</strong></span> <span class='ocrx_word' id='word_1_721' title='bbox 903 5226 959 5281; x_wconf 73' lang='grc' dir='ltr'>ἐν</span> <span class='ocrx_word' id='word_1_722' title='bbox 1009 5226 1107 5304; x_wconf 77' lang='grc' dir='ltr'>μὲν</span> <span class='ocrx_word' id='word_1_723' title='bbox 1148 5240 1271 5292; x_wconf 74' lang='grc' dir='ltr'>ταῖς</span> <span class='ocrx_word' id='word_1_724' title='bbox 1303 5228 1651 5307; x_wconf 78' lang='grc' dir='ltr'>ἀνθρωπίναις</span> <span class='ocrx_word' id='word_1_725' title='bbox 1697 5225 1989 5298; x_wconf 80' lang='grc' dir='ltr'>διοικήσεσι</span> 
     </span>
    </p>
   </div>
   <div class='ocr_carea' id='block_1_104' title="bbox 342 5312 1989 5397">
    <p class='ocr_par' dir='ltr' id='par_1_104' title="bbox 342 5312 1989 5397">
     <span class='ocr_line' id='line_1_104' title="bbox 342 5312 1989 5397; baseline 0.005 -32"><span class='ocrx_word' id='word_1_726' title='bbox 342 5312 605 5391; x_wconf 74' lang='grc' dir='ltr'>φρονίμως</span> <span class='ocrx_word' id='word_1_727' title='bbox 674 5314 740 5373; x_wconf 73' lang='grc' dir='ltr'>τὰ</span> <span class='ocrx_word' id='word_1_728' title='bbox 805 5314 1005 5373; x_wconf 75' lang='grc' dir='ltr'>ἑαυτῶν</span> <span class='ocrx_word' id='word_1_729' title='bbox 1068 5313 1409 5397; x_wconf 72' lang='grc' dir='ltr'>διοικοῦντες,</span> <span class='ocrx_word' id='word_1_730' title='bbox 1471 5318 1571 5394; x_wconf 28' lang='grc' dir='ltr'>καὶ.</span> <span class='ocrx_word' id='word_1_731' title='bbox 1614 5316 1989 5396; x_wconf 84' lang='grc' dir='ltr'>πραγματευό-</span> 
     </span>
    </p>
   </div>
   <div class='ocr_carea' id='block_1_105' title="bbox 349 5401 1985 5484">
    <p class='ocr_par' dir='ltr' id='par_1_105' title="bbox 349 5401 1985 5484">
     <span class='ocr_line' id='line_1_105' title="bbox 349 5401 1985 5484; baseline 0.002 -27"><span class='ocrx_word' id='word_1_732' title='bbox 349 5422 524 5484; x_wconf 84' lang='grc' dir='ltr'>μενοι,</span> <span class='ocrx_word' id='word_1_733' title='bbox 568 5401 684 5477; x_wconf 72' lang='grc' dir='ltr'>ἴνα,</span> <span class='ocrx_word' id='word_1_734' title='bbox 746 5405 789 5461; x_wconf 81' lang='grc' dir='ltr'><strong>εἰ</strong></span> <span class='ocrx_word' id='word_1_735' title='bbox 843 5405 932 5462; x_wconf 79' lang='grc' dir='ltr'><strong>καὶ</strong></span> <span class='ocrx_word' id='word_1_736' title='bbox 997 5404 1311 5483; x_wconf 69' lang='grc' dir='ltr'>ἔκπέσωμέν</span> <span class='ocrx_word' id='word_1_737' title='bbox 1364 5428 1492 5464; x_wconf 85' lang='grc' dir='ltr'>ποτε</span> <span class='ocrx_word' id='word_1_738' title='bbox 1541 5411 1638 5473; x_wconf 78' lang='grc' dir='ltr'><strong>τῆς</strong></span> <span class='ocrx_word' id='word_1_739' title='bbox 1668 5407 1985 5482; x_wconf 78' lang='grc' dir='ltr'>οἰκονομίας,</span> 
     </span>
    </p>
   </div>
   <div class='ocr_carea' id='block_1_106' title="bbox 431 5565 1694 5649">
    <p class='ocr_par' dir='ltr' id='par_1_106' title="bbox 431 5565 1694 5649">
     <span class='ocr_line' id='line_1_106' title="bbox 431 5565 1694 5649; baseline 0.006 -26"><span class='ocrx_word' id='word_1_740' title='bbox 431 5567 515 5618; x_wconf 77' lang='lat'><strong>80&#39;</strong></span> <span class='ocrx_word' id='word_1_741' title='bbox 556 5565 1061 5649; x_wconf 71' lang='lat' dir='ltr'><strong>Psal.xxxv1,26.</strong></span> <span class='ocrx_word' id='word_1_742' title='bbox 1146 5568 1200 5619; x_wconf 68' lang='lat'><strong>8‘</strong></span> <span class='ocrx_word' id='word_1_743' title='bbox 1234 5565 1404 5631; x_wconf 75' lang='lat' dir='ltr'><strong>Prov.</strong></span> <span class='ocrx_word' id='word_1_744' title='bbox 1440 5582 1561 5643; x_wconf 69' lang='lat' dir='ltr'><strong>xxx,</strong></span> <span class='ocrx_word' id='word_1_745' title='bbox 1602 5567 1694 5630; x_wconf 84' lang='lat' dir='ltr'><strong>l7.</strong></span> 
     </span>
    </p>
   </div>
   <div class='ocr_carea' id='block_1_107' title="bbox 2060 4406 3710 4493">
    <p class='ocr_par' dir='ltr' id='par_1_107' title="bbox 2060 4406 3710 4493">
     <span class='ocr_line' id='line_1_107' title="bbox 2060 4406 3710 4493; baseline -0.001 -22"><span class='ocrx_word' id='word_1_746' title='bbox 2060 4426 2192 4471; x_wconf 90' lang='lat' dir='ltr'><strong>rum</strong></span> <span class='ocrx_word' id='word_1_747' title='bbox 2210 4410 2719 4493; x_wconf 86' lang='lat' dir='ltr'><strong>dispensatio,nou</strong></span> <span class='ocrx_word' id='word_1_748' title='bbox 2733 4406 3299 4489; x_wconf 86' lang='lat' dir='ltr'><strong>cogitantquomodo</strong></span> <span class='ocrx_word' id='word_1_749' title='bbox 3317 4415 3448 4485; x_wconf 90' lang='lat' dir='ltr'><strong>post</strong></span> <span class='ocrx_word' id='word_1_750' title='bbox 3468 4409 3620 4469; x_wconf 86' lang='lat' dir='ltr'><strong>hanc</strong></span> <span class='ocrx_word' id='word_1_751' title='bbox 3634 4411 3710 4469; x_wconf 86' lang='lat' dir='ltr'><strong>vi-</strong></span> 
     </span>
    </p>
   </div>
   <div class='ocr_carea' id='block_1_108' title="bbox 2060 4496 3709 4584">
    <p class='ocr_par' dir='ltr' id='par_1_108' title="bbox 2060 4496 3709 4584">
     <span class='ocr_line' id='line_1_108' title="bbox 2060 4496 3709 4584; baseline 0.002 -24"><span class='ocrx_word' id='word_1_752' title='bbox 2060 4504 2177 4560; x_wconf 86' lang='lat' dir='ltr'><strong>tam</strong></span> <span class='ocrx_word' id='word_1_753' title='bbox 2194 4501 2569 4568; x_wconf 88' lang='lat' dir='ltr'><strong>commodum</strong></span> <span class='ocrx_word' id='word_1_754' title='bbox 2588 4496 3709 4584; x_wconf 68' lang='lat' dir='ltr'><strong>percipiant.Filiiitaquesaaculihujus,</strong></span> 
     </span>
    </p>
   </div>
   <div class='ocr_carea' id='block_1_109' title="bbox 2060 4587 3708 4674">
    <p class='ocr_par' dir='ltr' id='par_1_109' title="bbox 2060 4587 3708 4674">
     <span class='ocr_line' id='line_1_109' title="bbox 2060 4587 3708 4674; baseline -0.001 -19"><span class='ocrx_word' id='word_1_755' title='bbox 2060 4587 2101 4655; x_wconf 92' lang='lat' dir='ltr'><strong>ii</strong></span> <span class='ocrx_word' id='word_1_756' title='bbox 2131 4603 2270 4655; x_wconf 90' lang='lat' dir='ltr'><strong>sunt</strong></span> <span class='ocrx_word' id='word_1_757' title='bbox 2298 4590 2516 4674; x_wconf 91' lang='lat' dir='ltr'><strong>quibus</strong></span> <span class='ocrx_word' id='word_1_758' title='bbox 2547 4593 2821 4653; x_wconf 66' lang='lat' dir='ltr'><strong>humanae</strong></span> <span class='ocrx_word' id='word_1_759' title='bbox 2841 4589 3319 4670; x_wconf 87' lang='lat' dir='ltr'><strong>dispensationes</strong></span> <span class='ocrx_word' id='word_1_760' title='bbox 3351 4591 3708 4654; x_wconf 65' lang='lat' dir='ltr'><strong>concredita:</strong></span> 
     </span>
    </p>
   </div>
   <div class='ocr_carea' id='block_1_110' title="bbox 2059 4678 3705 4763">
    <p class='ocr_par' dir='ltr' id='par_1_110' title="bbox 2059 4678 3705 4763">
     <span class='ocr_line' id='line_1_110' title="bbox 2059 4678 3705 4763; baseline 0.002 -24"><span class='ocrx_word' id='word_1_761' title='bbox 2059 4694 2223 4763; x_wconf 88' lang='lat' dir='ltr'><strong>sunt,</strong></span> <span class='ocrx_word' id='word_1_762' title='bbox 2257 4693 2318 4749; x_wconf 89' lang='lat' dir='ltr'><strong>et</strong></span> <span class='ocrx_word' id='word_1_763' title='bbox 2366 4682 2429 4743; x_wconf 93' lang='lat' dir='ltr'><strong>in</strong></span> <span class='ocrx_word' id='word_1_764' title='bbox 2474 4681 2858 4762; x_wconf 78' lang='lat' dir='ltr'><strong>generatione</strong></span> <span class='ocrx_word' id='word_1_765' title='bbox 2890 4698 3019 4760; x_wconf 87' lang='lat' dir='ltr'><strong>sua,</strong></span> <span class='ocrx_word' id='word_1_766' title='bbox 3057 4678 3169 4740; x_wconf 88' lang='lat' dir='ltr'><strong>hoc</strong></span> <span class='ocrx_word' id='word_1_767' title='bbox 3194 4686 3306 4758; x_wconf 88' lang='lat' dir='ltr'><strong>est,</strong></span> <span class='ocrx_word' id='word_1_768' title='bbox 3338 4678 3395 4737; x_wconf 92' lang='lat' dir='ltr'><strong>in</strong></span> <span class='ocrx_word' id='word_1_769' title='bbox 3422 4678 3537 4741; x_wconf 89' lang='lat' dir='ltr'><strong>vita</strong></span> <span class='ocrx_word' id='word_1_770' title='bbox 3569 4680 3705 4756; x_wconf 88' lang='lat' dir='ltr'><strong>hac,</strong></span> 
     </span>
    </p>
   </div>
   <div class='ocr_carea' id='block_1_111' title="bbox 2070 4766 3709 4850">
    <p class='ocr_par' dir='ltr' id='par_1_111' title="bbox 2070 4766 3709 4850">
     <span class='ocr_line' id='line_1_111' title="bbox 2070 4766 3709 4850; baseline 0.001 -19"><span class='ocrx_word' id='word_1_771' title='bbox 2070 4776 2399 4850; x_wconf 86' lang='lat' dir='ltr'><strong>prudenter</strong></span> <span class='ocrx_word' id='word_1_772' title='bbox 2416 4790 2515 4836; x_wconf 89' lang='lat' dir='ltr'><strong>res</strong></span> <span class='ocrx_word' id='word_1_773' title='bbox 2534 4773 2676 4833; x_wconf 74' lang='lat' dir='ltr'><strong>4M</strong></span> <span class='ocrx_word' id='word_1_774' title='bbox 2723 4789 2859 4833; x_wconf 91' lang='lat' dir='ltr'><strong>suas</strong></span> <span class='ocrx_word' id='word_1_775' title='bbox 2887 4770 3258 4850; x_wconf 86' lang='lat' dir='ltr'><strong>dispensant;</strong></span> <span class='ocrx_word' id='word_1_776' title='bbox 3292 4766 3398 4828; x_wconf 85' lang='lat' dir='ltr'><strong>ﬁlii</strong></span> <span class='ocrx_word' id='word_1_777' title='bbox 3428 4787 3565 4831; x_wconf 90' lang='lat' dir='ltr'><strong>vero</strong></span> <span class='ocrx_word' id='word_1_778' title='bbox 3614 4772 3709 4833; x_wconf 92' lang='lat' dir='ltr'><strong>lu-</strong></span> 
     </span>
    </p>
   </div>
   <div class='ocr_carea' id='block_1_112' title="bbox 2071 4856 3713 4947">
    <p class='ocr_par' dir='ltr' id='par_1_112' title="bbox 2071 4856 3713 4947">
     <span class='ocr_line' id='line_1_112' title="bbox 2071 4856 3713 4947; baseline -0.001 -21"><span class='ocrx_word' id='word_1_779' title='bbox 2071 4866 2178 4939; x_wconf 88' lang='lat' dir='ltr'><strong>cis,</strong></span> <span class='ocrx_word' id='word_1_780' title='bbox 2230 4864 2330 4947; x_wconf 90' lang='lat' dir='ltr'><strong>qui</strong></span> <span class='ocrx_word' id='word_1_781' title='bbox 2377 4863 2661 4944; x_wconf 90' lang='lat' dir='ltr'><strong>pecunias</strong></span> <span class='ocrx_word' id='word_1_782' title='bbox 2706 4867 3071 4942; x_wconf 87' lang='lat' dir='ltr'><strong>receperunt</strong></span> <span class='ocrx_word' id='word_1_783' title='bbox 3126 4866 3189 4918; x_wconf 88' lang='lat' dir='ltr'><strong>ut</strong></span> <span class='ocrx_word' id='word_1_784' title='bbox 3247 4856 3382 4918; x_wconf 88' lang='lat' dir='ltr'><strong>illas</strong></span> <span class='ocrx_word' id='word_1_785' title='bbox 3449 4858 3510 4919; x_wconf 90' lang='lat' dir='ltr'><strong>in</strong></span> <span class='ocrx_word' id='word_1_786' title='bbox 3583 4862 3713 4940; x_wconf 91' lang='lat' dir='ltr'><strong>pios</strong></span> 
     </span>
    </p>
   </div>
   <div class='ocr_carea' id='block_1_113' title="bbox 2069 4949 3716 5036">
    <p class='ocr_par' dir='ltr' id='par_1_113' title="bbox 2069 4949 3716 5036">
     <span class='ocr_line' id='line_1_113' title="bbox 2069 4949 3716 5036; baseline -0.003 -19"><span class='ocrx_word' id='word_1_787' title='bbox 2069 4974 2212 5017; x_wconf 88' lang='lat' dir='ltr'><strong>usus</strong></span> <span class='ocrx_word' id='word_1_788' title='bbox 2251 4955 2620 5036; x_wconf 88' lang='lat' dir='ltr'><strong>dispensent.</strong></span> <span class='ocrx_word' id='word_1_789' title='bbox 2682 4951 3021 5014; x_wconf 88' lang='lat' dir='ltr'><strong>lnvenimur</strong></span> <span class='ocrx_word' id='word_1_790' title='bbox 3075 4949 3275 5029; x_wconf 88' lang='lat' dir='ltr'><strong>itaque</strong></span> <span class='ocrx_word' id='word_1_791' title='bbox 3328 4949 3385 5008; x_wconf 89' lang='lat' dir='ltr'><strong>in</strong></span> <span class='ocrx_word' id='word_1_792' title='bbox 3441 4950 3716 5012; x_wconf 85' lang='lat' dir='ltr'><strong>humanis</strong></span> 
     </span>
    </p>
   </div>
   <div class='ocr_carea' id='block_1_114' title="bbox 2073 5037 3713 5126">
    <p class='ocr_par' dir='ltr' id='par_1_114' title="bbox 2073 5037 3713 5126">
     <span class='ocr_line' id='line_1_114' title="bbox 2073 5037 3713 5126; baseline -0.003 -20"><span class='ocrx_word' id='word_1_793' title='bbox 2073 5042 2619 5126; x_wconf 85' lang='lat' dir='ltr'><strong>dispensationibus</strong></span> <span class='ocrx_word' id='word_1_794' title='bbox 2649 5060 2745 5103; x_wconf 85' lang='lat' dir='ltr'><strong>res</strong></span> <span class='ocrx_word' id='word_1_795' title='bbox 2775 5047 3005 5101; x_wconf 87' lang='lat' dir='ltr'><strong>nostras</strong></span> <span class='ocrx_word' id='word_1_796' title='bbox 3035 5038 3361 5120; x_wconf 89' lang='lat' dir='ltr'><strong>prudenter</strong></span> <span class='ocrx_word' id='word_1_797' title='bbox 3398 5037 3713 5120; x_wconf 84' lang='lat' dir='ltr'><strong>dispensa-</strong></span> 
     </span>
    </p>
   </div>
   <div class='ocr_carea' id='block_1_115' title="bbox 2071 5128 3713 5210">
    <p class='ocr_par' dir='ltr' id='par_1_115' title="bbox 2071 5128 3713 5210">
     <span class='ocr_line' id='line_1_115' title="bbox 2071 5128 3713 5210; baseline -0.002 -15"><span class='ocrx_word' id='word_1_798' title='bbox 2071 5140 2235 5209; x_wconf 87' lang='lat' dir='ltr'><strong>re,ut</strong></span> <span class='ocrx_word' id='word_1_799' title='bbox 2255 5134 2430 5195; x_wconf 85' lang='lat' dir='ltr'><strong>etiam</strong></span> <span class='ocrx_word' id='word_1_800' title='bbox 2463 5132 2513 5193; x_wconf 91' lang='lat' dir='ltr'><strong>si</strong></span> <span class='ocrx_word' id='word_1_801' title='bbox 2532 5130 3045 5194; x_wconf 84' lang='lat' dir='ltr'><strong>administratione</strong></span> <span class='ocrx_word' id='word_1_802' title='bbox 3064 5128 3713 5210; x_wconf 79' lang='lat' dir='ltr'><strong>exciderimus,babea-</strong></span> 
     </span>
    </p>
   </div>
   <div class='ocr_carea' id='block_1_116' title="bbox 2073 5217 3713 5304">
    <p class='ocr_par' dir='ltr' id='par_1_116' title="bbox 2073 5217 3713 5304">
     <span class='ocr_line' id='line_1_116' title="bbox 2073 5217 3713 5304; baseline -0.002 -18"><span class='ocrx_word' id='word_1_803' title='bbox 2073 5243 2205 5286; x_wconf 88' lang='lat' dir='ltr'><strong>mus</strong></span> <span class='ocrx_word' id='word_1_804' title='bbox 2234 5222 2530 5304; x_wconf 81' lang='lat' dir='ltr'><strong>quoddam</strong></span> <span class='ocrx_word' id='word_1_805' title='bbox 2570 5220 2865 5299; x_wconf 81' lang='lat' dir='ltr'><strong>refugium</strong></span> <span class='ocrx_word' id='word_1_806' title='bbox 2900 5219 3026 5280; x_wconf 65' lang='lat' dir='ltr'><strong>vita:</strong></span> <span class='ocrx_word' id='word_1_807' title='bbox 3051 5237 3066 5278; x_wconf 90' lang='lat'>:</span> <span class='ocrx_word' id='word_1_808' title='bbox 3094 5217 3157 5279; x_wconf 89' lang='lat' dir='ltr'><strong>in</strong></span> <span class='ocrx_word' id='word_1_809' title='bbox 3187 5218 3280 5279; x_wconf 87' lang='lat' dir='ltr'><strong>bis</strong></span> <span class='ocrx_word' id='word_1_810' title='bbox 3309 5228 3503 5280; x_wconf 88' lang='lat' dir='ltr'><strong>autem</strong></span> <span class='ocrx_word' id='word_1_811' title='bbox 3533 5220 3713 5282; x_wconf 84' lang='lat' dir='ltr'><strong>rebus</strong></span> 
     </span>
    </p>
   </div>
   <div class='ocr_carea' id='block_1_117' title="bbox 2073 5306 3805 5396">
    <p class='ocr_par' dir='ltr' id='par_1_117' title="bbox 2073 5306 3805 5396">
     <span class='ocr_line' id='line_1_117' title="bbox 2073 5306 3805 5396; baseline -0.003 -20"><span class='ocrx_word' id='word_1_812' title='bbox 2073 5332 2205 5396; x_wconf 69' lang='lat' dir='ltr'><strong>quae</strong></span> <span class='ocrx_word' id='word_1_813' title='bbox 2244 5312 2466 5374; x_wconf 90' lang='lat' dir='ltr'><strong>debent</strong></span> <span class='ocrx_word' id='word_1_814' title='bbox 2512 5311 2840 5373; x_wconf 88' lang='lat' dir='ltr'><strong>secundum</strong></span> <span class='ocrx_word' id='word_1_815' title='bbox 2874 5306 3061 5371; x_wconf 89' lang='lat' dir='ltr'><strong>Deum</strong></span> <span class='ocrx_word' id='word_1_816' title='bbox 3107 5307 3460 5388; x_wconf 82' lang='lat' dir='ltr'><strong>dispensari,</strong></span> <span class='ocrx_word' id='word_1_817' title='bbox 3494 5309 3714 5372; x_wconf 84' lang='lat' dir='ltr'><strong>nullam</strong></span> <span class='ocrx_word' id='word_1_818' title='bbox 3802 5327 3805 5331; x_wconf 67' lang='grc'><em>’</em></span> 
     </span>
    </p>
   </div>
   <div class='ocr_carea' id='block_1_118' title="bbox 2074 5397 3714 5481">
    <p class='ocr_par' dir='ltr' id='par_1_118' title="bbox 2074 5397 3714 5481">
     <span class='ocr_line' id='line_1_118' title="bbox 2074 5397 3714 5481; baseline -0.002 -16"><span class='ocrx_word' id='word_1_819' title='bbox 2074 5402 2345 5465; x_wconf 85' lang='lat' dir='ltr'><strong>videmur</strong></span> <span class='ocrx_word' id='word_1_820' title='bbox 2372 5418 2579 5481; x_wconf 86' lang='lat' dir='ltr'><strong>gerere</strong></span> <span class='ocrx_word' id='word_1_821' title='bbox 2604 5419 2807 5463; x_wconf 79' lang='lat' dir='ltr'><strong>curam</strong></span> <span class='ocrx_word' id='word_1_822' title='bbox 2838 5397 3133 5481; x_wconf 90' lang='lat' dir='ltr'><strong>quomodo</strong></span> <span class='ocrx_word' id='word_1_823' title='bbox 3154 5398 3444 5460; x_wconf 80' lang='lat' dir='ltr'><strong>rationem</strong></span> <span class='ocrx_word' id='word_1_824' title='bbox 3472 5400 3714 5481; x_wconf 86' lang='lat' dir='ltr'><strong>dispen-</strong></span> 
     </span>
    </p>
   </div>
  </div>
