4116 6212
365 198 481 275 967

1336 198 1929 268 THEOPHYLAC'I‘I
1975 200 2382 267 BULGARIzE
2423 196 2781 266 ARCHIEP.

3640 198 3775 265 968

363 338 605 399 sationis
630 336 975 417 reddamus,
1000 356 1068 398 ex
1103 332 1209 399 hac
1242 338 1353 397 vita
1381 337 1599 415 educti,
1634 357 1709 399 ne
1740 338 2009 400 invenia-

2093 337 2317 417 ἔχοιμεν
2374 358 2425 394 τι
2485 339 2803 420 καταφύγιον
2844 339 2938 395 τοῦ
2965 339 3079 416 βίου
3149 338 3204 395 ὲν
3227 332 3279 395 δὲ
3310 341 3431 401 τοῖς
3459 339 3597 409 κατὰ
3625 340 3793 393 Θεὸν

366 446 496 487 mur
517 426 588 488 ab
619 426 781 487 omni
812 427 1222 488 consolatione
1254 427 1523 488 destitu‘i
1598 427 1737 489 Ideo
1771 438 1828 488 et
1859 430 2009 490 insi-

364 519 595 593 pientes
628 534 936 585 vocamur,
964 534 1080 576 non
1111 516 1412 596 sapientes
1443 534 1507 575 ea
1534 535 1664 596 qum
1686 516 1859 577 nobis
1886 538 2015 598 pos-

363 606 495 666 tliac
517 606 635 666 sint
667 604 1310 683 profutura.Faciainus
1331 605 1510 684 igitur
1533 604 1701 666 nobis
1724 626 2017 687 pauperes

362 694 589 756 amicos
620 693 1081 755 communicatis
1129 692 1357 756 divitiis
1387 693 1709 772 injustitim,
1746 696 1859 755 hoc
1904 705 2011 771 est,

363 782 453 843 his
475 783 767 863 quaedam
788 782 1110 843 sunlnobis
1133 801 1165 843 a
1194 785 1312 844 Deo
1339 790 1399 842 ut
1424 783 1542 843 sint
1566 784 2010 861 armajustitiaa,

362 874 462 932 srd
492 892 525 932 a
552 873 724 933 nobis
754 872 1119 939 detinentur.
1139 880 1195 930 et
1216 880 1529 952 propterea
1562 873 1631 932 ad
1662 872 2010 949 injustitiam

365 963 687 1043 pertinent.
711 961 771 1021 Si
790 970 985 1021 autem
1020 960 1241 1021 divitia;
1259 962 1586 1040 quaajustis
1614 962 1812 1022 modis
1836 973 2019 1042 parta

368 1064 527 1122 sunt,
561 1049 796 1130 quando
846 1068 963 1109 non
1014 1049 1166 1110 bene
1218 1050 1634 1129 diSpensantur
1661 1069 1772 1113 nec
1803 1050 2025 1115 dantur

372 1139 752 1220 panperibus,
800 1138 1087 1217 injustitia
1138 1147 1195 1197 et
1239 1156 1575 1200 mammona
1616 1149 2015 1219 reputantur:

366 1247 497 1308 quae
528 1247 595 1288 ex
629 1228 941 1305 injustitia,
988 1228 1169 1287 multo
1233 1229 1435 1305 magis.
1494 1227 1572 1288 Ex
1629 1228 1777 1305 ipsis
1843 1230 2019 1309 igitur

370 1318 651 1379 faciamus
696 1316 865 1377 nobis
915 1316 1157 1389 amicos,
1215 1326 1273 1376 ut
1309 1319 1542 1397 quando
1588 1317 2012 1394 defecerimus,

2098 427 2360 508 ὀφείλουσι
2418 424 2729 484 διοικεῖσθαι
2784 430 3064 508 χρήμασιν
3120 430 3180 485 οὖ
3259 428 3552 507 φαινόμεθα
3617 429 3779 504 πρό-

2100 538 2245 573 νοιαν
2304 517 2636 591 ποιούμενοι,
2690 516 2887 593 μήπως
2942 515 3102 596 λόγον
3157 515 3331 591 δῶμεν
3369 521 3467 583 τῆς
3538 518 3778 571 οἰκονο-

2100 606 2225 679 μίας
2282 606 2638 681 μεταστάντες
2697 606 2759 662 ὲκ
2826 604 2974 662 τοῦδε
3029 616 3123 665 τοὺ
3175 606 3312 683 βίου,
3341 607 3429 662 καὶ
3458 605 3783 684 εὗρεθῶμεν

2099 694 2278 759 πάσης
2362 696 2691 772 παραμυθίας
2775 695 3141 773 ἐστερημένοι.
3226 697 3321 751 Διὸ
3389 695 3475 751 καί
3533 692 3786 773 ἄφρονες

2099 780 2424 864 καλούμεθα,
2470 784 2549 859 μὴ
2600 790 2907 863 φρονοῦντες
2955 786 3019 839 τα
3088 784 3223 859 μετά
3279 790 3444 840 ταῦτα
3473 784 3610 857 ἡμῖν
3673 783 3787 839 λυ-

2100 871 2472 950 σιτελήσοντα,
2533 871 2670 928 ἀλλά
2723 875 3034 947 ποιήσωμεν
3109 874 3322 937 ἑαυτοῦς
3392 870 3575 951 φίλους
3628 872 3781 933 τοὺς

2101 962 2359 1036 πένητας,
2423 959 2790 1037 μεταδιδόντες
2826 965 3009 1026 αὐτοῖς
3051 968 3144 1017 τοῦ
3203 964 3300 1029 τῆς
3334 959 3537 1024 ἀδικίας
3580 959 3781 1017 πλού-

2104 1073 2218 1131 του,
2273 1050 2537 1130 τουτέστι,
2594 1057 2688 1107 τοῦ
2759 1048 2995 1115 δοθέντος
3070 1050 3168 1125 μὲν
3219 1051 3358 1120 ἡμῖν
3408 1052 3552 1129 παρά
3599 1057 3787 1125 θεοῦ,

2102 1139 2239 1196 ὥστε
2307 1139 2641 1206 δικαιοσύνης
2700 1138 2867 1197 ὅπλον
2949 1139 3210 1216 γενέσθαι,
3300 1139 3791 1216 ὐποκρατηθὲντος

2100 1226 2154 1284 δὲ
2223 1226 2347 1305 παρ’
2418 1227 2600 1304 ἡμῶν,
2662 1226 2862 1284 καὶδιά
2892 1235 3049 1285 τοῦτο
3079 1229 3153 1292 εἰς
3200 1226 3403 1284 ἀδικίαν
3450 1229 3785 1302 μεταστέν-

2097 1338 2211 1380 τος,
2265 1319 2322 1374 Εἰ
2381 1314 2435 1372 δὲ
2493 1320 2521 1373 ὁ
2578 1316 2638 1373 ἐκ
2682 1315 2897 1373 δικαίων
2929 1316 3084 1384 δῆθεν
3127 1318 3305 1397 πόρων
3336 1315 3595 1397 πλοῦτος,
3627 1316 3785 1375 ὅταν

370 1416 426 1468 et
473 1425 542 1467 ex
593 1408 701 1468 hac
751 1408 863 1467 vita
911 1405 1422 1483 emigraverimus,
1466 1406 1555 1466 vel
1610 1407 1781 1467 etiam
1842 1407 2009 1471 aliter

2102 1407 2179 1480 μὴ
2237 1404 2414 1470 καλῶς
2470 1406 2819 1486 οἰκονομηθῆ,
2870 1409 2959 1463 καὶ
3028 1404 3153 1483 δοθῇ
3181 1406 3430 1486 πένησιν,
3462 1404 3637 1462 ἀδικία
3673 1407 3784 1462 καὶ

370 1496 603 1577 quando
640 1494 851 1574 pusillo
898 1494 1096 1555 animo
1143 1514 1374 1572 sumus,
1418 1505 1476 1555 et
1519 1496 2009 1572 condemnamur,

2102 1501 2360 1571 μαμωνᾶς
2414 1492 2702 1572 λογίζεται,
2777 1498 2804 1551 ὁ
2861 1494 2913 1560 ἐξ
2967 1493 3197 1568 ἀδικίας,
3232 1496 3387 1570 πόσῳ
3418 1494 3625 1570 μᾶλλον
3654 1495 3783 1553 Ἐκ

372 1587 510 1646 illuc
533 1584 827 1663 accipiunt
862 1602 966 1645 nos
999 1584 1054 1644 in
1089 1594 1307 1645 acterna
1345 1583 1753 1648 tabernacula.

2100 1586 2283 1642 τούτου
2311 1584 2400 1641 οὖν
2442 1586 2769 1661 ποιήσωμεμ
2796 1586 2933 1660 ἡμῖν
2964 1585 3166 1666 φίλους,
3197 1585 3313 1664 ἵνα,
3358 1586 3485 1642 ὅταν
3510 1584 3777 1641 ἐκλίπω-

372 1697 490 1749 μεν,
540 1676 625 1728 καὶ
657 1675 1025 1752 ἀναχωρῶμεν
1053 1676 1115 1729 ἒκ
1143 1681 1235 1730 τοῦ
1268 1674 1403 1753 βίον,
1440 1675 1473 1742 ἢ
1506 1677 1593 1730 καὶ
1645 1673 1840 1745 ἄλλως,
1895 1674 2021 1733 ὅταν
2053 1672 2473 1754 ὀλιγοψυχῶμεν
2525 1672 2992 1755 κατακρινόμενοι,
3023 1673 3197 1731 ἐκεῖσε
3227 1671 3474 1738 δέξωνται
3502 1675 3650 1749 ἡμᾶς
3686 1675 3777 1746 εἰς

370 1767 461 1829 τὰς
500 1765 733 1827 αἰώνῖους
778 1764 997 1829 σκηνάς,

456 1852 640 1916 Vens.
673 1854 877 1914 10-13.
907 1875 933 1905 α
970 1850 1078 1922 Qui
1111 1852 1303 1915 ﬁdelis
1344 1852 1521 1914 estin
1568 1852 1838 1931 minimo,
1880 1855 2019 1917 etin
2046 1865 2081 1914 Β

375 1942 558 2005 multo
590 1942 783 2003 ﬁdelis
814 1950 904 2002 est
934 1958 948 2003 :
986 1949 1043 2002 et
1068 1941 1165 2020 qui
1200 1943 1259 2002 in
1290 1943 1535 2003 minimo
1566 1942 1806 2024 iniquus
1836 1954 1944 2017 est,
1968 1945 2020 2006 is

376 2042 433 2092 et
462 2032 521 2092 in
549 2033 728 2092 multo
752 2030 989 2109 iniquus
1020 2031 1194 2091 εει.Βὶ
1228 2050 1366 2108 ergo
1394 2030 2019 2112 ininiquomammona

306 2140 309 2145 ·
375 2123 584 2182 ﬁdeles
628 2138 743 2180 non
793 2118 1004 2183 fuistis.
1064 2120 1217 2197 quml
1270 2139 1476 2180 verum
1510 2130 1598 2181 est
1646 2121 1777 2201 quis
1809 2124 2017 2184 credet

372 2208 571 2275 vobis?
601 2207 666 2268 Et
700 2208 749 2269 si
773 2207 831 2267 in
864 2206 1058 2266 alieno
1087 2207 1292 2268 ﬁdeles
1321 2228 1439 2269 non
1474 2210 1856 2290 fuistis,quod
1880 2231 2013 2273 ves-

374 2310 527 2360 trum
561 2307 673 2376 est,
700 2297 832 2376 quis
872 2295 1035 2355 dabit
1065 2295 1264 2357 vobis?
1312 2301 1504 2361 Nemo
1556 2318 1763 2361 servus
1820 2310 2015 2380 potest

371 2386 601 2447 duobus
623 2383 882 2445 dominis
911 2383 1264 2464 servire;aut
1293 2386 1451 2446 enim
1479 2406 1658 2447 unum
1685 2388 1818 2448 odio
1842 2389 2016 2450 habe-

372 2476 474 2547 bit,
509 2475 829 2536 etalterum
866 2473 1030 2533 illum
1053 2472 1293 2552 diliget:
1320 2483 1419 2535 aut
1443 2475 1544 2535 uni
1574 2476 1921 2551 adhaerebit,
1957 2488 2016 2541 et

369 2565 617 2627 alterum
642 2563 810 2623 illum
842 2561 1340 2623 contemnet.Nou
1369 2564 1613 2643 potestis
1637 2563 1759 2627 Deo
1788 2566 2017 2629 servire

367 2663 425 2714 et
454 2670 807 2714 mammonae
855 2675 875 2707 ιι
915 2650 1125 2712 Adhuc
1156 2651 1330 2713 docet
1352 2654 1650 2733 quomodo
1676 2655 2008 2716 secundmn

364 2741 553 2804 Deum
596 2740 1014 2821 dispensanda:
1050 2739 1168 2801 sint
1207 2739 1446 2802 divitiae.
1487 2740 1595 2813 Qui
1623 2741 1781 2803 enim
1813 2743 2011 2806 ﬁdelis

363 2833 527 2892 estin
553 2830 820 2897 m‘nimo.
849 2829 959 2889 hoc
984 2828 1200 2907 est,qui
1235 2830 1387 2891 bene
1418 2830 2009 2909 diSpensaveritcon-

334 2921 620 2981 .acreditas
650 2919 760 2980 sibi
790 2918 1020 2979 divitias
1050 2918 1106 2977 in
1144 2920 1251 2978 hoc
1282 2919 1714 2993 mundo,etiam
1738 2920 1798 2981 in
1825 2922 2009 2984 multo

363 3009 555 3070 ﬁdelis
584 3009 815 3090 est,lioc
829 3006 1004 3087 est,in
1022 3006 1217 3068 futuro
1247 3008 1461 3069 saeculo
1488 3008 1634 3069 veris
1664 3008 1885 3072 divitiis
1910 3011 2007 3071 di-

2188 1876 2217 1908 ιι
2297 1843 2355 1911 Ὀ
2423 1854 2610 1916 πιστὸς
2682 1856 2737 1909 ἐν
2792 1849 3085 1933 ἐλαχίστῳ,
3116 1853 3205 1909 καὶ
3233 1853 3289 1910 ὲν
3332 1850 3520 1927 πολλῷ
3562 1853 3770 1915 πιστός

2101 1940 2265 1998 ἔστιν’
2345 1944 2375 1998 ὁ
2451 1939 2507 1997 δὲ
2538 1939 2808 2021 ἐλαχίστῳ
2832 1938 3034 2017 ἄδικος,
3083 1942 3172 1997 καὶ
3224 1940 3280 1997 ἑν
3347 1939 3533 2016 πολλῷ
3573 1939 3778 2005 ἄδικός

2100 2029 2265 2088 ἔστιν.
2354 2031 2408 2086 Εἰ
2465 2030 2553 2086 οὖν
2612 2034 2667 2086 ἒν
2697 2036 2775 2105 τῷ
2816 2026 2978 2105 ἀδίκῳ
3034 2035 3265 2106 μαμωνᾷ
3294 2031 3470 2087 πιστοὶ
3499 2032 3595 2087 οὒκ
3625 2029 3769 2109 ἐγέ-

2100 2124 2273 2199 νεσθε,
2332 2120 2394 2175 τὸ
2464 2118 2715 2187 ἀληθινὸν
2764 2119 2842 2182 τίς
2913 2121 3043 2194 ὑμῖν
3112 2120 3380 2175 πιστεύσει
3428 2138 3446 2194 ;
3492 2120 3588 2176 Καὶ
3618 2120 3663 2174 εἰ
3697 2119 3768 2175 ἦν

2097 2216 2174 2283 τῷ
2231 2207 2491 2287 ἀλλοτρίῳ
2550 2209 2727 2265 πιστοὶ
2787 2210 2880 2265 οὐκ
2930 2207 3194 2287 ἐγένεσθε,
3268 2211 3331 2263 τὸ
3374 2207 3626 2287 ὑμέτερον
3667 2209 3762 2271 τις

2095 2300 2224 2373 ὑμῖν
2283 2294 2438 2353 δώσει
2486 2316 2504 2377 ς
2577 2295 2753 2361 Οὐδεὶς
2825 2297 3036 2364 οἰκέτης
3116 2294 3327 2353 δύναται
3386 2294 3496 2353 δυσὶ
3543 2298 3687 2375 κυρίο
3706 2321 3761 2361 ις

2096 2384 2380 2445 δουλεύεινο
2440 2384 2476 2453 ἤ
2533 2386 2632 2465 γάρ
2688 2387 2781 2442 τὸν
2837 2385 2929 2457 ἕνα
2997 2386 3236 2461 μισήσει,
3297 2386 3386 2442 καὶ
3429 2386 3522 2442 τὸν
3563 2385 3753 2464 ἕτερον

2096 2475 2383 2553 ἀγαπήσει,
2450 2474 2486 2543 ἢ
2557 2475 2673 2538 ἐνὸς
2731 2474 3016 2554 ἀνθέξεται,
3075 2476 3162 2531 καὶ
3213 2484 3307 2534 τοῦ
3348 2474 3526 2553 ἑτέρου
3572 2494 3757 2530 κατα-

2095 2566 2367 2644 φρονήσει⁶
2429 2564 2489 2621 οὒ
2543 2563 2755 2621 δύνασθε
2827 2570 2943 2638 Θεῷ
2997 2562 3265 2621 δουλεὺειν
3292 2566 3381 2620 καὶ
3424 2568 3676 2640 μαμωνᾷ,
3706 2587 3743 2619 ι

2098 2643 2137 2676 ,⁷ο
2390 2655 2402 2670 .
2500 2663 2523 2672 ,ν
2806 2654 2818 2669 ο
2938 2655 2950 2669 .
3620 2655 3645 2673 ν

2141 2662 2227 2711 Ετι
2290 2675 2407 2732 περι
2435 2675 2528 2712 του
2555 2652 2668 2710 δεῖν
2696 2676 2834 2710 κατα
2864 2661 2994 2709 Θεον
3037 2654 3339 2729 οἰκονομεῖν
3368 2655 3459 2710 τὸν
3511 2651 3747 2709 πλουτον

2092 2740 2346 2805 διδάσκει,
2412 2733 2469 2799 Ὀ
2542 2743 2642 2821 γὰρ
2698 2744 2886 2807 πισςὸς
2943 2741 2998 2797 ἐν
3053 2741 3347 2824 ἐλαχίστῳ,
3378 2742 3647 2798 τουτέστιν
3714 2744 3749 2796 ὁ

2092 2830 2365 2902 διοικήσας
2420 2833 2595 2896 καλῶς
2652 2834 2742 2888 τὸν
2812 2831 3220 2908 ἑμπιστευθέντα
3304 2835 3446 2906 αὐτῷ
3513 2829 3748 2887 πλοῦτον

2092 2921 2146 2977 ἐν
2202 2926 2281 2995 τῷ
2327 2921 2515 2997 κόσμῳ
2579 2923 2771 2995 τούτῳ,
2831 2923 2919 2978 καὶ
2987 2919 3043 2976 ἐν
3096 2919 3282 2995 πολλῴ
3352 2921 3539 2984 πιστός
3599 2919 3739 2993 ἔστι,

2091 3009 2352 3088 τουτέστι,
2407 3010 2495 3065 καὶ
2547 3007 2600 3066 ἐν
2630 3017 2707 3084 τῷ
2736 3007 2985 3086 μέλλοντι
3028 3011 3178 3065 αἰῶνι
3220 3016 3312 3066 τοῦ
3354 3008 3518 3073 όντως
3560 3007 3737 3065 πλοσ-

361 3117 511 3177 gnos
527 3097 950 3159 est.Minimum
974 3095 1155 3171 igitur
1174 3105 1340 3157 vocat
1372 3105 1641 3159 terrenas
1672 3098 1929 3175 divitias,
1949 3110 2009 3162 ut

2093 3120 2183 3155 του
2252 3098 2393 3164 ἄξιός
2465 3097 2636 3160 ἐστιν.
2698 3097 3018 3178 Ἐλάχιστον
3075 3097 3166 3155 οὖν
3221 3096 3382 3154 καλεῖ
3408 3100 3497 3154 τὸν
3548 3100 3741 3176 γήϊνον

362 3204 569 3248 revera
600 3185 953 3266 parvas,imo
989 3203 1119 3266 quae
1150 3186 1291 3247 nihil
1328 3195 1489 3266 sunt,
1527 3186 2007 3268 quandoquidem

2093 3185 2339 3262 πλοῦτον,
2402 3196 2475 3250 ὼς
2525 3193 2603 3263 τῷ
2651 3186 2761 3243 ὄντι
2809 3189 3023 3268 μικρὸν,
3080 3186 3284 3263 μᾶλλον
3315 3185 3371 3243 δὲ
3402 3185 3546 3244 οὖδὲν
3585 3185 3739 3261 ὄντα,

362 3276 713 3336 transitoria).
726 3274 1140 3336 sunt'multum
1162 3275 1842 3357 vero,ccelestus,utpote
1858 3296 2008 3339 sem-

2093 3278 2306 3355 ὶπείπερ
2360 3277 2599 3354 ρευστόςο
2659 3275 2826 3333 πολὺν
2876 3275 2954 3351 δὲ,
3022 3278 3113 3333 τὸν
3181 3277 3440 3357 οὐράνιον,
3499 3278 3575 3339 ὡς
3630 3276 3736 3353 μέσα

363 3383 468 3444 per
482 3364 884 3441 duraturas,et
904 3362 1119 3443 quibus
1137 3381 1380 3445 semper
1396 3356 1769 3437 accedit.Qui
1786 3385 1923 3427 vero
1948 3367 2009 3428 in

2093 3387 2247 3422 νοντα
2303 3366 2407 3445 ἀεὶ,
2481 3368 2567 3423 καὶ
2622 3366 3051 3444 προστιθέμενον.
3129 3356 3187 3423 Ὀ
3244 3356 3298 3421 δὲ
3369 3365 3424 3421 ἐν
3452 3366 3624 3439 τούτῳ
3661 3370 3741 3438 τῷ

361 3454 454 3515 his
483 3455 739 3516 terrenis
768 3452 988 3514 divitiis
1019 3453 1274 3531 injustus
1294 3454 1849 3535 apparuerit,etsibi
1872 3475 2009 3518 ven-

2093 3458 2273 3533 γηῖνῳ
2342 3453 2521 3518 ἄδικος
2578 3456 2781 3535 φανεὶς,
2852 3457 2941 3512 καὶ
3020 3454 3462 3535 σφετερισάμενος
3534 3455 3607 3511 τὰ
3662 3456 3737 3519 εἰς

360 3544 662 3624 dicatquaa
679 3543 737 3603 in
756 3560 1131 3604 communem
1151 3561 1322 3604 usum
1346 3544 1591 3605 fratrum
1606 3554 1742 3605 sunt
1767 3564 2008 3608 conces-

359 3650 655 3713 sa,neque
677 3632 773 3694 illo
800 3631 982 3692 multo
1007 3631 1591 3712 dignusinvenietnr,
1610 3634 1712 3694 sed
1738 3634 2000 3697 sicutin-

350 3723 543 3801 justus
562 3719 994 3802 repudiabitur.
1028 3720 1437 3801 lnterpretans
1457 3731 1654 3784 autem
1690 3724 1849 3803 quod
1870 3724 2002 3785 dic-

359 3822 480 3872 tum
507 3822 618 3892 est,
641 3812 803 3872 addit
841 3832 854 3874 :
890 3808 1022 3873 Siin
1044 3810 1261 3889 injusto
1288 3830 1623 3873 mammona
1654 3812 1861 3874 ﬁdeles
1884 3833 2000 3875 non

356 3900 732 3981 fuistis,quod
754 3919 955 3961 verum
982 3900 1235 3980 est,quis
1260 3898 1425 3967 vobis
1448 3899 1682 3962 credet?
1707 3902 1999 3981 Injustum

357 4009 692 4052 mammona
713 3989 981 4050 nominat
1000 3988 1370 4070 divitiasquas
1381 3988 1540 4067 apud
1565 4008 1671 4051 nos
1683 4005 1813 4051 sunt
1829 3992 1999 4054 .Nam

356 4078 402 4138 si
430 4097 546 4140 non
566 4084 767 4140 essent
788 4077 1247 4157 iujusta:,neque
1264 4077 1421 4157 apud
1450 4096 1557 4138 nos
1592 4088 1808 4141 essent:
1846 4099 2003 4141 nunc

356 4174 551 4227 autem
580 4166 718 4247 quia
746 4165 902 4246 apud
923 4185 1029 4225 nos
1043 4166 1588 4242 sunt,manifestum
1621 4168 1776 4248 quod
1796 4176 2002 4231 tenen-

356 4265 478 4331 tur,
498 4264 558 4318 et
585 4273 719 4316 cum
752 4253 1111 4335 pauperibus
1137 4273 1252 4315 non
1284 4255 1732 4326 distribuantur,
1768 4256 2004 4337 injustas

351 4344 516 4406 sint:
565 4344 675 4404 hoc
732 4352 929 4404 autem
965 4352 1055 4404 est
1087 4342 1394 4405 vindicare
1438 4342 1552 4404 sibi
1599 4361 1696 4405 res
1752 4343 1997 4415 alienas,

351 4434 491 4514 4w
522 4442 699 4514 atque
745 4451 842 4493 eas
874 4449 1004 4511 qua;
1037 4450 1360 4511 pauperum
1395 4441 1533 4493 sunt
1567 4451 1579 4493 τ
1618 4432 1677 4493 id
1707 4433 1867 4513 quod
1901 4434 1996 4495 iu-

2088 3543 2271 3611 κοινὴν
2340 3549 2447 3600 τῶν
2504 3543 2739 3623 ἀδελφῶν
2797 3544 2981 3624 χρείαν
3037 3542 3249 3601 δοθέντα
3306 3546 3449 3618 αὒτῷ
3490 3541 3606 3602 οὐδέ
3644 3549 3739 3599 τοῦ

2086 3631 2288 3690 πολλοῦ
2340 3632 2539 3691 ἐκείνου
2600 3631 2748 3714 ’ἄξιος
2807 3636 3167 3714 εὑρεθήσεται,
3239 3631 3359 3689 ἀλλ’
3425 3635 3499 3696 ὡς
3554 3630 3737 3695 ἀδικος

2087 3718 2547 3789 ἀποϐληθὴσεται.
2609 3712 2945 3801 Ἐρμηνεύων
2993 3721 3049 3779 δὲ
3112 3712 3173 3780 τδ
3236 3722 3414 3801 ῥηθὲν,
3464 3720 3732 3801 ἐπιφέρει·

2088 3812 2146 3867 Εἰ
2216 3810 2271 3867 ἐν
2324 3818 2402 3885 τῷ
2457 3810 2620 3885 ἀδίκῳ
2674 3812 2903 3888 μαμωνᾷ
2958 3813 3133 3869 πιστοὶ
3199 3813 3295 3869 οὐκ
3335 3811 3600 3890 ἐγὶνεσθε,
3644 3812 3739 3868 τὸν

2084 3898 2331 3968 ἀληθινὸν
2387 3903 2468 3965 τίς
2523 3902 2654 3977 ὑμῖν
2723 3900 2991 3958 πιστεύσει
3025 3916 3043 3976 ;
3077 3892 3313 3959 ”Δδικον
3342 3903 3442 3977 μὲν
3470 3892 3735 3977 μαμωνᾶν

2082 3990 2174 4045 τὸν
2230 3984 2495 4069 προσόντα
2562 3990 2790 4048 πλουτον
2844 3992 2973 4066 ὑμῖν
3036 3991 3338 4067 ὠνόμασεν·
3394 3992 3439 4046 εἰ
3494 3992 3599 4070 γὰρ
3643 3993 3737 4049 οὐκ

2083 4080 2152 4147 ἦν
2218 4078 2420 4155 ἄδικος,
2479 4082 2574 4138 οὒκ
2629 4080 2689 4136 ἄν
2758 4080 2985 4159 προσῆν,
3046 4087 3135 4137 νῦν
3204 4078 3259 4137 δὲ
3308 4078 3421 4137 ἐπεὶ
3451 4078 3737 4158 πρόσεστιν

2082 4169 2241 4245 ἡμῖν,
2316 4167 2535 4237 εὔδηλον
2601 4168 2682 4225 ὅτι
2724 4170 3207 4250 ὑποκρατούμενος,
3250 4173 3343 4226 καὶ
3369 4172 3448 4239 μὴ
3480 4182 3731 4250 πτωχοῖς

2087 4255 2468 4333 διαδιδόμενος,
2555 4255 2732 4324 ἄδικός
2813 4256 2949 4317 ἐστι’
3032 4266 3190 4316 τοῦτο
3291 4257 3345 4315 δὲ
3439 4260 3733 4339 νοσφισμὸς

2084 4340 2374 4430 ἀλλοτρίων
2444 4348 2745 4427 χρημάτων
2800 4349 2889 4404 καὶ
2957 4354 3276 4430 πτωχικῶν,
3308 4355 3463 4406 τοῦτο
3489 4346 3545 4405 δὲ
3605 4346 3737 4405 ἀδι-

2081 4436 2193 4498 κία.
2263 4425 2371 4500 UOc
2417 4438 2508 4493 οὗν
2588 4438 2681 4494 τὸν
2753 4435 2981 4497 πλοῦτον
3071 4444 3228 4495 τοῦτο
3304 4438 3485 4503 κακῶς
3543 4436 3737 4495 διοικεῖ

344 4512 589 4603 iustitia
607 4512 728 4583 est.
755 4520 954 4600 Itaque
986 4521 1040 4580 ei
1069 4520 1170 4600 qui
1216 4519 1454 4583 divitias
1509 4520 1645 4583 illas
1678 4512 1833 4583 male
1867 4522 1994 4584 dis-

2093 4526 2166 4581 ιαὶ
2220 4524 2479 4601 ἀπίστως,
2540 4528 2658 4590 πῶς
2725 4527 2816 4585 τὸν
2874 4526 3123 4595 ἀληθινὸν
3182 4526 3411 4585 πλοῦτον
3440 4528 3730 4595 πιστευθή-

356 4621 562 4693 pensat
591 4621 648 4673 et
676 4610 1018 4689 inﬁdeliter,
1052 4610 1348 4690 quomodo
1380 4629 1533 4672 verte
1554 4612 1876 4673 credentur
1898 4612 1996 4674 di-

2093 4636 2223 4670 τεται
2257 4634 2275 4696 ;
2334 4617 2422 4672 καὶ
2467 4628 2585 4681 τοῖς
2626 4616 2705 4691 μὴ
2727 4622 2929 4680 πιστῶς
2973 4615 3297 4681 διαθεπένοις
3322 4619 3462 4693 ἡμῖν
3492 4618 3555 4673 τὸ
3578 4615 3737 4675 ἀλλό-

350 4702 505 4764 νίιίεο
536 4716 594 4763 et
623 4700 797 4762 nobis
827 4697 925 4780 qui
959 4697 1111 4760 male
1134 4699 1555 4780 dispensamus
1575 4699 1858 4775 alienum,
1888 4701 1999 4765 hoc

2093 4725 2245 4783 τριον,
2318 4704 2586 4785 τουτέστι,
2632 4706 2699 4762 τὰ
2750 4706 3030 4785 χρήματαο
3065 4704 3320 4785 ἀλλότρια
3347 4704 3403 4762 δί
3451 4716 3611 4767 ταῦτα
3664 4708 3734 4773 ὼς

355 4802 466 4873 est,
494 4790 817 4872 pecunias:
852 4788 1065 4850 alienae
1095 4788 1252 4850 enim
1283 4796 1423 4849 sunt
1460 4789 1573 4863 hae,
1610 4798 1815 4871 utpote
1848 4808 1998 4873 pau-

2093 4807 2198 4858 εοῖς
2253 4807 2503 4873 πτωχοῖς
2586 4794 2948 4874 ἀφωρισμένα,
3006 4796 3096 4852 καὶ
3152 4793 3354 4876 ἄλλως,
3438 4798 3569 4853 καθὸ
3639 4796 3733 4854 οὐκ

358 4881 600 4961 peribus
628 4876 1073 4956 designatae,vel
1103 4876 1297 4951 aliter,
1337 4890 1627 4957 quatenus
1668 4878 1817 4939 nihil
1838 4887 1998 4940 attu-

2093 4881 2468 4961 εἰσηνέγκαμεν
2496 4905 2546 4940 τι
2577 4885 2651 4947 εἰς
2679 4884 2771 4939 τὸν
2802 4883 3025 4961 κόσμον,
3058 4882 3195 4941 ἀλλά
3224 4886 3414 4963 γυμνοὶ
3470 4887 3724 4964 γεγεννή-

355 4969 599 5031 lerimus
623 4967 683 5029 in
712 4969 869 5028 hunc
902 4967 1211 5044 mundum,
1246 4968 1512 5047 nudique
1541 4967 1599 5028 in
1640 4968 1798 5029 hunc
1829 4986 2003 5030 mun-

355 5058 493 5120 dum
509 5058 629 5120 nati
664 5055 1034 5137 simus:quod
1051 5065 1314 5135 nostrum
1330 5056 1566 5137 estquis
1579 5054 2005 5120 dabitYNostraa

352 5155 549 5208 autem
573 5154 712 5208 sunt
750 5145 970 5206 divitia:
1022 5145 1295 5207 caelestes
1322 5154 1380 5206 et
1410 5145 1645 5219 divinae,
1681 5146 1806 5207 illic
1839 5147 1998 5208 enim

354 5246 559 5299 noster
589 5234 986 5316 municipatus
1018 5245 1193 5310 est;et
1215 5234 1534 5298 hominiad
1552 5234 1871 5315 imaginem
1891 5236 1997 5299 Dei

354 5328 505 5388 facto
530 5326 798 5408 pecuniae
817 5325 1058 5406 quidem
1091 5331 1151 5385 et
1181 5324 1589 5407 possessiones
1603 5324 1815 5387 aliena:
1833 5333 1992 5399 sunt,

356 5414 505 5476 nihil
537 5415 698 5477 enim
725 5414 922 5476 simile
946 5412 1032 5474 illi
1060 5430 1131 5475 ex
1163 5412 1633 5476 bis.Divinorum
1655 5421 1850 5475 autem
1881 5413 1994 5476 bo-

357 5522 569 5570 norum
620 5502 819 5567 fruitio
869 5509 929 5564 et
976 5501 1348 5584 participatio
1399 5502 1528 5583 Dei,
1576 5508 1778 5565 nostra
1833 5511 1990 5568 sunt.

2084 4974 2240 5048 μεθα⁶
2285 4973 2346 5028 τὸ
2375 4973 2636 5054 ἡμέτερον
2664 4974 2743 5038 τὶς
2773 4971 2928 5029 δόσει
2962 4993 2979 5054 ς
3012 4965 3299 5054 Ἠμὲτερον
3330 4973 3386 5031 δὲ
3416 4977 3445 5031 ὁ
3500 4975 3727 5037 πλοῦτος

2083 5062 2111 5117 ὁ
2168 5061 2405 5140 οὐράνιος
2447 5064 2536 5120 καὶ
2604 5065 2774 5143 θεῖος,
2845 5062 2961 5121 ἐκεῖ
2988 5064 3090 5143 γὰρ
3129 5066 3287 5140 ἡμῶν
3314 5065 3377 5121 τὸ
3406 5064 3729 5143 πολίτευμα,

2081 5151 2169 5208 καὶ
2222 5160 2316 5211 τοῦ
2365 5152 2485 5208 κατ’
2538 5152 2714 5209 εἰκόνα
2767 5159 2899 5210 Θεοῦ
2952 5151 3432 5232 δημιουργηθέντος
3463 5154 3733 5235 ἀνθρώπω

2080 5240 2340 5321 χρὴματα
2396 5241 2519 5317 μὲν,
2584 5243 2668 5299 κιιὶ
2723 5242 2972 5319 κτήματα
3055 5241 3331 5321 ἀλλότρια,
3406 5240 3556 5301 οὒδὲν
3636 5247 3733 5325 γὰρ

2078 5329 2250 5387 ἔοικεν
2305 5329 2449 5406 αὖτῴ
2496 5333 2719 5390 τούτων.
2796 5330 2963 5388 Θείων
3017 5329 3072 5387 δὲ
3125 5331 3335 5412 ἀγαθῶν
3407 5331 3728 5410 ἀπόλαυσις,

2077 5418 2166 5474 καὶ
2228 5424 2361 5477 Θιοῦ
2417 5416 2645 5495 μέθεξις,
2698 5419 2856 5477 τοῦτό
2885 5418 2997 5476 ἔστι
3026 5421 3090 5476 τὸ
3111 5421 3392 5500 ἡμέτερον.
3428 5420 3604 5502 Μέχρι
3634 5422 3728 5498 μὶν

2076 5513 2163 5565 οὖν
2212 5508 2397 5564 τούτου
2450 5505 2676 5574 ἆδίδαξεν
2701 5510 2869 5585 ημᾶς,
2898 5514 3014 5574 πῶς
3044 5507 3129 5566 δεῖ
3158 5508 3383 5568 διοικεῖν
3413 5513 3504 5568 τὸν
3557 5510 3723 5569 πλοῦ-
