4116 6212
233 293 379 357 1001

889 288 1329 356 ENARRATIO
1375 292 1452 352 IN
1503 282 2004 353 EVANGELIUM
2056 283 2296 347 LUC/E.
2348 319 2420 328 ——-
2467 283 2631 345 CAP.
2682 272 2902 342 XVIII.

3453 261 3603 331 10οἳ

221 423 313 479 καὶ
365 420 607 501 ἀλλαχοῦ
649 419 750 501 ἔφη
786 436 800 449 ⁸
850 422 935 483 Τίς
966 419 1017 484 ἐξ
1045 421 1192 496 ὑμῶν
1226 418 1376 500 φίλον
1408 417 1578 500 ἔχων,
1625 423 1744 476 εἶτα
1786 421 1878 478 ελ-

1975 417 2108 479 Nam
2142 425 2384 499 prepter
2430 414 2855 496 impudentiam
2906 413 3054 501 ejus.
3103 409 3152 468 si
3202 425 3317 501 non
3368 416 3611 487 propter

220 507 380 568 οόντα
439 514 528 568 καὶ
569 511 822 590 κρού>ντα
880 512 1064 573 νυκτὸς
1153 507 1575 588 ἀποπέμψεται;
1628 512 1726 566 Διά
1781 513 1880 590 γαρ

219 601 319 668 τὴν
381 597 644 656 ἀναίδειαν
686 601 864 671 αὑτοῦ,
939 601 980 654 εἰ
1049 600 1128 674 μὴ
1183 596 1250 653 δι’
1303 595 1446 656 ούδὲν
1491 596 1620 653 ἄλλο
1664 599 1874 666 ἀνοίξει.

230 691 325 746 Καὶ
384 688 542 746 πάλιν
575 707 588 720 ⁸
645 714 668 742 ιι
720 689 807 751 Τίς
862 686 914 752 ἐξ
943 689 1115 762 ὑμῶν,
1163 687 1222 743 δν
1263 687 1354 742 ἒὰν
1398 689 1425 742 ὁ
1468 687 1576 748 υἱὸς
1606 686 1764 744 αὖτοῦ
1793 689 1878 743 αἷ-

227 779 370 853 τήσῃ
417 776 600 856 ἄρτον,
653 802 680 832 ι
728 778 814 834 καὶ
857 777 922 832 τὰ
960 775 1104 842 ἑξῆς.
1156 776 1253 832 Διά
1296 775 1495 832 τούτων
1543 775 1641 853 γὰρ
1670 777 1878 833 πάντων

224 867 326 932 τὴν
385 865 617 941 ἔμμονον
666 863 961 945 σχολήν-ἒν
1007 877 1129 926 ταῖς
1174 876 1505 942 προσευχαῖς
1535 865 1670 937 ἡμῖν
1695 865 1876 921 ὑποτί-

225 959 396 1017 θεται.
454 955 842 1034 Ἐπειράθησαν
873 952 929 1010 δέ
969 975 1107 1015 τινες
1166 955 1561 1031 περιεργότερον
1615 958 1714 1020 την
1769 977 1877 1010 πα-

227 1041 455 1122 ραϐολὴν
511 1045 708 1111 ταύτην
767 1041 1102 1117 ἓκλαϐέσθαι,
1188 1045 1278 1098 καὶ
1334 1042 1581 1098 ἀπειάσαι
1640 1042 1879 1118 ἐτόλμη-

227 1155 326 1190 σαν
379 1140 448 1209 τῇ
504 1133 742 1206 ἀληθείᾳ.
806 1134 956 1211 Χήρα
1000 1133 1121 1208 μὲν,
1156 1133 1377 1210 ἔφασαν,
1413 1131 1522 1188 ἐστὶ
1552 1139 1696 1188 πᾶσα
1727 1135 1881 1213 ψυχὴ

228 1224 321 1278 τὸν
383 1222 541 1301 ἄνδρα
597 1222 937 1282 ἀποϐαλοῦσα
963 1226 1151 1295 αὑτῆς,
1187 1223 1245 1276 ὃν
1291 1225 1414 1300 εἶχε
1469 1221 1741 1300 πρότερον,
1792 1225 1882 1278 τὸν

235 1308 480 1368 διάϐολον
538 1313 699 1392 φημί,
758 1313 845 1368 καὶ
895 1309 980 1368 διὰ
1024 1313 1178 1367 τούτο
1211 1307 1471 1366 ἀντίδικον
1503 1312 1658 1366 αὑτὸν
1688 1310 1886 1391 ἔχουσα

235 1399 314 1455 ἀεὶ
372 1400 732 1472 ἐπιτιθέμενον
788 1401 922 1476 αὒτῇ
959 1416 972 1430 ⁸
1035 1403 1069 1468 ἡ
1127 1398 1182 1454 δὲ
1241 1397 1594 1478 προσέρχεται
1648 1407 1726 1474 τῷ
1771 1407 1884 1474 Θεῴ

231 1495 389 1565 κριτῇ
441 1495 539 1556 τῆς
606 1487 831 1569 ἀδικίας,
890 1487 1154 1565 τουτέστι,
1219 1496 1296 1562 τῷ
1355 1488 1715 1567 κατακρίνοντι
1785 1489 1882 1555 τὴν

233 1576 458 1650 ἀδικίαν,
517 1580 573 1642 ὃς
618 1579 734 1635 οὔτε
778 1581 905 1634 Θεὸν
937 1575 1204 1658 φοϐεῖται.
1241 1576 1407 1639 Αὑτὸς
1464 1577 1565 1654 γὰρ
1599 1579 1728 1641 Θεὸς
1777 1577 1882 1647 μό-

233 1689 346 1744 νος,
405 1669 492 1723 καὶ
574 1667 671 1726 οὒκ
712 1667 830 1747 ἔχει
890 1668 947 1722 ὃν
990 1662 1346 1744 φοϐηθήσεται
1378 1664 1578 1739 ἕτερον’
1616 1664 1735 1720 ἀλλ’
1768 1663 1884 1722 οὔτε

236 1754 510 1833 ἄνθρωπον
551 1757 885 1836 αἰσχύνεται,
932 1757 1061 1819 Θεὸς
1119 1755 1218 1832 γὰρ
1277 1755 1561 1831 πρόσωπον
1615 1754 1885 1833 ἀνθρώπου

235 1849 295 1903 οὑ
345 1841 628 1919 λαμϐάνει,
691 1847 899 1912 Ταύτην
957 1845 1056 1911 τὴν
1115 1844 1292 1922 χήραν
1369 1844 1551 1922 ψυχὴν
1632 1841 1888 1918 δεομένην

235 1943 330 1992 τοῦ
383 1941 514 1991 Θεοῦ
558 1940 796 2014 συνεχῶς
841 1933 925 1990 διὰ
966 1935 1057 1989 τὸν
1103 1930 1361 1988 ἀντίδικον
1412 1932 1577 2000 αὑτῆς
1621 1930 1885 2012 διάϐολον,

240 2023 480 2098 οἰκτείρει
526 2027 553 2080 ὁ
599 2026 732 2086 [Istc
775 2021 1305 2088 καταδυσωπησάσης
1365 2021 1520 2077 αὑτὸν
1561 2027 1660 2088 της
1717 2039 1882 2094 προσ-

240 2109 438 2190 εδρείας
494 2114 712 2179 ταύτης.
760 2119 933 2170 Ταῦτα
965 2110 1063 2181 μὲν
1107 2111 1194 2166 οὖν
1254 2107 1360 2184 ὅτῳ
1403 2109 1576 2188 φίλον,
1623 2109 1880 2191 δεχέσθω.

240 2204 504 2280 Παρετέθη
560 2203 683 2280 γὰρ,
744 2201 838 2257 ἵνα
895 2202 972 2276 μὴ
1032 2202 1354 2277 ἀγνοῶνται.
1413 2199 1563 2267 Πλὴν
1605 2208 1769 2256 ταῦτα
1800 2199 1873 2256 δι-

238 2287 392 2356 δάξας
450 2293 593 2366 ἡμᾶς
649 2294 676 2347 ὁ
738 2293 926 2368 Κύριος
971 2290 1088 2368 περὶ
1155 2295 1247 2346 τοῦ
1303 2286 1415 2345 δεῖν
1469 2290 1881 2369 προσεύχεσθαι,

246 2381 332 2436 καὶ
389 2378 682 2458 ὑποδείξας,
756 2379 836 2435 ὅτι
896 2380 940 2434 εἰ
1010 2379 1160 2441 οὗτος
1219 2381 1246 2434 ὸ
1302 2376 1521 2456 ἄνομος,
1580 2381 1668 2434 καὶ
1715 2401 1890 2444 πασης

244 2470 433 2533 κακίας
508 2468 926 2548 πεπληρωμένος
1014 2465 1234 2544 ᾤκτειρε
1314 2472 1382 2543 τῇ
1465 2468 1711 2546 συνεχείᾳ
1794 2470 1892 2533 τῆς

245 2555 502 2638 δεήσεως,
535 2559 686 2632 πόσῳ
743 2556 947 2634 μᾶλλον
992 2559 1020 2612 ὸ
1077 2557 1206 2618 Θεὸς
1264 2556 1292 2612 ὸ
1339 2555 1891 2633 πάσηςξδικαιοσύνης

246 2648 494 2727 ἀρχηγὸς
553 2652 612 2707 οὗ
669 2648 910 2716 ποιήσειε
970 2645 1067 2712 τὴν
1125 2643 1392 2712 ἐκδίκησιν
1421 2647 1478 2700 ἓν
1506 2647 1692 2725 τάχει,
1722 2647 1892 2702 καίτοι

242 2740 614 2814 μακροθυμῶν,
670 2739 757 2793 καὶ
807 2734 1124 2814 φαινόμενος
1200 2733 1550 2800 ἀνηκουστεῖν
1608 2742 1716 2790 τῶν
1768 2733 1888 2790 δεο-

244 2823 419 2900 μένων
475 2829 632 2884 αὑτοῦ
677 2825 864 2886 νυκτὸς
920 2824 1008 2878 καὶ
1054 2821 1254 2903 ἡμέρας
1289 2839 1306 2897 ;
1338 2829 1512 2882 Ταῦτα
1543 2823 1630 2879 οὖν
1659 2821 1885 2889 διδάξας,

243 2915 328 2970 καὶ
380 2911 548 2979 δείξας
613 2915 774 2992 ἡμῖν,
847 2911 928 2968 ὅτι
986 2909 1038 2966 ἐν
1098 2918 1174 2986 τῷ
1221 2916 1388 2989 καιρῷ
1444 2913 1545 2978 τῆς
1599 2910 1892 2974 συντελείας

241 3007 311 3077 τῇ
368 3002 650 3080 προσευχῆ
705 3000 974 3080 χρηστέον
1042 3002 1172 3077 πρὸς
1244 3000 1366 3064 τοὺς
1438 2998 1727 3080 μέλλοντας
1773 3003 1893 3056 τότε

243 3079 505 3154 κινδύνους
555 3079 982 3168 ἐπιγενήσεσθαι,
1057 3086 1311 3167 ἐπιφέρει,
1373 3087 1479 3167 ὅτι,
1541 3079 1599 3146 Ὀ
1647 3090 1762 3153 Υἱὸς
1806 3096 1896 3145 τοῦ

1963 507 2116 568 aliud
2130 497 2421 587 ,‘aperiet.
2451 505 2520 566 Et
2540 504 2755 565 iterum
2789 525 2802 565 ε
2834 528 2858 557 τι
2889 499 3032 572 Quis
3055 519 3122 560 ex
3146 497 3332 566 vobis.
3359 519 3393 560 a
3414 519 3529 580 quo
3556 502 3606 561 si

1964 597 2118 658 ﬁlius
2149 597 2279 675 ejus
2315 613 2524 678 panem
2561 600 2744 673 petat,
2776 599 2891 652 etc.
2931 615 2956 645 ι)
2995 588 3218 661 Quibus
3254 590 3504 650 sollicita
3536 609 3604 649 ac

1965 695 2250 765 perpetua
2284 685 2471 746 oratio
2497 680 2925 764 praescribitur.
2951 681 3026 741 At
3053 679 3599 760 tentaruntqnidam

1965 774 2302 854 parabolam
2349 775 2499 834 hanc
2549 770 2845 832 curiosius
2885 787 3215 849 exponere,
3265 781 3322 828 et
3375 770 3603 831 veritati

1963 881 2308 943 comparare
2357 871 2485 923 sunt
2537 860 2663 922 ausi
2720 861 2826 938 (ιι).
2879 858 3126 921 Viduam
3189 859 3344 919 enim
3400 861 3606 922 dicunt

1964 970 2200 1013 omnem
2225 951 2482 1013 animam
2511 949 2862 1025 esse,virum
2884 957 3078 1009 autem
3104 948 3406 1010 dimisisse
3430 971 3604 1031 quem

1966 1042 2126 1117 prius
2160 1041 2385 1114 habuit,
2430 1038 2729 1102 diabolum
2757 1059 2770 1101 :
2805 1047 2861 1098 et
2893 1047 3135 1118 propter
3161 1039 3274 1098 hoc
3300 1039 3468 1099 illum
3501 1046 3605 1099 ha-

1965 1131 2068 1190 bet
2096 1129 2500 1191 adversarium
2521 1145 2760 1206 semper
2780 1129 3154 1188 resistentem
3181 1127 3318 1190 sibi.
3348 1126 3479 1207 Ipsa
3501 1147 3608 1188 au-

1967 1227 2082 1278 tem
2115 1218 2345 1280 accedit
2373 1228 2443 1280 ad
2474 1221 2660 1280 Deum
2688 1217 2953 1296 judicem
2989 1216 3318 1296 injustitiw,
3352 1219 3462 1278 hoc
3495 1230 3607 1292 est,

1965 1307 2464 1370 condemnantem
2492 1306 2977 1386 injustitiam,qui
3001 1325 3192 1387 neque
3208 1306 3398 1367 Deum
3419 1307 3606 1367 timet.

1970 1396 2096 1478 Ipse
2118 1398 2277 1458 enim
2302 1397 2457 1458 Deus
2482 1397 2642 1458 solus
2657 1415 2771 1457 non
2798 1395 3162 1476 habetquem
3184 1396 3610 1474 timeatalium,

1968 1486 2070 1548 sed
2088 1505 2280 1567 neque
2292 1486 2592 1548 hominem
2616 1484 3107 1566 reveretur;Deus
3122 1485 3279 1546 enim
3301 1505 3613 1566 personam

1969 1575 2226 1636 hominis
2258 1594 2374 1636 non
2407 1574 2722 1654 recipit89.
2748 1573 2896 1635 Huic
2925 1574 3136 1655 viduae,
3161 1593 3292 1654 quae
3323 1575 3463 1636 dum
3489 1584 3616 1636 orat

1969 1664 2268 1725 continuis
2290 1663 2571 1744 precibus
2599 1672 2839 1743 propter
2857 1662 3260 1725 adversarium
3287 1682 3456 1725 suum
3483 1665 3614 1725 dia-

1972 1753 2194 1834 bolum,
2231 1754 2549 1814 miseretur
2579 1756 2760 1824 Deus,
2797 1760 2855 1813 et
2894 1752 3158 1832 placatur
3188 1762 3431 1834 propter
3458 1755 3613 1815 assi-

1972 1842 2258 1904 duitatem
2293 1843 2442 1922 ejus.
2479 1844 2642 1916 Haec,
2666 1841 2764 1922 qui
2795 1841 2973 1914 volet,
3011 1849 3068 1902 et
3098 1842 3189 1902 cui
3226 1842 3478 1923 placent,
3513 1864 3616 1905 su-

1970 1933 2207 2011 scipiat.
2244 1931 2552 2011 Proposita
2578 1931 2736 1992 enim
2768 1939 2904 1990 sunt
2938 1949 3012 1992 ne
3043 1931 3408 2009 ignorentur.
3443 1935 3615 2013 Atqui

1974 2021 2253 2082 Dominus
2284 2021 2408 2082 haec
2445 2037 2550 2082 nos
2589 2019 2818 2094 docuit,
2871 2020 3026 2097 quod
3078 2031 3344 2098 oporteat
3382 2041 3620 2103 semper

1969 2128 2138 2172 orare
2177 2131 2190 2172 :
2225 2119 2282 2171 et
2315 2129 2420 2190 per
2453 2109 2794 2189 exemplum
2841 2109 3142 2190 indicavit,
3175 2111 3330 2190 quod
3384 2113 3617 2174 etiamsi

1966 2200 2077 2261 iste
2097 2200 2336 2278 iniquus
2360 2210 2414 2260 et
2443 2199 2603 2259 omni
2627 2198 2848 2259 malitia
2869 2199 3104 2278 plenus,
3130 2199 3518 2262 misereretur
3541 2212 3619 2263 ta-
3713 2191 3728 2206 ’

1976 2308 2110 2349 men
2131 2288 2205 2350 ob
2222 2289 2538 2351 continuas
2561 2296 3014 2368 preces,quanto
3040 2289 3226 2366 magis
3249 2288 3408 2350 Deus
3429 2292 3621 2353 omnis

1970 2377 2214 2458 justitiaa
2243 2379 2358 2439 dux
2391 2396 2508 2438 non
2541 2377 2716 2438 faciet
2763 2376 2932 2439 brevi
2965 2376 3310 2453 vindictam,
3356 2383 3622 2460 quamvis

1975 2466 2299 2541 diﬁ'erat,et
2322 2466 2589 2528 videatur
2607 2485 2724 2527 non
2743 2466 2949 2527 audire
2968 2475 3204 2529 orantes
3217 2469 3313 2530 die
3333 2488 3400 2530 ac
3424 2473 3623 2534 nocte?

1978 2557 2179 2635 Itaque
2211 2555 2316 2636 qui
2344 2554 2544 2617 docuit
2575 2562 2632 2616 et
2655 2557 3002 2617 monstravit
3025 2555 3201 2617 nobis
3218 2559 3374 2637 quod
3398 2561 3457 2619 in
3478 2570 3621 2623 tem-

1980 2662 2122 2722 pore
2144 2644 2674 2706 consummationis
2686 2645 2887 2705 saeculi
2909 2664 3058 2724 opus
3081 2645 3156 2705 sit
3177 2647 3536 2710 orationem
3561 2651 3618 2709 in

1978 2733 2188 2794 futuris
2211 2733 2493 2814 periculis
2515 2732 2733 2794 durare
2759 2733 3316 2809 valeamus,subdit:
3344 2735 3618 2816 Nunquid

1976 2819 2158 2882 Filius
2175 2822 2434 2883 hominis
2456 2840 2589 2882 cum
2613 2822 2868 2901 venerit,
2899 2821 3160 2884 inveniet
3181 2822 3359 2884 ﬁdem
3386 2827 3443 2886 in
3468 2835 3622 2887 terra

1973 2910 2082 2970 90?
2129 2910 2253 2982 Qua
2300 2910 2773 2988 interrogationis
2825 2911 3011 2988 ﬁgura
3063 2929 3229 2972 raros
3277 2913 3426 2976 dicit
3480 2925 3620 2976 tunc

1977 2999 2369 3061 inveniendos
2385 2998 2687 3060 ﬁdeles.ln
2711 3007 2936 3060 tantum
2951 3002 3107 3062 enim
3125 3001 3445 3064 invalescet
3468 3005 3622 3065 ﬁlius

1980 3085 2326 3168 iniquitatis,
2351 3096 2410 3148 ut
2435 3087 2636 3162 etiam,
2681 3088 2730 3148 si
2778 3089 3060 3168 possibile
3103 3096 3282 3168 esset,
3309 3093 3623 3155 seduceret

249 3179 528 3259 ἀνθρώπου
582 3180 682 3258 ἆρα
762 3177 926 3234 ἐλθὼν
1005 3179 1212 3257 εὑρήσει
1271 3177 1371 3244 τὴν
1432 3178 1606 3234 πίστιν
1661 3177 1746 3233 ἐπὶ
1799 3182 1889 3244 τῆς

1979 3177 2224 3240 electos.
2251 3180 2318 3239 ln
2342 3176 2492 3239 raris
2511 3176 2671 3238 enim
2689 3176 2840 3238 solet
2862 3177 3202 3258 bujusmodi
3221 3182 3619 3263 interrogandi

247 3272 399 3347 γῆς,
464 3268 517 3324 ἐν
577 3269 822 3348 σχήματι
884 3267 1193 3346 ἐρωτήσεως
1248 3267 1310 3322 τὸ
1367 3265 1590 3322 σπάνιον
1642 3272 1748 3322 τῶν
1777 3266 1897 3322 τότε

251 3358 677 3436 εὑρεθησομένων
734 3363 936 3412 πιστῶν
997 3355 1396 3430 ὑποσημαίνων.
1458 3365 1716 3414 Τοσοῦτον
1800 3355 1898 3433 γὰρ

248 3448 643 3524 κατακρατήοει
701 3446 821 3502 τότε
880 3447 907 3500 ὁ
961 3445 1069 3507 υἱὸς
1121 3443 1221 3511 τῆς
1277 3444 1519 3518 ἀνομίας,
1566 3443 1701 3500 ὥστε
1759 3441 1896 3500 πλα-

249 3541 339 3608 νᾷν
397 3537 486 3592 καὶ
560 3536 681 3598 τοὺς
748 3533 1016 3612 ἔλεκτοὺς,
1098 3533 1141 3589 εἰ
1198 3531 1438 3590 δυνατόν.
1494 3531 1660 3589 Εῗωθε
1719 3530 1772 3588 δὲ
1815 3532 1901 3588 ἐπὶ

255 3631 340 3680 τού
395 3625 630 3687 σπανίως
691 3621 1086 3702 εὑρισκομένου,
1150 3627 1226 3695 τῷ
1289 3620 1678 3699 ὲρωτηματικῲ
1717 3619 1899 3701 τρόπῳ

250 3716 504 3792 χρᾶσθαι,
560 3715 632 3776 ὡς
691 3713 780 3769 καὶ
840 3711 926 3768 ἐπὶ
976 3711 1069 3767 τού
1102 3726 1116 3740 '
1179 3710 1268 3773 Τίς
1325 3707 1424 3787 ἄρα
1480 3712 1622 3766 ἐστιν
1653 3713 1681 3767 ὁ
1711 3712 1896 3775 πιστὸς

253 3802 464 3883 δοῦλος,
522 3804 610 3859 καὶ
654 3802 905 3883 φρόνιμος
941 3817 959 3876 ;
1008 3800 1106 3857 Καὶ
1133 3798 1350 3856 ἐνταῦθα
1379 3801 1468 3858 οὖν
1516 3801 1579 3856 τὸ
1609 3800 1736 3856 αὑτὸ
1763 3801 1897 3856 ὑπο-

250 3890 451 3965 δηλῶν,
508 3893 596 3947 καὶ
627 3890 708 3948 ὅτι
740 3891 995 3969 βραχεῖς,
1041 3889 1126 3944 καὶ
1156 3887 1424 3961 ὀλιγόστοι
1476 3887 1682 3944 ἔσονται
1715 3891 1761 3945 οἱ
1801 3889 1901 3956 τὴν

248 3979 379 4058 πρός
435 4000 494 4035 τε
523 3982 614 4036 τὸν
647 3981 802 4053 Θεὸν,
847 3977 935 4034 καὶ
989 3977 1121 4049 πρὸς
1151 3974 1416 4046 ἀλλήλους
1473 3977 1647 4032 πίστιν
1701 3975 1900 4057 φυλάτ-

248 4090 451 4150 τοντες,
498 4074 568 4145 τῇ
610 4068 868 4146 ἐρωτήσει
898 4066 1064 4141 ταύτῃ
1095 4064 1390 4145 ἐχρήσατο.
1449 4066 1682 4128 Εἰκότως
1729 4065 1783 4120 δὲ
1836 4071 1904 4142 τῇ

252 4160 370 4236 περὶ
424 4167 518 4217 τοῦ
572 4157 962 4237 προσεύχεσθαι
1023 4153 1326 4233 παραινέσει
1377 4155 1469 4210 τὸν
1517 4156 1636 4232 περὶ
1683 4159 1782 4221 τῆς
1812 4155 1904 4210 πί-

250 4268 415 4310 στεως
475 4246 634 4326 λόγον
689 4245 1045 4319 ἒπισυνῆψεν.
1107 4240 1325 4310 Ἐπειδὴ
1369 4244 1469 4320 γάρ
1528 4243 1707 4306 πάσης
1733 4264 1899 4321 προσ-

253 4336 422 4417 ευχῆς
452 4337 664 4416 βάθρον,
721 4335 812 4392 καὶ
869 4333 1064 4410 κρηπὶς
1119 4333 1155 4399 ἡ
1185 4333 1359 4396 πίστις
1396 4350 1412 4366 ⁶
1447 4333 1491 4387 εἰ
1522 4333 1600 4407 μὴ
1660 4332 1760 4410 γὰρ
1815 4354 1906 4388 πι-

1981 3266 2167 3344 ﬁgura
2195 3265 2304 3346 uti,
2339 3265 2490 3326 sicut
2514 3272 2572 3326 et
2601 3284 2733 3326 cum
2767 3266 2908 3328 dicit
2945 3288 2958 3330 :
2993 3267 3133 3339 Quis
3157 3279 3328 3348 putas
3349 3271 3544 3334 ﬁdelis
3567 3283 3622 3334 et

1983 3353 2245 3436 prudens
2274 3372 2478 3416 servus
2499 3353 2529 3414 ?
2560 3354 2753 3434 Atque
2781 3356 2893 3418 hoc
2917 3356 3047 3417 loco
3070 3357 3228 3420 idem
3257 3359 3622 3439 signiﬁcans,

1979 3443 2134 3524 quod
2169 3443 2340 3524 pauci
2376 3462 2624 3505 numero
2654 3445 2794 3505 4'55
2827 3457 3003 3506 erunt
3031 3447 3132 3526 qui
3170 3467 3308 3527 erga
3345 3449 3533 3512 Deum
3570 3462 3628 3512 et

1980 3533 2139 3594 inter
2158 3551 2221 3594 se
2244 3533 2418 3594 ﬁdem
2463 3531 2805 3608 servabunt,
2842 3534 2952 3595 bac
2990 3536 3453 3616 interrogatione
3487 3559 3627 3601 usus

1981 3629 2088 3683 est.
2117 3621 2325 3686 Merito
2359 3629 2556 3682 autem
2587 3622 2850 3683 sermoni
2883 3623 2958 3685 de
2988 3625 3252 3686 oratione
3285 3644 3624 3689 sermonem

1983 3709 2058 3772 de
2088 3709 2207 3772 ﬁde
2226 3711 2566 3791 connexuit,
2590 3710 2865 3791 quoniam
2889 3714 3080 3773 omnis
3098 3715 3382 3777 orationis
3410 3715 3626 3778 funda-

1986 3807 2247 3861 mentum
2281 3818 2349 3861 ac
2378 3799 2538 3868 basis
2575 3807 2660 3860 est
2713 3800 2883 3863 ﬁdes.
2929 3799 3054 3862 Nisi
3103 3803 3257 3863 enim
3305 3805 3630 3866 crediderit

1984 3888 2189 3968 homo,
2217 3887 2376 3968 quod
2396 3888 2506 3949 hoc
2525 3888 2680 3967 quod
2709 3889 2854 3968 petit
2880 3897 3235 3970 accepturus
3259 3891 3333 3952 sit
3366 3893 3422 3953 in
3455 3910 3624 3954 suam

1987 3975 2322 4051 utilitatem,
2346 3994 2491 4037 vana
2510 3983 2600 4037 est
2629 3978 2817 4038 oratio
2837 3995 3010 4058 quam
3035 3977 3193 4039 facit.
3220 3977 3286 4040 Et
3319 3989 3630 4061 propterea

1991 4065 2277 4129 Dominus
2307 4065 2382 4126 de
2403 4065 2670 4126 oratione
2697 4066 2941 4140 docens,
2976 4067 3150 4128 etiam
3171 4067 3309 4130 ﬁdei
3333 4070 3626 4144 meminit,

1987 4154 2299 4214 declarans
2353 4153 2618 4235 interim,
2673 4173 2994 4234 paucorum
3047 4156 3172 4218 fore
3222 4165 3362 4219 tunc
3406 4177 3624 4222 orare:

1987 4242 2470 4324 quandoquidem
2519 4242 2668 4303 ﬁdes
2707 4243 2767 4303 in
2813 4243 3018 4324 paucis
3060 4246 3416 4310 invenietur.
3450 4247 3631 4326 Igitur

1991 4350 2123 4393 cum
2137 4330 2734 4391 veneritDominusin
2759 4331 3630 4406 nubibus,noninvenietﬁdem

252 4426 457 4482 στεύσει
518 4427 546 4481 δ
575 4423 874 4504 ἅνθρωπος,
909 4422 989 4478 ὃτι
1019 4421 1049 4476 ὃ
1079 4419 1168 4477 ἐὰν
1223 4420 1442 4496 αἰτήσῃ,
1487 4418 1718 4496 λήψεται
1776 4421 1889 4498 πρὸε

1993 4437 2174 4501 super
2215 4427 2460 4498 terram,
2500 4418 2612 4480 nisi
2646 4421 2704 4480 in
2738 4421 2958 4500 paucis.
3004 4421 3203 4483 Faciet
3243 4431 3440 4486 autem
3479 4425 3632 4486 hanc

256 4517 318 4571 τὸ
374 4489 682 4595 συμφέρονξ
725 4489 921 4589 ματαία
980 4512 1016 4578 ἡ
1071 4510 1375 4589 προσευχὴ,
1395 4489 1478 4575 ’ἣν
1505 4489 1742 4566 ποιεῖται
1779 4489 1889 4564 ’.διε

1975 4489 2137 4570 tunc
2164 4529 2177 4568 :
2209 4507 2375 4568 inviti
2406 4489 2602 4568 autem
2631 4489 2839 4570 omnes
2860 4509 3304 4574 conﬁtebuntur
3327 4513 3482 4592 qucd
3515 4515 3633 4576 Do-

255 4613 410 4664 τοῦτο
467 4609 494 4662 ὁ
555 4607 740 4686 Κύριος
811 4604 928 4682 περὶ
1005 4607 1097 4658 τοῦ
1166 4599 1553 4679 προσεύχεσθαι
1623 4597 1906 4677 διδάσκων,

255 4697 342 4753 καὶ
397 4697 496 4762 τῆς
552 4695 780 4757 πίστεως
862 4692 1198 4767 ἐπεμνήσθη,
1275 4687 1452 4756 δηλῶν
1508 4689 1908 4768 κεκρυμμένως,

1997 4597 2194 4659 minus
2224 4598 2398 4657 Jesus
2431 4594 2698 4657 Christus
2731 4596 2792 4657 in
2823 4597 3010 4676 gloria
3042 4609 3131 4660 est
3175 4599 3281 4662 Dei
3311 4601 3502 4663 Patris
3534 4621 3547 4662 :
3585 4602 3633 4662 si

1997 4684 2237 4766 quidem
2262 4684 2387 4746 haec
2410 4683 2560 4746 ﬁdes
2573 4685 2833 4746 vocanda
2855 4696 2966 4767 est,
2992 4691 3054 4750 et
3072 4706 3188 4749 non
3208 4689 3401 4768 potius
3424 4708 3634 4751 neces-

259 4785 341 4841 ὅτι
396 4783 592 4860 ὀλίγων
647 4783 804 4840 ἔσται
858 4782 947 4838 καὶ
1006 4781 1064 4837 τὸ
1112 4779 1498 4858 προσεύχεσθαι
1550 4779 1696 4855 τότε,
1730 4775 1889 4835 ἐπειδη

1997 4774 2160 4838 sitas.
2196 4773 2406 4836 Nullus
2442 4772 2600 4834 enim
2633 4774 2744 4836 erit
2782 4773 3113 4837 inﬁdelium
3153 4777 3251 4856 qui
3293 4796 3409 4838 non
3433 4777 3638 4840 credet

254 4875 343 4930 καὶ
376 4875 411 4941 ἡ
457 4872 635 4934 πίστις
667 4871 721 4927 ἐν
753 4868 952 4947 ὀλίγοις
1015 4869 1373 4947 εὑρεθήσεται.
1423 4865 1623 4924 Ἐλθὼν
1675 4867 1772 4943 μὲν
1827 4870 1889 4924 ob

1998 4863 2154 4945 quod
2174 4862 2334 4924 solus
2353 4862 2961 4944 sitSalvatoris,quem
2984 4875 3160 4927 antea
3175 4865 3632 4946 blasphemarat.

259 4964 287 5016 ὁ
325 4960 510 5039 Κύριος
540 4959 595 5015 ἒν
625 4956 892 5037 νεφέλαις,
939 4957 1032 5013 οὑκ
1061 4956 1267 5035 εὑρήσει
1297 4956 1395 5022 τὴν
1443 4955 1620 5012 πίστιν
1681 4955 1766 5013 ἐπὶ
1819 4958 1916 5022 τῆς
1968 4960 2094 5026 γῆς,
2148 4954 2191 5008 εἰ
2233 4954 2310 5028 μὴ
2342 4949 2440 5030 ἄρα
2471 4953 2525 5007 ἐν
2558 4951 2781 5030 ὀλίγοις,
2813 4956 3030 5023 ποιήσει
3060 4952 3113 5010 δὲ
3137 4956 3334 5022 ταύτην
3363 4955 3501 5030 τότε,
3550 4961 3636 5013 καὶ

260 5047 479 5112 ἄκοντες
514 5049 614 5128 γὰρ
644 5047 838 5112 πάντες
871 5043 1316 5122 ὁμολογήσουσιν,
1354 5043 1433 5100 ὅτι
1481 5045 1669 5122 Κύριος
1701 5043 1904 5112 Ἰησοῦς
1935 5046 2006 5108 εἷς
2032 5041 2180 5108 δόξαν
2215 5049 2346 5098 Θεοῦ
2378 5042 2601 5118 Πατρὸς,
2639 5044 2725 5097 καὶ
2769 5042 2821 5097 εἴ
2851 5064 2912 5120 γε
2942 5044 3050 5121 χρὴ
3085 5052 3246 5101 ταῦτα
3276 5044 3474 5115 πίστιν,
3503 5044 3637 5100 ἀλλά

262 5140 341 5216 μή
379 5138 618 5217 ἀνάγκην
677 5137 872 5210 εἰπεῖν,
932 5132 1099 5196 οὐδεὶς
1145 5139 1250 5190 τῶν
1303 5133 1538 5190 ἀπίστων
1595 5132 1787 5213 ἔσταιι
1830 5136 1886 5196 ὃς
1958 5137 2017 5191 οὗ
2061 5131 2350 5210 πιστεύσει,
2402 5128 2482 5186 ὅτι
2524 5131 2684 5204 μόνος
2737 5134 2764 5187 ὸ
2823 5132 3014 5206 Σωτὴρ
3057 5133 3084 5186 ὁ
3127 5127 3251 5208 παρ’
3309 5133 3466 5188 αὑτοῦ
3521 5137 3638 5213 πρὶν

260 5227 743 5310 βλασφημούμενος
756 5274 771 5288 .

339 5387 406 5439 89
435 5386 625 5452 Galat.
659 5402 727 5460 ιι,
761 5385 820 5448 6.
906 5381 971 5433 90
1001 5382 1148 5448 Luc.
1190 5397 1355 5458 xvm,
1379 5381 1440 5445 8.

345 5549 432 5631 (α)
472 5547 631 5613 Edit.
663 5548 798 5613 Lut.
833 5562 954 5610 non
984 5541 1184 5621 habet,
1216 5546 1271 5606 οι
1299 5542 1556 5607 veritati
1585 5557 1936 5622 comparare
1961 5548 2097 5606 sunt
2125 5544 2288 5644 ausi.

595 5720 860 5785 PATIOL.
904 5717 1018 5784 Gn.
1062 5713 1335 5781 CXXIII.

3221 5709 3326 5774 32.
