4116 6212
593 295 740 359 1003
1548 295 1649 356 ΤΗ
1663 291 2137 356 EOPHYLACTI
2185 290 2590 358 BULGARLE
2634 293 2987 360 ARCHIEP.
3799 296 3912 358 1004

662 429 842 492 Vnus.
871 431 1037 494 9-14.
1071 456 1095 483 α
1134 430 1288 493 Dixit
1320 439 1602 491 autemet
1636 427 1705 489 ad
1742 428 2028 508 quosdam
2054 425 2221 508 quiin

2403 452 2425 484 α
2480 433 2617 488 Είπε
2663 431 2716 490 δὲ
2749 436 2835 488 καὶ
2878 434 3009 512 πρός
3052 455 3199 497 τινας
3229 434 3352 498 τοὺς
3383 432 3710 496 πεποιθότας
3735 433 3809 511 ἐφ’
3834 435 3925 488 ἑαδ-

583 538 648 581 se
672 519 1057 582 confidebant
1079 520 1234 599 quod
1256 519 1643 596 esseutjusti,
1673 528 1729 578 et
1767 515 2221 597 aspernabantut

2321 533 2462 590 τοῖς,
2509 521 2588 576 ὅτι
2641 524 2736 577 εἰσὶ
2795 521 3007 600 δίκαιοι,
3080 524 3167 578 καὶ
3223 521 3617 587 ἐξουθενοῦντας
3677 523 3791 583 τοὺς
3839 521 3927 576 λοι·

581 619 849 681 caeteros,
885 607 1225 688 parabolam
1253 608 1424 669 istam
1457 629 1469 669 :
1506 609 1634 668 Duo
1651 605 1927 667 homines
1949 604 2221 666 ascende‘

2322 609 2474 684 ποὺς,
2507 613 2604 678 την
2636 609 2940 690 παραϐολὴν
2983 611 3181 677 ταύτην
3217 628 3230 642 ⁸
3303 611 3621 688 ἿΑνθρωποι
3666 609 3752 667 δύο
3777 607 3930 677 asia“.

584 697 721 759 bant
747 697 804 757 in
840 699 1125 777 templum
1155 710 1215 756 ut
1242 705 1627 776 precarentur
1654 717 1667 766 ;
1704 714 1854 754 unus
1883 693 2211 755 Pharisteus

2322 719 2417 752 σαν
2476 700 2546 764 εἰς
2607 702 2668 756 τὸ
2723 702 2862 777 ἱερὸν
2921 697 3295 778 προσεύξασθαι
3328 721 3343 735 ο

583 795 640 848 et
669 788 820 847 alter
852 787 1225 865 publicanus.
1266 786 1596 845 Pharisaeus
1628 789 1791 846 stans
1838 784 1960 844 hzec
1987 782 2141 862 apud
2173 800 2238 842 se

583 875 823 936 orabat:
857 875 1033 953 Deus,
1061 877 1274 952 gratias
1297 893 1403 950 ago
1443 873 1546 934 tibi
1583 873 1736 952 quod
1772 892 1886 932 non
1920 891 2048 931 sum
2085 871 2238 930 sicut

581 966 777 1024 caateri
831 965 1128 1036 homines,
1164 974 1452 1043 raptores,
1500 962 1730 1041 injusti,
1769 960 2046 1037 adulteri,
2081 959 2238 1020 velut

583 1054 757 1115 etiam
787 1055 882 1114 hic
917 1053 1266 1134 publicanus
1294 1072 1311 1126 ;
1340 1053 1549 1131 jejuno
1574 1052 1664 1112 bis
1683 1052 1741 1111 in
1765 1050 2043 1129 Sabbato,
2071 1049 2236 1110 deci-

3401 703 3429 756 6
3487 701 3577 764 εἷς
3658 707 3927 778 Φαρισαῖος,

2322 875 2527 956 ἑαυτὸν,
2575 887 2738 936 ταῦτα
2794 879 3136 956 προσηύχετο
3170 892 3184 906 ⁶
3236 869 3293 934 Ὀ
3339 880 3492 949 Θεὸς,
3540 878 3838 957 εὔχαριπῶ
3872 901 3930 932 σοι

2318 963 2402 1020 ὅτι
2443 967 2536 1022 οὒκ
2573 968 2681 1042 εἰμὶ
2720 967 2898 1046 ὥσπερ
2940 970 2986 1022 οἱ
3030 965 3205 1022 λοιποὶ
3246 969 3351 1022 τῶν
3421 966 3743 1044 ἀνθρώπων,
3792 967 3929 1044 ἅρπα-

2317 1076 2431 1132 γες»
2493 1054 2682 1130 ἄδικοι,
2731 1058 2940 1136 μοιιοῖ,
2988 1056 3024 1123 ἢ
3067 1057 3156 1111 καὶ
3199 1057 3270 1118 ὡς
3317 1056 3467 1118 οὗτος
3501 1059 3527 1111 ὁ
3581 1055 3933 1122 τελώνης’ντ,-

2389 788 2553 808 \(r'
2831 788 2898 808 \r
3084 781 3135 808 (Α
3210 795 3244 808 ι
3411 803 3434 808 ..
3676 790 3742 808 Α·
3893 792 3902 804 ι
4019 801 4025 808 .

2319 789 2405 841 καὶ
2449 790 2478 843 6
2530 788 2705 862 ἕτερος
2772 788 3032 856 τελώνης,
3084 788 3140 846 ’0
3203 795 3521 867 Φαρισαῖος,
3568 790 3774 853 σταθεὶς
3834 792 3930 866 πρὸς

587 1161 714 1203 mas
747 1142 819 1201 do
857 1143 1119 1201 omnium
1148 1161 1275 1221 qua:
1299 1141 1599 1220 possideo.
1634 1142 1705 1201 Et
1728 1139 2078 1218 publicanus
2097 1157 2234 1217 pro-

581 1233 675 1291 cul
708 1241 896 1310 stans,
943 1250 1049 1291 nec
1081 1232 1284 1291 oculos
1326 1230 1552 1290 volebat
1583 1230 1652 1290 ad
1689 1230 1908 1291 cmlum
1940 1228 2230 1302 attollere,

583 1323 684 1382 sed
721 1322 1004 1382 tundebat
1024 1331 1227 1401 pectus
1255 1341 1424 1381 suum
1454 1321 1658 1382 dicens
1690 1342 1702 1380 :
1743 1321 1917 1391 Deus,
1946 1320 2234 1400 propitius

581 1420 703 1470 esto
727 1413 864 1471 mihi
889 1411 1207 1490 peccatori.
1236 1412 1381 1472 Dico
1403 1410 1590 1486 vobis,
1621 1410 1930 1470 descendit
1955 1408 2238 1487 hicjusti-

582 1500 791 1559 ﬁcatus
816 1501 873 1560 in
900 1499 1139 1560 domum
1166 1518 1353 1570 suam,
1382 1498 1564 1576 magis
1581 1517 1752 1578 quam
1777 1499 1876 1558 ille
1905 1521 1917 1556 :
1945 1497 2083 1578 quia
2099 1515 2232 1556 om-

581 1589 673 1648 nis
703 1590 801 1668 qui
835 1609 896 1649 se
941 1588 1186 1664 extollit,
1225 1587 1659 1662 humiliabitur,
1701 1595 1757 1647 et
1801 1587 1996 1647 omnis
2038 1587 2134 1666 qui
2167 1603 2232 1646 se

581 1679 872 1750 bumiliat,
907 1679 1243 1739 extolletur.
1280 1701 1311 1734 κ
1346 1677 1472 1737 Non
1496 1687 1690 1738 cessat
1723 1679 2008 1737 Dominus
2039 1675 2228 1756 pluri-

581 1767 687 1828 bus
737 1769 1100 1845 argumeutis
1131 1786 1452 1846 repurgare
1490 1765 1785 1846 superbite
1826 1766 2058 1826 vitium.
2093 1765 2230 1827 Plus

579 1857 734 1917 enim
758 1858 890 1917 aliis
918 1857 1068 1917 vitiis
1094 1865 1357 1918 mentem
1385 1858 1702 1917 humanam
1731 1855 2230 1934 turbat,propter-

579 1965 648 2006 ea
680 1966 835 2026 saepe
866 1956 923 2007 et
955 1946 1204 2006 multum
1229 1946 1302 2007 de
1334 1948 1442 2006 hac
1475 1945 1669 2006 docet.
1694 1944 1963 2024 Denique
1987 1952 2044 2004 et
2069 1962 2228 2004 nunc

581 2036 845 2114 pejorem
885 2037 1013 2113 ejus
1064 2035 1322 2113 speciem
1383 2045 1617 2115 purgat.
1653 2034 1837 2097 Multa
1890 2033 2050 2094 enim
2095 2041 2229 2093 sunt

580 2123 884 2202 philautize
908 2123 1419 2202 germina.0pinio
1443 2125 1515 2185 de
1540 2142 1602 2184 se
1630 2123 2222 2201 magna,arrogantia,

580 2222 634 2270 et
668 2212 857 2271 inanis
889 2212 1092 2296 gloriae
1122 2211 1414 2289 cupiditas
1435 2210 1508 2270 ab
1536 2211 1644 2272 hac
1672 2210 1982 2291 pullulant.
2013 2210 2228 2271 Perni-

579 2300 772 2359 ciosor
797 2309 990 2359 autem
1026 2299 1306 2360 omnibus
1337 2299 1468 2359 aliis
1503 2308 1592 2359 est
1621 2299 1928 2379 superbia,
1965 2318 2097 2376 quae
2120 2298 2227 2361 Dei

582 2396 668 2447 est
700 2396 1097 2466 contemptus.
1128 2386 1271 2448 Cum
1306 2388 1462 2448 enim
1491 2388 1623 2466 quis
1653 2406 1771 2447 non
1800 2386 1946 2462 Deo,
1980 2387 2085 2448 sed
2117 2387 2227 2448 sibi

579 2495 681 2536 sua
715 2475 869 2539 hona
895 2495 1076 2556 opera
1123 2475 1347 2549 tribuit,
1397 2476 1535 2555 quid
1574 2477 1682 2536 hoc
1709 2476 1865 2536 aliud
1899 2495 2070 2556 quam
2114 2495 2226 2538 ne-

577 2585 714 2644 gare
734 2565 918 2626 Deum
944 2575 1054 2637 est,
1079 2574 1137 2625 et
1169 2565 1224 2624 ei
1256 2564 1606 2626 adversari?
1637 2567 1759 2627 Hoc
1792 2564 1968 2643 igitur
1997 2563 2223 2638 vitium,

575 2655 671 2719 cui
702 2655 986 2716 Dominus
1031 2655 1113 2717 ita
1141 2654 1505 2726 adversatur,
1559 2663 1619 2715 ut
1650 2654 1930 2715 inimicus
1958 2653 2222 2726 inimico,

576 2745 683 2805 hac
703 2744 980 2824 parabola
1009 2743 2222 2821 medicariDominusdeclaratur.PrOpter

574 2834 685 2894 hoc
711 2835 869 2894 enim
905 2833 1062 2914 quod
1095 2833 1402 2894 conﬁdunt
1435 2832 1494 2892 in
1525 2831 1762 2912 seipsis,
1790 2840 1843 2892 et
1879 2851 1998 2892 non
2031 2841 2216 2892 totum

573 2921 692 2983 Deo
728 2923 1014 2997 tribuulit,
1059 2922 1164 2983 sed
1211 2921 1357 2982 alios
1404 2940 1510 3000 per
1555 2922 1666 2982 hoc
1699 2920 2061 2994 exinaniunt,
2097 2922 2222 2981 haec

575 3011 756 3072 dicit:
795 3021 854 3072 et
885 3011 1143 3073 ostendit
1166 3009 1319 3090 quod
1339 3010 1591 3089 justitia,
1618 3010 1881 3089 quamvis
1902 3010 2120 3090 alioqui
2150 3010 2224 3069 sit

580 3100 894 3172 mirabilis,
932 3110 988 3161 et
1018 3100 1317 3161 hominem
1352 3099 1472 3160 Deo
1506 3101 1838 3179 proximum
1873 3098 2194 3161 conSIituat

573 3207 706 3248 cum
737 3188 1076 3267 superbiam
1110 3187 1439 3263 admiserit,
1477 3186 1777 3249 hominem
1816 3207 1872 3248 :n
1904 3189 2095 3249 locum
2123 3192 2215 3249 in-

574 3278 774 3334 timum
807 3277 1058 3354 reﬁciat,
1093 3283 1150 3336 et
1195 3276 1527 3336 dazmonem
1580 3276 1814 3351 reddat,
1861 3275 1960 3356 qui
1985 3276 2108 3354 jam
2152 3294 2217 3337 se

573 3364 857 3444 aequalem
898 3364 1015 3424 Deo
1048 3365 1290 3428 fecerat.
1349 3364 1580 3425 Similia
1635 3364 1828 3444 itaque
1870 3373 2007 3425 sunt
2039 3365 2217 3426 verba

571 3451 850 3514 Pharisaei
873 3452 944 3513 ab
965 3451 1156 3523 initio,
1185 3453 1335 3531 grati
1370 3452 1628 3513 hominis
1651 3452 2216 3516 sermonibus.Gra-

573 3542 680 3603 tias
704 3544 859 3603 enim
885 3542 1074 3603 habeo
1095 3541 1222 3622 tibi,
1243 3543 1618 3622 inquit,Deus
1645 3561 1659 3617 ;
1692 3551 1748 3602 at
1771 3552 1980 3603 caetera
2001 3553 2217 3622 quanta

574 3632 791 3692 referta
820 3641 954 3690 sunt
977 3630 1340 3709 arrogantia!
1377 3631 1516 3689 454
1547 3629 1672 3690 Non
1707 3631 1865 3691 enim
1897 3630 2062 3706 dixit,
2097 3631 2213 3692 Fe-

576 3720 701 3781 cisti
734 3739 829 3781 me
861 3719 1158 3782 abstinere
1189 3720 1262 3780 ab
1299 3719 1606 3798 injustitia,
1643 3728 1700 3780 et
1746 3738 1778 3778 a
1808 3719 2017 3799 rapina
2049 3738 2062 3782 :
2111 3720 2214 3781 sed

576 3809 905 3889 quomodo?
927 3811 1057 3871 Non
1072 3828 1223 3870 sum.
1249 3808 1489 3888 Sibiipsi
1508 3807 1672 3869 attril
1692 3808 1776 3869 uit
1798 3807 2015 3869 bonum
2041 3828 2210 3890 opus,

576 3905 636 3960 et
667 3915 771 3962 suo
802 3898 1027 3960 robori.
1063 3899 1135 3958 At
1167 3897 1312 3959 alios
1350 3898 1626 3978 judicare
1656 3898 1954 3978 quomodo
1987 3907 2077 3960 est
2103 3900 2216 3960 ho-

580 3989 756 4048 minis
777 3987 1020 4049 scientis
1038 3987 1192 4066 quod
1219 4007 1252 4047 a
1283 3987 1406 4048 Deo
1432 3987 1642 4048 habeat
1665 4006 1795 4068 quae
1812 3987 2035 4048 habet?
2067 3989 2217 4051 Om-

577 4078 716 4138 nino
741 4077 896 4138 enim
929 4078 974 4137 si
1006 4077 1361 4137 credidisset
1387 4077 1541 4156 quod
1567 4095 1673 4157 per
1703 4077 1946 4156 gratiam
1974 4076 2220 4138 haberet

575 4167 766 4227 aliena
799 4165 971 4246 bona,
1012 4184 1127 4227 non
1154 4167 1606 4245 contempsisset
1633 4165 1802 4240 alios,
1826 4165 2214 4228 considerans

577 4255 731 4336 quod
765 4255 940 4315 etiam
972 4256 1098 4334 ipse
1143 4273 1309 4335 aeque
1359 4255 1552 4316 nudus
1604 4265 1783 4329 esset,
1827 4265 2108 4335 quantum
2141 4255 2213 4317 ad

575 4363 738 4405 suam
770 4342 1040 4403 virtutem
1074 4344 1379 4406 attinebat.
1415 4343 1607 4406 Gratis
1648 4343 1805 4405 enim
1857 4345 2098 4405 indutus
2129 4354 2216 4408 est

2201 3146 2278 3199 ’C

2318 1146 2484 1200 στεύω
2527 1143 2600 1209 δὶς
2644 1152 2734 1202 τοῦ
2779 1142 3074 1218 Σαϐϐάτου,
3108 1142 3415 1200 ἀποδεκατῶ
3443 1146 3622 1200 πάντα
3675 1145 3772 1199 ὅσα
3822 1149 3932 1200 κτῶ-

2519 1245 2535 1256 ν
2580 1236 2594 1254 ‘
2804 1236 2814 1254 1
3073 1257 3086 1266 ‘
3156 1234 3166 1254 Ι
3203 1256 3220 1264 ⁸
3289 1235 3300 1252 l
3389 1235 3402 1253 \
3542 1235 3557 1254 9
3645 1233 3672 1254 η
3711 1256 3731 1266 ρ
3874 1233 3931 1263 ιεῖ

2317 1257 2436 1308 μαι,
2501 1245 2597 1292 kat:
2631 1237 2658 1290 6
2689 1233 2947 1304 τελωνης,
2994 1237 3254 1309 μακροθεν
3283 1255 3474 1307 εστως,
3508 1257 3609 1290 ουκ
3642 1233 3822 1298 ηθςλεν
3847 1251 3934 1288 ous;

2315 1324 2432 1388 τοὺς
2462 1322 2758 1403 ὀφθαλμοὺς
2815 1325 2888 1386 εἰς
2937 1325 3027 1378 τὸν
3082 1322 3298 1401 οὗρανὸν
3349 1325 3562 1400 ἐπᾶραι,
3601 1321 3729 1378 ἀλλ’
3759 1321 3936 1381 ἔτυπτεν

2319 1413 2391 1476 εἰς
2430 1402 2726 1479 τὸστῆθος
2772 1415 2947 1484 αὖτοῦ,
2994 1411 3166 1490 λέγων
3201 1427 3213 1441 ·
3281 1402 3338 1468 Ὀ
3398 1415 3527 1476 Θεὸς
3588 1410 3832 1477 ἱλάσθητί
3867 1435 3934 1483 μοι

2315 1503 2391 1575 τῷ
2433 1503 2755 1580 ἁμαρτωλῷ.
2814 1500 2966 1578 Λέγω
3012 1501 3164 1574 ὑμῖν,
3223 1497 3420 1566 κατέϐη
3471 1501 3634 1562 οὗτος
3695 1498 3936 1554 δεδικαιω-

2315 1590 2470 1664 μένος
2527 1592 2598 1653 εἰς
2652 1593 2741 1645 τὸν
2773 1592 2925 1646 οἷκον
2957 1591 3134 1661 αὖτοῦ,
3167 1588 3202 1653 ἢ
3245 1588 3474 1667 ἐκεῖνος,
3507 1587 3592 1643 ὅτι
3629 1595 3739 1651 πᾶς
3767 1591 3793 1644 6
3819 1591 3932 1662 ἰιψιέη

2314 1680 2520 1754 amt»,
2566 1681 3040 1751 ταπεινωθήσεται,
3085 1680 3112 1733 ὃ
3168 1675 3222 1733 δὲ
3275 1683 3537 1732 ταπεινῶν
3567 1679 3786 1755 ἑαυτὸν,
3815 1679 3934 1750 66w-

2309 1770 2548 1838 θήσεται.
2609 1791 2632 1824 υ
2687 1770 2760 1824 Οὐ
2815 1767 3038 1822 παύεται
3071 1769 3098 1821 6
3158 1768 3342 1845 Κύριος
3404 1768 3464 1822 τὸ
3519 1772 3623 1832 τῆς
3687 1768 3931 1844 {impugn-

2312 1859 2423 1921 νίας
2477 1858 2642 1921 πάθος
2687 1856 3008 1933 ἐκκαθαίρων
3065 1854 3149 1911 διὰ
3227 1855 3513 1918 πλειόνων,
3573 1854 3796 1922 Ἐπειδὴ
3856 1857 3930 1930 γξφ

2312 1945 2472 2002 πλέον
2527 1948 2632 2003 τῶν
2688 1944 2864 2002 ἄλλων
2922 1949 3101 2002 παθῶν
3159 1943 3380 2023 ἐνοχλεῖ
3427 1958 3549 2007 ταῖς
3611 1945 3927 2021 ἀνθρωπίναις

2310 2036 2567 2114 γνώμαις,
2629 2034 2712 2091 διὰ
2754 2043 2908 2091 τοῦτο
2950 2033 3230 2114 πολλαχοῦ
3258 2035 3347 2089 καὶ
3377 2031 3641 2097 πολλάκις
3677 2037 3794 2112 περὶ
3830 2036 3929 2088 τού-

2309 2147 2403 2184 του
2457 2123 2710 2187 διδάσκει,
2760 2123 2974 2199 Ἀμέλει
3017 2124 3106 2180 καὶ
3135 2130 3221 2179 νῦν
3265 2123 3326 2178 τὸ
3365 2137 3555 2201 χεῖρον
3586 2121 3742 2188 εἶδος
3767 2124 3928 2188 ταύῖης

2311 2212 2629 2292 ἐκκαθαίρει.
2688 2212 2865 2271 Πολλὰ
2923 2213 3022 2290 γὰρ
3077 2212 3140 2267 τὰ
3198 2217 3296 2277 τῆς
3373 2210 3654 2292 φιλαυτίας
3721 2211 3928 2289 βλαστή-

2310 2327 2476 2380 ματα.
2527 2307 2624 2362 Καὶ
2666 2305 2765 2383 γὰρ
2807 2305 2894 2359 καὶ
2937 2302 3138 2372 οἴησις,
3185 2303 3273 2357 καὶ
3325 2300 3642 2375 ἀλαζωνεία,
3679 2306 3768 2359 καὶ
3807 2323 3924 2358 κενο-

2309 2392 2446 2459 δοξία
2505 2394 2564 2450 ἐκ
2619 2394 2813 2459 ταύτης
2883 2393 3120 2471 φύονται,
3181 2389 3581 2469 Ὀλετριώτερον
3647 2390 3703 2447 δὲ
3750 2395 3926 2447 stin-ur.

2309 2486 2353 2562 ﬁ
2402 2483 2750 2562 ὑπερηφανία,
2807 2482 3135 2560 ὑπερηφανία
3206 2477 3261 2535 δὲ
3298 2480 3440 2536 ἐστιν
3493 2479 3749 2547 ἀθέτησις
3806 2486 3927 2538 Θεοῦ.

2310 2557 2629 2650 ’Ὅταν-γάρ
2670 2593 2750 2634 τις
2795 2575 2854 2629 οὗ
2896 2557 3154 2643 τῷήΘεῷ,
3202 2567 3318 2624 ἀλλ’
3369 2571 3535 2643 ἐαυτῷ
3593 2569 3926 2648 ἐπιγράφηται

2307 2663 2368 2718 τὸ
2409 2661 2816 2740 κατορθώματα,
2859 2661 2909 2715 τί
2957 2657 3112 2736 ἄλλο,
3163 2659 3199 2726 ἢ
3244 2657 3458 2735 ἄρνησις
3518 2666 3653 2717 (“εοῡ
3703 2662 3810 2714 εστι
3862 2659 3927 2710 καὶ

2301 2751 2557 2812 ἀντιθεία.
2611 2750 2774 2808 Τοῦτο
2825 2751 2914 2805 οὗν
2957 2750 3016 2804 τὸ
3073 2749 3234 2811 πάθος
3288 2747 3661 2822 τὸ,ἀντίθεον,
3711 2751 3812 2817 ᾦὸ
3843 2747 3927 2804 Κύ-

2302 2863 2412 2919 ριος
2471 2841 2865 2919 ἀντιτάσσεται,
2916 2841 2988 2902 ὡς
3033 2837 3221 2916 ἐχθρὸς
3272 2836 3468 2916 ἐχθρῷ,
3501 2833 3581 2891 διά
3624 2838 3731 2902 τῆς
3776 2857 3928 2913 παρα-

2303 2927 2463 2997 ϐολῆς
2530 2929 2726 2995 ταύτης
2785 2931 2813 2983 6
2886 2928 3072 3005 Κύριος
3153 2924 3454 3004 θεραπεύειν
3531 2923 3925 3003 ἐπαγγέλλεται.

2308 3019 2404 3073 Διά
2464 3019 2558 3095 γὰρ
2599 3018 2718 3079 τοὺς
2750 3015 3069 3078 πεποιθότας
3114 3013 3196 3093 ἐφ’
3249 3015 3483 3087 ἑαυτοῖς,
3517 3015 3603 3069 καὶ
3650 3016 3732 3090 μὴ
3759 3015 3817 3069 τὸ
3844 3019 3928 3069 πᾶν

2306 3113 2420 3181 Θεῷ
2451 3105 2846 3184 λογιζομένους,
2906 3103 3042 3160 ἀλλὰ
3092 3102 3177 3160 διὰ
3231 3113 3386 3162 τοῦτο
3440 3105 3526 3160 καὶ
3580 3106 3707 3166 τοὺς
3759 3102 3924 3163 ἄλλους

2301 3195 2715 3268 ἐξουθενοῦντας,
2774 3194 2937 3251 ταῦτά
2974 3217 3129 3273 φησι,
3184 3196 3270 3249 καὶ
3311 3190 3586 3272 δείκνυσιν,
3642 3193 3727 3249 ὅτι
3770 3195 3804 3260 ἡ
3855 3190 3924 3245 δι-

2299 3286 2552 3352 καιοσύνη
2601 3283 2768 3341 τᾶλλα
2825 3283 3100 3359 θαυμαστή
3159 3303 3239 3346 τις
3287 3284 3438 3360 οὖσα,
3469 3283 3555 3337 καὶ
3581 3280 3809 3349 πλησίον
3851 3290 3925 3337 τοῦ

2301 3383 2431 3432 Θεοῦ
2484 3376 2574 3431 τὸν
2631 3373 2898 3440 ἄνθρωπον
2953 3373 3174 3444 ἰστῶσα,
3233 3370 3358 3426 ὅταν
3414 3371 3512 3438 τὴν
3586 3372 3923 3452 ὑπερηφανίαν

2299 3461 2687 3541 προσλάόηται,
2746 3464 2819 3528 εἰς
2863 3463 2929 3518 τὰ
2991 3462 3269 3517 κατώτατα
3313 3461 3404 3516 τὸν
3446 3458 3718 3539 ἄνθρωπον
3774 3456 3921 3535 ἀποῤ-

2298 3555 2491 3632 ρίπτει,
2541 3554 2629 3608 καὶ
2684 3555 2758 3616 ὡς
2817 3551 3034 3626 δαίμονα
3089 3563 3238 3606 ποιεῖ
3265 3551 3356 3606 τὸν
3384 3548 3518 3613 τέως
3562 3551 3765 3607 ἰσόθεον
3792 3571 3918 3628 χρη-

2299 3646 2603 3718 ματίζοντα,
2665 3638 2867 3698 ’Ἒοικε
2924 3641 3020 3716 μὲν
3063 3642 3152 3695 οὖν
3191 3640 3255 3694 τά
3298 3640 3511 3717 ρήματα
3539 3647 3630 3696 τοῦ
3659 3640 3916 3717 Φαρισαίου

2300 3730 2351 3798 ἐξ
2383 3731 2558 3811 ἀρχῆς
2591 3732 2685 3808 μὲν
2719 3730 3051 3808 εὒγνώμονος
3107 3728 3381 3806 ἀνθρώπου
3437 3726 3641 3806 λόγοις.
3705 3731 3914 3806 Εὐχάρι-

2300 3823 2410 3876 στῶ
2461 3841 2542 3877 σοι
2581 3821 2704 3900 γὰρ,
2735 3819 2918 3899 φησὶν,
2951 3819 2979 3874 6
3011 3818 3166 3896 Θεὸς,
3198 3817 3264 3872 τά
3308 3815 3363 3872 δὲ
3393 3814 3580 3896 ἐφεξῆς
3604 3817 3780 3884 πάσης
3809 3815 3914 3870 ἀπο-

2301 3909 2442 3975 νοίας
2473 3907 2890 3986 πεπληρωμένα.
2951 3907 3022 3964 0'3
3077 3907 3178 3984 γάρ
3208 3909 3382 3985 εἶπεν,
3431 3905 3510 3960 ὅτι
3538 3905 3824 3973 Ἐποίησάς
3859 3923 3911 3977 με

2301 3998 2525 4077 ἀπέχειν
2580 3997 2684 4052 ἀπὸ
2742 3994 2966 4074 ἀδικίας,
3015 3995 3121 4051 ἀπὸ
3149 3994 3392 4074 ἀρπαγῆς
3428 4011 3442 4026 ⁸
3477 3992 3612 4051 ἀλλά
3640 3999 3754 4061 πῶς
3783 4017 3797 4069 ;
3826 3997 3912 4051 Οἴα

2301 4087 2424 4149 εἰμί,
2487 4077 2690 4159 Ἐαυτῷ
2746 4089 2989 4159 προσῆψε
3041 4085 3102 4140 τὸ
3157 4084 3497 4164 κατόρθωμα,
3541 4085 3628 4140 καὶ
3775 4082 3912 4151 οἰκείᾳ

2292 4175 2468 4254 ἰσχύϊ,
2530 4175 2600 4231 Τὸ
2628 4171 2680 4228 δὲ
2712 4174 2799 4229 καὶ
2828 4173 2949 4236 τοὺς
2999 4170 3191 4236 ἄλλους
3232 4173 3587 4252 κατακρίνειν,
3633 4179 3788 4229 τοῦτο
3817 4175 3910 4229 πῶς

2293 4267 2436 4320 ἐστιν
2490 4262 2761 4342 ἀνθρώπου
2804 4259 3023 4336 εἰδότος,
3075 4264 3148 4326 ὡς
3189 4261 3329 4340 παρά
3361 4269 3492 4318 Θεοῦ
3529 4261 3670 4342 ἔχει,
3704 4263 3738 4317 ἃ
3765 4261 3912 4341 ἔχει;

2297 4351 2510 4414 Πάντως
2541 4352 2640 4429 γὰρ
2695 4353 2730 4420 ἡ
2788 4349 3108 4423 ἐπίστευσεν,
3161 4350 3240 4404 ὃτι
3286 4351 3469 4429 χάριτι
3499 4350 3617 4431 ἔχει
3644 4353 3711 4408 τά
3768 4349 3912 4408 ἀλλό-

577 4441 817 4514 propter
840 4432 1334 4494 misericordiam:
1363 4441 1673 4512 propterea
1697 4432 1990 4513 superbus
2007 4435 2205 4496 Phari-

2307 4463 2409 4519 τρια
2441 4441 2629 4519 ἀγαθὰ,
2688 4441 2784 4496 οὒκ
2834 4437 2896 4494 ἂν
2923 4441 3045 4503 τοὺς
3088 4437 3281 4502 ἄλλους
3327 4437 3600 4510 ἐξουθένει,
3650 4440 3912 4520 λογιζόμε-

577 4540 752 4601 saeus,
776 4529 1052 4600 tanquam
1087 4522 1339 4602 propriae
1362 4521 1669 4583 ascribens
1691 4523 1970 4602 potentia:
1994 4541 2063 4584 ea
2083 4542 2214 4604 quae

575 4613 727 4673 facta
753 4619 908 4686 sunt,
945 4610 1085 4672 inde
1120 4629 1190 4672 eo
1228 4629 1574 4690 progressus
1615 4620 1724 4690 est,
1761 4618 1822 4672 ut
1853 4620 1910 4672 et
1939 4610 2084 4672 alios
2106 4613 2209 4692 ju-

575 4699 752 4760 dicet.
789 4698 1058 4760 Ostendit
1085 4708 1276 4759 autem
1319 4699 1603 4760 Dominus
1634 4707 1691 4758 et
1721 4717 1827 4778 per
1869 4700 2210 4774 stationem,

578 4786 915 4870 superbiam
949 4787 1096 4868 ejus,
1147 4801 1206 4848 et
1255 4788 1601 4848 humilitatis
1648 4789 1924 4868 inopiam.
1960 4787 2215 4850 Humilis

576 4878 735 4942 enim
758 4877 868 4938 viri
894 4884 983 4938 est
1010 4885 1067 4938 et
1097 4885 1373 4957 aspectus
1407 4877 1770 4957 humiliatus,
1805 4877 1900 4938 hic
1926 4886 2120 4939 autem
2156 4886 2214 4939 et

573 4969 774 5030 habitu
790 4975 1023 5046 etgestu
1048 4968 1340 5046 superbus
1351 4966 1994 5046 agnoscitur.Quamvis
2011 4977 2209 5032 autem

573 5066 631 5119 et
653 5059 728 5119 de
754 5056 1067 5136 publicano
1092 5057 1312 5118 dictum
1329 5055 1574 5137 sitquod
1601 5056 2054 5132 steterit,tamen
2079 5057 2212 5119 vide

2296 4551 2382 4593 νος
2435 4529 2517 4584 ὅτι
2569 4529 2658 4584 καὶ
2710 4529 2864 4592 αὒτδς
2909 4526 3098 4594 ἐπίσης
3136 4527 3334 4605 γυμνός
3378 4527 3518 4585 ἐστιν
3549 4529 3672 4586 ὅσον
3730 4533 3812 4587 ἐπὶ

2295 4620 2460 4689 οἰκείᾳ
2501 4615 2738 4696 δυνάμει,
2821 4615 3016 4696 δωρεὰν
3085 4614 3140 4672 δὲ
3191 4614 3399 4685 ἐνεδόθη
3460 4616 3544 4674 διὰ
3614 4619 3782 4683 ἔλεον,
3833 4619 3914 4674 Διά

2295 4715 2451 4766 τοῦτο
2491 4707 2824 4786 ὑπερήφανος
2869 4709 2897 4762 6
2929 4713 3241 4785 Φαρισαῖος,
3295 4708 3368 4771 ὡς
3421 4709 3584 4780 οἰκείᾳ
3613 4709 3766 4787 ἰσχύϊ
3808 4710 3914 4765 ἐπι-

2297 4798 2508 4878 γράφων
2550 4796 2616 4851 τὰ
2668 4795 2984 4874 εἰργασμένα
3021 4814 3034 4830 ·
3081 4796 3355 4853 κάντεῦθεν
3414 4797 3635 4877 ὕπήχθη
3691 4798 3912 4856 καὶτοὺς

2296 4885 2482 4948 ἄλλους
2561 4886 2911 4963 κατακρίνειν,
2999 4883 3440 4960 Ἐπισημαίνεται
3511 4885 3564 4941 δὲ
3647 4890 3675 4944 6
3750 4889 3911 4964 Κύριος

2293 4977 2379 5032 καὶ
2433 4972 2514 5031 διὰ
2558 4982 2672 5044 του,
2720 4976 2954 5049 Σταθεὶς,
3003 4974 3063 5030 τὰ
3113 4974 3419 5054 ὕψηλόφρον
3469 4977 3624 5033 αὐτοῦ
3670 4980 3757 5035 καὶ
3797 4977 3908 5034 ἀτα-

2296 5065 2548 5121 πείνωτον
2583 5079 2596 5092 ⁸
2646 5069 2737 5120 τοῦ
2793 5064 2889 5138 μὲν
2948 5063 3046 5142 γὰρ
3076 5063 3482 5143 ταπεινόῳρονος
3512 5066 3596 5120 καὶ
3626 5067 3686 5122 τὸ
3717 5068 3906 5148 ὠρώρει

573 5155 630 5207 et
659 5165 791 5226 quae
821 5155 1169 5226 sequuntur,
1208 5147 1363 5226 quod
1401 5164 1594 5224 neque
1625 5145 1829 5206 oculos
1881 5147 1939 5206 in
1989 5145 2204 5208 caelum

2307 5173 2382 5210 νον
2436 5159 2706 5227 ταπεινὸν,
2763 5154 2912 5215 οὗτος
2958 5150 3011 5208 δὲ
3053 5155 3140 5208 καὶ
3175 5158 3252 5226 τῷ
3304 5154 3546 5232 σχήματι
3602 5145 3908 5235 σοϐαρὸτητα

570 5236 818 5298 voluerit
842 5235 1148 5313 extollere,
1178 5237 1335 5297 unde
1364 5235 1533 5297 statio
1561 5235 1688 5315 ejus
1723 5235 2026 5298 incurvata
2055 5245 2202 5301 erat.

2307 5239 2639 5302 ιπεδείκνυτο,
2704 5242 2760 5296 Ei
2817 5238 2872 5296 δὲ
2915 5239 3011 5296 καὶ
3068 5242 3183 5313 περὶ
3238 5247 3331 5298 τοῦ
3358 5238 3588 5298 τελώνου
3617 5242 3824 5322 εἴρηται
3860 5241 3911 5298 τὸ

569 5326 734 5389 Illius
755 5335 947 5387 autem
977 5333 1034 5386 et
1055 5326 1207 5387 oculi
1239 5327 1298 5387 in
1323 5327 1543 5388 caelum
1567 5324 2085 5400 extollebantur,et
2104 5345 2207 5388 cor

2307 5333 2480 5410 ;στὼς,
2511 5328 2630 5384 ἀλλ’
2661 5328 2757 5408 δρά
2785 5330 2872 5386 καὶ
2903 5331 2964 5386 τὸ
2995 5328 3205 5409 ἐφεξῆς,
3240 5330 3320 5386 ’ὅτι
3380 5328 3494 5387 οῦδὲ
3549 5334 3671 5400 τοὺς
3727 5333 3909 5416 ὀφθαλ-

567 5417 740 5478 sitnul
765 5413 1337 5477 extollebatur.Vide
1364 5424 1558 5477 autem
1585 5421 1644 5476 et
1674 5415 1732 5474 in
1761 5415 2025 5476 oratione
2046 5417 2204 5478 Pha-

2307 5424 2419 5484 ιοὺς
2474 5418 2658 5487 ἤθελεν
2715 5421 2786 5482 εἰς
2845 5421 2937 5475 τὸν
2979 5419 3192 5497 οὐρανὸν
3242 5419 3451 5497 ἐπᾶραι,
3497 5421 3638 5478 ὥστε
3682 5413 3910 5492 nciam;

564 5505 726 5570 risaei
747 5503 1186 5583 ordinem,quid
1206 5503 1430 5566 indicet
1448 5503 1619 5565 nobis
1637 5524 1650 5562 :
1678 5503 1934 5583 primum
1959 5503 2198 5584 quidem

2307 5512 2426 5586 ιῦτῷ
2485 5519 2842 5589 συγκεκυφυϊα
2885 5510 2974 5577 ἧν,
3033 5505 3267 5566 Ἐκείνου
3313 5507 3367 5566 δὲ
3427 5512 3514 5567 καὶ
3569 5514 3616 5568 οἱ
3673 5511 3908 5593 ὀφθαλμοί

565 5595 709 5662 dixit
742 5610 808 5656 ea
837 5610 966 5674 quae
1007 5610 1123 5652 non
1156 5602 1365 5656 erant:
1401 5601 1459 5656 et
1489 5602 1626 5654 tunc
1671 5593 2042 5656 enumeravit
2069 5613 2202 5676 quae

2309 5603 2355 5666 ἰς
2381 5602 2471 5658 τὸν
2500 5600 2714 5678 οὐρανὸν
2771 5598 3056 5678 ἐπήροντο,
3117 5600 3204 5657 καὶ
3259 5600 3328 5676 τῇ
3357 5597 3538 5679 καρδίᾳ
3583 5607 3902 5682 συνυψοῠντο.
