4116 6212
166 366 335 430 1005

869 366 1312 433 ENARRATIU
1355 366 1433 435 IN
1486 368 1989 433 EVANGELIUM
2037 362 2277 433 LUC/ii.
2315 403 2383 415 ——
2430 374 2591 433 CAP.
2644 371 2865 433 XVIII.

3397 374 3551 436 I006

192 489 326 576 Ὀρα
371 498 423 554 δὲ
468 500 565 557 κᾶν
609 508 675 575 τῇ
718 508 807 556 106
840 501 1133 578 Φαρισαίου
1180 505 1316 581 εὐχῇ
1346 502 1487 567 τάξιν
1515 500 1802 559 ὑποδεικνύ-

1908 507 2092 560 erant.
2126 499 2281 561 Dixit
2306 502 2507 561 enim:
2542 500 2668 561 Non
2691 519 2821 562 sum
2846 504 2998 564 sicut
3020 503 3187 564 multi
3206 504 3540 583 hominum,

153 588 343 654 μένην
398 592 556 661 ἡμῖν,
618 592 873 668 Πρότερον
932 592 1029 667 γὰρ
1091 593 1246 647 εἶπεν
1303 593 1334 645 ἃ
1392 591 1485 647 οὐκ
1534 589 1665 659 ἔστι,
1732 592 1815 645 καὶ

148 677 287 732 τότε
340 677 609 742 κατέλεξεν
660 681 691 734 ἃ
748 678 911 734 ἔστιν.
962 682 1136 736 Εἰπὼν
1192 683 1314 757 γὰρ,
1372 670 1501 736 υΟτι
1560 680 1653 735 οὒκ
1710 681 1814 753 εἰμὶ

148 771 232 829 ὼς
297 769 345 822 οἱ
397 766 584 823 πολλοὶ
639 769 744 824 τῶν
801 769 1086 846 ἀνθρώπων
1142 768 1263 825 τάδε
1316 771 1402 825 καὶ
1459 766 1606 847 τάδε,
1650 790 1813 846 προσ-

149 854 323 920 έθηκε
371 858 456 910 καὶ
498 857 563 912 τὰ
612 858 710 924 τῆς
738 858 953 934 ἀρετῆς,
1002 860 1062 913 τὸ
1112 859 1376 925 νηστεύειν
1410 856 1485 921 δὶς
1515 861 1605 913 τοῦ
1664 855 1809 912 Σαϐ-

145 941 350 1015 ϐάτου,
404 947 490 1001 καὶ
533 948 593 1001 τὸ
624 945 979 1003 ἀποδεκατοῦν
1025 947 1123 1004 ὅσα
1153 955 1363 1011 κτᾶται,
1428 961 1523 1003 Δεῖ
1577 950 1675 1024 γαρ
1734 947 1809 1019 μὴ

148 1033 424 1089 ἐκκλίνειν
456 1036 615 1107 μόνον
673 1038 778 1092 ἀπὸ
821 1044 1006 1107 κακοῦ,
1056 1035 1190 1092 ἄλλα
1232 1040 1317 1092 καὶ
1367 1050 1543 1092 ποιεῖν
1591 1037 1804 1113 ἀγαθόν.

154 1124 261 1178 Καὶ
328 1125 581 1202 πρότερον
635 1124 717 1181 δεῖ
774 1126 1103 1205 ἀποσχέσθαι
1149 1130 1245 1193 τῆς
1286 1128 1495 1199 κακίας,
1542 1128 1630 1181 καὶ
1690 1126 1807 1180 τότε

145 1212 223 1284 τῇ
257 1212 421 1288 ἁρετῆ
479 1212 843 1291 ἐπιχειρῆσαι,
904 1214 1082 1289 ὥσπερ
1142 1216 1228 1271 οὖν
1272 1216 1359 1271 καὶ
1388 1219 1572 1290 πηγῆς
1616 1210 1805 1290 βορϐο-

147 1301 418 1375 ρωθείσης
474 1300 609 1378 ὕδωρ
667 1300 878 1375 μέλλων
954 1303 1317 1380 ἀπαρύσασθαι
1373 1305 1613 1380 καθαρὸν¹
1673 1302 1808 1380 πρό-

146 1408 312 1460 τερον
369 1389 654 1465 ἐκκάθαρον
710 1393 799 1447 τὸν
852 1390 1123 1469 βόρϐορον,
1181 1393 1267 1447 καὶ
1340 1392 1457 1446 τότε
1514 1390 1679 1469 ἀρύσῃ
1747 1392 1807 1444 τὸ

146 1479 409 1555 καθαρόν,
449 1480 543 1535 Καὶ
592 1480 744 1535 10610
804 1478 857 1535 δὲ
912 1482 1298 1558 ἐπισκόπησον,
1346 1488 1459 1543 πῶς
1504 1482 1595 1535 οὐκ
1627 1480 1801 1547 εἶπεν,

147 1564 237 1619 ὅτι
301 1567 395 1621 οὒκ
452 1569 555 1641 εἷμί
615 1571 687 1631 ὡς
735 1570 780 1624 οἱ
826 1567 1038 1647 πολλοὶ,
1071 1569 1261 1647 ἅρπαξ,
1309 1570 1529 1647 μοιχὸς,
1564 1566 1676 1623 οὒδέ
1707 1567 1807 1645 γὰρ

147 1652 472 1719 κατεδέξατο
503 1653 630 1735 ἄχρι
675 1659 760 1713 καὶ
816 1657 1053 1734 ῥήματος
1112 1659 1269 1733 ψιλοῦ
1327 1658 1492 1732 ὄνομα
1522 1654 1807 1723 διαϐεϐληο

147 1743 318 1813 μένον
372 1751 447 1816 τῷ
532 1744 715 1801 ἑαυτοῦ
803 1747 1072 1823 προσώπῳ
1155 1744 1450 1821 μοναδικῶς
1508 1747 1846 1834 προσάψαι,1

147 1829 295 1885 ἀλλὰ
352 1832 717 1899 πληθυντικῶς
794 1849 911 1897 τοῖς
980 1834 1193 1899 λοιποῖς
1279 1836 1570 1913 ἀνθρώποις
1641 1841 1805 1889 ταῦτα

313 1919 351 1937 μ’
637 1925 649 1941 ν
710 1926 721 1940 1
838 1922 877 1941 Νι
948 1913 984 1933 θ’
1158 1924 1171 1941 ν
1348 1926 1361 1941 \
1763 1924 1775 1941 \

149 1923 533 1998 προσερριψεν.
598 1932 771 1979 ιίιπων
833 1938 887 1978 οε
986 1934 1078 1981 Οτι
1124 1946 1213 1979 ουν
1261 1925 1365 1999 εἰμι
1407 1926 1480 1989 ὼς
1529 1926 1574 1980 οἱ
1606 1923 1802 1996 λοιποι,

151 2007 416 2076 ἀντέθηκε
473 2012 649 2085 τούτῳ
726 2014 809 2085 τὸ,
889 2015 1142 2079 Νηστεύω
1216 2011 1287 2075 δὶς
1359 2016 1452 2069 τοῦ
1510 2011 1800 2083 Σαϐϐἀτου,

152 2099 423 2174 τουτέστι,
484 2099 719 2180 δευτέρον
776 2102 871 2169 τῆς
933 2100 1243 2176 ἑϐδομάδος,
1291 2100 1562 2158 Σάϐϐατον
1617 2103 1717 2179 γὰρ
1770 2102 1803 2167 ἡ

154 2184 389 2262 ἑϐδομὰς
442 2189 679 2267 ἐλέγετο,
740 2191 843 2246 ἀπὸ
896 2197 994 2257 τῆς
1047 2190 1365 2255 τελευταίαςῖ
1397 2194 1483 2247 καὶ
1514 2192 1806 2246 ἆναπαυσί-

154 2298 261 2348 μου
312 2280 514 2355 ἡμέρας
572 2280 961 2355 ὀνομαζομένη.
1023 2277 1233 2336 Σαϐϐὰτ
1283 2303 1381 2359 γαρ
1429 2280 1803 2360 ἦᾶνάπαυσις,

154 2362 241 2446 ϐαὶ
301 2366 548 2423 Σάϐϐατα
592 2368 646 2424 δὲ
710 2371 806 2436 τὴν
865 2367 1123 2443 ἑϐδομάδα
1180 2369 1361 2446 ἔλεγον
1417 2368 1800 2435 πληθυντικῶς.

158 2444 332 2510 Ηυθεν
386 2461 473 2513 καὶ
528 2459 645 2514 κίαν
704 2455 991 2514 Σαϐϐάτων
1033 2460 1131 2525 τὴν
1179 2444 1399 2536 πρῶτην
1450 2458 1650 2535 ἡμέραν
1705 2462 1803 2523 τῆς

157 2540 447 2616 ἑϐδομάδος
508 2547 603 2611 τὴν
663 2544 786 2622 παρ’
844 2548 980 2621 ἡμῖν
1040 2548 1309 2625 Κυριακην
1358 2545 1609 2605 ἐκάλουν*
1666 2547 1805 2623 παρὰ

156 2633 259 2708 γὰρ
318 2623 571 2705 Ἑϐραίοις
624 2638 684 2691 τὸ
730 2637 853 2709 μίαν
896 2638 1085 2691 ταυτὸν
1125 2623 1391 2711 σημαίνει
1444 2640 1519 2707 τῷ
1558 2634 1797 2712 πρώτην,

162 2719 374 2786 ”Οντος
404 2745 490 2779 και
544 2724 718 2798 ἑτέρου
769 2723 929 2801 λόγου
958 2725 1239 2801 βαθυτέρου
1274 2743 1287 2759 ⁸
1321 2726 1451 2801 πρὸς
1483 2725 1579 2797 μὲν
1610 2726 1698 2777 οὖν
1741 2725 1800 2777 τὸ

157 2808 254 2874 τῆς
302 2813 550 2889 μοιχείας
611 2813 773 2875 πάθος
826 2816 924 2879 τὴν
983 2814 1225 2878 νηστείαν
1275 2811 1795 2889 ἆντηλαζωνεύσατο,

157 2900 371 2976 καὶγὰρ
403 2900 509 2957 ἀπὸ
558 2900 753 2981 τρυφῆς
817 2901 846 2967 ἦ
899 2901 1136 2979 λαγνεία,
1188 2901 1341 2962 αὐτὸς
1401 2901 1496 2975 μὲν
1539 2902 1599 2956 τὸ
1644 2906 1798 2973 σῶμα

1901 588 1999 647 illa
2032 597 2090 648 et
2120 590 2243 669 illa,
2276 588 2495 650 deinde
2531 589 2804 668 apposuit
2834 610 2965 670 quae
2996 594 3223 652 vtrtutis
3254 603 3444 665 erant,
3484 607 3545 653 ut

1891 678 2167 755 jejunare
2191 678 2280 738 bis
2310 678 2368 738 in
2394 678 2673 752 Sabbato,
2699 687 2754 739 et
2784 679 3047 741 decimas
3071 681 3211 742 dare
3244 682 3317 742 de
3342 683 3540 741 omni-

1900 765 2007 825 bus
2038 784 2167 845 quae
2200 767 2562 845 possidebat.
2597 764 2844 846 Oportet
2864 773 3020 828 enim
3056 789 3171 829 non
3205 771 3396 830 solum
3431 771 3540 830 de-

1895 853 2119 915 clinare
2149 874 2181 915 a
2209 856 2381 927 malo,
2412 854 2514 915 sed
2540 855 2811 916 etfacere
2836 856 3157 919 bonum.Et
3183 858 3343 936 prius
3365 879 3538 939 opor-

1896 948 1975 1002 tet
2006 942 2293 1003 absistere
2323 963 2356 1003 a
2387 942 2564 1012 malo,
2610 951 2667 1003 et
2698 953 2898 1022 postea
2940 944 3208 1005 virtutem
3253 946 3487 1023 aggredi
3528 968 3539 1006 :

1892 1031 2390 1107 quemadmodum
2439 1030 2492 1090 ei
2536 1031 2596 1089 in
2653 1030 2811 1091 tonte
2860 1032 3075 1110 lutoso,
3110 1041 3171 1092 ut
3216 1051 3364 1112 aqua
3397 1053 3542 1113 pura

1890 1118 2134 1192 deﬂuat,
2170 1119 2532 1198 priuslutum
2553 1121 3023 1198 expurgandum,
3065 1131 3126 1183 ut
3159 1122 3398 1183 haurias
3426 1143 3539 1200 pu-

1893 1224 2015 1266 ram
2041 1224 2281 1287 aquam.
2300 1207 2627 1269 Considera
2647 1219 2844 1268 autem
2873 1219 2927 1269 et
2960 1211 3403 1289 hoc,quomodo
3422 1230 3538 1271 non

1891 1296 2206 1374 arripuerit
2260 1315 2498 1376 parvum
2550 1297 2821 1371 verbum,
2868 1307 2928 1357 ut
2965 1298 3249 1377 singulari
3298 1301 3540 1359 nomine

1890 1384 2140 1457 diceret,
2168 1386 2269 1445 sed
2309 1386 2517 1463 plurali
2550 1404 2799 1447 numero
2830 1385 2890 1446 in
2917 1386 3133 1448 multos
3168 1388 3291 1448 haec
3325 1406 3541 1468 expue-

1889 1473 1985 1543 rit,
2006 1473 2262 1535 dicendo
2293 1491 2305 1534 :
2341 1474 2505 1546 Quod
2542 1494 2660 1534 non
2683 1492 2812 1535 sum
2833 1476 2987 1536 sicut
3015 1476 3237 1539 caeteri.
3272 1478 3416 1539 Cum
3439 1496 3539 1539 au-

1891 1572 2008 1623 tem
2042 1563 2310 1639 dixisset,
2342 1562 2471 1624 Non
2515 1584 2644 1624 sum
2701 1564 2852 1624 sicut
2893 1567 3117 1639 caeteri,
3150 1567 3443 1646 apposuit,
3482 1576 3539 1628 et

1890 1651 2035 1712 dixit
2068 1673 2081 1711 :
2118 1654 2333 1732 Jejuno
2364 1652 2455 1714 bis
2485 1653 2543 1712 in
2575 1651 2857 1727 Sabbalo,
2893 1655 3003 1714 hoc
3027 1664 3136 1728 est,
3176 1655 3265 1715 bis
3296 1655 3355 1715 in
3382 1655 3535 1717 heb-

1851 1790 1865 1832 ,
1890 1739 2163 1832 domade.
2198 1740 2515 1832 Sabbatum
2543 1741 2699 1832 enim
2727 1741 3053 1832 hebdomas
3077 1752 3326 1832 est,quae
3344 1762 3376 1803 a
3398 1764 3536 1805 cou-

1889 1831 2287 1891 summatione
2306 1839 2364 1892 et
2388 1830 2591 1910 quieto
2616 1831 2712 1892 die
2735 1831 3093 1894 nominatur.
3120 1831 3531 1913 Sabbatenim,

1888 1917 2057 1996 quies
2084 1939 2098 1993 ;
2130 1920 2272 1999 quin
2296 1928 2353 1980 et
2376 1917 2629 1980 Sabbata
2650 1918 3088 1981 hebdomadem
3114 1921 3391 1982 dicebant
3412 1922 3535 2000 plu-

1889 2007 1994 2067 rali
2028 2026 2298 2072 numero.
2337 2007 2506 2070 Unde
2528 2016 2585 2069 et
2622 2027 2798 2069 unam
2832 2007 3243 2084 Sabbatorum,
3284 2012 3531 2089 primam

1890 2095 2043 2156 diem
2070 2096 2484 2177 hebdomadae,
2512 2116 2644 2175 qua:
2664 2097 2820 2177 apud
2847 2117 2953 2159 nos
2968 2108 3058 2160 est
3080 2100 3412 2172 Dominica,
3438 2120 3533 2159 vo-

1892 2183 2133 2265 cabant;
2163 2188 2317 2265 apud
2339 2185 2619 2247 Hebraeos
2638 2187 2794 2247 enim
2819 2206 2999 2247 unum
3024 2198 3082 2250 et
3104 2188 3532 2268 primumidem

1888 2273 2101 2351 signat.
2130 2275 2235 2337 Est
2257 2285 2313 2334 et
2335 2276 2483 2335 alius
2518 2275 2866 2354 profundior
2895 2294 3132 2355 sermo;
3170 2296 3303 2337 nam
3334 2287 3536 2337 contra

1887 2363 2242 2423 adulterium
2264 2363 2628 2441 gloriabatur
2659 2366 2735 2424 de
2758 2363 3025 2443 jejunio:
3062 2384 3093 2425 a
3118 2365 3349 2425 deliciis
3374 2367 3531 2425 enim

1890 2452 2231 2527 petulantia.
2284 2452 2415 2531 Ipse
2454 2453 2633 2531 igitur
2681 2472 2898 2533 corpus
2949 2464 3191 2533 propter
3236 2454 3530 2533 jejunium

1888 2560 2302 2619 compescens,
2336 2562 2368 2602 a
2393 2544 2589 2603 multis
2621 2542 2915 2621 ejusmodi
2948 2543 3357 2605 allectionibus
3384 2543 3536 2603 liber

1885 2629 2394 2709 eratJejuuabant
2418 2640 2614 2691 autem
2642 2631 2922 2692 Pharisazi
2943 2631 3207 2691 secunda
3229 2639 3286 2691 et
3303 2631 3529 2711 quinta,

1882 2717 2100 2779 Contra
2117 2719 2384 2798 rapinam
2411 2727 2469 2780 et
2491 2719 2835 2797 injustitiam
2865 2718 3200 2798 proferebat
3229 2718 3527 2780 dationem

1879 2805 2247 2867 decimarum
2280 2807 2549 2867 omnium
2582 2826 2712 2886 quae
2744 2806 3107 2886 possidebat.
3138 2806 3412 2881 Tantum,
3437 2808 3524 2866 in-

1879 2895 2365 2973 quit,contrarius
2388 2916 2515 2956 sum
2552 2896 2772 2974 rapinae
2803 2904 2861 2956 et
2887 2894 3215 2974 injustitize,
3256 2904 3319 2955 ut
3350 2894 3525 2956 etiam

156 2986 239 3043 διὰ
297 2991 541 3055 νηστείας
575 2991 787 3071 ἄγχωο,
822 2990 955 3048 πολὺ
992 2991 1195 3070 ἀπεῖχε
1244 2992 1349 3046 τῶν
1406 2991 1655 3046 τοιούτων
1685 3011 1795 3044 πα-

1886 3002 2011 3063 quae
2044 3004 2174 3045 mea
2202 2994 2360 3058 sunt,
2394 2984 2752 3063 expendam.
2776 2984 3153 3046 Decimarum
3178 2983 3337 3044 enim
3368 2982 3524 3044 datio

154 3079 278 3135 θῶν.
337 3078 651 3149 Ἐνήστευον
710 3078 754 3135 δ’
806 3080 905 3157 ἄρα.
958 3084 1004 3136 οἱ
1061 3087 1342 3158 Φαρισαῖοι
1387 3077 1649 3157 δευτέραν,
1712 3079 1797 3134 καὶ

1886 3057 2111 3133 videtur
2140 3057 2489 3153 quibusdam
2541 3072 2893 3151 simpliciter
2941 3073 3080 3132 455
3126 3079 3185 3133 et
3231 3072 3418 3132 semel
3452 3074 3525 3132 de

159 3166 431 3240 πέμπτην,
468 3170 601 3247 Πρὸς
634 3168 802 3247 δὲτὸ,
850 3168 1136 3248 ’Ἂρπαγες
1181 3171 1268 3225 καὶ
1318 3166 1509 3242 ἄδικοι,
1566 3166 1798 3232 ἐντέταξε

158 3256 241 3327 τὸ,
302 3253 643 3315 Ἀποδεκατῶ
686 3258 783 3313 ὅσα
827 3265 1035 3333 κτῶμαι
1072 3275 1086 3289 ’
1148 3265 1395 3315 τοσοῦτον
1438 3258 1557 3335 γὰρ,
1615 3258 1793 3336 φησὶν,

160 3344 491 3420 ἐναντιοὺμαι
541 3352 608 3422 τῇ
668 3347 906 3424 ἁρπαγῇ,
968 3349 1055 3403 καὶ
1124 3346 1319 3420 ἀδικίᾳ,
1380 3346 1516 3402 ὥστε
1586 3348 1673 3401 καὶ
1733 3347 1798 3400 τὰ

159 3433 382 3507 ἐμαυτοῦ
450 3434 792 3514 προσδίδωμι.
881 3428 941 3493 Ἠ
1023 3436 1077 3492 δὲ
1153 3434 1440 3500 δεκάτωσις
1498 3433 1647 3491 δοκεῖ
1704 3434 1799 3508 μέν

159 3524 288 3579 τίσιν
333 3522 517 3587 ἅπλῶς
548 3526 637 3592 καί
692 3524 829 3590 ἅπαξ
886 3526 1027 3605 παρὰ
1077 3527 1169 3581 106
1194 3526 1357 3600 νόμου
1386 3522 1796 3603 διαγορεύεσθαι,

160 3626 274 3674 τοῖς
344 3611 396 3668 δὲ
452 3616 649 3689 βαθέως
730 3615 1007 3693 ἐρευνῶσιν
1074 3617 1253 3689 αὐτὸν,
1310 3614 1599 3691 εύρίσκεται
1656 3626 1797 3690 τρεῖς

160 3700 445 3767 δεκατώσις
506 3706 906 3783 εἰσηγούμενος,
969 3706 1056 3760 καὶ
1114 3711 1270 3760 τοῦτο
1314 3702 1374 3759 ἐκ
1420 3710 1512 3759 τοῦ
1544 3711 1797 3775 Δευτερο-

162 3793 339 3864 νομίου
383 3796 595 3870 μαθήσῃ
642 3792 895 3873 ακριϐῶς,
947 3793 1240 3862 ἐπιστήσας
1284 3794 1375 3847 τὸν
1416 3798 1559 3847 νοῦν·
1625 3798 1801 3848 Καῦτα

161 3881 256 3955 μὲν
304 3882 390 3939 οὖν
444 3886 472 3940 6
530 3891 821 3963 Φαρισαῖος
853 3902 871 3922 ο
904 3882 932 3939 ὃ
962 3881 1015 3939 δὲ
1072 3881 1311 3948 τελώνης
1340 3881 1513 3937 πάντα
1551 3881 1618 3936 τὰ
1646 3879 1800 3935 ἐναν-

161 3973 263 4033 τία,
322 3975 591 4048 Μακρόθεν
643 3974 742 4051 γὰρ
794 3973 983 4029 ⁸ίστανο
1025 3973 1113 4028 καὶ
1142 3972 1410 4049 σχήματι,
1460 3971 1548 4026 καὶ
1577 3970 1793 4047 ῥήματι,

162 4062 244 4115 καὶ
300 4060 571 4125 κατανύξει
621 4059 831 4138 καρδίας
885 4059 1140 4136 πάμπολυ
1187 4058 1411 4137 ἀπέχων
1476 4058 1653 4131 αὐτοῦ,
1713 4074 1798 4113 καί

163 4148 219 4204 οὗ
274 4151 417 4223 μόνῳ
450 4156 528 4223 τῷ
556 4154 761 4223 τοπικῷ
803 4149 1121 4223 διαστήματι
1156 4166 1169 4180 ’
1218 4149 1341 4209 τοὺς
1384 4169 1441 4203 τε
1470 4148 1569 4226 γὰρ
1597 4145 1796 4226 ὀφθαλ-

164 4238 287 4311 μοὺς
336 4236 521 4313 ᾐδεῖτο
564 4240 635 4301 εἰς
680 4241 769 4296 τὸν
815 4238 1033 4316 οὐρανὸν
1076 4237 1219 4316 ἆραι,
1252 4234 1489 4301 ἀναξίους
1538 4240 1638 4302 τῆς
1695 4238 1797 4291 τῶν

1879 3160 2007 3239 lege
2029 3162 2375 3241 prmdicari:
2405 3162 2497 3222 his
2520 3170 2716 3222 autem
2748 3160 2847 3241 qui
2881 3162 3224 3242 profundius
3248 3170 3523 3222 scrutan-

1880 3259 1994 3321 tur.
2030 3259 2353 3312 occurrunt
2386 3259 2505 3311 tres
2530 3249 2896 3312 decimarum
2929 3251 3225 3325 dationes,
3250 3267 3397 3330 quas
3426 3250 3521 3310 iu-

1880 3339 2140 3402 troducit
2170 3340 2230 3400 id
2263 3340 2419 3419 quod
2454 3357 2525 3401 ex
2555 3338 3019 3401 Deuteronomio
3050 3339 3269 3413 disces,
3304 3338 3354 3398 si
3382 3337 3524 3398 dili-

1882 3436 2092 3506 genter
2140 3429 2447 3490 intuearis.
2494 3427 2565 3488 Et
2612 3428 2736 3490 haec
2776 3427 3015 3507 quidem
3068 3428 3420 3490 Pharisaeus.
3457 3428 3529 3488 At

1884 3516 2235 3596 publicanus
2257 3517 2513 3578 diversa.
2537 3519 2735 3595 Longe
2758 3516 2916 3576 enim
2935 3514 3215 3589 stabat,et
3236 3514 3523 3592 gestibus,

1883 3614 1941 3665 et
1970 3624 2269 3679 sermone,
2308 3616 2363 3666 et
2413 3604 2870 3684 compunctione
2920 3604 3119 3664 cordis
3166 3604 3422 3663 distabat
3451 3603 3524 3664 ab

1886 3693 2009 3768 illo,
2041 3713 2161 3755 non
2196 3704 2419 3755 tantum
2472 3695 2601 3754 loco
2631 3713 2647 3767 ;
2679 3691 2991 3753 verebatur
3034 3691 3192 3752 enim
3223 3692 3430 3753 oculos
3463 3693 3524 3752 in

1883 3784 2096 3844 cwlum
2148 3784 2443 3857 attollere,
2504 3782 2781 3860 indignos
2825 3780 3101 3860 judicans
3143 3780 3243 3860 qui
3289 3799 3522 3841 sursum

1884 3881 2244 3953 spectarent,
2275 3874 2371 3952 qui
2408 3870 2719 3932 voluerant
2749 3870 2950 3930 videre
2982 3868 3140 3931 bona
3175 3884 3434 3942 terrena,
3469 3877 3528 3929 et

1882 3960 2001 4023 illis
2021 3961 2159 4024 frui.
2202 3960 2272 4021 Et
2302 3960 2594 4041 percussit
2626 3968 2829 4040 pectus
2859 3977 3054 4037 suum,
3092 3976 3196 4019 cor
3224 3956 3524 4029 videlicet,

1884 4059 2123 4131 propter
2158 4049 2342 4110 malas
2372 4048 2783 4128 cogitationes,
2819 4056 2875 4108 et
2898 4055 2959 4107 ut
2995 4047 3208 4108 excitet
3236 4045 3389 4125 quod
3414 4044 3525 4106 ob-

1882 4138 2554 4210 dormierat,nihilaliud
2580 4133 3526 4215 dicebat,quam:Deus,propilius

1884 4238 2008 4290 esto
2032 4226 2178 4287 mihi
2202 4226 2523 4306 peccatori.
2552 4228 2804 4304 Propter
2833 4224 2959 4285 haac
2982 4223 3183 4283 omnia
3219 4222 3527 4283 descendit

165 4307 269 4382 ίίνω
323 4307 441 4391 θέας
496 4328 685 4407 κρίνων
740 4307 888 4392 τοὺς.
923 4328 990 4385 τὰ
1031 4326 1128 4394 τῆς
1191 4307 1291 4404 γῆς
1334 4325 1504 4401 ἀγαθὰ
1559 4322 1796 4402 βλέπειν,

1886 4316 2232 4396 justiticatus
2255 4316 2315 4374 in
2350 4314 2589 4374 domum
2619 4332 2810 4387 suam,
2842 4311 3025 4389 magis
3047 4329 3218 4391 quam
3251 4310 3373 4371 ille.
3400 4307 3525 4369 lm-

164 4438 247 4471 και
270 4420 588 4494 καρποῦσθαι
643 4416 990 4488 θελήσαντας.
1053 4417 1149 4478 Εἲς
1207 4436 1263 4471 τε
1296 4416 1356 4469 τὸ
1386 4413 1575 4480 στῆθος
1620 4413 1803 4469 ἐαυτοῦ

167 4504 394 4583 ἔτυπτεν,
451 4509 550 4576 τὴν
605 4508 819 4589 καρδίαν
866 4509 1022 4564 οἱονεὶ
1075 4505 1331 4575 πλησσων
1393 4504 1521 4583 ὑπὲρ
1549 4510 1655 4559 τῶν
1706 4526 1804 4560 πο-

136 4605 331 4675 .νηρῶν
388 4596 786 4675 βουλευμάτων,
848 4599 933 4653 καὶ
978 4599 1049 4657 είς
1104 4594 1353 4660 αἴσθησιν
1380 4590 1678 4675 ,διεγείρων
1710 4594 1806 4649 οἷα

172 4673 523 4762 καθεύδουσαν,
557 4690 646 4744 καὶ
704 4686 847 4744 οὐδὲν
878 4685 1009 4743 ἄλλο
1039 4684 1240 4762 ἔλεγεν,
1284 4683 1343 4762 ἢ,
1378 4673 1435 4739 Ὀ
1467 4683 1621 4761 Θεὸς,
1681 4680 1801 4737 ἱλά-

170 4777 309 4842 σθητί
362 4798 451 4851 μοι
510 4783 587 4849 τῷ
639 4774 963 4854 ἁμαρτωλῷ.
1012 4776 1109 4832 Καὶ
1172 4770 1256 4831 διὰ
1300 4770 1499 4828 τούτων
1555 4770 1800 4826 ἁπάντων

172 4862 358 4930 κατέϐη
416 4862 849 4939 δεδικαιωμένος,
910 4864 946 4930 ἢ
996 4863 1225 4935 ἐκεῖνος,
1287 4861 1403 4917 ἀντὶ
1444 4870 1556 4933 τοῦ,
1603 4858 1726 4938 παρ’
1772 4860 1800 4915 ὃ

174 4954 364 5015 ἐκεῖνος
400 4969 413 4982 ⁸
456 4951 773 5029 Ἀκάθαρτος
823 4952 923 5030 γὰρ
980 4952 1120 5029 παρὰ
1152 4950 1322 5026 Κυρίῳ
1350 4956 1453 5013 πᾶς
1496 4947 1797 5025 ὑψελοκάρ-

175 5040 292 5105 διος,
344 5042 429 5097 καὶ
490 5042 672 5119 Κύριος
718 5040 1070 5119 ὑπερηφάνοις
1104 5040 1493 5109 ἀντιτάσσεται,
1528 5049 1799 5100 ταπεινοῖς

178 5129 227 5186 δὲ
268 5129 434 5187 δίδωσι
491 5132 675 5210 χάριν.
735 5128 899 5186 Ἀλλὰ
927 5129 1243 5203 θαυμάσειεν
1266 5127 1331 5181 ἄν
1361 5149 1464 5205 τις,
1497 5133 1611 5188 πῶς
1644 5128 1672 5181 6
1703 5125 1800 5200 μὲν

180 5228 453 5298 Φαρισαῖος
511 5221 665 5298 ὀλίγα
720 5219 932 5295 ῥήματα
981 5215 1444 5295 μεγαλοφροσύνης
1485 5214 1800 5293 προϊέμενος

181 5312 550 5390 κατακρίνεται,
613 5312 641 5365 6
689 5306 743 5364 δὲ
791 5305 921 5390 -Ἰὼϐ
974 5304 1266 5381 πάμπολλα
1318 5302 1796 5382 μεγαλορῥημονή-

184 5420 268 5463 σας
318 5388 700 5478 στεφανοῦταις
763 5388 895 5454 "01v.
948 5418 1029 5452 τοι
1062 5398 1090 5451 6
1135 5394 1231 5469 μὲν
1272 5401 1564 5472 Φαρισαῖος
1597 5390 1801 5455 οὐδενὸς

187 5491 549 5568 ἀναγκάζοντος
606 5488 797 5545 ’ίστατο
853 5493 1067 5543 τοιαῦτα
1124 5484 1450 5562 ματαιάζων,
1507 5483 1593 5538 καὶ
1632 5502 1798 5537 κατα-

256 5656 303 5710 ⁹¹
331 5655 355 5725 ι
382 5656 540 5721 Petr.
574 5673 633 5737 v,
666 5656 725 5719 5.

1888 4404 2143 4466 mundus
2169 4403 2327 4463 enim
2356 4402 2509 4482 apud
2533 4401 2851 4466 Dominum
2875 4398 3070 4460 omnis
3090 4398 3381 4478 superbus
3402 4414 3527 4459 cor-

1887 4496 1985 4573 de,
2020 4501 2079 4552 et
2107 4491 2388 4552 Dominus
2406 4489 2681 4571 superbis
2710 4488 2953 4562 resistit,
2985 4486 3306 4549 humilibus
3328 4494 3523 4548 autem

1890 4584 1989 4643 dat
2014 4581 2264 4659 gratiam
2284 4578 2596 4641 9|.Verum
2623 4576 3011 4638 admirabitur
3041 4576 3195 4656 quis,
3229 4574 3524 4656 quomodo

1890 4670 2236 4743 Pharisaeus,
2260 4687 2391 4731 cum
2410 4686 2594 4747 pauca
2612 4664 2787 4727 verba
2807 4673 3150 4743 arroganter
3180 4663 3525 4743 pronuntia-

1883 4754 2633 4840 verit,condemnetur;lob
2653 4763 2848 4816 autem
2872 4772 3006 4815 cum
3033 4751 3215 4813 multa
3232 4752 3306 4813 de
3328 4770 3393 4812 se
3407 4769 3524 4840 ma-

1883 4839 2095 4930 gniﬁce
2118 4848 2294 4920 dicat,
2319 4843 2691 4907 coronetur?
2722 4841 2889 4914 Quod
2926 4842 3258 4904 Pharisaaus
3284 4839 3522 4919 quidem

1885 4938 2045 4999 nullo
2069 4944 2317 5016 cogente
2334 4942 2450 4995 stat
2466 4934 2605 4995 talia
2626 4939 2940 5008 nugans,et
2958 4930 3103 4990 alios
3117 4930 3525 4990 condemnans

1886 5028 2046 5089 nullo
2075 5045 2183 5087 usu
2214 5030 2464 5102 urgente
2491 5043 2503 5080 :
2541 5020 2648 5083 Job
2681 5037 2821 5081 vero
2852 5017 3259 5099 prementibus
3294 5016 3522 5095 amicis,

1884 5132 1943 5183 et
1965 5120 2197 5198 gravius
2216 5112 2700 5178 incumbentibus
2722 5131 2897 5192 quam
2919 5111 3223 5172 calamitas
3252 5108 3400 5189 ipsa,
3426 5108 3522 5168 di-

1886 5209 2275 5286 centibusque
2304 5204 2461 5286 quod
2496 5210 2736 5283 propter
2780 5208 3020 5280 peccata
3064 5198 3163 5260 illa
3191 5200 3265 5259 sit
3295 5214 3520 5277 passus,

1886 5297 2228 5373 compulsus
2251 5302 2338 5355 est
2360 5308 2710 5354 enumerare
2733 5307 2837 5350 sua
2858 5305 3060 5368 opera,
3088 5287 3263 5366 idque
3285 5291 3526 5364 propter

1884 5386 2125 5467 gloriam
2155 5384 2288 5463 Dei,
2313 5400 2388 5442 ne
2418 5378 2650 5441 scilicet
2678 5377 2949 5439 homines
2978 5394 3012 5436 a
3041 5373 3521 5467 recto-virtutum

1885 5461 2060 5539 cursu
2079 5461 2596 5535 exciderent.Nam
2621 5468 2671 5529 si
2695 5482 3044 5548 persuasum
3056 5461 3403 5525 habuissent
3422 5461 3524 5524 ho—
