4116 6212
581 321 596 380 i
609 316 726 380 007

1538 313 2133 384 THEOPHYLAGTI
2181 311 2587 377 BULGARLE
2631 315 2986 380 ARCHIEP.

573 447 764 507 mines
794 455 1032 526 peccata
1065 446 1243 507 fuisse
1277 465 1406 527 qua:
1446 447 1669 508 fecerat
1698 446 1833 520 Job,
1872 457 1930 508 et
1979 460 2207 532 propter

2305 454 2491 527 κρίνων
2539 453 2769 526 ἑτέρους,
2833 449 3099 527 μηδεμιᾶς
3157 453 3340 531 χρείας
3395 450 3853 530 καταπειγούσης
3885 469 3901 486 ’
3959 455 3978 504 εἰ

571 537 670 598 illa
701 555 966 617 passum,
991 537 1288 598 cavissent
1312 554 1386 597 ne
1419 537 1626 597 eadem
1654 536 1940 610 facerent,
1969 539 2224 620 factique

569 627 824 688 fuissent
853 625 1152 706 hospitum
1190 643 1396 687 osores
1426 643 1559 686 cum
1596 634 1769 686 antea
1805 626 2225 708 hospitalitatis

570 716 952 776 observantes
984 723 1211 790 essent,
1248 714 1755 775 immisericordes
1778 723 1834 775 et
1857 715 2060 794 injusti
2083 738 2218 781 cum

571 804 1041 866 misericordiam
1061 804 1408 882 etjustitiam
1425 815 1596 865 antea
1611 806 1895 866 colerent.
1909 806 2042 869 Haec
2057 808 2215 869 enim

571 903 933 973 erantopera
949 893 1356 971 Job.lgiturne
1373 893 1539 952 multi
1556 893 1695 953 inde
1713 893 2222 958 incommodaren-

573 983 826 1061 tur,ejus
845 982 1213 1060 gratia,bona
1234 1000 1410 1062 opera
1439 983 1847 1046 enumerat.Et
1869 1003 2061 1046 causa;
2083 986 2218 1066 qui-

570 1071 821 1132 demJob
838 1071 987 1132 tales
1002 1072 1266 1145 fuere,ut
1284 1091 1357 1131 ne
1371 1072 1638 1132 dicamus
1655 1073 1812 1149 quod
1832 1082 1889 1134 et
1905 1074 1964 1133 in
1985 1074 2076 1135 his
2091 1093 2222 1154 qua!

569 1161 1143 1241 grandiloquentiam
1170 1161 1482 1241 quamdam
1505 1164 1946 1235 sonant,omnis
1965 1165 2220 1243 refulget

571 1249 1038 1322 humilitas.Quis
1062 1250 1204 1310 mihi
1225 1250 1738 1330 tribuat.inquit,ut
1759 1252 2219 1332 simjuxtameu-

569 1359 664 1400 ses
695 1339 924 1400 dierum
961 1340 1366 1418 pristinorum,
1415 1341 1648 1420 quando
1680 1341 1836 1402 Deus
1888 1361 1981 1404 me
2013 1351 2216 1404 custo-

568 1427 1054 1490 diebat99?Vides
1083 1429 1237 1508 quod
1271 1447 1446 1489 omne
1477 1432 1598 1492 Deo
1625 1430 1860 1490 obtuler
1887 1440 2046 1511 t,nec
2068 1431 2217 1493 alios

566 1517 1056 1588 condemnet,sed
1074 1517 1200 1596 ipse
1220 1517 1292 1577 ab
1306 1518 1514 1579 amicis
1539 1519 1730 1598 potius
1753 1520 2210 1585 condemnetur.

570 1610 862 1670 Pharisaeo
893 1607 1092 1667 omnia
1121 1608 1180 1667 in
1216 1627 1302 1683 se,
1349 1619 1407 1669 et
1441 1627 1557 1668 non
1591 1610 1648 1669 in
1681 1602 1869 1670 Deum
1902 1611 2212 1690 referenti,

567 1707 624 1758 et
672 1698 893 1778 absque
945 1697 1302 1758 necessitate
1349 1698 1776 1760 condemnanti
1807 1699 1977 1779 alios,
2003 1699 2214 1761 merito

567 1787 987 1848 condemnatio
1011 1785 1349 1848 ascribitur.
1365 1785 1573 1848 Omnis
1593 1788 1748 1848 enim
1775 1788 1872 1868 qui
1893 1807 1956 1849 se
1977 1789 2210 1869 exaltat,

569 1875 1132 1948 humiliabitur,Deo
1152 1875 1318 1936 illum
1342 1875 1908 1956 condemnantezqui
1929 1887 2128 1938 autem
2152 1895 2215 1939 se

562 1965 1014 2027 condemnanda
1030 1965 2190 2044 bumiliat,exaltabituraDeojustiﬁcante

567 2055 673 2115 Dic
695 2055 874 2129 igitur
900 2065 956 2115 tu
985 2053 2211 2134 prior,inquit.peccatatua,utjustiticeris.

2307 540 2361 596 δὲ
2417 540 2538 599 Ἰὼϐ
2609 547 2716 598 τῶν
2760 540 2923 621 φίὶων
2968 541 3373 620 ἀποπνιγύντων
3417 543 3604 614 αὐτὸν,
3653 545 3748 598 καὶ
3797 563 3979 622 φορτι-

2305 632 2534 708 κώτερον
2592 637 2690 698 τῆς
2761 639 3027 712 συμφορᾶς
3119 631 3492 712 ἐπικειμένων,

2305 719 2386 776 ὅτι
2428 717 2474 774 δ’
2520 720 2777 798 ἁμαρτίας
2843 728 3009 778 ταῦτα
3069 722 3340 793 πεπόνθει,
3401 723 3726 800 ἠναγκάσθη
3785 722 3972 798 hapa-

2303 811 2600 884 θμήσασθαι
2643 809 2710 866 τὰ
2767 811 2941 866 οἰκεῖα
3001 813 3410 891 κατορθώματα,
3483 812 3573 868 καὶ
3630 817 3797 866 τοῦτο
3857 811 3972 885 6-26;

2303 903 2400 964 τῆς
2443 899 2582 961 θείας
2632 897 2810 976 δόξης,
2858 901 2944 954 καὶ
2989 907 3080 956 τοῦ
3125 901 3203 976 μὴ
3237 901 3534 966 ἐκκοπῆναι
3562 901 3664 954 τὸν
3697 899 3795 955 ἐπ’

2303 993 2408 1043 τῶν
2466 986 2752 1065 ἀνθρώπων
2796 984 3006 1065 δρόμον.
3087 991 3142 1046 Εἰ
3184 990 3284 1069 γὰρ
3340 987 3880 1067 ἐπληροφορήθησαν
3938 991 3974 1042 οἱ

2305 1075 2588 1155 ἄνθρωποι,
2646 1075 2726 1132 ὅτι
2771 1078 3020 1154 ἁμαρτίαι
3049 1079 3187 1143 ἦσαν
3217 1079 3250 1132 ἃ
3279 1079 3443 1135 ἐποίει
3473 1080 3503 1133 6
3536 1075 3690 1147 Ἰὼϐ,
3766 1081 3861 1132 καὶ
3916 1075 3971 1131 δι’

2306 1164 2486 1221 ἐκεῖνα
2545 1166 2771 1244 πάσχει,
2817 1165 3123 1245 ἀπέσχοντο
3153 1166 3216 1222 ἂν
3245 1167 3337 1223 τοῦ
3364 1169 3430 1222 τὰ
3460 1167 3594 1223 αὖτᾶ
3644 1181 3869 1244 ποιεῖν,
3901 1171 3972 1221 καὶ

2301 1255 2471 1311 τοίνυν
2525 1253 2766 1331 ἐγένοντο
2817 1253 2879 1310 ἂν
2923 1253 3184 1328 μισόξενοι
3246 1256 3363 1313 ἀντὶ
3389 1254 3713 1336 φιλοξένων,
3746 1256 3970 1322 civst-

2304 1365 2484 1420 μονες,
2546 1341 2714 1400 ἄδικοι
2774 1343 2886 1400 ἀντὶ
2958 1343 3264 1419 ἐλεημόνων
3323 1348 3412 1402 καὶ
3481 1343 3738 1407 δικαίων,
3808 1354 3970 1402 Ταῦτα

2302 1431 2402 1510 γὰρ
2443 1429 2576 1497 ἦσαν
2619 1438 2713 1487 τοῦ
2756 1427 2877 1486 Ἰὼϐ
2903 1432 2967 1487 τὰ
3011 1431 3161 1511 ἔργα.
3226 1423 3350 1488 Ἵνα
3381 1433 3554 1489 τοίνυν
3598 1435 3687 1506 μὴ
3719 1431 3968 1508 βλαϐεῖε-ι

2297 1517 2506 1599 πολλοὶ,
2552 1519 2739 1576 τούτου
2781 1518 2935 1576 ἕνεκα
2987 1522 3367 1598 ἀπαριθμεῖται
3421 1523 3489 1577 τὰ
3546 1523 3965 1599 κατορθώματα.

2299 1615 2386 1683 Τῴ
2442 1609 2540 1684 μὲν
2583 1608 2672 1666 οὖν
2715 1607 2839 1666 Ἰὼϐ
2879 1611 3030 1666 αὗται
3076 1613 3126 1665 αἱ
3158 1610 3315 1666 αἰτίαι
3351 1629 3368 1645 ο
3429 1611 3523 1665 ἵνα
3569 1611 3652 1684 μὴ
3699 1611 3966 1688 λέγωμεν,

2299 1695 2380 1753 ὅτι
2437 1697 2492 1752 ἐν
2543 1702 2725 1759 αὖτοῖς
2755 1711 2874 1760 τοῖς
2906 1699 3108 1776 ῥήμασι
3140 1713 3255 1762 τοῖς
3300 1697 3511 1755 δοκοῦσι
3557 1698 3964 1777 μεγαληγορίας

2299 1786 2465 1860 εἶναι,
2525 1792 2669 1842 πᾶσα
2713 1788 3168 1867 ταπεινοφροσύνη
3241 1786 3529 1862 ἐκλάμπει,
3591 1791 3689 1850 Τίς
3747 1789 3857 1866 γὰρ
3911 1789 3964 1842 ἓν

2297 1897 2364 1949 με
2417 1877 2554 1944 θείη,
2601 1878 2752 1954 γησὶ,
2812 1879 2948 1933 κατὰ
3004 1882 3149 1953 μῆνα
3218 1879 3434 1956 ἡμερῶν
3475 1883 3583 1933 τῶν
3631 1875 3957 1955 ἔμπροσθεν,

2298 1965 2384 2021 ὅτε
2434 1968 2462 2022 6
2520 1966 2648 2028 Θεός
2691 1988 2759 2041 με
2819 1965 3102 2043 ἐφύλαττεν
3137 1987 3155 2038 ;
3191 1957 3345 2044 Ὀρᾶς
3385 1965 3466 2023 ὅτι
3495 1971 3576 2038 τῷ
3606 1967 3737 2040 Θεῷ
3766 1968 3836 2022 τὸ
3864 1973 3957 2020 πᾶν

2297 2054 2540 2125 ἀνέθηκε,
2601 2057 2690 2111 καὶ
2731 2055 2845 2112 οὐδὲ
2901 2057 3197 2135 κατακρίνει
3239 2055 3474 2133 ἐτέρους,
3547 2054 3695 2110 ἀλλὰ
3756 2055 3957 2130 μᾶλλον

567 2146 934 2221 κατακρίνεται
977 2146 1079 2199 ὑπὸ
1112 2144 1217 2198 τῶν
1249 2145 1411 2221 φίλων
1447 2161 1458 2174 ·
1495 2152 1571 2218 τῷ
1601 2143 1653 2200 δὲ
1683 2145 1954 2222 Φαρισαίῳ
1979 2147 2049 2207 εἷς
2083 2146 2266 2200 ἑαυτὸν
2295 2146 2384 2200 καὶ
2413 2145 2491 2219 μὴ
2537 2145 2610 2206 είς
2673 2146 2804 2201 Θεὸν
2833 2147 2893 2201 τὸ
2935 2151 3039 2201 πᾶν
3068 2145 3402 2225 ἀναφέροντι,
3430 2146 3517 2200 καὶ
3547 2143 3684 2224 δίχα
3723 2145 3954 2223 inﬁrm;

569 2232 778 2308 ἐτέρους
808 2232 1191 2308 κατακρίνοντι,
1228 2233 1442 2294 εἰκότως
1475 2234 1508 2299 ἡ
1540 2237 1847 2311 κατακριτις
1894 2231 2168 2309 ἐπάγεται.
2206 2239 2315 2297 Πᾶς
2346 2233 2444 2311 γὰρ
2475 2235 2504 2288 6
2532 2233 2680 2308 ὑψῶν
2731 2235 2913 2289 ἑαυτὸν
2942 2236 3420 2306 ταπεινωθήσεται,
3466 2234 3570 2289 ὑπὸ
3616 2241 3762 2291 Θεοῦ
3789 2256 3954 2290 κατα-

565 2321 868 2394 κρινύμενος
905 2341 919 2356 ο
955 2322 982 2374 6
1013 2318 1065 2374 δὲ
1098 2327 1354 2374 ταπεινῶν
1413 2321 1594 2379 ἑαυτὸν
1649 2328 1717 2397 τῇ
1759 2322 2085 2396 κατακρίσει,
2149 2322 2485 2398 ὑψωθήσεται
2544 2323 2685 2400 παρὰ
2740 2329 2868 2378 Θεοῦ
2897 2319 3284 2398 δικαιούμενος.
3318 2323 3448 2401 Λέγε
3481 2323 3582 2402 γὰρ
3614 2325 3681 2379 σὺ
3716 2330 3952 2401 πρῶτος,

567 2411 714 2486 φησὶ,
766 2410 857 2470 τὰς
903 2409 1157 2486 ἁμαρτίας
1190 2431 1306 2481 σου,
1338 2411 1430 2464 ’ἱνα
1459 2407 1772 2485 δικαιωθῇς,

650 2495 828 2557 Vens.
858 2497 1060 2559 15-17.
1091 2517 1118 2555 ‹
1145 2496 1489 2558 Aﬂ‘erebant
1517 2506 1713 2559 autem
1745 2498 1817 2558 ad
1852 2516 1984 2560 eum
2020 2507 2078 2559 et
2109 2498 2208 2560 in-

569 2587 782 2658 fantes,
818 2595 880 2646 ut
911 2604 1012 2646 eos
1044 2592 1331 2664 tangeret.
1365 2585 1532 2657 Quod
1566 2605 1698 2646 cum
1733 2587 2000 2648 viderent
2028 2587 2212 2648 disci-

568 2673 712 2755 puli,
755 2673 1142 2755 increpabant
1177 2675 1333 2738 illos.
1365 2673 1538 2736 Jesus
1567 2683 1762 2736 autem
1809 2694 1944 2736 cum
1977 2675 2112 2736 illos
2141 2676 2214 2737 ad

565 2780 630 2823 se
664 2771 948 2835 vocasset,
983 2761 1174 2822 dixit:
1211 2761 1398 2824 Sinite
1439 2781 1658 2843 pueros
1713 2763 1918 2825 venire
1965 2764 2038 2823 ad
2095 2782 2211 2842 me,

567 2859 622 2912 et
655 2852 837 2912 nolite
867 2860 1070 2912 vetare
1103 2870 1229 2930 eos,
1265 2852 1471 2912 talium
1505 2861 1594 2913 est
1617 2851 1776 2913 enim
1809 2870 2056 2930 regnum
2083 2853 2210 2914 Dei.

564 2943 755 3000 Amen
783 2940 916 3000 dico
939 2939 1126 3013 vobis,
1154 2940 1492 3020 quicunque
1511 2959 1626 3001 non
1647 2942 1944 3021 acceperit
1964 2959 2214 3019 regnum

568 3027 670 3088 Dei
702 3029 881 3090 veluti
913 3046 1078 3107 puer,
1107 3047 1224 3088 non
1257 3029 1502 3089 intrabit
1523 3029 1582 3089 in
1607 3029 1776 3091 illud.
1818 3055 1843 3086 ιο
1881 3029 1950 3090 Et
1979 3030 2051 3090 ad
2074 3031 2213 3090 456

2381 2523 2409 2554 ιι
2456 2501 2783 2580 Προσέφερον
2839 2498 2893 2555 δὲ
2935 2500 3078 2575 αὐτῷ
3135 2504 3219 2559 καὶ
3273 2505 3338 2558 τὰ
3379 2503 3574 2583 βρέφη,
3619 2503 3722 2558 ἵνα
3781 2506 3946 2560 usus.

2295 2589 2550 2656 ἅπτηται.
2587 2588 2806 2654 Ἰδόντες
2864 2589 2918 2644 δὲ
2977 2591 3024 2645 οἱ
3071 2593 3323 2669 μαθηταὶ,
3375 2593 3710 2666 ἐπετίμησαν
3742 2592 3950 2655 αὖτοῖς.

2298 2669 2358 2734 Ὀ
2415 2676 2468 2733 δὲ
2525 2679 2731 2745 Ἰησοῦς
2782 2678 3279 2755 προσκαλεσάμενος
3329 2683 3460 2740 αὐτὰ
3503 2682 3683 2737 εἶπεν·
3741 2681 3952 2760 ’Ἅφετε

2297 2767 2362 2824 τὰ
2417 2766 2595 2824 παιδία
2646 2767 2894 2847 ἔρχεσθαι
2950 2768 3081 2844 πρός
3139 2791 3229 2849 με,
3262 2772 3351 2826 καὶ
3393 2779 3470 2846 μὴ
3498 2769 3742 2826 κωλύετε
3798 2774 3951 2841 αὔτα,

2296 2862 2402 2912 τῶν
2452 2857 2553 2935 γὰρ
2609 2857 2851 2912 τοιούτων
2909 2856 3048 2914 ἐστὶν
3095 2859 3130 2924 ἡ
3173 2858 3415 2935 βασιλεία
3442 2866 3535 2915 τοῦ
3563 2867 3726 2922 Θεοῦ,
3775 2860 3954 2934 Ἀμὴν

2295 2942 2438 3021 λέγω
2492 2946 2642 3026 δμϊν,
2677 2945 2736 3008 ὃς
2766 2943 2855 3002 ἐὰν
2887 2946 2963 3020 μὴ
2992 2943 3203 3013 δέξηται
3231 2949 3332 3015 τὴν
3360 2947 3629 3024 βασιλείαν
3678 2955 3779 3005 τοῦ
3825 2957 3954 3005 Θεώ

2295 3035 2368 3096 ὡς
2423 3031 2648 3105 παιδίον,
2699 3036 2758 3091 οὒ
2813 3035 2891 3109 μὴ
2946 3033 3154 3110 εἰσέλθῃ
3198 3037 3270 3100 εἷς
3331 3038 3516 3107 αὐτήν,
3559 3059 3584 3092 ο
3625 3040 3728 3096 Καὶ
3798 3042 3952 3095 τοῦτο

567 3117 952 3177 humilitatem
986 3116 1268 3177 conducit
1313 3117 1491 3178 etiam
1526 3118 1635 3178 hoc
1667 3118 1740 3178 de
1774 3119 1974 3197 pueris
2004 3136 2207 3179 exem-

2296 3123 2426 3199 πρὸς
2483 3125 2926 3203 μετριοφροσύνην
2977 3122 3332 3199 συμϐάλλεται
3415 3129 3476 3182 τὸ
3529 3132 3636 3182 τῶν
3696 3126 3951 3188 παιδίων.

568 3204 753 3283 ρΙυιη.
788 3204 972 3265 Docet
1000 3205 1158 3265 enim
1195 3204 1479 3266 Dominus
1511 3223 1617 3286 per
1648 3205 1780 3266 illos
1823 3206 2066 3266 omnino
2096 3207 2211 3268 hu-

2301 3207 2542 3267 Διδάσκει
2597 3213 2698 3290 γὰρ
2767 3209 2852 3270 διὰ
2916 3214 3097 3269 τούτου
3147 3216 3175 3270 6
3239 3215 3423 3293 Κύριος
3478 3231 3953 3297 ταφεινοφρονεῖν,

571 3292 793 3352 mililer
814 3292 1196 3370 agendum,et
1222 3311 1430 3354 omnes
1451 3293 2207 3375 suscipiendos,nullosque

2294 3300 2382 3355 καὶ
2433 3301 2634 3363 πάντας
2693 3299 3110 3381 παραδέχεσθαι,
3156 3303 3243 3359 καὶ
3279 3292 3506 3378 μηδενὸς
3558 3292 3950 3385 κπαῲρονεῐνξ

569 3381 1060 3442 contemnendos.
1100 3381 1382 3461 Dimipuii
1413 3383 1568 3443 enim
1618 3383 1921 3460 indignum
1953 3382 2209 3446 arbitra-

567 3471 780 3531 bantur
802 3471 874 3531 ad
911 3470 1082 3531 talem
1117 3473 1457 3549 Magistrum
1502 3472 1703 3533 offerri
1736 3491 1972 3552 pueros.
2009 3474 2082 3533 At
2109 3474 2207 3534 ille

565 3559 821 3620 ostendit
851 3579 1038 3639 usque
1091 3561 1238 3620 adeo
1295 3561 1642 3621 sectandam
1691 3561 2109 3635 humilitatem,
2147 3561 2208 3623 ut

563 3649 738 3710 etiam
776 3649 1005 3708 minimi
1038 3668 1156 3709 non
1201 3648 1320 3709 sint
1365 3648 1714 3728 abjiciendi.
1751 3653 1820 3710 Et
1850 3650 1936 3711 sic
1967 3651 2204 3730 quidem

561 3738 736 3799 docet
766 3737 1154 3797 humilitatem
1189 3755 1372 3816 opere
1396 3755 1524 3797 suo.
1560 3735 1686 3798 Non
1713 3738 1869 3798 enim
1904 3739 2202 3813 amandat,

559 3827 660 3886 sed
696 3826 960 3886 suaviter
987 3825 1358 3904 amplexatur
1388 3826 1666 3886 infantes.
1699 3825 1881 3887 Docet
1926 3835 2116 3888 autem
2147 3835 2208 3890 et

562 3933 668 3994 per
691 3933 1051 3984 sermonem,
1085 3915 1242 3994 quod
1275 3933 1523 3993 regnum
1557 3917 1842 3976 caelorum
1878 3923 1970 3977 est
1997 3933 2202 3978 eorum

559 4003 658 4082 qui
682 4003 954 4064 similiter
983 4003 1174 4065 affecti
1207 4012 1344 4064 sunt
1373 4012 1438 4064 ut
1465 4004 1649 4082 pueri.
1689 4003 1843 4065 Puer
1869 4023 1986 4065 non
2025 4005 2200 4066 inﬂa-

559 4100 672 4166 tur,
736 4111 926 4172 neque
982 4092 1238 4173 aliquem
1292 4093 1617 4154 contemnit
1665 4110 1678 4155 :
1741 4093 2030 4155 innocens
2089 4103 2200 4170 est,

556 4182 828 4261 simplex,
865 4189 923 4242 et
953 4200 1086 4243 cum
1120 4181 1280 4241 omni
1314 4181 1698 4261 simplicitate
1728 4201 1924 4263 neque
1955 4183 2015 4243 in
2060 4202 2201 4262 pro-

555 4271 746 4350 speris
769 4271 1092 4332 extollitur.
1124 4288 1316 4350 neque
1342 4270 1400 4330 in
1425 4270 1692 4332 tristibus
1717 4270 2200 4350 dejicitur.Unde

557 4361 652 4438 qui
684 4358 822 4418 vivit
850 4358 910 4418 in
945 4359 1106 4419 omni
1145 4358 1497 4433 humilitate,
1531 4359 1908 4439 simplicitate
1939 4367 1997 4421 et
2024 4360 2200 4421 inno-

2295 3387 2354 3442 Οί
2412 3386 2509 3461 μὲν
2566 3389 2664 3467 γὰρ
2716 3392 2947 3461 μαθηταὶ
2992 3389 3200 3456 ἀνάξιον
3254 3391 3479 3469 ἡγοῦντο
3507 3395 3598 3449 τοῦ
3624 3392 3952 3460 τηλικούτου

2297 3472 2622 3533 Διδασκάλου
2676 3478 2736 3533 τὸ
2795 3477 3174 3557 προσφέρεσθαι
3228 3481 3369 3556 αὑτῷ
3397 3479 3600 3543 παιδία.
3639 3475 3698 3540 Ὀ
3734 3481 3795 3539 δὲ
3839 3482 3950 3539 δεί-

2289 3586 2466 3622 κνυσιν
2524 3565 2732 3640 αὐτοῖς,
2765 3564 2845 3622 ὅτι
2873 3575 3122 3625 τοσοῦτον
3176 3567 3260 3625 δεῖ
3301 3586 3762 3650 ταπεινοφρονιϊν,
3810 3573 3946 3628 ὥστε

2287 3655 2378 3710 καὶ
2434 3654 2500 3710 τὰ
2555 3653 2818 3734 ἐλάχιστα
2909 3657 2988 3732 μὴ
3063 3656 3449 3734 βδελύττεσθαι.
3505 3661 3605 3717 Καὶ
3647 3661 3793 3718 οὕτω
3848 3663 3946 3735 μὲι

2289 3740 2520 3800 διδάσκει
2577 3744 2674 3812 τὴν
2725 3746 3170 3824 μετριοφροσύνην
3212 3744 3278 3802 δι’
3328 3749 3404 3802 ὧν
3435 3746 3650 3827 ἔπραξε,
3681 3753 3766 3825 μὴ
3799 3750 3939 3812 ἁπο-

2289 3833 2659 3921 πεμψάμενος,
2721 3829 2852 3921 ἀλλ’,
2909 3830 3075 3901 ἡδέως
3135 3833 3558 3912 παραδεξάμενος
3614 3840 3680 3894 τὰ
3741 3842 3937 3921 βρέιρη.

2291 3919 2533 3977 Διδάσκει
2590 3921 2643 3977 δὲ
2703 3924 2790 3978 καὶ
2835 3919 2919 3978 διὰ
2960 3922 3142 4002 λόγου,
3190 3923 3271 3981 ὅτι
3319 3925 3426 3981 τῶν
3468 3927 3605 3982 κατὰ
3633 3928 3695 3984 τὰ
3757 3919 3937 3988 παιδία

2286 4007 2631 4084 διακειμένων
2685 4011 2823 4068 ἐστὶν
2860 4014 2896 4081 ἡ
2940 4012 3178 4089 βασιλεία
3220 4015 3325 4072 τῶν
3369 4018 3627 4094 οὐρανῶν,
3688 4023 3766 4077 Τὸ
3810 4045 3937 4078 παι-

2286 4096 2392 4155 δίον
2439 4103 2533 4157 ούκ
2563 4099 2851 4179 ἐπαίρεται,
2887 4103 2982 4158 οὒκ
3025 4101 3284 4168 ἐξουθενεῖ
3329 4126 3470 4178 τινα,
3522 4104 3722 4163 ἄκακύν
3769 4110 3932 4185 ἐστιν,

2285 4185 2496 4266 ἄδολον,
2547 4186 2664 4245 οὔτε
2721 4189 2806 4246 ἐπὶ
2878 4203 2995 4254 τοῖς
3069 4191 3342 4268 λαμπροῖς
3413 4194 3760 4273 ὅγκούμενον,
3821 4201 3938 4256 οὒτε

2285 4277 2368 4332 ἐπὶ
2422 4290 2541 4342 τοῖς
2593 4278 2856 4362 λυπηροῖς
2900 4279 3352 4361 συστελλόμενον,
3390 4281 3528 4339 ἀλλὰ
3575 4286 3724 4362 πάσῃ
3752 4287 3932 4345 ἁπλό-

2282 4387 2403 4432 τητι
2449 4365 2624 4430 συνόν,
2687 4358 2862 4425 υΩιτιιτε
2892 4371 2920 4426 6
2947 4358 3370 4450 ταπεινοφρόνως
3413 4378 3517 4442 ζῶν
3573 4375 3661 4431 καὶ
3688 4358 3930 4450 ἀκάκως,

554 4447 766 4520 centia,
802 4446 900 4507 ille
943 4448 1068 4509 Deo
1109 4456 1387 4525 acceptus
1428 4455 1541 4521 est,
1589 4455 1646 4508 et
1694 4447 1910 4528 accipit
1955 4467 2199 4526 regnum

2293 4457 2493 4543 ἐκεῖνος
2543 4457 2684 4534 παρὰ
2741 4463 2816 4532 τῷ
2840 4470 2844 4472 ⁷
2872 4465 2986 4532 Θεῷ
3041 4446 3429 4539 προσδεκτέως,
3462 4463 3550 4518 καὶ
3579 4465 3606 4518 6
3635 4446 3931 4543 δεχόμενος

553 4535 659 4596 Dei
691 4535 844 4598 sicut
889 4554 1060 4616 puer,
1095 4537 1205 4596 hoc
1255 4544 1343 4596 est
1391 4537 1667 4609 ﬁdeliter,
1704 4536 1933 4618 absque
1977 4537 2112 4598 dolo
2144 4545 2202 4599 et

553 4623 916 4684 curiositate.
952 4623 1230 4686 Curiosus
1250 4624 1436 4700 enim,
1452 4632 1510 4686 et
1529 4642 1770 4706 semper
1797 4625 2195 4705 interrogans,

553 4711 906 4784 Quomodo?
937 4731 1068 4774 cum
1101 4729 1204 4773 sua
1255 4711 1667 4776 incredulitate
1711 4711 1950 4793 peribit,
1991 4724 2050 4776 et
2077 4735 2195 4777 non

550 4801 794 4862 intrabit
825 4801 884 4861 in
914 4819 1186 4880 regnum,
1218 4802 1374 4882 quod
1399 4803 1589 4864 noluit
1620 4803 1969 4884 simpliciter
1986 4814 2044 4866 et
2066 4807 2197 4867 sine

551 4889 889 4951 curiositate
921 4899 978 4950 et
1009 4890 1314 4952 humiliter
1361 4893 1690 4972 suscipere.
1743 4891 1964 4955 Omnes
1997 4893 2195 4976 itaque

549 4979 826 5059 apostoli,
851 4988 910 5040 et
939 4998 1148 5040 omnes
1173 4999 1415 5059 prorsus
1445 4981 1759 5046 credentes
1779 4982 1837 5042 in
1869 4982 2189 5058 Christum,

551 5077 830 5129 vocantur
863 5068 1072 5147 pueri:
1109 5067 1262 5130 sicut
1293 5077 1351 5130 et
1396 5071 1524 5150 ipse
1565 5069 1851 5132 Dominus
1899 5071 2194 5151 apostolos

550 5156 897 5229 nominavit,
935 5155 1140 5216 dicens
1177 5178 1189 5219 :
1242 5158 1439 5232 Pueri,
1477 5177 1617 5220 num
1651 5159 1791 5238 quid
1825 5159 2054 5221 obsonii
2081 5161 2192 5222 ha-

549 5244 700 5306 betis
718 5243 830 5303 95?
863 5243 1174 5325 Sapientes
1224 5255 1418 5309 autem
1465 5248 1804 5326 gentilium,
1840 5248 2188 5328 sapientiam

547 5332 606 5393 in
643 5334 922 5414 mysterio
953 5343 1312 5416 quaerentes,
1353 5337 1508 5417 quod
1559 5345 1649 5398 est
1684 5355 1930 5416 regnum
1973 5340 2101 5414 Dei,
2134 5352 2194 5401 et

548 5423 832 5482 nolentes.
874 5423 1145 5502 accipere
1195 5424 1418 5506 absque
1466 5426 1942 5502 ratiocinatione,
1980 5430 2190 5492 merito

623 5578 682 5630 99
711 5578 843 5641 Job.
879 5597 939 5653 ιι,
975 5581 1034 5657 9,
1067 5582 1127 5642 2.
1216 5583 1280 5634 95
1307 5585 1476 5647 Joan.
1505 5603 1630 5662 xxx,
1659 5587 1720 5649 5.

2281 4542 2381 4609 τὴν
2429 4543 2698 4620 βασιλείαν
2740 4553 2833 4603 τοῦ
2874 4553 3003 4604 Θεοῦ
3046 4550 3118 4614 ὡς
3167 4547 3398 4628 παιδίον,
3453 4542 3747 4624 τουτέστιν,
3797 4553 3927 4610 ἀδό-

2279 4629 3056 4724 ltuc,_timolunpaypov1‘,tmc,
3099 4643 3327 4702 πιστῶς.
3369 4631 3425 4697 Ὀ
3478 4639 3579 4718 γὰρ
3623 4643 3927 4724 περίεργος,

2278 4721 2366 4776 καὶ
2421 4720 2499 4778 ἂεὶ
2543 4721 2750 4800 ἐρωτῶν
2781 4725 2865 4804 τὸ,
2920 4730 3038 4790 Πῶς
3077 4744 3093 4800 ς
3150 4733 3219 4802 τῇ
3274 4727 3489 4800 ἀπιστίᾳ
3531 4720 3932 4806 συγκαταλυθήξ

2278 4829 2450 4899 σεται,
2506 4811 2596 4866 καὶ
2650 4812 2709 4868 οὗ
2764 4811 2842 4887 μὴ
2901 4811 3107 4891 εἰσέλθῃ
3187 4817 3260 4878 εἷς
3338 4817 3437 4884 τὴν
3492 4815 3790 4899 βασιλείαν,
3865 4823 3926 4890 ἢν

2277 4896 2485 4978 ἅπλῶς,
2540 4900 2627 4955 καὶ
2679 4899 3038 4982 ἀπεριέργως,
3089 4904 3177 4960 καὶ
3207 4906 3599 4985 μετριοιρρόνως
3635 4907 3734 4963 οὒκ
3774 4896 3924 4976 ’ἠθέ-

2276 4986 2407 5053 λησε
2462 4986 2864 5066 παραδέξασθαι,
2925 4992 3122 5056 Πάντες
3167 4994 3265 5068 μὲν
3324 4995 3412 5051 οὗν
3444 4997 3490 5052 οἱ
3516 4993 3810 5054 ἀπόστολοι
3841 5004 3925 5065 καὶ

2274 5075 2466 5134 πάντες
2517 5074 2699 5143 ἁπλῶς
2755 5079 2802 5133 οἱ
2849 5069 3221 5146 πιστεύσαντες
3271 5087 3348 5156 τῷ
3376 5084 3612 5162 Χριστῷ,
3646 5082 3835 5142 παιδία
3865 5087 3922 5144 ἂν

2274 5163 2545 5244 κληθεῖεν,
2607 5167 2681 5229 ὡς
2706 5167 2826 5250 ,καὶ
2881 5167 3037 5233 αὐτὸς
3095 5172 3124 5227 6
3193 5173 3379 5250 Κύριος
3427 5173 3548 5236 τοὺς
3591 5171 3922 5242 ἀποστόλους

2274 5253 2518 5327 ὠνόμασε
2597 5248 2812 5331 Παιδία,
2848 5258 2978 5331 μήτι
3010 5248 3334 5339 προσφάγιον
3367 5258 3522 5340 ἔχετε
3557 5284 3574 5334 ;
3619 5264 3681 5319 Oi
3733 5260 3792 5320 δὲ
3829 5288 3923 5322 σο-

2274 5343 2361 5421 φοὶ
2407 5349 2512 5398 τῶν
2548 5332 2837 5419 Ἐλλήνων,
2889 5332 3075 5426 σοφίαν
3125 5332 3180 5404 ἐν
3207 5332 3284 5424 τῷ
3312 5332 3582 5428 μυστηρίῴ
3609 5353 3923 5430 ζητοῦντες,

2274 5432 2303 5487 δ
2358 5430 2499 5488 ἐστιν
2554 5433 2589 5500 ἦ
2642 5431 2882 5508 βασιλεία
2936 5442 3027 5492 τοῦ
3071 5440 3226 5512 Θεοῦ,
3259 5440 3345 5495 καὶ
3377 5439 3454 5514 μὴ
3480 5437 3804 5515 βουλόμενοι
3838 5443 3926 5502 δέ·

3837 312 4073 376 ίωὲι

3551 635 3649 688 καὶ
3712 631 3975 708 λεγόντων
4072 653 4073 658 ‘
