4116 6212
194 358 343 425 1009

854 360 1293 424 ENARHATIO
1342 365 1419 425 IN
1470 357 1974 425 EVANGELIUM
2025 357 2262 418 LUCAS.
2311 390 2387 399 —
2432 360 2594 419 CAP.
2645 362 2864 421 XVIII.

3424 352 3571 419 1010

182 492 368 558 ξασθαι
426 500 581 551 τοῦτο
642 490 1057 570 ἀσυλλογίστως,
1110 493 1327 559 εἰκότως
1385 491 1682 560 ἐξώσθησαν
1740 496 1835 558 τῆς

1922 487 2148 551 exclusi
2179 496 2316 551 sunt
2344 488 2417 551 ab
2445 490 2558 552 hoc
2587 509 2794 569 regno.
2828 496 2961 557 Non
2993 492 3141 554 dixit
3166 501 3361 554 autem
3399 509 3411 553 :
3443 489 3566 552 Ho-

180 580 453 656 βασιλείας
482 583 706 649 ταύτης.
753 586 859 641 Οὔκ
903 581 1026 638 εἷπε
1070 580 1147 656 δὲ,
1209 582 1312 655 ὅτι,
1361 584 1571 642 Τούτων
1622 583 1759 639 ἐστὶν
1797 584 1830 649 ἡ

179 670 453 747 βασιλεία,
491 670 627 728 ἀλλὰ
655 672 760 728 τῶν
813 672 1086 746 τοιούτων,
1137 673 1400 754 τουτέστι,
1430 680 1535 731 τῶν
1564 673 1663 739 τὴν
1693 672 1832 728 ἀκα-

177 760 324 821 κίαν.
384 762 473 817 καὶ
562 762 1008 841 μετριοφροσύνην
1092 769 1471 841 προαιρετικῶς
1555 761 1833 837 κτησαμέ-

182 872 313 929 νων,
360 850 426 917 ἢν
471 856 707 929 φυσικῶς
764 850 831 905 τά
883 848 1063 906 παιδία
1119 849 1328 930 ἔχουσι.
1414 850 1690 925 Δεξώμεθα
1744 853 1834 906 οὖν

181 939 358 995 πάντα
408 940 475 995 τὰ
516 938 954 1009 ἒκκλησιαστικὰ,
1002 938 1134 1018 ἅπερ
1184 940 1320 997 ἐστὶν
1361 943 1395 1009 ἡ
1451 937 1686 1017 βασιλεία
1741 947 1833 995 τοΰ

185 1032 342 1101 Θεοῦ,
389 1026 737 1107 ἀπεριέργως,
820 1028 905 1083 καὶ
981 1032 1207 1104 πιστῶς,
1285 1032 1372 1085 καὶ
1414 1028 1824 1108 μετριοφρόνως,

187 1118 249 1173 τὸ
293 1116 394 1195 γὰρ
423 1116 849 1195 περιεργάζεσθαι
882 1116 1129 1197 οἰήσεως,
1164 1120 1251 1175 καὶ
1281 1116 1606 1197 δοξοσοφίας.

276 1224 307 1264 ι
342 1207 440 1263 Καὶ
492 1204 810 1284 ἐπηρώτησέ
850 1226 931 1268 τις
972 1208 1127 1262 αὐτὸν
1171 1206 1374 1287 ἄρχων,
1428 1204 1599 1285 λέγων
1637 1223 1649 1238 ⁸
1688 1204 1838 1262 Διδά-

185 1293 355 1352 σκαλε
398 1294 582 1374 ἀγαθὲ,
617 1296 665 1351 τί
691 1296 924 1365 ποιήσας
971 1296 1115 1365 ζωὴν
1162 1296 1371 1352 αἰώνιον
1398 1294 1834 1373 κληρονομήσω;

190 1386 332 1442 Εἷπε
378 1382 433 1440 δὲ
462 1385 605 1458 αὒτῷ
647 1385 675 1440 6
710 1384 915 1451 Ἰησοῦς
952 1399 966 1414 ⁸
1001 1384 1061 1442 Τί
1093 1407 1159 1461 με
1188 1384 1359 1462 λέγεις
1388 1385 1622 1464 ἀγαθόν,
1658 1383 1833 1448 Οὐδεὶς

182 1473 407 1552 ἀγαθὸς,
468 1476 513 1530 εἰ
570 1474 648 1551 μὴ
706 1474 791 1536 εἷς
834 1476 862 1529 6
901 1474 1056 1537 Θεός.
1114 1475 1217 1538 Τὰς
1267 1472 1481 1536 ἐντολὰς
1541 1472 1712 1537 οἴδας’
1748 1474 1834 1541 Μὴ

187 1563 516 1641 μοιχεύσῃς.
562 1562 640 1637 tui
684 1563 966 1642 φονεύσῃς,
1014 1563 1091 1637 μὴ
1134 1562 1360 1640 κλέψῃς,
1419 1562 1496 1637 μὴ
1528 1560 1832 1639 ψευδομαρ-

180 1653 443 1728 τυρήσῃς.
488 1652 625 1727 Τίμα
656 1653 746 1707 τὸν
803 1650 1003 1731 πατέρα
1060 1666 1152 1709 σου
1206 1654 1296 1708 καὶ
1352 1653 1449 1719 τὴν
1478 1652 1683 1730 μητέρα
1713 1674 1828 1709 σου.

185 1732 248 1798 Ὀ
306 1739 361 1797 δὲ
420 1742 545 1797 εἶπε
580 1760 594 1774 ⁸
656 1748 828 1799 Ταῦτα
885 1742 1058 1801 πάντα
1101 1740 1440 1821 ἐφυλαξάμην
1489 1740 1549 1797 ὲκ
1577 1741 1830 1808 νεότητός

1916 594 2047 637 rum
2081 587 2171 641 est
2198 596 2473 660 regnum,
2498 580 2603 641 sed
2624 581 2853 659 talium,
2877 584 2975 661 qui
3006 582 3336 644 voluntarie
3354 598 3565 662 posse—

1917 665 2140 727 derunt
2172 668 2575 729 innocentiam
2631 678 2688 731 et
2739 671 3154 743 humilitatem,
3192 690 3366 751 quam
3402 669 3569 749 pueri

1918 764 2125 817 natura
2178 757 2420 819 habent.
2504 756 2905 839 Suscipiamus
2965 760 3145 839 igitur
3220 761 3415 821 omnia
3469 759 3570 821 illa

1917 846 2348 927 ecclesiastica,
2404 866 2533 927 quae
2581 856 2719 909 sunt
2777 868 3027 927 regnum
3099 851 3229 917 Dei.
3290 848 3565 920 ﬁdeliter,

1916 933 2139 1016 absque
2171 937 2540 1009 curiositate,
2562 946 2621 998 et
2652 938 2979 1000 humiliter.
3013 938 3255 1001 Curiose
3286 940 3443 999 enim
3470 937 3567 997 in-

1918 1024 2180 1102 quirere,
2208 1024 2551 1105 superbiam
2576 1026 2731 1105 sapit
2752 1035 2809 1087 et
2838 1027 3152 1105 gloriosam
3186 1026 3562 1106 sapientiam.

2000 1114 2181 1176 Vens.
2241 1116 2440 1177 18-23.
2500 1140 2525 1170 α
2581 1114 2652 1176 Et
2707 1115 3088 1195 interrogavit
3145 1133 3280 1177 eum
3330 1115 3566 1194 quidam

1920 1203 2250 1282 princeps:
2308 1204 2585 1282 Magister
2634 1204 2807 1279 bone,
2857 1204 3001 1285 quid
3048 1203 3384 1266 faciendum
3424 1202 3570 1263 mihi

1920 1300 1981 1351 ut
2012 1308 2344 1373 consequar
2372 1294 2546 1355 vitam
2576 1298 2905 1357 aeternam?
2933 1294 3085 1355 Dixit
3133 1302 3335 1355 autem
3380 1293 3435 1354 ei
3462 1292 3568 1355 Je-

1918 1399 2056 1442 sus:
2092 1380 2243 1452 Quid
2298 1401 2390 1443 me
2434 1382 2585 1444 dicis
2637 1383 2914 1447 bonum?
2963 1402 3138 1444 nemo
3190 1383 3401 1455 bonus,
3456 1381 3572 1443 nisi

1917 1469 2079 1530 solus
2110 1469 2292 1533 Deus.
2328 1474 2630 1552 Praecepta
2652 1472 2809 1533 nosti
2842 1490 2855 1534 :
2891 1471 3018 1533 Non
3050 1472 3383 1534 committes
3403 1470 3566 1532 adul-

1916 1558 2152 1632 terium,
2189 1578 2307 1621 non
2337 1561 2598 1635 occides,
2636 1580 2754 1622 non
2785 1561 2967 1623 facies
2997 1563 3242 1642 furtum,
3288 1580 3406 1621 non
3448 1561 3565 1621 fal-

1915 1665 2043 1709 sum
2080 1648 2485 1712 testimonium
2518 1650 2729 1725 dices;
2779 1650 3007 1714 honora
3051 1660 3275 1730 patrem
3310 1659 3471 1711 tuum
3508 1659 3565 1710 et

1916 1744 2164 1797 matrem
2197 1746 2377 1798 tuam.
2412 1739 2484 1798 At
2520 1739 2623 1801 ille
2653 1740 2730 1800 ait
2777 1756 2790 1800 :
2844 1739 2980 1800 Haec
3012 1739 3211 1801 omnia
3258 1738 3484 1800 servavi
3529 1757 3564 1798 a

183 1853 312 1904 μου.
378 1829 636 1893 Ἀκούσας
694 1829 749 1886 δὲ
782 1830 945 1887 ταῦτα
993 1834 1021 1887 6
1063 1828 1269 1898 Ἰησοῦς
1300 1830 1455 1887 εἶπεν
1495 1832 1657 1905 αὐτῷ’
1693 1831 1830 1888 ’Ἔτι

1922 1824 2216 1903 iuventute
2248 1845 2400 1889 mea.
2436 1826 2561 1899 Quo
2591 1827 2819 1902 audito,
2858 1827 3034 1890 Jesus
3076 1828 3158 1889 ait
3197 1828 3248 1888 ei
3283 1845 3296 1888 :
3348 1826 3563 1888 Adhuc

184 1918 242 1974 ἕν
301 1941 381 1975 σοι
432 1917 601 1975 λείπει
634 1935 650 1952 ⁸
686 1920 858 1975 πάντα
888 1918 986 1975 ὅσα
1032 1918 1205 2000 ἔχεις,
1240 1917 1517 1999 πώλησον,
1550 1921 1635 1975 καὶ
1660 1917 1831 1985 διάδος

184 2021 460 2089 πτωχοῖς,
523 2010 609 2065 καὶ
667 2006 799 2074 ἔξεις
850 2011 1112 2088 θησαυρὸν
1168 2009 1220 2064 ἐν
1264 2008 1486 2087 οεόρανῷ,
1534 2010 1631 2066 Καὶ
1689 2007 1833 2088 δεῦρο

185 2088 458 2154 ἀκολούθει
503 2120 617 2173 μοι,
654 2088 712 2155 Ὀ
755 2096 834 2171 δὲ,
871 2098 1095 2164 ἀκούσας
1137 2105 1324 2171 ταῦτα,
1378 2096 1663 2176 περίλυπος
1706 2098 1830 2176 ἐγέ-

184 2207 327 2259 νετο,
390 2188 455 2252 ἦν
511 2187 610 2266 γὰρ
659 2185 910 2250 πλούσιος
971 2184 1194 2268 σφόδρα.
1255 2210 1283 2242 ι
1353 2196 1515 2244 Δοκεῖ
1568 2186 1666 2262 μέν
1695 2209 1833 2243 τισιν

186 2276 339 2338 οὗτος
371 2278 400 2331 6
448 2273 714 2353 ἅνθρωπος
767 2276 1062 2353 πανοῦργός
1119 2297 1200 2339 τις
1252 2277 1418 2348 εἶναι,
1454 2276 1541 2332 καὶ
1570 2276 1690 2333 οἷον
1720 2297 1833 2332 πα-

187 2363 421 2441 γιδεῦσαι
481 2370 657 2436 ζητῶν
712 2366 803 2421 τὸν
848 2364 1051 2431 Ἰησοῦν
1115 2364 1168 2419 ἐν
1211 2363 1416 2443 λόγοις.
1462 2364 1570 2423 Οὔκ
1614 2364 1751 2421 ἔοικε
1781 2363 1835 2421 δὲ

189 2462 367 2534 τοῦτο,
430 2452 568 2509 ἀλλὰ
653 2452 969 2533 φιλάργυρος
1040 2454 1208 2513 εἶναι,
1276 2452 1422 2511 Ἐπεί
1479 2456 1567 2510 καὶ
1615 2456 1643 2509 6
1703 2461 1835 2532 Χρι-

188 2545 313 2605 στὸς
365 2549 598 2599 τοιοῦτον
659 2544 814 2599 αὐτὸν
872 2542 998 2600 ὄντα
1049 2541 1262 2621 ἤλεγξε.
1326 2545 1422 2601 Καὶ
1477 2544 1577 2621 γὰρ
1628 2542 1838 2622 Μάρκος

190 2633 374 2713 φησὶν,
467 2631 546 2688 ὅτι
631 2629 1004 2711 προσδραμὼν,
1078 2634 1167 2687 γαὶ
1240 2636 1541 2710 γονυπετῶν
1603 2633 1839 2710 παρεκά-

190 2721 269 2778 λει
328 2723 420 2777 τὸν
482 2718 713 2801 Ἰησοῦν,
773 2723 859 2777 καὶ
918 2719 999 2777 ὅτι
1081 2718 1353 2797 ἐμϐλέψας
1427 2723 1569 2794 αὒτῷ
1622 2725 1649 2778 6
1722 2721 1838 2789 ’1η-

193 2814 315 2874 σοῦς
368 2811 651 2889 ἠγάπηαεν
721 2810 878 2867 αὐτόν
914 2826 928 2840 ⁹
1004 2810 1410 2890 φιλοχρήματος
1496 2811 1591 2887 μὲν
1661 2812 1725 2879 ἧν
1809 2815 1837 2869 6

188 2901 482 2978 ἅνθρωπος.
549 2900 792 2979 Πρόσεισι
843 2898 898 2955 δὲ
942 2907 1018 2974 τῷ
1059 2899 1237 2966 Ἰησοῦ
1307 2904 1499 2974 μαθεῖν
1562 2900 1837 2980 ἐφιέμενος

193 2994 310 3065 περί
365 2996 509 3061 ζωῆς
570 2988 802 3064 αἰωνίου,
884 2989 1030 3068 τάχα
1114 2990 1186 3053 ὡς
1263 2987 1671 3069 φιλοχρήματος
1756 2985 1841 3046 καὶ

190 3086 370 3141 τοῦτο,
434 3076 593 3136 Οὐδὲν
637 3078 737 3157 γὰρ
782 3076 919 3134 οὕτω
961 3076 1239 3157 φιλόζωον,
1301 3080 1376 3141 ὡς
1432 3076 1840 3157 φιλοχρήματος

192 3165 482 3245 ἄνθρωπος.
539 3166 817 3242 Ἐνόμισεν
862 3168 949 3222 οὖν
1003 3168 1096 3223 τὸν
1146 3166 1349 3235 Ἰησοῦν
1394 3167 1670 3223 ὑποθέσθαι
1702 3169 1843 3241 αὐτῷ

197 3255 417 3335 τρόπον,
475 3253 545 3311 δι’
598 3259 657 3312 οὗ
726 3256 947 3319 αἰωνίως
1003 3258 1240 3335 ζήσεται,
1298 3255 1680 3312 καταπολαύων
1743 3261 1843 3322 τῆς

190 3345 575 3425 κατασχέσεως
627 3349 733 3401 τῶν
793 3346 1119 3425 χρημάτων,
1179 3344 1270 3409 Ὠς
1326 3343 1380 3400 δὲ
1439 3347 1466 3400 6
1513 3346 1697 3423 Κύριος
1743 3345 1841 3412 τὴν

193 3434 494 3500 ἀπόκτησιν
554 3434 698 3489 εἰναι
747 3432 996 3502 πρόξενον
1052 3434 1176 3490 εἷπε
1233 3438 1333 3499 τῆς
1410 3435 1616 3490 αἰωνίου
1672 3433 1838 3513 ζωῆς,

191 3526 266 3588 ὡς
325 3524 798 3603 περιμεμψάμενος
858 3524 1029 3597 ἑαυτῴ
1069 3524 1167 3591 τῆς
1219 3525 1549 3603 ἐρωτήσεως,
1608 3526 1697 3581 καὶ
1765 3532 1840 3599 τῷ

197 3614 377 3679 Ἰησοῦ
434 3618 532 3680 τῆς
615 3612 968 3692 ἀποκρίσεως,
1058 3612 1290 3672 ἄπεισιν.
1362 3613 1525 3675 Αὐτὸς
1583 3613 1681 3691 γοίρ
1749 3637 1835 3671 τοι

194 3704 373 3759 ἕνεκεν
422 3708 515 3759 τοῦ
572 3701 719 3781 ἔχειν
774 3702 839 3759 τά
894 3704 1153 3781 χρήματα
1195 3702 1280 3759 ἐπὶ
1309 3701 1468 3774 πολὺ,
1503 3702 1697 3783 ἔχρῃζε
1740 3708 1838 3769 τῆς

196 3790 407 3847 αἰωνίου
465 3796 610 3862 ζωῆς
643 3806 657 3820 ⁸
721 3792 834 3847 ἐπεὶ
893 3794 937 3847 εἰ
992 3792 1057 3847 τὰ
1107 3793 1361 3871 χρήματα
1418 3791 1639 3867 ἔμελλεν
1707 3792 1839 3848 ἀπο-

192 3885 434 3960 κτᾶσθαι,
493 3883 542 3936 τί
615 3880 715 3937 ἔδει
792 3882 933 3955 αὑτῴ
991 3883 1089 3947 τῆς
1172 3882 1377 3937 αἰωνίου
1446 3887 1589 3952 ζωῆς
1648 3880 1838 3948 πένητι

192 3968 440 4045 μέλλοντι
497 3977 615 4049 ζῇν,
663 3970 804 4047 ὥσγε
862 3969 1079 4047 ἐδόκει,
1155 3969 1512 4049 Προσέρχεται
1570 3980 1694 4048 γοῦν
1763 3974 1840 4043 τῷ

195 4060 389 4136 Κυρίῳ,
451 4060 523 4121 ὡς
558 4058 744 4122 ἁπλῶς
797 4058 1076 4137 ἀνθρώπῳ,
1123 4060 1209 4114 καὶ
1280 4056 1596 4133 διδασκάλῳ,
1662 4061 1754 4115 Διὸ
1812 4062 1839 4115 6

201 4149 389 4225 Κύριος
447 4145 717 4221 δεικνύων,
776 4146 857 4203 ὅτι
902 4152 962 4206 οὒ
990 4145 1072 4203 δεῖ
1101 4149 1173 4210 ὡς
1222 4147 1477 4226 ἀνθρώπῳ
1506 4150 1647 4221 αύτῳ
1671 4169 1838 4225 προσ-

196 4236 329 4292 ιέναι
390 4236 559 4316 ψιλῷ,
606 4241 761 4293 εἶπεν
796 4252 809 4268 ⁸
883 4260 910 4291 α
973 4236 1149 4300 Οὐδεὶς
1208 4236 1424 4315 ἀγαθὸς,
1488 4238 1531 4292 εἰ
1588 4237 1663 4313 μη
1697 4238 1780 4299 εἰς
1814 4240 1841 4293 6

192 4326 347 4389 Θεός,
402 4350 424 4383 ν
491 4325 714 4405 ’Ᾱγαθόν
748 4348 839 4401 με,
873 4328 1051 4405 φησὶν,
1102 4326 1283 4399 εἶπας,
1330 4326 1380 4381 τί
1433 4328 1520 4382 οὖν
1573 4327 1838 4395 προσέθη-

191 4438 291 4479 κας
335 4417 416 4488 τὸ,
456 4413 745 4470 Διδάσκαλε
780 4437 796 4487 ;
832 4416 1081 4473 Φαίνεται
1140 4417 1238 4493 γὰρ
1289 4413 1370 4470 ὅτι
1425 4414 1519 4470 ἕνα
1550 4422 1652 4471 τῶν
1697 4415 1839 4473 πολ-

192 4504 300 4560 λῶν
359 4525 425 4577 με
480 4501 897 4579 ὑπολαμϐάνεις.
946 4507 1002 4563 Εἰ
1045 4504 1096 4561 δὲ
1147 4512 1324 4584 τοῦτο,
1359 4504 1453 4559 οὐκ
1483 4506 1589 4580 εἰμί
1617 4507 1833 4583 ἀγαθὸς,
1862 4491 1905 4541 D

192 4591 356 4656 οὐδείς
414 4592 512 4667 γάρ
574 4592 860 4673 ἀνθρώπων
917 4594 1111 4672 ἀγαθὸς
1167 4594 1381 4673 κυρίως,
1431 4595 1474 4649 εἰ
1532 4595 1609 4668 μὴ
1662 4596 1745 4656 εἷς
1808 4598 1835 4652 ὁ

193 4683 349 4745 Θεός.
412 4674 588 4738 "uate
638 4684 680 4737 εἰ
725 4682 894 4747 θέλεις
942 4683 1136 4761 ἀγαθόν
1167 4705 1233 4758 με
1264 4682 1462 4763 λέγειν,
1507 4685 1580 4745 ὡς
1614 4685 1738 4740 Θεό»
1770 4707 1837 4760 με

190 4770 311 4848 Λέγε
367 4772 585 4849 ἀγαθὸν,
642 4770 778 4827 ἀλλὰ
807 4773 885 4847 μὴ
917 4773 989 4835 ὡς
1019 4772 1290 4851 ὠνθρώπῳ
1338 4772 1482 4849 ψιλῷ
1512 4773 1833 4854 προσέρχου.

192 4862 250 4919 Εἰ
300 4862 399 4938 γὰρ
455 4860 725 4937 ἄνθρωπόν
759 4884 825 4935 με
860 4863 1035 4919 κοινόν
1065 4884 1183 4917 τινα
1230 4863 1485 4937 νομίζεις,
1540 4861 1676 4937 μηδὲ
1709 4865 1835 4941 ἀγα-

187 4950 274 5005 θὸν
308 4948 460 5005 κάλει
494 4965 510 4980 ⁸
545 4956 621 5022 τῷ
650 4948 758 5005 ὄντι
788 4951 887 5029 γὰρ
934 4950 1152 5027 ἀγαθὸς,
1211 4954 1298 5008 καὶ
1567 4953 1836 5031 ἀγαθότη-

189 5059 278 5100 τος
332 5039 420 5092 καὶ
465 5037 611 5115 ἀρχὴ
670 5043 775 5105 τῆκ
852 5039 1308 5116 αὗτοαγαθότητος
1360 5044 1387 5096 6
1442 5042 1593 5100 Θεός.
1671 5045 1730 5097 Oi
1784 5041 1837 5098 δὲ

191 5128 454 5203 ἅνθρωποι
489 5129 533 5183 εἰ
580 5128 667 5184 καὶ
722 5127 907 5205 ἀγαθοί
965 5127 1145 5202 ἐσμεν,
1202 5127 1324 5184 ἀλλ’
1354 5133 1413 5187 οὗ
1442 5131 1654 5210 κυρίως,
1701 5129 1837 5186 ἀλλὰ

190 5217 324 5273 κατά
376 5218 644 5298 μετοχὴν,
701 5219 790 5274 καὶ
857 5219 1135 5293 ἐπίμικτον
1193 5216 1411 5296 ἔχοντες
1487 5220 1546 5274 τὸ
1618 5220 1834 5298 ἀγαθὸν,

190 5308 274 5362 καὶ
314 5308 559 5385 τρεπτόν.
608 5308 713 5372 Τὰς
758 5306 971 5372 ἐντολὰς
1016 5304 1171 5369 οἶδας
1203 5323 1217 5339 ⁸
1256 5308 1343 5373 Μὴ
1384 5309 1706 5386 μοιχεύσῃς,
1752 5310 1831 5383 μὴ

192 5399 470 5476 φονεύσῃς,
531 5398 608 5473 μὴ
667 5396 1199 5477 ψεδδομαρτυρήσης,
1252 5397 1339 5453 καὶ
1392 5397 1455 5452 τὰ
1500 5396 1640 5464 ἑξῆς,
1688 5398 1831 5477 Πρό-

189 5508 335 5565 τερον
380 5489 407 5543 6
451 5488 613 5562 νόμος
657 5488 748 5564 τὰ,
788 5487 842 5543 ἓν
899 5488 986 5551 οἶς
1032 5486 1388 5565 εὖκολώτερον
1445 5486 1832 5568 ὀλισθαίνομεν,

188 5572 499 5656 διορθοῦται,
532 5581 651 5632 εἶτα
703 5578 769 5633 τὰ
825 5576 879 5633 ἐν
912 5582 996 5643 οἷς
1025 5578 1083 5634 oi)
1110 5575 1326 5651 πολλοὶ,
1373 5572 1490 5631 οὐδὲ
1548 5575 1834 5657 πολλάκις,

189 5665 308 5720 οἷον
354 5666 411 5721 τὸ
484 5667 778 5746 μοιχεύειν,
850 5664 1033 5735 Επειδὴ
1090 5667 1149 5722 τὸ
1209 5667 1306 5746 πῦρ
1348 5664 1435 5721 καὶ
1491 5668 1708 5744 φυσικὸν
1750 5666 1835 5722 καὶ

1919 1933 2102 1975 unum
2165 1914 2273 1977 tibi
2330 1915 2497 1977 deest
2547 1938 2559 1978 :
2617 1914 2831 1979 Omnia
2904 1935 3289 1998 quaecumque
3349 1914 3560 1990 habes,

1916 2003 2130 2084 vende,
2161 2016 2218 2065 et
2263 2004 2556 2068 distribue
2611 2007 2995 2088 pauperibus,
3049 2014 3107 2067 et
3150 2006 3398 2067 habebis
3429 2006 3563 2067 the-

1915 2110 2156 2154 saurum
2186 2092 2249 2154 in
2292 2094 2487 2157 ccelo:
2535 2100 2595 2158 et
2644 2096 2799 2167 veni,
2846 2113 3099 2176 sequere
3151 2114 3268 2158 me.
3320 2094 3424 2156 His
3466 2095 3569 2156 ille

1914 2181 2130 2245 auditis
2164 2201 2411 2245 maerore
2428 2185 2671 2247 affectus
2697 2192 2804 2259 est,
2832 2186 2971 2265 quia
2991 2185 3152 2246 dives
3181 2192 3305 2245 erat
3334 2183 3562 2245 valde.»

1919 2272 2164 2333 Videtur
2192 2271 2292 2334 ille
2328 2274 2505 2334 homo
2556 2273 2910 2354 quibusdam
2954 2275 3243 2352 malignus
3273 2274 3566 2353 quispiam
3661 2270 3675 2282 ’

1919 2378 2073 2435 esse,
2109 2369 2167 2421 et
2216 2361 2543 2441 illaqueare
2587 2381 2860 2443 quaerens
2897 2363 3099 2425 Jesum
3150 2362 3212 2423 iu
3260 2381 3563 2424 sermone.

1922 2452 2052 2512 Non
2084 2458 2174 2509 est
2203 2457 2398 2511 autem
2447 2452 2562 2513 hoc
2613 2451 2956 2525 verisimile,
3003 2452 3107 2513 sed
3153 2470 3361 2513 avarus
3392 2460 3563 2512 erat:

1926 2539 2205 2618 quoniam
2238 2546 2296 2599 et
2327 2540 2597 2602 Christus
2630 2560 2789 2622 eum,
2824 2543 2958 2622 quia
2990 2541 3121 2603 talis
3153 2554 3304 2621 erat,
3350 2541 3565 2618 arguit.

1925 2628 2159 2689 Etenim
2193 2638 2251 2690 et
2280 2629 2507 2692 Marcus
2537 2630 2681 2692 dicit
2726 2632 2879 2712 quod
2922 2632 3273 2709 accurrerit,
3311 2639 3366 2691 et
3411 2649 3566 2709 genu

1923 2717 2175 2793 ﬂexerit,
2233 2726 2290 2779 et
2347 2719 2749 2782 obsecraverit
2802 2720 3029 2800 .lesum,
3084 2728 3142 2780 et
3190 2720 3348 2799 quod
3397 2722 3568 2780 .lesus

1917 2805 2114 2885 ipsum
2164 2808 2487 2887 aspexerit,
2540 2816 2599 2870 et
2645 2808 2949 2871 dilexerit.
3002 2808 3184 2887 Igitur
3231 2808 3566 2870 divitiarum

1923 2905 2150 2958 amator
2174 2907 2297 2958 erat
2324 2898 2501 2958 homo
2530 2898 2655 2961 ille.
2701 2898 2950 2960 Accedit
2991 2907 3187 2960 autem
3233 2898 3305 2959 ad
3338 2899 3565 2971 Iesum,

1924 2985 2157 3046 discere
2186 2987 2435 3065 cupiens
2467 2988 2601 3046 457
2635 2987 2708 3048 de
2748 2987 2863 3048 vita
2911 2995 3151 3063 aeterna,
3205 2988 3466 3048 fortassis
3512 2996 3570 3047 et

1925 3074 1985 3133 in
2018 3076 2130 3136 hoc
2166 3075 2501 3137 divitiarum
2553 3083 2827 3139 sectator.
2883 3078 3043 3138 Nihil
3093 3076 3251 3137 enim
3305 3077 3381 3138 ita
3441 3076 3569 3137 vita:

1927 3163 2203 3242 cupidum
2239 3173 2349 3244 est,
2386 3173 2446 3225 ut
2478 3166 2655 3226 homo
2682 3166 2901 3227 divitiis
2921 3166 3187 3228 studens.
3222 3165 3568 3245 Suspicaba-

1912 3262 2022 3338 tur
2050 3252 2229 3332 igitur
2256 3254 2456 3317 Jesum
2490 3254 2890 3317 indicaturum
2922 3256 3037 3318 sibi
3078 3256 3317 3317 modum
3352 3274 3565 3336 quem-

1928 3341 2080 3420 piam
2129 3361 2243 3422 quo
2295 3343 2630 3405 divitiarum
2688 3346 3064 3425 possessione
3123 3353 3407 3425 perpetuo
3452 3344 3570 3413 frui

1927 3431 2130 3509 possit.
2170 3433 2479 3512 Postquam
2514 3442 2711 3494 autem
2738 3434 3022 3494 Dominus
3052 3434 3198 3495 dixit
3230 3434 3563 3495 divitiarum

1922 3518 2320 3598 abjectionem
2381 3522 2651 3582 conferre
2696 3522 2766 3583 ad
2818 3522 2989 3583 vitam
3040 3531 3343 3602 aiternam,
3403 3525 3567 3602 quasi

1923 3625 2087 3668 suam
2148 3610 2600 3689 reprehendens
2657 3610 3199 3690 interregalionem,
3247 3621 3305 3673 et
3353 3612 3569 3675 Christi

1922 3715 2298 3776 responsum,
2329 3700 2494 3760 abiit.
2532 3699 2668 3779 Ipse
2699 3702 2857 3761 enim
2893 3702 3030 3781 quia
3062 3701 3319 3762 habebat
3359 3703 3569 3762 multas

1923 3786 2436 3860 divitias,multum
2454 3789 2755 3869 quaerebat
2773 3789 2947 3850 vitam
2971 3792 3563 3870 perpetuam.\’eruin

1924 3894 2057 3936 cum
2115 3879 2574 3941 renuntiandum
2621 3887 2778 3939 esset
2824 3877 3090 3940 divitiis:
3146 3879 3285 3959 quid
3334 3898 3480 3957 opus
3513 3886 3572 3945 ei

1923 3974 2145 4026 aeterna
2178 3967 2316 4048 vita,
2348 3968 2450 4045 qui
2484 3985 2732 4047 pauper,
2766 3976 2829 4028 ut
2857 3967 3187 4041 videbatur,
3224 3978 3349 4029 erat
3375 3967 3566 4029 victu~

1924 4062 2071 4117 rus?
2102 4055 2358 4116 Proinde
2382 4056 2608 4117 accedit
2630 4056 2701 4117 ad
2720 4056 3022 4118 Christum
3049 4064 3110 4117 ut
3139 4057 3211 4116 ad
3236 4056 3565 4137 simplicem

1926 4143 2228 4205 hominem
2259 4155 2315 4205 et
2340 4144 2667 4206 doctorem.
2692 4146 2918 4207 Idcirco
2943 4153 3001 4207 et
3022 4147 3305 4208 Dominus
3328 4147 3571 4207 demon-

1927 4242 2119 4294 strans
2148 4233 2303 4312 quod
2337 4253 2452 4294 non
2503 4244 2772 4310 oporteat
2821 4244 2891 4295 ad
2941 4236 3133 4315 ipsum
3184 4236 3469 4297 accedere
3506 4244 3569 4296 ut

1928 4341 2139 4401 purum
2160 4321 2489 4397 hominem,
2524 4322 2667 4383 dixit
2701 4344 2713 4385 :
2755 4345 2781 4382 ι
2812 4324 3024 4385 Nullus
3048 4324 3259 4397 bonus,
3284 4325 3567 4386 nisiunus

1924 4410 2102 4473 Deus.
2159 4438 2180 4466 ο
2234 4412 2486 4485 Bonum,
2547 4411 2756 4493 inquit,
2816 4431 2909 4472 me
2963 4412 3180 4485 dixisti,
3245 4431 3350 4472 (ur
3396 4413 3570 4491 igitur

1924 4501 2219 4582 adjecisti,
2249 4501 2626 4582 Prazceptor‘?
2654 4502 2887 4564 Videris
2911 4502 3067 4563 enim
3103 4504 3256 4583 quod
3284 4522 3378 4564 me
3400 4506 3569 4583 quasi

1921 4611 2102 4652 unum
2150 4610 2220 4652 ex
2275 4591 2478 4653 multis
2510 4591 2748 4655 habeas.
2804 4592 2969 4663 Quod
3021 4592 3068 4652 si
3114 4592 3223 4671 sic,
3272 4612 3388 4652 non
3437 4614 3565 4653 sum

1922 4680 2138 4743 bonus.
2172 4679 2384 4742 Nullus
2418 4681 2576 4741 enim
2614 4681 2916 4742 hominum
2942 4680 3131 4742 bonus
3164 4683 3422 4760 proprie,
3456 4683 3573 4747 nisi

1921 4789 2075 4833 unus
2106 4770 2283 4832 Dens.
2303 4768 2467 4841 Quod
2492 4770 2541 4829 si
2567 4770 2784 4831 bonum
2812 4788 2906 4833 me
2929 4772 3133 4832 dicere
3164 4772 3266 4839 vis,
3295 4780 3356 4829 ut
3380 4773 3565 4833 Deum

1927 4879 2021 4921 me
2053 4860 2274 4921 bonum
2326 4860 2530 4920 dicas:
2584 4880 2656 4921 ne
2692 4860 2942 4921 accedas
2995 4868 3061 4921 ut
3113 4860 3184 4921 ad
3236 4860 3569 4940 simplicem

1923 4948 2249 5010 hominem.
2286 4948 2349 5011 Si
2384 4948 2542 5009 enim
2578 4968 2674 5009 me
2704 4967 3080 5012 communem
3115 4948 3431 5027 quemdam
3467 4950 3571 5010 ho-

1923 5039 2143 5101 minem
2179 5048 2369 5119 putas,
2419 5058 2493 5101 ne
2520 5057 2695 5100 voces
2726 5038 2972 5100 bonum.
3012 5038 3171 5099 Deus
3222 5038 3379 5098 enim
3431 5058 3569 5101 vere

1920 5127 2205 5196 bonus,et
2234 5129 2363 5189 fons
2388 5128 2753 5191 bonitatis.et
2784 5127 3141 5208 principium
3168 5126 3568 5190 substantialis

1921 5217 2239 5279 bonitatis:
2277 5237 2384 5278 nos
2418 5227 2613 5278 autem
2666 5217 2937 5277 homines
2980 5217 3119 5277 licet
3168 5216 3306 5277 boni
3356 5217 3563 5294 simus,

1919 5325 2035 5366 non
2065 5314 2261 5367 tamen
2289 5310 2553 5386 proprie,
2590 5307 2692 5366 sed
2720 5305 3044 5385 participes
3068 5305 3346 5367 bonitatis
3386 5305 3563 5382 illius,

1916 5396 2313 5475 promiscuam
2375 5395 2663 5456 habemus
2722 5395 3065 5468 bonitatem,
3130 5396 3569 5478 mutabilcsque

1918 5483 2319 5547 sumus.Nosti
2345 5494 2667 5566 praecepta:
2691 5484 2819 5546 Non
2837 5485 3562 5569 committesadulterium,

1918 5592 2038 5635 non
2065 5574 2327 5647 occides,
2363 5595 2481 5636 non
2511 5575 2720 5637 falsum
2766 5575 3172 5636 testimonium
3219 5576 3401 5649 dices,
3445 5585 3560 5639 etc.

1919 5662 2093 5728 Prius
2116 5664 2207 5726 lex
2234 5665 2471 5744 corrigit
2496 5684 2561 5726 ea
2590 5664 2648 5726 in
2670 5685 2801 5745 qua
2824 5665 2991 5726 facile
3017 5666 3313 5727 cadimus:
3351 5666 3567 5727 deinde
