4116 6212
189 343 360 410 1013
887 349 1330 411 ENAHHATIO
1377 350 1456 412 IN
1503 343 2005 410 EVANGELIUM
2054 343 2292 404 LUCE.
2350 378 2410 386 ——
2449 347 2608 406 CAP.
2659 346 2882 408 XVIII.
3438 336 3584 406 1014

175 482 251 537 τὰ
304 484 569 561 χρήματα
601 483 950 562 προεμένους,
997 483 1279 562 ἐπιτυχεῖν
1334 489 1439 538 τῶν
1483 483 1615 539 ἄνω.
1654 482 1848 536 Δύσκο-

1940 475 2197 562 assequi.
2226 474 2564 537 Etdiffiaile
2595 477 2836 556 quidem
2870 478 3006 540 hoc.
3040 476 3402 539 Tenaciores
3425 479 3583 537 enim

175 569 286 628 λον
337 560 516 646 μέντοι
546 560 702 628 τοῦτο
737 587 750 602 ⁸
811 560 943 637 ἰξοῦ.
976 572 1075 650 γὰρ
1131 560 1563 652 κολλητικώτερα
1605 571 1671 627 τὰ
1699 569 1847 648 χρή-

1932 560 2416 652 viscoadhaerent
2438 565 2797 644 pecuniae,et
2825 565 3071 629 difﬁcile
3102 565 3461 627 abstrahitur
3485 569 3582 646 qui

177 681 342 734 ματα
394 662 482 717 καὶ
554 658 820 726 δυσκόλως
883 649 1190 718 ἀποσπᾶται
1230 664 1258 718 6
1301 649 1510 725 τούτοις
1552 659 1846 739 συσχεθείς,

1932 668 1966 710 a
1996 649 2209 711 talibus
2230 661 2320 712 est
2341 654 2974 733 comprehensus.Non
3001 656 3183 742 multo
3207 667 3405 716 autem
3431 663 3581 735 post,

182 750 550 828 Παρακατιὼν
608 749 663 805 δὲ
707 751 795 806 καὶ
851 753 924 814 ὡς
981 749 1232 807 ἀδύνατον
1281 751 1407 807 αὑτὸ
1464 751 1662 828 τίθησι,
1723 751 1848 827 φησῖ

1935 737 2170 818 subjicit
2190 742 2486 821 quomodo
2503 741 2868 821 impossibile
2884 745 2982 807 sit:
3008 739 3150 805 dicit
3173 744 3332 806 enim
3358 743 3588 805 facilius

182 839 328 916 γὰρ,
390 838 764 918 Εὖκοπώτερόν
808 838 919 896 ἐστι
976 838 1221 914 κάμηλον
1265 838 1348 896 διὰ
1405 838 1694 919 τρυμαλιᾶς
1750 837 1848 914 ῥα-

1944 846 2077 890 esse
2099 831 2388 891 camelum
2416 850 2520 910 per
2544 832 2808 893 foramen
2830 851 2970 895 acus
3002 835 3243 914 intrare,
3279 852 3452 914 quam
3487 834 3585 895 di-

183 926 350 1007 φίδος
395 916 686 1001 εἰσελθεῖν,
733 929 768 998 ἣ
812 927 1064 986 πλούσιον
1106 931 1338 996 σωθῆναι
1375 945 1388 958 ⁸
1438 916 1700 985 -ὰδύνατον
1757 925 1848 1005 γὰρ

1941 916 2117 977 vitem
2159 919 2390 981 salvari.
2427 919 2800 999 Impossibile
2833 923 2992 982 enim
3029 931 3116 983 est
3152 924 3395 983 omnino
3428 925 3581 1002 quod

187 1006 420 1080 itaiwmc
467 1018 711 1094 κάμηλον
773 1016 858 1075 διὰ
900 1019 1245 1093 τρυπήματος
1291 1017 1526 1094 βελονίου
1583 1017 1848 1097 χωρῆσαι,

1941 1006 2232 1066 camelum
2266 1008 2455 1086 capiat
2489 1010 2752 1070 foramen
2777 1028 2918 1070 acus
2953 1032 2965 1071 :
3005 1014 3125 1071 sive
3161 1030 3264 1091 per
3291 1012 3582 1072 camelum

191 1106 320 1163 εἴτε
352 1108 414 1163 τὸ
442 1113 576 1177 ζῶον
604 1109 730 1166 αὐτὸ
773 1109 980 1178 νοήσεις
1039 1106 1309 1188 κάμηλον,
1343 1107 1456 1165 εἴτε
1485 1106 1711 1187 σχοῖνόν
1739 1127 1848 1162 τινα

1938 1093 2153 1154 animal
2187 1094 2505 1176 intelligas,
2532 1097 2656 1160 sive
2674 1099 2871 1159 funem
2891 1101 3188 1161 nauticum
3215 1118 3500 1163 crassum.
3524 1102 3586 1163 Si

186 1201 453 1264 ναυτικὴν
509 1210 774 1277 παχεῖαν.
838 1199 896 1254 Εἰ
958 1197 1046 1253 οὖν
1106 1182 1351 1272 κάμηλον
1407 1182 1720 1277 χωρηθῆναι
1765 1193 1848 1251 διὰ

1935 1182 2115 1261 igitur
2144 1184 2375 1246 facilius
2407 1187 2696 1247 camelum
2725 1205 2831 1270 per
2856 1188 3119 1249 foramen
3143 1207 3282 1250 acus
3308 1191 3580 1264 transire,

191 1286 550 1364 τρυπήματος
608 1284 844 1362 βελονίου
902 1286 1281 1365 εὔκοπώυερον,
1343 1286 1378 1354 ἢ
1427 1287 1674 1342 πλούσιον
1733 1306 1846 1340 σω·-

175 1379 378 1454 θῆναι,
422 1372 673 1432 ἀδύνατον
750 1373 805 1430 δὲ
891 1382 1070 1449 τοῦτο,
1142 1373 1518 1452 ἀδυνατότερον
1617 1373 1716 1452 ἄρα
1787 1375 1846 1429 τὸ

185 1468 434 1531 σωθῆναι
491 1463 766 1524 πλούσιον.
825 1465 885 1523 Τί
965 1465 1052 1521 οὖν
1137 1464 1278 1520 ἔστιν
1348 1467 1573 1539 simtu;
1629 1468 1844 1537 Πρῶτον

236 1554 254 1572 \
382 1552 424 1576 CV,
531 1552 579 1576 3‘.
631 1557 696 1576 Λδ
818 1553 844 1576 η
938 1575 947 1576 κ
994 1553 1019 1574 Ἰ
1079 1575 1083 1576 ,
1150 1570 1162 1576 _
1276 1553 1295 1576 λ
1352 1555 1364 1574 Ι
1607 1554 1652 1576 \,
1728 1551 1754 1574 ν

186 1554 322 1629 μὲν,
381 1552 460 1609 ὅτι
522 1552 731 1621 ἀληθῶς
786 1553 950 1619 οὕτως
994 1553 1113 1634 ἔχει
1149 1570 1162 1584 ⁸
1233 1553 1490 1610 πλούσιον
1564 1554 1663 1632 γὰρ
1720 1552 1844 1609 ὄντα

187 1641 451 1699 ἀδύνατον
509 1645 766 1710 σωθῆναι,
839 1643 926 1712 Μὴ
969 1644 1069 1722 γὰρ
1113 1665 1203 1717 μοι
1263 1643 1427 1720 εἴπῃς
1472 1641 1553 1698 ὅτι
1599 1645 1627 1698 6
1696 1639 1846 1697 δεῖνα

193 1731 454 1797 πλούσιος
521 1731 617 1807 ὢν,
673 1731 837 1789 ἐδίδου
897 1733 962 1790 τὰ
1013 1731 1302 1812 προσόντα,
1351 1734 1438 1789 καὶ
1491 1731 1671 1798 ἶεσώθη
1709 1748 1722 1762 ⁸
1789 1731 1847 1787 οὒ

1931 1290 2105 1352 quam
2130 1272 2340 1334 salvari
2377 1274 2649 1348 divitem,
2686 1271 3060 1354 impossibile
3085 1285 3282 1338 autem
3314 1278 3444 1357 hoc,
3481 1280 3586 1339 im~

1934 1360 2276 1440 possibilius
2298 1362 2475 1438 igitur
2497 1363 2707 1424 salvari
2723 1365 2987 1427 divitem.
3012 1365 3160 1437 Quid
3188 1366 3364 1444 igitur
3385 1367 3588 1428 dicen-

1931 1448 2371 1512 dum?Primum
2397 1451 2663 1532 quidem,
2691 1455 2844 1534 quod
2873 1473 3008 1516 vere
3025 1456 3110 1516 sic
3139 1456 3333 1525 habet,
3361 1458 3587 1537 impos-

1928 1537 2103 1599 sibile
2125 1540 2336 1600 salvari
2360 1559 2492 1601 eum
2514 1541 2614 1620 qui
2639 1543 2802 1603 dives
2816 1548 3060 1608 est.Nec
3077 1545 3233 1605 enim
3254 1546 3398 1606 mihi
3422 1545 3586 1606 dicas

1928 1627 2088 1704 quod
2121 1626 2375 1689 salvatus
2405 1629 2481 1689 sit
2507 1631 2671 1691 dives
2701 1632 2994 1712 quispiam
3027 1634 3128 1713 qui
3174 1653 3278 1694 sua
3307 1633 3577 1696 dederit:

1930 1733 2046 1776 non
2071 1716 2228 1777 enim
2252 1718 2416 1778 dives
2441 1718 2698 1780 salvatus
2722 1721 2944 1800 est,sed
2971 1723 3106 1801 quia
3129 1741 3354 1802 pauper
3373 1722 3581 1797 factus,

192 1823 300 1900 γὰρ
358 1805 611 1885 πλούσιος
677 1821 873 1896 ἐσώθη,
961 1805 1084 1877 ἀλλ’
1140 1822 1176 1890 ἢ
1259 1805 1515 1897 ἀκτήμων
1587 1820 1843 1898 γεγονὼς,

1933 1805 2074 1864 4'59
2103 1805 2191 1865 vel
2245 1805 2622 1885 dispensator
2671 1809 2938 1870 existens
2989 1821 3252 1872 servatus
3300 1819 3411 1884 est,
3465 1831 3583 1872 non

196 1911 236 1978 ἢ
283 1910 419 1975 τέως
449 1910 726 1986 οἰκονόμος
752 1912 827 1968 ὣν
856 1909 1052 1989 ἐσώθη,
1083 1913 1172 1966 καὶ
1214 1910 1337 1990 οὐχὶ
1357 1909 1628 1972 πλούσιος.
1664 1907 1852 1966 ’Άλλο

196 1999 301 2077 γὰρ
359 1999 640 2074 οἰκονόμος
687 2000 775 2063 καὶ
819 1997 951 2054 ἄλλο
994 1998 1244 2061 πλούσιος
1282 2014 1295 2028 ⁸
1343 1997 1594 2060 πλούσιος
1625 1997 1722 2072 μὲν
1753 1997 1853 2075 γάρ

195 2089 370 2163 ἐστιν,
415 2090 442 2144 6
473 2088 642 2161 ἐαυτῷ
677 2093 859 2167 τηφῶν
905 2089 996 2144 τὸν
1038 2086 1284 2160 πλοῦτον,
1318 2085 1599 2162 οἰκονόμος
1630 2083 1683 2140 δὲ
1714 2086 1742 2142 ό
1785 2084 1850 2141 δι⁹

196 2176 410 2256 ἐτέρους
477 2183 661 2233 τοῦτον
719 2176 1090 2256 ἐγχειρισθείς.
1171 2167 1354 2231 ’Ὥστε
1428 2177 1514 2230 καὶ
1598 2176 1642 2231 εἰ
1701 2177 1850 2238 οὗτος

193 2265 398 2341 ἐσώθη,
431 2266 492 2322 οὗ
515 2264 766 2327 πλούσιος
796 2265 998 2338 ἐσώθη,
1028 2263 1148 2320 ἀλλ’
1195 2264 1257 2344 ἢ,
1304 2267 1376 2327 ὡς
1408 2263 1634 2343 ἔφημεν,
1681 2265 1854 2320 πάντα

193 2355 640 2430 ἅποκτησάμενος
671 2353 704 2409 ἃ
733 2355 916 2434 εἶχεν,
950 2354 986 2422 ἢ
1034 2355 1106 2417 ὡς
1156 2353 1432 2429 οἰκονόμος
1485 2352 1664 2416 καλῶς
1723 2354 1854 2412 αὐτὰ

195 2442 581 2520 διατιθέμενος,
640 2443 879 2502 ’Ἔπειτα
927 2445 1015 2500 καὶ
1056 2464 1211 2500 τουτο
1268 2443 1480 2518 σκόπει,
1522 2466 1602 2523 ρτι
1633 2445 1724 2500 τὸν
1755 2445 1850 2520 μὶν

196 2532 453 2591 πλούσιον
530 2532 781 2591 ἀδύνατον
852 2536 1108 2612 σωθῆναι,
1190 2533 1280 2588 τὸν
1360 2531 1414 2588 δὲ
1470 2533 1536 2591 τὰ
1593 2534 1851 2612 χρήματα

198 2622 398 2702 ἔχοντα
440 2621 714 2704 δύσκολον,
777 2624 850 2687 ὡς
895 2623 958 2676 ἂν
1000 2624 1045 2678 εἰ
1087 2611 1292 2700 ἔλεγεν,
1343 2611 1400 2679 Ὀ
1457 2622 1556 2696 μὲν
1586 2611 1849 2702 ἐχόμενος

194 2714 297 2769 ὑπὸ
354 2719 460 2770 τῶν
514 2714 837 2793 χρημάτων,
883 2713 970 2772 καὶ
1013 2709 1272 2768 δουλεύων
1328 2715 1535 2782 αὐτοῖς,
1595 2714 1682 2768 καὶ
1713 2733 1850 2792 κρα-

198 2804 453 2877 τούμενος
487 2805 547 2858 οὐ
580 2803 899 2881 σωθήσεται,
949 2803 976 2857 6
1006 2799 1061 2858 δὲ
1093 2801 1238 2881 ἔχων
1271 2801 1336 2856 τὰ
1378 2803 1659 2880 χρήματα,
1689 2823 1848 2857 τουτ-

196 2893 332 2965 έστι,
371 2892 548 2966 κύριος
607 2892 778 2947 αὔτῶν
834 2890 932 2962 ὢν,
979 2892 1066 2947 καὶ
1120 2891 1273 2952 αὒτὸς
1334 2889 1477 2969 ἔχων
1521 2892 1707 2962 ταῦτα,
1755 2893 1849 2948 οὐκ

203 2981 462 3060 ἐχόμενος
495 2980 550 3036 δὲ
605 2978 694 3038 ὑπ’
757 2985 950 3058 αὐτῶν,
994 2979 1261 3042 δυσκόλως
1311 2982 1608 3049 σωθήσεται
1640 2978 1724 3035 διὰ
1749 2980 1848 3046 τὴν

1937 1893 2315 1957 dives.Aliud
2346 1896 2505 1956 enim
2536 1905 2626 1956 est
2653 1896 3051 1977 dispensator,
3078 1901 3238 1961 aliud
3272 1900 3455 1962 dives.
3492 1903 3586 1964 Di-

1935 1983 2205 2043 vesenim
2231 1983 2455 2064 est,qui
2485 1983 2596 2045 sibi
2629 1996 2894 2047 reservat
2924 1988 3183 2051 divitias:
3210 1989 3586 2068 dispensator

1936 2088 2096 2151 vero,
2123 2071 2219 2132 cui
2246 2074 2607 2136 concreditae
2630 2084 3020 2157 suntpropter
3041 2077 3290 2140 alios.Et
3310 2079 3390 2138 ita
3409 2079 3583 2140 etiam

1935 2159 2032 2220 hic
2061 2160 2112 2222 si
2147 2161 2400 2223 salvatus
2430 2172 2541 2237 est,
2578 2183 2695 2224 non
2739 2165 2905 2228 dives
2935 2167 3188 2228 salvatus
3216 2176 3326 2246 ost,
3361 2169 3490 2241 sed,
3525 2176 3588 2228 ut

1936 2249 2219 2327 diximus,
2258 2253 2342 2314 vel
2375 2254 2513 2330 quia
2537 2253 2813 2315 omnibus
2838 2257 3582 2337 renuntiavitquzehabuit,

1933 2338 2024 2399 vel
2057 2338 2196 2419 quia
2228 2342 2312 2402 uti
2345 2341 2722 2422 dispensator
2744 2345 2900 2404 bene
2926 2345 3051 2406 illas
3076 2346 3388 2406 distribuit.
3428 2345 3588 2406 Insu-

1937 2445 2044 2506 per
2076 2439 2134 2489 et
2160 2430 2272 2490 hoc
2299 2431 2730 2507 animadverte,
2769 2433 2926 2512 quod
2951 2433 3192 2496 divitem
3218 2435 3459 2515 quidem
3479 2436 3585 2496 im-

1937 2517 2219 2596 possibile
2250 2528 2338 2580 est
2370 2519 2622 2596 salvari;
2674 2521 2960 2600 pecunias
3002 2532 3194 2584 autem
3242 2524 3582 2599 habentem,

1934 2605 2180 2668 difﬁcile
2210 2623 2226 2681 ;
2259 2610 2424 2687 quasi
2461 2609 2688 2670 diceret
2729 2630 2742 2671 :
2777 2609 2885 2681 Qui
2920 2611 3173 2674 habetur
3203 2621 3259 2672 et
3291 2621 3524 2674 tenetur
3552 2633 3584 2673 a

1935 2695 2220 2773 pecuniis,
2258 2714 2326 2756 ac
2358 2697 2538 2757 servit
2583 2697 2693 2778 eis,
2731 2717 2848 2758 non
2900 2700 3220 2760 salvabitur
3251 2719 3263 2763 :
3317 2701 3414 2780 qui
3445 2719 3582 2764 vero

1934 2783 2222 2863 pecunias
2253 2783 2456 2858 habet,
2491 2786 2603 2847 hoc
2635 2795 2747 2858 est,
2793 2788 3071 2848 dominus
3117 2789 3348 2849 illarum
3381 2798 3492 2863 est,
3527 2799 3578 2849 et

1931 2873 2060 2952 ipse
2091 2872 2273 2934 habet
2301 2892 2424 2949 eas,
2451 2882 2508 2933 et
2531 2892 2648 2936 non
2681 2875 2934 2936 habetur
2957 2877 3032 2936 ab
3057 2879 3166 2952 eis,
3192 2879 3433 2938 difficile
3465 2881 3584 2939 sal-

1930 2961 2164 3021 vabitur
2183 2970 2425 3041 propter
2438 2963 2753 3024 humanam
2770 2964 3177 3027 infirmitatem
3191 2968 3584 3047 .lmpossibile

201 3050 531 3148 ἀνθρωπίνην
591 3069 884 3129 ἀσθένειαν.
938 3050 1220 3126 ἱΑδύναιτον
1268 3070 1368 3147 γὰρ
1425 3072 1502 3144 μὴ
1558 3069 1844 3147 παραχρή-

1933 3050 2091 3154 enim
2123 3059 2211 3111 est
2235 3051 2535 3154 nonabuti
2561 3052 2654 3112 his
2681 3072 2811 3132 qua:
2839 3053 3585 3154 habemusﬂuippequan-

200 3137 385 3215 σασθκι
429 3160 518 3224 οἷς
550 3159 753 3239 ἔχομεν
789 3179 801 3192 ·
837 3159 938 3224 ἕως
995 3160 1094 3237 γὰρ
1125 3137 1646 3238 ἔχομέκχρήματα,
1677 3137 1848 3216 σ’πὲὸυ-

1935 3137 2038 3198 diu
2070 3138 2356 3218 pecunias
2389 3139 2701 3212 habemus,
2741 3141 2980 3204 molitur
3009 3144 3281 3206 diabolus
3313 3163 3419 3208 nos
3439 3165 3581 3225 sup-

204 3245 343 3317 δᾶζει
401 3251 430 3303 6
485 3246 728 3312 διάϐολος
782 3247 1143 3319 ὑποσκελίζειν
1207 3250 1370 3323 ἡμᾶς,
1403 3249 1476 3310 εἰς
1507 3249 1566 3302 τὸ
1595 3246 1736 3324 παρὰ
1760 3247 1850 3302 τὸν

201 3337 418 3410 κανόνα,
479 3339 567 3393 καὶ
633 3339 723 3393 τὸν
775 3339 936 3414 νόμον
1002 3343 1100 3404 τῆς
1184 3339 1484 3413 οἰκονομίας
1547 3336 1851 3416 χρήσασθαί

203 3426 342 3482 ἔστιν
368 3425 480 3500 ὅτε,
527 3428 615 3482 καὶ
658 3425 908 3483 δύσκολον
964 3425 1216 3507 ἐκφυγεῖν
1264 3428 1357 3490 τὰς
1409 3425 1634 3504 παγίδας
1666 3427 1844 3488 αὐτοῦ.

203 3517 296 3573 ,ιιά
352 3522 506 3572 τοῦτο
548 3514 711 3572 καλὸν
765 3517 798 3583 ἡ
857 3515 1207 3595 ἀχρημοσύνη
1259 3517 1350 3572 καὶ
1399 3513 1594 3595 σχεδὸν
1624 3516 1850 3592 ἀπείραο

199 3627 342 3663 στον.
399 3607 571 3662 Εἶπον
601 3603 679 3684 δὲ,
713 3605 893 3685 φησὶν,
924 3609 971 3661 οἱ
1017 3605 1332 3669 ἀκούσαντες
1365 3622 1380 3638 ⁸
1429 3607 1517 3668 Τίς
1549 3603 1647 3684 ἄρα
1688 3603 1845 3660 δύνα-

198 3716 279 3750 ται
311 3697 544 3760 σωθῆναι
584 3710 601 3769 ;
634 3685 691 3752 Ὀ
722 3692 778 3749 δὲ
809 3695 934 3750 εἶπε
974 3712 988 3728 ⁸
1040 3718 1067 3749 α
1101 3696 1178 3751 Τὰ
1221 3692 1446 3751 ἀδύνατα
1480 3696 1622 3774 παρὰ
1650 3693 1848 3772 ἀνθρώο

200 3806 344 3864 ποις,
398 3781 588 3841 δυνατὰ
645 3784 788 3862 παρὰ
837 3791 914 3858 τῷ
972 3791 1110 3857 Θεῷ,
1178 3807 1205 3839 n
1262 3785 1409 3863 Πάρὰ
1457 3785 1554 3859 μὲν
1599 3784 1697 3862 γὰρ
1724 3795 1843 3846 τοῖς

202 3872 525 3952 ἀνθρωπίνην
591 3873 814 3951 γνώμην
867 3873 1104 3952 ἔχουσιν,
1150 3871 1266 3940 ἤτοι
1310 3873 1456 3933 κάτω
1508 3871 1840 3952 συρομένοις,

201 3963 285 4017 καὶ
340 3962 648 4038 ἐπιθυμούσι
693 3963 796 4017 τῶν
825 3963 1056 4039 γηίνων,
1102 3960 1354 4018 ἀδύνατόν
1413 3962 1522 4018 ἐστι
1581 3965 1842 4042 σωθῆναι,

203 4054 272 4114 ὡς
318 4050 554 4130 εἴρηται,
615 4051 758 4129 παρὰ
813 4047 866 4106 δέ
925 4056 1042 4124 Θεῷ
1096 4049 1333 4125 δυνατὸν,
1393 4051 1683 4124 τουτέστιν,
1717 4050 1841 4107 ὅταν

1934 3226 2219 3306 plantare,
2257 3246 2328 3289 ne
2363 3229 2568 3306 regula
2617 3231 3081 3311 dispensationis
3110 3244 3275 3296 recte
3323 3245 3580 3298 utamur.

1933 3323 1995 3377 et
2018 3314 2261 3378 difficile
2279 3329 2373 3378 est
2387 3319 2648 3396 effugere
2662 3322 2791 3397 ejus
2808 3321 3074 3401 laqueos;
3101 3333 3416 3404 propterea
3432 3325 3586 3386 bona

1933 3413 2022 3465 est
2038 3413 2452 3485 paupertas,et
2473 3409 2642 3487 quasi
2660 3410 2984 3472 tentatione
2999 3414 3585 3492 superior.Dixerunt

1931 3502 2155 3583 autem,
2182 3493 2394 3574 inquit,
2419 3495 2476 3555 hi
2512 3497 2612 3576 qui
2643 3498 2952 3559 audierant
2981 3520 2993 3561 :
3031 3502 3172 3574 Quis
3204 3503 3380 3582 igitur
3413 3513 3581 3583 pote-

1931 3583 2007 3673 rit
2036 3582 2284 3673 salvari?
2315 3586 2395 3644 At
2424 3584 2526 3645 ille
2565 3585 2747 3648 dixit:
2787 3610 2810 3643 α
2848 3587 2988 3659 Quae
3017 3582 3580 3673 impossibiliaapud

1931 3670 2206 3734 homines
2236 3681 2394 3748 sunt,
2431 3675 2740 3753 possibilia
2769 3689 2906 3739 sunt
2952 3683 3105 3759 apud
3159 3685 3366 3744 Deum.
3411 3709 3433 3738 υ
3464 3670 3580 3756 Ὀυὶ

1932 3760 2088 3820 enim
2122 3761 2342 3822 habent
2371 3772 2632 3823 mentem
2668 3765 2982 3828 humanam
3033 3788 3162 3849 quae
3196 3772 3264 3832 ad
3306 3773 3582 3834 inferiora

1926 3849 2230 3943 vergittet
2259 3859 2498 3912 terrena
2538 3853 2865 3930 desiderat,
2901 3858 3109 3919 salvari
3159 3880 3274 3920 non
3308 3872 3576 3943 possunt,

1929 3939 2080 3999 sicut
2113 3939 2332 4000 dictum
2382 3950 2490 4002 est.
2545 3945 2668 4005 Deo
2718 3957 2914 4006 autem
2968 3949 3270 4026 possibile,
3308 3939 3437 4011 vhoc
3469 3959 3577 4022 est,

1927 4029 2166 4108 quando
2200 4031 2335 4110 quis
2359 4031 2760 4093 consiliarium
2789 4035 2966 4097 habet
2986 4037 3197 4113 Deum,
3225 4039 3582 4118 etjustifica-
3665 4102 3667 4104 .

203 4163 279 4204 τις
316 4137 612 4214 σύμϐουλον
666 4138 774 4217 ἔχῃ
818 4141 909 4195 τίιν
966 4142 1120 4212 Θεὸν,
1171 4141 1350 4195 καὶτὰ
1381 4137 1712 4214 δικαιώματα
1752 4146 1845 4195 τοῦ

1932 4117 2123 4217 tiones
2153 4119 2283 4228 Dei,
2321 4129 2380 4180 et
2406 4121 2686 4218 mandata
2718 4125 2977 4203 Magistri
3005 4128 3079 4189 de
3111 4117 3451 4208 paupertate
3483 4149 3581 4189 su-

205 4230 353 4303 Θεοῧ,
381 4208 498 4285 ’καὶ
553 4229 645 4291 τὰς
696 4208 817 4307 περὶ
875 4208 1262 4308 ἀχρημοσύνης
1315 4226 1531 4293 ἐντολὰς
1571 4208 1846 4287 *διδασκά-

1932 4208 2193 4286 scipit,et
2215 4208 2374 4269 illius
2402 4209 2634 4272 invocat
2657 4214 2938 4275 auxilium
2963 4237 2978 4291 ;
3006 4217 3286 4296 possibile
3311 4219 3467 4279 enim
3494 4225 3582 4278 est

1932 4296 2039 4318 ιη
2105 4295 2276 4318 ..τ-*μ
2361 4317 2366 4318 ί
2611 4299 2663 4318 ν.
2860 4303 2891 4318 .,
2967 4303 2978 4318 .
3244 4307 3347 4318 η.
3467 4314 3475 4318 .

203 4317 317 4380 λους
380 4316 541 4393 λάϐῃ,
587 4318 674 4374 καὶ
704 4320 803 4383 τὴν
847 4295 966 4396 παρ’
1021 4316 1220 4374 ἐκείνου
1263 4316 1578 4374 ἑπικαλοϊτο
1625 4319 1844 4373 ἒπικου-

1932 4296 2067 4357 hoc.
2104 4295 2378 4357 Nostrum
2430 4306 2518 4358 est
2571 4299 2728 4359 enim
2779 4303 2934 4364 velle
2966 4295 3211 4387 bonum,
3244 4307 3350 4368 Dei
3383 4314 3576 4367 autem

1938 4385 2221 4408 HJ.--“
2283 4385 2554 4408 η.
2844 4391 2894 4408 ..
3043 4405 3050 4408 .
3337 4397 3350 4408 .
3431 4397 3441 4408 .

1149 4409 1304 4483 ἡμῶν
1357 4407 1452 4482 μὲν
1503 4407 1601 4484 γάρ
1646 4407 1757 4462 ἐστι
1786 4408 1846 4461 τὸ

1936 4385 2248 4466 perﬁcere.
2281 4385 2352 4446 Et
2383 4388 2556 4447 aliter
2593 4408 2606 4450 :
2656 4389 2707 4450 si
2755 4391 2996 4470 quidem
3039 4384 3582 4458 trans’cenderimus

204 4495 418 4564 θελῆσαι
477 4498 537 4552 τὸ
618 4495 836 4574 ἀγαθὸν,
925 4504 1055 4554 Θεοῦ
1140 4494 1194 4552 δέ
1270 4499 1332 4552 τὸ
1385 4493 1690 4556 τελειῶσαι.
1755 4496 1848 4552 Καὶ

1933 4474 2254 4536 humanam
2273 4474 2431 4535 illam
2448 4475 2852 4542 infirmitatem
2869 4481 3204 4548 divitum.et
3222 4486 3580 4547 voluerimus

212 4585 377 4649 ἄλλως
437 4584 491 4642 δὲ
554 4586 707 4665 εἴπερ
790 4583 1208 4660 ὒπεραναϐάθτες
1295 4592 1466 4641 πᾶσαν
1519 4584 1848 4662 ἀνθρωπίνην

1934 4563 2106 4624 nobis
2126 4564 2326 4625 facere
2351 4565 2575 4626 amicos
2598 4584 2669 4626 ex
2696 4587 3036 4634 mammona
3055 4575 3377 4654 injustitiae,
3400 4575 3582 4634 salva-

209 4676 290 4730 ἐπὶ
328 4682 404 4748 τῷ
434 4673 648 4749 πλούτῳ
679 4651 1062 4753 μικροψυχίαν,
1120 4673 1414 4749 θελήσομεν
1472 4651 1652 4752 φίλοτς
1707 4673 1848 4744 ἡμῖν

1932 4651 2129 4713 bimur
2147 4671 2252 4733 per
2271 4663 2459 4728 eas,et
2475 4655 2836 4736 recipiemur
2858 4659 2915 4720 in
2938 4651 3157 4724 mtern'a
3178 4665 3574 4726 tabernacula.

205 4408 330 4485 ρέαν,
407 4405 625 4463 δυνατὸν
678 4407 824 4463 ἔσται
882 4414 1038 4465 τοῦτο
1073 4427 1088 4443 ⁸

211 4763 386 4828 αὖτοὺς
444 4765 659 4830 ποιῆσαι
692 4766 752 4819 ὲκ
798 4770 888 4820 τοῦ
919 4771 1148 4839 μαμωνᾶ
1177 4763 1272 4830 τῆς
1319 4762 1546 4837 ἀδικίας,
1601 4762 1850 4829 σωθησό-

210 4856 357 4928 μεθα,
396 4851 484 4908 ὑπ’
543 4853 712 4908 αὐτῶν
772 4855 845 4916 εἰς
888 4854 983 4916 τὰς
1029 4855 1268 4916 αἰωνίους
1299 4854 1501 4920 σκηνὰς
1559 4873 1852 4928 παραπεμ-

210 4941 443 5014 πόμενοι.
513 4939 725 4996 Βέλτιον
782 4941 879 5015 μὲν
935 4943 1034 5018 γὰρ
1083 4941 1172 4997 ἐὰν
1229 4943 1400 5001 πάντα
1443 4942 1750 5021 προώμεθα,
1810 4943 1853 4996 εἰ

206 5027 254 5083 δὶ
309 5029 384 5104 μὴ
441 5028 638 5103 πάντα,
687 5032 1044 5107 συμμεριστὰς
1077 5031 1202 5108 γοῦν
1255 5038 1478 5100 ποιῆσαι
1511 5033 1634 5094 τοὺς
1678 5031 1848 5098 πένη-

205 5139 318 5198 τας,
377 5120 464 5174 καὶ
518 5119 686 5182 οὕτως
737 5121 798 5174 τὸ
841 5117 1090 5175 ἀδύνατον
1147 5118 1361 5178 δυνατὸν
1408 5122 1629 5198 γίνεται.
1690 5118 1848 5176 Ἀδύ-

207 5230 349 5265 νατον
407 5208 503 5283 μὲν
553 5209 654 5286 γὰρ
709 5211 801 5265 τὸν
856 5208 934 5284 μὴ
1001 5207 1175 5264 πάντα
1235 5209 1528 5286 προέμενον
1587 5212 1845 5284 σωθῆναι,

206 5297 331 5365 πλὴν
387 5297 471 5354 διὰ
514 5298 909 5377 φιλανθρωπίαν
971 5305 1105 5356 Θεοῦ
1147 5300 1346 5374 γίνεται
1392 5300 1483 5354 καί
1525 5300 1587 5355 τό
1618 5304 1848 5374 μερικῶς

211 5385 506 5461 μεταδοῦναι
561 5389 634 5450 εἰς
711 5387 971 5462 ὠφέλειαν
1045 5385 1331 5463 ἀνάλογον.
1394 5389 1531 5464 Πρὸς
1588 5388 1751 5442 ταῦτα
1822 5389 1850 5442 6

212 5475 386 5553 Πέτρος
454 5476 628 5552 ἐρωτᾷ
663 5491 677 5506 ⁸
741 5474 874 5533 Ἰδοὺ
927 5478 1088 5551 ἡμεῖς
1146 5475 1427 5556 ἀφήκαμεν
1477 5477 1650 5535 πάντα
1687 5493 1702 5510 ⁸
1762 5473 1850 5532 καὶ

207 5565 359 5639 ἐρωτᾷ
417 5565 520 5644 οὔχ
591 5566 723 5642 ὑπὲρ
795 5567 980 5622 ἑαυτοῦ
1053 5565 1237 5639 μόνον,
1301 5564 1438 5621 ἀλλὰ
1491 5567 1621 5644 πρὸς
1675 5586 1848 5642 παρα-

206 5654 370 5726 μυθῖαν
416 5655 630 5711 πέντων
718 5662 824 5711 τῶν
896 5657 1164 5725 πενήτων.
1257 5645 1380 5711 Ἵνα
1473 5657 1573 5733 γὰρ
1645 5653 1722 5729 μὴ
1803 5655 1848 5706 οἳ

1934 4743 2066 4805 Non
2101 4742 2312 4804 melius
2341 4742 2580 4823 quidem
2632 4745 2808 4807 fuerit
2851 4751 3154 4813 dimittere
3195 4754 3432 4824 omnia;
3470 4755 3580 4813 hoc

1933 4840 2128 4893 autem
2161 4833 2212 4891 si
2231 4833 2449 4907 minus,
2475 4834 2681 4894 saltem
2707 4837 2902 4898 facere
2926 4843 3235 4920 partiarios
3264 4861 3576 4922 pauperes,

1934 4929 1992 4981 et
2009 4921 2093 4982 sic
2119 4920 2490 5002 impossibile
2514 4923 2616 4985 fiet
2635 4920 3324 5011 possibileJmpossibiIe
3338 4932 3578 5012 quidem

1938 5018 2094 5072 esset
2126 5029 2244 5071 non
2269 5012 2548 5073 omnibus
2580 5013 2843 5077 dimissis
2875 5019 3114 5094 salvari,
3140 5040 3340 5082 verum
3385 5031 3579 5082 tamen

1933 5111 1990 5162 et
2027 5110 2114 5161 est
2146 5111 2386 5182 propter
2411 5103 2884 5166 misericordiam
2911 5107 3038 5188 Dei,
3059 5111 3104 5169 si
3132 5119 3326 5189 partes
3349 5109 3582 5171 dederi-

1935 5211 2064 5252 mus
2100 5191 2158 5252 in
2179 5210 2348 5252 usum
2373 5211 2722 5270 congruum.
2751 5195 2838 5255 Ad
2860 5195 2985 5259 haec
3003 5198 3217 5260 Petrus
3235 5199 3579 5275 interrogat:

1934 5280 2084 5343 Ecce
2119 5300 2225 5341 nos
2255 5281 2604 5361 reliquimus
2628 5284 2852 5345 omnia.
2884 5290 3212 5366 Interrogat
3241 5297 3436 5348 autem
3466 5306 3580 5347 non

1935 5389 2039 5450 pro
2073 5391 2135 5432 se
2169 5372 2428 5447 solo,sed
2465 5372 2536 5432 ad
2564 5376 3033 5436 consolationem
3060 5379 3323 5438 omnium
3353 5399 3577 5456 paupe-

1934 5459 2345 5523 rum.Utenim
2374 5479 2489 5520 non
2514 5461 2624 5520 soli
2662 5463 2871 5523 divites
2898 5466 3109 5526 bonam
3137 5485 3304 5547 spem
3327 5466 3581 5528 habeant

1930 5567 1994 5610 se
2028 5550 2206 5611 multa
2253 5560 2706 5623 consecuturos,
2740 5554 2841 5632 qui
2898 5555 3154 5618 multum
3206 5556 3576 5636 reliquerint,

1932 5655 2220 5716 pauperes
2246 5648 2438 5701 autem
2473 5660 2708 5722 parvam
2745 5661 2909 5723 spem
2941 5644 3377 5725 habeant,quod
3403 5664 3583 5726 patir-:1
