4116 6212
436 322 581 392 1095

1155 324 1596 390 ΕΝΑΗΗΑΤΙΟ
1643 326 1717 389 ΙΝ
1767 325 2091 389 EVANGE]

2177 318 2270 385 UM
2312 322 2547 387 LUCJ'I.
2597 359 2672 370 -—-
2718 322 2882 388 CAP.
2935 322 3092 386 XIX.

3670 318 3821 389 t0'2l3

431 460 630 517 καθίσει
690 459 744 513 ἐν
801 456 940 530 δεξιᾷ
992 458 1086 513 τοῦ
1168 459 1350 538 θρόνου
1433 458 1530 525 τῆς
1587 456 1973 537 μεγαλωσύνης
2042 459 2091 513 ἐν

2182 457 2378 517 throni
2409 456 2860 530 magnificentia:
2879 457 2935 517 in
2962 458 3209 519 excelsis
3235 460 3826 522 cumcarne.Etenim

433 547 677 624 ὑψηλοῖς
737 549 871 624 μετὰ
915 548 1133 628 σαρκός.
1182 540 1275 613 (Ως
1335 550 1431 622 μὲν
1480 549 1580 629 γὰρ
1642 551 1795 628 Θεὸς,
1842 548 1921 605 ἀεὶ
1966 571 2091 605 συν-

432 637 683 717 εδριάζων
727 638 791 705 ἦν
822 639 898 712 τῷ
956 640 1138 717 Πατρὶ,
1201 640 1275 700 ὡς
1329 636 1384 693 δὲ
1413 637 1686 716 ἅνθρωπος
1730 641 1849 695 τότε
1911 637 2092 694 ἐκάθι-

432 750 547 804 σεν,
609 725 735 782 ὅταν
788 725 1058 806 ἀνελήνρθη
1117 726 1436 805 περιμένων,
1494 726 1594 791 ἕως
1654 728 1712 783 οὗ
1783 730 2002 784 τεθῶσιν
2047 731 2090 783 οἱ

434 817 616 896 ἐχθροὶ
672 817 774 872 ὑπὸ
837 817 957 877 τοὺς
1002 814 1166 878 πόδας
1226 820 1405 880 αὐτοῦ,
1452 826 1617 876 Τοῦτο
1646 815 1701 873 δὲ
1746 816 1889 874 ἔσται
1928 817 1983 872 ἐν
2025 822 2091 892 τῇ

432 904 724 977 συντελείᾳ,
784 904 870 961 ὅτε
929 906 993 961 τὰ
1050 908 1221 962 πάντα
1282 910 1377 963 καὶ
1432 906 1627 963 ἄκοντα
1695 908 2090 984 ὑποταγήσεται

436 997 579 1068 αὖτῷ
637 994 1013 1066 πιστεύσαντα,
1072 994 1153 1052 ὅτι
1218 997 1403 1075 Κύριος
1464 994 1671 1063 Ἰησοῦς
1743 999 1963 1074 Χρισ-ὸς
2021 998 2093 1061 εἷς

432 1083 584 1148 δόξαν
632 1090 764 1139 Θεοῦ
822 1084 1047 1162 Πατρός.
1100 1083 1322 1140 Πολϊται
1365 1084 1419 1141 δὲ
1466 1087 1624 1142 αὐτοῦ
1668 1086 1796 1141 εἰσιν
1854 1086 1901 1141 οἱ
1955 1082 2090 1143 Ἰου-

434 1171 575 1229 δαῖοι
638 1181 915 1247 μισοῦντες
975 1174 1155 1231 αὐτόν.
1224 1164 1521 1251 Ἐωράκασι
1593 1175 1714 1253 γὰρ,
1763 1177 1947 1249 φησὶν,
2006 1167 2093 1230 καὶ

441 1262 772 1337 μεμισήκασι
817 1263 904 1317 καὶ
974 1260 1091 1336 ἐμέ,
1166 1264 1252 1318 καὶ
1322 1264 1412 1318 τὸν
1466 1263 1669 1342 Πατέρα
1714 1287 1841 1339 μου,
1888 1266 1943 1320 οἳ
1999 1267 2094 1322 οὐκ

436 1349 705 1417 ἠθέλησαν
738 1352 893 1407 αὐτὸν
950 1350 1034 1407 ἐπ’
1078 1352 1263 1413 αὐτοὺς
1322 1351 1650 1428 βασιλεῦσαι.
1688 1355 1781 1408 Διὸ
1824 1354 1910 1409 καὶ
1967 1352 2090 1408 ἔλε-

437 1463 533 1518 γον
577 1442 710 1518 πρὸς
776 1438 1002 1496 Βιλάτον
1060 1440 1368 1519 ἀρνούμενοι
1424 1442 1520 1509 τὴν
1578 1440 1848 1517 βασιλείαν
1879 1442 2035 1499 αὒτοῦ
2070 1457 2083 1472 ⁸

442 1549 469 1586 ε
505 1528 839 1608 Οὖκέχομεν
870 1529 1152 1605 βασιλέα⁶›
1182 1533 1269 1586 καὶ
1301 1530 1483 1586 πάλιν⁹
1514 1552 1537 1587 ε
1577 1532 1665 1598 Μὴ
1691 1533 1881 1612 γράφε,
1912 1524 1968 1589 Ὀ
1998 1534 2092 1609 βα-

436 1618 612 1680 σιλεὺς
645 1625 749 1674 τῶν
789 1616 1067 1678 Ἰουδαίων.
1108 1642 1133 1673 ιι
1173 1619 1352 1677 Καίτοι
1384 1620 1650 1699 Ζαχαρίας
1702 1622 1823 1697 βοᾷ·
1863 1644 1885 1675 α
1924 1629 2089 1699 Χαῖρε

436 1705 655 1787 σφόδρα,
687 1708 911 1785 θύγατερ
967 1709 1133 1780 Σιὼν,
1185 1708 1266 1797 ὅτι
1315 1708 1569 1773 Βασιλεύς
1620 1733 1712 1768 σου
1737 1710 1954 1791 ἔρχεταί
2009 1733 2089 1767 σοι
2117 1751 2151 1797 Β

434 1796 649 1872 δίκαιος,
700 1798 788 1853 καὶ
819 1797 1029 1867 σώζωνο
1071 1822 1094 1849 ιι
1130 1799 1220 1854 καὶ
1253 1789 1502 1861 Ἠσαίας·
1552 1820 1569 1853 l
1603 1798 1732 1856 Ἰδοὺ
1763 1799 1815 1855 δὲ
1848 1798 2091 1875 βασιλεὺς

433 1884 628 1949 δίκαιος
656 1884 982 1961 βασιλεύσει·
1016 1911 1040 1940 n
1077 1890 1163 1943 καὶ
1224 1885 1381 1942 Δαυίδ
1430 1911 1451 1942 ε
1505 1888 1650 1965 Ἐγὼ
1679 1887 1732 1944 δὲ
1763 1890 2091 1956 κατεστάθην

433 1974 677 2049 βασιλεὺς
723 1972 811 2031 ὑπ’
858 1979 1035 2037 αὐτοῦ.
1072 1996 1120 2034 -ι
1155 1978 1213 2033 Οἱ
1274 1975 1371 2050 μὲν
1432 1980 1520 2032 οὗν
1552 1976 1800 2033 ’[ουδαῖοι
1833 1978 2090 2049 ἐμίσησαν

433 2065 524 2119 τὸν
582 2067 789 2143 Κύριον,
842 2067 869 2120 ὁ
925 2063 976 2119 δὲ
1035 2078 1153 2128 τοῖς
1208 2062 1413 2130 δούλοις
1458 2070 1615 2124 αὐτοῦ
1662 2064 1785 2122 δέκα
1821 2073 1952 2141 μνᾶς
1996 2065 2087 2123 δέ·

434 2149 593 2213 δωκε,
626 2154 810 2209 Δοῦλοι
853 2151 908 2207 δὲ
954 2154 1108 2208 αὐτοῦ
1152 2152 1198 2207 οἷ
1243 2152 1295 2208 ἐν
1362 2158 1430 2229 τῇ
1471 2151 1763 2225 Ἐκκλησία
1820 2153 2090 2217 διακονίας

436 2239 865 2313 πεπιστευμένοι,
911 2238 1037 2297 δέκα
1078 2240 1357 2318 λεγόμειοι
1427 2241 1594 2315 εἶναι,
1647 2240 1729 2297 διὰ
1771 2244 1832 2298 τὸ
1886 2242 2090 2300 τέλειον

434 2332 531 2396 τῆς
584 2328 1035 2397 ἐκκλησιαπικῆς
1066 2332 1413 2409 προστασίας,
1449 2321 1512 2386 Ἠ
1564 2332 1664 2411 γὰρ
1722 2331 1775 2387 ἐν
1824 2338 1893 2408 τῇ
1959 2331 2087 2390 Ἐκ-

436 2415 632 2489 κλησὶᾳ
674 2414 818 2481 τάξις
904 2417 1107 2474 τελείαν
1190 2418 1314 2498 ἔχει
1393 2421 1486 2488 τὴν
1560 2423 1668 2475 τῶν
1741 2422 2089 2499 προεστώτων

438 2502 812 2580 διακόσμησιν,
857 2508 945 2561 καὶ
997 2504 1113 2562 οὔτε
1144 2506 1393 2571 πλείονας
1426 2506 1529 2564 ἔδει
1576 2508 1741 2587 εἶναι,
1777 2508 1894 2565 οὔτε
1924 2508 2086 2566 ἐλάτ-

436 2615 615 2657 τονας.
663 2594 819 2667 Οἶον,
867 2592 1028 2670 λόγου
1071 2596 1255 2676 χάριν,
1309 2598 1425 2676 τρία
1469 2607 1631 2656 ταῦτα
1663 2598 1871 2677 ὁρῶμεν
1922 2598 1977 2654 ἐν
2019 2605 2087 2675 τῇ

438 2682 752 2755 Ἐκκλησία,
787 2682 1059 2762 κάθαρσιν,
1120 2688 1415 2764 φωτισμὸν,
1475 2688 1563 2744 καὶ
1592 2686 1862 2743 τελείωσιν
1896 2705 1910 2719 ⁸
1972 2690 2086 2768 τρία

438 2775 527 2829 καὶ
573 2774 638 2829 τὰ
694 2773 884 2838 ταύτας
915 2775 1008 2836 τὰς
1061 2773 1321 2853 ἐνεργείας
1372 2775 1760 2854 κληρωσάμενα
1789 2779 2034 2856 τάγματα
2067 2795 2081 2808 ⁸

439 2865 486 2919 οἰ
547 2860 779 2919 διάκονοι
840 2862 1137 2940 καθαίρουσι
1208 2861 1292 2918 διὰ
1354 2866 1716 2943 κατηχήσεως
1782 2868 1867 2923 καὶ
1937 2865 2085 2922 διδα-

442 2948 684 3029 σκαλίας,
759 2952 807 3006 οἱ
889 2948 1229 3027 πρεσϐύτεροι
1280 2954 1563 3032 φωτίζοοσι
1629 2952 1712 3009 διὰ
1763 2961 1855 3010 106
1896 2956 2088 3031 βαπτί-

440 3060 663 3115 σματος,
744 3041 790 3095 οἱ
848 3037 1119 3118 ἀρχιερεῖς
1204 3042 1292 3096 καὶ
1366 3042 1630 3119 ἱερατικὰς
1704 3041 1875 3107 τάξεις
1931 3046 2087 3099 καθι-

2177 545 2329 606 sicut
2357 549 2781 625 Deus,semper
2811 546 3130 607 considens
3152 546 3264 608 fuit
3284 548 3627 611 Patri:sicut
3651 551 3826 612 homo

2176 644 2367 695 autem
2407 645 2543 695 tunc
2583 636 2755 705 sedit,
2791 635 3025 715 quando
3070 645 3406 716 assumptus
3437 647 3544 711 est,
3585 658 3827 718 perma-

2180 743 2327 783 nens.
2358 724 2547 785 donec
2584 732 2874 802 ponantur
2897 724 3123 785 inimici
3157 725 3287 803 ejus
3320 725 3428 786 sub
3461 729 3644 806 pedes
3672 730 3825 805 ejus.

2176 809 2297 871 Hoc
2329 819 2523 871 autem
2585 810 2698 872 erit
2757 812 2812 871 in
2846 815 3375 884 consummatione,
3420 815 3657 893 quando
3690 836 3824 876 om-

2178 900 2270 960 nia
2300 900 2476 960 etiam
2527 919 2657 980 qua:
2709 902 2936 973 nolunt,
2971 900 3366 980 subjicientur
3411 904 3485 973 ei,
3518 906 3824 967 credentia

2176 988 2330 1068 quod
2367 986 2653 1049 Dominus
2678 986 2852 1050 Jesus
2881 988 3153 1050 Christus
3183 989 3240 1049 in
3266 990 3449 1068 gloria
3480 993 3582 1053 Dei
3612 992 3816 1054 Patris.

2177 1076 2342 1139 Cives
2374 1090 2571 1138 autem
2604 1081 2734 1155 ejus
2766 1086 2904 1138 sunt
2933 1078 3141 1150 .ludzei,
3169 1078 3306 1139 odio
3330 1079 3821 1143 habentesillum.

2181 1164 2469 1227 Viderunt
2500 1168 2678 1241 enim,
2708 1168 2920 1247 inquit,
2947 1177 3005 1228 et
3034 1168 3170 1229 odio
3204 1167 3539 1231 habuerunt
3567 1179 3828 1245 etme,et

2177 1257 2408 1317 Patrem
2451 1275 2670 1330 meum,
2719 1264 2775 1317 et
2825 1258 3146 1318 noluerunt
3198 1276 3330 1318 eum
3381 1277 3561 1339 super
3607 1278 3671 1319 se
3721 1280 3817 1320 re-

2174 1363 2354 1423 gnare
2405 1366 2418 1407 :
2468 1345 2626 1406 unde
2663 1354 2721 1406 et
2762 1345 3039 1406 dicebant
3085 1346 3154 1407 ad
3209 1347 3481 1418 Pilatum,
3544 1358 3826 1427 negantes

2173 1434 2420 1511 regnum
2452 1436 2620 1513 ejus:
2653 1459 2674 1488 α
2705 1434 2830 1495 Non
2865 1435 3147 1495 habemus
3181 1454 3406 1513 regem;
3439 1462 3463 1491 ι)
3494 1446 3551 1497 et
3580 1437 3821 1500 iterum:

2179 1547 2205 1577 α
2238 1522 2320 1583 Ne
2353 1525 2598 1596 scribas,
2659 1525 2779 1585 Rex
2821 1523 3179 1585 .ludzeorum.
3218 1550 3238 1579 ιι
3292 1525 3569 1596 Quamvis
3598 1526 3821 1587 Zacha-

2174 1612 2289 1672 rias
2320 1612 2515 1673 dicat:
2550 1613 2787 1674 «Gaude
2819 1613 3008 1685 valde,
3047 1613 3163 1673 ﬁlia
3198 1612 3361 1683 Sion,
3398 1614 3537 1693 quia
3566 1633 3669 1676 rex
3691 1624 3822 1676 tuus

2174 1701 2371 1763 veniet
2415 1701 2519 1761 tibi
2567 1702 2763 1779 justus
2827 1712 2882 1763 et
2932 1703 3123 1762 salvus
3148 1703 3235 1783 97;
3276 1724 3301 1761 ›
3366 1712 3537 1781 atquc
3590 1704 3817 1766 lsaias:

2181 1788 2367 1851 «Ecce
2396 1791 2711 1870 rexjustus
2734 1790 3325 1869 regnabit;-insuper
3355 1800 3411 1850 et
3441 1792 3643 1854 David:
3664 1792 3818 1870 «Ego

2172 1887 2366 1941 autem
2422 1880 2777 1940 constitutus
2821 1898 2952 1940 sum
3001 1898 3102 1940 rex
3144 1880 3215 1941 ab
3248 1899 3340 1940 eo.
3382 1905 3407 1935 ι
3447 1881 3633 1942 Judaei
3678 1900 3821 1942 sane

2173 1969 2310 2028 odio
2344 1969 2679 2029 habuerunt
2707 1965 3050 2032 Dominum.
3086 1972 3269 2031 Porro
3327 1968 3615 2031 Dominus
3658 1971 3822 2031 dedit

2172 2058 2357 2118 servis
2388 2060 2593 2119 decem
2634 2059 2844 2120 minas.
2874 2059 3039 2120 Servi
3071 2069 3267 2119 autem
3312 2058 3397 2119 illi
3425 2068 3562 2120 sunt
3595 2061 3651 2120 hi
3683 2062 3819 2133 qui-

2176 2144 2363 2208 busin
2388 2145 2651 2207 Ecclesia
2692 2146 3089 2209 ministerium
3120 2148 3528 2208 concreditum
3563 2158 3675 2222 est;
3710 2150 3821 2211 de-

2174 2254 2303 2296 cem
2335 2236 2609 2297 dicuntur
2634 2254 2788 2315 esse,
2817 2244 3058 2316 prepter
3091 2236 3513 2316 perfectionem
3546 2239 3823 2300 ecclesia.

2174 2324 2335 2386 sticze
2354 2324 2937 2404 przesidentiaaﬂrdo
2962 2327 3118 2386 enim
3141 2326 3200 2385 in
3218 2324 3482 2389 Ecclesia
3498 2327 3815 2407 perfectam

2177 2413 2612 2492 praesidentium
2635 2413 3086 2494 dispositionem
3116 2412 3384 2485 habet,et
3402 2434 3594 2495 neque
3620 2417 3818 2496 plures

2172 2502 2480 2582 oportebat
2511 2522 2871 2584 esse,neque
2904 2504 3241 2583 pauciores:
3267 2513 3329 2564 ut
3352 2506 3608 2584 exempli
3631 2508 3816 2584 gratia

2170 2593 2282 2652 tria
2300 2592 2423 2653 haec
2434 2591 2700 2653 videmus
2717 2611 2850 2653 esse
2866 2592 2927 2653 in
2943 2591 3654 2673 Ecclesia,purgationem
3667 2595 3822 2667 ,illu-

2170 2681 2578 2755 minationem,
2612 2691 2671 2744 et
2714 2680 3164 2760 perfectionem.
3198 2679 3588 2760 Operationes
3642 2685 3814 2744 etiam

2170 2770 2319 2844 illas,
2346 2778 2464 2830 tres
2493 2770 2682 2830 sortiti
2714 2780 2850 2831 sunt
2874 2770 3138 2831 ordines.
3168 2770 3411 2831 Diaconi
3436 2782 3686 2851 purgant
3708 2791 3816 2853 per

2171 2857 2623 2920 instructionem
2658 2866 2717 2918 et
2745 2858 3098 2938 doctrinam,
3128 2856 3453 2938 presbyteri
3479 2858 3819 2920 illuminant

2174 2965 2278 3027 per
2298 2946 2955 3027 baptismum,episcopi
2978 2946 3379 3008 sacerdotales
3395 2948 3639 3008 ordines
3667 2966 3815 3009 con-

2173 3036 2420 3095 stituunt
2461 3043 2519 3096 et
2568 3035 2901 3115 perficiunt,
2954 3037 3066 3096 hoc
3116 3044 3226 3110 est,
3278 3036 3572 3097 ordinant.
3639 3036 3821 3100 Vides

441 3136 605 3185 στῶσι
656 3128 744 3184 καὶ
801 3126 1114 3203 τελειοῦσιν,
1187 3128 1215 3184 ὅ
1279 3128 1412 3210 ἐστι,
1472 3139 1887 3211 χειροτονοῦσιν.
1936 3124 2089 3211 Ὀρᾷς

2177 3124 2415 3186 ordines
2444 3144 2576 3185 cum
2607 3124 3137 3205 opcrationibus,et
3159 3142 3353 3205 neque
3373 3126 3595 3204 plures,
3625 3145 3822 3207 neque

441 3220 506 3275 τὰ
558 3219 806 3296 τάγματα
877 3220 1009 3297 πρὸς
1080 3220 1179 3282 τὰς
1231 3221 1520 3299 ἐνεργείας,
1594 3223 1681 3278 καὶ
1731 3222 1847 3279 οὔτε
1901 3222 2090 3296 πλείω,

445 3306 565 3365 οὔτε
621 3306 848 3378 ἐλάττω,
910 3308 975 3363 τὰ
1030 3314 1136 3365 τῶν
1219 3310 1569 3387 προεστώτων
1626 3312 1806 3392 φημίς
1880 3312 2094 3379 Τούτοις

441 3398 530 3454 οὖν
578 3410 696 3461 τοῖς
756 3395 959 3461 δούλοις
1018 3395 1248 3475 διαμένει
1291 3397 1418 3455 δέκα
1461 3406 1617 3476 μνᾶς,
1666 3402 1731 3456 τὰ
1788 3402 2095 3481 χαρίσματα

441 3508 601 3566 φημι,
649 3484 683 3541 ἃ
740 3486 949 3561 ἑκάστῳ
1005 3484 1199 3544 δίδοται
1241 3489 1373 3567 πρὸς
1415 3489 1478 3544 τὸ
1520 3490 1802 3568 συμφέρον.
1839 3496 1948 3555 ῐῙᾶς
1992 3493 2092 3571 γὰρ

439 3578 469 3631 δ
521 3575 842 3654 προστασίαν
903 3573 1276 3655 ἐγχειρισθεὶς,
1339 3575 1437 3633 κᾶν
1481 3577 1690 3642 ἀνάξιος
1745 3580 1801 3653 ᾗ,
1849 3580 2091 3659 χάρισμα

440 3664 558 3745 ἔχει
615 3663 666 3730 ἐξ
720 3665 887 3730 αὐτῆς
930 3663 1028 3731 τῆς
1078 3664 1335 3744 χρίσεως,
1414 3667 1502 3722 καὶ
1578 3665 1687 3723 ἔστι
1742 3675 1896 3724 τοῦτο
1953 3667 2091 3747 μέγα

440 3753 605 3815 ὄντως
677 3752 773 3821 τῆς
844 3759 938 3809 τοῦ
996 3761 1127 3813 Θεοῦ
1203 3752 1593 3833 φιλανθρωπίας
1638 3757 1726 3813 καὶ
1789 3758 2091 3833 οἰκονομίας

442 3844 756 3921 μυστήριον.

528 3953 559 3987 ιη
604 3933 702 3988 Καὶ
761 3930 970 4011 ἐγένετο
1028 3931 1082 3987 ἐν
1139 3936 1215 4004 τῷ
1285 3931 1594 3990 ἐπανελθεῖν
1652 3935 1808 3991 αὺτὸν
1862 3934 2091 3993 λαϐόντα

439 4022 539 4088 τὴν
594 4017 894 4093 ϐασιλείαν,
958 4020 1086 4076 εἷπε
1141 4023 1448 4097 φωνηθῆναι
1500 4023 1646 4095 αὐτῷ
1696 4024 1819 4087 τοὺς
1874 4022 2090 4089 δούλους

439 4110 673 4181 τούτους,
708 4108 796 4170 οἷς
829 4105 993 4164 iamne
1048 4108 1108 4164 τὸ
1151 4108 1419 4189 ἀργύριον,
1476 4107 1569 4166 ’ίνα
1623 4118 1734 4188 «ενῴ
1775 4112 1853 4176 τίς
1882 4114 1932 4170 τί
1976 4111 2088 4170 διες-

439 4197 905 4278 πραγματεύσατο,
980 4197 1303 4275 Παρεγένετο
1359 4196 1413 4254 δὲ
1495 4201 1522 4255 ὁ
1594 4200 1803 4279 πρῶτος
1864 4200 2037 4281 λὲγων
2075 4219 2089 4233 ’

444 4286 623 4366 Κύριε,
680 4288 714 4355 ἡ
788 4292 894 4360 μνᾶ
955 4307 1048 4343 σου
1107 4288 1528 4366 προσειργάσατο
1585 4286 1710 4345 δέκα
1775 4295 1935 4364 μνᾶς.
1996 4294 2093 4350 Καὶ

441 4375 600 4432 εἶπεν
641 4379 805 4449 αὐτῷ·
864 4383 958 4451 Εὖ,
1016 4374 1164 4433 δοῦλε
1197 4376 1379 4454 ἀγαθὲ,
1415 4376 1494 4433 ὅτι
1526 4376 1578 4435 ἐν
1610 4377 1879 4459 ἐλαχίστῳ
1907 4383 2092 4446 πιστὸς

441 4463 645 4540 ἐγένου,
677 4463 787 4520 ἴσθι
814 4463 1052 4530 ἐξουσίαν
1104 4464 1249 4544 ἔχων
1304 4462 1483 4522 ἐπάνω
1540 4464 1662 4523 δέκα
1718 4468 1951 4528 πόλεων.
1998 4473 2097 4528 Καὶ

440 4550 597 4618 ἦλθεν
655 4550 683 4608 ὁ
727 4550 965 4633 δεύτερος
1010 4551 1183 4630 λέγων
1220 4568 1234 4583 ⁸
1298 4554 1476 4633 Κύριε,
1519 4556 1555 4622 ἡ
1614 4560 1719 4630 μνᾶ
1750 4578 1844 4612 σου
1876 4555 2096 4623 ἐποίησε

444 4640 604 4697 πέντε
664 4648 826 4717 μνᾶς.
886 4643 1028 4699 Εἷπε
1084 4639 1139 4698 δὲ
1220 4644 1310 4699 καὶ
1379 4647 1547 4719 τούτῳ
1580 4660 1594 4675 ⁸
1676 4647 1773 4703 Καὶ
1831 4646 1895 4701 σύ
1958 4645 2098 4724 γίνου

440 4727 621 4786 ἐπάνω
664 4730 821 4786 πέντε
864 4730 1098 4793 πόλεων,
1162 4731 1261 4788 Καὶ
1305 4730 1479 4811 ἕτερος
1523 4732 1651 4802 ἦλθε
1701 4732 1870 4811 λέγων
1906 4753 1918 4766 ·
1990 4734 2097 4792 Κύ-

441 4839 542 4897 ριε,
589 4815 695 4875 ἰδοὺ
726 4821 760 4886 ἠ
824 4825 928 4893 μ.νᾶ
960 4841 1078 4892 σου,
1123 4818 1191 4887 ἢν
1236 4820 1398 4899 εἶχον
1454 4822 1818 4898 ἀποκειμένην
1866 4822 1920 4877 ἐν
1969 4844 2098 4879 σου-

439 4904 600 4984 δαρίῳ
636 4923 651 4940 ⁶
687 4904 992 4988 ἐφοϐούμην
1044 4908 1143 4987 γάρ
1197 4930 1277 4982 σε,
1313 4908 1393 4965 ὅτι
1424 4908 1694 4988 ἅνθρωπος
1728 4911 1983 4991 αὐστηρὸς
2016 4912 2094 4987 εἴ,

440 4995 614 5074 αἴρεις
669 4995 698 5052 8
756 5001 851 5055 οὐκ
911 4997 1131 5069 ἔθηκας,
1200 4999 1285 5054 καὶ
1329 5000 1543 5078 θερίζεις
1601 5002 1629 5056 ὃ
1688 5001 1784 5057 οὐκ
1826 5000 2096 5079 ἔσπειρας.

445 5087 598 5164 Λέγει
632 5083 688 5142 δὲ
732 5091 874 5161 αὐτῷ
908 5103 922 5118 ⁸
975 5085 1069 5143 Ἐκ
1112 5092 1203 5143 τοῦ
1247 5087 1512 5162 στόματός
1556 5110 1650 5146 σου
1693 5095 1854 5168 κρινῶ
1884 5112 1969 5166 σε,
2000 5113 2101 5147 πο-

439 5178 571 5253 νηρέ
604 5173 778 5238 δοῦλε.
812 5175 1031 5255 ’ᾝδεις,
1088 5173 1173 5231 ὅτι
1207 5174 1315 5253 ἐγὼ
1364 5175 1635 5256 ἅνθρωπος
1660 5178 1923 5258 αὐστηρός
1966 5181 2096 5255 εἶμι,

443 5263 615 5343 αἴρων
675 5266 703 5321 ὃ
763 5266 853 5322 οὖν
900 5265 1089 5344 ἔθηκα,
1149 5267 1235 5321 καὶ
1281 5266 1503 5344 θηρίζων
1547 5268 1575 5322 ὃ
1619 5269 1712 5324 οὐκ
1742 5266 1979 5347 ἔσπειρα,
2012 5270 2101 5325 καὶ

448 5351 534 5409 διὰ
586 5356 639 5410 τί
683 5356 777 5411 ούκ
829 5353 1028 5416 ὼκας
1087 5355 1149 5411 τὸ
1200 5354 1443 5435 ἀργύριόν
1516 5378 1619 5432 μου
1662 5355 1746 5413 ἐπὶ
1802 5358 2097 5436 τράπηζαν,

443 5444 541 5500 καὶ.
573 5444 682 5521 ἐγὼ
710 5443 899 5519 ἐλθὼν,
958 5445 1049 5499 σὺν
1078 5443 1221 5519 τόκῳ
1266 5442 1328 5499 ἂν
1376 5444 1574 5525 ἔπραξα
1622 5444 1748 5503 αὐτό
1781 5463 1800 5523 ;
1857 5446 1954 5504 Καὶ
1984 5459 2100 5511 τοῖς

520 5611 582 5663 97
614 5613 771 5677 Psal.
811 5630 877 5690 ιι,
914 5614 984 5675 18

2179 3214 3216 3296 pauciores,przesidentiuminquam
3231 3214 3493 3276 ordines.
3507 3214 3628 3276 Illis
3649 3217 3823 3295 igitur

2176 3303 2363 3365 servis
2393 3302 2695 3365 distribuit
2724 3304 2931 3366 decem
2962 3305 3173 3379 minas,
3217 3304 3330 3365 hoc
3361 3312 3471 3381 est,
3504 3306 3662 3367 dona
3692 3324 3821 3388 quae

2178 3392 2501 3472 unicuique
2548 3393 2684 3455 data
2731 3401 2867 3454 sunt
2921 3393 2978 3453 in
3018 3392 3354 3455 utilitatem.
3399 3394 3608 3459 Omnis
3658 3397 3817 3456 enim

2174 3483 2507 3563 cuicunque
2534 3484 2875 3545 concredita
2905 3491 2995 3545 est
3023 3484 3419 3565 praesidentia,
3449 3484 3625 3545 etiam
3658 3485 3708 3545 si
3730 3486 3821 3546 in-

2174 3572 2387 3650 dignus
2446 3572 2642 3647 fuerit,
2697 3572 2917 3634 donum
2967 3573 3146 3634 habet
3212 3592 3281 3634 ex
3357 3574 3635 3635 unctione
3689 3592 3819 3649 sua,

2174 3661 2233 3723 id
2266 3662 2422 3743 quod
2456 3680 2730 3741 magnum
2754 3661 2966 3725 divinae
3012 3661 3435 3724 misericordia:
3474 3681 3819 3726 sacramen-

2175 3759 2294 3812 tum
2325 3755 2437 3814 est.

2254 3921 2437 3982 Vens.
2475 3920 2687 3983 15-28.
2729 3943 2751 3976 α
2788 3919 2857 3981 Et
2886 3920 3105 3981 factum
3149 3931 3239 3982 est
3273 3928 3336 3981 ut
3358 3921 3608 3996 rediret,
3645 3940 3821 3984 acce-

2176 4019 2272 4089 pto
2303 4026 2509 4089 regno,
2534 4009 2812 4091 misitque
2846 4028 3062 4073 vocare
3092 4028 3293 4072 servos
3319 4010 3453 4071 illos
3483 4010 3555 4072 ad
3588 4012 3819 4092 se,qui~

2173 4100 2283 4162 bus
2313 4098 2564 4162 dederat
2594 4099 2925 4180 pecuniam,
2952 4109 3016 4161 ut
3044 4101 3222 4161 sciret
3252 4113 3537 4180 quantum
3569 4101 3820 4182 quisque

2178 4191 2507 4269 negotiatus
2538 4207 2716 4253 esset.
2753 4192 2927 4253 Venit
2953 4201 3149 4254 autem
3181 4199 3409 4273 primus
3439 4192 3666 4255 dicens:
3698 4195 3820 4257 Do-

2177 4279 2364 4354 mine,
2389 4284 2548 4341 mina
2576 4289 2674 4343 tua
2698 4281 2908 4344 decem
2934 4283 3123 4343 minas
3141 4281 3558 4364 acquisivit.Et
3579 4285 3660 4343 ait
3690 4283 3773 4343 illi
3801 4301 3813 4345 :

2174 4366 2355 4446 Euge,
2375 4370 2512 4429 446
2533 4369 2687 4433 bone
2707 4388 2876 4433 serve
2899 4393 2910 4431 :
2933 4372 3071 4452 quia
3098 4372 3159 4433 in
3194 4373 3439 4435 minimo
3480 4372 3639 4434 fuisti
3672 4373 3820 4433 tide-

2119 4456 2274 4530 Dlis,
2308 4458 2523 4520 habeto
2556 4467 2905 4539 potestatem
2958 4478 3140 4542 super
3180 4462 3383 4525 decem
3431 4463 3721 4524 civitates.
3754 4461 3825 4523 Et

2178 4546 2328 4607 alter
2382 4548 2541 4609 venit
2593 4548 2839 4609 dicens:
2876 4548 3152 4631 Domine,
3214 4551 3371 4613 mina
3420 4560 3519 4613 tua
3567 4551 3828 4613 confecit

2180 4634 2442 4715 quinque
2482 4637 2694 4698 minas.
2721 4638 2796 4701 Et
2825 4639 2961 4700 huic
3008 4641 3086 4701 ait
3128 4659 3142 4703 :
3178 4640 3246 4701 Et
3272 4649 3328 4702 tu
3355 4641 3671 4722 praefectus
3701 4650 3825 4703 esto

2181 4723 2442 4804 quinque
2472 4725 3066 4790 civitatibus.Etalius
3099 4729 3519 4793 venitdicens:
3551 4732 3825 4805 Domine,

2184 4830 2325 4875 ecce
2358 4814 2517 4876 mina
2549 4824 2644 4877 tua
2669 4834 2844 4897 quam
2890 4817 3065 4880 habui
3094 4819 3417 4899 repositam
3456 4823 3512 4881 in
3544 4818 3779 4881 sudario
3809 4837 3822 4882 :

2184 4903 2351 4963 timui
2394 4904 2554 4965 enim
2604 4911 2684 4981 te,
2734 4906 2892 4986 quod
2947 4908 3124 4968 homo
3172 4918 3445 4970 austerus
3501 4908 3583 4970 sis
3617 4926 3630 4970 ε
3669 4908 3827 4969 tollis

2183 4993 2340 5072 quod
2371 5012 2491 5056 non
2524 4996 2795 5074 posuisti,
2831 5004 2889 5056 et
2920 4997 3093 5060 metis
3140 4997 3297 5078 quod
3351 5017 3465 5059 non
3499 4997 3826 5059 seminasti.

2184 5080 2337 5144 Dicit
2370 5083 2465 5146 ei:
2514 5082 2597 5145 De
2642 5102 2746 5146 ore
2801 5093 2898 5146 tuo
2950 5094 3006 5147 te
3054 5085 3362 5165 judicabo,
3424 5105 3594 5149 serve
3649 5087 3824 5150 male.

2184 5172 2426 5236 Sciebas
2456 5173 2613 5253 quod
2640 5192 2748 5249 ego
2774 5174 2952 5235 homo
2984 5182 3257 5237 austerus
3287 5176 3645 5250 sim,tollens
3674 5176 3825 5257 quod

2186 5286 2301 5329 non
2364 5265 2561 5344 posui,
2605 5273 2662 5325 et
2706 5273 2938 5325 metens
2984 5265 3140 5344 quod
3202 5283 3319 5327 non
3374 5266 3668 5328 seminavi
3707 5289 3721 5327 :
3771 5279 3829 5329 ct

2185 5372 2367 5438 quare
2396 5371 2515 5413 non
2547 5352 2764 5416 dedisti
2788 5354 3098 5433 pecuniam
3137 5372 3326 5415 meam
3356 5353 3429 5416 ad
3459 5374 3752 5437 mensam,
3774 5366 3832 5419 et

2186 5464 2298 5524 ego
2319 5444 2567 5506 veniens
2590 5461 2725 5507 cum
2752 5442 2948 5505 usuris
2971 5441 3179 5524 utique
3196 5443 3523 5523 exegissem
3545 5446 3736 5509 illam?
3762 5444 3834 5510 Et
