4116 6212
339 263 488 328 10‘27
1303 263 1902 334 THEOPHYLACTI
1945 259 2358 329 BULGARL‘E
2401 261 2758 328 ARCHIEP.
3574 264 3743 328 10'28

339 401 676 463 astantibus
695 391 1110 464 dixit:Auferte
1141 401 1215 463 ab
1242 400 1339 464 illo
1374 401 1619 483 minam,
1646 408 1703 463 et
1734 400 1873 462 date
1906 399 1961 460 ill

2044 400 2404 477 ,παρεστῶσιν
2443 405 2595 459 εἶπεν
2634 423 2646 436 ·
2681 392 2890 482 ’Ἄρατε
2946 402 3038 459 ἀπ’
3101 403 3259 462 αὖτοῦ
3287 403 3385 472 τὴν
3416 409 3574 478 μιᾶν,
3645 403 3743 458 καὶ

335 491 431 569 qui
463 489 667 550 decem
698 490 887 552 minas
914 491 1117 554 habet.
1159 492 1230 552 Et
1271 491 1545 552 dixerunt
1574 492 1629 552 ei
1663 510 1676 554 :
1712 489 1961 551 Domine

2073 485 2190 543 δότε
2245 497 2322 564 τῷ
2376 491 2470 555 τὰς
2527 489 2652 548 δέκα
2712 499 2845 566 μνᾶς
2890 491 3096 573 ἔχοντι,
3163 494 3261 550 Καὶ
3315 493 3473 548 εἶπον
3531 493 3685 565 αὖτῷ
3719 511 3736 526 ⁸

333 581 508 639 habet
533 579 742 641 decem
777 579 989 642 minas.
1025 579 1165 640 Dico
1215 579 1401 650 vobis,
1455 579 1609 660 quod
1661 580 1824 640 omni
1877 580 1961 639 hat

2074 576 2250 657 Κύριε,
2305 575 2430 634 δέκα
2485 586 2621 654 μνᾶς
2678 580 2822 660 ἔχει,
2885 581 3038 658 Λέγω
3093 581 3245 661 ὗμιν,
3311 583 3392 638 ὃτι
3437 581 3594 637 παντὶ
3660 583 3744 652 τῷ

336 668 493 730 benti
537 668 796 740 dabitur,
844 668 916 728 ab
952 687 1020 730 eo
1054 677 1249 730 autem
1283 668 1382 748 qui
1417 688 1532 728 non
1569 668 1764 740 habet,
1806 667 1982 728 etiam

331 757 483 836 quod
520 755 1214 837 habet,auferetur.Quin
1246 756 1520 818 inimicos
1540 775 1706 816 meos
1727 755 1858 816 illos
1880 756 1981 836 qui

333 845 652 908 noluerunt
675 866 769 907 me
811 865 1062 925 regnare
1095 865 1274 926 super
1293 865 1380 917 se,
1416 845 1713 925 adducite,
1750 847 1889 918 huc,
1925 853 1981 907 et

332 935 645 996 interficite
691 945 827 996 ante
880 955 995 997 tne.
1059 934 1126 995 Et
1177 935 1272 996 his
1323 934 1493 996 dictis
1545 934 1662 994 ibat
1727 953 1978 1014 pergens

328 1024 654 1086 ascendere
717 1023 1205 1104 Hierosolymam.
1256 1049 1280 1078 ι›
1337 1022 1477 1086 Cum
1546 1025 1845 1086 rediturus
1891 1033 1979 1086 est

329 1113 596 1174 Christus
627 1132 950 1190 generosus
982 1113 1083 1174 ille
1105 1113 1505 1174 etsecundum
1534 1114 1852 1173 humanam
1874 1132 1977 1174 na-

331 1211 625 1274 turam,ex
658 1202 820 1280 regio
850 1205 1006 1263 enim
1038 1221 1258 1281 genere
1281 1200 1586 1264 descendit
1608 1203 1982 1275 Dominus,et

329 1291 658 1351 secundum
691 1291 1099 1363 ditinam,hoc
1127 1292 1303 1361 est,in
1339 1292 1602 1352 secundo
1622 1293 1746 1368 ejus
1766 1291 1981 1352 adven-

331 1389 412 1458 tu,
449 1380 685 1456 quando
716 1380 1025 1460 apparebit
1070 1400 1166 1440 :cx
1225 1398 1358 1440 cum
1419 1380 1647 1459 angelis
1692 1380 1750 1440 in
1793 1380 1982 1458 gloria

329 1467 512 1528 Patris
551 1469 810 1534 veniens.
849 1480 907 1529 et
947 1488 1124 1529 omne
1168 1489 1320 1548 genu
1367 1470 1644 1530 ﬂectetur
1691 1469 1744 1529 ei
1781 1487 1794 1531 ε
1840 1478 1980 1530 tunc

326 1577 466 1618 sane
497 1557 565 1619 ad
600 1560 886 1620 rationem
941 1560 1154 1638 adiget,
1207 1578 1308 1620 eos
1359 1560 1459 1638 qui
1513 1559 1666 1618 dona
1721 1577 1974 1638 accepe-

2069 661 2251 744 ἔχοντι
2311 663 2613 742 δοθήσεται,
2702 668 2808 724 ἀπὸ
2882 667 2937 724 δὲ
2989 678 3085 728 τοῦ
3127 671 3204 744 μὴ
3264 669 3512 749 ἔχοντος,
3561 669 3658 724 καὶ
3713 669 3742 722 ὃ

2067 751 2210 833 ἔχει,
2267 754 2550 832 ἀρθήσεται
2593 757 2686 814 ἀπ’
2749 757 2930 819 αὐτοῦ.
2991 757 3140 825 Πλὴν
3197 761 3318 820 τοὺς
3363 758 3582 838 ἐχθρούς
3631 779 3743 832 μου

2063 840 2289 907 ἐκεῖνους
2348 845 2472 900 τοὺ)
2542 846 2620 921 μὴ
2717 845 3041 917 θελήσαντάς
3114 869 3182 922 με
3252 846 3558 924 βασιλεῦσαι
3637 845 3736 902 ἐπ’

2063 932 2268 1003 αὐτοῖς,
2327 931 2552 1011 ἀγάγετε
2627 932 2754 1014 ὦδε,
2842 936 2931 992 καὶ
2985 934 3352 1016 κατασφάξατε
3423 935 3734 1013 ἔμπροσθέν

2062 1039 2184 1094 μου,
2249 1022 2345 1077 Καὶ
2404 1023 2566 1078 εἰπὼν
2626 1032 2811 1096 ταῦτα,
2881 1022 3160 1102 ἐπορεύετο
3203 1023 3512 1102 ἔμπροσθεν,
3575 1024 3728 1080 ἀνα-

2061 1105 2252 1165 ϐαίνων
2324 1111 2397 1172 εἷς
2488 1101 2854 1188 Ἱεροσόλυμα.
2915 1136 2944 1168 ι
2984 1101 2991 1102 ί
3025 1110 3116 1170 Ἐν
3170 1119 3246 1188 τῷ
3317 1101 3726 1192 ίέπανέρχεσθαι

2061 1197 2241 1268 αὐτὸν,
2275 1200 2302 1254 6
2361 1201 2582 1277 Χριστὸς
2640 1203 2668 1256 6
2726 1202 2968 1278 εὐγενὴς,
3029 1205 3117 1258 καὶ
3174 1204 3308 1258 κατὰ
3350 1204 3412 1257 τὸ
3453 1203 3731 1281 ἀνθρώπιο

2062 1306 2172 1358 νον,
2229 1285 2289 1342 ἐκ
2344 1287 2621 1364 βασιλικοῦ
2686 1291 2786 1369 γὰρ
2853 1289 3036 1369 γένους
3089 1293 3355 1368 κατήγετο
3410 1293 3437 1347 ὃ
3498 1292 3725 1370 Κύριος,

2061 1376 2149 1430 καὶ
2202 1378 2341 1434 κατὰ
2382 1379 2444 1434 τὸ
2499 1381 2666 1458 θεῖον,
2711 1379 3006 1456 τουτέστιν,
3053 1379 3106 1438 ἐν
3165 1386 3235 1456 τῇ
3293 1378 3502 1459 δευτέρᾳ
3561 1383 3731 1438 αὑτοῦ

2063 1462 2294 1540 ἕλεύσει,
2349 1464 2437 1522 ὅτε
2483 1469 2775 1546 φανήσεται
2820 1469 3066 1544 βασιλεὺς
3111 1471 3245 1545 μετὰ
3314 1475 3419 1523 τῶν
3469 1467 3728 1549 ἀγγέλων

2061 1551 2115 1608 ἐν
2157 1560 2226 1631 τῇ
2289 1553 2418 1632 δόξῃ
2463 1567 2553 1616 τοῦ
2625 1559 2827 1636 Πατρὸς
2905 1559 3223 1639 ερχόμενος,
3283 1560 3369 1615 καὶ
3422 1565 3526 1614 πᾶν
3583 1559 3722 1636 γόνυ

327 1658 483 1720 runt,
522 1658 576 1708 et
608 1648 942 1709 invenietur
972 1667 1122 1708 unus
1155 1649 1392 1718 quidem
1432 1648 1632 1708 multis
1661 1647 1961 1728 profuisse,

2059 1642 2260 1717 κάμψει
2321 1644 2483 1718 αὐτῷ,
2524 1647 2648 1704 τότε
2687 1645 2756 1714 δὴ
2805 1647 2925 1704 τότε
2984 1649 3072 1704 καὶ
3128 1648 3250 1711 τοὺς
3289 1648 3356 1702 τὰ
3399 1648 3720 1726 χαρίσματα

325 1747 381 1797 et
417 1737 821 1816 deruplicasse
853 1737 1100 1807 donum,
1133 1736 1281 1797 alius
1303 1745 1499 1797 autem
1539 1737 1827 1815 profuisse
1847 1737 1973 1816 qui-

323 1826 455 1886 dem
493 1827 728 1905 etipse,
764 1826 865 1887 sed
905 1825 1280 1905 paucioribus
1316 1825 1648 1910 profuisse:
1684 1825 1835 1885 alius
1860 1844 1969 1885 au-

323 1925 435 1976 tem
471 1915 696 1976 nemini
730 1916 1042 1996 profuisse,
1076 1916 1177 1975 sed
1208 1914 1492 1993 ignaviter
1511 1914 1850 1974 transivisse
1871 1933 1970 1976 ne-

318 2005 656 2082 gotiationis
690 2015 946 2084 tempus.
974 2004 1229 2065 Proinde
1257 2003 1356 2084 qui
1389 2003 1778 2082 decuplicavit
1808 2004 1964 2083 quod

319 2102 651 2173 acceperat,
684 2113 864 2172 super
899 2095 1103 2155 decem
1137 2093 1404 2154 civitates
1435 2094 1833 2164 constituitur,
1859 2094 1969 2154 hoc

318 2191 427 2260 est,
501 2182 859 2261 multiplices
914 2182 1338 2243 retributiones
1388 2181 1602 2260 necipit
1645 2200 1657 2243 :
1705 2191 1762 2241 et
1817 2182 1968 2242 alius

318 2271 602 2348 deinceps
646 2270 808 2348 juxta
861 2290 1024 2330 suam
1079 2271 1287 2350 recipit
1329 2273 1799 2350 proportionem.
1856 2270 1965 2343 Qui

314 2369 508 2420 autem
545 2359 687 2420 nihil
721 2361 978 2421 lucratus
1008 2360 1134 2432 fuit,
1173 2359 1963 2421 condemnatur.Videamus

315 2457 506 2509 autem
543 2457 599 2509 et
629 2449 768 2529 quid
801 2449 956 2510 dicat
989 2467 1001 2510 :
1040 2448 1311 2522 Domine,
1340 2467 1480 2509 ecce
1515 2449 1670 2508 mina
1705 2458 1820 2511 tua.
1856 2467 1960 2510 ac-

315 2538 446 2616 cipe
482 2537 821 2613 eam,habui
850 2539 1005 2598 enim
1028 2538 1197 2597 istam
1224 2538 1281 2597 in
1304 2536 1540 2604 sudario
1564 2537 1956 2599 reconditatn.

319 2627 603 2688 Dominus
638 2636 903 2688 mortuus
933 2627 1172 2687 sudario
1207 2625 1500 2686 involutus
1531 2625 1659 2699 fuit,
1695 2635 1746 2685 et
1777 2627 1958 2688 Laza-

312 2715 360 2775 ri
395 2715 571 2776 facies
605 2716 661 2776 in
693 2717 966 2796 sepulcro
995 2715 1231 2777 sudario
1256 2715 1528 2775 obvoluta
1550 2715 1720 2775 fuit98
1751 2715 1955 2777 Merito

311 2804 488 2883 igitur
537 2804 778 2883 ignavus
830 2804 930 2865 ille
982 2804 1039 2864 itt
1092 2803 1328 2864 sudario
1363 2803 1551 2883 inquit
1587 2805 1954 2865 reconditum

314 2894 494 2954 fuisse
553 2893 797 2954 donum.
833 2894 1122 2955 Morinum
1186 2894 1343 2954 enim
1399 2892 1539 2953 illud
1602 2893 1844 2968 fecerat,
1903 2903 1960 2955 et

2044 2884 2300 2965 σουδαρίῳ
2397 2889 2840 2970 περιεκαλύπτετο
2878 2913 2891 2926 ·

2054 1727 2361 1806 δεξαμένους
2450 1732 2664 1798 δούλους
2755 1735 3107 1818 λογοπραγεϊ,
3182 1740 3268 1793 καὶ
3355 1736 3710 1814 εὑρίσκονται,

2053 1821 2080 1874 6
2125 1819 2221 1894 μὲν
2280 1820 2511 1887 πολλοὺς
2569 1823 2875 1903 ὠφελήσας,
2923 1827 3012 1882 καὶ
3037 1825 3462 1888 δεκαπλασιάσας
3494 1827 3555 1881 τὸ
3585 1827 3709 1904 χαί-

2051 1929 2238 1990 ρισμα,
2295 1913 2323 1967 6
2382 1909 2434 1968 δὲ
2481 1912 2763 1994 ὠφελήσας
2817 1915 2913 1991 μὲν
2965 1917 3052 1972 καὶ
3095 1918 3280 1990 αὐτὸς,
3324 1914 3569 1978 ἰλᾶττους
3616 1912 3707 1986 δὲ,

2049 1999 2076 2052 6
2125 1995 2179 2052 δὲ
2237 1997 2360 2074 μήδ’
2418 1999 2556 2065 ὅλως
2612 2002 2897 2082 ὠφελήσας
2940 2005 3081 2084 τινὰ,
3114 2003 3234 2061 ἀλλ’
3265 2004 3322 2060 ἐν
3348 2003 3572 2081 Mi;
3596 2001 3708 2058 δα·-

2052 2089 2297 2158 πανήσας
2355 2091 2445 2146 τὸν
2495 2094 2680 2171 καιρὸν
2737 2097 2833 2160 τῆς
2908 2095 3296 2172 πραγματείας.
3371 2095 3464 2149 Διὸ
3520 2094 3550 2148 ὃ
3606 2093 3714 2167 μὲν

2051 2172 2477 2242 δεκαπλασιάσας
2544 2180 2572 2234 ὃ
2618 2178 2824 2253 ἔλαϐεν,
2895 2181 3072 2238 ἐπάνω
3129 2180 3254 2238 δέκα
3308 2181 3515 2239 πόλεων
3571 2183 3714 2236 καθ-

2051 2262 2277 2344 ίσταται,
2340 2266 2630 2344 τουτέστιν,
2687 2268 2864 2348 ἀρχὴν
2921 2269 3044 2326 δέκα
3104 2269 3310 2326 πόλεων
3360 2266 3642 2345 λαμϐάνει,
3681 2269 3712 2322 ὃ

2047 2351 2184 2433 ἐστι,
2243 2353 2673 2421 πολλαπλασίους
2745 2359 2847 2422 τὰς
2903 2355 3127 2434 ἀμοιϐὰς
3195 2357 3432 2438 δέχεται,
3506 2358 3606 2414 Καὶ
3679 2359 3710 2412 6

2046 2439 2232 2519 ἐφεξῆς
2275 2445 2412 2500 κατὰ
2469 2445 2572 2525 τὴν
2623 2445 2931 2525 ἀναλογίαν.
2997 2439 3053 2504 Ὀ
3097 2445 3151 2502 δὲ
3195 2447 3363 2524 μηδὲν
3416 2444 3698 2524 κερδάνας,

2044 2533 2442 2609 κατακρίνεται,
2505 2522 2742 2609 ’Ἱδωμεν
2801 2535 2857 2592 δὲ
2912 2537 2999 2592 καὶ
3042 2536 3092 2592 τί
3133 2558 3262 2616 φησι
3296 2553 3310 2568 ⁶
3363 2537 3537 2615 Κύριε,
3582 2533 3698 2591 ἰδοῦ

2042 2618 2078 2685 ἡ
2136 2626 2241 2694 μνᾶ
2286 2643 2402 2696 σου,
2457 2619 2585 2679 λάϐε
2628 2622 2825 2691 ταύτην
2861 2640 2874 2654 ·
2923 2626 3085 2704 εἶχον
3125 2626 3226 2702 γὰρ
3253 2626 3448 2692 ταύτην
3476 2625 3532 2681 ἐν
3562 2645 3694 2680 σου-

2043 2704 2202 2786 δαρίῳ
2257 2709 2646 2787 ἀποκειμένην.
2708 2719 2892 2791 Νεκρῷ
2947 2713 3058 2769 ὄντι
3089 2721 3164 2788 τῷ
3207 2715 3378 2793 Κυρίῳ
3418 2711 3693 2791 σουδάριον

2039 2797 2342 2876 περιετέθη,
2402 2801 2489 2857 καὶ
2557 2808 2648 2858 τοῦ
2720 2802 2959 2882 Λαζλρου
3010 2803 3064 2859 ἐν
3119 2810 3197 2877 τῷ
3252 2803 3402 2882 τάφῳ
3465 2805 3500 2871 ἡ
3569 2803 3694 2878 ὄψις

2983 2893 3197 2958 εἰκότως
3297 2893 3385 2949 οὖν
3469 2894 3702 2972 ὀκνηρὸς

312 2983 608 3062 inefﬁcax,
636 3002 750 3043 non
784 2983 1082 3062 evolvens,
1118 3001 1310 3062 neque
1340 2981 1570 3043 lucrum
1601 2982 1960 3045 faciens.Ti-

2047 2975 2199 3040 οὗτος
2258 2976 2512 3058 σουδαρίῳ
2583 2982 2746 3060 φησὶν
2801 2980 3134 3038 ἐναποθετναι
3186 2984 3248 3038 τὸ
3306 2983 3544 3062 χάρισμα
3601 3003 3700 3040 νε-

317 3073 552 3133 mebam
579 3072 738 3132 enim
765 3072 1210 3151 te,iuquit,quia
1251 3071 1404 3132 tollis
1427 3071 1583 3151 quod
1614 3092 1728 3132 non
1755 3075 1960 3153 pcsui-

314 3159 590 3223 sti.Talia
622 3159 790 3220 multi
813 3158 1454 3240 praetexunt.Nolentes
1477 3159 1637 3220 enim
1672 3161 1807 3222 ullis
1832 3180 1963 3242 pro-

310 3250 508 3323 desse,
555 3249 804 3310 dicunt:
839 3247 949 3310 Ubi
1003 3268 1121 3309 non
1169 3249 1478 3310 seminavit
1530 3252 1686 3312 Deus
1745 3249 1957 3312 bonam

310 3340 568 3401 indolem
599 3347 658 3401 et
685 3338 1101 3419 aptitudiuem,
1138 3339 1300 3401 illinc
1349 3357 1424 3402 ne
1474 3339 1744 3420 requires
1794 3360 1957 3402 mes-

306 3448 454 3490 sem.
494 3427 664 3490 Illum
728 3446 845 3488 non
900 3427 1040 3489 fecit
1095 3428 1477 3508 industrium,
1511 3439 1566 3490 et
1609 3429 1681 3490 ad
1729 3429 1956 3491 doctri-

308 3537 442 3580 nam
465 3517 770 3591 idoneum,
806 3525 862 3578 et
892 3517 1031 3598 quid
1055 3537 1088 3578 a
1119 3536 1213 3579 me
1240 3516 1496 3596 exigitur
1527 3527 1593 3578 ut
1639 3518 1781 3580 inde
1825 3519 1955 3581 fru-

307 3616 462 3668 ctum
491 3605 962 3670 faciam?Idcirco
985 3606 1273 3668 Dominus
1291 3605 1550 3670 dicit:'l‘u
1582 3607 1819 3689 duce,et
1844 3609 1954 3669 de-

305 3715 457 3778 pone
475 3696 782 3776 pecuniam
802 3713 990 3757 meam
1015 3694 1168 3777 apud
1193 3695 1663 3776 meusarios,hoc
1685 3697 1956 3777 e.t,apud

305 3805 513 3848 omnes
530 3784 928 3865 homines,qui
951 3784 1234 3866 propositi
1252 3792 1387 3846 sunt
1404 3794 1467 3845 ut
1486 3784 1812 3866 percipiant
1834 3787 1956 3847 utili

306 3884 480 3936 tatem
494 3874 722 3939 .Omnis
740 3873 898 3936 enim
915 3875 1090 3935 homo
1115 3873 1490 3936 mensariusa
1508 3873 1628 3934 Deo
1648 3874 1958 3935 ordinatus

302 3965 438 4025 447
463 3973 658 4044 est,ut
693 3964 752 4024 in
793 3962 970 4044 hujus
1005 3963 1209 4024 mundi
1259 3963 1495 4024 ofﬁcina
1529 3982 1738 4042 magna
1771 3983 1957 4044 nego-

303 4058 593 4122 cietur.Et
622 4075 728 4135 ego
752 4061 993 4116 veniens
1015 4055 1342 4134 exegissem
1373 4054 1543 4129 illud,
1566 4055 1676 4116 hoc
1709 4063 1818 4130 est,
1854 4074 1956 4118 re-

305 4148 787 4227 petiissem,cum
823 4147 1025 4206 usura.
1061 4142 1303 4225 Oportet
1341 4143 1514 4220 igitur
1557 4151 1616 4205 et
1661 4162 1767 4205 nos
1797 4147 1951 4226 quod

303 4245 570 4298 nostrum
597 4243 684 4296 est
704 4233 1078 4294 facerezalios
1111 4243 1306 4294 autem
1331 4232 1615 4294 Dominus
1632 4234 1946 4318 judicabit,

2045 3067 2170 3144 κρὸν
2255 3068 2355 3146 γὰρ
2440 3071 2598 3127 αὐτὸν
2668 3071 2898 3141 ποιήσας
2963 3071 3054 3127 καὶ
3143 3070 3517 3151 ἀνενέργητον,
3603 3074 3702 3130 οῦκ

2044 3153 2477 3236 ἐπεξειργάσασο,
2561 3157 2676 3216 οῦδὲ
2754 3159 3094 3241 κεκέρδηκεν.
3186 3158 3522 3240 Ἐφοϐούμην
3595 3161 3701 3239 γάρ

2044 3265 2127 3319 σε,
2189 3248 2376 3327 φησὶν,
2420 3246 2502 3304 ὅτι
2547 3249 2719 3326 αἴρεις
2765 3251 2793 3306 ὃ
2837 3253 2931 3309 οῦκ
2960 3247 3175 3317 ἔθηκας.
3236 3257 3461 3308 Τοιαῦτα
3508 3247 3699 3306 πολλοὶ

2043 3335 2459 3418 προφασίζονται⁸
2484 3355 2502 3370 ο
2563 3338 2640 3412 μὴ
2713 3336 2952 3403 θέλοντες
3023 3339 3122 3418 γὰρ
3184 3336 3457 3418 ὠφελῆσαι
3517 3359 3690 3411 τινας,

2151 3423 2166 3477 ί
2280 3423 2304 3438 σο
2421 3415 2459 3436 ι’
2694 3425 2713 3466 '9
2802 3426 2826 3447 ’ί
3039 3415 3048 3418 ⁷
3073 3415 3105 3448 ν’
3214 3429 3226 3444 ι
3244 3415 3255 3418 ⁷
3333 3426 3347 3446 ν
3429 3427 3451 3447 J.
3671 3429 3687 3446 \

2040 3444 2144 3502 φασ
2168 3445 2220 3505 ν,
2277 3445 2360 3480 οτι
2460 3434 2604 3483 Οπου
2663 3447 2760 3482 ουκ
2803 3448 3039 3508 εσπειρεν
3068 3449 3092 3484 ε
3140 3434 3269 3490 Θεος
3301 3448 3542 3506 ευφυιαν,
3602 3447 3689 3483 και

2039 3509 2474 3595 ἐπιτηδειότητα,
2561 3516 2766 3573 ἐκεῖθεν
2820 3517 2900 3592 μὴ
2955 3517 3102 3588 ζήτει
3162 3517 3332 3596 θέρος.
3394 3518 3493 3573 Τὸν
3544 3513 3686 3572 δεινὰ

2039 3601 2133 3658 οὐκ
2187 3600 2436 3669 ἐποίησεν
2489 3607 2648 3684 εὐφυᾶ
2702 3607 2790 3661 καὶ
2859 3608 2989 3685 πρὸς
3075 3607 3304 3683 μάθησιν
3362 3604 3680 3684 ἐπιτήδειον,

2039 3691 2126 3747 καὶ
2179 3691 2230 3746 τί
2277 3711 2344 3766 με
2397 3692 2620 3750 ἀπαιτεῖ
2691 3696 2790 3761 τὴν
2845 3695 3046 3754 ἐκείνου
3100 3693 3407 3776 ὠφέλειανς
3474 3698 3567 3750 Διὸ
3598 3695 3685 3750 καὶ

2039 3780 2066 3835 6
2135 3779 2323 3858 Κύριός
2407 3804 2538 3862 φησι
2572 3799 2587 3814 ⁶
2687 3784 2758 3840 Τὺ
2823 3781 3048 3858 δίδαξον,
3137 3785 3226 3841 καὶ
3290 3780 3552 3844 τατάϐαλε
3624 3785 3684 3840 τὸ

2040 3867 2283 3948 ἀργύριόν
2342 3893 2446 3946 μου
2503 3885 2619 3935 τοῖς
2664 3875 3024 3952 τραπεζίταις,
3071 3873 3331 3948 τουτέστι,
3390 3879 3522 3930 πᾶσι
3570 3886 3687 3938 τοῖς

2041 3961 2172 4037 πρὸς
2203 3959 2266 4015 τὸ
2309 3958 2632 4040 ὠφελεῖσθαι
2685 3961 3052 4040 προκειμένοις
3091 3963 3402 4034 ἀνθρώποις,
3437 3968 3544 4026 Πᾶς
3586 3964 3684 4041 γὰρ

2041 4047 2306 4125 ἄνθρωπος
2369 4051 2685 4128 τραπεζίτης
2734 4053 2834 4108 ὑπὸ
2880 4059 3010 4108 Θεοῦ
3039 4052 3488 4133 προκεχείρισται,
3549 4053 3683 4109 ὥστε

2037 4136 2092 4193 ἐν
2149 4145 2226 4212 τῷ
2283 4139 2506 4218 μεγάλῳ
2549 4143 2640 4197 τοῦ
2680 4149 2886 4216 κόσμου
2929 4143 3112 4198 τούτω
3171 4142 3497 4222 ἐργαστηρίῳ
3551 4163 3682 4221 πρα-

2035 4231 2404 4307 γματεύεσθαι.
2457 4233 2552 4290 Καὶ
2595 4231 2703 4311 ἐγὼ
2758 4231 2944 4307 ἐλθών,
2979 4232 3174 4313 ἔπραξα
3203 4233 3264 4290 ἂν
3314 4235 3463 4314 αὐτὸ,
3521 4255 3678 4291 τουτ-

301 4326 348 4387 si
385 4323 683 4386 noluerint
703 4322 1009 4383 utilitatem
1045 4322 1186 4383 inde
1211 4321 1802 4402 percipere.’l‘ollilur
1835 4314 1949 4404 igi-l

2044 4317 2196 4399 ἐστιν,
2231 4319 2484 4396 ἀπῄτησα
2515 4322 2606 4377 σὺν
2634 4321 2799 4396 τόκῳ,
2835 4332 2930 4379 Δεῖ
2962 4324 3059 4398 μὲν
3088 4324 3187 4402 γὰρ
3216 4325 3359 4398 ἡμᾶς
3389 4324 3449 4379 τὸ
3478 4323 3678 4379 οἰκεῖον

301 4425 397 4476 tur
427 4415 676 4492 donum,
711 4419 768 4473 et
789 4411 964 4472 datur
1002 4410 1157 4472 bono
1191 4409 1716 4489 negotiatori.Nam
1753 4413 1951 4474 licetis

303 4505 535 4576 habeat,
571 4509 811 4583 propter
856 4500 1007 4561 istud
1060 4501 1250 4580 ipsum
1303 4509 1495 4562 tamen
1542 4501 1730 4580 magis
1777 4503 1954 4564 debet

303 4595 473 4676 plura
491 4592 791 4672 accipere.
825 4590 1075 4652 Habenti
1105 4590 1260 4649 enim
1297 4589 1555 4670 dabitur,
1595 4593 1702 4650 hoc
1757 4600 1866 4673 est,
1900 4597 1955 4655 ei

300 4684 401 4765 qui
432 4701 501 4744 es
533 4678 930 4761 negotiatione
961 4679 1097 4739 boni
1134 4678 1312 4739 multa
1352 4678 1611 4740 lucratus
1642 4680 1838 4761 fuerit,
1871 4679 1955 4744 illi

299 4772 537 4834 dabitur
568 4779 626 4831 et
653 4768 930 4848 amplius.
962 4765 1105 4828 Nam
1136 4767 1186 4827 si
1220 4785 1395 4845 parva
1423 4769 1480 4828 iu
1523 4768 1778 4849 decupla
1816 4770 1956 4832 fecit

299 4879 594 4935 crescere,
623 4858 998 4920 manifestum
1029 4856 1188 4937 quod
1229 4866 1286 4918 et
1332 4857 1499 4938 plura
1529 4859 1948 4942 dccuplicabit,

301 4951 546 5031 majoris
577 4947 724 5010 lucri
746 4956 951 5009 auctor
982 4947 1222 5009 domino
1253 4947 1509 5010 futurus.
1533 4948 1580 5007 A
1614 4947 1948 5026 negligente

300 5051 494 5102 autem
529 5049 589 5101 et
622 5038 917 5114 iguavo,et
947 5036 1042 5098 cui
1077 5055 1195 5097 non
1228 5044 1316 5098 est
1340 5036 1600 5098 studium
1630 5047 1946 5102 utcrescat

299 5142 354 5191 et
399 5136 685 5209 augeatur
714 5126 869 5207 quod
911 5135 1240 5206 acceperat,
1287 5136 1344 5188 et
1380 5126 1528 5186 istuc
1560 5127 1754 5206 ipsum
1788 5130 1944 5208 quod

301 5219 478 5281 habet
509 5218 837 5288 tolletur,ut
889 5233 966 5278 ne
1013 5234 1110 5277 res
1155 5215 1455 5278 dominica
1497 5215 1716 5278 frustra
1755 5226 1940 5295 vacet,

299 5328 430 5391 quae
453 5307 580 5370 dari
605 5313 796 5388 potest
826 5305 1021 5385 alteri,
1052 5316 1107 5368 et
1145 5303 1688 5387 multiplicari.ch
1712 5325 1827 5368 non
1853 5328 1946 5368 so-

300 5400 419 5460 lum
455 5398 527 5459 de
556 5413 833 5458 sermone
855 5402 912 5456 et
942 5395 1212 5458 doctrina
1239 5393 1616 5478 caponimus,
1650 5397 1755 5458 sed
1782 5407 1836 5459 et
1869 5398 1944 5459 de

376 5577 628 5642 9810an.
658 5591 740 5640 ιι.

2034 4422 2232 4489 ποιεῖν,
2293 4413 2411 4489 περὶ
2463 4409 2518 4466 δὲ
2572 4417 2678 4468 τῶν
2739 4412 3044 4487 μετέπειτα,
3085 4414 3211 4477 Θεὸς
3249 4412 3423 4491 κρινεῖ
3449 4413 3566 4473 τοὺς
3597 4413 3675 4486 μὴ

2033 4495 2362 4564 θελτίσαντας
2420 4497 2784 4580 ὠφεληθῆναι.
2862 4500 3077 4580 Αἴρεται
3152 4501 3239 4557 οὖν
3296 4503 3356 4558 16
3409 4500 3674 4581 χάρισμα,

2040 4589 2127 4643 καὶ
2177 4585 2370 4645 δίδοται
2429 4593 2506 4664 τῷ
2548 4589 2727 4668 ἀγαθῷ
2782 4599 3163 4669 πραγματευτῇ
3193 4607 3206 4620 ·
3260 4591 3356 4648 κᾶν
3403 4597 3504 4671 γὰρ
3546 4591 3677 4672 ἔχῃ,

2039 4675 2242 4752 μᾶλλον
2302 4675 2375 4733 δι’
2435 4679 2562 4734 αὐτὸ
2605 4687 2760 4736 τοῦτο
2813 4679 3008 4758 ὀφείλει
3039 4678 3204 4737 πλείω
3234 4679 3580 4756 προσλαϐεῖν.
3609 4684 3683 4738 Τὸ

2035 4766 2134 4845 γὰρ
2178 4764 2359 4846 ἔχοντι
2418 4765 2720 4844 δοθήσεται,
2783 4769 3047 4850 τουτέστι,
3112 4775 3190 4844 τῷ
3243 4769 3301 4826 ἐκ
3357 4777 3448 4828 τοῦ
3503 4769 3681 4834 καλῶς

2033 4856 2535 4933 πραγματεύσασθαι
2593 4856 2808 4914 πολλῶν
2867 4860 3240 4939 ειὶπορήσαντι,
3293 4860 3477 4933 ἐκείνῳ
3519 4859 3681 4930 δοθή-

2031 4964 2176 4999 σεται
2237 4945 2324 5000 καὶ
2383 4943 2573 5010 πλείω.
2628 4948 2684 5004 Εἰ
2741 4947 2838 5026 γὰρ
2868 4949 2932 5004 τὰ
2988 4947 3138 5027 ὀλίγα
3181 4948 3377 5017 ηύξησε
3405 4947 3676 5006 δεκαπλα-

2029 5034 2240 5110 σιάσας,
2327 5033 2590 5115 πρόδηλον
2667 5035 2746 5093 ὅτι
2831 5039 2898 5094 τὰ
2981 5037 3144 5095 πλείω
3213 5037 3670 5116 δεκαπλασιάζων,

2009 5122 2268 5188 ,πλείονος
2310 5123 2523 5205 κέρδους
2580 5126 2828 5204 πρόξενος
2888 5132 2967 5200 τῷ
3013 5125 3246 5206 δεσπότῃ
3276 5127 3474 5192 ἔσεται.
3536 5130 3671 5186 ’Λπὸ

2027 5209 2081 5267 δὲ
2136 5211 2364 5289 ἂμελοῦς
2421 5216 2508 5271 καὶ
2537 5215 2785 5296 ὀκνηροῦ,
2831 5219 2918 5274 καὶ
2963 5217 3040 5293 μὴ
3070 5217 3292 5286 αὐξῆσαι
3335 5217 3667 5276 σπουδάσαν-

2025 5323 2115 5366 τος
2173 5303 2200 5356 ὃ
2249 5300 2427 5379 ἔλαϐε,
2477 5307 2561 5362 καὶ
2597 5307 2720 5362 αὐτὸ
2746 5306 2946 5387 ἐκεῖνο,
2979 5307 3006 5363 ὂ
3038 5306 3182 5388 ἔχει,
3213 5308 3519 5388 ἀρθήσεται,
3576 5309 3668 5366 ἵνα

2025 5394 2104 5472 μὴ
2135 5393 2271 5470 ἀργῇ
2307 5395 2368 5450 τὸ
2410 5392 2717 5453 δεσποτικὸν
2775 5403 3018 5478 πρᾶγμα,
3068 5397 3282 5457 δυνατὸν
3335 5399 3394 5452 ὃν
3451 5398 3670 5466 δοθῆναι
