4116 6212
398 338 550 402 1029

1142 342 1581 407 ENAthATIU
1624 335 1696 406 1N
1745 339 2238 407 EV.—t.\'tjtith}.\l
2294 322 2522 403 Ltﬁzij.
2559 378 2628 386 —
2662 333 2823 404 CAP.
2876 342 3035 404 χιχ.

3619 341 3765 403 1030

391 473 579 552 ἑτέρῳ,
640 477 728 531 καὶ
787 473 1337 543 πολυπλασιασθῆναι,
1399 485 1568 534 Ταῦτα
1641 475 1694 532 δὲ
1755 475 1830 551 μὴ
1883 476 2034 550 μόνοι

2130 473 2452 535 muralibus
2486 473 2973 537 virtutibus.Nam
3007 484 3061 535 et
3083 475 3142 535 in
3177 475 3267 536 his
3291 473 3447 536 dona
3469 473 3637 535 nobis
3669 475 3767 535 de-

389 561 473 619 ἐπὶ
514 562 608 618 τοῦ⁹
654 563 838 642 λόγου,
899 566 985 620 καὶ
1039 567 1136 632 τῆς
1209 563 1543 632 διδασκαλίας
1614 564 2037 640 ἐκλαμϐάνομεν,

387 649 524 708 ἀλλά
579 653 666 708 καὶ
711 653 799 708 ἐπὶ
829 660 935 709 τῶν
986 654 1183 720 ἠθικῶν
1232 655 1454 733 ἀρετῶν.
1491 656 1593 714 Καὶ
1636 657 1735 734 γαρ
1765 655 1862 710 κᾶν
1912 654 2039 710 ταύ-

388 762 504 802 ταις
563 739 783 798 δέδωκεν
841 744 981 818 ἡμῖν
1017 745 1045 798 6
1113 745 1245 807 Θεὸς
1306 747 1634 823 χαρίσματα,
1695 751 1770 817 τῷ
1815 744 1910 808 μὲν
1954 767 2044 810 νη·

391 832 588 908 στείας,
632 838 708 906 τῷ
751 829 804 887 δὲ
835 831 1222 908 ἐλεημοσύνης,
1283 838 1358 908 τῷ
1389 833 1443 890 δὲ
1487 835 1812 912 πραότητος,
1858 841 1933 907 τῷ
1991 831 2042 888 δὲ

392 920 632 998 ἀτυφίας,
675 919 781 977 Κᾶν
811 923 909 996 μὲν
967 924 1243 1002 νήφωμεν,
1293 923 1791 997 πολυπλασιάζομεν
1832 929 1993 978 ταῦτα
2030 943 2040 954 ’

391 1005 452 1062 ἄν
501 1005 554 1063 δὲ
618 1009 954 1088 ῥᾳθυμῶμεν,
1007 1012 1092 1067 καὶ
1152 1011 1605 1090 ἆπονεκρωθῶμεν
1663 1017 1730 1087 τῇ
1792 1009 2044 1090 προαιρέ-

389 1118 491 1170 σει,
552 1097 768 1173 ὕστερον
847 1100 1192 1175 αἰτιασόμεθα
1275 1103 1367 1156 τὸν
1434 1103 1584 1168 Θεὸν,
1647 1102 1720 1163 ὡς
1793 1100 2047 1175 εἰώθαμεν

386 1184 582 1266 λέγειν,
623 1189 716 1244 Καὶ
748 1189 796 1244 τί
825 1190 1038 1258 ποιήσω
1077 1208 1091 1261 ;
1128 1189 1253 1246 Ἐὰν
1284 1192 1310 1245 6
1343 1188 1556 1265 δεῖναῇ
1600 1189 1772 1268 ἅγιος,
1823 1187 1960 1244 θέλει
2019 1191 2045 1244 6

389 1278 543 1347 Θεὸς,
605 1277 692 1332 καὶ
751 1276 891 1333 ἔστιν
939 1277 1091 1355 ἅγιος
1129 1297 1145 1314 ⁶
1205 1277 1299 1353 ἐμὲ
1344 1279 1402 1334 οὒ
1438 1279 1599 1358 θέὶει,
1645 1280 1732 1334 καὶ
1777 1281 1870 1334 οὐκ
1913 1279 2040 1353 εἶμί.

391 1366 484 1421 Καὶ
531 1365 738 1430 ἐκεῖνος
773 1367 966 1446 Πέτρος
1010 1367 1096 1446 ἧν,
1145 1367 1350 1432 ἐκεῖνος
1398 1367 1625 1431 Παῦλος,
1690 1368 1914 1434 Ἀνόητε
1944 1365 2041 1424 ἅν-

384 1458 582 1531 θρωπε,
630 1457 663 1524 ἡ
727 1463 830 1531 μ.νᾶ
890 1457 1023 1524 αὕτη
1084 1458 1277 1538 Πέτρον
1349 1481 1407 1514 σε
1465 1472 1614 1514 ποιεῖ
1673 1460 1757 1514 καὶ
1809 1456 2037 1518 Παῦλον.

385 1543 672 1623 ’Ἔργασαι
733 1543 788 1601 δὲ
819 1548 955 1602 κατὰ
999 1545 1237 1624 δύναμιν,
1283 1549 1371 1604 καὶ
1415 1549 1718 1626 προσάγαγέ
1767 1553 1922 1621 τιτῷ
1952 1547 2042 1602 δε-

388 1631 602 1712 δωκότι,
653 1634 751 1690 κᾶν
813 1637 890 1710 μὴ
942 1637 1065 1692 ὅσον
1107 1640 1133 1693 6
1181 1637 1394 1715 Πέτρος,
1455 1639 1540 1694 καὶ
1587 1635 1814 1701 Παῦλος
1869 1637 1932 1692 κὺ
1989 1634 2041 1690 δὲ

386 1724 451 1777 τὰ
507 1724 636 1779 αὐτὰ
679 1730 756 1798 τῷ
815 1726 991 1806 Πέτριιι
1045 1729 1130 1782 καὶ
1183 1734 1259 1800 τῷ
1305 1725 1495 1800 Παύλῳ
1551 1724 1828 1802 δεξάμενος
1864 1746 1877 1758 ⁸
1953 1724 2045 1780 κᾶ-

2126 567 2209 624 dit
2236 564 2624 644 Deus,utpote
2658 565 2756 624 uni
2785 564 3004 625 donum
3030 564 3272 644 jejunii,
3305 564 3398 624 alii
3432 582 3568 624 vero
3602 564 3768 624 elee-

2128 653 2512 732 inusyme,alii
2532 662 2724 714 autem
2748 653 3553 725 :nansuetudinis,aliiautem
3583 653 3769 714 lmini-

2129 742 2326 802 litatis.
2359 742 2423 801 Et
2457 742 2503 802 si
2551 742 2788 822 quidem
2832 741 3013 802 sobrii
3045 744 3329 802 fuerimus
3351 751 3410 802 et
3438 741 3764 820 vigilantes,

2130 831 2656 911 multiplicabimus
2691 832 2812 892 haec
2847 858 2859 894 ;
2898 832 2991 891 sin
3038 841 3229 892 autem
3291 832 3680 910 negligentes,
3713 842 3768 893 et

2131 920 2430 982 voluntate
2493 921 2732 996 mortui,
2801 931 3002 1001 postea
3070 939 3382 998 argueinus
3435 923 3643 993 Deum,
3707 931 3769 984 ut

2130 1010 2544 1070 consuevimus
2574 1011 2775 1073 dicere
2831 1031 2843 1070 :
2900 1013 2968 1072 Et
3017 1009 3155 1090 quid
3211 1008 3479 1070 faciam?
3529 1010 3593 1069 Si
3639 1011 3771 1089 quis

2130 1097 2305 1159 fuerit
2337 1110 2601 1174 sanctus,
2638 1100 2760 1160 vult
2791 1103 2970 1178 Deus,
3003 1107 3056 1158 et
3086 1107 3174 1159 est
3201 1107 3442 1160 sanctus
3481 1121 3492 1156 :
3525 1117 3619 1159 me
3653 1118 3767 1159 non

2128 1188 2272 1260 vult,
2309 1198 2368 1249 et
2400 1207 2518 1250 non
2551 1209 2708 1252 sum:
2743 1198 2799 1250 et
2831 1190 2932 1249 i-le
2963 1188 3169 1248 Petrus
3198 1187 3397 1260 fuit,et
3428 1186 3527 1248 ille
3555 1188 3768 1248 Paulus

2127 1276 2258 1340 fuit.
2291 1278 2480 1340 Stulte
2503 1279 2702 1351 homo,
2738 1281 2898 1339 mina
2929 1279 3028 1339 illa
3056 1277 3296 1338 Paulum
3329 1286 3384 1337 te
3405 1275 3545 1338 fecit
3566 1285 3620 1336 et
3655 1279 3769 1338 Pe-

2129 1365 2578 1448 trum.0perare
2609 1378 2798 1429 autem
2823 1366 3530 1448 jnxtavirtutem,etall'er
3549 1363 3769 1445 aliquid

2128 1460 2179 1517 ei
2213 1456 2311 1537 qui
2330 1456 2515 1525 dedit.
2553 1458 2783 1519 etiamsi
2810 1478 2922 1518 non
2949 1455 3453 1538 quantuml’aulus
3477 1463 3532 1516 et
3563 1453 3771 1515 Petrus

2127 1545 2210 1606 'l‘u
2235 1555 2427 1606 autem
2454 1565 2587 1606 cum
2605 1547 2814 1608 eadem
2841 1546 3147 1626 acceperis
3166 1564 3294 1626 qua;
3319 1545 3522 1604 Petrus
3540 1548 3602 1606 et
3626 1543 3768 1604 Pau-

2128 1634 2216 1695 lus
2249 1656 2264 1695 :
2301 1653 2434 1696 nam
2466 1646 2523 1697 et
2550 1635 2650 1698 ille
2683 1636 2928 1707 minam,
2963 1645 3019 1698 t-t
3049 1645 3108 1696 tu
3137 1636 3379 1696 minam:
3420 1643 3618 1714 postea
3651 1652 3768 1693 non

2129 1734 2320 1784 motus
2346 1727 2586 1786 omnino
2619 1725 2687 1786 ad
2706 1724 3111 1804 operationem
3134 1724 3295 1801 boni,
3323 1723 3522 1802 arguis
3547 1721 3768 1783 Deum?

389 1823 566 1874 κεῖνος
625 1814 723 1892 γὰρ
767 1820 924 1894 μνᾶν,
961 1818 1049 1871 καὶ
1093 1817 1155 1871 σὺ
1213 1822 1348 1891 μνᾶν
1393 1815 1575 1871 ἔπειτα
1619 1813 1755 1890 μηδὲ
1813 1816 2034 1881 κινηθεὶς

2129 1817 2377 1892 l’ropter
2401 1815 2510 1875 hoc
2534 1814 2761 1893 indigni
2783 1814 3003 1875 inventi
3027 1810 3762 1890 donis,illisspoliabimur.

388 1899 525 1964 ὅλως
577 1903 648 1965 εἷς
710 1904 956 1981 ἐργασίαν
1008 1907 1103 1962 τοῦ
1155 1903 1320 1961 καλοῦ
1377 1907 1519 1976 αἰτιᾷ
1583 1907 1673 1961 τὸι
1719 1904 1895 1976 Sed»;
1947 1905 2034 1959 Διὰ

2127 1901 2405 1963 Inimicos
2437 1922 2624 1983 meos,
2659 1903 2826 1977 dicit,
2862 1921 2964 1964 eos
2995 1903 3094 1983 qui
3126 1902 3333 1962 nolunt
3367 1919 3462 1960 me
3518 1917 3769 1976 regnare

387 1998 540 2046 τοῦτο
599 1991 796 2056 ἀνάξιοι
859 1994 1224 2072 εὑρισκόμενοι
1301 2001 1406 2050 τῶν
1461 1995 1835 2074 χαρισμάτων,
1898 1993 2034 2051 ἁπο-

2124 1990 2398 2052 adducite
2429 1993 2570 2066 huc,
2597 2002 2652 2053 et
2675 1990 3188 2054 occiditeJudmus
3211 1989 3532 2069 dicit,quos
3553 1988 3768 2049 interi-

385 2080 719 2158 γομνούμεθα
771 2083 996 2144 τούτων.
1088 2085 1220 2149 Τοὺς
1303 2082 1357 2140 δὲ
1416 2085 1635 2164 ἐχθρούς
1698 2106 1822 2163 μου,
1886 2085 2034 2163 φησὶ,

2127 2079 2208 2139 tui
2243 2081 2455 2154 tradet,
2488 2083 2542 2141 in
2572 2081 2770 2160 ignem
2805 2091 3092 2142 aeternum
3116 2079 3356 2141 mittens
3389 2079 3542 2140 illos.
3575 2079 3770 2157 Atque

385 2169 505 2232 τοὺς
563 2170 640 2244 μὴ
692 2168 940 2236 θέλοντάς
993 2194 1060 2248 με
1118 2172 1447 2253 βασιλεῦσαι,
1498 2174 1725 2253 ἀγάγετε
1784 2171 1910 2253 ῶδε,
1956 2174 2034 2230 κοῖ

2124 2169 2270 2232 adeo
2296 2170 2377 2229 illi
2405 2170 2608 2232 miseri
2630 2173 2685 2231 in
2709 2172 2822 2232 hoc
2847 2169 3409 2230 mundooccisisunt
3429 2186 3462 2229 a
3486 2165 3769 2228 Romanis

386 2256 612 2336 σφάξατε
650 2277 664 2292 ⁸
728 2262 848 2324 τοὺς
911 2260 1189 2326 Ἰουδαίους
1235 2265 1417 2343 φησὶν,
1450 2265 1535 2325 οὒς
1569 2267 1868 2342 καταφθορᾷ
1926 2285 2034 2319 πα-

2123 2259 2942 2339 exercitibus,servanturque
2965 2255 3637 2336 internecioniquzeillic
3653 2262 3765 2316 est.

399 2344 645 2424 ραδώσει,
679 2350 750 2413 εἷς
782 2352 841 2406 τὸ
866 2350 967 2430 πῦρ
996 2353 1056 2407 τὸ
1079 2351 1330 2430 ὲξώτερον
1384 2353 1756 2432 παραπέμπων
1815 2353 2022 2415 αὐτούς.
2062 2351 2155 2408 Καὶ
2209 2349 2391 2424 μέντοι
2425 2350 2569 2406 οὗτοι
2603 2355 2648 2407 οἱ
2678 2351 2844 2408 ἄθλιοι
2875 2351 3153 2422 κάνταῦθα,
3187 2351 3239 2404 ἓν
3268 2352 3345 2422 τῷ
3385 2348 3572 2423 κόσμῳ
3602 2352 3768 2402 τοῦτω

389 2438 548 2514 φημὶ,
593 2439 1004 2517 κατεσφάγησαν
1031 2442 1131 2497 ὑπὸ
1161 2465 1266 2498 των
1295 2432 1611 2517 Ῥωμαϊκῶν
1643 2442 2070 2521 στρατευμάτων,
2118 2440 2430 2516 τηρούμενοι
2461 2441 2549 2495 καὶ
2591 2439 2939 2520 φυλαξάμενοι
2975 2448 3038 2512 τῇ
3067 2439 3181 2494 ἐκεῖ
3212 2443 3409 2518 σφαγῇ.

479 2547 502 2580 ε
545 2528 640 2584 Καὶ
695 2526 902 2606 ἐγένετο
961 2532 1033 2593 ὡς
1085 2529 1304 2609 ἤγγισεν
1352 2533 1424 2596 εἷς
1471 2536 1751 2611 Βηθφαγὴ,
1797 2540 1882 2587 καὶ
1923 2539 2038 2597 Βη-

393 2615 570 2670 θανίαν
621 2619 752 2695 πρὸς
811 2619 871 2676 τὸ
929 2617 1046 2697 ὅρος
1104 2621 1164 2676 τὸ
1235 2619 1559 2692 καλούμενον
1621 2620 1869 2689 Ἐλαιῶν,
1929 2621 2037 2677 ἀπ-

395 2702 593 2760 έστειλε
654 2704 743 2762 δύο
799 2708 906 2763 τῶν
949 2713 1200 2783 μαθητῶν
1244 2710 1401 2768 αὐτοῦ
1444 2711 1626 2767 εἰπών·
1677 2707 1932 2788 Ὑπάγετε
1966 2712 2037 2774 εἷς

388 2794 486 2860 cii:
546 2795 821 2852 κατέναντι
875 2798 1088 2871 κώμην,
1135 2801 1190 2854 ἒν
1243 2801 1756 2878 ᾗείσπορευόμενοι,
1793 2801 2036 2878 εὗρήσετε

389 2882 570 2942 πῶλον
631 2882 928 2966 δεδεμένον,
981 2886 1062 2966 ἐφ’
1120 2889 1176 2945 ὃν
1234 2887 1396 2951 οὐδεὶς
1456 2890 1696 2962 πώποτε,
1749 2889 2036 2968 ἀνθρώπων

381 2974 594 3030 ἒκάθισε
633 2991 646 3005 ⁸
694 2973 942 3040 λύσαντες
987 2979 1141 3034 αὑτὸν
1199 2978 1447 3058 ἀγάγετε,
1510 2981 1597 3034 καὶ
1627 2981 1716 3035 ὲάν
1766 3002 1846 3044 τις
1900 2981 2034 3054 ὑμᾶς

387 3065 582 3144 ἐρωτᾷ,
618 3067 766 3121 Διατί
808 3063 954 3122 λύετε
989 3087 1007 3143 ;
1038 3067 1202 3130 οὕτως
1235 3067 1406 3147 ἐρεῖτε
1446 3070 1612 3148 αὐτῷ,
1644 3067 1724 3124 ὅτι
1759 3059 1815 3126 ’0
1850 3069 2034 3149 Κύριος

387 3152 547 3212 αὒτοῦ
600 3156 786 3234 χρείαν
840 3155 982 3236 ἔχει,
1047 3155 1392 3221 Ἀπελθόντες
1441 3156 1496 3214 δὲ
1541 3159 1588 3214 οἱ
1620 3156 2032 3238 ἀπεσταλμένοι,

390 3240 536 3320 εὖρον
593 3243 768 3306 καθὼς
819 3245 972 3301 εἶπεν
1033 3245 1240 3310 αὐτοῖς.
1304 3249 1549 3304 Λυόντων
1591 3245 1645 3303 δὲ
1705 3251 1874 3307 αὐτῶν
1943 3250 2034 3304 τὸν

393 3329 597 3404 πῶλον,
645 3333 804 3390 εἶπον
835 3337 882 3389 οἱ
925 3335 1092 3412 κύριοι
1153 3335 1311 3393 αὺτοῦ
1355 3338 1487 3415 πρὸς
1518 3337 1704 3404 αὐτοὺς
1739 3354 1753 3369 ·
1787 3339 1846 3394 Τί
1887 3337 2035 3394 λύετε

393 3420 483 3507 τον
539 3419 720 3476 πῶλον
755 3437 772 3495 ;
805 3424 864 3479 Ol
885 3420 942 3477 δὲ
971 3423 1150 3480 εἶπον·
1189 3415 1246 3482 ’0
1273 3426 1459 3506 Κύριος
1492 3430 1648 3486 αὖτοῦ
1676 3428 1860 3507 χρείαν
1893 3425 2032 3507 ἔχει,

391 3504 494 3566 Καὶ
539 3507 740 3598 ἤγαγον
797 3510 952 3568 αὒτίιν
1008 3515 1138 3592 πρὸς
1186 3516 1278 3571 τὸν
1336 3504 1565 3598 Ἰησοῦν,
1610 3504 2035 3594 καὶ-έπιῤῥίψαν-

383 3617 473 3662 τες
534 3597 736 3655 ἑαυτῶν
791 3602 856 3657 τὰ
899 3602 1084 3679 ἱμάτια
1127 3603 1212 3659 ἐπὶ
1241 3605 1331 3661 τὸν
1359 3597 1563 3686 πῶλον,
1598 3602 1910 3662 ἐπεϐίϐασαν
1945 3607 2035 3662 τὸν

389 3683 615 3752 ἰησοῦνι
709 3690 1066 3768 Πορευομένου
1153 3689 1208 3746 δὲ
1266 3695 1445 3775 αὐτοῦ,
1526 3694 1912 3773 ὑπεστρώννυον
1969 3695 2035 3750 τὰ

383 3774 568 3848 ἱμάτια
622 3777 792 3834 αὐτῶν
835 3778 890 3834 ἐν
931 3785 999 3856 τῇ
1051 3777 1176 3854 ὁδῷ.
1239 3774 1573 3860 Ἐγγίζοντος
1627 3781 1682 3839 δὲ
1737 3787 1892 3843 αὐτοῦ
1930 3781 2032 3851 ἤδη

381 3865 510 3942 πρὸς
540 3870 610 3942 τῇ
668 3864 954 3924 καταϐάσει
1015 3877 1106 3926 τοῦ
1168 3869 1317 3950 ὅρους
1374 3874 1480 3928 τῶν
1527 3864 1778 3954 Ἐλαιῶν,
1811 3871 2034 3952 ἤρξαντο

378 3953 521 4010 ἅπαν
575 3957 636 4011 τὸ
692 3955 893 4025 πλῆθος
923 3964 1030 4014 τῶν
1084 3963 1336 4036 μαθητῶν
1394 3963 1699 4042 χαίροντες,
1745 3953 1912 4018 αἰνεῖν
1941 3964 2031 4018 τὸν

383 4044 514 4098 Θεὸν
574 4050 724 4124 φωνῇ
767 4047 979 4124 μεγάλῃ
1020 4051 1137 4128 περὶ
1180 4057 1388 4129 πασῶν,
1433 4053 1508 4106 ὧν
1539 4049 1680 4108 εἶδον
1735 4049 2028 4126 δυνάμεων.

383 4130 628 4210 λέγοντες
661 4152 676 4168 ο
711 4133 1080 4214 Εὑλογημένος
1141 4142 1168 4196 ὁ
1214 4139 1508 4219 ἐρχόμενος
1540 4139 1790 4204 Βασιλεὺς
1823 4140 1874 4197 ἐν
1906 4141 2032 4197 ὀνό-

388 4242 515 4296 ματι
549 4221 759 4299 Κυρίου.
788 4225 987 4302 Εἰρήνη
1034 4227 1088 4282 ὲν
1141 4229 1364 4307 οὐρανῷ,
1397 4230 1483 4285 καὶ
1513 4227 1634 4295 δόξα
1663 4229 1716 4285 ὲν
1769 4231 2030 4305 ὑψίστοις.

389 4311 488 4367 Καί
537 4331 676 4376 τινες
730 4318 837 4368 τῶν
883 4319 1182 4395 Φαρισαίων
1230 4317 1335 4374 ἀπὸ
1387 4325 1480 4375 τοῦ
1521 4317 1691 4398 ὄχλου
1719 4323 1873 4376 εἷπον
1901 4323 2032 4399 πρὸς

392 4402 548 4458 αὐτόν
581 4419 596 4432 ⁸
665 4401 979 4480 Διδάσκαλε,
1040 4407 1356 4484 ἐπιτίμησον
1414 4423 1530 4472 τοῖς
1587 4414 1856 4484 μαθηταῖς
1914 4433 2028 4470 σου.

388 4492 484 4549 Καὶ
543 4492 844 4567 ἀποκριθεὶς
904 4495 1061 4552 εἶπεν
1111 4498 1293 4561 αὐτοῖς
1328 4513 1343 4528 ⁸
1398 4498 1551 4576 Λέγω
1599 4499 1751 4580 ὑμῖν,
1803 4497 1882 4555 ὅτι
1943 4499 2030 4556 ἐὰν

384 4582 522 4636 οὗτοι
570 4586 941 4665 σιωπήσωσιν,
1005 4588 1050 4642 οἱ
1108 4584 1238 4642 λίθοι
1293 4585 1655 4666 κεκράξονται.
1714 4612 1736 4646 ν
1809 4589 1912 4645 Δύο
1978 4589 2032 4645 ἐν

383 4675 560 4745 ταυτῷ
619 4675 646 4728 6
675 4674 863 4754 Κύριος
893 4674 1174 4742 ὑποδηλῶν
1232 4675 1317 4733 ἰπὶ
1344 4683 1436 4734 τοῦ
1464 4677 1645 4734 πώλου
1675 4678 1867 4750 καθίζει
1900 4695 1914 4710 ⁸
1978 4681 2031 4738 ἓν

385 4761 504 4835 μὶν.
538 4760 758 4841 πληρῶν
789 4765 1110 4844 προφητείαν
1146 4766 1238 4833 τὴν
1283 4764 1562 4846 λέγουσαν,
1626 4765 1755 4824 Ἰδοὺ
1805 4770 1832 4824 6
1874 4770 2028 4846 βασι-

388 4852 508 4913 λεύς
566 4873 659 4910 σου
717 4851 933 4932 ἔρχεται
986 4855 1283 4930 καθήμενος
1350 4854 1435 4911 ἐπὶ
1505 4855 1623 4912 ὄνου
1657 4877 1668 4889 ·
1717 4855 1894 4936 ἕτερον
1950 4855 2029 4937 δὲ,

383 4946 648 5018 τροπικῶς
697 4945 833 5017 ἡμῖν
885 4943 1268 5024 αἰνιττόμενος,
1328 4947 1407 5000 ὅτι
1462 4943 1772 5016 ἐπιϐήσεται
1828 4947 1911 5003 ἐπὶ
1939 4948 2032 5003 τὸν

386 5029 525 5111 νέον,
582 5032 670 5086 καὶ
720 5031 1032 5112 ἀκάθαρτον,
1095 5034 1183 5088 καὶ
1262 5031 1560 5110 ἀδάμαστον
1618 5034 1819 5092 ἐθνικὺν
1877 5033 2034 5106 λαόν.

387 5121 460 5176 Οὔ
507 5121 608 5200 γὰρ
666 5118 834 5192 δήπου
894 5119 978 5178 διὰ
1032 5123 1095 5178 τὸ
1152 5127 1250 5189 τῆς
1305 5121 1425 5182 ὁδοῦ
1480 5129 1656 5199 μῆκος
1728 5122 1898 5182 ἐδεῖτο
1939 5132 2031 5182 τοῦ

383 5210 660 5289 ὑποζυγίου
695 5226 708 5240 ⁸
786 5209 814 5265 6
882 5211 981 5290 γὰρ
1055 5218 1228 5268 πᾶσαν
1299 5210 1580 5270 Γαλιλαίαν
1634 5215 1722 5270 καὶ
1779 5212 2032 5271 Ἰουδαίαν

382 5306 516 5377 πεζῇ
567 5301 1013 5380 περιερχόμενος,
1073 5307 1188 5364 πῶς
1233 5299 1294 5355 ἂν
1337 5301 1442 5358 ἀπὸ
1488 5305 1744 5370 Βηθανίας
1805 5305 1876 5366 εἰς
1919 5303 2025 5360 Ἰε-

381 5389 658 5468 ρουσαλὴμ
686 5389 860 5472 διϊὼν,
895 5389 1083 5460 ἐδεήθη
1136 5397 1227 5447 τοῦ
1269 5389 1472 5472 πώλου,
1509 5392 1717 5472 ,ὀλίγου
1759 5393 1906 5460 ὄντος
1934 5404 2028 5453 τοῦ

381 5479 766 5556 διαστήματος,
828 5470 900 5544 ὣς
951 5480 1143 5544 πάντες
1197 5478 1375 5537 ἴσασιν
1408 5501 1426 5554 ;
1459 5470 1660 5562 ἬΟπερ
1721 5485 1808 5540 οὖν
1840 5484 2022 5558 εἶπον,

375 5576 645 5646 μυστικῶς
696 5577 857 5628 ταῦτα
901 5583 1072 5630 ποιεῖ.
1111 5566 1396 5646 Διδεμένος
1439 5568 1493 5627 δὲ
1524 5570 1589 5639 ἧν
1647 5573 1676 5628 ὁ
1729 5571 1907 5638 πῶλος
1938 5566 2024 5628 καὶ

464 5716 553 5769 9⁸³
579 5717 788 5783 Matth.
818 5734 941 5798 ιιι,
971 5718 1030 5781 5.

2204 2526 2613 2592 Vans.29-40.
2641 2527 2743 2589 cEt
2772 2529 2988 2591 factum
3014 2536 3103 2590 est
3130 2526 3268 2587 dum
3294 2525 3766 2606 appropinquas-

2123 2625 2213 2679 set
2243 2620 2312 2678 ad
2350 2617 2692 2698 Bethphage
2726 2629 2783 2680 et
2813 2618 3155 2680 Bethaniam
3180 2616 3352 2695 juxta
3380 2623 3640 2674 montem
3660 2613 3761 2690 qui

2122 2713 2362 2768 vocatur
2382 2705 2706 2781 Olivarum,
2749 2707 2910 2768 misit
2939 2709 3086 2768 duos
3116 2703 3444 2783 discipulos
3473 2719 3636 2781 suos,
3662 2702 3762 2760 di-

2122 2816 2285 2858 cens:
2323 2794 2405 2856 [te
2438 2796 2496 2856 in
2530 2797 2838 2857 castellum
2873 2796 3027 2876 quod
3069 2813 3100 2854 e
3125 2793 3367 2872 regione
3397 2790 3575 2871 est,in
3595 2790 3760 2862 Quod

2121 2887 2489 2946 intrueuntes
2520 2884 2838 2947 invenietis
2871 2885 3094 2964 pullum
3127 2881 3664 2958 asinae,alligatum,
3703 2880 3762 2939 in

2121 2994 2235 3055 quo
2274 2992 2448 3034 nemo
2472 2993 2728 3053 unquam
2762 2975 3068 3034 hominum
3103 2971 3274 3033 sedit.
3317 2968 3536 3032 Solvite
3567 2967 3758 3048 illum,

2119 3073 2176 3125 et
2205 3062 2501 3125 adducite.
2537 3062 2607 3123 Et
2661 3062 2711 3123 si
2744 3061 2874 3144 quis
2931 3080 3033 3124 vos
3064 3057 3535 3138 interrogaverit,
3570 3055 3762 3129 Quare

2117 3151 2370 3213 solvitis?
2382 3151 2468 3213 sic
2497 3152 2706 3214 dtcetis
2731 3151 2962 3224 eizQuia
2983 3151 3269 3213 Dominus
3287 3166 3359 3210 eo
3391 3165 3537 3227 opus
3558 3145 3760 3210 habet.

2121 3239 2407 3304 Ahierunt
2423 3249 2617 3302 autem
2642 3241 2746 3322 qui
2765 3241 2930 3302 missi
2954 3248 3216 3311 erai.t.et
3238 3238 3590 3299 invenerunt
3611 3234 3760 3296 sicut

2119 3329 2350 3392 dixerat
2383 3330 2520 3392 illis.
2551 3328 2926 3393 Solventibus
2955 3339 3153 3392 autem
3178 3327 3295 3391 illis
3320 3325 3570 3406 pullum,
3602 3323 3762 3386 dixe-

2120 3430 2258 3484 runt
2285 3420 2514 3482 domini
2547 3420 2674 3500 ejus
2717 3419 2787 3480 ad
2821 3420 2973 3482 illos:
3008 3418 3202 3491 Quare
3233 3415 3456 3478 solvitis
3488 3413 3709 3495 pullum
3737 3412 3763 3474 ?

2120 3517 2190 3572 At
2223 3511 2304 3572 illi
2338 3509 2616 3572 dixerunt
2645 3533 2657 3572 :
2710 3508 2854 3582 Quia
2879 3509 3165 3572 Dominus
3194 3526 3262 3568 ε)
3290 3523 3440 3586 opus
3457 3503 3656 3566 habet.
3690 3501 3763 3564 Et

2119 3601 2413 3662 duxerunt
2446 3599 2610 3660 illum
2645 3600 2715 3660 ad
2745 3602 2970 3674 Jesum,
3005 3607 3063 3659 et
3108 3597 3341 3677 injectis
3396 3592 3763 3655 vestimentis

2118 3689 2242 3751 suis
2272 3707 2451 3770 super
2473 3689 3141 3771 pullum.imposuerunt
3168 3688 3390 3748 .Iesum.
3427 3680 3762 3771 448Eunte

2117 3787 2314 3839 autem
2351 3770 2952 3853 illo,substernebant
2973 3776 3322 3838 vestimenta
3343 3789 3448 3834 sua
3467 3771 3528 3833 in
3555 3771 3664 3833 via.
3691 3770 3761 3834 Et

2119 3886 2251 3928 cum
2283 3867 2788 3948 appropinquaret
2803 3867 2926 3946 jam
2941 3865 3014 3927 ad
3038 3866 3393 3927 descensum
3413 3858 3759 3923 montisOli-

2116 3975 2343 4030 varum,
2377 3970 2688 4037 cmperunt
2716 3957 2911 4018 omnis
2969 3953 3284 4016 multitudo
3335 3949 3756 4030 discipulorum

2111 4046 2435 4125 gaudentes
2457 4045 2887 4108 laudareDeum
2907 4063 3045 4106 voce
3059 4061 3272 4122 magna
3283 4061 3350 4103 su
3359 4057 3466 4124 per
3481 4037 3758 4100 omnibus

2115 4155 2259 4215 quas
2291 4136 2564 4198 viderunt
2594 4133 3229 4216 virtntibus,dicentes:
3266 4127 3627 4216 Benedictus
3655 4130 3756 4208 qui

2114 4223 2276 4287 venit
2298 4224 2493 4286 Rexin
2527 4225 2768 4286 nomine
2799 4215 3184 4285 Domini.Pax
3206 4221 3264 4282 in
3289 4219 3458 4293 ccelo,
3489 4223 3548 4279 et
3568 4215 3761 4293 gloria

2117 4313 2174 4374 in
2207 4311 2606 4375 altissimisEt
2634 4311 3310 4393 quidamPhariszeorum
3331 4328 3363 4370 e
3386 4306 3557 4370 turba
3585 4307 3756 4369 dixe-

2114 4411 2254 4463 runt
2282 4403 2354 4464 ad
2390 4403 2594 4464 illum:
2630 4403 2926 4482 Magister,
2973 4401 3218 4482 increpa
3247 4395 3572 4474 discipulos
3602 4404 3752 4460 tuos.

2117 4491 2344 4564 Quibus
2387 4491 2516 4573 ipse
2544 4492 2662 4552 ait:
2697 4491 2840 4553 Dico
2869 4490 3055 4572 vobis,
3090 4489 3244 4572 quod
3277 4489 3325 4550 si
3349 4489 3410 4551 hi
3442 4489 3752 4562 tacuerint,

2119 4599 2253 4643 mox
2286 4581 2513 4663 lapides
2546 4580 2903 4642 clamabunt.
2942 4603 2970 4640 ι
3008 4579 3295 4644 Dominus
3321 4599 3502 4660 super
3534 4579 3754 4662 pullum

2116 4672 2354 4745 sedens,
2387 4673 2504 4733 duo
2537 4671 2816 4732 declarat:
2847 4689 3028 4733 unum
3053 4669 3209 4750 quod
3234 4669 3476 4749 impleat
3505 4669 3757 4752 prophe-

2118 4761 2256 4824 tiam
2276 4761 2596 4823 dicentem:
2613 4760 2797 4821 chce
2820 4777 2920 4821 rex
2939 4769 3071 4820 tuus
3093 4760 3483 4820 venitsedens
3504 4778 3684 4839 super
3700 4777 3758 4818 a-

2115 4849 2420 4922 sinam98';
2436 4849 2796 4912 isecundum
2812 4847 3756 4929 ﬁgulariternobisinsinuatquod

2115 4957 2388 5002 sessurus
2409 4939 2484 5000 sit
2513 4957 2694 5019 super
2708 4957 2919 4999 novum
2944 4947 3002 5000 et
3023 4935 3375 4999 indomitum
3403 4944 3460 4997 et
3489 4936 3753 5002 immun-

2117 5027 2256 5088 dum
2284 5027 2560 5109 populum
2580 5025 3022 5104 gentilcm.Non
3039 5026 3198 5088 enim
3222 5025 3496 5088 videlicet
3521 5043 3626 5106 pro
3651 5031 3754 5094 iti-

2116 5117 2276 5178 neris
2307 5117 2676 5196 longitudine
2694 5117 2971 5196 jumento
2996 5135 3142 5196 opus
3165 5115 3441 5179 habebat.
3463 5112 3573 5186 Qui
3594 5122 3752 5188 enim

2116 5218 2223 5288 per
2254 5214 2430 5268 totam
2456 5205 2754 5268 Galilaeam
2801 5213 2860 5268 et
2910 5206 3170 5268 Judaam
3228 5207 3487 5288 pedestri
3543 5211 3755 5272 itinere

2110 5294 2421 5370 circuibat,
2447 5295 2744 5376 quomodo
2767 5315 2800 5357 a
2826 5293 3110 5357 Bethania
3131 5295 3191 5357 in
3213 5299 3544 5363 Jerusalem
3567 5309 3752 5361 trans-

2111 5386 2240 5448 iens
2267 5395 2504 5464 rogaret
2535 5395 2598 5446 ut
2627 5385 2822 5466 pullus
2870 5384 2984 5448 sibi
3037 5385 3301 5448 daretur.
3333 5407 3466 5452 cum
3499 5409 3622 5452 non
3679 5387 3756 5450 sit

2110 5485 2273 5537 tanta
2299 5473 2598 5548 distantia,
2632 5483 2696 5535 ut
2713 5475 2911 5538 sciunt
2929 5479 3166 5537 omnes?
3185 5477 3464 5558 Proinde,
3490 5487 3554 5542 ut
3582 5477 3752 5540 dice-

2108 5565 2266 5644 bam,
2302 5562 2545 5643 mystica
2573 5571 2714 5626 sunt
2735 5563 3136 5631 haec.Vinctus
3151 5575 3346 5630 autem
3378 5575 3505 5631 erat
3529 5567 3745 5651 pullus,
