4116 6212
385 303 524 370 1031

1365 299 1961 366 THEOPHYLACTI
2003 298 2417 364 BULGARIE
2460 263 2820 368 ARCHIEP.

3645 307 3804 373 1032

373 449 430 498 et
461 438 738 499 dominos
773 435 1279 498 babehatmultos:
1307 434 1407 494 sed
1445 433 1672 494 solutus
1695 442 1781 492 cst
1811 432 1885 493 ab
1904 453 2030 514 apo.

2125 435 2330 514 κυρίους
2386 438 2514 517 εἶχε
2559 436 2814 508 πολλοὺς,
2847 438 2984 504 ἀλλὰ
3013 439 3188 498 λύεται
3239 444 3384 520 παρὰ
3417 447 3524 497 τῶν
3555 443 3806 499 ἀποστό-

374 529 565 602 stolis,
601 529 712 588 hoc
745 538 830 588 est
866 525 938 586 ab
976 525 1066 586 his
1097 525 1198 604 qui
1259 524 1422 585 missi
1487 525 1743 584 fuerunt.
1783 519 2038 584 Sensum

369 628 562 679 autem
595 618 753 678 hunc
783 615 963 676 habet
998 635 1010 675 :
1047 614 1332 676 Bctlianii
1368 613 1610 694 quidem
1646 613 1856 672 domus
1891 613 2038 674 obc-

367 705 524 768 dicnt
542 703 1418 783 izeinterpretatur,Bethphage
1439 701 1811 773 vero,«lomu<
1839 703 2038 764 maxil-

369 797 587 858 larum.
606 799 740 858 Erat
767 812 910 854 sane
935 793 1099 854 vicus
1118 789 1761 854 sacerdotumEtenim
1793 791 2043 853 maxilla:

367 885 786 946 sacerdotibus
817 883 1136 961 dabantur,
1168 882 1316 942 sicut
1349 881 1405 941 in
1442 881 1570 959 lege
1601 879 1887 955 scriptum
1926 892 2035 943 est.

369 974 666 1036 Iudicatur
689 981 886 1034 autem
914 991 1018 1049 per
1043 971 1305 1031 maxillas
1329 967 2038 1049 sermo(loctrinzn,.[uetii

370 1063 716 1144 spirituales
752 1060 1006 1122 maxillae
1029 1059 1706 1139 el'ticiunt,etattenuant
1738 1055 1845 1122 Ubi
1872 1059 2049 1135 igitur

386 1156 598 1214 domus
615 1147 1296 1221 sermonisdoctrinze,et
1319 1147 1673 1209 obedientiaa
1689 1168 1826 1229 erga
1853 1147 2042 1211 illum.

389 1244 524 1304 illuc
547 1237 1142 1316 mittunturdiscipuli
1171 1236 2042 1320 Domini,etsolvuntpopnlum

387 1331 612 1392 catenis
639 1338 1014 1408 peccatorum
1044 1328 1306 1404 ligatum,
1338 1326 1654 1407 multisque
1680 1331 1836 1390 curis
1867 1330 1996 1390 vita:
2024 1351 2036 1391 :

390 1433 450 1481 et
474 1440 575 1500 pro
601 1440 670 1481 eo
699 1417 855 1499 quod
883 1417 1057 1477 habet
1085 1416 1298 1476 inultos
1343 1415 1618 1476 dominos
1666 1429 1721 1478 et
1748 1419 1917 1493 deos,
1948 1419 2036 1479 fa-

335 1523 352 1536 ’
389 1513 550 1573 ciunt
573 1529 706 1569 eum
729 1508 950 1568 habere
967 1526 1147 1566 unum
1167 1505 1681 1566 DominumJesum
1709 1507 2034 1582 Christum,

391 1609 443 1660 et
480 1617 654 1660 unum
690 1597 870 1658 Deum
908 1593 1284 1658 Patrem.Ubi
1319 1605 1514 1656 autem
1558 1615 1673 1655 non
1703 1607 1790 1657 est
1826 1597 2038 1657 domus

390 1687 770 1764 obedientize,
806 1686 892 1746 vel
921 1684 1222 1762 cnsceptin
1248 1683 1408 1743 verbi
1434 1685 1741 1758 doctrinae,
1779 1686 1858 1746 ibi
1894 1688 2032 1747 illud

395 1798 506 1837 non
541 1778 846 1855 ﬁt,neque
883 1775 1076 1854 pullus
1109 1773 1355 1833 solvitur
1417 1775 1572 1834 Duos
1602 1786 1796 1834 autem
1830 1779 2030 1835 missos

2123 1773 2284 1852 λόγου
2364 1773 2756 1848 διδασκαλικοῦ,

393 1887 544 1937 esse,
579 1870 687 1927 hoc
720 1866 856 1932 vult,
883 1865 1036 1943 quod
1075 1863 1129 1922 in
1165 1863 1527 1922 adductiime
1561 1864 1760 1942 populi
1801 1866 2040 1942 gentilis

393 1959 461 2016 ad
483 1955 780 2016 Christum
808 1963 866 2012 ut
890 1952 1168 2012 obediant
1187 1951 1390 2024 ei,duo
1409 1950 1647 2011 ordines
1677 1953 2036 2026 ministrent,

397 2045 784 2126 prophetaeet
842 2041 1111 2120 apostoli.
1145 2041 1216 2101 Et
1245 2041 1470 2100 ducunt
1500 2059 1633 2099 eum
1669 2060 1735 2100 ex
1771 2043 2036 2117 castello,

396 2144 456 2194 ut
477 2137 771 2193 discamus
796 2131 978 2190 fuisse
996 2130 1275 2208 populum
1292 2129 1460 2190 valde
1479 2146 1740 2190 crassum
1759 2140 1816 2190 et
1838 2130 2040 2192 ineru-

393 2220 891 2284 ditum.Nondum
923 2221 1079 2280 enim
1111 2222 1344 2278 sederat
1369 2237 1548 2297 super
1565 2237 1696 2280 eum
1723 2238 1920 2283 sermo
1948 2223 2039 2284 vel

394 2309 802 2382 Mosaicus,vel
836 2308 1356 2386 propheticus,sed
1387 2308 1580 2386 pullus
1619 2319 1742 2369 erat
1779 2310 2037 2372 indomi-

389 2411 504 2462 tus.
531 2397 807 2471 Quamvis
857 2405 1050 2455 autem
1080 2395 1440 2473 evangelista
1463 2396 1613 2456 alius
1645 2397 1787 2456 dixit
1823 2392 2036 2478 pueros

385 2489 565 2549 fuisse
597 2488 692 2567 qui
727 2482 1368 2553 clamabantzllosanra
1393 2484 1510 2544 tilio
1533 2483 1712 2545 David
1745 2487 1850 2560 99;
1882 2497 2033 2549 atta-

388 2597 520 2639 men
554 2588 612 2638 et
645 2577 727 2636 illi
751 2573 1135 2634 insinuabant
1161 2592 1370 2632 novatn
1408 2573 1684 2652 populum
1719 2574 2031 2638 Credendo

383 2673 540 2728 enim
571 2666 772 2729 Jesum
821 2683 886 2725 ex
916 2666 1149 2724 semine
1181 2662 1358 2722 David
1399 2663 1732 2723 secundum
1786 2684 2029 2727 carnem

381 2756 748 2837 apparuisse,
813 2753 1060 2832 gloriam
1101 2751 1432 2811 retulerunt
1495 2754 1637 2827 Deo,
1701 2755 2028 2815 secundum

382 2849 538 2926 quod
572 2845 853 2923 scriptum
889 2852 995 2903 est:
1059 2841 1316 2921 Pepulns
1366 2841 1463 2920 qui
1499 2850 1757 2913 creatur,
1822 2843 2030 2906 lauda-

387 2937 472 2995 ιιὶι
499 2934 809 2996 Dominum
846 2935 888 2994 ι.
929 2931 1426 2992 Vcstimentoruin
1453 2939 1650 2990 autem
1685 2931 2029 3014 substratio,

382 3025 714 3099 signiﬁcare
741 3022 970 3082 videtur
999 3020 1152 3100 quod
1214 3017 1373 3080 exuti
1408 3019 1706 3080 hominem
1743 3039 1789 3076 vi
1812 3027 2029 3087 terem.

2127 526 2258 597 λων,
2308 527 2572 598 τουτέστι,
2631 529 2736 583 τῶν
2781 526 3209 592 ἀποσταλέντων,
3245 539 3410 588 Τοῦτο
3461 529 3517 586 δὲ
3559 535 3806 589 τοιοῦτόν

2128 611 2239 669 ἐστι
2271 629 2285 643 ⁸
2340 616 2566 682 Βηθανία
2611 615 2708 692 μὲν
2755 618 2911 680 οἶκος
2955 619 3195 687 ὑπακοῆς
3233 620 3602 698 ἑρμηνεύεται,
3661 625 3806 687 Βηθ-

2126 704 2272 783 φαγὴ
2330 701 2385 759 δὲ
2443 705 2601 770 οἶκος
2655 707 2940 786 σιαγόνων,
3015 710 3281 786 ἱερατικὸς
3326 711 3400 766 ῶν
3448 711 3634 773 τόπος.
3699 715 3803 768 Καὶ

2126 794 2226 872 γὰρ
2284 794 2528 872 σιαγόνες
2576 807 2693 857 τοϊς
2748 796 2972 872 ἱερεῦσιν
3015 795 3266 871 ἐδίδοντο,
3313 800 3386 863 ὡς
3432 799 3486 854 ἐν
3525 806 3602 870 τῷ
3646 801 3804 874 νόμῳ

2127 881 2548 962 ἀναγέγραπται.
2617 881 2880 951 Δηλοῦται
2926 883 2979 940 δὲ
3025 883 3110 941 διὰ
3153 889 3256 941 τῶν
3291 887 3552 966 σιαγόνων
3612 890 3642 943 ὸ
3698 895 3800 963 τῇς

2128 969 2462 1036 διδασκαλίας
2508 971 2692 1052 λόγος,
2753 975 2828 1028 ὢν
2877 975 2928 1030 αἰ
2972 976 3199 1055 ψυχικαὶ
3257 977 3499 1053 σιαγόνες
3535 979 3805 1054 κατεργά-

2127 1067 2327 1136 ζονται,
2384 1063 2472 1119 καὶ
2553 1061 2917 1123 λεπτύνουσιν.
3005 1063 3186 1122 ’Ἔνθα
3242 1066 3414 1121 τοίνυν
3471 1067 3628 1129 οἶκος
3699 1075 3803 1123 τοῦ

2127 1149 2291 1229 λόγου
2348 1159 2438 1208 τοῦ
2492 1148 2886 1232 διδασκαλικοῦ,
2942 1154 3031 1209 καὶ
3089 1154 3184 1222 τῆς
3227 1157 3359 1233 πρὸς
3401 1157 3584 1211 τοῦτον
3645 1157 3794 1211 ὑπα-

2126 1244 2282 1314 κοῆς,
2343 1239 2460 1297 ἐκεῖ
2503 1239 2813 1298 στέλλονται
2871 1244 2918 1298 οἱ
2975 1249 3066 1299 τοῦ
3128 1244 3316 1323 Κυρίου
3378 1246 3636 1322 μαθηταὶ,
3703 1247 3797 1301 καὶ

2127 1326 2306 1387 λύουσι
2364 1331 2456 1385 τὸν
2533 1343 2654 1394 ταῖς
2732 1343 2937 1410 σειραῖς
3010 1328 3283 1406 δεδεμένον
3352 1340 3457 1389 τῶν
3517 1333 3797 1412 ἁμαρτιῶν

2122 1415 2271 1496 λαὸν,
2332 1419 2419 1474 καὶ
2480 1431 2604 1483 ταῖς
2650 1421 2884 1498 φροντίσι
2943 1419 3034 1476 τοῦ
3080 1421 3194 1497 βίου
3242 1434 3364 1487 ταῖς
3407 1419 3666 1497 πολλαῖς,
3699 1425 3793 1477 καὶ

2122 1506 2233 1562 ἀντὶ
2263 1514 2376 1581 τοῦ,
2408 1505 2639 1571 πολλοὺς
2671 1509 2820 1587 ἔχειν
2863 1509 3094 1588 κυρίους,
3156 1511 3245 1566 καὶ
3319 1511 3488 1578 θεοὺς,
3545 1518 3794 1567 ποιοῦσιν

2122 1596 2277 1652 αὑτὸν
2321 1595 2471 1676 ἔχειν
2501 1595 2589 1652 ἕνα
2623 1598 2805 1676 Κύριον
2839 1594 3070 1677 Ἰησοῦν,
3103 1601 3190 1654 καὶ
3220 1597 3312 1655 ἕνα
3375 1600 3502 1655 Θεὸν
3548 1599 3786 1680 Πατέρα,

2126 1674 2311 1742 ’Ὅπου
2367 1687 2468 1766 γὰρ
2515 1685 2609 1742 οὑκ
2651 1686 2797 1742 ἔστιν
2840 1686 2996 1750 οἶκος
3055 1687 3319 1760 ὑπακοῆς,
3353 1685 3467 1746 οὐδὲ
3495 1685 3790 1767 παραδοχῆ

2839 1777 3074 1832 τοιοῦτόν
3143 1797 3192 1830 τι
3251 1775 3310 1830 οὑ
3370 1777 3567 1854 γίνεται
3641 1777 3786 1852 ἐκεῖ,

2123 1861 2236 1920 οὑδὲ
2288 1862 2467 1920 λύεται
2513 1866 2540 1919 ὁ
2580 1862 2785 1928 πῶλος,
2837 1864 2939 1921 Δύο
2983 1862 3038 1919 δὲ
3082 1863 3228 1928 ὄντες
3273 1868 3320 1921 οἱ
3364 1863 3786 1942 ἀπεσταλμένοι,

2103 1959 2275 2015 ,τοῦτο
2331 1955 2668 2027 αἰνίττονται,
2722 1951 2806 2008 ὅτι
2866 1952 2935 2021 τῆ
2974 1960 3074 2009 τοῦ
3129 1951 3331 2010 ἐθνικοῦ
3387 1952 3517 2013 λαοῦ
3571 1977 3786 2034 προσα-

2122 2046 2299 2119 γωγῇ,
2358 2042 2446 2098 καὶ
2502 2048 2570 2118 τῇ
2614 2048 2746 2119 πρὸς
2806 2041 3031 2118 Χριστὸν
3084 2041 3328 2119 ὑποταγῆ
3389 2038 3476 2097 δύο
3531 2042 3787 2120 τάγματα

2124 2133 2462 2210 ὑπουργοῦσι,
2521 2136 2810 2209 προφῆται,
2879 2131 2965 2184 καὶ
3024 2128 3342 2190 ἀπόστολοι,
3408 2130 3506 2187 Καὶ
3564 2129 3788 2208 ἄγουσιν

2124 2218 2281 2275 αὑτὸν
2324 2219 2386 2275 ἔκ
2425 2241 2566 2284 τινος
2636 2219 2852 2297 κώμης,
2930 2218 3021 2273 ἵνα
3078 2218 3327 2293 μάθωμεν
3386 2216 3465 2274 ὅτι
3534 2218 3786 2297 ἀγροικίᾳ

2122 2307 2298 2385 πολλῇ
2343 2313 2502 2377 συνῆν
2532 2311 2559 2364 ὸ
2611 2306 2739 2370 λαὸς
2783 2307 2933 2369 οὗτος
2991 2309 3080 2363 καὶ
3140 2305 3470 2379 ἀπαιδευσίᾳ.
3521 2309 3618 2365 Καὶ
3680 2310 3785 2387 γὰρ

2120 2394 2236 2452 οὑδὲ
2290 2399 2528 2453 ἒκάθισεν
2583 2393 2667 2452 ἐπ’
2720 2397 2875 2452 αὑτὸν
2926 2394 3173 2452 οὑδέποτε
3203 2394 3361 2473 λόγος
3393 2395 3428 2464 ἢ
3459 2401 3783 2476 Μωσαῖχὸς,

2117 2484 2152 2554 ἢ
2195 2487 2544 2566 προφητικὸς,
2608 2483 2741 2540 ἀλλὰ
2793 2482 2973 2548 πῶλος
3018 2484 3084 2552 ἦν
3113 2481 3444 2546 ἀπαίδευτος.
3482 2485 3538 2541 Εἰ
3572 2481 3628 2540 δὲ
3661 2488 3780 2559 καὶ,

2115 2576 2190 2639 ῶς
2240 2573 2417 2654 ἕτερος
2471 2581 2578 2630 τῶν
2643 2573 3034 2653 εὑαγγελιστῶο
3095 2572 3220 2653 ἔφη,
3281 2572 3471 2636 παῖδες
3529 2567 3669 2641 ἦσαν
3724 2577 3779 2640 οἱ

2113 2664 2344 2740 βοῶντες
2376 2666 2457 2722 τὸ.
2496 2655 2724 2720 Ὡσαννὰ
2753 2670 2830 2737 τῷ
2859 2664 2954 2737 υἰῷ
2990 2661 3180 2737 Δαυῖδ,
3222 2663 3311 2718 καὶ
3339 2664 3480 2718 οὗτοι
3512 2661 3573 2718 ἂν
3601 2665 3774 2720 ὑπαι-

2114 2753 2374 2810 νίττοιντο
2432 2755 2522 2809 τὸν
2555 2754 2710 2809 αὑτὸν
2755 2752 2869 2808 νέον
2901 2751 3054 2826 λαὸν,
3101 2749 3182 2807 διὰ
3224 2759 3316 2808 τοῦ
3371 2753 3636 2809 πιστεύειν
3697 2760 3778 2828 τῷ

2117 2842 2296 2909 Ἰησοῦ
2337 2849 2398 2898 εκ
2427 2843 2729 2920 σπέρματος
2763 2838 2932 2896 Δαυλιδ
2979 2842 3131 2920 σαρκὶ
3159 2841 3393 2920 φανέντι,
3426 2839 3576 2905 δόξαν
3631 2842 3776 2897 ἂνα-

2115 2930 2416 3006 πέμποντες
2463 2937 2579 3006 Θεῷ
2638 2931 2773 2987 κατὰ
2802 2931 2862 2985 τὸ
2893 2929 3282 3008 γεγραμμένον,
3331 2932 3470 2993 Λαὸς
3512 2932 3540 2984 ὁ
3583 2931 3770 3002 κκιζό-

2115 3043 2274 3097 μενος
2305 3019 2499 3077 αἰνέσει
2530 3023 2621 3076 τὸν
2667 3019 2876 3098 Κύριον,
2915 3011 2976 3074 Ἠ
3008 3017 3062 3074 δὲ
3092 3027 3199 3076 τῶν
3247 3019 3465 3096 ἱματίων
3499 3019 3777 3098 ὑπόστρω-

382 3115 522 3176 449
550 3112 648 3192 qui
677 3111 839 3189 digni
869 3123 1007 3170 sunt
1067 3107 1308 3168 laudare
1361 3110 1588 3180 Jesnm,
1651 3107 2030 3171 substernant

2115 3132 2194 3174 σις
2225 3117 2377 3167 τοῦτο
2407 3110 2685 3186 σημαίνειν
2717 3107 2910 3183 ἔοικεν,
2948 3107 3028 3164 ὅτι
3087 3107 3393 3183 ἑκδυόμενοι
3424 3109 3515 3164 τὸν
3539 3107 3774 3164 παλαιὸν

383 3202 548 3262 illum
581 3207 640 3260 et
675 3199 990 3277 subjiciant
1020 3196 1155 3276 ipsi,
1192 3206 1253 3257 ut
1283 3215 1416 3256 cum
1451 3197 1815 3273 ascenderit,
1851 3216 2027 3261 sanc-

383 3291 568 3350 tificet
596 3306 758 3367 eum,
787 3296 845 3348 et
871 3306 988 3346 non
1018 3286 1171 3346 ultra
1194 3293 1483 3366 repugnet
1508 3304 1645 3345 caro
1673 3286 1933 3365 Spiritui,
1969 3297 2032 3350 ut

383 3388 436 3441 et
463 3377 573 3460 ipsi
595 3379 819 3458 possint
843 3375 1064 3436 dicere:
1097 3373 1412 3454 Snbjectus
1435 3374 1515 3434 fui
1540 3373 1882 3450 Domino,et
1903 3397 2031 3440 ora-

380 3468 432 3528 vi
457 3486 591 3528 eum
613 3467 854 3528 {Porro
877 3482 1112 3524 omnem
1144 3463 1582 3524 multitudinem
1602 3463 2028 3546 discipulorum

381 3556 526 3618 dixit
549 3556 734 3617 Lucas
764 3552 1003 3615 laudare
1033 3555 1258 3616 Deum:
1286 3551 1613 3631 discipulos
1643 3571 1857 3615 vocans
1879 3556 2026 3616 sim-

383 3646 615 3725 pliciter
644 3662 852 3706 omnes
881 3642 983 3724 qui
1040 3648 1370 3721 sequuntur
1395 3643 1622 3716 Jesum,
1677 3661 1794 3702 non
1835 3645 2025 3706 solum

379 3734 718 3809 duodecim,
751 3732 842 3795 vel
875 3732 1264 3812 septuaginta,
1299 3731 1404 3789 sed
1434 3748 1651 3790 omnen
1686 3731 2024 3794 multitudi-

381 3841 511 3885 nem
542 3841 673 3905 quae
703 3822 792 3883 vel
814 3829 1056 3902 propter
1080 3819 1385 3888 miracula,
1415 3818 1505 3878 vel
1539 3819 1610 3879 ad
1641 3829 1873 3900 tempus
1902 3829 2023 3882 tra-

379 3913 682 3975 hcbatura
711 3911 984 3973 doctrina
1017 3905 1692 3988 utsequereturJesum,
1729 3909 1786 3968 in
1827 3929 1942 3990 qua
1967 3920 2028 3974 et

380 4021 595 4082 pueros
617 4001 798 4062 fuisse
823 3999 1145 4060 verisimile
1193 4006 1304 4073 est,
1336 3996 1611 4058 sicutalii
1653 4000 2026 4077 evangelista}

374 4094 740 4162 dixerunt;et
760 4089 820 4150 bi
841 4087 1386 4164 at'ﬂatiDeo,regem
1406 4085 1568 4146 illum
1589 4087 2026 4150 conﬁtebantur

374 4183 431 4242 in
460 4181 701 4242 nomine
723 4179 828 4241 Dei
845 4174 1298 4257 venturum,hoc
1314 4183 1497 4256 est,ut
1525 4179 1799 4257 Deumget
1817 4195 2020 4256 pacem

373 4271 578 4332 dicunt
610 4271 670 4330 in
701 4268 990 4349 ccelo.pro
1024 4287 1092 4329 eo
1120 4265 1280 4347 quod
1309 4273 1420 4326 est:
1448 4264 1767 4345 Antiquum
1797 4265 2020 4328 bellum

372 4363 527 4441 quod
547 4359 863 4421 habuimus
883 4367 1087 4418 contra
1121 4361 1331 4428 Deum,
1353 4354 1718 4434 diremptum
1746 4362 1857 4417 est.
1887 4358 2020 4418 Non

373 4450 532 4509 enim
567 4457 690 4510 erat
722 4447 781 4507 in
810 4456 967 4508 terra
996 4462 1102 4506 rex
1149 4447 1329 4522 Deus,
1364 4461 1522 4504 nunc
1551 4451 1748 4504 autem
1780 4444 2019 4506 invento

2115 4471 2289 4525 μενον,
2350 4447 2642 4528 τουτέστιν,

370 4537 493 4598 Deo
529 4554 707 4617 super
738 4547 981 4608 terrain,
1019 4533 1232 4594 merito
1269 4550 1375 4612 pax
1407 4531 1468 4592 in
1497 4531 1668 4606 creto,
1705 4541 1764 4592 et
1795 4532 2020 4593 idcirco

372 4631 562 4709 gloria
611 4634 668 4691 in
728 4627 1056 4708 altissimis,
1145 4624 1372 4704 angelis
1429 4624 1901 4702 gloriﬁcantibus
1959 4625 2018 4685 in

372 4720 592 4781 unione
614 4728 672 4780 et
691 4716 1107 4779 conciliatione
1131 4714 1228 4775 tali
1254 4731 1428 4793 quam
1452 4711 1624 4773 nobis
1647 4731 1747 4774 rex
1785 4722 1841 4773 et
1865 4715 2019 4776 Deus

371 4811 468 4890 qui
489 4808 648 4890 pullo
681 4804 1186 4882 vehitur,largitus
1219 4801 1572 4864 est.Etenim
1606 4801 1761 4863 istud
1796 4802 2013 4882 ipsum,

369 4899 524 4980 quod
557 4899 702 4960 deus
734 4895 990 4958 existens
1021 4913 1198 4974 super
1227 4892 1829 4980 terramapparuerit,
1865 4901 1924 4954 et
1955 4892 2017 4954 in

371 4987 616 5067 regione
649 4987 1026 5047 inimicorum
1059 5000 1300 5043 suorum
1351 4979 1760 5055 ambulaverit,
1795 4981 2020 5042 indicat

2112 3199 2385 3279 ἄνθρωπον
2440 3203 2488 3255 οἱ
2543 3198 2676 3264 ἄξιοι
2735 3197 2882 3261 ὄντες
2925 3199 3110 3264 ὑμνεῖν
3167 3199 3260 3254 τὸν
3329 3196 3562 3272 Ἰησοῦν,
3631 3199 3777 3253 ὑπο-

2111 3288 2487 3368 στρωννύουσιν
2545 3289 2724 3361 αὑτὸν,
2808 3288 2896 3342 καὶ
2979 3287 3358 3343 ὑποτάττουσιν
3437 3291 3603 3364 αὐτῷ,
3679 3288 3772 3343 ἵνα

2111 3376 2297 3443 ἐπιϐὰς
2357 3380 2534 3458 αὑτοῦ,
2612 3378 2810 3456 ἁγιάσῃ
2883 3376 3062 3452 αὐτὸν,
3134 3377 3222 3432 καὶ
3301 3375 3494 3451 μηκέτι
3552 3379 3586 3446 ἡ
3642 3376 3771 3455 σὰρξ

2112 3469 2459 3535 ἓπανίστηται
2519 3471 2596 3540 τῷ
2655 3466 2934 3541 πνεύματι,
2984 3467 3058 3527 ὡς
3114 3463 3176 3520 ἂν
3239 3464 3327 3520 καὶ
3382 3467 3528 3524 αὑτοὶ
3595 3465 3768 3545 ἔχωσι

2112 3554 2310 3636 λέγειν,
2374 3548 2676 3635 ’Υπετάγην
2738 3559 2816 3628 τῷ
2867 3556 3061 3633 Κυρίῳ,
3138 3556 3224 3610 καὶ
3292 3553 3531 3613 ἱκέτευσα
3583 3554 3766 3616 αὑτόν.

2113 3644 2151 3673 ’¹
2163 3657 2311 3703 Απαν
2355 3645 2410 3702 δὲ
2452 3648 2514 3702 τὸ
2557 3644 2758 3712 πλῆθος
2801 3645 2908 3700 τῶν
2952 3646 3204 3720 μαθητῶν
3248 3642 3350 3724 ἔφη
3395 3646 3423 3700 δ
3454 3650 3660 3708 Λουκᾶς
3691 3647 3770 3700 αἷ-

2112 3747 2224 3792 νεϊν
2280 3737 2371 3792 τὸν
2434 3736 2590 3809 Θεὸν,
2657 3734 2898 3810 μαθητὰς
2956 3731 3129 3812 λέγων
3184 3730 3366 3797 ἁπλῶς
3396 3733 3518 3796 τοὺς
3545 3732 3767 3791 ἀκολου-

2108 3827 2326 3888 θοῦντας
2375 3823 2576 3887 πάντας
2620 3828 2698 3895 τῷ
2755 3819 2952 3895 Ἰησοῦ,
3002 3825 3062 3880 οὑ
3125 3821 3246 3886 τοὺς
3288 3819 3489 3879 δώδεκα
3545 3823 3763 3898 μόνους,

2109 3911 2224 3970 οὐδέ
2279 3913 2405 3976 τοὺς
2449 3909 2837 3989 ἐϐδομήκοντα,
2885 3910 3021 3967 ἀλλὰ
3064 3912 3156 3966 τὸν
3203 3910 3368 3990 ὄχλον
3413 3908 3620 3968 ἅπαντα
3674 3914 3768 3990 τὸν

2108 4001 2143 4070 ἣ
2193 4000 2282 4058 διὰ
2334 4001 2518 4082 χρείαν
2546 4001 2853 4077 θαυμάτων,
2885 4000 2921 4066 ἢ
2950 3998 3034 4056 διὰ
3063 4001 3126 4056 τὸ
3155 4000 3288 4075 πρὺς
3333 4001 3518 4080 καιρὸν
3571 3999 3764 4079 θέλγε-

2108 4095 2224 4148 σθαι
2282 4093 2384 4148 ὑπὸ
2429 4091 2525 4160 τῆς
2581 4088 2918 4153 διδασκαλίας
2977 4087 3364 4148 ἀκολουθοῦντα
3433 4096 3508 4164 τῷ
3557 4087 3761 4166 Ἰησοῦ,

2106 4179 2161 4236 ἐν
2218 4185 2305 4245 οἷς
2365 4182 2502 4246 εἰκὸς
2557 4181 2646 4236 καὶ
2700 4180 2868 4249 νήπια
2924 4178 3310 4259 ἀναμεμίχθαι,
3386 4179 3520 4237 καθὰ
3595 4178 3762 4260 ἕτεροι

2106 4271 2264 4327 εἶπον
2313 4267 2687 4349 εὒαγγελισταί
2719 4285 2733 4298 ’
2800 4268 3218 4348 Θεοφορούμενοι
3275 4267 3327 4324 δὲ
3386 4271 3554 4350 οὑτοι,
3613 4270 3764 4346 βασι-

2105 4359 2200 4417 λέα
2269 4360 2396 4416 αὑτὸ
2465 4357 2907 4437 ἀνομολογοῦσιν,
2961 4357 3016 4412 ἐν
3073 4357 3292 4434 ὀνόματι
3353 4357 3538 4437 Κυρίου
3588 4357 3757 4437 Ιιρχό-

2701 4449 2775 4511 ὼς
2836 4449 2992 4526 Θεὸν,
3053 4448 3164 4519 καὶ,
3222 4447 3442 4526 Εἰρήνη,
3489 4449 3664 4527 φασὶν,
3705 4446 3761 4502 ἦν

2105 4540 2331 4618 οὑρανῳ,
2397 4539 2511 4595 ἀντὶ
2551 4543 2668 4608 τοῦ,
2732 4527 2789 4593 Ὀ
2838 4534 3067 4595 παλαιὸς
3115 4535 3376 4617 πόλεμος,
3421 4535 3480 4592 ὃν
3531 4535 3760 4617 εἴχομεν

2103 4630 2234 4707 πρὸς
2277 4630 2370 4684 τὸν
2415 4627 2565 4701 Θεὸν,
2612 4623 2897 4692 κατελύθη.
2932 4628 3004 4684 Οὑ
3059 4626 3160 4705 γὰρ
3189 4625 3254 4693 ἦν
3284 4624 3338 4680 ἐν
3366 4631 3436 4702 τῇ
3467 4633 3538 4704 γῇ
3594 4627 3757 4702 βασι-

2105 4706 2225 4782 λεὺς
2282 4715 2435 4780 Θέός.
2493 4715 2597 4773 Νῦν
2643 4713 2697 4770 δὲ
2754 4720 2846 4770 τοῦ
2898 4721 3030 4772 Θεοῦ
3074 4713 3369 4794 ἐρχομένου
3403 4715 3489 4771 ἐπὶ
3517 4715 3641 4794 γῆς,
3674 4706 3756 4771 ιῖ-

2103 4808 2241 4884 ρήνη
2274 4804 2491 4867 εἰκότως
2549 4806 2604 4860 ὲν
2655 4805 2882 4882 οὑρανῷ,
2936 4804 3035 4860 Καὶ
3065 4800 3148 4858 διὰ
3176 4813 3331 4862 τοῦτο
3361 4801 3482 4869 δόξα
3533 4802 3586 4858 ἐν
3629 4805 3760 4879 ὑψί-

2101 4917 2281 4976 στοις,
2364 4901 2471 4951 τῶν
2549 4891 2792 4972 ἀγγέλων
2871 4891 3193 4964 δοξαζόντων
3264 4892 3349 4950 ἐπὶ
3413 4899 3482 4970 τῇ
3535 4893 3756 4968 τοιαύτῃ

2100 4985 2312 5061 ἑνώσει,
2371 4987 2458 5040 καὶ
2513 4982 2850 5062 καταλλαγῇ,
2910 4981 2979 5050 ἢν
3021 4984 3158 5058 ἡμῖν
3201 4985 3229 5038 ὁ
3257 4983 3342 5038 ἒπὶ
3385 4981 3568 5039 πώλου
3597 4981 3757 5061 ἐρχό-

367 5059 560 5140 {tenus
591 5079 806 5138 factum
843 5077 996 5136 inter
1021 5091 1126 5133 nos
1159 5088 1211 5132 et
1244 5071 1460 5151 ipsum.
1500 5069 1679 5131 Porro
1731 5069 2014 5132 Pbariszei

2115 5096 2255 5138 ιενος
2287 5059 2535 5152 βασιλεὺς
2585 5073 2674 5128 καὶ
2728 5059 2856 5136 Θεὸς
2887 5071 3195 5151 ἐχαρίσατο.
3228 5073 3364 5128 aena
3420 5073 3520 5152 γὰρ
3572 5059 3754 5146 τοῦτο,

369 5166 816 5227 murmurabant
849 5163 1005 5245 quod
1036 5179 1236 5241 regem
1294 5179 1427 5220 eum
1465 5159 1869 5221 nominaverat
1901 5179 2010 5240 po-

2115 5167 2155 5222 τὸ
2215 5165 2344 5220 Θεὸν
2401 5160 2527 5219 ὄντα
2577 5161 2662 5218 ἐπὶ
2719 5162 2821 5240 γῆς
2865 5160 3158 5242 φαίνεσθαι,
3219 5161 3309 5218 καὶ
3366 5159 3420 5216 ἓν
3597 5160 3752 5242 χώρᾳ

365 5255 625 5335 pulus,et
656 5256 808 5337 quod
837 5263 900 5316 ut
922 5253 1109 5314 Deum
1141 5249 1502 5313 laudaverat.
1533 5249 1623 5337 Ad
1654 5249 2010 5312 seditionem

2115 5258 2249 5328 λμῶν
2281 5257 2390 5309 τῶν
2433 5251 2638 5332 ἐχθρῶν
2684 5249 2842 5306 αὑτοῦ
2902 5263 3245 5330 περιπατεῖν,
3306 5247 3464 5317 δηλοῖ
3522 5248 3752 5314 σπονδὰς

361 5343 520 5403 enim
554 5336 856 5422 pertinere
879 5359 1097 5403 nomen
1128 5340 1308 5419 regis,
1365 5347 1425 5401 et
1455 5337 1526 5399 ad
1575 5336 2010 5419 blasphemiam

2115 5342 2334 5422 γενέσθαι
2379 5338 2574 5418 μεταξὺ
2631 5340 2787 5416 ἡμῶν
2843 5340 2929 5396 καὶ
2986 5343 3168 5403 αὑτοῦ.
3226 5341 3285 5397 Oi
3355 5338 3410 5396 δὲ
3467 5347 3751 5420 Φαρισαῖοι

362 5428 596 5493 Domini
621 5430 1058 5494 existimabant.
1092 5431 1166 5503 At
1189 5429 1478 5494 Dominus
1513 5448 1525 5490 :
1561 5427 1625 5490 Si
1680 5427 1760 5504 bi,
1799 5427 2011 5508 inquit,

2115 5432 2457 5513 ἰιεγόγγυζον,
2512 5429 2592 5486 ὅτι
2653 5451 2710 5486 τε
2771 5427 2996 5506 βασιλέα
3025 5429 3186 5486 αὑτὸν
3214 5427 3456 5504 ὠνόμαζε
3487 5432 3550 5486 τὸ
3602 5426 3752 5497 πλῆς

441 5612 506 5663 90
543 5609 744 5676 Matth.
779 5625 903 5687 xxx,
931 5612 992 5673 9.

1079 5611 1098 5652 ί
1137 5608 1288 5671 Psal.
1320 5625 1404 5684 Cl,
1437 5612 1534 5672 49.
1623 5609 1650 5652 ³
1679 5607 1834 5673 Psal.
1858 5623 2056 5687 χιινι,
2091 5611 2153 5672 6.
