4116 6212
186 310 366 373 1045

935 310 1378 375 ENARBATIO
1408 311 1488 371 IN
1530 304 2042 375 EVANGELIUM
2093 311 2327 374 LUC/E.
2378 346 2454 355 —
2499 315 2659 375 CAP.
2712 315 2843 375 XX.

3437 310 3591 374 1046

184 447 288 501 καὶ
355 445 639 508 ἀπέθανον,
692 437 939 526 ”ὶ“στεροι
983 446 1192 504 πάντων
1238 449 1460 505 ἀπέθανε
1504 454 1591 509 καὶ
1626 457 1653 521 ἦ
1686 441 1877 531 γυνῆιλ

1962 459 2038 502 iec
2068 444 2436 523 reliquerunt
2468 446 2712 525 liberos,
2740 455 2799 509 et
2820 448 3031 507 mortui
3056 455 3215 507 sunt.
3255 444 3587 507 Novissima

188 532 296 591 Ἐν
358 540 431 611 τῇ
495 537 584 590 οῦν
632 536 941 611 ἀναστάσει,
1001 536 1139 601 τίνος
1198 538 1369 594 αὖτῶν
1432 532 1627 616 γίνεται
1671 542 1856 621 vovi-ri;

192 626 263 680 Οἱ
314 623 420 701 γὰρ
464 625 597 680 ἑπτὰ
655 623 821 703 ἔσχον
866 626 1026 692 αὐτὴν
1086 640 1331 689 γυναῖκα.
1405 632 1500 685 Καὶ
1566 630 1859 709 ἀποκριθεὶς

194 712 372 769 εἶπεν
432 716 613 776 αὐτοῖς
672 715 700 769 ὁ
750 713 957 780 Ἰησοῦς
987 732 1000 745 ’
1064 716 1121 771 Οἱ
1183 717 1279 771 υἱοὶ
1318 717 1408 772 τοῦ
1460 720 1648 783 αἰῶνος
1678 720 1861 776 τούτου

197 808 444 877 γαμοῦσι
495 803 580 857 καὶ
636 801 1045 879 ἑκγαμίσκονται
1083 820 1095 832 ⁸
1145 807 1189 860 οἱ
1229 802 1283 861 δὲ
1337 806 1741 872 καταξιωθέντες
1776 810 1864 864 τοῦ

199 891 410 953 αἰῶνος
468 890 668 947 ἐκείνου
710 906 925 970 τυχεῖν,
985 894 1073 948 καὶ
1128 900 1232 958 τῶς
1295 897 1629 961 ἀναστάσεως
1676 904 1773 965 τῆς
1805 899 1865 953 ἐκ

200 986 444 1059 νεκρῶν,
498 980 613 1035 ὥτε
691 988 974 1059 γαμοῦσιν,
1052 982 1168 1038 οὔτε
1226 982 1659 1062 ἐκγαμίσιιονται.
1736 987 1864 1045 Οῦτε

202 1069 316 1146 γὰρ
383 1069 667 1126 ἀποθανεῖν
724 1069 799 1126 ’ἐτι
852 1068 1115 1143 δύνανται,
1180 1072 1449 1150 ἰσάγγελοι
1485 1098 1584 1154 γαρ
1614 1079 1736 1151 εἰσι,
1782 1084 1869 1135 καὶ

204 1160 318 1215 υἱοὶ
375 1166 467 1215 τοῦ
524 1160 832 1232 Θεοῦ,μτής
887 1159 1222 1226 ἀναστάσεως
1274 1165 1373 1218 υἱοὶ
1422 1163 1590 1227 ὄντες,
1641 1158 1772 1223 U01:1
1814 1166 1867 1222 δὲ

209 1246 509 1326 ὶγείρονται
566 1250 612 1303 οἱ
663 1250 855 1327 νεκροὶ,
915 1250 1003 1304 καὶ
1071 1255 1270 1316 Μωσῆς
1328 1252 1587 1326 ἐμήνυσεν
1630 1254 1713 1310 ἐπὶ
1769 1257 1866 1321 τῆς

211 1337 408 1411 βάτου,
471 1338 543 1398 ὡς
586 1335 730 1414 λέγει
786 1335 970 1415 Κύριον
1030 1360 1120 1393 τον
1171 1341 1299 1395 Θεὸν
1359 1339 1621 1423 Ἀϐραὰμ,
1664 1348 1749 1400 καὶ
1780 1347 1867 1402 τὸν

213 1427 356 1479 Θεὸν
403 1422 605 1497 Ἰσαὰκ,
650 1426 739 1481 καὶ
768 1426 858 1480 τὸν
890 1428 1018 1481 Θεὸν
1074 1426 1283 1487 Ἰακώϐ.
1321 1430 1447 1494 Θεὸς
1497 1430 1551 1487 δὲ
1608 1422 1703 1489 οὒκ
1759 1433 1868 1490 ἔστι

212 1522 445 1590 νεκρῶν,
505 1513 641 1569 ἀλλά
693 1514 926 1593 ζώντων,
963 1516 1157 1581 πάντες
1189 1518 1287 1595 γὰρ
1320 1521 1461 1595 αὐτῷ
1489 1528 1671 1591 ζῶσιν.
1701 1522 1868 1580 Ἀπο-

216 1604 491 1679 κριθέντες
541 1601 596 1658 δέ
653 1625 791 1666 τινες
850 1609 955 1659 τῶν
1033 1608 1391 1683 Γραμματέων
1451 1611 1610 1667 εἷπον
1644 1629 1656 1642 ·
1709 1612 1869 1669 Διδά-

216 1690 415 1770 σκαλε,
476 1690 655 1754 καλῶς
715 1696 899 1756 εἴπας.
948 1695 1050 1751 Οῦκ
1098 1694 1254 1751 ἔτιδὲ
1310 1696 1551 1773 ἐτόλμων
1607 1701 1873 1775 ἐπερωτᾷν

1941 532 2205 592 omnium
2236 542 2470 595 mortua
2494 542 2584 595 est
2606 543 2695 596 est
2723 544 2780 595 et
2811 535 3045 598 mulier.
3071 534 3133 596 In
3153 534 3590 596 resurrectione

1943 636 2108 698 ergo,
2143 622 2321 700 cujus,
2367 642 2570 684 eorum
2625 624 2737 684 erit
2772 624 2965 684 uxor?
3014 624 3307 704 siquidem
3359 631 3585 704 septem

1947 708 2279 771 habuerunt
2312 730 2440 772 eam
2492 730 2759 772 uxorem.
2804 710 2873 771 Et
2922 712 3293 791 respondens
3344 712 3424 773 ait
3472 712 3591 772 illis

1949 799 2114 859 Jesus
2147 820 2159 860 :
2195 800 2327 861 Filii
2354 801 2749 880 hujusszeculi
2780 800 2999 861 ducunt
3022 809 3320 875 uxeres,et
3344 810 3588 881 nuptum

1948 888 2163 948 dantur
2190 911 2202 947 :
2239 890 2324 950 illi
2348 908 2485 951 vero
2509 890 2609 969 qui
2637 890 2798 969 digni
2821 890 3194 951 habebuntur
3218 891 3434 952 saeculo
3460 891 3587 971 illo,

1949 986 2006 1038 et
2037 980 2469 1041 resurrectione
2497 998 2564 1039 ex
2597 978 2865 1053 mortuis,
2888 998 3079 1059 neque
3103 979 3326 1040 ducunt
3353 999 3588 1059 uxores,

1953 1085 2144 1147 neque
2189 1077 2439 1147 nuptum
2490 1069 2724 1148 dantur,
2779 1088 2972 1147 neque
3032 1068 3190 1129 enim
3244 1069 3394 1129 ultra
3442 1069 3593 1129 mori

1956 1166 2217 1235 possunt.
2256 1158 2531 1237 Equales
2561 1158 2718 1219 enim
2769 1158 2997 1236 angelis
3026 1168 3184 1232 sunt,
3236 1166 3292 1218 et
3319 1158 3424 1217 ﬁlii
3458 1165 3596 1218 sunt

1954 1244 2079 1314 Dei,
2122 1265 2252 1305 cum
2286 1246 2403 1306 sint
2441 1246 2543 1307 lilii
2592 1245 3067 1307 resurrectionis.
3108 1244 3275 1318 Quod
3319 1262 3455 1305 vero
3490 1264 3592 1306 re-

1952 1342 2191 1413 surgant
2224 1334 2461 1406 mortui,
2518 1342 2575 1395 et
2605 1336 2799 1397 Moses
2848 1334 3103 1397 ostendit
3144 1336 3311 1414 juxta
3352 1333 3593 1415 rubum,

1954 1440 2086 1485 cum
2118 1422 2261 1483 dicit
2319 1422 2630 1483 Dominum
2694 1425 2878 1485 Deum
2936 1422 3256 1497 Abraham,
3317 1432 3373 1483 et
3404 1421 3592 1484 Deum

1953 1511 2133 1585 Isaac,
2168 1521 2224 1572 et
2256 1512 2436 1572 Deum
2469 1511 2651 1574 Jacob
2684 1534 2696 1575 :
2744 1512 2900 1573 Deus
2929 1521 3125 1573 autem
3158 1531 3277 1572 non
3310 1519 3399 1573 est
3427 1531 3593 1573 mor-

1957 1616 2219 1674 tuorum,
2262 1600 2364 1661 sed
2410 1600 2708 1674 vivorum;
2747 1619 2955 1661 omnes
3015 1602 3170 1662 enim
3232 1600 3313 1662 illi
3372 1601 3589 1661 vivunt.

1959 1688 2409 1769 ReSpondentes
2430 1698 2621 1751 autem
2651 1689 2886 1769 quidam
2912 1689 3050 1749 456
3070 1688 3411 1751 Scribarum
3438 1689 3599 1750 dixe-

217 1780 381 1835 αὖτὸν
439 1779 609 1841 οῦδὲν.
663 1805 690 1834 ι
753 1782 954 1853 Σαθράν
1000 1785 1398 1855 ὑποστήσαντες
1450 1789 1685 1867 κρηπῖδα
1746 1792 1869 1847 ἐαυ-

1962 1788 2131 1839 runt:
2171 1778 2474 1859 Magister,
2510 1779 2664 1840 bene
2691 1779 2919 1841 dixisti.
2955 1779 3023 1839 Et
3052 1779 3304 1858 amplius
3336 1797 3454 1839 non
3487 1796 3594 1840 au-
3658 1846 3661 1849 λ

219 1882 341 1931 τοῖς
402 1872 447 1926 οἱ
506 1868 879 1944 Σαδδουκαῖοι,
948 1870 1255 1940 διηπίστουν
1309 1891 1426 1941 τοῖς
1471 1882 1588 1958 περὶ
1639 1880 1876 1937 ἀναστά-

218 1980 361 2021 σεως
422 1956 625 2035 λόγοις.
664 1963 986 2036 Σωματικηκ.
1035 1963 1134 2041 γάρ
1169 1962 1437 2044 διαγωγὴν
1486 1956 1692 2025 ἔσεσθαι
1724 1973 1779 2026 ἒν
1810 1977 1879 2048 τῇ

223 2047 511 2104 ἀναστάσει
551 2048 921 2122 ὑπονοοῦντες,
984 2052 1200 2117 εἰκότως
1250 2054 1597 2134 ἐσφάλλοντο,
1654 2055 1732 2114 διὸ
1790 2047 1879 2116 καὶ

221 2138 297 2201 ὣς
359 2134 554 2192 ἄτοπον
608 2134 980 2201 διαϐάλλοντες
1060 2143 1120 2196 τὸ
1191 2145 1308 2220 περὶ
1365 2150 1462 2211 τῆς
1539 2146 1877 2212 ἀναστάσεως

221 2224 421 2303 δόγμα,
482 2224 800 2283 πλάττονται
843 2228 940 2295 τὴν
1000 2228 1224 2297 ἀνόητον
1274 2231 1523 2308 διήγησιν
1555 2237 1776 2302 ταύτην,
1816 2228 1873 2294 ὐ

222 2315 313 2369 οὖν
374 2314 559 2377 Κύριος
627 2317 727 2382 την
788 2316 1025 2393 κρηπῖδα
1097 2319 1283 2384 αὖτοῖς
1346 2320 1720 2398 διασαλεῦσας,
1788 2327 1875 2382 καὶ

223 2402 393 2468 δείξας
437 2403 517 2459 ὅτι
576 2404 671 2461 οὒκ
723 2404 830 2461 ἔστι
896 2410 1175 2481 σωματικὴ
1239 2409 1504 2489 διαγωγὴ,
1551 2414 1670 2469 τότε
1730 2415 1877 2479 εὒθὺς

225 2499 295 2568 τῇ
337 2495 497 2571 σαθρᾷ
539 2495 702 2572 ταύτῃ
766 2494 1008 2576 κρηπῖδι,
1055 2500 1143 2555 καὶ
1198 2501 1416 2573 ὑπονοίᾳ
1474 2503 1873 2580 κυγκατέσπασε

227 2591 290 2637 τὸ
334 2580 505 2659 δόγμα
550 2584 746 2662 αὖτῶν,
793 2586 995 2641 εἰπών·
1058 2585 1349 2660 Πλανᾶσθε,
1409 2590 1487 2664 μὴ
1532 2588 1723 2654 εἰδότες
1779 2593 1874 2656 τὰς

234 2670 463 2747 Γρατρας,
525 2670 660 2727 ἀλλά
714 2672 1167 2754 παρεκδεχόμενοι
1252 2678 1341 2732 τὸν
1400 2685 1516 2733 νοῦν
1574 2682 1767 2741 αῦτῶν,
1814 2685 1873 2738 Οἱ

231 2760 327 2834 μὲν
386 2760 484 2836 γὰρ
534 2760 632 2815 υἱοὶ
688 2768 778 2816 τοῦ
846 2764 1032 2828 αἰῶνος
1089 2764 1297 2844 τούτου,
1376 2768 1421 2821 οἱ
1467 2766 1519 2822 ἐν
1564 2768 1640 2841 τῷ
1689 2767 1877 2842 κόσμῳ

230 2848 398 2921 τούτῳ
452 2855 760 2929 γεννῶντες,
807 2852 894 2906 καὶ
945 2854 1264 2929 γεννώμενοι
1329 2863 1577 2932 γαμοῦσι,
1639 2858 1725 2911 καὶ
1780 2856 1875 2911 ὲκ-

231 2938 605 3013 γαμίσκονται,
679 2939 968 3014 τουτέστιν,
1030 2943 1101 3005 εἷς
1173 2946 1375 3020 γάμους
1436 2943 1721 3001 ἐκδίδονται
1758 2964 1772 2978 ⁸
1831 2945 1876 3000 οἱ

232 3027 286 3081 ὁὶ
329 3026 421 3082 τοῦ
466 3028 654 3091 αἰῶνος
711 3027 909 3088 ἐκείνου
958 3033 1055 3087 υἱοὶ
1101 3029 1245 3087 οῦδὲν
1288 3039 1545 3107 τοιοῦτον,
1606 3032 1720 3090 οῦδὲ
1778 3033 1877 3111 γὰρ

233 3119 411 3172 θανεῖν
441 3114 515 3172 ἔτι
547 3114 788 3173 δύνανται
826 3134 839 3147 ⁸
874 3116 953 3175 διὸ
985 3118 1101 3175 οῦδέ
1131 3122 1195 3175 τά
1226 3128 1317 3177 τοῦ
1348 3124 1521 3198 γάμου
1568 3122 1704 3195 ἐκεῖ,
1760 3120 1876 3181 ἀλλ’

1960 1867 2178 1929 debant
2220 1887 2352 1929 eum
2407 1868 2727 1949 quidquam
2782 1868 3168 1947 interrogare.
3211 1892 3232 1924 ο
3272 1867 3594 1930 Invalidum

1959 1957 2342 2019 fundamentu
2358 1975 2403 2019 ιη
2423 1977 2541 2019 suae
2563 1958 2845 2019 doctrina}
2861 1958 3125 2019 fecerant
3140 1956 3595 2036 Sadduczeimon

1960 2046 2271 2108 credentes
2312 2049 2802 2108 resurrectionem
2831 2065 2844 2108 :
2877 2046 3213 2124 cogitabant
3240 2047 3398 2108 enim
3434 2046 3595 2107 futu-

1960 2155 2082 2197 ram
2116 2136 2479 2215 corporalem
2517 2136 2691 2197 vitam
2726 2139 2784 2196 in
2817 2137 3275 2197 resurrectione.
3312 2135 3451 2196 Ideo
3477 2143 3597 2195 tan-

1959 2243 2131 2305 quam
2165 2224 2483 2286 absurdum
2516 2225 2970 2286 resurrectionis
2993 2225 3207 2304 dogma
3225 2224 3596 2289 calumnian-

1964 2322 2072 2389 tes,
2132 2314 2368 2374 stultam
2435 2314 2585 2375 hanc
2643 2314 3043 2376 narrationem
3103 2314 3381 2393 ﬁngunt:
3441 2312 3599 2373 unde

1960 2402 2248 2465 Dominus
2276 2403 2720 2464 fundamentum
2754 2422 2959 2465 eorum
2992 2403 3189 2465 statim
3216 2401 3601 2476 concussit,et

1959 2492 2215 2554 ostendit
2245 2494 2396 2573 quod
2436 2512 2550 2552 non
2604 2492 2679 2555 sit
2729 2492 3052 2572 corporalis
3103 2493 3216 2554 vita
3248 2502 3424 2555 tunc:
3484 2510 3597 2571 quo

1961 2583 2199 2661 factum,
2236 2591 2297 2643 ut
2325 2584 2535 2661 dogma
2558 2600 2786 2657 eorum,
2822 2582 3015 2643 statim
3051 2582 3259 2644 obtusa
3289 2581 3593 2662 opinione,

1964 2680 2020 2733 et
2048 2671 2303 2732 invalido
2334 2672 2716 2733 fundamento
2748 2672 3108 2732 concideret.
3157 2670 3378 2731 Erratis
3408 2668 3590 2744 enim,

1959 2760 2169 2841 inquit,
2207 2761 2545 2821 nescientes
2567 2760 2922 2839 Scripturas,
2950 2760 3053 2820 sed
3086 2759 3446 2821 invertentes
3467 2777 3598 2819 sen—

1959 2870 2087 2910 sum
2124 2867 2350 2910 earum.
2390 2849 2520 2910 Filii
2551 2848 2707 2909 enim
2743 2849 2914 2926 hujus
2964 2848 3161 2908 szeculi
3214 2855 3502 2925 generant
3541 2853 3597 2907 et

1959 2945 2337 3016 generantur,
2373 2954 2588 2997 uxores
2613 2936 2837 2996 ducunt
2866 2944 2925 2995 et
2948 2944 3190 3014 nuptum
3222 2935 3459 3006 dantur,
3484 2937 3598 2996 hoc

1962 3036 2072 3105 est,
2110 3027 2167 3086 in
2202 3026 2433 3104 nuptias
2466 3025 2777 3086 traduntur
2812 3044 2823 3087 :
2876 3025 2977 3085 ﬁlii
3026 3043 3162 3085 vero
3211 3024 3408 3084 saeculi
3441 3024 3596 3084 illius

1968 3116 2114 3177 nihil
2152 3116 2262 3175 tale
2289 3114 2531 3188 faciunt,
2554 3133 2745 3195 neque
2774 3114 2929 3175 enim
2957 3114 3103 3174 ultra
3136 3112 3287 3174 mori
3321 3112 3599 3192 possibile

234 3204 492 3282 ἀγγελικὴ
522 3207 607 3260 καὶ
650 3209 768 3263 θεῖα
816 3205 1075 3286 διαγωγή.
1131 3209 1387 3266 Ἐνταυθα
1438 3212 1535 3284 μὲν
1564 3213 1662 3288 γὰρ
1693 3209 1876 3276 ἔπειδῆ

1964 3215 2071 3268 est.
2109 3204 2362 3265 Proinde
2391 3223 2507 3264 non
2538 3204 2658 3265 illic
2693 3205 2832 3264 ﬁent
2861 3223 2929 3264 ea
2958 3223 3087 3284 quae
3129 3204 3185 3263 in
3221 3202 3459 3283 nuptiis,
3493 3202 3597 3263 sed

236 3291 478 3374 θάνατος,
540 3293 623 3350 διὰ
680 3302 833 3352 τοῦτο
887 3299 1081 3375 γάμος,
1148 3300 1235 3354 καὶ
1290 3297 1476 3367 ἐπειδὴ
1533 3301 1728 3379 γάμος,
1794 3298 1878 3355 διὰ

238 3391 387 3440 τοῦτο
439 3384 684 3448 θάνατος.
747 3384 899 3442 Ἐκεῖ
948 3385 1002 3442 δὲ
1059 3388 1149 3444 τοῦ
1178 3388 1401 3445 θανάτου
1430 3388 1874 3468 καταργηθέντος,

237 3475 310 3536 τίς
368 3476 522 3553 χρεία
580 3482 671 3531 τοῦ
717 3476 940 3557 γάμου,
1016 3468 1072 3535 Ὀ
1134 3477 1302 3554 γάμος
1361 3479 1460 3556 γὰρ
1518 3480 1737 3555 βοήθεια
1790 3484 1881 3533 τοῦ

237 3566 446 3632 θνητοῦ,
496 3563 580 3618 xxi
640 3561 913 3635 πλήρωσις
958 3575 1049 3624 τοῦ
1090 3564 1383 3630 λείποντος·
1448 3566 1567 3623 ἔνθα
1737 3565 1882 3623 οὐδὲν

240 3649 428 3728 λείπει,
460 3652 535 3714 τίς
569 3653 733 3731 χραία
761 3661 849 3709 τοῦ
881 3653 1207 3731 πληροῦντος
1243 3673 1259 3728 ;
1289 3655 1586 3734 ’ἰσάγγελοι
1619 3656 1707 3712 οὖν
1754 3658 1877 3729 εἰσι,

244 3741 327 3795 καὶ
386 3742 484 3795 υἱοὶ
540 3748 649 3820 τοῦ·
701 3750 853 3804 Θεοῦ,
920 3745 1015 3799 Δια
1066 3746 1166 3820 τί,
1225 3737 1354 3803 ’Ότι
1400 3749 1497 3812 τῆς
1547 3745 1880 3807 ἀναστάσεώς

244 3830 368 3883 εἰσιν
431 3829 552 3891 υἱοί,
612 3811 688 3887 ΗΟ
721 3828 774 3885 δὲ
803 3830 970 3911 λέγει,
1006 3839 1241 3889 τοιοῦτον
1273 3833 1436 3888 ἐστιν’
1474 3832 1665 3905 Εἶπον,
1698 3833 1879 3911 φησὶν,

208 3942 213 3945 -
246 3919 421 3979 αὖτοὺς
453 3919 592 3983 υἱοὺς
626 3927 778 3992 Θεοῦ,
840 3918 970 3977 διότι
1030 3920 1174 3977 οῦδὲν
1206 3924 1507 3997 σωματικὸν
1553 3921 1605 3977 ἐν
1638 3927 1705 3997 τῇ
1750 3943 1875 3999 γεν-

245 4007 387 4074 νήσει
450 4008 617 4062 αὐτῶν
679 4011 883 4089 ὁρᾶται,
946 4010 1082 4066 ἀλλά
1138 4013 1309 4069 πάντα
1374 4016 1493 4068 θεῖα
1528 4002 1547 4044 ’ἰ
1615 4011 1730 4067 οὕτε
1785 4012 1883 4087 γὰρ

247 4096 480 4151 συνουσία
524 4112 866 4176 προηγεῖται,
921 4099 1036 4156 οὔτε
1080 4101 1315 4180 σπέρμα,
1366 4102 1482 4157 οὔτε
1516 4104 1715 4180 μήτρα,
1766 4099 1884 4157 οῧτε

251 4187 431 4249 κύησις
471 4184 523 4239 ἔν
555 4192 621 4261 τῇ
651 4186 988 4261 ἀναστάστει,
1021 4189 1154 4245 ἀλλά
1205 4192 1333 4254 Θεός
1367 4190 1505 4245 ἐστιν
1537 4194 1563 4246 ὁ
1596 4196 1792 4267 γεννῶν
1822 4188 1886 4245 τὰ

247 4274 463 4347 σώματα
506 4276 659 4348 ἡμῶν
715 4275 777 4333 λό
796 4299 896 4353 τοις
953 4279 1040 4343 οἶς
1101 4278 1527 4355 οἶδεν-’,Οὐκοῦν
1586 4279 1698 4335 ἐπεὶ
1756 4279 1883 4339 Θεός

250 4363 384 4417 ἐστιν
431 4365 457 4418 ὁ
517 4363 740 4441 ἐνεργῶν
784 4366 838 4422 ἐν
883 4375 949 4442 τῇ
994 4368 1300 4446 ἀναστάσει,
1352 4369 1567 4429 εἶκότως
1620 4369 1717 4423 υἱοὶ
1789 4364 1880 4421 λέ-

252 4472 424 4527 γονται
485 4456 615 4509 Θεοῦ
656 4458 701 4509 οἱ
747 4454 797 4520 ἐξ
850 4456 1184 4521 ἀναστάσεως
1227 4458 1668 4533 ἀναγεννώμενοι.
1724 4453 1882 4511 Ἐπι-

1962 3293 2227 3373 angelica
2258 3300 2316 3353 et
2346 3292 2546 3353 divina
2575 3293 2684 3352 vita
2738 3301 2848 3354 est.
2889 3292 2995 3353 Hic
3037 3293 3194 3354 enim
3244 3291 3381 3372 quia
3413 3308 3595 3365 mors,

1963 3384 2095 3443 ideo
2128 3391 2185 3443 et
2231 3381 2494 3462 nuptize:
2554 3391 2611 3442 et
2663 3381 2802 3462 quia
2848 3382 3089 3461 nuptiae,
3139 3381 3274 3443 ideo
3309 3388 3364 3442 et
3413 3396 3594 3443 mors.

1964 3472 2089 3533 Illic
2120 3481 2313 3533 autem
2364 3480 2550 3532 morte
2601 3471 2840 3545 abolita,
2875 3473 3002 3552 quis
3041 3471 3375 3550 nuptiarum
3409 3477 3599 3532 usus?

1966 3560 2193 3640 Nuptiae
2220 3559 2378 3621 enim
2410 3559 2689 3621 auxilium
2738 3560 2866 3620 vita:
2911 3560 3199 3633 mortalis,
3234 3569 3293 3621 et
3333 3559 3599 3637 impletio

1968 3654 2101 3731 ejus
2124 3650 2279 3730 quod
2327 3649 2572 3710 deﬁcit:
2625 3649 2721 3709 ubi
2769 3658 2963 3710 autem
3016 3648 3161 3709 nihil
3206 3648 3428 3728 deﬁcit,
3461 3647 3600 3728 quid

1967 3757 2113 3819 opus
2145 3738 2427 3817 implente
2450 3745 2477 3801 ?
2508 3738 2683 3799 Pares
2712 3738 2911 3819 itaque
2956 3746 3090 3798 sunt
3119 3738 3367 3815 angelis,
3401 3745 3459 3798 et
3499 3736 3597 3797 ﬁlii

1965 3829 2093 3890 Dei.
2130 3829 2371 3900 Quare?
2402 3827 2550 3899 Quia
2579 3827 3035 3888 resurrectionis
3068 3826 3172 3886 ﬁlii
3226 3833 3382 3886 sunt.
3434 3824 3597 3897 Quod

1964 3926 2159 3978 autem
2192 3917 2356 3990 dicit,
2412 3917 2586 3978 talem
2634 3936 2871 3977 sensum
2935 3916 3150 3977 habet:
3186 3915 3339 3985 Dixi,
3387 3913 3598 3994 inquit,

1967 4007 2101 4068 illos
2132 4006 2282 4068 ﬁlios
2314 4006 2443 4086 Dei,
2478 4025 2547 4067 eo
2578 4006 2732 4085 quod
2765 4006 2908 4066 nihil
2941 4023 3291 4085 corporeum
3323 4005 3383 4064 in
3414 4021 3599 4082 gene-

1968 4095 2196 4156 retione
2244 4113 2447 4156 eorum
2492 4094 2777 4173 videatur,
2828 4094 2930 4154 sed
2982 4094 3181 4154 omnia
3218 4093 3415 4154 divina
3458 4092 3599 4155 sint.

1967 4187 2174 4266 Neque
2207 4184 2363 4245 enim
2396 4186 2455 4245 in
2488 4185 2919 4246 resurrectione
2961 4182 3239 4263 praecedit
3268 4183 3357 4243 vel
3389 4182 3599 4255 coitus,

1968 4275 2055 4335 vel
2089 4293 2316 4347 semen,
2348 4274 2435 4334 vel
2471 4282 2693 4347 uterus,
2730 4273 2814 4333 vel
2837 4272 3240 4353 impraagnatio
3269 4294 3279 4329 :
3316 4272 3418 4332 sed
3448 4271 3604 4333 Deus

1970 4374 2058 4425 est
2087 4362 2460 4443 quLgenerat
2490 4379 2739 4441 corpora
2774 4370 2971 4420 nostra
3014 4361 3204 4421 modis
3233 4358 3445 4441 quibus
3477 4357 3605 4437 ipse

1970 4454 2100 4514 scit.
2155 4451 2223 4515 Et
2273 4450 2521 4531 proinde
2550 4452 2685 4530 quia
2732 4452 2887 4511 Deus
2944 4459 3033 4510 est
3088 4449 3185 4527 qui
3235 4456 3513 4527 operatur
3544 4448 3603 4507 in

251 4540 385 4618 φέρει
436 4540 490 4596 δὲ
542 4556 660 4608 τοῖς
721 4543 1003 4623 λογισμοῖς
1074 4548 1161 4601 καὶ
1245 4545 1527 4623 μαρτυρίαν
1591 4545 1877 4622 Γραφικήν.

1970 4542 2429 4613 resurrectione,
2487 4540 2698 4602 merito
2750 4538 2851 4599 ﬁlii
2908 4538 3009 4599 Dei
3068 4538 3343 4600 dicuntur
3386 4538 3484 4619 qui
3536 4557 3605 4598 cx

251 4632 385 4696 Φησὶ
428 4632 527 4709 γὰρ
558 4634 585 4688 ὁ
620 4639 814 4699 Μωσῆς
871 4636 959 4690 τὸν
1010 4637 1139 4691 Θεὸν
1170 4637 1339 4691 εἰπεῖν
1374 4636 1513 4690 αὐτῶ
1545 4634 1603 4689 ἐκ
1644 4639 1743 4700 τῆς
1786 4634 1887 4709 βά-

252 4741 336 4776 του
369 4740 384 4757 ⁸
421 4719 562 4798 Ἐγώ
591 4723 695 4795 εἰμι
754 4726 781 4779 ὁ
840 4727 967 4787 Θεὸς
1036 4723 1297 4805 Ἀϐραὰμ,
1342 4726 1428 4780 καὶ
1460 4726 1524 4780 τὰ
1554 4722 1699 4789 ἑξῆς.
1737 4725 1791 4779 Εἰ
1834 4720 1888 4778 δὲ

256 4807 383 4873 ἅπαξ
415 4809 776 4887 ἠφανίσθησαν
834 4814 879 4868 οἱ
932 4814 1282 4892 πατριάρχαι,
1337 4814 1530 4888 καὶμὴ
1564 4812 1691 4882 ἔζων
1748 4813 1889 4889 παρά

255 4904 363 4970 Θεῴ
420 4904 487 4973 τῇ
534 4897 700 4953 ἐλπίδι
755 4906 853 4967 τῆς
912 4903 1270 4981 ἀναστάσεως,
1323 4906 1414 4959 οὒκ
1470 4903 1528 4958 ἂν
1568 4904 1744 4975 εἶπεν,
1809 4900 1887 4956 ὅτι

255 4985 391 5063 Ἐγώ
448 4990 579 5067 εἶμι,
615 4988 731 5044 ἀλλ’
793 4990 933 5067 Ἐγὼ
976 4990 1145 5066 ἥμην,
1185 5000 1349 5049 Τοῦτο
1379 4994 1477 5070 γὰρ
1500 4992 1751 5067 εἰώθαμεν
1792 4990 1887 5046 λέ-

253 5097 355 5151 γειν
414 5076 496 5132 ἒπὶ
552 5084 658 5132 τῶν
707 5077 1091 5158 διεφθαρμένων
1150 5083 1234 5137 γαὶ
1291 5081 1676 5159 ἀφανισθειτων
1747 5102 1888 5158 πρα-

257 5166 467 5240 γμάτων
499 5185 513 5198 ·
576 5163 717 5243 Ἐγὼ
775 5167 923 5242 ἥμην
955 5168 1215 5236 δεσπότης
1257 5168 1401 5227 τοῦδε
1433 5171 1523 5224 τοῦ
1554 5170 1885 5247 πράγματος.

260 5256 322 5308 Ὶγ
414 5253 457 5284 σιξ
548 5257 561 5271 ο
622 5257 633 5275 ς
658 5281 667 5293 ‘
741 5254 769 5311 ὅ
854 5256 868 5279 ν
964 5260 976 5279 ε
1063 5260 1075 5277 ο
1204 5257 1255 5289 εκ
1308 5258 1354 5289 ν.
1424 5258 1447 5274 υ
1533 5265 1558 5289 γ
1583 5258 1592 5275 ο
1786 5257 1803 5289 1
1874 5258 1885 5274 ι

258 5301 270 5311 .
302 5278 352 5307 av
408 5273 460 5308 οι
521 5277 705 5327 εεπιυι,
772 5279 820 5311 τι
877 5266 995 5339 [ἐγω
1037 5280 1165 5332 ειμι,
1204 5277 1388 5323 εοειςιν
1422 5280 1501 5313 οτι
1532 5280 1740 5327 εωντων
1783 5278 1891 5312 εστι

262 5346 526 5410 Δεσπότης
579 5347 663 5400 καὶ
723 5348 875 5419 Θεὸς,
953 5350 1039 5402 καὶ
1095 5350 1216 5426 οὒχὶ
1274 5346 1616 5425 διεφθορότων
1663 5347 1833 5422 πάντη
1869 5363 1887 5382 ·

257 5432 347 5487 κᾶν
391 5434 489 5509 γὰρ
547 5437 719 5512 νεκροὶ
762 5438 917 5515 ὦσιν,
973 5436 1107 5492 σλλά
1162 5440 1229 5512 τῇ
1261 5434 1427 5493 ἐλπίδι
1458 5441 1547 5491 τοῦ
1575 5435 1889 5513 ἀναστῆναι,

256 5529 425 5597 ζῶσιν,
480 5524 657 5600 ὥσπερ
703 5526 794 5580 καί
854 5524 887 5581 ὅ
941 5524 1107 5596 Ἀδὰμ.
1166 5529 1207 5582 εἰ
1268 5528 1353 5582 καὶ
1409 5524 1525 5600 ἔζη,
1584 5526 1771 5591 θνητὸς
1827 5529 1893 5592 ἦν

258 5610 416 5689 ίὶμως,
450 5616 535 5667 καὶ
580 5612 673 5668 ἀπ’
704 5614 863 5681 αὖτῆς
906 5619 1001 5681 τῆς
1050 5618 1215 5694 ὠρας,
1267 5614 1355 5694 ἀφ’
1390 5615 1456 5681 ἧς
1500 5612 1684 5693 ἔφαγε,
1750 5613 1892 5673 ἀπο·-

1970 4631 2406 4692 resurrectione
2437 4636 2779 4689 nascuntur.
2820 4626 3029 4689 Subdit
3057 4636 3249 4688 autem
3282 4625 3607 4687 rationibus

1972 4721 2145 4781 etiam
2178 4719 2497 4799 Scriptura:
2543 4716 2942 4778 testimonium
3003 4716 3190 4776 Moscs
3228 4714 3384 4775 enim
3417 4715 3607 4795 inquit

1972 4809 2189 4870 dixisse
2215 4809 2330 4870 sibi
2354 4811 2534 4868 Deum
2560 4825 2632 4868 ex
2650 4805 2833 4866 rubo:
2860 4804 2980 4883 Ego
3003 4824 3125 4865 seni
3149 4804 3304 4883 Deus
3326 4803 3600 4878 Abrahae,

1973 4907 2089 4959 etc.
2120 4897 2279 4969 Quod
2315 4899 2362 4958 si
2395 4897 2637 4957 omnino
2698 4894 3071 4956 evanuissent
3127 4893 3498 4971 patriarcha),
3549 4900 3607 4953 et

1975 5007 2090 5049 non
2126 4986 2579 5066 vixissentapud
2639 4984 2824 5045 Deum
2876 4984 2934 5044 in
2966 5002 3071 5063 spe
3125 4981 3603 5056 resurrectionis,

1976 5098 2089 5139 non
2126 5077 2328 5157 utique
2373 5076 2618 5135 dixisset
2664 5073 2867 5135 Deus:
2921 5072 3040 5152 Ego
3091 5092 3219 5132 sum
3257 5090 3269 5134 :
3324 5072 3451 5144 sed,
3486 5071 3604 5149 Ego

1974 5186 2154 5227 eram.
2194 5169 2273 5227 De
2305 5165 2484 5225 rebus
2516 5164 2673 5224 enim
2709 5163 2955 5243 perditis
2989 5171 3046 5222 et
3087 5160 3380 5241 corruptis
3410 5161 3611 5221 dicere

1974 5258 2235 5316 solemus
2273 5275 2285 5315 :
2316 5253 2433 5331 Ego
2465 5272 2625 5314 eram
2660 5253 3142 5330 dominushujus
3192 5261 3249 5311 et
3294 5251 3467 5328 hujus
3498 5251 3606 5312 rei.

1974 5345 2142 5406 Nunc
2173 5352 2365 5403 autem
2399 5342 2537 5421 quia
2565 5341 2705 5401 dixit
2742 5361 2757 5399 :
2800 5342 2923 5415 Ego
2955 5360 3108 5420 sum,
3162 5340 3415 5401 ostendit
3457 5337 3611 5420 quod

1977 5434 2047 5494 sit
2079 5432 2390 5493 viventium
2447 5429 2730 5493 Dominus
2761 5439 2819 5490 et
2867 5428 3045 5501 Deus,
3093 5436 3151 5487 et
3206 5447 3321 5491 non
3374 5427 3611 5488 omnino

1977 5531 2411 5601 corruptorum,
2448 5519 2679 5581 etiamsi
2714 5519 2923 5580 mortui
2966 5518 3105 5594 sint,
3149 5518 3251 5580 sed
3277 5536 3381 5598 spe
3404 5535 3611 5579 resur-

1977 5612 2155 5689 gendi
2184 5610 2429 5671 vivunt:
2485 5609 2637 5673 sicut
2699 5617 2757 5670 et
2805 5606 2990 5675 Adam
3049 5609 3313 5695 quamvis
3361 5606 3611 5681 vivebat,
