  <div class='ocr_page' id='page_1' title='image "/cluster/home/n/w/nwhite01/storage/ocr_20150623/123/hvd.32044073502445/553.png"; bbox 0 0 4116 6212; ppageno 0'>
   <div class='ocr_carea' id='block_1_1' title="bbox 324 283 3722 357">
    <p class='ocr_par' dir='ltr' id='par_1_1' title="bbox 324 283 3722 357">
     <span class='ocr_line' id='line_1_1' title="bbox 324 283 3722 357; baseline 0.002 -10"><span class='ocrx_word' id='word_1_1' title='bbox 324 283 460 349; x_wconf 80' lang='grc'><strong>1051</strong></span> <span class='ocrx_word' id='word_1_2' title='bbox 1273 291 1373 351; x_wconf 90' lang='grc' dir='ltr'><strong>ΤΗ</strong></span> <span class='ocrx_word' id='word_1_3' title='bbox 1391 290 1865 353; x_wconf 69' lang='lat' dir='ltr'><strong>EOPHYLACTI</strong></span> <span class='ocrx_word' id='word_1_4' title='bbox 1913 289 2322 350; x_wconf 71' lang='lat' dir='ltr'><strong>BULGARM‘J</strong></span> <span class='ocrx_word' id='word_1_5' title='bbox 2371 288 2725 351; x_wconf 61' lang='lat' dir='ltr'><strong>ARCHIEP.</strong></span> <span class='ocrx_word' id='word_1_6' title='bbox 3556 293 3722 357; x_wconf 78' lang='lat'><strong>1052</strong></span> 
     </span>
    </p>
   </div>
   <div class='ocr_carea' id='block_1_2' title="bbox 318 417 1974 505">
    <p class='ocr_par' dir='ltr' id='par_1_2' title="bbox 318 420 1954 502">
     <span class='ocr_line' id='line_1_2' title="bbox 318 420 1954 502; baseline 0.001 -25"><span class='ocrx_word' id='word_1_7' title='bbox 318 427 489 479; x_wconf 87' lang='lat' dir='ltr'><strong>erant</strong></span> <span class='ocrx_word' id='word_1_8' title='bbox 520 420 727 499; x_wconf 72' lang='lat' dir='ltr'><strong>palmae</strong></span> <span class='ocrx_word' id='word_1_9' title='bbox 770 430 828 483; x_wconf 91' lang='lat' dir='ltr'><strong>et</strong></span> <span class='ocrx_word' id='word_1_10' title='bbox 866 421 1216 502; x_wconf 87' lang='lat' dir='ltr'><strong>Cherubim,</strong></span> <span class='ocrx_word' id='word_1_11' title='bbox 1264 430 1321 483; x_wconf 91' lang='lat' dir='ltr'><strong>et</strong></span> <span class='ocrx_word' id='word_1_12' title='bbox 1377 420 1621 496; x_wconf 83' lang='lat' dir='ltr'><strong>similia;</strong></span> <span class='ocrx_word' id='word_1_13' title='bbox 1652 421 1777 482; x_wconf 84' lang='lat' dir='ltr'><strong>haec</strong></span> <span class='ocrx_word' id='word_1_14' title='bbox 1799 420 1954 481; x_wconf 91' lang='lat' dir='ltr'><strong>enim</strong></span> 
     </span>
    </p>
   </div>
   <div class='ocr_carea' id='block_1_3' title="bbox 2059 417 3723 505">
    <p class='ocr_par' dir='ltr' id='par_1_3' title="bbox 2059 417 3723 505">
     <span class='ocr_line' id='line_1_3' title="bbox 2059 417 3723 505; baseline 0.004 -30"><span class='ocrx_word' id='word_1_15' title='bbox 2059 419 2127 475; x_wconf 87' lang='grc' dir='ltr'><strong>ιαὶ</strong></span> <span class='ocrx_word' id='word_1_16' title='bbox 2185 417 2397 497; x_wconf 87' lang='grc' dir='ltr'>γλυπτά</span> <span class='ocrx_word' id='word_1_17' title='bbox 2449 420 2647 499; x_wconf 82' lang='grc' dir='ltr'>λέγειν,</span> <span class='ocrx_word' id='word_1_18' title='bbox 2703 436 2821 479; x_wconf 82' lang='grc' dir='ltr'>οῖον</span> <span class='ocrx_word' id='word_1_19' title='bbox 2877 425 3110 505; x_wconf 75' lang='grc' dir='ltr'>φοίνικας</span> <span class='ocrx_word' id='word_1_20' title='bbox 3207 430 3294 484; x_wconf 83' lang='grc' dir='ltr'>καὶ</span> <span class='ocrx_word' id='word_1_21' title='bbox 3440 424 3723 505; x_wconf 74' lang='grc' dir='ltr'>Χερουϐιμ</span> 
     </span>
    </p>
   </div>
   <div class='ocr_carea' id='block_1_4' title="bbox 320 507 1974 595">
    <p class='ocr_par' dir='ltr' id='par_1_4' title="bbox 320 507 1965 591">
     <span class='ocr_line' id='line_1_4' title="bbox 320 507 1965 591; baseline 0 -23"><span class='ocrx_word' id='word_1_22' title='bbox 320 507 467 569; x_wconf 89' lang='lat' dir='ltr'><strong>forte</strong></span> <span class='ocrx_word' id='word_1_23' title='bbox 498 511 833 591; x_wconf 64' lang='grc' dir='ltr'>ἀναθήματα,</span> <span class='ocrx_word' id='word_1_24' title='bbox 871 512 982 573; x_wconf 83' lang='lat' dir='ltr'><strong>hoc</strong></span> <span class='ocrx_word' id='word_1_25' title='bbox 1010 512 1151 573; x_wconf 64' lang='lat'><strong>4‘59</strong></span> <span class='ocrx_word' id='word_1_26' title='bbox 1181 518 1290 591; x_wconf 88' lang='lat' dir='ltr'><strong>est,</strong></span> <span class='ocrx_word' id='word_1_27' title='bbox 1326 510 1504 583; x_wconf 89' lang='lat' dir='ltr'><strong>dona,</strong></span> <span class='ocrx_word' id='word_1_28' title='bbox 1532 508 1671 571; x_wconf 91' lang='lat' dir='ltr'><strong>dicit</strong></span> <span class='ocrx_word' id='word_1_29' title='bbox 1701 528 1713 573; x_wconf 91' lang='lat'>:</span> <span class='ocrx_word' id='word_1_30' title='bbox 1757 509 1965 572; x_wconf 90' lang='lat' dir='ltr'><strong>Domi-</strong></span> 
     </span>
    </p>
   </div>
   <div class='ocr_carea' id='block_1_5' title="bbox 2059 507 3713 595">
    <p class='ocr_par' dir='ltr' id='par_1_5' title="bbox 2059 507 3713 595">
     <span class='ocr_line' id='line_1_5' title="bbox 2059 507 3713 595; baseline 0.004 -32"><span class='ocrx_word' id='word_1_31' title='bbox 2059 514 2208 564; x_wconf 79' lang='grc' dir='ltr'>ταῦτα</span> <span class='ocrx_word' id='word_1_32' title='bbox 2263 509 2362 586; x_wconf 74' lang='grc' dir='ltr'><strong>γὰρ</strong></span> <span class='ocrx_word' id='word_1_33' title='bbox 2432 508 2567 572; x_wconf 73' lang='grc' dir='ltr'>ἴσως</span> <span class='ocrx_word' id='word_1_34' title='bbox 2613 512 2680 566; x_wconf 79' lang='grc' dir='ltr'>τὰ</span> <span class='ocrx_word' id='word_1_35' title='bbox 2708 512 3024 589; x_wconf 76' lang='grc' dir='ltr'>ἀναθήματά</span> <span class='ocrx_word' id='word_1_36' title='bbox 3055 514 3238 595; x_wconf 77' lang='grc' dir='ltr'>φησιν’</span> <span class='ocrx_word' id='word_1_37' title='bbox 3275 507 3331 575; x_wconf 63' lang='grc' dir='ltr'>Ὀ</span> <span class='ocrx_word' id='word_1_38' title='bbox 3381 527 3567 595; x_wconf 79' lang='grc' dir='ltr'>Κύριος</span> <span class='ocrx_word' id='word_1_39' title='bbox 3606 516 3713 572; x_wconf 74' lang='grc' dir='ltr'><strong>οὖ-</strong></span> 
     </span>
    </p>
   </div>
   <div class='ocr_carea' id='block_1_6' title="bbox 322 595 1974 682">
    <p class='ocr_par' dir='ltr' id='par_1_6' title="bbox 322 598 1963 682">
     <span class='ocr_line' id='line_1_6' title="bbox 322 598 1963 682; baseline 0.001 -25"><span class='ocrx_word' id='word_1_40' title='bbox 322 616 432 657; x_wconf 92' lang='lat' dir='ltr'><strong>nus</strong></span> <span class='ocrx_word' id='word_1_41' title='bbox 464 616 598 658; x_wconf 90' lang='lat' dir='ltr'><strong>vero</strong></span> <span class='ocrx_word' id='word_1_42' title='bbox 622 599 765 660; x_wconf 89' lang='lat' dir='ltr'><strong>nihil</strong></span> <span class='ocrx_word' id='word_1_43' title='bbox 785 601 995 661; x_wconf 91' lang='lat' dir='ltr'><strong>horum</strong></span> <span class='ocrx_word' id='word_1_44' title='bbox 1023 598 1401 672; x_wconf 88' lang='lat' dir='ltr'><strong>miratur,sed</strong></span> <span class='ocrx_word' id='word_1_45' title='bbox 1429 599 1963 682; x_wconf 79' lang='lat' dir='ltr'><strong>etdestructionem</strong></span> 
     </span>
    </p>
   </div>
   <div class='ocr_carea' id='block_1_7' title="bbox 2059 595 3712 682">
    <p class='ocr_par' dir='ltr' id='par_1_7' title="bbox 2059 595 3712 680">
     <span class='ocr_line' id='line_1_7' title="bbox 2059 595 3712 680; baseline 0.004 -28"><span class='ocrx_word' id='word_1_46' title='bbox 2059 595 2191 659; x_wconf 73' lang='grc' dir='ltr'>Βενὸς</span> <span class='ocrx_word' id='word_1_47' title='bbox 2250 598 2448 655; x_wconf 64' lang='grc' dir='ltr'>τούτων</span> <span class='ocrx_word' id='word_1_48' title='bbox 2507 598 2897 680; x_wconf 78' lang='grc' dir='ltr'>ἐπιστρέφεται,</span> <span class='ocrx_word' id='word_1_49' title='bbox 2953 603 3087 660; x_wconf 84' lang='grc' dir='ltr'><strong>ἀλλά</strong></span> <span class='ocrx_word' id='word_1_50' title='bbox 3126 606 3226 672; x_wconf 71' lang='grc' dir='ltr'>τὴν</span> <span class='ocrx_word' id='word_1_51' title='bbox 3269 603 3555 662; x_wconf 70' lang='grc' dir='ltr'>κατάλυσιν</span> <span class='ocrx_word' id='word_1_52' title='bbox 3604 606 3712 660; x_wconf 70' lang='grc' dir='ltr'><strong>αὖ·</strong></span> 
     </span>
    </p>
   </div>
   <div class='ocr_carea' id='block_1_8' title="bbox 320 686 1974 767">
    <p class='ocr_par' dir='ltr' id='par_1_8' title="bbox 320 686 1967 767">
     <span class='ocr_line' id='line_1_8' title="bbox 320 686 1967 767; baseline 0.001 -22"><span class='ocrx_word' id='word_1_53' title='bbox 320 704 522 746; x_wconf 90' lang='lat' dir='ltr'><strong>eorum</strong></span> <span class='ocrx_word' id='word_1_54' title='bbox 549 688 832 764; x_wconf 76' lang='lat' dir='ltr'><strong>praedicit.</strong></span> <span class='ocrx_word' id='word_1_55' title='bbox 866 688 984 751; x_wconf 83' lang='lat' dir='ltr'><strong>Abi</strong></span> <span class='ocrx_word' id='word_1_56' title='bbox 1015 701 1209 749; x_wconf 87' lang='lat' dir='ltr'><strong>autem</strong></span> <span class='ocrx_word' id='word_1_57' title='bbox 1246 688 1485 767; x_wconf 88' lang='lat' dir='ltr'><strong>&#39;opinati</strong></span> <span class='ocrx_word' id='word_1_58' title='bbox 1534 697 1670 753; x_wconf 89' lang='lat' dir='ltr'><strong>sunt</strong></span> <span class='ocrx_word' id='word_1_59' title='bbox 1718 706 1851 748; x_wconf 89' lang='lat' dir='ltr'><strong>eum</strong></span> <span class='ocrx_word' id='word_1_60' title='bbox 1894 686 1967 746; x_wconf 89' lang='lat' dir='ltr'><strong>de</strong></span> 
     </span>
    </p>
   </div>
   <div class='ocr_carea' id='block_1_9' title="bbox 2059 686 3711 767">
    <p class='ocr_par' dir='ltr' id='par_1_9' title="bbox 2059 686 3711 765">
     <span class='ocr_line' id='line_1_9' title="bbox 2059 686 3711 765; baseline 0.006 -24"><span class='ocrx_word' id='word_1_61' title='bbox 2059 686 2151 741; x_wconf 76' lang='grc' dir='ltr'>τῶν</span> <span class='ocrx_word' id='word_1_62' title='bbox 2209 686 2481 765; x_wconf 77' lang='grc' dir='ltr'>προλέγει.</span> <span class='ocrx_word' id='word_1_63' title='bbox 2544 691 2603 746; x_wconf 78' lang='grc' dir='ltr'><strong>Οἱ</strong></span> <span class='ocrx_word' id='word_1_64' title='bbox 2660 687 2714 745; x_wconf 81' lang='grc' dir='ltr'>δὲ</span> <span class='ocrx_word' id='word_1_65' title='bbox 2774 692 3025 765; x_wconf 75' lang='grc' dir='ltr'><strong>ᾠήθησαν</strong></span> <span class='ocrx_word' id='word_1_66' title='bbox 3058 695 3215 752; x_wconf 69' lang='grc' dir='ltr'>αὐτὸν</span> <span class='ocrx_word' id='word_1_67' title='bbox 3246 698 3490 763; x_wconf 75' lang='grc' dir='ltr'>περὶτῆς</span> <span class='ocrx_word' id='word_1_68' title='bbox 3529 698 3711 751; x_wconf 71' lang='grc' dir='ltr'>καθοο</span> 
     </span>
    </p>
   </div>
   <div class='ocr_carea' id='block_1_10' title="bbox 319 772 1974 858">
    <p class='ocr_par' dir='ltr' id='par_1_10' title="bbox 319 776 1968 858">
     <span class='ocr_line' id='line_1_10' title="bbox 319 776 1968 858; baseline 0.001 -24"><span class='ocrx_word' id='word_1_69' title='bbox 319 778 829 839; x_wconf 88' lang='lat' dir='ltr'><strong>consummatione</strong></span> <span class='ocrx_word' id='word_1_70' title='bbox 874 778 1194 839; x_wconf 72' lang='lat' dir='ltr'><strong>universali</strong></span> <span class='ocrx_word' id='word_1_71' title='bbox 1254 777 1539 850; x_wconf 86' lang='lat' dir='ltr'><strong>locutum,</strong></span> <span class='ocrx_word' id='word_1_72' title='bbox 1574 778 1838 858; x_wconf 88' lang='lat' dir='ltr'><strong>quamvis</strong></span> <span class='ocrx_word' id='word_1_73' title='bbox 1891 776 1968 835; x_wconf 87' lang='lat' dir='ltr'><strong>de</strong></span> 
     </span>
    </p>
   </div>
   <div class='ocr_carea' id='block_1_11' title="bbox 2059 772 3713 858">
    <p class='ocr_par' dir='ltr' id='par_1_11' title="bbox 2059 772 3713 857">
     <span class='ocr_line' id='line_1_11' title="bbox 2059 772 3713 857; baseline 0.005 -27"><span class='ocrx_word' id='word_1_74' title='bbox 2059 777 2207 841; x_wconf 70' lang='grc' dir='ltr'>λ-κῆς</span> <span class='ocrx_word' id='word_1_75' title='bbox 2264 774 2564 841; x_wconf 74' lang='grc' dir='ltr'>συντελείας</span> <span class='ocrx_word' id='word_1_76' title='bbox 2620 776 2814 854; x_wconf 84' lang='grc' dir='ltr'>λέγειν,</span> <span class='ocrx_word' id='word_1_77' title='bbox 2876 782 3045 837; x_wconf 83' lang='grc' dir='ltr'>καίτοι</span> <span class='ocrx_word' id='word_1_78' title='bbox 3104 785 3224 857; x_wconf 87' lang='grc' dir='ltr'>περὶ</span> <span class='ocrx_word' id='word_1_79' title='bbox 3280 789 3376 850; x_wconf 79' lang='grc' dir='ltr'>τῆς</span> <span class='ocrx_word' id='word_1_80' title='bbox 3404 784 3504 840; x_wconf 73' lang='grc' dir='ltr'><strong>ὑπὸ</strong></span> <span class='ocrx_word' id='word_1_81' title='bbox 3562 772 3713 839; x_wconf 78' lang='grc' dir='ltr'><strong>Ῥω·-</strong></span> 
     </span>
    </p>
   </div>
   <div class='ocr_carea' id='block_1_12' title="bbox 319 864 1966 946">
    <p class='ocr_par' dir='ltr' id='par_1_12' title="bbox 319 864 1966 946">
     <span class='ocr_line' id='line_1_12' title="bbox 319 864 1966 946; baseline 0.001 -23"><span class='ocrx_word' id='word_1_82' title='bbox 319 864 656 942; x_wconf 75' lang='lat' dir='ltr'><strong>captivitate</strong></span> <span class='ocrx_word' id='word_1_83' title='bbox 688 865 1237 946; x_wconf 81' lang='lat' dir='ltr'><strong>Hierosolymorum</strong></span> <span class='ocrx_word' id='word_1_84' title='bbox 1280 875 1337 927; x_wconf 88' lang='lat' dir='ltr'><strong>et</strong></span> <span class='ocrx_word' id='word_1_85' title='bbox 1386 866 1650 927; x_wconf 84' lang='lat' dir='ltr'><strong>Romano</strong></span> <span class='ocrx_word' id='word_1_86' title='bbox 1702 864 1966 928; x_wconf 84' lang='lat' dir='ltr'><strong>exercitu</strong></span> 
     </span>
    </p>
   </div>
   <div class='ocr_carea' id='block_1_13' title="bbox 318 952 1972 1035">
    <p class='ocr_par' dir='ltr' id='par_1_13' title="bbox 318 952 1972 1035">
     <span class='ocr_line' id='line_1_13' title="bbox 318 952 1972 1035; baseline 0.002 -23"><span class='ocrx_word' id='word_1_87' title='bbox 318 952 473 1013; x_wconf 91' lang='lat' dir='ltr'><strong>dicat</strong></span> <span class='ocrx_word' id='word_1_88' title='bbox 494 970 505 1015; x_wconf 93' lang='lat'><strong>:</strong></span> <span class='ocrx_word' id='word_1_89' title='bbox 526 953 661 1017; x_wconf 91' lang='lat' dir='ltr'><strong>ideo</strong></span> <span class='ocrx_word' id='word_1_90' title='bbox 693 964 752 1016; x_wconf 89' lang='lat' dir='ltr'><strong>et</strong></span> <span class='ocrx_word' id='word_1_91' title='bbox 785 957 912 1035; x_wconf 90' lang='lat' dir='ltr'><strong>ipse</strong></span> <span class='ocrx_word' id='word_1_92' title='bbox 933 974 1156 1016; x_wconf 88' lang='lat' dir='ltr'><strong>morem</strong></span> <span class='ocrx_word' id='word_1_93' title='bbox 1190 973 1406 1034; x_wconf 83' lang='lat' dir='ltr'><strong>gerens</strong></span> <span class='ocrx_word' id='word_1_94' title='bbox 1437 955 1520 1016; x_wconf 90' lang='lat' dir='ltr'><strong>eis</strong></span> <span class='ocrx_word' id='word_1_95' title='bbox 1546 954 1824 1035; x_wconf 79' lang='lat' dir='ltr'><strong>relinquit</strong></span> <span class='ocrx_word' id='word_1_96' title='bbox 1852 972 1972 1015; x_wconf 88' lang='lat' dir='ltr'><strong>ser-</strong></span> 
     </span>
    </p>
   </div>
   <div class='ocr_carea' id='block_1_14' title="bbox 327 1044 1973 1124">
    <p class='ocr_par' dir='ltr' id='par_1_14' title="bbox 327 1044 1973 1124">
     <span class='ocr_line' id='line_1_14' title="bbox 327 1044 1973 1124; baseline 0.002 -23"><span class='ocrx_word' id='word_1_97' title='bbox 327 1061 561 1103; x_wconf 88' lang='lat' dir='ltr'><strong>monem</strong></span> <span class='ocrx_word' id='word_1_98' title='bbox 596 1044 669 1104; x_wconf 91' lang='lat' dir='ltr'><strong>de</strong></span> <span class='ocrx_word' id='word_1_99' title='bbox 698 1045 1056 1124; x_wconf 83' lang='lat' dir='ltr'><strong>captivitate,</strong></span> <span class='ocrx_word' id='word_1_100' title='bbox 1077 1044 1344 1105; x_wconf 84' lang='lat' dir='ltr'><strong>dicturus</strong></span> <span class='ocrx_word' id='word_1_101' title='bbox 1377 1044 1449 1104; x_wconf 91' lang='lat' dir='ltr'><strong>de</strong></span> <span class='ocrx_word' id='word_1_102' title='bbox 1479 1063 1551 1105; x_wconf 90' lang='lat' dir='ltr'><strong>ea</strong></span> <span class='ocrx_word' id='word_1_103' title='bbox 1582 1053 1973 1124; x_wconf 76' lang='lat' dir='ltr'><strong>posteamunc</strong></span> 
     </span>
    </p>
   </div>
   <div class='ocr_carea' id='block_1_15' title="bbox 324 1131 1973 1213">
    <p class='ocr_par' dir='ltr' id='par_1_15' title="bbox 324 1131 1973 1213">
     <span class='ocr_line' id='line_1_15' title="bbox 324 1131 1973 1213; baseline 0.001 -23"><span class='ocrx_word' id='word_1_104' title='bbox 324 1139 521 1192; x_wconf 88' lang='lat' dir='ltr'><strong>autem</strong></span> <span class='ocrx_word' id='word_1_105' title='bbox 554 1131 625 1192; x_wconf 94' lang='lat' dir='ltr'><strong>de</strong></span> <span class='ocrx_word' id='word_1_106' title='bbox 656 1135 1166 1194; x_wconf 68' lang='lat' dir='ltr'><strong>consummatione</strong></span> <span class='ocrx_word' id='word_1_107' title='bbox 1198 1133 1397 1193; x_wconf 68' lang='lat' dir='ltr'><strong>saeculi</strong></span> <span class='ocrx_word' id='word_1_108' title='bbox 1432 1133 1787 1213; x_wconf 89' lang='lat' dir='ltr'><strong>loquitur,et</strong></span> <span class='ocrx_word' id='word_1_109' title='bbox 1821 1151 1973 1210; x_wconf 73' lang='lat' dir='ltr'><strong>prae-</strong></span> 
     </span>
    </p>
   </div>
   <div class='ocr_carea' id='block_1_16' title="bbox 327 1221 2017 1302">
    <p class='ocr_par' dir='ltr' id='par_1_16' title="bbox 327 1221 2017 1302">
     <span class='ocr_line' id='line_1_16' title="bbox 327 1221 2017 1302; baseline 0.001 -24"><span class='ocrx_word' id='word_1_110' title='bbox 327 1221 513 1280; x_wconf 91' lang='lat' dir='ltr'><strong>munit</strong></span> <span class='ocrx_word' id='word_1_111' title='bbox 537 1240 745 1301; x_wconf 87' lang='lat' dir='ltr'><strong>eos,ne</strong></span> <span class='ocrx_word' id='word_1_112' title='bbox 767 1242 830 1283; x_wconf 91' lang='lat' dir='ltr'><strong>se</strong></span> <span class='ocrx_word' id='word_1_113' title='bbox 862 1224 1023 1285; x_wconf 82' lang='lat' dir='ltr'><strong>falsis</strong></span> <span class='ocrx_word' id='word_1_114' title='bbox 1048 1222 1351 1302; x_wconf 86' lang='lat' dir='ltr'><strong>prOphetis</strong></span> <span class='ocrx_word' id='word_1_115' title='bbox 1380 1232 1515 1283; x_wconf 83' lang='lat' dir='ltr'><strong>ante</strong></span> <span class='ocrx_word' id='word_1_116' title='bbox 1546 1241 1716 1283; x_wconf 89' lang='lat' dir='ltr'><strong>suum</strong></span> <span class='ocrx_word' id='word_1_117' title='bbox 1748 1221 1974 1283; x_wconf 86' lang='lat' dir='ltr'><strong>advcn—</strong></span> <span class='ocrx_word' id='word_1_118' title='bbox 2014 1244 2017 1247; x_wconf 93' lang='grc'><strong>·</strong></span> 
     </span>
    </p>
   </div>
   <div class='ocr_carea' id='block_1_17' title="bbox 331 1309 1973 1387">
    <p class='ocr_par' dir='ltr' id='par_1_17' title="bbox 331 1309 1973 1387">
     <span class='ocr_line' id='line_1_17' title="bbox 331 1309 1973 1387; baseline 0.001 -20"><span class='ocrx_word' id='word_1_119' title='bbox 331 1318 453 1368; x_wconf 91' lang='lat' dir='ltr'><strong>tum</strong></span> <span class='ocrx_word' id='word_1_120' title='bbox 475 1312 734 1373; x_wconf 80' lang='lat' dir='ltr'><strong>venturis</strong></span> <span class='ocrx_word' id='word_1_121' title='bbox 766 1311 1040 1373; x_wconf 84' lang='lat' dir='ltr'><strong>subdant.</strong></span> <span class='ocrx_word' id='word_1_122' title='bbox 1075 1311 1261 1372; x_wconf 88' lang='lat' dir='ltr'><strong>Erunt</strong></span> <span class='ocrx_word' id='word_1_123' title='bbox 1290 1319 1485 1387; x_wconf 86' lang='lat' dir='ltr'><strong>autem</strong></span> <span class='ocrx_word' id='word_1_124' title='bbox 1543 1310 1700 1371; x_wconf 91' lang='lat' dir='ltr'><strong>bella</strong></span> <span class='ocrx_word' id='word_1_125' title='bbox 1731 1318 1788 1371; x_wconf 90' lang='lat' dir='ltr'><strong>et</strong></span> <span class='ocrx_word' id='word_1_126' title='bbox 1813 1309 1973 1371; x_wconf 88' lang='lat' dir='ltr'><strong>sedi-</strong></span> 
     </span>
    </p>
   </div>
   <div class='ocr_carea' id='block_1_18' title="bbox 324 1399 1972 1476">
    <p class='ocr_par' dir='ltr' id='par_1_18' title="bbox 324 1399 1972 1476">
     <span class='ocr_line' id='line_1_18' title="bbox 324 1399 1972 1476; baseline 0.002 -20"><span class='ocrx_word' id='word_1_127' title='bbox 324 1399 555 1459; x_wconf 80' lang='lat' dir='ltr'><strong>tiones:</strong></span> <span class='ocrx_word' id='word_1_128' title='bbox 590 1419 721 1460; x_wconf 91' lang='lat' dir='ltr'><strong>nam</strong></span> <span class='ocrx_word' id='word_1_129' title='bbox 755 1419 888 1463; x_wconf 88' lang='lat' dir='ltr'><strong>cum</strong></span> <span class='ocrx_word' id='word_1_130' title='bbox 946 1400 1174 1462; x_wconf 89' lang='lat' dir='ltr'><strong>sublata</strong></span> <span class='ocrx_word' id='word_1_131' title='bbox 1224 1400 1401 1460; x_wconf 81' lang='lat' dir='ltr'><strong>fuerit</strong></span> <span class='ocrx_word' id='word_1_132' title='bbox 1450 1399 1648 1461; x_wconf 91' lang='lat' dir='ltr'><strong>omnis</strong></span> <span class='ocrx_word' id='word_1_133' title='bbox 1697 1400 1972 1476; x_wconf 82' lang='lat' dir='ltr'><strong>charitas,</strong></span> 
     </span>
    </p>
   </div>
   <div class='ocr_carea' id='block_1_19' title="bbox 327 1487 1973 1551">
    <p class='ocr_par' dir='ltr' id='par_1_19' title="bbox 327 1487 1973 1551">
     <span class='ocr_line' id='line_1_19' title="bbox 327 1487 1973 1551; baseline 0.001 -7"><span class='ocrx_word' id='word_1_134' title='bbox 327 1487 534 1548; x_wconf 89' lang='lat' dir='ltr'><strong>merito</strong></span> <span class='ocrx_word' id='word_1_135' title='bbox 569 1489 762 1551; x_wconf 90' lang='lat' dir='ltr'><strong>locum</strong></span> <span class='ocrx_word' id='word_1_136' title='bbox 820 1489 1120 1551; x_wconf 79' lang='lat' dir='ltr'><strong>habebunt</strong></span> <span class='ocrx_word' id='word_1_137' title='bbox 1163 1489 1317 1551; x_wconf 89' lang='lat' dir='ltr'><strong>bella</strong></span> <span class='ocrx_word' id='word_1_138' title='bbox 1348 1498 1404 1549; x_wconf 91' lang='lat' dir='ltr'><strong>et</strong></span> <span class='ocrx_word' id='word_1_139' title='bbox 1436 1489 1783 1550; x_wconf 83' lang='lat' dir='ltr'><strong>seditiones.</strong></span> <span class='ocrx_word' id='word_1_140' title='bbox 1836 1490 1973 1549; x_wconf 83' lang='lat' dir='ltr'><strong>Post</strong></span> 
     </span>
    </p>
   </div>
   <div class='ocr_carea' id='block_1_20' title="bbox 328 1574 1968 1658">
    <p class='ocr_par' dir='ltr' id='par_1_20' title="bbox 328 1574 1968 1658">
     <span class='ocr_line' id='line_1_20' title="bbox 328 1574 1968 1658; baseline 0.001 -25"><span class='ocrx_word' id='word_1_141' title='bbox 328 1574 479 1635; x_wconf 87' lang='lat' dir='ltr'><strong>bella</strong></span> <span class='ocrx_word' id='word_1_142' title='bbox 510 1597 555 1635; x_wconf 70' lang='lat' dir='ltr'><strong>v.</strong></span> <span class='ocrx_word' id='word_1_143' title='bbox 582 1597 645 1637; x_wconf 93' lang='lat' dir='ltr'><strong>ro</strong></span> <span class='ocrx_word' id='word_1_144' title='bbox 680 1579 863 1640; x_wconf 86' lang='lat' dir='ltr'><strong>fames</strong></span> <span class='ocrx_word' id='word_1_145' title='bbox 892 1588 950 1640; x_wconf 92' lang='lat' dir='ltr'><strong>et</strong></span> <span class='ocrx_word' id='word_1_146' title='bbox 976 1580 1345 1658; x_wconf 67' lang='lat' dir='ltr'><strong>pestilentia):</strong></span> <span class='ocrx_word' id='word_1_147' title='bbox 1374 1586 1429 1639; x_wconf 90' lang='lat' dir='ltr'><strong>et</strong></span> <span class='ocrx_word' id='word_1_148' title='bbox 1468 1578 1816 1657; x_wconf 63' lang='lat' dir='ltr'><strong>pestilentia:</strong></span> <span class='ocrx_word' id='word_1_149' title='bbox 1839 1577 1968 1656; x_wconf 81' lang='lat' dir='ltr'><strong>qui-</strong></span> 
     </span>
    </p>
   </div>
   <div class='ocr_carea' id='block_1_21' title="bbox 327 1666 1971 1745">
    <p class='ocr_par' dir='ltr' id='par_1_21' title="bbox 327 1666 1971 1745">
     <span class='ocr_line' id='line_1_21' title="bbox 327 1666 1971 1745; baseline 0.002 -21"><span class='ocrx_word' id='word_1_150' title='bbox 327 1666 459 1727; x_wconf 90' lang='lat' dir='ltr'><strong>dem</strong></span> <span class='ocrx_word' id='word_1_151' title='bbox 483 1678 758 1745; x_wconf 91' lang='lat' dir='ltr'><strong>corrupto</strong></span> <span class='ocrx_word' id='word_1_152' title='bbox 790 1669 862 1729; x_wconf 89' lang='lat' dir='ltr'><strong>ab</strong></span> <span class='ocrx_word' id='word_1_153' title='bbox 895 1669 1109 1730; x_wconf 84' lang='lat' dir='ltr'><strong>occisis</strong></span> <span class='ocrx_word' id='word_1_154' title='bbox 1134 1670 1487 1745; x_wconf 83' lang='lat' dir='ltr'><strong>aere,fames</strong></span> <span class='ocrx_word' id='word_1_155' title='bbox 1505 1680 1695 1728; x_wconf 89' lang='lat' dir='ltr'><strong>autem</strong></span> <span class='ocrx_word' id='word_1_156' title='bbox 1721 1686 1793 1728; x_wconf 77' lang='lat' dir='ltr'><strong>ex</strong></span> <span class='ocrx_word' id='word_1_157' title='bbox 1818 1666 1971 1744; x_wconf 82' lang='lat' dir='ltr'><strong>agris</strong></span> 
     </span>
    </p>
   </div>
   <div class='ocr_carea' id='block_1_22' title="bbox 2050 858 3713 949">
    <p class='ocr_par' dir='ltr' id='par_1_22' title="bbox 2050 858 3713 949">
     <span class='ocr_line' id='line_1_22' title="bbox 2050 858 3713 949; baseline 0.005 -31"><span class='ocrx_word' id='word_1_158' title='bbox 2050 863 2218 938; x_wconf 86' lang='grc' dir='ltr'>μαίων</span> <span class='ocrx_word' id='word_1_159' title='bbox 2278 862 2524 929; x_wconf 71' lang='grc' dir='ltr'>ἁλώσεως</span> <span class='ocrx_word' id='word_1_160' title='bbox 2594 868 2697 921; x_wconf 83' lang='grc' dir='ltr'>τῶν</span> <span class='ocrx_word' id='word_1_161' title='bbox 2728 858 3105 946; x_wconf 67' lang='grc' dir='ltr'>Ἱεροσολύμων</span> <span class='ocrx_word' id='word_1_162' title='bbox 3164 871 3411 949; x_wconf 83' lang='grc' dir='ltr'>λέγοντα.</span> <span class='ocrx_word' id='word_1_163' title='bbox 3475 874 3569 928; x_wconf 83' lang='grc' dir='ltr'><strong>Διὸ</strong></span> <span class='ocrx_word' id='word_1_164' title='bbox 3615 874 3713 927; x_wconf 75' lang='grc' dir='ltr'><strong>καὶ</strong></span> 
     </span>
    </p>
   </div>
   <div class='ocr_carea' id='block_1_23' title="bbox 2051 952 3712 1039">
    <p class='ocr_par' dir='ltr' id='par_1_23' title="bbox 2051 952 3712 1039">
     <span class='ocr_line' id='line_1_23' title="bbox 2051 952 3712 1039; baseline 0.007 -33"><span class='ocrx_word' id='word_1_165' title='bbox 2051 952 2205 1013; x_wconf 63' lang='grc' dir='ltr'>αυτὸς</span> <span class='ocrx_word' id='word_1_166' title='bbox 2263 952 2693 1031; x_wconf 83' lang='grc' dir='ltr'>συγκαταϐαίνων</span> <span class='ocrx_word' id='word_1_167' title='bbox 2751 958 2955 1032; x_wconf 73' lang='grc' dir='ltr'>αὐτοῖς,</span> <span class='ocrx_word' id='word_1_168' title='bbox 3028 960 3212 1039; x_wconf 76' lang='grc' dir='ltr'>ἀφίησι</span> <span class='ocrx_word' id='word_1_169' title='bbox 3271 962 3368 1037; x_wconf 82' lang='grc' dir='ltr'>μὲν</span> <span class='ocrx_word' id='word_1_170' title='bbox 3397 961 3528 1024; x_wconf 82' lang='grc' dir='ltr'>τέως</span> <span class='ocrx_word' id='word_1_171' title='bbox 3580 962 3712 1025; x_wconf 69' lang='grc' dir='ltr'>τοὺς</span> 
     </span>
    </p>
   </div>
   <div class='ocr_carea' id='block_1_24' title="bbox 2053 1041 3718 1129">
    <p class='ocr_par' dir='ltr' id='par_1_24' title="bbox 2053 1041 3718 1129">
     <span class='ocr_line' id='line_1_24' title="bbox 2053 1041 3718 1129; baseline 0.007 -34"><span class='ocrx_word' id='word_1_172' title='bbox 2053 1044 2168 1117; x_wconf 86' lang='grc' dir='ltr'>περὶ</span> <span class='ocrx_word' id='word_1_173' title='bbox 2224 1042 2322 1107; x_wconf 79' lang='grc' dir='ltr'>τῆς</span> <span class='ocrx_word' id='word_1_174' title='bbox 2394 1041 2647 1108; x_wconf 82' lang='grc' dir='ltr'><strong>ἁλώσεως</strong></span> <span class='ocrx_word' id='word_1_175' title='bbox 2703 1043 2917 1123; x_wconf 85' lang='grc' dir='ltr'>λόγοτς,</span> <span class='ocrx_word' id='word_1_176' title='bbox 2974 1047 3158 1121; x_wconf 80' lang='grc' dir='ltr'><strong>μέλλει</strong></span> <span class='ocrx_word' id='word_1_177' title='bbox 3190 1051 3290 1129; x_wconf 78' lang='grc' dir='ltr'><strong>γὰρ</strong></span> <span class='ocrx_word' id='word_1_178' title='bbox 3317 1051 3501 1113; x_wconf 67' lang='grc' dir='ltr'>αὐτοὺς</span> <span class='ocrx_word' id='word_1_179' title='bbox 3532 1072 3718 1120; x_wconf 78' lang='grc' dir='ltr'>παρα-</span> 
     </span>
    </p>
   </div>
   <div class='ocr_carea' id='block_1_25' title="bbox 2056 1128 3713 1216">
    <p class='ocr_par' dir='ltr' id='par_1_25' title="bbox 2056 1128 3713 1216">
     <span class='ocr_line' id='line_1_25' title="bbox 2056 1128 3713 1216; baseline 0.006 -31"><span class='ocrx_word' id='word_1_180' title='bbox 2056 1128 2241 1195; x_wconf 78' lang='grc' dir='ltr'>πλέξαι</span> <span class='ocrx_word' id='word_1_181' title='bbox 2301 1145 2420 1196; x_wconf 62' lang='grc' dir='ltr'>τοῖς</span> <span class='ocrx_word' id='word_1_182' title='bbox 2481 1133 2616 1207; x_wconf 86' lang='grc' dir='ltr'><strong>μετά</strong></span> <span class='ocrx_word' id='word_1_183' title='bbox 2673 1141 2861 1208; x_wconf 81' lang='grc' dir='ltr'>ταῦτα,</span> <span class='ocrx_word' id='word_1_184' title='bbox 2897 1143 2984 1192; x_wconf 79' lang='grc' dir='ltr'>νῦν</span> <span class='ocrx_word' id='word_1_185' title='bbox 3027 1135 3083 1192; x_wconf 78' lang='grc' dir='ltr'>δὲ</span> <span class='ocrx_word' id='word_1_186' title='bbox 3126 1128 3381 1216; x_wconf 74' lang='grc' dir='ltr'>περὶτῆς</span> <span class='ocrx_word' id='word_1_187' title='bbox 3406 1138 3713 1201; x_wconf 63' lang='grc' dir='ltr'>συντελείας</span> 
     </span>
    </p>
   </div>
   <div class='ocr_carea' id='block_1_26' title="bbox 2057 1216 3713 1303">
    <p class='ocr_par' dir='ltr' id='par_1_26' title="bbox 2057 1216 3713 1303">
     <span class='ocr_line' id='line_1_26' title="bbox 2057 1216 3713 1303; baseline 0.006 -30"><span class='ocrx_word' id='word_1_188' title='bbox 2057 1216 2428 1299; x_wconf 75' lang='grc' dir='ltr'>διαλαμϐάνει,</span> <span class='ocrx_word' id='word_1_189' title='bbox 2502 1222 2589 1277; x_wconf 84' lang='grc' dir='ltr'>καὶ</span> <span class='ocrx_word' id='word_1_190' title='bbox 2658 1223 3102 1303; x_wconf 78' lang='grc' dir='ltr'>προασφαλίζεται</span> <span class='ocrx_word' id='word_1_191' title='bbox 3142 1229 3351 1299; x_wconf 79' lang='grc' dir='ltr'>αὐτοὺς,</span> <span class='ocrx_word' id='word_1_192' title='bbox 3386 1228 3521 1284; x_wconf 81' lang='grc' dir='ltr'>ὥστε</span> <span class='ocrx_word' id='word_1_193' title='bbox 3583 1242 3713 1289; x_wconf 72' lang='grc' dir='ltr'>τοῖς</span> 
     </span>
    </p>
   </div>
   <div class='ocr_carea' id='block_1_27' title="bbox 2056 1307 3713 1391">
    <p class='ocr_par' dir='ltr' id='par_1_27' title="bbox 2056 1307 3713 1391">
     <span class='ocr_line' id='line_1_27' title="bbox 2056 1307 3713 1391; baseline 0.007 -30"><span class='ocrx_word' id='word_1_194' title='bbox 2056 1308 2158 1385; x_wconf 80' lang='grc' dir='ltr'>πρὸ</span> <span class='ocrx_word' id='word_1_195' title='bbox 2202 1307 2297 1374; x_wconf 74' lang='grc' dir='ltr'><strong>τῆς</strong></span> <span class='ocrx_word' id='word_1_196' title='bbox 2358 1309 2516 1364; x_wconf 72' lang='grc' dir='ltr'>αὐτοῦ</span> <span class='ocrx_word' id='word_1_197' title='bbox 2572 1311 2861 1387; x_wconf 83' lang='grc' dir='ltr'>παρουσίας</span> <span class='ocrx_word' id='word_1_198' title='bbox 2933 1312 3215 1387; x_wconf 80' lang='grc' dir='ltr'>μέλλουσιν</span> <span class='ocrx_word' id='word_1_199' title='bbox 3274 1314 3446 1373; x_wconf 73' lang='grc' dir='ltr'>ἐλθεῖν</span> <span class='ocrx_word' id='word_1_200' title='bbox 3503 1314 3713 1391; x_wconf 77' lang='grc' dir='ltr'>ψευδο-</span> 
     </span>
    </p>
   </div>
   <div class='ocr_carea' id='block_1_28' title="bbox 2056 1396 3715 1477">
    <p class='ocr_par' dir='ltr' id='par_1_28' title="bbox 2056 1396 3715 1477">
     <span class='ocr_line' id='line_1_28' title="bbox 2056 1396 3715 1477; baseline 0.005 -26"><span class='ocrx_word' id='word_1_201' title='bbox 2056 1396 2352 1473; x_wconf 70' lang='grc' dir='ltr'>προφήταις</span> <span class='ocrx_word' id='word_1_202' title='bbox 2415 1397 2493 1472; x_wconf 62' lang='lat' dir='ltr'><strong>tria</strong></span> <span class='ocrx_word' id='word_1_203' title='bbox 2544 1399 2875 1477; x_wconf 74' lang='grc' dir='ltr'>ὑπαχθῆναι.</span> <span class='ocrx_word' id='word_1_204' title='bbox 2926 1398 3195 1460; x_wconf 75' lang='grc' dir='ltr'>’Ἔσονται</span> <span class='ocrx_word' id='word_1_205' title='bbox 3228 1403 3282 1460; x_wconf 78' lang='grc' dir='ltr'>δὲ</span> <span class='ocrx_word' id='word_1_206' title='bbox 3339 1405 3569 1463; x_wconf 73' lang='grc' dir='ltr'>πόλεμοι</span> <span class='ocrx_word' id='word_1_207' title='bbox 3620 1408 3715 1461; x_wconf 80' lang='grc' dir='ltr'><strong>καὶ</strong></span> 
     </span>
    </p>
   </div>
   <div class='ocr_carea' id='block_1_29' title="bbox 2056 1483 3713 1573">
    <p class='ocr_par' dir='ltr' id='par_1_29' title="bbox 2056 1483 3713 1573">
     <span class='ocr_line' id='line_1_29' title="bbox 2056 1483 3713 1573; baseline 0.006 -34"><span class='ocrx_word' id='word_1_208' title='bbox 2056 1483 2463 1541; x_wconf 80' lang='grc' dir='ltr'>ἀκαταστασίαι·</span> <span class='ocrx_word' id='word_1_209' title='bbox 2527 1493 2706 1553; x_wconf 80' lang='grc' dir='ltr'>πᾶσης</span> <span class='ocrx_word' id='word_1_210' title='bbox 2738 1490 2837 1568; x_wconf 68' lang='grc' dir='ltr'><strong>γὰρ</strong></span> <span class='ocrx_word' id='word_1_211' title='bbox 2895 1490 3108 1568; x_wconf 78' lang='grc' dir='ltr'>ἀγάπης</span> <span class='ocrx_word' id='word_1_212' title='bbox 3167 1492 3547 1573; x_wconf 80' lang='grc' dir='ltr'>ἀναιρεθείσης,</span> <span class='ocrx_word' id='word_1_213' title='bbox 3625 1496 3713 1549; x_wconf 71' lang='grc' dir='ltr'><strong>εἷο</strong></span> 
     </span>
    </p>
   </div>
   <div class='ocr_carea' id='block_1_30' title="bbox 2053 1573 3711 1664">
    <p class='ocr_par' dir='ltr' id='par_1_30' title="bbox 2053 1573 3711 1664">
     <span class='ocr_line' id='line_1_30' title="bbox 2053 1573 3711 1664; baseline 0.007 -37"><span class='ocrx_word' id='word_1_214' title='bbox 2053 1573 2223 1636; x_wconf 87' lang='grc' dir='ltr'>κότως</span> <span class='ocrx_word' id='word_1_215' title='bbox 2280 1576 2325 1631; x_wconf 77' lang='grc' dir='ltr'>οἱ</span> <span class='ocrx_word' id='word_1_216' title='bbox 2383 1573 2611 1650; x_wconf 82' lang='grc' dir='ltr'>πόλεμοι</span> <span class='ocrx_word' id='word_1_217' title='bbox 2679 1579 2768 1633; x_wconf 84' lang='grc' dir='ltr'><strong>καὶ</strong></span> <span class='ocrx_word' id='word_1_218' title='bbox 2818 1581 2867 1635; x_wconf 78' lang='grc' dir='ltr'>αἱ</span> <span class='ocrx_word' id='word_1_219' title='bbox 2899 1578 3281 1639; x_wconf 80' lang='grc' dir='ltr'>ἀκαταστασίαι</span> <span class='ocrx_word' id='word_1_220' title='bbox 3322 1592 3503 1664; x_wconf 80' lang='grc' dir='ltr'>χώραν</span> <span class='ocrx_word' id='word_1_221' title='bbox 3548 1583 3711 1649; x_wconf 64' lang='grc' dir='ltr'>ἕξου-</span> 
     </span>
    </p>
   </div>
   <div class='ocr_carea' id='block_1_31' title="bbox 2053 1662 3709 1746">
    <p class='ocr_par' dir='ltr' id='par_1_31' title="bbox 2053 1662 3709 1746">
     <span class='ocr_line' id='line_1_31' title="bbox 2053 1662 3709 1746; baseline 0.008 -29"><span class='ocrx_word' id='word_1_222' title='bbox 2053 1684 2158 1736; x_wconf 89' lang='grc' dir='ltr'>σιν,</span> <span class='ocrx_word' id='word_1_223' title='bbox 2194 1662 2299 1718; x_wconf 75' lang='grc' dir='ltr'><strong>ἀπὸ</strong></span> <span class='ocrx_word' id='word_1_224' title='bbox 2356 1662 2410 1719; x_wconf 80' lang='grc' dir='ltr'>δὲ</span> <span class='ocrx_word' id='word_1_225' title='bbox 2471 1670 2577 1719; x_wconf 78' lang='grc' dir='ltr'>τῶν</span> <span class='ocrx_word' id='word_1_226' title='bbox 2608 1663 2859 1742; x_wconf 83' lang='grc' dir='ltr'>πολέμων</span> <span class='ocrx_word' id='word_1_227' title='bbox 2892 1666 3038 1743; x_wconf 84' lang='grc' dir='ltr'>λιμοὶ</span> <span class='ocrx_word' id='word_1_228' title='bbox 3081 1672 3169 1726; x_wconf 88' lang='grc' dir='ltr'><strong>καὶ</strong></span> <span class='ocrx_word' id='word_1_229' title='bbox 3198 1662 3396 1746; x_wconf 76' lang='grc' dir='ltr'>λοιμοί·</span> <span class='ocrx_word' id='word_1_230' title='bbox 3416 1662 3473 1730; x_wconf 83' lang='grc' dir='ltr'>οἱ</span> <span class='ocrx_word' id='word_1_231' title='bbox 3504 1674 3602 1745; x_wconf 78' lang='grc' dir='ltr'>μὲν</span> <span class='ocrx_word' id='word_1_232' title='bbox 3631 1676 3709 1736; x_wconf 81' lang='grc' dir='ltr'><strong>ὡς</strong></span> 
     </span>
    </p>
   </div>
   <div class='ocr_carea' id='block_1_32' title="bbox 326 1749 1974 1842">
    <p class='ocr_par' dir='ltr' id='par_1_32' title="bbox 326 1756 1972 1839">
     <span class='ocr_line' id='line_1_32' title="bbox 326 1756 1972 1839; baseline 0 -25"><span class='ocrx_word' id='word_1_233' title='bbox 326 1756 904 1830; x_wconf 88' lang='lat' dir='ltr'><strong>noncultis.Quidam</strong></span> <span class='ocrx_word' id='word_1_234' title='bbox 940 1760 1330 1839; x_wconf 87' lang='lat' dir='ltr'><strong>pestilentiam</strong></span> <span class='ocrx_word' id='word_1_235' title='bbox 1368 1768 1417 1817; x_wconf 90' lang='lat' dir='ltr'><strong>ct</strong></span> <span class='ocrx_word' id='word_1_236' title='bbox 1449 1758 1666 1818; x_wconf 81' lang='lat' dir='ltr'><strong>famem</strong></span> <span class='ocrx_word' id='word_1_237' title='bbox 1700 1777 1813 1816; x_wconf 79' lang='lat' dir='ltr'><strong>non</strong></span> <span class='ocrx_word' id='word_1_238' title='bbox 1849 1767 1972 1815; x_wconf 88' lang='lat' dir='ltr'><strong>tan-</strong></span> 
     </span>
    </p>
   </div>
   <div class='ocr_carea' id='block_1_33' title="bbox 2059 1749 3710 1842">
    <p class='ocr_par' dir='ltr' id='par_1_33' title="bbox 2059 1752 3710 1842">
     <span class='ocr_line' id='line_1_33' title="bbox 2059 1752 3710 1842; baseline 0.005 -34"><span class='ocrx_word' id='word_1_239' title='bbox 2059 1759 2143 1808; x_wconf 78' lang='grc' dir='ltr'>τοῦ</span> <span class='ocrx_word' id='word_1_240' title='bbox 2205 1752 2355 1829; x_wconf 76' lang='grc' dir='ltr'>ἀέρος</span> <span class='ocrx_word' id='word_1_241' title='bbox 2408 1753 2469 1809; x_wconf 82' lang='grc' dir='ltr'>ἐκ</span> <span class='ocrx_word' id='word_1_242' title='bbox 2524 1760 2630 1810; x_wconf 82' lang='grc' dir='ltr'><strong>τῶν</strong></span> <span class='ocrx_word' id='word_1_243' title='bbox 2677 1759 3007 1832; x_wconf 80' lang='grc' dir='ltr'>θνησιμαίων</span> <span class='ocrx_word' id='word_1_244' title='bbox 3063 1757 3516 1842; x_wconf 66' lang='grc' dir='ltr'>διαφθειρομένου,</span> <span class='ocrx_word' id='word_1_245' title='bbox 3545 1763 3602 1819; x_wconf 68' lang='grc' dir='ltr'><strong>οἵ</strong></span> <span class='ocrx_word' id='word_1_246' title='bbox 3649 1761 3710 1817; x_wconf 75' lang='grc' dir='ltr'>δὲ</span> 
     </span>
    </p>
   </div>
   <div class='ocr_carea' id='block_1_34' title="bbox 330 1845 1971 1923">
    <p class='ocr_par' dir='ltr' id='par_1_34' title="bbox 330 1845 1971 1923">
     <span class='ocr_line' id='line_1_34' title="bbox 330 1845 1971 1923; baseline -0.002 -20"><span class='ocrx_word' id='word_1_247' title='bbox 330 1857 450 1905; x_wconf 91' lang='lat' dir='ltr'><strong>tum</strong></span> <span class='ocrx_word' id='word_1_248' title='bbox 485 1845 545 1906; x_wconf 90' lang='lat' dir='ltr'><strong>in</strong></span> <span class='ocrx_word' id='word_1_249' title='bbox 577 1849 1088 1908; x_wconf 86' lang='lat' dir='ltr'><strong>consummatione</strong></span> <span class='ocrx_word' id='word_1_250' title='bbox 1111 1847 1333 1918; x_wconf 67' lang='lat' dir='ltr'><strong>smculi,</strong></span> <span class='ocrx_word' id='word_1_251' title='bbox 1372 1846 1475 1907; x_wconf 89' lang='lat' dir='ltr'><strong>sed</strong></span> <span class='ocrx_word' id='word_1_252' title='bbox 1504 1847 1677 1906; x_wconf 87' lang='lat' dir='ltr'><strong>etiam</strong></span> <span class='ocrx_word' id='word_1_253' title='bbox 1714 1849 1767 1905; x_wconf 84' lang='lat' dir='ltr'><strong>in</strong></span> <span class='ocrx_word' id='word_1_254' title='bbox 1794 1847 1971 1923; x_wconf 88' lang='lat' dir='ltr'><strong>capti.</strong></span> 
     </span>
    </p>
   </div>
   <div class='ocr_carea' id='block_1_35' title="bbox 328 1933 1971 2016">
    <p class='ocr_par' dir='ltr' id='par_1_35' title="bbox 328 1933 1971 2016">
     <span class='ocr_line' id='line_1_35' title="bbox 328 1933 1971 2016; baseline 0.001 -25"><span class='ocrx_word' id='word_1_255' title='bbox 328 1933 522 1994; x_wconf 87' lang='lat' dir='ltr'><strong>vitatis</strong></span> <span class='ocrx_word' id='word_1_256' title='bbox 554 1936 923 2016; x_wconf 87' lang='lat' dir='ltr'><strong>temporibus</strong></span> <span class='ocrx_word' id='word_1_257' title='bbox 956 1938 1077 1999; x_wconf 86' lang='lat' dir='ltr'><strong>fore</strong></span> <span class='ocrx_word' id='word_1_258' title='bbox 1110 1935 1533 1997; x_wconf 79' lang='lat' dir='ltr'><strong>intellexerunt</strong></span> <span class='ocrx_word' id='word_1_259' title='bbox 1604 1937 1832 1995; x_wconf 85' lang='lat' dir='ltr'><strong>Etenim</strong></span> <span class='ocrx_word' id='word_1_260' title='bbox 1865 1936 1971 1993; x_wconf 82' lang='lat' dir='ltr'><strong>.lo-</strong></span> 
     </span>
    </p>
   </div>
   <div class='ocr_carea' id='block_1_36' title="bbox 326 2022 1973 2102">
    <p class='ocr_par' dir='ltr' id='par_1_36' title="bbox 326 2022 1973 2102">
     <span class='ocr_line' id='line_1_36' title="bbox 326 2022 1973 2102; baseline 0.002 -23"><span class='ocrx_word' id='word_1_261' title='bbox 326 2022 544 2097; x_wconf 84' lang='lat' dir='ltr'><strong>seplms</strong></span> <span class='ocrx_word' id='word_1_262' title='bbox 575 2024 751 2083; x_wconf 88' lang='lat' dir='ltr'><strong>miras</strong></span> <span class='ocrx_word' id='word_1_263' title='bbox 777 2033 913 2083; x_wconf 90' lang='lat' dir='ltr'><strong>tunc</strong></span> <span class='ocrx_word' id='word_1_264' title='bbox 944 2025 1309 2085; x_wconf 75' lang='lat' dir='ltr'><strong>calamitates</strong></span> <span class='ocrx_word' id='word_1_265' title='bbox 1344 2024 1525 2084; x_wconf 89' lang='lat' dir='ltr'><strong>fuisse</strong></span> <span class='ocrx_word' id='word_1_266' title='bbox 1553 2024 1698 2084; x_wconf 83' lang='lat' dir='ltr'><strong>dicit</strong></span> <span class='ocrx_word' id='word_1_267' title='bbox 1730 2031 1973 2102; x_wconf 88' lang='lat' dir='ltr'><strong>propter</strong></span> 
     </span>
    </p>
   </div>
   <div class='ocr_carea' id='block_1_37' title="bbox 327 2109 1974 2182">
    <p class='ocr_par' dir='ltr' id='par_1_37' title="bbox 327 2109 1974 2182">
     <span class='ocr_line' id='line_1_37' title="bbox 327 2109 1974 2182; baseline 0.001 -17"><span class='ocrx_word' id='word_1_268' title='bbox 327 2109 566 2182; x_wconf 80' lang='lat' dir='ltr'><strong>famem,</strong></span> <span class='ocrx_word' id='word_1_269' title='bbox 597 2121 652 2171; x_wconf 87' lang='lat' dir='ltr'><strong>et</strong></span> <span class='ocrx_word' id='word_1_270' title='bbox 679 2113 950 2174; x_wconf 87' lang='lat' dir='ltr'><strong>meminit</strong></span> <span class='ocrx_word' id='word_1_271' title='bbox 981 2113 1157 2173; x_wconf 81' lang='lat' dir='ltr'><strong>etiam</strong></span> <span class='ocrx_word' id='word_1_272' title='bbox 1193 2113 1381 2173; x_wconf 82' lang='lat' dir='ltr'><strong>Lucas</strong></span> <span class='ocrx_word' id='word_1_273' title='bbox 1403 2113 1462 2172; x_wconf 90' lang='lat' dir='ltr'><strong>in</strong></span> <span class='ocrx_word' id='word_1_274' title='bbox 1492 2112 1865 2173; x_wconf 80' lang='lat' dir='ltr'><strong>Actistacta</strong></span> <span class='ocrx_word' id='word_1_275' title='bbox 1883 2113 1974 2171; x_wconf 89' lang='lat' dir='ltr'><strong>est</strong></span> 
     </span>
    </p>
   </div>
   <div class='ocr_carea' id='block_1_38' title="bbox 328 2199 1970 2264">
    <p class='ocr_par' dir='ltr' id='par_1_38' title="bbox 328 2199 1970 2264">
     <span class='ocr_line' id='line_1_38' title="bbox 328 2199 1970 2264; baseline 0.001 -7"><span class='ocrx_word' id='word_1_276' title='bbox 328 2199 512 2258; x_wconf 85' lang='lat' dir='ltr'><strong>fames</strong></span> <span class='ocrx_word' id='word_1_277' title='bbox 543 2199 650 2259; x_wconf 87' lang='lat' dir='ltr'><strong>sub</strong></span> <span class='ocrx_word' id='word_1_278' title='bbox 682 2200 928 2261; x_wconf 91' lang='lat' dir='ltr'><strong>Claudio</strong></span> <span class='ocrx_word' id='word_1_279' title='bbox 963 2201 1189 2263; x_wconf 82' lang='lat' dir='ltr'><strong>Caesare</strong></span> <span class='ocrx_word' id='word_1_280' title='bbox 1224 2202 1272 2259; x_wconf 86' lang='lat'><strong>9.</strong></span> <span class='ocrx_word' id='word_1_281' title='bbox 1325 2205 1508 2264; x_wconf 87' lang='lat' dir='ltr'><strong>Porro</strong></span> <span class='ocrx_word' id='word_1_282' title='bbox 1544 2210 1600 2261; x_wconf 91' lang='lat' dir='ltr'><strong>et</strong></span> <span class='ocrx_word' id='word_1_283' title='bbox 1627 2200 1970 2261; x_wconf 82' lang='lat' dir='ltr'><strong>terrricula—</strong></span> 
     </span>
    </p>
   </div>
   <div class='ocr_carea' id='block_1_39' title="bbox 331 2288 1968 2369">
    <p class='ocr_par' dir='ltr' id='par_1_39' title="bbox 331 2288 1968 2369">
     <span class='ocr_line' id='line_1_39' title="bbox 331 2288 1968 2369; baseline 0.004 -26"><span class='ocrx_word' id='word_1_284' title='bbox 331 2295 526 2346; x_wconf 88' lang='lat' dir='ltr'><strong>menta</strong></span> <span class='ocrx_word' id='word_1_285' title='bbox 560 2288 741 2348; x_wconf 89' lang='lat' dir='ltr'><strong>multa</strong></span> <span class='ocrx_word' id='word_1_286' title='bbox 766 2290 1023 2369; x_wconf 85' lang='lat' dir='ltr'><strong>fuerunt,</strong></span> <span class='ocrx_word' id='word_1_287' title='bbox 1051 2291 1543 2369; x_wconf 77' lang='lat' dir='ltr'><strong>captivitatem,ut</strong></span> <span class='ocrx_word' id='word_1_288' title='bbox 1566 2288 1720 2349; x_wconf 89' lang='lat' dir='ltr'><strong>idem</strong></span> <span class='ocrx_word' id='word_1_289' title='bbox 1748 2295 1968 2361; x_wconf 86' lang='lat' dir='ltr'><strong>narrat,</strong></span> 
     </span>
    </p>
   </div>
   <div class='ocr_carea' id='block_1_40' title="bbox 329 2374 1975 2452">
    <p class='ocr_par' dir='ltr' id='par_1_40' title="bbox 329 2374 1975 2452">
     <span class='ocr_line' id='line_1_40' title="bbox 329 2374 1975 2452; baseline 0.002 -19"><span class='ocrx_word' id='word_1_290' title='bbox 329 2374 520 2452; x_wconf 84' lang='lat' dir='ltr'><strong>ipsius</strong></span> <span class='ocrx_word' id='word_1_291' title='bbox 545 2374 872 2437; x_wconf 89' lang='lat' dir='ltr'><strong>Jerusalem</strong></span> <span class='ocrx_word' id='word_1_292' title='bbox 906 2378 1281 2439; x_wconf 81' lang='lat' dir='ltr'><strong>declarantia.</strong></span> <span class='ocrx_word' id='word_1_293' title='bbox 1330 2378 1587 2441; x_wconf 90' lang='lat' dir='ltr'><strong>Omnino</strong></span> <span class='ocrx_word' id='word_1_294' title='bbox 1619 2381 1816 2438; x_wconf 88' lang='lat' dir='ltr'><strong>tamen</strong></span> <span class='ocrx_word' id='word_1_295' title='bbox 1850 2378 1975 2437; x_wconf 71' lang='lat' dir='ltr'><strong>hmo</strong></span> 
     </span>
    </p>
   </div>
   <div class='ocr_carea' id='block_1_41' title="bbox 331 2464 1971 2543">
    <p class='ocr_par' dir='ltr' id='par_1_41' title="bbox 331 2464 1971 2543">
     <span class='ocr_line' id='line_1_41' title="bbox 331 2464 1971 2543; baseline 0.002 -20"><span class='ocrx_word' id='word_1_296' title='bbox 331 2465 665 2543; x_wconf 87' lang='lat' dir='ltr'><strong>sequentia,</strong></span> <span class='ocrx_word' id='word_1_297' title='bbox 693 2466 767 2527; x_wconf 90' lang='lat' dir='ltr'><strong>de</strong></span> <span class='ocrx_word' id='word_1_298' title='bbox 797 2466 1216 2541; x_wconf 84' lang='lat' dir='ltr'><strong>seditionibus,</strong></span> <span class='ocrx_word' id='word_1_299' title='bbox 1251 2466 1447 2538; x_wconf 88' lang='lat' dir='ltr'><strong>bellis,</strong></span> <span class='ocrx_word' id='word_1_300' title='bbox 1483 2473 1541 2527; x_wconf 91' lang='lat' dir='ltr'><strong>et</strong></span> <span class='ocrx_word' id='word_1_301' title='bbox 1571 2464 1725 2526; x_wconf 84' lang='lat' dir='ltr'><strong>fame</strong></span> <span class='ocrx_word' id='word_1_302' title='bbox 1757 2484 1823 2526; x_wconf 78' lang='lat' dir='ltr'><strong>ac</strong></span> <span class='ocrx_word' id='word_1_303' title='bbox 1854 2485 1971 2527; x_wconf 63' lang='lat' dir='ltr'><strong>cae-</strong></span> 
     </span>
    </p>
   </div>
   <div class='ocr_carea' id='block_1_42' title="bbox 330 2553 1972 2637">
    <p class='ocr_par' dir='ltr' id='par_1_42' title="bbox 330 2553 1972 2637">
     <span class='ocr_line' id='line_1_42' title="bbox 330 2553 1972 2637; baseline 0.002 -25"><span class='ocrx_word' id='word_1_304' title='bbox 330 2553 473 2614; x_wconf 88' lang='lat' dir='ltr'><strong>teris</strong></span> <span class='ocrx_word' id='word_1_305' title='bbox 498 2553 731 2635; x_wconf 91' lang='lat' dir='ltr'><strong>loquor,</strong></span> <span class='ocrx_word' id='word_1_306' title='bbox 762 2563 1009 2635; x_wconf 88' lang='lat' dir='ltr'><strong>possunt</strong></span> <span class='ocrx_word' id='word_1_307' title='bbox 1038 2566 1150 2617; x_wconf 88' lang='lat' dir='ltr'><strong>tam</strong></span> <span class='ocrx_word' id='word_1_308' title='bbox 1172 2557 1244 2618; x_wconf 89' lang='lat' dir='ltr'><strong>de</strong></span> <span class='ocrx_word' id='word_1_309' title='bbox 1269 2555 1601 2637; x_wconf 87' lang='lat' dir='ltr'><strong>captivitate</strong></span> <span class='ocrx_word' id='word_1_310' title='bbox 1623 2554 1972 2628; x_wconf 84' lang='lat' dir='ltr'><strong>Jerusalem,</strong></span> 
     </span>
    </p>
   </div>
   <div class='ocr_carea' id='block_1_43' title="bbox 331 2644 1688 2723">
    <p class='ocr_par' dir='ltr' id='par_1_43' title="bbox 331 2644 1688 2723">
     <span class='ocr_line' id='line_1_43' title="bbox 331 2644 1688 2723; baseline 0.004 -21"><span class='ocrx_word' id='word_1_311' title='bbox 331 2662 506 2723; x_wconf 90' lang='lat' dir='ltr'><strong>quam</strong></span> <span class='ocrx_word' id='word_1_312' title='bbox 540 2644 615 2705; x_wconf 91' lang='lat' dir='ltr'><strong>de</strong></span> <span class='ocrx_word' id='word_1_313' title='bbox 640 2646 1153 2711; x_wconf 90' lang='lat' dir='ltr'><strong>consummatione</strong></span> <span class='ocrx_word' id='word_1_314' title='bbox 1185 2646 1385 2708; x_wconf 85' lang='lat' dir='ltr'><strong>saeculi</strong></span> <span class='ocrx_word' id='word_1_315' title='bbox 1416 2644 1688 2723; x_wconf 80' lang='lat' dir='ltr'><strong>intelligi.</strong></span> 
     </span>
    </p>
   </div>
   <div class='ocr_carea' id='block_1_44' title="bbox 407 2909 1975 2991">
    <p class='ocr_par' dir='ltr' id='par_1_44' title="bbox 407 2909 1975 2991">
     <span class='ocr_line' id='line_1_44' title="bbox 407 2909 1975 2991; baseline 0 -19"><span class='ocrx_word' id='word_1_316' title='bbox 407 2909 561 2973; x_wconf 71' lang='lat' dir='ltr'><strong>Vsus</strong></span> <span class='ocrx_word' id='word_1_317' title='bbox 594 2912 961 2977; x_wconf 65' lang='lat' dir='ltr'><strong>1‘2-19JSOd</strong></span> <span class='ocrx_word' id='word_1_318' title='bbox 995 2922 1130 2976; x_wconf 85' lang='lat' dir='ltr'><strong>ante</strong></span> <span class='ocrx_word' id='word_1_319' title='bbox 1163 2915 1288 2975; x_wconf 71' lang='lat' dir='ltr'><strong>haec</strong></span> <span class='ocrx_word' id='word_1_320' title='bbox 1313 2909 1975 2991; x_wconf 84' lang='lat' dir='ltr'><strong>omniainjicientvobis</strong></span> 
     </span>
    </p>
   </div>
   <div class='ocr_carea' id='block_1_45' title="bbox 332 3001 1975 3085">
    <p class='ocr_par' dir='ltr' id='par_1_45' title="bbox 332 3001 1975 3085">
     <span class='ocr_line' id='line_1_45' title="bbox 332 3001 1975 3085; baseline 0.001 -26"><span class='ocrx_word' id='word_1_321' title='bbox 332 3018 539 3061; x_wconf 88' lang='lat' dir='ltr'><strong>manus</strong></span> <span class='ocrx_word' id='word_1_322' title='bbox 563 3021 718 3075; x_wconf 89' lang='lat' dir='ltr'><strong>suas,</strong></span> <span class='ocrx_word' id='word_1_323' title='bbox 749 3012 805 3063; x_wconf 92' lang='lat' dir='ltr'><strong>et</strong></span> <span class='ocrx_word' id='word_1_324' title='bbox 850 3013 1302 3085; x_wconf 76' lang='lat' dir='ltr'><strong>persequentur,</strong></span> <span class='ocrx_word' id='word_1_325' title='bbox 1335 3002 1634 3063; x_wconf 88' lang='lat' dir='ltr'><strong>tradentes</strong></span> <span class='ocrx_word' id='word_1_326' title='bbox 1682 3001 1740 3061; x_wconf 90' lang='lat' dir='ltr'><strong>in</strong></span> <span class='ocrx_word' id='word_1_327' title='bbox 1774 3001 1975 3062; x_wconf 89' lang='lat' dir='ltr'><strong>conci-</strong></span> 
     </span>
    </p>
   </div>
   <div class='ocr_carea' id='block_1_46' title="bbox 2055 1842 3714 1925">
    <p class='ocr_par' dir='ltr' id='par_1_46' title="bbox 2055 1842 3714 1925">
     <span class='ocr_line' id='line_1_46' title="bbox 2055 1842 3714 1925; baseline 0.005 -29"><span class='ocrx_word' id='word_1_328' title='bbox 2055 1842 2127 1904; x_wconf 82' lang='grc' dir='ltr'>ὡς</span> <span class='ocrx_word' id='word_1_329' title='bbox 2185 1842 2263 1915; x_wconf 80' lang='grc' dir='ltr'>μὴ</span> <span class='ocrx_word' id='word_1_330' title='bbox 2322 1846 2426 1897; x_wconf 83' lang='grc' dir='ltr'><strong>τῶν</strong></span> <span class='ocrx_word' id='word_1_331' title='bbox 2486 1850 2682 1922; x_wconf 80' lang='grc' dir='ltr'>χωρῶν</span> <span class='ocrx_word' id='word_1_332' title='bbox 2714 1846 3152 1925; x_wconf 74' lang='grc' dir='ltr'>γεωργουμένων.</span> <span class='ocrx_word' id='word_1_333' title='bbox 3185 1850 3333 1915; x_wconf 80' lang='grc' dir='ltr'>Τινὲς</span> <span class='ocrx_word' id='word_1_334' title='bbox 3362 1848 3416 1905; x_wconf 79' lang='grc' dir='ltr'>δὲ</span> <span class='ocrx_word' id='word_1_335' title='bbox 3445 1853 3565 1912; x_wconf 79' lang='grc' dir='ltr'>τοὺς</span> <span class='ocrx_word' id='word_1_336' title='bbox 3628 1850 3714 1908; x_wconf 83' lang='grc' dir='ltr'>λι-</span> 
     </span>
    </p>
   </div>
   <div class='ocr_carea' id='block_1_47' title="bbox 2055 1929 3713 2013">
    <p class='ocr_par' dir='ltr' id='par_1_47' title="bbox 2055 1929 3713 2013">
     <span class='ocr_line' id='line_1_47' title="bbox 2055 1929 3713 2013; baseline 0.006 -29"><span class='ocrx_word' id='word_1_337' title='bbox 2055 1930 2208 2004; x_wconf 82' lang='grc' dir='ltr'>μοὺς,</span> <span class='ocrx_word' id='word_1_338' title='bbox 2270 1931 2357 1985; x_wconf 87' lang='grc' dir='ltr'><strong>καὶ</strong></span> <span class='ocrx_word' id='word_1_339' title='bbox 2427 1929 2666 2010; x_wconf 80' lang='grc' dir='ltr'>λοιμοὺς,</span> <span class='ocrx_word' id='word_1_340' title='bbox 2736 1935 2825 1990; x_wconf 85' lang='grc' dir='ltr'><strong>καὶ</strong></span> <span class='ocrx_word' id='word_1_341' title='bbox 2875 1936 2971 1999; x_wconf 83' lang='grc' dir='ltr'><strong>τὰς</strong></span> <span class='ocrx_word' id='word_1_342' title='bbox 3015 1934 3179 2000; x_wconf 81' lang='grc' dir='ltr'>ἄλλας</span> <span class='ocrx_word' id='word_1_343' title='bbox 3200 1936 3405 2012; x_wconf 76' lang='grc' dir='ltr'>θλίψεις</span> <span class='ocrx_word' id='word_1_344' title='bbox 3436 1939 3529 1996; x_wconf 72' lang='grc' dir='ltr'><strong>οὒκ</strong></span> <span class='ocrx_word' id='word_1_345' title='bbox 3552 1939 3609 1994; x_wconf 80' lang='grc' dir='ltr'>ὲν</span> <span class='ocrx_word' id='word_1_346' title='bbox 3640 1942 3713 2013; x_wconf 71' lang='grc' dir='ltr'><strong>τῇ</strong></span> 
     </span>
    </p>
   </div>
   <div class='ocr_carea' id='block_1_48' title="bbox 2057 2017 3710 2097">
    <p class='ocr_par' dir='ltr' id='par_1_48' title="bbox 2057 2017 3710 2097">
     <span class='ocr_line' id='line_1_48' title="bbox 2057 2017 3710 2097; baseline 0.007 -23"><span class='ocrx_word' id='word_1_347' title='bbox 2057 2017 2323 2092; x_wconf 81' lang='grc' dir='ltr'>συντελείᾳ</span> <span class='ocrx_word' id='word_1_348' title='bbox 2380 2020 2539 2094; x_wconf 86' lang='grc' dir='ltr'>μόνον</span> <span class='ocrx_word' id='word_1_349' title='bbox 2597 2020 2828 2097; x_wconf 79' lang='grc' dir='ltr'>ἔσεσθαι,</span> <span class='ocrx_word' id='word_1_350' title='bbox 2863 2023 2999 2080; x_wconf 86' lang='grc' dir='ltr'><strong>ἀλλά</strong></span> <span class='ocrx_word' id='word_1_351' title='bbox 3041 2027 3276 2091; x_wconf 81' lang='grc' dir='ltr'>καὶτοῖς</span> <span class='ocrx_word' id='word_1_352' title='bbox 3326 2029 3423 2095; x_wconf 78' lang='grc' dir='ltr'><strong>τῆς</strong></span> <span class='ocrx_word' id='word_1_353' title='bbox 3452 2027 3710 2091; x_wconf 78' lang='grc' dir='ltr'>ἁλώσεως</span> 
     </span>
    </p>
   </div>
   <div class='ocr_carea' id='block_1_49' title="bbox 2058 2106 3709 2198">
    <p class='ocr_par' dir='ltr' id='par_1_49' title="bbox 2058 2106 3709 2198">
     <span class='ocr_line' id='line_1_49' title="bbox 2058 2106 3709 2198; baseline 0.007 -35"><span class='ocrx_word' id='word_1_354' title='bbox 2058 2121 2263 2186; x_wconf 73' lang='grc' dir='ltr'>καιροῖς</span> <span class='ocrx_word' id='word_1_355' title='bbox 2331 2106 2643 2198; x_wconf 26' lang='grc' dir='ltr'>ἒξᾼεδέξρντο.</span> <span class='ocrx_word' id='word_1_356' title='bbox 2706 2114 2802 2170; x_wconf 81' lang='grc' dir='ltr'><strong>Καὶ</strong></span> <span class='ocrx_word' id='word_1_357' title='bbox 2888 2115 2988 2193; x_wconf 82' lang='grc' dir='ltr'>γὰρ</span> <span class='ocrx_word' id='word_1_358' title='bbox 3090 2115 3354 2183; x_wconf 83' lang='grc' dir='ltr'>Ἰώσηπος</span> <span class='ocrx_word' id='word_1_359' title='bbox 3409 2118 3709 2198; x_wconf 76' lang='grc' dir='ltr'>ἀφορήτους</span> 
     </span>
    </p>
   </div>
   <div class='ocr_carea' id='block_1_50' title="bbox 2054 2194 3707 2281">
    <p class='ocr_par' dir='ltr' id='par_1_50' title="bbox 2054 2194 3707 2281">
     <span class='ocr_line' id='line_1_50' title="bbox 2054 2194 3707 2281; baseline 0.005 -29"><span class='ocrx_word' id='word_1_360' title='bbox 2054 2198 2320 2277; x_wconf 73' lang='grc' dir='ltr'>συμφορὰς</span> <span class='ocrx_word' id='word_1_361' title='bbox 2370 2194 2455 2253; x_wconf 75' lang='grc' dir='ltr'><strong>διὰ</strong></span> <span class='ocrx_word' id='word_1_362' title='bbox 2539 2200 2629 2254; x_wconf 80' lang='grc' dir='ltr'><strong>τὸν</strong></span> <span class='ocrx_word' id='word_1_363' title='bbox 2660 2199 2816 2274; x_wconf 83' lang='grc' dir='ltr'>λιμὸν</span> <span class='ocrx_word' id='word_1_364' title='bbox 2860 2200 3004 2280; x_wconf 83' lang='grc' dir='ltr'>λέγει</span> <span class='ocrx_word' id='word_1_365' title='bbox 3026 2205 3370 2281; x_wconf 76' lang='grc' dir='ltr'>γεγενῆσθαι.</span> <span class='ocrx_word' id='word_1_366' title='bbox 3404 2194 3567 2263; x_wconf 79' lang='grc' dir='ltr'>Ἀλλά</span> <span class='ocrx_word' id='word_1_367' title='bbox 3616 2208 3707 2262; x_wconf 77' lang='grc' dir='ltr'>καὶ</span> 
     </span>
    </p>
   </div>
   <div class='ocr_carea' id='block_1_51' title="bbox 2054 2286 3703 2372">
    <p class='ocr_par' dir='ltr' id='par_1_51' title="bbox 2054 2286 3703 2372">
     <span class='ocr_line' id='line_1_51' title="bbox 2054 2286 3703 2372; baseline 0.005 -30"><span class='ocrx_word' id='word_1_368' title='bbox 2054 2288 2225 2348; x_wconf 87' lang='grc' dir='ltr'>καθὼς</span> <span class='ocrx_word' id='word_1_369' title='bbox 2284 2309 2411 2365; x_wconf 76' lang='grc' dir='ltr'>φησι</span> <span class='ocrx_word' id='word_1_370' title='bbox 2473 2286 2676 2351; x_wconf 68' lang='grc' dir='ltr'>Λουκάς</span> <span class='ocrx_word' id='word_1_371' title='bbox 2723 2288 2778 2345; x_wconf 83' lang='grc' dir='ltr'>ἐν</span> <span class='ocrx_word' id='word_1_372' title='bbox 2809 2303 2930 2354; x_wconf 81' lang='grc' dir='ltr'>ταῖς</span> <span class='ocrx_word' id='word_1_373' title='bbox 2972 2290 3247 2371; x_wconf 79' lang='grc' dir='ltr'>Πράξεσιν,</span> <span class='ocrx_word' id='word_1_374' title='bbox 3303 2293 3513 2372; x_wconf 76' lang='grc' dir='ltr'>ἐγένετο</span> <span class='ocrx_word' id='word_1_375' title='bbox 3542 2293 3703 2369; x_wconf 79' lang='grc' dir='ltr'>λιμὸς</span> 
     </span>
    </p>
   </div>
   <div class='ocr_carea' id='block_1_52' title="bbox 2055 2373 3709 2462">
    <p class='ocr_par' dir='ltr' id='par_1_52' title="bbox 2055 2373 3709 2462">
     <span class='ocr_line' id='line_1_52' title="bbox 2055 2373 3709 2462; baseline 0.006 -32"><span class='ocrx_word' id='word_1_376' title='bbox 2055 2374 2139 2430; x_wconf 81' lang='grc' dir='ltr'><strong>ἐπὶ</strong></span> <span class='ocrx_word' id='word_1_377' title='bbox 2200 2373 2450 2432; x_wconf 79' lang='grc' dir='ltr'>Κλαυδίου</span> <span class='ocrx_word' id='word_1_378' title='bbox 2515 2380 2799 2456; x_wconf 80' lang='grc' dir='ltr'>Καίσαρος.</span> <span class='ocrx_word' id='word_1_379' title='bbox 2875 2377 3040 2437; x_wconf 75' lang='grc' dir='ltr'>Ἀλλά</span> <span class='ocrx_word' id='word_1_380' title='bbox 3121 2380 3230 2462; x_wconf 63' lang='grc' dir='ltr'>μὴν</span> <span class='ocrx_word' id='word_1_381' title='bbox 3311 2384 3396 2439; x_wconf 82' lang='grc' dir='ltr'><strong>καὶ</strong></span> <span class='ocrx_word' id='word_1_382' title='bbox 3465 2380 3709 2462; x_wconf 72' lang='grc' dir='ltr'>φόϐητρα</span> 
     </span>
    </p>
   </div>
   <div class='ocr_carea' id='block_1_53' title="bbox 2056 2460 3705 2550">
    <p class='ocr_par' dir='ltr' id='par_1_53' title="bbox 2056 2460 3705 2550">
     <span class='ocr_line' id='line_1_53' title="bbox 2056 2460 3705 2550; baseline 0.004 -31"><span class='ocrx_word' id='word_1_383' title='bbox 2056 2462 2231 2520; x_wconf 82' lang='grc' dir='ltr'>πολλά</span> <span class='ocrx_word' id='word_1_384' title='bbox 2300 2464 2549 2544; x_wconf 88' lang='grc' dir='ltr'>γεγόνασι</span> <span class='ocrx_word' id='word_1_385' title='bbox 2606 2466 2704 2534; x_wconf 78' lang='grc' dir='ltr'><strong>τὴν</strong></span> <span class='ocrx_word' id='word_1_386' title='bbox 2774 2465 2972 2524; x_wconf 77' lang='grc' dir='ltr'>ἅλωσιν</span> <span class='ocrx_word' id='word_1_387' title='bbox 3028 2471 3126 2536; x_wconf 78' lang='grc' dir='ltr'>τῆς</span> <span class='ocrx_word' id='word_1_388' title='bbox 3199 2460 3542 2550; x_wconf 69' lang='grc' dir='ltr'>Ἰερουσαλῆμ</span> <span class='ocrx_word' id='word_1_389' title='bbox 3597 2469 3705 2537; x_wconf 83' lang='grc' dir='ltr'><strong>δη·-</strong></span> 
     </span>
    </p>
   </div>
   <div class='ocr_carea' id='block_1_54' title="bbox 2060 2550 3709 2637">
    <p class='ocr_par' dir='ltr' id='par_1_54' title="bbox 2060 2550 3709 2637">
     <span class='ocr_line' id='line_1_54' title="bbox 2060 2550 3709 2637; baseline 0.004 -28"><span class='ocrx_word' id='word_1_390' title='bbox 2060 2551 2273 2628; x_wconf 82' lang='grc' dir='ltr'>λοῠντα,</span> <span class='ocrx_word' id='word_1_391' title='bbox 2320 2556 2392 2619; x_wconf 85' lang='grc' dir='ltr'>ὡς</span> <span class='ocrx_word' id='word_1_392' title='bbox 2421 2556 2448 2610; x_wconf 79' lang='grc' dir='ltr'>ὁ</span> <span class='ocrx_word' id='word_1_393' title='bbox 2479 2556 2634 2621; x_wconf 71' lang='grc' dir='ltr'>αὐτὸς</span> <span class='ocrx_word' id='word_1_394' title='bbox 2664 2552 2925 2625; x_wconf 80' lang='grc' dir='ltr'>Ἰώσηπος</span> <span class='ocrx_word' id='word_1_395' title='bbox 2949 2560 3170 2637; x_wconf 79' lang='grc' dir='ltr'>ἱστορεῖ.</span> <span class='ocrx_word' id='word_1_396' title='bbox 3231 2550 3401 2626; x_wconf 86' lang='grc' dir='ltr'>Ὀλως</span> <span class='ocrx_word' id='word_1_397' title='bbox 3432 2583 3489 2617; x_wconf 89' lang='grc' dir='ltr'><strong>τε</strong></span> <span class='ocrx_word' id='word_1_398' title='bbox 3538 2566 3709 2618; x_wconf 76' lang='grc' dir='ltr'>ταῦτα</span> 
     </span>
    </p>
   </div>
   <div class='ocr_carea' id='block_1_55' title="bbox 2057 2641 3706 2727">
    <p class='ocr_par' dir='ltr' id='par_1_55' title="bbox 2057 2641 3706 2727">
     <span class='ocr_line' id='line_1_55' title="bbox 2057 2641 3706 2727; baseline 0.004 -30"><span class='ocrx_word' id='word_1_399' title='bbox 2057 2642 2208 2698; x_wconf 80' lang='grc' dir='ltr'>κοινά</span> <span class='ocrx_word' id='word_1_400' title='bbox 2255 2641 2495 2700; x_wconf 84' lang='grc' dir='ltr'>δύνανται</span> <span class='ocrx_word' id='word_1_401' title='bbox 2550 2649 2781 2703; x_wconf 73' lang='grc' dir='ltr'>νοεῖσθαι</span> <span class='ocrx_word' id='word_1_402' title='bbox 2840 2649 2933 2704; x_wconf 82' lang='grc' dir='ltr'><strong>τοῦ</strong></span> <span class='ocrx_word' id='word_1_403' title='bbox 2959 2670 3015 2703; x_wconf 89' lang='grc' dir='ltr'><strong>τε</strong></span> <span class='ocrx_word' id='word_1_404' title='bbox 3047 2658 3229 2727; x_wconf 78' lang='grc' dir='ltr'>καιροῦ</span> <span class='ocrx_word' id='word_1_405' title='bbox 3275 2654 3374 2717; x_wconf 83' lang='grc' dir='ltr'>τῆς</span> <span class='ocrx_word' id='word_1_406' title='bbox 3404 2649 3706 2713; x_wconf 82' lang='grc' dir='ltr'>συντελείας</span> 
     </span>
    </p>
   </div>
   <div class='ocr_carea' id='block_1_56' title="bbox 2057 2731 3704 2818">
    <p class='ocr_par' dir='ltr' id='par_1_56' title="bbox 2057 2731 3704 2818">
     <span class='ocr_line' id='line_1_56' title="bbox 2057 2731 3704 2818; baseline 0.004 -33"><span class='ocrx_word' id='word_1_407' title='bbox 2057 2733 2143 2786; x_wconf 84' lang='grc' dir='ltr'><strong>καὶ</strong></span> <span class='ocrx_word' id='word_1_408' title='bbox 2198 2732 2294 2799; x_wconf 74' lang='grc' dir='ltr'>τῆς</span> <span class='ocrx_word' id='word_1_409' title='bbox 2351 2731 2625 2807; x_wconf 81' lang='grc' dir='ltr'>ἁλώσεως,</span> <span class='ocrx_word' id='word_1_410' title='bbox 2709 2736 2775 2792; x_wconf 79' lang='grc' dir='ltr'><strong>τὰ</strong></span> <span class='ocrx_word' id='word_1_411' title='bbox 2803 2738 2919 2814; x_wconf 83' lang='grc' dir='ltr'>περῖ</span> <span class='ocrx_word' id='word_1_412' title='bbox 2962 2758 3069 2808; x_wconf 57' lang='grc' dir='ltr'>τίειν</span> <span class='ocrx_word' id='word_1_413' title='bbox 3123 2736 3527 2795; x_wconf 84' lang='grc' dir='ltr'>ἁκαταστασιῶν</span> <span class='ocrx_word' id='word_1_414' title='bbox 3561 2761 3704 2818; x_wconf 66' lang='grc' dir='ltr'>φημι</span> 
     </span>
    </p>
   </div>
   <div class='ocr_carea' id='block_1_57' title="bbox 2055 2820 3074 2897">
    <p class='ocr_par' dir='ltr' id='par_1_57' title="bbox 2055 2820 3074 2897">
     <span class='ocr_line' id='line_1_57' title="bbox 2055 2820 3074 2897; baseline 0.003 -21"><span class='ocrx_word' id='word_1_415' title='bbox 2055 2824 2143 2877; x_wconf 85' lang='grc' dir='ltr'>καὶ</span> <span class='ocrx_word' id='word_1_416' title='bbox 2173 2825 2279 2875; x_wconf 83' lang='grc' dir='ltr'>τῶν</span> <span class='ocrx_word' id='word_1_417' title='bbox 2322 2820 2572 2897; x_wconf 81' lang='grc' dir='ltr'>πολέμων</span> <span class='ocrx_word' id='word_1_418' title='bbox 2601 2824 2688 2879; x_wconf 86' lang='grc' dir='ltr'><strong>καὶ</strong></span> <span class='ocrx_word' id='word_1_419' title='bbox 2714 2828 2819 2880; x_wconf 81' lang='grc' dir='ltr'><strong>τῶν</strong></span> <span class='ocrx_word' id='word_1_420' title='bbox 2849 2822 3074 2886; x_wconf 81' lang='grc' dir='ltr'>λοιπῶν,</span> 
     </span>
    </p>
   </div>
   <div class='ocr_carea' id='block_1_58' title="bbox 2143 2907 3708 2994">
    <p class='ocr_par' dir='ltr' id='par_1_58' title="bbox 2143 2907 3708 2994">
     <span class='ocr_line' id='line_1_58' title="bbox 2143 2907 3708 2994; baseline 0.006 -30"><span class='ocrx_word' id='word_1_421' title='bbox 2143 2930 2166 2964; x_wconf 71' lang='grc' dir='ltr'><strong>ε</strong></span> <span class='ocrx_word' id='word_1_422' title='bbox 2231 2910 2338 2989; x_wconf 78' lang='grc' dir='ltr'><strong>Πρὸ</strong></span> <span class='ocrx_word' id='word_1_423' title='bbox 2370 2907 2423 2965; x_wconf 78' lang='grc' dir='ltr'>δὲ</span> <span class='ocrx_word' id='word_1_424' title='bbox 2454 2912 2652 2968; x_wconf 77' lang='grc' dir='ltr'>τούτων</span> <span class='ocrx_word' id='word_1_425' title='bbox 2683 2913 2894 2971; x_wconf 71' lang='grc' dir='ltr'>πάντων</span> <span class='ocrx_word' id='word_1_426' title='bbox 2926 2912 3263 2975; x_wconf 79' lang='grc' dir='ltr'>ἐπιϐαλοῦσιν</span> <span class='ocrx_word' id='word_1_427' title='bbox 3308 2914 3388 2994; x_wconf 72' lang='grc' dir='ltr'><strong>ἐφ’</strong></span> <span class='ocrx_word' id='word_1_428' title='bbox 3416 2920 3554 2991; x_wconf 75' lang='grc' dir='ltr'>ὑμᾶς</span> <span class='ocrx_word' id='word_1_429' title='bbox 3606 2918 3708 2981; x_wconf 73' lang='grc' dir='ltr'><strong>τὰς</strong></span> 
     </span>
    </p>
   </div>
   <div class='ocr_carea' id='block_1_59' title="bbox 2061 2999 3705 3081">
    <p class='ocr_par' dir='ltr' id='par_1_59' title="bbox 2061 2999 3705 3081">
     <span class='ocr_line' id='line_1_59' title="bbox 2061 2999 3705 3081; baseline 0.005 -28"><span class='ocrx_word' id='word_1_430' title='bbox 2061 3009 2255 3079; x_wconf 68' lang='grc' dir='ltr'>χεῖρας</span> <span class='ocrx_word' id='word_1_431' title='bbox 2329 3001 2498 3057; x_wconf 74' lang='grc' dir='ltr'>αὖτῶν</span> <span class='ocrx_word' id='word_1_432' title='bbox 2549 3002 2640 3057; x_wconf 84' lang='grc' dir='ltr'><strong>καὶ</strong></span> <span class='ocrx_word' id='word_1_433' title='bbox 2705 2999 2997 3077; x_wconf 74' lang='grc' dir='ltr'>διώξουσιν,</span> <span class='ocrx_word' id='word_1_434' title='bbox 3030 3003 3400 3081; x_wconf 81' lang='grc' dir='ltr'>παραδιδόντες</span> <span class='ocrx_word' id='word_1_435' title='bbox 3433 3007 3504 3069; x_wconf 83' lang='grc' dir='ltr'><strong>εἰς</strong></span> <span class='ocrx_word' id='word_1_436' title='bbox 3534 3028 3705 3062; x_wconf 74' lang='grc' dir='ltr'>συναε-</span> 
     </span>
    </p>
   </div>
   <div class='ocr_carea' id='block_1_60' title="bbox 330 3084 1974 3171">
    <p class='ocr_par' dir='ltr' id='par_1_60' title="bbox 330 3088 1974 3171">
     <span class='ocr_line' id='line_1_60' title="bbox 330 3088 1974 3171; baseline 0.001 -23"><span class='ocrx_word' id='word_1_437' title='bbox 330 3088 552 3151; x_wconf 89' lang='lat' dir='ltr'><strong>liabula</strong></span> <span class='ocrx_word' id='word_1_438' title='bbox 579 3099 638 3152; x_wconf 88' lang='lat' dir='ltr'><strong>et</strong></span> <span class='ocrx_word' id='word_1_439' title='bbox 669 3110 934 3171; x_wconf 81' lang='lat' dir='ltr'><strong>carcere,</strong></span> <span class='ocrx_word' id='word_1_440' title='bbox 968 3095 1267 3154; x_wconf 83' lang='lat' dir='ltr'><strong>trahentes</strong></span> <span class='ocrx_word' id='word_1_441' title='bbox 1297 3092 1368 3153; x_wconf 90' lang='lat' dir='ltr'><strong>ad</strong></span> <span class='ocrx_word' id='word_1_442' title='bbox 1402 3110 1570 3170; x_wconf 82' lang='lat' dir='ltr'><strong>reges</strong></span> <span class='ocrx_word' id='word_1_443' title='bbox 1612 3100 1667 3151; x_wconf 89' lang='lat' dir='ltr'><strong>et</strong></span> <span class='ocrx_word' id='word_1_444' title='bbox 1697 3090 1974 3171; x_wconf 84' lang='lat' dir='ltr'><strong>praesides</strong></span> 
     </span>
    </p>
   </div>
   <div class='ocr_carea' id='block_1_61' title="bbox 2059 3084 3710 3171">
    <p class='ocr_par' dir='ltr' id='par_1_61' title="bbox 2060 3084 3710 3170">
     <span class='ocr_line' id='line_1_61' title="bbox 2060 3084 3710 3170; baseline 0.004 -27"><span class='ocrx_word' id='word_1_445' title='bbox 2060 3088 2266 3166; x_wconf 79' lang='grc' dir='ltr'>γωγάς,</span> <span class='ocrx_word' id='word_1_446' title='bbox 2316 3089 2403 3144; x_wconf 89' lang='grc' dir='ltr'>καὶ</span> <span class='ocrx_word' id='word_1_447' title='bbox 2476 3087 2737 3169; x_wconf 76' lang='grc' dir='ltr'>φυλακὰς,</span> <span class='ocrx_word' id='word_1_448' title='bbox 2797 3091 3090 3169; x_wconf 81' lang='grc' dir='ltr'>ἀγομένους</span> <span class='ocrx_word' id='word_1_449' title='bbox 3146 3091 3233 3150; x_wconf 79' lang='grc' dir='ltr'><strong>ἐπὶ</strong></span> <span class='ocrx_word' id='word_1_450' title='bbox 3292 3084 3565 3170; x_wconf 73' lang='grc' dir='ltr'>βασιλεῖς,</span> <span class='ocrx_word' id='word_1_451' title='bbox 3615 3097 3710 3150; x_wconf 80' lang='grc' dir='ltr'>καὶ</span> 
     </span>
    </p>
   </div>
   <div class='ocr_carea' id='block_1_62' title="bbox 333 3179 1979 3259">
    <p class='ocr_par' dir='ltr' id='par_1_62' title="bbox 333 3179 1979 3259">
     <span class='ocr_line' id='line_1_62' title="bbox 333 3179 1979 3259; baseline 0.001 -22"><span class='ocrx_word' id='word_1_452' title='bbox 333 3188 576 3257; x_wconf 88' lang='lat' dir='ltr'><strong>propter</strong></span> <span class='ocrx_word' id='word_1_453' title='bbox 601 3199 815 3241; x_wconf 86' lang='lat' dir='ltr'><strong>nomen</strong></span> <span class='ocrx_word' id='word_1_454' title='bbox 848 3200 1064 3243; x_wconf 90' lang='lat' dir='ltr'><strong>meum.</strong></span> <span class='ocrx_word' id='word_1_455' title='bbox 1098 3182 1449 3259; x_wconf 84' lang='lat' dir='ltr'><strong>Contingent</strong></span> <span class='ocrx_word' id='word_1_456' title='bbox 1479 3188 1676 3243; x_wconf 88' lang='lat' dir='ltr'><strong>autem</strong></span> <span class='ocrx_word' id='word_1_457' title='bbox 1725 3179 1889 3240; x_wconf 90' lang='lat' dir='ltr'><strong>vobis</strong></span> <span class='ocrx_word' id='word_1_458' title='bbox 1917 3180 1979 3239; x_wconf 90' lang='lat' dir='ltr'><strong>in</strong></span> 
     </span>
    </p>
   </div>
   <div class='ocr_carea' id='block_1_63' title="bbox 2061 3176 3708 3260">
    <p class='ocr_par' dir='ltr' id='par_1_63' title="bbox 2061 3176 3708 3260">
     <span class='ocr_line' id='line_1_63' title="bbox 2061 3176 3708 3260; baseline 0.004 -29"><span class='ocrx_word' id='word_1_459' title='bbox 2061 3179 2326 3255; x_wconf 76' lang='grc' dir='ltr'>ἡγεμὸνας</span> <span class='ocrx_word' id='word_1_460' title='bbox 2384 3176 2559 3233; x_wconf 79' lang='grc' dir='ltr'>ἕνεκεν</span> <span class='ocrx_word' id='word_1_461' title='bbox 2616 3185 2708 3234; x_wconf 78' lang='grc' dir='ltr'>τοῦ</span> <span class='ocrx_word' id='word_1_462' title='bbox 2761 3180 3021 3255; x_wconf 86' lang='grc' dir='ltr'>ὀνόματός</span> <span class='ocrx_word' id='word_1_463' title='bbox 3082 3203 3206 3260; x_wconf 87' lang='grc' dir='ltr'>μου,</span> <span class='ocrx_word' id='word_1_464' title='bbox 3253 3179 3578 3251; x_wconf 70' lang='grc' dir='ltr'>ἀποϐήσεται</span> <span class='ocrx_word' id='word_1_465' title='bbox 3651 3182 3708 3238; x_wconf 78' lang='grc' dir='ltr'>δὲ</span> 
     </span>
    </p>
   </div>
   <div class='ocr_carea' id='block_1_64' title="bbox 334 3266 1974 3349">
    <p class='ocr_par' dir='ltr' id='par_1_64' title="bbox 334 3268 1974 3349">
     <span class='ocr_line' id='line_1_64' title="bbox 334 3268 1974 3349; baseline 0.001 -23"><span class='ocrx_word' id='word_1_466' title='bbox 334 3268 762 3329; x_wconf 88' lang='lat' dir='ltr'><strong>testimonium.</strong></span> <span class='ocrx_word' id='word_1_467' title='bbox 816 3270 1039 3331; x_wconf 85' lang='lat' dir='ltr'><strong>Habete</strong></span> <span class='ocrx_word' id='word_1_468' title='bbox 1086 3270 1263 3349; x_wconf 78' lang='lat' dir='ltr'><strong>igitur</strong></span> <span class='ocrx_word' id='word_1_469' title='bbox 1326 3271 1502 3331; x_wconf 78' lang='lat' dir='ltr'><strong>fixum</strong></span> <span class='ocrx_word' id='word_1_470' title='bbox 1586 3271 1643 3330; x_wconf 92' lang='lat' dir='ltr'><strong>in</strong></span> <span class='ocrx_word' id='word_1_471' title='bbox 1702 3268 1974 3330; x_wconf 77' lang='lat' dir='ltr'><strong>cordibus</strong></span> 
     </span>
    </p>
   </div>
   <div class='ocr_carea' id='block_1_65' title="bbox 2059 3266 3707 3349">
    <p class='ocr_par' dir='ltr' id='par_1_65' title="bbox 2062 3266 3707 3346">
     <span class='ocr_line' id='line_1_65' title="bbox 2062 3266 3707 3346; baseline 0.001 -23"><span class='ocrx_word' id='word_1_472' title='bbox 2062 3269 2190 3340; x_wconf 73' lang='grc' dir='ltr'>ὑμῖν</span> <span class='ocrx_word' id='word_1_473' title='bbox 2260 3267 2329 3331; x_wconf 82' lang='grc' dir='ltr'><strong>εἰς</strong></span> <span class='ocrx_word' id='word_1_474' title='bbox 2388 3266 2689 3345; x_wconf 79' lang='grc' dir='ltr'>μαρτύριον.</span> <span class='ocrx_word' id='word_1_475' title='bbox 2752 3269 2908 3324; x_wconf 81' lang='grc' dir='ltr'>Θὲσθε</span> <span class='ocrx_word' id='word_1_476' title='bbox 2939 3270 3030 3325; x_wconf 73' lang='grc' dir='ltr'>οὖν</span> <span class='ocrx_word' id='word_1_477' title='bbox 3075 3272 3147 3333; x_wconf 77' lang='grc' dir='ltr'><strong>είς</strong></span> <span class='ocrx_word' id='word_1_478' title='bbox 3190 3271 3285 3333; x_wconf 86' lang='grc' dir='ltr'><strong>τάς</strong></span> <span class='ocrx_word' id='word_1_479' title='bbox 3317 3268 3529 3337; x_wconf 79' lang='grc' dir='ltr'>καρδίας</span> <span class='ocrx_word' id='word_1_480' title='bbox 3556 3272 3707 3346; x_wconf 79' lang='grc' dir='ltr'>ὑμὼν</span> 
     </span>
    </p>
   </div>
   <div class='ocr_carea' id='block_1_66' title="bbox 337 3355 1978 3439">
    <p class='ocr_par' dir='ltr' id='par_1_66' title="bbox 337 3355 1978 3439">
     <span class='ocr_line' id='line_1_66' title="bbox 337 3355 1978 3439; baseline 0.002 -27"><span class='ocrx_word' id='word_1_481' title='bbox 337 3358 691 3430; x_wconf 88' lang='lat' dir='ltr'><strong>vestris,non</strong></span> <span class='ocrx_word' id='word_1_482' title='bbox 709 3377 839 3420; x_wconf 85' lang='lat' dir='ltr'><strong>esse</strong></span> <span class='ocrx_word' id='word_1_483' title='bbox 855 3360 1378 3439; x_wconf 70' lang='lat' dir='ltr'><strong>prmmeditandam</strong></span> <span class='ocrx_word' id='word_1_484' title='bbox 1395 3360 1801 3421; x_wconf 82' lang='lat' dir='ltr'><strong>defensionem</strong></span> <span class='ocrx_word' id='word_1_485' title='bbox 1815 3355 1978 3420; x_wconf 85' lang='lat' dir='ltr'><strong>.Nam</strong></span> 
     </span>
    </p>
   </div>
   <div class='ocr_carea' id='block_1_67' title="bbox 332 3445 1979 3530">
    <p class='ocr_par' dir='ltr' id='par_1_67' title="bbox 332 3445 1979 3530">
     <span class='ocr_line' id='line_1_67' title="bbox 332 3445 1979 3530; baseline 0 -25"><span class='ocrx_word' id='word_1_486' title='bbox 332 3446 455 3525; x_wconf 89' lang='lat' dir='ltr'><strong>ipse</strong></span> <span class='ocrx_word' id='word_1_487' title='bbox 469 3445 619 3508; x_wconf 89' lang='lat' dir='ltr'><strong>dabo</strong></span> <span class='ocrx_word' id='word_1_488' title='bbox 636 3446 798 3510; x_wconf 90' lang='lat' dir='ltr'><strong>vobis</strong></span> <span class='ocrx_word' id='word_1_489' title='bbox 810 3467 874 3509; x_wconf 87' lang='lat' dir='ltr'><strong>os</strong></span> <span class='ocrx_word' id='word_1_490' title='bbox 889 3449 1299 3529; x_wconf 84' lang='lat' dir='ltr'><strong>etsapientiam</strong></span> <span class='ocrx_word' id='word_1_491' title='bbox 1315 3450 1409 3510; x_wconf 90' lang='lat' dir='ltr'><strong>cui</strong></span> <span class='ocrx_word' id='word_1_492' title='bbox 1426 3469 1539 3510; x_wconf 88' lang='lat' dir='ltr'><strong>non</strong></span> <span class='ocrx_word' id='word_1_493' title='bbox 1561 3454 1950 3530; x_wconf 86' lang='lat' dir='ltr'><strong>poteruntcoa</strong></span> <span class='ocrx_word' id='word_1_494' title='bbox 1963 3482 1979 3489; x_wconf 91' lang='lat'><strong>-</strong></span> 
     </span>
    </p>
   </div>
   <div class='ocr_carea' id='block_1_68' title="bbox 338 3535 1977 3620">
    <p class='ocr_par' dir='ltr' id='par_1_68' title="bbox 338 3535 1977 3620">
     <span class='ocr_line' id='line_1_68' title="bbox 338 3535 1977 3620; baseline 0.001 -28"><span class='ocrx_word' id='word_1_495' title='bbox 338 3535 634 3596; x_wconf 86' lang='lat' dir='ltr'><strong>tradicerc</strong></span> <span class='ocrx_word' id='word_1_496' title='bbox 668 3556 862 3617; x_wconf 90' lang='lat' dir='ltr'><strong>neque</strong></span> <span class='ocrx_word' id='word_1_497' title='bbox 892 3538 1169 3599; x_wconf 89' lang='lat' dir='ltr'><strong>resistere</strong></span> <span class='ocrx_word' id='word_1_498' title='bbox 1198 3557 1407 3600; x_wconf 84' lang='lat' dir='ltr'><strong>omnes</strong></span> <span class='ocrx_word' id='word_1_499' title='bbox 1439 3539 1538 3620; x_wconf 94' lang='lat' dir='ltr'><strong>qui</strong></span> <span class='ocrx_word' id='word_1_500' title='bbox 1571 3536 1977 3599; x_wconf 87' lang='lat' dir='ltr'><strong>adversabun-</strong></span> 
     </span>
    </p>
   </div>
   <div class='ocr_carea' id='block_1_69' title="bbox 336 3624 1978 3706">
    <p class='ocr_par' dir='ltr' id='par_1_69' title="bbox 336 3624 1978 3706">
     <span class='ocr_line' id='line_1_69' title="bbox 336 3624 1978 3706; baseline 0.001 -24"><span class='ocrx_word' id='word_1_501' title='bbox 336 3633 432 3683; x_wconf 91' lang='lat' dir='ltr'><strong>tur</strong></span> <span class='ocrx_word' id='word_1_502' title='bbox 460 3624 646 3689; x_wconf 89' lang='lat' dir='ltr'><strong>vobis.</strong></span> <span class='ocrx_word' id='word_1_503' title='bbox 682 3626 1024 3689; x_wconf 86' lang='lat' dir='ltr'><strong>Trademini</strong></span> <span class='ocrx_word' id='word_1_504' title='bbox 1081 3638 1274 3689; x_wconf 89' lang='lat' dir='ltr'><strong>autem</strong></span> <span class='ocrx_word' id='word_1_505' title='bbox 1329 3628 1503 3689; x_wconf 88' lang='lat' dir='ltr'><strong>etiam</strong></span> <span class='ocrx_word' id='word_1_506' title='bbox 1546 3647 1579 3687; x_wconf 93' lang='lat' dir='ltr'><strong>a</strong></span> <span class='ocrx_word' id='word_1_507' title='bbox 1613 3624 1872 3706; x_wconf 84' lang='lat' dir='ltr'><strong>patribus</strong></span> <span class='ocrx_word' id='word_1_508' title='bbox 1920 3632 1978 3686; x_wconf 89' lang='lat' dir='ltr'><strong>et</strong></span> 
     </span>
    </p>
   </div>
   <div class='ocr_carea' id='block_1_70' title="bbox 328 3711 1977 3795">
    <p class='ocr_par' dir='ltr' id='par_1_70' title="bbox 328 3711 1977 3795">
     <span class='ocr_line' id='line_1_70' title="bbox 328 3711 1977 3795; baseline 0 -22"><span class='ocrx_word' id='word_1_509' title='bbox 328 3711 635 3789; x_wconf 85' lang='lat' dir='ltr'><strong>fratribus,</strong></span> <span class='ocrx_word' id='word_1_510' title='bbox 661 3725 719 3777; x_wconf 88' lang='lat' dir='ltr'><strong>et</strong></span> <span class='ocrx_word' id='word_1_511' title='bbox 750 3716 1018 3795; x_wconf 86' lang='lat' dir='ltr'><strong>cognatis</strong></span> <span class='ocrx_word' id='word_1_512' title='bbox 1049 3726 1105 3777; x_wconf 87' lang='lat' dir='ltr'><strong>et</strong></span> <span class='ocrx_word' id='word_1_513' title='bbox 1127 3717 1355 3786; x_wconf 87' lang='lat' dir='ltr'><strong>amicis,</strong></span> <span class='ocrx_word' id='word_1_514' title='bbox 1387 3726 1444 3778; x_wconf 86' lang='lat' dir='ltr'><strong>et</strong></span> <span class='ocrx_word' id='word_1_515' title='bbox 1482 3725 1670 3776; x_wconf 87' lang='lat' dir='ltr'><strong>morte</strong></span> <span class='ocrx_word' id='word_1_516' title='bbox 1720 3714 1977 3776; x_wconf 86' lang='lat' dir='ltr'><strong>allicient</strong></span> 
     </span>
    </p>
   </div>
   <div class='ocr_carea' id='block_1_71' title="bbox 323 3803 1974 3882">
    <p class='ocr_par' dir='ltr' id='par_1_71' title="bbox 323 3803 1974 3882">
     <span class='ocr_line' id='line_1_71' title="bbox 323 3803 1974 3882; baseline 0.001 -21"><span class='ocrx_word' id='word_1_517' title='bbox 323 3803 609 3882; x_wconf 78' lang='lat' dir='ltr'><strong>quosdam</strong></span> <span class='ocrx_word' id='word_1_518' title='bbox 643 3825 709 3867; x_wconf 90' lang='lat' dir='ltr'><strong>ex</strong></span> <span class='ocrx_word' id='word_1_519' title='bbox 745 3806 933 3868; x_wconf 89' lang='lat' dir='ltr'><strong>vobis.</strong></span> <span class='ocrx_word' id='word_1_520' title='bbox 965 3806 1035 3867; x_wconf 86' lang='lat' dir='ltr'><strong>Et</strong></span> <span class='ocrx_word' id='word_1_521' title='bbox 1063 3807 1229 3869; x_wconf 86' lang='lat' dir='ltr'><strong>eritis</strong></span> <span class='ocrx_word' id='word_1_522' title='bbox 1260 3807 1434 3867; x_wconf 88' lang='lat' dir='ltr'><strong>invisi</strong></span> <span class='ocrx_word' id='word_1_523' title='bbox 1490 3805 1767 3866; x_wconf 91' lang='lat' dir='ltr'><strong>omnibus</strong></span> <span class='ocrx_word' id='word_1_524' title='bbox 1804 3822 1974 3882; x_wconf 87' lang='lat' dir='ltr'><strong>pr0p-</strong></span> 
     </span>
    </p>
   </div>
   <div class='ocr_carea' id='block_1_72' title="bbox 332 3894 1977 3977">
    <p class='ocr_par' dir='ltr' id='par_1_72' title="bbox 332 3894 1977 3977">
     <span class='ocr_line' id='line_1_72' title="bbox 332 3894 1977 3977; baseline 0.001 -25"><span class='ocrx_word' id='word_1_525' title='bbox 332 3900 420 3953; x_wconf 89' lang='lat' dir='ltr'><strong>ter</strong></span> <span class='ocrx_word' id='word_1_526' title='bbox 452 3912 666 3956; x_wconf 85' lang='lat' dir='ltr'><strong>nomen</strong></span> <span class='ocrx_word' id='word_1_527' title='bbox 696 3913 919 3958; x_wconf 91' lang='lat' dir='ltr'><strong>meum.</strong></span> <span class='ocrx_word' id='word_1_528' title='bbox 946 3894 1015 3956; x_wconf 84' lang='lat' dir='ltr'><strong>Et</strong></span> <span class='ocrx_word' id='word_1_529' title='bbox 1053 3897 1207 3977; x_wconf 92' lang='lat' dir='ltr'><strong>pilus</strong></span> <span class='ocrx_word' id='word_1_530' title='bbox 1226 3896 1299 3958; x_wconf 89' lang='lat' dir='ltr'><strong>de</strong></span> <span class='ocrx_word' id='word_1_531' title='bbox 1315 3895 1506 3975; x_wconf 84' lang='lat' dir='ltr'><strong>capite</strong></span> <span class='ocrx_word' id='word_1_532' title='bbox 1522 3904 1721 3955; x_wconf 83' lang='lat' dir='ltr'><strong>vestro</strong></span> <span class='ocrx_word' id='word_1_533' title='bbox 1745 3912 1858 3953; x_wconf 89' lang='lat' dir='ltr'><strong>non</strong></span> <span class='ocrx_word' id='word_1_534' title='bbox 1881 3910 1977 3972; x_wconf 82' lang='lat' dir='ltr'><strong>pe-</strong></span> 
     </span>
    </p>
   </div>
   <div class='ocr_carea' id='block_1_73' title="bbox 324 3981 1977 4064">
    <p class='ocr_par' dir='ltr' id='par_1_73' title="bbox 324 3981 1977 4064">
     <span class='ocr_line' id='line_1_73' title="bbox 324 3981 1977 4064; baseline 0.001 -23"><span class='ocrx_word' id='word_1_535' title='bbox 324 3981 611 4045; x_wconf 67' lang='lat' dir='ltr'><strong>ritlit.Per</strong></span> <span class='ocrx_word' id='word_1_536' title='bbox 636 3985 975 4064; x_wconf 90' lang='lat' dir='ltr'><strong>patientiam</strong></span> <span class='ocrx_word' id='word_1_537' title='bbox 1007 3993 1262 4047; x_wconf 88' lang='lat' dir='ltr'><strong>vestram</strong></span> <span class='ocrx_word' id='word_1_538' title='bbox 1281 3986 1577 4064; x_wconf 88' lang='lat' dir='ltr'><strong>possidete</strong></span> <span class='ocrx_word' id='word_1_539' title='bbox 1599 3983 1825 4044; x_wconf 86' lang='lat' dir='ltr'><strong>animas</strong></span> <span class='ocrx_word' id='word_1_540' title='bbox 1848 4000 1977 4042; x_wconf 81' lang='lat' dir='ltr'><strong>ves-</strong></span> 
     </span>
    </p>
   </div>
   <div class='ocr_carea' id='block_1_74' title="bbox 240 4072 1975 4155">
    <p class='ocr_par' dir='ltr' id='par_1_74' title="bbox 240 4072 1975 4155">
     <span class='ocr_line' id='line_1_74' title="bbox 240 4072 1975 4155; baseline 0.001 -24"><span class='ocrx_word' id='word_1_541' title='bbox 240 4090 243 4091; x_wconf 68' lang='lat'><strong><em>&#39;</em></strong></span> <span class='ocrx_word' id='word_1_542' title='bbox 329 4079 507 4139; x_wconf 73' lang='lat' dir='ltr'><strong>tras.»</strong></span> <span class='ocrx_word' id='word_1_543' title='bbox 536 4072 688 4134; x_wconf 86' lang='lat' dir='ltr'><strong>Ante</strong></span> <span class='ocrx_word' id='word_1_544' title='bbox 721 4074 846 4135; x_wconf 68' lang='lat' dir='ltr'><strong>haec</strong></span> <span class='ocrx_word' id='word_1_545' title='bbox 874 4074 1096 4155; x_wconf 83' lang='lat' dir='ltr'><strong>omnia,</strong></span> <span class='ocrx_word' id='word_1_546' title='bbox 1124 4076 1234 4136; x_wconf 90' lang='lat' dir='ltr'><strong>hoc</strong></span> <span class='ocrx_word' id='word_1_547' title='bbox 1265 4083 1373 4153; x_wconf 89' lang='lat' dir='ltr'><strong>est,</strong></span> <span class='ocrx_word' id='word_1_548' title='bbox 1410 4093 1479 4134; x_wconf 89' lang='lat' dir='ltr'><strong>ea</strong></span> <span class='ocrx_word' id='word_1_549' title='bbox 1510 4092 1639 4152; x_wconf 63' lang='lat' dir='ltr'><strong>qua:</strong></span> <span class='ocrx_word' id='word_1_550' title='bbox 1664 4073 1805 4132; x_wconf 83' lang='lat' dir='ltr'><strong>fient</strong></span> <span class='ocrx_word' id='word_1_551' title='bbox 1840 4079 1975 4132; x_wconf 87' lang='lat' dir='ltr'><strong>ante</strong></span> 
     </span>
    </p>
   </div>
   <div class='ocr_carea' id='block_1_75' title="bbox 326 4159 1978 4243">
    <p class='ocr_par' dir='ltr' id='par_1_75' title="bbox 326 4159 1978 4243">
     <span class='ocr_line' id='line_1_75' title="bbox 326 4159 1978 4243; baseline -0.002 -22"><span class='ocrx_word' id='word_1_552' title='bbox 326 4163 1019 4243; x_wconf 87' lang='lat' dir='ltr'><strong>consummationem,vel</strong></span> <span class='ocrx_word' id='word_1_553' title='bbox 1047 4164 1221 4225; x_wconf 89' lang='lat' dir='ltr'><strong>etiam</strong></span> <span class='ocrx_word' id='word_1_554' title='bbox 1257 4163 1675 4243; x_wconf 76' lang='lat' dir='ltr'><strong>captivitatem.</strong></span> <span class='ocrx_word' id='word_1_555' title='bbox 1710 4159 1877 4231; x_wconf 90' lang='lat' dir='ltr'><strong>Nam,</strong></span> <span class='ocrx_word' id='word_1_556' title='bbox 1916 4165 1978 4220; x_wconf 92' lang='lat' dir='ltr'><strong>ut</strong></span> 
     </span>
    </p>
   </div>
   <div class='ocr_carea' id='block_1_76' title="bbox 326 4250 1974 4330">
    <p class='ocr_par' dir='ltr' id='par_1_76' title="bbox 326 4250 1974 4330">
     <span class='ocr_line' id='line_1_76' title="bbox 326 4250 1974 4330; baseline 0 -21"><span class='ocrx_word' id='word_1_557' title='bbox 326 4250 781 4330; x_wconf 84' lang='lat' dir='ltr'><strong>dixi,conjungit</strong></span> <span class='ocrx_word' id='word_1_558' title='bbox 805 4253 1182 4313; x_wconf 83' lang='lat' dir='ltr'><strong>sermonibus</strong></span> <span class='ocrx_word' id='word_1_559' title='bbox 1212 4253 1285 4314; x_wconf 92' lang='lat' dir='ltr'><strong>de</strong></span> <span class='ocrx_word' id='word_1_560' title='bbox 1307 4251 1974 4321; x_wconf 47' lang='lat' dir='ltr'><strong>consum&#39;a:atione,ser-</strong></span> 
     </span>
    </p>
   </div>
   <div class='ocr_carea' id='block_1_77' title="bbox 330 4340 1978 4422">
    <p class='ocr_par' dir='ltr' id='par_1_77' title="bbox 330 4340 1978 4422">
     <span class='ocr_line' id='line_1_77' title="bbox 330 4340 1978 4422; baseline 0 -23"><span class='ocrx_word' id='word_1_561' title='bbox 330 4358 536 4400; x_wconf 86' lang='lat' dir='ltr'><strong>mones</strong></span> <span class='ocrx_word' id='word_1_562' title='bbox 567 4342 639 4402; x_wconf 91' lang='lat' dir='ltr'><strong>de</strong></span> <span class='ocrx_word' id='word_1_563' title='bbox 670 4341 1310 4421; x_wconf 60' lang='lat' dir='ltr'><strong>captivitatelnjicient</strong></span> <span class='ocrx_word' id='word_1_564' title='bbox 1340 4343 1520 4416; x_wconf 90' lang='lat' dir='ltr'><strong>enim,</strong></span> <span class='ocrx_word' id='word_1_565' title='bbox 1560 4341 1771 4422; x_wconf 86' lang='lat' dir='ltr'><strong>inquit,</strong></span> <span class='ocrx_word' id='word_1_566' title='bbox 1797 4340 1854 4399; x_wconf 89' lang='lat' dir='ltr'><strong>in</strong></span> <span class='ocrx_word' id='word_1_567' title='bbox 1879 4358 1978 4399; x_wconf 86' lang='lat' dir='ltr'><strong>vos</strong></span> 
     </span>
    </p>
   </div>
   <div class='ocr_carea' id='block_1_78' title="bbox 2065 3349 3709 3438">
    <p class='ocr_par' dir='ltr' id='par_1_78' title="bbox 2065 3349 3709 3438">
     <span class='ocr_line' id='line_1_78' title="bbox 2065 3349 3709 3438; baseline 0.005 -31"><span class='ocrx_word' id='word_1_568' title='bbox 2065 3355 2142 3429; x_wconf 76' lang='grc' dir='ltr'>μὴ</span> <span class='ocrx_word' id='word_1_569' title='bbox 2200 3353 2531 3432; x_wconf 83' lang='grc' dir='ltr'>προμελετᾷν</span> <span class='ocrx_word' id='word_1_570' title='bbox 2591 3354 3019 3435; x_wconf 77' lang='grc' dir='ltr'>ἡπολογηθῆναι.</span> <span class='ocrx_word' id='word_1_571' title='bbox 3086 3349 3229 3436; x_wconf 78' lang='grc' dir='ltr'><strong>Ἐγὼ</strong></span> <span class='ocrx_word' id='word_1_572' title='bbox 3252 3360 3351 3438; x_wconf 79' lang='grc' dir='ltr'><strong>γὰρ</strong></span> <span class='ocrx_word' id='word_1_573' title='bbox 3379 3357 3532 3415; x_wconf 85' lang='grc' dir='ltr'>δώσω</span> <span class='ocrx_word' id='word_1_574' title='bbox 3576 3361 3709 3434; x_wconf 78' lang='grc' dir='ltr'>ὑμῖν</span> 
     </span>
    </p>
   </div>
   <div class='ocr_carea' id='block_1_79' title="bbox 2065 3443 3709 3523">
    <p class='ocr_par' dir='ltr' id='par_1_79' title="bbox 2065 3443 3709 3523">
     <span class='ocr_line' id='line_1_79' title="bbox 2065 3443 3709 3523; baseline 0.004 -27"><span class='ocrx_word' id='word_1_575' title='bbox 2065 3443 2258 3516; x_wconf 82' lang='grc' dir='ltr'>στόμα,</span> <span class='ocrx_word' id='word_1_576' title='bbox 2321 3444 2405 3497; x_wconf 86' lang='grc' dir='ltr'><strong>καὶ</strong></span> <span class='ocrx_word' id='word_1_577' title='bbox 2462 3446 2670 3523; x_wconf 74' lang='grc' dir='ltr'>σοφίαν,</span> <span class='ocrx_word' id='word_1_578' title='bbox 2716 3445 2751 3512; x_wconf 77' lang='grc' dir='ltr'><strong>ἦ</strong></span> <span class='ocrx_word' id='word_1_579' title='bbox 2782 3446 2842 3501; x_wconf 77' lang='grc' dir='ltr'>οὗ</span> <span class='ocrx_word' id='word_1_580' title='bbox 2885 3443 3193 3515; x_wconf 80' lang='grc' dir='ltr'>δυνήσονται</span> <span class='ocrx_word' id='word_1_581' title='bbox 3236 3446 3528 3521; x_wconf 75' lang='grc' dir='ltr'>ἀντειπεῖν,</span> <span class='ocrx_word' id='word_1_582' title='bbox 3590 3446 3709 3506; x_wconf 71' lang='grc' dir='ltr'>οὗδὲ</span> 
     </span>
    </p>
   </div>
   <div class='ocr_carea' id='block_1_80' title="bbox 2063 3530 3705 3613">
    <p class='ocr_par' dir='ltr' id='par_1_80' title="bbox 2063 3530 3705 3613">
     <span class='ocr_line' id='line_1_80' title="bbox 2063 3530 3705 3613; baseline 0.004 -28"><span class='ocrx_word' id='word_1_583' title='bbox 2063 3530 2370 3598; x_wconf 72' lang='grc' dir='ltr'>ἀντιστῆναι</span> <span class='ocrx_word' id='word_1_584' title='bbox 2428 3532 2621 3595; x_wconf 77' lang='grc' dir='ltr'>πάντες</span> <span class='ocrx_word' id='word_1_585' title='bbox 2694 3536 2739 3589; x_wconf 80' lang='grc' dir='ltr'>οἱ</span> <span class='ocrx_word' id='word_1_586' title='bbox 2796 3534 3146 3610; x_wconf 83' lang='grc' dir='ltr'>ἀντικείμενοι</span> <span class='ocrx_word' id='word_1_587' title='bbox 3203 3537 3353 3611; x_wconf 78' lang='grc' dir='ltr'>ὑμῖν.</span> <span class='ocrx_word' id='word_1_588' title='bbox 3390 3533 3705 3613; x_wconf 75' lang='grc' dir='ltr'>Παραδοθή-</span> 
     </span>
    </p>
   </div>
   <div class='ocr_carea' id='block_1_81' title="bbox 2061 3618 3704 3704">
    <p class='ocr_par' dir='ltr' id='par_1_81' title="bbox 2061 3618 3704 3704">
     <span class='ocr_line' id='line_1_81' title="bbox 2061 3618 3704 3704; baseline 0.002 -29"><span class='ocrx_word' id='word_1_589' title='bbox 2061 3624 2209 3676; x_wconf 89' lang='grc' dir='ltr'>σεσθε</span> <span class='ocrx_word' id='word_1_590' title='bbox 2267 3618 2320 3676; x_wconf 79' lang='grc' dir='ltr'>δὲ</span> <span class='ocrx_word' id='word_1_591' title='bbox 2405 3622 2492 3677; x_wconf 86' lang='grc' dir='ltr'><strong>καὶ</strong></span> <span class='ocrx_word' id='word_1_592' title='bbox 2560 3622 2660 3677; x_wconf 78' lang='grc' dir='ltr'><strong>ὑπὸ</strong></span> <span class='ocrx_word' id='word_1_593' title='bbox 2698 3622 2919 3703; x_wconf 66' lang='grc' dir='ltr'>γονέων,</span> <span class='ocrx_word' id='word_1_594' title='bbox 2946 3625 3034 3679; x_wconf 87' lang='grc' dir='ltr'><strong>καὶ</strong></span> <span class='ocrx_word' id='word_1_595' title='bbox 3078 3630 3372 3703; x_wconf 81' lang='grc' dir='ltr'>συγγενῶν,</span> <span class='ocrx_word' id='word_1_596' title='bbox 3398 3627 3483 3680; x_wconf 85' lang='grc' dir='ltr'>καὶ</span> <span class='ocrx_word' id='word_1_597' title='bbox 3513 3623 3704 3704; x_wconf 65' lang='grc' dir='ltr'>φίλων,</span> 
     </span>
    </p>
   </div>
   <div class='ocr_carea' id='block_1_82' title="bbox 2057 3708 3705 3791">
    <p class='ocr_par' dir='ltr' id='par_1_82' title="bbox 2057 3708 3705 3791">
     <span class='ocr_line' id='line_1_82' title="bbox 2057 3708 3705 3791; baseline 0.002 -26"><span class='ocrx_word' id='word_1_598' title='bbox 2057 3711 2145 3765; x_wconf 84' lang='grc' dir='ltr'><strong>καὶ</strong></span> <span class='ocrx_word' id='word_1_599' title='bbox 2201 3708 2460 3791; x_wconf 74' lang='grc' dir='ltr'>ἀδελφῶν,</span> <span class='ocrx_word' id='word_1_600' title='bbox 2510 3712 2598 3766; x_wconf 84' lang='grc' dir='ltr'><strong>καὶ</strong></span> <span class='ocrx_word' id='word_1_601' title='bbox 2642 3712 3027 3768; x_wconf 88' lang='grc' dir='ltr'>θανατώσουσιν</span> <span class='ocrx_word' id='word_1_602' title='bbox 3072 3712 3123 3778; x_wconf 79' lang='grc' dir='ltr'><strong>ἐξ</strong></span> <span class='ocrx_word' id='word_1_603' title='bbox 3179 3715 3349 3788; x_wconf 78' lang='grc' dir='ltr'>ὑμῶν,</span> <span class='ocrx_word' id='word_1_604' title='bbox 3396 3715 3485 3769; x_wconf 68' lang='grc' dir='ltr'><strong>καὶ</strong></span> <span class='ocrx_word' id='word_1_605' title='bbox 3524 3712 3705 3769; x_wconf 78' lang='grc' dir='ltr'>ἔσεσθε</span> 
     </span>
    </p>
   </div>
   <div class='ocr_carea' id='block_1_83' title="bbox 2063 3798 3707 3880">
    <p class='ocr_par' dir='ltr' id='par_1_83' title="bbox 2063 3798 3707 3880">
     <span class='ocr_line' id='line_1_83' title="bbox 2063 3798 3707 3880; baseline 0.002 -26"><span class='ocrx_word' id='word_1_606' title='bbox 2063 3801 2367 3874; x_wconf 81' lang='grc' dir='ltr'>μισούμενοι</span> <span class='ocrx_word' id='word_1_607' title='bbox 2425 3800 2525 3855; x_wconf 81' lang='grc' dir='ltr'>ὑπὸ</span> <span class='ocrx_word' id='word_1_608' title='bbox 2584 3799 2795 3856; x_wconf 77' lang='grc' dir='ltr'>πάντων</span> <span class='ocrx_word' id='word_1_609' title='bbox 2825 3798 2915 3855; x_wconf 82' lang='grc' dir='ltr'><strong>διὰ</strong></span> <span class='ocrx_word' id='word_1_610' title='bbox 2943 3800 3003 3856; x_wconf 76' lang='grc' dir='ltr'><strong>τό</strong></span> <span class='ocrx_word' id='word_1_611' title='bbox 3044 3800 3211 3876; x_wconf 78' lang='grc' dir='ltr'>ὄνομά</span> <span class='ocrx_word' id='word_1_612' title='bbox 3257 3823 3383 3877; x_wconf 86' lang='grc' dir='ltr'>μου.</span> <span class='ocrx_word' id='word_1_613' title='bbox 3433 3803 3530 3860; x_wconf 82' lang='grc' dir='ltr'><strong>Καὶ</strong></span> <span class='ocrx_word' id='word_1_614' title='bbox 3597 3802 3707 3880; x_wconf 79' lang='grc' dir='ltr'>θρὶξ</span> 
     </span>
    </p>
   </div>
   <div class='ocr_carea' id='block_1_84' title="bbox 2060 3887 3707 3967">
    <p class='ocr_par' dir='ltr' id='par_1_84' title="bbox 2060 3887 3707 3967">
     <span class='ocr_line' id='line_1_84' title="bbox 2060 3887 3707 3967; baseline 0.002 -25"><span class='ocrx_word' id='word_1_615' title='bbox 2060 3889 2120 3942; x_wconf 73' lang='grc' dir='ltr'>ὲκ</span> <span class='ocrx_word' id='word_1_616' title='bbox 2176 3889 2271 3955; x_wconf 74' lang='grc' dir='ltr'>τῆς</span> <span class='ocrx_word' id='word_1_617' title='bbox 2325 3887 2561 3967; x_wconf 72' lang='grc' dir='ltr'>κεφαλης</span> <span class='ocrx_word' id='word_1_618' title='bbox 2634 3889 2779 3963; x_wconf 78' lang='grc' dir='ltr'>ὑμῶν</span> <span class='ocrx_word' id='word_1_619' title='bbox 2813 3889 2872 3945; x_wconf 78' lang='grc' dir='ltr'>οὐ</span> <span class='ocrx_word' id='word_1_620' title='bbox 2898 3889 2974 3963; x_wconf 76' lang='grc' dir='ltr'>μὴ</span> <span class='ocrx_word' id='word_1_621' title='bbox 3006 3888 3299 3956; x_wconf 82' lang='grc' dir='ltr'>ἀπόληται.</span> <span class='ocrx_word' id='word_1_622' title='bbox 3333 3889 3423 3947; x_wconf 87' lang='grc' dir='ltr'>Ἐν</span> <span class='ocrx_word' id='word_1_623' title='bbox 3455 3895 3522 3966; x_wconf 80' lang='grc' dir='ltr'><strong>τῇ</strong></span> <span class='ocrx_word' id='word_1_624' title='bbox 3565 3891 3707 3946; x_wconf 78' lang='grc' dir='ltr'>ὑπο-</span> 
     </span>
    </p>
   </div>
   <div class='ocr_carea' id='block_1_85' title="bbox 2061 3978 3709 4058">
    <p class='ocr_par' dir='ltr' id='par_1_85' title="bbox 2061 3978 3709 4058">
     <span class='ocr_line' id='line_1_85' title="bbox 2061 3978 3709 4058; baseline 0.002 -26"><span class='ocrx_word' id='word_1_625' title='bbox 2061 3983 2197 4053; x_wconf 85' lang='grc' dir='ltr'>μονῇ</span> <span class='ocrx_word' id='word_1_626' title='bbox 2252 3979 2399 4051; x_wconf 78' lang='grc' dir='ltr'>ὑμῶν</span> <span class='ocrx_word' id='word_1_627' title='bbox 2449 3978 2712 4046; x_wconf 78' lang='grc' dir='ltr'>κτήσασθε</span> <span class='ocrx_word' id='word_1_628' title='bbox 2747 3978 2839 4042; x_wconf 63' lang='lat' dir='ltr'><strong>ra;</strong></span> <span class='ocrx_word' id='word_1_629' title='bbox 2871 3979 3051 4058; x_wconf 81' lang='grc' dir='ltr'>ψυχὰς</span> <span class='ocrx_word' id='word_1_630' title='bbox 3081 3980 3251 4055; x_wconf 81' lang='grc' dir='ltr'>ὑμῶν.</span> <span class='ocrx_word' id='word_1_631' title='bbox 3290 4002 3312 4035; x_wconf 76' lang='grc' dir='ltr'><strong>ι</strong></span> <span class='ocrx_word' id='word_1_632' title='bbox 3352 3982 3457 4058; x_wconf 84' lang='grc' dir='ltr'><strong>Πρὸ</strong></span> <span class='ocrx_word' id='word_1_633' title='bbox 3505 3981 3709 4036; x_wconf 85' lang='grc' dir='ltr'>τούτων</span> 
     </span>
    </p>
   </div>
   <div class='ocr_carea' id='block_1_86' title="bbox 2058 4065 3701 4141">
    <p class='ocr_par' dir='ltr' id='par_1_86' title="bbox 2058 4065 3701 4141">
     <span class='ocr_line' id='line_1_86' title="bbox 2058 4065 3701 4141; baseline 0.003 -22"><span class='ocrx_word' id='word_1_634' title='bbox 2058 4065 2292 4139; x_wconf 81' lang='grc' dir='ltr'>πάντων,</span> <span class='ocrx_word' id='word_1_635' title='bbox 2326 4071 2432 4120; x_wconf 83' lang='grc' dir='ltr'>τῶν</span> <span class='ocrx_word' id='word_1_636' title='bbox 2474 4067 2570 4132; x_wconf 78' lang='grc' dir='ltr'>τῆς</span> <span class='ocrx_word' id='word_1_637' title='bbox 2599 4065 2916 4141; x_wconf 85' lang='grc' dir='ltr'>συντελείας,</span> <span class='ocrx_word' id='word_1_638' title='bbox 2950 4068 2986 4135; x_wconf 69' lang='grc' dir='ltr'>ἢ</span> <span class='ocrx_word' id='word_1_639' title='bbox 3010 4069 3097 4124; x_wconf 80' lang='grc' dir='ltr'><strong>καὶ</strong></span> <span class='ocrx_word' id='word_1_640' title='bbox 3140 4073 3245 4123; x_wconf 82' lang='grc' dir='ltr'>τῶν</span> <span class='ocrx_word' id='word_1_641' title='bbox 3273 4073 3373 4135; x_wconf 80' lang='grc' dir='ltr'><strong>τῆς</strong></span> <span class='ocrx_word' id='word_1_642' title='bbox 3426 4067 3701 4134; x_wconf 67' lang='grc' dir='ltr'>ἁλώσεωςδ</span> 
     </span>
    </p>
   </div>
   <div class='ocr_carea' id='block_1_87' title="bbox 2057 4154 3707 4234">
    <p class='ocr_par' dir='ltr' id='par_1_87' title="bbox 2057 4154 3707 4234">
     <span class='ocr_line' id='line_1_87' title="bbox 2057 4154 3707 4234; baseline 0.002 -25"><span class='ocrx_word' id='word_1_643' title='bbox 2057 4156 2128 4219; x_wconf 81' lang='grc' dir='ltr'>ὡς</span> <span class='ocrx_word' id='word_1_644' title='bbox 2184 4155 2343 4211; x_wconf 75' lang='grc' dir='ltr'>εἶπον</span> <span class='ocrx_word' id='word_1_645' title='bbox 2401 4156 2500 4234; x_wconf 86' lang='grc' dir='ltr'><strong>γάρ</strong></span> <span class='ocrx_word' id='word_1_646' title='bbox 2550 4154 2876 4232; x_wconf 80' lang='grc' dir='ltr'>παραπλέκει</span> <span class='ocrx_word' id='word_1_647' title='bbox 2933 4170 3051 4219; x_wconf 82' lang='grc' dir='ltr'>τοῖς</span> <span class='ocrx_word' id='word_1_648' title='bbox 3095 4158 3210 4234; x_wconf 86' lang='grc' dir='ltr'>περῖ</span> <span class='ocrx_word' id='word_1_649' title='bbox 3262 4163 3362 4225; x_wconf 79' lang='grc' dir='ltr'>τῆς</span> <span class='ocrx_word' id='word_1_650' title='bbox 3406 4156 3707 4221; x_wconf 80' lang='grc' dir='ltr'>συντελείας</span> 
     </span>
    </p>
   </div>
   <div class='ocr_carea' id='block_1_88' title="bbox 2056 4241 3705 4326">
    <p class='ocr_par' dir='ltr' id='par_1_88' title="bbox 2056 4241 3705 4326">
     <span class='ocr_line' id='line_1_88' title="bbox 2056 4241 3705 4326; baseline 0.002 -27"><span class='ocrx_word' id='word_1_651' title='bbox 2056 4242 2239 4322; x_wconf 82' lang='grc' dir='ltr'>λόγοις</span> <span class='ocrx_word' id='word_1_652' title='bbox 2299 4244 2419 4307; x_wconf 79' lang='grc' dir='ltr'>τοὺς</span> <span class='ocrx_word' id='word_1_653' title='bbox 2476 4246 2593 4323; x_wconf 87' lang='grc' dir='ltr'>περὶ</span> <span class='ocrx_word' id='word_1_654' title='bbox 2662 4251 2761 4312; x_wconf 77' lang='grc' dir='ltr'>τῆς</span> <span class='ocrx_word' id='word_1_655' title='bbox 2831 4244 3103 4311; x_wconf 86' lang='grc' dir='ltr'>ἁλώσεως.</span> <span class='ocrx_word' id='word_1_656' title='bbox 3191 4245 3563 4307; x_wconf 78' lang='grc' dir='ltr'>Ἐπιϐαλοῦσιν</span> <span class='ocrx_word' id='word_1_657' title='bbox 3618 4241 3705 4326; x_wconf 74' lang='grc' dir='ltr'><strong>ἐφ’</strong></span> 
     </span>
    </p>
   </div>
   <div class='ocr_carea' id='block_1_89' title="bbox 2056 4333 3708 4417">
    <p class='ocr_par' dir='ltr' id='par_1_89' title="bbox 2056 4333 3708 4417">
     <span class='ocr_line' id='line_1_89' title="bbox 2056 4333 3708 4417; baseline 0.004 -30"><span class='ocrx_word' id='word_1_658' title='bbox 2056 4336 2218 4407; x_wconf 80' lang='grc' dir='ltr'>ὑμᾶς,</span> <span class='ocrx_word' id='word_1_659' title='bbox 2295 4335 2444 4413; x_wconf 74' lang='grc' dir='ltr'>φησὶ,</span> <span class='ocrx_word' id='word_1_660' title='bbox 2506 4334 2625 4398; x_wconf 79' lang='grc' dir='ltr'>τοὺς</span> <span class='ocrx_word' id='word_1_661' title='bbox 2676 4333 2832 4408; x_wconf 76' lang='grc' dir='ltr'>ἐμοὺς</span> <span class='ocrx_word' id='word_1_662' title='bbox 2892 4338 3161 4411; x_wconf 81' lang='grc' dir='ltr'>μαθητὰς,</span> <span class='ocrx_word' id='word_1_663' title='bbox 3208 4338 3302 4400; x_wconf 83' lang='grc' dir='ltr'><strong>τάς</strong></span> <span class='ocrx_word' id='word_1_664' title='bbox 3337 4351 3555 4417; x_wconf 77' lang='grc' dir='ltr'>χεῖρας.</span> <span class='ocrx_word' id='word_1_665' title='bbox 3606 4340 3708 4395; x_wconf 82' lang='grc' dir='ltr'>Καὶ</span> 
     </span>
    </p>
   </div>
   <div class='ocr_carea' id='block_1_90' title="bbox 329 4421 1974 4511">
    <p class='ocr_par' dir='ltr' id='par_1_90' title="bbox 329 4421 1973 4511">
     <span class='ocr_line' id='line_1_90' title="bbox 329 4421 1973 4511; baseline 0.001 -25"><span class='ocrx_word' id='word_1_666' title='bbox 329 4446 490 4488; x_wconf 91' lang='lat' dir='ltr'><strong>meos</strong></span> <span class='ocrx_word' id='word_1_667' title='bbox 524 4428 1091 4509; x_wconf 73' lang='lat' dir='ltr'><strong>discipulos,mauus</strong></span> <span class='ocrx_word' id='word_1_668' title='bbox 1124 4432 1196 4493; x_wconf 89' lang='lat' dir='ltr'><strong>Et</strong></span> <span class='ocrx_word' id='word_1_669' title='bbox 1219 4442 1356 4494; x_wconf 91' lang='lat' dir='ltr'><strong>ante</strong></span> <span class='ocrx_word' id='word_1_670' title='bbox 1387 4438 1620 4511; x_wconf 88' lang='lat' dir='ltr'><strong>captam</strong></span> <span class='ocrx_word' id='word_1_671' title='bbox 1646 4421 1973 4491; x_wconf 74' lang='lat' dir='ltr'><strong>Jerusalem</strong></span> 
     </span>
    </p>
   </div>
   <div class='ocr_carea' id='block_1_91' title="bbox 2059 4421 3707 4511">
    <p class='ocr_par' dir='ltr' id='par_1_91' title="bbox 2060 4421 3707 4505">
     <span class='ocr_line' id='line_1_91' title="bbox 2060 4421 3707 4505; baseline 0.002 -27"><span class='ocrx_word' id='word_1_672' title='bbox 2060 4425 2162 4501; x_wconf 80' lang='grc' dir='ltr'>πρὸ</span> <span class='ocrx_word' id='word_1_673' title='bbox 2221 4422 2317 4489; x_wconf 76' lang='grc' dir='ltr'><strong>τῆς</strong></span> <span class='ocrx_word' id='word_1_674' title='bbox 2376 4421 2625 4486; x_wconf 69' lang='grc' dir='ltr'>ἁλώσεως</span> <span class='ocrx_word' id='word_1_675' title='bbox 2681 4425 2781 4502; x_wconf 77' lang='grc' dir='ltr'><strong>γὰρ</strong></span> <span class='ocrx_word' id='word_1_676' title='bbox 2838 4423 3172 4505; x_wconf 77' lang='grc' dir='ltr'>ἐδιώχθησαν</span> <span class='ocrx_word' id='word_1_677' title='bbox 3228 4428 3274 4482; x_wconf 74' lang='grc' dir='ltr'>οἱ</span> <span class='ocrx_word' id='word_1_678' title='bbox 3303 4425 3588 4482; x_wconf 81' lang='grc' dir='ltr'>ἀπόστολοι</span> <span class='ocrx_word' id='word_1_679' title='bbox 3644 4425 3707 4482; x_wconf 79' lang='grc' dir='ltr'>ἐκ</span> 
     </span>
    </p>
   </div>
   <div class='ocr_carea' id='block_1_92' title="bbox 326 4517 1972 4600">
    <p class='ocr_par' dir='ltr' id='par_1_92' title="bbox 326 4517 1972 4600">
     <span class='ocr_line' id='line_1_92' title="bbox 326 4517 1972 4600; baseline 0.001 -24"><span class='ocrx_word' id='word_1_680' title='bbox 326 4518 746 4595; x_wconf 86' lang='lat' dir='ltr'><strong>persecutione</strong></span> <span class='ocrx_word' id='word_1_681' title='bbox 776 4520 923 4599; x_wconf 89' lang='lat' dir='ltr'><strong>pulsi</strong></span> <span class='ocrx_word' id='word_1_682' title='bbox 955 4529 1093 4580; x_wconf 85' lang='lat' dir='ltr'><strong>sunt</strong></span> <span class='ocrx_word' id='word_1_683' title='bbox 1116 4522 1369 4600; x_wconf 86' lang='lat' dir='ltr'><strong>apostoli</strong></span> <span class='ocrx_word' id='word_1_684' title='bbox 1403 4540 1471 4581; x_wconf 80' lang='lat' dir='ltr'><strong>ex</strong></span> <span class='ocrx_word' id='word_1_685' title='bbox 1507 4517 1930 4597; x_wconf 74' lang='lat' dir='ltr'><strong>Hierosolymis</strong></span> <span class='ocrx_word' id='word_1_686' title='bbox 1959 4535 1972 4578; x_wconf 88' lang='lat'>:</span> 
     </span>
    </p>
   </div>
   <div class='ocr_carea' id='block_1_93' title="bbox 326 4606 1980 4689">
    <p class='ocr_par' dir='ltr' id='par_1_93' title="bbox 326 4606 1980 4689">
     <span class='ocr_line' id='line_1_93' title="bbox 326 4606 1980 4689; baseline -0.001 -22"><span class='ocrx_word' id='word_1_687' title='bbox 326 4606 443 4667; x_wconf 92' lang='lat' dir='ltr'><strong>Deo</strong></span> <span class='ocrx_word' id='word_1_688' title='bbox 472 4608 584 4668; x_wconf 92' lang='lat' dir='ltr'><strong>hoc</strong></span> <span class='ocrx_word' id='word_1_689' title='bbox 610 4611 686 4668; x_wconf 87' lang='lat' dir='ltr'><strong>ita</strong></span> <span class='ocrx_word' id='word_1_690' title='bbox 717 4608 1198 4689; x_wconf 80' lang='lat' dir='ltr'><strong>dispensante,ut</strong></span> <span class='ocrx_word' id='word_1_691' title='bbox 1226 4610 1444 4670; x_wconf 70' lang='lat' dir='ltr'><strong>milites</strong></span> <span class='ocrx_word' id='word_1_692' title='bbox 1478 4609 1666 4669; x_wconf 91' lang='lat' dir='ltr'><strong>solum</strong></span> <span class='ocrx_word' id='word_1_693' title='bbox 1704 4611 1980 4667; x_wconf 84' lang='lat' dir='ltr'><strong>concute-</strong></span> 
     </span>
    </p>
   </div>
   <div class='ocr_carea' id='block_1_94' title="bbox 324 4694 1972 4777">
    <p class='ocr_par' dir='ltr' id='par_1_94' title="bbox 324 4694 1972 4777">
     <span class='ocr_line' id='line_1_94' title="bbox 324 4694 1972 4777; baseline -0.001 -22"><span class='ocrx_word' id='word_1_694' title='bbox 324 4704 549 4771; x_wconf 88' lang='lat' dir='ltr'><strong>rent,et</strong></span> <span class='ocrx_word' id='word_1_695' title='bbox 575 4698 827 4776; x_wconf 78' lang='lat' dir='ltr'><strong>graviter</strong></span> <span class='ocrx_word' id='word_1_696' title='bbox 847 4697 1176 4777; x_wconf 85' lang='lat' dir='ltr'><strong>afﬂigerent</strong></span> <span class='ocrx_word' id='word_1_697' title='bbox 1204 4699 1443 4759; x_wconf 62' lang='lat' dir='ltr'><strong>Judaeos</strong></span> <span class='ocrx_word' id='word_1_698' title='bbox 1466 4698 1562 4777; x_wconf 91' lang='lat' dir='ltr'><strong>qui</strong></span> <span class='ocrx_word' id='word_1_699' title='bbox 1584 4696 1881 4758; x_wconf 85' lang='lat' dir='ltr'><strong>Christum</strong></span> <span class='ocrx_word' id='word_1_700' title='bbox 1903 4694 1972 4753; x_wconf 89' lang='lat' dir='ltr'><strong>ad</strong></span> 
     </span>
    </p>
   </div>
   <div class='ocr_carea' id='block_1_95' title="bbox 325 4784 1970 4867">
    <p class='ocr_par' dir='ltr' id='par_1_95' title="bbox 325 4784 1970 4867">
     <span class='ocr_line' id='line_1_95' title="bbox 325 4784 1970 4867; baseline -0.002 -21"><span class='ocrx_word' id='word_1_701' title='bbox 325 4804 563 4847; x_wconf 74' lang='lat' dir='ltr'><strong>crucem</strong></span> <span class='ocrx_word' id='word_1_702' title='bbox 592 4788 1194 4867; x_wconf 81' lang='lat' dir='ltr'><strong>adegerant;apostoli</strong></span> <span class='ocrx_word' id='word_1_703' title='bbox 1228 4788 1463 4848; x_wconf 84' lang='lat' dir='ltr'><strong>interim</strong></span> <span class='ocrx_word' id='word_1_704' title='bbox 1485 4795 1666 4846; x_wconf 91' lang='lat' dir='ltr'><strong>totum</strong></span> <span class='ocrx_word' id='word_1_705' title='bbox 1686 4784 1970 4844; x_wconf 90' lang='lat' dir='ltr'><strong>mundum</strong></span> 
     </span>
    </p>
   </div>
   <div class='ocr_carea' id='block_1_96' title="bbox 324 4871 1969 4956">
    <p class='ocr_par' dir='ltr' id='par_1_96' title="bbox 324 4871 1969 4956">
     <span class='ocr_line' id='line_1_96' title="bbox 324 4871 1969 4956; baseline -0.001 -21"><span class='ocrx_word' id='word_1_706' title='bbox 324 4875 745 4955; x_wconf 70' lang='lat' dir='ltr'><strong>pranlicatione</strong></span> <span class='ocrx_word' id='word_1_707' title='bbox 781 4878 1113 4956; x_wconf 84' lang='lat' dir='ltr'><strong>implerent.</strong></span> <span class='ocrx_word' id='word_1_708' title='bbox 1147 4879 1312 4940; x_wconf 87' lang='lat' dir='ltr'><strong>Ducti</strong></span> <span class='ocrx_word' id='word_1_709' title='bbox 1347 4886 1485 4938; x_wconf 90' lang='lat' dir='ltr'><strong>sunt</strong></span> <span class='ocrx_word' id='word_1_710' title='bbox 1517 4874 1693 4954; x_wconf 82' lang='lat' dir='ltr'><strong>igitur</strong></span> <span class='ocrx_word' id='word_1_711' title='bbox 1723 4871 1969 4953; x_wconf 88' lang='lat' dir='ltr'><strong>apostoli</strong></span> 
     </span>
    </p>
   </div>
   <div class='ocr_carea' id='block_1_97' title="bbox 323 4960 1971 5046">
    <p class='ocr_par' dir='ltr' id='par_1_97' title="bbox 323 4960 1971 5046">
     <span class='ocr_line' id='line_1_97' title="bbox 323 4960 1971 5046; baseline -0.003 -22"><span class='ocrx_word' id='word_1_712' title='bbox 323 4963 394 5024; x_wconf 91' lang='lat' dir='ltr'><strong>ad</strong></span> <span class='ocrx_word' id='word_1_713' title='bbox 426 4983 597 5043; x_wconf 88' lang='lat' dir='ltr'><strong>reges</strong></span> <span class='ocrx_word' id='word_1_714' title='bbox 636 4974 692 5025; x_wconf 90' lang='lat' dir='ltr'><strong>et</strong></span> <span class='ocrx_word' id='word_1_715' title='bbox 722 4967 1026 5046; x_wconf 71' lang='lat' dir='ltr'><strong>prtesides,</strong></span> <span class='ocrx_word' id='word_1_716' title='bbox 1062 4966 1213 5028; x_wconf 87' lang='lat' dir='ltr'><strong>sicut</strong></span> <span class='ocrx_word' id='word_1_717' title='bbox 1247 4968 1459 5030; x_wconf 85' lang='lat' dir='ltr'><strong>Paulus</strong></span> <span class='ocrx_word' id='word_1_718' title='bbox 1490 4968 1562 5028; x_wconf 84' lang='lat' dir='ltr'><strong>ad</strong></span> <span class='ocrx_word' id='word_1_719' title='bbox 1599 4965 1864 5035; x_wconf 56' lang='lat' dir='ltr'><strong>Festum,</strong></span> <span class='ocrx_word' id='word_1_720' title='bbox 1899 4960 1971 5021; x_wconf 91' lang='lat' dir='ltr'><strong>ad</strong></span> 
     </span>
    </p>
   </div>
   <div class='ocr_carea' id='block_1_98' title="bbox 323 5049 1972 5133">
    <p class='ocr_par' dir='ltr' id='par_1_98' title="bbox 323 5049 1972 5133">
     <span class='ocr_line' id='line_1_98' title="bbox 323 5049 1972 5133; baseline -0.006 -14"><span class='ocrx_word' id='word_1_721' title='bbox 323 5054 644 5133; x_wconf 73' lang='lat' dir='ltr'><strong>Agrippam</strong></span> <span class='ocrx_word' id='word_1_722' title='bbox 670 5055 746 5129; x_wconf 73' lang='grc'>10,</span> <span class='ocrx_word' id='word_1_723' title='bbox 766 5056 836 5117; x_wconf 89' lang='lat' dir='ltr'><strong>ad</strong></span> <span class='ocrx_word' id='word_1_724' title='bbox 872 5057 1189 5124; x_wconf 82' lang='lat' dir='ltr'><strong>Caesarem,</strong></span> <span class='ocrx_word' id='word_1_725' title='bbox 1218 5065 1273 5116; x_wconf 85' lang='lat' dir='ltr'><strong>et</strong></span> <span class='ocrx_word' id='word_1_726' title='bbox 1306 5057 1518 5115; x_wconf 85' lang='lat' dir='ltr'><strong>factum</strong></span> <span class='ocrx_word' id='word_1_727' title='bbox 1554 5062 1643 5114; x_wconf 92' lang='lat' dir='ltr'><strong>est</strong></span> <span class='ocrx_word' id='word_1_728' title='bbox 1664 5052 1748 5113; x_wconf 89' lang='lat' dir='ltr'><strong>eis</strong></span> <span class='ocrx_word' id='word_1_729' title='bbox 1773 5051 1884 5111; x_wconf 91' lang='lat' dir='ltr'><strong>hoc</strong></span> <span class='ocrx_word' id='word_1_730' title='bbox 1915 5049 1972 5110; x_wconf 92' lang='lat' dir='ltr'><strong>in</strong></span> 
     </span>
    </p>
   </div>
   <div class='ocr_carea' id='block_1_99' title="bbox 324 5140 1977 5225">
    <p class='ocr_par' dir='ltr' id='par_1_99' title="bbox 324 5140 1977 5225">
     <span class='ocr_line' id='line_1_99' title="bbox 324 5140 1977 5225; baseline -0.003 -20"><span class='ocrx_word' id='word_1_731' title='bbox 324 5144 567 5222; x_wconf 81' lang='lat' dir='ltr'><strong>gloriam</strong></span> <span class='ocrx_word' id='word_1_732' title='bbox 602 5149 921 5208; x_wconf 86' lang='lat' dir='ltr'><strong>testimonii</strong></span> <span class='ocrx_word' id='word_1_733' title='bbox 975 5147 1122 5219; x_wconf 89' lang='lat' dir='ltr'><strong>Quia</strong></span> <span class='ocrx_word' id='word_1_734' title='bbox 1167 5158 1364 5208; x_wconf 88' lang='lat' dir='ltr'><strong>autem</strong></span> <span class='ocrx_word' id='word_1_735' title='bbox 1412 5148 1609 5208; x_wconf 70' lang='lat' dir='ltr'><strong>idiota:</strong></span> <span class='ocrx_word' id='word_1_736' title='bbox 1634 5155 1689 5204; x_wconf 91' lang='lat' dir='ltr'><strong>et</strong></span> <span class='ocrx_word' id='word_1_737' title='bbox 1717 5140 1977 5225; x_wconf 78' lang='lat' dir='ltr'><strong>imperiti</strong></span> 
     </span>
    </p>
   </div>
   <div class='ocr_carea' id='block_1_100' title="bbox 324 5231 1969 5312">
    <p class='ocr_par' dir='ltr' id='par_1_100' title="bbox 324 5231 1969 5312">
     <span class='ocr_line' id='line_1_100' title="bbox 324 5231 1969 5312; baseline -0.001 -19"><span class='ocrx_word' id='word_1_738' title='bbox 324 5243 515 5309; x_wconf 90' lang='lat' dir='ltr'><strong>erant,</strong></span> <span class='ocrx_word' id='word_1_739' title='bbox 570 5255 643 5295; x_wconf 92' lang='lat' dir='ltr'><strong>ne</strong></span> <span class='ocrx_word' id='word_1_740' title='bbox 696 5237 1080 5299; x_wconf 79' lang='lat' dir='ltr'><strong>turbarentur</strong></span> <span class='ocrx_word' id='word_1_741' title='bbox 1128 5238 1418 5298; x_wconf 85' lang='lat' dir='ltr'><strong>reddituri</strong></span> <span class='ocrx_word' id='word_1_742' title='bbox 1470 5236 1757 5296; x_wconf 84' lang='lat' dir='ltr'><strong>rationem</strong></span> <span class='ocrx_word' id='word_1_743' title='bbox 1819 5231 1969 5312; x_wconf 88' lang='lat' dir='ltr'><strong>apud</strong></span> 
     </span>
    </p>
   </div>
   <div class='ocr_carea' id='block_1_101' title="bbox 322 5322 1968 5405">
    <p class='ocr_par' dir='ltr' id='par_1_101' title="bbox 322 5322 1968 5405">
     <span class='ocr_line' id='line_1_101' title="bbox 322 5322 1968 5405; baseline -0.001 -22"><span class='ocrx_word' id='word_1_744' title='bbox 322 5324 475 5384; x_wconf 90' lang='lat' dir='ltr'><strong>viros</strong></span> <span class='ocrx_word' id='word_1_745' title='bbox 506 5325 844 5403; x_wconf 85' lang='lat' dir='ltr'><strong>sapientes:</strong></span> <span class='ocrx_word' id='word_1_746' title='bbox 873 5324 1360 5405; x_wconf 81' lang='lat' dir='ltr'><strong>Niltil,inquit,de</strong></span> <span class='ocrx_word' id='word_1_747' title='bbox 1392 5328 1499 5387; x_wconf 86' lang='lat' dir='ltr'><strong>hac</strong></span> <span class='ocrx_word' id='word_1_748' title='bbox 1534 5344 1595 5385; x_wconf 85' lang='lat' dir='ltr'><strong>re</strong></span> <span class='ocrx_word' id='word_1_749' title='bbox 1622 5322 1789 5382; x_wconf 82' lang='lat' dir='ltr'><strong>vobis</strong></span> <span class='ocrx_word' id='word_1_750' title='bbox 1814 5339 1968 5381; x_wconf 68' lang='lat' dir='ltr'><strong>cura!</strong></span> 
     </span>
    </p>
   </div>
   <div class='ocr_carea' id='block_1_102' title="bbox 320 5409 1977 5496">
    <p class='ocr_par' dir='ltr' id='par_1_102' title="bbox 320 5409 1977 5496">
     <span class='ocr_line' id='line_1_102' title="bbox 320 5409 1977 5496; baseline -0.001 -25"><span class='ocrx_word' id='word_1_751' title='bbox 320 5412 732 5493; x_wconf 45' lang='lat' dir='ltr'><strong>sigaccipietis</strong></span> <span class='ocrx_word' id='word_1_752' title='bbox 764 5414 922 5476; x_wconf 90' lang='lat' dir='ltr'><strong>enim</strong></span> <span class='ocrx_word' id='word_1_753' title='bbox 973 5422 1110 5475; x_wconf 90' lang='lat' dir='ltr'><strong>tunc</strong></span> <span class='ocrx_word' id='word_1_754' title='bbox 1131 5434 1165 5475; x_wconf 91' lang='lat' dir='ltr'><strong>a</strong></span> <span class='ocrx_word' id='word_1_755' title='bbox 1193 5434 1284 5477; x_wconf 89' lang='lat' dir='ltr'><strong>me</strong></span> <span class='ocrx_word' id='word_1_756' title='bbox 1316 5416 1712 5496; x_wconf 86' lang='lat' dir='ltr'><strong>eloquentiam</strong></span> <span class='ocrx_word' id='word_1_757' title='bbox 1747 5409 1886 5469; x_wconf 71' lang='lat'><strong>460</strong></span> <span class='ocrx_word' id='word_1_758' title='bbox 1918 5417 1977 5471; x_wconf 76' lang='lat' dir='ltr'><strong>et</strong></span> 
     </span>
    </p>
   </div>
   <div class='ocr_carea' id='block_1_103' title="bbox 401 5574 1462 5653">
    <p class='ocr_par' dir='ltr' id='par_1_103' title="bbox 401 5574 1462 5653">
     <span class='ocr_line' id='line_1_103' title="bbox 401 5574 1462 5653; baseline 0 -18"><span class='ocrx_word' id='word_1_759' title='bbox 401 5574 433 5624; x_wconf 83' lang='lat'><strong><em>9</em></strong></span> <span class='ocrx_word' id='word_1_760' title='bbox 455 5574 584 5635; x_wconf 90' lang='lat' dir='ltr'><strong>Act.</strong></span> <span class='ocrx_word' id='word_1_761' title='bbox 626 5592 705 5650; x_wconf 79' lang='lat' dir='ltr'><strong>x1,</strong></span> <span class='ocrx_word' id='word_1_762' title='bbox 738 5574 840 5638; x_wconf 64' lang='lat'><strong>28.</strong></span> <span class='ocrx_word' id='word_1_763' title='bbox 929 5576 990 5625; x_wconf 85' lang='lat' dir='ltr'><strong>to</strong></span> <span class='ocrx_word' id='word_1_764' title='bbox 1022 5574 1154 5637; x_wconf 78' lang='lat' dir='ltr'><strong>Act.</strong></span> <span class='ocrx_word' id='word_1_765' title='bbox 1186 5592 1326 5653; x_wconf 85' lang='lat' dir='ltr'><strong>xxv,</strong></span> <span class='ocrx_word' id='word_1_766' title='bbox 1360 5575 1462 5637; x_wconf 76' lang='lat'><strong>26.</strong></span> 
     </span>
    </p>
   </div>
   <div class='ocr_carea' id='block_1_104' title="bbox 2061 4511 3707 4590">
    <p class='ocr_par' dir='ltr' id='par_1_104' title="bbox 2061 4511 3707 4590">
     <span class='ocr_line' id='line_1_104' title="bbox 2061 4511 3707 4590; baseline 0.003 -23"><span class='ocrx_word' id='word_1_767' title='bbox 2061 4519 2166 4567; x_wconf 81' lang='grc' dir='ltr'>τῶν</span> <span class='ocrx_word' id='word_1_768' title='bbox 2240 4511 2641 4590; x_wconf 82' lang='grc' dir='ltr'>Ἰεροσολύμων,</span> <span class='ocrx_word' id='word_1_769' title='bbox 2676 4521 2766 4569; x_wconf 82' lang='grc' dir='ltr'>τοῦ</span> <span class='ocrx_word' id='word_1_770' title='bbox 2794 4514 2924 4571; x_wconf 80' lang='grc' dir='ltr'><strong>Θεοῦ</strong></span> <span class='ocrx_word' id='word_1_771' title='bbox 2952 4517 3040 4571; x_wconf 85' lang='grc' dir='ltr'><strong>καὶ</strong></span> <span class='ocrx_word' id='word_1_772' title='bbox 3080 4523 3232 4571; x_wconf 84' lang='grc' dir='ltr'>τοῦτο</span> <span class='ocrx_word' id='word_1_773' title='bbox 3274 4517 3707 4590; x_wconf 81' lang='grc' dir='ltr'>οἱκονομοῦντος,</span> 
     </span>
    </p>
   </div>
   <div class='ocr_carea' id='block_1_105' title="bbox 2062 4597 3709 4681">
    <p class='ocr_par' dir='ltr' id='par_1_105' title="bbox 2062 4597 3709 4681">
     <span class='ocr_line' id='line_1_105' title="bbox 2062 4597 3709 4681; baseline 0.002 -25"><span class='ocrx_word' id='word_1_774' title='bbox 2062 4599 2152 4657; x_wconf 69' lang='grc' dir='ltr'><strong>ἵνα</strong></span> <span class='ocrx_word' id='word_1_775' title='bbox 2211 4600 2393 4676; x_wconf 86' lang='grc' dir='ltr'>μόνοις</span> <span class='ocrx_word' id='word_1_776' title='bbox 2446 4614 2562 4666; x_wconf 76' lang='grc' dir='ltr'>τοῖς</span> <span class='ocrx_word' id='word_1_777' title='bbox 2638 4597 2969 4681; x_wconf 62' lang='grc' dir='ltr'>σταυρωταΐς</span> <span class='ocrx_word' id='word_1_778' title='bbox 2997 4604 3412 4671; x_wconf 68' lang='grc' dir='ltr'>ἑπικατασεισθῆ</span> <span class='ocrx_word' id='word_1_779' title='bbox 3441 4606 3505 4660; x_wconf 81' lang='grc' dir='ltr'>τὰ</span> <span class='ocrx_word' id='word_1_780' title='bbox 3534 4603 3709 4679; x_wconf 76' lang='grc' dir='ltr'>δεινὰ,</span> 
     </span>
    </p>
   </div>
   <div class='ocr_carea' id='block_1_106' title="bbox 2065 4689 3707 4774">
    <p class='ocr_par' dir='ltr' id='par_1_106' title="bbox 2065 4689 3707 4774">
     <span class='ocr_line' id='line_1_106' title="bbox 2104 4689 3657 4722; baseline 0.002 -9"><span class='ocrx_word' id='word_1_781' title='bbox 2104 4692 2119 4713; x_wconf 72' lang='lat'><strong>9</strong></span> <span class='ocrx_word' id='word_1_782' title='bbox 2191 4693 2205 4711; x_wconf 68' lang='grc' dir='ltr'><strong>ι</strong></span> <span class='ocrx_word' id='word_1_783' title='bbox 2242 4689 2287 4722; x_wconf 60' lang='grc' dir='ltr'><strong>κ),</strong></span> <span class='ocrx_word' id='word_1_784' title='bbox 2356 4691 2369 4710; x_wconf 79' lang='lat'><strong><em>\</em></strong></span> <span class='ocrx_word' id='word_1_785' title='bbox 2970 4692 2982 4712; x_wconf 65' lang='grc' dir='ltr'><strong><em>θ</em></strong></span> <span class='ocrx_word' id='word_1_786' title='bbox 3061 4692 3073 4710; x_wconf 82' lang='lat' dir='ltr'><strong><em>I</em></strong></span> <span class='ocrx_word' id='word_1_787' title='bbox 3327 4692 3336 4709; x_wconf 77' lang='grc' dir='ltr'><strong><em>ο</em></strong></span> <span class='ocrx_word' id='word_1_788' title='bbox 3646 4694 3657 4716; x_wconf 76' lang='lat' dir='ltr'><strong><em>r</em></strong></span> 
     </span>
     <span class='ocr_line' id='line_1_107' title="bbox 2065 4690 3707 4774; baseline 0.002 -27"><span class='ocrx_word' id='word_1_789' title='bbox 2065 4713 2208 4747; x_wconf 86' lang='grc' dir='ltr'>αυτοι</span> <span class='ocrx_word' id='word_1_790' title='bbox 2238 4704 2291 4746; x_wconf 72' lang='grc' dir='ltr'><strong>οε</strong></span> <span class='ocrx_word' id='word_1_791' title='bbox 2321 4711 2412 4745; x_wconf 84' lang='grc' dir='ltr'><strong>τον</strong></span> <span class='ocrx_word' id='word_1_792' title='bbox 2436 4691 2635 4766; x_wconf 79' lang='grc' dir='ltr'>κόσμον</span> <span class='ocrx_word' id='word_1_793' title='bbox 2679 4690 2825 4763; x_wconf 80' lang='grc' dir='ltr'>ὅλον,</span> <span class='ocrx_word' id='word_1_794' title='bbox 2872 4695 2918 4749; x_wconf 75' lang='grc' dir='ltr'>οἱ</span> <span class='ocrx_word' id='word_1_795' title='bbox 2963 4691 3250 4751; x_wconf 85' lang='grc' dir='ltr'>αποστολοι</span> <span class='ocrx_word' id='word_1_796' title='bbox 3281 4691 3448 4774; x_wconf 83' lang='grc' dir='ltr'>λεγω,</span> <span class='ocrx_word' id='word_1_797' title='bbox 3478 4692 3707 4773; x_wconf 85' lang='grc' dir='ltr'>πληρω-</span> 
     </span>
    </p>
   </div>
   <div class='ocr_carea' id='block_1_107' title="bbox 2058 4774 3711 4863">
    <p class='ocr_par' dir='ltr' id='par_1_107' title="bbox 2058 4774 3711 4863">
     <span class='ocr_line' id='line_1_108' title="bbox 2058 4774 3711 4863; baseline 0.002 -24"><span class='ocrx_word' id='word_1_798' title='bbox 2058 4805 2187 4840; x_wconf 87' lang='grc' dir='ltr'>σωσι</span> <span class='ocrx_word' id='word_1_799' title='bbox 2223 4788 2316 4839; x_wconf 77' lang='grc' dir='ltr'>τοῦ</span> <span class='ocrx_word' id='word_1_800' title='bbox 2345 4784 2710 4862; x_wconf 83' lang='grc' dir='ltr'>κηρύγματος.</span> <span class='ocrx_word' id='word_1_801' title='bbox 2760 4774 3058 4863; x_wconf 71' lang='grc' dir='ltr'>’Ἡχθησαν</span> <span class='ocrx_word' id='word_1_802' title='bbox 3103 4793 3191 4842; x_wconf 83' lang='grc' dir='ltr'>οὖν</span> <span class='ocrx_word' id='word_1_803' title='bbox 3248 4784 3337 4841; x_wconf 72' lang='grc' dir='ltr'>ὲπέ</span> <span class='ocrx_word' id='word_1_804' title='bbox 3369 4787 3613 4862; x_wconf 79' lang='grc' dir='ltr'>βασιλεῖς</span> <span class='ocrx_word' id='word_1_805' title='bbox 3658 4790 3711 4842; x_wconf 82' lang='grc' dir='ltr'>οἱ</span> 
     </span>
    </p>
   </div>
   <div class='ocr_carea' id='block_1_108' title="bbox 2055 4870 3709 4952">
    <p class='ocr_par' dir='ltr' id='par_1_108' title="bbox 2055 4870 3709 4952">
     <span class='ocr_line' id='line_1_109' title="bbox 2055 4870 3709 4952; baseline 0.001 -23"><span class='ocrx_word' id='word_1_806' title='bbox 2055 4870 2364 4945; x_wconf 84' lang='grc' dir='ltr'>ἀπόστολοι,</span> <span class='ocrx_word' id='word_1_807' title='bbox 2424 4875 2511 4929; x_wconf 82' lang='grc' dir='ltr'><strong>καὶ</strong></span> <span class='ocrx_word' id='word_1_808' title='bbox 2564 4875 2649 4929; x_wconf 75' lang='grc' dir='ltr'><strong>ἒπὶ</strong></span> <span class='ocrx_word' id='word_1_809' title='bbox 2718 4874 3012 4952; x_wconf 77' lang='grc' dir='ltr'>ἡγεμόνας,</span> <span class='ocrx_word' id='word_1_810' title='bbox 3061 4877 3134 4940; x_wconf 86' lang='grc' dir='ltr'>ὡς</span> <span class='ocrx_word' id='word_1_811' title='bbox 3192 4873 3399 4938; x_wconf 79' lang='grc' dir='ltr'>Παῦλος</span> <span class='ocrx_word' id='word_1_812' title='bbox 3430 4877 3565 4948; x_wconf 84' lang='grc' dir='ltr'>πρὸς</span> <span class='ocrx_word' id='word_1_813' title='bbox 3617 4876 3709 4933; x_wconf 85' lang='grc' dir='ltr'><strong>τδν</strong></span> 
     </span>
    </p>
   </div>
   <div class='ocr_carea' id='block_1_109' title="bbox 2055 4960 3704 5045">
    <p class='ocr_par' dir='ltr' id='par_1_109' title="bbox 2055 4960 3704 5045">
     <span class='ocr_line' id='line_1_110' title="bbox 2055 4960 3704 5045; baseline 0.001 -26"><span class='ocrx_word' id='word_1_814' title='bbox 2055 4968 2292 5033; x_wconf 75' lang='grc' dir='ltr'>Φῆστον,</span> <span class='ocrx_word' id='word_1_815' title='bbox 2325 4963 2456 5037; x_wconf 82' lang='grc' dir='ltr'>πρὸς</span> <span class='ocrx_word' id='word_1_816' title='bbox 2485 4965 2575 5019; x_wconf 83' lang='grc' dir='ltr'><strong>τὸν</strong></span> <span class='ocrx_word' id='word_1_817' title='bbox 2608 4960 2924 5040; x_wconf 79' lang='grc' dir='ltr'>Ἀγρίππαν,</span> <span class='ocrx_word' id='word_1_818' title='bbox 2959 4968 3089 5045; x_wconf 84' lang='grc' dir='ltr'>πρὸς</span> <span class='ocrx_word' id='word_1_819' title='bbox 3117 4966 3272 5022; x_wconf 67' lang='grc' dir='ltr'>αὺτὸν</span> <span class='ocrx_word' id='word_1_820' title='bbox 3319 4966 3410 5021; x_wconf 82' lang='grc' dir='ltr'>τὸν</span> <span class='ocrx_word' id='word_1_821' title='bbox 3443 4965 3704 5044; x_wconf 76' lang='grc' dir='ltr'>Καίσαρα;</span> 
     </span>
    </p>
   </div>
   <div class='ocr_carea' id='block_1_110' title="bbox 2058 5049 3709 5133">
    <p class='ocr_par' dir='ltr' id='par_1_110' title="bbox 2058 5049 3709 5133">
     <span class='ocr_line' id='line_1_111' title="bbox 2058 5049 3709 5133; baseline 0.002 -25"><span class='ocrx_word' id='word_1_822' title='bbox 2058 5052 2249 5130; x_wconf 82' lang='grc' dir='ltr'>Γέγονε</span> <span class='ocrx_word' id='word_1_823' title='bbox 2311 5049 2365 5107; x_wconf 79' lang='grc' dir='ltr'>δὲ</span> <span class='ocrx_word' id='word_1_824' title='bbox 2427 5051 2607 5114; x_wconf 78' lang='grc' dir='ltr'>αὒτοϊς</span> <span class='ocrx_word' id='word_1_825' title='bbox 2678 5059 2832 5108; x_wconf 78' lang='grc' dir='ltr'>τοῦτο</span> <span class='ocrx_word' id='word_1_826' title='bbox 2877 5055 2948 5119; x_wconf 76' lang='grc' dir='ltr'>εἷς</span> <span class='ocrx_word' id='word_1_827' title='bbox 2981 5054 3260 5133; x_wconf 87' lang='grc' dir='ltr'>μαρτυρίου</span> <span class='ocrx_word' id='word_1_828' title='bbox 3329 5052 3506 5120; x_wconf 78' lang='grc' dir='ltr'>δόξαν.</span> <span class='ocrx_word' id='word_1_829' title='bbox 3556 5053 3709 5111; x_wconf 80' lang='grc' dir='ltr'>Ἐπεὶ</span> 
     </span>
    </p>
   </div>
   <div class='ocr_carea' id='block_1_111' title="bbox 2059 5138 3709 5224">
    <p class='ocr_par' dir='ltr' id='par_1_111' title="bbox 2059 5138 3709 5224">
     <span class='ocr_line' id='line_1_112' title="bbox 2059 5138 3709 5224; baseline 0.002 -27"><span class='ocrx_word' id='word_1_830' title='bbox 2059 5140 2113 5197; x_wconf 76' lang='grc' dir='ltr'>δὲ</span> <span class='ocrx_word' id='word_1_831' title='bbox 2178 5138 2381 5197; x_wconf 77' lang='grc' dir='ltr'>ἰδιῶται</span> <span class='ocrx_word' id='word_1_832' title='bbox 2413 5141 2548 5209; x_wconf 75' lang='grc' dir='ltr'>ἦσαν</span> <span class='ocrx_word' id='word_1_833' title='bbox 2575 5142 2663 5197; x_wconf 88' lang='grc' dir='ltr'><strong>καὶ</strong></span> <span class='ocrx_word' id='word_1_834' title='bbox 2713 5140 2963 5224; x_wconf 80' lang='grc' dir='ltr'>ἀμαθεῖς,</span> <span class='ocrx_word' id='word_1_835' title='bbox 2996 5143 3087 5199; x_wconf 73' lang='grc' dir='ltr'><strong>ἵνα</strong></span> <span class='ocrx_word' id='word_1_836' title='bbox 3132 5146 3207 5219; x_wconf 81' lang='grc' dir='ltr'>μὴ</span> <span class='ocrx_word' id='word_1_837' title='bbox 3260 5147 3600 5223; x_wconf 84' lang='grc' dir='ltr'>ταραχθῶσιν</span> <span class='ocrx_word' id='word_1_838' title='bbox 3631 5146 3709 5208; x_wconf 84' lang='grc' dir='ltr'>ὡς</span> 
     </span>
    </p>
   </div>
   <div class='ocr_carea' id='block_1_112' title="bbox 2057 5228 3707 5312">
    <p class='ocr_par' dir='ltr' id='par_1_112' title="bbox 2057 5228 3707 5312">
     <span class='ocr_line' id='line_1_113' title="bbox 2057 5228 3707 5312; baseline 0.002 -26"><span class='ocrx_word' id='word_1_839' title='bbox 2057 5229 2344 5307; x_wconf 79' lang='grc' dir='ltr'>μέλλοντες</span> <span class='ocrx_word' id='word_1_840' title='bbox 2403 5228 2592 5308; x_wconf 87' lang='grc' dir='ltr'>λόγους</span> <span class='ocrx_word' id='word_1_841' title='bbox 2657 5229 2995 5288; x_wconf 76' lang='grc' dir='ltr'>ἁπαινεϊσθαι</span> <span class='ocrx_word' id='word_1_842' title='bbox 3054 5234 3195 5311; x_wconf 84' lang='grc' dir='ltr'>παρὰ</span> <span class='ocrx_word' id='word_1_843' title='bbox 3250 5240 3429 5312; x_wconf 78' lang='grc' dir='ltr'>σοφῶν</span> <span class='ocrx_word' id='word_1_844' title='bbox 3477 5232 3707 5311; x_wconf 82' lang='grc' dir='ltr'>ἀνδρῶν,</span> 
     </span>
    </p>
   </div>
   <div class='ocr_carea' id='block_1_113' title="bbox 2060 5319 3710 5404">
    <p class='ocr_par' dir='ltr' id='par_1_113' title="bbox 2060 5319 3710 5404">
     <span class='ocr_line' id='line_1_114' title="bbox 2060 5319 3710 5404; baseline 0.003 -28"><span class='ocrx_word' id='word_1_845' title='bbox 2060 5328 2105 5376; x_wconf 83' lang='grc' dir='ltr'><strong>Μ</strong></span> <span class='ocrx_word' id='word_1_846' title='bbox 2118 5319 2236 5387; x_wconf 69' lang='grc' dir='ltr'>ηδὲν</span> <span class='ocrx_word' id='word_1_847' title='bbox 2320 5320 2472 5391; x_wconf 74' lang='grc' dir='ltr'>ὑμῖν,</span> <span class='ocrx_word' id='word_1_848' title='bbox 2516 5322 2669 5400; x_wconf 74' lang='grc' dir='ltr'>φησὶ,</span> <span class='ocrx_word' id='word_1_849' title='bbox 2702 5320 2819 5398; x_wconf 87' lang='grc' dir='ltr'>περί</span> <span class='ocrx_word' id='word_1_850' title='bbox 2850 5322 3029 5378; x_wconf 82' lang='grc' dir='ltr'>τούτου</span> <span class='ocrx_word' id='word_1_851' title='bbox 3061 5321 3289 5397; x_wconf 82' lang='grc' dir='ltr'>μελέτω’</span> <span class='ocrx_word' id='word_1_852' title='bbox 3343 5322 3576 5399; x_wconf 77' lang='grc' dir='ltr'>λήψεσθε</span> <span class='ocrx_word' id='word_1_853' title='bbox 3608 5326 3710 5404; x_wconf 82' lang='grc' dir='ltr'><strong>γάρ</strong></span> 
     </span>
    </p>
   </div>
   <div class='ocr_carea' id='block_1_114' title="bbox 2057 5408 3711 5491">
    <p class='ocr_par' dir='ltr' id='par_1_114' title="bbox 2057 5408 3711 5491">
     <span class='ocr_line' id='line_1_115' title="bbox 2057 5408 3711 5491; baseline 0.004 -27"><span class='ocrx_word' id='word_1_854' title='bbox 2057 5408 2180 5487; x_wconf 84' lang='grc' dir='ltr'>παρ’</span> <span class='ocrx_word' id='word_1_855' title='bbox 2241 5408 2372 5485; x_wconf 77' lang='grc' dir='ltr'>ἐμοῦ</span> <span class='ocrx_word' id='word_1_856' title='bbox 2425 5408 2479 5463; x_wconf 77' lang='grc' dir='ltr'>ἐν</span> <span class='ocrx_word' id='word_1_857' title='bbox 2528 5416 2703 5483; x_wconf 85' lang='grc' dir='ltr'>ταυτῷ</span> <span class='ocrx_word' id='word_1_858' title='bbox 2746 5411 2832 5465; x_wconf 89' lang='grc' dir='ltr'><strong>καὶ</strong></span> <span class='ocrx_word' id='word_1_859' title='bbox 2863 5411 3190 5491; x_wconf 72' lang='grc' dir='ltr'>σοφίαν,καὶ</span> <span class='ocrx_word' id='word_1_860' title='bbox 3236 5413 3536 5489; x_wconf 68' lang='grc' dir='ltr'>εὐστομίαν,</span> <span class='ocrx_word' id='word_1_861' title='bbox 3570 5414 3711 5470; x_wconf 83' lang='grc' dir='ltr'>ὥστε</span> 
     </span>
    </p>
   </div>
  </div>
