4116 6212
409 399 556 462 1053
1099 404 1540 466 ΕΝΑΗΗΑΤΙΟ
1591 405 1666 464 IN
1719 404 2221 469 EVANGELIUM
2273 405 2507 469 LUCE.
2560 441 2632 450 —
2675 404 2838 469 CAP.
2888 407 3050 470 XXI.
3632 405 3787 504 1054.

407 535 545 612 μηδὲ
619 539 817 602 πάντας
878 542 1014 614 ὁμοῦ
1071 541 1142 602 εἰς
1173 538 1226 595 ἔν
1272 540 1630 619 συνηγμένους
1659 541 1781 604 τοὺς
1811 539 2044 595 ἀντικει-

2147 536 2594 612 =apientiam,ita
2621 546 2682 600 ut
2703 538 2877 600 etiam
2903 539 2949 600 si
2981 557 3190 602 omnes
3247 537 3576 602 adversarii
3605 513 3788 600 vestrl

406 629 592 702 μένους
665 628 905 686 δύνασθαι
991 630 1296 698 ἀντιστῆναι
1365 633 1518 707 ὑμῖν,
1601 629 1716 688 οὔτε
1773 631 1908 686 κατὰ
1957 630 2052 694 τὴν

2147 626 2195 684 in
2230 645 2408 687 unum
2436 627 2610 687 simul
2653 636 3109 706 congregentur,
3147 647 3264 689 non
3319 636 3592 710 poterunt
3619 626 3789 688 vobis

406 718 613 796 σοφίαν,
672 718 940 797 τουτέστι,
1002 718 1140 774 κατά
1205 718 1302 786 τὴν
1334 726 1438 775 τῶν
1482 720 1766 795 νοημάτων
1809 716 2050 790 δύναμιν,

407 804 521 862 οὔτε
579 807 714 862 κατά
783 807 883 874 τὴν
942 807 1252 882 εὐστομίαν,
1323 810 1412 866 καὶ
1498 811 1559 865 τὸ
1633 809 1733 877 τῆς
1807 807 2051 885 γλώττης

407 895 763 968 ἀπρόσκοπον.
839 895 1100 961 Πολλάκις
1153 897 1258 974 γὴρ
1314 919 1395 962 τις
1452 897 1636 977 σοφίαν
1708 898 1804 972 μὲν
1848 895 1964 975 ἔχει
1997 894 2048 951 ἐν

408 981 713 1061 λογισμοῖς,
776 986 863 1042 καὶ
932 983 1216 1060 νοήμασιν,
1279 986 1592 1065 εὐτάρακτος
1619 985 1674 1042 δὲ
1701 986 1773 1043 ὥν
1804 988 1932 1064 πρὸς
1963 988 2050 1040 θο-

409 1070 614 1150 ρύϐους,
677 1073 891 1154 συγλέει
947 1075 1007 1131 τὸ
1063 1080 1166 1130 πᾶν
1196 1077 1250 1130 ἒν
1289 1076 1458 1152 καιρῷ
1484 1073 1840 1153 δημηγορίας.
1899 1069 2048 1130 Ἀλλ’

411 1161 551 1216 οὗτοί
606 1183 690 1239 γε,
752 1165 798 1217 oi
856 1161 1141 1218 ἀπόστολοι
1197 1161 1360 1242 λέγω,
1394 1161 1513 1219 κατ’
1544 1164 1813 1245 ἀμφότερα
1855 1163 2046 1242 ἐχαρι-

410 1253 674 1322 τωθησαν,
735 1251 850 1308 ὅθεν
905 1253 991 1307 καὶ
1049 1249 1426 1322 ἐξεπλήττοντο
1481 1253 1602 1317 τοὺς
1651 1253 1747 1328 μὶν
1777 1255 1894 1330 περὶ
1938 1251 2044 1306 Πέ-

411 1361 532 1416 τρον
583 1342 668 1396 καὶ
728 1340 980 1408 Ἰωάννην
1047 1343 1094 1396 οἱ
1152 1343 1314 1419 ἱερεῖς
1374 1342 1459 1398 ἐπὶ
1514 1349 1582 1419 τῇ
1651 1343 1810 1420 ἀθρόᾳ
1868 1346 2042 1422 capia,

413 1426 940 1504 καταλαμκανόμενοι
1025 1432 1234 1503 αὐτοὺς,
1351 1431 1432 1487 ὅτι
1514 1432 1764 1511 πρότερον
1847 1430 2046 1486 ἰδιῶται

410 1517 566 1584 ἦσαν·
627 1521 718 1576 τὸν
772 1517 826 1575 δὲ
884 1519 1088 1576 Παῦλον
1166 1523 1193 1577 ὁ
1260 1526 1473 1588 Φῆστος
1569 1521 1763 1601 λέγων’

413 1605 606 1687 Παῦλε,
667 1609 732 1664 τὰ
780 1607 953 1666 πολλὰ
983 1631 1040 1665 σε
1073 1610 1356 1688 γράμματα
1390 1611 1462 1676 εἰς
1492 1613 1679 1687 μανίαν
1724 1610 2044 1690 περιτρέπει.

412 1703 583 1754 Ταῦτα
642 1699 827 1776 εἰπὼν,
858 1701 945 1755 καὶ
1002 1699 1092 1754 τὸν
1153 1698 1238 1755 ἐπὶ
1307 1701 1376 1771 τ’ξ.
1420 1702 1642 1774 ἀμαθείᾳ
1670 1698 1829 1780 φόϐον
1880 1701 2048 1754 αὒτιῦν

412 1783 730 1866 ὑπεκλύσας,
789 1786 1022 1867 ἐπιφέρει
1096 1789 1182 1843 καὶ
1237 1787 1411 1867 ἕτερον
1466 1789 1784 1866 ἀναγκαῖον,
1816 1789 1900 1843 καὶ
1930 1788 2049 1842 ἱκα-

1852 1522 2048 1596 Μαίνῃ,

2136 713 2643 797 resistere,neque
2677 735 2781 796 per
2809 717 3184 796 sapientiam,
3225 719 3334 780 hoc
3357 726 3463 790 est,
3500 736 3784 778 sensuum

2139 802 2279 883 vim,
2317 823 2504 885 neque
2529 824 2636 886 per
2657 805 3078 885 eloquentiam,
3128 815 3183 867 et
3214 807 3427 884 linguae.
3470 805 3784 868 certitudi-

2137 910 2270 953 nem
2303 895 2472 973 Saepe
2488 894 2644 954 enim
2661 895 2792 973 quis
2805 893 3349 972 habetsapieutiam
3371 894 3430 955 in
3453 892 3786 956 rationibus

2133 991 2192 1042 et
2223 983 2589 1056 sensibus,in
2615 982 2964 1044 tumultibus
2999 997 3194 1044 tamen
3227 1002 3360 1044 cum
3387 984 3560 1044 facile
3582 982 3786 1045 turbe-

2134 1071 2772 1145 tur,confunditomnia
2785 1091 2914 1132 cum
2936 1071 3252 1132 dicendum
3271 1071 3438 1133 estad
3457 1071 3762 1152 populum.

2131 1159 2704 1240 Hiauteln,apostoli
2731 1161 2968 1241 dico,in
2994 1170 3244 1241 utroque
3273 1161 3516 1239 gratiam
3551 1178 3768 1222 conse-

2131 1249 2246 1310 cuti
2281 1258 2436 1310 sunt.
2473 1251 2638 1312 Unde
2673 1251 3101 1330 obstupuerunt
3132 1251 3475 1311 sacerdotes
3505 1249 3578 1312 de
3597 1247 3767 1310 Petro

2133 1346 2190 1397 et
2215 1338 2442 1400 Joanne
2471 1339 2546 1400 ob
2577 1339 2928 1400 immensam
2950 1338 3470 1418 sapientiam,dum
3498 1355 3772 1416 compre-

2134 1427 2474 1491 henderent
2505 1448 2754 1508 eos,qua
2789 1429 2948 1509 prius
2973 1428 3614 1490 carebant.Paulovero
3631 1426 3774 1487 dicit

2138 1517 3041 1598 Festus:Insanis,Paule,multze
3075 1527 3128 1578 te
3150 1518 3357 1578 litterae
3386 1516 3456 1578 ad
3483 1515 3772 1578 insaniam

2134 1607 2409 1685 redigunt
2433 1616 2636 1669 etcum
2663 1608 3020 1668 excussisset
3042 1611 3312 1667 timorem
3332 1606 3566 1668 illorum
3597 1603 3772 1685 quem

2134 1715 2202 1758 ex
2236 1697 2534 1776 imperitia
2561 1686 3083 1776 habebant,subdit
3105 1703 3162 1756 et
3189 1695 3346 1755 aliurl
3371 1693 3774 1755 necessarium

2134 1794 2191 1848 et
2221 1785 2474 1846 validum
2506 1785 2575 1844 ad
2602 1785 3026 1846 concutiendus
3057 1784 3304 1845 animas:
3329 1781 3672 1845 Tradomini
3701 1781 3777 1842 ab

412 1875 501 1928 νὸν
545 1888 858 1934 κατασεῖσαι
904 1877 1106 1956 ψυχὰς,
1152 1877 1236 1949 τὸ,
1276 1875 1702 1953 Παραδοθήσεσθε
1730 1879 1831 1933 ὑπὸ
1889 1875 2052 1955 φὲλων

2147 1876 2341 1936 amicis
2365 1884 2419 1936 et
2445 1877 2726 1954 cognatis.
2768 1873 3036 1936 l‘razdicit
3059 1873 3236 1952 igitur
3265 1882 3324 1934 et
3352 1872 3426 1932 de
3451 1872 3582 1942 hoc,
3611 1879 3673 1931 ut
3707 1889 3779 1930 ne

414 1964 498 2019 καὶ
567 1971 854 2042 συγγενῶν.
931 1965 1183 2043 Προλέγιι
1243 1974 1365 2043 γοῦν
1425 1967 1512 2022 καὶ
1561 1967 1678 2044 περὶ
1726 1966 1932 2039 τούτου,
1964 1965 2056 2020 ’ἕνα

2147 1984 2271 2025 cum
2307 1967 2416 2026 hoc
2448 1965 2644 2027 subito
2669 1960 3778 2042 contiugat,turbentur.Graviterenim

415 2053 492 2126 μὴ
561 2052 745 2131 ἀθρόον
819 2052 1065 2126 ἐπελθὸν,
1139 2051 1420 2131 διαταράξη
1497 2054 1708 2117 αὒτσύς,
1748 2054 1926 2108 Δεινὸν
1956 2053 2054 2130 γὰρ

2147 2053 2248 2114 hoc
2279 2053 2536 2114 animam
2569 2053 2970 2126 cruciat,sicut
3001 2061 3058 2114 et
3087 2052 3262 2115 David
3297 2051 3459 2112 dicit:
3502 2049 3700 2122 «Quod
3733 2053 3784 2113 si

413 2148 564 2198 τοῦτο
594 2146 780 2221 ψυχῆς
800 2143 1123 2200 καθικέσθαι.
1157 2143 1231 2206 ὡς
1264 2143 1350 2198 καὶ
1379 2141 1542 2200 Δαυῖδ
1571 2165 1757 2223 φησιν,
1789 2141 1869 2198 ὅτι
1918 2165 1944 2194 α
2001 2144 2055 2196 Εἰ

2147 2141 2414 2204 inimicus
2430 2161 2595 2204 meus
2616 2143 3014 2204 maledixisset
3035 2141 3654 2213 mihi,sustinuissenm
3675 2142 3787 2200 uti-

413 2229 441 2285 ὃ
484 2229 674 2309 ἐχθρὸς
733 2229 966 2286 ὠνεῖδισέ
1023 2252 1115 2309 με,
1173 2231 1446 2311 ὑπήνεγκα
1503 2229 1589 2286 ἂν⁶
1645 2231 1706 2286 σὺ
1737 2228 1789 2286 δὲ
1819 2230 2055 2302 ἄνθρωπε

2147 2249 2278 2311 que:
2313 2239 2369 2292 tu
2403 2241 2600 2293 autem
2626 2233 2801 2294 homo
2828 2232 3218 2304 unanimis“,
3249 2255 3275 2286 ι
3308 2229 3499 2291 etc.Et
3528 2230 3741 2290 iterum
3774 2247 3788 2287 :

412 2318 663 2398 ἷσόψυχε.
702 2342 726 2376 ι
760 2321 859 2378 Καὶ
930 2317 1111 2375 πάλινο
1153 2341 1180 2374 α
1218 2310 1274 2377 Ὀ
1305 2318 1486 2376 ἐσθίων
1518 2320 1703 2399 ἄρτους
1754 2342 1855 2394 μου
1926 2320 2056 2393 ἐμε-

2147 2310 2290 2393 ᾀρυί
2325 2322 2582 2382 comedit.
2613 2341 2793 2401 panes
2821 2340 2984 2382 meos
3011 2318 3665 2396 mecum,magniﬁcavit
3685 2335 3752 2378 su
3775 2349 3792 2360 ο

414 2406 634 2484 γάλυνεν
689 2407 774 2464 ἐπ’
829 2407 922 2483 ἐμὲ
999 2409 1338 2484 πτερνισμόν.
1406 2431 1430 2462 ι
1497 2416 1668 2466 Ταῦτα
1728 2410 1910 2477 εἰπὼν,
1971 2401 2056 2464 καὶ

2147 2411 2903 2490 permesupplantationem
2928 2411 3006 2474 12.
3022 2409 3199 2473 »Cum
3214 2409 3459 2470 dixisset
3480 2407 3635 2490 quod
3657 2407 3791 2468 odio

417 2493 494 2551 ὅτι
553 2498 964 2571 μισηθήσονται,
1022 2503 1112 2552 καί
1181 2494 1260 2553 ὀίτι
1317 2498 1777 2567 θινατωθήσονταί
1806 2519 1944 2562 τινες
2007 2497 2057 2562 ἐξ

2147 2496 2396 2557 habendi
2431 2507 2486 2558 et
2515 2499 2672 2577 quod
2700 2498 3013 2560 occidendi
3064 2506 3262 2560 essent
3305 2497 3542 2578 quidam
3577 2514 3647 2557 ex
3679 2496 3788 2570 eis,

420 2587 611 2665 ἀυτῶν,
670 2585 904 2666 ἐπιφέρει
957 2585 1054 2652 τὴν
1125 2587 1384 2663 μεγίστην
1441 2587 1793 2665 παραμυθίαν,
1827 2588 1907 2643 ὃτι
1942 2587 2058 2662 Θρὶξ

2147 2584 2336 2646 subdit
2362 2587 2674 2648 maximam
2699 2588 3191 2649 constilationem:
3241 2586 3498 2666 Capillus
3511 2587 3584 2647 de
3601 2585 3794 2664 capite

421 2673 480 2730 ἐκ
529 2679 627 2740 τῆς
676 2672 914 2755 κεφαλῆς
969 2673 1114 2747 ὑμῶν
1159 2678 1218 2732 οὗ
1273 2676 1351 2749 μὴ
1396 2674 1686 2742 ἀπόληται.
1749 2679 2058 2746 Σωθήσεσθε

2147 2683 2333 2736 vestro
2350 2694 2463 2736 non
2479 2675 3106 2756 peribit.Salvabimiui
3121 2674 3581 2753 enim,inquit,et
3599 2691 3794 2752 neque

428 2764 551 2843 γὰρ,
624 2767 776 2843 φησὶ,
827 2765 915 2822 καὶ
970 2763 1086 2821 οοέδὲ
1117 2765 1176 2820 τὸ
1213 2762 1502 2844 ἐλάχιστον
1533 2765 1683 2840 ὑμῶν
1716 2763 2060 2846 διαφθαρήσε-

2147 2763 2455 2825 minimum
2491 2765 2771 2843 quiddam
2805 2767 2861 2825 in
2907 2765 3075 2826 vobis
3098 2772 3532 2842 corrumpetur,
3559 2761 3792 2823 etiamsi

425 2873 531 2923 ται,
590 2854 632 2909 εἰ
684 2856 770 2910 καὶ
826 2850 958 2919 δόξει
1016 2869 1136 2918 τοτς
1198 2852 1424 2917 πολλοῖς
1469 2852 1835 2934 διαφθαρῆναι·
1899 2855 2058 2929 μόνον

2147 2853 2417 2914 videatur
2448 2854 2649 2913 multis
2674 2855 2997 2934 corrumpi.
3032 2853 3282 2916 Tantum
3317 2851 3472 2911 ferre
3503 2859 3736 2930 oportet
3773 2865 3786 2911 :

417 2941 696 3017 ὑπομένειν
767 2941 874 2998 δεῖ·
959 2945 1048 3000 καὶ
1105 2943 1204 3021 γὰρ
1248 2941 1302 2997 ἐν
1332 2949 1399 3018 τῇ
1431 2943 1673 3020 δπομονῇ
1702 2947 1918 3000 κτᾶσθαι
1967 2942 2059 2999 δυ-

2147 2960 2252 3021 per
2281 2941 2621 3020 patientiam
2657 2942 2815 3004 enim
2855 2941 3230 3021 possidebitis
3261 2939 3488 3000 animas
3539 2946 3788 3000 vestras.

418 3032 636 3100 νήσεσθε
694 3032 788 3094 τὰς
847 3033 1026 3112 ψυχὰς
1088 3033 1260 3107 ὑμῶν,
1346 3031 1589 3102 Πρόσεισι
1684 3033 1781 3107 μὲν
1851 3034 1950 3110 γὰρ
2035 3035 2060 3088 ὁ

2147 3030 2286 3092 Nam
2311 3031 2591 3094 inimicus
2613 3033 2854 3113 quidem
2875 3032 3090 3093 invadit
3122 3050 3228 3091 ceu
3262 3029 3536 3108 hostis,in
3559 3027 3796 3108 captivi-

421 3117 633 3198 ἐχθρὸς,
693 3120 788 3199 οἶά
858 3142 939 3182 τις
991 3118 1454 3200 αἰχμαλωτιστὴς,
1508 3122 1603 3183 τὰς
1677 3122 1857 3201 ψυχὰς
1914 3124 2060 3196 ὑμῶν

2147 3128 2321 3181 tatem
2341 3122 2626 3183 ducturus
2647 3122 2872 3183 animas
2889 3129 3194 3198 vestras,et
3218 3125 3400 3180 leniat
3419 3135 3522 3198 per
3534 3116 3798 3178 afﬂictio-

421 3210 505 3268 διὰ
563 3211 659 3279 τῆς
729 3211 1017 3290 ἐπαγωγῆς
1075 3215 1178 3268 τῶν
1211 3209 1395 3268 δεινῶν
1440 3214 1763 3292 ἀφαρπάζειν
1792 3215 2060 3293 πειρώμε-

2153 3227 2257 3269 nes
2281 3227 2530 3289 rapere:
2559 3212 2663 3272 sed
2691 3230 2791 3271 vos
2823 3212 2956 3272 dote
3011 3229 3114 3291 pro
3149 3209 3396 3289 pecunia
3430 3207 3795 3288 patientiam,

424 3323 536 3380 νος,
605 3300 724 3357 ἀλλ’
777 3303 936 3377 ὑμεῖς
995 3299 1112 3357 δότε
1170 3300 1284 3357 ἀντὶ
1355 3301 1599 3380 ἀργυρίου
1641 3303 1738 3369 τὴν
1769 3304 2060 3378 ὑπομονὴν,

2153 3305 2209 3356 et
2235 3298 2533 3376 possidebi
2570 3302 2618 3360 is
2649 3300 2876 3360 animas
2908 3310 3128 3360 vestras
3160 3300 3268 3360 hac
3287 3295 3793 3377 compensatione,

421 3393 505 3446 καὶ
548 3392 813 3460 κτήσασθε
871 3391 965 3453 τὰς
1016 3391 1198 3470 ψυχὰς
1255 3392 1400 3465 ὑμῶν
1503 3391 1672 3464 τούτῳ
1743 3393 1820 3467 τῴ
1868 3391 2060 3448 ἀνταλ-

2152 3398 2208 3450 et
2241 3389 2382 3450 nihil
2420 3391 2581 3451 vobis
2615 3389 2814 3450 damni
2851 3390 2960 3449 erit
3017 3390 3072 3449 in
3132 3388 3250 3448 illis
3299 3386 3552 3447 Attende
3601 3392 3798 3446 autem

419 3478 677 3559 λάγματι,
732 3482 821 3536 καὶ
871 3479 930 3536 οὗ
999 3481 1401 3554 ζημιωθήσεσθε
1462 3481 1678 3543 ταύτας,
1725 3483 1968 3560 Πρόσχες
2013 3479 2060 3536 δὲ

2150 3479 2306 3558 quod
2362 3477 2527 3558 dicit,
2562 3477 2746 3538 Morte
2795 3477 3080 3538 atllicient
3135 3495 3200 3538 ex
3243 3475 3407 3536 vobis
3452 3471 3800 3550 :intelliges

420 3571 480 3624 τὸ
552 3569 950 3626 Θανατώσουσιν
1077 3573 1247 3643 ὑμῶν·
1282 3570 1492 3638 νοήσεις
1547 3571 1648 3648 γὰρ
1677 3572 1958 3647 βαθύτερόν
1991 3594 2060 3642 τι1

2154 3567 2310 3628 enim
2340 3567 2686 3646 prolundius
2718 3566 3018 3647 quiddam.
3056 3567 3189 3645 quia
3243 3584 3358 3625 non
3414 3564 3674 3640 integros
3703 3581 3802 3622 vos

426 3658 507 3714 ὅτι
621 3657 738 3737 Οὖχ
821 3655 1142 3732 ὁλοκλήρους
1227 3658 1362 3729 ὑμᾶς
1445 3660 1859 3739 θανατώσουσιν,
1937 3658 2060 3716 ἀλλὲ

2156 3656 2429 3717 occident
2463 3677 2476 3716 :
2510 3657 2611 3716 sed
2647 3675 2782 3717 cum
2815 3675 2882 3716 ex
2919 3654 3150 3715 duobus
3179 3653 3335 3732 sitis,
3370 3652 3570 3712 anima
3591 3659 3648 3711 et
3676 3668 3802 3710 cor-

424 3745 620 3804 διπλῶν
672 3745 838 3803 ὅντων
911 3747 1077 3820 ὑμῶν,
1132 3745 1191 3802 ἐκ
1241 3747 1426 3827 ψυχῆς
1470 3748 1560 3802 καὶ
1616 3748 1886 3822 σώματος,
1922 3752 1980 3808 οὐ
2010 3750 2060 3804 τὰ

2161 3764 2327 3824 pore,
2364 3763 2479 3806 non
2524 3754 2838 3824 utrumque
2873 3754 3062 3805 morte
3085 3742 3363 3820 alliciant,
3387 3739 3488 3801 sed
3525 3756 3704 3800 unu'n
3731 3756 3802 3799 ex

423 3835 512 3893 δύο
579 3839 987 3906 θανατώσουσιν,
1050 3834 1169 3893 ἀλλ’
1241 3837 1294 3902 ἐξ
1321 3839 1468 3911 ὑμῶν
1513 3839 1572 3893 τὸ
1605 3837 1656 3893 ἕν
1687 3840 2060 3900 θανατώσουσι,

2157 3833 2324 3895 vobis
2352 3834 2644 3904 occident,
2680 3852 2895 3912 corpus
2925 3832 3080 3906 dico,
3107 3830 3335 3892 animas
3357 3838 3552 3890 autem
3578 3836 3804 3888 vestras

424 3929 484 3981 τὸ
533 3926 689 3999 σῶμά
753 3948 915 4004 φημι,
945 3926 1040 3989 τάς
1070 3923 1122 3980 δὲ
1155 3927 1334 4004 ψυχάς
1365 3927 1514 4000 ὑμῶν
1544 3928 1814 3996 κτήσασθε
1867 3926 1948 3983 διὰ
1977 3915 2060 3992 τῆξ

2161 3922 2541 4000 possidebitis
2574 3942 2679 4003 per
2714 3921 3050 4003 patientiam
3081 3943 3094 3983 :
3129 3921 3282 4001 quod
3319 3929 3373 3980 et
3405 3916 3547 3978 alibi
3603 3915 3748 3977 dicit
3783 3933 3797 3978 :

423 4017 722 4089 ὑπομονῆςο
800 4014 824 4070 ὅ
879 4015 967 4071 καὶ
1019 4013 1264 4094 ἀλλαχοῦ
1320 4035 1474 4094 φησιο
1537 4016 1624 4082 Μὴ
1679 4013 1925 4096 φοϐεῖσθε
1971 4017 2060 4073 ἀπε

2159 4009 2243 4072 Ne
2277 4012 2532 4074 timeatis
2560 4013 2632 4072 ab
2675 4012 2766 4072 his
2812 4013 2908 4092 qui
2945 4010 3226 4073 occidunt
3257 4025 3494 4087 corpus,
3545 4004 3801 4067 animam

427 4111 532 4160 τῶν
603 4103 1002 4160 ἀποκτενόντων
1071 4105 1133 4158 τὸ
1163 4109 1340 4178 σῶμα,
1376 4105 1472 4172 τὴν
1499 4102 1552 4159 δὲ
1580 4105 1766 4184 ψυχὴν
1807 4105 1885 4180 μὴ
1917 4103 2060 4160 δυνα·

2160 4109 2356 4160 autem
2389 4101 2668 4162 occidere
2691 4121 2806 4162 non
2838 4107 3133 4179 poterunt.

431 4191 605 4267 μένων
635 4193 949 4248 ἀποκτεῖναι
960 4239 974 4254 ,

514 4303 538 4336 ε
578 4272 760 4338 ’Ὅταν
789 4277 842 4336 δὲ
873 4278 1028 4346 ’ἴδητε
1057 4279 1422 4352 κυκλουμένην
1455 4282 1549 4346 τὴν
1584 4273 1932 4361 Ἰερουσαλὴμ
1974 4285 2060 4339 ζιπῖ

2246 4279 2530 4340 νι·;1⁷ι3.2οο
2551 4279 2622 4340 ⁸27
2639 4327 2651 4341 .
2691 4306 2712 4333 ιι
2754 4279 2896 4340 Cum
2929 4288 3124 4339 autem
3156 4275 3418 4337 videritis
3450 4270 3806 4335 circumdari

428 4376 533 4426 τῶν
592 4368 978 4448 στρατοπέδων,
1031 4391 1146 4424 τοτε
1206 4375 1397 4447 γνῶτε,
1468 4370 1546 4426 ὅτι
1607 4371 1832 4450 ἤγγικεν
1874 4374 1908 4440 ἡ
1941 4373 2060 4449 ἐρη-

2159 4368 2230 4428 ab
2265 4367 2624 4430 exercitibus
2656 4369 3149 4441 Jerusalem,tunc
3174 4366 3383 4428 scitote
3415 4362 3572 4442 quod
3603 4361 3805 4450 immi-

429 4482 599 4534 μωσις
659 4463 845 4525 αὐτῆς.
901 4459 1030 4516 Τότε
1085 4461 1129 4513 οἷ
1176 4459 1226 4512 ἐν
1270 4465 1334 4533 τῇ
1368 4457 1592 4532 Ἰουδαίᾳ
1636 4461 1971 4540 φευγέτωσαν
2002 4465 2060 4518 εἰς

2162 4457 2603 4519 neatdesolatio
2629 4457 2950 4538 ejus.Tunc
2979 4457 3074 4538 qui
3099 4457 3157 4516 iu
3181 4455 3374 4517 Judca
3396 4460 3556 4530 sunt,
3588 4449 3809 4528 fugiant

431 4552 494 4607 τὰ
542 4547 666 4628 ὅρη,
724 4549 811 4604 καὶ
853 4551 897 4603 οἱ
928 4547 981 4602 ἐν
1013 4547 1160 4620 μέσῳ
1206 4550 1389 4618 αζτῆς,
1425 4547 1854 4629 ἐκχωρείτωσαν.
1905 4552 2001 4608 Καὶ
2030 4573 2058 4606 ο

2159 4550 2231 4607 ad
2267 4556 2498 4608 montes
2533 4564 2546 4607 :
2585 4555 2643 4607 et
2673 4545 2860 4626 quiin
2904 4546 3095 4606 medio
3163 4545 3312 4623 eius,
3369 4541 3715 4629 discedant:
3752 4545 3811 4629 et

430 4639 484 4695 ἰν
531 4653 654 4701 ταῖς
711 4638 937 4716 χώραις,
1003 4637 1080 4710 μὴ
1149 4637 1566 4717 εἰσερχέσθωσαν
1630 4641 1702 4703 εἰς
1751 4639 1936 4714 αὐτὴν,
1997 4640 2056 4695 ὅτ

2162 4636 2258 4716 qui
2292 4636 2351 4696 in
2385 4635 2882 4713 regionibus,non
2914 4635 3138 4695 intrent
3168 4635 3225 4694 in
3244 4629 3547 4711 e:un,quia
3564 4626 3693 4688 dies
3715 4627 3808 4687 ul-

433 4728 623 4803 ἡμέραι
717 4725 1037 4795 ἐκδικήσεως
1139 4726 1289 4782 αὗταί
1380 4731 1502 4807 εἱσι,
1584 4737 1676 4785 τοῦ
1733 4728 2056 4806 πληρωθῆνα

2165 4725 2335 4786 tionis
2367 4724 2426 4784 hi
2453 4733 2612 4796 sunt,
2647 4732 2709 4784 ut
2753 4723 3108 4804 impleantur
3155 4721 3352 4781 omnia
3401 4737 3532 4799 quae
3595 4717 3813 4807 scripta

433 4818 602 4876 πάντα
651 4817 718 4870 τὰ
773 4815 1137 4891 γεγραμμένα,
1197 4817 1324 4871 υῦαὶ
1355 4805 1562 4879 τιῖςνέν
1593 4820 1777 4895 γαστρὶ
1799 4805 2060 4897 ἐχούσαις

2162 4822 2319 4874 sunt.
2357 4812 2457 4875 Vae
2481 4821 2678 4874 autem
2705 4813 3231 4892 praegnantibus,et
3268 4827 3522 4869 mamma
3540 4805 3810 4866 nutrien-

436 4906 522 4960 καὶ
576 4917 697 4966 ταῖς
771 4901 1125 4974 θηλαζούσαις
1158 4903 1210 4958 ἐν
1255 4905 1474 4969 ἐκείναις
1505 4919 1624 4968 ταῖς
1653 4906 1898 4983 ὴμέραις,
1933 4906 2076 4963 ἔσται

431 4993 531 5070 γὰρ
615 4991 822 5069 ἀνάγκη
881 4991 1088 5067 μεγάλη
1143 4991 1226 5047 ἐπὶ
1275 4998 1373 5058 τῆς
1444 4999 1572 5070 γῆς,
1616 4996 1704 5050 καὶ
1747 4996 1878 5074 ὀργὴ
1923 4995 1975 5050 ἐν
2006 5002 2081 5067 τῷ

433 5080 547 5156 λαῷ
607 5079 801 5152 τούτῳ,
853 5080 942 5135 καὶ
999 5099 1279 5134 πεσουεεται
1344 5083 1568 5154 στόματι
1641 5085 1939 5162 μαχαίρας,
1996 5085 2082 5138 καὶ

433 5167 1024 5250 αἰχμαλωτισθήσονται
1084 5169 1157 5230 εἰς
1215 5169 1386 5224 πάντα
1444 5171 1510 5225 τὰ
1568 5170 1714 5246 ἔθνη,
1747 5174 1834 5228 καὶ
1891 5162 2077 5249 Ἰερου-

433 5257 613 5330 σαλὴμ
683 5257 828 5313 ἔοναι
861 5255 1170 5330 πατουμένη
1201 5257 1302 5312 ὑπὸ
1358 5260 1546 5334 ὶθνῶν,
1587 5258 1714 5340 ἄχρι
1765 5259 2082 5338 πληρωθῶσι

431 5349 601 5426 καιροὶ
629 5349 820 5406 ἐθ-ιὼν.
871 5347 965 5404 Καὶ
1011 5344 1156 5400 ἔσται
1189 5359 1394 5419 σημεῖα
1436 5349 1493 5402 ἒν
1525 5347 1682 5423 ἡλίῳ,
1728 5351 1814 5405 καὶ
1856 5348 2081 5426 σελήνῃ,

431 5437 518 5492 καὶ
571 5431 805 5509 ἄστροις,
879 5434 966 5488 καὶ
1017 5431 1103 5487 ἐπὶ
1160 5436 1258 5498 τῆς
1319 5435 1420 5509 γῆς
1497 5437 1703 5515 συνοχῆ
1762 5435 1944 5506 ἐθνῶν,
2033 5437 2086 5492 ἐν

433 5526 624 5602 ἀπορίᾳ
668 5523 914 5601 ἠχούσης
971 5519 1266 5601 θαλάσσης,
1335 5525 1420 5578 καὶ
1471 5523 1656 5598 σλλου,
1690 5525 2085 5606 ἀποψυχόντων

510 5685 556 5730 ¹¹
593 5682 748 5748 Psal.
781 5698 904 5755 Liv,
936 5679 1028 5760 l3,
1068 5680 1166 5743 14.
1254 5675 1306 5721 ¹²
1334 5679 1489 5748 Psal.
1523 5700 1621 5759 XL,
1665 5683 1758 5748 10.

2165 4903 2326 4965 libus
2358 4903 2417 4963 in
2442 4902 2790 4964 illisdiebus
2825 4900 2946 4962 Erit
2967 4899 3378 4961 enimamictio
3401 4913 3614 4973 magna
3632 4911 3814 4973 super

2167 5005 2386 5054 terram
2423 5001 2480 5053 et
2505 4992 2591 5052 ira
2619 4992 2673 5051 in
2697 4991 2908 5068 populo
2939 4993 3142 5059 hoc,et
3171 4987 3381 5049 cadent
3409 4987 3466 5046 in
3485 5002 3592 5045 ore
3610 4981 3812 5061 gladii,

2167 5090 2226 5142 et
2253 5082 2468 5161 captivi
2498 5081 2792 5142 ducentur
2816 5079 2871 5138 iu
2900 5075 3109 5139 omnes
3135 5087 3364 5156 gentes,
3401 5083 3458 5135 et
3485 5071 3814 5134 Jesusalem

2167 5170 2494 5232 calcahitur
2519 5189 2550 5230 a
2572 5170 2871 5250 gentibus,
2905 5169 3095 5228 donec
3148 5167 3506 5244 impleantur
3549 5171 3819 5240 tempora

2168 5261 2451 5337 gentium.
2490 5260 2616 5318 46!
2653 5258 2720 5320 Et
2760 5267 2932 5319 erunt
2974 5257 3139 5333 signa
3185 5256 3242 5314 in
3271 5254 3422 5332 sole,
3456 5259 3513 5312 et
3557 5250 3720 5322 luna,
3758 5258 3818 5308 et

2169 5349 2382 5428 stellis,
2417 5357 2474 5410 et
2507 5351 2562 5409 in
2587 5348 2756 5408 terris
2781 5348 3046 5408 anxietas
3076 5346 3336 5422 gentium
3375 5359 3478 5421 per
3524 5341 3812 5420 despera-

2170 5438 2418 5508 tionem,
2452 5445 2766 5498 resonante
2801 5437 2944 5496 mari
2973 5443 3034 5495 et
3058 5437 3259 5496 ﬂuctu.
3296 5428 3817 5492 extabescentibus

2171 5526 2511 5589 hominibus
2536 5526 2971 5606 prmtimore,et
2997 5523 3431 5604 exspectatione
3464 5537 3667 5581 eorum
3687 5536 3820 5600 quae
