4116 6212
433 330 572 395 1061

1151 328 1588 393 ENARRATIO
1648 276 1727 393 2.x
1776 276 2283 393 AEVNGEbIUi-t
2334 288 2566 388 uvida.
2622 361 2683 368 -
2737 330 2899 389 CAP.
2951 327 3139 390 XXII.

3666 335 3816 399 106‘2

433 470 629 545 ρεσθαι,
684 457 721 492 1'
730 475 821 524 Οτι
879 466 978 544 γὰρ
1021 463 1170 539 ὀλίγα
1221 465 1380 525 εἶπεν
1436 467 1481 522 οἷ
1570 464 1934 543 εῦαγγελισταὶ
1993 462 2067 537 (οἱ

2159 456 2302 519 Nam
2338 479 2521 539 pauca
2554 461 2829 521 dixerunt
2862 463 3457 546 evangelislazmeque
3489 472 3810 534 ostendere

430 558 529 635 γὰρ
610 553 987 612 ἐπιδείκνυσθαι
1044 552 1282 634 ἤθελον),
1342 552 1504 621 δῆλον
1560 554 1655 630 μὲν
1711 556 1799 610 καὶ
1856 552 2073 609 ἂλλοθεν

432 644 791 724 πολλαχόθεν,
851 643 955 724 οὐχ
1010 642 1202 710 ἥκιστα
1259 641 1312 698 δὲ
1376 644 1464 699 καὶ
1517 645 1877 722 τεκμήρασθαι
1934 642 2074 698 ’ἐστιν

657 782 672 813 ,
718 746 861 811 τρεῖς
890 732 1151 797 ἐνιαυτοὺς
1178 732 1372 812 σχεδὸν
1421 733 1769 810 κηρύττοντος
1814 731 1906 787 τοῦ
1963 742 2071 789 Κυ-

433 824 563 903 ρίου,
624 821 805 900 ὀλίγας
883 820 1217 887 διδασκαλίας
1283 824 1439 878 αὒτοῦ
1522 822 1947 902 ἀναγράψασθαι·
2006 820 2066 884 ἃς

432 910 547 968 οῦδὲ
602 918 727 986 μιᾶς
776 911 977 989 ¹ὴμέρας
1037 908 1260 975 διάλεξιν
1312 912 1472 966 εἰπὼν
1502 933 1581 975 τις
1629 912 1839 984 ἱκανὴν,
1886 915 2062 989 οἶμαι,

430 1005 489 1060 οῦ
547 1001 937 1080 μεμφθήσεται,
998 997 1093 1056 Ἐκ
1123 998 1337 1055 πολλῶν
1381 999 1467 1056 οὖν
1497 999 1648 1077 ὀλίγα
1706 999 2069 1077 ἀνεγράψαντο

429 1092 563 1165 ἡμῖν
648 1092 694 1145 οἱ
748 1088 887 1166 ἅγιοι
918 1087 1307 1166 εὖαγγελισταὶ,
1369 1088 1491 1145 ὅσον
1523 1090 1683 1163 μόνον
1708 1097 1875 1165 γεῦμα
1905 1110 2060 1158 παρε-

431 1178 656 1259 χόμενοι
726 1184 825 1245 τῆς
891 1177 1238 1254 γλυκύτητος.
1280 1176 1558 1257 Διελέγετο
1593 1177 1703 1257 [δὲ]
1747 1184 1805 1238 οῦ
1852 1199 2068 1254 μονοει-

429 1266 555 1341 δῶς,
615 1266 731 1323 ἄλλ’
803 1268 1009 1340 ἑκάστῳ
1081 1270 1140 1322 τὸ
1193 1267 1489 1346 πρόσφορον
1522 1267 1605 1322 ἐπὶ
1662 1268 1788 1330 θείς.
1844 1271 1934 1322 Διὸ
1986 1267 2072 1323 καὶ

429 1360 457 1413 6
513 1356 677 1437 ὄχλος
723 1356 935 1435 ὤρθριζε
994 1359 1123 1435 πρὸς
1193 1358 1370 1413 αύτόν·
1432 1358 1593 1436 χάρις
1637 1359 1737 1435 γὰρ
1792 1355 2071 1435 ἐξεκέχυτο

426 1461 547 1511 τοῖς
604 1445 839 1525 χείλεσιν
898 1446 1080 1504 αὒτοῦ.
1144 1448 1339 1507 Νυκτὸς
1403 1444 1457 1501 δὲ
1516 1446 1779 1525 ἀνεχώρει
1810 1447 1940 1524 πρὸς
2012 1447 2071 1501 τὸ

428 1534 571 1614 ὅρος,
626 1533 873 1590 δεικνύων
926 1536 1087 1608 ἡμῖν,
1161 1533 1240 1590 ὅτι
1311 1532 1394 1590 δεῖ
1444 1536 1630 1596 νυκτὸς
1703 1534 1798 1609 μὲν
1841 1532 1923 1589 διὰ
1969 1539 2067 1600 τῆς

424 1626 653 1704 ἡσυχίας
707 1631 784 1698 τῷ
855 1631 972 1698 Θεῴ
1039 1623 1275 1699 ὁμιλεῖν,
1308 1624 1510 1702 ἡμέρας
1543 1622 1597 1679 δὲ
1628 1622 1710 1679 διὰ
1739 1630 1837 1691 τῆς
1866 1647 2068 1702 συγκα-

425 1710 695 1775 ταϐάσεως
749 1714 868 1777 τοὺς
966 1713 1268 1791 ανθρώπους
1361 1711 1612 1793 ὠφελεῖν,
1672 1715 1757 1769 καὶ
1829 1713 2070 1791 συνάγειν

432 734 536 789 ἀπὸ
560 741 650 789 τοῦ

2161 549 2562 628 νυΙυθτιιιιι,θι
2587 551 2961 613 manifestum
2982 553 3220 633 quidem
3242 557 3581 621 estaliunde
3606 563 3807 623 multis

2159 656 2231 698 ex
2266 639 2431 712 locis,
2454 647 2512 697 et
2533 658 2598 699 ex
2630 639 2738 700 hoc
2767 659 2883 700 non
2918 660 3120 721 parum
3157 644 3421 707 divinare
3470 668 3801 727 possumus,

2158 744 2289 786 cum
2312 725 2596 787 Dominus
2611 727 2799 787 ferme
2828 747 2932 807 per
2951 729 3268 791 triennium
3300 725 3744 818 prmdicarit,sc:
3762 725 3806 800 i-

2159 815 2345 895 psisse
2380 815 2513 876 illos
2538 834 2752 894 paucas
2772 818 3252 898 doctrinas,quas
3271 821 3421 882 intra
3445 824 3602 885 diem
3622 815 3801 889 unum

2152 905 2199 962 si
2236 904 2362 983 quis
2393 904 2606 965 dixerit
2635 904 2749 965 dici
2781 923 3103 984 possmnen
3132 911 3658 987 reprehendendus
3681 918 3803 978 fue-

2154 991 2249 1054 rit.
2302 990 2381 1053 Ex
2445 992 2639 1054 multis
2711 993 2888 1072 igitur
2964 1013 3148 1073 pauca
3206 998 3373 1058 nobis
3442 1003 3806 1080 scripserunt

2152 1082 2335 1142 sancti
2378 1083 2775 1160 evangelistaz.
2823 1092 3052 1160 gustum
3106 1087 3421 1164 quemdam
3469 1092 3801 1158 dulcedinis

2156 1169 2514 1249 praebentes.
2555 1170 2893 1255 Discerebat
2940 1186 3135 1234 autem
3182 1192 3300 1234 non
3334 1176 3504 1238 unius
3534 1185 3798 1257 generis,

2155 1259 2257 1320 sed
2294 1260 2615 1340 unicuique
2651 1260 2930 1321 idenenm
2952 1281 3289 1323 sermonem
3317 1267 3639 1340 referebat.
3667 1272 3799 1335 ideo

2156 1357 2217 1408 et
2253 1348 2422 1409 turba
2452 1349 2710 1409 diluculo
2742 1349 3007 1411 veniebat
3029 1354 3097 1410 ad
3139 1354 3502 1415 eum.Gratia
3526 1357 3683 1417 enim
3710 1360 3799 1419 ef-

2156 1438 2374 1499 ﬂiiebat
2399 1456 2464 1498 ex
2500 1438 2674 1498 labiis
2694 1438 3030 1517 ejus.Nocte
3052 1459 3186 1499 vero
3206 1444 3524 1505 secellebat
3545 1448 3615 1506 ad
3638 1468 3802 1510 mon-

2156 1534 2643 1606 tem,monstrnns
2684 1528 2851 1587 nobis
2882 1529 3037 1607 quod
3071 1538 3334 1608 oporteat
3369 1537 3794 1615 uoctequidem

2157 1634 2259 1695 per
2318 1616 2573 1695 quietem
2635 1616 2890 1696 colloqui
2952 1635 3084 1677 cum
3136 1621 3400 1695 l)eo,die
3430 1630 3628 1685 autem
3664 1645 3794 1687 mo-

2156 1722 2280 1764 rem
2314 1722 2544 1781 gerere,
2576 1714 2633 1765 et
2666 1706 2948 1784 prodesse
2991 1706 3353 1782 hominibus,
3381 1724 3433 1770 et
3463 1730 3793 1792 congrega-

427 1803 524 1876 μὲν
584 1804 791 1874 νυκτὸς,
867 1800 1146 1857 διαδιδόναι
1176 1800 1229 1857 δὲ
1258 1803 1322 1862 τὰ
1354 1802 1654 1880 συνηγμένα
1697 1801 1921 1881 ἡμέρας.
1958 1803 2065 1857 Αύ-

2157 1811 2216 1853 re
2234 1794 2471 1872 quidem
2500 1804 2692 1867 nocte,
2717 1794 2812 1881 die
2834 1803 3025 1854 autem
3044 1795 3399 1858 distribuere
3418 1813 3791 1881 congregata.

426 1893 513 1956 τὸς
568 1890 662 1965 μὲν
721 1890 808 1946 οὖν
877 1894 970 1949 οῦκ
997 1889 1168 1947 ἐδεῖτο
1199 1892 1528 1970 προσευχῆς,
1562 1891 1597 1958 ἢ
1650 1893 1781 1970 πρὸς
1813 1894 1941 1946 Θεὸν
1971 1913 2067 1946 συ-

428 1984 697 2058 ναγωγῆς’
762 1980 821 2035 οὔ
850 1980 974 2057 γὰρ,
1046 1979 1204 2058 εἶχεν
1261 1981 1333 2043 εἷς
1377 1978 1411 2035 ὅ
1446 2000 1495 2035 τι
1527 1979 1760 2048 συσταλῆ
1813 1982 1964 2043 αὖτὸς
1996 1978 2070 2035 ὤν

429 2070 582 2134 Θεός.
647 2059 810 2143 Ἠμῖν
891 2066 945 2123 δὲ
1002 2070 1163 2124 ταῦτα
1222 2071 1353 2148 πρὸς
1427 2069 1761 2126 ὑποτύπωσιν
1818 2070 2065 2143 τέθεικεν,

430 2162 520 2215 ἵνα
588 2158 723 2214 κατὰ
792 2158 859 2213 τὰ
907 2155 1105 2235 φρέατα
1156 2160 1338 2219 νυκτὸς
1402 2159 1500 2233 μὲν
1556 2156 1837 2238 δεχώμεθα
1879 2159 1978 2213 τὴν
2008 2157 2068 2214 ἐκ

428 2256 531 2305 τῶν
583 2252 953 2321 πνευματικῶν
1013 2243 1219 2325 φλεϐῶν
1290 2252 1386 2315 τῆς
1441 2254 1751 2327 προσευχῆς
1803 2248 2065 2327 σύῤῥοιαν,

426 2338 626 2416 ἡμέρας
686 2334 739 2391 δὲ
811 2332 1174 2408 ἐξαντλὸμεθα
1229 2334 1311 2391 διὰ
1339 2342 1445 2391 τῶν
1494 2337 1746 2414 ὡφελείας
1779 2334 2065 2411 δεομένων.

427 2424 572 2483 Ἰδὼν
633 2424 721 2481 οὖν
776 2422 837 2479 ἂν
894 2444 975 2486 τις
1017 2424 1135 2479 τότε
1167 2426 1259 2480 τὸν
1290 2424 1418 2480 λαὸν
1451 2426 1745 2503 ὁρθρίζοντα
1775 2428 1905 2504 πρὸς
1975 2427 2065 2481 τὸν

428 2513 653 2586 Ἰησοῦν,
710 2513 848 2569 ὥστε
905 2512 1113 2569 ἀκούειν
1170 2512 1349 2587 αὐτοῦ,
1426 2514 1581 2569 εἶπεν
1642 2516 1883 2592 αρμοζειν
1930 2518 2070 2587 αὐτῷ

426 2605 489 2661 τὰ
544 2605 636 2661 τοῦ
692 2599 859 2661 Δαυ³ιδ
909 2599 1107 2680 λέγειν·
1159 2624 1181 2657 ε
1224 2592 1281 2659 Ὀ
1326 2604 1475 2676 Θεὸς,
1510 2605 1537 2658 6
1590 2605 1718 2667 Θεὸς
1764 2625 1885 2679 μου,
1936 2605 2066 2681 πρὸς

429 2694 487 2751 σὲ
531 2693 734 2772 ὀρθίζω·
764 2688 981 2766 ἐδίψησε
1024 2712 1080 2746 σε
1110 2692 1144 2759 ἡ
1175 2693 1330 2771 ψυχή
1362 2714 1486 2768 μου.
1522 2712 1551 2749 ι

1045 2786 1273 2837 ΚΕΦΑΛ
1319 2779 1425 2837 ΚΒ¹
1440 2828 1453 2842 ,

431 2872 551 2951 Περὶ
619 2877 711 2926 τοῦ
766 2868 984 2947 Πάσχα.
1042 2870 1165 2946 Περὶ
1234 2870 1340 2925 τῶν
1426 2867 1933 2949 φιλονεικησάντων,
1986 2869 2063 2933 τίς

507 2947 720 3026 μείζων.
782 2950 902 3026 Περὶ
971 2948 1068 3016 τῆς
1123 2947 1449 3018 ἐξαιτήσεως
1507 2959 1599 3008 τοῦ
1656 2956 1885 3007 Σατανᾶ.
1944 2951 2065 3027 Περὶ

506 3037 603 3097 τῆς
635 3028 950 3103 συλλήψεως
994 3035 1085 3084 τοῦ
1144 3035 1388 3105 Χριστοῦ·
1445 3031 1567 3107 Περὶ
1622 3032 1719 3097 τῆς
1770 3030 2064 3106 ἀπαγωγῆς

506 3119 597 3169 τοῦ
627 3110 802 3176 Ἰησοῦ
830 3110 959 3187 πρὸς
1006 3108 1288 3187 ἀρχιερέα.

508 3190 740 3276 ’Ἠγγιζε
814 3194 868 3251 δὲ
928 3198 962 3264 ἡ
1008 3196 1165 3273 ἑορτὴ
1220 3200 1327 3251 τῶν
1399 3196 1639 3270 Ἀζύμων
1709 3198 1744 3264 ἡ
1810 3195 2066 3273 λεγομένη

2153 1879 2285 1959 Ipse
2314 1889 2510 1941 autem
2540 1900 2652 1941 non
2688 1880 2939 1941 habebat
2970 1901 3115 1961 opus
3147 1885 3529 1958 oratione,vel
3554 1879 3798 1950 conver-

2153 1969 2386 2030 satione
2413 1989 2543 2030 cum
2580 1969 2719 2031 Deo.
2760 1972 2886 2031 Non
2921 1970 3078 2030 enim
3107 1974 3322 2034 eratad
3352 1994 3524 2054 quem
3559 1996 3621 2037 se
3640 1997 3791 2038 eon-

2152 2059 2308 2120 ferre
2343 2068 2590 2139 poterat,
2626 2078 2757 2120 cum
2802 2058 2927 2139 ipse
2970 2070 3124 2121 esset
3158 2063 3334 2125 Deus.
3386 2066 3575 2126 Nobis’
3597 2076 3792 2127 autem

2153 2147 2277 2208 haec
2307 2148 2379 2207 ad
2412 2149 2655 2226 ﬁguram
2712 2148 2963 2228 praetulit
2996 2169 3009 2211 :
3048 2156 3105 2208 ut
3138 2151 3290 2228 apud
3353 2150 3574 2214 ﬂuenta
3622 2167 3794 2217 nocte

2151 2236 2388 2316 quidem
2416 2236 2776 2315 accipiamus
2799 2236 3083 2298 orationis
3116 2238 3334 2300 ﬂuxum
3370 2260 3439 2302 ex
3468 2243 3794 2321 spirituali-

2154 2325 2260 2385 bus
2290 2326 2478 2400 venis,
2519 2326 2615 2386 die
2665 2334 2859 2387 autem
2894 2328 3262 2388 ell‘undamus
3296 2330 3501 2390 hausta
3557 2332 3649 2394 his
3695 2336 3798 2412 qui

2150 2432 2296 2493 Opus
2326 2415 2540 2475 habent
2583 2413 2657 2475 At
2680 2414 2727 2474 si
2759 2416 2889 2495 quis
2929 2416 3172 2477 vidisset
3197 2419 3473 2498 populum
3512 2421 3588 2481 ita
3620 2441 3793 2484 mane

2150 2503 2219 2562 ad
2244 2503 2603 2563 audiendum
2633 2506 3052 2579 conﬂuentem,
3096 2505 3323 2568 diceret
3370 2526 3700 2589 congruere
3739 2514 3792 2575 ei

2152 2591 2290 2652 illud
2328 2591 2598 2655 Davidis:
2643 2618 2659 2647 ι
2689 2593 2845 2655 Deus
2870 2593 3021 2655 Deus
3046 2614 3233 2668 meus,
3265 2598 3335 2657 ad
3359 2608 3414 2658 te
3444 2599 3518 2659 de
3543 2600 3675 2662 luce
3703 2602 3792 2662 vi—

2146 2682 2284 2759 gilo.
2316 2680 2505 2743 Sitivit
2537 2682 2596 2743 in
2630 2691 2685 2743 te
2715 2683 2914 2743 anima
2947 2702 3078 2744 mea
3111 2685 3183 2746 ‘5.
3208 2709 3233 2739 ι

2742 2775 2981 2839 CAPUT
3023 2774 3204 2840 XXII.

2150 2866 2234 2926 De
2268 2866 2524 2957 Pascha.
2562 2867 2641 2928 De
2669 2870 3038 2957 rimantibus.
3065 2873 3463 2957 guis-maior.
3512 2877 3605 2957 De
3654 2894 3794 2957 que-

2229 2946 2651 3031 rela_SaAlenaz.
2689 2948 2774 3008 De
2808 2952 3337 3031 comprehensione
3370 2946 3794 3031 C/zristi.Quo-

2232 3027 2713 3121 modophristm
2742 3028 2821 3090 ad
2848 3030 3183 3109 principem
3221 3032 3597 3096 sacerdotum
3641 3027 3791 3098 (iuc-

2229 3113 2575 3250 tVugnssfti—ﬁ.
2612 3213 2639 3243 α
2667 3186 3135 3250 lnstabatautem
3168 3189 3300 3250 dies
3330 3190 3512 3253 festus
3535 3196 3790 3276 Azymo-

426 3290 637 3369 πάσχα·
703 3286 791 3343 καὶ
821 3282 1034 3355 ἐξήτουν
1079 3286 1126 3341 οἱ
1156 3285 1451 3364 ἀρχιερεῖς,
1484 3286 1571 3341 καὶ
1624 3286 1669 3341 οἱ
1701 3291 2065 3362 Γραμματετς,

2157 3291 2275 3337 rum
2320 3276 2421 3355 qui
2473 3277 2709 3369 dicitur,
2738 3279 2980 3369 pasrha,
3017 3286 3075 3339 et
3104 3279 3449 3359 quaerebant
3493 3283 3794 3365 principes

424 3380 485 3435 τὸ
541 3382 657 3439 πῶς
704 3373 959 3431 ἀνέλωσιν
1019 3373 1197 3432 αὐτόν’
1254 3371 1533 3452 ἐφοϐοῦντο
1586 3375 1685 3453 γὰρ
1740 3376 1830 3430 τὸν
1911 3373 2063 3432 λαον.

429 3464 649 3533 Εἱσῆλθε
703 3462 758 3519 δὲ
828 3464 856 3518 6
925 3467 1167 3526 Σατανᾶς
1198 3462 1272 3524 εἷς
1303 3459 1501 3519 Ἰούδαν
1530 3464 1620 3518 τὸν
1648 3462 2063 3538 ἐπικαλούμενον

427 3552 799 3633 Ἰσκαριώτην,
860 3549 984 3607 ὄντα
1038 3554 1100 3607 εκ
1168 3557 1260 3606 τοῦ
1334 3550 1551 3630 ἀριθμοῦ
1572 3551 1676 3609 τῶν
1709 3549 1929 3611 δώδεκα.
1969 3553 2066 3610 Καὶ

427 3642 665 3700 ἀπελθὼν
724 3639 1047 3707 συνελάλησε
1095 3653 1213 3703 τοῖς
1273 3639 1596 3719 ἀρχιερεῦσι,
1681 3642 1768 3697 καὶ
1825 3663 2066 3720 στρατη-

425 3745 573 3810 γοῖς,
631 3732 692 3787 τὸ
749 3732 863 3793 πῶς
920 3730 1075 3785 αὐτὸν
1128 3726 1427 3808 παραῖώσει
1485 3733 1691 3794 αὐτοῖς.
1730 3732 1825 3787 Καὶ
1856 3730 2067 3809 ἐχάρη-

426 3846 543 3902 σαν,
605 3822 693 3876 καὶ
755 3818 1022 3875 συνέθεντο
1077 3818 1218 3892 αῦτῷ
1274 3818 1523 3896 ἀργύριον
1576 3817 1772 3880 δοῦναι.
1839 3821 1935 3877 Καὶ
1978 3818 2067 3885 ἒξ-

424 3909 767 3989 ωμολόγησε,
827 3909 918 3965 καὶ
1002 3907 1175 3978 ἐζήτει
1238 3904 1498 3987 εὐκαιρίαν
1570 3908 1662 3965 τοῦ
1751 3908 2067 3983 παραδοῦναι

426 4002 579 4057 αὖτὸν
629 4000 811 4063 αὒτοῖς
870 3996 993 4076 ἄτερ
1074 3995 1265 4076 ὄχλου.
1346 4018 1363 4052 l
1438 3998 1682 4068 Ἐζήτουν
1747 3999 1844 4063 μὲν
1914 3999 2069 4054 αὐτὸν

420 4090 630 4146 ἀνελεῖν
698 4090 745 4144 οἱ
816 4092 1178 4165 Γραμματεϊς’
1213 4085 1325 4141 ἐπεὶ
1356 4082 1410 4140 δὲ
1438 4088 1465 4141 6
1508 4088 1689 4165 καιρὸς
1733 4093 1826 4143 τοῦ
1880 4087 2068 4165 πάσχα

424 4179 749 4257 ἐφειστήκει,
809 4177 896 4231 καὶ
944 4172 1175 4231 κίνδυνον
1246 4174 1423 4253 ἐώρων
1483 4174 1543 4230 ἔκ
1624 4178 1808 4232 τούτου
1884 4177 2069 4231 αῦτοῖς

424 4268 529 4323 ἀπὸ
581 4274 671 4323 τοῦ
741 4269 869 4321 λαοῦ
914 4263 1288 4343 συνογομένου,
1320 4261 1552 4337 μάλιστα
1582 4262 1665 4319 διὰ
1708 4265 1807 4331 τὴν
1858 4264 2065 4341 ἑορτὴν,

424 4355 640 4426 ἱζήτουν
701 4352 889 4411 λοιπὸν
950 4349 1188 4427 μέθοδον,
1264 4357 1378 4413 πῶς

2148 3365 2519 3427 sacerdotum
2544 3374 2602 3427 et
2626 3364 2848 3428 Scribze
2876 3369 3174 3448 quomodo
3200 3387 3335 3430 eum
3361 3364 3791 3437 interﬁcerent.

2148 3453 2465 3515 Timebant
2493 3459 2650 3516 enim
2682 3456 3193 3536 plebem.lntravit
3222 3469 3419 3520 autem
3453 3463 3698 3525 Satanas
3729 3465 3788 3525 in

2147 3542 2356 3605 Judam
2392 3544 2485 3605 cui
2516 3564 2843 3621 cognomen
2899 3555 3024 3608 erat
3070 3548 3404 3629 lscariotes,
3452 3551 3552 3631 qui
3606 3563 3731 3615 erat
3760 3574 3795 3615 θ

2154 3652 2398 3695 nuner
2412 3634 3104 3716 duodecim,abiitque,et
3124 3636 3353 3698 locutus
3371 3648 3466 3699 est
3483 3658 3615 3702 cum
3641 3644 3797 3722 prin-

2150 3721 2381 3802 cipibus
2402 3726 2875 3803 sacerdotum,ac
2894 3725 3166 3804 ducibus,
3189 3721 3691 3806 quemadmodum
3718 3733 3793 3793 il-

2153 3811 2675 3875 lumtradereteis.
2708 3818 2773 3877 Et
2792 3815 2973 3891 gavisi
3002 3823 3238 3887 sunt,ac
3268 3816 3419 3892 pacti
3450 3829 3587 3879 sunt
3610 3837 3794 3898 pecu—

2152 3901 2309 3961 niam
2330 3901 2414 3961 illi
2439 3921 2501 3963 se
2518 3902 2865 3965 daturos.Et
2890 3903 2987 3964 ille
3017 3904 3357 3984 spopondit:
3376 3907 3795 3990 quaerebatque

2153 3990 2647 4069 Opportunitatem
2678 4001 2741 4052 ut
2759 3992 3017 4053 traderet
3042 3992 3207 4053 illum
3233 3993 3350 4053 illis
3371 3995 3510 4054 465
3530 3995 3660 4057 sine
3678 4006 3795 4059 tur-

2153 4082 2651 4154 ba.»Quaerebant
2679 4084 2918 4163 quidem
2945 4084 3107 4146 illum
3141 4084 3488 4148 interimere
3518 4086 3742 4151 Scribae
3775 4113 3787 4150 :

2150 4181 2207 4231 at
2237 4171 2376 4251 quia
2408 4181 2642 4251 tempus
2660 4174 2887 4253 paschae
2909 4174 3249 4247 instabat,et
3271 4173 3551 4237 videbant
3573 4176 3793 4240 sibiiu-

2151 4260 2226 4320 de
2256 4260 2583 4338 periculum
2609 4261 2927 4323 imminere
2949 4280 2983 4322 a
3015 4263 3186 4324 turba
3215 4282 3345 4343 quae
3388 4268 3795 4347 congregaba-

1465 4350 1741 4415 ἀνελόντες
1798 4353 1954 4410 αύτὸν
2012 4354 2067 4408 ού

2157 4357 2247 4409 tur
2273 4349 2526 4410 maxime
2558 4361 2801 4430 propter
2821 4350 2978 4411 diem
3012 4351 3251 4427 festum,
3284 4355 3627 4432 quwrebant
3653 4358 3798 4419 insi-

424 4418 859 4504 κινδυνεύσουσιν.
938 4418 1185 4508 ἑὶσῆλθει
1241 4439 1294 4495 δὲ
1353 4442 1380 4495 6
1437 4448 1676 4506 Σατανᾶς
1741 4443 1813 4503 εἷς
1871 4439 2067 4498 Ἰούδαν

2157 4418 2588 4517 diasquomodo
2608 4418 2916 4500 interfecto
2935 4439 3036 4501 illo
3059 4458 3176 4501 non
3196 4418 3797 4521 periclitareutur.ln-

426 4534 551 4590 ὄντα
622 4532 677 4587 ἒγ
758 4538 852 4588 τοῦ
935 4530 1156 4607 ἀριθμοῦ
1209 4534 1316 4586 τῶν
1385 4526 1609 4603 δώδεκα,
1669 4528 1927 4586 τουτέστι’
1984 4530 2067 4586 καὶ

2157 4526 2324 4587 travit
2354 4534 2549 4587 autem
2578 4526 2821 4588 Satanas
2842 4528 2902 4588 in
2924 4528 3136 4591 Judam
3161 4534 3257 4610 qui
3292 4540 3415 4591 erat
3447 4551 3601 4594 unus
3632 4553 3798 4595 enu—

426 4631 587 4680 ταῦτα
643 4621 702 4678 ἐκ
766 4626 873 4677 τῶν
930 4620 1136 4675 οἰκείων
1191 4616 1319 4674 ὄντα
1373 4619 1461 4674 καὶ
1518 4619 1748 4695 γνησίων
1796 4622 2067 4693 μαθητῶν·

2158 4633 2320 4676 mero
2360 4615 2701 4690 duodecim,
2734 4626 2977 4698 eratque
3008 4637 3079 4680 ex
3111 4619 3363 4680 maxime
3411 4620 3800 4685 familiaribus

423 4713 514 4769 ’ἕνα
572 4709 755 4787 μηδεὶς
810 4708 971 4788 θαῤῥῇ
1022 4704 1105 4788 ἐφ’
1154 4706 1344 4781 ἐαυτῷ,
1379 4706 1516 4763 ἀλλὰ
1544 4707 1770 4764 πάντοτε
1828 4708 2067 4788 προσέχῃ

2157 4704 2503 4784 discipulis:
2541 4713 2605 4765 ut
2637 4706 2834 4767 nullus
2862 4708 3543 4790 conﬁdatinseipso,sed
3561 4730 3801 4793 semper

426 4803 495 4869 τῆ
553 4802 716 4873 οἰκείᾳ
771 4805 904 4876 ζωῇ,
965 4801 1038 4861 ὡς
1096 4794 1263 4853 δεινὸν
1320 4796 1603 4853 ἀντίπαλον
1634 4797 1801 4876 ἔχων,
1837 4799 1986 4861 Τινὲς
2018 4795 2071 4853 δὲ

426 4894 508 4962 τὸ,
550 4910 580 4950 (
638 4880 814 4947 ”Οντα
898 4888 957 4945 ἐκ
1009 4894 1101 4943 τοῦ
1167 4886 1387 4965 ἀριθμοῦ
1428 4889 1533 4942 τῶν
1563 4883 1788 4965 δώδεκα,
1831 4910 1853 4943 ι
1905 4886 2069 4949 οὕτως

424 4981 673 5051 ἐνόησαν,
705 4980 817 5041 ἀντὶ
860 4984 972 5057 τοῦ,
1019 4975 1269 5055 Ἀριθμὸν
1312 4976 1474 5050 μόνον
1503 4973 1805 5055 πληρούντα
1843 4975 2070 5032 ἀποστο-

430 5065 602 5142 λικὸν,
675 5072 769 5126 οῦκ
824 5065 1119 5122 ἀπόστολον
1173 5064 1298 5121 ὄντα
1369 5063 1619 5131 ἀληθινὸν
1679 5065 1765 5119 καὶ
1797 5066 2063 5139 μαθητήν·

426 5161 540 5221 π’ὸς
597 5158 697 5237 γὰρ
751 5154 955 5223 ἀληθὴς
986 5155 1229 5230 μαθητὴς
1260 5156 1288 5209 6
1316 5152 1557 5209 κλέπτων
1586 5153 1649 5207 τὰ
1693 5155 1747 5208 εν
1776 5156 1853 5226 τῷ
1880 5151 2063 5231 γλωσ-

426 5247 643 5322 σοοιόμῳ
712 5244 1060 5322 βαλλόμενα;
1106 5241 1284 5305 Οὕτως
1328 5243 1416 5298 οῦν
1467 5239 1763 5297 εἰσελθόντα
1810 5243 1883 5303 εὶς
1914 5243 2068 5297 αὐτὸν

423 5336 514 5391 τὸν
573 5340 811 5390 Σατανᾶν
872 5331 1099 5405 ἐδέξατο,
1154 5333 1241 5389 καὶ
1297 5331 1629 5410 σννεφώνησε
1698 5343 1814 5396 τοῖς
1856 5336 2069 5400 ζητοῦσι

422 5425 515 5481 τὸν
595 5420 800 5490 Ἰησοῦν
882 5419 1220 5501 παραδοῦναιο
1309 5426 1462 5476 τοῦτο
1518 5420 1618 5497 γὰρ
1686 5420 1930 5494 σημαίνει
1980 5420 2066 5493 τὸ,

505 5582 559 5625 ¹³
584 5580 738 5645 Pal.
770 5596 914 5660 Lm,
950 5583 1005 5658 t,
1040 5580 1102 5647 2.

2154 4794 2417 4855 attendat
2442 4794 2574 4855 vita;
2593 4806 2951 4877 suae,utpoxe
2983 4816 3217 4874 gravem
3255 4798 3481 4861 habens
3513 4801 3795 4863 adversa-

2152 4882 2584 4955 rium.Quidam
2603 4892 2797 4944 autem
2816 4885 2901 4946 sic
2916 4886 3480 4959 intellexeruntzQui
3506 4899 3668 4952 erate
3692 4910 3795 4952 nu-

2154 4990 2317 5034 mero
2348 4972 3007 5043 duodecim.numerum
3047 4977 3236 5037 solum
3260 4976 3543 5058 implebat
3570 4990 3798 5059 aposto-

2150 5059 2482 5134 licum,nen
2507 5063 3802 5147 utapostolus,necutverusdiscipulus.Quo-

2151 5150 2325 5210 modo
2341 5150 2497 5212 enim
2519 5167 2692 5211 verus
2707 5151 3164 5234 discipulus,qui
3188 5154 3553 5236 furaturquaa
3574 5157 3632 5219 in
3649 5178 3806 5220 mar-

2149 5239 2379 5327 supium
2403 5239 3798 5327 mittebantur?Sicigituringredienteminipsum

2152 5324 2423 5415 Satanam
2448 5329 2733 5408 suscepit,
2761 5337 2818 5390 et
2837 5331 3197 5411 conspiravit
3236 5352 3369 5394 cum
3400 5324 3801 5415 quaerentibus

2150 5414 2352 5478 Jesum
2375 5416 2765 5482 tradere.Hoc
2788 5418 2947 5480 enim
2978 5420 3292 5500 signiﬁcat,
3311 5424 3661 5505 Spepondit,
3688 5428 3799 5490 hoc
