4116 6212
1386 228 1981 294 THEOPHYLACTI
2023 226 2434 294 BULGARI/E
2459 232 2816 297 ARCHIEP.
3406 296 3413 297 ,
3730 238 3877 303 1068

2299 388 2325 418 ι(
2378 368 2472 422 Καὶ
2522 366 2608 421 ὅτε
2653 368 2864 445 ἐγένετο
2908 372 2942 438 ἡ
2987 370 3122 451 ὥρα,
3166 372 3387 430 ἀνέπεσε
3429 391 3441 405 '
3477 376 3565 430 mi
3598 378 3649 429 οἱ
3683 373 3883 429 δώδεκα

486 224 507 291 1
520 222 636 294 067

561 364 750 430 VEBS.
778 363 994 427 14-90.
1032 387 1060 419 α
1097 365 1167 424 Ει
1195 382 1325 425 cum
1351 364 1470 440 jam
1496 372 1655 425 esset
1684 364 2124 444 tempestivum,
2151 372 2186 419 A

478 453 851 531 accubuit,ac
876 452 1193 514 duodecim
1218 453 1462 532 apostoli
1487 472 1619 514 cum
1655 453 1827 514 eo.Et
1856 454 1936 515 ait
1969 454 2069 514 illis

2218 454 2510 511 ἀπόστολοι
2542 458 2633 512 σὺν
2679 462 2845 532 αὐτῷ,
2911 462 3006 518 Καὶ
3064 462 3189 517 εἷπε
3246 464 3374 540 πρὸς
3435 464 3655 527 αὐτούς’
3726 462 3884 519 Ἐπι-

476 542 786 605 Desiderio
839 541 1169 604 desideravi
1220 543 1332 602 hoc
1365 543 1579 621 pascha
1609 543 1926 604 comedere
1958 542 2069 603 vob

2216 545 2371 618 θυμία
2414 544 2719 621 ἐπεθύμησα
2761 557 2914 607 τοῦτο
2956 552 3019 605 τὸ
3084 550 3274 629 ποίσχα
3318 565 3513 630 φαγεῖν
3560 552 3689 625 μεθ’
3737 554 3881 627 {quin

478 653 641 696 scum
675 642 992 714 antequam
1044 632 1251 713 patiar.
1304 632 1445 693 Dico
1481 632 1639 693 enim
1671 632 1855 713 vobis,
1892 633 2069 713 posth:

2212 635 2313 705 πρὸ
2370 643 2462 692 τοῦ
2521 656 2587 709 με
2645 639 2857 696 παθεῖν.
2919 638 3072 717 Λέγω
3127 640 3226 717 γὰρ
3292 642 3444 715 ὑμῖν,
3519 640 3603 696 ὅτι
3662 645 3767 698 οὒκ
3811 640 3883 695 ἔτι

476 743 593 784 non
626 724 797 786 edam
832 724 991 784 ultra
1024 742 1091 783 ex
1118 723 1423 795 eo,donec
1447 722 1821 801 compleatur
1852 723 1909 783 in
1941 741 2069 800 regr

2212 725 2270 780 οὐ
2324 723 2400 797 μὴ
2459 724 2614 802 φάγω
2670 723 2720 789 ἐξ
2769 729 2949 798 αὐτοῦ,
3010 725 3108 791 ἕως
3181 727 3305 786 ὅτου
3359 729 3623 808 πληρωθῇ
3694 730 3755 785 ἐν

414 884 421 895 Ι
474 811 600 876 Dei.
627 814 699 875 Et
728 821 974 892 accepto
1008 811 1221 892 poculo
1250 812 1466 889 gratias
1519 811 1657 889 egit,
1693 830 1759 872 ac
1789 811 1972 873 dixit:
2005 813 2124 872 Ac-

472 903 653 984 cipite
683 904 813 977 hoc,
841 912 897 963 et
919 900 1159 963 dividite
1193 901 1347 961 inter
1397 918 1519 963 vos.
1546 900 1684 960 Dico
1722 900 1876 961 enim
1934 899 2120 975 vobis,

471 994 624 1074 quod
652 1012 768 1055 non
798 992 999 1053 bibam
1030 990 1104 1051 de
1130 990 1325 1051 fructu
1347 988 1504 1059 vitis,
1531 988 1720 1051 donec
1741 1006 1985 1065 regnum
2017 986 2123 1050 Dei

474 1081 694 1144 veniat.
728 1080 799 1143 Et
820 1088 1061 1158 accepto
1097 1096 1269 1158 pane,
1306 1096 1439 1138 cum
1472 1078 1691 1155 gratias
1721 1077 1960 1155 egisset,
1995 1077 2118 1138 fre-

470 1172 570 1247 git,
626 1189 693 1233 ac
743 1170 907 1231 dedit
940 1170 1046 1243 eis,
1082 1167 1288 1228 dicens
1328 1188 1340 1225 :
1373 1165 1497 1226 Hoc
1528 1174 1619 1226 est
1648 1184 1863 1244 corpus
1895 1184 2114 1243 meum,

2206 811 2448 887 βασιλείᾳ
2492 821 2583 870 τοῦ
2627 821 2779 877 Θεοῦ.
2831 818 2927 873 Καὶ
2972 815 3249 892 δεξάμενος
3307 820 3590 897 ποτήριον,
3641 823 3873 899 εὐχαρι-

2206 903 2407 971 στήσας
2437 902 2561 959 εἶπε
2591 920 2609 939 ⁸
2651 900 2850 960 Λάϐετε
2908 914 3082 986 τοῦτο,
3118 909 3204 963 καὶ
3252 906 3590 983 διαμερίσατε
3622 909 3879 969 ἑαυτοῖς.

2207 991 2360 1069 Λέγω
2416 993 2515 1070 γὰρ
2559 994 2709 1071 ὑμῖν,
2758 992 2839 1049 ὅτι
2883 999 2941 1053 οὐ
2986 996 3063 1068 μη
3107 996 3212 1050 πίω
3255 996 3358 1051 ἀπὸ
3399 1000 3491 1053 τοῦ
3521 999 3880 1069 γεννήματος

2202 1085 2300 1147 τῆς
2330 1079 2593 1161 ἀμπέλου,
2645 1080 2745 1145 ἕως
2794 1082 2917 1141 ὅτου
2942 1085 2977 1151 ἡ
3009 1083 3251 1159 βασιλεία
3282 1092 3374 1141 τοῦ
3405 1092 3537 1142 Θεοῦ
3568 1084 3738 1160 ἔλθῃ,
3779 1089 3879 1142 Καὶ

2200 1166 2376 1224 λαϐὼν
2422 1166 2598 1245 ἄρτον,
2651 1171 3041 1249 εὐχαριστήσας
3092 1171 3304 1243 ἔκλασε,
3353 1175 3440 1228 καὶ
3502 1172 3711 1228 ἔδωκεν
3768 1176 3875 1228 αὖ·

2199 1270 2341 1328 τοῖς,
2401 1258 2571 1337 λέγων
2606 1275 2619 1288 ⁸
2655 1261 2817 1316 Τοῦτό
2853 1259 2964 1316 ἐστι
3001 1263 3061 1316 τὸ
3102 1263 3255 1337 σῶμά
3288 1283 3410 1335 μου,
3456 1264 3517 1318 τὸ
3541 1262 3681 1340 ὑπὲρ
3712 1264 3872 1336 ὑμῶν

468 1261 625 1339 quod
660 1278 764 1339 pro
798 1258 959 1319 vobis
990 1258 1178 1317 datur.
1214 1254 1342 1316 Hoc
1371 1255 1543 1315 facite
1574 1254 1633 1314 in
1669 1256 1783 1315 mei
1834 1255 2116 1316 recorda-

469 1348 715 1410 tionem.
752 1346 1035 1409 Similiter
1067 1355 1123 1405 et
1163 1344 1438 1425 poculum
1494 1352 1799 1423 postquam
1835 1344 2058 1405 cmnavi

2198 1345 2489 1422 διδόμενον,
2544 1353 2698 1403 τοῦτο
2759 1362 2965 1405 ποιεῖτε
3039 1351 3113 1413 εἷς
3168 1352 3267 1418 τὴν
3324 1351 3457 1425 ἐμὴν
3517 1352 3863 1425 ἀνάμνησιν·

462 1437 691 1500 dicens:
727 1437 848 1501 Hoc
878 1435 1152 1517 poculum
1185 1452 1397 1494 novum
1430 1432 1865 1494 Testamentum
1900 1433 1956 1492 in
1980 1451 2069 1494 sar

2191 1438 2445 1499 ὡσαύτως
2489 1438 2577 1491 καὶ
2618 1438 2679 1492 τὸ
2723 1440 2979 1517 ποτήριον
3027 1441 3163 1513 μετὰ
3193 1443 3254 1496 τὸ
3286 1438 3596 1510 δειπνῆσαι,
3642 1439 3863 1518 λέγων’

461 1529 639 1606 guine
691 1547 845 1601 meo,
882 1525 983 1605 qui
1040 1542 1144 1604 pro
1202 1522 1367 1584 vobis
1425 1521 1782 1583 effundetur.
1820 1542 1848 1580 ι
1885 1520 2067 1583 Pasch

2192 1536 2355 1583 Τουτο
2413 1527 2474 1581 τὸ
2518 1526 2771 1604 ποτήριον
2829 1529 2863 1593 ἡ
2927 1528 3093 1595 Καινὴ
3144 1531 3382 1599 Διαθήκη
3433 1528 3488 1583 ὲν
3528 1536 3608 1603 τῷ
3653 1523 3868 1597 figat!

461 1626 685 1679 stantes
719 1614 1138 1692 comedebant,
1174 1611 1475 1693 quomodo
1508 1611 1683 1689 igitur
1712 1609 1997 1671 Dominus
2018 1630 2069 1672 re

2160 1651 2169 1694 ι
2192 1636 2313 1689 μου,
2374 1616 2436 1671 το
2477 1613 2607 1691 ὑπὲρ
2637 1616 2785 1687 ὑμῶν
2836 1615 3212 1694 ἐκχυνόμενυν.
3252 1641 3279 1671 ι
3341 1620 3413 1675 T0
3444 1620 3639 1698 Πάσχα
3689 1619 3862 1674 ἱστα-

461 1708 744 1769 cumbere
784 1703 1030 1765 dicitur?
1080 1701 1290 1763 Dicunt
1334 1702 1530 1779 itaque
1581 1698 1734 1777 quod
1797 1708 2069 1779 postquar

2191 1725 2336 1778 μενοι
2394 1702 2599 1770 ἤσθιον
2648 1708 2761 1766 πῶς
2819 1703 2907 1760 οὖν
2950 1706 2977 1760 ὁ
3026 1707 3209 1784 Κύριος
3260 1706 3549 1763 ἀναπεσεῖν
3598 1706 3857 1785 λέγεται,

458 1798 713 1858 comec‘it
740 1794 931 1873 legale
975 1793 1211 1873 pascha,
1252 1788 1657 1852 recubuerunt
1689 1806 1852 1848 more
1884 1789 2069 1867 vulgat

2186 1789 2438 1869 Λέγουσιν
2488 1793 2576 1847 οὗν
2622 1788 2702 1846 ὅτι
2748 1792 2882 1865 μετὰ
2922 1793 2984 1847 τὸ
3015 1806 3208 1871 φαγεῖν
3251 1796 3313 1850 τὸ
3343 1798 3560 1869 νομικὸν
3618 1797 3850 1873 πάσχα,

459 1886 844 1947 comedentes
888 1884 1034 1943 alios
1064 1879 1347 1960 quosdam
1402 1878 1586 1940 cibos.
1622 1876 1772 1938 Dicit
1803 1885 1995 1937 autem
2028 1897 2069 1938 a.

2184 1878 2440 1936 ἀνέπεσον
2495 1878 2692 1935 λοιπὸν
2767 1887 2929 1955 κοινῷ
3000 1883 3178 1960 τρόπῳ
3218 1884 3475 1945 εσθίοντες
3531 1881 3671 1938 ἄλλα
3726 1887 3855 1939 τινὰ

454 1975 782 2054 discipulos
812 1995 824 2035 :
860 1970 1170 2034 Desiderio
1204 1968 1530 2030 desideravi
1567 1968 1680 2028 hoc
1709 1968 1923 2047 pascha
1939 1985 2069 2028 man

2181 1968 2461 2046 βρώματα.
2518 1970 2659 2034 Φησὶ
2731 1965 2786 2023 δὲ
2829 1972 2958 2046 πρὸς
3026 1973 3149 2033 τοὺς
3204 1973 3446 2047 μαθητάς
3482 1987 3495 2001 ⁸
3548 1971 3853 2048 Ἐπιθυμίᾳ

453 2062 672 2125 ducare
707 2059 1383 2139 vobiscum,priusquam
1418 2057 1622 2137 patiar;
1649 2057 1816 2137 quasi
1849 2057 2069 2119 diceret

2181 2056 2487 2133 ἐπεθύμησα
2547 2067 2703 2116 τοῦτο
2744 2060 2806 2113 τὸ
2864 2060 3053 2139 πάσχα
3122 2073 3315 2139 φαγεῖν
3373 2058 3488 2136 μεθ’
3524 2062 3675 2135 ὑμῶν
3740 2068 3853 2139 πρὸ

450 2150 587 2212 Haec
612 2161 874 2213 extrema
905 2167 1074 2210 coma
1105 2166 1236 2207 mea
1282 2155 1371 2207 est
1410 2147 1735 2219 vobiscum,
1783 2146 2006 2208 idcirco
2037 2166 2069 2210 e

2178 2152 2268 2203 τοῦ
2327 2167 2393 2221 με
2450 2147 2643 2203 παθεῖν
2680 2162 2694 2176 ⁸
2739 2170 2767 2200 ι
2801 2148 2992 2202 ὡσανεὶ
3020 2156 3172 2205 τοῦτο
3201 2147 3355 2227 ἔλεγε
3386 2166 3401 2182 ⁸
3438 2150 3602 2206 Τοῦτό
3645 2172 3749 2224 μοι
3782 2153 3850 2205 τὸ

451 2249 615 2317 grata
645 2249 704 2301 et
740 2237 1101 2311 desirabilis;
1135 2253 1268 2295 nam
1303 2234 1454 2295 ultra
1484 2234 1786 2295 vobiscum
1816 2254 1932 2297 non
1959 2254 2069 2297 sun

2174 2233 2481 2291 τελευταῖον
2532 2233 2746 2291 δεῖπνον
2792 2234 2906 2310 μεθ’
2964 2237 3111 2311 ὑμῶν
3144 2255 3160 2273 ο
3193 2238 3272 2294 διὸ
3294 2240 3381 2293 καὶ
3410 2238 3689 2315 ἀγαπητόν
3742 2262 3843 2314 μοι

448 2328 856 2389 convivaturus
886 2348 898 2389 :
935 2327 1083 2387 sicut
1111 2332 1166 2384 et
1200 2341 1443 2403 peregre
1476 2324 1795 2401 profecturi
1845 2330 2069 2402 postre.

2170 2325 2255 2380 καὶ
2310 2325 2631 2399 ἐπιθυμητὸν
2693 2323 2837 2380 ἐστιν
2874 2344 2885 2357 ⁸
2948 2324 3137 2382 ἄλλοτε
3193 2328 3293 2406 γὰρ
3351 2325 3464 2402 μεθ’
3534 2329 3682 2401 ὑμῶν
3741 2331 3842 2383 οὐκ

446 2434 541 2477 ma
566 2416 857 2497 colloquia
881 2432 1013 2477 cum
1032 2413 1283 2476 maxime
1301 2412 1688 2473 familiaribus
1707 2415 1958 2475 suaviter
1981 2418 2069 2478 mi-

2166 2411 2578 2488 ἐστιασθήσομάι
2612 2432 2624 2447 ·
2685 2412 2863 2487 ὥσπερ
2925 2417 3011 2470 καὶ
3069 2418 3115 2471 οἱ
3167 2414 3452 2491 μέλλοντες
3522 2413 3838 2491 ἀποδημή-

442 2509 745 2571 scent.Vel
774 2502 1315 2568 aliter:Desideravi
1340 2503 1449 2563 hoc
1475 2502 1693 2582 pascha
1726 2503 2069 2567 manducare

2163 2523 2295 2580 σειν,
2356 2504 2422 2558 τὰ
2472 2500 2757 2559 τελευταῖα
2813 2506 3249 2582 προσφωνήματα
3306 2518 3421 2570 τοῖς
3474 2505 3685 2566 οἰκείοις
3735 2528 3835 2579 καὶ

439 2596 769 2678 vobiscum,
814 2615 881 2657 eo
916 2592 1070 2675 quod
1113 2611 1322 2669 magna
1362 2591 1640 2671 mysteria
1669 2592 1730 2651 in
1773 2593 1879 2653 hac
1912 2594 2069 2656 vobis

2160 2594 2393 2668 γνησίοις
2451 2591 2699 2669 ἠδύτερον
2760 2593 2845 2647 καὶ
2894 2595 3256 2673 ποθεινότερον
3298 2594 3649 2673 προσάγουσι.
3700 2592 3821 2654 Καὶ

437 2702 607 2749 coena
636 2688 742 2749 sim
778 2682 1486 2762 traditurus,468nempe
1518 2699 1585 2742 ea
1616 2700 1745 2761 quw
1776 2686 2069 2746 suntNovi

2162 2677 2336 2744 ἄλλως
2386 2678 2439 2736 δέ
2473 2695 2488 2711 ⁸
2550 2680 2890 2755 Ἐπεθύμησα
2932 2692 3086 2741 τοῦτο
3130 2685 3191 2739 τὸ
3240 2685 3427 2762 πάσχα
3457 2696 3650 2763 φαγεῖν
3697 2684 3831 2757 μεθ’

437 2776 824 2838 Testamenti.
879 2773 1182 2852 Signiﬁcat
1225 2779 1417 2832 autem
1467 2788 1573 2850 per
1602 2771 1748 2850 hwc,
1784 2772 1939 2850 quod
1974 2793 2069 2835 vo-

2160 2770 2329 2845 ὑμῶν,
2388 2767 2517 2826 διότι
2571 2771 2639 2827 τὰ
2696 2768 2906 2847 μεγάλα
2965 2773 3229 2851 μυστήρια
3288 2772 3342 2828 ἐν
3398 2774 3569 2843 τούτῳ
3627 2771 3827 2847 μέλλω

435 2863 687 2927 luntarie
717 2866 985 2946 patiatur.
1024 2864 1257 2924 Poterat
1287 2860 1444 2921 enim
1486 2862 1725 2921 omnino
1768 2862 2069 2938 secedere,

2161 2857 2478 2938 παραδοῦναι
2509 2861 2660 2939 ὑμῖν,
2714 2860 2779 2917 τὰ
2832 2864 2929 2925 τῆς
2982 2863 3181 2928 Καινῆς
3216 2862 3509 2931 Διαθήκης.
3546 2862 3730 2927 Δηλοῖ
3766 2862 3825 2918 δὲ

433 2953 583 3014 sicut
613 2964 673 3017 et
703 2945 832 3016 aliis
856 2949 1241 3031 temporibus,
1269 2967 1400 3009 cum
1434 2947 1613 3009 sciret
1643 2968 1706 3010 se
1741 2968 2069 3029 passurum.

2160 2945 2243 3002 διὰ
2300 2949 2513 3023 τούτου,
2574 2947 2655 3004 ὅτι
2713 2950 2848 3004 ἑκὼν
2924 2950 3150 3029 πάσχει.
3226 2948 3384 3017 Ἐξῆν
3440 2953 3540 3028 γαρ
3599 2953 3822 3018 παντως

408 3036 600 3113 Ὀυοιι
622 3052 814 3104 autem
846 3038 1143 3112 dicit,Non
1174 3037 1369 3097 bibam
1398 3038 1797 3119 illum,donec
1826 3057 2069 3118 regnum

2160 3040 2322 3116 αὐτῷ,
2370 3036 2554 3105 ἐπειδὴ
2587 3037 2870 3116 ἐγίνωσκεν
2899 3035 2980 3093 ὅτι
3030 3037 3216 3113 μέλλει
3258 3042 3468 3109 παθεῖν,
3501 3041 3813 3119 ὑπαναχω-

432 3130 536 3191 Dei
569 3130 781 3204 veniat,
831 3128 1065 3208 quidam
1100 3134 1435 3187 sanctorum
1472 3126 1913 3201 intellexerunt,
1950 3127 2069 3190 Do-

2160 3127 2339 3205 ρῆσαι,
2413 3126 2593 3206 ὥσπερ
2650 3128 2745 3182 κάν
2802 3127 2924 3192 τοῖς
2998 3128 3268 3206 προτέροις
3322 3142 3552 3207 καιροῖς.
3601 3132 3673 3187 Τὸ
3725 3129 3813 3211 δὲ,

427 3237 540 3279 nec
573 3217 1046 3298 resurgam.Post
1064 3215 1554 3276 resurrectionem
1575 3216 1730 3276 enim
1754 3235 2069 3278 conversa-

2162 3236 2185 3271 ιι
2234 3219 2306 3274 Οὐ
2363 3217 2443 3291 μὴ
2505 3217 2610 3272 πίω
2664 3218 2812 3290 αὐτὸ,
2859 3215 2960 3281 ἕως
2998 3215 3120 3273 ὅτου
3169 3220 3203 3286 ἡ
3260 3216 3500 3294 βασιλεία
3547 3221 3641 3276 τοῦ
3672 3226 3815 3276 Θεου

430 3317 525 3368 tus
557 3316 645 3369 est
674 3328 803 3370 cum
831 3304 1229 3385 discipulis,et
1258 3303 1602 3379 comedit,et
1635 3303 1776 3365 bibit
1799 3323 1932 3366 cum
1958 3307 2063 3366 eis:

2160 3303 2305 3385 ἔλθῃ,
2345 3328 2367 3361 ιι
2430 3306 2571 3369 τινὲς
2617 3306 2723 3362 τῶν
2766 3306 2927 3384 ἁγίων
2984 3306 3234 3383 ἐνόησαν,
3281 3307 3394 3363 ἀντὶ
3434 3315 3547 3382 τοῦ,
3584 3305 3810 3389 "Amic

426 3395 579 3457 sicut
604 3405 661 3458 et
684 3400 892 3458 Petrus
922 3395 992 3455 ad
1026 3393 1362 3456 Cornelium
1390 3392 1532 3453 dicit
1566 3411 1579 3455 :
1614 3413 1640 3452 α
1667 3392 1778 3465 Qui
1810 3396 2069 3456 comedi-

2160 3396 2212 3449 οὗ
2240 3394 2473 3457 ἀναστῶ,
2533 3395 2680 3450 Μετὰ
2735 3396 2833 3473 γὰρ
2880 3395 2980 3463 τὴν
3022 3395 3309 3455 ἀνάστασιν
3365 3395 3808 3473 συναυλιζόμενος

427 3504 556 3547 mus
588 3495 644 3547 et
674 3486 931 3546 bibimus
964 3502 1092 3545 cum
1129 3502 1197 3543 co
1233 3492 1361 3561 post
1393 3483 1894 3544 resurrectionem
1922 3484 2061 3544 ω’.»

2160 3496 2268 3547 τοῖς
2327 3484 2621 3559 μαθηταῖς,
2684 3485 2772 3540 καὶ
2829 3482 3115 3563 συνέφαγε,
3157 3487 3246 3541 καὶ
3303 3484 3541 3542 συνέπιεν
3571 3485 3800 3552 αὐτοῖς·

420 3573 585 3646 Quod
619 3584 815 3637 autem
858 3591 1100 3652 regnum
1136 3571 1241 3632 Dei
1273 3571 1349 3630 sit
1373 3571 1749 3646 resurrectio,
1785 3574 2063 3634 manifes-

2160 3572 2327 3650 ὥσπερ
2370 3575 2457 3629 καὶ
2504 3574 2701 3652 Πέτρος
2746 3574 2875 3651 φησὶ
2918 3576 3048 3651 πρὸς
3095 3573 3386 3653 Κορνήλιον
3412 3590 3427 3605 ‘
3496 3598 3524 3629 α
3584 3576 3801 3641 Οἴτινες

420 3673 540 3726 tum
575 3675 683 3729 est.
722 3662 1099 3728 Resurrectio
1132 3660 1617 3722 enim-dextruxit
1652 3670 1925 3723 mortem:
1962 3682 2064 3725 re-

2160 3661 2512 3742 τυνεφάγομεν
2568 3663 2657 3718 καὶ
2713 3664 3029 3737 συνεπίομεν
3078 3665 3221 3739 αὐτῷ
3267 3666 3401 3739 μετὰ
3430 3665 3526 3732 τὴν
3555 3664 3796 3721 ἀνάστα-

415 3759 613 3833 gnavit
641 3764 835 3818 autem
867 3771 1026 3812 mors
1070 3750 1140 3811 ab
1191 3749 1385 3819 Adam
1420 3767 1604 3828 usque
1635 3749 1706 3809 ad
1740 3750 2060 3835 Christum;

2160 3773 2250 3812 rw.
2288 3773 2316 3806 »
2369 3741 2500 3808 ιὈτι
2531 3749 2586 3807 δὲ
2615 3750 2854 3827 βασιλεία
2898 3759 2990 3808 τού
3030 3756 3164 3809 Θεοῦ
3213 3756 3247 3821 ἡ
3304 3753 3606 3828 ἀνάστασις,
3652 3758 3797 3834 πρό-

415 3832 555 3906 tunc
584 3853 776 3906 autem
812 3844 1128 3919 destructa,
1150 3837 1443 3900 concessit
1475 3838 1727 3901 Domino
1758 3832 2058 3903 victoriam

2160 3838 2325 3907 ἴηλον.
2390 3832 2451 3897 Ἠ
2509 3842 2609 3920 γὰρ
2665 3841 2975 3922 ἀνάστασις,
3031 3841 3315 3908 κατάλυσις
3370 3846 3464 3899 τοῦ
3517 3832 3741 3903 θανάτου
3775 3867 3791 3880 ·

414 3941 472 3994 et
502 3952 751 4013 regnum
779 3954 790 3995 :
828 3929 1325 4012 quemadmodum
1359 3927 1580 3987 dictum
1606 3934 1728 3987 est:
1772 3927 1915 3991 «Ubi
1947 3937 2057 4011 est,

2160 3927 2443 3987 ἐϐασίλευσε
2500 3928 2554 3986 δὲ
2611 3933 2638 3987 ὁ
2691 3932 2913 3995 θάνατος
2985 3932 3090 3988 ἀπὸ
3148 3930 3319 4008 Ἀδὰμ
3373 3932 3475 3997 ἕως
3537 3941 3787 4014 Χριστοῡ’

411 4042 596 4100 mors,
638 4022 876 4085 victoria
910 4028 1006 4080 tua
1032 4017 1122 4077 16?
1154 4026 1210 4078 et
1242 4017 1420 4077 David
1458 4037 1471 4078 :
1513 4018 1830 4079 IDominus
1858 4037 2064 4098 regna-

2160 4018 2262 4075 τότε
2306 4017 2361 4075 δὲ
2419 4017 2751 4092 καταλυθεὶς,
2799 4022 3155 4101 παρεχώρησε
3206 4028 3282 4097 τῷ
3335 4023 3506 4100 Κυρίῳ
3560 4029 3659 4091 τῆς
3711 4028 3789 4081 vi-

407 4115 511 4191 vit;
548 4136 574 4171 »
613 4113 831 4174 deinde
886 4110 1285 4187 interpretans
1338 4108 1637 4201 quomodo
1686 4110 2057 4201 regnaverit;

2160 4131 2244 4176 ιης
2301 4110 2388 4165 καὶ
2443 4114 2540 4176 τῆς
2589 4108 2878 4189 βασιλείας,
2939 4110 3067 4167 καθό
3111 4110 3324 4201 εἴρηται
3358 4127 3374 4141 ⁸
3440 4136 3466 4167 ιι
3518 4120 3624 4171 Ποῦ
3669 4137 3787 4196 σου,

412 4200 980 4281 «Decorem,inquit,
1011 4197 1252 4257 indutus
1277 4195 1940 4275 est,»incorruptionem
1964 4192 2058 4261 ac:

2160 4204 2356 4280 lavate,
2386 4203 2447 4255 τὸ
2475 4212 2625 4263 νῖκος
2660 4217 2677 4278 ς
2712 4217 2741 4259 ι
2775 4202 2863 4255 καὶ
2906 4201 2933 4255 ὃ
2969 4196 3158 4281 Δαυῖδ,
3212 4220 3236 4255 α
3306 4192 3362 4259 Ὀ
3421 4202 3610 4279 Κύριος
3653 4192 3788 4261 ὲϐαέ

404 4293 662 4372 cipiente
712 4306 982 4368 corpore,
1032 4284 2050 4363 etdecoratodeitate,utIsaiasin-

2160 4286 2374 4346 τίλευσεν
2409 4304 2423 4320 ⁰
2461 4311 2489 4343 ››
2539 4288 2663 4343 εἶτα
2707 4288 3010 4364 ἑρμηνεύων
3053 4288 3167 4353 πῶς
3210 4287 3565 4371 ἐϐασίλευσεν,
3616 4315 3645 4347 α
3676 4298 3784 4353 Εὖ..

401 4381 547 4460 quit:
581 4380 720 4441 «Hic
745 4380 1037 4438 formosus
1060 4374 1120 4434 in
1151 4374 1626 4447 stola,violentia
1649 4392 1782 4435 cum
1809 4376 2043 4438 fortitu-

2160 4377 2406 4456 τρὲπειαν,
2490 4378 2669 4456 φησὶν,
2752 4375 3026 4434 ἐνεδύσατο
3052 4424 3069 4452 ,
3163 4399 3186 4434 ι
3273 4379 3786 4459 ἀποφθαρτισθέντος

397 4466 536 4527 dine
562 4467 638 4525 i7.
678 4492 704 4521 ι)
742 4464 1026 4526 Dominus
1075 4480 1309 4541 quoque
1340 4470 1647 4541 postquam
1698 4466 2040 4538 resurrexit,

2161 4473 2219 4523 οὗ
2279 4466 2550 4540 σώματος,
2636 4467 2723 4522 καὶ
2795 4472 2862 4542 τῇ
2945 4464 3157 4533 θεότητι
3224 4468 3579 4545 ὼραϊσθέντος
3613 4488 3630 4507 ο
3706 4474 3786 4538 ὡς

394 4557 586 4636 inquit
620 4575 632 4614 :
673 4580 695 4609 (ι
734 4556 876 4617 Data
907 4559 995 4611 est
1027 4550 1169 4609 mihi
1201 4551 1394 4609 omnis
1436 4557 1687 4629 potestas
1717 4550 1794 4611 18.
1836 4576 1858 4609 ι)
1897 4553 2041 4615 Cum

2160 4557 2357 4619 Ησαίας
2388 4557 2549 4636 φησίν
2583 4575 2595 4589 ’
2662 4579 2686 4610 σ
2723 4556 2885 4622 Οὗτος
2940 4557 3139 4634 ὡραῖος
3194 4555 3248 4612 ἐν
3278 4556 3466 4635 στολῇ,
3499 4560 3588 4636 βία
3641 4564 3783 4636 μετὰ

392 4643 576 4724 igitur
592 4643 853 4705 venisset
873 4640 1442 4719 resurrectio,quam
1462 4656 1709 4717 regnum
1732 4638 1836 4701 Dei
1853 4642 2040 4702 nomi-

390 4735 649 4809 navit,eo
677 4731 829 4814 quod
869 4738 1114 4789 mortem
1153 4727 1465 4803 destruxit,
1494 4728 1708 4789 iterum
1744 4728 2036 4792 bibitcum

389 4824 725 4904 discipulis,
761 4818 1127 4902 persuadens
1158 4818 1469 4897 discipulis
1513 4838 1625 4879 non
1665 4818 1831 4897 juxta
1852 4838 2035 4900 appa-

382 4914 635 4976 rentiam
655 4919 878 4973 tantum
894 4907 1565 4979 resurrexisse.Quidam
1581 4917 1773 4968 autem
1788 4926 2033 4987 regnum

384 5002 945 5082 putaruntl‘nturum
968 5004 1180 5056 statum
1214 5017 1226 5057 :
1263 4995 1470 5058 bibere
1487 5007 1682 5058 autem
1716 4996 2031 5059 Dominum

381 5091 691 5152 nobiscum
722 5093 784 5150 in
815 5088 1034 5165 futuro,
1072 5102 1176 5165 pro
1210 5086 1569 5147 revelatione
1588 5085 2026 5167 mysteriorum.

380 5181 715 5241 Laetiﬁcans
745 5176 904 5238 enim
944 5194 1054 5235 nos
1084 5174 1536 5249 exhilaratur,et
1564 5190 1812 5255 pascens
1831 5175 2027 5254 pasci-

378 5279 476 5329 tur
507 5267 867 5339 misericors,
910 5271 967 5324 et
1010 5273 1278 5325 nostrum
1333 5272 1531 5343 potum
1564 5282 1631 5324 ac
1659 5263 2022 5340 alimoniam,

378 5356 492 5418 hoc
541 5366 648 5425 est,
683 5356 1037 5429 doctrinam,
1099 5353 1405 5435 proprium
1468 5352 1663 5415 cibum
1709 5350 2022 5415 existimat.

2123 4644 2331 4724 ἰσχύος.
2368 4668 2395 4700 ιι
2435 4648 2531 4733 καὶ
2562 4647 2717 4709 αὐτὸς
2744 4642 2797 4701 δὲ
2857 4647 2884 4701 ὁ
2944 4647 3128 4724 Κύριος
3160 4649 3294 4722 μετὰ
3337 4649 3399 4705 τὸ
3456 4651 3776 4733 ἀναστῆναι,

2121 4734 2281 4812 φησίν
2312 4751 2330 4770 ⁶
2397 4753 2427 4792 (
2484 4732 2673 4801 Ἐδόθη
2717 4756 2808 4809 μοι
2862 4740 3005 4791 πᾶσα
3048 4734 3273 4800 ἐξουσία.
3309 4760 3338 4792 ι
3376 4743 3484 4805 Τῆς
3516 4739 3606 4795 οὗν
3634 4732 3777 4797 ἆναὲ

2123 4823 2361 4888 στάσεως
2393 4821 2670 4897 ἐλθούσης,
2730 4822 2798 4890 ἣν
2839 4822 3110 4900 βασιλείαν
3158 4834 3254 4884 τοῦ
3308 4833 3441 4882 Θεοῦ
3469 4828 3771 4905 ὠνόμασεν,

2120 4913 2192 4974 ὡς
2247 4913 2338 4967 τὸν
2395 4913 2619 4969 θάνατον
2678 4911 3072 4987 καταλύσασαν,
3134 4911 3249 4970 ἔπιε
3298 4914 3457 4971 πάλιν
3506 4918 3598 4974 σὺν
3648 4934 3772 4984 τοῖς

2117 5005 2411 5076 μαθηταῖς,
2470 5003 2820 5078 πιστούμενος
2875 5002 2971 5070 τὴν
3027 5003 3336 5078 ἀνάστασιν,
3398 5008 3473 5070 ὡς
3518 5008 3579 5064 οὔ
3632 5013 3771 5067 κατὰ

2116 5091 2401 5170 φαντασίαν
2473 5090 2604 5149 ἐστί.
2687 5092 2835 5154 Τινὲς
2893 5089 2949 5147 δὲ
2990 5090 3262 5166 βασιλείαν
3302 5101 3395 5150 τοῦ
3454 5103 3607 5172 Θεοῦ,
3667 5099 3768 5167 τὴν

2115 5176 2412 5253 μέλλουσαν
2470 5180 2793 5237 κατάστασιν
2851 5178 3088 5246 ἐδέξαντο
3118 5200 3133 5212 '
3182 5184 3350 5238 πίνειν
3415 5182 3470 5240 δὲ
3512 5192 3605 5243 τὸν
3654 5190 3765 5247 Κύ-

2112 5289 2221 5347 ριον
2280 5267 2333 5323 ἐν
2393 5275 2469 5344 τῷ
2513 5268 2761 5345 μέλλοντι
2807 5268 2923 5346 μεθ’
2954 5272 3134 5347 ἡμῶν,
3166 5272 3265 5338 τὴν
3290 5272 3628 5351 ἀποκάλυψιν
3657 5285 3766 5334 τῶν

2109 5356 2413 5435 μυστηρίων
2470 5358 2650 5419 αὐτοῦ.
2742 5361 3042 5440 Εὐφραίνων
3127 5361 3228 5439 γὰρ
3283 5362 3430 5437 ἡμᾶς
3482 5366 3759 5445 εὐφραίνε-

450 5525 525 5569 ¹⁵⁹
560 5530 697 5591 Act.
729 5541 790 5601 χ,
822 5522 924 5586 41.
1008 5521 1065 5566 ¹⁶
1105 5522 1129 5585 Ι
1157 5525 1295 5586 Cor.
1329 5539 1428 5605 xv,
1459 5523 1559 5587 55.
1644 5521 1697 5567 ¹⁷
1726 5525 1843 5601 lsa,
1875 5537 2044 5608 Lxm,

2216 5522 2273 5572 1⁸
2301 5523 2506 5592 Matth.
2538 5543 2747 5606 xxvm,
2786 5527 2877 5591 18.
