4116 6212
310 278 472 343 1069
522 268 525 271 λ

1022 282 1466 345 ENARRATIO
1511 283 1592 345 IN
1638 258 2141 346 EVANGELIUM
2204 281 2444 344 ευριπ.
2491 315 2568 326 -
2609 283 2771 347 CAP.
2822 285 3016 347 XXII.

3541 293 3561 356 l
3574 290 3695 357 070

302 436 415 488 ται,
466 415 556 470 καὶ
599 415 806 494 τρέφων
867 416 1112 495 τρέφεται
1171 416 1199 471 ὀ
1257 412 1647 493 φιλάνθρωπος,
1726 416 1811 470 καὶ
1866 416 1966 481 τὴν

2072 410 2225 473 3ibet
2255 412 2432 492 igitur
2460 422 2599 476 tunc
2629 434 2839 477 novam
2873 417 3190 497 quamdam
3226 416 3525 500 potionem
3558 445 3691 489 cum

305 503 573 581 ἡμετέραν
630 505 786 560 πόσιν
846 506 933 559 καὶ
988 504 1211 582 τροφὴν,
1279 502 1390 569 ἦτοι
1458 504 1708 579 μάθησιν,
1769 505 1963 559 οἰκείαν

305 595 513 669 τροφὴν
553 591 851 670 λογίζεται,
903 592 1079 647 [liam
1130 591 1217 646 οὗν
1274 603 1562 657 τηνικαῦτα
1606 593 1795 661 καινήν
1851 614 1965 647 τινα

309 680 468 735 πόσιν
518 684 654 755 μετά
683 684 790 737 τῶν
821 680 1002 758 ἀξιῶν,
1036 678 1423 736 ἀποκαλύπτων
1479 685 1661 743 αὐτοῖς
1704 680 1784 736 ἀεὶ
1812 681 1965 735 καινά

313 792 434 826 τινα
489 773 577 827 καὶ
633 771 894 840 ἀσυνήθη.
964 771 1065 825 Δύο
1126 767 1179 824 δὲ
1235 767 1385 826 δοκεῖ
1454 770 1719 845 ποτηρίων
1749 791 1968 845 μνημο-

310 859 471 914 νεύειν
530 861 557 915 6
617 865 819 921 Λουκᾶς
861 875 873 887 ·
922 860 1012 913 καὶ
1054 859 1108 915 ἓν
1153 858 1277 937 μὲν,
1324 859 1479 937 φησὶ,
1545 881 1572 911 ε
1612 856 1833 929 Λάϐετε,
1881 864 1967 916 καὶ

312 946 647 1027 διαμερίσατε
680 950 916 1020 ἑαυτοῖς,
955 971 982 1001 »
1013 948 1042 1002 ὅ
1071 952 1169 1013 τῆς
1200 945 1435 1011 Παλαιᾶς
1490 948 1761 1015 Διαθήκης
1805 947 1967 1002 τύπον

314 1034 458 1092 εἴποι
506 1037 565 1092 ἀν
618 1059 700 1098 τις
749 1038 892 1093 εἶναι
926 1052 941 1065 ⁸
1002 1035 1178 1114 ἕτερον
1220 1034 1298 1108 δὲ,
1360 1037 1491 1110 μετά
1540 1037 1599 1091 τὸ
1643 1034 1835 1091 κλᾶσαι
1880 1036 1967 1090 τὸν

316 1124 471 1202 ἄρτον
529 1127 615 1181 καὶ
686 1123 1075 1201 διανείμασθαι,
1149 1125 1303 1187 αὐτὸς
1379 1122 1615 1199 διανέμει
1684 1138 1800 1189 τοῖς
1859 1146 1965 1199 μα·

316 1216 533 1291 θηταῖς,
594 1214 623 1269 ’ὁ
678 1218 765 1270 καὶ
822 1219 917 1280 τῆς
974 1218 1169 1279 Καινῆς
1220 1213 1490 1281 Διαθήκης
1550 1214 1823 1288 ὀνομάζει,
1882 1220 1969 1272 καὶ

320 1302 374 1357 ἐν
421 1308 499 1375 τῷ
542 1305 702 1360 αὒτοῦ
745 1303 933 1377 α’ἷματί
975 1325 1103 1382 φησι
1170 1310 1325 1358 τοῦτο
1383 1301 1785 1378 ἐγκαινίζεσθαι,
1845 1302 1970 1358 Ἐπὶ

320 1391 415 1463 μὲν
473 1394 572 1470 γάρ
614 1397 712 1459 τῆς
761 1391 996 1453 [Ιαλαιᾶς
1041 1391 1184 1463 αἷμα
1227 1397 1376 1460 ζωων
1426 1389 1637 1467 ἀλόγων
1686 1390 1777 1463 ἦν,
1810 1389 1897 1445 ὅτε
1941 1391 1968 1444 6

322 1484 483 1555 νόμος
514 1480 666 1547 ἐδόθη
703 1498 716 1511 ⁸
752 1488 839 1536 νῦν
868 1478 921 1535 δὲ
953 1481 1049 1537 τοῦ
1102 1482 1232 1535 Θεοῦ
1292 1482 1463 1556 Λόγου
1492 1478 1763 1557 ἀνθρώπου
1810 1500 1967 1556 γενο-

324 1570 504 1649 μένου,
542 1572 604 1626 τὸ
650 1570 792 1645 α’ίμα
835 1572 934 1637 τὴν
988 1569 1184 1635 Καινὴν
1241 1570 1511 1637 Διαθήκην
1540 1571 1674 1643 ἡμῖν
1705 1567 1967 1647 ἐπισφρα-

2049 500 2265 581 dignis,
2299 502 2565 563 revelans
2615 504 2702 564 eis
2760 524 2999 583 semper
3028 525 3179 568 nova
3207 511 3473 589 quaedam
3508 524 3567 577 et
3597 517 3689 577 iu-

2048 590 2239 649 solita.
2278 592 2537 652 Duorum
2576 602 2769 653 autem
2825 595 3008 654 Lucas
3056 596 3290 659 videtur
3348 604 3691 666 meminisse

2050 682 2505 772 poculorum.Et
2537 681 2610 741 de
2643 701 2758 742 uno
2788 684 3025 762 quidem
3063 685 3203 745 dicit
3237 709 3249 748 :
3291 713 3311 744 ε
3340 692 3604 772 Accipite
3631 705 3689 757 et

2050 765 2292 828 dividite
2336 769 2488 828 inter
2520 787 2642 863 vos;
2680 792 2703 827 ι
2741 772 2893 849 quod
2924 774 3135 863 veteris
3166 765 3504 842 testamenti
3538 784 3685 863 ﬁgu-

2049 872 2173 914 ram
2228 857 2360 936 quis
2410 876 2540 918 esse
2582 858 2816 935 dixerit;
2853 868 2910 919 et
2960 859 3035 920 de
3080 863 3263 924 altero
3315 871 3467 946 quod
3518 857 3683 944 illud,

2054 954 2357 1031 postquam
2384 947 2557 1023 fregit
2588 964 2798 1025 panem
2831 956 2889 1007 et
2917 949 3374 1031 distribuit,ipse
3395 958 3691 1023 distribuit

2052 1029 2543 1127 distip‘ulis,quod
2572 1042 2631 1097 et
2662 1035 2812 1098 Novi
2842 1029 3692 1127 Testamentinominat,etsuo

2049 1121 2335 1198 sanguine
2365 1123 2510 1183 dicit
2542 1124 2651 1184 hoc
2673 1124 3035 1186 innovariln
3056 1128 3253 1189 Veteri
3277 1133 3434 1193 enim
3454 1121 3693 1218 sanguis

2052 1220 2173 1269 erat
2209 1210 2510 1272 brutorum
2547 1213 2916 1283 animalium,
2951 1234 3083 1276 cum
3117 1217 3207 1278 lex
3240 1220 3460 1298 vigeret
3490 1246 3503 1288 :
3540 1210 3694 1289 nvunc

2050 1311 2243 1395 autem
2267 1319 2399 1395 c_u_m
2431 1300 2689 1362 Verbum
2722 1302 2821 1363 Dei
2867 1304 3042 1365 homo
3071 1306 3286 1368 factum
3313 1322 3423 1392 est,
3456 1318 3695 1395 sanguis

2049 1385 2271 1448 Novum
2296 1387 2737 1452 Testamentum
2762 1392 2934 1452 nobis
2955 1385 3691 1471 ob~ignavit.Diceuddau-

2054 1484 2192 1544 tem.
2235 1476 2458 1570 «uQuod
2496 1498 2599 1570 pro
2636 1479 2800 1570 vobis
2845 1481 3019 1542 datur
3048 1493 3104 1543 et
3135 1486 3479 1570 effunditur,
3519 1518 3540 1550 ι
3580 1514 3721 1557 non.

2055 1582 2160 1644 pro
2181 1566 2636 1659 solis_apostolis
2665 1569 2861 1647 signat
2890 1589 3103 1651 corpus
3147 1575 3276 1653 ejus
3301 1594 3431 1638 esse
3464 1566 3694 1659 datum,

323 1662 474 1736 γίζει.
529 1661 701 1716 Εἰπὼν
737 1657 816 1736 δὲ,
861 1679 889 1717 ι
939 1660 1010 1715 Τὸ
1052 1658 1183 1734 ὑπὲρ
1237 1658 1383 1731 ὑμῶν
1429 1654 1705 1730 διδόμενον
1755 1658 1842 1711 xzi
1874 1655 1967 1711 ὲκ-

2072 1664 2109 1712 :t
2141 1653 2493 1733 sanguinem
2520 1658 2648 1735 ejus
2682 1675 2813 1720 esse
2844 1660 3114 1731 effusum,
3149 1664 3252 1723 sed
3287 1683 3393 1743 pro
3440 1653 3697 1732 humano

326 1750 643 1827 χυνόμενον,
682 1768 710 1805 ι
770 1750 873 1827 οὐχ
930 1748 1060 1825 ὑπὲρ
1118 1753 1224 1801 τῶν
1280 1744 1591 1802 ἀποστόλων
1629 1746 1789 1819 μόνον
1822 1743 1972 1800 δεδό-

2072 1742 2554 1835 genere.Quando
2576 1745 2925 1823 igiturdicit,
2944 1746 3141 1820 «Quod
3160 1768 3263 1827 pro
3284 1742 3444 1815 vobis
3460 1756 3655 1835 datur,
3669 1784 3693 1819 ε

326 1840 442 1893 σθαι
470 1835 634 1903 δη)οτ
666 1840 729 1893 τὸ
788 1843 943 1909 σῶμα
1000 1837 1174 1901 αὖτοῠ,
1239 1836 1415 1889 καὶτὸ
1459 1834 1602 1907 αἷμα
1630 1833 1971 1912 ἐκκεχῦσθαι,

330 1923 446 1982 ἀλλ’
501 1926 632 2004 ὒπὲρ
682 1926 778 1992 τῆς
837 1925 1164 2000 ἀνθρωπίνης
1216 1923 1443 2001 φύσεως,
1480 1912 1659 1979 ’¹Οταν
1691 1929 1778 1977 οὖν
1812 1920 1967 1996 εἴπῃ,

336 2037 360 2071 ι
412 2005 571 2092 ιΥπὲρ
607 2002 774 2088 ’ὑμῶν
830 2011 1123 2087 διδόμενον,
1176 2030 1205 2069 )
1278 2010 1390 2066 ἀντὶ
1447 2018 1560 2089 τοῦ,
1625 2002 1804 2088 εἰ’πὲρ
1875 2014 1973 2078 τῆς

330 2101 581 2181 ὑμετέρας
640 2102 844 2179 φύσεως
912 2103 1017 2156 τῶν
1085 2098 1395 2171 ἀνθρώπων,
1441 2098 1570 2162 νόει,
1616 2101 1688 2156 T6
1732 2100 1829 2170 μὲν
1885 2101 1972 2154 οὖν

332 2187 558 2246 παλαιὸν
586 2190 775 2268 πάσχα
806 2189 889 2244 ἐπὶ
922 2194 989 2263 τῇ
1015 2186 1301 2264 ἀπαλλαγῇ
1328 2190 1447 2263 τῆς.
1486 2184 1720 2250 δουλείας
1764 2190 1863 2255 τῆς
1921 2186 1975 2242 ἐν

333 2279 583 2357 Αἰγύπτῳ
634 2278 895 2357 ἒτελεῐτο,
940 2279 1027 2333 καὶ
1069 2280 1131 2334 τὸ
1176 2280 1312 2351 αἷμα
1341 2283 1431 2333 τοῦ
1458 2274 1721 2355 προϐάτου
1765 2275 1848 2332 ἐπὶ
1906 2282 1975 2352 τῇ

335 2369 651 2447 συντηρήσει
706 2373 813 2424 τῶν
868 2366 1219 2445 πρωτοτόκων
1254 2380 1268 2394 ⁶
1328 2368 1389 2421 τὸ
1442 2362 1497 2421 δὲ
1554 2366 1734 2421 καινὸν
1782 2366 1978 2442 Πάσχα

335 2460 423 2513 ἒπὶ
451 2457 633 2537 ἀφέσει
692 2458 986 2535 ἁμαρτιῶν,
1043 2459 1131 2511 καὶ
1181 2454 1265 2511 ἐπὶ
1294 2456 1610 2533 συντηρήσει
1652 2460 1758 2510 τῶν
1813 2455 1981 2531 ἡγιασ-

339 2546 546 2621 σμένων
590 2548 677 2602 καὶ
732 2544 1113 2624 ἀφωρισμένων
1165 2543 1433 2621 λογισμῶν
1463 2544 1539 2617 τῷ
1582 2550 1719 2618 Θεῷ.
1768 2548 1981 2620 Πρῶτον

342 2633 395 2690 δὲ
440 2637 467 2688 6
512 2634 693 2713 ἄρτος,
751 2635 873 2689 εἶτα
932 2635 992 2695 τὸ
1022 2633 1299 2710 ποτήριον.
1338 2631 1572 2710 Προτέρα
1601 2632 1699 2709 γάρ
1728 2633 1762 2698 ἠ
1791 2631 1981 2687 ὶπίπο·

342 2745 430 2786 νος
474 2723 657 2802 πρᾶξις
716 2725 804 2779 καὶ
846 2721 1296 2799 δυσκατέργαστος
1330 2736 1347 2754 ⁸
1421 2718 1633 2796 ἱδρῶτες
1703 2719 1803 2797 γάρ
1844 2740 1981 2798 προ-

339 2820 593 2891 ηγοῦνται
649 2813 745 2880 τῆς
790 2810 981 2889 ἀρετῆς
1016 2832 1030 2846 ·
1078 2810 1256 2888 ὥσπερ
1300 2818 1405 2866 οὗ*
1431 2811 1517 2865 καὶ
1554 2812 1582 2865 6
1612 2806 1766 2887 ἄρτος
1798 2812 1858 2866 οὗ
1889 2809 1986 2882 μό-

342 2925 427 2960 νον
459 2902 513 2958 ἐν
542 2901 716 2981 ίδρῶτι
760 2909 852 2957 τοῦ
896 2899 1177 2979 προσώπε.)
1230 2912 1572 2978 γεωργεῖται,
1634 2897 1770 2953 ἀλλά
1814 2899 1901 2953 καὶ
1932 2897 1986 2952 ἐν

2054 1830 2339 1907 intellige,
2368 1834 2480 1894 Pro
2514 1843 2705 1894 vestro
2740 1836 3038 1896 hominum
3062 1855 3303 1915 genere.
3321 1838 3504 1903 Vetus
3538 1830 3697 1909 enim

2057 1922 2271 1996 pascha
2320 1922 2737 2000 perﬁciabatur
2758 1925 2833 1984 ob
2862 1924 3268 1987 liberationem
3303 1932 3599 1996 servitutis
3628 1954 3701 1998 ex

2056 2006 2327 2099 Egypto,
2362 2020 2419 2070 et
2466 2011 2703 2089 sanguis
2751 2012 2885 2089 agni
2936 2024 3177 2093 propter
3204 2028 3430 2080 servata
3470 2022 3697 2099 primo-

2058 2096 2504 2174 genilazNovum
2528 2108 2722 2161 autem
2760 2101 2978 2180 pascha
3010 2118 3253 2183 propter
3286 2096 3699 2173 remissionem

2060 2194 2456 2263 peccatorum.
2493 2196 2548 2246 et
2582 2190 3090 2250 conservationem
3122 2192 3543 2267 cogitationum
3574 2216 3707 2259 san-

2059 2272 2536 2349 ctiﬁcataruui,et
2564 2287 3036 2337 «snsecratarum
3066 2278 3480 2344 Deo.Primum
3507 2294 3703 2347 autem

2060 2362 2199 2429 ω)
2225 2364 2409 2442 panis,
2438 2373 2495 2424 et
2524 2362 2741 2425 deinde
2774 2366 3076 2443 poculum.
3129 2368 3386 2431 I’rimum
3421 2374 3579 2434 enim
3612 2375 3703 2435 la-

2065 2450 2335 2511 boriosor
2373 2453 2523 2512 actio
2557 2461 2614 2513 et
2645 2452 2965 2524 difﬁcilior;
2990 2456 3238 2517 sudores
3270 2460 3427 2520 enim
3482 2481 3705 2539 praece-

2065 2540 2207 2599 dunt
2240 2542 2511 2601 virtutem
2541 2557 2556 2603 :
2592 2542 3091 2621 quemadmodum
3124 2546 3311 2623 panis,
3347 2567 3464 2609 non
3514 2551 3703 2613 solum

2065 2629 2121 2687 iu
2153 2630 2373 2690 sudore
2402 2629 2573 2690 faciei
2606 2631 2914 2709 excolitur,
2946 2633 3052 2692 sed
3079 2644 3137 2693 et
3167 2636 3534 2699 comedendo
3556 2657 3706 2719 ope-

2066 2719 2259 2779 rosior
2285 2728 2396 2790 est;
2432 2718 2649 2780 deinde
2682 2728 2811 2798 post
2842 2718 3074 2779 labores
3106 2721 3305 2783 laetitia
3335 2724 3548 2787 divina;
3578 2718 3707 2804 gra-

2069 2809 2188 2878 tiae;
2237 2826 2366 2886 quae
2418 2809 2682 2884 signatur
2727 2826 2831 2886 per
2862 2809 3156 2887 poculum.
3197 2815 3506 2891 Postquam
3549 2816 3709 2876 enim

2069 2896 2201 2974 quis
2231 2896 2287 2953 in
2319 2894 2629 2955 virtutibus
2660 2895 2759 2955 diu
2792 2898 3163 2975 graviterque
3194 2897 3707 2982 laboraverit,tan-

340 2999 419 3065 τῷ
473 2991 729 3049 ἰσθιεσθαι
786 2988 1359 3067 δυσκατεργαστότερός
1436 2987 1600 3059 ἐστιν,
1663 2985 1765 3042 εἶθ’
1849 2984 1986 3040 οὕτω

2075 2987 2208 3043 dem
2260 2985 2470 3061 dignus
2501 2992 2589 3043 est
2618 2983 2812 3055 donis,
2846 2993 2903 3044 et
2951 2985 3278 3046 inebriatur
3332 2987 3566 3052 laudata
3612 2992 3713 3053 illa

344 3083 480 3158 μετά
527 3082 648 3144 τοὺς
692 3080 883 3141 πόνους
942 3080 976 3145 ἡ
1028 3078 1315 3157 εὐφροσύνη
1373 3076 1471 3143 τῆς
1527 3076 1619 3131 τοῦ
1664 3081 1794 3157 εξεοῦ
1836 3075 1986 3154 χάρι-

2075 3071 2356 3133 ebrietate
2387 3091 2501 3151 qua
2540 3074 2862 3133 exceditex
2903 3074 3013 3133 hoc
3048 3076 3290 3155 mundo,
3315 3078 3467 3138 sicut
3505 3082 3713 3143 Paulus

346 3154 463 3247 τος,
514 3169 643 3249 ὅπερ
700 3171 807 3226 ἐστὶ
866 3171 926 3225 τὸ
981 3154 1255 3245 ποτήριον.
1316 3162 1443 3221 Μεθ’
1500 3166 1529 3220 ὃ
1586 3154 1689 3243 γὰρ
1735 3186 1813 3226 τις
1842 3166 1986 3240 ἒντῇ

2077 3167 2136 3249 et
2158 3158 2359 3233 David,
2394 3170 2483 3249 et,
2504 3172 2564 3220 ut
2596 3160 2907 3221 audentius
2939 3162 3219 3243 quiddam
3251 3165 3465 3242 dicam,
3496 3169 3718 3232 sicutet

349 3260 510 3339 ἀρετῇ
681 3256 1118 3336 δυσκατεργάστῳ
1158 3255 1418 3330 κοπιάσῃ,
1477 3254 1595 3309 τότε
1668 3259 1772 3309 τῶν
1829 3274 1986 3332 χαρι-

2075 3248 2232 3309 Deus
2261 3250 2413 3327 apud
2441 3248 2737 3312 Habacuc.

349 3350 564 3423 σμάτων
594 3347 737 3413 ἄξιος
767 3347 993 3425 γίνεται,
1023 3346 1112 3401 καὶ
1134 3344 1337 3422 πάσχει
1368 3343 1466 3409 τὴν
1494 3339 1667 3409 καλὴν
1698 3342 1886 3420 μέθην,
1922 3340 2259 3412 ἱξιστάμενος
2310 3340 2402 3393 τοῦ
2432 3340 2635 3414 κόσμου
2666 3342 2869 3411 τούτου,
2905 3342 2978 3403 ὡς
3011 3345 3037 3397 6
3072 3346 3297 3419 Παῦλος,
3322 3348 3411 3402 καὶ
3441 3349 3467 3403 6
3502 3348 3670 3405 Δαυ“ιδ
3699 3366 3715 3384 ⁸

347 3437 644 3515 τολμητέον
672 3435 726 3492 δὲ
760 3438 954 3513 εἰπεῖν,
987 3436 1073 3489 καὶ
1102 3434 1174 3496 ὡς
1206 3435 1232 3488 6
1263 3434 1391 3494 Θεὸς
1421 3431 1564 3510 παρὰ
1588 3438 1664 3505 τῷ
1692 3428 2021 3504 Ἀϐϐακούμ.

437 3550 462 3583 ι
498 3525 647 3592 Πλὴν
674 3523 782 3580 ἰδοὺ
838 3527 872 3591 ἡ
923 3525 1042 3603 χεὶρ
1072 3529 1165 3577 τοῦ
1194 3518 1569 3596 παραδιδόντος
1598 3540 1687 3598 με,
1722 3518 1839 3593 μετ’
1872 3518 2001 3593 ἐμοῦ

352 3618 436 3674 hri
490 3620 588 3682 τῆς
642 3614 928 3693 τραπέζης.
994 3612 1088 3670 Καὶ
1145 3613 1173 3666 6
1241 3609 1339 3685 μὲν
1408 3611 1524 3671 Υἱὸς
1580 3616 1673 3665 τοῦ
1725 3608 2000 3686 ἀνθρώπου

351 3708 632 3789 πορεύεται
690 3707 826 3761 κατὰ
867 3706 928 3761 τὸ
995 3700 1291 3779 ὡρισμένον
1323 3718 1339 3734 ⁶
1401 3699 1540 3769 πλὴν
1597 3702 1710 3757 ούαὶ
1764 3701 1842 3775 τῷ
1897 3700 1995 3755 ἀν-

351 3788 547 3877 θρώπῳ
587 3795 792 3867 ἐκείνῳ,
825 3790 891 3849 δι’
944 3798 1005 3848 οὗ
1032 3788 1395 3869 παραδίδοται.
1436 3791 1533 3847 Καὶ
1579 3789 1725 3845 αὐτοὶ
1777 3788 1997 3867 ἤρξαντο

355 3876 603 3958 συζητεῖν
658 3884 788 3951 πρὸς
850 3880 1087 3954 ἑαυτοὺς,
1145 3881 1205 3935 τὸ
1260 3879 1339 3941 τίς
1397 3876 1494 3955 ἀρα
1538 3876 1630 3944 εἴη
1662 3876 1713 3942 ἐξ
1757 3881 1925 3936 αὐτῶν
1970 3878 1997 3932 6

334 3975 550 4054 μέλλον
596 3972 749 4032 τοῦτο
807 3972 1085 4049 πράσσειν,
1138 3968 1385 4045 Ἐγένετο
1441 3965 1495 4022 δὲ
1554 3968 1640 4023 καὶ
1708 3966 2000 4054 φιλονεικία

353 4045 410 4121 bv
479 4062 690 4139 αὐτοῖς,
751 4060 809 4114 τὸ
852 4045 943 4121 ’τίς
1006 4056 1176 4113 αὐτῶν
1218 4054 1367 4112 δοχεῖ
1410 4055 1551 4111 εἶναι
1597 4045 1811 4129 μείζων.
1847 4045 1903 4111 Ὀ
1948 4050 2000 4107 δὲ

360 4154 516 4210 εἶπεν
550 4149 733 4212 αὐτοῖς
765 4169 779 4184 ο
841 4150 899 4203 Οἱ
987 4143 1229 4223 βασιλεῖς
1293 4150 1400 4201 τῶν
1459 4144 1616 4200 ἐθνῶν
1684 4144 2002 4221 κυριεύουσιν

357 4243 554 4313 αὐτῶν,
605 4241 692 4294 καὶ
752 4240 798 4295 οἱ
872 4235 1258 4306 ἐξουσιάζοντες
1312 4234 1506 4307 αὒτίυν,
1574 4234 1837 4313 εὐεργέται
1901 4254 2001 4288 κα-

2166 3514 2347 3577 Vens.
2381 3517 2597 3577 ‘2l-27.
2620 3514 3072 3603 uVerumtamen
3104 3538 3244 3581 ecee
3268 3527 3722 3588 manustraden-

2086 3607 2156 3665 tis
2181 3623 2538 3684 me,mecum
2564 3613 2650 3666 est
2672 3606 2728 3665 in
2750 3604 3052 3670 mensa.Et
3072 3610 3253 3671 Filius
3275 3614 3515 3689 quidem
3536 3615 3724 3676 homi-

2040 3751 2049 3760 ,
2084 3695 2174 3754 nis
2191 3695 2518 3754 secundum
2544 3697 2696 3774 quod
2722 3696 3032 3757 deﬁnitum
3066 3701 3339 3770 est,vadit
3372 3721 3386 3764 :
3425 3712 3723 3765 verumta-

2082 3802 2235 3843 mein
2259 3782 2582 3844 veehumini
2598 3783 2678 3844 illi
2694 3803 2798 3862 per
2818 3804 2993 3863 quem
3011 3788 3378 3866 proditur.Et
3400 3790 3512 3869 ipsi
3530 3808 3728 3871 caepe-

2080 3885 2217 3935 runt
2239 3893 2507 3954 quaerere
2534 3874 2690 3935 inter
2718 3878 3148 3956 sese,quisnam
3172 3888 3325 3940 esset
3346 3899 3417 3941 ex
3453 3882 3597 3961 ipsis
3624 3885 3730 3963 qui

2084 3966 2194 4026 hoc
2209 3964 2469 4026 facturus
2483 3962 2709 4025 esset.F
2713 3975 2885 4026 actae
2903 3976 3147 4028 tantem
3164 3977 3221 4030 et
3242 3970 3547 4033 contentio
3574 3962 3733 4035 inter

2085 4072 2188 4114 eos
2218 4053 2349 4132 quis
2379 4071 2583 4114 eorum
2619 4051 2921 4114 videretur
2951 4073 3080 4116 esse
3111 4060 3323 4137 major.
3356 4058 3513 4121 Dixit
3533 4069 3731 4122 autem

2090 4143 2400 4219 eiszlteges
2430 4141 2692 4220 gentium
2725 4142 3111 4205 dominantur
3138 4146 3312 4219 eis,et
3336 4150 3433 4228 qui
3469 4158 3731 4228 potesta-

2091 4240 2207 4291 tem
2241 4231 2459 4291 habent
2488 4248 2671 4309 SUper
2692 4248 2813 4310 eas,
2844 4230 3092 4293 beneﬁci
3125 4246 3425 4297 vocantur.
3472 4237 3591 4299 Vos
3621 4259 3733 4301 au-

360 4330 597 4391 λοῦνται,
660 4318 845 4401 ἰ’μεῖς
896 4323 950 4380 δὲ
1011 4326 1115 4403 ούχ
1171 4324 1334 4387 οὕτως
1370 4337 1384 4351 ⁶
1447 4319 1568 4377 ἀλλ’
1621 4324 1649 4377 6
1705 4322 1895 4397 μείζων
1952 4319 1986 4376 ἐκ

2094 4328 2208 4380 tem
2244 4339 2360 4380 uon
2386 4320 2469 4379 sic
2506 4340 2517 4374 :
2552 4320 2656 4380 sed
2688 4322 2784 4399 qui
2822 4323 3008 4401 major
3037 4332 3125 4383 est
3154 4324 3211 4383 in
3243 4326 3428 4406 vobis,
3455 4327 3551 4387 ﬁat
3581 4329 3739 4399 sicut

361 4421 514 4498 ὑμῖν,
560 4418 791 4495 γενέσθω
832 4416 907 4478 ὡς
939 4416 966 4469 6
1010 4413 1286 4490 νεώτερος,
1336 4412 1422 4467 καὶ
1465 4413 1494 4466 6
1523 4410 1815 4488 ἡγούμενος
1863 4412 1935 4498 ᾡς
1979 4416 1986 4462 ἀ

2084 4410 2331 4498 junior:
2368 4418 2425 4469 et
2452 4428 2548 4489 (ιω
2586 4410 2859 4488 princeps
2909 4420 3017 4485 est,
3066 4412 3218 4474 sicut
3263 4415 3361 4495 qui
3415 4417 3731 4479 ministrat.

363 4495 645 4566 διακονῶν.
692 4506 780 4567 Τίς
824 4505 924 4582 γάρ
968 4502 1208 4577 μείζωνς
1268 4501 1296 4555 6
1338 4499 1705 4573 ἀνακείμενος,
1750 4497 1787 4566 ἢ
1829 4500 1857 4554 6
1887 4495 1986 4553 δια-

2072 4496 2234 4558 ηΝειιῐι
2262 4505 2393 4559 uter
2418 4498 2605 4577 major
2632 4501 3257 4578 est,quiaccumbit,an
3282 4510 3380 4583 qui
3419 4505 3737 4568 ministrat?

362 4598 584 4674 κονώνς
632 4593 755 4671 οθχὶ
795 4594 823 4647 6
866 4590 1207 4664 ἀνακείμενος
1242 4610 1259 4660 ;
1313 4585 1456 4665 Ἐγὼ
1494 4584 1549 4642 δέ
1597 4588 1702 4662 εἰμι
1750 4595 1803 4643 εν
1863 4586 1986 4662 μέσᾳ

2096 4606 2292 4647 noune
2337 4588 2438 4666 qui
2486 4588 2816 4647 accumbit?
2845 4590 2921 4648 At
2960 4608 3066 4666 ego
3117 4592 3175 4651 in
3237 4592 3430 4654 medio
3481 4604 3736 4656 vestrum

361 4688 508 4761 ὑμῶν
562 4687 635 4747 ὡς
695 4685 722 4738 6
765 4681 1045 4742 διακονῶν,
1082 4704 1110 4735 ι
1162 4676 1323 4736 Οὐδὲν
1368 4676 1766 4757 πεπωρωμένης
1825 4683 1979 4757 ψυχῆ

2095 4694 2222 4736 sum
2258 4690 2319 4733 ut
2353 4675 2451 4753 qui
2493 4676 2805 4738 minis'rat.
2850 4703 2867 4727 ι
2900 4677 3059 4739 Nihil
3108 4682 3418 4742 excmcatis
3460 4682 3738 4745 miserius

363 4772 704 4851 ἀθλιώτερον,
772 4769 905 4827 Ἰδοὺ
966 4776 1092 4847 γοῦν
1154 4771 1182 4824 6
1244 4767 1429 4846 Κύρίος
1472 4766 1566 4845 ὅρα
1610 4768 1659 4824 τί
1702 4789 1885 4845 φησιν,
1932 4766 1986 4821 ὅτ

2096 4764 2367 4826 est.Vitle
2402 4764 2559 4824 enim
2593 4765 2731 4843 quid
2765 4768 3051 4827 Dominus
3079 4769 3267 4831 dicat:
3311 4771 3501 4831 «Ecce
3531 4790 3741 4834 manus

372 4885 395 4918 α
466 4855 527 4918 Ἠ
588 4863 709 4941 χεὶρ
766 4867 859 4915 τοῦ
911 4856 1284 4937 παραδιδόντος
1331 4877 1420 4930 με,
1467 4855 1553 4911 ἐπὶ
1595 4862 1694 4921 τῆς
1748 4856 1981 4934 τραπέζη

2099 4853 2385 4914 tradentis
2421 4872 2535 4931 me,
2573 4871 2801 4913 mecum
2834 4864 2921 4914 est
2952 4855 3009 4916 in
3053 4876 3253 4918 mensa
3287 4875 3300 4920 :
3338 4884 3359 4911 η
3389 4869 3447 4919 et
3473 4861 3741 4939 stupidus

367 4949 485 5027 μετ’
540 4951 671 5026 ἐμοῦ
704 4965 721 4982 ⁶
764 4973 787 5004 υ
837 4950 925 5004 καὶ
964 4950 991 5003 6
1034 4947 1280 5008 ἀσύνετος
1326 4944 1421 5001 οὒκ
1463 4944 1739 5019 ᾐσθάνετο.
1792 4947 1889 5002 Καὶ
1918 4947 2016 5022 γὰρ

368 5042 429 5097 οὖ
482 5040 664 5118 μόνον,
710 5037 802 5092 ’ίνα
844 5035 985 5111 δείξῃ
1034 5035 1113 5091 ὅτι
1154 5037 1246 5090 οὒκ
1276 5034 1461 5111 ἀγνοεῖ
1495 5035 1553 5089 τὸ
1583 5030 2013 5108 συμϐησόμενον,

366 5133 532 5188 “suum
590 5126 734 5204 λέγει
793 5126 821 5180 6
882 5124 1089 5199 Κύριος,
1134 5121 1271 5178 ἀλλά
1320 5123 1408 5177 καὶ
1448 5120 1540 5177 ἵνα
1570 5119 1710 5198 δείξῃ
1752 5123 1890 5197 ἡμῖν
1932 5125 2018 5178 καὶ

366 5218 468 5286 τὴν
499 5218 695 5274 οἰκείαν
738 5214 1065 5291 ἀγαθότητα,
1099 5212 1187 5267 καὶ
1242 5211 1341 5277 τὴν
1396 5218 1488 5265 τοῦ
1544 5210 1801 5289 προδότου
1843 5233 1912 5267 πο
1926 5234 2014 5276 ιη-

369 5308 511 5387 ρίαν,
566 5305 647 5361 ὅτι
729 5306 818 5358 καὶ
902 5301 1168 5363 συνέστιος
1241 5296 1475 5375 γενέσθαι
1540 5302 1635 5356 06x
1689 5299 2017 5378 ἠρυθρίασεν,

374 5393 504 5453 Οὒδὲ
561 5392 721 5450 πάλιν
778 5390 934 5453 αὐτὸς
990 5389 1164 5469 ἀφῆκε
1217 5388 1281 5443 τὰ
1311 5387 1485 5443 οἰκεῖα
1518 5394 1714 5460 ποιῶν,
1747 5390 1834 5444 καὶ
1862 5390 2020 5444 τύπον

368 5486 505 5559 ἡμῖν
557 5484 735 5553 τιθεὶς,
782 5478 874 5535 ἶνα
933 5475 1062 5559 ἄχρι
1120 5476 1303 5539 τέλους
1364 5473 1741 5553 σπουδάζωμεν
1771 5476 2021 5556 κερδῆσαι

371 5574 491 5639 τοὺς
544 5573 852 5635 πταίοντας.
918 5590 942 5625 ε
1009 5570 1109 5626 Καὶ
1164 5569 1191 5623 6
1246 5566 1343 5642 μὲν
1412 5567 1528 5629 Υἱὸς
1572 5572 1664 5622 τοῦ
1725 5566 2019 5651 ἀνθρώπου,

2103 4961 2218 5003 non
2251 4942 2439 5002 sensit
2520 4941 2749 5002 Etenim
2808 4943 3093 5006 Dominus
3143 4947 3267 5009 haec
3295 4947 3459 5021 dicit,
3489 4968 3604 5009 non
3636 4968 3739 5011 so.

2102 5033 2220 5091 lum
2249 5038 2310 5090 ut
2336 5033 2609 5091 ostendat
2626 5050 2690 5091 se
2725 5051 2839 5092 non
2876 5033 3149 5109 ignorare
3179 5040 3331 5116 quod
3368 5038 3740 5112 eveniet,sed

2104 5128 2243 5181 etut
2271 5118 2437 5179 nobis
2462 5137 2626 5180 suam
2665 5119 3009 5189 bonitatem,
3031 5135 3085 5185 et
3126 5125 3442 5203 proditoris
3463 5126 3741 5188 malitiam

2104 5208 2398 5283 ostendat,
2432 5209 2530 5289 qui
2556 5228 2672 5270 non
2697 5210 3001 5271 erubuerit
3032 5232 3233 5274 secum
3256 5216 3575 5277 couvivari.
3593 5218 3743 5279 Nam

2106 5299 2392 5359 Dominus
2417 5318 2533 5360 non
2558 5301 2757 5361 omisit
2775 5319 2879 5361 sua
2901 5302 3186 5375 facerent
3211 5304 3379 5365 nobis
3408 5306 3745 5385 exemplum

2107 5388 2273 5448 daret
2305 5396 2367 5447 ut
2398 5407 2583 5468 usque
2615 5390 2674 5449 in
2704 5390 2881 5451 ﬁnem
2918 5396 3109 5471 Iapsos
3142 5393 3359 5454 lucrari
3381 5394 3747 5460 studeamus.

2108 5475 2177 5536 Et
2203 5474 2418 5537 «Filius
2448 5478 2688 5557 quidem
2724 5479 3576 5562 hominis,inquit,vaditn:non
3597 5503 3747 5565 qua-

2110 5567 2160 5627 si
2193 5584 2310 5627 non
2341 5566 2527 5631 valeat
2544 5586 2608 5630 se
2624 5566 3058 5643 vindicare,séd
3080 5572 3214 5654 quia
3230 5570 3377 5635 olim
3403 5572 3749 5639 decreverat
