4116 6212
440 260 585 344 imi

1411 276 2009 346 THEOPHYLACTI
2055 272 2466 340 BULGARI/E
2490 250 2869 342 ‘ARCHIEP.

3754 271 3895 339 107?

437 411 588 475 mori
621 413 679 472 in
712 411 968 473 salutem
1002 411 1335 473 hominum.
1376 435 1401 467 α
1426 409 1855 473 Verumtamen
1880 429 1965 471 va:
1988 411 2027 471 h

2184 413 2333 488 φησὶ,
2394 414 2669 492 πορεύεται
2699 435 2709 447 ’
2778 438 2806 468 ι
2856 414 2959 493 οὔχ
3016 416 3091 477 ὡς
3140 413 3373 471 ἀσθενῶν
3422 414 3659 489 ἀμῦναι
3703 412 3889 483 ἑαυτῷ

438 502 585 563 mini
616 501 707 563 illi
740 520 847 580 per
877 519 1051 581 quem
1084 499 1353 559 traditur.
1397 524 1418 552 υ
1456 498 1601 559 Nam
1657 499 2091 579 przedetinitum

436 591 675 672 quidem
711 598 801 651 est
831 597 896 649 ut
929 589 1183 669 patiatur
1214 608 1225 645 :
1266 588 1368 649 sed
1420 596 1478 647 tu
1510 606 1691 667 quare
1722 587 1999 648 inventus
2031 605 2096 649 es

440 680 653 755 malus,
690 686 748 739 et
776 678 855 739 ita
885 678 956 738 ad
989 676 1384 757 proditionem
1448 678 1717 755 paratus?
1770 676 2097 755 Propterea

443 766 550 829 tibi
576 786 661 829 vze
690 766 1093 845 adjudicatum
1120 773 1229 846 est,
1256 766 1393 845 quia
1446 767 1722 826 inventus
1753 784 1816 825 es
1847 765 2095 827 studens

442 857 785 937 proditioni;
822 855 958 936 quia
1005 855 1176 915 etiam
1220 871 1469 933 serpens
1530 854 1882 916 maledictus
1915 862 2003 915 est
2035 874 2104 916 eo

444 946 605 1027 quod
642 945 885 1006 servivit
916 943 1137 1005 diaboli
1164 942 1701 1005 consiliis.Turbati
1736 952 1876 1003 sunt
1902 955 2101 1005 autem

443 1034 723 1113 discipuli
755 1034 975 1094 auditis
1013 1032 1197 1103 his,et
1220 1032 1329 1092 hoc
1355 1032 1526 1092 latius
1545 1031 1742 1092 disces
1762 1032 1820 1091 in
1845 1030 2101 1110 Evange-

443 1125 520 1185 lio
550 1123 817 1186 Joannis.
838 1121 1006 1182 Nunc
1033 1129 1230 1181 autem
1264 1139 1383 1180 non
1414 1120 1487 1181 de
1518 1120 1859 1200 suspicione
1893 1121 2098 1200 prodi—

445 1213 626 1276 tionis
650 1220 872 1272 tantum
911 1209 1248 1283 turbantur,
1285 1210 1388 1269 sed
1420 1228 1490 1270 ex
1517 1209 1857 1270 turbatione
1906 1209 2003 1269 illa
2027 1209 2100 1270 ad

446 1302 859 1365 contentiones
891 1300 1165 1372 veniunt,
1201 1298 1637 1359 contendentes
1686 1300 1819 1378 quis
1851 1316 1921 1359 ex
1958 1299 2102 1378 ipsis

448 1400 604 1452 esset
628 1388 1504 1453 maximus.Incideruntautem
1530 1388 1585 1446 in
1604 1388 1752 1446 hanc
1778 1387 1939 1446 litem
1965 1386 2103 1467 quia

447 1479 770 1542 verisimile
804 1486 891 1539 est
918 1478 1075 1558 quod
1108 1476 1263 1537 inter
1292 1495 1356 1536 se
1379 1476 1665 1537 dixerunt
1698 1494 1851 1535 unus
1875 1474 2046 1536 alteri
2082 1494 2095 1535 :

448 1568 536 1631 Tu
571 1568 909 1649 proditurus
942 1585 1029 1642 es,
1084 1575 1141 1627 et
1169 1566 1321 1626 alius
1353 1565 1526 1626 alteri
1564 1583 1576 1626 :
1607 1563 1718 1626 Tu.
1756 1562 1828 1625 Et
1858 1562 2000 1625 inde
2031 1583 2101 1626 eo

449 1666 842 1741 pervenerunt
873 1665 937 1716 ut
968 1656 1235 1746 dicerent
1266 1674 1279 1717 ε
1307 1655 1434 1746 Ego
1458 1673 1584 1746 sum
1599 1653 1843 1746 _melior,
1876 1662 1959 1746 et,
1978 1655 2100 1733 Ego
2127 1697 2162 1746 Β

450 1768 578 1811 sum
608 1749 814 1828 major,
848 1756 905 1807 et
933 1745 1171 1805 similia.
1212 1745 1364 1816 Quid
1399 1743 1577 1819 igitur
1598 1742 2098 1805 Dominus?Com-

451 1840 653 1921 primit
678 1836 991 1899 tumultum
1016 1836 1174 1895 hunc
1207 1832 1437 1894 duobus
1469 1830 1918 1910 exemplis.Uno
1951 1850 2101 1921 gen-

453 1927 667 2002 tilium,
720 1944 868 2005 quos
914 1924 1379 1986 abominantur:
1416 1920 1737 1982 ostendens
1782 1921 1935 1999 quod
1985 1920 2103 1981 illis

392 2078 403 2083 -
451 2014 820 2078 assimilandi
842 2014 979 2085 sint,
1014 2012 1063 2072 si
1090 2011 1317 2090 sapiant
1350 2008 1799 2071 similia.Altero
1823 2009 1963 2068 470
1990 2027 2100 2069 au-

454 2115 570 2168 tem
600 2123 710 2166 suo
739 2100 1162 2181 exemplo.Eos
1193 2100 1351 2159 enim
1374 2097 1862 2167 ndshumilitatem
1896 2116 2100 2159 exem-

456 2195 550 2274 plo
578 2213 684 2253 suo
711 2192 894 2270 ducit,
927 2189 1249 2249 ostendens
1282 2186 1438 2267 quod
1498 2187 1624 2265 ipse
1663 2187 1960 2247 ministret
1987 2187 2096 2248 eis.

452 2282 685 2345 Etenim
718 2288 878 2352 tunc,
916 2278 1065 2339 sicut
1092 2278 1310 2335 dictum
1346 2282 1455 2350 est,
1486 2293 1695 2353 panem
1712 2293 1878 2334 suum
1911 2284 1967 2335 et
1988 2295 2097 2356 po-

456 2382 579 2433 tum
602 2369 923 2432 distribuit.
950 2366 1091 2428 Cum
1124 2365 1302 2443 igitur
1328 2383 1456 2441 ego,
1493 2381 1668 2442 quem
1702 2363 1896 2422 omnis
1926 2363 2097 2424 ratio-

458 2462 610 2522 nalis
641 2467 698 2519 et
728 2456 1000 2535 angelica
1031 2462 1302 2514 creatura
1331 2452 1597 2523 adorant,
1630 2451 1689 2510 in
1723 2452 1922 2511 medio
1965 2471 2098 2512 ves-

458 2550 528 2611 tri
576 2549 870 2620 ministro,
907 2543 1203 2624 quomodo
1236 2560 1336 2601 vos
1366 2540 1530 2618 digni
1576 2540 1719 2601 estis
1763 2540 1863 2620 qui
1896 2559 2103 2620 magna

454 2642 528 2701 de
563 2637 729 2699 vobis
762 2633 1116 2707 sentiatis,et
1142 2631 1359 2712 primas
1393 2638 1585 2709 partes
1615 2627 1885 2707 capiatis?
1916 2629 2101 2691 Vide-

452 2739 546 2790 tur
568 2735 762 2789 autem
796 2724 939 2785 mihi
972 2741 1089 2782 non
1122 2719 1317 2781 obiter
1347 2720 1523 2799 hujus
1562 2717 1863 2779 recubitus
1898 2728 1954 2779 et
1986 2721 2100 2778 mi-

453 2816 683 2880 nisterii
705 2812 1068 2883 meminisse,
1094 2809 1195 2870 sed
1224 2809 1512 2868 reducere
1531 2805 1615 2867 eis
1643 2806 1702 2866 in
1726 2807 2097 2887 memoriam,

454 2908 593 2988 quia
624 2907 706 2969 De
739 2922 856 2965 uno
882 2918 1032 2982 pane
1067 2898 1438 2977 comedistis,
1471 2905 1527 2957 et
1551 2915 1619 2957 ex
1649 2914 1765 2956 uno
1790 2895 1973 2957 calice
2006 2898 2097 2956 bi-

2182 498 2303 554 ἀλλ’
2334 503 2407 565 ὡς
2440 504 2620 580 ὁρίσας
2679 505 2850 578 ἑαυτῷ
2891 506 2983 559 τὸν
3030 504 3255 560 θάνατον
3315 503 3402 559 ἐπὶ
3465 502 3747 579 σωτηρία
3788 508 3883 555 τῶν

2184 585 2497 666 ἀνθρώπων,
2537 615 2565 647 α
2626 591 2772 659 Πλὴν
2827 594 2940 649 οὗαὶ
2980 599 3056 666 τῷ
3111 592 3369 669 ἀνθρώπῳ
3420 591 3671 668 ἐκείνῳ,
3707 589 3781 645 δι’
3833 596 3888 644 c6

2184 675 2548 753 παραδίδοται.
2591 700 2619 739 ι
2659 672 2920 760 (Ὠρισται
2952 682 3046 755 μὲν
3079 683 3178 759 γὰρ
3232 684 3447 760 παθεῖν,
3490 680 3665 736 ἀλλὰ
3704 681 3770 735 σὺ
3814 677 3888 733 ad

2193 765 2243 819 τί
2294 766 2505 845 εὒρὲθης
2579 771 2769 849 κακὸς,
2859 770 2995 826 ὥστε
3054 781 3184 849 πρὸς
3266 768 3603 847 προσδοσίαν
3673 768 3890 841 ἕτοιμος

2192 855 2333 910 εἶναι
2368 876 2383 935 ;
2449 858 2545 912 Διὰ
2599 864 2755 914 τοῦτο
2782 866 2867 915 οὖν
2900 881 2982 914 σοι
3027 860 3090 914 τὸ
3121 861 3233 917 οὒαὶ
3264 857 3785 936 ἀποκεκλήρωται,
3817 858 3889 912 ὅτι

2190 944 2401 1021 εὓρέθης
2464 944 2763 1017 ἐπιτήδειος
2823 949 2896 1011 εἷς
2984 946 3267 1027 προδοσίαν
3299 968 3311 980 ·
3376 950 3491 1003 ἒπεὶ
3544 949 3656 1003 καὶ
3705 950 3737 1001 ὁ
3772 948 3889 1026 ὄφις

2188 1030 2598 1113 ἓπικατάρατος,
2646 1034 2775 1091 διότι
2833 1038 3133 1114 ὑπούργησε
3183 1044 3251 1112 τῇ
3302 1039 3394 1091 106
3423 1034 3713 1091 διαϐόλου
3749 1058 3889 1109 συμ-

2185 1117 2373 1198 ϐουλῇ.
2436 1122 2864 1201 Ἐθορυὸήθησαν
2921 1123 2974 1180 δὲ
3038 1127 3083 1181 οἱ
3156 1127 3388 1200 μαθηταὶ
3447 1128 3638 1180 ταῦτα
3728 1125 3893 1178 ἀκούο

2186 1232 2368 1275 σαντες
2404 1227 2417 1240 ⁸
2480 1214 2568 1267 καὶ
2619 1221 2775 1270 τοῦτο
2824 1212 3145 1291 πλατύτερον
3204 1215 3418 1289 μαθήσῃ
3478 1213 3536 1268 ἐν
3594 1220 3695 1288 τῷ
3762 1215 3895 1267 κατὰ

2187 1296 2461 1366 Ἰωάννην.
2526 1308 2627 1358 Νῦν
2682 1300 2734 1357 δὲ
2779 1303 2837 1358 οὗ
2882 1304 2999 1381 περὶ
3042 1308 3140 1370 τῆς
3198 1303 3441 1367 ὑπονοίας
3489 1308 3603 1369 τῆς
3677 1300 3889 1379 προδοο

2188 1391 2301 1451 σίας
2358 1388 2691 1467 θορυϐοῦνται
2745 1392 2931 1471 μόνον,
2989 1390 3111 1447 ἀλλ’
3155 1392 3214 1448 ἐκ
3258 1392 3441 1447 τούτου
3488 1399 3590 1449 τοῦ
3647 1389 3887 1469 θορύδοδ

2186 1477 2271 1531 καὶ
2325 1478 2398 1541 εἰς
2459 1476 2563 1555 ἔριν
2624 1478 2893 1559 ἔρχονται,
2954 1478 3372 1558 φιλονεικοῦντες
3419 1481 3497 1542 τίς
3544 1482 3757 1536 αὐτῶν
3790 1478 3882 1545 εἴη

2186 1565 2402 1639 μείζων.
2435 1563 2718 1624 Ἐνὲπεσον
2776 1567 2829 1623 δὲ
2890 1570 2961 1631 εἰς
3016 1574 3212 1637 ταύτην
3242 1570 3341 1635 τὴν
3373 1568 3476 1641 ἔριν
3506 1568 3874 1630 ἀκολούθως.

2188 1653 2335 1708 Ἐπεὶ
2392 1654 2491 1731 γὰρ
2549 1658 2681 1735 πρὸς
2726 1655 2991 1727 ἀλλήλους
3048 1659 3187 1723 εἰκὸς
3257 1658 3323 1726 ἦν
3364 1656 3563 1734 λέγειν,
3640 1657 3740 1712 ὅτι
3805 1658 3879 1711 Σὺ

2185 1741 2399 1816 μέλλεις
2443 1742 2741 1823 προδιδόναι
2779 1763 2792 1776 '
2856 1748 2943 1803 καὶ
2998 1754 3062 1802 αὖ
3112 1750 3319 1810 ἒκεϊνος
3376 1748 3568 1827 τούτῳ,
3627 1747 3725 1803 ὅτι
3776 1747 3873 1801 Σύ⁶

2185 1830 2245 1886 ἐκ
2302 1834 2487 1889 τούτου
2550 1836 2905 1915 προήχθησαν
2966 1838 3037 1897 εἷς
3110 1839 3171 1893 τὸ
3246 1835 3470 1915 λέγειν·
3529 1836 3701 1915 Ἐγώ
3764 1838 3877 1911 εἰμι

2183 1920 2456 1998 κρείττων,
2516 1925 2627 1996 καὶ,
2685 1924 2828 2001 Ἐγὼ
2878 1926 2984 1999 εἰμι
3035 1927 3250 2000 μείζων,
3281 1927 3461 1983 καὶτά
3503 1934 3779 1987 τοιαῦτα,
3819 1926 3879 1983 Τί

2186 2016 2273 2065 οὖν
2335 2013 2362 2066 ὁ
2394 2012 2579 2089 Κύριος
2615 2032 2630 2087 ;
2668 2012 3021 2071 Καταστέλλει
3053 2017 3144 2072 τὸν
3173 2013 3389 2094 θόρυϐον
3447 2017 3663 2073 τιύτων
3724 2014 3876 2070 δυσὶν

2186 2098 2585 2177 ὅποδείγμασιν,
2648 2102 2721 2157 ἑνὶ
2778 2102 2874 2177 μὲν
2918 2110 2994 2179 τῷ
3037 2111 3142 2159 τῶν
3200 2104 3441 2184 ἐθνικῶν,
3502 2107 3595 2167 οὒς
3650 2101 3866 2180 βδελυ-

2183 2189 2339 2251 κτοὺς
2367 2190 2552 2269 εἶχον,
2589 2189 2836 2246 δεικνύων
2888 2190 2967 2247 ὅτι
3018 2194 3223 2255 τούτοις
3258 2192 3489 2253 ἐοικότες
3521 2193 3781 2260 ἔσονται,
3818 2194 3862 2248 εἰ

2182 2280 2395 2333 τοιαῦτα
2440 2286 2712 2356 φρονοῦσιν
2746 2293 2765 2311 ⁸
2806 2281 2968 2357 ἑτέρῳ
3010 2280 3063 2336 δὲ
3092 2287 3169 2354 τῷ
3220 2283 3405 2338 ἑαυτοῦ
3440 2302 3454 2318 ·
3508 2280 3584 2337 δι’
3645 2283 3857 2338 ἑαυτοῦ

2183 2365 2281 2443 γὰρ
2331 2368 2401 2431 εἷς
2458 2370 2941 2448 ταπεινοφροσύνην
2989 2370 3129 2447 ἄγει,
3174 2369 3373 2433 δεικνὺς
3418 2372 3602 2426 ἑαυτὸν
3651 2368 3851 2428 3mm-

2184 2461 2371 2510 νοῦντα
2428 2458 2633 2520 αὐτοῖς.
2699 2460 2794 2514 Καὶ
2847 2459 2946 2536 γὰρ
2994 2458 3057 2527 δὴ
3100 2459 3243 2533 τότε,
3304 2462 3436 2517 καθά
3465 2461 3718 2538 εἴρηται,
3756 2463 3850 2515 τὸν

2184 2539 2339 2621 ἄρτον
2390 2544 2572 2608 αὺτοῖς
2628 2546 2711 2602 καὶ
2768 2548 2829 2602 τὸ
2886 2549 3140 2625 ποτήριον
3168 2548 3445 2625 διένειμεν,
3480 2548 3630 2606 Ἐπεὶ
3660 2550 3850 2605 τοίνυν

2185 2630 2292 2709 ἐγὼ
2350 2636 2377 2689 ὁ
2425 2635 2527 2690 ὑπὸ
2601 2636 2775 2702 πάσης
2853 2636 3143 2716 ἀηελικης
3182 2640 3294 2695 ’καὶ
3346 2637 3565 2716 λογικῆς
3626 2642 3852 2709 φύσεως

2189 2725 2654 2800 προσκυνούμενος,
2716 2725 2771 2813 ἐν
2817 2727 2963 2800 μέσῳ
3016 2728 3162 2801 ὑμῶν
3211 2726 3454 2801 διακονῶ,
3507 2734 3623 2791 πῶς
3680 2731 3853 2804 ὑμεῖς

2188 2810 2327 2875 ἆίξιοι
2379 2812 2495 2868 ἐστε
2526 2810 2970 2895 μεγαλοιξροιετν,
3034 2818 3122 2873 καὶ
3152 2819 3271 2896 περὶ
3299 2821 3568 2896 πρωτείων
3599 2818 3802 2895 ἐρίζειν
3835 2833 3854 2891 ;

2194 2910 2355 2958 Δοκεῖ
2398 2901 2452 2958 δέ
2501 2926 2588 2978 μοι
2624 2902 2757 2979 μηδὲ
2787 2906 3061 2983 παρέργως
3121 2905 3257 2963 οὕτω
3312 2914 3678 2983 μνημονεῦσαι
3748 2912 3850 2975 τῆς

456 2986 648 3067 bistis.
677 2994 897 3057 amicos
931 2999 988 3050 et
1018 2989 1328 3049 unanimes
1352 3006 1467 3047 una
1513 3003 1715 3047 mensa
1749 2986 1925 3048 fecit:
1953 3006 2096 3068 qua-

2188 2990 2510 3055 ἆνακλίσεως
2572 2993 2772 3059 ταύτης
2829 2996 2916 3050 καὶ
2973 2995 3068 3063 τῆς
3122 2993 3411 3077 διακονίας,
3473 2994 3592 3051 ἀλλ’
3638 2997 3851 3073 ἀναμι-

451 3105 518 3148 re
541 3104 678 3163 ergo
711 3082 912 3162 sapitis
942 3096 1071 3158 quae
1102 3076 1249 3137 tales
1280 3095 1393 3153 non
1428 3077 1670 3137 decent?
1694 3083 1752 3135 et
1784 3094 1975 3156 neque
1994 3094 2099 3155 ego

456 3176 554 3237 uni
590 3173 827 3254 quidem
849 3167 1081 3246 servivi,
1114 3167 1283 3254 alteri
1323 3175 1517 3225 autem
1555 3184 1671 3254 non
1721 3164 1960 3239 servivi,
1994 3166 2097 3225 sed

454 3284 524 3326 ex
558 3252 723 3341 {equo
775 3257 1051 3318 omnibus
1083 3253 1247 3313 vobis
1283 3270 1295 3313 :
1334 3272 1542 3313 omnes
1587 3252 1765 3330 igitur
1812 3272 1991 3313 unum
2044 3262 2099 3314 et

455 3354 614 3416 idem
648 3346 937 3409 sentiatis.
970 3344 1056 3403 Tu
1109 3353 1302 3403 autem
1338 3360 1403 3402 ex
1438 3343 1526 3401 his
1556 3341 1831 3402 omnibus
1872 3342 2097 3403 intelli-

454 3461 555 3521 gas
581 3439 733 3518 quod
757 3432 1028 3513 discipuli
1051 3433 1243 3492 adhuc
1266 3431 1598 3511 imperfecti
1621 3431 1971 3521 fuerint,sed
2005 3433 2095 3492 vi-

453 3519 528 3592 de
559 3526 856 3606 quomodo
901 3531 956 3582 et
990 3532 1191 3601 posm
1240 3521 1599 3583 refulserint.
1652 3519 2101 3583 Confundantur

453 3611 897 3693 Manichaei,qui
920 3611 1125 3672 dicunt
1160 3610 1445 3689 quosdam
1471 3618 1678 3669 natura
1711 3626 1840 3669 esse
1862 3608 2096 3671 indoci-

454 3710 566 3789 les,
598 3716 655 3768 et
684 3700 1111 3783 impossibilem
1136 3718 1268 3760 esse
1298 3700 1429 3759 vita;
1462 3698 1865 3760 mutationem.

534 3980 715 4039 Vens.
748 3972 954 4037 28-34.
987 3995 1011 4024 ι
1048 3968 1165 4030 Vos
1195 3976 1388 4030 autem
1425 3967 1568 4030 estis
1615 3967 1715 4047 qui
1760 3969 2095 4047 permansi-

449 4069 555 4130 stis
586 4083 814 4128 mecum
844 4064 903 4122 in
938 4058 1356 4121 tentationibus
1382 4058 1525 4118 meis
1562 4079 1573 4115 :
1617 4065 1672 4116 et
1703 4075 1809 4135 ego
1844 4057 2091 4137 dispono

449 4157 637 4229 vobis,
674 4148 1136 4229 sicutdisposuit
1158 4147 1305 4208 mihi
1328 4151 1504 4212 Pater
1529 4164 1695 4207 meus
1724 4165 1996 4227 regnum,
2033 4154 2095 4207 ut

450 4246 637 4307 edatis
668 4252 725 4304 et
750 4240 988 4312 bibatis,
1023 4256 1203 4317 super
1254 4256 1515 4298 mensam
1561 4255 1749 4297 meam
1800 4239 1858 4297 in
1909 4254 2092 4314 regno

2186 3081 2687 3162 μνήσκωνιαύτοὺς,
2735 3081 2815 3137 ὅτι
2862 3084 2918 3139 Εἰ
2962 3082 3013 3148 ἐξ
3075 3085 3189 3149 ἐνὸς
3247 3085 3404 3157 ἄρτου
3458 3086 3711 3165 ὲφάγετε,
3758 3087 3846 3141 καί

2183 3167 2235 3233 ἐξ
2292 3170 2407 3231 ἐνὸς
2456 3172 2708 3249 ποτηρίου
2763 3171 2957 3253 ἐπίετε,
3018 3172 3197 3253 φίλους
3249 3175 3382 3251 ὑμᾶς
3412 3175 3498 3230 καὶ
3526 3175 3841 3249 ἡνωμένους

2181 3260 2215 3326 ἡ
2259 3260 2353 3333 μία
2410 3260 2639 3337 τράπεζα
2703 3275 2853 3318 ποιεῖ
2885 3278 2900 3296 ⁰
2974 3260 3109 3319 διατί
3150 3264 3324 3320 ταίνυν
3366 3262 3585 3329 ἀναξίως
3629 3266 3836 3320 τούτων

2182 3360 2426 3427 φρονεῖτε
2466 3367 2481 3428 ;
2516 3347 2666 3406 Ἀλλ’
2697 3348 2804 3409 οὔδ’
2834 3350 2942 3429 ἐγὼ
2970 3352 3140 3425 τούτῳ
3189 3353 3285 3426 μὲν
3315 3351 3632 3427 διηκόνησα,
3656 3354 3834 3426 τούτῷ

2182 3434 2225 3492 δ’
2256 3439 2338 3517 οἳ),
2370 3436 2507 3494 ἀλλὰ
2536 3444 2695 3495 πᾶσιν
2729 3440 2859 3515 ὑμῖν
2890 3441 3079 3507 ἐπίσης
3108 3459 3121 3473 ’
3157 3442 3350 3508 πάντες
3401 3444 3487 3499 οὖν
3517 3441 3573 3497 ἓν
3628 3445 3716 3499 καὶ
3773 3443 3834 3498 τὸ

2182 3528 2308 3583 αὐτὸ
2351 3540 2621 3607 φρονεῖτε.
2668 3529 2740 3584 Σὺ
2794 3526 2848 3584 δέ
2897 3550 2988 3605 μοι
3033 3529 3093 3586 ἐκ
3136 3532 3351 3588 πάντων
3393 3532 3593 3588 τούτων
3636 3530 3831 3610 ἐννόει,

2182 3624 2295 3679 πῶς
2324 3615 2534 3680 ἀτελεῖς
2564 3616 2699 3685 ἦσαν
2735 3616 2811 3674 ἔτι
2856 3619 2903 3674 οἱ
2937 3621 3170 3694 μαθηταί
3198 3638 3217 3657 ⁸
3264 3620 3387 3678 ἀλλ’
3419 3619 3502 3677 ’ίδε
3533 3624 3644 3685 πῶς
3677 3622 3831 3678 ὕστε-

2098 3715 2103 3720 .
2182 3730 2270 3787 ρον
2330 3705 2598 3782 ἔλαμψαν.
2660 3704 3117 3785 Ἐντρεπέσθωσαν
3191 3717 3490 3792 Μανιχαϊοι
3560 3709 3830 3793 λέγοντες,

2179 3797 2257 3853 ὅτι
2290 3796 2351 3853 ἐκ
2380 3796 2585 3875 φύσεώς
2645 3798 2742 3852 εἶσί
2783 3819 2921 3861 τινες
2979 3799 3227 3874 ἀμαθεῖς,
3293 3802 3383 3856 καὶ
3438 3798 3686 3856 ἀδύνατον
3730 3822 3831 3876 με-

2178 3886 2457 3951 τατεθῆναι
2487 3888 2724 3951 τούτους,

2268 3992 2296 4023 α
2342 3957 2531 4043 ’Υμετς
2575 3966 2628 4023 δέ
2661 3968 2778 4025 ἐστε
2822 3972 2867 4025 οἱ
2926 3966 3374 4045 διαμεμενηκότες
3431 3969 3549 4044 μετ’
3602 3968 3735 4045 ἐμοῦ
3770 3970 3827 4026 ἐν

2178 4059 2298 4123 τοῖς
2354 4057 2675 4135 πειρασμοῖς
2729 4080 2855 4133 μου,
2916 4057 3066 4137 κάγὼ
3121 4056 3411 4134 διατίθεμαι
3467 4060 3619 4133 ὑμῖν,
3653 4061 3820 4123 καθὼς

2177 4145 2374 4203 διέθετό
2420 4168 2511 4223 μοι
2557 4149 2584 4202 ὃ
2616 4148 2797 4225 Πατήρ
2861 4169 2964 4221 μου
3007 4144 3300 4222 βασιλείαν,
3348 4148 3439 4203 ἵνα
3492 4146 3695 4214 ἐσθίητε
3741 4144 3823 4204 καὶ

2176 4237 2363 4303 πίνητε
2450 4237 2535 4291 ἐπὶ
2591 4240 2690 4302 τῆς
2746 4236 3009 4314 τραπέζης
3069 4258 3193 4310 μου,
3254 4238 3341 4292 καὶ
3396 4237 3679 4308 καθέζησθε
3730 4236 3823 4293 bri

449 4354 606 4415 meo,
640 4342 696 4394 et
726 4329 982 4391 sedeatis
1005 4346 1183 4406 super
1206 4328 1477 4407 thronos,
1503 4327 1848 4406 judicantes
1876 4325 2096 4415 duode-

2184 4327 2377 4402 θρόνων
2463 4326 2724 4404 κρίνοντες
2779 4326 2871 4390 τὰς
2931 4321 3132 4381 δώδεκα
3203 4324 3368 4405 φυλὰς
3439 4333 3532 4384 106
3584 4323 3824 4406 Ἰσραήλ,

447 4413 805 4486 οἱωίεὼυε
852 4417 1057 4479 Israel.
1107 4417 1205 4478 Ait
1257 4426 1450 4477 autem
1507 4415 1829 4477 Dominus:
1867 4413 2097 4490 Simon,

447 4513 678 4589 Simon,
706 4526 870 4577 ecce,
903 4510 1149 4566 Satanas
1208 4505 1490 4585 expetivit
1546 4523 1670 4577 vos,
1706 4513 1766 4564 ut
1811 4502 2099 4565 cribraret

446 4604 601 4663 sicut
630 4600 891 4659 triticum
929 4616 942 4657 :
977 4596 1083 4655 sed
1117 4613 1222 4674 ego
1254 4594 1451 4673 rOgavi
1490 4614 1591 4674 pro
1643 4602 1723 4674 te,
1758 4614 1832 4655 ne
1865 4592 2098 4655 deficiat

452 4692 601 4753 ﬁdes
639 4685 833 4749 tua.Et
867 4694 928 4745 tu
962 4684 1279 4763 aliquando
1322 4703 1641 4743 conversus
1671 4685 1955 4745 conﬁrma
1971 4682 2095 4743 fra-

447 4790 566 4842 tres
597 4788 753 4839 tuos.
790 4780 860 4835 At
884 4774 988 4833 ille
1010 4773 1149 4833 dixit
1177 4774 1229 4833 ei
1270 4795 1281 4831 :
1319 4772 1592 4845 Domine,
1626 4782 1819 4833 tecum
1854 4781 2093 4853 paratus

445 4888 575 4932 sum
603 4876 660 4928 et
684 4868 743 4926 in
776 4880 1076 4925 carcerem
1109 4871 1165 4921 et
1188 4862 1246 4921 in
1276 4870 1525 4922 mortem
1550 4863 1743 4924 ire.At
1766 4862 1862 4922 ille
1894 4861 2040 4922 dixit
2071 4878 2084 4923 :

445 4958 592 5020 Dico
626 4955 965 5031 tibi,l’etre,
1001 4970 1115 5011 non
1150 4960 1317 5010 canet
1348 4951 1524 5011 hodie
1541 4951 1728 5029 gallus
1751 4952 2089 5031 priusquam

445 5056 535 5107 ter
555 5046 815 5122 abneges
844 5058 1017 5101 nosse
1052 5059 1167 5102 me.
1210 5065 1230 5093 ι
1284 5042 1602 5117 Postquam
1637 5040 1781 5100 dixit
1822 5040 2093 5102 traditori

446 5153 554 5208 vas,
610 5144 667 5196 et
719 5134 775 5192 in
818 5130 1017 5191 medio
1069 5129 1267 5189 docuit
1322 5147 1421 5188 eos
1452 5128 1707 5189 humiles
1740 5129 2095 5192 esse:sicut

443 5222 712 5285 traditori
744 5239 826 5280 va:
864 5217 1332 5296 adjudicavit,ita
1357 5225 1464 5277 ete
1485 5218 2092 5297 diverso,inquit:\’os

443 5313 586 5374 estis
609 5311 711 5392 qui
744 5307 1049 5370 mansistis
1102 5325 1334 5368 mecum
1378 5307 1437 5367 in
1472 5307 1889 5369 tentationibus
1921 5308 2089 5383 meis,

444 5403 580 5464 ideo
615 5410 675 5463 et
708 5398 1043 5461 mercedem
1073 5396 1236 5457 vobis
1268 5396 1664 5477 dispono,hoc
1692 5405 1802 5471 est,
1828 5397 2096 5477 paciscor

443 5490 745 5555 vobiscum
771 5498 997 5568 ut,cum
1027 5491 1195 5547 Pater
1226 5505 1394 5547 meus
1418 5487 1773 5568 disposuerit
1804 5487 2092 5552 mihi,hoc

443 5576 563 5661 est,
622 5575 1017 5657 segregaverit
1066 5574 1212 5635 mihi
1267 5593 1498 5653 regum,
1546 5576 1732 5637 edatis
1775 5585 1831 5637 et
1878 5574 2092 5637 bibatis

2184 4414 2323 4470 Εῒπε
2366 4411 2421 4468 δὲ
2478 4414 2507 4469 ὁ
2566 4414 2749 4487 Κύριος
2784 4430 2798 4444 ⁸
2864 4415 3070 4494 Σίμων,
3114 4414 3319 4490 Σίμων,
3380 4413 3488 4472 ἰδοὺ
3532 4418 3561 4471 ὃ
3591 4422 3828 4479 Σατανᾶς

2180 4501 2476 4579 ἐξῃτήσατο
2518 4504 2653 4578 ὑμᾶς
2710 4510 2802 4560 106
2839 4504 3076 4560 συνιάσαι
3135 4505 3208 4567 ὡς
3251 4506 3343 4561 τὸν
3377 4518 3529 4563 σῖτον
3564 4524 3579 4539 ⁶
3638 4505 3750 4583 ἐγὼ
3777 4504 3830 4561 δὲ

2179 4589 2398 4662 ἐδεήθην
2430 4593 2546 4670 περὶ
2589 4594 2703 4672 σοῦ,
2761 4592 2852 4647 ἵνα
2912 4592 2991 4667 μὴ
3050 4590 3272 4670 ἒκλείπῃ
3307 4594 3341 4661 ἡ
3373 4594 3550 4659 πίστις
3584 4616 3698 4652 σου.
3740 4595 3833 4651 Καὶ

2178 4682 2239 4764 σύ
2298 4702 2429 4737 ποτε
2478 4680 2823 4760 ἐπιστρέψας,
2870 4681 3202 4760 ἐπιστήριξον
3254 4682 3374 4749 τοὺς
3426 4681 3679 4764 ἀδελφούς
3708 4704 3826 4745 σου.

2180 4763 2236 4831 Ὀ
2281 4772 2334 4828 δὲ
2366 4774 2520 4829 εἶπεν
2553 4772 2695 4847 αὒτῷ
2728 4788 2741 4802 ⁸
2778 4774 2957 4853 Κύριε,
3017 4774 3153 4849 μετὰ
3203 4781 3298 4830 σοῦ
3348 4763 3693 4850 ’ἐτοιμόςίείμι
3741 4777 3826 4831 καὶ

2175 4863 2247 4925 εἷς
2293 4862 2529 4942 φυλακὴν
2586 4863 2671 4917 καὶ
2715 4863 2789 4926 είς
2845 4863 3065 4919 θάνατον
3094 4862 3420 4941 πορεύεσθαι.
3460 4856 3517 4921 Ὀ
3546 4862 3767 4944 δὲκεῖπε
3805 4884 3820 4899 ·

2174 4951 2328 5029 Λέγω
2371 4974 2478 5031 σοι,
2529 4951 2714 5029 Πέτρε,
2762 4952 2821 5008 οὖ
2864 4952 2940 5026 μὴ
2998 4954 3233 5030 φωνήσει
3281 4954 3513 5033 σήμερον
3561 4953 3819 5032 ἀλέκτωρ,

2174 5042 2294 5119 πρὶν
2349 5042 2385 5109 ἢ
2442 5042 2553 5120 τρὶς
2609 5042 2891 5119 ἀπαρνήσῃ
2952 5042 3029 5116 μὴ
3100 5039 3286 5098 εἰδέναι
3344 5063 3432 5117 με,
3498 5067 3526 5097 ι
3601 5040 3821 5110 Ἐπειδὴ

2177 5130 2359 5203 εἶπεν,
2420 5130 2501 5186 ὅτι
2560 5137 2648 5204 Τῷ
2690 5128 3027 5209 παραδιδόντι
3073 5153 3138 5207 με
3184 5132 3320 5205 οὐαὶ,
3368 5133 3455 5189 καὶ
3486 5131 3540 5188 ἐν
3568 5139 3644 5206 τῷ
3677 5134 3823 5209 μέσῳ

2177 5218 2401 5283 ἐδίδαξεν
2445 5220 2654 5292 αὐτοὺς,
2715 5218 2796 5277 δτι
2864 5217 2946 5275 δεῖ
3004 5233 3405 5301 μετριοφρονετν
3438 5236 3452 5250 ’
3528 5220 3705 5301 ὥσπερ
3747 5230 3827 5299 τῷ

2176 5305 2512 5386 παραδιδόντι
2543 5309 2603 5363 τὸ
2664 5308 2778 5364 ούαὶ
2834 5308 3380 5387 προσαπεκλήρωσεν,
3438 5309 3606 5374 οὕτως
3644 5313 3828 5378 αὖτοτς

2176 5397 2236 5453 ἐκ
2278 5403 2371 5453 τοῦ
2414 5396 2649 5453 ἐναντίου
2709 5397 2893 5475 φησὶν,
2953 5396 3033 5453 ὅτι
3081 5387 3268 5474 ’Υμεῒς
3309 5395 3363 5454 δέ
3420 5397 3537 5457 ἔστε
3568 5401 3613 5457 οἱ
3646 5422 3826 5485 παρα-

2176 5486 2538 5561 μεμενηκότες
2590 5484 2711 5561 μετ’
2753 5486 2882 5562 ἐμοῦ
2924 5485 2980 5542 ἒν
3020 5500 3138 5552 τοῖς
3162 5500 3499 5565 ·πειρασμο“ῐς
3544 5510 3645 5564 μου
3680 5508 3693 5522 ·
3738 5487 3821 5547 διὸ

2176 5578 2262 5631 καὶ
2316 5573 2545 5649 ἀμοιϐὰς
2605 5577 2731 5649 ὑμῖν
2810 5573 3123 5652 διατίθεμαι,
3208 5576 3469 5654 τουτέστι,
3532 5583 3817 5658 ’Συμφωνῶ
