4116 6212
346 374 497 440 1073
1010 378 1457 443 ENARRATIO
1501 379 1579 441 IN
1628 377 2132 444 EVANGELIUM
2178 377 2420 441 LUGIE.
2466 412 2543 422 —
2587 380 2751 441 CAP.
2800 380 2992 442 XXII.
3559 372 3710 440 1074

333 511 463 589 πρὸς
492 512 651 585 ὑμᾶς,
685 510 777 567 ’ίνα
808 510 922 567 ἐπεὶ
953 512 980 567 ὁ
1012 511 1193 589 Πατήρ
1253 534 1355 587 μου
1397 510 1593 569 διέθετό
1651 536 1764 589 μοι,
1821 512 1949 591 ἥγου

2034 546 2041 566 ι
2066 526 2246 588 super
2275 528 2543 573 mensam
2572 528 2787 571 meam.
2819 509 3148 573 Comedere
3178 516 3379 571 autem
3414 515 3472 570 et
3500 507 3708 571 bibere

329 599 563 679 ἀφώρισε
624 623 715 675 μοι
767 599 1065 677 βασιλείαν,
1122 597 1328 667 ἐσθίητε
1382 604 1469 658 καὶ
1515 604 1702 670 πίνητε
1760 602 1841 683 ἐφὶ
1882 605 1949 670 τῆ

2065 599 2361 673 dixit,non
2394 598 2771 681 quasiedulia
2802 600 2922 661 illic
2949 600 3067 661 sint
3089 599 3300 680 posita,
3326 617 3519 678 neque
3540 598 3709 678 quasi

328 689 589 767 τραπέζης
649 713 774 765 μου,
833 691 905 747 Τὸ
962 688 1016 744 δὲ
1075 689 1261 746 ἐσθίειν
1314 693 1399 747 καὶ
1451 692 1613 748 πίνειν
1662 692 1839 761 εἶπεν,
1873 698 1949 771 οὗ]

2060 689 2342 749 sensibile
2374 689 2667 769 quoddam
2702 707 2947 765 regnum
2983 689 3083 752 sit.
3118 687 3250 767 Ipse
3293 688 3451 747 enim
3504 704 3611 766 per
3639 705 3709 749 ea

324 780 396 840 ὡς
455 776 757 854 ἐδεσμάτων
815 778 993 835 ἐκεῖσε
1048 778 1338 854 ἐσομένων,
1403 779 1519 837 οὐδὲ
1580 785 1651 844 ὡς
1718 784 1949 851 αἱσθητῆη

2057 796 2188 857 qua:
2217 778 2555 840 Sadducris
2583 778 2812 838 locutus
2844 786 2951 852 est,
2988 777 3159 839 docet
3188 776 3344 857 quod
3379 793 3700 837 conversa-

322 867 482 934 οὔσης
533 873 632 934 τῆς
683 866 953 943 βασιλείας
1007 868 1187 929 αὖτοῦ.
1248 868 1414 933 Αὐτός
1472 892 1530 926 τε
1592 871 1689 949 γὰρ
1750 869 1949 936 ἐδίδαξε

2056 865 2134 926 tio
2167 887 2297 948 quae
2331 867 2476 940 illic,
2503 866 2770 945 angelica
2800 866 2897 939 sit,
2931 874 2987 927 et
3014 866 3231 927 Paulus
3261 865 3699 943 docetregnum

324 957 415 1019 οἷς
467 958 598 1034 πρὸς
642 958 763 1019 τοὺς
808 954 1186 1020 Σαδδουκαίους
1218 958 1396 1038 εἶπεν,
1425 961 1497 1020 ὡς
1537 959 1796 1037 ἆγγελική
1829 961 1949 1017 ἐστιε

2049 955 2160 1016 Dei
2188 976 2303 1017 non
2335 974 2465 1017 esse
2490 956 2686 1016 cibum
2708 964 2763 1015 et
2790 954 3167 1032 potum‘9.Ne
3191 953 3321 1034 quis
3340 953 3523 1029 igitur
3542 960 3701 1015 erret

316 1046 349 1112 ἡ
382 1048 563 1102 ἐκεῖσε
594 1043 863 1124 διαγωγὴ,
921 1046 1009 1101 καὶ
1052 1047 1079 1100 ὁ
1140 1045 1344 1110 Παῦλος
1389 1044 1443 1103 δέ
1474 1046 1701 1106 διδάσκει
1732 1051 1830 1117 τὴν
1859 1052 1949 1127 βα·

2047 1043 2659 1121 audienshic_«Edatis
2677 1042 3420 1123 etbibatissupermensam
3439 1060 3654 1114 meam,
3668 1067 3693 1099 ο

315 1132 517 1190 σιλείαν
561 1142 654 1191 τοῦ
697 1142 828 1191 Θεοῦ
884 1135 961 1208 μὴ
1012 1138 1150 1190 εἶναι
1196 1136 1390 1212 βρῶσιν
1421 1138 1507 1194 καὶ
1538 1138 1713 1197 πόσιν.
1751 1142 1835 1210 Μή
1881 1164 1949 1205 τις

2044 1133 2148 1193 sed
2180 1134 2394 1212 cogitet
2428 1133 2583 1214 quod
2610 1133 2829 1194 dictum
2876 1135 2950 1192 sit
2995 1150 3067 1194 ex
3118 1132 3462 1210 metaphora
3492 1150 3694 1193 eorum

312 1223 400 1280 οὗν
458 1222 743 1280 πλανάσθω
799 1223 1006 1280 ἁκούων
1058 1226 1279 1281 ἐνταῦθα
1333 1227 1417 1300 τὸ,
1492 1250 1519 1281 ε
1576 1217 1700 1284 υΙνα
1759 1228 1965 1297 ἐσθίητε

308 1314 396 1370 καὶ
445 1313 629 1379 πίνητε
672 1313 761 1369 ἐπὶ
803 1317 902 1379 τῆς
944 1312 1208 1392 τραπέζης
1241 1332 1371 1388 μου·
1407 1308 1440 1371 ii
1483 1314 1622 1373 ἀλλὰ
1651 1319 1835 1374 νοείτω
1879 1318 1961 1375 ὅτι

306 1400 366 1458 ἐκ
423 1408 723 1481 μεταφορᾶς
780 1407 885 1457 τῶν
938 1402 1079 1481 παρὰ
1134 1414 1251 1466 τοῖς
1295 1413 1387 1463 τοῦ
1436 1405 1639 1481 κόσμου
1690 1406 1961 1483 βασιλεῦσι

304 1491 619 1566 τιμωμένων
674 1496 827 1547 τοῦτο
872 1490 1106 1567 εἴρηται.
1156 1492 1218 1549 Οἱ
1279 1492 1379 1571 γὰρ
1408 1493 1702 1552 σύνδειπνοι
1734 1504 1826 1553 τοῦ
1853 1498 1955 1573 βα-

300 1576 494 1642 σιλέως
526 1576 735 1637 δοκοῦσι
770 1580 979 1635 πάντων
1037 1581 1347 1656 πρωτεύειν.
1402 1589 1563 1639 Τοῦτο
1594 1583 1684 1640 οὗν
1714 1585 1803 1641 καὶ
1842 1581 1957 1665 περὶ

2050 1225 2212 1302 quia
2239 1222 2478 1303 regibus
2510 1224 2905 1285 honorantur.
2938 1224 3081 1282 Nam
3135 1222 3233 1303 qui
3277 1239 3409 1281 cum
3458 1218 3698 1299 regibus

2046 1312 2588 1385 cmnant,videntur
2609 1311 2829 1393 primos
2857 1312 3114 1371 honores
3143 1306 3698 1387 sortiri.Hocigitur

2046 1408 2105 1460 et
2134 1400 2209 1462 de
2243 1402 2525 1481 apostolis
2565 1400 2732 1472 dicit,
2769 1399 2929 1477 quod
2959 1399 3113 1478 apud
3146 1418 3210 1461 se
3254 1398 3531 1459 omnibus
3563 1397 3695 1459 aliis

2044 1490 2456 1568 praferantur.
2484 1493 2560 1553 At
2595 1489 2695 1551 ubi
2730 1490 2979 1551 thronos
3008 1497 3067 1552 et
3090 1487 3263 1550 sedes
3279 1485 3692 1563 audieris,non

2044 1577 2287 1640 thronos
2333 1580 2617 1657 intellige,
2652 1579 2755 1641 sed
2803 1578 3047 1657 gloriam
3101 1585 3158 1639 et
3217 1578 3528 1639 honorem.
3558 1576 3692 1639 Non

298 1675 404 1723 τῶν
456 1667 768 1727 ἀποστόλων
814 1670 995 1749 φησὶν,
1029 1666 1111 1724 ὅτι
1158 1671 1369 1727 πάντων
1404 1673 1772 1751 προτιμότεροι
1800 1664 1949 1733 ἔσον-

2040 1668 2199 1729 enim
2229 1677 2516 1730 creaturas
2566 1676 2655 1729 est
2707 1667 2942 1740 sedere.
2969 1666 3072 1726 sed
3112 1673 3329 1728 sancta:
3359 1664 3687 1740 Trinitatis,

296 1777 380 1811 ται
439 1755 565 1834 παρ’
624 1758 790 1831 αὑτῷ,
854 1754 1003 1814 Ἐπεὶ
1043 1758 1132 1814 καὶ
1174 1756 1372 1837 θρόνων
1415 1758 1665 1841 καθέδρας
1717 1762 1945 1838 ἁκούων,

2038 1757 2285 1819 increali
2332 1766 2391 1820 et
2433 1756 2591 1835 regis
2630 1756 2899 1818 omnium
2953 1754 3097 1815 Dei:
3134 1763 3420 1815 creaturae
3466 1762 3686 1835 autem,

295 1846 373 1919 μὴ
424 1844 636 1920 θρόνους
695 1846 829 1925 νόει,
886 1844 1025 1901 ἀλλὰ
1082 1848 1243 1921 τιμὴν
1272 1848 1359 1904 καὶ
1391 1846 1566 1914 δόξαν.
1614 1850 1790 1911 Οὐδεὶς
1847 1854 1945 1931 γὰρ

2035 1856 2311 1926 tanquam
2375 1846 2632 1918 ancillze,
2670 1853 2757 1906 est
2813 1853 2994 1918 stare,
3054 1843 3234 1923 idque
3301 1841 3691 1923 corporaliter

292 1941 400 1990 τῶν
430 1940 665 1991 κτιστῶν
710 1936 799 1991 καὶ
830 1941 1096 2014 γενητῶν,
1128 1935 1243 1993 ἐκεῖ
1269 1936 1566 1995 καθεδεῖται
1602 1955 1615 1969 ⁸
1669 1939 1807 1997 ἀλλὰ
1849 1947 1945 2009 τῆς

298 2023 452 2100 ἁγίας
498 2021 740 2100 Τριάδος,
790 2030 883 2080 τοῦ
936 2023 1182 2083 ὰκτίστου
1230 2028 1317 2082 καὶ
1363 2026 1625 2101 βασιλέως
1656 2032 1761 2085 τῶν
1808 2028 1947 2086 ὅλων

297 2119 450 2185 Θεοῦ,
496 2112 667 2186 μόνης
694 2113 807 2168 ἐστὶ
866 2114 927 2168 τὸ
984 2112 1286 2185 καθέζεσθαι
1328 2133 1341 2147 ·
1383 2121 1481 2182 τῆς
1511 2114 1565 2172 δὲ
1590 2119 1837 2198 κτίσεως,
1873 2122 1945 2181 ὡς

292 2196 508 2273 δούλης,
566 2202 628 2256 τὸ
673 2199 945 2263 ἵστασθαι,
1011 2202 1107 2259 Καὶ
1141 2200 1385 2259 ταῦταδέ
1436 2210 1756 2279 σωματικῶς
1786 2196 1943 2284 λέγο-

293 2310 416 2363 μεν,
478 2291 538 2345 τὸ
580 2292 837 2356 καθῆσθαι
884 2290 969 2345 καὶ
1012 2290 1073 2345 τὸ
1132 2290 1400 2354 ἵστασθαι,
1434 2302 1504 2349 To
1548 2290 1626 2366 δὲ,
1669 2318 1690 2347 ιι
1731 2295 1950 2371 Κρίνον-

296 2398 410 2457 τες,
467 2400 491 2435 ι
554 2376 817 2457 τουτέστι,
878 2379 1278 2456 κατακρίνοντες
1327 2380 1387 2437 ἐκ
1441 2388 1547 2437 τῶν
1603 2380 1801 2438 δώδεκα
1844 2408 1945 2462 φυ-

295 2464 403 2522 λῶν
459 2468 580 2531 τοὺς
638 2468 1061 2538 ἆπιστήσαντας.
1114 2468 1185 2526 0-3
1244 2472 1403 2549 μικρὰ
1474 2471 1574 2549 γᾶρ
1644 2472 1945 2552 καιάκρισις

299 2569 415 2617 τοῖς
474 2556 525 2621 ἐξ
567 2555 782 2636 Ἰσραὴλ
826 2557 1183 2627 ἆπιστήσασιν
1228 2560 1274 2616 οἱ
1331 2559 1618 2619 ἆπόστολοί
1660 2563 1811 2635 εἰσιν,
1873 2565 1947 2627 ὡς

302 2639 633 2722 Ἰσραηλῖται
715 2644 862 2710 ὄντες
934 2648 1021 2702 καὶ
1088 2648 1253 2721 αὖτοῖ,
1329 2646 1475 2723 ὅμως
1546 2651 1945 2716 πιστεύσαντες.

304 2729 450 2790 Ἐπεὶ
492 2734 663 2792 τοίνυν
717 2743 793 2810 τῷ
851 2735 948 2811 μὲν
991 2733 1222 2815 προδότῃ
1265 2738 1326 2793 τὸ
1370 2740 1483 2794 οὐαὶ
1520 2737 1776 2813 ἀπέδωκε,
1820 2742 1948 2797 τού-

304 2841 414 2883 τοις
472 2819 526 2876 δέ
578 2823 700 2886 τοῖς
756 2823 1138 2901 παραμείνασιν
1196 2822 1249 2879 ἐν
1282 2830 1349 2901 τῇ
1376 2828 1506 2905 πρὸς
1542 2829 1694 2884 αὐτὸν
1727 2835 1946 2908 στοργῇ,

306 2910 564 2977 τοσαύτην
618 2913 781 2987 τιμὴν
827 2925 1083 2989 προεῖπεν
1142 2910 1370 2990 ἔσεσθαι,
1428 2915 1517 2971 ἵνα
1548 2917 1625 2991 μὴ
1657 2916 1949 2996 ἐπαρθῶσιν

302 3000 374 3063 ὡς
420 2999 559 3078 μέγα
616 3022 666 3056 τι
719 3003 1135 3078 κατορθωκότες,
1182 3004 1270 3059 καὶ
1318 3006 1735 3082 παραμείναντες
1790 3004 1844 3062 ἐν
1882 3014 1948 3083 τῇ

2028 1933 2157 1993 471
2199 1934 2453 1996 dicimus
2482 1934 2695 1995 sedere
2744 1941 2801 1995 et
2852 1933 3375 1994 stareJudicantes
3407 1932 3689 2012 vero,hoc

2030 2029 2142 2098 est,
2198 2022 2666 2084 condemnantes
2697 2040 2799 2083 eos
2830 2021 2930 2102 qui
2967 2040 3036 2082 ex
3070 2020 3383 2081 duodecim
3416 2020 3689 2082 tribubus

2029 2120 2168 2172 sunt
2191 2111 2484 2174 increduli
2506 2112 2687 2173 futuri
2701 2110 2847 2172 .Non
2865 2128 3041 2190 parva
3055 2120 3247 2171 autem
3267 2108 3687 2171 condemnatio

2034 2201 2311 2262 lsraelitis
2341 2200 2706 2281 fuerit,quod
2730 2200 2979 2279 apostoli
3010 2200 3110 2279 qui
3134 2200 3308 2259 etiam
3344 2199 3456 2279 ipsi
3488 2216 3561 2263 ex
3594 2201 3687 2261 ls-

2030 2289 2256 2350 raelitis
2283 2298 2449 2350 erant
2479 2289 2889 2363 crediderunt,
2923 2296 2980 2349 et
3010 2288 3111 2349 alii
3134 2307 3253 2347 non
3275 2287 3682 2349 crediderunt.

2029 2375 2231 2458 Itaque
2268 2380 2405 2458 quia
2437 2378 2722 2459 proditori
2755 2396 2839 2439 vas
2870 2376 3278 2457 adjudicatum
3304 2386 3417 2452 est,
3447 2376 3685 2438 illorum

2028 2475 2221 2528 autem
2256 2467 2354 2547 qui
2387 2474 2839 2548 permanserunt
2861 2466 2922 2528 in
2953 2484 3157 2527 amore
3182 2482 3320 2545 erga
3350 2465 3682 2538 illum,tan-

2034 2564 2153 2616 tum
2189 2555 2456 2635 praedixit
2478 2556 2603 2617 fore
2627 2555 3011 2636 honorem,ut
3040 2573 3115 2615 ne
3138 2556 3496 2616 extollantur
3516 2553 3685 2633 quasi

2034 2663 2308 2724 magnum
2342 2644 2629 2725 quiddam
2680 2644 2988 2717 redissent,
3028 2652 3085 2705 et
3116 2642 3590 2723 permansissent
3621 2642 3685 2702 in

2034 2734 2345 2808 charitate,
2398 2752 2465 2794 ac
2526 2751 2646 2793 non
2696 2732 3147 2812 prodidissent:
3188 2755 3214 2786 α
3246 2733 3492 2793 Satanas
3549 2748 3677 2805 vos,

2032 2821 2247 2902 inquit,
2302 2822 2501 2902 petivit
2541 2820 2829 2901 cribrare,
2868 2846 2893 2875 ››
2929 2823 3040 2882 hoc
3083 2828 3193 2899 est,
3249 2817 3515 2894 turbare,
3568 2837 3681 2879 no-

2033 2929 2192 2983 cere,
2220 2919 2469 2985 tentare;
2512 2934 2536 2964 ιι
2571 2909 2677 2969 sed
2708 2927 2814 2988 ego
2862 2908 3081 2987 rogavi.
3125 2933 3151 2964 υ
3194 2906 3282 2969 Ne
3330 2906 3680 2969 existimetis

2038 3000 2281 3079 (inquit)
2309 2999 2465 3081 quod
2491 3007 2746 3059 vestrum
2781 2998 2854 3057 sit
2884 3006 3068 3058 totum
3101 2996 3213 3057 hoc
3254 2995 3475 3057 bonum
3510 3015 3683 3076 opus.

296 3088 482 3164 ἀγάπῃ
542 3091 719 3162 αὐτοῦ,
780 3090 867 3145 καὶ
918 3092 996 3164 μὴ
1080 3089 1386 3169 προδόντες,
1447 3114 1471 3153 σ
1542 3083 1616 3151 ’οε
1684 3076 1946 3169 Σατανᾶς,

2037 3076 2314 3151 Diabolus
2326 3076 2489 3149 enim
2505 3087 2673 3148 valde
2692 3086 2943 3165 urget,si
2963 3085 3146 3166 possit
3161 3103 3260 3146 vos
3276 3103 3375 3146 vos
3389 3083 3464 3145 ah
3481 3102 3686 3147 amore

297 3178 483 3253 φησὶν,
538 3177 773 3251 ᾐτήσατο
816 3179 952 3253 ὑμᾶς
1010 3178 1265 3254 σινιάσαι,
1320 3204 1347 3235 ι
1400 3182 1663 3263 τουτέστι,
1710 3184 1950 3264 ταράξαι,

300 3264 526 3340 βλάψαι,
575 3272 821 3345 πειρᾶσαι
850 3286 863 3300 ⁸
909 3291 935 3321 α
970 3265 1119 3323 Ἀλλ’
1166 3267 1274 3347 ἐγὼ
1313 3267 1557 3340 ἐδεήθην.
1599 3294 1621 3330 ι
1682 3274 1768 3341 Μὴ
1798 3276 1954 3346 νομί-

296 3376 449 3429 σητε,
496 3357 679 3434 φησὶν,
753 3353 835 3411 ὅτι
877 3356 1127 3435 ὑμέτερά)
1194 3361 1305 3415 ἐστι
1361 3360 1421 3415 τὸ
1478 3366 1582 3416 πᾶν
1636 3364 1955 3442 κατόρθωμα

300 3451 457 3501 τοῦτο
492 3461 506 3476 ⁸
565 3447 593 3500 ὁ
650 3446 749 3522 γὰρ
811 3442 1054 3509 διάϐολος
1096 3445 1263 3510 πολὺς
1306 3446 1550 3504 ἐπέκειτο
1589 3457 1765 3520 ζητῶν
1819 3454 1953 3526 ὑμᾶς

303 3530 555 3589 ἐκϐαλεῖν
584 3538 681 3599 τῆς
714 3533 847 3609 ἐμῆς
894 3540 1151 3615 στοργῆς,
1208 3537 1293 3592 καὶ
1345 3535 1604 3614 προδότας
1656 3538 1949 3615 ἀποδεῖξαις

304 3624 437 3699 Πρὸς
498 3620 551 3677 δὲ
613 3626 703 3678 τὸν
762 3623 960 3698 Πέτρον
1017 3631 1182 3681 ταῦτα
1254 3624 1610 3705 ἀποτείνεται,
1668 3626 1805 3685 διότι
1868 3612 1954 3687 καὶ

302 3711 614 3788 θρασύτερος
644 3719 749 3769 τῶν
785 3710 959 3769 ἄλλων
1019 3714 1107 3788 ἦν,
1166 3716 1253 3770 καὶ
1314 3717 1452 3779 εἰκὸς
1502 3718 1656 3773 αὐτὸν
1714 3718 1950 3797 μεγαλο-

300 3800 556 3879 φρονῆσαι
617 3801 699 3880 ἐφ’
758 3802 847 3865 οἷς
907 3801 1265 3881 ἐπηγγείλατο
1308 3806 1336 3860 ὁ
1380 3806 1623 3882 Χριστός.
1662 3809 1754 3863 Διὸ
1779 3830 1949 3865 κατα-

296 3887 531 3945 στέλλων
588 3890 767 3970 αὐτὸν,
830 3892 1013 3969 φησὶν,
1061 3890 1141 3947 ὅτι
1207 3900 1293 3966 Τῷ
1359 3894 1456 3969 μὲν
1514 3902 1725 3967 Σατανᾷ
1776 3896 1950 3966 πολλὴ

296 3976 493 4046 σπουῖὴ
554 3979 741 4057 γέγονε
798 3980 916 4036 καθ’
973 3983 1121 4056 ὑμῶν
1155 3998 1173 4016 '
1219 3980 1326 4060 ἐγὼ
1382 3981 1437 4039 δὲ
1495 3985 1786 4061 ᾐτησάμην
1830 3982 1950 4067 περὶ

292 4074 408 4130 σου.
442 4070 608 4125 Τοῦτο
667 4069 803 4124 κατὰ
856 4072 917 4126 τὸ
976 4070 1306 4149 ἀνθρώπινον
1356 4071 1457 4152 ἔφη
1495 4088 1507 4102 ⁵
1556 4076 1629 4136 ὡς
1664 4076 1762 4153 γὰρ
1796 4079 1958 4141 Θεὸςυ¹

292 4156 339 4243 τί
400 4155 572 4243 ἐδεῖτο
617 4177 707 4212 του
758 4159 1124 4231 αἱτήσασθαις
1193 4180 1216 4215 α
1275 4159 1531 4231 Ἐδεήθην
1600 4163 1711 4237 οὖν,
1769 4168 1949 4243 φησὶν,

291 4241 384 4299 ’ίνα
444 4245 521 4316 μὴ
549 4241 554 4243 ⁷
582 4247 805 4321 ἐκλείπῃ
847 4249 882 4314 ἡ
927 4248 1102 4310 πίστις
1134 4270 1250 4305 σου.
1289 4273 1317 4304 ι
1356 4251 1412 4306 Εἰ
1444 4251 1543 4329 γὰρ
1588 4255 1673 4307 καὶ
1703 4241 1833 4327 πρδς
1866 4272 1953 4329 μι·

2039 3180 2154 3239 mei
2188 3178 2581 3257 depellere,et
2602 3176 2921 3237 ostendere
2945 3176 3305 3256 proditores.
3330 3174 3418 3235 Ad
3444 3177 3682 3237 Petrum

2036 3278 2230 3329 autem
2261 3266 2437 3327 verba
2467 3268 2591 3327 hzec
2612 3265 2945 3344 dirigit,qui
2967 3264 3212 3345 reliquis
3230 3263 3508 3325 audacior
3534 3272 3682 3341 erat,

2039 3366 2097 3419 et
2129 3355 2431 3437 probabile
2474 3365 2563 3417 est
2592 3354 2938 3434 superbisse
2987 3353 3048 3414 in
3092 3354 3165 3414 iis
3218 3372 3349 3434 quae
3381 3371 3416 3413 a
3453 3352 3684 3415 Christo

2040 3447 2329 3526 promissa
2362 3452 2554 3524 erant;
2589 3444 2812 3505 idcirco
2854 3450 2912 3503 et
2938 3442 3213 3523 reprimit
3243 3460 3401 3517 eum,
3429 3441 3636 3504 dicens
3666 3459 3680 3505 :

2037 3534 2266 3597 Satanae
2294 3537 2536 3613 quidem
2569 3533 2673 3593 fuit
2717 3531 2965 3592 multum
3010 3531 3264 3592 studium
3299 3538 3505 3592 contra
3534 3549 3632 3591 vos
3668 3551 3685 3607 ;

2037 3644 2149 3701 ego
2174 3632 2369 3686 autem
2395 3621 2554 3683 oravi
2589 3639 2694 3701 pro
2747 3628 2825 3681 te.
2867 3620 2937 3681 Et
2965 3620 3077 3681 hoc
3108 3621 3368 3681 humano
3397 3636 3563 3680 more
3588 3620 3685 3682 di-

2036 3714 2231 3790 cebat;
2266 3732 2429 3785 nam,
2459 3720 2523 3772 ut
2556 3710 2740 3785 Deus,
2767 3728 2885 3769 non
2912 3728 3060 3789 opus
3082 3707 3339 3769 habebat
3379 3725 3549 3768 orare
3568 3706 3684 3769 ali-

2034 3821 2237 3883 quem.
2277 3824 2303 3863 ‹
2331 3801 2547 3880 Rogavi
2597 3800 2796 3878 igitur,
2830 3798 2994 3873 dicit,
3033 3805 3095 3857 ut
3126 3815 3243 3857 non
3270 3796 3506 3857 deﬁciat
3536 3796 3686 3858 ﬁdes

2037 3901 2154 3955 tua.
2196 3917 2218 3946 υ
2257 3892 2535 3964 Quamvis
2568 3889 2726 3951 enim
2762 3886 2924 3948 brevi
2953 3895 3219 3966 tempore
3249 3884 3685 3947 concutiendus

2036 3981 2332 4061 sis,habcs
2354 3991 2552 4043 tamen
2583 3977 2891 4040 recondita
2925 3976 3155 4037 semina
3176 3974 3410 4054 ﬁdei,ut
3433 3974 3605 4035 etiam
3633 3974 3685 4035 si

2038 4071 2176 4132 folia
2196 4070 2470 4151 abjicerit
2491 4067 2733 4146 spiritus
2756 4063 3493 4137 invadentis,radixtamen
3504 4062 3679 4138 vivet,

2037 4168 2097 4222 et
2121 4180 2237 4221 non
2260 4159 2498 4221 deﬁciet
2527 4158 2674 4218 ﬁdes
2706 4163 2824 4219 tua.
2858 4153 2947 4216 Tu
2975 4171 3118 4215 vero
3171 4169 3494 4215 conversus
3538 4169 3682 4212 con-

2036 4250 2207 4311 ﬁrma
2236 4249 2449 4310 fratres
2481 4256 2633 4308 tuos.
2655 4245 2871 4308 Planus
2892 4244 3065 4321 hujus
3092 4244 3435 4305 intellectus
3457 4241 3505 4301 is
3538 4249 3628 4302 est
3660 4262 3675 4301 :

295 4333 419 4408 κρὸν
479 4331 691 4407 μέλλεις
746 4333 1087 4411 σαλευθῆναι,
1149 4335 1268 4392 ἀλλ’
1342 4336 1488 4417 ἔχεις
1568 4342 1947 4417 ἐναποκείμενα

2034 4338 2180 4411 Quia
2207 4348 2262 4400 te
2275 4336 2463 4400 habeo
2479 4346 2540 4399 ut
2560 4335 2884 4443 principem
2910 4333 3678 4435 discipqlorum,postquam

293 4422 359 4478 τὰ
402 4423 679 4498 σπέρματα
740 4422 834 4489 τῆς
866 4426 1118 4489 πίστεως.
1164 4425 1270 4482 Κᾶν
1318 4428 1381 4481 τὰ
1437 4425 1604 4506 φύλλα
1656 4427 1832 4506 ἔῤῥιψε
1887 4428 1948 4488 τὸ

2034 4436 2242 4507 negato
2270 4445 2363 4488 me
2396 4427 2628 4488 ﬂeveris
2651 4432 2709 4486 et
2733 4424 2807 4485 ad
2832 4422 3239 4505 pmnitentiam
3270 4420 3677 4507 veneris,con-

296 4511 499 4584 πνεῦμα
543 4518 634 4567 τοῦ
676 4511 1083 4590 ἐπηρεάζοντος,
1140 4510 1258 4569 ἀλλ’
1318 4516 1352 4582 ἡ
1400 4514 1512 4592 ῥίζα
1556 4523 1645 4595 ζῇ,
1705 4521 1792 4575 καὶ
1852 4521 1947 4577 οὒκ

2034 4506 2201 4579 firma
2222 4524 2489 4579 caeteros.
2512 4514 2637 4577 Hoc
2670 4514 2829 4575 enim
2853 4519 2908 4572 te
2936 4512 3129 4585 decet,
3154 4509 3257 4591 qui
3286 4516 3416 4591 post
3449 4526 3542 4570 me
3564 4506 3677 4570 Ec-

291 4596 523 4673 ἐκλείψει
580 4602 615 4667 ἡ
673 4601 847 4663 πίστις
908 4624 1025 4665 σου,
1077 4602 1150 4658 Σὺ
1199 4600 1252 4657 δέ
1310 4602 1651 4683 ἐπιστρέψας,
1701 4607 1943 4682 στήριξον

2034 4607 2227 4668 clesiae
2250 4616 2413 4685 petra
2436 4623 2500 4666 es
2529 4612 2589 4666 et
2611 4598 3450 4665 ﬁrmamentum.lntellexerit
3472 4604 3668 4657 autem

290 4688 409 4749 τοὺς
468 4685 721 4768 ἀδελφούς
754 4711 871 4749 σου.
906 4692 977 4749 Τὸ
1035 4692 1133 4766 μὲν
1189 4691 1477 4772 πρόχειρον
1522 4696 1734 4776 νοῆσαι,
1797 4689 1945 4755 τοῦτ’

297 4774 459 4850 ἔστιν,
523 4776 601 4833 ὅτι
666 4776 885 4847 Ἐπειδὴ
928 4802 986 4837 σε
1048 4786 1151 4837 τῶν
1210 4784 1460 4855 μαθητῶν
1523 4774 1747 4865 ἔξαρχον
1802 4787 1937 4867 ἔχω,

290 4864 406 4938 μεθ’
465 4865 493 4921 ὃ
549 4866 913 4943 ἀρνησάμενός
970 4891 1063 4948 με,
1107 4868 1380 4949 κλαύσεις,
1439 4872 1525 4928 καὶ
1556 4875 1629 4936 εἰς
1656 4864 1939 4949 μετάνοιαν

292 4952 475 5031 ἔλθῃς,
537 4955 780 5041 στήριξον
837 4959 955 5022 τοὺς
1015 4957 1268 5041 λοιπούς.Δ
1322 4967 1486 5017 Τοῦτο
1528 4964 1627 5041 γὰρ
1684 4967 1941 5041 προσήκει

290 5064 372 5099 σοι
430 5045 504 5105 ὡς
562 5040 680 5117 μετ’
741 5043 835 5119 ἐμὲ
906 5048 1015 5102 ὄντι
1082 5050 1179 5113 τῆς
1254 5034 1572 5116 Ἐκκλησίας
1632 5052 1797 5129 πέτρᾳ
1856 5052 1944 5110 καὶ

289 5133 631 5211 στηρίγματι,
685 5137 909 5204 Νοήσειε
959 5133 1005 5191 δ’
1062 5136 1123 5191 ἄν
1154 5158 1233 5201 τις
1286 5146 1437 5195 τοῦτο
1491 5142 1550 5197 ού
1608 5141 1771 5215 μόνον
1828 5135 1946 5222 περῖ

288 5220 394 5275 τῶν
436 5221 558 5277 τότε
614 5221 929 5279 ἀποστόλων
988 5227 1245 5303 εἰρῆσθαι,
1307 5226 1381 5289 ὡς
1412 5220 1946 5311 ᾗνιῦποστηριχθῶ-

2026 4696 2159 4776 quis
2189 4714 2305 4756 non
2327 4694 2518 4755 solum
2554 4692 2627 4753 de
2654 4690 2935 4772 apostolis
2983 4690 3205 4750 dictum
3239 4687 3397 4769 quod
3445 4686 3674 4747 contir-

2028 4785 2166 4845 mati
2187 4784 2405 4845 fuerint
2439 4800 2472 4843 a
2495 4779 2804 4853 Petro,sed
2835 4778 2911 4840 de
2941 4777 3216 4839 omnibus
3244 4776 3345 4856 qui
3376 4792 3564 4855 usque
3599 4776 3675 4839 ad

2022 4871 2593 4935 consummationem
2633 4868 2835 4931 saeculi
2884 4866 3063 4928 futuri
3109 4874 3244 4927 sunt
3294 4864 3525 4927 fideles.
3583 4864 3670 4926 Tu

2024 4962 2206 5031 enim,
2237 4965 2431 5032 Petre,
2466 4977 2809 5037 conversus,
2844 4956 3063 5017 bonum
3092 4954 3432 5032 exemplum
3463 4952 3668 5032 paeni-

2024 5052 2224 5113 tentiae
2267 5053 2388 5113 eris
2446 5048 2743 5123 omnibus,
2765 5055 2829 5107 ut
2858 5045 3055 5107 nullus
3084 5045 3460 5106 credentium
3502 5040 3566 5104 in
3615 5050 3672 5104 te

2026 5142 2355 5223 reSpiciens
2386 5139 2663 5220 desperet
2698 5158 2710 5199 :
2745 5136 2845 5216 qui
2886 5152 3021 5196 cum
3064 5134 3365 5223 apostolus
3396 5130 3579 5194 fueris
3612 5138 3671 5194 et

2028 5222 2360 5312 negaveris,
2390 5230 2604 5290 iterum
2638 5235 2833 5287 tamen
2860 5223 3163 5304 receperis
3187 5222 3501 5312 primatum
3532 5239 3665 5312 o_m-

290 5331 371 5364 σιν
413 5310 515 5365 ὒπὸ
556 5318 649 5367 τοῦ
695 5312 917 5392 Πέτρου,
976 5312 1111 5369 ἀλλὰ
1164 5315 1251 5369 καὶ
1280 5317 1398 5391 περὶ
1427 5317 1638 5374 πάντων
1669 5308 1775 5376 τῶν
1806 5308 1932 5400 ἔχρι

2034 5308 2206 5393 iiuin,
2239 5330 2298 5380 et
2330 5318 2734 5399 praefecturam
2783 5312 2944 5375 orbis
2972 5330 3083 5393 per
3106 5308 3664 5400 pmnitentiam.Ex-

288 5402 386 5466 τῆς
432 5398 732 5465 συντελείας
783 5402 876 5458 τοῦ
906 5403 1091 5465 αἰῶνος
1123 5409 1341 5463 πιστῶν.
1380 5405 1451 5460 Σὺ
1494 5407 1615 5483 γὰρ,
1657 5409 1703 5463 ὦ
1746 5398 1932 5488 Πέτρε,

2034 5409 2227 5489 petivit
2264 5408 2463 5488 itaque
2518 5404 2761 5469 Satanas
2798 5402 3063 5464 cribrare
3089 5410 3144 5463 te
3175 5409 3233 5461 et
3275 5399 3488 5461 laedere
3514 5398 3665 5490 sicut

288 5487 634 5568 ἐπιστρέψας,
694 5494 857 5549 καλὸν
916 5491 1207 5571 ὅπόδειγμα
1264 5494 1465 5571 γενήσῃ
1520 5502 1679 5553 πᾶσιν
1728 5500 1801 5563 είς
1832 5487 1936 5575 με-

2034 5487 2277 5561 ;ritic.um
2304 5487 2513 5579 purum
2538 5493 2859 5576 injicienda
2894 5490 3285 5565 sordidantia,
3312 5496 3374 5551 ut
3401 5495 3537 5572 pote
3566 5488 3665 5550 in-

369 5646 428 5698 ‘9
454 5645 627 5711 Rom.
660 5664 783 5732 xxv,
822 5651 913 5714 17.
