4116 6212
452 387 602 452 1075

1429 386 2027 454 THEOPHYLACTI
2069 383 2483 445 BULGARI/E
2526 385 2888 447 ARCHIEP.

3716 376 3865 440 1076

449 514 657 577 cidens
680 514 868 577 amori
893 524 993 577 tuo
1018 515 1079 576 in
1107 534 1226 590 me,
1261 517 1414 579 sicut
1443 515 1497 579 ei
1528 536 1657 578 mos
1705 500 1815 581 est.
1840 518 1985 580 Nam
2016 517 2101 577 sic

2190 515 2422 597 τάνοιαν,
2470 518 2556 574 καὶ
2614 516 2777 578 οὐδεὶς
2843 518 2949 573 τῶν
3003 517 3355 573 πιστευόντων
3399 517 3473 578 εἷς
3538 512 3640 588 εμὲ
3715 512 3860 567 απο-

448 601 624 664 etiam
643 602 752 667 Job
784 603 1246 666 invasit.Verum
1270 624 1378 685 ego
1412 625 1527 666 non
1561 606 1803 668 omnino
1827 616 1883 669 te
1909 608 2087 670 dere-

2190 605 2439 682 γνώσεται
2484 604 2801 663 ἀποϐλέπων
2874 608 3002 684 πρὸς
3088 607 3145 662 σὲ

2178 692 2327 765 ὄντα,
2390 695 2754 774 ἀρνησάμενον
2812 694 2891 766 δὲ,
2924 698 3011 751 καὶ
3044 694 3205 751 πάλιν
3250 695 3313 750 τὰ
3358 707 3602 769 πρωτεῖα
3638 692 3866 744 πάντων

450 690 810 772 linquam.ut
838 692 1075 754 deﬁciat
1103 692 1164 754 in
1197 693 1535 756 universum
1565 695 1711 755 ﬁdes
1733 703 1852 758 tua.
1883 696 2091 769 Quam-

3225 607 3313 661 τὸν
3378 601 3696 659 ἀπόστολον
3758 602 3855 671 μὲν

448 779 534 840 vis
561 790 757 842 autem
792 798 901 858 ego
930 781 1258 857 rogaverim
1288 801 1393 863 pro
1430 790 1776 853 te,attamen
1812 794 1868 845 tu
1895 803 1971 846 ne
1994 802 2095 843 re-

2190 784 2266 837 ιιαὶ
2321 784 2420 850 τὴν
2470 786 2567 849 τῆς
2629 785 2945 858 οἰκουμένης
2999 784 3305 841 ἐπιστασίαν
3352 782 3584 838 λαϐόντα
3636 777 3735 834 διὰ
3768 782 3865 843 τηε

447 869 803 944 cideris,sed
839 871 1303 944 conversus,hoc
1335 872 1857 952 est,poenitentiam
1891 890 2092 952 agens,

398 1034 405 1043 _
447 957 814 1040 etlacrymas
840 959 1228 1039 profundens,
1254 968 1313 1021 et
1337 961 1644 1039 negatione
1667 963 2098 1036 resiliens,esto

451 1047 631 1108 etiam
676 1047 808 1108 aliis
856 1049 1216 1126 paenitentia:
1258 1050 1586 1129 exemplar,
1631 1069 1707 1112 ne
1756 1051 2097 1130 desperent.

450 1133 599 1205 Quid
629 1135 808 1213 igitur
838 1138 1078 1198 Petrus?
1104 1136 1279 1198 Multa
1302 1137 1561 1200 charitas
1599 1138 1932 1200 animosum
1966 1156 2100 1199 eum

448 1222 803 1297 reddidit,ut
823 1223 1177 1305 polliceatur
1205 1244 1337 1306 quae
1368 1225 1485 1287 sibi
1510 1233 1652 1288 tunc
1686 1226 2103 1308 impossibilia:

451 1310 738 1374 Dominus
753 1321 951 1375 autem
972 1313 1225 1375 ubividit
1245 1333 1381 1376 eum
1397 1316 1711 1377 temeraria
1728 1315 1886 1396 loqui
1912 1316 2107 1395 (Opor-

454 1399 613 1491 tebat
644 1403 801 1463 enim
837 1403 1023 1464 semel
1057 1403 1254 1465 audita
1283 1404 1551 1475 veritate,
1580 1424 1712 1484 qua;
1763 1406 1819 1467 ei
1877 1401 2112 1491 dicebaf

454 1488 611 1566 quod
646 1490 962 1551 tentandus
992 1500 1173 1572 esset,
1200 1510 1318 1553 non
1348 1493 1655 1574 reluctari)
1695 1493 2035 1556 munifestat
2056 1488 2112 1553 ei

458 1580 801 1641 tentationis
828 1580 1118 1659 speeiem,
1146 1599 1362 1661 nempe
1383 1582 1523 1641 472
1555 1584 1952 1659 negationem.
1988 1580 2111 1642 Hoc

454 1675 649 1730 autem
678 1668 805 1729 loco
824 1668 1112 1730 discimus
1147 1688 1418 1745 magnam
1445 1670 1966 1752 doctrinam,quod
1991 1687 2108 1730 non

455 1757 705 1820 sufﬁciat
730 1758 1096 1839 propositum
1131 1760 1392 1822 hominis
1414 1761 1639 1841 absque
1667 1761 1932 1824 subsidio
1964 1760 2104 1822 Dei:

2183 874 2487 945 μετανοίας,
2548 873 2821 944 ’ῌτήσατο
2871 882 2958 930 οὖν
3004 876 3031 930 6
3089 880 3327 937 Σατανᾶς
3379 872 3613 929 σινιάσαι
3649 890 3744 939 σε,
3784 868 3870 920 καὶ

2183 959 2384 1036 βλάψαι
2440 962 2618 1041 ὥσπερ
2668 976 2820 1019 σῖτον
2873 966 3121 1042 καθαρὸν,
3186 958 3580 1041 παρεμϐάλλων
3636 959 3715 1012 τὰ
3774 957 3870 1031 ῥλ-

2185 1050 2585 1129 παίνοντα,οἶα
2638 1049 2703 1117 δὴ
2734 1055 2935 1130 φθονῶν
2991 1074 3073 1108 σοι
3132 1057 3230 1118 τῆς
3286 1054 3414 1128 πρὸς
3473 1049 3572 1120 ἐμὲ
3606 1046 3868 1124 ἀγάπης,

2187 1138 2365 1217 ὥσπερ
2422 1139 2537 1203 ἔθος
2600 1140 2763 1213 αὐτῷ.
2826 1140 2977 1197 Οὕτω
3025 1142 3124 1218 γὰρ
3180 1141 3265 1195 καὶ
3321 1143 3397 1211 τῷ
3456 1135 3581 1194 Ἰὼϐ
3640 1131 3868 1190 ἐπεδεί-

2190 1226 2311 1292 ξατο
2345 1243 2359 1258 ⁸
2407 1227 2527 1284 ἀλλ’
2586 1228 2694 1305 ἐγὼ
2751 1231 2809 1287 οὗ
2854 1229 3029 1294 πάντη
3084 1249 3143 1283 σε
3186 1227 3558 1304 ἐγκατέλιπον,
3626 1223 3732 1279 ἵνα
3791 1222 3870 1296 μὴ

2193 1315 2410 1391 ἐκλείπῃ
2458 1318 2492 1383 ἡ
2522 1318 2696 1381 πίστις
2728 1339 2821 1374 σου
2874 1318 2948 1379 εἰς
3001 1318 3063 1376 τὸ
3096 1315 3373 1377 παντελές,
3414 1317 3469 1372 Εἰ
3498 1316 3591 1370 καὶ
3622 1310 3869 1379 ἐδεήθην

2192 1401 2247 1459 δὲ
2305 1404 2411 1481 ἐγὼ
2452 1404 2609 1470 αὐτὸς
2660 1408 2776 1478 περὶ
2821 1412 2939 1484 σοῦ,
2970 1404 3116 1480 ὅμως
3176 1406 3235 1460 σὺ
3279 1405 3359 1478 μὴ
3390 1404 3701 1473 ἀναπέσης,
3742 1398 3869 1455 ἀλλ’

2191 1491 2533 1570 ἐπιστρέψας,
2620 1494 2880 1574 τουτέστι,
2968 1496 3301 1569 μετανοήσας
3388 1496 3473 1549 καὶ
3557 1489 3868 1568 δακρύσας,

2190 1583 2277 1637 καὶ
2329 1582 2433 1638 ἀπὸ
2486 1588 2582 1650 τῆς
2640 1583 2912 1661 ἀρνήσεως
2976 1584 3177 1663 φυγὼν,
3226 1592 3381 1660 γενοῦ
3436 1584 3521 1637 καὶ
3564 1594 3697 1642 τοῖς
3766 1578 3871 1633 ἕλοι

2190 1670 2301 1736 λοις
2358 1686 2569 1737 πιστοῖς
2617 1674 2778 1736 τύπος
2836 1681 2927 1731 τοῦ
2986 1688 3291 1749 μετανοεῖν,
3340 1675 3425 1729 καὶ
3458 1673 3535 1746 μὴ
3567 1671 3869 1745 ἀπογινώ-

2191 1782 2360 1822 σκειν,
2407 1762 2465 1817 Τί
2522 1762 2609 1816 οὖν
2666 1764 2694 1817 6
2740 1761 2983 1835 Πέτροςς
3034 1762 3130 1820 Ἐκ
3185 1761 3390 1826 πολλῆς
3443 1760 3660 1837 ἀγάπης
3728 1762 3869 1833 θρα-

457 1847 960 1928 quemsdmodum
1009 1857 1067 1909 et
1124 1846 1331 1910 Petrus
1374 1868 1579 1930 parum
1630 1849 1977 1919 derelictus,
2024 1858 2106 1910 ta-

2194 1848 2424 1919 σύνεται,
2490 1851 2577 1906 καὶ
2652 1852 2998 1930 ὑπισχνεῖται
3067 1853 3134 1908 τὰ
3189 1851 3322 1917 τέως
3380 1853 3520 1923 αὒτῴ
3589 1847 3868 1920 ἀδύνατα,

459 1935 636 1997 metsi
683 1937 1030 1998 charitatem
1082 1956 1151 1998 ac
1197 1938 1493 2001 fervorem
1534 1938 1755 2001 habere
1787 1938 2106 2004 videretur.

458 2024 558 2086 ubi
604 2024 847 2106 reliquit
898 2045 1033 2088 eum
1095 2026 1274 2103 Deus,
1310 2028 1722 2109 supplantatus
1752 2036 1845 2090 est
1888 2026 1962 2089 ab
1996 2025 2106 2086 ini-

460 2111 636 2174 mico.
672 2112 979 2177 Etiterum
1008 2135 1127 2176 non
1160 2116 1379 2180 sufﬁcit
1408 2115 1513 2178 Dei
1546 2116 1961 2196 subsidium,si
1993 2133 2109 2175 non

458 2201 692 2264 ati'uerit
724 2211 783 2265 et
809 2204 1133 2264 humanum
1162 2205 1527 2283 propositum
1560 2224 1575 2268 :
1609 2202 2109 2285 quemadmodum

461 2296 519 2348 et
543 2286 731 2361 Judm,
767 2289 912 2350 nihil
939 2290 1158 2367 profuit
1191 2292 1457 2371 quamvis
1499 2292 1699 2353 omnia
1745 2292 1966 2354 faceret
1992 2290 2107 2351 Do-

463 2375 661 2437 minus
688 2384 749 2437 ut
778 2376 1154 2439 lucrifaceret
1185 2396 1345 2454 eum,
1381 2399 1515 2459 cum
1568 2379 1806 2441 abesset
1850 2378 1907 2441 ei
1957 2379 2114 2441 bona

462 2463 1120 2528 voluntas.Horreamus
1132 2474 1327 2528 autem
1353 2467 2108 2549 considerantes,quantum

463 2561 670 2615 contra
696 2556 978 2617 remissos
1006 2555 1241 2620 valeant
1268 2555 1503 2618 insidiae
1523 2556 1923 2620 diaboli.Ecce
1951 2556 2110 2618 enim

463 2648 522 2703 et
552 2640 665 2704 hoc
697 2641 828 2706 loco
854 2642 1091 2724 Petrus,
1123 2644 1395 2724 quamvis
1423 2664 1453 2704 a
1488 2644 1610 2707 Deo
1636 2652 2109 2723 conservaretur,

461 2730 603 2810 quia
631 2749 806 2811 parvo
830 2739 1094 2811 tempore
1127 2751 1235 2812 per
1262 2731 1769 2814 dispensationem
1792 2733 2113 2795 derelictus

461 2828 577 2893 est,
609 2836 681 2881 eo
714 2820 982 2899 pervenit
1014 2832 1080 2883 ut
1118 2829 1405 2899 negaret:
1438 2830 1499 2884 et
1539 2822 1653 2883 nisi
1697 2841 1731 2883 a
1785 2823 1909 2885 Deo
1941 2840 2114 2901 parva

462 2907 731 2986 quaedam
760 2908 1049 2971 custodita
1083 2908 1334 2971 fuissent
1363 2928 1498 2991 quae
1543 2910 1605 2971 in
1660 2910 1762 2971 illo
1809 2911 2114 2972 recondita

2198 1925 2253 1994 t0
2315 1936 2368 1991 δὲ
2432 1939 2640 2012 Κύριος,
2711 1937 2825 1995 ἐπεὶ
2908 1938 3053 1996 εἶδεν
3133 1941 3289 1995 αὗτὸν
3362 1940 3463 1994 ἀπὸ
3525 1936 3869 2013 προπετείας

2193 2026 2550 2104 φθεγγόμενον
2622 2025 2748 2101 (ἔδει
2796 2028 2895 2105 γὰρ
2953 2026 3090 2092 ἅπαξ
3150 2028 3444 2084 ἀκούσαντα
3510 2026 3605 2092 τῆς
3682 2029 3865 2082 αότο-

2194 2112 2439 2179 αληθείας
2485 2116 2734 2182 εἰπούσης
2782 2118 2946 2196 αὐτῷ,
3000 2115 3080 2173 ὅτι
3138 2118 3569 2193 πειρασθήσεται,
3648 2112 3867 2189 μηκέτι

2192 2200 2518 2277 ἀντιτείνειν,
2580 2205 2851 2284 ἀναῳαίνει
2914 2205 3077 2278 αύτῷ,
3136 2208 3224 2261 καὶ
3267 2207 3327 2260 τὸ
3359 2202 3503 2269 εἶδος
3538 2212 3632 2260 τοῦ
3660 2223 3867 2279 πείρας

2192 2298 2349 2369 σμοῦ,
2407 2290 2487 2348 ὅτι
2542 2292 2760 2372 ἄρνησις
2819 2293 2987 2355 ἔσται.
3080 2296 3345 2351 Ἐντεῦθεν
3403 2292 3457 2349 δὲ
3513 2293 3867 2368 μκνθὶνομεν

2192 2375 2387 2457 δόγμα,
2435 2379 2515 2437 ὅτι
2547 2386 2642 2439 οὒκ
2693 2382 2847 2460 ἀρκεῖ
2889 2384 3131 2461 πρόθεσις
3192 2384 3464 2461 ἀνθρώπου
3521 2404 3691 2461 χωρίς
3766 2380 3865 2445 ti:

2192 2476 2284 2525 τοῦ
2342 2477 2470 2527 Θεοῦ
2514 2470 2808 2551 ἐπικουρίας
2844 2488 2857 2502 ⁹
2904 2473 3082 2551 ὥσπερ
3154 2472 3242 2528 οὖν
3290 2475 3375 2528 καὶ
3419 2475 3446 2527 6
3503 2471 3695 2547 Πέτρος
3760 2470 3863 2545 ἐγ·-

2195 2557 2555 2639 καταλειφθεὶς
2612 2562 2743 2638 πρὸς
2822 2562 3034 2639 μικρὸν,
3121 2562 3166 2616 εἰ
3223 2562 3310 2617 καὶ
3379 2558 3547 2616 ἐδόκει
3603 2560 3861 2636 ἀγαπᾷν,

2195 2648 2496 2725 θερμότητα
2552 2648 2723 2728 ἔχειν,
2797 2648 2915 2705 ἀλλ’
2958 2649 3103 2723 ὅμως
3145 2658 3236 2705 τοῦ
3281 2657 3410 2706 Θεοῦ
3449 2648 3691 2726 ἀφέντ’)ς,
3746 2651 3860 2703 ὑπ-

2196 2735 2471 2803 εσκελίσθη
2528 2745 2603 2812 τῷ
2646 2736 2843 2816 ἐχθρῷ.
2912 2740 3005 2796 Καὶ
3067 2738 3131 2794 αὖ
3179 2742 3272 2795 οὒκ
3328 2738 3482 2815 ἀρκεῖ
3528 2739 3562 2804 ἡ
3593 2746 3685 2794 τοῦ
3717 2745 3862 2796 Θεοῦ

2195 2823 2487 2903 ἐπικουρία,
2569 2829 2646 2900 μὴ
2702 2830 2787 2884 καὶ
2854 2827 3147 2905 προθέσεως
3229 2826 3557 2905 ἀνθρωπίνης
3626 2826 3801 2893 οὔσης
3840 2845 3858 2863 ο

2195 2914 2373 2989 ὥσπερ
2410 2914 2497 2970 οὖν
2541 2919 2626 2971 καὶ
2687 2913 2878 2978 Ἰούδας
2938 2914 3085 2974 οὒδὶν
3128 2914 3404 2993 ὠφελήθη,
3458 2916 3623 2971 καίτοι
3672 2917 3860 2971 πάντα

462 3002 631 3057 erant
669 2997 923 3071 semina,
957 2997 1096 3078 quid
1129 3014 1252 3060 non
1300 3016 1507 3078 passus
1552 2996 1789 3061 luisset?
1820 2998 1905 3060 Eo
1951 2998 2106 3059 enim

2195 3010 2469 3069 ποιοῦντος
2514 3007 2605 3059 τού
2653 3005 2836 3081 Κυρίου
2879 3005 2950 3065 είς
2992 3004 3053 3060 τὸ
3084 3003 3333 3082 κερδῆσαι
3393 3002 3549 3061 αὐτόν
3584 3023 3596 3033 '
3651 3006 3857 3081 προαί-

463 3083 767 3162 spectabat
788 3085 1151 3165 diabolus,ut
1183 3095 1241 3148 et
1270 3087 1463 3168 ipsum
1493 3088 1565 3149 ad
1592 3086 1991 3168 proditionem
2014 3087 2106 3147 in-

2198 3113 2336 3167 ρεσις
2396 3092 2494 3169 γὰρ
2547 3092 2690 3158 ἀπῆν
2718 3093 2914 3169 ἀγαθή,
2974 3092 3246 3170 Φρίξωμεν
3279 3092 3366 3148 οὗν
3398 3091 3697 3154 ἒννοοῦντες
3762 3100 3858 3149 τοῦ

461 3154 964 3237 truderet.¢Escae
986 3154 1145 3237 enim
1170 3154 1625 3257 diabolojnquit
1646 3176 2106 3257 propheta,elec-

2197 3177 2440 3235 διαϐόλου
2497 3182 2591 3245 τὰς
2637 3178 2943 3251 ἐπιϐουλὰς,
3004 3184 3077 3242 ὡς
3122 3181 3361 3260 ἰσχύουσι
3399 3181 3534 3237 κατά
3575 3187 3682 3237 τῶν
3710 3204 3858 3260 χαυ-

464 3263 735 3324 taa.»Deo
766 3271 963 3325 autem
990 3264 1066 3324 sit
1085 3265 1400 3345 gratia,qui
1421 3284 1539 3326 non
1557 3265 1925 3344 derelinquit
1945 3284 2086 3327 sane

2195 3266 2440 3343 νοτέρων,
2504 3266 2633 3324 Ἰδοὺ
2692 3269 2791 3346 γὰρ
2874 3268 3089 3325 ἐνταῦθα
3155 3271 3182 3324 6
3258 3272 3476 3348 Πέτρος,
3528 3271 3698 3326 καίτοι
3747 3272 3857 3326 ὑπὸ

463 3356 554 3410 tos
583 3357 643 3410 et
664 3350 858 3430 justos
890 3360 947 3413 et
977 3351 1167 3414 bonos
1220 3355 1401 3415 corde
1429 3374 1443 3417 :
1479 3354 1674 3435 qualis
1723 3361 1849 3414 erat
1881 3356 2106 3430 Petrus,

2197 3364 2326 3414 Θεοῦ
2378 3357 2853 3435 συγκρατούμενος,
2916 3357 3061 3431 ὅμως
3122 3357 3252 3414 διότι
3311 3361 3500 3436 μικρὸν
3574 3361 3856 3433 οἰκονομι-

461 3436 630 3499 valde
669 3457 900 3526 amans,
954 3447 1014 3502 et
1059 3441 1286 3504 alienus
1316 3460 1349 3504 a
1379 3443 1553 3505 malis
1602 3460 1741 3521 erga
1773 3440 2106 3521 Magistrum

2194 3452 2300 3509 κῶς
2362 3445 2772 3525 ἐγκαταλείφθη,
2837 3447 2908 3509 εἷς
2972 3445 3189 3525 ἄρνησιν
3237 3446 3521 3526 ἀπηνέχθη
3555 3462 3570 3477 ⁸
3605 3450 3649 3501 εἰ
3676 3450 3851 3505 τοίνυν

462 3524 925 3606 suspicionibus.
1600 3612 1603 3613 ν

2195 3533 2272 3607 μὴ
2318 3533 2564 3611 ἐτηρεῖτο
2621 3536 2722 3591 ὑπὸ
2778 3542 2928 3602 Θεοῦ,
2991 3537 3078 3591 καὶ
3120 3537 3396 3613 σπέρματα
3427 3536 3481 3591 ἓν
3513 3538 3653 3609 αύτῷ
3706 3540 3853 3595 ἀπο-

461 3617 677 3690 κείμενα
706 3619 773 3683 ἦν
802 3618 988 3697 ἀγαθὰ,
1012 3619 1061 3675 τί
1093 3619 1187 3676 οὒκ
1217 3619 1279 3676 ἂν
1322 3621 1512 3679 ἔπαθεν
1542 3638 1557 3697 ;
1593 3612 1652 3679 Ὀ
1682 3622 1781 3699 γὰρ
1809 3622 2007 3685 σκοπὸς
2056 3630 2132 3697 τῷ
2160 3620 2390 3693 διαϐόλῳ
2418 3624 2508 3697 ἦν,
2542 3625 2629 3679 καὶ
2670 3631 2849 3680 τοῦτον
2902 3626 2974 3687 είς
3006 3612 3283 3703 προδοσίαν
3312 3626 3482 3702 ῥίψαι,
3532 3647 3561 3680 ι
3611 3628 3686 3684 Ti:
3744 3631 3851 3705 γαρ

458 3706 719 3783 βρώματα
748 3712 824 3781 τῷ
853 3705 1105 3782 διαϐόλῳ,
1150 3711 1309 3789 φησὶν
1341 3713 1368 3767 ὁ
1399 3713 1703 3791 προφήτης,
1739 3709 1985 3771 ἑκλεκτα,
2025 3735 2052 3765 ιι
2115 3712 2276 3789 Χάρις
2322 3710 2375 3766 δὲ
2418 3720 2531 3784 Θεῷ
2561 3718 2638 3784 τῷ
2668 3713 2763 3768 οὐκ
2792 3712 3221 3786 ἐγκαταλείποντι
3253 3715 3373 3777 τοὺς
3405 3715 3600 3781 ὁσίους,
3645 3718 3736 3771 καὶ
3771 3714 3856 3770 διο

459 3795 663 3867 καίους,
709 3794 796 3852 καὶ
825 3796 1051 3874 ἀγαθοὺς
1082 3804 1150 3875 τῇ
1184 3797 1393 3874 καρδίᾳ,
1427 3804 1541 3864 οἷος
1572 3800 1638 3867 ἧν
1668 3802 1695 3856 6
1728 3798 1946 3878 Πέτρος,
2011 3799 2380 3880 φιλόστοργος,
2414 3802 2500 3857 καὶ
2532 3804 2648 3879 περὶ
2706 3803 2795 3857 τὸν
2862 3800 3187 3861 Διδάσκαλον
3231 3805 3407 3869 πάσης
3439 3810 3673 3880 πονηρᾶς
3702 3806 3842 3861 ὑπο-

459 3885 603 3947 νοίας
634 3882 913 3954 ἀλλότριος
925 3932 939 3948 .

537 3969 720 4035 Vsus.
753 3972 969 4038 35-38.
1010 3994 1039 4034 ‹
1072 3975 1144 4037 Et
1190 3975 1341 4039 dixit
1387 3975 1516 4039 cis:
1550 3975 1798 4049 Quando
1848 3977 1982 4038 misi
2014 3994 2106 4037 vo:

2290 4002 2319 4034 α
2365 3981 2461 4036 Καὶ
2516 3980 2671 4036 εἶπεν
2712 3982 2890 4045 αὺτοῖς
2920 3996 2932 4010 ⁸
3000 3972 3136 4037 ”Οτε
3192 3979 3478 4037 ἀπέστειλα
3537 3982 3671 4055 ὑμᾶς
3730 3980 3852 4044 ἄτερ

460 4060 588 4149 sine
617 4062 854 4123 sacculo
874 4071 933 4124 et
960 4081 1103 4143 pera
1133 4071 1190 4125 et
1210 4065 1810 4138 calceamentis,num
1841 4064 1980 4146 quid
2008 4065 2106 4127 de-

2203 4066 2504 4143 βαλαντίου,
2557 4070 2646 4124 καὶ
2702 4070 2899 4147 πήρας,
2979 4071 3065 4125 καὶ
3139 4067 3519 4149 ὑποδημὶτων,
3576 4071 3650 4143 μή
3712 4093 3850 4136 τινος

459 4148 568 4212 fuit
597 4149 794 4214 vobis?
823 4150 895 4213 At
922 4151 1009 4213 illi
1035 4151 1355 4218 dixerunt:
1390 4152 1573 4217 Nihil.
1624 4154 1780 4216 Dixit
1811 4172 1950 4233 ergo
1983 4153 2071 4213 eis
2102 4176 2106 4209 :

2203 4158 2575 4234 ὑστερήσατες
2633 4159 2692 4215 Οἱ
2754 4156 2808 4213 δὲ
2855 4174 3008 4214 εῖπον
3043 4176 3057 4190 ⁶
3117 4157 3359 4221 Οὐδενός,
3421 4148 3593 4223 Εἶπεν
3620 4166 3710 4215 οὖν
3754 4162 3851 4217 αὖ-

460 4236 578 4300 Sed
629 4258 788 4301 nunc
817 4241 918 4321 qui
948 4238 1124 4303 habet
1176 4242 1506 4323 sacculum,
1541 4243 1710 4305 tollat
1760 4241 2037 4303 similiter
2065 4252 2106 4302 et

2204 4258 2321 4308 τοῖς
2358 4268 2369 4278 ·
2418 4243 2584 4301 Ἀλλά
2633 4254 2719 4302 νυν
2775 4249 2802 4302 6
2861 4246 3008 4326 ἔχων
3056 4246 3370 4325 βαλάντιον,
3428 4248 3608 4324 ἀράτω
3656 4250 3853 4321 ὁμοίως

460 4343 664 4407 peram
703 4349 715 4386 :
752 4337 809 4389 et
837 4328 939 4409 qui
964 4348 1084 4391 non
1114 4331 1318 4405 habet,
1351 4331 1567 4393 vendat
1617 4332 1879 4393 tunicam
1927 4346 2106 4402 suam,

2202 4336 2287 4391 καὶ
2329 4336 2503 4414 πήραν
2535 4352 2550 4367 ⁸
2612 4337 2698 4391 καὶ
2758 4337 2785 4392 6
2836 4337 2913 4411 μὴ
2974 4335 3143 4415 ἔχων,
3190 4334 3498 4403 πωλησάτω
3540 4339 3600 4392 τὸ
3644 4339 3857 4412 ἱμάτιον

458 4422 519 4517 et
538 4425 696 4478 emat
723 4416 1159 4517 g‘ladiuIm.Dico
1190 4420 1349 4481 enim
1392 4419 1583 4496 vobis,
1607 4420 1895 4517 quoniam
1925 4418 2106 4517 adhue

2200 4421 2379 4496 αὐτοῦ,
2436 4425 2523 4480 καὶ
2580 4424 2894 4502 ἀγορασάτω
2953 4426 3247 4504 μάχαιραν,
3325 4424 3478 4504 Λέγω
3530 4427 3630 4502 γὰρ
3695 4428 3851 4517 ὑμῖν,

458 4501 571 4565 hoc
609 4504 767 4583 quod
814 4505 1100 4586 scriptum
1157 4514 1250 4568 est
1297 4516 1533 4588 oportet
1564 4508 1769 4590 perﬁci
1800 4508 1858 4567 in
1890 4524 2009 4575 me,
2046 4506 2106 4567 Et

2203 4511 2283 4568 ὅτι
2327 4511 2403 4567 ἔτι
2475 4501 2637 4571 τοῦτο
2707 4514 2767 4568 τὸ
2837 4501 3204 4591 γεγραμμένον
3277 4511 3357 4569 δει
3413 4501 3729 4581 τελεσθῆναι
3799 4501 3857 4572 ἐν

460 4612 593 4656 cum
625 4592 847 4674 iniquis
874 4594 1186 4675 deputatus
1219 4603 1309 4658 est
1336 4596 1656 4661 ’0.Etenim
1689 4605 1751 4660 et
1797 4613 1931 4677 quae
1982 4600 2106 4655 sunt

2203 4601 2341 4679 ἐμοὶ,
2401 4602 2487 4675 τὸ,
2553 4602 2647 4658 Καὶ
2706 4603 2839 4674 μετά
2883 4602 3096 4676 ἀνόμων
3153 4601 3397 4678 ἐλογίσθη
3434 4618 3448 4633 '
3512 4605 3729 4681 καὶγὰρ
3788 4608 3855 4663 τὰ

457 4682 534 4745 de
566 4700 684 4757 me,
713 4682 892 4744 ﬁnem
939 4682 1182 4747 habent.
1214 4684 1289 4747 At
1332 4685 1421 4747 illi
1468 4684 1754 4749 dixerunt
1788 4702 1801 4748 :
1837 4682 2106 4762 Domine,

2198 4689 2316 4766 περὶ
2371 4690 2504 4764 ἒμοῦ
2559 4688 2711 4751 τέλος
2760 4688 2902 4769 ἔχει.
2959 4692 3018 4747 Οἱ
3071 4687 3125 4745 δὲ
3156 4691 3313 4745 εἷπον
3348 4708 3363 4725 ο
3402 4691 3576 4769 Κὺριε,
3612 4689 3721 4747 ἰδοὺ
3752 4694 3854 4749 ὡδε

459 4791 607 4836 ecce
631 4772 750 4835 duo
780 4772 961 4852 gladii
991 4773 1111 4837 hic.
1144 4775 1222 4836 At
1268 4774 1368 4837 ille
1398 4775 1547 4837 dixit
1585 4775 1672 4836 eis
1703 4795 1719 4837 :
1755 4772 1907 4838 Satis
1933 4780 2042 4833 est.
2080 4792 2106 4832 ι

2200 4777 2464 4856 μάχαιραι
2495 4775 2607 4834 δύο.
2673 4769 2729 4835 Ὀ
2778 4776 2833 4833 δὲ
2879 4778 3034 4834 εἶπεν
3092 4779 3273 4839 αὐτοῖς
3310 4796 3327 4813 '
3387 4769 3587 4835 Ἱκανόν
3617 4779 3784 4841 ἐστιν.
3823 4807 3847 4838 ι

454 4861 519 4925 In
542 4861 835 4943 principio
852 4861 1094 4943 quidem
1126 4863 1565 4944 praedicationis
1592 4865 1833 4925 mittens
1857 4860 2106 4941 discipu.

2198 4854 2288 4921 Ἐν
2307 4854 2459 4945 ἀρχῇ
2517 4865 2612 4940 μὲν
2667 4874 2759 4923 τοῦ
2800 4868 3169 4946 κηρύγματος,
3227 4866 3460 4924 στέλλων
3509 4869 3629 4931 τοὺς
3662 4874 3848 4943 μαθη-

456 4952 544 5015 los
567 4952 852 5016 Dominus
870 4954 925 5013 in
946 4952 1187 5015 castella
1209 4962 1268 5015 et
1286 4952 1804 5035 civitates,absque
1830 4968 2106 5015 necessa-

2194 4953 2289 5015 τὰς
2346 4955 2373 5009 6
2438 4954 2623 5032 Κύριος
2656 4953 2739 5011 ἒπὶ
2795 4956 2886 5020 τάς
2945 4956 3129 5030 κώμας
3161 4960 3249 5011 καὶ
3283 4956 3490 5035 πόλεις,
3538 4956 3848 5033 ἀπερίττους

456 5041 560 5103 riis
580 5040 1033 5123 dimisit,neque
1056 5041 1219 5103 dedit
1241 5042 1463 5124 quibus
1481 5043 1780 5105 habebant
1804 5060 1976 5123 opus,
2014 5058 2106 5101 ne-

2196 5039 2509 5113 ἀπέστελλε,
2565 5040 2731 5117 μηδὲν
2816 5043 3172 5121 ἐπαγομένους
3251 5044 3537 5123 χρειωδες,
3624 5046 3852 5120 μηδενὸς

458 5148 574 5211 que
600 5149 803 5192 curam
833 5148 1044 5207 gerere
1064 5131 1318 5197 volebat.
1345 5136 1512 5214 Ipsos
1548 5134 1708 5195 enim
1740 5133 1914 5194 etiam
1936 5130 1999 5192 in
2021 5129 2115 5191 his

454 5217 762 5300 oportebat
780 5218 1014 5281 discere
1045 5221 1174 5300 ejus
1200 5222 1498 5285 virtutem.
1534 5221 1778 5285 Illorum
1813 5220 1972 5282 enim
1999 5236 2105 5280 cu-

450 5324 577 5369 ram
610 5306 838 5369 habens
859 5316 1136 5390 tanquam
1163 5312 1566 5386 inﬁrmorum,
1590 5307 1842 5372 faciebat
1863 5308 1953 5370 eis
1972 5324 2106 5367 om-

454 5396 553 5458 nia
580 5397 921 5460 necessaria
949 5399 1193 5463 aﬁluere
1214 5399 1453 5463 abunde
1503 5399 1651 5462 citra
1682 5400 1945 5480 ipsorum
1997 5414 2106 5458 cu-

449 5483 775 5550 ram.Nunc
790 5496 986 5550 autem
1010 5489 1306 5553 contraria
1328 5487 1617 5571 praecipit,
1630 5509 1746 5550 non
1764 5486 2102 5551 contrarius

528 5645 586 5700 ὀ
614 5645 726 5713 isa.
761 5662 891 5727 mu,
924 5646 1026 5711 12.

2196 5130 2581 5205 φροντίζοντας,
2645 5128 2807 5187 ’Ἔδει
2882 5133 2980 5210 γὰρ
3055 5134 3237 5198 αὐτοὺς
3307 5137 3497 5207 μαθεῖν
3540 5135 3637 5200 τὴν
3690 5141 3852 5195 αὐτοῦ

2192 5214 2409 5293 δύναμιν
2467 5221 2553 5275 καὶ
2611 5219 2664 5275 ἐν
2721 5233 2842 5285 τοῖς
2900 5221 3181 5284 τοιούτοις,
3226 5220 3392 5286 Αὐτὸς
3422 5223 3522 5301 γὰρ
3551 5221 3853 5298 κηδόμενος

2190 5308 2360 5362 αὐτῶν
2403 5308 2477 5370 ὠς
2535 5308 2789 5378 ἀσθενῶν,
2837 5311 3074 5388 ἀφθόνως
3104 5310 3272 5366 ἐποίει
3304 5311 3485 5375 αὐτοῖς
3515 5315 3578 5369 τά
3608 5312 3851 5392 χρειώδη

2188 5392 2419 5471 ἐπιρρεῖν
2474 5397 2561 5453 καὶ
2618 5396 2998 5477 ἀφροντίστως.
3060 5405 3164 5456 Νῦν
3216 5397 3270 5454 δὲ
3328 5400 3392 5455 τὰ
3422 5399 3628 5458 ἐναντία
3659 5400 3852 5460 διακε-

2187 5481 2424 5563 λεύεται,
2471 5486 2563 5541 οἰκ
2601 5484 2997 5564 ἐναντιούμενος
3056 5486 3246 5563 ἐαυτῷ,
3305 5487 3443 5546 ἀλλά
3494 5489 3695 5552 δεικνὺς
3743 5494 3852 5548 αξι-
