4116 6212
290 398 442 465 1077

1006 397 1451 463 ENARRATIO
1493 394 1573 461 IN
1618 385 2120 459 EVANGELIUM
2159 387 2393 456 LUCE.
2439 426 2518 456 ,—
2561 392 2727 454 CAP.
2776 392 2966 454 XXII.

3510 393 3663 461 1078

280 531 407 593 τοῖς
454 528 536 586 ὅτι
596 529 760 609 μέχρι
804 529 901 604 μὲν
956 536 1043 586 νῦν
1094 529 1167 592 ὠς
1228 525 1409 584 παιδία
1465 523 1793 606 διεϐάστιζε,
1852 526 1923 580 κα

2022 522 2133 584 sibi
2161 524 2409 605 ipsi,seil
2439 524 2761 587 ostendens
2790 524 2875 586 eis
2904 525 3062 605 quod
3092 527 3368 607 usquead
3387 528 3498 590 hoc
3516 538 3662 593 tem-

278 617 489 682 ούδενὸς
548 620 736 683 απῖιτοὺς
786 618 953 675 ἐποίει
1010 617 1318 697 φροντίζειν,
1353 617 1458 672 ἀπὸ
1486 614 1578 671 τοῦ
1605 623 1694 671 νῦν
1726 613 1780 670 δὲ
1823 615 1935 693 χρὴ

280 711 373 766 καὶ
424 710 610 772 αὐτοὺς
673 708 739 765 τὰ
795 713 900 764 τῶν
942 705 1145 785 ἀνδρῶν
1188 719 1406 788 φρονεῖν
1453 708 1541 762 καὶ
1596 708 1937 783 προνοεῖσθαι

280 799 508 857 ἑαυτῶν.
540 797 687 876 Ἐγὼ
727 797 851 875 γὰρ,
897 798 1082 873 φησὶν,
1116 799 1143 853 ὁ
1177 796 1351 874 πατὴρ
1408 795 1553 871 ὑμῶν
1583 795 1611 850 δ
1638 792 1936 876 κηδόμενος

281 885 386 955 ἤδη
420 874 777 967 ἀπέρχομαι·
827 874 933 941 ἀπὸ
980 893 1072 941 τοῦ
1124 884 1210 941 νῦν
1266 882 1540 940 ἐνδύσασθε
1570 884 1701 961 πρὸς
1744 885 1807 939 τὸ
1849 874 1937 937 καὶ

281 980 428 1035 αύτοὶ
469 977 767 1059 φροντίζειν
804 976 911 1033 τῶν
955 976 1185 1047 οἰκείων,
1231 976 1319 1031 καὶ
1376 976 1452 1049 μὴ
1508 975 1682 1030 πάντα
1724 972 1938 1052 θαρρεῖν

285 1065 427 1140 ἐμοί.
490 1065 618 1125 Οὐδὲ
675 1068 775 1145 γὰρ
830 1071 1046 1122 τοιαῦτα
1101 1066 1230 1138 ὑμῖν
1281 1062 1487 1119 ἔσονται
1530 1063 1591 1118 τά
1619 1063 1930 1145 πράγματα,

283 1155 397 1232 ῥᾴω
450 1176 508 1213 τε
559 1156 647 1213 καὶ
704 1144 896 1228 ἄπονα,
958 1151 1095 1209 ἀλλά
1147 1154 1234 1208 καὶ
1283 1152 1460 1228 πείνη,
1509 1153 1597 1208 καὶ
1650 1150 1799 1228 δίψῃ,
1848 1144 1934 1204 καὶ

285 1243 672 1320 ἀντικειμένοις
735 1242 959 1307 πολλοῖς
1025 1244 1421 1320 περιπεσεῖσθε.
1488 1242 1660 1297 Ταῦτα
1702 1241 1802 1317 γὰρ
1845 1240 1933 1294 αἰ-

284 1332 509 1392 νίττεται
565 1332 651 1390 διὰ
695 1340 787 1390 τεῦ
841 1330 1142 1408 βαλαντίου,
1188 1331 1277 1386 καὶ
1321 1330 1418 1397 τῆς
1461 1331 1664 1408 πήρας,
1694 1329 1781 1384 καὶ
1838 1333 1936 1394 τῆς

284 1424 581 1501 μαχαίρας.
644 1424 736 1479 Διὸ
806 1420 1092 1493 ἀνάστητε,
1162 1420 1235 1481 ὡς
1297 1419 1385 1474 καὶ
1424 1418 1790 1491 πεινήσοντες,
1849 1409 1937 1473 »ιαὶ

285 1509 599 1587 δεησόμενοι
669 1510 962 1589 βρωμάτων
998 1524 1011 1539 '
1086 1509 1114 1564 ὃ
1194 1506 1278 1562 διὰ
1355 1511 1453 1573 τῆς
1512 1506 1686 1583 πήρας
1759 1506 1922 1563 αίνίτ-

284 1621 451 1659 τεται.
542 1601 642 1658 Καὶ
750 1596 1078 1677 ἀνδρίζεσθε,
1165 1597 1238 1660 ὠς
1321 1594 1705 1670 ἀντικειμένοις
1788 1593 1926 1651 πολ-

284 1688 405 1752 λοῖς
460 1688 899 1769 περιπεσούμενοι
934 1706 946 1720 ⁸
1035 1688 1063 1742 ὃ
1106 1683 1190 1741 διὰ
1246 1688 1343 1751 τῆς
1400 1685 1670 1764 μαχαίρας
1730 1683 1927 1762 ἐμφαί-

2019 632 2128 692 pus
2161 622 2434 694 tanquam
2473 615 2742 692 parvulos
2758 616 3221 692 gestarit,etnon
3238 616 3565 680 feceriteos
3587 622 3662 684 de

2019 721 2313 782 quoquam
2345 703 2655 766 sollicitos.
2704 702 2872 763 Nunc
2928 713 3126 766 autem
3184 725 3332 785 opus
3363 716 3453 769 est
3484 710 3569 771 eis
3602 719 3664 772 ut

2020 801 2228 853 curent
2282 811 2352 854 ea
2397 811 2529 873 quae
2582 793 2841 854 virorum
2891 801 3051 873 sunt,
3084 802 3141 856 et
3170 796 3517 875 provideant
3546 799 3661 864 sibi

2018 880 2314 961 ipsis.Ego
2346 883 2531 956 enim,
2564 882 2777 960 inquit,
2813 891 2979 961 pater
3004 891 3217 964 vester,
3249 887 3427 946 vestri
3459 904 3659 950 curam

2019 989 2232 1049 gerens
2253 971 2375 1049 jam
2408 971 2580 1034 abeo.
2631 971 2709 1032 Ex
2737 972 2849 1032 hoc
2879 978 3146 1051 tempore
3165 975 3351 1052 parati
3383 985 3661 1057 estote,et

2017 1059 2129 1140 ipsi
2161 1078 2362 1121 rerum
2392 1060 2761 1140 propriarum
2794 1078 2992 1121 curam
3020 1063 3295 1142 gerite,et
3324 1064 3505 1126 nolite
3525 1085 3659 1127 om-

2019 1168 2152 1210 nem
2178 1168 2379 1210 curam
2408 1150 2466 1210 in
2488 1170 2582 1211 me
2608 1151 2881 1228 rejicere.
2910 1150 3105 1229 Opera
3134 1152 3293 1212 enim
3325 1160 3517 1214 vestra
3542 1173 3659 1216 non

2019 1247 2194 1300 erunt
2216 1247 2328 1299 tam
2351 1239 2888 1314 facilia,etalabore
2918 1240 3243 1302 alienazsed
3276 1240 3515 1303 obnoxii
3548 1246 3660 1306 eri-

2022 1328 2313 1390 tisfamiet
2333 1330 2518 1408 siti,et
2533 1329 2728 1389 multis
2745 1327 3173 1391 adversis.Haac
3188 1331 3341 1391 enim
3360 1331 3663 1394 insinuan-

2019 1426 2110 1477 tur
2135 1435 2241 1496 per
2269 1420 2571 1479 sacculum
2594 1427 2654 1479 et
2678 1436 2879 1496 peram
2917 1436 2984 1479 ac
3003 1418 3561 1496 gladium.Proinde
3585 1441 3661 1485 ne

2011 1505 2139 1567 sitis
2167 1506 2363 1584 ignavi
2391 1524 2404 1568 :
2439 1506 2579 1587 quia
2609 1513 2667 1568 et
2691 1506 2908 1567 famem
2932 1507 3229 1586 experturi
3248 1508 3483 1589 estis,et
3510 1529 3660 1589 opus

2012 1594 2304 1657 habebitis
2334 1594 2573 1670 eduliis,
2604 1614 2733 1675 qua
2761 1612 2868 1676 per
2884 1612 3087 1675 peram
3111 1596 3502 1674 signiﬁcat.Et
3530 1600 3663 1661 viri-

2012 1685 2099 1746 les
2129 1684 2269 1744 475
2294 1691 2507 1759 estote,
2541 1684 2680 1764 quia
2728 1685 2789 1744 in
2822 1684 3005 1743 multa
3032 1684 3275 1745 adversa
3326 1686 3599 1747 incidetis
3640 1710 3654 1750 :

284 1797 385 1837 νει.
419 1784 594 1834 ταῦτα
643 1773 699 1831 δὲ
756 1773 924 1851 λέγει,
983 1775 1086 1853 οὐχ
1130 1772 1224 1828 ἵνα
1251 1771 1461 1835 πάντως
1492 1771 1759 1850 μαχαίρας
1805 1770 1923 1826 ἐπι-

2012 1773 2166 1856 quod
2203 1791 2309 1854 per
2332 1774 2590 1852 gladium
2622 1771 3011 1833 indicatHaec
3042 1785 3239 1834 autem
3270 1773 3561 1847 dicit,non
3596 1785 3659 1838 ut

282 1866 562 1943 σύρωνται,
595 1862 740 1944 ἀλλ’,
784 1865 858 1926 ὡς
914 1861 1074 1941 ἔφην,
1130 1861 1251 1922 τοὺς
1310 1859 1575 1935 πολέμους
1632 1860 1923 1933 αἰνιττόμε-

2013 1864 2254 1924 omnino
2298 1862 2509 1941 gladiis
2539 1863 2655 1921 sint
2694 1860 2968 1941 accincti,
3003 1861 3131 1936 sed,
3171 1870 3233 1922 ut
3262 1862 3655 1943 dixi,signifi-

282 1977 368 2020 νος
418 1957 506 2011 καὶ
561 1954 682 2017 τοὺς
736 1951 1025 2025 κινδύνους,
1071 1950 1326 2026 καὶπρὸς
1378 1949 1548 2005 πάντα
1590 1969 1922 2021 παρεσκευα-

2010 1970 2150 2015 cans
2173 1951 2327 2013 bella
2357 1958 2415 2013 et
2440 1950 2728 2031 pericula,
2757 1949 3052 2011 etdocens
3081 1958 3143 2010 ut
3168 1951 3240 2012 ad
3272 1951 3470 2013 omnia
3496 1972 3651 2033 prte-

282 2043 502 2117 σμὲνους
559 2043 707 2099 εἶναι
767 2029 1165 2117 εἰσηγούμενος,
1213 2029 1338 2095 ’Ἵνα
1392 2038 1493 2116 γὰρ
1522 2038 1598 2111 μὴ
1642 2036 1927 2112 νομίσωσιν

283 2135 328 2189 οἱ
387 2132 702 2211 μετέπειτα,
736 2129 816 2187 ὅτι
860 2128 1007 2186 οὐδὲν
1037 2126 1162 2203 παρ’
1210 2129 1409 2184 ἑαυτῶν
1440 2129 1487 2183 οἱ
1517 2124 1804 2182 ἀπόστολοι
1852 2126 1924 2188 εἰς

282 2222 381 2288 τὴν
438 2221 630 2300 ἀρετὴν
690 2220 1121 2297 συνεισήνεγκαν,
1166 2216 1303 2273 ἀλλά
1361 2217 1423 2271 10
1480 2222 1583 2273 πᾶν
1646 2224 1738 2273 τοῦ
1796 2222 1926 2272 Θεοῦ

277 2310 368 2388 ἧι,
442 2310 513 2368 Οὐ
572 2317 747 2383 τοῦτο,
808 2309 991 2388 φησὶν,
1044 2306 1191 2363 ἔσται
1256 2305 1448 2368 οὕτως.
1512 2301 1642 2363 Οὐδὲ
1699 2304 1799 2381 γὰρ
1856 2304 1928 2365 ὡς

281 2400 516 2479 ἀψύχοις
548 2399 791 2475 ὀργάνοις
842 2396 1099 2473 βούλομαι
1153 2408 1269 2459 τοῖς
1298 2394 1450 2468 ἐμοῖς
1482 2395 1751 2467 μαθηταῖς
1781 2396 1928 2470 χρῆ-

280 2491 422 2561 σθαι,
481 2486 618 2544 ἀλλά
679 2487 865 2543 καὶτά
908 2484 1031 2564 παρ’
1076 2486 1273 2541 ἑαυτῶν
1328 2482 1564 2554 ἐπιζητῶ
1619 2479 1927 2559 προσφέρειν

280 2576 487 2640 αύτούς.
548 2573 764 2651 Ἀμέλει
821 2575 909 2632 καὶ
968 2576 1207 2653 εὑρήσεις
1252 2573 1374 2636 τοὺς
1426 2568 1777 2648 ἀποστόλους,
1842 2565 1928 2624 καὶ

280 2665 509 2739 μάλιστα
566 2664 772 2722 Παῦλον
829 2662 1004 2721 πολλά
1057 2664 1145 2719 καὶ
1202 2660 1253 2727 ἐξ
1310 2661 1558 2717 ἐπινοιῶν
1589 2659 1927 2737 ἀνθρωπίνων

282 2759 633 2833 κατορθοῦντα
697 2753 809 2832 (καὶ
866 2753 1125 2831 ἀνάγνωθι
1182 2752 1275 2814 τὰς
1334 2748 1573 2829 Πράξεις)
1612 2765 1626 2780 ⁸
1673 2746 1815 2814 πλὴν
1873 2746 1925 2833 ἐν

276 2845 491 2907 ταύταις
548 2844 642 2900 οὒκ
699 2842 843 2910 ἀπῆν
874 2844 908 2908 ἡ
938 2847 1031 2898 τοῦ
1060 2848 1191 2897 Θεοῦ
1230 2841 1449 2917 βοήθεια
1481 2858 1495 2873 ·
1558 2839 1672 2911 ἃμα
1720 2835 1774 2892 δὲ
1840 2829 1927 2893 καἱ

276 2932 575 3013 ὠφελοῦντο
628 2936 675 2989 οἱ
725 2928 1016 2989 ἀπόστολοι
1074 2931 1147 2993 εἷς
1227 2931 1289 2986 τὸ
1348 2928 1540 3007 ἄτυφον
1598 2925 1658 2983 ἐκ
1712 2926 1918 2986 τούτου,

280 3024 337 3080 Εἰ
393 3023 493 3101 γὰρ
550 3023 637 3078 καὶ
680 3022 826 3079 αὒτοὶ
882 3016 1107 3094 μηδενὸς
1142 3018 1523 3098 φροντίζοντες,
1568 3015 1741 3072 πάντα
1783 3016 1925 3092 παρὰ

2010 2040 2197 2123 parati
2226 2040 2367 2102 sint.
2400 2038 2543 2101 Nam
2589 2057 2665 2100 ne
2724 2037 3064 2100 existiment
3109 2040 3467 2119 posteriores
3496 2042 3655 2122 quod

2008 2128 2255 2211 apostoli
2289 2148 2359 2191 ex
2398 2148 2462 2190 se
2497 2127 2645 2188 nihil
2675 2126 2748 2189 ad
2782 2127 3057 2188 virtutem
3107 2129 3493 2204 contulerint,
3547 2132 3655 2193 sed

2008 2230 2195 2284 totum
2222 2219 2330 2282 Dei
2359 2218 2535 2281 fuerit
2562 2220 2727 2281 :Non
2761 2218 2872 2278 hoc
2899 2217 3033 2293 crit,
3068 2219 3283 2299 inquit,
3308 2220 3415 2281 sic.
3451 2219 3656 2301 Neque

2014 2311 2172 2373 enim
2205 2309 2487 2390 apostolis
2510 2308 2658 2370 meis
2677 2307 2763 2367 uti
2795 2307 2923 2367 volo
2955 2306 3659 2374 utinstrumentisinani-

2013 2400 2224 2461 matis:
2249 2399 2352 2460 scd
2379 2406 2437 2461 et
2464 2417 2595 2479 qua:
2624 2395 2696 2459 ab
2722 2396 2866 2477 ipsis
2888 2407 3025 2457 sunt
3054 2397 3214 2477 ipsos
3257 2399 3474 2460 afferre
3518 2418 3655 2480 pos-

2010 2491 2154 2553 tulo.
2188 2490 2454 2568 Denique
2478 2486 2744 2547 invenies
2765 2485 3085 2565 apostolos,
3122 2494 3185 2547 et
3215 2487 3467 2550 maxime
3501 2492 3653 2551 Pau-

2011 2579 2347 2652 lum,multa
2367 2576 2543 2639 etiam
2564 2594 2632 2635 ex
2648 2574 2921 2635 humanis
2941 2574 3247 2636 industriis
3278 2584 3440 2638 recte
3462 2577 3657 2640 facere

2012 2668 2170 2748 [lege
2203 2664 2666 2745 Acta],quamvis
2696 2672 2754 2725 et
2776 2665 2834 2724 in
2863 2664 2954 2724 his
2974 2682 3091 2724 non
3111 2663 3367 2725 abfuerit
3390 2664 3653 2727 divinum

2009 2754 2605 2819 subsidium.Interea
2629 2765 2829 2814 autem
2862 2752 3224 2832 etapostolis
3244 2753 3476 2815 accedit
3496 2754 3653 2816 utili-

2010 2856 2117 2922 tas,
2152 2864 2227 2906 ne
2264 2846 2413 2905 fastu
2462 2844 2744 2904 inﬂentur
2773 2860 2844 2902 ex
2894 2842 3029 2903 hoc.
3064 2840 3122 2903 Si
3157 2842 3313 2901 enim
3347 2842 3462 2921 ipsi
3501 2842 3649 2906 nihil

2008 2942 2334 3007 curassent,
2383 2940 2441 2994 et
2486 2950 2520 2993 a
2582 2933 2701 2993 Deo
2744 2930 2945 2991 omnia
2998 2937 3433 3009 expectassent,
3468 2940 3649 3013 atque

2006 3024 2151 3103 ipsis
2183 3020 2737 3101 evenissent,inﬂati
2772 3020 3043 3091 fuissent,
3071 3019 3241 3100 quasi
3269 3021 3461 3100 majus
3483 3023 3650 3102 quid-

276 3118 368 3166 τοῦ
427 3111 559 3166 Θεοῦ
614 3108 890 3184 ἀνέμενον,
954 3108 1041 3164 καὶ
1082 3106 1313 3184 ἐγίνοντο
1366 3105 1574 3178 αὒτοῖς,
1646 3103 1922 3183 ἐτυφώθη-

2007 3113 2141 3174 dam
2174 3128 2354 3192 super
2392 3111 2545 3171 vires
2598 3111 2885 3171 humanas
2916 3110 3128 3172 sortiti.
3155 3108 3226 3170 Et
3254 3109 3518 3190 alioquin
3542 3130 3648 3173 na-

278 3220 376 3254 σαν
429 3197 509 3279 ἂν,
593 3199 665 3261 ὡς
738 3197 949 3270 μείζονα
1028 3195 1065 3263 ἢ
1157 3195 1293 3251 κατά
1374 3195 1702 3279 ἀνθρωπίνην
1773 3192 1921 3272 φύσιν

2011 3211 2155 3263 ίιιτω
2178 3189 2334 3262 esset
2355 3200 2585 3279 ignavia
2605 3208 2664 3261 et
2692 3199 3015 3278 corruptio,
3052 3199 3199 3261 nihil
3240 3218 3274 3260 a
3307 3217 3370 3260 se
3394 3189 3645 3277 excogi-

279 3277 565 3367 λαχόντες.
623 3287 722 3343 Καὶ
772 3284 946 3346 ἄλλως
996 3282 1076 3363 δὲ,
1125 3283 1277 3362 ἀγρία
1306 3282 1509 3362 φύσεως
1540 3284 1627 3367 καὶ
1650 3277 1919 3358 διαφθορὰ,

274 3376 336 3431 τὸ
384 3366 558 3449 μηδὲν
616 3370 705 3453 ἀφ’
795 3374 994 3431 ἑαυτῶν
1080 3370 1429 3448 ἐπινοεῖσθαι,
1518 3366 1654 3425 ἀλλά
1724 3368 1923 3437 πάντα,

276 3466 429 3520 τοῦτο
471 3461 536 3529 δὴ
577 3463 638 3518 τὸ
681 3468 776 3517 τοῦ
819 3459 1002 3539 λόγου,
1058 3456 1397 3534 ἀληλεσμένα
1452 3454 1767 3535 προσδοκᾷν,
1827 3456 1924 3511 Διά

276 3554 425 3609 τοῦτό
472 3573 633 3631 φησιν
689 3550 895 3628 αύτοῖς,
965 3547 1048 3604 ὅτι
1118 3548 1252 3604 Ἀπὸ
1309 3554 1401 3603 τοῦ
1454 3555 1542 3604 νῦν
1599 3547 1688 3602 καὶ
1745 3546 1920 3623 πήρας

273 3641 578 3719 βαστάζετε,
635 3638 927 3708 τουτέστιν,
1010 3637 1160 3695 Οῧτω
1244 3634 1526 3710 διάκεισθε,
1588 3635 1675 3691 καὶ
1758 3656 1919 3713 φρον-

275 3732 458 3801 τίζετε,
521 3731 593 3794 ὡς
647 3729 992 3798 πεινήσοντες
1024 3743 1039 3759 ⁶
1099 3728 1186 3782 καὶ
1267 3727 1535 3805 μαχαίρας
1602 3724 1917 3803 ἀγοράσατε,

275 3818 403 3897 ὅπερ
457 3818 619 3891 ἐστὶν,
684 3816 835 3876 Οὕτω
891 3818 1203 3893 προνοεῖσθε
1261 3817 1484 3887 ἑαυτῶν,
1544 3816 1617 3878 ὡς
1668 3812 1921 3877 κινδύνοις

274 3909 360 3965 καὶ
402 3906 657 3982 πολέμοις
719 3905 1188 3985 προσκρούσοντες,
1243 3906 1341 3962 Καὶ
1401 3902 1573 3968 ἄλλως
1624 3900 1677 3959 δὲ
1736 3901 1919 3967 ἐξελά-

274 3996 430 4054 ϐοντό
472 4018 612 4060 τινες
652 3998 714 4051 τὸ
784 3996 1041 4073 ἀγοράσαι
1100 3995 1395 4073 μάχαιραν.
1457 3993 1743 4049 Αίνίττεται
1798 3993 1919 4070 γὰρ,

273 4088 419 4166 φασὶ,
479 4088 577 4152 τὴν
635 4082 820 4162 ἔφοδον
870 4085 969 4151 τὴν
1002 4084 1120 4141 κατ’
1170 4084 1326 4141 αὐτοῦ
1376 4082 1499 4140 ὅσον
1529 4081 1675 4140 οὔπω
1705 4102 1922 4160 γενησο-

274 4175 460 4248 μένην,
513 4174 602 4230 καὶ
658 4172 739 4229 ὅτι
819 4172 1103 4247 μέλλουσιν
1172 4173 1330 4230 αὐτὸν
1397 4169 1780 4246 συλλαμϐάνειν
1831 4192 1921 4246 φο-

274 4276 383 4326 νεῖς
444 4261 730 4340 ἅνθρωποι.
819 4260 967 4320 Ἐπεί
1049 4261 1151 4341 γάρ
1224 4261 1420 4318 ἐκεῖνοι
1477 4261 1596 4338 περὶ
1668 4260 1920 4338 προτείων

276 4349 503 4429 ἔφθησαν
562 4352 695 4428 πρὸς
774 4350 1041 4421 ἀλλήλους
1115 4349 1602 4430 φιλονεικήσαντες,
1662 4349 1769 4405 Οὔκ
1810 4347 1918 4403 ἔστι

274 4442 478 4517 καιρὸς,
536 4441 687 4517 φησὶ,
749 4439 1155 4518 φιλοπρωτείας,
1202 4437 1339 4494 ἀλλά
1385 4438 1632 4494 κινδύνων
1661 4438 1747 4493 καὶ
1777 4458 1919 4514 σφα-

274 4536 404 4606 γῶν.
460 4530 557 4586 Καὶ
618 4530 716 4605 γὰρ
777 4528 885 4605 ἐγὼ
922 4531 950 4585 ὁ
1007 4526 1318 4589 διδάσκαλος
1374 4528 1520 4601 ὑμῶν
1576 4529 1646 4589 εἷς
1697 4526 1917 4582 θάνατον

274 4617 576 4693 ἀπάγομαι,
610 4618 697 4673 καὶ
726 4615 841 4673 οὐδὲ
873 4616 1085 4692 ἔντιμον
1142 4618 1361 4673 θάνατον
1390 4633 1403 4646 ’
1450 4613 1585 4671 ἀ)λά
1629 4615 1715 4671 καὶ
1764 4618 1916 4671 τοῦτο

278 4703 683 4782 πληρωθήσεται
742 4705 823 4761 ἐπ’
883 4705 1022 4784 ἐμοὶ,
1057 4706 1140 4784 τὸ,
1180 4727 1203 4761 α
1240 4706 1343 4767 Καὶ
1386 4704 1521 4779 μετά
1549 4703 1759 4778 ἀνόμων
1791 4701 1917 4760 ἐλο-

273 4794 446 4871 γίσθη.
503 4818 529 4848 n
595 4794 704 4861 Τὴν
762 4793 942 4874 ἔφοδον
990 4801 1078 4852 οῦν
1131 4794 1229 4861 τὴν
1282 4792 1568 4871 λῃστρικὴν
1606 4792 1913 4849 αἰνίττεσθαι

273 4880 614 4957 βουλόμενος,
682 4882 923 4957 ἐμνήσθη
1008 4883 1279 4962 μαχαίρας
1316 4898 1329 4911 ⁹
1405 4883 1492 4937 καὶ
1549 4882 1666 4937 οὔτε
1735 4879 1914 4937 τέλεον

272 4970 633 5050 ἀπεκάλυψεν,
679 4971 772 5027 ’ίνα
824 4972 901 5045 μὴ
958 4970 1123 5043 δειλίᾳ
1181 4973 1280 5027 τινὶ
1352 4972 1687 5049 ταραχθῶσιν
1722 4986 1735 4999 ⁸
1800 4970 1916 5026 οὔτε

271 5059 447 5117 τέλεον
509 5060 909 5139 ἀπεσιώπησεν,
961 5060 1054 5117 ’ίνα
1099 5060 1175 5135 μὴ
1231 5068 1300 5136 τῇ
1357 5060 1517 5139 ἀθρόᾳ
1568 5058 1737 5139 ἐφόδῳ
1784 5081 1915 5136 συγ-

271 5154 471 5229 χυθῶσι
503 5173 514 5183 ·
581 5148 783 5224 μᾶλλον
842 5146 897 5204 δὲ
952 5149 1046 5205 ’ἶνα
1103 5149 1237 5225 μετά
1292 5156 1455 5205 ταῦτα
1506 5148 1915 5224 ἀναμιμνησκό-

272 5260 441 5316 μενοι,
513 5236 849 5312 θαυμάζωσιν
948 5240 1104 5297 αὖτὸν
1174 5239 1247 5301 ὡς
1322 5238 1775 5315 προγινώσκοντα,
1832 5238 1919 5292 καὶ

272 5324 557 5396 ἐκπλήττω
573 5346 701 5398 ιται,
773 5331 887 5390 πῶς
936 5324 1121 5382 ἑαυτὸν
1175 5323 1394 5390 ἐξεδίδου
1449 5327 1578 5403 πρὸς
1638 5326 1697 5381 τὸ
1754 5324 1917 5387 πάθος

269 5415 395 5489 ὑπὲρ
454 5414 718 5493 σωτηρίας
789 5421 895 5470 τῶν
951 5414 1262 5494 ἀνθρώπων,
1337 5415 1425 5470 καὶ
1492 5411 1574 5468 διὰ
1638 5422 1790 5470 τοῦτο
1830 5414 1917 5467 καὶ

271 5505 415 5560 αὖτοὶ
470 5501 637 5578 μηδὲν
711 5509 821 5559 τῶν
874 5502 1136 5581 ἀλγεινῶν
1209 5503 1572 5583 ὑποφεύγωσιν
1630 5502 1759 5579 ὑπὲρ
1828 5509 1919 5559 τοῦ

270 5590 432 5646 σῶσαί
485 5613 655 5654 τινας.
702 5594 877 5650 Ταῦτα
927 5593 1050 5672 γὰρ,
1115 5593 1300 5672 οἶμαι,
1372 5593 1438 5648 τά
1497 5587 1866 5669 αἰνιγματώδη
1900 5612 1915 5628 ο

267 5678 348 5736 διὰ
407 5702 560 5738 τουτο
611 5680 816 5761 ἔλεγεν,
864 5681 957 5737 ’ίνα
988 5683 1123 5758 μετά
1182 5688 1347 5739 ταῦτα
1390 5679 1922 5757 ἀναμιμνησκόμενοι

2011 3292 2272 3374 tare,sed
2307 3292 2525 3371 omnia,
2558 3300 2622 3352 ut
2659 3290 2779 3351 dici
2827 3290 2997 3367 solet,
3049 3290 3248 3353 molita
3277 3301 3644 3372 exspectare.

2009 3386 2331 3463 Propterea
2361 3380 2503 3441 dicit
2534 3379 2620 3441 eis
2653 3402 2666 3437 :
2702 3380 2780 3441 Ex
2814 3381 2925 3441 hoc
2959 3390 3226 3461 tempore
3253 3390 3312 3443 et
3341 3401 3513 3465 peras
3538 3405 3646 3464 ge-

2005 3482 2177 3545 state,
2202 3472 2315 3533 hoc
2343 3477 2453 3541 est,
2487 3469 2573 3531 sic
2598 3469 2791 3530 aﬂ'ecti
2821 3478 3035 3543 estote,
3075 3478 3134 3532 et
3177 3489 3377 3533 curam
3406 3474 3645 3557 habete,

2005 3570 2069 3623 ut
2097 3560 2352 3624 esuriem
2405 3558 2666 3620 habituri
2696 3560 2769 3620 Et
2805 3559 3062 3638 gladium
3094 3561 3296 3637 emite,
3332 3563 3491 3642 quod
3532 3575 3645 3640 est,

2004 3654 2089 3714 sic
2121 3649 2429 3731 providete
2462 3647 2629 3711 vobis
2656 3647 2823 3728 ipsis,
2861 3657 3136 3729 tanquam
3170 3651 3232 3711 hi
3272 3652 3369 3731 qui
3400 3652 3461 3713 in
3494 3651 3650 3717 bella

2004 3749 2064 3805 et
2093 3740 2292 3821 praelia
2322 3738 2504 3799 multa
2524 3736 2891 3799 incident.Et
2910 3738 3080 3799 aliter
3101 3745 3649 3823 exposueruntqui-

2005 3830 2137 3912 dam
2188 3828 2390 3891 Emite
2428 3827 2727 3912 gladium.
2763 3826 3063 3912 Significat
3107 3827 3642 3912 enim_,__inquiunt,

2006 3910 2167 3971 brevi
2188 3917 2376 3969 tantas
2396 3908 2678 3969 adversus
2701 3906 2891 3985 ipsum
2919 3907 3146 3967 futuras
3164 3906 3647 3990 insidias—quales

2006 4015 2303 4077 nunquam
2337 3997 2598 4071 fuerunt,
2633 4002 2689 4055 et
2720 4000 2878 4074 quod
2910 3996 3168 4058 invasuri
3189 3998 3516 4080 sintipsum
3540 4001 3647 4063 viri

2004 4085 2536 4167 sanguinarii.Nam
2568 4085 2704 4165 quia
2733 4084 2819 4145 illi
2853 4087 3014 4165 prius
3043 4086 3198 4148 inter
3217 4105 3281 4148 se
3298 4090 3371 4150 de
3391 4089 3646 4169 primatu

2003 4175 2591 4239 contenderant.Non
2637 4183 2745 4247 est,
2780 4175 2989 4255 inquit,
3022 4183 3253 4256 tempus
3282 4177 3643 4258 ambitionis,

2006 4265 2111 4327 sed
2144 4264 2540 4345 periculorum
2564 4270 2622 4323 et
2647 4263 2914 4326 caedium.
2948 4264 3091 4326 Nam
3125 4274 3184 4326 et
3214 4284 3319 4344 ego
3370 4268 3648 4347 magister

2004 4363 2196 4416 vester
2225 4354 2295 4415 ad
2332 4359 2582 4413 mortem
2633 4351 2914 4423 abducor,
2964 4372 3158 4433 neque
3204 4356 3275 4415 ad
3325 4355 3642 4433 gloriosam

1945 4468 1983 4517 ι)
2007 4441 2709 4505 mortem.Verumtamen
2742 4441 3081 4520 implebitur
3108 4445 3163 4504 in
3197 4462 3311 4517 me,
3328 4443 3503 4507 «Cum
3522 4446 3644 4508 ini-

2001 4532 2134 4613 quis
2162 4531 2474 4611 deputatus
2505 4536 2614 4590 est.
2652 4528 2939 4591 nlnsidias
2971 4530 3147 4609 igitur
3175 4533 3644 4598 latrocinatorias

2000 4621 2458 4699 signiﬁcaturus,
2487 4617 2755 4679 meminit
2785 4618 2962 4696 gladii
2989 4640 3002 4679 :
3034 4639 3225 4701 neque
3267 4622 3509 4684 omnino
3536 4642 3642 4686 re-

2000 4710 2227 4783 velavit,
2282 4718 2344 4769 ut
2390 4726 2464 4769 ne
2518 4715 2680 4769 metu
2732 4706 2985 4787 quodam
3030 4714 3411 4773 terreantur:
3448 4730 3643 4793 neque

2000 4799 2239 4862 omnino
2272 4797 2455 4871 siluit,
2478 4802 2542 4859 ut
2562 4814 2635 4857 ne
2666 4796 2996 4875 repentinis
3026 4797 3259 4859 insidiis
3277 4800 3642 4863 confundan-

2000 4897 2092 4950 tur
2118 4908 2131 4951 :
2163 4889 2278 4949 imo
2306 4895 2366 4948 ut
2388 4898 2518 4966 post
2550 4885 2675 4945 haec
2706 4885 3091 4947 recordantes
3110 4887 3482 4950 admirentur
3503 4908 3638 4951 eum

1998 4978 2272 5049 tanquam
2303 4967 2800 5049 praescientem,et
2831 4974 3135 5044 tupescant
3161 4970 3456 5048 quomodo
3472 4969 3639 5050 seip-

2000 5078 2128 5120 sum
2159 5076 2265 5135 pro
2292 5058 2479 5118 salute
2509 5055 2815 5115 hominum
2842 5054 2916 5115 ad
2940 5067 3194 5117 mortem
3227 5057 3557 5133 tradiderit,
3580 5066 3640 5121 et

2003 5154 2313 5228 propterea
2340 5144 2514 5207 etiam
2546 5143 2660 5223 ipsi
2691 5142 2841 5203 nihil
2871 5143 3184 5207 molestum
3215 5146 3641 5226 subterfugiant

2002 5246 2061 5298 ut
2101 5235 2397 5296 salventur
2446 5233 2651 5314 aliqui.
2686 5230 2825 5293 Haac
2852 5232 3009 5293 enim
3036 5233 3247 5313 opinor
3275 5235 3642 5314 aanigmatice

2004 5332 2313 5405 propterea
2342 5322 2598 5398 dicebat,
2631 5331 2694 5382 ut
2725 5330 2926 5401 postea
2956 5323 3338 5385 recordantes
3369 5334 3430 5387 et
3462 5326 3644 5387 intel-

2001 5415 2273 5493 ligentes,
2307 5411 2617 5473 utilitatem
2650 5419 2935 5489 caperent
2969 5430 2982 5474 :
3017 5411 3294 5491 quoniam
3331 5427 3469 5476 tunc
3492 5415 3643 5475 adeo

1997 5501 2348 5581 insipientes
2378 5507 2567 5575 erant,
2603 5507 2664 5560 ut
2693 5499 2995 5563 dicerent:
3027 5500 3334 5582 «Domine,
3374 5520 3516 5565 ecce
3546 5503 3645 5565 hic

2001 5590 2179 5671 gladii
2209 5590 2470 5652 duoaAt
2491 5591 2615 5670 ipse
2644 5588 2785 5668 quia
2814 5587 2957 5651 vidit
2980 5607 3083 5652 eos
3104 5609 3222 5652 non
3251 5589 3639 5667 intellexisse,

2004 5680 2231 5762 inquit:
2274 5703 2299 5735 ι
2325 5678 2477 5743 Satis
2507 5686 2621 5755 est;
2658 5702 2686 5734 ι
2740 5677 2974 5742 tametsi
3025 5697 3397 5764 nequaquam
3452 5675 3642 5744 suﬁc-
