4116 6212
366 344 510 411 1‹08-1

1049 346 1492 436 ΕΝΑΒΗᾼἸῚΟ
1535 345 1617 408 IN
1663 344 1999 407 EVANGEI

2084 346 2168 412 1M
2213 345 2456 412 LUCJE.
2489 377 2564 393 -
2609 349 2772 411 CAP.
2821 347 3019 409 XXII.

3573 345 3595 403 t
3610 337 3728 404 082

361 480 576 564 εὔχεται
647 481 926 563 παρελθεῖν
1011 482 1070 537 τὸ
1132 481 1412 560 ποτήριον·
1493 478 1754 560 φιλόζωον
1814 479 1914 559 γὰρ
1971 479 1999 534 ὃ

2086 511 2204 556 non
2234 494 2449 560 dicturi
2480 502 2650 558 erant
2663 493 2714 556 si
2739 508 2860 557 non
2888 493 3139 557 fuissent
3160 495 3287 558 haec
3313 491 3512 559 facta?
3541 495 3728 557 Porro

362 569 654 650 ἅνθρωπος·
709 574 803 635 τὰς
855 569 1078 650 αἱρέσεις
1133 568 1218 626 διὰ
1271 569 1469 626 τούτων
1539 568 1844 647 ἀνατρέπων
1909 568 2004 632 τὰς

360 657 637 738 λεγούσας,
731 650 813 718 δτι
888 660 1022 716 κατὰ
1109 659 1392 737 φαντασίαν
1460 658 1884 734 ένηνθρὼπησεν,
1946 658 2004 716 Εἰ

358 754 456 831 γὰρ
508 754 594 810 καὶ
648 753 848 810 τούτων
918 750 1239 829 γενομένων,
1301 748 1465 830 ἔσχον
1521 748 1747 829 πάροδον
1789 757 2005 807 τοιαῦτα

357 841 629 922 ιρλυαρεῖν⁶
690 841 739 898 τί
809 842 903 897 οὒκ
974 841 1035 894 ἀν
1067 839 1246 910 εἶπον,
1279 839 1322 894 εἰ
1380 836 1516 914 μηδὲ
1546 846 1710 897 ταῦτα
1752 838 2003 916 ἐγένετος

357 933 428 990 Τὸ
486 931 582 1006 μὲν
667 931 754 987 οὖν
825 928 992 987 θέλειν
1095 929 1489 1007 παρενεχθῆναι
1579 929 1640 985 τὸ
1723 929 2002 1006 ποτήριον,

357 1021 702 1099 ἀνθρώπινον·
755 1021 817 1077 τὸ
875 1016 928 1074 δὲ
989 1016 1203 1098 ταχέως
1272 1017 1471 1091 εῑπεῖν,
1520 1040 1542 1074 ι)
1613 1015 1757 1086 Πλὴν
1815 1018 1893 1090 μὴ
1944 1018 2006 1072 τὸ

355 1109 485 1186 ἐμὸν
557 1109 763 1184 θέλημα
843 1107 1097 1186 γενέσθω,
1168 1104 1304 1161 ἀλλὰ
1359 1107 1420 1162 τὸ
1478 1107 1592 1169 σὸν,
1656 1130 1684 1161 n
1751 1105 2004 1166 δείκνυσιν

355 1196 434 1254 ὅτι
490 1197 580 1254 καὶ
644 1199 786 1272 ἡμᾶς
842 1194 978 1252 οὕτω
1035 1191 1118 1250 δεῖ
1175 1191 1473 1250 διακεῖσθαι
1530 1195 1615 1251 καὶ
1663 1194 2000 1274 φιλοσοφεῖν,

353 1290 441 1343 καὶ
496 1286 573 1360 τῷ
623 1287 745 1357 θείῳ
815 1282 1075 1358 θελήματι
1130 1294 1507 1361 παραχωρεῖν,
1589 1284 1673 1340 καὶ
1753 1289 1853 1350 τῆς
1910 1283 2002 1362 φύ·

354 1396 489 1440 σεως
542 1373 919 1440 ἀνθελκούσης,
995 1372 1075 1447 μὴ
1146 1371 1568 1450 ἐπιστρέφεσθαι.
1627 1373 1716 1440 Mi,
1782 1373 1844 1428 τὸ
1908 1371 1999 1428 δέ-

353 1464 502 1537 λημα
557 1486 660 1540 μου
716 1464 777 1519 τὸ
803 1461 1126 1541 ἀνθρώπινον
1155 1458 1409 1536 γενέσθω,
1444 1458 1582 1516 ἀ)λά
1615 1463 1677 1517 τὸ
1707 1464 1822 1540 σὸν,
1855 1460 1999 1541 ὥπερ

354 1556 446 1611 σὸν
503 1555 596 1610 οὒκ
643 1551 754 1610 ἔστι
811 1554 906 1609 τοῦ
959 1550 1087 1624 ἐμοῦ
1113 1549 1253 1608 θείου
1294 1548 1595 1625 θελήματος
1651 1548 1997 1631 κεχωρισμέ-

353 1659 461 1700 νον⁶
517 1631 606 1699 δύο
660 1643 760 1721 γὰρ
816 1641 994 1719 φύσεις
1051 1633 1197 1718 ’ἔχων
1227 1639 1254 1693 ὁ
1286 1635 1370 1701 εἷς
1403 1640 1648 1717 Χριστὸς,
1676 1643 1801 1720 εἶχε
1856 1638 1998 1695 πάν-

2086 583 2235 646 velle
2264 584 2423 665 quod
2457 591 2714 646 transeat
2752 583 2929 654 calix,
2975 584 3300 646 humanum
3331 591 3478 645 erat.
3519 580 3728 643 Statim

2085 680 2281 734 autem
2306 672 2587 753 dicendo,
2625 695 2648 730 (ι
2684 671 3109 735 Verumtamen
3159 692 3277 734 non
3306 683 3438 734 mea
3468 671 3731 732 voluntas

2089 761 2208 836 ﬁat,
2236 761 2340 823 sed
2374 771 2470 823 tua
2503 782 2518 824 :
2562 787 2582 816 ι
2621 761 2882 823 ostendit
2905 760 3060 841 quod
3093 761 3268 823 etiam
3293 779 3401 822 nos
3429 759 3514 821 sic
3545 777 3725 839 opor-

2087 862 2206 917 teat
2235 855 2476 916 atft-ctos
2507 873 2662 935 esse,
2696 863 2755 917 et
2788 854 3210 935 philosophari,
3247 854 3574 933 divinaeque
3621 872 3728 914 vo-

2085 943 2296 1006 luntati
2317 943 2558 1017 cedere,
2587 951 2647 1006 et
2669 962 2786 1004 non
2818 961 3025 1024 parere
3047 953 3272 1006 naturae
3297 961 3362 1004 se
3383 941 3727 1022 opponenti.

2084 1034 2216 1096 Non
2248 1033 2519 1095 voluntas
2555 1050 2684 1093 mea
2728 1033 2988 1094 humana
3018 1032 3140 1111 ﬁat,
3180 1031 3284 1094 sed
3318 1041 3434 1111 tua,
3470 1050 3540 1092 eo
3569 1031 3726 1111 quod

2084 1127 2183 1183 tua
2210 1121 2479 1182 voluntas
2512 1140 2629 1182 non
2661 1128 2750 1182 est
2799 1140 2832 1182 a
2862 1120 3003 1180 475
3045 1139 3173 1183 mea
3205 1120 3400 1182 divina
3435 1119 3732 1180 voluntate

2085 1217 2374 1289 separata.
2409 1212 2565 1272 Duas
2595 1208 2754 1272 enirn
2789 1218 3030 1271 naturas
3059 1209 3289 1272 habens
3329 1227 3483 1270 unus
3523 1206 3730 1271 Chris-

2086 1306 2201 1372 tus,
2236 1297 2439 1360 habuit
2468 1307 2527 1361 et
2560 1298 2858 1360 naturales
2907 1299 3234 1360 voluntates
3266 1299 3360 1360 vel
3395 1295 3726 1376 volitiones,

2084 1385 2340 1447 divinam
2362 1405 2430 1448 ac
2452 1385 3004 1449 humanamNoluit
3026 1387 3224 1468 itaque
3244 1388 3506 1450 humana
3526 1392 3732 1446 natura

2083 1474 2576 1554 vivere,naturale
2607 1475 2765 1536 enim
2798 1486 2912 1539 est.
2938 1476 3167 1539 Deinde
3196 1494 3455 1557 sequens
3474 1474 3728 1536 divinam

2079 1563 2468 1636 voluntatem,
2505 1581 2638 1644 quae
2670 1563 2905 1625 volebat
2955 1574 3016 1625 ut
3048 1584 3257 1626 omnes
3303 1564 3577 1627 homines
3604 1561 3730 1624 sal-

2081 1659 2444 1726 varentur,et
2468 1660 2594 1713 erat
2624 1653 2959 1716 communis
2981 1655 3138 1717 Patri
3157 1663 3215 1716 et
3235 1653 3382 1716 Filio
3401 1672 3471 1716 ac
3487 1651 3725 1732 Spiritui

350 1755 454 1797 τως
513 1732 602 1788 καὶ
656 1731 863 1811 φωσικά
892 1727 1167 1819 θελήματα
1193 1727 1255 1782 τὸ
1292 1748 1350 1782 τε
1373 1729 1538 1802 θεῖον,
1571 1731 1658 1785 καὶ
1707 1732 1766 1786 τὸ
1796 1726 1987 1808 ἀνθρώ-

2084 1751 2311 1815 sancto,
2341 1749 2591 1801 mortem
2626 1742 2930 1820 suscepit:
2961 1750 3019 1803 et
3048 1743 3135 1803 sic
3183 1759 3366 1803 unum
3397 1726 3612 1802 factum
3642 1745 3732 1800 est

351 1844 526 1888 πινον,
577 1820 696 1888 ἢτοι
755 1817 1018 1888 θελήσεις,

511 1870 526 1900 ,
577 1799 696 1888 ﬁth
755 1799 1034 1888 θελήσειεῖ,⁷
1083 1799 1290 1872 ’.Ηθελε
1333 1816 1429 1890 μὲν
1484 1799 1574 1872 ούν
1611 1819 1645 1885 ἡ
1695 1799 1994 1897 ἀνθρωπίνη

2084 1799 2344 1908 volituni,
2378 1828 2490 1890 hoc
2535 1837 2647 1902 est,
2699 1799 2979 1892 salutaris
3019 1847 3202 1892 mors.
3256 1829 3420 1902 Quod
3453 1831 3612 1890 enim
3655 1826 3730 1890 ab

350 1911 503 1990 φύσις
557 1913 624 1967 τὸ
668 1914 786 1986 ζῇν*
837 1907 1053 1988 φυσικὸν
1110 1905 1233 1982 γὰρ’
1289 1905 1413 1961 εἶτα
1473 1904 1710 1982 ἑπομένη
1739 1914 1816 1990 τῷ
1875 1908 1996 1983 θείῳ

350 1986 612 2076 θελήματι
644 2001 732 2076 (τὸ
788 1986 1012 2076 δέγέστι,
1034 1997 1095 2052 τὸ
1140 1993 1341 2058 πάντας
1398 1994 1702 2075 ἀνθρώπους
1733 1986 1988 2070 σωθῆναι,

353 2090 528 2147 κοινὸν
572 2087 630 2145 ὅν
691 2082 918 2166 Πατρὸς,
973 2085 1061 2140 καὶ
1126 2085 1268 2156 rio-3,
1333 2084 1421 2139 καὶ
1452 2085 1602 2164 ἁγίου
1633 2085 1991 2168 Πνεύματος),

347 2180 437 2236 τὸν
497 2178 718 2235 θάνατον
774 2171 1106 2238 κατεδέξατο⁶
1183 2173 1270 2228 καὶ
1329 2171 1496 2237 οὕτως
1551 2171 1605 2228 ἔν
1674 2174 1886 2252 ἐγένετο
1936 2176 1997 2232 τὸ

346 2259 591 2341 θελητὸν,
667 2265 962 2336 τουτέστιν,
1050 2265 1078 2319 ὁ
1132 2260 1480 2340 σωτηριώδης
1564 2263 1804 2329 θάνατος.
1869 2254 1997 2323 ’Ὅτι

347 2359 446 2439 γὰρ
475 2359 582 2414 ἀπὸ
611 2363 710 2425 τῆς
741 2354 1070 2432 ἀνθρωπίνης
1125 2351 1330 2431 φύσεως
1372 2355 1440 2419 ἧν
1479 2353 1542 2408 τὸ
1585 2354 1995 2434 προσεύχεσθαι,

352 2448 486 2504 κατὰ
542 2445 932 2525 παραχώρησιν
986 2440 1308 2520 πασχούσης
1369 2441 1430 2496 τὸ
1461 2443 1646 2498 κοινὸν
1676 2443 1839 2506 πάθος
1897 2447 1996 2511 τῆς

348 2535 664 2616 φιλοζωίας,
694 2532 815 2590 ἀλλ’
846 2535 941 2591 οὐκ
965 2531 1071 2586 ἀπὸ
1129 2534 1227 2595 τῆς
1296 2528 1574 2606 θεότητος,
1620 2530 1694 2593 ὥς
1736 2553 1892 2611 φασιν
1951 2534 1998 2589 οἱ

346 2625 631 2703 κατάρατοι
703 2621 984 2699 Ἀρειανοὶ,
1019 2617 1181 2685 δῆλον
1227 2618 1286 2674 ἐκ
1352 2625 1444 2674 τοῦ
1489 2619 1573 2675 καὶ
1617 2618 1853 2700 ἱδρῶσαι,
1911 2622 1999 2677 καὶ

349 2712 513 2778 οὕτως
569 2711 852 2790 ἐναγώνιον
909 2710 1172 2787 γενέσθαι,
1231 2707 1393 2780 ὥστε,
1451 2716 1605 2765 τοῦτο
1648 2705 1712 2775 δὴ
1768 2710 1830 2764 τὸ
1900 2713 1998 2778 τῆς

352 2803 658 2881 παροιμίας,
700 2801 788 2857 καὶ
841 2795 1100 2878 θρόμϐους
1177 2795 1412 2870 α’ἷματος
1463 2795 1515 2861 ἐξ
1573 2800 1730 2854 αὐτοῦ
1783 2811 1996 2858 πεσεῖν.

349 2891 609 2968 Παροιμίαι
659 2890 759 2968 γὰρ
815 2886 957 2943 ἐστιν
983 2886 1067 2942 ἐπί
1114 2891 1218 2941 τῶν
1275 2882 1472 2965 σφόδρα
1523 2886 1860 2960 κοπιώντων,
1914 2887 1993 2943 ὃτι

347 2983 497 3054 Αἷμα
554 2977 800 3058 ἵδρωσεν·
864 2975 1044 3054 ὥσπερ
1098 2975 1186 3030 καὶ
1257 2971 1342 3028 ἐπὶ
1369 2975 1476 3028 τῶν
1506 2979 1706 3050 πικρῶς
1737 2972 1994 3052 ὁδυρομέ-
2015 3029 2058 3081 C

547 3078 555 3081 _
578 3067 603 3081 ιι
853 3064 872 3081 \
930 3064 941 3081 ο
1076 3073 1115 3081 _
1154 3069 1174 3079 ν
1368 3061 1380 3081 Ι
1527 3064 1551 3081 Δ
1571 3059 1604 3081 "
1767 3060 1790 3081 θ
1831 3061 1850 3081 Ἷ
1880 3066 1901 3076 η’

353 3091 479 3147 νων,
533 3067 750 3142 Αἴματα
819 3064 1013 3123 κλαίει.
1076 3069 1243 3120 Τοῦτο
1300 3061 1470 3118 τοίνυν
1525 3059 1692 3118 θέλων
1762 3060 1997 3129 δηλῶσαι

349 3159 434 3213 καὶ
481 3159 509 3214 ὁ
541 3154 944 3234 εύαγγελιστὴς,
983 3153 1062 3210 ὅτι
1095 3153 1218 3231 οὖχὶ
1261 3153 1489 3213 λεπταῖς
1541 3173 1647 3206 τισι
1693 3151 1878 3225 νοτίσι,
1915 3153 2002 3207 καὶ

350 3246 468 3304 οἷον
526 3243 788 3311 ἐνδείξεως
847 3246 1007 3325 χάριν
1066 3240 1508 3321 ἐμφαινομέναις,
1555 3238 1692 3296 ἀλλὰ
1749 3241 2002 3319 σταγόσιν

349 3333 534 3413 ἁδραῖς
591 3333 823 3414 ἱδρώτων
880 3331 1274 3412 περιεστάζετο,
1352 3329 1474 3392 τοὺς
1573 3332 1678 3385 τῶν
1763 3330 2000 3405 αἱμάτων

348 3419 604 3503 θρόμϐους
674 3428 747 3488 είς
815 3424 989 3481 εἰκόνα
1046 3428 1138 3477 τοῦ
1166 3421 1450 3497 γενομένου
1478 3417 1824 3500 παρείληφεν,
1869 3419 1996 3476 Ἐν-

351 3517 524 3572 τεῦθεν
583 3515 671 3570 οὖν
727 3511 888 3581 δῆλον
947 3515 1018 3576 ὡς
1069 3512 1102 3578 ἡ
1173 3507 1382 3588 ἱδροῦσα
1469 3508 1620 3586 φύσις
1674 3508 1851 3575 ὲκείνη
1909 3509 1997 3565 καὶ

351 3601 574 3681 ἀγωνία,
647 3604 682 3672 ἡ
741 3603 1040 3682 ἀνθρωπίνη
1109 3599 1196 3668 ἧν,
1233 3598 1338 3678 οὔχ
1378 3599 1412 3665 ἡ
1444 3599 1578 3659 θεία.
1633 3595 1780 3654 Ἐπεὶ
1830 3599 1917 3654 καὶ
1960 3599 1995 3666 ἡ

352 3689 650 3770 ἀνθρωπίνη
696 3692 844 3772 φύσις
874 3690 1223 3770 συνεχωρήθη
1267 3693 1429 3742 ταῦτα
1460 3685 1720 3766 πάσχειν,
1753 3689 1840 3743 καὶ
1903 3687 1996 3745 οὒ-

351 3801 457 3846 τως
529 3781 790 3863 ἔπασχεν,
828 3781 904 3836 ςἶν’
937 3779 1046 3855 ἅμα
1091 3779 1186 3850 μὲν
1218 3775 1380 3855 δείξῃ,
1415 3776 1495 3830 ὃτι
1527 3775 1587 3830 οὖ
1632 3775 1768 3830 κατὰ
1796 3797 1995 3855 φαντα-

353 3870 468 3926 σίαν
523 3861 707 3952 ἐφάνη
747 3871 1042 3948 ἅνθρωπος,
1105 3867 1213 3943 ἅμα
1247 3863 1299 3920 δὲ
1332 3861 1723 3942 μυπικώτερον
1765 3865 1851 3920 καὶ
1904 3865 2000 3933 τὴν

353 3960 536 4027 κοινὴν
594 3964 692 4028 τῆς
757 3959 1085 4039 ἀνθρωπίνης
1129 3956 1331 4036 φύσεως
1361 3953 1556 4010 δειλίαν
1603 3953 1896 4032 ἐξιάσηται,
1947 3954 2002 4017 ἐν

353 4049 525 4124 ἐαυτῷ
581 4049 888 4119 δαπανήσας
974 4049 1192 4119 ταύτην,
1251 4046 1338 4100 καὶ
1370 4045 1636 4112 κατήκοον
1668 4044 1896 4112 ποιήσας
1926 4051 2002 4118 τῷ

353 4139 474 4212 θείῳ
513 4139 796 4214 θελήματι,
848 4141 942 4197 Καὶ
987 4140 1105 4201 τοὺς
1152 4138 1211 4193 ἐκ
1252 4142 1344 4191 τοῦ
1406 4134 1656 4208 σώματος
1706 4131 2000 4212 ἐξερχομέ-

355 4249 473 4290 νους
529 4225 749 4305 ἱδρῶτας
817 4229 902 4283 καὶ
981 4229 1403 4301 ἀποπῖπτοντας,
1465 4233 1619 4281 τοῦτο
1688 4223 2001 4279 αἰνίττεσθαι

349 4317 483 4397 φαίη
553 4317 614 4372 ἂν
683 4339 789 4398 τις,
848 4322 909 4374 τὰ
956 4317 1408 4394 ἀναξηραίνεσθαι,
1455 4313 1540 4366 καὶ
1611 4309 2000 4390 ἐξικμάζεσθαι,

354 4407 443 4463 καὶ
526 4407 844 4463 ἀποπίπτειν
902 4407 990 4488 ἀφ’
1058 4408 1210 4480 ἡμῶν
1257 4406 1347 4464 τὰς
1391 4407 1488 4467 τῆς
1558 4397 1750 4464 δειλίας
1793 4400 1996 4476 πηγὰς,

355 4493 708 4569 ἀνδρουμένης
770 4501 865 4564 τῆς
924 4498 1126 4575 φύσεως
1185 4496 1337 4567 ἡμῶν
1407 4490 1461 4546 έν
1519 4495 1728 4565 Χριστῷ
1770 4491 1857 4544 καὶ
1905 4511 2002 4545 το-

357 4584 639 4657 νουμένης.
701 4586 760 4642 Εἰ
818 4587 896 4660 μὴ
956 4587 1055 4662 γὰρ
1114 4592 1265 4639 τοῦτο
1321 4581 1386 4648 ἦν
1437 4574 1819 4653 αἰνιττόμενος,
1866 4580 2003 4657 φημὶ

359 4671 424 4740 δη
487 4674 547 4730 τὸ
603 4675 700 4741 τὴν
753 4673 1016 4750 ἡμετέραν
1061 4679 1166 4729 τῖον
1209 4670 1496 4748 ἀνθρώπων
1525 4663 1722 4722 δειλίαν
1767 4665 2001 4730 ὶξιᾶσθαι

355 4762 549 4842 θέλειν,
620 4767 714 4822 οὒκ
758 4762 840 4836 ἄν,
875 4761 989 4820 οὐδὲ
1022 4764 1062 4818 εἰ
1093 4761 1287 4838 σ’ρόδρα
1314 4757 1485 4820 δειλὸς
1517 4756 1580 4823 ἦν
1613 4755 1699 4810 καί
1749 4754 1999 4832 ἀγεννὴς,

358 4851 528 4916 οὕτως
600 4851 768 4930 ἵδρου.
827 4846 1023 4933 Ἷιὶιρθη
1083 4850 1136 4906 δὲ
1169 4852 1311 4922 xlvii
1355 4845 1576 4924 ἅγγελος
1609 4844 1873 4924 ἐνισχύων
1906 4845 1994 4900 αὖα

357 4943 469 5015 τὸν,
541 4944 628 4998 καὶ
671 4950 825 4999 τοῦτο
882 4945 953 5006 εἷς
990 4946 1138 5012 ἕρπον
1169 4937 1526 5016 παράκλησιν,
1559 4937 1631 4997 ὡς
1666 4931 1724 4988 δί’)
1778 4935 1875 5001 τὴν
1903 4935 1996 5002 τῆς

358 5033 527 5112 εὐχῆς
589 5029 802 5106 δύναμιν
853 5033 1129 5110 μάθωμεν,
1161 5033 1240 5086 ὃτι
1274 5029 1536 5107 ἐνιῖτχύει,
1588 5028 1675 5112 καὶ
1721 5024 1999 5094 μαθόντες,

356 5122 553 5188 ταύτην
609 5123 665 5176 ἓν
722 5135 836 5185 τοῖς
883 5121 1076 5184 δεινοῖς
1134 5115 1574 5199 προϐαλλὼμεθα.
1615 5104 1779 5188 "Auct
1811 5110 1864 5167 δὲ
1915 5116 2002 5170 καὶ

355 5209 650 5289 προφητεία
719 5209 953 5272 Μωσέως
1023 5208 1316 5285 πληροῦται
1369 5208 1424 5262 ἐν
1498 5209 1567 5278 τῇ
1622 5199 1832 5279 μεγάλῃ
1892 5200 2003 5278 ᾠδῇ

357 5298 636 5379 εἰρημένη·
677 5323 700 5352 α
743 5301 838 5356 Καὶ
894 5300 1330 5378 ἓνισχυσάτωσαν
1387 5293 1440 5349 ἐν
1499 5296 1638 5364 αὐτῷ
1668 5291 1858 5352 πάντες
1906 5294 2004 5347 υξοὶ

357 5391 510 5450 Θεοῦ.
561 5413 587 5442 n
649 5388 800 5450 Τινὲς
831 5386 884 5443 δὲ
913 5388 1050 5444 οὕτω
1082 5385 1520 5466 περιειργάσαντο
1580 5381 1640 5434 τὸ
1691 5377 1878 5458 ῥητὸν,
1923 5379 2005 5436 ὅτι

357 5479 507 5560 ὤφθη
534 5480 676 5553 αυτῷ
733 5477 957 5557 ἅγγελος
1026 5475 1251 5549 δοξάζων
1309 5474 1486 5545 αὐτὸν,
1555 5469 1642 5526 καὶ
1694 5466 1887 5545 λέγων’
1924 5472 2004 5539 Σή

433 5630 522 5678 θ’*
547 5638 721 5704 Deut.
752 5653 934 5715 χχιιι,
958 5637 1150 5718 juxta
1181 5633 1376 5700 LXX.

2077 1918 2339 1979 humana
2367 1926 2580 1979 natura
2614 1918 2792 1980 fuerit
2819 1937 3012 1992 orare,
3041 1937 3174 2000 quae
3196 1919 3360 1999 juxta
3391 1915 3729 1999 permissio‘

2079 2024 2214 2068 nem
2249 2005 2583 2086 patiebatur
2612 2024 2990 2070 communem
3019 2008 3398 2070 aﬂ‘eetionem
3431 2025 3543 2087 qua
3560 2023 3727 2067 ama-

2079 2113 2212 2156 mus
2229 2095 2625 2170 vitam,etnon
2645 2112 2679 2154 a
2699 2095 3188 2171 divinitate,sicut
3211 2093 3729 2158 dicuntmaledicti

2077 2182 2693 2258 Ariani,manifestum
2724 2193 2814 2245 est
2843 2203 2912 2247 ex
2944 2186 3084 2260 hoc,
3117 2185 3276 2266 quod
3301 2183 3732 2264 sudavit,idque

2080 2290 2212 2334 cum
2246 2279 2406 2332 tanta
2432 2271 2843 2344 anxietate,ita
2864 2282 2927 2334 ut
2951 2274 3151 2355 plane,
3176 2275 3341 2353 juxta
3361 2272 3730 2354 parmmiam,

2081 2359 2388 2439 sanguinis
2417 2369 2594 2439 guttae
2625 2380 2697 2420 ex
2730 2378 2800 2423 eo
2852 2363 3205 2426 ceciderint.
3238 2361 3530 2426 Paroemia
3571 2361 3729 2424 enim

2083 2457 2170 2510 est
2200 2451 2256 2510 in
2291 2449 2383 2510 his
2412 2448 2512 2530 qui
2572 2449 2739 2511 valde
2798 2451 3085 2520 laborant,
3145 2453 3224 2514 ita
3274 2461 3337 2514 ut
3380 2451 3729 2532 sanguinem

2080 2535 2336 2598 sudent:
2371 2537 2527 2598 sicut
2559 2547 2616 2600 et
2650 2538 2710 2598 in
2743 2538 2835 2599 his
2879 2540 2982 2620 qui
3031 2559 3234 2604 amare
3277 2542 3442 2614 ﬁent,
3476 2539 3734 2602 dicimus

2081 2625 2238 2706 quod
2269 2627 2616 2705 sangninem
2650 2628 2853 2692 ﬁeant.
2886 2629 3012 2690 Hoc
3044 2631 3222 2708 igitur
3251 2631 3456 2693 volens
3481 2629 3730 2691 manife-

2081 2725 2238 2778 stare
2269 2714 2654 2794 evangetista,
2710 2715 2866 2795 quod
2899 2736 3019 2778 non
3057 2717 3338 2779 tenuibus
3378 2717 3730 2798 quibusdam

2081 2806 2432 2868 humoribus
2465 2815 2524 2867 et
2554 2805 2711 2867 velut
2740 2809 3150 2870 ostentationis
3177 2810 3362 2887 gratia
3386 2808 3732 2891 apparenti-

2079 2893 2326 2965 bus,sed
2351 2893 2580 2973 magnis
2594 2895 2772 2972 guttis
2787 2896 3066 2958 sudorem
3091 2894 3735 2976 stillaverit,sanguinis

2082 2990 2368 3060 guttas,ut
2389 2982 2448 3044 id
2473 2984 2627 3062 quod
2653 2983 2968 3061 gerebatur
2992 2984 3730 3066 repraesentaret,accepit.

2084 3069 2238 3131 Hinc
2269 3069 2447 3149 igitur
2479 3069 2879 3147 manifestum,
2909 3074 3064 3154 quod
3091 3083 3301 3136 natura
3333 3073 3434 3135 illa
3465 3092 3597 3155 quae
3628 3091 3736 3133 su-

2086 3157 2285 3233 dabat,
2335 3158 2482 3220 etin
2519 3174 2711 3237 agone
2761 3169 2909 3242 erat,
2957 3162 3215 3224 humana
3271 3163 3381 3224 ista
3434 3163 3565 3241 fuit,
3616 3180 3732 3222 nou

2085 3246 2284 3308 divina
2311 3267 2323 3310 :
2362 3247 2503 3328 quia
2537 3255 2597 3309 et
2625 3248 2883 3311 humana
2916 3259 3124 3313 natura
3171 3252 3460 3332 permissa
3487 3259 3577 3313 est
3609 3250 3734 3312 haec

2086 3339 2230 3420 pali,
2263 3352 2321 3401 et
2346 3341 2431 3400 sic
2462 3357 2633 3421 passa
2657 3348 2769 3417 est,
2796 3351 2858 3402 ut
2888 3344 3064 3405 simul
3097 3345 3334 3406 interim
3367 3343 3732 3419 ostenderet,

2080 3430 2239 3508 quod
2277 3449 2394 3490 non
2444 3429 2855 3511 phantasticus
2895 3433 3074 3496 fuerit
3121 3435 3322 3496 homo.
3380 3433 3624 3496 Interim
3677 3439 3738 3493 et

2080 3519 2264 3596 magis
2299 3521 2606 3600 mysticum
2642 3520 2919 3599 quiddam
2944 3521 3140 3597 docet,
3175 3522 3332 3604 quod
3367 3531 3424 3584 et
3458 3539 3734 3584 commu-

2080 3625 2217 3668 nem
2251 3608 2528 3670 humana:
2579 3617 2807 3672 natura:
2849 3610 3225 3672 timiditatem
3268 3621 3460 3692 sanet,
3509 3610 3644 3691 quia
3673 3609 3735 3670 in

2079 3697 2276 3778 seipso
2307 3697 2472 3759 illam
2503 3699 2892 3779 consumpsit,
2925 3699 3256 3782 divinaeque
3284 3701 3564 3762 voluntati
3595 3699 3736 3762 fecit

2083 3785 2486 3850 obedientem.
2514 3787 2744 3868 Quippe
2771 3789 2925 3868 quod
2956 3790 3416 3869 egrediebantur
3436 3810 3468 3850 e
3487 3807 3737 3869 corpore

2085 3874 2336 3938 sudores
2384 3884 2442 3937 et
2490 3876 2870 3952 decidebant,
2924 3878 3150 3941 videtur
3197 3879 3530 3958 signiﬁcare
3576 3876 3732 3958 quod

2087 3966 2346 4028 exsiccet
2375 3975 2433 4027 et
2462 3966 2761 4045 abstergat
2789 3975 2852 4029 et
2889 3987 2923 4029 a
2953 3969 3126 4030 nobis
3157 3970 3370 4031 cadere
3402 3967 3576 4030 faciat
3598 3967 3732 4028 fou-

2088 4064 2175 4116 tes
2212 4055 2560 4137 timiditatis,
2591 4067 2804 4119 natura
2829 4066 3028 4120 nostra
3049 4059 3108 4119 in
3132 4056 3364 4120 Christo
3386 4058 3734 4119 corrobora-

2089 4152 2164 4218 ta,
2200 4155 2257 4204 et
2278 4146 2648 4206 conﬁrmata.
2682 4143 2808 4206 Nisi
2842 4146 3002 4208 enim
3036 4147 3094 4208 id
3127 4146 3543 4227 signiﬁcasset,
3574 4144 3730 4226 quod

2085 4231 2364 4294 videlicet
2419 4233 2740 4295 humanam
2787 4244 3046 4296 nostram
3099 4234 3477 4298 fermidinem
3525 4251 3734 4296 curare

2092 4322 2405 4383 voluisset:
2443 4321 2673 4383 etiamsi
2699 4322 2864 4384 valde
2898 4324 3138 4386 timidus
3162 4324 3476 4402 etignavus
3501 4322 3730 4396 fuisset,

2087 4429 2205 4472 non
2235 4411 2434 4492 utique
2453 4411 2540 4472 sic
2562 4411 2854 4473 sudasset.
2887 4413 3059 4474 Visus
3090 4423 3178 4476 est
3201 4422 3397 4474 autem
3416 4411 3470 4472 ei
3491 4411 3733 4489 angelus

2088 4499 2429 4561 confortans
2449 4519 2608 4580 eum,
2637 4498 2817 4580 idque
2847 4501 2919 4562 ad
2953 4512 3214 4564 nostram
3242 4500 3731 4579 consolationem,

2088 4598 2153 4652 ut
2183 4590 2473 4671 orationis
2497 4587 2768 4671 virtutem
2835 4589 3153 4664 discamus,
3211 4591 3367 4671 quod
3415 4589 3732 4671 confortet,

2087 4688 2390 4752 quumque
2419 4669 2830 4750 didicerimus,
2865 4689 2994 4731 eam
3044 4671 3102 4731 in
3153 4668 3426 4749 gravibus
3459 4668 3736 4750 periculis

2091 4760 2542 4840 prtemittamus.
2565 4755 2798 4821 Interea
2831 4759 3004 4820 etiam
3041 4759 3363 4839 implentur
3392 4777 3462 4822 ea
3490 4776 3620 4838 quae
3649 4758 3738 4818 di-

2088 4857 2180 4910 cta
2198 4867 2232 4910 a
2254 4853 2418 4912 Mose
2442 4847 2498 4908 in
2519 4866 2732 4927 magno
2761 4848 2987 4912 cantico
3013 4865 3026 4910 :
3054 4873 3079 4903 ι
3104 4847 3174 4910 Ει
3204 4849 3564 4909 roborentur
3586 4847 3644 4906 in
3665 4865 3736 4907 eo

2086 4956 2294 5000 omnes
2313 4936 2417 4998 ﬁlii
2440 4935 3162 4999 Dei’i.»Nonnulliautem
3181 4937 3269 4998 sic
3290 4936 3513 4998 dictum
3537 4935 3733 5016 expli-

2085 5026 2294 5080 carunt
2323 5017 2642 5091 curiosius,
2666 5018 2822 5098 quod
2847 5017 3116 5098 apparuit
3144 5017 3198 5078 ei
3227 5017 3471 5095 angelus
3505 5015 3733 5095 gloriﬁ-

2088 5127 2227 5171 cans
2248 5116 2474 5182 eum,et
2497 5106 2704 5168 dicens
2728 5126 2743 5166 :
2769 5105 2896 5168 Tua
2918 5104 3304 5181 est,Domine,
3317 5104 3596 5166 fortitudo
3622 5123 3636 5166 :
3674 5112 3734 5166 tu

2088 5196 2249 5257 enim
2273 5195 2625 5276 praevaluisti
2667 5205 2872 5257 contra
2906 5204 3180 5271 mortem,
3211 5202 3272 5258 et
3302 5203 3507 5257 contra
3545 5193 3734 5256 infer-

2089 5297 2321 5358 num,et
2351 5285 2621 5348 liberasti
2651 5304 2838 5364 genus
2872 5285 3218 5346 humanum.
3249 5284 3318 5345 Et
3350 5284 3474 5345 haec
3497 5281 3735 5365 quidem

2088 5376 2175 5440 sic
2193 5395 2256 5437 se
2279 5376 2520 5437 habent.
2549 5377 2682 5456 Ipse
2703 5383 2898 5436 autem
2918 5376 3066 5436 'cum
3102 5373 3396 5436 inveniret
3419 5371 3738 5454 discipulos

2088 5465 2482 5542 dormientes,
2501 5465 2817 5548 exprobrat
2843 5463 3022 5526 simul
3045 5473 3104 5527 et
3125 5463 3470 5527 adhortatur
3486 5472 3544 5525 ut
3567 5471 3740 5529 orent
