4116 6212
286 384 455 451 31085

980 376 1425 455 ENARRATIO
1468 391 1567 455 ΙΝ·
1597 386 2103 454 EVANGELIUM
2153 386 2388 447 Lucas.
2440 418 2515 430 -
2559 389 2725 450 cae.
2786 389 2954 451 xxu

3522 387 3673 454 1086

300 516 502 595 ἔλεγεν,
551 517 679 599 ἂχρι
723 520 821 587 τῆς
852 519 1090 599 ἐσχάτης
1120 520 1261 599 ὥρας
1306 522 1708 597 περικαιόμενος
1753 522 1934 579 αὐτοῦ.

2032 512 2229 577 lovens
2248 514 2416 576 illum
2436 515 2729 578 etidcirco
2746 536 2862 578 non
2883 528 3232 597 prosecutus
3255 529 3344 582 est
3366 519 3671 596 convitiis,

306 608 399 663 Διὸ
455 608 540 665 καὶ
588 607 702 664 ούδέ
744 608 973 688 ὕϐρισεν,
1034 608 1147 667 οὐδὲ
1204 611 1381 666 εἶπεν*
1446 610 1788 688 Ἀπάνθρωπε
1858 609 1943 666 καὶ

301 694 761 770 ἀγνωμονέστατε,
834 695 975 764 ἀλλ’,
1038 720 1058 753 s
1125 694 1317 776 Ἰούδα,
1361 720 1384 754 ι
1460 706 1536 772 τῷ
1573 702 1733 777 κυρίῳ
1790 702 1945 756 αὐτοῦ

305 781 520 855 ὀνόματι
594 783 1017 859 ἀνακαλούμενος
1078 786 1254 844 αὖτόν.
1295 788 1389 844 Καὶ
1423 785 1529 843 οὔδ’
1564 786 1626 841 ἄν
1650 788 1941 865 προσωνεί-

304 868 465 946 δισεν,
527 873 569 927 εἰ
620 872 698 945 μὴ
771 874 859 929 καὶ
886 885 1042 933 τοῦτο
1071 876 1145 939 εἷς
1176 874 1453 949 βελτίωσιν
1484 876 1640 931 αότοῦ
1664 874 1753 953 ἧν,
1789 872 1942 952 εἴπερ

302 956 571 1031 ἐϐούλετο,
607 952 730 1020 ’Ἱνα
773 965 871 1038 γὰρ
903 965 980 1037 μὴ
1011 963 1133 1041 δόξῃ
1180 962 1384 1044 λαθεϊδ,
1424 963 1543 1020 ἀλλ’
1573 965 1814 1042 ἐπιγνοὺς
1844 962 1942 1019 κᾶίν

301 1049 420 1105 τότε
476 1052 568 1106 τὸν
626 1054 922 1128 Δεσπότην,
957 1054 1030 1115 ὡς
1067 1053 1235 1109 πάντα
1269 1051 1464 1132 εἰδότα,
1507 1051 1806 1132 προσπέσῃ,
1856 1054 1942 1108 καὶ

304 1144 572 1218 μεταγνῷ,
629 1141 810 1196 τούτου
867 1140 1040 1197 ἕνεκεν
1095 1142 1183 1197 καὶ
1238 1150 1391 1199 τοῦτο
1422 1140 1662 1221 ἐποίησε,
1694 1142 1781 1197 καὶ
1811 1141 1945 1197 ὀνειο

301 1223 455 1296 δίζειν
513 1226 702 1294 ἔδοξεν.
767 1219 929 1300 ’ᾘδει
1002 1231 1098 1305 μὲν
1152 1231 1252 1309 γάρ
1307 1231 1485 1309 αὐτὸν,
1520 1230 1600 1288 ὅτι
1629 1219 1942 1309 ἀδιόρθωτός

300 1316 465 1391 ἐστιν,
515 1317 635 1373 ἀλλ’
704 1320 793 1377 οὖν
862 1321 921 1376 τὸ
977 1321 1163 1377 ἑαυτοῦ
1217 1318 1403 1376 ἐποίει·
1460 1319 1638 1398 ὥσπερ
1681 1322 1767 1375 οὖν
1797 1320 1884 1374 καὶ
1915 1320 1941 1373 6

301 1404 483 1483 Πατὴρ
539 1407 699 1465 αὐτοῦ
758 1407 812 1463 ἐν
868 1415 936 1484 τῇ
1006 1407 1213 1479 Παλαιᾷ
1267 1421 1434 1464 ποιεῖ’
1471 1406 1617 1473 εἰδὼς
1665 1407 1741 1482 μὴ
1772 1406 1937 1462 ἀκού-

301 1513 490 1559 σοντας
559 1497 679 1561 τοὺς
739 1488 1030 1576 Ἐϐραίους,
1065 1497 1211 1572 ὅμως
1268 1495 1581 1555 ἀποστέλλει
1633 1498 1753 1561 τοὺς
1804 1518 1943 1573 προ-

302 1583 496 1659 φῆτας·
558 1583 666 1659 ἅμα
723 1585 778 1643 δὲ
834 1588 921 1642 καὶ
977 1589 1119 1660 ἡμᾶς
1178 1593 1332 1643 τοῦτο
1376 1585 1500 1642 αύτὸ
1530 1584 1805 1657 διδάσκων,
1851 1583 1947 1640 ἵνα

2025 622 2218 684 neque
2248 602 2413 666 dixit.
2442 604 2577 665 477
2600 603 2648 667 Ο
2670 604 2992 668 inhumane
3022 616 3079 669 et
3108 607 3669 688 ingratissime,sed,

2035 719 2051 747 ι
2081 692 2292 773 .Ιιιὰε,ι
2318 694 2557 769 proprio
2593 712 2725 755 eum
2760 695 3001 757 nomine
3035 698 3400 778 compellans
3430 720 3443 763 :
3479 715 3674 778 neque

2025 782 2258 861 gravius
2287 782 2462 844 simul
2495 784 2811 863 arguisset,
2849 785 2956 846 nisi
2993 793 3049 846 et
3081 785 3192 847 hoc
3223 788 3276 849 ei
3308 787 3591 850 cessisset
3610 786 3672 848 in

2026 870 2318 951 melius,si
2344 872 2583 953 quidem
2606 872 3154 936 voluisseLEtenim
3185 896 3260 938 ne
3293 885 3673 959 putaretesse

2024 960 2346 1031 occultum,
2383 963 2485 1022 sed
2520 969 2721 1022 nutum
2774 962 3051 1035 Domino,
3103 973 3159 1027 et
3203 966 3291 1026 vel
3346 975 3484 1028 tunc
3535 973 3674 1026 ante

2026 1047 2224 1109 omnia
2278 1051 2563 1110 scientem
2598 1051 3019 1130 procumberet
3060 1062 3116 1115 et
3170 1055 3505 1133 pmniteret,
3556 1054 3671 1116 hoc

2026 1136 2250 1209 fecit,et
2267 1138 2424 1199 visus
2436 1146 2524 1198 est
2538 1157 2673 1200 eum
2698 1140 3170 1205 confundere.Et
3190 1142 3667 1223 sciebatquidem

2026 1224 2189 1285 illum
2219 1225 3004 1302 inemendabilem,faciebat
3028 1238 3225 1293 tamen
3251 1231 3486 1293 interim
3510 1229 3670 1311 quod

2025 1331 2224 1388 suum,
2256 1314 2757 1394 quemadmodum
2789 1330 2848 1378 et
2877 1315 3052 1379 Pater
3083 1320 3215 1398 ejus
3260 1321 3319 1381 in
3350 1317 3549 1380 Veteri
3581 1318 3671 1379 fa-

2026 1400 2261 1477 ciebatI;
2296 1403 2493 1465 sciens
2522 1403 2681 1465 enim
2704 1404 2941 1468 Iudaeos
2968 1426 3083 1469 non
3114 1408 3441 1481 audituros,
3471 1407 3669 1469 mitte-

2026 1490 2123 1551 bat
2147 1491 2486 1572 prophetas.
2516 1491 2751 1555 Interea
2782 1503 2841 1557 et
2886 1514 2992 1556 nos
3043 1495 3199 1557 idem
3255 1498 3449 1571 docet,
3486 1505 3550 1558 ut
3598 1513 3675 1557 ne

2028 1580 2351 1641 correcturi
2373 1580 2945 1661 lapsos,deticiamus
2960 1592 3012 1644 et
3036 1584 3341 1647 laboribus
3366 1584 3673 1647 cedamus.

300 1673 378 1744 μὴ
427 1675 738 1749 ἐκκακῶμεν
801 1677 921 1740 τοὺς
964 1678 1244 1741 πταίοντας
1300 1674 1672 1749 διορθούμενοι.
1721 1674 1945 1741 Ζηλοῦσι

2032 1672 2213 1732 Porro
2246 1669 2521 1750 discipuli
2551 1671 2675 1732 zelo
2712 1673 3049 1754 ﬂagrantes,
3085 1678 3261 1736 etiam
3294 1675 3519 1754 gladios
3544 1672 3674 1737 exi-

300 1758 353 1815 δὲ
408 1765 455 1817 οἱ
511 1766 761 1843 μαθηταὶ,
818 1768 905 1820 καὶ
949 1765 1219 1844 μαχαίρας
1252 1765 1614 1842 ἀνασύρονται.
1676 1765 1837 1820 Πόθεν
1893 1761 1945 1818 δέ

2033 1765 2219 1820 munt.
2245 1756 2413 1820 Unde
2438 1768 2633 1820 autem
2668 1758 2802 1821 illos
2831 1760 3178 1823 habebant?
3205 1764 3439 1842 Agnum
3466 1762 3680 1823 immo-

300 1852 492 1913 ταύτας
550 1852 711 1931 εἶχον
758 1875 774 1925 ;
807 1854 877 1911 Τό
908 1853 1083 1931 ἀρνίον
1113 1854 1385 1931 θύσαντες,
1417 1854 1505 1909 καὶ
1550 1852 1653 1908 ἀπὸ
1682 1852 1944 1931 τραπέζης

2032 1848 2243 1923 larant,
2282 1854 2338 1906 et
2367 1865 2401 1907 a
2435 1865 2638 1908 mensa
2670 1850 2952 1911 exierant.
3000 1849 3073 1912 At
3121 1851 3391 1930 arguitur
3436 1852 3672 1930 Petrus,

300 1938 689 2020 ἐξεληλυθότες,
753 1942 970 2006 εἰκότως
1030 1943 1191 2021 εἶχον
1263 1942 1474 2007 ταύτας.
1509 1941 1851 2016 Ἐπιτιμᾶται
1886 1940 1940 1997 δὲ

2032 1935 2127 2016 qui
2160 1943 2373 2016 praeter
2406 1954 2651 2016 scopum
2706 1938 2943 1999 Domini
2998 1938 3127 2000 zelo
3163 1958 3303 2000 usus
3353 1949 3529 2002 esset.
3562 1937 3679 2001 Alii

302 2030 329 2084 ὁ
381 2030 573 2105 θερμὸς
604 2030 820 2108 Πέτρος,
881 2033 953 2093 ὡς
1014 2032 1155 2109 παρά
1214 2031 1303 2086 τὸν
1358 2031 1556 2086 σκοπὸν
1612 2037 1703 2086 τοῦ
1751 2030 1942 2109 Κυρίου

2032 2024 2244 2085 etenim
2260 2025 2642 2102 interrogant,
2659 2048 2676 2079 ι
2691 2022 2839 2085 Num
2857 2028 3466 2111 percutiemus?:lpse
3477 2038 3676 2090 autem

303 2116 448 2188 ζήλῳ
502 2119 867 2197 χρησάμενος,
931 2121 991 2175 υἱ
1021 2120 1119 2195 μὲν
1149 2120 1248 2197 γάρ
1291 2116 1442 2175 ἄλλοι
1496 2118 1781 2197 ἐρωτῶσινο
1825 2142 1846 2174 α
1886 2121 1942 2175 Ei

2032 2131 2145 2174 non
2174 2119 2477 2192 exspectat
2502 2123 2891 2194 praeceptum.
2920 2113 3002 2177 lta
3032 2135 3270 2197 Semper
3299 2117 3555 2179 fervebat
3571 2134 3678 2196 pro

303 2206 653 2281 πατάξομενς
719 2209 872 2271 αὐτὸς
943 2206 997 2263 δὲ
1069 2210 1129 2263 οὗ
1172 2206 1442 2286 περιμένει
1497 2210 1821 2287 προτροπήν·
1859 2206 1942 2264 οὗ·

2032 2201 2325 2281 Magistro.
2392 2202 2652 2264 Perculit
2706 2211 2903 2264 autem
2952 2222 3184 2266 servum
3248 2206 3567 2286 pontiﬁcis,
3619 2212 3677 2266 et

301 2318 377 2351 τω
432 2304 707 2377 πανταχοῦ
759 2297 888 2369 ζέων
936 2301 1002 2365 ἦν
1048 2298 1177 2375 ὕπερ
1208 2304 1301 2353 τοῦ
1354 2294 1699 2359 Διδασιεάλου,
1730 2294 1945 2353 [latio-

2032 2300 2291 2370 amputat
2322 2309 2524 2352 aurem
2560 2292 2692 2371 ejus
2722 2291 3012 2355 dextram.
3046 2293 3251 2375 Neque
3290 2296 3399 2356 hoc
3440 2295 3681 2356 fortuito

304 2407 384 2441 σει
441 2383 496 2440 δέ
566 2388 656 2442 τὸν
714 2385 899 2443 δοῦλον
929 2394 1020 2444 τοῦ
1050 2386 1366 2465 ἀρχιερέως,
1412 2386 1499 2441 καὶ
1538 2386 1753 2465 ἀφαιρεῖ
1792 2387 1945 2444 αὖτοῠ

2032 2380 2298 2457 contigit,
2320 2380 2424 2441 sed
2453 2379 2686 2460 signum
2720 2381 2829 2443 hoc
2863 2391 3010 2457 erat,
3065 2384 3385 2446 Pontifices
3414 2384 3513 2465 qui
3545 2392 3684 2445 tunc

300 2477 362 2530 τὸ
430 2475 519 2539 οὖς
586 2477 646 2532 τὸ
702 2473 888 2540 δεξιόν,
925 2477 995 2532 Οὔ
1026 2477 1260 2554 τυχαίως
1290 2482 1469 2552 τοῦτο,
1498 2475 1634 2531 ἀλλά
1683 2474 1947 2551 σύμϐολον

303 2564 361 2620 ὅν
430 2573 523 2623 τοῦ
554 2566 673 2628 τοὺς
704 2566 824 2621 τότε
854 2564 1127 2643 ἀρχιερεῖς
1156 2565 1393 2629 ἅπαντας
1438 2562 1650 2629 δούλους
1679 2566 1944 2644 γενέσθαι,

307 2654 393 2709 καὶ
452 2652 707 2710 ἀπολέσαι
763 2655 859 2721 τὴν
912 2652 1080 2718 δεξιὰν
1139 2653 1329 2729 ἀκοὴν,
1364 2655 1422 2710 Εἰ
1451 2654 1550 2732 γάρ
1593 2652 1784 2721 ἤκουον
1816 2663 1947 2710 Μω-

302 2742 461 2814 σέως,
521 2744 614 2800 οὐκ
684 2743 745 2798 ἄν
800 2744 890 2799 τὸν
963 2744 1149 2821 Κύριον
1219 2748 1317 2810 τῆς
1378 2741 1532 2810 δόξης
1590 2744 1947 2809 ἐσταύρωσαν,

302 2830 509 2899 Ἰησοῦς
582 2830 636 2888 δέ
691 2834 752 2889 τὸ
809 2833 963 2889 ὠτίον
1010 2832 1421 2899 ἀποκαθίστησι·
1498 2832 1685 2911 πρέπει
1756 2836 1855 2913 γάρ
1885 2840 1951 2911 τῇ

300 2919 513 2998 μεγάλῃ
571 2928 660 2978 τοῦ
733 2920 903 2999 Λόγου
968 2919 1183 2996 δυνάμει
1253 2923 1315 2977 τὸ
1366 2923 1489 2984 τοὺς
1549 2924 1947 3001 παρακούοντας

299 3012 494 3089 ἰᾶσθαι,
560 3020 646 3066 καί
699 3010 1025 3088 προστιθέναι
1084 3012 1267 3073 αύτοϊς
1299 3010 1454 3066 ὠτίον
1485 3012 1558 3073 εἷς
1615 3013 1674 3067 τὸ
1716 3011 1943 3069 ἀκούειν.

304 3107 703 3177 Θαυματουργεϊ
772 3114 939 3157 τοίνυν
998 3102 1026 3155 6
1090 3098 1319 3171 Ἰησοῦς,
1380 3098 1463 3155 διὰ
1515 3103 1608 3157 τοῦ
1633 3100 1948 3178 φαινομένου

303 3187 487 3247 τούτου
542 3187 627 3243 ἐπὶ
696 3193 769 3261 τῷ
797 3188 934 3262 ὠτίιιι
967 3190 1232 3263 θαύματος
1270 3190 1367 3255 τὴν
1409 3188 1736 3252 ἀνεξικακίαν
1793 3193 1948 3247 αὖτοῦ

304 3274 572 3356 δεικνύων,
633 3279 719 3333 καὶ
778 3275 861 3332 διὰ
934 3284 1057 3355 γοῦν
1098 3278 1189 3334 τοῦ
1217 3278 1481 3352 θαύματος
1510 3277 1710 3355 ἐνάγων
1762 3279 1947 3340 αὖτοὺς

303 3365 376 3426 εἰς
431 3366 493 3420 τὸ
563 3364 855 3445 ἀπέχεσθαι
913 3372 1011 3432 τῆς
1070 3368 1286 3441 μανίας.
1346 3367 1500 3445 Λέγει
1532 3365 1584 3421 δέ
1640 3369 1771 3445 πρὸς
1830 3369 1948 3430 τοὺς

304 3452 577 3532 ἀρχιερεῖς
630 3455 716 3510 καὶ
788 3457 1117 3533 στρατηγοὺς
1187 3467 1280 3515 τοῦ
1326 3457 1485 3535 ἱεροῦ,
1532 3456 1794 3530 τουτέστι,
1826 3458 1948 3521 τοὺς

304 3542 588 3616 ταξεώτας,
654 3546 773 3608 τοὺς
834 3548 922 3602 ἐπὶ
981 3553 1057 3619 τῷ
1118 3545 1391 3602 ἐκτάσσειν
1441 3546 1791 3624 τεταγμένους
1853 3567 1947 3609 τας

303 3633 565 3708 ἱερατικὰς
621 3635 959 3705 ἀπαιτήσεις,
1014 3635 1049 3703 ἧ
1102 3637 1186 3691 καὶ
1216 3636 1337 3699 τοὺς
1394 3634 1840 3711 πεπιστευμένους
1885 3635 1948 3689 τά

303 3726 400 3787 τῆς
455 3722 807 3798 ἐποικοδομῆς
854 3732 947 3781 τοῦ
989 3727 1126 3800 ἱεροῦ
1151 3726 1237 3781 καὶ
1267 3725 1549 3790 ἐπισκευῆς
1595 3723 1722 3801 ἔργα
1753 3745 1948 3801 στρατ-

302 3811 466 3887 ηγοὺς
524 3812 792 3886 ὀνομάζει.
854 3815 1025 3879 Φησὶν
1079 3818 1164 3870 οὖν
1210 3815 1340 3890 πρὸς
1398 3814 1638 3875 τούτους·
1699 3811 1948 3886 Καθημέ·

302 3920 393 3976 ραν
453 3899 505 3955 ἐν
564 3905 640 3975 τῷ
696 3904 818 3979 ἱερῷ
886 3900 1175 3975 ἐδίδασκον,
1232 3904 1317 3959 καὶ
1374 3904 1467 3959 οὐκ
1527 3900 1820 3971 ἠθελήσατέ
1878 3921 1945 3975 με

304 3988 610 4068 συλλαϐεῖν,
643 3992 729 4046 καὶ
756 3993 842 4045 νῦν
914 3991 1214 4068 λῃστρικῶς
1272 3990 1550 4060 ἐπήλθετε.
1598 3988 1747 4047 Ἀλλ’
1780 3987 1944 4052 ὅντως

303 4080 486 4142 νυκτὸς
515 4078 687 4155 ἔργοις
721 4079 1077 4159 ἐπιχειρεῖτε,
1111 4083 1197 4136 καὶ
1229 4081 1429 4145 ἐξουσία
1459 4082 1605 4155 ὑμῶν
1635 4088 1727 4136 τοῦ
1749 4079 1968 4141 σκότους
2000 4080 2111 4134 ἐστι
2148 4092 2161 4107 ⁸

299 4167 450 4243 ὑμῖν,
480 4169 567 4222 καὶ
608 4175 685 4241 τῷ
708 4167 846 4245 ἔργῳ
872 4171 917 4242 ᾧ
939 4168 1311 4228 ἐπεόάλλεσθε.

388 4278 411 4309 α
477 4254 834 4320 Συλλαϐόντες
878 4257 935 4313 δὲ
960 4259 1115 4314 αυτὸν
1162 4258 1384 4335 ἤγαγον,
1414 4260 1500 4315 καὶ
1543 4260 1828 4336 εἰσήγαγον
1877 4259 1947 4320 εἱς

300 4347 397 4414 τὴν
454 4347 619 4402 οἰκίαν
689 4356 780 4404 του
850 4348 1166 4429 ἀρχιερέως,
1204 4343 1261 4407 Ὀ
1307 4348 1359 4405 δὲ
1419 4350 1611 4417 Πέτρος
1670 4348 1947 4415 ἠκολούθει

304 4436 585 4513 μακρόθεν.
662 4428 936 4511 Ἀψάντων

302 4526 727 4601 ωγκαθισάντων
786 4529 977 4602 xit-in,
1042 4528 1269 4593 ἐκάθητο
1342 4530 1370 4583 6
1443 4528 1635 4605 Πέτρος
1703 4527 1756 4582 ἐν
1800 4525 1948 4599 μέσῴ

304 4615 497 4673 αύτῶν.
558 4611 757 4671 ’ἰδοῦσα
819 4614 870 4669 δὲ
950 4616 1103 4671 αἰτόν
1186 4614 1439 4683 παιδίσκη
1512 4637 1590 4678 τις
1648 4617 1947 4689 καθήμενον

301 4702 430 4780 πρὸς
500 4704 562 4757 τὸ
611 4704 747 4780 φῶς,
804 4705 888 4759 καὶ
938 4705 1215 4759 ἀτενίσασα
1278 4709 1439 4777 αὖτῷ,
1488 4706 1637 4767 εἷπε,
1715 4705 1812 4762 Καὶ
1856 4702 1949 4760 οὖ-

299 4812 390 4855 τος
463 4791 555 4846 σὺν
625 4796 766 4865 αὐτῷ
822 4794 909 4861 ἦν.
976 4786 1032 4849 ὐ
1106 4793 1157 4847 δὲ
1213 4793 1483 4864 ἠρνήσατο
1540 4795 1694 4849 α’δτδν
1754 4792 1947 4869 λέγων’

303 4882 479 4961 Γύναι,
555 4885 649 4938 οὒκ
705 4880 827 4937 οἶδα
884 4883 1061 4943 αότον,
1102 4883 1359 4954 Καὶμετὴ
1390 4883 1564 4962 βραχὺ
1602 4882 1777 4959 ἕτερος
1830 4879 1951 4936 ἰδὼν

301 4972 457 5025 αὑτὸν
513 4969 635 5049 ἔφη’
702 4973 797 5027 Καὶ
867 4974 926 5026 σὺ
952 4971 1000 5035 ἐξ
1034 4973 1203 5025 αὒτὼν
1238 4972 1315 5032 εἷ,
1367 4963 1424 5028 Ὀ
1458 4971 1512 5027 δὲ
1548 4973 1737 5048 Πέτρος
1770 4975 1944 5026 εἷπεν⁸

302 5057 623 5138 ιιΑνθρωπε,
658 5061 751 5116 οὖκ
781 5062 906 5134 εἰμί,
942 5059 1046 5120 Καὶ
1078 5058 1367 5126 διαστάσης
1411 5063 1536 5116 ὡσεὶ
1591 5061 1727 5139 ὥρας
1799 5067 1945 5135 μιᾶς,

300 5145 461 5212 ἄλλος
512 5170 594 5210 τις
667 5146 950 5227 διισχυρίζε
966 5172 1014 5203 :0
1047 5148 1237 5225 λέγων,
1276 5148 1395 5205 Ἐπ’
1439 5148 1713 5221 ἀληθείας,
1750 5151 1835 5204 καὶ
1865 5152 1949 5203 οὗ-

298 5258 387 5302 τος
447 5235 563 5311 μετ’
639 5236 794 5292 αὖτοῦ
823 5237 908 5304 ἦν·
958 5240 1043 5294 καὶ
1104 5240 1204 5315 γὰρ
1264 5237 1547 5303 Γαλιλαῖός
1578 5238 1743 5299 ἐστιν.
1807 5239 1945 5295 Εἶπε

299 5324 349 5381 δὲ
398 5329 425 5383 6
473 5326 689 5401 Πέτρος⁶
754 5326 1070 5406 ’¹Ανθρωπε,
1148 5329 1241 5383 οὐκ
1271 5325 1391 5383 οἴδα
1424 5326 1451 5382 ὅ
1483 5326 1683 5405 λέγεις.
1719 5329 1814 5385 Καὶ
1844 5350 1947 5383 πα-

300 5420 557 5494 ραχρῆμα
592 5414 664 5469 ἔτι
733 5414 1021 5478 λαλοῦντος
1082 5417 1257 5494 αὐτοῦ,
1293 5415 1563 5494 ἐφώνησεν
1596 5420 1623 5472 6
1679 5414 1940 5494 ἀλέκτωρ.

303 5507 398 5562 Καὶ
456 5506 697 5584 στραφεὶς
756 5507 785 5560 6
860 5507 1043 5585 Κύριος
1075 5504 1324 5580 ἐνέϐλεψε
1358 5509 1433 5578 τῷ
1479 5505 1683 5585 Πέτρῳ,
1724 5507 1811 5561 καὶ
1837 5506 1943 5560 ὑπ-

297 5594 533 5663 εμνήσθη
584 5594 611 5647 6
680 5592 873 5671 Πέτρος
941 5602 1032 5651 τοῦ
1076 5594 1235 5672 λόγου
1266 5600 1358 5650 τοῦ
1392 5595 1598 5672 Κυρίου,
1661 5597 1735 5658 ὼς
1793 5596 1946 5650 εἶπεν

299 5684 464 5760 αὐτῷ,
522 5682 601 5737 ὃτι
664 5685 787 5762 Πρὶν
852 5683 1109 5765 ἀλέκτορα
1168 5683 1431 5763 φωνῆσαι,
1483 5684 1689 5763 ἀρνήσῃ
1721 5704 1788 5760 με
1808 5684 1941 5762 τρίς.

2030 2478 2438 2537 erant.omnes
2458 2477 2663 2529 uturos
2684 2479 2978 2550 servos,et
3000 2471 3337 2552 perdituros
3359 2471 3684 2535 auriculam

2030 2557 2324 2619 dextram.
2357 2558 2593 2619 Etenim
2628 2558 2679 2618 si
2712 2560 2909 2619 Mosen
2943 2559 3332 2640 audivissent,
3367 2560 3681 2622 Dominum

2031 2646 2235 2725 gloriae
2260 2664 2561 2726 nunquam
2597 2646 3051 2709 cruciﬁxissent.
3079 2647 3298 2710 Verum
3322 2648 3493 2711 Jesus
3516 2648 3682 2710 auri-

2034 2735 2225 2796 culam
2260 2734 2541 2796 restituit.
2567 2736 2749 2796 Decet
2780 2737 2935 2796 enim
2970 2737 3246 2798 virtutem
3270 2735 3449 2799 Verbi
3476 2755 3685 2798 sanare

2034 2822 2535 2895 inobedientes,et
2560 2841 2862 2902 apponere
2886 2824 2970 2885 eis
2987 2825 3312 2886 auriculam
3334 2835 3394 2887 ut
3414 2826 3678 2888 audiant.

2032 2912 2205 2976 Jesus
2235 2912 2433 2991 itaque
2469 2911 2846 2971 manifestum
2874 2911 3222 2974 miraculum
3252 2914 3411 2988 facit,
3445 2922 3500 2975 et
3531 2914 3683 2975 auri-

2034 3002 2226 3063 culam
2241 2998 2773 3071 sanans,miraculo
2789 3000 3129 3079 patientiam
3146 3019 3309 3063 suam
3336 3002 3678 3079 ostendens,

2033 3100 2090 3153 et
2119 3109 2223 3171 per
2257 3087 2609 3150 miraculum
2642 3088 2936 3149 inducens
2962 3108 3063 3151 eos
3089 3099 3150 3152 ut
3179 3090 3251 3152 ab
3279 3092 3509 3155 insania
3529 3091 3683 3154 absi-

2031 3188 2209 3243 stant.
2245 3178 2398 3242 Dicit
2427 3184 2624 3240 autem
2656 3178 2727 3239 ad
2760 3178 3061 3258 principes
3090 3182 3489 3251 sacerdotum.
3524 3190 3579 3242 et
3607 3181 3678 3242 ad

2036 3270 2421 3349 magistratus
2439 3268 2663 3347 templi.
2683 3271 2977 3346 Στρατηγοὶ
3003 3278 3059 3331 et
3081 3269 3282 3332 aediles
3304 3270 3678 3345 dicebantur,

2033 3359 2132 3441 qui
2163 3357 2463 3420 constituti
2517 3357 2732 3418 rantad
2761 3358 3127 3438 exquirenda
3143 3379 3210 3421 ea
3230 3379 3359 3441 quae
3379 3360 3453 3422 ad
3475 3360 3679 3439 templi

2032 3468 2201 3512 usum
2235 3448 2645 3525 exigebantur,
2679 3448 2766 3509 vel
2800 3448 2902 3528 qui
2948 3450 3203 3529 praefecti
3236 3459 3403 3512 erant
3432 3451 3680 3513 aediﬁcio

2034 3548 2091 3601 et
2117 3536 2543 3600 constructioni
2577 3535 2804 3615 templi.
2831 3537 2918 3598 Ad
2949 3540 3055 3599 bos
3081 3538 3263 3618 igitur
3292 3540 3437 3603 dicit
3467 3559 3481 3600 :
3519 3538 3680 3612 Quo-

2032 3626 2177 3689 tidie
2209 3625 2494 3687 docebam
2529 3624 2587 3685 in
2623 3624 2866 3705 templo,
2900 3636 2957 3688 et
2991 3627 3257 3689 noluistis
3288 3648 3383 3690 me
3413 3646 3683 3709 compre-

2033 3716 2323 3795 hendere,
2358 3723 2414 3775 et
2462 3733 2618 3775 nunc
2669 3713 2837 3793 quasi
2884 3714 3147 3776 latrones
3196 3717 3521 3779 invaditis:
3574 3717 3681 3778 sed

2034 3823 2238 3868 revera
2269 3803 2457 3864 noctis
2503 3803 2802 3864 attentatis
2853 3822 3054 3885 opera,
3091 3813 3148 3866 et
3198 3812 3451 3883 potestas
3491 3814 3683 3867 vestra

2036 3895 2417 3957 tenebrarum
2443 3900 2557 3954 est:
2583 3892 2999 3973 atqueidcirco
3024 3894 3391 3956 hancboram
3411 3896 3683 3957 observa-

2030 3986 2125 4065 tis,
2150 4002 2283 4066 quze
2305 3981 2584 4044 convenit
2605 3982 2767 4044 vobis
2794 3991 2852 4043 et
2874 3984 3066 4062 operi,
3101 4002 3217 4063 quo
3254 4002 3346 4044 me
3383 3983 3677 4045 invaditis.

2211 4076 2300 4131 καὶ
2342 4071 2426 4128 διά
2456 4080 2608 4129 10310
2637 4075 2885 4139 τοιαύτην
2915 4073 3063 4151 ὥραν
3096 4073 3457 4152 ὲπετηρήσατε
3490 4072 3682 4129 οἰκείαν

2112 4250 2384 4315 νεηε.54
2407 4249 2506 4313 62,
2524 4275 2549 4305 α
2574 4248 3085 4330 Comprehensum
3117 4259 3312 4311 autem
3337 4267 3474 4312 eum
3498 4250 3685 4313 duxe-

2030 4350 2253 4416 runt,et
2275 4338 2563 4402 induxer..
2579 4348 2639 4399 nt
2666 4339 2724 4399 in
2745 4339 2988 4399 domum
3014 4338 3295 4420 principis
3311 4338 3681 4403 sacerdotum

982 4438 1033 4492 δὲ
1071 4440 1170 4516 πῦρ
1204 4439 1255 4495 ἐν
1290 4438 1436 4513 μέσῳ
1480 4444 1579 4505 τῆς
1612 4438 1798 4511 αὖλῆς,
1860 4441 1945 4492 καὶ

2036 4433 2243 4493 Petrus
2268 4446 2406 4490 vero
2428 4427 2789 4508 sequebatur
2811 4428 3067 4489 eminus.
3096 4426 3241 4490 Cum
3255 4437 3449 4490 autem
3471 4447 3683 4490 accen-

2034 4520 2263 4582 dissent
2295 4518 2490 4596 ignem
2515 4518 2573 4578 in
2607 4517 2802 4578 medio
2832 4517 3004 4591 aulae,
3038 4526 3215 4597 atque
3242 4535 3358 4578 una
3373 4516 3682 4579 consedis-

2032 4618 2187 4680 sent,
2212 4606 2366 4671 sedit
2392 4615 2447 4667 et
2472 4610 2682 4668 Petrus
2704 4607 2859 4667 inter
2882 4605 3040 4669 illus.
3068 4604 3254 4678 Quem
3278 4625 3412 4668 cum
3446 4605 3687 4667 vidisset

2033 4697 2242 4759 ancilla
2267 4696 2533 4778 quaedam
2561 4696 2867 4757 sedentem
2890 4694 2959 4754 ad
2979 4694 3419 4769 lumen,detixis
3438 4695 3498 4755 in
3515 4694 3683 4756 illum

2034 4786 2249 4859 oculis,
2274 4787 2419 4847 dixit
2447 4804 2460 4847 :
2498 4783 2565 4846 Et
2586 4784 2683 4846 hic
2704 4802 2837 4845 cum
2862 4783 2964 4844 illo
2987 4790 3135 4846 erat.
3158 4786 3231 4845 At
3255 4784 3355 4846 ille
3376 4784 3686 4862 abnegavit

2035 4874 2409 4955 eum,dicens
2437 4894 2449 4934 :
2488 4874 2855 4953 Mulier,non
2880 4873 3013 4934 novi
3045 4872 3313 4934 illum.Et
3335 4883 3466 4954 post
3493 4872 3682 4953 pusil-

2031 4965 2153 5025 lum
2178 4963 2330 5024 alius
2358 4963 2567 5023 videns
2589 4982 2723 5023 eum
2749 4962 2918 5043 dixit,
2949 4961 3018 5023 Et
3046 4972 3101 5022 tu
3128 4962 3203 5023 de
3225 4962 3339 5023 illis
3358 4980 3444 5024 es.
3476 4961 3681 5022 Petrus

2033 5072 2169 5114 vero
2199 5053 2322 5114 ait:
2358 5050 2571 5120 Homo,
2608 5070 2727 5112 non
2760 5071 2914 5114 sum.
2941 5051 3011 5113 Et
3040 5051 3348 5112 intervallo
3372 5051 3682 5131 interjecto

2030 5144 2154 5204 fere
2186 5144 2345 5201 hora:
2377 5140 2579 5221 unius,
2614 5141 2767 5202 alius
2785 5140 3022 5221 quidam
3050 5140 3405 5221 alﬁrmabht,
3431 5142 3635 5202 dicens
3662 5160 3676 5202 :

2032 5232 2185 5294 Vere
2206 5242 2268 5291 et
2306 5230 2402 5292 hic
2426 5249 2561 5291 cum
2596 5231 2696 5291 illo
2728 5239 2876 5304 erat,
2906 5248 3041 5290 nam
3076 5239 3133 5290 et
3163 5228 3437 5293 Galilaeus
3467 5238 3577 5293 est.
3609 5229 3682 5292 Et

2028 5322 2108 5382 ait
2136 5323 2378 5383 Petrus:
2414 5317 2628 5391 Homo,
2667 5319 2865 5379 nescio
2893 5318 3032 5399 quid
3075 5318 3264 5382 dicas.
3297 5318 3676 5392 Et-continuo

2026 5411 2221 5473 adhuc
2249 5408 2349 5469 illo
2384 5409 2659 5486 loquente
2708 5406 2925 5469 cecinit
2974 5407 3188 5486 gallus.
3244 5412 3317 5473 Et
3359 5424 3679 5469 conversus

2029 5499 2319 5563 Dominus
2351 5496 2599 5556 intuitus
2630 5505 2720 5558 est
2752 5499 3013 5571 Petrum,
3048 5496 3187 5557 478
3229 5508 3287 5559 et
3330 5497 3679 5560 recordatus

2029 5598 2120 5653 est
2153 5590 2357 5649 Petrus
2389 5583 2574 5647 Verbi
2622 5584 2883 5657 Domini.
2934 5586 3231 5668 quomodo
3279 5586 3508 5652 dixerat
3536 5586 3672 5668 ipsi.

2030 5680 2379 5760 Priusquam
2406 5674 2593 5755 gallus
2643 5674 2948 5758 cecinerit,
2998 5682 3091 5740 ter
3137 5694 3234 5742 me
3282 5677 3552 5760 negabis.
3608 5676 3678 5740 Et
