4116 6212
484 259 629 327 1091

495 489 857 543 avertentem
879 489 1140 559 gentem,
1171 499 1235 539 ac
1272 488 1569 541 vetantem
1598 478 1812 539 tributa
1842 479 1985 539 dare
2016 481 2146 543 Cae-

490 567 961 651 sari,dicentem
1017 587 1080 628 se
1126 568 1425 631 Christum
1482 584 1682 646 regem
1724 586 1877 627 esse.
1936 567 2149 628 Pilatus

494 670 688 722 autem
731 657 1121 735 interrogavit
1163 676 1323 731 eum,
1362 656 1611 718 dicens:
1666 655 1753 716 Tu
1786 675 1847 715 es
1901 657 1998 717 ille
2048 675 2149 717 rex

492 744 867 813 Judzeorum?
891 749 964 806 At
1000 746 1101 805 ille
1146 746 1512 823 respondens
1545 746 1654 819 illi,
1698 746 1777 806 ait
1807 762 1819 807 :
1855 745 1939 805 Tu
1974 746 2143 805 dicis.

501 838 600 900 Ait
632 846 827 898 autem
863 835 1078 895 Pilatus
1102 838 1168 894 ad
1202 836 1498 912 principes
1541 837 1911 895 sacerdotum
1939 844 1992 893 et
2020 846 2141 895 tur-

504 929 629 989 bas:
658 923 811 985 Nihil
833 924 1068 984 invenio
1098 942 1263 984 noxaa
1282 923 1339 983 in
1362 923 1473 984 hoc
1502 924 1853 985 homine.At
1877 925 1958 984 illi
1979 925 2149 984 inva-

505 1014 1106 1077 lescebantdicentes
1153 1034 1166 1074 :
1219 1015 1560 1074 Commovet
1593 1015 1875 1091 populum
1928 1014 2150 1075 docens

509 1122 616 1185 per
634 1102 967 1163 universam
993 1102 1534 1173 Judaeam,exorsus
1556 1122 1587 1161 a
1617 1101 1854 1162 Galilaea
1871 1121 2059 1180 usque
2078 1104 2147 1164 ad

503 1196 663 1255 hunc
687 1192 906 1251 locum.
937 1191 1287 1252 nManil‘este
1332 1191 1561 1251 veritati
1602 1191 2008 1254 adversantur.
2042 1190 2150 1254 Ubi

516 1281 673 1343 enim
710 1279 1007 1359 prohibuit
1027 1277 1200 1341 Jesus
1227 1278 1439 1339 tributa
1465 1280 1720 1358 dari,qui
1748 1290 1807 1338 ut
1837 1279 2034 1340 debita
2059 1302 2154 1359 po-

515 1372 630 1434 tius
651 1368 819 1429 reddi
840 1370 1231 1447 praecepitsic
1253 1369 1476 1435 dicens,
1494 1368 2006 1431 «RedditeCzesari
2028 1389 2158 1450 qua:

512 1459 757 1523 Caesaris
779 1467 915 1517 sunt
935 1458 990 1519 ἲν
1004 1458 1310 1529 Quomodo
1329 1467 1522 1517 autem
1548 1469 1879 1519 commovet
1900 1458 2157 1521 turbam?

1450 253 2046 322 THEOPHYLACTI
2092 222 2505 318 BULGARIE
2550 255 2903 318 ARCHIEP.

488 392 657 456 illum
708 409 1011 467 accusare,
1068 391 1380 454 dicentes:
1416 391 1588 452 Hunc
1638 389 2142 469 deprehendimus

2248 396 2382 450 ιῦτοῦ
2436 390 2698 472 λέγοντεςο

3740 237 3913 310 109?

2787 400 2982 450 Τοῦτον
3069 391 3285 471 εὕρομεν
3390 389 3784 469 διαστρέφοντα
3852 382 3915 436 τὶ,

2233 480 2398 557 ἔθνος,
2456 470 2542 538 καὶ
2591 481 2859 538 κωλύοντο
2920 470 3134 558 Καίσαρι
3171 482 3359 559 φόρους
3388 478 3605 543 διδόναι,
3661 474 3917 552 λέγοντα

2234 571 2417 627 ἑαυτὸν
2475 573 2703 650 Χριστὸν
2761 569 2982 647 βασιλέα
3041 570 3215 628 εἶναι.
3277 559 3335 626 Ὀ
3393 566 3445 623 δὲ
3502 565 3741 627 Πιλάτος
3802 562 3914 615 ἒπ-

2231 660 2509 737 ηρώτησεν
2552 660 2709 716 αὐτὸν
2763 659 2957 737 λέγων·
3017 661 3088 715 Σύ
3141 660 3195 715 εἶ
3228 660 3256 714 6
3288 657 3534 735 βασιλεὺς
3577 661 3690 712 τῶν
3756 650 3915 737 Ἰστι-

2232 729 2386 804 δαίων
2424 795 2436 808 .
2514 741 2570 806 Ὀ
2642 746 2695 803 δὲ
2755 729 3049 825 ἀποκριθεὶς
3107 750 3249 821 αὒτῴ
3288 729 3417 826 ἔφη·
3470 747 3541 800 Σὺ
3588 743 3811 819 λέγεις,
3852 729 3915 793 Ὀ

2231 835 2286 892 δὲ
2318 836 2553 900 Πιλάτος
2582 854 2703 893 εῖπε
2735 838 2866 915 πρὸς
2911 838 3031 899 τοὺς
3059 837 3335 915 ἀρχιερεῖς
3365 837 3451 891 καὶ
3502 835 3627 897 τοὺς
3660 829 3912 910 ἔκλαυς’

2233 923 2391 981 Οὒδέν
2450 927 2668 1004 εὑρίσκω
2728 926 2899 982 αἴτιον
2986 927 3041 981 ὲν
3068 932 3146 1000 τῷ
3176 925 3433 1003 ἀνθρώπῳ
3462 925 3657 994 τούτῳ.
3723 922 3800 977 Οἱ
3857 915 3915 971 δὲ

2234 1014 2489 1094 ἐπίσχυον
2572 1015 2845 1094 λέγοντες,
2895 1013 2974 1071 ὅτι
3006 1013 3266 1071 Ἀνασείει
3328 1015 3417 1069 τὸν
3467 1013 3593 1068 λαὸν
3625 1007 3918 1066 διδάσκων

2234 1104 2351 1159 καθ’
2409 1103 2542 1172 ὅλης
2588 1106 2685 1173 τῆς
2763 1094 3009 1166 ἰουδαίας
3082 1101 3368 1178 ἀρξάμενος
3426 1102 3530 1157 ἀπὸ
3572 1100 3673 1167 τῆς
3725 1095 3916 1153 Γαλι-

2237 1194 2385 1258 λαίας
2443 1193 2544 1258 ἕως
2599 1192 2722 1255 ὧδε.
2791 1217 2815 1249 ο
2882 1199 3169 1271 Προφανῶς
3228 1193 3586 1248 ἆναντιοῦνται
3624 1195 3694 1264 τῇ
3754 1185 3916 1248 ἀλει-

2237 1284 2369 1354 θείᾳ.
2428 1288 2537 1342 Ποῦ
2591 1283 2690 1361 γὰρ
2751 1281 3015 1338 ἒκώλυσεν
3074 1284 3101 1337 6
3175 1280 3380 1347 Ἰησοῦς
3439 1280 3626 1360 φόρους
3659 1275 3917 1336 διδόναι.

2239 1371 2372 1427 ὅπου
2429 1393 2489 1450 γε
2545 1371 2749 1447 μᾶλλον
2797 1375 2869 1435 ὡς
2947 1371 3107 1450 χρέος
3205 1368 3504 1426 ἀποδιδόναι
3587 1365 3916 1441 ἐκέλευσεν,

2241 1460 2407 1525 οὕτως
2482 1463 2667 1535 εἰπὼν,
2702 1485 2729 1515 α
2792 1458 3047 1517 Ἀπόδοτε
3102 1460 3169 1515 τὰ
3231 1460 3489 1537 Καίσαρος
3550 1457 3789 1530 Καίσαρι
3833 1471 3852 1524 ;
3889 1476 3915 1507 ι

516 1546 781 1630 nunquid
816 1557 878 1607 ut
908 1565 1089 1625 regna
1134 1547 1467 1607 invadens?
1502 1547 1618 1609 Sed
1666 1547 2021 1608 incredibile
2052 1550 2163 1609 hoc

2248 1557 2366 1614 Πῶς
2419 1550 2473 1605 δὲ
2535 1550 2763 1606 ἀνασείει
2793 1551 2885 1604 τὸν
2927 1547 3094 1627 ὄχλον
3126 1567 3143 1627 ς
3170 1537 3282 1625 Ἆρ’
3324 1550 3396 1609 ὡς
3432 1544 3675 1622 βασιλεία
3692 1545 3919 1621 ἐγχει-

512 1637 809 1711 omnibus,
840 1654 972 1696 nam
997 1655 1129 1696 cum
1157 1637 1491 1713 agnovisset
1521 1637 1673 1715 quod
1713 1642 1963 1716 populus
1991 1638 2164 1700 vellet

2248 1645 2401 1719 ρῶν;
2463 1638 2612 1695 Ἀλλ’
2673 1640 2923 1695 ἀπίθανον
2979 1643 3132 1694 τοῦτο
3183 1636 3507 1691 παντάπασιο
3567 1636 3656 1690 καὶ
3694 1631 3917 1709 βουλο-

515 1729 705 1807 ipsum
726 1744 924 1803 regem
950 1727 1450 1795 facere,secessit:
1473 1725 1630 1784 nnde
1643 1735 1700 1786 et
1716 1725 1932 1786 Pilatus
1953 1726 2162 1805 depreo

2248 1726 2407 1802 μένου
2491 1729 2591 1805 γὰρ
2672 1729 2827 1784 αὐτὸν
2894 1733 3001 1797 τοῦ
3084 1723 3316 1793 πλήθους
3371 1722 3518 1799 βασι)
3533 1723 3591 1778 ἐα
3642 1721 3915 1797 ποιῆσαι,

515 1806 786 1878 hendens
814 1814 1056 1875 illorum
1090 1816 1555 1893 syc0pbantiam,
1594 1816 1844 1874 fatetur:
1881 1840 1903 1869 «ι
1932 1814 2162 1876 Nullam

2248 1818 2399 1894 γνοὸς
2470 1817 2834 1896 ἀνεχώρησεν,
2871 1806 3037 1873 ’Ὅθεν
3064 1816 3152 1870 καὶ
3208 1812 3437 1875 Πιλάτος
3478 1812 3530 1866 ἐν
3585 1808 3917 1881 καταλήψει

519 1904 756 1966 invenio
782 1922 991 1963 noxam
1019 1904 1075 1963 in
1100 1905 1337 1964 homine
1354 1904 1485 1966 hoc.
1504 1930 1525 1956 ι)
1546 1902 1783 1963 Videtur
1801 1922 1997 1962 au'em
2022 1904 2164 1964 mihi

2248 1911 2348 1971 τῆς
2402 1905 2749 1997 συκοιραντίας
2820 1905 3129 1982 γενόμενος,
3202 1900 3484 1979 ὁμολογεῖ,
3532 1900 3608 1956 ὅτι
3669 1923 3695 1951 ι
3733 1896 3914 1956 Οὗδὲν

516 1996 629 2055 ista
659 1992 1124 2070 interrogatione
1147 2011 1319 2073 quam
1347 1993 1484 2052 facit
1511 2011 1645 2070 erga
1663 1993 1986 2072 Christum,
2009 1993 2165 2053 ride-

2248 1995 2469 2070 εὑρίσκω
2550 1984 2728 2052 αἴτιον
2777 1993 2831 2050 ἓν
2901 1997 2978 2065 τῷ
3005 1992 3261 2070 ἀνθρώπῳ
3304 1991 3498 2064 τούτῳ.
3539 2013 3563 2046 ο
3616 1999 3796 2044 Δοκεῖ
3859 1984 3917 2040 δέ

516 2102 583 2144 re
606 2082 993 2144 calumniam.
1016 2080 1160 2142 Rem
1189 2083 1344 2141 enim
1369 2082 1553 2161 ipsam
1580 2081 1904 2143 subsannat
1934 2082 2163 2144 dicens:

2249 2106 2341 2158 μοι
2384 2084 2471 2139 καὶ
2522 2081 2655 2150 αὕτη
2712 2086 2746 2150 ἡ
2805 2082 3087 2160 ἔρώτησις,
3118 2080 3183 2148 ἦν
3214 2093 3446 2136 ποιεῖται
3478 2081 3607 2157 πρὸς
3640 2081 3727 2134 τὸν
3770 2083 3917 2155 Χρι-

523 2196 550 2228 α
573 2173 660 2232 Tu
690 2189 755 2232 es
786 2189 885 2231 rex
916 2169 1304 2232 Judaaorum‘.’
1339 2196 1361 2224 η
1400 2170 1570 2249 quasi
1602 2170 1686 2231 sic
1718 2172 1872 2232 dicat
1902 2191 1914 2232 :
1947 2171 2033 2232 'l'u
2064 2172 2165 2247 qui

2253 2172 2397 2251 στὸν,
2458 2172 2541 2229 ἐπὶ
2598 2169 2926 2249 καταγέλωτι
2986 2172 3082 2239 τῆς
3146 2170 3493 2250 συκοφαντίας
3551 2168 3717 2225 εἶναι.
3788 2174 3919 2221 Μυ-

516 2268 633 2321 tam
674 2276 924 2338 pauper,
959 2266 1074 2317 tam
1108 2258 1258 2330 vilis,
1296 2268 1408 2318 tam
1444 2259 1755 2319 destitutus
1782 2260 2024 2333 auxilio,
2050 2268 2162 2321 tam

2249 2261 2480 2339 ντηρίζει
2542 2261 2642 2340 γὰρ
2708 2263 2768 2316 τὸ
2819 2267 3038 2339 πρᾶγμα
3096 2258 3293 2337 λέγων·
3327 2280 3359 2316 ε
3394 2260 3466 2313 Σὺ
3499 2258 3550 2313 εἷ
3582 2258 3613 2312 ὅ
3645 2257 3915 2332 βασιλεὺς

522 2348 717 2409 nudus
749 2366 837 2426 es,
870 2346 1171 2407 accusaris
1220 2364 1468 2424 regnum
1508 2346 1788 2407 ambire?
1819 2351 1941 2409 Hoc
1970 2359 2165 2410 autem

2249 2352 2354 2406 τῶν
2423 2347 2736 2421 Ἰουδαίωνς
2805 2369 2835 2407 (
2892 2350 3179 2428 μονονουχί
3239 2355 3392 2404 τοῦτο
3463 2348 3655 2425 λέγων’
3732 2347 3822 2401 Σὺ
3885 2348 3914 2399 6

524 2436 855 2498 deridentis
886 2445 997 2504 est.
1033 2446 1096 2495 ut
1125 2436 1403 2508 diximus,
1437 2454 1539 2495 eos
1571 2436 1667 2516 qui
1703 2437 1761 2497 in
1800 2438 1889 2497 his
1918 2457 2165 2500 accusa-

2254 2439 2445 2513 πένης,
2503 2442 2530 2496 6
2587 2437 2827 2518 εὐτελὴς,
2887 2440 2915 2494 ὃ
2975 2440 3193 2516 γυμνὸς,
3226 2440 3254 2493 6
3284 2435 3579 2505 ἀϐοήθητος
3622 2440 3917 2513 κατηγορῇ

522 2526 665 2588 bant
693 2525 920 2599 Jesum,
958 2524 1113 2605 quod
1148 2524 1370 2601 ﬁngant
1419 2524 1591 2585 talem
1636 2544 1759 2586 rem
1797 2528 2068 2588 attentari
2100 2528 2165 2589 ab

2255 2529 2340 2585 ἒπὶ
2408 2535 2484 2602 τῷ
2537 2527 2807 2604 βασιλείας
2868 2528 3095 2607 ἐφίεσθαι
3133 2546 3149 2601 ;
3182 2534 3346 2584 Τοῦτο
3396 2525 3450 2580 δὲ
3492 2524 3916 2602 καταγελῶντός

526 2616 767 2677 homine
806 2621 917 2673 tarn
954 2614 1111 2674 nudo
1143 2625 1322 2694 atque
1352 2612 1476 2686 vili,
1516 2614 1586 2674 ad
1622 2632 1795 2693 quam
1844 2626 1926 2675 tot
1956 2616 2165 2677 divitiis

2257 2617 2421 2689 ἐστιν,
2481 2619 2553 2680 ὡς
2630 2617 2856 2697 ἔφημεν,
2916 2623 3023 2672 τῶν
3091 2623 3253 2673 ταῦτα
3326 2614 3762 2693 κατηγορούντων
3818 2620 3917 2669 τοῦ

526 2714 700 2784 atque
725 2702 1018 2783 praesidiis
1042 2721 1188 2782 opus
1221 2712 1329 2763 est.
1358 2705 1577 2765 Verum
1608 2704 1662 2763 hi
1685 2722 1817 2763 cum
1849 2705 1993 2765 nihil
2017 2705 2165 2767 aliud

2259 2703 2458 2780 Ἰησοῦ,
2521 2706 2601 2761 ὃτι
2645 2708 2737 2761 τὸν
2792 2705 2957 2768 οὕτως
3031 2704 3240 2784 εὐτελῆ,
3296 2706 3384 2761 καὶ
3426 2704 3649 2782 γυμνὸν,
3677 2705 3917 2758 τοιούτω

522 2793 811 2855 haberent
828 2793 897 2852 ad
927 2791 1377 2870 sycophantiam
1399 2791 2165 2867 conﬁrmandam,clamoris

2258 2795 2527 2873 πράγματι
2602 2794 2900 2876 ἐπιχειρεῖν
2970 2793 3312 2869 πλάττονται,
3370 2792 3583 2849 πολλῶν
3667 2790 3921 2864 δεομένῳ

524 2890 768 2944 utuntur
795 2881 1033 2961 auxilio,
1060 2891 1115 2940 et
1142 2880 1545 2941 clamaverunt
1575 2891 1779 2942 contra
1806 2885 1989 2944 Deum
2023 2882 2165 2945 Ver-

2258 2887 2345 2942 καὶ
2400 2885 2697 2962 χρημάτων
2753 2886 2840 2941 καὶ
2888 2884 3200 2962 ἐπικούρων,
3262 2885 3323 2941 Οἱ
3391 2882 3446 2938 δὲ
3479 2881 3645 2958 μηδὲν
3681 2881 3915 2960 ἔχοντες

524 2970 690 3032 bum.
725 2971 1070 3033 Commovet
1103 2969 1287 3049 enim,
1324 2970 1617 3050 inquiunt,
1652 2973 1762 3032 hoc
1794 2981 1905 3045 est,
1933 2973 2165 3033 seditio-

2259 2974 2390 3032 ἄλλο
2443 2976 2573 3053 πρὸς
2622 2976 2717 3042 τὴν
2788 2975 3131 3053 συκοφαντίαν
3187 2975 3459 3050 βοήθημα,
3515 2985 3634 3033 ταῖς
3694 2984 3915 3049 φωναῖς

525 3078 653 3121 sum
687 3058 822 3120 facit
872 3058 1153 3138 pepulum
1193 3079 1206 3120 :
1261 3040 1318 3118 et
1368 3040 1485 3119 non
1519 3061 1575 3121 in
1626 3080 1742 3120 una
1793 3071 1955 3140 parte
2004 3064 2106 3122 sed
2142 3081 2165 3124 a

2258 3069 2495 3144 χρῶνται
2547 3065 2677 3143 πρὸς
2729 3064 3023 3143 συνεργίαν,
3094 3064 3181 3118 καὶ
3250 3063 3536 3140 κεκράγασι
3593 3064 3729 3117 κατὰ
3816 3065 3917 3118 τοῦ

530 3149 1030 3227 Galilaeaincepit.
1060 3157 1118 3209 et
1149 3150 1416 3229 pervenit
1447 3151 1892 3232 hucusque,per
1920 3154 2165 3214 mediam

2259 3162 2391 3210 Θεοῦ
2446 3152 2641 3232 Λόγου.
2715 3150 2971 3210 Ἀνασείει
3035 3153 3158 3231 γὰρ,
3218 3154 3369 3231 φησὶ,
3419 3149 3711 3227 τουτέστιν,
3765 3150 3912 3208 ἀνα-

527 3239 791 3301 ]ιιάωδηι
843 3236 1161 3297 transiens.
1212 3234 1340 3298 Non
1386 3240 1735 3317 simpliciter
1783 3251 1977 3302 autem
2035 3243 2165 3304 mihi

2256 3254 2442 3300 στατεϊ
2493 3245 2582 3300 τὸν
2652 3242 2803 3315 λαὸν,
2848 3244 2936 3298 καὶ
2965 3243 3057 3298 οὒκ
3083 3244 3139 3297 ἓν
3172 3241 3244 3296 ὲνὶ
3273 3240 3442 3317 μέρει,
3490 3238 3610 3295 ἀλλ’
3668 3239 3773 3295 ἀπὸ
3808 3240 3914 3314 μὲι

523 3327 807 3389 videntur
864 3325 1208 3387 meminisse
1260 3328 1535 3404 Galilaaaa,
1599 3329 1701 3390 sed
1764 3330 1822 3389 in
1885 3338 2165 3391 terrorem

2256 3333 2353 3400 τῆς
2412 3332 2691 3397 Γαλιλαίας
2748 3331 2960 3403 ἤρξατο,
3018 3330 3206 3409 ἔφθασε
3231 3328 3285 3386 δὲ
3344 3329 3444 3391 ἕως
3475 3327 3599 3397 ὦδε,
3657 3327 3742 3385 διὰ
3801 3330 3908 3403 μέ-

528 3412 805 3476 Ρίιειιίἰδ.
840 3411 983 3473 Nam
1016 3413 1238 3475 Galilmi
1271 3433 1508 3495 semper
1536 3417 1825 3497 seditiosn,
1851 3436 2165 3499 rerumque

2258 3445 2358 3488 σης
2406 3423 2504 3488 τῆς
2564 3420 2812 3484 Ἰουδαίας
2869 3418 3107 3481 διελθών.
3169 3420 3283 3499 Ούχ
3327 3418 3512 3483 ἁπλῶς
3563 3417 3618 3475 δέ
3672 3440 3765 3492 μοι
3810 3417 3909 3475 δο-

529 3511 842 3565 novatores
892 3501 1082 3580 fuere,
1133 3504 1321 3582 qualis
1376 3514 1503 3566 erat
1558 3516 1615 3567 et
1642 3506 1825 3568 Judas
1874 3507 2165 3582 Galilazus,

2257 3518 2406 3568 κοῦσι
2455 3511 2751 3586 μεμνῆσθαι
2810 3513 2909 3577 τῆς
2956 3508 3258 3583 Γαλιλαίας,
3320 3506 3440 3565 ἀλλ’
3510 3509 3584 3573 εἰς
3612 3506 3775 3587 ιρόεον
3817 3510 3909 3563 τὸν

524 3591 696 3671 cujus
717 3590 1018 3651 recordari
1036 3590 1258 3653 faciunt
1283 3593 1528 3654 Pilatum
1544 3644 1558 3668 ,
1587 3594 1753 3675 quasi
1775 3596 1853 3657 ila
1875 3596 2165 3658 dicentes:

2262 3599 2488 3656 Πιλάτον
2543 3598 2850 3664 ἐνσεὶοντες,
2902 3600 2998 3657 Καὶ
3041 3600 3141 3677 γὰρ
3211 3601 3259 3655 οἱ
3313 3596 3592 3653 Γαλιλαῖοι
3674 3604 3906 3653 τοιοῦτοι

526 3682 753 3760 Cogita,
792 3697 1033 3760 praeses,
1060 3682 1269 3744 ludam
1304 3682 1634 3759 Galilzeum,
1672 3686 1769 3765 qui
1793 3687 2037 3747 multum
2064 3703 2165 3748 ne-

2260 3688 2364 3769 ἀεὶ,
2449 3690 2779 3768 στασιασταὶ,
2880 3690 2967 3744 καὶ
3039 3700 3418 3764 νεωτερισμοῖς
3476 3686 3900 3766 ἐπιχειροῦντες·

526 3772 671 3853 gotii
699 3769 839 3831 fecit
857 3770 1319 3843 Romanis,lacta
1342 3791 1459 3832 non
1485 3791 1660 3852 parva
1677 3775 1971 3835 seditione
1996 3794 2165 3854 popu-

2258 3781 2375 3842 οἷος
2448 3779 2534 3834 καὶ
2592 3774 2787 3841 Ἰούδας
2844 3780 2872 3834 6
2933 3775 3243 3839 Γαλιλαῖος⁶
3319 3777 3380 3832 οὗ
3463 3776 3552 3832 καὶ
3580 3776 3653 3841 εὶς
3681 3776 3906 3850 gummi.

530 3861 568 3923 li
600 3881 614 3922 :
654 3859 787 3922 talis
816 3870 879 3920 et
909 3860 1005 3921 hic
1035 3868 1144 3930 est.
1180 3879 1359 3940 quem
1392 3872 1626 3941 Oportet
1655 3882 1688 3924 e
1719 3865 1917 3925 medio
1940 3865 2165 3927 tollere.

2257 3864 2512 3942 ἐμϐαλεῖν
2567 3864 2769 3923 ἐοίκασι
2814 3868 2907 3922 τὸν
2972 3865 3223 3942 Πιλάτον,
3282 3866 3570 3945 μονονουχὶ
3611 3867 3767 3921 τοῦτο
3808 3864 3895 3920 λέ-

525 3972 709 4030 γοντες
743 3971 760 3989 ο
794 3948 1159 4029 Ἀναλόγισιι,
1193 3951 1435 4026 ἡγεμὼν,
1462 3954 1551 4007 τὸ)
1583 3952 1876 4010 Γαλιλαῖον
1909 3953 2132 4033 Ἰούδαν,
2164 3956 2223 4019 ὃς
2249 3953 2421 4012 πολλὰ
2450 3956 2740 4034 πράγματα
2774 3946 3054 4031 Ῥωμαίοις
3084 3955 3376 4035 παρέσχεν,
3403 3954 3781 4017 ἀναστατώσας
3811 3959 3908 4014 οὒκ

527 4040 705 4118 ὀλίγον
750 4038 906 4116 μέρος
937 4046 1027 4094 τοι)
1058 4038 1207 4095 λαοῦ.
1258 4048 1502 4103 Τοιοῦτος
1544 4044 1629 4097 καὶ
1656 4050 1824 4114 οὗτος,
1863 4045 1918 4099 ὃν
1952 4043 2036 4100 δεῖ
2063 4045 2123 4100 ἐκ
2150 4041 2327 4101 ποδῶν
2358 4049 2646 4104 ποιεῖσθαι.

610 4130 797 4191 Vens.
832 4126 1010 4192 6-27.
1050 4152 1076 4181 α
1112 4127 1332 4189 Pilatus
1375 4138 1570 4191 autem
1613 4131 1815 4192 audita
1865 4133 2165 4194 mentione

2340 4157 2364 4189 α
2405 4126 2462 4193 Ὀ
2508 4137 2595 4191 οὖν
2626 4134 2854 4198 Πιλάτος
2898 4135 3127 4198 ἀκούσας
3189 4132 3496 4207 Γαλιλαίαν,
3556 4134 3911 4213 ἐπηρώτησεν

531 4218 807 4292 Galilazze,
862 4217 1243 4295 interrogavit
1292 4236 1429 4279 num
1484 4219 1658 4280 homo
1702 4221 1979 4283 Galilaeus
2035 4222 2163 4283 481

2258 4224 2302 4279 εί
2358 4225 2386 4279 6
2438 4222 2707 4301 ἄνθρωπος
2764 4223 3050 4289 Γαλιλαῖός
3117 4226 3253 4302 εστι,
3342 4224 3425 4279 καὶ
3458 4223 3706 4301 ἐπιγνοὺς
3738 4222 3820 4277 ὅτι
3852 4223 3912 4279 ἐκ

532 4314 733 4369 esset:
768 4314 826 4367 et
858 4314 919 4367 ut
948 4306 1219 4381 cognovit
1267 4307 1422 4385 quod
1468 4309 1540 4368 ad
1582 4307 1837 4371 Herodis
1887 4310 2165 4373 ditionem

2258 4317 2354 4393 τῆς
2384 4311 2617 4393 ἔξουσίας
2670 4306 2900 4393 Ἡρώδου
2952 4313 3112 4393 ἐστὶν,
3173 4312 3481 4387 ἀνέπεμψεν
3550 4312 3707 4367 αὒτὸν
3779 4313 3914 4391 πρὸς

533 4396 882 4476 pertineret,
914 4394 1146 4456 remisit
1176 4413 1309 4455 eum
1342 4396 1415 4457 ad
1448 4394 1772 4469 Herodem,
1808 4400 1909 4480 qui
1955 4408 2012 4461 et
2051 4402 2165 4481 ipse

2262 4392 2276 4411 '
2383 4402 2394 4424 ι
2413 4389 2436 4421 ἦ
2739 4389 2748 4393 ⁷
3003 4405 3017 4423 κ
3098 4389 3108 4393 ⁷
3232 4393 3245 4412 ⁸
3476 4400 3489 4423 ι
3827 4389 3833 4391 ⁷
3860 4401 3874 4421 ο

2281 4408 2526 4479 Ηρωοην,
2573 4402 2697 4461 ὄντα
2746 4405 2833 4458 καὶ
2904 4402 3060 4460 αὐτον
3128 4401 3183 4457 ἐν
3253 4398 3616 4480 ιεροσολυμοις
3645 4399 3699 4455 ἐν
3776 4421 3915 4456 ταυ-

534 4483 967 4563 Hierosolymis
999 4494 1124 4545 erat
1158 4503 1261 4563 per
1293 4487 1345 4545 id
1382 4494 1635 4566 tempus.
1671 4484 1937 4550 Herodes
1980 4498 2176 4551 autem

532 4577 655 4636 viso
684 4576 824 4637 .lesu
855 4575 1087 4653 gavisus
1113 4583 1201 4635 est
1221 4575 1408 4636 valde.
1445 4575 1787 4640 Tenebatur
1808 4580 1969 4640 enim
1997 4579 2180 4642 multo

526 4665 650 4744 jam
666 4672 933 4743 tempore
947 4662 1272 4743 cupiditate
1295 4664 1529 4725 videndi
1548 4666 1815 4740 illum,eo
1840 4669 1992 4747 quod
2017 4668 2183 4730 audi-

532 4762 625 4814 ret
656 4752 839 4814 multa
867 4752 943 4813 de
965 4770 1060 4833 eo,
1085 4761 1143 4814 et
1163 4754 1442 4833 Sperabat
1471 4772 1534 4814 se
1565 4755 1797 4833 signum
1831 4756 2064 4837 aliquod
2090 4758 2180 4819 vi-

534 4861 735 4904 surum
755 4842 829 4904 ab
849 4860 919 4903 eo
944 4841 1097 4903 ﬁeri.
1133 4842 1542 4922 Interrogabat
1571 4853 1768 4906 autem
1812 4864 1944 4906 cum
1982 4846 2184 4908 multis

536 4930 945 4994 sermonibus:
970 4942 1028 4992 at
1057 4932 1184 5011 ipse
1208 4933 1357 4993 nihil
1394 4932 1479 4994 illi
1511 4932 2186 5015 reSpondebat.Stabant

535 5030 730 5082 autem
790 5020 1094 5103 principes
1151 5023 1531 5085 sacerdotum
1591 5033 1648 5085 et
1706 5021 1929 5085 Scribae
1970 5026 2188 5087 acriter

537 5118 880 5172 accusantes
903 5129 1038 5172 eum
1075 5109 1313 5191 Sprevit
1342 5122 1539 5173 autem
1573 5112 1741 5175 illum
1771 5113 2032 5175 Herodes
2048 5132 2183 5176 cum

538 5199 902 5261 exercitibus
928 5200 1050 5261 suis
1083 5220 1095 5259 :
1136 5218 1397 5279 cumque
1419 5200 1999 5281 illusisset,indutum
2024 5210 2183 5267 veste

537 5289 846 5368 splendida
879 5290 1114 5350 remisit
1143 5289 1214 5351 ad
1252 5291 1502 5351 Pilatum
1539 5310 1552 5353 :
1583 5299 1643 5352 et
1674 5290 1807 5351 tacti
1840 5299 1977 5352 sunt
2006 5291 2181 5353 amici

535 5377 694 5439 inter
713 5395 847 5439 sese
877 5375 1099 5440 Pilatus
1131 5386 1190 5441 et
1221 5377 1486 5441 Herodes
1520 5380 1582 5441 in
1613 5379 1825 5441 eodem
1858 5379 1977 5443 die.
2031 5382 2178 5444 Nam

613 5536 673 5589 ’Β
705 5536 833 5601 Act.
867 5552 927 5621 ν,
963 5535 1063 5604 37.

2262 4513 2378 4555 ταις
2446 4504 2569 4557 ταῖς
2626 4491 2850 4569 ἡμέραις
2942 4483 2999 4549 (Ο
3030 4491 3085 4547 δὲ
3120 4482 3359 4569 Ἡρώδης
3388 4487 3510 4545 ἰδὼν
3539 4491 3633 4544 τὸν
3680 4486 3915 4568 Ἰησοῦν,

2264 4579 2438 4660 ἐχάρη
2509 4580 2647 4638 λίαν.
2707 4568 2804 4637 Ἠν
2887 4581 2986 4659 γὰρ
3029 4568 3195 4636 θέλων
3227 4577 3278 4643 ἐξ
3312 4579 3494 4634 ἱκανοῦ
3539 4575 3671 4634 ἰδεῖν
3732 4578 3916 4658 αότὸν,

2264 4668 2347 4726 διὰ
2404 4672 2466 4726 τὸ
2515 4670 2721 4727 ἀκούειν
2778 4668 2953 4728 πολλὰ
3009 4670 3126 4748 περὶ
3180 4668 3362 4742 αὐτοῦ,
3434 4670 3523 4724 καὶ
3588 4665 3782 4739 ἣλπιζέ
3867 4689 3919 4723 τι

2266 4772 2498 4834 σημεῖον
2539 4756 2668 4816 ἰδεῖν
2738 4758 2829 4814 ὑπ’
2887 4759 3044 4815 αὐτοῦ
3124 4756 3424 4836 γινόμενον.
3490 4754 3778 4834 Ἐπηρώτα
3860 4755 3916 4811 δὲ

2267 4846 2423 4903 αὐτὸν
2494 4847 2549 4903 ἐν
2619 4847 2797 4925 λόγοις
2853 4848 3083 4911 ἱκανοῖςο
3136 4847 3290 4911 αὐτὸς
3319 4844 3373 4900 δὲ
3404 4842 3550 4903 οῦδὲν
3592 4844 3916 4921 ἀπεκρίνατο

2266 4941 2432 5011 αὐτῷ,
2502 4938 2847 5007 Εἰστήκεισαν
2877 4934 2931 4991 δὲ
2962 4937 3009 4992 οἱ
3065 4935 3339 5015 ἀρχιερεῖς
3388 4936 3476 4991 καὶ
3522 4936 3569 4990 οἱ
3654 4939 3918 5013 Γραμμα-

2267 5041 2381 5090 τεϊς
2478 5027 2702 5090 εὐτόνως
2786 5032 3202 5105 κατηγοροῦντες
3262 5024 3441 5087 αὐτοῦ,
3531 5021 3917 5093 Ἐξουθενήσας

2266 5115 2321 5172 δὲ
2392 5117 2548 5173 αὐτόν
2576 5118 2604 5172 6
2636 5107 2873 5195 Ἠρώδης
2942 5117 3033 5171 σὺν
3095 5127 3214 5178 τοῖς
3290 5114 3673 5192 στρατεύμασιν
3734 5117 3915 5186 αὐτοῦ,

2265 5207 2351 5264 καὶ
2411 5204 2692 5282 ἐμπαίξας,
2767 5202 3065 5285 περιϐαλὼν
3140 5204 3283 5274 αὐτῷ
3367 5202 3562 5269 ἐσθῆτα
3642 5200 3919 5282 λαμπρὰν,

2264 5295 2569 5370 ἀνέπεμψεν
2624 5295 2779 5352 αὐτὸν
2835 5300 2913 5369 τῷ
2966 5292 3203 5369 Πιλάτῳ.
3265 5291 3542 5371 Ἐγένοντο
3571 5289 3626 5346 δὲ
3680 5291 3828 5371 φίλοι
3894 5290 3924 5347 ὅ

2259 5406 2319 5442 τε
2390 5384 2617 5449 Πιλάτος
2647 5385 2733 5441 va}
2765 5386 2794 5441 6
2846 5374 3084 5461 Ἡρώδης
3154 5385 3225 5439 ιν·
3256 5382 3389 5458 αὺτῇ
3445 5385 3511 5458 τῇ
3574 5381 3743 5459 ἡμέρᾳ
3802 5374 3927 5456 μετ’
