4116 6212
294 364 463 431 t1085

989 371 1433 436 ENARRATIO
1476 372 1575 436 IN»
1605 369 2111 436 EVANGELIUM
2162 368 2396 429 LUCIE-
2449 401 2523 413 —
2567 372 2733 432 CAP.
2794 372 2962 434 XXII

3531 372 3682 439 1086

308 496 510 576 ἔλεγεν,
560 498 688 579 ἂχρι
731 501 829 568 τῆς
860 500 1098 581 ἐσχάτης
1128 502 1269 581 ὥρας
1314 504 1717 579 περικαιόμενος
1762 504 1942 561 αὐτοῦ.

2038 495 2237 559 fovens
2256 496 2424 559 illum
2444 497 2737 561 etidcirco
2754 519 2869 561 non
2891 512 3240 580 prosecutus
3264 513 3352 566 est
3374 503 3680 580 convitiis,

314 588 408 644 Διὸ
462 589 549 645 καὶ
596 587 711 644 ούδὶ
753 589 982 670 ὕϐρισεν,
1042 590 1155 648 οὐδὲ
1213 593 1389 648 εἶπεν
1454 592 1796 671 Ἀπάνθρωπε
1866 592 1951 648 καὶ

309 674 770 751 ἀγνωμονέστατε,
843 676 983 747 ἀλλ’,
1046 702 1067 734 ε
1133 676 1325 758 Ἰούδα,
1370 702 1392 736 ι
1468 688 1544 754 τῷ
1581 684 1741 760 κυρίῳ
1798 684 1953 738 αὺτοῦ

313 762 529 836 ὀνόματι
602 764 1025 841 ἀνακαλούμενος
1086 767 1263 826 αὖτόν.
1303 770 1398 826 Καὶ
1431 767 1537 824 οὔδ’
1572 768 1633 823 ἄν
1658 770 1949 846 προσωνεί-

311 848 473 927 δισεν,
534 854 578 908 εἰ
629 853 707 926 μὴ
779 856 867 911 καὶ
895 867 1049 914 τοῦτο
1080 858 1152 921 εἷς
1184 855 1461 931 βελτίωσιν
1492 858 1648 913 αότοῧ
1672 856 1761 935 ἦν,
1797 855 1950 934 εἴπερ

309 936 579 1011 ἐϐούλετο,
615 933 739 1001 "Iv:
782 946 880 1019 γάρ
912 946 989 1019 μὴ
1019 944 1142 1023 δόξῃ
1188 944 1392 1026 λαθεῖι,
1432 944 1551 1002 ἀλλ’
1581 933 1822 1024 ἐπιγνοὺς
1852 933 1950 1001 κᾶν

307 1030 428 1085 τότε
484 1033 577 1087 τὸν
635 1036 930 1109 Δεσπότην,
966 1036 1038 1097 ὡς
1075 1035 1243 1091 πάντα
1278 1033 1472 1114 είδότα,
1515 1033 1814 1114 προσπέσῃ,
1864 1036 1950 1090 καὶ

310 1126 579 1199 μεταγνῷ,
637 1123 818 1177 τούτου
876 1121 1048 1179 ἕνεκεν
1103 1124 1191 1179 καὶ
1246 1131 1399 1181 τοῦτο
1431 1121 1670 1203 ἐποίησε,
1702 1125 1789 1179 καὶ
1820 1123 1953 1179 ὀνει-

307 1204 463 1277 δίζειν
521 1207 711 1275 ἔδοξεν.
775 1200 937 1281 ’ᾙδει
1010 1213 1106 1287 μὲν
1161 1213 1260 1291 γὰρ
1315 1212 1493 1292 αὐτὸν,
1528 1212 1608 1270 ὅτι
1637 1200 1950 1292 ἀδιόρθωτός

306 1296 472 1372 ἐστιν,
522 1298 643 1355 ἀλλ’
712 1301 800 1358 οὗν
869 1302 929 1357 τὸ
986 1303 1171 1359 ἑαυτοῦ
1225 1300 1411 1358 ἐποίει·
1468 1302 1646 1380 ὥσπερ
1688 1304 1776 1357 οὖν
1806 1302 1892 1357 καὶ
1922 1302 1949 1356 ὁ

307 1385 491 1464 Πατὴρ
547 1388 707 1446 αὐτοῦ
766 1389 820 1445 ἐν
876 1396 944 1466 τῇ
1014 1389 1221 1462 Παλαιᾷ
1275 1404 1442 1447 ποιεῖ’
1479 1388 1625 1456 εἰδὼς
1673 1390 1749 1464 μὴ
1780 1388 1946 1445 ἀκού-

307 1494 498 1540 σοντας
567 1478 687 1543 τοὺς
747 1470 1039 1558 Ἐϐραίους,
1074 1480 1219 1554 ὅμως
1276 1478 1590 1537 ἀποστέλλει
1641 1481 1760 1544 τοὺς
1812 1501 1951 1556 προ-

309 1564 503 1641 (Mur
565 1565 674 1641 ἅμα
731 1566 786 1625 δὲ
842 1570 929 1625 καὶ
985 1571 1128 1643 ἡμᾶς
1186 1576 1339 1625 τοῦτο
1384 1568 1508 1625 αύτὸ
1538 1567 1813 1639 διδάσκων,
1860 1565 1955 1623 ’ίνα

2033 604 2226 667 neque
2256 585 2422 649 dixit.
2450 587 2584 647 477
2608 586 2656 651 Ο
2678 588 3001 651 inhumane
3030 600 3087 653 et
3116 592 3678 671 ingratissime,sed,

2044 700 2060 729 ε
2089 674 2300 756 Juda,-
2326 677 2565 752 proprio
2601 695 2733 738 eum
2768 679 3009 741 nomine
3042 682 3408 762 compellans
3438 704 3451 746 :
3487 699 3683 762 neque

2033 764 2266 843 gravius
2296 765 2470 827 simul
2503 767 2819 847 arguisset,
2857 768 2964 830 nisi
3001 779 3057 830 et
3088 770 3199 831 hoc
3231 772 3283 832 ei
3315 771 3599 834 cessisset
3618 770 3681 832 in

2034 852 2325 933 melius,si
2352 856 2590 935 quidem
2613 856 3161 921 voluisseLEtenim
3192 879 3268 922 ne
3300 868 3680 943 putaretesse

2032 943 2355 1013 occultum,
2391 946 2492 1006 sed
2527 952 2729 1005 nutum
2781 947 3059 1019 Domino,
3110 957 3167 1010 et
3210 950 3299 1010 vel
3353 960 3491 1012 tunc
3543 957 3681 1010 ante

2034 1030 2232 1091 omnia
2287 1033 2571 1093 scientem
2606 1034 3027 1113 procumberet
3067 1046 3123 1099 et
3178 1038 3513 1117 paeniteret,
3564 1038 3679 1100 boc

2034 1118 2259 1208 fecit,et
2276 1121 2681 1183 visusesteum
2706 1124 3177 1189 confundere.Et
3198 1126 3677 1208 sciebatquidem

2034 1206 2198 1267 illum
2228 1208 3012 1285 inemendabilem,faciebat
3036 1222 3233 1277 tamen
3258 1206 3493 1278 interim
3518 1214 3678 1295 quod

2033 1314 2232 1371 suum,
2264 1297 2764 1377 quemadmodum
2797 1313 2856 1363 et
2885 1299 3059 1364 Pater
3090 1304 3222 1382 ejus
3268 1305 3327 1365 in
3357 1302 3556 1365 Veteri
3589 1302 3679 1364 fa-

2034 1382 2269 1460 ciebati;
2304 1386 2502 1448 sciens
2531 1386 2689 1448 enim
2712 1387 2949 1451 Iudaeos
2976 1410 3091 1453 non
3121 1393 3449 1465 audituros,
3478 1392 3676 1453 mitte—

2034 1472 2131 1534 bat
2154 1474 2494 1555 prophetas.
2526 1474 2759 1538 Interea
2790 1487 2849 1540 et
2894 1497 2999 1540 nos
3050 1480 3207 1542 idem
3263 1482 3456 1555 docet,
3494 1490 3558 1543 ut
3606 1498 3683 1542 ne

2036 1563 2359 1624 correcturi
2382 1563 2952 1643 lapsos,de{iciamus
2967 1577 3019 1627 et
3043 1568 3348 1632 laboribus
3373 1569 3680 1632 cedamus.

307 1655 385 1725 μὴ
434 1656 746 1731 ἐκκακὼμεν
809 1659 929 1723 τοὺς
972 1660 1252 1723 πταίοντας
1308 1657 1680 1733 διορθούμενοι.
1729 1657 1951 1724 Ζηλοῦσι

2038 1654 2221 1714 Porro
2254 1651 2529 1733 discipuli
2559 1654 2683 1715 zelo
2720 1656 3056 1737 ﬂagrantes,
3092 1662 3267 1720 etiam
3300 1659 3526 1738 gladios
3551 1657 3681 1721 exi-

307 1738 359 1796 δέ
415 1745 463 1798 οἱ
518 1748 769 1825 μαθηταὶ,
826 1750 913 1803 καὶ
957 1748 1227 1827 μαχαίρας
1260 1747 1623 1825 ἀνασύρονται.
1684 1748 1845 1803 Πόθεν
1900 1743 1951 1801 δὲ

2041 1749 2227 1803 munt.
2253 1738 2421 1803 Unde
2446 1751 2641 1803 autem
2676 1742 2809 1803 illos
2839 1744 3185 1807 habebant?
3212 1748 3446 1827 Agnum
3473 1747 3687 1808 immo-

307 1833 499 1895 ταύτας
558 1834 719 1913 εἶχον
765 1857 782 1907 ;
815 1836 885 1893 Τό
916 1835 1090 1914 ἀρνίον
1121 1837 1393 1914 θύσαντες,
1426 1837 1513 1891 καὶ
1557 1835 1661 1891 ἀπὸ
1690 1835 1951 1914 τραπέζης

2039 1830 2250 1906 larant,
2290 1837 2346 1889 et
2374 1848 2409 1889 a
2443 1848 2646 1891 mensa
2677 1834 2959 1895 exierant.
3006 1833 3081 1895 At
3128 1835 3397 1914 arguitur
3443 1836 3678 1914 Petrus,

306 1919 696 2002 ἱξεληλυθότες,
761 1925 978 1989 εἰκότως
1038 1925 1199 2004 εἶχον
1271 1925 1482 1989 ταύτας.
1517 1924 1858 1999 Ἐπιτιμᾶται
1894 1922 1947 1979 δὲ

2038 1918 2133 1999 qui
2166 1926 2381 1998 praeter
2413 1937 2658 1999 scopum
2713 1921 2950 1982 Domini
3005 1922 3134 1984 zelo
3170 1942 3310 1984 usus
3360 1933 3536 1986 esset.
3570 1922 3685 1985 Alii

308 2012 335 2065 ὁ
388 2012 579 2086 θερμὸς
612 2012 828 2090 Πέτρος,
888 2015 961 2075 ὡς
1022 2014 1162 2091 παρά
1221 2014 1311 2068 τὸν
1366 2014 1564 2068 σκοπὸν
1619 2020 1710 2068 τοῦ
1759 2012 1949 2091 Κυρίου

2038 2006 2251 2067 etenim
2268 2008 2649 2085 interrogant,
2666 2031 2683 2061 ι
2699 2005 2845 2068 Num
2864 2011 3683 2094 percutiemus?:lpseautem

308 2098 453 2170 ζήλῳ
508 2101 875 2179 χρησάμενος.
939 2103 998 2157 Οἱ
1029 2102 1126 2177 μὲν
1156 2103 1255 2180 γὰρ
1299 2099 1449 2157 ἄλλοι
1504 2101 1789 2179 ἐρωτῶσιν·
1832 2125 1853 2157 ιι
1893 2103 1948 2157 Εἰ

2038 2113 2151 2156 non
2182 2101 2485 2174 exspectat
2510 2106 2898 2176 praeceptum.
2926 2096 3009 2160 lta
3038 2118 3277 2180 Semper
3306 2100 3684 2180 fervebatpro

309 2188 660 2263 πατάξομενς
726 2191 880 2253 αὒτὸς
951 2189 1004 2245 δὲ
1077 2192 1136 2245 οὖ
1180 2188 1449 2268 περιμένει
1504 2192 1828 2269 προτροπήν·
1866 2188 1949 2247 ού-

2038 2184 2331 2264 Magistro.
2400 2185 2659 2246 l’ercutit
2713 2194 2911 2247 autem
2960 2206 3191 2249 servum
3255 2189 3573 2269 pontiﬁcis,
3625 2196 3684 2249 et

307 2300 383 2333 τω
438 2286 713 2359 πανταχοῦ
766 2279 896 2351 ζέων
943 2283 1010 2347 ἧν
1056 2281 1183 2357 ὑπερ
1215 2286 1308 2335 τοῦ
1360 2276 1706 2340 Διδασκάλου.
1737 2277 1951 2335 Πατασ-

2038 2282 2297 2352 amputat
2329 2292 2531 2335 aurem
2568 2274 2699 2354 ejus
2729 2274 3019 2337 dextram.
3053 2276 3258 2358 Neque
3297 2280 3405 2340 hoc
3447 2278 3687 2339 fortuito

312 2388 391 2423 σει
447 2365 502 2422 δέ
573 2370 663 2423 τὸν
722 2367 905 2424 δοῦλον
936 2376 1027 2425 τοῦ
1057 2367 1373 2447 ἀρχιερέως,
1419 2368 1506 2423 καὶ
1545 2367 1760 2447 ἀφαιρεῖ
1799 2369 1951 2426 αὐτοῦ

2038 2363 2305 2439 contigit,
2327 2363 2431 2424 sed
2460 2362 2693 2442 signum
2727 2364 2836 2425 hoc
2870 2374 3018 2440 erat,
3072 2367 3391 2429 Pontifices
3420 2367 3520 2448 qui
3552 2376 3691 2428 tunc

308 2458 368 2512 τὸ
437 2456 526 2521 οὖς
592 2459 653 2514 τὸ
710 2455 895 2522 δεξιόν,
932 2459 1002 2514 Οὔ
1033 2459 1267 2536 τυχαίως
1296 2463 1476 2534 τοῦτο,
1504 2456 1641 2512 ἀλλά
1690 2456 1951 2531 σύμϐολον

2038 2460 2446 2519 erant,omnes
2465 2460 2670 2512 uturos
2692 2462 2985 2532 servos,et
3007 2455 3344 2535 perdituros
3365 2454 3691 2518 auriculam

310 2545 367 2601 ὄν
436 2555 529 2605 τοῦ
560 2548 679 2610 τοὺς
711 2548 832 2603 τότε
861 2546 1133 2625 ἀρχιερεῖς
1163 2547 1400 2611 ἅπαντας
1445 2544 1657 2610 δούλους
1686 2548 1950 2627 γενέσθαι,

2038 2539 2331 2600 dextram.
2364 2540 2601 2601 Etenim
2636 2541 2686 2601 si
2719 2542 2916 2603 Mosen
2950 2542 3339 2623 audivissent,
3374 2543 3688 2605 Dominum

314 2636 399 2690 καὶ
458 2634 714 2692 ἀπολέσαι
770 2636 866 2702 τὴν
918 2633 1087 2700 δεξιὰν
1146 2635 1335 2711 ἀκοὴν,
1372 2636 1429 2692 Εἰ
1458 2636 1557 2713 γὰρ
1600 2634 1791 2702 ἤκουον
1823 2645 1951 2692 Μω-

2038 2628 2241 2707 ειοτίω
2268 2647 2568 2709 nunquam
2605 2629 3058 2691 crucifixissent.
3086 2631 3305 2694 Verum
3328 2632 3499 2694 Jesus
3522 2632 3689 2693 auri-

309 2722 467 2795 σέως,
527 2725 621 2781 οὐκ
690 2724 752 2780 ἄν
806 2726 897 2780 τὸν
970 2726 1155 2802 Κύριον
1226 2730 1323 2791 τῆς
1384 2723 1539 2792 δόξης
1597 2726 1951 2790 ἐσταύρωσαν,

2041 2717 2233 2778 culam
2266 2717 2548 2779 restituit.
2574 2718 2756 2779 Decet
2788 2720 2943 2780 enim
2978 2720 3253 2783 virtutem
3276 2719 3455 2783 Verbi
3482 2739 3692 2783 sanare

308 2810 515 2879 Ἰησοῦς
588 2811 642 2869 δὲ
698 2815 758 2870 τὸ
816 2814 969 2870 ὠτίον
1016 2814 1428 2881 ἀποκαθίστησι⁹
1504 2814 1691 2893 πρέπει
1763 2818 1862 2895 γὰρ
1892 2822 1951 2893 τῇ

2042 2805 2543 2879 inobedientes,et
2568 2825 2869 2886 apponere
2893 2808 2977 2869 eis
2994 2809 3318 2870 auriculam
3340 2818 3400 2870 ut
3421 2810 3685 2872 audiant.

307 2900 519 2978 μεγάλη
578 2909 666 2958 τοῦ
740 2901 910 2979 Λόγου
975 2900 1190 2977 δυνάμει
1260 2905 1321 2959 τὸ
1374 2905 1495 2966 τοὺς
1555 2907 1951 2982 παρακούοντας

2038 2894 2211 2958 Jesus
2242 2895 2441 2974 itaque
2476 2895 2853 2955 manifestum
2880 2894 3229 2957 miraculum
3258 2897 3417 2971 facit,
3450 2906 3507 2959 et
3537 2898 3689 2959 auri-

306 2992 501 3070 ίᾶσθαι,
567 3000 653 3046 καί
704 2992 1031 3069 προστιθέναι
1090 2993 1273 3055 αύτοῖς
1306 2992 1460 3048 ὠτίον
1491 2994 1565 3055 εἷς
1621 2995 1681 3048 τὸ
1722 2993 1950 3051 ἀκούειν.

2041 2984 2233 3045 culam
2248 2982 2779 3055 sanans,miraculo
2796 2983 3135 3062 patientiam
3152 3003 3316 3047 suam
3342 2986 3685 3063 ostendens,

310 3087 710 3158 Θαυματουργεῖ
777 3094 946 3137 τοίνυν
1005 3083 1033 3137 ὁ
1096 3079 1325 3153 Ἰησοῦς,
1386 3080 1469 3137 διὰ
1521 3084 1614 3138 τοῦ
1639 3082 1951 3160 φαινομένου

2040 3082 2097 3135 et
2126 3091 2230 3154 per
2264 3070 2616 3133 miraculum
2649 3071 2943 3133 inducens
2968 3091 3070 3135 eos
3096 3083 3157 3136 ut
3185 3073 3257 3136 ab
3286 3075 3515 3139 insania
3535 3075 3690 3138 absi-

309 3168 493 3227 τούτου
548 3168 633 3224 ἐπὶ
702 3174 775 3241 τῷ
804 3169 941 3243 ὠτίιε.
973 3172 1239 3245 θαύματος
1276 3172 1374 3236 τὴν
1415 3169 1743 3234 ἀνεξικακίαν
1800 3175 1955 3229 αὑτοῦ

309 3255 577 3337 δεικνύων,
639 3260 725 3314 καὶ
784 3255 867 3313 διὰ
940 3265 1064 3335 γοῦν
1105 3259 1196 3315 τοῦ
1223 3260 1487 3333 θαύματος
1516 3259 1716 3337 ἐνάγων
1769 3262 1953 3322 αὖτοὺς

308 3346 381 3407 εἰς
436 3347 498 3401 τὸ
568 3344 861 3426 ἀπέχεσθαι
920 3352 1017 3413 τῆς
1077 3349 1291 3422 μανίας.
1352 3348 1507 3425 Λέγει
1538 3347 1590 3403 δὲ
1646 3351 1777 3426 πρὸς
1836 3351 1954 3412 τοὺς

308 3434 581 3513 ἀρχιερεῖς
634 3436 721 3491 καὶ
793 3438 1124 3514 στρατηγοὺς
1194 3448 1286 3496 τοῦ
1332 3438 1491 3517 ἱεροῦ,
1538 3438 1800 3513 τουτέστι,
1833 3440 1954 3505 τοὺς

308 3523 593 3596 τιεεώτας,
659 3526 779 3589 τοὺς
840 3529 928 3583 ἐπὶ
987 3534 1063 3601 τῷ
1125 3526 1397 3583 ἐκτάσσειν
1447 3528 1797 3606 τεταγμένους
1859 3550 1953 3591 τας

308 3614 570 3689 ἱερατικὰς
626 3616 965 3686 ἀπαιτήσεις,
1021 3616 1055 3684 ἤ
1109 3618 1193 3672 καὶ
1223 3618 1343 3681 τοὺς
1400 3616 1846 3692 πεπιστευμένους
1891 3617 1955 3672 τά

308 3706 405 3767 τῆς
460 3702 813 3778 ἐποικοδομῆς
860 3713 953 3762 τοῦ
996 3707 1132 3781 ἱεροῦ
1158 3707 1243 3761 καὶ
1274 3706 1555 3772 ἐπισκευῆς
1601 3705 1728 3783 ἔργα
1759 3727 1953 3782 στρατ-

308 3792 472 3868 ηγοὺς
530 3793 799 3866 ὀνομάζει.
859 3796 1031 3861 Φησὶν
1085 3798 1170 3851 οὖν
1216 3796 1346 3871 πρὸς
1404 3796 1644 3857 τούτους·
1705 3793 1954 3868 Καθημέο

308 3901 399 3957 ραν
458 3880 511 3935 ἐν
570 3885 646 3955 τῷ
702 3885 824 3960 ἱερῷ
892 3881 1181 3955 ἐδίδασκον,
1238 3885 1323 3940 καὶ
1380 3885 1473 3940 οὐκ
1533 3882 1826 3953 ἠθελήσατέ
1884 3904 1950 3957 με

310 3968 616 4049 συλλαϐεῖν,
649 3973 736 4026 καὶ
763 3974 848 4026 νῦν
920 3972 1220 4049 λῃστρικῶς
1278 3971 1555 4042 ἐπήλθετε,
1604 3970 1753 4029 Ἀλλ’
1786 3970 1950 4034 ὄντως

309 4061 491 4123 νυκτὸς
521 4058 694 4136 ἔργοις
727 4060 1083 4140 ἐπιχειρεῖτε,
1117 4064 1203 4117 καὶ
1235 4062 1435 4126 ἐξουσία
1465 4064 1611 4137 ὑμῶν
1641 4070 1733 4118 τοῦ
1755 4062 1973 4123 σκότους
2006 4063 2117 4116 ἐστι
2153 4075 2167 4089 ⁹

304 4149 455 4224 ὑμῖν,
485 4150 572 4203 καὶ
614 4156 691 4222 τῷ
714 4148 852 4227 ’έργτρ
878 4152 922 4223 ᾧ
944 4149 1318 4209 ὲπεὸἁλλεσθε.

393 4260 417 4290 α
482 4234 840 4301 Συλλαϐόντες
884 4237 940 4293 δὲ
966 4240 1121 4295 αὒτὸν
1165 4239 1390 4317 ἤγαγον,
1420 4242 1506 4297 καὶ
1548 4242 1833 4318 εἰσήγαγον
1882 4242 1953 4302 εἷς

305 4329 402 4396 τὴν
459 4330 625 4384 οἰκίαν
694 4337 786 4386 τοὺ
856 4329 1171 4410 ἀρχιερέως,
1210 4324 1266 4389 Ὀ
1313 4330 1365 4386 δὲ
1426 4333 1616 4399 Πέτρος
1675 4330 1952 4398 ἠκολούθει

309 4443 339 4493 μ
350 4418 589 4497 ακρόθεν.
667 4410 941 4494 Ἀψαντων

307 4509 732 4585 συγκαθισάντων
791 4511 982 4583 «arm,
1048 4510 1275 4575 Exilia-:0
1349 4512 1376 4565 ὁ
1449 4510 1640 4587 Πέτρος
1708 4510 1761 4565 ἐν
1806 4508 1954 4582 μέσῷ

309 4598 501 4657 αὖτῶν.
563 4594 762 4654 ’ἰδοῦσα
824 4596 876 4651 δὲ
956 4598 1108 4653 α-ζτὸν
1191 4596 1444 4665 παιδίσκη
1518 4620 1595 4661 τις
1653 4600 1952 4671 καθήμενον

306 4687 435 4764 πρὸς
506 4688 567 4741 τὸ
616 4687 752 4763 φῶς,
808 4688 893 4741 καὶ
943 4687 1222 4742 ἀτενίσασα
1283 4692 1445 4760 αὒτῴ,
1493 4688 1642 4749 εἷπε.
1721 4688 1816 4744 Καὶ
1860 4685 1954 4742 οὗ·

305 4796 395 4838 τος
468 4775 559 4829 σὺν
630 4779 771 4847 αὒτῴ
826 4776 913 4842 ἦν,
981 4767 1037 4831 ὐ
1112 4775 1164 4829 δὲ
1219 4776 1488 4846 ἠρνήσατο
1545 4778 1699 4832 αὐτὸν
1759 4775 1953 4851 λέγων*

309 4865 484 4941 Γύναι,
560 4866 654 4919 οὒκ
710 4862 832 4919 οῖδα
889 4864 1067 4925 αότον,
1108 4866 1202 4921 Καὶ
1229 4872 1364 4937 μετὴ
1395 4867 1568 4945 βραχὺ
1608 4864 1782 4941 ἕτερος
1834 4862 1955 4918 ἰδὼν

308 4953 462 5007 αὺτὸν
519 4950 640 5029 ἔφη’
706 4954 802 5008 Καὶ
872 4955 931 5007 σὺ
958 4952 1006 5017 ἐξ
1040 4955 1209 5007 αὑτῶν
1244 4954 1320 5015 εἶ.
1372 4946 1429 5011 Ὀ
1464 4953 1516 5009 δὲ
1552 4954 1741 5030 Πέτρος
1774 4957 1949 5008 εἷπεν⁸

308 5039 628 5118 ”Ανθρωπε,
664 5041 756 5095 οὒκ
786 5042 912 5114 εἰμί,
948 5040 1051 5101 Καὶ
1084 5040 1372 5108 διαστάσης
1416 5045 1540 5098 ὡσεὶ
1596 5043 1733 5121 ὥρας
1803 5049 1949 5116 μιᾶς,

306 5126 467 5193 ἄλλος
517 5150 598 5189 τις
672 5126 1020 5206 διισχυρίζετο
1052 5129 1243 5206 λέγων,
1282 5130 1401 5186 Ἐπ’
1444 5130 1717 5203 ἀληθείας,
1754 5133 1838 5185 καὶ
1869 5134 1953 5185 0'3-

305 5239 393 5283 τος
453 5214 569 5290 μετ’
644 5216 800 5272 αὒτοῦ
829 5217 914 5284 ἦν·
964 5220 1047 5274 καὶ
1110 5220 1210 5295 γὰρ
1270 5218 1551 5283 Γαλιλαῖός
1582 5220 1747 5280 ἐστιν,
1811 5220 1949 5276 Εἷπε

305 5306 355 5362 δὲ
403 5310 431 5363 ὁ
478 5305 695 5380 Πέτρος“
760 5305 1076 5386 ’¹Ανθρωπε,
1154 5310 1246 5363 οὐκ
1276 5306 1395 5364 οἴδα
1428 5307 1455 5363 ὅ
1488 5307 1687 5386 λέγεις,
1723 5310 1819 5366 Καὶ
1848 5331 1951 5364 πα-

306 5401 562 5475 ραχρῆμπ
597 5394 670 5450 ἔτι
739 5394 1026 5458 λαλοῦντος
1088 5398 1263 5475 αὑτοῦ,
1298 5395 1567 5475 ἐφώνησεν
1600 5400 1627 5453 ὁ
1683 5395 1944 5475 ἀλέκτωρ,

309 5488 403 5543 Καὶ
462 5486 703 5564 στραφεὶς
762 5487 790 5541 ὁ
865 5487 1048 5565 Κύριος
1080 5484 1329 5560 ἐνέϐλεψε
1363 5489 1437 5559 τῷ
1484 5485 1687 5565 Πέτρω,
1728 5488 1815 5541 καὶ
1841 5487 1947 5541 ὺπ-

302 5574 539 5645 εμνήσθη
590 5574 617 5628 ὁ
686 5572 877 5650 Πέτρος
947 5582 1037 5631 τοῦ
1081 5574 1240 5653 λόγου
1271 5581 1363 5630 τοῦ
1397 5575 1603 5651 Κυρίου,
1665 5577 1739 5638 ὼς
1796 5577 1951 5631 εἶπεν

304 5665 469 5741 αὐτῷ,
527 5662 606 5717 ὃτι
668 5665 792 5742 Πρὶν
857 5663 1114 5745 ἀλέκτορα
1173 5664 1435 5744 φωνῆσαι,
1488 5664 1693 5742 ἀρνήσῃ
1725 5684 1792 5740 με
1812 5666 1946 5743 τρίς.

2037 3170 2215 3226 stant.
2252 3161 2404 3225 Dicit
2434 3166 2631 3223 autem
2662 3160 2733 3222 ad
2766 3161 3067 3241 principes
3096 3165 3494 3235 sacerdotum,
3530 3174 3585 3227 et
3613 3165 3685 3227 ad

2042 3252 2428 3332 magistratus
2445 3250 2669 3330 templi.
2689 3254 2983 3329 Στρατηγοὶ
3010 3261 3065 3315 et
3086 3253 3288 3316 aediles
3310 3254 3684 3330 dicebantur,

2039 3342 2138 3424 qui
2169 3340 2469 3403 constituti
2523 3353 2649 3401 rant
2668 3340 2738 3401 ad
2767 3341 3133 3421 exquirenda
3150 3363 3216 3405 ea
3236 3363 3364 3425 quae
3385 3344 3459 3406 ad
3480 3346 3685 3424 templi

2038 3450 2208 3495 usum
2241 3431 2651 3508 exigebantur,
2685 3431 2773 3492 vel
2806 3431 2908 3511 qui
2954 3433 3209 3512 praefecti
3242 3443 3408 3496 erant
3438 3436 3686 3498 aedilicio

2040 3530 2097 3583 et
2123 3519 2549 3582 constructioni
2584 3518 2810 3599 templi.
2838 3520 2924 3581 Ad
2955 3524 3062 3582 hos
3087 3522 3269 3601 igitur
3298 3524 3443 3587 dicit
3473 3544 3487 3585 :
3525 3523 3686 3597 Quo-

2038 3609 2183 3672 tidie
2215 3608 2500 3670 docebam
2535 3607 2593 3668 in
2629 3608 2873 3688 templo,
2906 3619 2963 3671 et
2997 3610 3263 3673 noluistis
3294 3632 3389 3675 me
3418 3631 3689 3694 compre-

2039 3698 2329 3778 hendere,
2364 3706 2421 3757 et
2469 3716 2624 3758 nunc
2674 3696 2843 3776 quasi
2890 3698 3153 3760 latrones
3202 3701 3527 3764 invaditis:
3580 3702 3687 3763 sed

2040 3806 2245 3850 revera
2276 3786 2463 3847 noctis
2509 3786 2807 3847 attentatis
2859 3806 3060 3868 opera,
3097 3797 3154 3849 et
3203 3797 3457 3867 potestas
3496 3799 3689 3852 vestra

2042 3877 2422 3940 tenebrarum
2449 3883 2562 3937 est:
2589 3883 2764 3956 atque
2780 3876 3005 3938 idcirco
3030 3878 3177 3938 hanc
3194 3878 3396 3939 horam
3416 3880 3689 3942 observa-

2035 3969 2132 4047 tis,
2156 3986 2289 4049 quze
2310 3964 2589 4027 convenit
2611 3966 2773 4027 vobis
2799 3974 2858 4027 et
2880 3967 3072 4046 operi,
3107 3985 3223 4046 quo
3259 3986 3351 4028 me
3389 3967 3683 4030 invaditis.

2217 4058 2305 4113 καὶ
2347 4054 2431 4111 διά
2461 4062 2613 4112 τοότο
2643 4058 2891 4121 τοιαύτην
2921 4056 3069 4133 ὥραν
3102 4056 3462 4135 ἐπετηροιζσατε
3495 4057 3687 4114 οἰκείαν

2117 4233 2390 4298 Vens.54
2412 4232 2510 4295 62.
2529 4258 2554 4288 α
2578 4230 3090 4313 Comprehensum
3122 4242 3317 4294 autem
3342 4251 3479 4296 eum
3503 4233 3690 4297 duxe-

2036 4333 2259 4398 ruut,et
2281 4322 2567 4384 induxer..
2584 4331 2643 4382 nt
2670 4322 2728 4382 in
2750 4321 2993 4382 domum
3019 4322 3301 4403 principis
3316 4322 3685 4388 sacerdotum

988 4420 1038 4475 δὲ
1077 4422 1175 4497 πῦρ
1210 4421 1261 4477 ἐν
1296 4420 1442 4495 μέσῳ
1486 4427 1583 4487 τῆς
1618 4420 1803 4493 αὖλῆς,
1865 4423 1951 4475 καὶ

2042 4416 2248 4476 Petrus
2275 4430 2411 4473 vero
2433 4410 2793 4491 sequebatur
2816 4411 3072 4472 eminus.
3101 4410 3245 4474 Cum
3260 4420 3454 4474 autem
3476 4431 3689 4474 accen-

2039 4503 2268 4564 dissent
2300 4501 2495 4579 ignem
2519 4502 2577 4561 in
2611 4500 2807 4561 medio
2837 4500 3010 4575 aulae,
3044 4510 3220 4582 atque
3246 4519 3363 4562 una
3378 4500 3686 4563 consedis-

2036 4600 2192 4663 sent,
2218 4589 2370 4654 sedit
2396 4598 2452 4649 et
2477 4592 2685 4651 Petrus
2709 4590 2864 4651 inter
2888 4589 3046 4653 illus.
3073 4588 3259 4663 Quem
3283 4609 3417 4651 cum
3450 4589 3691 4651 vidisset

2038 4679 2247 4742 ancilla
2272 4678 2538 4760 quasdam
2566 4680 2873 4740 sedentem
2895 4678 2965 4738 ad
2985 4678 3423 4753 lumen,detixis
3443 4679 3502 4740 in
3520 4678 3686 4741 illum

2039 4769 2254 4841 oculis,
2279 4769 2424 4829 dixit
2452 4787 2465 4830 :
2503 4766 2570 4829 Et
2591 4767 2688 4829 hic
2709 4786 2842 4829 cum
2868 4767 2969 4828 illo
2992 4774 3141 4830 erat.
3162 4770 3236 4828 At
3260 4768 3360 4829 ille
3381 4768 3690 4846 abnegavit

2040 4857 2455 4938 eum,tlicens:
2494 4857 2860 4937 Mulier,non
2885 4856 3017 4917 novi
3050 4856 3318 4918 illum.Et
3340 4867 3470 4937 post
3497 4857 3685 4937 pusil-

2035 4948 2158 5008 lum
2183 4946 2335 5006 alius
2363 4945 2573 5005 videns
2595 4965 2728 5006 eum
2754 4946 2923 5026 dixit,
2955 4945 3023 5005 Et
3051 4956 3107 5006 tu
3133 4946 3207 5006 de
3230 4946 3343 5006 illis
3362 4963 3448 5007 es.
3480 4944 3685 5006 Petrus

2037 5054 2174 5097 vero
2204 5036 2327 5096 ait:
2363 5033 2577 5103 Homo,
2614 5054 2731 5095 non
2764 5054 2919 5097 sum.
2946 5034 3016 5095 Et
3046 5034 3352 5095 intervallo
3376 5035 3685 5114 interjecto

2034 5126 2159 5186 fere
2191 5126 2349 5184 horae
2382 5123 2584 5203 unius,
2619 5123 2770 5184 alius
2789 5123 3027 5203 quidam
3056 5123 3409 5204 alﬁrmabét,
3435 5125 3638 5185 dicens
3665 5144 3679 5185 :

2037 5215 2190 5277 Vere
2212 5224 2273 5273 et
2312 5212 2407 5274 hic
2430 5232 2565 5273 eum
2601 5213 2700 5273 illo
2732 5222 2881 5286 erat,
2911 5231 3047 5272 nam
3082 5222 3139 5273 et
3168 5212 3440 5275 Galilaeus
3470 5220 3581 5276 est.
3613 5212 3685 5275 Et

2032 5304 2113 5365 ait
2141 5306 2383 5365 Petrus:
2419 5299 2632 5373 Homo,
2671 5301 2869 5361 nescio
2897 5300 3037 5381 quid
3080 5301 3267 5364 dicas.
3300 5301 3679 5375 Et-coutiuuo

2031 5393 2225 5455 adhuc
2254 5390 2354 5451 illo
2388 5391 2663 5468 loquente
2711 5388 2930 5450 cecinit
2980 5389 3192 5467 gallus.
3247 5394 3321 5455 Et
3363 5408 3682 5454 conversus

2034 5481 2324 5545 Dominus
2356 5478 2602 5538 intuitus
2633 5486 2723 5540 est
2754 5480 3018 5553 Petrum,
3052 5478 3191 5539 478
3233 5491 3290 5541 et
3334 5482 3681 5543 recordatus

2034 5580 2125 5634 est
2158 5572 2362 5630 Petrus
2393 5565 2577 5629 Verbi
2625 5566 2887 5640 Domini,
2938 5568 3235 5651 quomodo
3283 5569 3511 5635 dixerat
3539 5570 3675 5652 ipsi.

2034 5661 2383 5741 Priusquam
2410 5654 2597 5736 gallus
2645 5657 2953 5741 cecinerit,
3004 5665 3096 5723 ter
3141 5677 3238 5725 me
3286 5660 3555 5744 negabis.
3610 5660 3680 5723 Et
