4116 6212
482 354 633 420 1099

1444 304 2043 415 ΤΗΕόΡΗΥιΑοΤΙ
2089 346 2500 411 BULGARUE
2554 344 2914 411 ARCHIEP.

3728 345 3879 411 1100

477 489 586 552 ciis
616 490 845 565 vivunt,
870 487 1101 550 inimici
1133 496 1271 550 sunt
1298 484 1541 548 Christi.
1578 484 1685 547 Ille
1713 492 1907 546 autem
1942 490 2135 563 potest

2304 504 2332 535 ιι
2368 480 2750 539 Ἐταπείνωσεν
2790 484 2977 542 ἑαυτὸν
3031 482 3197 561 μέχρι
3249 482 3494 561 θανάτου,
3546 482 3783 538 θανάτου
3828 479 3879 535 δὲ

479 577 608 640 fieri
638 576 912 638 subditus
935 574 1178 657 Christi,
1213 582 1273 638 et
1298 572 1506 636 tollere
1535 592 1771 636 crucem
1819 591 2010 647 suam,
2036 574 2133 653 qui

477 665 709 727 virtutis
739 664 1051 746 operarius
1083 675 1173 727 est
1206 686 1219 727 :
1254 664 1355 746 qui
1387 664 1545 725 venit
1572 681 1605 725 a
1636 662 1772 723 villa
1792 662 2137 743 relinquens

484 755 791 828 mundum,
823 762 883 815 et
905 773 976 816 ea
994 773 1128 836 quae
1144 754 1357 817 suntin
1378 751 1688 832 mundo,et
1706 751 1777 813 ad
1804 750 2136 814 Jerusalem

479 843 653 920 illam,
671 861 990 923 supernam
1025 851 1084 904 et
1107 842 1353 905 liberam
1381 840 1583 905 tendit:
1597 842 1782 900 Porro
1801 838 1957 919 quod
1976 840 2139 903 Chri-

480 939 633 995 stum
669 930 985 994 multitudo
1016 931 1219 1013 populi
1251 940 1310 993 et
1342 928 1656 991 mulierum
1678 928 1970 1009 sequitur,
1988 928 2137 989 insi-

480 1033 622 1085 nuat
652 1021 807 1102 quod
844 1039 1052 1100 magna
1087 1019 1400 1081 multitudo
1427 1016 1771 1080 Judxgorum
1803 1017 1981 1079 etiam
2007 1027 2138 1098 post

481 1129 719 1174 crucem
743 1109 953 1171 credet
974 1110 1034 1169 in
1067 1107 1368 1171 Christum
1405 1107 1540 1187 (hoc
1571 1107 1728 1167 enim
1764 1113 1854 1166 est
1882 1106 2139 1185 sequi)et

483 1200 765 1263 mulieres
784 1197 1172 1276 multae.Lege
1203 1205 1335 1258 acta
1367 1194 1797 1276 apostolorum,
1831 1203 1889 1255 et
1912 1192 2137 1256 videbis

482 1291 796 1351 innumera
827 1287 1013 1350 millia
1040 1286 1409 1348 credentium
1446 1284 1530 1346 33.
1564 1282 1716 1355 Quid
1748 1292 1945 1344 autem
1968 1284 2015 1344 si
2038 1283 2134 1344 lu-

479 1397 621 1458 gere
642 1386 699 1438 et
717 1376 951 1457 plorare
968 1374 1251 1436 mulieres
1271 1376 1473 1435 Jesum
1498 1372 2134 1452 sequentes,moralem

482 1486 723 1529 sensum
761 1484 963 1528 secum
992 1464 1226 1526 afferat?
1245 1464 1353 1526 Est
1374 1461 1531 1524 enim
1567 1462 1785 1522 mulier
1814 1460 2011 1522 anima
2037 1462 2134 1522 in-

484 1558 672 1630 ﬁrma,
702 1573 833 1636 qua;
862 1554 913 1614 si
944 1553 1367 1616 contritionem
1423 1550 1621 1613 cordis
1666 1550 1999 1630 suscipiens
2030 1569 2138 1629 per

483 1645 914 1727 paenitentiam,
949 1643 1108 1722 luget
1147 1651 1206 1704 et
1250 1643 1462 1720 plorat,
1495 1658 1701 1702 revera
1732 1638 2003 1720 sequitur
2030 1641 2132 1703 Je-

2217 593 2465 649 σταυρου.
2528 573 2621 628 Διὸ
2668 576 2757 628 καί
2820 574 2848 628 6
2918 574 3048 635 Θεὸς
3107 573 3278 628 αὐτῶν
3340 572 3675 649 ὖπερύψωσε,
3718 594 3744 627 ι
3796 574 3879 624 καὶ

2217 661 2284 718 τὰ
2339 660 2481 728 ἐξῆς.
2555 660 2704 718 Ἐπεὶ
2783 662 2875 719 οὖν
2942 662 2971 718 ὅ
3049 662 3270 738 σταυρὸς
3340 659 3473 734 ὕψος
3533 660 3727 738 γέγονε
3807 665 3882 732 τῷ

2220 746 2396 816 Ἰησοῦ
2465 752 2553 807 καὶ
2638 748 2785 824 δόξα,
2879 750 3096 813 εἰκότως
3190 750 3336 829 ἀρχὴ
3404 752 3560 807 αὗτοῦ
3636 747 3877 829 λέγεται,

2206 836 2339 905 ’ἤτοι
2387 839 2614 920 ἀρχικὸν
2671 839 2875 915 ἀξίωμα
2928 841 3014 894 καὶ
3057 828 3322 913 σύμϐολον
3380 843 3478 904 τῆς
3521 837 3734 916 ἀρχῆς.
3788 828 3878 899 Ὠς

2221 927 2322 1005 γὰρ
2377 930 2425 983 oi
2481 928 2828 1006 συγκλητικοὶ
2873 927 3057 1010 ἔχουσι
3109 925 3350 1002 σύμϐολα
3395 932 3501 982 τῶν
3530 926 3880 1004 ἀξιωμάτων,

2250 1018 2265 1038 Ῠ
2384 1017 2399 1034 \
2547 1019 2560 1039 Ι
2781 1022 2793 1034 ν
2860 1016 2904 1037 λλ
3135 1019 3148 1039 Ι
3346 1016 3371 1050 ς’
3567 1018 3582 1036 ‘
3715 1016 3770 1041 ν’

2221 1038 2266 1072 οι
2339 1038 2438 1091 μεν
2496 1025 2688 1090 ςωνας,
2749 1038 2798 1073 οι
2856 1035 2911 1073 οε
2984 1014 3216 1093 μανδυας
3253 1036 3269 1051 ο
3316 1038 3452 1073 οδτω
3496 1037 3585 1071 και
3630 1018 3657 1071 6
3694 1026 3882 1092 kupto;

2218 1106 2310 1161 τὸν
2366 1109 2587 1184 σταυρὸν
2648 1112 2747 1174 τῆς
2799 1108 2993 1171 οἰκείας
3050 1106 3322 1182 βασιλείας
3381 1103 3646 1181 σύμϐολον
3695 1117 3876 1160 arma.

2219 1217 2334 1256 ται.
2398 1198 2493 1254 Καὶ
2554 1199 2832 1267 σκοπήσας
2884 1198 3150 1274 εὑρήσεις,
3196 1194 3276 1252 ὅτι
3310 1194 3485 1259 ἄλλως
3514 1198 3573 1254 οὒ
3605 1193 3881 1271 βασιλεύει

2218 1288 2272 1341 ὲν
2325 1286 2461 1360 ἡμῖν
2514 1288 2542 1342 6
2605 1287 2834 1359 Ἰησοῦς,
2894 1287 2937 1342 εἰ
2997 1287 3075 1354 μὴ
3106 1284 3190 1342 διὰ
3221 1285 3603 1347 κακοπάθειαν,
3630 1276 3728 1346 Ὠς
3760 1284 3883 1360 οἶγε

2217 1380 2534 1454 τρυφῶντες,
2595 1378 2775 1455 ἒχθροὶ
2819 1385 2912 1435 τοῦ
2956 1384 3180 1455 σταυροῦ
3213 1394 3230 1411 ⁸
3290 1375 3495 1438 ἐκεῖνος
3543 1373 3599 1429 δὲ
3657 1372 3883 1430 δύναται

2218 1466 2451 1534 ὑπήκοος
2523 1466 2760 1543 γενέσθαι
2840 1466 3085 1544 Χριστοῦ,
3143 1466 3232 1522 καὶ
3311 1465 3428 1542 ἆραι
3496 1466 3589 1520 τὸν
3646 1466 3882 1539 σταυρὸν

2219 1553 2400 1627 αὐτοῦ,
2461 1556 2489 1609 ὁ
2545 1559 2643 1621 τῆς
2704 1554 2895 1634 ἀρετῆς
2976 1554 3232 1633 ἐργοίτης.
3295 1545 3352 1612 Ὀ
3407 1554 3708 1632 ὶρχόμενος
3788 1552 3880 1607 ἀπ’

2219 1639 2401 1721 ἀγροῦ,
2455 1644 2483 1698 6
2540 1644 2633 1698 τὸν
2690 1643 2889 1718 κόσμον
2950 1650 3129 1699 τοῦτον
3190 1643 3352 1722 ἀγρὸν
3413 1641 3536 1698 ὄντα
3596 1639 3881 1716 καταλιμ-

481 1721 614 1797 sum
646 1735 744 1815 qui
776 1721 1140 1813 crucifigitur
1168 1739 1228 1793 at
1255 1730 1536 1809 afﬂigitur
1588 1738 1834 1809 propter
1865 1742 2130 1790 nostram

2225 1732 2419 1805 πάνων,
2452 1734 2541 1788 καὶ
2593 1732 2659 1788 τὰ
2715 1732 2769 1787 ἐν
2830 1732 2971 1806 αὐτῷ
3012 1732 3161 1809 ἔργα,
3224 1733 3318 1786 καὶ
3354 1733 3484 1811 πρὸς
3514 1731 3617 1797 τὴν
3669 1721 3878 1809 Ἰερου-

482 1824 756 1887 salutem.
2153 1828 2190 1877 Β
2213 1820 2397 1895 σαλὴμ
2452 1821 2551 1889 τὴν
2607 1820 2717 1877 ἄνω
2772 1823 2870 1889 τὴν
2928 1819 3198 1901 ἐλευθέραν
3256 1820 3481 1896 ἱέμενος,
3552 1818 3727 1877 Ἀλλᾶ
3790 1822 3881 1876 καὶ

480 1915 556 1989 τῷ
581 1912 889 1970 ἀκολουθεῖν
922 1920 999 1987 τῷ
1029 1919 1235 1989 Χριστῷ
1266 1910 1469 1978 πλῆθος
1500 1907 1630 1967 λαοῦ
1661 1910 1747 1965 καὶ
1778 1909 2063 1987 γυναικῶν,
2088 1909 2370 1966 αἰνίττεται
2392 1907 2473 1965 ὅτι
2496 1908 2631 1967 πολὺ
2662 1909 2863 1977 πλῆθος
2898 1917 3004 1967 τῶν
3040 1908 3303 1969 Ἰουδαίων
3336 1911 3469 1985 μετὰ
3497 1909 3589 1964 τὸν
3618 1910 3877 1986 σταυρόν

478 2011 631 2060 τοῦτο
650 2006 749 2083 γὰρ
776 2005 837 2058 16
867 2002 1177 2058 ἀκολουθεῖν
1212 2018 1225 2033 ⁶
1259 2001 1629 2057 πιστεύσουσιν
1678 1999 1751 2061 εἷς
1803 2000 1983 2079 αὐτὸν,
2015 1999 2105 2054 καὶ
2134 2012 2387 2077 γυναῖκες
2442 1997 2497 2056 δὲ
2528 1999 2745 2065 πολλαί,
2784 2002 2881 2059 Καὶ
2910 2001 3172 2079 ἀνάγνωθι
3207 2002 3302 2063 τὰς
3332 1998 3572 2078 Πράξεις,
3604 2001 3695 2054 καὶ
3743 1998 3877 2073 ὄψει

432 2126 437 2131 ι
484 2090 736 2172 μυριάδας
765 2097 872 2147 τῶν
901 2092 1276 2152 πιστευόντων,
1324 2090 1545 2159 Μήποτε
1577 2086 1629 2142 δὲ
1660 2088 1748 2144 καὶ
1776 2089 1838 2143 16
1866 2090 2081 2165 θρηνεῖν
2109 2089 2197 2144 καὶ
2226 2088 2513 2146 κόπτεσθαι
2552 2091 2648 2155 τὰς
2692 2089 3075 2154 ἆκολουθούσας
3110 2103 3359 2167 γυναῖκες
3388 2096 3465 2163 τῷ
3494 2088 3694 2160 Ἰησοῦ,
3733 2110 3879 2161 συμο

485 2180 728 2238 ϐαλετται
758 2182 895 2256 ἡμῖν
928 2181 1000 2241 εἰς
1032 2182 1162 2245 ἦθος
1200 2198 1215 2253 ;
1247 2176 1420 2236 ’Ἔστι
1451 2176 1548 2252 μὲν
1578 2176 1677 2255 γὰρ
1706 2178 1861 2255 γυνὴ,
1914 2179 2069 2256 ψυχὴ
2112 2177 2338 2245 ἀσθενὴς
2383 2179 2515 2247 αὕτη
2548 2178 2603 2236 δὲ
2636 2180 2725 2236 ἐὰν
2755 2177 3037 2258 συντριϐὴν
3083 2177 3296 2254 καρδίας
3339 2177 3597 2255 δεξαμένη
3640 2175 3731 2233 διὰ
3779 2184 3879 2244 τῆς

490 2269 794 2349 μετανοίας,
842 2271 1008 2343 πενθῇ
1047 2269 1135 2323 καὶ
1165 2268 1453 2341 κόπτηται,
1499 2266 1621 2322 τότε
1654 2264 1818 2329 ὅντως
1850 2264 2131 2323 ἀκολουθεῖ
2186 2274 2264 2342 τῷ
2321 2266 2524 2344 Ἰησοῦ,
2582 2278 2659 2346 τῷ
2686 2268 3062 2347 σταυρουμένῳ
3090 2270 3177 2326 καὶ
3208 2267 3625 2349 κακουχουμένῳ
3652 2265 3746 2322 διὰ
3780 2270 3878 2335 τὴν

488 2367 641 2438 ἡμῶν
680 2358 943 2435 σωτηρίαν
954 2405 967 2418 ,

563 2449 749 2509 VERS.
779 2444 998 2509 28-31.
1035 2467 1060 2503 ε
1098 2444 1430 2507 Conversus
1460 2454 1656 2507 autem
1686 2444 1759 2507 ad
1810 2443 1943 2504 illas
1961 2441 2136 2505 Jesus

2308 2474 2336 2505 α
2383 2451 2635 2528 Στραφεὶς
2694 2448 2749 2505 δὲ
2792 2453 2921 2529 πρὸς
2964 2450 3122 2515 αὖτὰς
3177 2451 3205 2505 ὁ
3246 2448 3455 2515 ἰησοῦς
3485 2448 3633 2504 εἶπε
3683 2456 3873 2525 Θυγαο

485 2538 631 2603 dixit
664 2552 678 2598 :
715 2532 881 2595 Filiae
903 2531 1262 2611 Jerusalem,
1296 2533 1480 2594 nolite
1503 2534 1648 2595 ﬂere
1676 2549 1856 2611 super
1885 2550 2003 2606 me,
2027 2533 2131 2593 sed

2225 2540 2363 2618 τέρες
2444 2530 2816 2619 ⁹Ιερουσαλὴμ,
2869 2540 2947 2615 μὴ
3004 2537 3211 2595 κλαίετε
3268 2535 3351 2595 ἐπ’
3409 2538 3531 2618 εμὲ,
3596 2535 3750 2602 πλὴν
3795 2536 3879 2616 ἐφ’

486 2644 668 2709 super
699 2622 865 2685 vobis
897 2622 1040 2703 ipsis
1058 2622 1217 2691 ﬂete.
1256 2630 1316 2683 et
1345 2641 1528 2703 super
1551 2621 1688 2683 ﬁliis
1716 2618 1957 2709 vestris,
1980 2638 2130 2701 quo-

2225 2627 2403 2691 ἑαυτὰς
2446 2626 2680 2704 κλαίετε,
2729 2618 2817 2685 καί
2872 2627 2959 2685 ἐπὶ
3007 2629 3073 2684 τὰ
3130 2626 3288 2683 τέκνα
3368 2628 3515 2703 ὑμῶν
3550 2641 3564 2656 ⁸
3626 2624 3710 2681 ὅτι
3767 2624 3877 2681 ἰδοὺ

488 2708 647 2781 niam
696 2730 839 2775 ecce
888 2711 1124 2772 venient
1162 2710 1293 2773 dies
1350 2711 1410 2772 in
1460 2710 1680 2793 quibus
1711 2708 1905 2798 dicet:
1939 2708 2133 2771 Beata;

2225 2717 2470 2798 ἔρχονται
2536 2718 2751 2798 ἡμέραι,
2813 2718 2868 2774 ἓν
2914 2721 3005 2783 αἶς
3053 2718 3222 2796 ἐροῦσι
3257 2734 3271 2748 ⁸
3322 2716 3584 2794 Μακάριαι
3628 2717 3679 2771 αἱ
3710 2727 3875 2771 στα-

485 2808 811 2877 steriles,et
828 2808 1065 2862 ventres
1092 2801 1191 2880 qui
1222 2818 1337 2862 non
1363 2807 1788 2881 genuerunt,et
1804 2797 1991 2860 ubera
2010 2816 2141 2879 quae

2225 2797 2328 2885 ραι,
2364 2808 2452 2863 καὶ
2493 2797 2687 2864 κοιλίαι
2732 2809 2788 2864 αἳ
2848 2811 2944 2866 οὒκ
2990 2808 3301 2884 ῐεγέννησαν,
3352 2806 3439 2862 καὶ
3468 2806 3658 2880 μαστοὶ
3687 2807 3747 2859 οἳ
3781 2808 3878 2863 οὒκ

492 2918 608 2960 non
636 2889 1261 2961 lactaverunt54.Tunc
1280 2890 1569 2971 incipient
1587 2889 1791 2951 dicere
1813 2887 2136 2951 montibus:

2225 2895 2505 2967 ἑθήλασαν,
2553 2895 2683 2954 Τότε
2744 2895 2985 2975 ἄρξονται
3044 2895 3220 2974 λέγειν
3263 2908 3382 2959 τοῖς
3430 2895 3568 2974 ὄρεσι
3602 2911 3622 2932 ⁸
3670 2893 3873 2975 Πείσετε

489 2978 696 3042 Cadite
731 2996 912 3060 super
944 2997 1076 3054 nos;
1109 2988 1167 3040 et
1195 2978 1447 3040 collibus
1473 2999 1487 3042 :
1516 2977 1827 3058 Cooperite
1859 2994 1965 3066 nos
1994 2975 2141 3066 Quia

2225 2986 2304 3066 ἐφ’
2349 2987 2515 3064 ἡμᾶς,
2569 2987 2659 3042 καὶ
2700 2974 2816 3050 τοίς
2859 2986 3073 3062 βουνοῖς
3110 3007 3125 3023 ·
3179 2983 3458 3060 Καλύψατε
3514 2985 3682 3059 ἡμᾶς.
3735 2974 3873 3041 ’Ότι

489 3070 537 3132 si
568 3070 627 3130 in
652 3069 897 3131 humido
927 3067 1083 3147 ligno
1105 3068 1231 3131 haec
1260 3067 1576 3143 faciunt,in
1607 3067 1776 3130 arida
1805 3065 1942 3147 quid
1968 3065 2130 3127 fiet?-

2225 3065 2271 3132 εί
2318 3074 2371 3131 ἐν
2442 3081 2520 3150 τῷ
2587 3074 2732 3153 ύγρῷ
2792 3073 2927 3150 ξύλῳ
2988 3082 3152 3132 ταῦτα
3194 3080 3459 3142 ποιοῦσιν,
3506 3071 3561 3128 ἐν
3602 3077 3681 3145 τῷ
3723 3070 3877 3152 ξηρῷ

490 3159 772 3222 Mulieres
790 3156 1027 3237 quidem
1060 3156 1393 3236 (hominum
1414 3174 1607 3237 genus
1636 3164 1725 3219 est
1752 3154 1927 3217 facile
1948 3155 2133 3236 lacry-

494 3266 660 3309 mans
693 3254 752 3309 et
780 3246 1022 3326 plorans
1052 3245 1220 3326 quasi
1258 3263 1433 3325 grave
1489 3245 1769 3327 quiddam
1823 3243 2140 3306 accidisset

492 3336 767 3417 Domino)
793 3334 1049 3416 plorant,
1094 3334 1567 3416 compassionem
1600 3352 1722 3415 prae
1768 3351 1833 3394 se
1881 3333 2141 3395 ferentes

496 3442 766 3504 magnam
801 3432 862 3487 et
891 3423 1239 3503 injustitiam
1271 3423 1766 3486 lamentantes.At
1787 3422 1889 3484 ille
1909 3440 2024 3483 non
2042 3440 2141 3503 ap-

496 3513 730 3595 probat,
757 3512 862 3574 sed
888 3511 1074 3591 magis
1105 3513 1375 3591 increpat
1411 3513 1566 3575 illas.
1604 3510 1949 3574 Voluntaria
1980 3511 2138 3573 enim

495 3603 848 3685 patiebatur.
880 3602 1024 3662 485
1044 3600 1174 3663 Non
1209 3602 1379 3664 decet
1408 3612 1606 3664 autem
1639 3601 1949 3662 lamentari
2005 3618 2139 3662 eum

492 3693 593 3775 qui
623 3700 832 3773 sponte
879 3700 938 3753 et
967 3707 1073 3771 pro
1096 3692 1285 3752 salute
1308 3690 1574 3752 omnium
1595 3690 1829 3771 patitur,
1857 3689 1960 3751 sed
1991 3708 2143 3751 con-

492 3801 703 3862 gruum
729 3790 819 3843 est
840 3788 902 3842 ut
926 3780 1030 3842 ille
1062 3780 1247 3859 magis
1269 3779 1547 3841 laudibus
1578 3780 1860 3841 efferatur
1890 3792 1950 3840 et
1979 3778 2142 3840 cele-

495 3870 1093 3934 bretur.Percrucem
1119 3869 1280 3930 enim
1306 3877 1538 3930 etmors
1552 3868 1851 3930 destructa
1870 3869 2145 3949 est,etin-

495 3964 699 4025 fernus
711 3959 988 4040 captivus
1010 3958 1409 4019 est.Lamenta
1430 3956 1588 4019 enim
1605 3976 1721 4018 non
1740 3956 1834 4019 his
1850 3956 1949 4040 qui
1973 3976 2149 4038 spon-

494 4049 689 4131 te,sed
703 4050 802 4127 qui
816 4055 1047 4127 gravate
1071 4046 1373 4128 patiuntur
1385 4046 1852 4108 consolationem
1868 4046 2142 4109 afferunt.

492 4138 750 4205 Proinde
778 4136 1069 4199 Dominus
1098 4135 1229 4197 illas
1245 4153 1376 4215 qua!
1399 4135 1591 4216 ipsum
1627 4134 2144 4211 lugebant,incre-

495 4228 919 4312 paLAdmonet
949 4234 1144 4286 autem
1177 4232 1240 4285 ut
1267 4224 1339 4285 ad
1376 4224 1574 4286 futura
1609 4225 1762 4285 mala
1792 4223 2144 4304 respiciant,

495 4328 553 4383 et
583 4315 939 4400 propterilla
970 4313 1469 4395 plorent.quantlo
1498 4313 1781 4376 mulieres
1803 4313 1862 4374 in
1889 4313 2150 4380 humane

494 4418 750 4474 cocturae
778 4403 1113 4507 sunthlios
1139 4422 1351 4507 suos,“
1369 4412 1427 4465 et
1474 4412 1681 4465 venter
1717 4404 1814 4483 qui
1871 4408 2148 4507 portavit2

494 4499 597 4562 ille
626 4497 843 4558 iterum
872 4490 1295 4554 miserabiliter
1324 4490 1579 4553 fructum
1611 4509 1780 4552 suum
1805 4490 2149 4570 recipieLSi

497 4587 657 4652 enim
687 4585 747 4645 in
780 4600 875 4643 me
906 4580 1044 4643 talia
1072 4579 1345 4643 fecerunt
1374 4578 1711 4660 Romani,in
1747 4597 1842 4642 me
1864 4579 2023 4658 ligno
2048 4578 2151 4638 hu-

498 4671 872 4747 mido,feraci
896 4678 1209 4750 etsemper
1229 4669 1535 4743 virenti,et
1552 4686 1793 4749 semper
1818 4668 1980 4731 vitali
2005 4686 2150 4746 pro-

499 4774 629 4848 pter
650 4762 957 4833 deitatem,
990 4767 1046 4821 et
1080 4777 1188 4848 per
1209 4758 1516 4848 doctrinas
1544 4758 1844 4848 fructuum
1881 4775 2147 4848 meorum

498 4846 694 4917 alente
716 4867 966 4914 omnes:
1000 4849 1060 4910 in
1095 4847 1284 4921 vobis,
1320 4847 1540 4929 populo
1574 4847 1813 4929 inquam
1846 4847 2037 4918 arido,
2071 4846 2147 4907 li-

496 4962 612 5025 gno
635 4939 831 5005 sterili
856 4938 929 5001 ab
961 4938 1125 5001 omni
1154 4936 1381 5000 vivifica
1400 4937 1724 5017 justitia,et
1748 4936 1976 4998 nullum
1998 4935 2149 4997 fruc-

495 5024 617 5095 tum
645 5028 1104 5110 afl’erente,quid
1139 5046 1256 5089 non
1279 5026 1529 5089 facient?
1555 5025 1615 5089 Si
1648 5025 1808 5089 enim
1833 5024 2147 5108 quamdam

497 5121 728 5183 vitalem
762 5120 1167 5200 operationem
1199 5116 1341 5178 boni
1386 5114 1708 5191 haberetis,
1745 5114 2012 5178 fortassis
2054 5115 2147 5176 di—

498 5211 596 5289 gni
621 5208 1076 5290 essetis,quibus
1105 5206 1546 5288 quodammodo
1579 5213 1956 5287 parceretur:
1992 5223 2151 5267 nunc

498 5309 695 5362 autem
731 5298 897 5380 quasi
928 5297 1153 5378 lignum
1202 5295 1434 5358 aridum
1474 5295 1535 5357 in
1567 5294 2041 5359 combustionem
2093 5302 2151 5355 et

500 5387 942 5467 corruptionem
972 5386 1159 5449 eritis.

581 5480 765 5546 Vens.
792 5478 1439 5545 32-38.:Ducebantur
1455 5487 1653 5541 autem
1682 5487 1740 5541 et
1759 5479 1859 5540 alii
1874 5480 1992 5541 duo
2008 5479 2149 5541 faci-

579 5642 634 5687 ³⁸
660 5643 791 5706 Act.
826 5658 891 5715 tt,
930 5657 1010 5703 vr.
1097 5638 1284 5703 l“lea.
1321 5655 1441 5703 ων.

2218 3165 2269 3221 τί
2316 3162 2535 3242 γένηται
2571 3181 2587 3239 ;
2653 3186 2676 3219 ο
2741 3165 2798 3219 Al
2860 3163 2957 3239 μὲν
2992 3176 3244 3243 γυναῖκες
3286 3161 3599 3242 (φιλὸδακρυ
3649 3162 3753 3241 γὰρ
3810 3164 3873 3218 τὸ

2219 3253 2367 3331 γένος
2412 3253 2499 3309 καὶ
2550 3252 2875 3331 πολύθρηνον
2945 3256 3018 3317 ὣς
3061 3250 3230 3309 δεινοῦ
3271 3273 3413 3317 τινος
3453 3248 3861 3325 ὶπισυμὸαίνον·

2221 3365 2310 3407 τος
2352 3346 2430 3416 τῷ
2489 3341 2687 3422 Κυρίῳ)
2740 3344 3006 3421 θρηνοῦσο,
3066 3342 3129 3398 16
3186 3340 3456 3417 συμπαθὲς
3507 3338 3870 3422 ᾆπιδεικνιῇιιε-

2223 3453 2331 3512 ναι,
2417 3432 2503 3488 καὶ
2567 3420 2678 3498 *τὴν
2761 3420 2962 3487 ἀδικίαν
3024 3428 3433 3510 ἀποδυρόμεναι.
3512 3420 3571 3487 Ὀ
3639 3426 3693 3484 δὲ
3773 3432 3867 3487 οὐκ

2223 3517 2572 3600 ἀποδέχεται,
2615 3518 2751 3578 ἀλλὰ
2780 3517 2982 3595 μᾶλλον
3028 3519 3248 3595 ἐπιτιμᾷ
3298 3518 3511 3582 αὖταῐς.
3571 3518 3861 3581 Ἐιιουσίως

2224 3611 2325 3689 γὰρ
2379 3608 2612 3690 ἔπασχε,
2668 3616 2746 3684 τῷ
2788 3608 2842 3666 δὲ
2884 3608 3133 3672 ἑκουσίως
3189 3608 3481 3688 πάσχοντι,
3528 3607 3615 3663 καὶ
3646 3606 3731 3663 ἰπὶ
3762 3628 3864 3662 σω-

2225 3700 2382 3779 τηρίᾳ
2406 3699 2586 3767 πάσης
2644 3698 2740 3768 τῆς
2803 3700 3031 3780 φύσεως,
3062 3702 3124 3758 οὗ
3167 3700 3230 3754 τὸ
3257 3700 3592 3779 θρηνεῖσθαι,
3628 3695 3763 3753 ἄλλᾶ
3806 3699 3864 3753 τὸ

2228 3791 2530 3867 κροτεῖσθαι
2580 3789 2838 3867 προσήκει
2879 3789 2966 3845 καὶ
3029 3789 3404 3868 εὐφημετσθαι.
3464 3787 3563 3843 Διᾶ
3618 3787 3717 3865 γὰρ
3776 3785 3866 3842 τοῦ

2227 3883 2452 3957 σταυροῦ
2495 3878 2581 3933 καὶ
2627 3877 2850 3941 θάνατος
2904 3875 3141 3958 λέλυται,
3198 3879 3286 3934 καὶ
3342 3874 3473 3949 ᾅδης
3544 3874 3862 3955 ᾐχμαλώτι-

2229 3988 2369 4039 σται,
2432 3969 2479 4023 οἱ
2527 3966 2706 4045 θρῆνοι
2764 3966 2863 4045 γὰρ
2919 3968 2980 4024 οὗ
3050 3979 3165 4030 τοῖς
3242 3966 3515 4039 ἑκουσίως,
3575 3963 3709 4021 ἀλλᾶ
3752 3978 3864 4027 τοῖς

2229 4056 2487 4118 ἀκουσίως
2538 4056 2808 4136 πάσχουσι
2878 4054 3215 4134 παράκλησιν
3268 4054 3546 4136 φέρουσιν.
3615 4054 3867 4128 Ἐπιτιμᾷ

2230 4146 2328 4221 μὲν
2364 4138 2459 4201 οὗν
2491 4148 2674 4208 αὗτατς
2716 4145 3071 4220 κοπτομέναις
3118 4144 3273 4202 αὖτόν
3308 4161 3325 4219 ;
3357 4149 3613 4224 Παραινεῐ
3643 4141 3698 4199 δὲ
3740 4144 3868 4223 πρὸς

2230 4236 2295 4290 τὸ
2352 4232 2616 4310 μέλλοντα
2671 4235 2809 4291 κακὰ
2867 4233 3105 4311 βλέπειν,
3166 4233 3252 4291 καὶ
3309 4229 3393 4290 ἐπ’
3423 4232 3642 4295 ἐκείνοις
3670 4232 3872 4289 κόπτε-

2233 4326 2373 4398 σθαι,
2407 4320 2492 4379 ὅτε
2525 4334 2773 4402 γυναῖκες
2822 4322 3079 4399 ἐψήσουσι
3138 4324 3203 4379 τὰ
3253 4321 3413 4378 τέκνα
3447 4323 3612 4379 αὐτῶν
3642 4319 3871 4387 ἀνελεη-

2175 4412 2435 4490 ομόνως,
2468 4413 2556 4469 καὶ
2611 4414 2648 4480 ἡ
2695 4411 2953 4491 ἐνέγκασα
3007 4411 3212 4490 γαστὴρ
3254 4410 3388 4477 αὕτη
3433 4408 3592 4467 πάλιν
3650 4410 3711 4465 τό
3748 4430 3874 4488 γεν-

2232 4500 2385 4567 νηθὲν
2435 4498 2676 4565 ἐλεεινῶς
2732 4499 3055 4567 ὑποδέξεται.
3102 4501 3161 4559 Ei
3228 4500 3329 4579 γὰρ
3390 4499 3444 4555 ἐν
3493 4497 3610 4574 ἐμοὶ
3659 4505 3877 4555 τοιαῦτα

2231 4587 2560 4655 ἐπεδείξαντο
2610 4592 2657 4647 οἱ
2702 4580 2986 4667 Ῥωμαῖοι,
3034 4588 3089 4646 ἐν
3144 4588 3263 4664 ἐμοὶ
3307 4593 3385 4662 τῷ
3411 4592 3555 4667 ὒγρῷ
3582 4585 3742 4663 ξῦλῷ,
3805 4590 3877 4661 τῷ

2231 4676 2506 4755 ἐγκάρπῳ,
2552 4679 2641 4735 καὶ
2688 4676 2949 4754 ἀειθαλετ,
2994 4679 3084 4735 καὶ
3131 4676 3341 4751 ἀειζώῳ
3383 4675 3467 4733 διὰ
3496 4677 3593 4745 τὴν
3620 4674 3875 4751 θεότητα,

2228 4768 2318 4823 καὶ
2374 4765 2459 4823 διὰ
2509 4768 2617 4825 τῶν
2685 4771 2901 4847 καρπῶν
2984 4789 3088 4845 μου
3156 4772 3256 4835 τῆς
3330 4763 3665 4831 διδασκαλίας
3750 4766 3880 4846 τρι-

2231 4877 2379 4937 φοντι
2438 4857 2641 4923 πάντας
2676 4873 2691 4889 ⁸
2750 4858 2804 4916 ὲν
2853 4860 3005 4933 ὑμῖν,
3063 4857 3142 4933 τῷ
3196 4855 3333 4933 λαῷ,
3380 4858 3543 4937 φημὶ,
3600 4860 3682 4930 τῷ
3736 4855 3881 4937 ξηρῷ

2232 4943 2392 5027 ξύλῳ,
2436 4954 2514 5021 τῷ
2567 4949 2745 5016 πάσης
2796 4947 3135 5015 δικαιοσύνης
3202 4952 3468 5018 ζωοποιοῦ
3515 4945 3880 5025 ὶστερημένῳ,

2232 5038 2321 5094 καὶ
2377 5035 2580 5110 μηδένα
2637 5039 2841 5118 καρπὸν
2898 5037 3131 5119 φέροντι,
3177 5038 3228 5093 τί
3256 5036 3351 5093 οὐκ
3391 5034 3453 5091 ἃν
3484 5032 3880 5115 ἐπεδείξαιντος

2234 5127 2293 5183 Εἴ
2322 5126 2421 5203 μὲν
2472 5127 2574 5206 γὰρ
2624 5127 2808 5208 εἴχετε
2863 5128 3097 5198 ζωτικήν
3129 5146 3250 5182 τινα
3290 5123 3555 5204 ἐνέργειαν
3602 5130 3697 5181 τοῦ
3736 5125 3884 5205 ἀγα-

2232 5218 2347 5289 θοῦ,
2408 5213 2545 5279 ἴσως
2595 5214 2658 5273 ἂν
2716 5214 2924 5296 φειδοῦς
2982 5214 3241 5284 ἠξιώθητε
3285 5214 3500 5294 μετρίας
3552 5220 3679 5293 γοῦν
3714 5231 3732 5250 ο
3800 5216 3885 5271 νῦν

2233 5302 2288 5360 δὲ
2342 5305 2415 5371 ὡς
2459 5304 2616 5385 ξηρὸν
2702 5304 2851 5372 ξύλον
2930 5307 3004 5371 είς
3057 5310 3244 5362 καῦσιν
3317 5304 3408 5361 καὶ
3473 5304 3548 5368 είς
3600 5300 3887 5386 διαγθορὰν

2233 5392 2432 5456 ἴσεσθε.

2312 5482 2326 5508 ’
2335 5483 2574 5563 Ἠγοντο
2619 5484 2675 5542 δί
2735 5487 2823 5543 καὶ
2874 5484 3040 5566 ῑτεροι
3096 5482 3186 5542 δύο
3258 5491 3544 5563 κακοῦργοι
3587 5486 3683 5541 σὺν
3739 5485 3887 5561 αὒτῷ
