4116 6212
297 390 448 468 1ίο5
944 406 1392 469 ENARRATIO
1434 407 1517 470 IN
1563 401 2075 469 EVANGELIUM
2120 398 2362 466 LUCE.
2408 436 2487 447 —
2531 402 2696 466 CAP.
2742 401 2965 467 XXIII.
3510 402 3678 469 1106

290 537 384 592 τὸν
414 533 469 591 δὲ
513 535 830 615 παράδεισον
861 538 949 593 καὶ
1006 536 1275 617 ὀφθαλμὸς
1321 535 1434 593 εἶδε
1482 545 1574 594 τοῦ
1619 535 1810 611 Ἀδὰμ,
1858 536 1945 590 καὶ

2037 552 2131 595 cor
2159 535 2417 597 hominis
2463 533 2738 598 ascendit
2787 556 2801 596 :
2838 534 3145 598 laetabatur
3180 536 3342 598 enim
3371 536 3433 598 in
3460 539 3674 619 spiritu

294 627 383 689 οὖς
438 623 663 690 ἤκουσεν
713 632 869 682 αὖτοῦ
920 647 943 681 α
993 626 1098 681 ἀπὸ
1172 627 1368 687 παντὸς
1427 626 1549 704 γὰρ,
1602 626 1754 704 φησὶ,
1797 623 1947 689 ξύλου

2037 623 2240 705 Adam,
2264 625 2486 706 alioqui
2515 632 2738 687 tantam
2765 625 3173 706 operationem
3205 644 3343 687 cum
3386 626 3587 689 laetitia
3617 629 3680 690 in

295 720 387 770 τοῦ
445 712 499 768 ἐν
558 722 633 788 τῷ
677 714 976 792 παραδείσῳ
1018 714 1209 792 βρώσει
1262 726 1447 793 φαγεϊ.
1486 737 1512 769 ι
1554 714 1658 772 Κᾶν
1716 714 1816 792 γὰρ
1857 712 1945 769 καὶ

2037 713 2382 791 agricultura
2410 733 2531 775 non
2562 713 2847 776 obivisset
2889 715 3087 795 Atque
3118 714 3252 777 ideo
3270 734 3388 776 non
3422 725 3510 777 est
3541 736 3680 779 con-

295 802 350 858 ἓν
401 802 551 868 ξύλον
584 804 840 881 ἀπείρητο
884 805 1051 882 αὐτῷ,
1097 801 1217 859 ἀλλ’
1264 806 1353 859 οὖν
1397 805 1482 859 καὶ
1525 811 1681 860 τοῦτο
1741 802 1943 875 ἐθεᾶτο,

2037 802 2275 863 trarium
2310 804 2466 883 quod
2494 804 2706 865 Paulus
2730 804 2891 866 dicit.
2929 802 3103 865 Latro
3123 801 3321 884 itaque
3346 806 3679 885 paradisum

297 894 386 947 καὶ
447 894 566 972 περὶ
622 897 778 951 αὐτοῦ
833 892 1051 963 ἤκουσε,
1119 895 1206 948 καὶ
1265 892 1347 948 ἐπὶ
1404 891 1615 971 καρδίαν
1674 892 1945 969 ἀνθρώπου

2037 889 2270 953 sortitus
2292 899 2406 971 est,
2442 911 2559 954 non
2581 899 2773 953 autem
2805 898 3113 954 assecutus
3146 900 3235 953 est
3260 911 3510 972 regnum
3536 914 3549 957 :
3580 914 3681 957 as-

296 980 460 1047 ἀνέϐη
498 996 511 1011 '
570 982 881 1061 ἀῦφραίνετο
942 983 1034 1061 γὰρ
1089 980 1317 1058 λογικῶς
1375 984 1401 1037 ὁ
1455 979 1625 1056 Ἀδάμ
1661 998 1674 1011 ⁸
1730 981 1788 1036 οὖ
1844 982 1942 1059 γὰρ

2037 990 2310 1061 sequetur
2340 981 2805 1062 autem,quando
2838 990 2895 1043 et
2926 982 3105 1043 etiam
3128 1001 3337 1044 omnes
3365 1003 3512 1063 quos
3533 980 3685 1049 Pau-

297 1068 467 1138 δήπου
522 1072 773 1137 τοιαύτην
856 1071 1103 1147 ἐργασίαν
1184 1072 1272 1127 καὶ
1329 1070 1652 1149 εὔφροσύνην
1710 1091 1941 1148 γεωργι-

2037 1073 2118 1131 lus
2149 1072 2549 1134 enumeravit:
2589 1090 2746 1133 nunc
2775 1079 2970 1133 autem
3035 1073 3147 1132 hoc
3212 1080 3479 1152 tempore
3504 1094 3683 1153 para-

299 1160 398 1227 κήν
456 1159 648 1242 μετίει.
692 1158 862 1216 "nate
892 1157 1062 1233 οὐδὲν,
1118 1160 1271 1240 φησὶ,
1303 1159 1533 1216 ἐναντίον
1562 1162 1589 1215 ὃ
1622 1158 1825 1223 Παῦλος
1853 1157 1947 1215 λὲε-

2037 1157 2222 1221 lisum
2253 1159 2453 1235 habet,
2480 1159 2581 1241 qui
2614 1168 2702 1222 est
2734 1179 2870 1241 pars
2892 1161 3217 1240 spiritualis
3240 1163 3481 1242 quietis.
3515 1163 3679 1228 Haec.

299 1269 403 1325 γει,
457 1241 514 1305 Ὀ
560 1250 658 1328 γὰρ
732 1248 936 1325 λῃστὴς
993 1256 1084 1306 τοῦ
1142 1250 1240 1324 μὲν
1295 1245 1607 1327 παραδείσου
1664 1248 1957 1328 τετύχηκε,

298 1341 396 1403 τῆς
458 1335 512 1392 δὲ
566 1337 837 1413 βασιλείας
908 1342 1003 1396 οὒκ
1055 1336 1215 1417 ἔτυχε
1244 1354 1257 1368 °
1336 1336 1541 1401 τεύξετε
1603 1334 1681 1411 δὲ,
1736 1336 1825 1393 ὅτε
1868 1334 1958 1393 καὶ

300 1426 493 1491 πάντες
534 1435 624 1490 οὖς
688 1427 1105 1507 ἀπηριθμήσατο
1169 1429 1198 1482 ὁ
1245 1424 1475 1489 Παῦλος.
1524 1424 1666 1490 Τέως
1710 1423 1764 1481 δὲ
1824 1428 1956 1505 πρὸς

300 1515 360 1570 τὸ
415 1516 584 1594 παρὸν
634 1517 723 1572 τὸν
783 1512 1099 1593 παράδεισον
1130 1513 1274 1593 ἔχει,
1320 1512 1377 1578 ὅς
1425 1513 1535 1569 ἐστι
1566 1514 1766 1593 χωρίον
1796 1537 1955 1570 πνευ·

304 1609 544 1677 ματικῆς
604 1604 975 1668 ἀναπαύσεως.
1032 1610 1205 1661 Ταῦτα
1249 1603 1346 1679 μὲν
1404 1603 1494 1659 οὖν
1523 1601 1712 1659 πολλοὶ
1744 1602 1957 1660 πολλά-

298 1714 381 1756 κις
442 1692 645 1772 ἔφασαν
678 1708 692 1722 ’
757 1690 866 1749 ἔστι
919 1690 973 1748 δὲ
1032 1694 1227 1761 εἰπεῖν,
1273 1691 1354 1748 ὅτι
1399 1694 1443 1748 εἷ
1483 1693 1571 1750 καὶ
1623 1694 1810 1749 ταυτὸν
1845 1694 1956 1749 ἐστι

297 1780 541 1857 βασιλεία
600 1783 830 1860 οὐρανῶν
888 1783 975 1837 καὶ
1030 1780 1370 1859 παράδεισος,
1433 1778 1579 1837 οὒδὲν
1631 1780 1823 1837 κωλύει
1868 1772 1956 1838 καὶ

300 1872 391 1926 τὸν
448 1870 636 1948 Κύριον
696 1869 992 1945 ἀληθεύειν,
1048 1872 1137 1926 καὶ
1190 1872 1282 1927 τὸν
1340 1868 1571 1931 Παῦλον.
1611 1862 1667 1927 Ὀ
1712 1872 1811 1948 γὰρ
1859 1870 1955 1947 λῃ-

304 1961 434 2028 στὴς
492 1959 603 2016 ἔστι
666 1960 763 2035 μὲν
808 1960 863 2015 ἐν
896 1958 1225 2039 παραδείσῳ,
1284 1958 1403 2025 ἤτοι
1451 1964 1519 2034 τῇ
1548 1954 1819 2035 βασιλείᾳ,
1868 1970 1956 2026 καὶ

304 2051 361 2105 οὔ
423 2050 583 2113 μόνον
648 2050 825 2123 αὐτὸς,
888 2048 1025 2105 ἀλλά
1077 2051 1165 2105 καὶ
1207 2050 1399 2112 πάντες
1459 2050 1547 2112 οὒς
1592 2048 1896 2127 ἀριθμεῖται
1928 2051 1955 2105 ὁ

307 2136 551 2201 ῐΙαῦλος.’
602 2138 660 2193 οὗ
693 2138 876 2213 μέντοι
910 2137 1186 2207 ἀπήλαυσε
1243 2143 1342 2204 τῆς
1374 2134 1578 2200 τελείας
1609 2144 1716 2193 τῶν
1747 2138 1955 2215 ἀγαθῶν

301 2226 654 2306 κληρουχίας,
721 2216 945 2305 ΗΩσπερ
1001 2227 1099 2305 γὰρ
1152 2230 1198 2283 οἱ
1248 2226 1556 2304 κατάκριτοι
1588 2225 1672 2282 ἐπὶ
1701 2232 1807 2283 τῶν
1849 2227 1951 2302 βα-

300 2315 511 2372 σιλείων
556 2316 651 2372 οὒκ
712 2317 858 2386 εἰσὶν,
911 2313 1031 2371 ἀλλ’
1076 2316 1130 2371 ὲν
1190 2328 1445 2395 φρουραῖς
1479 2313 1953 2390 ἀποκεκλεισμένοι

304 2413 587 2481 τηροῦνται
638 2418 760 2467 ταῖς
816 2404 1205 2484 ἀφωρισμέναις
1250 2416 1464 2466 ποιναῖς
1501 2417 1515 2432 ⁸
1569 2405 1617 2458 οἱ
1665 2401 1718 2459 δὲ
1750 2404 1952 2462 ἔντιμοι

306 2495 386 2555 εἷς
445 2516 500 2551 τε
557 2495 622 2549 τὰ
659 2491 899 2569 βασίλεια
943 2494 1298 2573 εἰσέρχονται,
1346 2494 1432 2548 καὶ
1473 2492 1606 2556 τέως
1638 2492 1723 2549 ἐπὶ
1751 2486 1950 2550 τούτων

302 2580 574 2660 διάγουσιν
612 2599 625 2612 ⁸
672 2582 797 2638 εἶτα
839 2581 926 2637 ὅτε
987 2584 1014 2638 ὁ
1070 2584 1253 2661 καιρὸς
1303 2582 1493 2658 ἐπιστῇ
1534 2587 1632 2648 τῆς
1690 2579 1949 2657 διανομῆς

310 2675 414 2727 τῶν
473 2672 762 2747 βασιλικῶν
839 2668 1073 2748 δωρεῶν,
1143 2671 1408 2736 ἀξιοῦνται
1464 2671 1707 2728 τούτων·
1785 2671 1951 2735 οὕτως

309 2762 394 2815 καὶ
453 2763 499 2817 οἱ
551 2760 716 2839 ἅγιοι,
770 2760 814 2815 εἰ
863 2762 951 2815 καὶ
1006 2761 1172 2832 μήπω
1214 2767 1307 2817 τοῦ
1338 2758 1540 2815 τελείου
1571 2758 1950 2840 ἀπολαύουσιν,

307 2848 444 2905 ἀλλά
473 2872 532 2926 γε
576 2850 709 2913 τέως
755 2847 809 2903 ἐν
853 2849 1057 2912 τούτοις
1108 2862 1225 2913 τοῖς
1258 2862 1564 2929 φωτεινοῖς,
1594 2850 1681 2905 καὶ
1712 2847 1952 2922 εὐώδεσι,

310 2941 395 2995 καὶ
452 2937 782 3015 βασιλικοῖς,
843 2937 1025 2996 ἁπλῶς
1057 2939 1252 3011 εἰπεῖν,
1288 2938 1605 3011 σκηνώμασι
1662 2937 1951 3015 διάγουσιν,

2040 1249 2278 1330 quidem
2305 1249 2471 1311 multi
2493 1268 2903 1330 saepenumero
2926 1250 3227 1312 dixerunt.
3251 1247 3685 1314 Dicendumau-

2041 1346 2158 1400 tem
2191 1348 2280 1401 est
2306 1339 2463 1400 idem
2490 1357 2621 1401 esse
2652 1358 2899 1419 regnum
2935 1340 3218 1401 caelorum
3249 1348 3309 1401 et
3324 1341 3685 1421 paradisum.

2038 1426 2193 1489 Nihil
2225 1428 2500 1510 prohibet
2544 1446 2686 1508 ergo
2722 1437 2780 1490 et
2829 1428 3145 1491 Dominum
3191 1447 3330 1490 vera
3370 1429 3596 1505 dicere,
3632 1440 3689 1493 et

2039 1515 2463 1579 Paulum.Nam
2495 1516 2642 1578 latro
2674 1517 2911 1597 quidem
2937 1526 3027 1580 est
3065 1518 3126 1578 in
3159 1518 3579 1599 paradiso,boc
3599 1526 3690 1581 est

2038 1616 2314 1685 regno,et
2336 1625 2455 1667 non
2472 1605 2635 1667 solus
2660 1606 2926 1686 ipse,sed
2951 1609 3127 1668 etiam
3152 1626 3520 1688 omnesquos
3541 1626 3688 1671 enu-

2041 1703 2228 1756 merat
2260 1695 2679 1777 Paulus.Atqui
2703 1714 2818 1757 non
2852 1695 3065 1756 fruitur
3089 1695 3349 1775 perfecta
3390 1696 3683 1759 bonorum

2042 1783 2659 1864 participatione.Nam
2688 1784 2841 1846 sicut
2869 1783 3245 1846 condemnati
3274 1786 3333 1845 in
3362 1786 3544 1865 regiis
3567 1803 3687 1847 non

2038 1880 2198 1947 sunt,
2222 1873 2328 1935 sed
2356 1874 2418 1934 in
2442 1873 2725 1936 custodiis
2756 1872 2941 1934 clausi
2989 1880 3268 1935 tenentur
3299 1874 3361 1933 in
3390 1873 3689 1955 deputatis

2042 1962 2261 2041 poenis,
2297 1962 2677 2024 honorabiles
2728 1979 2865 2022 vero
2890 1971 2947 2023 et
2995 1961 3057 2022 in
3106 1962 3299 2040 regias
3329 1962 3685 2041 ingrediun-

2041 2059 2161 2125 tur,
2190 2059 2248 2113 et
2278 2070 2434 2113 nunc
2463 2051 2525 2113 in
2556 2052 2644 2113 eis
2674 2058 2985 2113 versantur
3014 2069 3030 2110 :
3069 2050 3287 2112 deinde
3318 2070 3452 2113 cum
3497 2070 3685 2114 vene-

2037 2139 2113 2199 rit
2144 2147 2374 2221 tempus
2404 2140 2836 2202 distributionis
2888 2139 3178 2219 regalium
3233 2140 3551 2215 donorum,
3588 2141 3687 2203 illa

2038 2236 2449 2310 assequuntur:
2475 2232 2554 2292 ita
2575 2238 2632 2292 et
2651 2230 2837 2291 sancti
2870 2229 3102 2290 tametsi
3147 2230 3412 2290 nondum
3444 2230 3685 2309 perfec-

2038 2326 2103 2380 te
2126 2318 2297 2379 bonis
2356 2318 2646 2388 fruantur,
2677 2319 2800 2398 jam
2852 2325 3053 2379 tamen
3097 2327 3408 2380 versantur
3437 2320 3499 2379 in
3540 2320 3688 2381 locis

2034 2407 2249 2468 lucidis
2269 2416 2327 2469 et
2355 2407 2773 2485 fragrantibus,
2800 2414 2857 2469 et
2888 2406 3071 2486 regiis
3102 2407 3363 2489 denique
3406 2407 3688 2471 taberna-

2035 2495 2442 2568 culis,etiamsi
2464 2496 2728 2558 nondum
2759 2495 3237 2557 distributionem
3260 2495 3559 2573 regiorum
3574 2497 3687 2559 bo-

2035 2603 2250 2647 norum
2277 2586 2419 2646 488
2450 2586 2708 2666 perfecte
2759 2592 3173 2666 assequantur.
3206 2584 3291 2647 Ita
3342 2592 3399 2648 et
3450 2585 3597 2648 latro
3626 2586 3690 2647 in

2036 2674 2308 2754 paradiso
2340 2674 2472 2747 fuit,
2503 2674 2739 2737 etiamsi
2769 2674 3035 2735 nondum
3067 2674 3223 2753 quod
3250 2673 3576 2752 perfectum
3602 2682 3691 2736 est

2034 2765 2355 2844 acceperit,
2387 2770 2453 2825 ut
2474 2781 2550 2825 ne
2579 2763 2803 2843 absque
2829 2762 3001 2823 nobis
3032 2762 3333 2842 perfectus
3351 2762 3448 2824 sit.
3485 2764 3557 2825 Et
3577 2764 3691 2825 hoc

2036 2851 2257 2931 opinor
2302 2851 2682 2912 verissimum
2746 2851 3035 2925 omnium,
3064 2858 3128 2910 ut
3174 2868 3250 2911 ne
3292 2850 3485 2911 dicam
3529 2852 3685 2931 quod

2036 2947 2374 3002 sanctorum
2406 2941 2605 3018 gratiae
2630 2940 2688 3002 in
2721 2939 3084 3020 quotidianis
3111 2939 3524 3001 miraculorum
3548 2959 3690 3021 ope-

307 3030 349 3083 εἷ
408 3029 497 3083 καί
553 3030 721 3101 μήπω
773 3032 871 3093 τῆς
937 3024 1194 3101 διανομῆς
1270 3032 1377 3082 τῶν
1446 3024 1735 3102 βασιλικῶν
1777 3024 1953 3105 δώρων

2038 3028 2373 3091 rationibus
2407 3029 2716 3109 paradisus
2769 3028 2981 3090 merito
3012 3029 3205 3090 dictus
3236 3028 3313 3092 sit
3346 3046 3359 3091 :
3390 3035 3447 3090 et
3478 3048 3687 3093 omnes

302 3115 566 3181 ἀξιοῦνται
622 3113 859 3179 τελείως.
914 3114 1092 3177 Οῧτως
1151 3117 1237 3171 οὖν
1292 3117 1319 3171 ὁ
1350 3114 1555 3191 λῃστής
1600 3116 1687 3171 καὶ
1740 3115 1793 3171 ὲν
1846 3137 1953 3171 πα-

2043 3116 2232 3178 sancti
2262 3101 2549 3197 quotquot
2581 3117 2900 3199 participes
2930 3117 3069 3179 facti
3100 3126 3238 3179 sunt
3290 3117 3685 3198 spiritualium

306 3201 525 3282 ραὲείσω
589 3204 820 3281 ἐγένετο,
868 3205 957 3260 καὶ
1016 3202 1165 3259 οὔπω
1207 3211 1298 3260 τοῦ
1352 3202 1553 3260 τελείου
1626 3203 1953 3285 ἀπήλαυσεν,

2044 3205 2362 3279 donorum,
2398 3213 2455 3268 et
2500 3206 2895 3269 arrhabouem
2923 3206 3145 3270 habent
3176 3205 3454 3287 Spiritus,
3484 3208 3545 3269 in
3578 3226 3686 3288 pa-

310 3294 401 3349 ’ίνα
447 3295 524 3368 μὴ
580 3296 747 3374 χωρὶς
794 3297 949 3369 ἡμῶν
993 3293 1276 3371 τελειωθῇ.
1312 3296 1410 3352 Καὶ
1438 3301 1593 3351 τοῦτο
1640 3295 1799 3370 οἶμαι
1830 3295 1953 3351 πάν-

2044 3296 2241 3357 radiso
2272 3295 2412 3375 sint,
2446 3295 2676 3358 etiamsi
2709 3296 2997 3365 nondum
3051 3296 3304 3378 perfecti
3355 3297 3596 3373 fuerint,
3631 3305 3690 3359 et

309 3404 417 3439 των
473 3381 846 3461 ἀληθέστερον,
905 3384 997 3439 ’ἕνα
1041 3385 1119 3451 μὴ
1162 3383 1304 3461 λέγω
1349 3382 1429 3440 ὅτι
1490 3385 1578 3440 καὶ
1636 3386 1685 3441 αἱ
1742 3386 1953 3464 χάριτες

2046 3403 2295 3464 regnum
2335 3386 2694 3466 acceperint,
2725 3386 2877 3448 sicut
2900 3385 3041 3448 dicit
3088 3387 3301 3448 Paulus
3334 3385 3396 3447 in
3428 3386 3688 3467 Epistola

308 3476 415 3527 τῶν
464 3472 626 3547 ἁγίων
670 3474 725 3527 ἓν
755 3484 877 3535 ταῖς
919 3471 1033 3527 καθ’
1090 3473 1322 3540 ἑκάστην
1371 3473 1815 3552 θαυματουργίαις
1847 3496 1953 3530 πα·-

2043 3475 2115 3536 ad
2147 3474 2454 3553 Hebraeos,
2485 3475 2719 3537 etiamsi
2768 3476 3031 3537 nondum
3085 3476 3541 3557 promissionem
3586 3494 3687 3545 ac-g

308 3558 546 3639 ρέδεισος
608 3558 669 3615 ἂν
739 3561 957 3624 εἰκότως
1027 3561 1262 3637 ῥηθεῖεν.
1337 3563 1434 3620 Καὶ
1476 3562 1671 3625 πάντες
1729 3560 1784 3617 δὲ
1842 3562 1953 3626 ὅσοι

2043 3561 2400 3643 ceperint“.
2434 3564 2895 3627 Promissionem
2927 3566 3084 3625 enim
3110 3564 3365 3627 dicendo
3396 3565 3685 3645 integram

307 3655 677 3722 πνευματικῶν
736 3650 1090 3729 χαρισμάτων
1163 3650 1469 3716 ἀξιωθέντες
1533 3652 1623 3706 τὸν
1684 3649 1953 3729 ἀῤῥαόῶνα

2043 3652 2380 3715 felicitatem
2407 3653 2744 3715 declaravit.
2776 3657 2849 3716 At
2870 3652 3032 3715 illam
3079 3653 3345 3714 nondum
3393 3653 3684 3733 integram

304 3738 396 3795 τοῦ
457 3739 758 3812 Πνεύματος
818 3739 1051 3795 ἐντεῦθεν
1104 3737 1207 3806 ἤδη
1263 3737 1478 3802 ἔλαϐον.
1532 3742 1587 3795 ἓν
1642 3747 1719 3814 τῷ
1777 3763 1953 3819 παρα-

2041 3749 2421 3822 acceperunt,
2448 3749 2506 3804 et
2534 3750 2672 3803 sunt
2698 3742 2759 3803 in
2786 3760 2969 3822 regno
3016 3759 3085 3805 ac
3134 3742 3430 3823 paradiso.
3467 3741 3553 3804 1I‘u
3579 3762 3690 3804 au—

306 3828 462 3901 δείσῳ
518 3829 636 3902 εἶσὶ,
689 3827 788 3885 κείν
834 3829 1001 3903 μήπω
1055 3825 1462 3901 ἐτελειώθησαν,
1524 3831 1611 3884 καὶ
1668 3830 1767 3896 τὴν
1811 3830 1953 3905 βασι-

2043 3838 2159 3891 tem
2195 3830 2529 3903 admireris,
2575 3830 2872 3911 quomodo
2903 3830 3053 3893 sicut
3078 3850 3180 3893 rex
3204 3831 3439 3912 quidam
3470 3838 3690 3912 tropma

304 3916 451 3973 λείαν
510 3914 808 3993 παρέλαϐον
844 3936 858 3952 ·
917 3916 1153 3995 καθάπερ
1210 3918 1338 3996 φησὶ
1369 3915 1574 3982 Παῦλος
1606 3918 1659 3973 ἐν
1702 3917 1771 3985 τῆ
1825 3919 1953 3995 αὐτῇ

2042 3936 2111 3980 ex
2129 3919 2372 3981 victoria
2402 3918 2693 3995 referens,
2725 3920 2916 4001 spolia
2936 3919 3159 4000 optima
3188 3936 3389 3981 secum
3420 3917 3682 3995 abducit,

307 4007 463 4081 πρὸς·
500 3997 769 4085 Ἐϐραίους
832 4003 1125 4080 Ἐπιστολῇ
1158 4020 1170 4033 ⁸
1238 4028 1260 4060 α
1316 4004 1421 4063 Κᾶν
1476 4007 1643 4080 μήπω
1669 4006 1768 4073 τὴν
1797 4004 1953 4084 ἐπαγ-

2041 4009 2119 4069 ita
2148 4008 2455 4081 Dominus,
2483 3997 3158 4089 quoniam'fortior'ﬁasa
3186 4007 3406 4071 diaboli
3435 4007 3684 4088 dirupit,

300 4094 479 4171 γελίαν
538 4096 875 4169 ἐκομίσαντο,
919 4116 941 4149 ι
1000 4099 1087 4166 Τῷ
1136 4095 1235 4174 γὰρ
1264 4095 1362 4161 τὴν
1392 4093 1716 4174 ἐπαγγελίαν
1746 4096 1940 4170 εἰπεῖν,

2037 4115 2351 4177 secumque
2379 4096 2647 4172 abstulit,
2694 4105 2754 4159 et
2797 4098 2975 4160 rediit
3022 4098 3095 4160 ad
3129 4098 3383 4179 primam
3427 4096 3688 4158 hominis

306 4185 365 4237 τὸ
420 4182 711 4258 ὁλόκληρον
769 4182 1042 4262 ἐνέφηνεν.
1088 4183 1248 4240 Οῧπω
1291 4186 1377 4240 οὖν
1410 4185 1507 4250 τὴν
1538 4183 1739 4240 τελείαν
1771 4183 1944 4263 ἐπαγ-

2037 4186 2300 4269 patriam,
2339 4185 2675 4267 paradisum
2702 4186 2859 4250 dico.
2898 4188 3132 4250 Etenim
3157 4188 3424 4250 Christus
3457 4203 3576 4248 non
3595 4203 3688 4247 so-

305 4270 485 4345 γελίαν
540 4269 799 4351 ἐδέξαντο,
868 4273 964 4327 εἰσὶ
1020 4271 1202 4346 μέντοι
1232 4274 1319 4329 καὶ
1350 4272 1403 4328 ἐν
1446 4273 1513 4348 τῇ
1569 4271 1811 4349 βασιλείᾳ
1861 4276 1948 4329 καὶ

2037 4276 2155 4336 lum
2187 4275 2342 4336 sicut
2371 4273 2529 4336 Deus
2563 4273 2622 4333 in
2644 4273 2922 4354 paradiso
2954 4276 3084 4354 fuit,
3119 4276 3226 4337 sed
3256 4283 3314 4335 et
3348 4273 3685 4336 secundum

307 4362 361 4414 ἐν
403 4365 481 4434 τῷ
535 4349 859 4439 παραδείσῳ.
921 4363 992 4416 Σὺ
1048 4360 1102 4417 δέ
1135 4384 1224 4436 μοι
1268 4368 1422 4418 τοῦτο
1466 4363 1758 4437 θαύμασον,
1805 4361 1951 4421 ὅπως

2037 4363 2190 4445 quod
2213 4365 2471 4425 animam
2511 4349 2859 4426 rationalem
2890 4372 2946 4424 et
2993 4349 3310 4426 mentalem
3346 4363 3569 4425 habuit.
3616 4360 3687 4424 Et

309 4449 486 4517 ὥσπερ
544 4471 621 4514 τις
680 4448 925 4524 βασιλεὺς
990 4451 1369 4531 τροπαιοφόρος
1451 4449 1682 4506 ἐπανιὼν
1738 4450 1799 4507 ἐκ
1853 4456 1953 4518 τῆς

2038 4453 2095 4514 in
2120 4451 2390 4531 paradiso
2422 4469 2556 4512 cum
2582 4460 2780 4514 mente
2803 4451 2999 4533 fuit,in
3027 4452 3324 4515 infernum
3347 4462 3543 4514 autem
3558 4451 3689 4515 des-

306 4539 481 4611 νίκης,
522 4539 587 4593 τὰ
633 4538 887 4615 κράτιστα
944 4543 1052 4593 τῶν
1110 4538 1351 4616 λαφύρων
1408 4536 1520 4612 μεθ’
1581 4541 1767 4595 ἑαυτοῦ
1814 4539 1952 4596 ἐπα-

2037 4539 2237 4602 cendit
2258 4559 2390 4601 cum
2402 4540 2625 4604 anima.
2651 4543 2942 4605 Caeterum
2961 4559 3068 4621 per
3080 4542 3191 4605 hoc
3205 4542 3363 4622 quod
3390 4541 3684 4602 latronem

307 4649 483 4706 γεται,
519 4627 657 4684 οὕτω
688 4627 784 4683 καί
818 4629 847 4683 ὸ
907 4629 1099 4707 Κύριος
1154 4633 1214 4683 τὸ
1257 4641 1500 4704 κρεῖττον
1554 4634 1659 4684 τῶν
1690 4635 1783 4685 τοῦ
1837 4627 1953 4684 δια-

2037 4629 2376 4704 servaverit,
2412 4629 2670 4691 ostendit
2699 4630 2857 4711 quod
2891 4631 3123 4692 malitiae
3147 4648 3431 4708 organum
3457 4630 3685 4709 ligave-

306 4714 463 4771 δόλου
534 4714 775 4796 λαφύρων
858 4715 1170 4797 σκυλεύσας,
1230 4716 1348 4791 μεθ’
1404 4718 1590 4776 ἑαυτοῦ
1647 4716 1788 4797 ἄγει,
1851 4718 1953 4774 ἐπ-

2039 4721 2137 4793 rit,
2171 4721 2253 4781 uti
2284 4719 2660 4801 praedixerat,
2702 4720 2861 4800 quod
2908 4739 3042 4783 cum
3088 4720 3386 4799 alligasset
3442 4720 3680 4796 fortem,

308 4806 467 4861 ανιὼν
514 4807 587 4868 είς
647 4806 745 4872 τὴν
802 4805 1029 4885 ἀρχαίαν
1087 4806 1311 4885 πατρίδα
1361 4812 1453 4863 τοῦ
1509 4806 1807 4884 ἀνθρώπου,
1865 4810 1953 4864 τὸν

2041 4827 2177 4870 vasa
2214 4810 2343 4889 ejus
2365 4808 2656 4889 diriperet
2679 4809 2760 4871 4³.

310 4891 629 4972 παρέδεισόν
659 4917 823 4973 φημι.
862 4896 959 4952 Καὶ
989 4896 1089 4974 γὰρ
1118 4896 1178 4953 οὒ
1204 4895 1364 4969 μόνον
1393 4896 1522 4951 καθὸ
1543 4896 1672 4959 Θεὸς
1699 4895 1765 4962 ἧν
1794 4898 1849 4951 ἓν
1880 4904 1956 4970 τῷ
1985 4896 2305 4975 παραδείσῳ,
2340 4897 2475 4955 ἀλλά
2500 4900 2587 4955 καὶ
2613 4902 2741 4956 καθὸ
2770 4900 3102 4977 ἀνθρωπίνην
3133 4899 3317 4979 ψυχὴν
3367 4896 3693 4978 πρσελάϐετο

308 4982 528 5059 λογικὴν
557 4983 643 5037 καὶ
675 4982 878 5060 νοεράν,
915 4983 1003 5038 καὶ
1036 4986 1090 5039 ὲν
1119 4990 1195 5056 τῷ
1224 4982 1522 5061 παραδείσῳ
1548 4982 1731 5062 γέγονε
1791 4985 1925 5059 μετά
1984 4988 2076 5042 τοῦ
2131 4989 2275 5061 νοὸς,
2308 4987 2395 5043 καὶ
2426 4989 2498 5051 εἷς
2530 4986 2653 5059 ᾅδου
2681 4988 2913 5055 κατῆλθε
2944 4990 3077 5064 μετὰ
3107 4992 3291 5067 ψυχῆς
3323 5006 3337 5020 ·
3371 4988 3457 5044 καὶ
3486 4984 3569 5043 διὰ
3592 4994 3687 5043 τοῦ

307 5076 472 5125 σ.ῐ›σαι
500 5072 592 5126 τὸν
621 5068 850 5146 λῃστὴν,
897 5072 958 5126 τὸ
1001 5072 1098 5139 τῆς
1150 5074 1408 5149 πονηρίας
1453 5072 1674 5150 ὄργανον
1725 5072 1932 5148 ἔδησεν,
1994 5077 2022 5131 ὃ
2065 5076 2346 5156 προέλεγεν
2378 5074 2455 5131 ὅτι
2518 5096 2547 5135 ‹
2597 5079 2777 5147 Δήσας
2820 5079 2912 5133 τὸν
2960 5078 3177 5157 ίσχδρὸν
3206 5078 3273 5132 τὰ
3324 5077 3486 5143 σκεύη
3531 5080 3687 5136 αὐτοῦ

307 5160 609 5239 διαρπάσει,
650 5184 673 5215 ι

395 5269 422 5306 (
454 5236 551 5305 Ἠν
597 5247 650 5304 δὲ
708 5252 834 5307 ὡσεὶ
893 5250 1006 5329 ὥρᾶ
1061 5248 1219 5320 ἕκτη,
1269 5252 1357 5306 καὶ
1395 5249 1584 5315 σκότος
1638 5252 1845 5330 ἐγένετο
1876 5254 1953 5333 ὲφ¹

2122 5251 2530 5315 νειιε.44-49.
2547 5252 2715 5314 (Erat
2730 5261 2922 5316 autem
2941 5255 3087 5316 hora
3101 5256 3224 5317 fere
3240 5260 3491 5329 sexta,et
3511 5261 3686 5317 tene-

310 5338 440 5405 ὅλην
470 5339 569 5405 τὴν
598 5344 700 5417 γῆν
731 5338 832 5401 ἕως
857 5339 999 5418 ὥρας
1021 5338 1215 5405 ἒνάτης
1252 5354 1264 5367 ⁸
1300 5341 1387 5394 καὶ
1416 5339 1691 5408 ἐσκοτίσθη
1722 5342 1749 5397 ὃ
1783 5341 1953 5422 ἥλιος,

2044 5342 2167 5404 brae
2185 5343 2352 5405 facta:
2369 5351 2503 5403 sunt
2524 5360 2705 5423 super
2726 5352 2904 5406 totam
2938 5353 3154 5409 terram
3177 5363 3364 5427 usque
3385 5344 3457 5406 ad
3476 5346 3683 5407 horam

310 5430 395 5484 καὶ
438 5429 665 5508 ἐσχίσθη
738 5430 799 5484 τὸ
849 5427 1235 5503 καταπέτασμα
1296 5430 1388 5484 τοῦ
1444 5438 1571 5488 ναοῦ
1630 5430 1814 5505 μέσον,
1866 5433 1953 5489 Kal

2045 5432 2644 5507 nonam;obscuratus
2674 5441 2771 5494 est
2791 5434 2971 5509 sol,et
2995 5435 3188 5497 velum
3206 5435 3410 5515 templi
3432 5435 3685 5497 scissum
3716 5474 3717 5479 η

312 5518 560 5593 ’ξωνήσας
630 5520 781 5597 φωνῇ
829 5516 1039 5594 μεγάλῃ
1087 5514 1315 5597 Ἰησοῦς,
1392 5519 1569 5574 εἶπενο
1634 5520 1825 5600 Πάτερ,
1884 5523 1953 5584 είς

2042 5528 2131 5583 est
2145 5520 2427 5584 medium.
2438 5519 2650 5583 Etcum
2669 5522 2985 5586 clamasset
3002 5542 3144 5587 voce
3158 5514 3365 5603 magna
3378 5522 3683 5599 Jesus,ait:

388 5672 435 5719 “
472 5676 657 5742 Hebr.
687 5693 778 5753 αι,
808 5676 910 5741 39.
996 5674 1049 5720 δ’
1077 5675 1278 5742 Matth.
1311 5693 1416 5756 xu,
1450 5676 1550 5739 29.
