4116 6212
353 308 504 416 Ηίδ

1030 353 1472 415 ENARRATIO
1502 353 1580 413 IN
1628 351 2130 415 EVANGELIUM
2180 345 2418 410 LUC/8.
2466 382 2544 394 -—-
2587 348 2749 412 CAP.
2787 350 3001 412 XXIV.

3562 339 3743 435 me

349 485 594 564 θανάτου,
657 490 740 542 καὶ
797 486 1127 561 ὶσταύρωσαν
1190 486 1369 549 αὐτόν,
1405 478 1596 549 Ἠιαεϊς
1658 484 1712 541 δὲ
1767 484 1977 556 ἠλπίζο-

2076 478 2499 560 redempturus
2529 489 2687 543 esset
2714 480 2917 546 Israel.
2942 482 3119 565 Atqui
3145 498 3330 563 super
3358 480 3485 541 haec
3515 476 3716 539 omnia

350 595 469 649 μεν,
555 576 634 631 ὃτι
694 575 848 639 αὒτός
950 575 1090 631 ἐστιν
1162 578 1188 632 6
1262 575 1476 652 μέλλων
1537 575 1842 654 λυτροῦσθαι
1898 576 1990 631 τὸν

354 661 588 740 Ἰσραήλ.
647 662 815 722 Ἀλλὰ
868 687 925 743 γε
986 667 1075 721 σὺν
1132 673 1258 723 πᾶσι
1318 669 1518 731 τούτοις
1568 667 1747 745 τρίτην
1793 666 1990 731 ταύτην

352 750 554 835 ᾐμέραν
636 751 752 832 ἄγει
840 755 1095 833 σήμερον,
1183 755 1274 835 ἀφ’
1369 758 1427 813 οὗ
1512 763 1673 812 ταῦτα
1755 754 1987 831 εγενετο.

356 830 515 897 Ἀλλὰ
576 830 694 898 καὶὴ
731 830 994 919 γυναῖκές
1032 866 1171 909 τινες
1330 847 1483 920 ἡμῶν
1511 830 1986 922 ὶξέστησανήμᾶς,

352 931 631 1006 γενόμεναι
693 929 889 1010 ὄρθριαι
938 932 1020 989 ἐπὶ
1106 937 1166 990 τὸ
1196 948 1484 1009 μνημεῖον*
1545 935 1632 990 καὶ
1680 935 1757 1009 μὴ
1806 936 1989 1012 εὑροῦ-

353 1040 439 1074 σαι
500 1021 561 1076 τὸ
614 1027 768 1094 σῶμα
824 1021 1004 1095 αὖτοῦ,
1062 1022 1220 1090 ἦλθον
1275 1023 1522 1101 λέγουσαι
1577 1025 1663 1080 καὶ
1735 1024 1989 1081 ὀπτασίαν

353 1106 595 1183 άγγέλων
675 1108 983 1186 ἑωρακέναι,
1068 1111 1122 1168 οἵ
1172 1112 1413 1190 λέγουσιν
1486 1113 1643 1167 αὑτὸν
1719 1119 1838 1188 ζῇν.
1896 1115 1991 1170 Καὶ

353 1195 586 1253 ἀπῆλθόν
635 1219 771 1263 τινες
836 1200 941 1256 τῶν
999 1203 1088 1256 σύν
1144 1204 1279 1276 ἡμῖν
1330 1201 1416 1259 ἐπὶ
1470 1203 1532 1258 τὸ
1581 1215 1872 1277 μνημεῖον,
1904 1204 1990 1260 καὶ

352 1286 498 1362 εὗρον
551 1286 739 1356 οὕτως,
791 1290 964 1352 καθὼς
999 1292 1086 1347 καὶ
1149 1294 1197 1348 αἱ
1228 1292 1480 1369 γυναῖκες
1511 1292 1692 1347 εἶπον*
1736 1293 1906 1353 ,αὐτὸν
1937 1290 1991 1347 δὲ

353 1375 445 1429 οὐκ
517 1371 686 1433 εἶδον.
746 1398 767 1429 ι
845 1378 993 1443 Τινὲς
1064 1379 1154 1435 τὸν
1202 1380 1293 1435 ἕνα
1348 1382 1545 1438 τούτων
1574 1386 1679 1437 τῶν
1710 1378 1799 1436 δύο
1838 1381 1991 1436 αὺτὸν

352 1464 443 1517 τὸν
515 1469 719 1519 Λουκᾶν
776 1465 919 1521 εἷναί
985 1484 1133 1547 φασι³
1186 1468 1266 1524 διὸ
1316 1471 1402 1525 καὶ
1456 1468 1724 1547 ἀπέκρυψε
1754 1471 1815 1526 τὸ
1863 1470 1989 1525 ἐαυ-

352 1551 443 1607 τοῦ
512 1551 681 1627 ὄνομα
740 1555 767 1609 6
839 1556 1243 1633 εὐαγγελιστής,
1294 1550 1540 1635 Ὠμίλουν
1594 1556 1647 1614 δὲ
1702 1561 1831 1635 πρὸς
1891 1558 1990 1614 ἂλ-

352 1639 544 1711 λήλους
602 1642 744 1699 οὗτοι
800 1644 916 1721 περὶ
974 1645 1187 1702 πάντων
1242 1653 1346 1703 τῶν
1391 1644 1825 1723 συμϐεϐηκότων,
1890 1651 1990 1727 οδχ

352 1732 425 1792 ὡς
484 1731 842 1802 πιστεύοντες,
890 1731 1010 1789 ἀλλ’
1064 1737 1136 1798 ὡς
1196 1733 1587 1816 διαποροῦντες,
1637 1742 1724 1793 καὶ
1778 1740 1849 1803 ὡς
1906 1739 1993 1793 ὶπὶ

2075 568 2280 630 tertius
2308 567 2436 633 dies
2478 578 2568 633 est
2592 570 2768 632 hodie
2800 572 2953 652 quod
2990 573 3115 634 haec
3164 573 3319 633 facta
3344 565 3623 630 sunt.Sed
3658 574 3715 627 et

2076 656 2629 745 mulieresquaatlam
2657 680 2725 721 ex
2755 660 2923 721 nobis
2938 660 3214 723 attonitos
3234 657 3553 721 reddidere
3581 673 3710 727 nos,

2074 768 2203 830 qua:
2229 750 2468 816 diliculo
2500 759 2896 829 pervenerunt
2922 751 2995 811 ad
3026 754 3567 837 monumentumzet
3596 762 3713 837 non

2071 838 2307 905 invento
2338 856 2589 918 corpore
2620 839 2770 918 ejus,
2805 848 3094 901 venerunt
3142 838 3409 899 dicentes
3438 832 3503 897 Se
3534 832 3709 895 etiam

2071 928 2359 993 visionem
2392 928 2734 1006 angelorum
2767 927 3009 1001 vidisse,
3035 928 3133 1009 qui
3156 928 3590 988 decerenteum
3613 919 3712 982 vi-

2072 1037 2232 1081 vere.
2263 1018 2335 1081 Et
2365 1017 2642 1080 abierunt
2671 1017 2912 1098 quidam
2936 1035 3141 1079 eorum
3172 1016 3273 1096 qui
3307 1023 3476 1076 erant
3499 1010 3712 1074 nobis-

2070 1126 2205 1172 cum
2233 1108 2309 1171 ad
2341 1116 2812 1187 monumentum,
2838 1116 2896 1168 et
2921 1108 2999 1168 ita
3030 1112 3334 1187 reperunt,
3378 1105 3528 1165 sicut
3578 1119 3707 1162 mu-

2070 1196 2249 1258 lieres
2270 1197 2563 1269 dixerant;
2594 1196 2785 1277 ipsum
2818 1214 2957 1257 vero
2990 1214 3106 1257 non
3136 1194 3431 1256 viderunt.
3475 1214 3501 1251 »
3538 1188 3702 1251 Non-

2073 1286 2220 1347 nulli
2244 1306 2424 1347 unum
2458 1305 2526 1347 ex
2559 1286 2788 1348 duobus
2818 1286 2931 1348 i‘lis
2956 1286 3166 1347 Lucam
3199 1285 3392 1365 ipsum
3418 1282 3594 1343 fuisse
3616 1278 3707 1339 di-

2073 1384 2252 1437 cunt:
2284 1374 2507 1437 idcirco
2538 1384 2595 1436 et
2622 1374 2937 1437 abscondit
2992 1394 3208 1436 nomen
3237 1391 3407 1435 suum
3440 1370 3709 1448 Evange-

2073 1462 2228 1527 Iista.
2281 1464 2707 1545 Loquebantur
2757 1472 2955 1527 autem
3004 1465 3159 1526 inter
3205 1482 3268 1524 se
3327 1461 3420 1523 isti
3463 1460 3601 1521 492
3633 1460 3711 1519 de

2073 1551 2351 1615 omnibus
2371 1574 2502 1635 qua:
2529 1554 2892 1634 acciderant,
2927 1574 3043 1616 non
3079 1565 3140 1614 ut
3170 1547 3617 1625 credentes,sed
3646 1553 3709 1608 ut

2074 1640 2435 1715 dubitantes,
2465 1651 2521 1704 et
2553 1644 2627 1705 de
2653 1644 2833 1705 rebus
2868 1642 3236 1705 mirabilibus
3276 1644 3710 1719 stnpescentes,

2075 1749 2185 1792 nec
2217 1732 2410 1793 statim
2432 1733 2521 1794 rei
2544 1743 2661 1793 tan.
2692 1732 3057 1795 admiranda:
3086 1730 3379 1794 sententia
3402 1743 3711 1795 suacacce-

354 1821 657 1899 πράγμασιν
715 1820 953 1886 ἐξαισίοις
1006 1823 1355 1905 ἐξιστάμενοι,
1417 1826 1505 1883 κάὶ
1548 1849 1631 1905 ,τῳ
1714 1824 1990 1905 παραδόξῳ

2075 1820 2302 1882 dentes.
2354 1822 2529 1885 Jesus
2560 1830 2757 1883 autem
2788 1841 2921 1882 cum
2954 1821 3506 1902 appropinquasset,
3536 1813 3710 1905 simul

350 1910 430 1984 μὴ
499 1907 683 1987 ῥαδίως
735 1909 954 1990 ἔχοντες
1012 1913 1302 1976 συνθέσθαι,
1344 1904 1423 1972 νὈ
1455 1914 1505 1970 δὲ
1544 1904 1742 1983 Ἰησοῦς
1775 1904 1988 1993 ἐγγίσας

352 2000 724 2077 συνεπορεύετο
782 2001 988 2065 αὺτοῖς.
1049 2005 1409 2077 Πνευματικὸν
1464 2005 1564 2083 γὰρ
1614 2006 1702 2060 καὶ
1730 2005 1990 2081 Θειότερον

352 2087 497 2167 ἔχων
566 2090 626 2144 τὸ
684 2088 839 2156 σῶμα
892 2088 1101 2164 λοιπὸν,
1137 2094 1230 2147 οὒκ
1259 2091 1520 2149 ἐκωλύετο
1555 2093 1733 2149 τόπων
1765 2091 1989 2163 διαστή-

353 2200 479 2250 ματι
552 2178 682 2257 πρός
755 2178 815 2233 τό
882 2180 960 2254 μὴ
1009 2181 1111 2259 οὺχ
1168 2180 1257 2244 οἷς
1318 2179 1560 2257 βούλεται
1590 2195 1858 2259 παρεῖναι.
1898 2184 1990 2238 Διὸ

351 2264 465 2323 οὐδὲ
547 2266 652 2322 ἀπὸ
724 2274 830 2323 τῶν
902 2270 1258 2349 χαρακτήρων
1317 2270 1407 2326 τοῖ
1479 2271 1746 2350 σώματος,
1798 2271 1851 2327 ἐν
1904 2276 1989 2333 οἷς

350 2356 587 2435 ἐφαίνετο
654 2357 774 2413 τότε
848 2359 875 2413 6
929 2359 1138 2437 Σωτὴρ,
1202 2368 1596 2440 συνεχωροῦντο
1656 2365 1851 2439 γνῶναι
1894 2362 1989 2416 αὖ·

348 2445 461 2505 τόν.
517 2436 608 2509 Ὠς
665 2446 763 2523 γὰρ
825 2449 852 2503 6
907 2436 1131 2522 Μάρκος
1167 2436 1365 2528 φησὶν,
1414 2436 1469 2506 ἓν
1545 2436 1695 2527 ἑτέρα
1752 2449 1990 2529 ἐφαίνετο

350 2537 547 2614 μορφῇ,
604 2536 691 2591 καὶ
746 2537 799 2591 tv
871 2535 1050 2600 ἄλλοις
1109 2542 1494 2617 χαρακτῆρσιν,
1532 2538 1715 2595 Οὒκέτι
1762 2540 1861 2617 γὰρ
1883 2560 1987 2618 φυ-

351 2636 524 2687 σικοῖς
570 2624 751 2698 νόμοις
823 2624 1084 2700 ᾠκονόμει
1138 2629 1198 2683 τὸ
1282 2634 1460 2703 σῶμα,
1493 2626 1614 2684 ἀλλ’
1664 2628 1793 2699 ὑπὲρ
1836 2628 1985 2707 φύσιν

348 2715 435 2769 καὶ
490 2719 880 2788 πνευματικῶς·
948 2714 1087 2771 ἔνθεν
1166 2738 1245 2772 τοι
1303 2719 1349 2774 οἱ
1433 2717 1691 2796 ὀφθαλμοὶ
1774 2717 1987 2775 ἐκείνων

348 2802 683 2880 ἐκρατοῦντο,
744 2810 835 2859 τοῦ
930 2804 1007 2879 μὴ
1065 2804 1351 2883 ἐπιγνῶναι
1423 2809 1601 2866 αὐτόν.
1659 2809 1805 2863 Διατί
1852 2806 1903 2861 δὲ
1935 2806 1989 2862 ὲν

346 2893 497 2971 ἑτέρᾳ
550 2898 729 2975 μορφῇ
784 2893 972 2972 ἐφάνη.
1051 2896 1137 2951 καὶ
1221 2896 1532 2975 ἐκρατοῦντο
1614 2899 1660 2953 οἱ
1736 2893 1994 2975 ὀφθαλμοὶ

347 2982 568 3063 αὖτῶνς
630 2974 755 3040 UIw:
823 2989 996 3039 πᾶσαν
1049 2984 1149 3051 τὴν
1204 2982 1542 3055 διστάζουσαν
1572 2987 1741 3043 αὐτῶν
1770 2987 1993 3063 γνώμην

348 3070 781 3147 ἀνακαλύψωσιν,
844 3073 927 3129 ἱνα
996 3074 1057 3129 τὸ
1142 3072 1295 3136 ’έλκος
1355 3074 1832 3149 ἀπογυμνώσωσιν,
1888 3066 1992 3130 εἴθ’

348 3159 513 3224 οὕτως
569 3162 630 3217 τὸ
710 3160 985 3239 φάρμακον
1063 3160 1416 3228 ὲπιδὲξωγταν

347 3262 465 3312 τοῖς
516 3255 654 3327 φανῇ
723 3250 856 3325 μετὰ
924 3252 1024 3319 τήν
1094 3250 1301 3319 πολλὴν
1328 3249 1535 3329 τριϐὴν·
1572 3252 1663 3307 ’ἕνα
1683 3249 1859 3328 διδάξῃ
1890 3251 1994 3307 ἀπὸ

1506 3163 1595 3219 ἵνα
1646 3162 1836 3240 γλυκὺς
1894 3162 1994 3218 αὖ-

2073 1908 2177 1970 ivit
2205 1930 2339 1972 cum
2367 1912 2473 1973 eis.
2511 1911 2799 1991 Sprituale
2819 1911 3156 1973 etdivinum
3195 1926 3410 1989 corpus
3443 1916 3579 1966 tunc
3600 1904 3709 1964 ha-

2076 1997 2247 2080 bens,
2281 2020 2394 2061 nou
2418 1999 2854 2079 impediebatur
2880 2001 3149 2063 locorum
3207 1994 3554 2065 intervallis,
3590 2012 3707 2073 quo

2077 2087 2273 2151 minus
2293 2088 2528 2151 adesset
2560 2089 2651 2150 his
2674 2087 2888 2170 quibus
2904 2089 3155 2151 volebat.
3181 2086 3410 2149 Idcirco
3435 2103 3503 2145 ex
3526 2083 3711 2145 linea-

2076 2176 2291 2239 mentis
2339 2178 2629 2258 corporis,
2678 2177 2737 2239 in
2768 2178 2985 2259 quibus
3030 2186 3169 2239 tunc
3217 2172 3560 2257 apparebat,
3595 2188 3711 2230 non

2074 2266 2568 2345 permittebantur
2597 2286 2917 2343 agnoscere
2947 2262 3717 2337 illum.Nam,sicutMarcus

2073 2354 2284 2435 inquit,
2322 2355 2381 2416 in
2412 2356 2527 2417 alia
2548 2356 2735 2417 forma
2764 2356 3123 2437 apparuit,et
3153 2354 3211 2415 in
3239 2353 3368 2415 aliis
3399 2351 3744 2437 lineamen-.

2073 2442 2165 2504 tis.
2202 2442 2327 2506 Non
2378 2444 2529 2505 ultra
2573 2446 2730 2506 enim
2784 2435 3150 2506 naturalibus
3203 2441 3433 2522 legibus
3481 2435 3724 2517 regebat

2070 2534 2422 2614 corpus,sed
2454 2534 2862 2613 spiritualiter,
2889 2542 2947 2595 et
2992 2552 3171 2612 super
3211 2539 3477 2593 naturam
3511 2546 3525 2586 :
3564 2525 3723 2586 unde

2068 2623 2221 2682 oculi
2239 2622 2472 2685 illorum
2491 2622 2843 2685 tenebantur
2866 2643 2937 2685 ne
2959 2614 3721 2702 agnoscereuteum.Quare

2059 2718 2256 2773 autem
2273 2714 2332 2774 in
2357 2713 2544 2775 altera
2573 2713 2762 2775 forma
2781 2714 3137 2794 apparuiget
3167 2712 3520 2773 tenduntur
3547 2702 3708 2794 oculi

2072 2806 2311 2865 eorum?
2362 2806 2594 2881 Nempe
2627 2812 2690 2863 ut
2728 2793 3064 2881 ambiguam
3097 2799 3450 2863 sententiam
3484 2793 3716 2856 revela-

2073 2899 2229 2969 rent,
2263 2900 2326 2951 ut
2354 2892 2523 2953 ulcus
2554 2895 2917 2970 detegerent,
2942 2910 3010 2953 ac
3043 2891 3424 2970 pharmacum
3457 2882 3722 2963 suscipe-

2076 2988 2231 3051 rent,
2260 2988 2321 3039 ut
2346 2980 2577 3041 dulcior
2606 2982 2693 3041 eis
2720 2991 2845 3062 pnsl
2870 2980 3115 3041 multam
3150 2995 3372 3040 moram
3424 2979 3583 3036 esset
3615 2993 3629 3033 :
3661 2978 3725 3031 ut

2078 3068 2318 3129 doceret
2350 3088 2420 3130 ex
2458 3070 2615 3131 Mose
2638 3079 2695 3131 et
2726 3070 3050 3151 pruphetis,
3086 3087 3153 3129 ac
3184 3076 3322 3128 tunc
3363 3080 3721 3144 agnoscere-

2079 3164 2259 3227 tur,et
2286 3159 2468 3237 magis
2496 3158 2739 3221 credant
2761 3159 2916 3239 quod
2952 3176 3169 3239 corpus
3198 3174 3365 3217 suum
3414 3154 3572 3215 ultra
3602 3168 3718 3211 non

2076 3246 2153 3306 sit
2184 3246 2297 3307 tale
2329 3252 2394 3309 ut
2424 3248 2774 3328 simpliciter
2829 3250 3012 3329 possit
3067 3248 3138 3309 ah
3192 3245 3468 3308 omnibus
3506 3241 3717 3304 videri.

349 3338 582 3402 Μωσέως
636 3342 723 3395 καὶ
786 3346 891 3395 τῶν
952 3347 1262 3419 προφητῶν,
1337 3342 1422 3397 καὶ
1492 3341 1611 3397 τότε
1666 3340 1985 3417 ἐπιγνωσθῇ,

2077 3334 2356 3407 Quamvis
2387 3336 2469 3398 illi
2504 3339 2691 3419 ipsum
2720 3340 2876 3419 quod
2914 3356 3146 3419 passum
3199 3344 3306 3398 est.
3344 3332 3669 3397 surrexerit
3703 3351 3717 3393 :

346 3428 433 3483 καὶ
502 3425 704 3500 μᾶλλον
748 3428 1116 3493 πιστεύσωσιν,
1164 3428 1243 3484 ὅτι
1304 3434 1398 3489 οὒκ
1428 3428 1507 3485 ’ἐτι
1540 3431 1599 3485 τὸ
1632 3430 1787 3503 σῶμα
1836 3430 1991 3488 αὒτοῦ

347 3516 583 3572 τοιοῦτόν
639 3516 806 3592 ἐστιν,
866 3522 982 3574 οἷον
1053 3517 1234 3582 ἁπλῶς
1297 3526 1424 3574 πᾶσι
1503 3520 1770 3597 Θεωρητὸν
1821 3520 1986 3584 εἶναι,

347 3603 469 3661 ἀλλ’
526 3607 569 3661 εἰ
638 3607 725 3662 καὶ
796 3605 921 3662 αὖτὸ
948 3609 1010 3663 τὸ
1040 3610 1204 3663 παθὸν
1248 3609 1465 3686 ἀνέστη,
1512 3608 1658 3683 ὅμως
1689 3610 1777 3674 οἷς
1800 3608 1989 3685 βούλε-

346 3715 429 3749 ται
490 3694 751 3775 φαίνεταιο
826 3693 1109 3774 γερδάνωσί
1156 3719 1211 3753 τε
1260 3698 1321 3754 ὲκ
1378 3699 1561 3755 τούτου
1614 3698 1754 3777 μέγα
1808 3721 1883 3778 τι,
1929 3706 1990 3754 τὸ

349 3782 541 3860 μηκέτι
611 3780 997 3863 διαπορεῖσθαι,
1056 3786 1195 3850 τίνος
1247 3785 1423 3843 ἕνεκεν
1474 3786 1533 3842 οὔ
1584 3786 1740 3843 πάλιν
1773 3786 1825 3843 ἐν
1886 3786 1988 3862 μὲ-

348 3893 462 3935 σοις
531 3886 647 3937 τοῖς
716 3870 905 3947 δήμοις
966 3874 1366 3954 ἀναστρέφεται,
1452 3874 1786 3953 λογιζόμενοι
1829 3874 1909 3932 ὅτι
1954 3878 1987 3943 ἡ

350 3963 483 4037 μετᾶ
552 3962 649 4029 τὴν
721 3962 1003 4018 ἀνάστασιν
1049 3963 1205 4019 αὸτοῦ
1234 3962 1471 4043 διαγωγὴ
1504 3964 1816 4043 ἆλλοιοτὲρα
1854 3966 1985 4037 ἐστὶ,

348 4052 435 4109 καὶ
506 4054 566 4109 οῦ
618 4052 796 4128 κοινὴ,
857 4049 971 4108 0-333
1021 4052 1495 4131 ἀνθρωποπρεπὴς,
1552 4053 1689 4109 ἀλλὰ
1731 4054 1987 4133 Θειοτέρα·

348 4140 377 4194 ὃ
434 4140 519 4194 καὶ
576 4144 673 4204 τῆς
731 4136 1025 4212 μελλούσης
1085 4143 1419 4205 ἀναστάσεως
1478 4142 1662 4215 τύπος,
1730 4141 1781 4197 ἐν
1840 4145 1876 4217 ᾖ
1923 4144 1994 4203 ὡς

349 4225 565 4304 ἄγγελοι
637 4224 877 4300 διάξομεδ
944 4230 1029 4283 καὶ
1087 4230 1183 4283 υἱοὶ
1243 4237 1394 4291 Θεοῦ,
1462 4232 1557 4285 Διὰ
1618 4238 1779 4288 ταῦτα
1828 4233 1995 4287 τοίνυν

348 4315 660 4395 ἐκρατοῦντο
728 4318 774 4371 οἱ
834 4316 1091 4396 ὀφθαλμοὶ
1164 4320 1357 4397 αἰτῶν,
1435 4322 1526 4375 τοῦ
1568 4321 1645 4396 μὴ
1705 4320 1994 4398 ἐπιγνῶναι

346 4406 526 4461 αὐτόν·
587 4409 672 4468 οἷς
739 4406 837 4483 γὰρ
893 4406 1096 4483 ἤθελεν,
1173 4408 1395 4483 ἑωρᾶτο,
1448 4399 1503 4465 Ὀ
1536 4406 1588 4463 δὲ
1637 4407 1878 4473 Κλεόπας
1909 4403 1997 4463 καὶ

347 4489 579 4563 ὀνειδίζει
652 4496 794 4551 αῦτὼ
851 4501 928 4567 τῷ
998 4496 1305 4573 φαινομένμ
1383 4495 1760 4575 συνοδοιπόρῳ.
1828 4522 1853 4553 α
1925 4499 1996 4553 Σὺ

346 4579 535 4661 μόνος,
596 4582 745 4660 φησί,
806 4596 1135 4658 παροικετςς
1217 4610 1239 4639 ο
1310 4584 1422 4641 ἀντὶ
1483 4593 1597 4658 τοῦ,
1632 4588 1705 4641 Σὺ
1750 4588 1907 4661 μόνος
1938 4587 1997 4644 ἐκ

346 4671 452 4725 τῶν
524 4670 783 4727 κατοίκων
839 4676 936 4737 τῆς
996 4662 1338 4749 Ἰερουσαλὴμ
1383 4675 1476 4731 οῦκ
1530 4674 1691 4753 ἔγνως
1739 4677 1803 4731 τὰ
1834 4677 1988 4753 γενό-

347 4776 530 4831 μενας
605 4748 806 4817 ’Ἀλλοι
872 4757 926 4815 δὲ
994 4764 1073 4837 τὸ,
1125 4785 1148 4814 σ
1226 4776 1533 4843 παροικεῖς,
1632 4764 1798 4828 οῧτως
1829 4748 1993 4832 ἐνόη-

344 4867 462 4901 σαν
525 4847 619 4927 Σύ,
680 4849 860 4927 φησὶν,
946 4849 1083 4905 οὕτω
1161 4853 1320 4924 μόνος
1372 4866 1671 4932 παροικεῖς,
1736 4856 1821 4910 καὶ
1898 4853 1995 4919 ἔξω

345 4940 451 4990 τῶν
560 4938 713 5011 ὁρίων
792 4940 890 5003 τῆς
996 4930 1337 5017 Ἰερουσαλὴμ
1418 4943 1710 5017 ᾠκισμένος
1769 4944 1844 5015 εἶ,
1908 4946 1995 5000 καὶ

346 5022 616 5103 ἀμέτοχος
685 5030 788 5082 τῶν
851 5027 903 5083 ἐν
960 5027 1107 5101 μέσῳ
1150 5032 1550 5111 πραττομένων,
1582 5044 1653 5095 ως
1703 5032 1780 5107 μὴ
1827 5035 1991 5088 ταῦτα

345 5113 676 5188 γινώσκειν;
756 5106 901 5194 ’Ὀρα
956 5114 1031 5189 δὲ,
1088 5122 1199 5180 πῶς
1260 5122 1448 5197 μικρὶιν
1503 5121 1676 5188 πάντη
1732 5123 1846 5199 περὶ
1901 5129 1992 5177 τοῦ

349 5204 535 5278 Κυρίου
596 5202 873 5281 ὑπόληψιν
946 5210 1125 5286 εἶχονο
1192 5206 1351 5287 ἄνδρα
1382 5210 1481 5287 γὰρ
1513 5212 1793 5289 προφήτην
1836 5210 1991 5265 αὺτὸν

340 5290 636 5366 ὠνόμαζον,
671 5295 790 5351 οἷον
836 5293 1043 5375 Ἠλίαν,
1098 5296 1308 5363 Ἰησοῦν
1342 5300 1432 5353 τὸν
1490 5310 1584 5357 τοῦ
1629 5302 1800 5369 Ναυῆ,
1840 5298 1873 5365 ἧ
1904 5301 1989 5355 καὶ

343 5380 538 5437 Μωσέα
594 5384 786 5439 εἰπεῖν·
818 5382 1033 5441 δυνατὸν
1062 5384 1115 5440 ἐν
1160 5386 1297 5464 ἔργῳ
1353 5388 1440 5443 καὶ
1472 5385 1640 5465 λόγῳο
1693 5394 1901 5465 πρῶτον
1933 5389 1993 5443 τὸ

344 5466 518 5547 ἔργον,
550 5472 673 5527 εἶτα
706 5475 733 5529 6
766 5472 943 5553 λογος.
971 5472 1145 5540 Οὐδεὶς
1178 5477 1276 5554 γὰρ
1308 5474 1469 5554 λόγος
1500 5476 1708 5553 βέϐαιος
1740 5475 1993 5533 διδασκα-

343 5553 518 5644 λικὸς,
552 5561 595 5616 εί
623 5562 702 5636 μὴ
758 5562 1008 5642 πρότερον
1071 5566 1099 5620 6
1175 5553 1437 5621 διδάσκων
1510 5565 1737 5644 ἐργάτην
1808 5566 1995 5622 ἑαυτὸν

341 5643 596 5725 ἔκφαίνοι.
655 5652 881 5716 Δυνατὸς
940 5653 1027 5708 οὖν
1100 5654 1205 5709 ἴσθι
1279 5653 1332 5709 ἓν
1388 5652 1525 5733 ’ἔργῳ
1595 5662 1815 5735 πρᾶτον,
1876 5658 1996 5711 εἶτα

560 4938 713 5011 ὁρίων
792 4940 890 5003 τῆς

2019 4640 2062 4691 ι)

2074 3434 2329 3487 attamen
2352 3428 2568 3508 quibus
2588 3429 2727 3508 vult,
2750 3432 3297 3508 apparet..\lagnum
3322 3443 3516 3488 autem
3550 3421 3718 3503 quid-

2074 3513 2208 3576 dam
2246 3534 2313 3577 ex
2345 3518 2456 3579 hoc
2480 3518 2867 3590 lncril'aciant,
2905 3519 3060 3598 quod
3096 3538 3212 3579 non
3246 3518 3394 3578 ultra
3426 3513 3715 3586 dubitant,

2074 3622 2257 3684 quare
2286 3625 2401 3667 non
2434 3608 2646 3669 iterum
2682 3607 2738 3667 in
2774 3608 2985 3668 mediis
3016 3606 3246 3688 populis
3266 3610 3717 3676 versetur,con-

2074 3694 2406 3757 siderantes
2436 3697 2591 3778 quod
2625 3698 2992 3759 conversatio
3044 3706 3173 3779 post
3215 3694 3715 3757 resurrectionem

2074 3800 2238 3843 suam
2270 3784 2443 3864 longe
2474 3786 2588 3847 alia
2616 3787 2710 3864 sit,
2747 3795 2804 3847 et
2827 3805 2943 3847 non
2975 3785 3308 3847 communis
3334 3806 3347 3847 :
3376 3804 3491 3845 non
3529 3782 3721 3864 qualis

2074 3868 2407 3943 hominum,
2432 3875 2535 3935 sed
2557 3875 2834 3949 divinior,
2862 3876 2919 3937 in
2950 3882 3146 3957 typum
3180 3876 3390 3936 futurae
3420 3891 3718 3935 resurrec‘

2076 3960 2275 4043 tionis,
2308 3964 2366 4023 in
2391 3982 2505 4044 qua
2536 3964 2689 4025 sicut
2738 3964 2929 4043 angelt
2966 3973 3024 4026 et
3046 3964 3277 4027 liliiDei
3327 3961 3714 4023 versabimur.

2082 4052 2324 4131 Propter
2346 4052 2457 4113 hoc
2488 4053 2661 4131 igitur
2682 4055 3038 4115 tenebantur
3053 4054 3204 4115 oculi
3226 4071 3430 4115 eorum
3450 4069 3521 4111 ne
3545 4069 3722 4129 agno-

2078 4152 2314 4203 scerent
2342 4162 2477 4204 eum
2516 4162 2529 4205 :
2565 4144 2834 4225 aquibus
2880 4147 3036 4206 enim
3090 4145 3349 4225 volebat,
3383 4142 3717 4205 videbatur.

2082 4231 2373 4311 Cleophas
2430 4251 2566 4294 vero
2614 4234 2815 4293 comiti
2862 4234 3113 4307 itineris,
3152 4243 3212 4295 ut
3240 4234 3582 4314 apparebat,
3609 4232 3718 4294 oh-

2071 4320 2238 4399 jicit:
2272 4344 2299 4381 ε
2330 4322 2415 4382 Tu
2437 4322 2620 4402 solus,
2647 4348 2669 4379 ι
2709 4322 3009 4399 inquiens,
3040 4349 3061 4378 α
3103 4325 3450 4403 peregrinus
3483 4326 3726 4405 es,-hoc

2080 4418 2190 4485 est,
2241 4419 2299 4471 tu
2350 4412 2515 4472 solus
2568 4429 2636 4471 ex
2689 4411 2781 4472 his
2840 4412 2939 4492 qui
2990 4412 3251 4473 habitant
3282 4413 3341 4475 in
3364 4412 3721 4485 Jerusalem,

2082 4498 2315 4579 ignoras
2362 4518 2494 4579 qua:
2544 4498 2691 4561 facta
2721 4500 2889 4561 sunt?
2918 4501 3034 4563 Alii
3064 4511 3284 4580 autem,
3318 4528 3338 4557 ιι
3379 4504 3726 4583 peregrinus

2081 4608 2165 4659 es,
2208 4614 2233 4645 ι
2269 4588 2354 4650 sic
2387 4588 2725 4667 intelligunt
2762 4607 2775 4651 :
2810 4588 2920 4663 Tu,
2948 4591 3326 4671 inquit,solus
3350 4592 3725 4673 peregrinus,

2082 4688 2138 4739 et
2166 4689 2331 4739 extra
2362 4677 2511 4738 lines
2540 4678 2866 4739 Jerusalem
2920 4678 3285 4740 domicilium
3324 4680 3572 4761 habens,
3606 4702 3721 4743 non

2079 4785 2142 4829 es
2175 4764 2476 4847 particeps
2508 4785 2712 4828 eorum
2749 4787 2875 4847 qum
2905 4767 2962 4828 in
2999 4769 3191 4829 media
3211 4771 3541 4832 Jerusalem
3576 4789 3720 4835 con-

2080 4856 2359 4935 tigerunt.
2397 4867 2458 4916 nt
2490 4856 2613 4916 haec
2670 4857 2957 4935 ignores?
2990 4858 3134 4919 Vide
3185 4868 3379 4920 autem
3426 4861 3723 4940 quomodo

2080 4962 2313 5024 parvam
2346 4942 2589 5005 omnino
2618 4944 2693 5005 de
2726 4946 2975 5009 Domino
3010 4946 3354 5027 opinionem
3404 4948 3717 5012 habebant.

2078 5032 2282 5095 Virum
2316 5032 2472 5092 enim
2508 5034 2855 5112 prophetam
2910 5054 3045 5096 eum
3096 5037 3501 5109 nominabant,
3536 5039 3727 5119 qualis

2075 5120 2231 5182 Elias
2257 5120 2754 5193 fuerat,velJesus
2776 5125 3057 5193 N«:ve,vel
3089 5128 3308 5186 Moses.
3332 5129 3637 5188 Potentem
3664 5126 3724 5188 in

2076 5230 2256 5291 opere
2289 5218 2343 5270 et
2377 5210 2944 5273 sermone.Primum
2975 5233 3144 5294 opus.
3174 5225 3230 5278 et
3256 5215 3471 5276 deinde
3500 5234 3720 5279 sermo.

2075 5300 2284 5386 Nullus
2310 5298 2701 5386 enim_sermo
2746 5301 3007 5386 doctoris
3031 5304 3235 5386 ﬁrmus
3266 5315 3378 5376 est,
3416 5305 3529 5367 nisi
3563 5307 3722 5386 prius

2079 5381 2303 5442 docens
2349 5396 2413 5439 se
2474 5377 2755 5441 factorem
2807 5382 3089 5445 declaret.
3127 5383 3342 5446 Potens
3374 5377 3719 5463 igitur-esto

2079 5469 2332 5551 primum
2366 5468 2426 5528 in
2455 5486 2657 5549 opere,
2693 5469 2911 5534 deinde
2955 5480 3017 5534 et
3066 5472 3226 5536 verbi
3256 5475 3719 5537 sollicitudinem

2077 5558 2315 5621 habeto.
2344 5556 2440 5619 Sic
2468 5565 2527 5618 et
2558 5559 2713 5620 Deus
2743 5561 3160 5642 cooperabitur
3188 5564 3317 5627 tibi.
3364 5564 3532 5628 Prius
3558 5564 3716 5627 enim

2078 5666 2249 5731 opus,
2295 5653 2352 5708 at
2388 5644 2605 5709 deinde
2650 5652 3067 5733 contemplatio
3110 5672 3177 5715 ac
3230 5655 3559 5719 illustratio.
3595 5654 3722 5722 Nisi
