4116 6212
395 373 547 437 1119
1364 380 1959 444 THEOPHYLACTI
2006 375 2410 441 BULGARl/E
2458 378 2810 440 ARCHIEP.
3058 390 3071 397 ν
3635 370 3794 435 1120

390 507 579 568 cendo
611 526 624 567 :
662 517 721 570 et
750 511 1277 585 resurrectionem,
1309 512 1482 573 vitam
1532 520 1791 573 nostram
1842 512 2039 573 nomi-

2137 508 2365 589 Ἀϐραὰμ
2433 512 2533 578 τὴν
2584 511 2788 589 ἡμέραν
2845 510 3003 566 αὐτου
3070 511 3159 566 καὶ
3189 507 3637 587 ἀγαλλιάσασθαι’
3702 516 3800 563 καί

390 595 681 658 nando.ln
697 598 944 679 reliquis
963 609 1159 661 autem
1181 602 1487 681 prophetis
1510 600 1761 680 sparsim
1782 600 1893 662 sita
1910 608 2048 663 sunt

2137 602 2215 679 τὸ,
2289 622 2317 653 α
2385 589 2627 673 Ηυψεσθε
2684 601 2780 667 τὴν
2848 599 2992 669 ζωὴν
3032 600 3184 673 ἡμῶν
3229 596 3595 677 κρεμαμένην,
3646 621 3678 652 ι
3743 595 3800 651 ἐν

393 703 524 764 qua:
541 684 616 745 de
643 704 817 749 cruce
840 696 898 749 et
915 690 1360 752 resurrectione
1383 690 1681 762 dicuntur,
1721 691 2044 769 praesertim

392 772 454 833 in
487 772 943 838 clarioribus.Et
972 788 1213 858 possent
1240 797 1307 839 ex
1344 779 1459 840 illis
1480 798 1547 838 ea
1594 779 1731 839 495
1763 797 2042 839 recense-

391 861 543 924 ri.At
576 868 1168 945 lu,quazso.attendas
1198 867 1497 947 quomodo
1531 886 1637 947 per
1658 867 2041 928 aﬂlictionem

391 958 562 1012 eatur
593 952 651 1013 in
684 954 932 1033 gloriam
988 954 1114 1016 Dei.
1166 956 1421 1018 Simulat
1460 964 1655 1018 autem
1708 975 1773 1018 se
1812 956 2045 1035 longius

388 1038 633 1122 iturum,
657 1042 829 1121 juxta
860 1045 1178 1105 humanam
1215 1054 1507 1106 naturam.
1540 1044 1613 1105 Et
1635 1044 1869 1125 quando
1905 1063 2041 1124 per-

394 1128 590 1208 mittit,
625 1138 762 1192 tunc
795 1132 1147 1212 aperiuntur
1185 1134 1337 1195 oculi
1373 1151 1605 1213 eorum,
1631 1141 1690 1195 et
1720 1141 2047 1211 agnoscunt

392 1234 548 1278 eum.
588 1217 928 1282 Insinuatur
976 1230 1171 1282 autem
1207 1232 1260 1285 et
1295 1222 1455 1283 aliud
1489 1221 1795 1302 quiddam,
1832 1240 2047 1301 nempe

396 1305 551 1386 quod
573 1308 729 1369 oculi
752 1328 956 1371 eorum
974 1310 1071 1391 qui
1095 1310 1470 1373 benedictum
1488 1329 1699 1391 panem
1713 1320 2045 1383 assumunt,

396 1396 740 1472 aperiuntur
770 1408 833 1460 ut
863 1411 1182 1477 agnoscant
1217 1400 1674 1478 illumJllagnam
1712 1400 1869 1461 enim
1892 1402 2049 1461 etin-

398 1483 701 1547 dicibilem
734 1489 845 1548 vim
884 1489 1061 1551 habet
1090 1508 1227 1551 caro
1264 1489 1519 1552 Domini.
1573 1488 1821 1551 Evanuit
1852 1497 2047 1551 autem

400 1572 475 1633 ab
508 1576 616 1649 eis;
652 1596 845 1657 neque
876 1578 1033 1639 enim
1081 1578 1275 1639 adhuc
1332 1578 1585 1639 habebat
1637 1597 1852 1658 corpus
1895 1577 2053 1658 quod

406 1663 655 1725 multum
689 1667 983 1746 corporali
1012 1668 1187 1728 modo
1222 1686 1352 1729 cum
1391 1668 1475 1727 eis
1505 1676 2055 1741 cunversareturmt

406 1769 471 1812 ex
505 1752 617 1814 hoc
642 1755 877 1818 illorum
905 1766 1201 1819 cresceret
1227 1758 1589 1819 desiderium
1624 1756 1767 1817 Nam
1796 1758 1872 1818 ita
1896 1756 2056 1819 exhi-

406 1839 575 1903 laroti
611 1843 871 1920 fuerunt,
904 1856 963 1907 ut
994 1848 1091 1908 illa
1120 1847 1250 1926 ipsa
1304 1849 1449 1908 hora
1499 1855 1831 1924 surgerent,
1866 1854 1923 1908 et
1954 1864 2055 1908 re-

407 1938 777 1995 verterentur
803 1936 861 1995 in
883 1937 1363 1997 Jerusalemznon
1392 1935 1597 1997 eadem
1623 1936 1862 2015 quidem
1885 1936 2051 2009 hora,

410 2020 512 2080 sed
558 2033 947 2087 surrexerunt
977 2026 1219 2106 quidem
1260 2027 1406 2088 hora
1436 2025 1558 2100 illa,
1597 2026 1828 2086 reversi
1859 2033 2053 2086 autem

409 2117 544 2170 sunt
578 2120 708 2189 post
737 2115 1098 2194 complures,
1147 2115 1475 2175 secundum
1535 2114 1693 2194 quod
1741 2113 2057 2176 verisimile

408 2206 493 2256 est
541 2199 657 2261 iter
711 2202 925 2263 fecisse
949 2214 1158 2263 euntes
1191 2208 1443 2282 spatium
1487 2204 1788 2281 sexaginta
1819 2204 2053 2265 stadio-

407 2303 563 2358 rum,
602 2289 657 2348 in
709 2291 920 2369 quibus
952 2292 1193 2351 omnino
1222 2301 1279 2351 et
1313 2292 1597 2354 Dominus
1646 2292 1806 2353 visus
1837 2297 1931 2354 est
1961 2290 2048 2353 Si-

412 2374 594 2448 moni,
625 2376 764 2437 dum
798 2379 881 2438 illi
908 2380 1149 2439 interim
1178 2386 1561 2441 revertuntur
1587 2379 2057 2441 Jerusalem.Ar-

410 2461 559 2523 dens
587 2475 784 2527 autem
819 2476 943 2529 erat
975 2487 1076 2529 cor
1104 2468 1432 2543 eorum,vel
1458 2467 1593 2528 dum
1628 2468 1764 2547 igne
1793 2468 2057 2548 eloquio-

409 2569 540 2612 ru'n
576 2551 809 2616 Domini
841 2556 941 2617 illo
976 2557 1399 2637 interpretante
1424 2557 1780 2618 intrinsecus
1808 2575 2053 2620 succen-

408 2640 721 2718 derentur,
757 2656 813 2706 et
837 2645 956 2705 illis
986 2665 1117 2725 quae
1148 2646 1519 2725 dicebantur,
1552 2646 1978 2706 assentirentur
1999 2654 2061 2706 ut

410 2732 566 2791 veris
602 2750 614 2794 :
651 2734 737 2794 vel
773 2735 912 2795 dum
964 2734 1065 2795 illo
1098 2736 1525 2815 interpretante
1561 2734 1899 2815 Scripturas
1925 2743 2057 2795 tan-

405 2829 651 2898 geretnr
681 2842 787 2884 cor
818 2842 1027 2885 eorum
1053 2824 1438 2898 intrinsecus,
1470 2825 1625 2903 quod
1672 2824 1767 2885 hic
1814 2822 1913 2903 qui
1947 2844 2058 2884 no-

409 2908 502 2969 bis
534 2910 958 2992 interpretatur
980 2913 1341 2992 Scripluras,
1378 2912 1648 2975 Christus
1680 2922 1788 2975 est.

1476 3008 1493 3041 2

2132 693 2303 760 ταυτῷ
2360 689 2445 743 καὶ
2500 690 2597 753 τὴν
2654 689 2944 764 σταύρωσιν
3001 684 3161 753 δηλοῖ
3192 685 3275 741 δια
3307 693 3399 743 τοῦ
3441 686 3795 761 κρεμαμένην

2130 777 2323 847 εἰπεῖν,
2386 778 2472 831 καὶ
2531 778 2629 843 τὴν
2687 777 2972 832 ἀνάστασιν
3012 775 3095 830 διὰ
3125 782 3215 831 τοῦ
3260 776 3358 841 τὴν
3401 778 3543 845 ζωὴν
3577 775 3793 847 ὀνομα-

2128 886 2239 927 σαι,
2305 867 2403 922 Καὶ
2470 866 2523 920 ἐν
2583 870 2706 927 ταῖς
2761 864 2983 927 λοιπαῖς
3009 863 3064 919 δὲ
3134 866 3479 944 προρητείαις
3514 860 3795 937 σποραδην

2126 967 2332 1010 κεῗνται
2386 955 2453 1011 τὰ
2515 955 2632 1032 περὶ
2688 954 2780 1010 τοῦ
2834 961 3055 1032 σταυροῦ
3125 954 3213 1008 καὶ
3262 954 3360 1020 τῆς
3416 952 3788 1023 ἀναστάσεως,

2124 1045 2214 1099 καὶ
2262 1041 2494 1117 μάλιστα
2556 1043 2610 1099 ἐν
2668 1057 2787 1107 τοῖς
2844 1042 3294 1122 ἐπιφανεστέροις,
3374 1044 3462 1099 καὶ
3534 1044 3796 1120 πάρεστιν

2124 1130 2329 1188 ἔκεϊθεν
2399 1133 2562 1189 ταῦτα
2607 1131 2976 1210 ἀναλέγεσθαι.
3036 1133 3235 1188 Σκόπει
3313 1130 3367 1187 δὲ
3396 1154 3510 1205 μοι,
3571 1133 3695 1190 πῶς
3729 1133 3790 1185 ὲκ

2123 1230 2218 1281 τοῦ
2275 1225 2599 1278 κακοπαθεῖν
2658 1224 2718 1279 τὸ
2785 1220 3038 1278 εἰσελθεῖν
3099 1222 3179 1286 εἴς
3253 1224 3351 1288 τὴν
3410 1219 3565 1285 δόξαν
3623 1218 3792 1276 ἐστίν.

2127 1317 2504 1389 Προσποιεϊται
2562 1310 2616 1366 δὲ
2673 1309 2988 1389 ποῤῥωτέρω
3071 1311 3405 1381 πορεύεσθαι,
3500 1307 3638 1364 κατά
3729 1308 3791 1362 τὸ

2129 1399 2453 1479 ἀνθρώπινον
2524 1401 2761 1462 πάντως.
2814 1391 2957 1457 ’Ὅτε
2989 1397 3041 1455 δὲ
3085 1413 3384 1479 συγχωρεῖ,
3430 1400 3552 1455 τότε
3582 1396 3795 1453 διανοι-

2132 1510 2312 1567 γονται
2400 1490 2444 1544 οἱ
2516 1486 2776 1567 ὀφθαλμοὶ
2834 1492 3027 1558 αὐτῶν,
3090 1490 3177 1544 καὶ
3224 1489 3529 1566 ἐπέγνωσαν
3598 1486 3783 1542 αὖτὸν.

2138 1577 2423 1632 Αἶνίττεται
2485 1575 2540 1631 δέ
2582 1599 2631 1633 τι
2664 1578 2751 1632 καὶ
2794 1575 2993 1655 ἕτερον,
3042 1575 3121 1633 ὅτι
3152 1591 3268 1643 τοῖς
3319 1574 3790 1653 μεταλαμϐάνωσι

2100 1672 2227 1725 ῖς·ιῦ
2285 1666 2646 1743 εὐλογημένοι)
2704 1666 2885 1741 ἄρτου,
2930 1665 3281 1744 διανοίγονται
3324 1669 3373 1723 οἱ
3405 1664 3664 1746 ὀφθαλμοὶ
3715 1666 3793 1728 εἰς

2136 1756 2197 1810 τὸ
2253 1754 2539 1832 ἐπιγνῶναι
2597 1753 2778 1816 αὐτόν.
2814 1752 3067 1833 Μεγάλην
3109 1756 3210 1833 γὰρ
3254 1757 3343 1811 καὶ
3383 1754 3585 1835 ἄφατον
3624 1751 3791 1809 δύνα-

2138 1866 2227 1914 μιν
2283 1842 2398 1922 ἔχει
2460 1846 2492 1911 ἡ
2552 1851 2646 1900 τοῦ
2720 1843 2905 1922 Κυρίου
2960 1842 3108 1921 σάρξ.
3170 1842 3401 1923 Ἀφανὶκς
3477 1840 3529 1899 δὲ
3586 1842 3793 1919 γίνεται

2138 1930 2229 1988 ἀπ’
2303 1937 2493 1991 αὐτῶν·
2568 1936 2663 1992 οὐκ
2723 1932 2799 1988 ἔτι
2856 1934 2955 2012 γὰρ
2986 1939 3227 1990 τοιοῦτον
3256 1934 3384 2012 εἶχε
3432 1936 3611 2010 σῶμα,
3666 1930 3797 1987 οἷον

2138 2020 2222 2077 ἐπὶ
2274 2023 2409 2076 πολὺ
2458 2027 2777 2096 σωματικῶς
2863 2019 3158 2099 συνδιάγειν
3242 2022 3443 2095 αὐτοῖς,
3516 2022 3605 2076 καὶ
3676 2019 3794 2093 ἅμα

2138 2114 2231 2169 ἵνα
2303 2113 2519 2169 πλείονα
2573 2112 2635 2169 ἐκ
2689 2114 2875 2170 τούτου
2930 2114 3021 2169 τὸν
3075 2114 3235 2169 πόθον
3268 2112 3541 2189 ἑπαυξῆση
3576 2112 3791 2174 αὖτοῖς.

2140 2201 2292 2261 Οὕτω
2362 2210 2486 2281 γοῦν
2541 2201 3013 2282 ἐχάρησανιῶστε
3044 2204 3176 2279 αὐτῇ
3206 2202 3272 2270 τῆ
3303 2202 3413 2281 ὥρᾳ
3469 2202 3793 2278 ἀναστῆναι,

2140 2294 2226 2348 καὶ
2279 2281 2608 2369 ὑποστρέψαι
2694 2292 2767 2353 εὶς
2842 2281 3208 2369 Ἰερουσαλὴμ,
3270 2290 3363 2345 οὔκ
3419 2291 3550 2366 αὐτῇ
3608 2287 3663 2343 δὲ
3725 2295 3795 2363 τῇ

2139 2380 2271 2458 ὥρᾳ.
2351 2378 2676 2447 Ἀνέστησαν
2733 2382 2829 2454 μὲν
2881 2382 2981 2458 γὰρ
3062 2379 3183 2436 κατ’
3242 2379 3406 2445 αὐτὴν
3465 2380 3566 2443 τὴν
3620 2377 3793 2452 ὥραν.

2138 2470 2470 2548 ὑπέστρεψαν
2537 2468 2591 2525 δὲ
2651 2469 2784 2542 μετὰ
2852 2466 3084 2543 πλείους,
3147 2466 3274 2531 ὅσας
3307 2469 3445 2531 εἰκὸς
3490 2467 3555 2534 ἦν
3601 2465 3792 2526 αυτούς

2142 2564 2360 2626 ποιῆσαι
2420 2562 2477 2616 τὸ
2534 2557 2799 2632 διάστημα
2858 2561 2961 2614 τῶν
3007 2556 3258 2628 ἑξήγοντα
3292 2556 3513 2613 σταδίων
3542 2554 3791 2632 βαδίζον-

2141 2670 2258 2717 τας,
2346 2651 2399 2703 ἓν
2431 2650 2521 2710 αἶς
2556 2649 2768 2711 πάντως
2798 2648 2885 2703 καὶ
2915 2649 2942 2703 ὁ
2977 2648 3251 2714 Δεσπότης
3281 2645 3430 2725 ὤφθη
3479 2654 3554 2719 τῷ
3588 2646 3791 2720 Σίμωνι

2142 2735 2225 2792 δια
2321 2737 2508 2812 μέσου,
2572 2736 2984 2813 ὁδοιπορούντων
3045 2735 3215 2791 αὒτῶν
3243 2739 3299 2791 εν
3330 2742 3395 2811 τῇ
3451 2737 3787 2813 ὑποστροφῇ.

2142 2825 2418 2901 Καιομένη
2476 2826 2527 2881 δὲ
2599 2828 2666 2892 ἦν
2722 2828 2755 2891 ἡ
2784 2824 2967 2904 καρδία
3027 2826 3222 2898 αὐτῶν,
3278 2825 3315 2892 ἢ
3385 2830 3461 2897 τῷ
3516 2826 3637 2902 πυρὶ
3680 2825 3791 2879 tch

2142 2914 2314 2993 λόγων
2370 2924 2459 2973 τοῦ
2496 2916 2698 2994 Κυρῖοω
2747 2915 3125 2993 ἐρμηνεύοντος
3158 2916 3256 2992 γὰρ
3316 2915 3521 2987 αὒτοϊς,
3582 2911 3792 2988 διεθερ-

410 3005 657 3079 μαίνοντο
684 3008 872 3064 ἔσωθεν
900 3011 989 3066 καὶ
1043 3008 1414 3065 συνδιετθεντο
1474 3008 1557 3064 ἐπὶ
1605 3023 1721 3073 τοῖς
1782 3008 2089 3087 λεγομένοις
2145 3010 2218 3071 ὼς
2251 3008 2501 3075 ἀληθέσιν
2532 3024 2545 3039 ⁸
2592 3009 2625 3075 ἢ
2670 3007 2751 3063 ὅτι
2800 3006 3178 3086 ἐρμηνεύοντος
3211 3006 3394 3070 αὐτοῖς
3424 3007 3518 3069 τὰς
3549 3007 3792 3089 Γραιῂς⁹

408 3095 703 3153 ἐπάτασσεν
734 3098 927 3154 ἔσωθεν
958 3102 991 3167 ἦ
1019 3097 1200 3174 καρδία
1232 3103 1426 3174 2-31-ch,
1460 3097 1541 3155 ὅτι
1576 3107 1733 3162 Οὗτος
1767 3100 1794 3155 ὀ
1827 3100 2130 3173 ἑρμηνεύων
2159 3101 2293 3173 ἡμῖν
2324 3102 2467 3154 εστιν
2499 3099 2526 3153 ὀ
2564 3099 2773 3175 Κύριος,

488 3187 669 3252 Vens.
699 3191 907 3254 36-44.
948 3216 974 3246 σι
1013 3194 1161 3255 Dum
1185 3200 1378 3253 autem
1412 3193 1536 3255 haec
1557 3193 1901 3273 loquuntur,
1927 3202 2053 3253 ste-
2074 3201 2111 3252 C

408 3277 661 3340 titJesus
684 3278 809 3358 ipse
842 3279 900 3340 in
935 3280 1126 3341 medio
1162 3287 1457 3356 eorum,ct
1483 3282 1629 3342 dixit
1661 3283 1786 3343 eis:
1823 3284 1937 3344 Pax
1962 3301 2057 3342 vo-

409 3366 521 3429 bis.
547 3366 919 3446 EXpavefacti
952 3388 1087 3429 vero
1122 3376 1181 3432 et
1214 3372 1539 3441 conterriti,
1567 3370 1960 3433 exstimabant
1993 3389 2057 3430 se

405 3456 677 3535 Spiritum
710 3459 908 3519 videre
946 3479 959 3520 :
999 3468 1057 3519 et
1087 3459 1233 3519 dixit
1262 3460 1348 3519 eis
1381 3478 1394 3522 :
1439 3459 1588 3531 Quid
1626 3459 1839 3521 turbati
1888 3461 2052 3533 estis,

406 3554 464 3607 et
493 3546 873 3623 cogitationes
895 3548 1223 3609 ascendunt
1250 3548 1306 3609 in
1339 3549 1623 3609 cordibus
1667 3549 1875 3610 vestris
1896 3555 1924 3610 ?
1958 3548 2055 3609 Vi-

409 3634 542 3694 dete
574 3655 781 3697 manus
805 3656 967 3699 meas
991 3646 1049 3699 et
1074 3637 1253 3717 pedes
1274 3639 1608 3719 meos,qnia
1626 3637 1877 3717 egoipse
1892 3656 2045 3698 sum.

406 3722 779 3787 Contrectate
814 3745 906 3787 me
934 3738 993 3789 et
1021 3727 1236 3806 videte,
1273 3728 1411 3807 quia
1449 3728 1691 3808 spiritus
1733 3745 1970 3787 carnem
1997 3736 2055 3788 et

407 3832 541 3873 ossa
572 3833 686 3874 non
717 3815 913 3882 habet.
948 3817 1099 3877 sicut
1132 3836 1225 3876 me
1272 3817 1479 3877 videtis
1538 3816 1781 3878 habere.
1820 3815 1886 3876 Et
1918 3834 2052 3878 cum

408 3902 529 3963 haac
555 3903 813 3978 tllxlSSt‘t,
847 3905 1106 3967 ostendit
1139 3905 1227 3966 eis
1252 3925 1460 3966 manus
1495 3926 1566 3967 ac
1604 3906 1807 3985 pedes.
1842 3906 2052 3967 Adhuc

409 4000 602 4052 autem
638 3992 753 4055 illis
786 4013 901 4055 non
934 3994 1316 4056 credentibus
1348 4014 1465 4075 prae
1499 3995 1803 4075 gaudiu,et
1828 3995 2047 4056 miran-

408 4079 587 4161 tibus,
625 4082 769 4143 dixit
797 4083 885 4144 eis
918 4105 931 4142 :
966 4083 1207 4145 Habetis
1238 4085 1332 4145 hic
1366 4084 1587 4164 aliquid
1623 4082 1835 4145 edulii?
1866 4086 1941 4146 At
1967 4082 2052 4145 illi

410 4170 751 4233 obtulerunt
780 4176 829 4234 ei
867 4181 1091 4247 partem
1143 4174 1319 4251 piscis
1372 4176 1570 4248 assati,
1605 4183 1663 4235 et
1693 4175 1917 4253 aliquid
1979 4176 2053 4235 de

407 4258 532 4318 favo
564 4260 810 4339 apiario:
839 4270 895 4322 et
925 4263 1175 4343 accepit,
1212 4272 1269 4326 et
1320 4264 1381 4325 in
1439 4273 1758 4344 conspectu
1813 4264 2053 4325 illorum

408 4350 690 4429 comedit,
723 4358 779 4411 et
811 4351 959 4412 dixit
994 4352 1065 4412 ad
1098 4372 1200 4413 eos
1229 4370 1241 4414 :
1280 4354 1415 4414 Πίος
1441 4363 1578 4414 sunt
1608 4354 1785 4415 verba
1814 4372 1943 4432 qua)
1972 4353 2055 4413 lo-

407 4446 577 4498 cutus
625 4457 753 4499 sum
787 4440 858 4499 ad
893 4459 991 4500 vos
1035 4460 1167 4502 cum
1232 4442 1425 4503 adhuc
1475 4462 1665 4503 essem
1720 4442 2047 4509 vobiscum,

2225 3214 2247 3247 ei
2284 3195 2456 3251 Ταῦτα
2516 3189 2569 3247 δὲ
2628 3195 2795 3249 αὖτιῦν
2845 3190 3167 3258 λαλούντων,
3201 3194 3284 3246 καὶ
3329 3190 3485 3253 αυτὸς
3517 3191 3544 3246 ὃ
3576 3187 3801 3256 Ἰησοῦς

2138 3284 2265 3349 ἔστη
2324 3281 2378 3338 ἐν
2431 3281 2581 3356 μέσῳ
2650 3284 2752 3336 τῶν
2828 3285 3079 3358 μαθητῶν
3140 3282 3320 3354 αὑτοῦ,
3366 3282 3453 3335 καὶ
3502 3279 3648 3358 λέγει
3682 3280 3789 3335 αὖ-

2136 3372 2281 3435 τοῖς·
2319 3373 2513 3449 Εἰρήνη
2572 3372 2721 3445 ὑμῖν,
2786 3370 3107 3436 [Ιτοηθέντες
3136 3368 3191 3425 δὲ
3231 3371 3318 3425 καὶ
3361 3366 3580 3448 ἔμφοϐοι
3623 3367 3791 3446 γενό-

2140 3482 2312 3537 μενοι,
2386 3459 2597 3516 ἐδόκουν
2650 3459 2853 3533 πνεῦμα
2913 3463 3155 3534 θεωρεῖν·
3230 3459 3319 3514 καὶ
3374 3459 3527 3515 εἷπεν
3576 3460 3783 3518 αὐτοῖς’

2141 3550 2200 3607 Τί
2253 3549 2631 3626 τεταραγμένοι
2703 3548 2823 3605 ἐστέ
2871 3568 2886 3621 ;
2952 3550 3047 3604 Καί
3113 3546 3248 3603 διατί
3277 3545 3607 3625 διαλογισμοὶ
3644 3546 3790 3601 ἀνα-

2142 3636 2399 3694 ϐαίνουσιν
2456 3639 2511 3693 ἐν
2566 3651 2688 3701 ταῖς
2718 3637 2952 3716 καρδίαις
2984 3638 3132 3711 ὑμῶν
3166 3656 3181 3716 ;
3220 3635 3404 3693 ’Ἴδετε
3447 3639 3539 3697 τας
3586 3648 3789 3715 χεῖρας

2137 3730 2222 3783 καὶ
2279 3729 2399 3788 τοὺς
2461 3727 2624 3791 πόδας
2682 3750 2806 3803 μου,
2866 3727 2945 3783 ὅτι
3002 3729 3157 3791 αὐτὸς
3188 3726 3294 3804 ἐγὼ
3322 3728 3450 3801 εἶμι,
3506 3725 3784 3805 Ψηλαφή-

2136 3817 2261 3873 σατέ
2328 3839 2393 3892 με
2451 3820 2540 3873 καὶ
2609 3816 2775 3889 ἴδέτε,
2806 3819 2886 3872 ὃτι
2932 3824 3138 3891 πνεῦμα
3170 3818 3338 3895 σάρκα
3366 3817 3453 3872 καὶ
3480 3816 3636 3872 ὀστέα
3689 3815 3789 3871 οὐκ

2134 3905 2276 3984 ἔχει,
2337 3908 2509 3969 καθὼς
2578 3906 2673 3981 ἐμὲ
2702 3910 2949 3985 θεωρεῖτε
2983 3904 3200 3984 ἔχοντα.
3252 3907 3349 3962 Καὶ
3391 3904 3782 3985 τοῦτο-εἰπὼν,

2136 3993 2324 4059 ἔδειξεν
2383 3996 2561 4059 αὺτοῖς
2620 3997 2711 4057 τὰς
2783 4008 2973 4074 χετρας
3044 3995 3280 4057 καὶτοὺς
3311 3990 3499 4057 πόδας.
3529 3982 3666 4050 ’Ἔτι
3730 3990 3788 4047 δὲ

2136 4084 2496 4141 ἀπιστούντων
2554 4085 2725 4140 αὐτῶν
2784 4085 2889 4141 ἀπὸ
2946 4089 3044 4152 τῆς
3113 4090 3285 4164 χαρᾶς
3343 4085 3429 4139 καὶ
3477 4083 3782 4156 θαυμαζόν-

2134 4194 2264 4244 τ-υν,
2329 4175 2483 4230 εἶπεν
2540 4178 2741 4239 αὖτο⁷ς⁶
2818 4172 3035 4254 ’Ἔχετέ
3062 4196 3110 4229 τι
3140 4173 3408 4251 βρώσιμον
3441 4170 3614 4229 ἐνθάδε
3652 4186 3669 4244 ;
3722 4173 3781 4229 Ol

2136 4261 2190 4319 δὲ
2247 4261 2515 4320 ἐπέδωκαν
2595 4266 2736 4338 αὒτῴ
2778 4265 2960 4344 ἰχθύος
3001 4265 3165 4321 ὀπτοῦ
3198 4264 3379 4341 μέρος,
3413 4264 3501 4318 καὶ
3542 4262 3646 4317 ἀπὸ
3680 4282 3791 4334 μευ

2136 4352 2338 4411 λισσίου
2396 4353 2601 4430 κηρῖου⁶
2662 4356 2747 4409 καὶ
2805 4352 2981 4409 λαϐὼν
3040 4352 3264 4408 ἐνώπιον
3340 4355 3509 4409 αὐτῶν
3565 4349 3783 4428 ἔφαγεν.

2140 4443 2273 4497 Εἷπε
2345 4438 2397 4495 δὲ
2458 4442 2663 4503 αὖτοῒς⁸
2740 4444 2891 4499 Οὗτοι
2964 4444 3010 4497 οἱ
3069 4440 3337 4519 λὸγοιοῧς
3369 4437 3604 4505 ἐλάλησα
3651 4440 3789 4516 πρὸς

408 4526 562 4607 quod
598 4546 840 4590 necesse
867 4530 1014 4591 foret
1046 4530 1279 4610 impleri
1309 4533 1653 4609 omniaquae
1678 4532 1900 4612 scripta
1918 4540 2053 4592 sunt

2137 4531 2272 4603 ὑμᾶς
2334 4529 2407 4584 ἔτι
2466 4530 2539 4585 ὤν
2570 4532 2660 4585 σὺν
2690 4532 2837 4609 ὑμῖν³
2874 4532 2954 4586 ὃτι
2998 4528 3081 4586 δεῖ
3126 4529 3474 4606 πληρωθῆναι
3517 4528 3694 4583 πάντα
3724 4528 3791 4583 τὰ

408 4618 466 4677 in
502 4617 630 4695 lege
663 4619 900 4691 Mosi,et
934 4622 1259 4699 prophetis,
1297 4632 1354 4681 et
1381 4621 1628 4684 Psalmis
1660 4622 1735 4682 de
1769 4621 2055 4682 τηε.»Βο-

410 4706 604 4766 minus
635 4719 878 4785 propter
895 4709 1144 4770 salutem
1174 4720 1430 4771 nostram
1460 4710 1657 4771 omnia
1690 4710 2058 4784 laciens,stat

408 4796 467 4856 in
502 4795 695 4856 medio
723 4795 1389 4877 discipulorum,volens
1419 4799 1536 4861 illis
1554 4798 2054 4862 resurrectionem

408 4884 851 4947 crcdibiliorem
885 4887 1034 4968 fieri,
1069 4898 1126 4949 et
1160 4888 1413 4969 primum
1444 4890 1614 4951 solita
1647 4889 1805 4970 pacis
1828 4888 2053 4969 impre-

410 4975 641 5036 catione
669 4976 1176 5055 perturbationem
1211 4979 1449 5041 illorum
1487 4984 1674 5040 selot.
1726 4977 1793 5038 Et
1842 4977 2055 5038 iterum

410 5064 667 5124 ostendit
697 5063 849 5142 quod
886 5065 1013 5144 ipse
1043 5067 1119 5127 sit
1148 5066 1247 5128 ille
1299 5067 1559 5148 ipsorum
1617 5066 1919 5146 magister,
1952 5065 2055 5145 qui

411 5152 488 5212 ita
517 5152 1017 5231 alloquigaudeat,
1047 5165 1102 5215 et
1132 5175 1235 5217 eos
1273 5156 1345 5217 ad
1400 5156 1879 5235 prmdicaiionem
1914 5154 2054 5214 mit-

412 5250 540 5303 tens
571 5242 811 5302 animet.
848 5242 1068 5305 Verum
1100 5246 1238 5326 quia
1284 5247 1619 5308 animarum
1688 5244 2054 5327 perturbatio

411 5331 604 5391 verbis
636 5351 753 5391 non
783 5332 1125 5400 sedabatur.
1163 5345 1447 5397 monstrat
1490 5338 1579 5398 eis
1610 5337 1781 5396 etiam
1816 5334 2056 5394 aliunde

410 5419 621 5481 Filium
657 5419 760 5480 Dei
789 5439 855 5482 se
886 5441 1039 5493 esse,
1075 5424 1255 5485 corda
1309 5434 1753 5499 agnoscentem;
1797 5450 1820 5477 α
1860 5422 2056 5495 Quare

411 5510 593 5590 enim,
629 5532 650 5564 η
696 5509 905 5591 inquit,
946 5538 972 5567 α
1008 5513 1395 5592 cogitationes
1434 5516 1761 5578 ascendunt
1786 5513 1843 5573 in
1878 5509 2059 5572 corda

412 5608 603 5663 vestra
636 5599 666 5658 ?
700 5623 726 5653 ι
781 5598 1012 5663 Etenim
1047 5602 1108 5664 in
1129 5602 1403 5667 confesso
1429 5614 1540 5679 est,
1575 5604 1759 5667 solius
1780 5601 1885 5663 Dei
1924 5617 2057 5662 esse

409 5706 773 5769 cognoscere
799 5691 979 5752 corda
1008 5690 1471 5769 Subjicitautem
1489 5702 1545 5758 et
1559 5693 1720 5756 aliud
1743 5706 2057 5773 argumen-

2137 4617 2480 4696 γεγραμμένα
2542 4618 2595 4674 ὲν
2665 4627 2741 4693 τῷ
2800 4620 2947 4693 νόμῳ
3005 4618 3260 4697 Μωσέως,
3309 4620 3396 4674 καὶ
3459 4618 3783 4695 προφήταις,

2137 4710 2223 4763 καὶ
2294 4706 2545 4778 Ψαλμοῖς
2595 4709 2713 4786 περὶ
2770 4706 2922 4781 ἐμοῦ.
2975 4732 3000 4761 ιο
3036 4698 3091 4764 Ὀ
3124 4708 3295 4763 πάντα
3344 4707 3476 4784 πρὸς
3520 4706 3790 4783 σωτηρίαν

2140 4799 2291 4870 ἡμῶν
2348 4798 2642 4871 οἶκονομιῦν
2704 4798 2914 4875 Κύριος⁷
2968 4796 3183 4875 ’ἵσταται
3217 4796 3272 4852 ἐν
3316 4796 3465 4870 μέσῳ
3520 4800 3627 4849 τῶν
3680 4817 3789 4870 μα-

2137 4889 2334 4965 θητῶν²
2396 4885 2752 4941 πιστώσασθαι
2798 4885 2895 4951 τὴν
2942 4866 3224 4943 ἀνάσῖτασιν
3253 4883 3441 4943 θέλων.
3492 4884 3589 4941 Καὶ
3632 4889 3787 4959 πρῶ-

2137 4996 2228 5029 τον
2282 4974 2379 5050 μὲν
2434 4972 2517 5029 διὰ
2572 4984 2664 5032 τοῦ
2712 4975 2962 5043 συνήθους
3018 4973 3456 5054 προσ-φθέγματος
3503 4977 3599 5038 τῆς
3629 4973 3786 5048 εἰρή-

2138 5086 2236 5130 νης
2307 5061 2649 5120 καταστέλλει
2709 5066 2799 5119 τὸν
2866 5062 3079 5143 θόρυϐον
3162 5063 3356 5131 αὖτῶν,
3416 5061 3527 5137 ἅμα
3584 5058 3641 5116 δὲ
3701 5064 3790 5117 καὶ

2144 5150 2189 5183 ’δ’
2204 5154 2224 5182 Ι.
2462 5154 2474 5171 1
2594 5152 2606 5171 9
2656 5155 2668 5170 \
2744 5152 2782 5185 λ.
2908 5152 2919 5171 Ι
3249 5150 3272 5169 λ
3300 5150 3322 5169 Ᾰ
3340 5151 3352 5169 Ι
3534 5173 3555 5185 ρ
3692 5158 3713 5167 ς

2139 5168 2416 5231 δείκνυσιν,
2450 5174 2523 5215 ως
2555 5174 2711 5216 αυτος
2745 5166 2948 5215 εκεϊνος
2994 5153 3135 5209 ἐστιν
3192 5154 3220 5208 ὁ
3244 5148 3552 5214 οιοασκαλο,
3587 5148 3786 5230 αὑτων,

2139 5246 2166 5299 ὁ
2224 5244 2393 5315 τούτῳ
2448 5251 2523 5317 τῷ
2581 5245 2916 5322 προσρήματι
2976 5246 3202 5323 χαίρων,
3260 5243 3349 5297 καὶ
3406 5241 3575 5313 τούτῳ
3618 5244 3788 5298 καθο-

2139 5331 2329 5395 πλίσας
2386 5334 2471 5387 καὶ
2548 5332 2758 5406 αὒτούς,
2808 5335 3037 5400 ὁπηνίκα
3064 5334 3196 5410 πρὸς
3227 5334 3290 5387 τὸ
3321 5332 3566 5409 κήρυγμα
3598 5329 3788 5387 ἔστελ-

2140 5420 2169 5475 λ
2327 5421 2341 5443 ν
2368 5430 2382 5441 ς
2459 5423 2472 5443 ι
2552 5418 2598 5450 N1
2691 5423 2702 5438 ι
2819 5429 2840 5437 -
3244 5421 3256 5443 ι
3421 5423 3434 5436 ι
3556 5441 3583 5453 _
3698 5420 3709 5439 ν

2175 5443 2250 5483 εν,
2349 5431 2475 5478 Επει
2547 5441 2601 5476 οι
2632 5419 2716 5476 δια
2750 5444 2845 5479 κου
2887 5422 3124 5498 ῥήματος
3168 5442 3355 5478 τουτου
3386 5442 3445 5478 ου
3483 5418 3791 5487 καυεσταλη

2140 5506 2174 5567 δ’
2224 5515 2321 5577 τῆς
2381 5511 2566 5590 ψυχῆς
2624 5513 2794 5567 αὐτῶν
2852 5510 3090 5591 θόρυϐος,
3148 5510 3404 5568 δείκνυσιν
3436 5510 3617 5571 αὐτοῖς
3669 5509 3793 5566 ἑτέ-

2140 5603 2302 5677 ρωθεν
2361 5598 2438 5655 ὅτι
2509 5603 2537 5655 ὁ
2607 5602 2720 5663 Υἱὸς
2754 5604 2846 5657 τοῦ
2889 5610 3020 5659 Θεοῦ
3052 5602 3219 5677 ἐστιν,
3250 5602 3278 5656 ὁ
3309 5598 3402 5662 τὰς
3432 5596 3645 5677 καρδίας
3693 5621 3791 5676 γι·-

2141 5690 2381 5751 νώσκων.
2447 5710 2472 5744 α
2534 5689 2683 5745 Διατί
2713 5690 2838 5772 γὰρ,
2871 5694 3020 5772 φησὶ,
3055 5689 3391 5770 διαλογισμοὶ
3420 5684 3790 5743 ἀναϐαίνουσιν
