4116 6212
309 333 448 398 HQl

993 328 1436 397 ENARRATIO
1464 323 1548 395 ΙΝ
1592 318 2102 395 EVANGELIUM
2154 331 2388 394 LUCE.
2440 367 2513 374 ——
2559 326 2723 394 CAP.
2773 324 2993 396 XXIV.

3545 327 3694 394 11??

300 470 356 526 ἰν
427 472 554 534 ταῖς
618 467 850 548 καρδιαις
910 468 1056 543 ὑμῶν
1107 486 1185 542 ς»
1236 467 1447 528 πάντως
1479 464 1531 521 δὲ
1587 469 1647 522 τὸ
1679 486 1957 544 γινωσκειν

2051 468 2160 521 tum
2174 463 2598 544 ,palpationem
2618 483 2895 525 manuum
2913 474 2971 526 et
2989 465 3204 545 pedum
3220 464 3496 545 ejus.Vos
3510 466 3692 538 enim,

310 559 528 638 καρδίας
634 562 765 615 Θεοῦ
852 556 1292 634 ὁμολογουμένως
1353 555 1484 616 ἐστί.
1548 555 1816 636 Ἐπιφέρει
1875 555 1963 610 καὶ

311 650 511 729 ἕτερον,
566 648 662 716 τὴν
722 647 1038 726 ψηλάφησιδ
1096 653 1199 702 τῶν
1260 648 1462 725 χειρῶν
1505 647 1718 702 καὶτῶν
1761 643 1959 705 ποδῶν,

308 727 496 815 ⁸Υμεϊς
554 739 654 811 μὲν
709 739 832 816 γὰρ,
891 737 1045 816 φησὶ,
1121 737 1188 810 μὲ
1259 745 1464 810 πνεῦμα
1534 732 1741 791 δοκεῖτε
1799 738 1961 812 εἶναι,

303 828 427 896 ἢτοι
483 828 788 906 φάντασμα,
852 839 944 882 οἶα
1005 823 1180 880 πολλὰ
1235 831 1343 881 τῶν
1390 825 1693 880 τεθνεώτων
1737 822 1968 898 μάλιστα

306 918 424 996 περὶ
479 917 545 972 τὰ
609 917 865 990 μνὴματα
921 915 1203 993 φαντάζειν
1258 911 1468 970 εἴωθεν
1513 911 1633 968 ἀλλ’
1685 913 1827 988 ἴστε,
1884 913 1963 968 ὃτι

305 1007 368 1062 τὸ
425 1005 522 1080 μὲν
565 1026 774 1080 πνευμα
841 1003 956 1059 οὔτε
987 1003 1179 1081 σάρκα,
1216 1000 1332 1058 οὔτε
1383 1001 1542 1058 ὀστέα
1585 1001 1726 1081 ἔχει·
1774 1001 1881 1079 ἐγὼ
1910 999 1963 1056 δὲ

307 1096 393 1152 καὶ
446 1095 613 1173 σάρκα
671 1095 763 1150 καὶ
819 1092 978 1148 ὀστέα
1037 1091 1178 1171 ἔχω,
1212 1094 1254 1147 εἰ
1298 1092 1386 1147 καὶ
1417 1093 1656 1169 θειότερα
1687 1093 1772 1147 καὶ
1799 1111 1963 1147 πνευ-

311 1185 535 1257 ματικά.
596 1185 667 1240 Τὸ
727 1183 827 1262 γὰρ
899 1191 992 1240 τοῦ
1063 1183 1248 1260 Κυρίου
1305 1186 1463 1256 σῶμα
1499 1189 1705 1256 πνεῦμα
1738 1181 1835 1255 μὲν
1873 1179 1966 1235 οὒκ

308 1272 376 1337 ἦν
439 1274 798 1347 πνευματικὸν
890 1269 968 1350 δὲ,
1070 1271 1335 1348 τουτέστι,
1411 1270 1588 1335 πάσης
1651 1270 1965 1350 παχύτητος

309 1359 489 1436 ἐκτὸς,
547 1363 810 1437 πνεύματι
868 1359 1260 1434 διοικούμενον.
1323 1359 1392 1416 Τὸ
1477 1359 1703 1436 μὲθγὰρ
1733 1348 1964 1434 σῶμα,δ

308 1457 394 1505 νῦν
454 1447 680 1529 ἔχομεν,
744 1449 978 1530 ψυχικόν
1037 1448 1171 1521 ἐστι,
1205 1448 1497 1523 τουτέστιν,
1546 1453 1699 1527 ψυχῇ
1730 1447 1962 1506 διοικού-

307 1561 488 1615 μενον,
552 1542 641 1597 xui
709 1536 1134 1616 ζωογονούμενον
1191 1551 1322 1604 ταῖς
1390 1551 1641 1618 φυσικαῖς
1672 1539 1759 1594 καὶ
1789 1543 1960 1618 ψυχι-

305 1641 430 1692 καῖς
489 1630 738 1696 ποιότησι
783 1630 871 1685 καὶ
903 1627 1174 1702 δυνάμεσι,
1222 1630 1292 1685 Τὸ
1323 1626 1374 1683 δὲ
1411 1629 1548 1702 μετα
1577 1629 1676 1694 τὴν
1727 1628 1960 1685 ἀνάστα-

2044 549 2538 632 inquit.spiritum
2565 553 2782 633 putatis
2813 574 2906 616 me
2933 555 3332 628 esse,406vel
3352 555 3678 636 plantasma

2047 641 2240 721 qualia
2273 643 2455 703 multa
2484 643 2644 704 circa
2673 651 3042 705 mortuorum
3095 646 3370 725 sepulcra
3412 662 3697 725 apparere

2048 731 2262 792 solent:
2291 733 2392 792 sed
2427 732 2590 794 scitis
2621 733 2778 811 quod
2805 733 3050 811 spiritus
3070 734 3315 814 quidem
3349 751 3540 814 neque
3562 752 3695 794 car-

2051 839 2184 880 nem
2222 839 2414 900 neque
2446 838 2580 881 ossa
2615 820 2834 881 habet:
2872 841 2978 899 ego
3002 831 3197 882 autem
3222 842 3462 885 carnem
3487 829 3549 886 et
3567 841 3699 885 ossa

2052 910 2509 989 habeo,tametsi
2534 909 2826 971 diviniora
2839 919 2902 971 et
2919 910 3517 990 spiritualia.Domini
3540 911 3697 972 enim

2048 1017 2265 1079 corpus
2297 999 2541 1079 spiritus
2572 998 2812 1078 quidem
2863 1018 2980 1059 non
3035 1009 3181 1062 erat.
3219 1002 3320 1062 sed
3371 1001 3695 1081 spirituale,

2047 1088 2160 1148 hoc
2191 1095 2302 1157 est,
2337 1085 2558 1166 absque
2581 1085 2745 1146 omni
2770 1087 3228 1162 crassitudine,a
3249 1089 3456 1167 spiritu
3479 1090 3700 1166 guber'

2048 1177 2512 1240 natum.Etenim
2547 1195 2763 1257 corpus
2786 1178 2940 1258 quod
2963 1197 3121 1240 nunc
3147 1178 3702 1241 habemusanimale

2048 1276 2158 1338 est,
2195 1267 2306 1328 hoc
2337 1275 2452 1346 est,
2486 1266 2557 1327 ab
2591 1267 2789 1328 anima
2823 1266 3075 1346 regitur,
3100 1277 3159 1330 et
3187 1286 3221 1328 a
3251 1267 3621 1329 naturalibus
3644 1277 3701 1328 et

2047 1355 2402 1418 animalibus
2424 1355 2802 1436 qualitatibus
2815 1375 2882 1417 ac
2903 1356 3130 1417 viribus
3151 1357 3503 1419 viviﬁcatur.
3530 1356 3695 1428 Quod

2046 1455 2240 1507 autem
2275 1455 2403 1526 post
2436 1445 2936 1506 resurrectionem
2981 1446 3354 1521 habebimus,
3391 1447 3697 1527 spirituale

2047 1535 2376 1596 nominavit
2396 1534 2612 1596 Paulus
2632 1535 2715 1610 56,
2743 1536 2858 1596 hoc
2881 1544 2988 1616 est,
3015 1536 3169 1614 quod
3204 1555 3239 1598 a
3260 1535 3455 1596 divino
3477 1534 3698 1616 Spiritu

2044 1625 2363 1686 viviﬁcetur
2381 1631 2439 1683 et
2458 1623 2914 1702 gubernetur,et
2936 1643 3052 1685 non
3078 1627 3154 1686 ab
3175 1624 3370 1686 anima
3401 1625 3697 1705 modoque

308 1740 389 1773 σιν
458 1721 816 1792 πνευματικὸν
874 1717 1152 1792 ὠνόμασεν
1232 1719 1260 1772 ὁ
1317 1719 1547 1795 Παῦλος,
1607 1717 1769 1794 ἣγουν
1799 1718 1960 1773 πνεύ-

2051 1713 2339 1775 indicibili
2361 1722 2419 1774 et
2451 1713 2826 1792 spiritualiad
2857 1713 3362 1792 incorruptionem
3387 1713 3694 1774 alteratum

308 1828 435 1880 ματι
495 1809 922 1885 ζωογονούμενον
980 1807 1102 1880 θείῳ
1169 1807 1258 1863 καὶ
1315 1805 1697 1880 διοικούμενον,
1756 1807 1843 1862 καὶ
1903 1811 1961 1864 οὐ

2051 1805 2122 1862 sit
2153 1812 2209 1863 et
2239 1801 2298 1862 in
2333 1821 2402 1863 ea
2424 1811 2857 1863 conservatum.
2893 1800 3034 1862 Tale
3057 1802 3235 1880 igitur
3255 1811 3487 1881 oportet
3514 1803 3693 1863 intel-

305 1900 483 1974 ψυχῇ,
586 1899 766 1976 τρόπῳ
864 1895 1152 1974 ἀπορρήτῳ
1263 1896 1350 1950 καὶ
1435 1902 1776 1970 πνευματικῷ
1829 1897 1959 1972 πρὸς

2051 1891 2228 1968 ligere
2259 1890 2492 1953 Domini
2527 1909 2743 1970 corpus
2775 1898 2904 1969 post
2950 1890 3474 1964 resurrectionem,
3510 1891 3688 1971 spiri-

303 1983 589 2063 ἀφθαρσίαν
641 1983 1146 2064 μεταστοιχειωθέν,
1225 1985 1314 2040 καὶ
1385 1983 1438 2039 ἐν
1538 1984 1702 2060 ταύτῃ
1774 2005 1959 2051 συντη-

2051 1980 2223 2054 tuale,
2250 1987 2308 2040 et
2337 1979 2577 2052 subtile,
2603 1989 2658 2040 et
2687 1978 2949 2040 alienum
2975 1979 3048 2040 ab
3080 1982 3242 2040 omni
3273 1979 3688 2054 crassitudine,

301 2074 574 2152 ρούμενον.
637 2082 882 2132 Τοιοῦτον
911 2074 1000 2130 οὖν
1031 2075 1141 2153 χρὴ
1176 2085 1319 2129 νοεῖν
1363 2074 1425 2127 τὸ
1454 2079 1545 2128 τοῦ
1577 2073 1762 2149 Κυρίου
1803 2078 1958 2148 σῶμα

2051 2088 2236 2149 neque
2289 2068 2404 2129 cibi
2463 2087 2656 2147 neque
2705 2068 2949 2129 alterius
2995 2069 3345 2148 cujusquam
3391 2069 3688 2149 indigens,

304 2164 439 2237 μετὰ
487 2163 586 2229 τὴν
643 2164 952 2235 ἀνάστασιν,
1013 2163 1398 2241 πνευματικὸν,
1465 2163 1552 2216 καὶ
1596 2159 1812 2242 λεπτὸν,
1872 2167 1961 2218 καὶ

2051 2157 2308 2238 quamvis
2355 2157 2426 2218 ad
2476 2157 2988 2218 conﬁrmationem
3045 2157 3280 2218 illorum
3335 2160 3685 2219 comederit.

302 2253 480 2318 πάσης
536 2253 852 2332 παχύτητος
887 2252 1072 2321 ἐκτὸς,
1105 2253 1193 2308 καὶ
1224 2249 1338 2307 οὔτε
1381 2256 1614 2330 τροφῶς,
1649 2251 1764 2306 οὔτε
1797 2250 1959 2307 ἄλλου

2051 2246 2209 2318 Quod
2239 2245 2396 2306 enim
2421 2245 2832 2313 comedit.non
2855 2245 3182 2307 secundum
3206 2254 3471 2306 naturam
3496 2265 3690 2308 come-

303 2343 445 2404 τινὸς
499 2340 768 2417 δεόμενον,
857 2344 900 2396 εἰ
983 2343 1072 2398 καὶ
1129 2343 1260 2418 πρὸς
1317 2341 1572 2396 πίστωσιν
1628 2339 1844 2419 ἔφαγεν,
1882 2332 1957 2398 UO

2051 2337 2148 2409 dit,
2179 2335 2282 2396 sed
2316 2335 2642 2396 secundum
2677 2335 3201 2414 dispensationem,
3237 2337 3308 2396 ad
3359 2335 3698 2397 docendum

301 2431 402 2509 γὰρ
461 2429 679 2511 ἔφαγεν,
751 2431 810 2485 οὒ
857 2431 994 2488 κατὰ
1049 2431 1202 2510 φύσιν
1261 2429 1482 2509 ἔφαγεν,
1517 2428 1650 2484 ἀλλὰ
1720 2430 1840 2486 κατ’
1885 2433 1960 2487 0i-

2051 2425 2198 2505 quod
2226 2424 2368 2485 illud
2397 2424 2590 2503 ipsum
2621 2442 2839 2503 corpus
2855 2424 3007 2503 quod
3035 2442 3269 2503 passum
3296 2434 3696 2499 est,surrexe-

2043 2515 2142 2577 rit.
2169 2514 2449 2575 Naturale
2477 2521 2672 2574 autem
2701 2513 2837 2574 huic
2861 2514 3093 2593 corpori
3120 2523 3243 2574 erat
3263 2513 3478 2576 clausis
3493 2515 3699 2593 januis

2047 2603 2302 2683 ingredi,
2337 2602 2638 2683 etabsque
2665 2602 2868 2664 labore
2891 2604 3077 2664 eloco
3104 2606 3160 2665 in
3188 2603 3381 2664 locum
3417 2607 3692 2666 transire.

306 2522 582 2596 κονομίαν,
641 2520 733 2576 ’ίνα
792 2519 932 2597 δείξῃ
990 2518 1070 2575 ὅτι
1109 2521 1236 2576 αὐτὸ
1263 2521 1323 2576 τὸ
1368 2521 1531 2574 παθὸν
1564 2526 1716 2594 σῶμα
1739 2520 1957 2587 ἀνέστη,

310 2610 456 2666 Κατᾶ
503 2610 654 2689 φύσιν
710 2609 890 2686 μέντοι
960 2617 1118 2666 τοῦτο
1176 2615 1254 2683 τῷ
1315 2607 1522 2669 σώματι
1552 2609 1640 2681 ἧν,
1675 2610 1734 2664 τὸ
1761 2609 1962 2666 κεκλει·

309 2698 518 2772 σμένων
571 2701 679 2754 τῶν
707 2703 874 2778 θυρῶν
906 2698 1156 2775 εἰσιέναι,
1192 2700 1254 2754 τὸ
1286 2698 1506 2759 ἆκόπως
1550 2699 1655 2754 ἀπὸ
1679 2700 1844 2756 τόπου
1895 2703 1961 2764 εἰςΙ

2051 2693 2250 2773 Itaque
2283 2712 2414 2754 cum
2449 2693 2728 2772 discipuli
2760 2691 2956 2752 adhuc
2989 2712 3104 2752 non
3132 2693 3470 2765 crederent,
3502 2713 3698 2772 neque

307 2785 471 2843 τόπον
516 2785 873 2862 μεταϐαίνειν.
954 2787 1354 2843 Ἀπιστούντων
1414 2789 1500 2842 οὖν
1560 2793 1666 2842 τῶν
1714 2791 1961 2861 μαθητῶν

2051 2801 2157 2863 per
2189 2782 2585 2862 palpationem
2639 2781 3160 2860 persuaderentur,
3216 2781 3378 2841 addit
3425 2792 3481 2842 et
3535 2783 3694 2844 aliud

301 2873 403 2952 ἔτι,
477 2879 564 2932 καὶ
623 2875 757 2952 μηδὲ
788 2877 894 2932 ἀπὸ
926 2879 1022 2944 τῆς
1073 2872 1449 2954 ψηλαφὴσεως
1521 2875 1961 2958 ἀναπεισθέντων,

2051 2872 2360 2950 indicium,
2394 2869 2942 2938 comedens,divina
2958 2868 3208 2949 quadam
3235 2868 3444 2931 virtute
3474 2890 3694 2933 consu-

302 2967 388 3021 καὶ
445 2965 622 3044 ἕτερον
681 2969 1020 3045 προστίθησι,
1084 2967 1148 3021 τὸ
1222 2986 1319 3031 της
1373 2966 1645 3044 βρωσεως,
1705 2967 1815 3038 θείᾳ
1865 2955 1961 3032 τινξ

2051 2960 2266 3020 mendo
2299 2960 2452 3040 quod
2478 2957 2710 3020 edebat.
2749 2955 2958 3018 Omnis
2980 2957 3136 3017 enim
3163 2957 3332 3018 cibus
3360 2968 3565 3020 natura
3589 2979 3699 3041 per

304 3053 516 3130 δυνάμει
633 3053 1174 3130 καταναλισκομένων
1280 3060 1387 3110 τῶν
1497 3051 1962 3132 βιϐρωσκομένων.

307 3149 416 3200 Πᾶν
466 3146 565 3223 γὰρ
619 3146 682 3200 τὸ
753 3152 986 3224 φυσικῶς
1046 3140 1480 3222 βιϐρωσκόμενον
1511 3140 1594 3199 διὰ
1635 3150 1724 3200 τοῦ
1754 3145 1962 3220 στόμα-

309 3255 397 3296 τος
458 3235 532 3296 εἰς
590 3231 862 3312 ἀφεδρῶνα
921 3245 1119 3312 χωρεῖ’
1177 3233 1244 3287 τὰ
1328 3230 1382 3287 δὲ
1440 3233 1498 3288 ού
1550 3239 1805 3311 φυσικῶς,
1889 3237 1964 3298 ὡς

312 3322 563 3398 εἴπομεν,
622 3320 744 3378 ἀλλ’
801 3325 1152 3398 οἰκονομικῶς
1221 3319 1592 3400 ἐϐιόρώσκετο,
1657 3321 1868 3401 ’Ἕχειν
1909 3323 1963 3380 δὲ

305 3433 356 3467 τι
417 3415 506 3468 καὶ
561 3411 794 3490 αἴνιγμα
864 3410 1006 3469 ἔοικε
1052 3413 1117 3467 τὰ
1166 3412 1286 3467 τότε
1331 3410 1618 3490 βρωθένταο
1651 3413 1834 3491 ἰχθύος
1865 3416 1965 3492 γὰρ

305 3503 466 3560 ὀπτοῦ
520 3501 680 3581 μέρος
766 3503 972 3582 φαγὼν,
1036 3503 1316 3559 αἰνίττεται
1376 3499 1456 3556 ὅτι
1502 3502 1599 3568 τὴν
1629 3504 1780 3581 φύσιν
1808 3505 1963 3578 ἡμῶν

303 3590 398 3656 τὴν
451 3589 504 3644 ὲν
563 3596 639 3663 τῷ
687 3589 912 3669 ἁλμυρῷ
969 3590 1139 3664 τούτῳ
1199 3590 1298 3666 βίῳ
1353 3590 1668 3670 νηχομένην
1734 3598 1810 3666 τῷ
1849 3595 1969 3670 πυρὶ

301 3683 400 3746 τῆς
455 3677 649 3742 οἰκείας
709 3679 962 3745 θεότητος
1033 3677 1279 3751 ἐκτήξας,
1340 3680 1429 3734 καὶ
1487 3686 1661 3734 πᾶσαν
1683 3678 1749 3746 ἥν
1809 3681 1967 3761 εἶχεν

303 3767 364 3822 ἐκ
431 3766 537 3823 τῶν
567 3767 774 3843 βαθέων
796 3769 900 3823 τῶν
945 3764 1171 3847 ὅδᾶτων,
1207 3765 1412 3843 μᾶλλον
1455 3765 1508 3822 δὲ
1553 3772 1658 3823 τῶν
1692 3769 1962 3858 κυμάτων,

302 3855 568 3934 ὑγρότητα
625 3856 936 3932 ἒξικμάσας,
997 3858 1139 3912 θείαν
1197 3858 1392 3935 βρῶσιν
1451 3858 1713 3924 πεποίηκε
1744 3855 1962 3931 ταύτην,

302 3946 402 4012 την
465 3945 651 4024 πρώην
710 3944 1002 4022 βδελυκτὴν
1098 3943 1286 4013 ἢδεϊαν
1365 3947 1559 4024 βρῶσιν
1607 3945 1964 4025 ἐργασάμενος

302 4041 380 4108 τῷ
438 4041 579 4108 Θεῷ.
613 4041 781 4092 Τοῦτο
839 4035 963 4112 γὰρ,
1016 4036 1199 4114 φησὶν,
1259 4035 1540 4090 αἰνίττεται
1573 4037 1634 4090 τὸ
1694 4034 1963 4110 μελίσσιον

2049 3068 2114 3109 os
2143 3058 2435 3128 sumptus,
2461 3047 2534 3110 ad
2554 3065 2858 3108 secessum
2882 3046 3061 3108 vadit:
3083 3064 3283 3108 verum
3309 3047 3434 3109 haec
3457 3067 3573 3110 non
3599 3069 3700 3111 na.

2049 3137 2546 3211 turaliter,sed,ut
2564 3133 3182 3215 diximus,secundum
3197 3133 3696 3214 dispensationem

2049 3227 2329 3288 comedit.
2385 3227 2576 3287 Habet
2627 3235 2822 3284 autem
2867 3223 3116 3302 aenigma
3157 3223 3480 3306 quoddam,
3537 3227 3696 3306 quod

2049 3325 2273 3397 partem
2309 3316 2489 3394 piscis
2511 3314 2837 3376 comederit
2866 3335 2878 3371 :
2910 3312 3374 3392 signiﬁcatenim
3405 3314 3560 3394 quod
3585 3333 3697 3376 na-

2047 3416 2237 3467 turam
2273 3413 2556 3479 nostrain,
2577 3422 2707 3483 qua:
2725 3403 2785 3463 in
2809 3401 3178 3481 salsnginoso
3203 3403 3316 3465 hoc
3337 3403 3484 3465 mari
3509 3411 3695 3468 natat.

2048 3497 2167 3573 igni
2201 3515 2323 3557 suae
2341 3494 2573 3557 deitatis
2586 3493 2886 3564 assarit,et
2912 3493 3223 3554 exsiccarit
3243 3511 3480 3556 omnem
3495 3494 3700 3557 humo-

2052 3605 2176 3647 rem
2213 3604 2390 3665 quem
2419 3601 2492 3646 ex
2527 3581 2835 3665 profundis
2856 3581 3132 3644 ﬂuctibus
3157 3582 3507 3663 habebat,ut
3529 3586 3701 3647 ﬁeret

2050 3675 2282 3735 divinus
2313 3673 2567 3748 cibus,et
2603 3672 2703 3752 qui
2727 3673 2888 3752 prius
2919 3680 3051 3734 erat
3077 3671 3700 3747 abominabilis,ﬁeret

2050 3784 2208 3826 nunc
2235 3764 2427 3826 dulcis
2451 3763 2594 3824 Deo:
2619 3763 2732 3823 hoc
2756 3761 2914 3822 enim
2939 3760 3273 3838 signiﬁcare
3296 3761 3513 3822 dicitur
3527 3763 3700 3824 favus

2049 3854 2270 3926 mellis,
2304 3852 2685 3915 dulcedinem
2713 3850 2845 3912 dico
2881 3859 3104 3912 natura:
3146 3859 3362 3912 nostra;
3392 3851 3558 3930 prius
3585 3851 3694 3914 ab-

2039 3941 2350 4022 jectze.Vel
2382 3943 2468 4022 (ut
2495 3941 2727 4022 opinor)
2748 3939 3036 4017 signiﬁcat
3058 3957 3162 4019 per
3186 3941 3404 4019 piscem
3439 3953 3694 4002 assatum

2045 4032 2293 4094 activam
2327 4032 2528 4112 vitam,
2562 4049 2695 4110 quae
2725 4029 2874 4090 tollit
2900 4037 3157 4090 nostram
3191 4028 3601 4090 humiditatem
3637 4039 3695 4092 et

300 4123 507 4203 κηρίον,
567 4125 664 4190 την
723 4126 814 4179 νῦν
857 4123 1163 4201 γλυκύτητα
1195 4123 1337 4201 λέγω
1363 4129 1462 4189 τῆς
1494 4126 1614 4203 πρὶν
1661 4122 1961 4195 ἃποϐλήτου

2051 4121 2506 4184 crassitudinem
2542 4118 2760 4181 auxilio
2811 4119 3137 4178 carbonum
3180 4117 3611 4200 solitariorum,
3645 4129 3701 4181 et

303 4215 458 4287 ἡμῶν
517 4214 750 4292 φύσεως.
814 4203 904 4268 ’¹Η
970 4213 1057 4270 καὶ
1116 4220 1292 4287 τοῦτο,
1327 4213 1512 4288 οἶμαι,
1549 4215 1854 4289 αἰνίττεται,
1887 4213 1971 4274 διὰ

305 4302 403 4376 μὲν
460 4308 555 4357 τοῦ
615 4303 781 4358 ὀπτου
841 4303 1023 4381 ἰχθύος
1083 4303 1182 4368 τὴν
1275 4303 1594 4380 πρακτικὴν,
1653 4305 1972 4382 ὑφαιροῦσαν

304 4392 459 4465 ἡμῶν
533 4391 635 4458 τὴν
707 4389 916 4457 πολλὴν
972 4391 1241 4470 ὑγρότητα
1284 4393 1372 4447 καὶ
1400 4392 1692 4470 παχύτητα
1760 4391 1843 4451 διὰ
1872 4399 1970 4460 τῆς

302 4485 411 4536 τῶν
466 4479 739 4557 ἐρημικῶν
801 4481 889 4536 καὶ
941 4482 1321 4558 ἡσυχαστικῶν
1365 4480 1636 4554 ἀνθράκων
1695 4483 1964 4557 βοηθείας⁶

306 4569 406 4636 τὴν
477 4566 532 4624 δὲ
585 4575 805 4648 γνῶσιν,
840 4569 960 4636 ἢτοι
1008 4571 1254 4649 θεωρίαν,
1290 4567 1373 4625 διὰ
1429 4577 1521 4626 τοῦ
1551 4570 1827 4645 μελισσίου
1858 4593 1968 4639 κη-

301 4659 432 4736 ρίου,
494 4658 648 4736 εἴπερ
721 4657 919 4737 γλυκέα
973 4659 1040 4715 τὰ
1091 4665 1184 4714 τοῦ
1253 4665 1384 4714 Θεοὺ
1440 4657 1620 4736 λόγια.
1683 4658 1857 4717 ’Ἔστι
1915 4659 1969 4717 δὲ

303 4749 514 4823 κηρίον,
575 4746 712 4803 ἀλλὰ
767 4745 1107 4827 κηφηνῶδες,
1161 4749 1222 4804 τὸ
1269 4747 1366 4814 τῆς
1402 4739 1726 4815 Ἑλληνικῆς
1759 4751 1965 4830 σοφίας.

301 4836 412 4896 ἔστι
464 4836 516 4894 δὲ
573 4837 759 4916 κηρίον
819 4837 1116 4917 μελίσσιον,
1150 4838 1340 4904 τὸτῆς
1369 4838 1512 4901 θείας
1572 4839 1781 4918 σοφίας⁰
1819 4840 1972 4920 ε’ίπερ

303 4929 526 5006 Χριστὸς
589 4926 626 4993 ἡ
677 4926 926 5006 μέλισσα,
989 4927 1150 5005 μικρὰ
1198 4927 1296 5001 μὲν
1363 4932 1440 5000 τῷ
1497 4926 1708 5004 μεγέθει
1750 4927 1962 5006 (συντε-

302 5015 580 5092 τμημένος
611 5017 712 5094 γὰο
743 5019 770 5073 ὁ
801 5014 987 5096 λόγος,
1021 5017 1109 5072 καὶ
1291 5016 1446 5092 ῥώμῃ
1480 5016 1731 5086 ἀσθενής·
1767 5018 1862 5074 οὒκ
1908 5018 1962 5075 ἐν

2054 4211 2312 4292 quietem
2333 4205 2942 4289 amplexantium.Per
2959 4208 3148 4270 favum
3170 4215 3364 4267 autem
3389 4208 3700 4290 apiarium,

2055 4302 2358 4362 scientiam
2393 4298 2480 4359 vel
2515 4297 3106 4376 contemplationem.
3147 4294 3450 4376 Siquidem
3503 4297 3702 4362 dulcia

2055 4389 2292 4470 eloquia
2310 4389 2414 4450 Dei
2432 4388 2517 4448 37.
2554 4387 2654 4448 Est
2687 4394 2744 4447 et
2773 4386 2928 4446 alius
2960 4385 3119 4446 favus
3157 4385 3704 4469 agrestior,nempe

2055 4479 2362 4557 gentilium
2397 4477 2706 4558 sapientia.
2741 4473 3056 4554 Siquidem
3081 4474 3347 4537 Chsistus
3378 4494 3558 4556 parva
3576 4478 3704 4558 apis

2054 4578 2145 4631 est
2177 4567 2608 4646 magnitudine.
2641 4563 3061 4625 Abbreviatum
3097 4564 3255 4626 enim
3292 4576 3383 4626 est
3427 4567 3701 4642 verbum,

2057 4667 2114 4719 et
2141 4657 2444 4718 inﬁrmum
2476 4655 2718 4717 robore.
2744 4652 2871 4714 Non
2898 4653 3052 4714 enim
3076 4654 3132 4712 in
3166 4653 3380 4715 virtute
3409 4657 3704 4717 sermonis

2056 4747 2272 4810 Paulus
2304 4746 2608 4826 praedicat,
2644 4752 2706 4804 ut
2729 4762 2803 4805 ne
2836 4760 3076 4804 crucem
3110 4752 3352 4804 evacuet
3373 4745 3453 4806 ὕες
3475 4764 3705 4806 verum-

2056 4850 2254 4900 tamen
2287 4835 2524 4916 regibus
2557 4843 2613 4896 et
2645 4835 2843 4896 idiotis
2885 4841 2975 4894 est
3022 4833 3296 4894 amabilis
3323 4835 3705 4898 aﬁ'erentibus

2045 4928 2282 4990 labores
2314 4944 2452 4988 suos
2485 4926 2544 4986 in
2588 4924 2904 4988 sanitatem
2937 4922 3292 4986 animarum.

309 5109 528 5186 δυνάμει
561 5111 662 5190 γὰρ
695 5110 858 5189 λόγου
890 5109 1096 5174 Παῦλος
1154 5111 1420 5190 κηρύττει,
1469 5110 1563 5166 ἵνα
1593 5110 1670 5184 μὴ
1703 5111 1912 5188 κενώσῃ
1941 5112 2034 5167 τὸν
2089 5109 2361 5190 σταυρὸν),
2398 5108 2539 5176 πλὴν
2593 5107 2866 5184 βασιλεῦσι
2897 5109 2985 5163 καὶ
3035 5104 3268 5171 ἰδιώταις
3313 5107 3586 5189 ἐράσμιος,
3631 5111 3704 5174 εἰς

308 5201 512 5278 ὑγίειαν
543 5202 786 5281 ψυχικὴν
830 5200 1275 5280 προσφερομένοις
1297 5201 1418 5264 τοὺς
1449 5199 1641 5263 πόνους
1673 5202 1860 5268 αύτῆς,

391 5317 414 5351 α
452 5303 582 5354 Τότε
621 5294 881 5366 διήνοιξεν
940 5299 1112 5354 αὐτῶν
1160 5297 1250 5352 τὸν
1297 5302 1416 5351 νοῦν
1476 5302 1568 5352 τοῦ
1611 5295 1839 5353 συνιέναι
1864 5297 1959 5361 τὰς

2127 5298 2304 5359 Vens.
2331 5293 2550 5357 45-53.
2581 5318 2602 5348 ει
2639 5292 2806 5354 Tunc
2826 5291 3341 5371 aperuitmentem
3377 5292 3707 5368 illorum,ut

304 5387 536 5467 Γραφᾶς,
599 5387 686 5442 καὶ
748 5398 900 5442 εἶπεν
944 5384 1153 5461 αὐτοῖς,
1208 5385 1288 5443 ὅτι
1319 5385 1457 5442 οὕτω
1501 5385 1821 5464 γέγραπται,
1873 5389 1959 5443 καὶ

2051 5385 2446 5465 intelligerent
2475 5382 2846 5463 Scripturas:
2887 5387 2944 5442 et
2971 5379 3117 5441 dixit
3149 5381 3252 5441 eis.
3291 5382 3391 5443 Sic
3416 5383 3702 5464 scriptum

301 5473 469 5540 οὕτως
503 5474 606 5531 ἔδει
665 5479 856 5532 παθεῖν
914 5475 1006 5532 τὸν
1049 5475 1297 5555 Χριστόν,
1337 5475 1425 5530 καὶ
1467 5479 1538 5551 τῇ
1585 5474 1736 5552 τρίτῃ
1786 5476 1960 5556 ἡμέρᾳ

2051 5482 2224 5552 est,et
2254 5473 2340 5536 sic
2372 5470 2684 5553 oportebat
2713 5469 3012 5533 Christum
3044 5469 3184 5548 pati,
3228 5477 3286 5530 et
3312 5487 3705 5550 resurgere-a

391 5633 504 5696 561
533 5633 670 5697 Cor.
698 5651 794 5715 xv,
826 5636 924 5698 44.
1011 5635 1073 5686 ιτ
1109 5633 1265 5697 Psal.
1300 5650 1462 5713 xvm,
1495 5635 1596 5696 16.
1680 5635 1787 5694 581
1819 5631 1954 5696 Cor.
1981 5637 2150 5710 ι,1’1.
