4116 6212
230 334 421 430 μεθ

890 340 1336 406 ENARRATIO
1378 342 1462 407 IN
1507 341 2011 407 EVANGELIUM
2055 341 2398 406 JOANNIS.
2433 372 2507 387 —
2556 338 2976 405 PR/EFATIO.

3479 336 3633 403 H34

275 472 3591 504 W

354 603 1288 733 EPMHNEIA
1400 607 1679 731 ΕΙΣ
1802 608 1897 734 Τ

1983 609 2029 735 )
2138 606 2616 736 ΚΑΤΑ
2716 606 3533 735 ΙΩΑΝΝΗΝ

1538 858 2236 945 ΕΥΑΓΓΕΛΙΟΝ
2257 928 2274 944 .

1882 1084 1977 1103 _

583 1246 1394 1359 ENARRATIO
1483 1248 1628 1357 IN
1697 1247 2606 1362 EVANGELIUM
2708 1253 3307 1363 JOANNIS

886 1632 1273 1702 [ιροόιΜιοΝ.

338 1724 399 1789 Ἠ
485 1743 577 1791 τοῦ
650 1737 799 1814 ἁγίου
875 1736 1179 1811 Πνεύματος
1237 1731 1451 1808 δύναμις
1538 1732 1592 1789 ἰν
1663 1734 1901 1807 ἀσθενείᾳ

257 1822 575 1904 τελειοῦται,
679 1827 810 1882 καθά
883 1825 1200 1905 γέγραπται,
1277 1824 1364 1877 καὶ
1443 1824 1778 1898 πιστεύομεν·
1842 1826 1898 1879 ἓν

257 1914 493 1988 ἀσθενείᾳ
558 1915 610 1970 δὲ
669 1916 728 1970 οὗ
786 1918 1030 1991 σώματος
1083 1913 1267 1988 μόνον,
1299 1909 1435 1967 ἀλλά
1477 1910 1543 1978 δὴ
1596 1914 1682 1969 καὶ
1711 1911 1897 1990 λόγο),

254 2006 341 2060 καὶ
399 2005 580 2085 σοφίας
636 2004 690 2060 ἐν
742 2003 959 2083 γλώττῃ
988 2000 1262 2076 κειμένης.
1302 2000 1405 2058 Καὶ
1453 2010 1609 2060 τοῦτο
1651 1999 1808 2069 δῆλον
1840 2000 1899 2057 ἐκ

253 2092 465 2150 πολλῶν
536 2094 634 2169 μὲν
697 2095 787 2149 καὶ
843 2091 1042 2165 ἄλλων,
1076 2089 1306 2165 μάλιστά
1336 2086 1390 2144 δὲ
1419 2089 1479 2146 ἐκ
1507 2097 1599 2147 τοῦ
1648 2092 1765 2170 περὶ
1807 2092 1898 2146 τὸν

254 2184 419 2262 μέγαν
477 2182 738 2261 Θεολόγον
790 2184 875 2239 καὶ
931 2178 1155 2259 ἀδελφὸν
1222 2177 1315 2234 τοῦ
1372 2185 1600 2257 Χριστοῦ
1628 2182 1685 2235 ὶν
1715 2180 1896 2258 χάριτι

253 2271 545 2351 ὁρωμένου,
583 2273 746 2336 Οὗτος
832 2273 932 2350 γὰρ
970 2268 1161 2332 ἁλιέως
1195 2268 1290 2343 μὲν
1322 2270 1519 2347 πατρὸς
1550 2268 1638 2348 ἦν,
1672 2270 1768 2337 τὴν
1795 2268 1896 2324 αὒ-

254 2363 351 2429 τῆν
379 2360 434 2417 δὲ
478 2363 678 2441 τέχνην
722 2369 811 2441 τῷ,
851 2360 1006 2436 πατρὶ
1051 2357 1574 2437 μεταχειριζόμενος,
1632 2360 1692 2415 ού
1734 2358 1896 2434 μόνον

256 2451 463 2527 ἀμαθὴς
520 2440 585 2518 ἧν
642 2451 737 2519 τῆς
801 2440 1118 2515 Ἑλληνικῆς
1173 2448 1259 2503 καὶ
1306 2443 1608 2513 Ἰουδαϊκῆς
1677 2444 1896 2503 παιδεύ-

258 2562 415 2613 σεως,
478 2538 610 2595 ἀλλά
680 2540 767 2595 καὶ
821 2538 995 2604 πάντη
1052 2535 1423 2614 ἀγράμματος,
1482 2536 1617 2591 καθά
1659 2533 1724 2603 δὴ
1754 2537 1843 2591 καὶ
1870 2538 1899 2592 6

260 2629 523 2687 θειότατος
555 2634 758 2691 Λουκᾶς
816 2626 870 2682 ἐν
924 2637 1046 2687 ταῖς
1097 2622 1355 2700 Πράξεσιν
1382 2625 1585 2701 ἱστορεῖ
1620 2626 1738 2702 περὶ
1796 2625 1894 2681 αύ-

259 2724 370 2778 τοῦ,
422 2717 519 2774 Καὶ
561 2717 660 2793 γάρ
690 2713 754 2783 δὴ
778 2715 922 2782 καὶὴ
981 2712 1166 2790 πατρὶς
1213 2711 1369 2769 αὐτοῦ
1412 2711 1759 2779 εὖτελεστάτη
1812 2714 1901 2769 καὶ

259 2808 489 2886 ἄσημος,
546 2809 619 2871 ὡς
651 2807 849 2885 χωρίον
880 2804 1022 2860 εἶναι
1053 2801 1111 2858 οὔ
1154 2800 1402 2880 λογικῆς,
1448 2799 1566 2856 ἀλλ’
1598 2800 1901 2871 ἁλιευτικῆς

253 2898 478 2976 τέχνης.
515 2892 783 2962 Βηθσαϊδᾶ
813 2894 912 2971 γὰρ
975 2892 1158 2947 τοῦτον
1214 2887 1514 2968 ἐξήνεγκεν.
1550 2887 1700 2946 Ἀλλ’
1754 2888 1900 2965 ὅμως

254 2989 281 3042 6
344 2992 604 3058 τοιοῦτος,
664 2986 692 3040 ὃ
723 2983 1094 3062 ἀγράμματος,
1141 2981 1169 3035 6
1212 2976 1443 3053 ἄσημος,
1490 2980 1517 3034 6
1559 2977 1723 3053 μηδέν
1754 2978 1900 3058 ἔχων

252 3073 623 3154 περίϐλεπτον,
676 3071 757 3128 ἴδε
814 3071 965 3128 ποίου
1033 3068 1300 3147 τετύχηκε
1330 3067 1653 3142 πνεύματος,
1687 3067 1824 3124 ὥστε
1868 3066 1903 3121 ἅ

253 3153 436 3239 μηδεὶς
486 3169 592 3218 τῶν
645 3159 820 3217 ἄλλων
877 3159 1263 3238 εὒαγγελιστῶν
1306 3159 1451 3231 ἡμᾶς
1482 3153 1729 3235 ἐδίδαξεν,
1799 3160 1901 3214 αὒ-

254 3255 342 3316 τὸς
411 3260 576 3309 ταῦτα
631 3252 941 3329 βροντῆσαι,
1014 3244 1231 3313 Ἐπειδὴ
1290 3247 1390 3324 γὰρ
1446 3244 1657 3300 ἐκείνων
1728 3267 1899 3301 κατα-

258 3338 558 3418 γενομένων
615 3340 731 3417 περὶ
790 3339 850 3393 τὸ
927 3335 1232 3409 σωματικὸν
1282 3340 1374 3390 τοῦ
1430 3338 1677 3412 Χριστοῦ,
1735 3331 1901 3405 μηδὲν

263 3428 319 3485 δὲ
375 3430 492 3502 περὶ
546 3434 646 3496 της
731 3428 833 3507 πρὸ
863 3425 1067 3481 αἰώνων
1097 3424 1254 3479 αὐτοῦ
1282 3419 1549 3501 ὑπάρξεως
1582 3421 1904 3500 τρανώτερον

264 3520 351 3575 καὶ
405 3518 721 3599 σαιρέστερον
790 3514 1065 3589 εἰπόντων,
1125 3508 1237 3575 δέος
1295 3509 1361 3577 ἧν
1420 3510 1498 3585 μή
1555 3510 1683 3566 ποτέ
1765 3531 1902 3574 τινες

268 3597 665 3688 χαμαιπετεῖς,
719 3607 805 3662 καὶ
850 3600 1017 3679 μηδὲν
1078 3598 1283 3677 ὅψηλὸν
1336 3599 1522 3667 νοῆσαι
1604 3597 1903 3679 δυνάμενοι,

264 3699 515 3773 νομίσωσι
585 3700 676 3753 τὸν
729 3696 952 3776 Χριστὸν
1022 3692 1142 3748 τότε
1192 3696 1400 3769 πρῶτον
1443 3690 1516 3755 εἰς
1558 3688 1775 3768 ὕπαρξιν
1807 3689 1904 3746 έλ-

259 3791 398 3867 Θεϊν,
456 3786 542 3842 ὃτε
599 3786 704 3841 ἀπὸ
734 3784 934 3863 Μαρίας
964 3780 1244 3860 ἐγεννήθη,
1276 3782 1364 3835 καὶ
1395 3777 1519 3857 οὐχὶ
1547 3779 1649 3867 πρὸ
1701 3777 1906 3834 αἰώνων

259 3876 317 3931 ὲκ
374 3866 467 3933 τοῦ
527 3876 730 3955 Πατρὸς
786 3870 1130 3952 γεννηθῆναι,
1204 3867 1232 3923 ὅ
1266 3869 1477 3931 πάντως
1508 3866 1736 3955 πέπονθε
1766 3872 1905 3923 Παῦε

251 3965 344 4028 λος
414 3968 441 4022 6
513 3953 878 4042 Σαμοσατεύς.
936 3960 1132 4019 Τούτου
1159 3957 1335 4014 ’ένεκεν
1366 3958 1394 4012 6
1424 3956 1593 4035 μέγας
1648 3953 1901 4023 Ἰωάννης

250 4058 369 4135 περὶ
419 4060 517 4123 τῆς
572 4054 681 4110 ἄνω
734 4052 1030 4131 γεννήσεως
1100 4043 1473 4123 διαλαμϐάνει,
1552 4046 1725 4102 καίτοι
1784 4043 1901 4102 οὔδε

250 4133 349 4213 τὴν
408 4144 670 4224 σάρκωσιν
726 4149 819 4198 τοῦ
882 4140 1056 4219 Λόγου
1105 4136 1509 4214 ἀμνημόνευτον
1546 4133 1892 4224 καταλείψας

254 4236 382 4315 φησὶ
440 4215 561 4312 γάρ·
655 4254 679 4289 ε
740 4234 837 4291 Καὶ
907 4215 1132 4309 ὁᾹόγος
1178 4224 1303 4303 σὰρξ
1346 4224 1581 4315 ἐγένετο.
1638 4248 1660 4280 ε
1703 4215 1792 4289 Ὠς
1841 4221 1897 4315 δέ

2584 1645 3011 1711 ΡΗΛΕῈΑΤΙΟ.

2062 1734 2406 1799 605$ancti
2420 1738 2676 1819 Spiritus
2689 1740 2953 1819 potentia
2965 1740 3026 1801 in
3039 1739 3384 1801 infirmitate
3402 1738 3608 1820 perlici
3621 1774 3634 1787 -

1984 1824 2412 1902 turﬁg'ﬁﬁ,sicut
2431 1829 2788 1908 etscriptum
2818 1839 2907 1889 est
2938 1837 2996 1891 et
3026 1827 3628 1891 credimus-infirmi—

1984 1920 2097 1973 tate
2126 1927 2329 1977 autem
2366 1935 2484 1977 non
2514 1917 2782 1997 corporis
2814 1927 3066 1991 tantum,
3096 1916 3200 1978 sed
3232 1927 3288 1980 et
3308 1916 3626 1991 sermonis,

1984 2011 2041 2063 et
2068 2004 2375 2084 sapientia:
2407 2023 2536 2085 quae
2567 2003 2625 2067 in
2650 2005 2851 2084 lingua
2872 2006 3005 2070 sita.
3033 2006 3524 2085 Manifestumque
3542 2013 3632 2066 est

1982 2091 2036 2151 id
2071 2111 2203 2152 cum
2228 2113 2300 2154 ex
2330 2096 2651 2156 multorum
2683 2096 3093 2175 aliorum,tum
3125 2114 3193 2157 ex
3217 2092 3466 2157 Joannis
3499 2112 3630 2154 ma-

1981 2180 2079 2260 gni
2112 2182 2367 2260 theologi
2414 2183 2516 2264 qui
2567 2183 2748 2245 frater
2779 2185 3019 2257 Christi,
3069 2184 3279 2262 gratia.
3321 2183 3429 2245 Hic
3470 2184 3627 2243 enim

1982 2279 2145 2351 patre
2173 2272 2410 2352 quidem
2443 2273 2736 2353 piscatore
2762 2282 2952 2349 natus,
2979 2274 3249 2336 eamdem
3269 2290 3444 2353 quam
3465 2280 3632 2353 pater

1981 2360 2295 2422 exercebat
2318 2359 2665 2423 artem.Non
2698 2363 2887 2424 solum
2921 2371 3119 2424 autem
3155 2361 3469 2442 imperitus
3501 2368 3633 2423 erat

1979 2449 2285 2528 gentilium
2316 2449 2764 2531 disciplinarum
2786 2460 2843 2513 et
2861 2451 3122 2514 Judaicae
3140 2448 3630 2520 eruditionis.sed

1984 2537 2156 2617 plane
2172 2547 2325 2601 totus
2341 2538 3204 2620 illitleratus,quemadmodum
3227 2538 3634 2600 divinissimus

1983 2626 2170 2689 Lucas
2199 2629 2259 2688 in
2289 2627 2454 2690 Actis
2484 2629 2890 2707 apostolorum
2941 2629 3017 2691 de
3048 2649 3118 2691 eo
3158 2628 3337 2689 tradit
3363 2628 3451 2691 57.
3482 2626 3631 2688 Nam

1984 2724 2041 2776 et
2070 2716 2255 2796 patria
2286 2718 2417 2795 ejus
2442 2715 2573 2776 vilis
2603 2726 2661 2777 et
2692 2719 2967 2785 obscura.
3006 2736 3122 2777 non
3155 2714 3485 2794 insignibus
3529 2733 3631 2775 ar-

1988 2804 2143 2865 tibus
2172 2803 2349 2885 clara,
2383 2807 2489 2865 sed
2543 2803 2851 2882 piscatum
2894 2814 3053 2885 apta.
3104 2803 3424 2867 Betbsaida
3478 2810 3627 2865 erat.

1987 2892 2385 2954 Nihilominus
2406 2891 2746 2954 illitteratus
2763 2892 3171 2974 ille,ignobilis
3201 2893 3549 2973 ille,quique
3570 2892 3632 2953 in

1924 3017 1962 3067 Β
1988 2981 2148 3044 nullo
2190 2980 2529 3061 spectabilis
2577 2990 2725 3057 erat,
2760 2982 2890 3044 vide
2939 2990 3221 3063 quantum
3274 2980 3516 3042 sortitus
3559 2981 3636 3044 sit

1984 3069 2279 3149 spiritum.
2313 3067 2541 3132 Etenim
2574 3087 2706 3150 qua;
2737 3071 2936 3132 nullus
2956 3070 3209 3133 aliorum
3247 3069 3634 3149 evangelista-

1984 3176 2115 3219 rum
2149 3177 2256 3219 nos
2286 3158 2505 3234 docuit,
2540 3177 2610 3220 ea
2638 3159 2765 3239 ipse
2805 3160 3078 3223 intonare
3114 3164 3297 3223 ausus
3338 3168 3452 3223 est.
3486 3158 3633 3222 Nam

1985 3267 2116 3309 cum
2165 3247 2253 3310 illi
2290 3248 2561 3328 occupati
2617 3248 2869 3312 fuissent
2924 3270 2982 3312 in
3030 3250 3251 3312 carnali
3308 3249 3635 3311 substantia

1984 3336 2203 3399 Christi
2229 3337 2871 3420 explicanda,nihilque
2890 3339 3050 3402 clare
3079 3348 3136 3400 et
3167 3338 3479 3402 manifeste
3496 3338 3636 3400 satis

1986 3425 2060 3487 de
2085 3426 2408 3488 substantia
2430 3426 2555 3506 ejus
2577 3426 2887 3509 dixissent,
2920 3447 3094 3510 quam
3118 3438 3255 3490 ante
3285 3428 3502 3490 saecula
3527 3428 3637 3488 ha-

1988 3514 2113 3576 buit
2145 3536 2158 3578 :
2196 3514 2568 3577 metuebatur
2616 3535 2691 3577 ne
2748 3518 2983 3598 quando
3034 3518 3273 3598 quidam
3336 3516 3501 3580 humi
3532 3534 3634 3578 re-

1989 3612 2217 3684 pentes,
2252 3604 2515 3684 nihilque
2540 3604 2798 3667 sublime
2827 3605 3163 3683 intelligere
3193 3606 3479 3680 valentes,
3521 3625 3635 3686 pu-

1990 3700 2182 3754 tarent
2211 3691 2507 3754 Christum
2541 3702 2682 3755 tunc
2714 3694 2969 3775 primum
3002 3692 3330 3755 subsistere
3353 3695 3629 3774 coepisse,

1987 3782 2221 3861 quando
2254 3800 2322 3842 ex
2359 3781 2544 3844 Maria
2566 3791 2737 3843 natus
2772 3791 2883 3856 est,
2915 3792 2973 3844 et
3004 3801 3122 3843 non
3155 3791 3293 3843 ante
3319 3783 3535 3843 saecula
3560 3800 3631 3842 ex

1989 3873 2157 3932 Patre
2177 3878 2380 3931 natum
2416 3888 2571 3952 esse,
2595 3872 2652 3931 id
2685 3871 2841 3953 quod
2882 3870 3083 3952 utique
3113 3870 3299 3932 Paulo
3345 3874 3629 3931 Samosa-

1987 3969 2123 4021 teno
2140 3960 2377 4035 accidit.
2406 3963 2726 4040 Propterea
2746 3979 2993 4040 magnus
3007 3959 3266 4023 Joannes
3288 3959 3362 4020 de
3375 3978 3633 4039 superna

1984 4050 2114 4129 ejus
2142 4049 2528 4127 generatione
2558 4057 2787 4125 tractat,
2839 4049 3108 4131 quamvis
3164 4049 3401 4109 interim
3444 4056 3501 4109 et
3533 4048 3631 4108 in-

1980 4142 2381 4201 carnationem
2417 4139 2596 4201 Verbi
2637 4158 2758 4200 non
2788 4139 2924 4200 50-1
2968 4138 3258 4219 relinquit
3298 4138 3579 4201 intactam
3612 4159 3629 4214 ;

1979 4227 2124 4289 dicit
2151 4226 2330 4295 enim,
2374 4252 2399 4281 ιι
2436 4228 2510 4289 Ει
2533 4230 2778 4289 verbum
2810 4246 2950 4289 caro
2981 4228 3197 4289 factum
3222 4236 3334 4290 est.
3362 4251 3389 4283 In
3418 4226 3632 4288 Dicunt

255 4310 393 4387 τινὲς
456 4310 612 4403 ἠφασι,
688 4323 774 4377 καὶ
828 4318 1055 4388 ἠξίωσαν
1092 4316 1250 4373 αὺτὸν
1281 4317 1327 4371 οἱ
1358 4310 1634 4403 ὁρβόδοξοι,
1661 4312 1895 4391 συγγρά-

1983 4326 2172 4379 ειιιιοειῖ
2205 4315 2477 4377 nonnulli
2507 4319 2663 4397 quod
2697 4318 2874 4379 etiam
2907 4317 3101 4397 ipsum
3129 4316 3463 4396 rogaverint
3497 4315 3628 4397 qui-

257 4418 352 4488 ψαι
408 4401 525 4491 περὶ
576 4415 675 4478 τῆς
749 4408 859 4465 ἄνω
927 4406 1248 4487 γεννήσεως,
1281 4403 1379 4460 οἷα
1407 4401 1777 4491 ἀναφανέντᾲων
1806 4422 1892 4456 τι-

256 4509 358 4559 νῶν
415 4488 689 4580 αἱρετικῶν
761 4500 823 4555 ἀν
853 4510 976 4560 ταῖς
1005 4494 1228 4571 ἡμέραις
1258 4492 1505 4580 ἐκείναις,
1542 4491 1648 4547 tth
1688 4488 1893 4580 δογμα-

251 4578 499 4664 τιζόντων
561 4586 832 4666 ἄνθρωπον
862 4584 1019 4662 ψιλὸν
1058 4583 1283 4661 ὑπάρξαι
1326 4585 1422 4638 τὸν
1468 4578 1697 4647 Ἰησοῦν.
1765 4578 1894 4636 ’Ὅτε

247 4678 313 4748 δὴ
368 4680 578 4759 λέγεται
634 4681 663 4735 6
720 4673 868 4756 ἅγιος
898 4676 965 4731 τὰ
991 4679 1096 4730 τῶν
1128 4670 1304 4729 ἄλλων
1347 4667 1893 4748 εύαγγελιστῶνάια-

248 4756 453 4848 γνοὺς,
487 4767 747 4843 Θαυμάσαι
803 4766 903 4840 μὲν
957 4763 1186 4825 ἐκείνους
1243 4759 1338 4828 τῆς
1371 4760 1488 4837 περὶ
1544 4761 1718 4813 πάντα
1766 4756 1893 4824 ἀληο

246 4847 366 4923 Θοῦς
423 4858 774 4937 ἀφηγήσεως,
828 4853 1092 4931 ἐπικρῖναι
1142 4848 1196 4907 δὲ
1237 4852 1309 4914 ὡς
1341 4850 1505 4941 ὑγιῷς
1536 4847 1757 4941 ἔχοντα,
1810 4858 1898 4941 καὶ

247 4946 413 5025 μηδὲν
470 4927 601 5026 προς
658 4945 816 5026 χάριν
847 4927 1089 5005 είπύντας
1131 4947 1238 4996 τῶν
1263 4937 1599 5000 ἀποστόλων,
1651 4927 1729 5026 "it
1759 4935 1892 5013 μέν-

248 5024 330 5095 τοι
387 5036 447 5093 οὔ
495 5024 700 5115 άαφὼέή
734 5024 889 5091 εἷπον
955 5035 1178 5106 ἱκετνοι,
1236 5029 1273 5097 ἢ
1328 5026 1541 5089 τελείως
1573 5024 1889 5105 παρέλιπον,

250 5130 411 5184 ταῦτα
442 5127 596 5184 αὐτὸν
624 5122 949 5202 ὶξαπλῶσαι,
981 5123 1069 5177 καὶ
1097 5124 1386 5199 τρανὼσαι,
1444 5118 1533 5172 καὶ
1584 5118 1889 5195 προσθεῖναι

250 5218 337 5274 ί)ιά
388 5226 483 5275 τοῦ
536 5212 664 5271 ἰδίου
697 5210 1033 5292 Εὐαγγελίου⁶
1070 5208 1098 5264 ὅ
1123 5209 1210 5265 καὶ
1240 5206 1559 5285 συνέγραψεν
1607 5207 1667 5292 εν,
1693 5204 1892 5280 Πάτμῳ

246 5314 315 5383 τῇ
346 5308 492 5380 νήσῳ
548 5290 825 5382 ἰξόριστος
854 5290 1133 5374 διατελῶν,
1179 5298 1313 5372 μετά
1368 5290 1741 5383 τριακονταδύο
1796 5292 1890 5362 ἔτη

246 5381 345 5463 τῆς
404 5403 499 5454 τοῦ
554 5381 778 5475 Χριστοῦ
846 5390 1187 5466 ἀναλήψεως,
1244 5384 1521 5465 Ἠγαπᾶτο
1563 5381 1620 5439 δὲ
1676 5384 1889 5475 πάντων

245 5486 476 5564 μάλιστα
537 5473 788 5564 μαθητῶν
871 5478 1122 5547 Ἰωάννης
1182 5484 1260 5551 τῷ
1319 5475 1511 5553 Κυρίῳ,
1560 5476 1634 5537 ὡς
1692 5473 1889 5539 ἁπλοῦς

317 5643 534 5709 ωυωιι
583 5644 723 5709 Cor,
751 5660 833 5721 ιι,
856 5642 917 5708 9,
1002 5639 1064 5691 57
1086 5637 1221 5702 Act.
1258 5654 1339 5702 iv.

1977 4406 2111 4467 dam
2138 4404 2474 4485 orthodoxi,
2508 4414 2571 4466 ut
2600 4406 3009 4469 conscriberet
3029 4407 3103 4468 de
3132 4424 3394 4487 superna
3424 4407 3632 4467 nativi-

1979 4504 2120 4572 tate,
2150 4515 2220 4557 eo
2251 4494 2409 4575 quod
2441 4506 2579 4557 tunc
2608 4495 2820 4557 diebus
2850 4496 2968 4557 illis
2990 4495 3629 4576 pullularentbaeretici

1977 4584 2154 4665 aliqui
2187 4585 2482 4647 Christum
2523 4584 2828 4646 hominem
2861 4602 2993 4647 esse
3025 4603 3236 4664 purum
3259 4584 3476 4645 docere
3508 4602 3627 4645 non

1977 4673 2241 4735 reveriti.
2272 4671 2502 4753 Dicitur
2531 4691 2766 4754 quoque
2789 4675 2945 4755 quod
2971 4683 3212 4735 Sanctus
3235 4673 3501 4747 i:le,cum
3534 4672 3626 4734 le-

1978 4762 2160 4842 gisset
2189 4781 2256 4824 ea
2292 4780 2423 4843 quas
2466 4760 2539 4823 ab
2575 4762 2704 4823 aliis
2753 4762 3125 4842 evangelistis
3166 4770 3335 4823 erant
3382 4761 3623 4841 scripta,

1977 4850 2300 4912 admiratus
2326 4852 2400 4911 sit
2429 4850 2562 4911 illos
2605 4850 2679 4911 de
2719 4851 2997 4913 omnibus
3043 4850 3284 4932 quidem
3316 4866 3455 4911 vera
3483 4867 3625 4910 nar-

1978 4958 2165 5014 rasse,
2202 4948 2258 5001 et
2279 4939 2557 5020 judicarit
2609 4940 2743 5001 illos
2788 4951 2949 5003 recte
2980 4951 3038 5001 et
3064 4941 3215 5001 nihil
3256 4940 3328 5000 ad
3376 4940 3624 5018 gratiam

1977 5029 2375 5112 apostolorum
2408 5029 2741 5111 scripsisse.
2765 5032 3056 5094 Cmterum
3081 5048 3214 5111 quis
3240 5029 3326 5090 illi
3356 5048 3473 5090 non
3506 5047 3627 5090 mae-

1976 5120 2193 5181 nifeste
2223 5118 2520 5194 dixerunt,
2558 5119 2648 5180 vel
2699 5120 2941 5182 omnino
2989 5118 3517 5201 praetermiserunt,
3555 5136 3625 5180 ea

1972 5209 2101 5290 ipse
2151 5207 2493 5288 explanare,
2527 5215 2585 5267 et
2615 5206 2836 5288 liquida
2857 5208 3462 5288 facere,adjicereque
3490 5224 3624 5287 pro-

1972 5301 2101 5379 prio
2133 5296 2452 5376 Evangelia
2475 5294 2681 5375 etrapit,
2712 5296 2870 5375 quod
2916 5309 2975 5357 et
3005 5296 3168 5357 exsul
3201 5294 3265 5356 in
3297 5294 3495 5356 Patmo
3525 5297 3622 5356 in-

1971 5388 2101 5448 sula
2130 5385 2484 5466 conscripsit
2516 5394 2645 5465 post
2676 5386 2912 5464 triginta
2939 5385 3089 5447 duos
3143 5402 3332 5446 annos
3363 5393 3492 5465 post
3522 5401 3621 5445 as-

1972 5486 2276 5556 sumptum
2308 5474 2370 5536 in
2401 5476 2590 5537 caios
2621 5474 2947 5537 Christum.
2984 5474 3247 5537 Dilectus
3286 5485 3374 5536 est
3422 5483 3622 5536 autem
