4116 6212
546 377 700 446 1138
1510 380 2105 449 THEOPHYLACTI
2149 358 2560 445 BULGARIE
2605 346 2964 445 Ananiae.
3598 352 3601 357 λ
3788 375 3941 442 H36

539 517 803 580 Joannes
818 536 938 600 prae
959 517 1270 600 discipulis
1286 518 1562 581 omnibus
1584 520 1839 579 maxime
1859 538 1892 580 a
1910 517 2181 590 Domino,

2273 538 2329 573 τε
2387 518 2477 573 καὶ
2534 517 2855 597 πραότατος,
2944 519 3031 573 καὶ
3104 518 3639 597 χρηστοηθέστατος,
3726 520 3823 573 καὶ
3878 518 3943 579 ὡς

542 627 612 669 eo
642 607 803 688 quod
835 606 1107 670 absolute
1139 609 1298 670 mitis
1330 616 1477 680 erat,
1513 607 1999 687 suavissimisque
2018 606 2181 668 mori-

2273 608 2497 683 καθαρὸς
2550 607 2649 674 τὴν
2715 605 2949 686 καρδίαν,
3000 607 3158 680 ἤγουν
3194 607 3471 685 παρθένος.
3508 606 3599 672 ἘΞ
3628 610 3697 665 οὗ
3727 606 3799 673 δὴ
3833 630 3942 685 χαο

540 698 673 777 bus,
704 716 772 758 ac
806 696 1024 758 mundo
1050 697 1253 772 corde,
1279 716 1495 777 nempe
1536 696 1725 775 virgo.
1764 694 1936 759 Unde
1971 704 2030 758 et
2058 713 2181 757 am-

2275 697 2528 773 ρίσματος
2560 700 2649 751 καί
2678 696 2778 764 τὴν
2832 695 3105 774 θεολογίαν
3160 696 3464 770 ἐπιστεύθη,
3536 705 3647 753 τῶν
3705 698 3944 752 ἀθεάτων

538 787 696 868 plius
723 786 943 849 notitia;
965 786 1072 849 Dei
1102 786 1321 848 donum
1368 788 1422 848 ei
1455 786 1861 849 concreditum
1897 793 2010 859 est,
2062 804 2181 864 my-

2273 798 2390 849 τοῖς
2454 783 2681 847 πολλοῖς
2746 788 3045 864 μυστηρίων
3114 788 3545 866 κατατρυφήσας.
3588 808 3613 841 ι
3669 785 3939 859 Μακάριοι

538 877 853 956 steriisque
887 876 1184 957 plerisque
1215 876 1533 952 incognitis
1585 876 1713 956 ipse
1759 875 2046 936 delicatus
2078 882 2181 937 est.

2274 874 2397 953 γὰρ,
2469 876 2653 957 apud":
2671 876 2717 928 οἶ
2749 876 2961 953 καθαροὶ
2977 881 3046 951 τῇ
3090 873 3294 953 καρδίᾳ,
3341 873 3421 931 ὅτι
3454 875 3607 932 αὒτοζ
3640 878 3741 932 τὸν
3811 880 3942 929 Θεὸν

549 990 571 1022 ι
602 951 774 1027 Beati
795 992 817 1019 η
857 951 1039 1039 enim,
1073 951 1285 1046 inquit,
1318 951 1525 1025 mundi
1548 951 1752 1038 corde,
1776 963 2054 1044 quoniam
2080 958 2181 1040 ipsi

2274 964 2517 1037 ὂψονται.
2558 986 2585 1016 ι
2620 951 2719 1018 Ἠν
2770 961 2824 1017 δὲ
2875 963 2974 1041 ἄρα
3030 965 3117 1019 καὶ
3466 973 3560 1021 τοῦ
3594 965 3819 1040 Κυρίου·
3860 968 3939 1018 καὶ

539 1054 725 1115 Deum
761 1054 1052 1115 videbunt
1076 1055 1198 1116 58.»
1238 1058 1375 1117 Erat
1404 1054 1647 1133 insuper
1669 1062 1727 1115 et
1750 1061 2030 1131 cognatus
2063 1050 2181 1112 Do-

2273 1058 2409 1124 πῶς,
2492 1050 2733 1113 ἄκουσον,
2812 1050 3012 1131 Ἰωσὴφ
3067 1053 3095 1108 ὁ
3162 1053 3260 1118 τῆς
3337 1052 3605 1131 πανᾶγνου
3664 1054 3943 1109 Θεοτόκω

541 1143 707 1203 mini.
738 1142 1044 1214 Quomodo
1070 1148 1299 1205 autem?
1337 1142 1513 1203 Audi.
1540 1142 1761 1220 Joseph
1792 1142 1891 1203 ille
1923 1140 2181 1220 Deiparaa

2273 1140 2511 1218 μνηστὴρ
2549 1139 2708 1219 ἔσχεν
2768 1140 2827 1195 ἐκ
2897 1140 3154 1219 προτέρας
3224 1143 3468 1218 γυναικὸς
3526 1138 3737 1203 παῖδας
3771 1142 3942 1211 ἑπτὰ,

538 1250 791 1311 sponsus
815 1230 1023 1293 habuit
1077 1250 1144 1293 ex
1198 1233 1402 1312 priore
1445 1249 1627 1291 uxore
1684 1230 1903 1291 liberos
1931 1237 2181 1309 septem,

2273 1228 2525 1307 τέσσαρας
2579 1227 2795 1307 ἃρῤενας
2866 1230 2952 1285 καὶ
3038 1243 3187 1305 τρεῖς
3272 1229 3508 1303 θηλείας,
3558 1231 3658 1297 τὴν
3692 1232 3945 1308 Μάρθαν,

539 1330 789 1401 quatuor
819 1339 1013 1381 mares
1042 1330 1100 1382 et
1130 1330 1257 1383 tres
1288 1320 1580 1398 femellas,
1632 1320 1944 1397 Martham,
1973 1316 2181 1378 Esther

2273 1318 2365 1385 τὴν
2420 1317 2635 1391 Ἐσθὴρ,
2690 1319 2785 1385 τὴν
2818 1317 3111 1393 Σαλώμην,
3158 1318 3247 1398 ἧς,
3278 1318 3441 1397 λέγω,
3471 1324 3572 1386 τῆς
3619 1318 3943 1394 Σαλώμης,

538 1419 595 1471 et
618 1408 897 1471 Salomen
926 1429 941 1484 ;
976 1419 1034 1471 et
1078 1410 1237 1471 illius
1267 1428 1430 1477 sane.
1458 1408 1726 1470 Salomes
1754 1405 2181 1487 inquam,ﬁlius

2273 1408 2374 1467 υἱὸς
2432 1408 2498 1473 ἦν
2557 1406 2708 1469 οὗτος
2755 1409 2783 1462 ὁ
2856 1404 3131 1474 Ἰωάννης.
3210 1409 3509 1486 [εὑρίσκεται
3536 1410 3716 1464 τοίνυν
3762 1411 3797 1464 ὁ
3829 1413 3944 1467 Κό-

536 1508 661 1560 erat
678 1497 938 1561 Joannes
961 1498 1083 1560 ille.
1110 1499 1487 1578 Comperitur
1510 1498 1715 1577 itaque
1742 1496 2022 1559 Dominus
2045 1512 2180 1557 esse

2273 1518 2374 1574 ριος
2456 1498 2602 1559 θεῖος
2671 1499 2828 1554 αὒτοῦ
2858 1494 2953 1555 ὤν.
2988 1492 3135 1553 Ἐπεὶ
3166 1497 3266 1576 γὰρ
3309 1497 3485 1575 πατὴρ
3517 1498 3610 1553 τοῦ
3662 1498 3871 1575 Κύρίου
3917 1501 3941 1553 ὁ

534 1585 858 1647 avunculus
888 1587 1040 1666 ejus,
1076 1587 1353 1667 quoniam
1383 1584 1607 1665 Joseph
1637 1585 1873 1645 habitus
1902 1593 1991 1643 est
2018 1591 2181 1663 pater

2273 1584 2491 1663 Ἰωσὴφ,
2548 1584 2733 1641 τούτου
2818 1582 2872 1640 δὲ
2924 1590 3017 1640 τοῦ
3073 1584 3271 1665 Ἰωσὴφ
3314 1586 3546 1664 θυγάτηρ
3592 1587 3625 1653 ἡ
3662 1585 3943 1660 Ζαλώμηο

538 1672 964 1749 Domini,illius
993 1682 1191 1737 autem
1224 1674 1443 1753 Joseph
1468 1674 1586 1734 ﬁlia
1610 1673 1845 1735 Salome
1864 1680 1921 1733 et
1940 1670 2181 1752 proinde

2273 1671 2470 1753 ἀδελφὴ
2528 1672 2625 1750 ἄρα
2676 1672 2768 1728 τοῦ
2827 1674 3013 1750 Κυρίου
3082 1675 3116 1741 ἡ
3174 1672 3415 1749 Σαλώμη
3449 1673 3748 1753 λογίζεται,
3796 1675 3943 1731 ὥστε

535 1763 738 1824 habita
758 1782 928 1825 soror
949 1763 1213 1837 Domini;
1245 1772 1422 1843 atque
1454 1762 1539 1823 sic
1570 1762 1826 1823 Joannes
1858 1761 1986 1839 ejus
2008 1760 2181 1833 ﬁlius,

2273 1764 2358 1819 καὶ
2426 1765 2454 1818 ὁ
2525 1762 2720 1829 ταύτης
2751 1764 2860 1826 υίὸς
2891 1761 3141 1828 Ἰωάννης
3171 1764 3388 1839 ἀνεψιὸς
3418 1767 3508 1821 τοῦ
3567 1765 3790 1842 Κυρίου.
3832 1769 3944 1821 Οὗα

535 1871 724 1934 nepos
742 1851 1307 1915 Domini.Fortassis
1327 1861 1523 1914 autem
1547 1870 1663 1912 non
1682 1849 2002 1911 absurdum
2017 1847 2181 1909 fuerit

2273 1851 2471 1909 ἄτοπον
2520 1850 2574 1906 δὲ
2626 1852 2761 1915 ’ίσως
2819 1853 2905 1907 καὶ
2961 1852 3025 1906 τὰ
3083 1851 3316 1928 ὀνόματα
3370 1859 3465 1924 τῆς
3496 1857 3709 1931 μητρὸς
3771 1856 3943 1911 αὗτοῦ

540 1945 783 2003 nomina
811 1951 869 2003 et
902 1941 1109 2003 matris
1142 1942 1271 2021 ejus
1302 1950 1359 2003 et
1390 1940 1767 2019 evangelista;
1795 1937 2051 2018 aperire.
2084 1935 2181 1997 Et-

2275 1942 2361 1997 καὶ
2417 1942 2573 1997 αὐτοῦ
2622 1940 2717 1996 τοῦ
2792 1938 3168 2019 εὐαγγελιστοῦ
3217 1941 3527 2008 ἀναπτύξαι,
3605 1936 3673 1999 Ἡ
3748 1945 3941 2021 μήτηρ

534 2033 691 2093 enim
725 2042 911 2093 mater
933 2031 1062 2110 ejus
1087 2050 1219 2111 qua!
1240 2032 1479 2093 Salome
1496 2027 2181 2106 dicebatur,interpreta-

2273 2030 2511 2105 Σαλώμη
2563 2028 2887 2104 καλουμένη,
2962 2030 3304 2107 ἑρμηνεύεται
3354 2033 3617 2111 εἰρηνικὴ,
3654 2035 3685 2089 ὁ
3712 2030 3774 2088 δὲ
3814 2032 3941 2090 Ἰωο

534 2127 627 2180 tur
657 2118 1207 2199 paciﬁca,.loannes
1225 2128 1419 2181 autem
1442 2121 1651 2198 gratia
1678 2114 1995 2196 ejus.Sciat
2016 2113 2181 2192 igitur

2273 2120 2455 2191 άννης,
2530 2120 2687 2197 χάρις
2746 2121 2934 2185 αὐτῆς.
2994 2120 3305 2176 Γινωσκέτω
3333 2120 3423 2176 οὖν
3452 2128 3597 2178 πᾶσι
3627 2122 3831 2201 ψυχή,
3871 2124 3942 2183 ὡς

533 2208 729 2269 omnis
746 2208 944 2269 anima
965 2208 1120 2287 quod
1147 2225 1257 2287 pax
1280 2226 1409 2287 qua;
1434 2224 1573 2285 erga
1594 2205 1959 2278 homines,et
1983 2202 2181 2283 qnaein

2273 2210 2304 2275 ἡ
2363 2209 2547 2286 εἰρήνη
2606 2210 2639 2275 ἡ
2712 2208 2843 2287 πρός
2900 2230 2957 2263 τε
3008 2210 3127 2271 τοὺς
3182 2209 3507 2287 ἀνθρώπους,
3582 2215 3674 2267 καὶ
3707 2217 3743 2279 ἡ
3797 2216 3940 2267 κατὰ

532 2298 730 2355 anima
760 2295 831 2355 ab
864 2295 1275 2356 affectionibus
1334 2295 1548 2369 libera,
1600 2303 1792 2355 mater
1843 2294 1919 2353 sit
1973 2291 2181 2381 divinae

2273 2298 2456 2377 ψυχὴν
2507 2296 2612 2353 ἀπο
2654 2298 2757 2352 τῶν
2816 2300 3023 2372 παθῶν,
3078 2299 3259 2376 μήτηρ
3288 2300 3487 2377 γίνεται
3517 2301 3616 2367 τῆς
3648 2304 3807 2363 θείας
3842 2304 3947 2381 χά.

531 2384 757 2461 gratia},
791 2391 849 2445 et
876 2391 1123 2461 generat
1165 2383 1337 2444 istam
1388 2386 1444 2444 in
1477 2382 1672 2443 nobis.
1718 2382 1992 2444 Animam
2025 2379 2183 2442 enim

532 2474 871 2553 quaaadhuc
889 2472 1475 2552 turbatur,etpugnat
1498 2479 1699 2533 contra
1720 2471 1995 2531 homines
2010 2470 2182 2550 alios,

531 2570 589 2622 et
618 2571 825 2623 contra
852 2562 1261 2641 seipsam,non
1294 2560 1618 2623 verisimile
1642 2567 1731 2621 est
1758 2558 2017 2621 divinam
2036 2576 2184 2620 con—

530 2649 703 2729 sequi
734 2650 1013 2729 gratiam.
1048 2649 1507 2711 Consideremus
1536 2658 1732 2710 autem
1764 2657 1823 2709 et
1855 2646 2186 2709 mirabilius

532 2740 811 2818 quiddam
845 2740 1001 2821 quod
1033 2740 1193 2801 circa
1238 2750 1505 2802 sanctum
1558 2740 1721 2801 illum
1759 2738 2183 2817 evangelistam

528 2828 921 2891 accidiLTres
943 2828 1044 2891 ille
1075 2847 1228 2891 unus
1250 2838 1464 2890 matres
1497 2828 1718 2890 habere
1742 2825 2185 2907 comparet:Sa-

528 2918 730 2980 lomen
759 2926 973 2980 natura
1003 2919 1120 2998 (α),
1152 2918 1503 2991 tonitruum,
1532 2918 1689 2978 tilius
1719 2918 1878 2978 enim
1910 2924 2005 2979 est
2026 2918 2184 2977 toni-

531 3007 647 3069 t'rui
674 3016 991 3089 propterea
1011 3008 1166 3090 quod
1201 3007 1263 3068 in
1294 3006 1614 3086 Evangelia
1640 3006 2049 3067 vocalissimus
2067 3005 2189 3066 fue-

527 3097 606 3159 rit
639 3106 697 3157 et
743 3096 1055 3177 Deiparam
1093 3116 1106 3157 :
1145 3116 1280 3158 nam
1338 3097 1553 3177 inquit,
1620 3095 1777 3157 Ecce
1829 3103 2017 3156 mater
2065 3102 2184 3157 tua.

534 3182 754 3247 Verum
790 3187 913 3246 haec
942 3194 1080 3247 ante
1134 3186 1572 3247 enarrationem
1631 3184 1790 3246 dicta
1839 3184 2181 3245 sufﬁciant:

532 3291 690 3335 nunc
719 3274 1061 3355 incipienda
1090 3273 1384 3335 dictorum
1411 3275 1544 3352 ejus
1565 3272 1882 3335 reseralio.

1096 3364 1237 3424 505
1272 3362 1512 3427 CAPUT
1552 3362 1597 3426 Ι.

536 3457 967 3520 Testimonium
996 3457 1254 3521 Joannis
1275 3459 1349 3520 de
1382 3458 1643 3521 Christo.
1664 3455 1973 3532 Quomodo
1987 3457 2185 3517 Joan-

607 3555 712 3600 nes
743 3540 1201 3617 interrogatum
1232 3540 1497 3617 miserit,
1527 3554 1609 3599 an
1660 3541 1838 3599 Jesus
1881 3535 2186 3617 essetjlle

617 3619 928 3681 Christus.
963 3614 1045 3680 De
1076 3620 1381 3681 vocatione
1405 3614 1687 3697 Andreae,
1721 3618 1911 3687 Petri.
1937 3614 2184 3695 Philip-

606 3702 671 3777 pi
699 3703 754 3759 et
783 3698 1209 3762 Nathanaelis.

607 3880 791 3945 Vnus.
828 3883 884 3945 1.
917 3907 943 3937 α
984 3885 1050 3944 In
1076 3881 1369 3961 principio
1402 3889 1527 3942 erat
1554 3877 1836 3942 Verbum.
1877 3904 1903 3934 ι
1937 3877 2104 3941 Sicut
2122 3884 2178 3937 et

526 3971 588 4032 in
635 3972 923 4051 procemio
979 3971 1280 4051 dicebam,
1312 3970 1390 4032 ita
1420 3970 1615 4031 denuo
1659 3968 1817 4048 dico,
1850 3969 2010 4048 quod
2041 3984 2174 4027 cum

526 4060 901 4140 evangelista;
951 4059 1051 4122 alii
1096 4059 1442 4121 inferiorem
1508 4059 1866 4120 nativitatem
1914 4055 2175 4129 Domini,

526 4150 942 4212 educationem
994 4161 1053 4211 et
1105 4148 1544 4211 incrementum
1593 4148 1704 4210 late
1738 4152 2075 4218 narrarunt,
2110 4162 2181 4205 ea

522 4237 1160 4300 Joannestranscurrat
1175 4236 1737 4319 quidem,utisatisa
1759 4233 2184 4315 condiscipulis

523 4327 645 4388 suis
673 4327 851 4402 dicta,
887 4328 961 4389 de
992 4327 1213 4388 deitate
1244 4334 1442 4389 autem
1492 4327 1621 4407 ejus
1652 4325 1750 4406 qui
1786 4332 2030 4405 propter
2076 4341 2183 4384 nos

520 4417 697 4477 homo
742 4417 933 4478 factus
978 4425 1089 4493 est,
1143 4416 1437 4477 disserat:
1469 4415 1704 4477 tametsi
1761 4415 1808 4474 si
1864 4413 2182 4491 diligenter

522 4505 1014 4579 consideraveris,
1051 4523 1243 4586 neque
1268 4505 1353 4566 illi
1378 4506 1452 4566 de
1482 4504 1704 4566 deitate
1737 4502 2037 4582 Unigeniti
2083 4502 2177 4562 di-

2270 2408 2435 2466 ριτος,
2508 2387 2595 2442 καὶ
2664 2391 2822 2463 γεννᾷ
2862 2386 3059 2453 ταύτην
3088 2386 3141 2442 ὲν
3171 2388 3329 2461 ἡμῖν.
3373 2390 3479 2457 Τὴν
3511 2391 3609 2467 γὰρ
3658 2413 3942 2468 ταραττο-

2267 2478 2435 2553 μένην
2491 2479 2700 2557 ψυχὴν,
2759 2480 2847 2534 καὶ
2902 2477 2978 2533 ἔτι
3034 2479 3220 2559 μα’χας
3275 2481 3507 2559 ἔχουσαν
3534 2484 3672 2560 πρὸς
3719 2505 3783 2539 τε
3818 2484 3940 2545 τοὺς

2269 2566 2461 2631 ἄλλους
2490 2566 2814 2647 ἀνθρώπους,
2886 2569 2972 2623 καὶ
3046 2571 3175 2647 πρὸς
3249 2569 3462 2641 ἑαυτὴν,
3508 2572 3605 2627 οὐκ
3634 2574 3790 2634 εἰκὸς
3841 2578 3938 2640 τῆς

2265 2659 2404 2721 θείας
2476 2654 2759 2723 ἀξιωθῆναι
2820 2656 3064 2735 χάριτος,
3142 2656 3582 2735 Ἐπεσκεψᾶμεθα
3613 2658 3674 2715 δὲ
3726 2667 3825 2719 καὶ
3883 2688 3935 2720 τι

2266 2745 2694 2824 Θαυμασιώτερον
2750 2743 2952 2820 συμϐὰν
3010 2748 3127 2826 περὶ
3197 2757 3381 2807 τοῦτον
3452 2747 3516 2816 δὴ
3560 2753 3657 2806 τὸν
3695 2757 3939 2831 εὐαγγε-

2268 2832 2453 2902 λιστὴν
2510 2832 2788 2901 Ἰωάννην.
2864 2834 3034 2898 Μόνος
3090 2836 3191 2915 γὰρ
3248 2839 3399 2900 οὗτος
3469 2853 3614 2915 τρεῖς
3680 2844 3936 2921 μητέρας

2268 2924 2606 3003 ἀναφαίνεται
2668 2922 2836 3004 ἔχων,
2908 2925 3006 2992 την
3062 2927 3288 3005 φυσικὴν
3346 2928 3447 2995 τὴν
3476 2926 3781 3004 Σαλώμην,
3838 2937 3941 3002 τὴν

2267 3012 2493 3091 βροντὴν
2555 3010 2686 3091 (υἱὸς
2748 3014 2847 3093 γὰρ
2904 3014 3128 3093 βροντῆς
3197 3013 3281 3071 διὰ
3322 3017 3421 3084 τήν
3449 3026 3542 3075 τοῦ
3592 3022 3935 3100 Εὗαγγελίου

2268 3100 2723 3192 μεγαλοφωνίαν),
2780 3104 2867 3159 καὶ
2922 3103 3021 3171 τὴν
3047 3106 3341 3192 ⁸Θεοτόκον⁹
3393 3128 3417 3162 ι
3476 3103 3605 3163 Ἰδοὺ
3648 3110 3783 3187 γὰρ,
3822 3137 3934 3192 tam-

2270 3191 2370 3269 σὶν,
2402 3191 2479 3279 ,ᾃὴ
2549 3191 2730 3269 μήτηρ
2780 3213 2897 3251 σου.
2965 3214 2993 3246 ι
3046 3189 3196 3249 Ἀλλ’
3268 3193 3382 3250 ἐπεὶ
3412 3202 3577 3252 ταῦτα
3623 3198 3774 3273 ἡμῖν
3832 3189 3936 3279 ἐτεδ

2270 3283 2367 3346 τῆς
2397 3276 2699 3357 ἐξηγήσεως
2728 3279 2971 3357 εἴρηται,
2998 3280 3215 3361 ἀρκτέον
3236 3280 3342 3351 ἢδη
3386 3284 3475 3340 καὶ
3505 3285 3602 3351 τῆς
3628 3294 3733 3344 τοῦ
3762 3276 3935 3366 ῥητῷ

2270 3366 2602 3432 ἅναπτύξεως
2613 3412 2626 3426 .

2893 3469 3144 3527 ΚΕΦΑΛ,
3180 3463 3265 3527 Α’.

2269 3555 2391 3641 Πεὲ
2452 3558 2555 3641 τῆς
2605 3555 2895 3641 μαρτυρίας
2952 3561 3071 3641 τοῦ-
3109 3555 3356 3641 Ἰωάννου
3443 3560 3561 3641 περί
3656 3569 3923 3641 ῖΧριστεῦ.

2347 3634 2467 3711 Περὶ
2533 3635 2631 3718 ,τοῦ
2727 3631 2975 3718 Ἰωάννου
3027 3634 3433 3718 ἐρωτηθέντος,
3512 3631 3569 3695 ἐἰ
3653 3631 3804 3700 ἔστιν
3904 3650 3927 3701 ὁ

2345 3713 2604 3797 Χριστός.-
2665 3714 2811 3797 [ξερὶΔ
2858 3711 3123 3793 Ἀνδρέου,
3185 3711 3430 3797 Πέτρου,’
3493 3718 3771 3780 Φιλίππου
3847 3730 3927 3782 καὶ

2344 3791 2621 3861 Ναθαναὴλ
2649 3791 2969 3861 κληθέντων.

2345 3909 2373 3941 ι
2407 3883 2502 3944 Ἐν
2532 3886 2680 3967 ἀρχῇ
2700 3887 2767 3955 ἦν
2808 3890 2836 3943 ὁ
2868 3889 3063 3967 Λόγος.
3094 3912 3122 3945 ι
3174 3880 3361 3971 ”Οπερ
3403 3894 3491 3949 καὶ
3519 3888 3583 3949 ἔν’
3607 3899 3920 3973 προοιμίοις

2262 3974 2445 4050 εἷπον,
2506 3975 2665 4032 πάλιν
2697 3976 2785 4032 καὶ
2828 3983 2983 4033 τοῦτο
3024 3977 3149 4057 ἐρῶ,
3195 3978 3276 4036 ὅτι
3320 3987 3427 4037 τῶν
3457 3980 3637 4039 ἄλλων
3683 3986 3919 4064 3-3271:-

2262 4062 2457 4121 λιστῶν
2514 4064 2611 4132 την
2686 4065 2835 4121 κάτω
2863 4064 3111 4144 γέννησιν
3152 4076 3247 4126 τοῦ
3292 4073 3499 4150 Κυρίου,
3552 4072 3655 4138 τὴν
3686 4062 3921 4153 ἀνατρο-

2264 4153 2393 4231 φὴν,
2452 4154 2551 4221 τὴν
2584 4154 2797 4221 αὔξησιν
2829 4154 3072 4222 πλατέως
3115 4158 3570 4239 ἀφηγησρμένων,
3604 4164 3764 4226 οὗτος
3826 4167 3921 4237 μὲν

2263 4241 2445 4299 ἐκεῖνα
2512 4244 2862 4323 παρατρέχει,
2923 4246 2998 4308 ὡς
3029 4247 3302 4327 αὐτάρκως
3357 4262 3477 4314 τοῖς
3534 4256 3923 4326 συμμαθηταῖς

2261 4332 2420 4418 αὐτοῦ
2476 4331 2722 4412 ῥηθέντα,
2781 4333 2900 4418 περὶ
2973 4334 3027 4389 δὲ
3097 4340 3193 4403 τῆς
3250 4337 3501 4405 θεότητος
3522 4349 3615 4398 τοῦ
3672 4338 3742 4396 δι’
3780 4344 3924 4418 ἡμᾶς

2262 4417 2761 4496 ἐνανθρωπήσαντος
2818 4417 3140 4498 διαλέγεται’
3202 4426 3372 4482 καίτοι
3404 4427 3448 4482 εἴ
3479 4424 3710 4507 ἀκριϐῶς
3784 4417 3921 4487 θεω-

2262 4508 2462 4585 ρήσεις,
2524 4506 2643 4564 οὕτε
2703 4507 2898 4566 ἐκεῖνοι
2956 4513 3017 4566 τὸ
3074 4514 3191 4591 περὶ
3243 4514 3341 4580 τῆς
3425 4517 3518 4572 τοῦ
3581 4523 3923 4597 tramam

521 4611 660 4655 cere
710 4595 1123 4672 neglexerunt,
1167 4594 1271 4655 sed
1307 4594 1438 4672 ejus
1468 4594 1830 4654 mentionem
1882 4591 2176 4670 fecerunt,

2273 4596 2512 4662 ledmtoc
2540 4598 2743 4689 ἐἰπεῖν
2798 4599 3137 4678 παρώσαντο,
3194 4600 3316 4659 ἀλλ’
3384 4591 3833 4689 ἐπεμνήσθησαν,
3884 4612 3925 4666 εἰ

520 4683 797 4764 quamvis
844 4702 962 4743 non
999 4682 1253 4744 diﬁ‘use:
1291 4700 1483 4762 neque
1542 4681 1650 4744 iste
1694 4682 1777 4742 ita
1827 4679 2181 4754 sublimitati

516 4771 685 4833 verbi
714 4772 979 4833 intentus
1012 4770 1142 4848 fuit,
1170 4780 1232 4832 ut
1262 4771 1504 4831 omnino
1530 4769 1914 4851 posthaberet
1943 4769 2185 4849 dispen-

2260 4686 2347 4740 καὶ
2380 4685 2455 4775 μη
2498 4683 2763 4775 πλατέως,
2799 4686 2916 4744 οὔτε
2947 4688 3097 4753 οὗτος
3142 4692 3273 4764 πρὸς
3317 4694 3410 4749 τὸν
3448 4692 3793 4775 ὑψηλότερον
3817 4683 3927 4755 ’λό-

2264 4795 2359 4853 γον
2414 4771 2748 4850 ἀποϐλέψας,
2806 4776 3047 4851 ἧμὲληοε
3115 4780 3290 4849 πάντη
3374 4787 3473 4851 τῆς
3524 4771 3792 4859 ἐνσάρκου
3845 4792 3930 4846 οἰ-

518 4862 812 4922 sationem
846 4859 1056 4940 ejusin
1089 4878 1288 4921 carne.
1330 4857 1493 4922 Unus
1546 4859 1703 4919 enim
1760 4866 1887 4919 erat
1940 4856 2181 4938 spiritus

2273 4864 2546 4939 κονομίας⁸
2593 4861 2647 4918 ἕν
2677 4866 2777 4943 γὰρ
2804 4866 2870 4933 ἦν
2900 4869 3111 4943 Πνεῦμα
3139 4870 3199 4926 τὸ
3229 4879 3405 4929 κινοῦν
3445 4874 3541 4938 τὰς
3739 4877 3933 4939 ἁπάν-

518 4954 620 5037 qui
648 4952 923 5016 movebat
956 4952 1223 5014 omnium
1245 4949 1713 5032 animas.Itaque
1740 4950 1913 5011 nobis
1934 4950 2007 5010 de
2033 4950 2179 5013 Filio

516 5042 782 5105 disserit.
824 5041 1059 5104 Etenim
1091 5043 1264 5104 Pater
1311 5040 1482 5102 nobis
1514 5058 1581 5101 ex
1633 5039 1818 5101 veteri
1848 5038 1979 5116 lege
2006 5047 2181 5101 notus

515 5140 643 5193 erat
674 5149 687 5193 ε
725 5134 963 5193 tametsi
1020 5148 1129 5191 nec
1186 5129 1261 5190 de
1292 5132 1465 5192 Patre
1498 5128 1776 5203 obticeat,
1806 5129 1909 5189 sed
1956 5135 2015 5188 et
2050 5129 2181 5208 ejus

517 5221 789 5282 meminit
817 5222 891 5283 de
914 5220 1063 5283 Filio
1090 5216 1647 5300 loquens.05tendit
1664 5218 1839 5297 igitur
1862 5236 1986 5279 sem
1996 5216 2178 5296 piter-

514 5310 765 5373 nitatem
823 5308 1142 5387 Unigeniti,
1179 5308 1483 5371 dicendo:
1529 5333 1555 5363 α
1602 5311 1664 5371 ln
1710 5305 2003 5388 principio
2054 5317 2179 5369 erat

514 5395 807 5474 Verbum,
842 5425 869 5455 ι
906 5400 1016 5461 hoc
1043 5407 1153 5478 est,
1186 5415 1223 5459 a
1252 5396 1551 5479 principio
1584 5406 1731 5462 erat.
1763 5395 1931 5469 Quod
1957 5395 2119 5457 enim
2143 5415 2177 5458 a

599 5562 669 5611 ⁵8
701 5559 907 5624 Matth.
934 5578 995 5635 v,
1018 5560 1077 5622 8.

594 5700 682 5774 (ιι)
719 5694 874 5756 Edit.
913 5694 1044 5755 Lut.
1077 5712 1195 5753 non
1234 5694 1431 5766 habet,
1465 5691 1747 5754 Solamen
1777 5701 2021 5755 natura.

2276 4974 2395 5048 των⁸
2439 4953 2638 5048 ψυχάς.
2678 4952 2987 5048 οιαλέγεται
3032 4960 3119 5048 ουν
3147 4960 3287 5035 ἡμῖν
3314 4963 3429 5039 περὶ
3456 4969 3551 5020 τοῦ
3576 4964 3720 5024 Tim}.
3760 4968 3795 5023 ὃ

2266 5043 2442 5131 Πατὴρ
2500 5040 2602 5110 ἤδη
2674 5043 2780 5100 ἀπὸ
2836 5050 2936 5115 τῆς
2990 5046 3227 5114 Παλαιᾶς
3283 5052 3550 5131 γνώριμος
3602 5058 3695 5121 ἦν.
3731 5040 3931 5115 Ruf-toi

2262 5130 2377 5188 οὐδὲ
2436 5132 2524 5189 τὸν
2600 5133 2807 5211 Πατέρα
2839 5134 3241 5205 ἀπεσιώπησεν.
3290 5130 3428 5197 ἄλλᾶ
3456 5144 3544 5199 καὶ
3580 5145 3698 5222 περὶ
3729 5150 3935 5205 τούτου

2262 5222 2553 5301 μέμνηται,
2611 5223 2698 5278 καὶ
2755 5224 2872 5300 περὶ
2925 5232 3018 5281 τοῦ
3086 5228 3207 5284 Ποῦ
3249 5225 3417 5308 λέγει.
3455 5230 3694 5287 Δείκνυσι
3744 5238 3937 5292 τοίνυν

2261 5315 2323 5406 τὸ
2380 5308 2553 5406 ᾁίδιον
2620 5318 2713 5369 τοῦ
2782 5315 3198 5406 Μονογενοῦςίν
3228 5325 3306 5406 τῷ
3334 5317 3533 5397 λέγειν·
3576 5344 3603 5374 α
3642 5309 3735 5377 Ἐν
3777 5324 3941 5406 ἀρχῆ

2258 5403 2324 5467 ἦν
2374 5401 2402 5454 ὁ
2476 5401 2671 5480 Λόγος,
2709 5424 2738 5455 ι
2774 5402 3067 5485 τουτέστιν,
3100 5403 3193 5461 ἀπ’
3223 5405 3402 5487 ἀρχῆς
3459 5407 3549 5477 ἦν.
3585 5410 3658 5467 Τὸ
3689 5401 3944 5492 γὰρ-ἀπ’
