4116 6212
247 317 409 391 H37.

955 316 1413 393 ENARRATIO.
1442 320 1541 393 11v:
1569 272 1902 381 ESVANGEI

1989 310 2076 372 3M
2119 312 2461 376 IOANNIS.
2508 344 2587 356 —
2628 313 2793 376 CAP.
2842 315 2888 375 Ι.

3461 294 3610 377 4138

242 451 421 530 ἀρχῆς
479 447 561 529 ὅν,
608 450 667 505 οὗ
699 450 778 525 μὴ
809 449 991 526 εὑρεθῆ
1033 448 1243 513 πάντως
1272 448 1490 527 χρόνος,
1538 447 1626 503 ὅτε
1659 446 1752 504 οὑκ
1797 446 1887 513 ἦν,

1989 441 2275 525 Jrincipio
2299 446 2552 524 est,ejus
2567 446 2809 507 omnino
2832 444 3058 507 nullum
3074 450 3307 526 tempus
3332 444 3637 508 inventum
3718 504 3725 507 ν

248 540 344 596 Καὶ
402 538 582 617 πόθεν,
648 539 798 619 φησὶ,
873 536 1032 607 δῆλον
1091 535 1169 593 ὅτι
1226 539 1309 610 τὸ,
1348 562 1374 592 ι(
1428 534 1517 594 Ἐν
1550 537 1695 615 ἀρχῇ
1722 535 1812 608 ἦν,
1861 557 1885 588 n

244 628 431 684 ταυτὸν
490 628 737 701 σημαίνει
793 627 894 705 τῷ,
926 626 1019 683 ἀπ’
1049 625 1225 705 ἀρχῆς
1260 644 1276 704 ς
1312 626 1515 705 Πόθεν,
1554 626 1650 682 Καὶ
1680 622 1772 678 ἀπ’
1808 625 1896 678 αὑ-

247 715 344 782 τῆς
401 714 497 789 μὲν
556 720 657 782 τῆς
725 721 913 782 κοινῆς
938 713 1286 792 ὑπολήψεως,
1315 713 1546 789 μάλιστα
1576 710 1629 769 δὲ
1661 709 1753 768 ἀπ’
1796 711 1895 768 αὑ-

246 814 338 862 τοῦ
391 804 576 861 τούτου
629 810 721 861 τοῦ
770 803 1167 882 εὑαγγελιστοῦ.
1242 805 1382 871 Φησὶ
1440 804 1539 882 γὰρ
1582 802 1636 858 ἐν
1665 808 1762 877 μιᾷ
1792 808 1897 858 τῶν

252 894 406 949 αὑτοῦ
476 892 791 950 ἐπιστολῶν·
846 919 867 945 ι
928 886 1011 950 ’¹Ο
1038 893 1102 959 ἧν
1136 890 1230 949 ἀπ’
1259 891 1436 973 ἀρχῆς
1482 890 1626 970 (12),
1661 893 1689 946 ὃ
1724 890 1897 969 ἑωρά-

252 1004 441 1057 καμεν.
508 1002 535 1041 c
611 974 763 1061 Ὀρᾷς
823 984 910 1038 οὖν
940 988 1055 1045 πῶς
1092 984 1247 1043 αὑτὸς
1280 982 1460 1037 ἑαυτὸν
1493 983 1519 1037 6
1549 980 1896 1059 ἠγαπημένος

254 1070 572 1151 ἐρμηνεόεῖς
648 1073 766 1145 Ναὶ,
815 1075 995 1151 φησὶν,
1056 1068 1175 1125 ἀλλ’
1233 1069 1341 1148 ἐγὼ
1368 1072 1454 1141 τὸ,
1512 1092 1538 1125 α
1575 1068 1627 1124 ἐι
1658 1069 1824 1148 ἀρχῇ,
1865 1091 1891 1122 n

252 1160 390 1216 οὕτω
468 1166 591 1225 νοω,
654 1160 832 1239 ὥσπερ
902 1160 989 1216 καὶ
1047 1160 1189 1238 παρὰ
1215 1165 1290 1232 τῷ
1323 1160 1533 1215 Μωσεῖ·
1577 1181 1598 1213 ε
1630 1156 1721 1215 Ἐν
1750 1157 1897 1237 ἀρχῇ

253 1248 501 1316 ἐποὲησεν
555 1251 583 1304 6
642 1238 811 1313 886;,
862 1272 884 1307 υ
949 1238 1166 1327 ιὨσπερ
1197 1249 1296 1327 γὰρ
1318 1247 1433 1304 ἐκεῖ
1464 1251 1568 1328 οἰχ
1598 1249 1670 1312 ὡς
1727 1245 1899 1305 ἀϊδίου

254 1336 401 1401 ὄντος
471 1345 560 1395 τοῦ
616 1338 833 1417 οὑρανοῦ
887 1340 969 1418 τὸ,
1011 1361 1034 1392 ι
1072 1337 1125 1393 ἐν
1169 1338 1337 1417 ἀρχῇ,
1385 1360 1407 1393 ι
1444 1351 1669 1410 νόεῐται,
1731 1336 1896 1398 οῗτως

255 1425 359 1483 063'
418 1426 635 1485 ἐνταῦθα
690 1430 774 1501 τὸ,
854 1452 880 1481 α
910 1428 964 1483 ἐν
996 1427 1161 1507 ἀρχῇ,
1201 1449 1231 1483 ι
1268 1428 1466 1500 νοήσω,
1500 1428 1571 1492 ὡς
1602 1424 1774 1484 ἀϊδίου
1804 1424 1897 1482 ἄν·-

254 1538 345 1581 τος
401 1538 494 1573 του
545 1523 892 1594 Μονογενοᾱ.
963 1506 1265 1591 Ταῦταμὶν
1298 1518 1325 1572 6
1369 1516 1649 1591 αἱρετικός.
1707 1506 1899 1590 Ἠμεϊς

242 1604 307 1661 δὲ
361 1606 492 1683 πρὸς
548 1605 744 1672 ταύτην
800 1604 897 1671 τὴν
952 1604 1178 1670 ἆνόητιον
1247 1604 1488 1661 ἔνστασιν
1538 1602 1682 1660 οὑδὲν
1726 1603 1899 1681 ἕτερον

1976 533 2216 613 quando
2247 552 2365 593 non
2388 534 2619 595 erat.Et
2639 533 2797 594 unde
2820 532 3036 594 dixerit
3058 534 3212 615 quis,
3245 533 3613 596 Manifestum

1976 622 2133 703 quod
2159 621 2219 682 in
2253 620 2544 702 principio
2566 621 2725 683 idem
2759 622 2833 683 sit
2864 623 3015 700 quod
3042 641 3075 683 a
3106 621 3642 704 principio?Unde?

1974 711 2055 772 Ex
2096 710 2226 791 ipsa
2268 711 2508 791 quidem
2561 712 2860 771 communi
2910 712 3323 792 conceptione,
3376 713 3626 773 maxime

1978 808 2174 862 autem
2225 798 2297 861 ab
2345 801 2458 861 hoc
2506 801 2635 880 ipso
2680 799 3064 879 evangelista.
3118 802 3316 881 Inquit
3369 803 3525 862 enim
3572 800 3634 861 in

1980 908 2098 950 una
2122 907 2361 950 suarum
2395 888 2782 968 epistolarum
2818 910 2832 947 :
2872 914 2894 944 ιι
2931 887 3101 960 Quod
3150 897 3276 950 erat
3318 888 3391 950 ab
3441 890 3630 965 initio,

1979 977 2132 1059 quod
2168 977 2424 1039 vidimus
2458 978 2543 1040 59.
2585 1002 2604 1032 ι
2647 976 2827 1038 Vides
2854 977 3033 1056 igitur
3063 978 3218 1058 quod
3249 977 3351 1039 ille
3381 977 3634 1040 dilectus

1979 1066 2213 1128 Domini
2245 1064 2508 1144 seipsum
2534 1065 2982 1145 interpretetur?
3016 1065 3233 1142 Etiam,
3258 1065 3468 1146 inquit.
3519 1066 3636 1129 Sed

1979 1172 2086 1233 ego
2113 1153 2335 1227 istud,«
2374 1154 2433 1213 in
2469 1153 2926 1233 principio,»sic
2957 1153 3635 1233 intelligo,quetnadmo-

1980 1242 2121 1303 dum
2168 1249 2227 1303 et
2270 1260 2305 1304 a
2346 1243 2511 1304 Mose
2560 1241 2785 1303 dictum
2839 1250 2949 1317 est,
3002 1240 3128 1303 «In
3177 1240 3467 1321 principio
3499 1242 3643 1303 fecit

1984 1331 2137 1393 Deus
2164 1331 2248 1390 ϐο.
2289 1356 2308 1386 ι
2355 1330 2521 1393 Sicut
2545 1331 2705 1392 enim
2738 1330 2858 1393 illic
2890 1331 3076 1407 istud,
3101 1331 3160 1391 in
3197 1330 3642 1412 principio,non

1981 1419 2334 1500 intelligitur
2364 1420 2532 1501 quasi
2590 1419 2801 1480 coelum
2841 1419 3022 1480 fuerit
3065 1420 3524 1500 sempiternum,
3554 1420 3640 1482 sic

1986 1528 2177 1588 neque
2201 1510 2313 1571 hoc
2339 1509 2471 1570 loco
2520 1508 2675 1588 quod
2734 1510 3139 1589 sempiternus
3170 1510 3246 1569 sit
3276 1509 3639 1588 unigenitus.

1984 1598 2121 1660 Haec
2144 1598 2384 1679 quidem
2413 1597 2886 1660 haereticus.Nos
2910 1608 3107 1660 autem
3132 1598 3202 1659 ad
3229 1598 3383 1660 hanc
3404 1598 3638 1660 stultam

255 1694 495 1772 ἐροῦμεν,
564 1690 684 1749 ἀλλ’
741 1694 777 1761 ἢ
832 1703 1008 1753 τοῦτο’
1042 1683 1106 1749 Ὠ
1138 1695 1361 1774 σοφιστὰ
1388 1696 1486 1759 τῆς
1517 1694 1727 1766 κακίας,
1784 1693 1897 1755 πῶς

1989 1688 2319 1748 instantiam
2345 1687 2491 1748 nihil
2518 1687 2677 1748 aliud
2728 1686 3004 1762 dicimus,
3050 1706 3225 1769 quam
3269 1687 3382 1749 hoc
3416 1709 3430 1750 :
3466 1686 3512 1750 Ο
3544 1706 3642 1749 so-

255 1786 314 1839 τὸ
385 1781 504 1849 ἑξῆς
560 1784 983 1861 ὑπεκράτησας;
1043 1781 1193 1839 Ἀλλ’
1249 1784 1414 1857 ἡμεῖς
1467 1788 1620 1838 τοῦτο
1651 1781 1896 1861 ἐροῦμεν,

257 1870 351 1927 κέἰν
411 1872 472 1928 σὺ
519 1871 596 1947 uti
652 1871 830 1948 θέλῃς.
894 1870 1045 1930 Ἐκεῖ
1103 1874 1200 1947 μὲν
1270 1874 1369 1950 γὰρ
1412 1874 1440 1927 6
1475 1876 1669 1937 Μωσῆς
1713 1886 1894 1951 φησιν·

263 1984 291 2015 α
349 1958 438 2017 Ἐν
510 1960 657 2040 ἀρχῇ,
714 1960 963 2027 ἐποίησεν
1032 1963 1060 2017 6
1114 1969 1243 2025 Θεος
1287 1963 1379 2016 τὸν
1408 1959 1626 2037 οὑρανὸν
1657 1961 1745 2015 καὶ
1799 1960 1899 2027 τὴν

260 2055 380 2126 γῆν⁶
438 2074 464 2105 a
527 2050 743 2106 ἒνταῦθα
800 2046 877 2129 δὲ,
938 2074 964 2103 α
1002 2048 1089 2107 Ἐν
1133 2049 1279 2129 ἀρχῇ
1324 2049 1390 2116 ἦν
1424 2050 1452 2105 6
1499 2047 1687 2126 Δόγος.
1727 2072 1753 2103 ι
1810 2047 1897 2112 Τίς

258 2139 343 2194 οὖν
375 2138 619 2195 κοινωνία
661 2145 738 2213 τῷ
774 2162 799 2194 α
836 2137 1073 2218 ἐποῖησε,
1109 2159 1137 2197 ι
1173 2140 1303 2217 πρὸς
1333 2139 1394 2193 τὸ
1429 2162 1451 2191 α
1488 2138 1553 2205 ἦν
1587 2156 1603 2216 ς
1643 2160 1666 2189 ι)
1716 2138 1771 2193 Εἰ
1802 2137 1898 2211 μὲν

260 2229 356 2305 γὰρ
400 2224 707 2307 ¹ἐγέγραπτο
763 2229 851 2284 καὶ
916 2227 1153 2284 ἐνταῦθα·
1221 2226 1313 2283 Ἐν
1359 2226 1506 2305 ἀρχῇ
1565 2224 1812 2292 ἐποίησεν
1870 2229 1897 2283 ὁ

261 2319 388 2380 Θεὸς
459 2319 549 2372 τὸν
582 2318 722 2390 Υἱὸν,
757 2316 978 2394 ἐσίγησα
1010 2316 1093 2371 ἅν·
1128 2322 1213 2371 νῦν
1242 2314 1319 2394 δὲ,
1358 2338 1385 2370 ο
1421 2313 1509 2371 Ἐν
1552 2315 1699 2394 ἀρχῇ
1744 2315 1830 2382 ἦν·
1868 2336 1892 2372 ο

260 2404 311 2470 ἐξ
364 2406 424 2462 οὗ
485 2412 587 2461 νοῶ
642 2407 705 2461 τὸ
736 2403 918 2469 ἀϊδίως
949 2405 1090 2461 εἶναι
1135 2406 1224 2461 τὸν
1255 2404 1444 2482 Λόγον,
1481 2401 1617 2459 ἀλλὰ
1646 2404 1722 2478 μὴ
1750 2402 1910 2459 ὕστε-

1985 1777 2176 1856 phista
2207 1776 2465 1856 malitiae,
2519 1775 2814 1857 quomodo
2858 1776 3016 1857 quod
3050 1776 3319 1857 sequitur
3347 1774 3641 1838 subticuio

1982 1863 2165 1925 sti?At
2191 1863 2510 1945 nos,etiam
2549 1865 2663 1925 hoc
2692 1870 2751 1924 te
2774 1863 3491 1944 nolente,dicemus.Nam
3516 1864 3640 1927 illic

1982 1951 2223 2034 quidem
2246 1954 2441 2015 Moses
2467 1952 2635 2031 dicit,
2652 1951 2749 2013 «In
2775 1952 3070 2033 principio
3095 1951 3400 2013 fecitDeus
3423 1954 3639 2015 caelum

1982 2050 2040 2101 et
2071 2048 2291 2102 terram
2328 2058 2341 2102 :
2384 2066 2411 2097 a
2441 2041 2553 2102 hoc
2585 2049 2787 2103 autem
2820 2040 2972 2121 loco,
3014 2065 3037 2098 ι
3070 2043 3136 2103 In
3190 2040 3482 2121 principio
3518 2049 3642 2103 erat

1985 2128 2463 2202 Verbumaouaa
2489 2129 2668 2209 igitur
2686 2129 3026 2191 communio
3054 2128 3492 2207 verbi,fecit,ad
3515 2146 3637 2191 ver-

1982 2216 2143 2292 bum,
2177 2217 2622 2299 eratPEquidem
2657 2218 3033 2291 siluissern,si
3061 2218 3174 2279 hoc
3196 2218 3325 2279 loco
3355 2220 3641 2299 scriptum

1981 2306 2290 2383 fuisset,In
2324 2306 2617 2387 principio
2648 2306 2790 2369 fecit
2817 2306 2974 2368 Deus
3003 2306 3420 2379 Filium;nunc
3441 2315 3641 2369 autem

1988 2398 2203 2478 inquit,
2242 2420 2263 2453 α
2300 2396 2367 2459 In
2401 2397 2698 2477 principio
2722 2400 3004 2459 erat.»Ex
3034 2416 3152 2477 quo
3184 2396 3455 2474 intelligo
3477 2414 3642 2458 sem-

262 2516 371 2568 ρον,
443 2494 616 2556 καθὼς
669 2494 821 2568 ὑμεῖς
884 2492 1186 2572 φλυαρεῖτε,
1263 2494 1411 2555 Τίνος
1482 2490 1537 2547 δὲ
1581 2494 1754 2549 ἓνεκεν
1814 2492 1902 2549 οὑκ

1989 2486 2284 2567 piternum
2317 2487 2495 2547 fuisse
2529 2488 2802 2560 verbu.n,
2831 2494 2890 2547 et
2925 2506 3043 2548 non
3087 2486 3381 2567 posterius
3430 2486 3641 2547 condi—

263 2586 435 2662 ainev
473 2579 563 2639 Ἐν
594 2582 737 2662 ὀρχῇ
766 2582 831 2649 ἦν
862 2584 890 2638 6
926 2584 1067 2656 Υἱὸς,
1100 2579 1247 2661 ἀλλ’,
1279 2601 1304 2637 ι
1353 2583 1380 2638 6
1426 2585 1623 2660 Λόγος,
1661 2604 1688 2635 ι
1724 2579 1902 2647 ἄκουε,

1991 2584 2135 2650 tum,
2170 2578 2321 2638 sicut
2352 2596 2451 2637 vos
2477 2576 2801 2654 uugamini.
2839 2575 3031 2648 Quare
3084 2583 3280 2636 autem
3315 2594 3431 2635 non
3473 2574 3640 2655 dixit,

267 2653 396 2729 "Ott
426 2669 509 2728 διὰ
538 2672 637 2738 τὴν
679 2678 785 2727 τῶν
813 2671 1111 2728 ἀκουόντων
1138 2671 1429 2744 ἀσθένειαν,
1462 2670 1556 2726 ἵνα
1604 2671 1682 2745 μὴ
1740 2669 1902 2727 ἀκού-

1997 2688 2020 2721 α
2056 2664 2121 2727 In
2148 2666 2439 2747 principio
2470 2653 2595 2726 erat
2626 2691 2651 2721 ι»
2680 2665 2885 2738 Filius,
2910 2665 3075 2739 sed,c
3111 2663 3431 2725 Verbum‘h
3460 2653 3640 2743 Audi,

266 2782 447 2825 σαντες
492 2761 636 2824 εὐθὺς
702 2758 753 2826 ἐξ
810 2760 985 2841 ἀρχῆς
1034 2761 1167 2839 υἱὸν,
1212 2761 1493 2835 νοήσωμεν
1523 2759 1766 2837 γέννησιν
1795 2762 1902 2835 ἒμ-

1992 2764 2233 2834 propter
2262 2754 2602 2815 auditorum
2640 2753 3066 2833 inﬁrmitatem,
3100 2771 3177 2814 ne
3206 2751 3406 2841 audito
3441 2752 3634 2841 statim

264 2853 405 2916 παθη
466 2852 554 2906 καὶ
608 2850 943 2929 σωματικὴν,
1002 2850 1183 2905 τούτου
1246 2849 1421 2905 ἕνεκεν
1497 2849 1665 2926 Λόγον
1755 2850 1902 2905 αὑτὸν

1989 2842 2060 2903 ab
2086 2843 2251 2904 initio
2271 2843 2410 2903 506
2434 2843 2562 2903 Filii
2582 2841 3248 2921 nomine,cogitaremus
3279 2839 3637 2901 nativitatem

262 2938 528 2997 ἐκάλεσεν·
591 2939 682 2994 ἵνα
753 2940 813 2994 αὑ
870 2939 1043 3015 μάθῃς
1094 2940 1175 2994 ὃτι
1207 2938 1385 3017 ὥσπερ
1416 2940 1442 2993 6
1473 2937 1632 3015 λόγος
1664 2944 1902 3015 γεννᾶται

1989 2932 2379 3012 corporalem,
2410 2940 2465 2992 et
2520 2931 2593 2992 ab
2653 2930 3072 2992 affectionibus
3130 2929 3634 3009 proficiscentem.

264 3029 323 3084 ἐκ
378 3037 469 3085 τοὺ
544 3030 662 3090 νοὸς
721 3026 960 3100 ἀπαθῶς,
1013 3027 1151 3083 οὕτω
1220 3028 1307 3083 καὶ
1365 3026 1514 3089 οὗτος
1565 3026 1819 3103 ἐγεννήθη
1854 3025 1902 3081 ἐν

1989 3021 2059 3083 Ει
2083 3022 2210 3101 ejus
2239 3020 2422 3099 gratia
2451 3022 2640 3101 ipsum
2681 3020 2899 3080 vocavit
2932 3018 3214 3092 Verbum,
3269 3038 3385 3099 quo
3417 3018 3637 3097 discas,

264 3124 353 3173 τοῦ
404 3118 603 3194 [ἰατρὸς
676 3116 913 3179 ἀπαθῶςο
974 3116 1061 3170 καὶ
1093 3113 1265 3177 ἄλλως
1295 3113 1348 3169 δὲ
1380 3116 1535 3172 αὑτὸν
1581 3114 1749 3191 Λόγον
1778 3114 1902 3174 ἐκά-

1995 3110 2154 3193 quod
2184 3112 2335 3171 sicut
2357 3109 2599 3171 verbum
2632 3107 2890 3188 gignitur
2921 3127 2989 3170 ex
3028 3116 3227 3169 mente
3270 3108 3399 3168 sine
3422 3106 3643 3188 passio-

263 3205 438 3284 λεσεν,
472 3204 654 3271 ἐπειδὴ
680 3205 744 3262 τὰ
773 3207 867 3260 τοῦ
912 3206 1113 3281 [ἰατρὸς
1156 3206 1292 3277 ἡμῖν
1322 3201 1672 3281 ἀπήγγειλεν,
1733 3202 1913 3281 ὥσπερ

264 3298 349 3351 καὶ
405 3303 506 3357 πᾶς
567 3295 725 3373 λόγος
775 3296 839 3351 τὰ
896 3294 987 3351 τοῦ
1039 3295 1158 3355 νοὸς
1190 3291 1518 3371 ἀπαγγέλλει
1550 3291 1909 3373 βουλεύματα,

270 3387 381 3461 ipa
451 3384 504 3440 δὲ
562 3387 648 3440 καὶ
679 3384 767 3439 ἵνα
799 3382 936 3459 δείξῃ
969 3384 1122 3440 αὑτὸν
1153 3380 1419 3439 συναϊδιον
1447 3389 1523 3455 τῷ
1556 3384 1716 3461 Πατρὶ
1760 3380 1908 3445 ὄντα,

267 3457 483 3549 ’Ὠσπερ
537 3476 637 3552 γὰρ
695 3476 788 3530 οὑκ
835 3472 976 3529 ἔστιν
1029 3473 1202 3528 εἰπεῖν
1262 3478 1380 3527 νοῦν
1420 3470 1543 3527 ὄντα
1572 3471 1700 3527 ποτὲ
1741 3472 1910 3551 χωρὶς

265 3564 448 3643 λόγου,
494 3563 660 3628 οὕτως
691 3561 804 3621 οὑδὲ
844 3564 934 3618 τὸν
969 3560 1171 3638 Πατέρα
1200 3562 1288 3617 καὶ
1318 3560 1409 3616 τὸν
1441 3561 1568 3617 Θεὸν
1599 3561 1766 3641 χωρὶς
1819 3568 1912 3617 τοῦ

470 3655 614 3709 Μετὰ
669 3660 759 3709 τοῦ
817 3650 1001 3730 ἄρθρου
1070 3647 1124 3705 δὲ
1185 3651 1364 3706 εἶπενο
1430 3640 1487 3708 Ὀ
1555 3640 1745 3727 Λόγος.
1801 3651 1911 3707 Εἰσὶ

267 3745 364 3820 γαρ
422 3744 508 3798 καὶ
552 3740 703 3798 ἄλλοι
734 3738 921 3797 πολλοὶ
950 3738 1101 3818 λόγοι
1132 3744 1222 3795 τοῦ
1254 3745 1408 3816 Θεοῦ,
1441 3742 1558 3795 οἷον
1601 3736 1689 3817 δὴ,
1747 3739 1906 3817 φημὶ,

266 3834 317 3887 αἱ
376 3832 724 3910 προφητεῖαι,
785 3830 872 3886 καὶ
928 3829 992 3884 τὰ
1048 3827 1455 3906 προστάγματα·
1514 3829 1642 3884 καθὸ
1692 3827 1905 3901 εἴρηται

267 3923 381 4000 περὶ
438 3927 543 3976 τῶν
598 3918 865 3997 ἀγγέλων,
937 3916 1016 3974 ὄτι
1104 3914 1309 3973 δυνατοὶ
1405 3918 1557 3997 ἰσχύϊ
1635 3925 1906 3980 ποιοῦντες

267 4014 354 4067 τὸν
412 4008 569 4087 λόγον
629 4010 807 4081 αὑτοῦ,
881 4006 1139 4085 τουτέστι,
1176 4006 1239 4062 τὰ
1297 4008 1678 4085 προστάγματι
1724 4006 1900 4063 αὑτοῦ·

266 4098 383 4155 ἀλλ’
416 4102 443 4155 6
473 4098 661 4177 κυρίως
695 4097 858 4175 Λόγος
916 4097 1064 4153 οὒσία
1107 4116 1183 4157 τις
1236 4093 1374 4152 ἐστὶν
1414 4095 1785 4159 ἐνοπόστιτος.

354 4389 379 4418 α
426 4367 519 4423 Καὶ
578 4367 604 4419 6
673 4363 839 4441 Λόγος
894 4362 959 4429 ἦν
1005 4363 1134 4439 πρὸς
1165 4363 1253 4418 τὸν
1284 4370 1435 4420 Θειιν.
1476 4381 1503 4419 ι
1541 4362 1643 4423 Καὶ
1696 4360 1909 4417 ἐνταῦθα

268 4456 582 4534 σαφέστερον
665 4450 888 4508 δείκνυσι
936 4448 1204 4506 emtam
1265 4452 1354 4506 τὸν
1416 4451 1534 4506 Υἱὸν
1604 4455 1683 4523 τῷ
1723 4450 1904 4528 Πατρί.

269 4529 392 4601 “iv-1
443 4529 541 4620 γάρ
602 4544 679 4617 μὴ
737 4541 977 4619 νομίσῃς,
1042 4538 1121 4594 ὅτι
1181 4541 1248 4605 ἦν
1303 4560 1431 4597 ποτε
1474 4541 1501 4595 6
1536 4540 1714 4617 Πατὴρ
1742 4540 1910 4619 χωρὶς

1995 3199 2181 3275 ne,ita
2210 3208 2269 3261 et
2297 3199 2391 3260 hic
2414 3218 2447 3259 a
2479 3201 2650 3259 Patre
2681 3206 2852 3258 natus
2883 3206 2971 3259 est
2998 3196 3224 3278 absque
3248 3196 3365 3258 ulla
3381 3195 3641 3258 affectio-

1997 3288 2210 3350 ne.Vel
2230 3288 2399 3349 aliter
2427 3309 2440 3351 :
2478 3287 2670 3368 ipsum
2698 3286 3013 3367 appellavit
3041 3285 3329 3369 Verbum,
3360 3285 3497 3367 quia
3528 3305 3640 3345 no-

1996 3378 2085 3439 bis
2114 3395 2244 3458 quae
2294 3386 2431 3439 sunt
2460 3375 2652 3438 Patris
2695 3376 3084 3456 annuntiavit,
3138 3374 3641 3457 quemadmodum

1998 3486 2175 3528 omne
2208 3466 2451 3528 verbum
2488 3465 2700 3527 mentis
2730 3465 3056 3541 voluntates
3109 3464 3438 3538 annuntiat,
3473 3466 3640 3523 insu-

1994 3576 2100 3636 per
2124 3564 2189 3617 ut
2218 3556 2491 3617 ostendat
2521 3563 2881 3619 coaeternum
2917 3573 3048 3616 esse
3080 3556 3235 3616 Patri
3272 3554 3505 3615 Filium.
3548 3551 3644 3613 Si-

1994 3645 2267 3707 cuteuitn
2294 3645 2409 3706 dici
2446 3644 2650 3724 nequit
2680 3658 2942 3704 mentem
2968 3642 3288 3721 aliquando
3339 3660 3471 3705 esse
3503 3640 3640 3701 abs-

1993 3754 2108 3816 que
2140 3734 2340 3815 verbo,
2377 3734 2452 3794 ita
2486 3751 2676 3813 neque
2711 3731 2941 3793 Patrem
2974 3739 3031 3793 et
3066 3734 3253 3794 Deum
3286 3731 3510 3810 absque
3539 3729 3639 3790 Fi-

1993 3823 2333 3886 lio.Dictum
2366 3832 2455 3885 est
2477 3833 2671 3884 autem
2703 3841 2838 3884 curn
2881 3821 3153 3900 articulo,
3186 3819 3331 3881 illud
3356 3818 3640 3880 Verbum.

1992 3916 2142 3975 Sunt
2172 3912 2329 3973 enim
2372 3913 2485 3973 alia
2518 3912 2702 3972 multa
2730 3911 2836 3972 Dei
2899 3910 3097 3984 verba,
3141 3920 3202 3971 ut
3235 3907 3559 3990 prophetia;
3589 3914 3648 3968 et

1994 4004 2302 4065 mandata:
2340 4000 2665 4064 secundum
2720 3999 2875 4081 quod
2911 4000 3130 4062 dictum
3166 4008 3254 4060 est
3284 3997 3359 4058 do
3392 3996 3640 4076 angelis,

1996 4102 2265 4171 potentes
2292 4092 2528 4164 virtute,
2562 4089 2851 4152 facientes
2882 4088 3128 4151 verbum
3189 4089 3339 4167 ejus,
3395 4088 3507 4148 hoc
3531 4096 3641 4164 est,

1997 4181 2267 4243 mandata
2301 4181 2451 4262 ejus.
2488 4178 2607 4242 Sed
2658 4180 2895 4259 proprie
2948 4178 3209 4240 Verbum
3266 4173 3647 4238 subsistentia

1995 4278 2084 4331 est
2108 4288 2421 4351 personam
2450 4268 2845 4330 constituens.

2077 4361 2253 4421 Vens.
2289 4360 2349 4421 2.
2390 4384 2416 4413 ι(
2444 4352 2521 4419 ‘Et
2545 4358 2690 4419 illud
2731 4356 2984 4419 Verbum
3026 4367 3155 4418 erat
3182 4357 3337 4436 apud
3361 4354 3573 4416 Deum.
3618 4379 3640 4410 ι.

1997 4448 2066 4511 Et
2097 4450 2209 4510 hoc
2240 4448 2372 4509 loco
2406 4446 2776 4508 manifestius
2828 4446 3046 4506 indicat
3098 4454 3454 4507 cozeternum
3489 4444 3645 4506 Patri

1995 4538 2230 4600 Filium.
2267 4538 2356 4601 Ne
2386 4537 2543 4598 enim
2582 4535 2889 4597 existimes
2919 4535 3075 4615 quod
3109 4539 3284 4598 Pater
3326 4533 3645 4613 aliquando

270 4643 360 4691 τοῦ
394 4634 535 4711 Fiet”),
568 4633 746 4709 φησὶν,
784 4629 864 4686 ὅτι
915 4651 942 4683 ε
980 4622 1037 4686 Ὀ
1083 4630 1253 4707 Λόγος
1292 4629 1356 4696 ἦν
1398 4629 1528 4707 πρὸς
1570 4630 1659 4684 τὸν
1689 4630 1842 4701 Θεὸν,
1878 4651 1902 4682 ι

1993 4626 2169 4690 fuerit
2187 4626 2411 4707 absque
2445 4625 2615 4699 Filio,
2644 4624 2807 4700 dicit,
2848 4650 2873 4678 ‹‹
2914 4623 2981 4684 Et
3029 4624 3174 4684 illud
3208 4623 3475 4685 Verbum
3523 4627 3646 4707 erat

272 4720 506 4797 τοὺτέστι
578 4720 710 4796 μετὰ
769 4721 920 4798 Θεοῧ,
952 4718 1006 4774 ἐν
1052 4731 1165 4781 τοῖς
1198 4716 1419 4782 κόλποις
1450 4730 1566 4780 τοῖς
1600 4729 1902 4795 πατρικοῖς.

1992 4717 2145 4797 apud
2170 4716 2376 4785 Deum,
2417 4739 2436 4769 ι
2474 4715 2585 4775 hoc
2618 4727 2732 4792 est,
2764 4732 2900 4774 cum
2937 4712 3150 4786 Deo,in
3183 4711 3413 4772 sinibus
3442 4716 3645 4790 pater-

270 4811 340 4869 Τὸ
370 4812 489 4889 γαρ,
525 4834 544 4865 ι
588 4812 746 4889 πρὸς,
786 4833 812 4863 n
850 4809 962 4864 ἀντὶ
990 4809 1100 4882 τοῦ,
1149 4807 1306 4881 μετὰ,
1334 4804 1561 4885 ὀφείλεις
1591 4810 1802 4885 νοῆσαι,
1836 4806 1902 4869 ὼς

1993 4804 2384 4885 ιιὶε.αΑριιά,ι
2415 4803 2572 4865 enim
2604 4803 2937 4881 intelligere
2960 4801 3143 4862 debes
3166 4820 3295 4881 pro,
3330 4799 3647 4860 cum:sicut

265 4902 348 4955 καὶ
422 4899 665 4978 ἀλλαχοο
722 4912 917 4953 κεῖται*
972 4922 994 4950 ι
1035 4896 1170 4975 Οὑχὶ
1195 4899 1241 4951 οἱ
1266 4894 1477 4976 ἀδελφοὶ
1510 4902 1667 4952 αὑτοῦ
1716 4895 1803 4949 καὶ
1860 4897 1902 4950 αἳ

1999 4907 2054 4957 et
2085 4895 2201 4956 alio
2225 4895 2352 4955 loco
2372 4893 2596 4955 dictum
2619 4892 3048 4972 est‘S’,«Nonne
3078 4892 3288 4951 fratres
3319 4890 3447 4969 ejus
3470 4897 3526 4949 ot
3543 4906 3643 4947 so—

266 4986 483 5066 ἁδελφαὶ
540 4993 695 5044 αὑτοῦ
764 4989 894 5065 πρὸς
952 4988 1097 5060 ἡμᾶς
1158 4986 1286 5041 εἰσιν
1336 5002 1351 5059 ;
1418 5006 1442 5041 ο
1480 4984 1594 5040 ἀντὶ
1623 4992 1739 5058 τοῦ,
1795 4983 1902 5057 μεθ’

2002 5003 2173 5046 rores
2196 4983 2325 5063 ejus
2346 4981 2501 5061 apud
2535 4999 2644 5042 nos
2676 4979 2997 5043 sunt?shoc
3032 4979 3457 5059 est,nobiscum
3482 4984 3645 5066 sunt,

268 5079 420 5149 ἡμῶν
469 5078 877 5157 ἂναστρένοονται
930 5096 945 5145 ;
1009 5076 1158 5133 Οὕτω
1215 5074 1476 5130 κάνταόθα
1546 5076 1630 5145 τὸ,
1698 5097 1723 5128 α
1781 5075 1902 5151 πρὸς

2003 5084 2059 5135 et
2092 5073 2395 5134 nobiscum
2430 5068 2883 5132 conversantur?
2915 5070 3011 5132 Sic
3055 5077 3111 5129 et
3160 5070 3273 5131 hoc
3300 5068 3459 5157 loco,
3488 5064 3641 5157 apud

272 5168 361 5221 τὸν
420 5174 571 5241 Θεὸν,
635 5190 657 5221 ι
722 5167 936 5245 νόησον,
973 5165 1083 5220 αντὶ
1114 5170 1227 5237 τοῦ,
1263 5163 1399 5237 μετᾶ
1433 5172 1564 5220 Θεου
1593 5165 1684 5236 ἧν,
1720 5165 1811 5219 σὺν
1839 5168 1902 5235 τιῑ

2004 5160 2635 5239 Deum,intellige,boc
2668 5168 2921 5231 est,cum
2950 5162 3071 5221 Deo
3104 5166 3249 5231 erat,
3273 5176 3408 5218 cum
3436 5154 3647 5229 Deo,in

274 5265 410 5332 Θεῷ,
474 5258 525 5313 ἒν
573 5271 689 5319 τοῖς
741 5255 961 5320 κόλποις
1023 5255 1200 5316 αὑτοῦ.
1237 5254 1344 5311 Οὑκ
1375 5253 1651 5334 ἐνδέχεται
1697 5255 1797 5332 γὰρ
1828 5256 1902 5309 τὸπ

2002 5251 2232 5313 sinibus
2263 5251 2412 5328 ejus.
2452 5246 2827 5328 Impossibile
2879 5246 3034 5307 enim
3071 5255 3160 5310 est
3192 5245 3375 5308 Deum
3427 5244 3650 5324 absque

351 5390 414 5442 59
449 5389 668 5454 Iioan.
705 5405 747 5467 ι,
782 5388 840 5451 1.
924 5387 989 5438 60
1021 5387 1169 5452 Gen.
1201 5404 1244 5463 ι,
1281 5389 1332 5450 ι.
1416 5385 1473 5438 61
1563 5388 1741 5447 Marc.
1776 5390 1859 5469 Vt,
1892 5388 1949 5453 3.

1352 5525 1435 5586 Ex
1464 5522 1781 5587 collatione
1812 5525 1988 5589 codd.
2027 5523 2239 5588 Venet.
2274 5522 2339 5587 S.
2371 5520 2577 5587 Marci.

360 5637 477 5717 ,1?)
508 5635 656 5701 Cod.
682 5636 763 5701 32
794 5634 959 5699 addit
984 5654 999 5700 :
1024 5638 1053 5694 ὃ
1077 5633 1416 5710 ἀκηκόαμεν,
