4116 6212
269 342 412 409 1141

255 486 389 537 Θεοῦ
455 480 545 536 τὸν
608 480 725 536 Υἱὸν
783 480 965 555 αὐτοῦ,
1026 482 1205 538 σύνετε
1234 493 1391 539 ποῖον
1424 480 1589 557 ὄνομα
1612 480 1841 559 τέθεικεν
1872 481 1943 535 61

251 566 628 647 εῦαγγελιστὴς
698 577 775 643 τῷ
842 573 945 646 Υἱῷ
1013 578 1103 628 τοῦ
1160 565 1313 631 Θεοῦ.
1390 572 1559 649 Λόγον
1588 572 1687 649 γὰρ
1743 570 1898 627 αὐτὸν

251 656 523 714 ἐκάλεσεν
596 660 753 732 ὑμεῖς
810 658 864 715 δὲ
920 662 1071 739 ἔργον
1146 662 1301 717 αύτὸν
1334 662 1419 717 καὶ
1450 660 1656 735 ποίημα
1696 659 1896 735 ὄνομά-

251 753 393 816 ζετιο
423 747 595 824 Λόγος
636 749 801 828 ἔστὶν,
832 752 927 807 οῦκ
954 748 1133 829 ἔργον,
1187 748 1302 807 οὐδὲ
1344 752 1563 824 κτίσμα.
1613 756 1797 805 Διττοῦ
1844 745 1899 803 δὲ

254 836 406 900 ὄντος
463 838 555 892 106
603 834 763 912 λόγου
795 835 849 916 (6
901 838 999 911 μὲν
1027 840 1131 916 γὰρ
1175 839 1317 895 ἔστιν
1349 837 1663 913 ἐνδιάθετος,
1697 838 1755 894 ὅν
1811 839 1901 894 καὶ

256 925 334 997 μὴ
392 922 635 1003 λέγοντες
666 923 890 1004 ἔχομεν,
922 928 1060 1004 φημὶ
1089 926 1152 995 δὴ
1181 928 1279 994 τὴν
1308 935 1401 985 τοῦ
1445 927 1617 1005 λέγειν
1658 924 1895 1000 δυναμιν·

256 1015 344 1069 καὶ
399 1014 731 1088 κοιμώμενος
784 1015 883 1092 γὰρ
912 1037 1014 1081 τις,
1064 1018 1151 1072 καὶ
1207 1016 1283 1091 μὴ
1335 1015 1528 1094 λέγων,
1590 1016 1736 1091 ὅμως
1782 1014 1898 1093 ἔχει

249 1103 342 1157 τὺν
412 1101 571 1179 λόγον
624 1102 679 1158 ἐν
731 1105 870 1177 αὐτῷ
942 1106 1205 1184 κείμενον,
1254 1107 1342 1162 καὶ
1411 1107 1507 1173 τὴν
1545 1102 1760 1179 δύναμιν
1804 1108 1900 1162 οῦκ

250 1192 537 1249 ἀπέϐαλεν
613 1198 641 1250 6
699 1195 798 1269 μὲν
863 1196 951 1251 οὖν
1006 1199 1145 1252 εστιν
1195 1193 1514 1269 ἐνδιάθετος,
1547 1199 1575 1252 6
1604 1195 1658 1252 δὲ
1688 1218 1895 1274 προφο-

242 1285 411 1359 ρικὸς,
459 1282 516 1339 ὃν
572 1286 659 1340 καὶ
710 1282 794 1339 διὰ
864 1291 968 1341 τῶν
1011 1284 1244 1365 χειλέων
1287 1284 1619 1364 προφέρομεν
1654 1288 1754 1351 τὴν
1804 1293 1895 1342 τοῦ

240 1370 417 1449 λέγειν
488 1370 702 1432 δύναμιν
771 1376 862 1429 106
929 1372 1244 1453 ἐνδιαθέτου,
1312 1376 1401 1430 καὶ
1429 1373 1574 1437 ἐντὸς
1623 1374 1888 1449 κειμένου.

240 1462 316 1521 εἷς
369 1460 631 1541 ἆνέργειαν
702 1463 1073 1542 προάγοντες)’
1147 1463 1321 1521 διττοῦ
1378 1464 1545 1520 τοίνυν
1588 1463 1737 1527 ὅντος
1797 1472 1889 1521 τοῦ

240 1549 423 1629 λόγου,
484 1549 749 1630 οὐδέτερος
808 1552 1011 1608 τούτων
1068 1553 1281 1631 ἁρμόζει
1342 1552 1426 1609 ἐπὶ
1468 1560 1562 1610 τοῦ
1616 1554 1737 1610 Τῖοῦ
1798 1559 1888 1609 τοῦ

246 1648 396 1695 Θεογ
454 1640 583 1697 Οὔτε
641 1642 739 1719 γὰρ
808 1644 1151 1721 προιρορικὸς,
1213 1640 1329 1699 οὔτε
1371 1640 1658 1705 ὲνδιάθετός
1687 1644 1829 1697 ἔστιν
1859 1643 1886 1697 6

240 1726 410 1804 Λόγος
468 1736 559 1784 τοῦ
625 1732 773 1786 Θεοῦ.
842 1722 1073 1787 Ἐκεῖνοι
1132 1732 1229 1806 μὲν
1258 1731 1359 1809 γὰρ
1401 1733 1508 1787 τῶν
1538 1733 1771 1810 φυσικῶν
1800 1731 1886 1785 καὶ

246 1840 253 1847 _
344 1814 357 1834 ε
424 1814 439 1835 ρ
502 1823 527 1833 ..
570 1836 581 1848 ,
776 1820 789 1836 ς
935 1827 956 1837 -
1138 1822 1149 1837 .
1297 1820 1308 1841 .
1438 1821 1450 1841 ε
1509 1820 1523 1837 ε
1658 1819 1669 1839 1
1801 1818 1827 1839 ν

246 1822 339 1871 ἐἴθ
414 1838 559 1893 τιμας
645 1820 673 1875 6
742 1817 798 1875 δε
869 1842 961 1877 του
990 1826 1192 1899 Πατρος
1241 1826 1403 1898 Λογος
1433 1841 1563 1897 υπερ
1608 1841 1759 1898 φυσιν
1786 1842 1883 1899 ων,

1013 346 1451 410 ENARRATIO
1493 344 1569 410 IN
1612 344 2112 412 EVANGELIUM
2156 346 2498 411 JOANNIS.
2547 383 2623 393 —
2652 348 2816 444 (ξΑΡ.
2866 352 2913 416 I.

1944 522 1959 535 .
1983 474 2284 572 facturam
2302 479 2522 541 vocatis
2554 499 2712 572 eum,
2752 486 2853 565 qui
2888 504 3081 569 neque
3107 506 3256 569 opus
3289 496 3400 571 est,
3436 509 3635 572 neque

3489 353 3657 423 H42

1977 562 2380 660 factura.Nam
2411 562 2785 660 cumpduplex'
2804 575 2878 635 sit
2900 562 3163 639 verbum'
3182 578 3361 658 (aliud
3387 562 3632 660 quidem

1982 656 2262 748 mentale,
2283 658 2438 738 quod
2472 658 2762 723 habemus
2791 666 2965 725 etiam
2995 666 3141 728 nihil
3164 656 3497 748 loquentes,
3534 669 3631 731 in-

1983 743 2177 823 tellige
2206 755 2401 808 autem
2427 755 2697 810 vtrtutem
2725 750 3005 831 loquendi
3040 776 3053 817 :
3090 756 3169 816 ita
3199 743 3355 817 enim
3394 764 3451 818 et
3483 757 3629 818 dor-

1986 832 2177 927 miens
2197 844 2253 895 et
2274 836 2425 927 nihil
2440 835 2690 918 loquens
2710 839 2885 903 habet
2912 842 3026 902 vim
3052 843 3333 925 loquendi
3352 846 3413 907 in
3432 846 3628 927 seipso

1983 921 2241 1002 sitam,et
2260 925 2537 986 virtutem
2569 944 2687 986 non
2706 927 2931 1007 abjecit
2955 948 2967 992 :
2995 940 3083 992 est
3112 921 3288 1010 igitur
3339 934 3497 995 aliud
3522 921 3630 996 vin-

1985 1013 2406 1092 ternum,aliud
2423 1031 2560 1075 vero
2575 1017 3003 1079 enuntiativum
3013 1024 3195 1100 ,quod
3213 1039 3319 1102 per
3342 1021 3497 1084 labia
3513 1043 3617 1104 pro

1979 1099 2375 1175 ferimus,hoc
2395 1110 2483 1163 est
2501 1104 2588 1163 vis
2611 1099 3090 1184 eloquendi,cum
3110 1108 3169 1169 id
3191 1099 3347 1189 quod
3366 1099 3527 1173 intus
3546 1114 3627 1172 si-

1981 1198 2100 1278 tum
2129 1197 2219 1250 est
2240 1190 2299 1250 in
2324 1200 2541 1265 mente,
2566 1194 2625 1253 in
2650 1212 2797 1271 opus
2820 1196 3254 1277 producimus),
3284 1216 3417 1259 cum
3450 1200 3630 1278 igitur

1977 1277 2191 1357 duplex
2224 1278 2299 1339 sit
2328 1279 2878 1361 verbum,neutrum
2906 1285 3117 1346 horum
3144 1289 3412 1365 congruit
3444 1277 3500 1349 in
3524 1289 3624 1350 Fi-

1977 1366 2119 1427 lium
2146 1366 2272 1429 Dei.
2293 1371 2502 1447 Neque
2516 1370 2673 1430 enim
2697 1372 2783 1432 vel
2805 1375 3233 1436 enuntiativum
3258 1376 3345 1437 vel
3370 1379 3626 1440 mentale

1973 1455 2233 1517 Verbum
2255 1465 2343 1517 est
2369 1457 2550 1519 Filius
2580 1458 2711 1522 Dei.
2750 1460 2942 1524 Verba
2990 1464 3146 1524 enim
3183 1465 3285 1527 illa
3336 1469 3625 1530 naturalia

1970 1551 2198 1614 sunt.et
2218 1547 2410 1625 qualia
2427 1547 2580 1625 apud
2607 1548 3003 1611 nos.Verbum
3025 1561 3220 1614 autem
3244 1554 3430 1617 Patris
3448 1575 3625 1637 super

1973 1641 2237 1724 naturam
2264 1642 2375 1724 est,
2413 1654 2522 1697 nec
2555 1637 2889 1715 subjectum
2916 1641 3186 1702 artiﬁciis
3210 1641 3330 1703 illis
3362 1643 3620 1724 loquen-

1970 1722 2029 1782 di
2060 1721 2471 1811 inferioribus.
2502 1725 2694 1805 Atque
2716 1726 2794 1787 ita
2826 1729 2983 1789 cadit
3016 1730 3322 1811 Porphyrii
3376 1721 3623 1811 gentilis

1968 1811 2298 1888 sophisma.
2311 1810 2411 1873 [lle
2427 1813 2585 1873 enim
2602 1822 2837 1877 tentans
2855 1816 3197 1879 subvertere
3212 1810 3591 1897 Evangelium
3603 1870 3617 1895 ,

238 1908 341 1986 οὔχ
410 1904 763 1965 ὑποϐάλλεται
824 1924 941 1975 τοῖς
983 1910 1129 1965 κάτω
1158 1906 1647 1990 τεχνολογήμασιν.
1709 1900 1884 1967 ΗΩστε

1972 1898 2188 1990 ιειιδρε
2219 1901 2495 1990 utebatur
2522 1901 2998 1968 divisionibus.Si
3022 1891 3621 1988 enim,inquit,Filins

237 1994 571 2052 διαπέπτωκε
622 2004 715 2052 τοῦ
778 1987 1053 2065 ιἘλληνος
1132 1987 1419 2079 Πορφυρίου
1476 2000 1537 2052 τὸ
1626 1996 1882 2076 σόρισμα,

237 2085 479 2148 Ἐκεῖνος
537 2086 637 2164 γὰρ
695 2086 1003 2166 ἀνατρέπειν
1046 2088 1373 2161 πειρώμενος
1430 2088 1490 2141 τὸ
1539 2085 1881 2165 Εὗαγγέλιον,

235 2175 503 2239 τοιαύταις
573 2175 775 2255 ἐχρῆτο
858 2174 1189 2255 διαιρέσεσιν.
1228 2178 1285 2233 Εἰ
1330 2176 1429 2254 γὰρ
1472 2178 1665 2252 Λόγος,
1698 2177 1880 2253 φησὶν,

233 2266 259 2317 6
315 2264 433 2326 Υἱὸς
492 2270 584 2320 τοῦ
629 2264 779 2337 Θεοῦ,
814 2263 933 2332 ἢτοι
966 2263 1282 2343 προφορικός
1314 2264 1455 2320 ἐστιν
1482 2262 1517 2329 ἢ
1562 2260 1876 2328 ἐνδιάθετος’

234 2350 370 2407 ἄλλα
399 2353 507 2426 μὴν
551 2352 668 2409 οὗτε
699 2360 875 2425 τοῦτο,
923 2354 1039 2410 οὔτε
1069 2356 1269 2410 ἓκεϊνο·
1306 2353 1399 2409 οῦκ
1430 2352 1527 2427 ἄρα
1556 2349 1669 2408 οῦδὲ
1711 2352 1880 2428 Λόγος

235 2442 397 2501 ἐστίν.
452 2439 695 2522 ’Ὲφθασε
764 2443 861 2518 μὲν
918 2446 1007 2500 οῦν
1036 2442 1195 2507 λύσας
1227 2446 1254 2500 6
1287 2438 1665 2521 εὖαγγελιστής
1695 2444 1756 2497 τὸ
1780 2442 1879 2498 σό-

235 2554 402 2611 ορισμα
472 2538 627 2588 τοῦτο
685 2529 767 2587 διὰ
822 2539 915 2589 τοῦ
973 2534 1165 2612 εἰπεῖν,
1229 2532 1308 2588 ὅτι
1367 2533 1426 2588 τὸ
1456 2530 1745 2587 ἐνδιάθετον
1792 2535 1880 2589 καὶ

234 2622 293 2675 τὸ
353 2622 670 2699 προφορικὸν
716 2618 801 2676 ἐπὶ
859 2628 965 2677 τῶν
1029 2619 1143 2677 καθ’
1199 2622 1343 2693 ἡμᾶς
1374 2621 1459 2676 καὶ
1512 2624 1615 2675 τῶν
1646 2625 1876 2699 φυσικῶν

233 2709 467 2787 λέγεται⁸
527 2709 612 2765 ἐπὶ
657 2707 711 2765 δὲ
782 2718 874 2767 116
935 2712 1064 2789 ὑπὲρ
1159 2712 1332 2789 φύσιν,
1413 2706 1559 2768 οὐδὲν
1612 2716 1872 2772 τοιοῦτον,

235 2798 375 2867 Πλὴν
440 2801 526 2855 καὶ
579 2806 733 2855 τοῦτο
789 2798 998 2877 ῥητέον,
1031 2802 1103 2864 ὡς
1136 2801 1178 2855 εἰ
1210 2800 1305 2874 μὲν
1336 2800 1402 2866 ἦν
1432 2800 1491 2855 τὸ
1522 2800 1690 2871 ὁνομα
1720 2808 1874 2857 τοῦτο

230 2891 290 2945 16
350 2888 517 2966 Λόγος
579 2886 721 2953 ἂξιον
778 2896 868 2945 τοῦ
927 2896 1080 2969 Θεοῦ,
1136 2891 1223 2945 καὶ
1316 2888 1504 2966 κυρίως
1562 2885 1647 2943 ἐπ’
1715 2891 1872 2946 αὖτοῦ

230 2981 315 3034 καὶ
367 2977 631 3059 οῦσιωδῶς
704 2976 1015 3059 λεγόμενον,
1058 2979 1217 3058 εἶχεν
1277 2977 1337 3033 ἅν
1394 2976 1552 3054 λόγον
1585 2978 1618 3043 ἡ
1680 2978 1871 3053 ἀπορία

229 3068 320 3123 106
377 3050 678 3132 ’Ἕλληνοςο
742 3074 831 3123 νῦν
900 3067 954 3123 δὲ
999 3050 1296 3124 ὀὕτε-ἄλλο
1326 3064 1491 3141 ὄνομα
1535 3065 1673 3143 εὕροι
1701 3064 1760 3121 ἄν
1790 3086 1869 3128 τις

230 3157 405 3230 κύριον
449 3156 533 3210 ἐπὶ
588 3156 738 3228 Θεοῦ,
801 3154 915 3211 οὔτε
946 3158 1029 3234 τὸ,
1064 3157 1253 3233 Λόγος,
1288 3154 1412 3210 1616
1442 3152 1707 3218 οὔσιωδῶς
1750 3152 1865 3208 ἐστι

230 3246 313 3299 καὶ
385 3245 594 3321 κυρίως,
654 3241 947 3310 δηλωτικὸν
1006 3244 1059 3300 δὲ

229 3335 545 3409 γεννηθῆναι
599 3336 689 3389 τὸν
776 3335 893 3389 Υἱὸν
952 3335 1013 3390 ὲκ
1069 3343 1159 3391 τοῦ
1191 3334 1417 3412 Πατρὸς,
1451 3332 1680 3411 ὥσπερὸ
1709 3330 1867 3405 λόγος

1130 3246 1287 3319 μόνον
1348 3244 1459 3299 εστὶ
1503 3249 1595 3298 106
1653 3242 1867 3305 ἀπαθῶς
1887 3239 1927 3256 “⁴

1970 1988 2078 2049 Dei
2106 1986 2369 2049 Verbum
2403 1998 2511 2064 est,
2542 1991 2632 2053 vel
2665 1999 2755 2053 est
2780 1986 3616 2075 pronuntiativnm,_vel'men-

1969 2076 2126 2167 tale:
2145 2094 2349 2138 verum
2385 2097 2580 2167 neque
2604 2080 2715 2141 hoc
2734 2090 2845 2162 est,
2869 2100 3061 2163 neque
3081 2083 3396 2164 illudzergo
3425 2104 3619 2167 neque

1974 2163 2229 2224 Verbum
2264 2174 2375 2227 est.
2407 2166 2548 2227 508
2578 2169 2843 2231 Solutum
2879 2170 3077 2252 itaque
3108 2173 3271 2253 prius
3302 2163 3615 2255 estsophi-

1966 2273 2095 2316 sma
2113 2257 2394 2338 hoc,quia
2415 2259 2669 2320 dicimus
2687 2261 2846 2340 quod
2868 2263 3126 2325 mentale
3139 2271 3195 2324 et
3220 2266 3621 2343 pronuntiati-

1964 2364 2097 2406 vum
2118 2347 2363 2407 verbum
2384 2356 2472 2409 est
2487 2347 2561 2409 de
2584 2349 2675 2409 his
2700 2367 2830 2429 qua;
2848 2354 3004 2428 apud
3023 2370 3131 2412 nos
3149 2352 3223 2413 de
3250 2354 3619 2416 naturalibus

1964 2433 2347 2497 dicunturzde
2375 2454 2445 2497 eo
2472 2444 2667 2497 autem
2691 2437 2853 2515 quod
2885 2456 3061 2519 supra
3078 2450 3343 2502 naturam
3369 2450 3486 2516 est,
3516 2446 3614 2503 ni—

1964 2522 2045 2586 hil
2080 2525 2211 2586 tale.
2226 2528 2651 2589 Verumtamen
2674 2536 2733 2589 et
2762 2528 2874 2591 hoc
2895 2528 3249 2593 dicendum:
3277 2534 3334 2592 Si
3366 2521 3611 2611 quidem

1962 2631 2181 2675 nomen
2214 2614 2392 2675 Verbi
2426 2615 2668 2694 dignum
2694 2625 2851 2679 esset
2879 2616 3027 2689 Deo,
3057 2627 3115 2680 et
3145 2620 3384 2700 proprie
3407 2620 3483 2682 de
3507 2620 3610 2682 illo

1959 2720 2027 2763 ac
2056 2701 2525 2766 substantialiter
2568 2704 3151 2785 diceretur,haberet
3177 2708 3384 2788 utique
3416 2708 3609 2770 locum

1958 2792 2195 2870 gentilis
2224 2791 2537 2867 dubitatio;
2569 2802 2627 2853 at
2660 2812 2853 2874 neque
2896 2795 3080 2855 ullum
3112 2796 3270 2856 aliud
3307 2796 3610 2875 proprium

1961 2898 2179 2941 nomen
2210 2881 2341 2960 quis
2371 2881 2671 2942 invenerit
2701 2883 2943 2960 dignum
2974 2888 3321 2964 Deozneque
3342 2884 3607 2947 Verbum

1950 2968 2145 3048 ipsum
2179 2968 2647 3029 substantialiter
2677 2979 2733 3030 et
2770 2971 3007 3050 proprie
3037 2981 3125 3033 est
3148 2990 3365 3035 nomen
3392 2973 3612 3052 Unige-

1952 3056 2194 3129 niti,sed
2217 3063 2439 3117 tantum
2474 3058 2810 3120 manifestat
2832 3060 3053 3141 absque
3070 3062 3380 3123 aﬁ‘ectione
3402 3071 3603 3124 natum

1952 3146 2026 3208 de
2045 3145 2973 3227 PatreFilium,quemadmodum
3010 3150 3253 3211 verbum
3279 3150 3352 3212 de
3378 3162 3598 3232 mente,

1954 3243 2010 3296 et
2051 3234 2208 3314 quod
2252 3234 2428 3296 Filius
2478 3236 2554 3296 sit
2586 3246 2843 3317 paternae
2876 3239 3191 3301 voluntatis
3222 3240 3486 3301 nuntius.
3526 3242 3611 3304 Et

1952 3323 2225 3405 proinde,
2250 3343 2285 3385 ο
2317 3325 2664 3405 miser,quid
2698 3326 2935 3389 vellicas
2965 3338 3311 3407 nomen,aut
3338 3329 3607 3409 profecto

225 3424 283 3477 ἐκ
335 3431 425 3478 τοῦ
484 3433 595 3499 νοῦ,
653 3424 741 3479 καὶ
798 3419 889 3480 106
919 3426 1104 3502 ⁸αὐτὸν
1162 3422 1435 3502 γεγονέναι
1471 3429 1563 3478 τοῦ
1610 3430 1868 3497 πατρικοῦ

1969 3432 2082 3473 :um
2113 3412 2327 3474 dicitur
2341 3415 2600 3484 Pater,et
2626 3414 2897 3491 Filius,et
2927 3418 3284 3496 Spiritus,ad
3314 3419 3591 3479 materia-

221 3511 519 3583 θελήματος
583 3497 837 3592 ἄγγελον.
895 3497 1069 3571 μΩστε
1100 3514 1149 3569 τί
1174 3497 1453 3591 ἐπιδράττη
1510 3518 1601 3567 τοῦ
1659 3510 1862 3585 ὀνόμα-

1971 3502 2024 3564 ia
2053 3503 2293 3574 laberis,
2326 3512 2384 3565 et
2415 3506 2681 3566 carnales
2718 3515 2916 3567 mente
2948 3507 3120 3585 ﬁngis
3152 3516 3436 3588 patres,et
3457 3527 3599 3585 sep-

220 3622 333 3672 τος,
391 3603 436 3657 ὦ
491 3600 790 3680 ταλαίπωρε
825 3622 840 3681 ;
888 3602 903 3627 ³
928 3610 972 3660 Π
1003 3626 1104 3661 που
1132 3604 1219 3659 καὶ
1249 3601 1453 3680 Πατέρα
1510 3600 1735 3673 ἀκούων,
1769 3602 1857 3656 γαὲ

1948 3605 2062 3656 tem
2087 3593 2259 3669 ﬁlios,
2286 3600 2344 3653 et
2372 3594 2645 3673 Spiritum
2676 3596 3389 3669 aerium,meridionalem
3416 3597 3597 3677 forte,

222 3691 363 3769 Υἱόν,
428 3693 512 3747 καὶ
575 3698 785 3766 Πνεῦμα
840 3693 925 3749 ἐπὶ
966 3694 1035 3749 τὰ
1061 3692 1213 3750 ὑλικὰ
1254 3695 1555 3767 καταπεσῇ,
1587 3690 1673 3745 καὶ
1722 3710 1852 3766 σαρ-

1971 3684 2023 3744 el
2044 3682 2569 3762 septentrionalem
2616 3685 2699 3746 vel
2746 3685 2926 3746 alium
2950 3684 3301 3746 excitantem
3336 3694 3602 3766 tempes-

219 3781 393 3843 κικοὺς
464 3780 821 3846 ἀνατυπώσεις
901 3789 979 3857 τῷ
1035 3790 1108 3856 νῴ
1136 3780 1383 3858 πατέρας,
1432 3780 1519 3834 καὶ
1559 3778 1723 3857 υἱοὺς,
1768 3779 1854 3833 καὶ

1969 3773 2167 3836 atem?
2226 3776 2520 3836 Caeterum
2580 3775 2627 3834 si
2673 3774 2827 3835 scire
2876 3774 2960 3834 vis
3012 3775 3185 3853 quale
3244 3775 3319 3835 sit
3348 3773 3608 3838 Verbum

219 3876 423 3944 πνεῦμα
477 3869 675 3949 ἀέριον,
731 3872 904 3927 νότιον
964 3874 1127 3951 τυχὸν
1183 3871 1219 3939 ἢ
1275 3870 1504 3947 βόρειον,
1550 3869 1585 3934 ἢ
1637 3888 1687 3922 τι
1722 3864 1854 3923 ἄλλο

1969 3864 2069 3944 )ei,
2101 3862 2234 3924 audi
2266 3864 2494 3944 reliqua
2526 3883 2656 3944 quas
2680 3872 3035 3944 sequuntur.

215 3964 321 4013 τῶν
352 3960 720 4039 ἐργαζομένων
750 3963 870 4024 τοὺς
921 3960 1187 4025 κλὺδωνας
1224 3980 1239 4027 ζ

217 4048 404 4127 ἐφεξῆς
421 4092 436 4107 .

302 4163 326 4193 α
378 4141 553 4196 Πάντα
609 4138 675 4196 δι’
746 4144 902 4198 16106
948 4140 1154 4219 ἰγένετο
1216 4166 1243 4196 ι
1300 4141 1387 4207 Μὴ
1419 4138 1661 4214 νομίσῃς,
1711 4138 1861 4215 φησὶ,

1300 3956 1469 4015 Ἀλλὰ
1525 3958 1623 4035 γὰρ
1680 3958 1724 4011 εἰ
1781 3954 1945 4031 ϐούλῃ
2004 3958 2195 4029 μαθεῖν
2253 3968 2412 4019 ποῖος
2458 3956 2626 4033 Λόγος
2682 3956 2818 4011 ἐστὶν
2856 3956 3001 4010 6106
3052 3961 3206 4024 Θεοῦ,
3240 3952 3463 4012 ἄκουσον
3494 3965 3598 4012 τῶν

2037 4135 2219 4196 Vens.
2245 4132 2303 4196 3.
2337 4154 2364 4192 ι
2397 4134 2610 4195 Omnia
2651 4153 2754 4214 per
2781 4136 2971 4214 ipsum
3002 4133 3152 4195 facta
3182 4141 3339 4195 sunt.
3366 4132 3452 4195 Ne
3479 4136 3600 4196 exi—

218 4227 376 4305 λογον
403 4230 473 4293 εἷς
502 4230 627 4307 ἀέρα
684 4231 947 4309 χεόμειον
976 4234 1063 4288 καὶ
1092 4231 1371 4306 λυόμενον,
1431 4227 1567 4283 ἀλλὰ
1627 4226 1861 4292 ποιητὴν

1969 4224 2181 4302 ηἰιηθε,
2207 4222 2418 4302 inquit,
2444 4223 2685 4284 verbum
2710 4223 2866 4304 quod
2896 4224 2957 4285 in
2983 4242 3124 4285 acra
3153 4222 3505 4286 diﬁ‘unditur
3534 4233 3597 4287 et

216 4317 426 4391 πάντων
490 4324 693 4385 νοητῶν
765 4322 851 4376 καὶ
928 4322 1188 4387 αἰσθητῶν
1219 4317 1385 4376 Ἀλλὰ
1426 4316 1587 4373 πάλιν
1639 4318 1685 4370 οἱ
1743 4315 1862 4391 περὶ

1969 4298 2306 4391 lissolvitur,
2340 4312 2444 4373 sed
2486 4298 2767 4375 factorem
2793 4313 3061 4374 omnium
3095 4320 3209 4373 tam
3244 4313 3592 4374 mentalium

214 4408 303 4462 τὸν
347 4389 567 4469 ’Ἀρειον
621 4407 953 4488 ἐπιφύονται,
1011 4408 1254 4486 λέγοντες
1286 4409 1365 4463 ὃτι
1396 4408 1575 4483 ὥσπερ
1632 4404 1869 4480 λέγομενΔ

1969 4421 2116 4482 [uam
2148 4389 2545 4461 sensibilium.
2574 4400 2681 4463 Hic
2712 4402 2921 4463 iterum
2948 4402 3153 4463 Ariani
3181 4402 3603 4478 insurguntet

216 4493 294 4549 διὰ
354 4504 443 4551 τοῦ
501 4497 712 4575 πρίονος
771 4498 1007 4575 γενέσθαι
1068 4500 1167 4575 τὴν
1221 4498 1379 4577 θύραν
1408 4498 1481 4559 ὡς
1510 4493 1577 4551 δι’
1607 4494 1851 4571 ὀργάνου,

1969 4492 2144 4552 licunt
2171 4489 2327 4570 quod
2348 4489 2497 4551 sicut
2526 4490 2776 4551 dicimus
2806 4492 3001 4553 securi
3034 4490 3308 4551 fabricari
3341 4493 3597 4569 januam

215 4584 389 4662 ἕτερον
448 4586 625 4659 μέντοι
682 4589 776 4643 τὸν
804 4590 1179 4668 τεχνίτην’τὸν
1222 4595 1465 4644 κινοῦντα
1504 4586 1566 4641 16
1606 4583 1884 4661 ὄργανον]

1969 4581 2105 4659 uasi
2134 4580 2593 4652 insrumento,et
2621 4580 2802 4640 alium
2835 4599 2967 4641 esse
2995 4580 3221 4642 fabrum
3253 4581 3351 4661 qui
3404 4591 3604 4643 movet

215 4672 348 4729 οὕτω
402 4677 488 4730 καὶ
545 4673 630 4731 διὰ
686 4684 779 4733 106
838 4681 958 4734 Υίοῦ
1018 4678 1256 4755 γενέσθαι
1313 4678 1377 4733 τὰ
1406 4677 1601 4753 πάντα,
1651 4674 1754 4752 οὔχ
1781 4673 1857 4733 ὡς

1969 4689 2052 4731 ιοο
2089 4687 2398 4745 organum,
2457 4670 2534 4728 ita
2575 4677 2633 4730 et
2685 4687 2791 4750 per
2818 4670 3032 4732 Filium
3067 4671 3191 4731 ﬁeri
3218 4670 3444 4743 omnia,
3480 4690 3597 4733 non

218 4766 371 4821 16106
440 4774 667 4832 ποιητοῦ
748 4764 924 4845 ὄντος,
986 4766 1103 4822 ἀλλ’
1166 4768 1409 4845 ὀργάνου,
1456 4765 1634 4841 ὥσπερ
1687 4761 1801 4817 ἐκεῖ
1831 4762 1858 4815 6

1969 4758 2095 4839 [uod
2130 4759 2258 4837 ipse
2280 4757 2355 4817 sit
2385 4757 2595 4827 factor,
2630 4758 2736 4819 sed
2782 4759 3270 4833 instrumentum,
3299 4758 3452 4819 sicut
3477 4759 3603 4820 illic

215 4854 402 4929 πρίων,
468 4865 559 4913 τοῦ
619 4855 797 4930 μέντοι
858 4864 988 4913 Θεοῦ
1046 4858 1133 4913 καὶ
1192 4858 1665 4935 Πατρὸςιποιητοῦ
1707 4849 1857 4911 ὄντος

1973 4848 2191 4927 ecuris,
2216 4856 2275 4907 et
2306 4846 2453 4908 Filio
2484 4856 2544 4907 ut
2577 4848 2968 4908 instrumento
3001 4856 3369 4925 utatur,cum
3398 4856 3597 4909 tamen

212 4912 295 4996 καὶ
350 4912 633 5021 χ’ρωμένού
678 4946 754 5017 τῷ
828 4949 929 5020 ι’ἱῴ
959 4948 1030 5009 ὡς
1090 4912 1318 5024 όργάνῳῖ
1391 4926 1567 4999 ἐωστε
1626 4940 1854 5013 ποίημα,

1969 4941 2101 4998 )eus
2133 4912 2191 4997 et
2223 4935 2396 4996 Pater
2424 4935 2618 4999 faciat.
2657 4936 2723 4997 Et
2772 4936 2851 4998 ita
2878 4938 3121 5010 factura,
3156 4912 3343 5008 aiunt,
3370 4946 3461 4998 est
3495 4936 3597 4999 Fi-

210 5033 383 5108 φατὶν,
444 5034 471 5087 6
531 5035 663 5106 ι’ἱὶις,
726 5034 810 5089 ἐπὶ
881 5035 1051 5107 τούτῳ
1082 5036 1330 5107 κτισθεὶς,
1363 5032 1447 5089 ἐπί
1478 5039 1555 5105 τῷ
1604 5029 1671 5086 δι’
1703 5028 1861 5084 αὕτυῦ

1969 5026 2076 5098 ius,
2113 5025 2187 5086 ad
2221 5025 2331 5086 hoc
2365 5024 2514 5086 facta
2540 5034 2599 5086 ut
2626 5044 2728 5104 per
2757 5027 2952 5106 ipsum
2988 5026 3129 5086 ﬁant
3176 5026 3404 5096 omnia,
3440 5026 3600 5086 sicut

212 5120 445 5193 γενέσθαι
517 5123 581 5177 τὰ
637 5124 826 5179 πάντα·
889 5124 1067 5201 ὥσπερ
1098 5126 1124 5179 6
1183 5123 1348 5201 πρίων
1376 5121 1459 5177 ἐπὶ
1487 5121 1657 5193 τούτῳ
1702 5120 1845 5197 γίνε-

1974 5126 1992 5176 t
2036 5093 2263 5177 securis
2301 5114 2376 5175 ad
2408 5116 2519 5175 hoc
2545 5093 2697 5176 tit-ut
2731 5093 2836 5197 per
2864 5136 2994 5177 eam
3028 5117 3227 5177 omnia
3250 5093 3591 5179 artiﬁcialia

214 5230 316 5286 ται,
390 5210 475 5266 ἐπὶ
546 5220 619 5286 τις)
672 5211 739 5267 δι’
816 5216 971 5271 α’)τοῦ
1032 5213 1373 5291 ἐνεργηθῆναι
1439 5212 1504 5267 τὰ
1575 5210 1851 5266 τεκτονικὰ

1971 5205 2341 5267 laborentur.
2364 5203 2433 5264 Et
2464 5205 2591 5265 haec
2624 5216 2761 5267 sunt
2789 5208 3040 5284 maligna
3069 5205 3194 5267 Arii
3217 5214 3597 5281 nugamenta.

210 5298 353 5375 ἕντι.
418 5310 591 5359 Τκῧτπ
662 5303 758 5376 μὲν
812 5304 845 5370 ἡ
919 5304 1125 5381 πονηρὰ
1206 5313 1299 5361 τοῦ
1385 5302 1588 5380 ’Λρείου
1637 5300 1848 5378 φατρία,

1969 5296 2053 5356 ius
2082 5306 2280 5357 autem
2314 5298 2455 5375 quid
2482 5295 2596 5355 illis
2629 5296 2897 5357 dicemus
2921 5295 3278 5375 simpliciter
3307 5315 3375 5358 ac
3406 5304 3601 5358 recte?

212 5380 396 5463 Ἡμεῖς
458 5390 512 5447 δέ
566 5414 614 5447 τι
646 5395 776 5471 πρὸς
821 5394 1032 5454 τούτους
1062 5393 1279 5467 ἐροῦμεν
1308 5390 1507 5447 ἁπλοῦν
1549 5392 1637 5445 καὶ
1681 5389 1852 5461 ὠθές,

1969 5387 2105 5459 Quod
2131 5384 2181 5445 si
2212 5384 2271 5444 in
2307 5386 2417 5445 hoc
2450 5385 2696 5457 creavit,
2750 5394 2812 5446 ut
2866 5386 3031 5458 dicit,
3073 5385 3245 5447 Pater
3273 5385 3512 5453 Filium,
3542 5394 3602 5445 ut

205 5480 272 5537 ὡς
310 5481 352 5533 εἰ
414 5480 497 5536 ἐπὶ
554 5483 723 5555 τούτῳ
791 5482 1016 5551 ἔκτισεν,
1092 5482 1165 5545 ὥς
1238 5504 1389 5560 φατε,
1449 5483 1477 5537 6
1536 5480 1718 5556 Πατὴρ
1765 5480 1856 5534 τὸν

1969 5482 2371 5536 ntrumentum
2400 5474 2647 5535 haberet
2671 5475 2743 5535 ad
2772 5474 3229 5556 completionem
3282 5484 3595 5546 creaturae,

211 5570 346 5642 Γίοι,
408 5569 430 5622 ’ἶ
445 5592 505 5623 να
566 5572 789 5649 ὀργανον
820 5571 927 5653 ἔχῃ
960 5583 1143 5632 τοῦτον
1188 5561 1730 5653 πρὸςιπςυμπλήρωσιν
1758 5574 1857 5634 τῆς

1969 5563 2241 5643 ndignior
2270 5562 2447 5624 fuerit
2481 5564 2659 5625 Filius
2682 5574 2972 5627 creatura.
3009 5566 3157 5629 Nam
3191 5565 3345 5627 sicut
3374 5565 3600 5645 securi,

207 5659 458 5736 κτῗσεως,
547 5658 859 5736 ἀτιμότερος
961 5662 1106 5719 ’ἐσται
1184 5664 1210 5717 6
1273 5661 1543 5727 Υἱὸς’“τῆς
1602 5659 1853 5723 κτίσεως,

1969 5675 2078 5736 luaa
2106 5660 2195 5715 est
2240 5652 2730 5731 instrumentum,
2764 5656 2875 5718 alia
2915 5674 3047 5736 quae
3103 5674 3208 5736 per
3258 5673 3387 5717 eam
3430 5644 3600 5730 ﬁunt,

547 5658 859 5738 ἀτιμότερος
