4116 6212
386 307 532 371 H47

1277 306 1872 371 THEOPHYLACTI
1918 307 2330 375 BULGARI/E
2353 310 2714 387 ARCHIEP.

3639 318 3804 381 H48

379 456 505 531 eam
530 455 644 531 non
669 432 1310 531 comprehenderunt.»
1344 436 1485 505 Lux,
1502 435 1615 497 hoc
1638 442 1725 496 est
1754 436 2007 531 Veabun

2106 445 2232 501 αὐτὸ
2293 444 2350 500 οὗ
2394 445 2704 506 κατέλαϐεν.
2744 471 2773 503 ι
2837 450 2908 506 Τὸ
2965 449 3100 529 φῶς,
3151 450 3320 528 ἤγουν
3378 454 3407 509 6
3454 450 3641 531 Λόγος
3707 457 3805 509 τοῦ

378 525 508 597 Dei,
552 526 609 585 in
639 522 927 602 tenebris,
978 522 1089 583 hoc
1133 529 1224 583 est
1263 530 1453 587 morte
1484 531 1542 585 et
1570 542 1799 601 errore,
1833 525 2012 589 lucet.

376 616 523 677 Nam
555 621 611 675 et
640 612 768 693 ipse
791 619 1057 673 mortuus
1096 612 1181 673 sic
1215 619 1463 674 mortem
1508 615 1828 693 superavit,
1868 624 1932 678 ut
1959 628 2019 678 et

378 721 479 764 eos
509 721 655 782 quos
689 702 851 781 prius
879 698 1552 779 absorpserat,coegerit
1572 701 1762 782 ipsam
1784 722 2018 767 evome-

376 790 539 852 re.Et
570 791 628 851 in
653 809 856 852 errore
886 789 1092 869 gentili
1117 789 1299 868 fulget
1330 790 1813 870 praedicatiant
1842 801 2016 855 tene-

376 879 496 941 brae
517 898 644 939 eam
679 898 795 941 non
825 878 1468 957 comprehenderunt.»
1501 881 1661 942 Mors
1692 880 1853 942 enim
1881 901 2017 944 eum

370 988 487 1029 non
519 967 1193 1048 comprehendit,neque
1216 985 1396 1029 error.
1424 967 1713 1030 Invictum
1746 970 1907 1032 enim
1930 978 2021 1034 est

373 1059 573 1121 lumen
606 1059 741 1138 hoc,
775 1061 931 1121 Deus
960 1055 1248 1137 Verbum,
1269 1056 1792 1137 inquam.Quidam
1818 1068 2018 1122 autem

372 1148 500 1208 5H
557 1147 830 1211 tenebras
880 1145 1290 1207 existimarunt
1328 1158 1387 1207 et
1434 1164 1677 1208 carnem
1728 1157 1786 1209 et
1814 1148 2013 1212 vitam.

373 1236 631 1299 Verbum
665 1235 822 1297 enim
853 1235 1068 1296 factum
1101 1233 1161 1295 in
1190 1235 1303 1296 vita
1333 1243 1391 1296 et
1420 1252 1603 1297 carne
1620 1236 1729 1298 hac
1756 1237 2020 1303 fulsit.Et

374 1325 659 1401 tenebrae,
692 1323 1031 1387 adversaria
1085 1323 1322 1404 inquam
1384 1332 1667 1405 potestas,
1718 1334 2018 1390 tentarunt

373 1414 612 1495 quidem
637 1421 693 1476 et
724 1420 1055 1493 persecutae
1083 1421 1220 1473 sunt
1241 1413 1467 1487 lumen,
1499 1412 1605 1475 sed
1638 1414 1923 1478 invictum
1957 1426 2018 1481 et

368 1502 733 1581 infatigabile
786 1501 1188 1564 otl‘enderunt.
1222 1500 1513 1563 Tenebrae
1555 1512 1750 1565 autem
1795 1505 2019 1568 dicitur

373 1610 531 1665 caro,
558 1611 674 1653 non
708 1591 862 1672 quod
893 1591 1217 1652 secundum
1244 1601 1509 1653 naturam
1544 1592 1621 1652 sit
1655 1592 1809 1668 talis,
1836 1594 2015 1673 absit,

368 1680 473 1743 sed
506 1689 743 1762 propter
773 1689 1110 1762 peccatum.
1163 1680 1309 1742 Caro
1364 1680 1518 1742 enim
1575 1681 1719 1742 nihil
1772 1684 2016 1744 omnino

2101 532 2255 611 Θεοῦ,
2288 533 2343 589 ἐν
2372 541 2440 610 τῇ
2486 537 2695 617 σκοτίᾳ,
2755 536 3052 611 τουτέστιν,
3114 538 3171 594 ἐν
3218 547 3296 615 τῷ
3325 542 3541 615 θανάτῳ
3570 541 3669 597 καὶ
3728 540 3802 607 τῇ

2100 619 2278 698 πλάνῃ
2310 626 2507 704 φαίνει,
2572 627 2671 684 Καὶ
2726 627 2828 706 γὰρ
2874 629 2962 683 καὶ
3005 627 3060 684 έν
3119 635 3196 703 τῷ
3225 631 3436 704 θανάτῳ
3464 631 3801 708 γενὸμιντις,

2103 709 2269 777 οὕτως
2310 713 2467 771 αὖτοῦ
2523 714 2883 795 περιεγένετο,
2943 717 3018 779 ὡς
3070 718 3159 773 καὶ
3204 718 3295 783 οὒς
3354 718 3551 799 ἔφθασε
3611 742 3804 777 κατα-

2102 814 2281 879 πιεῖν,
2314 802 2609 881 ἀναγκάσαι
2669 805 2827 860 αὖτὸν
2872 804 3167 880 ἐξεμέσαι·
3218 809 3306 863 καὶ
3364 808 3420 864 ἐν
3479 814 3551 885 τῇ
3602 807 3803 884 πλάνῃ

2100 893 2169 964 τῇ
2218 888 2509 968 Ἐλληνικῇ
2565 891 2769 966 λάμπει
2826 894 2889 950 τὸ
2946 894 3218 973 κήρυγμα.
3287 917 3311 951 ι
3366 900 3464 955 Καὶ
3496 900 3532 965 ἡ
3595 900 3803 954 σκοτία

2102 981 2228 1036 αὐτὸ
2287 982 2347 1037 οὔ
2392 979 2707 1038 κατέλαϐεν.
2754 1006 2781 1036 ι
2820 981 2952 1040 Οῧτε
3004 985 3105 1062 γὰρ
3151 986 3179 1040 6
3209 986 3433 1049 Diam:
3479 990 3651 1046 αὑτοῦ
3687 1008 3801 1042 πε-

2103 1070 2388 1149 ριεγένετο,
2446 1068 2573 1137 οῧτη
2632 1073 2667 1139 ἡ
2729 1071 2932 1139 πλάνη.
2995 1069 3460 1153 Ἀκαταγώνιστον
3516 1077 3624 1154 γάρ
3676 1076 3801 1131 ἐστι

2100 1162 2162 1216 τὸ
2215 1165 2328 1239 φῶς
2372 1167 2546 1239 τοῦτο,
2598 1162 2625 1215 6
2670 1162 2802 1225 Θεὸς
2850 1162 3021 1240 Λόγος
3065 1164 3227 1242 φημί,
3277 1164 3425 1228 Τινὲς
3470 1163 3526 1220 δὲ
3557 1167 3800 1222 σκοτίαν

2100 1248 2349 1320 ἐνόμισαν
2407 1250 2506 1317 τὴν
2569 1252 2739 1326 σάρκα
2821 1252 2908 1308 καὶ
2955 1253 3048 1307 τὸν
3121 1253 3259 1328 βίον.
3337 1256 3435 1312 Καὶ
3492 1254 3550 1310 έν
3627 1263 3800 1334 σαρκὶ

2100 1341 2189 1396 οὖν
2246 1340 2530 1416 γενόμενος
2561 1356 2651 1395 και
2682 1338 2737 1395 ἐν
2782 1347 2858 1414 τῷ
2915 1341 3015 1416 βίῳ
3044 1342 3217 1416 τούτῳ
3250 1344 3277 1398 6
3309 1343 3477 1420 Λόγος
3506 1340 3743 1418 ἔλαμψε
3780 1364 3793 1377 ·

2098 1430 2185 1484 καὶ
2241 1430 2276 1495 ἡ
2349 1428 2556 1502 σκοτία,
2622 1432 2658 1499 ἦ
2716 1430 3058 1504 ἀντικειμένη
3117 1427 3260 1509 λέγω
3311 1429 3552 1507 δύναμις,
3620 1432 3798 1489 6m!-

2096 1538 2224 1591 ρασε
2282 1516 2406 1596 μὲν,
2450 1521 2539 1573 καὶ
2584 1515 2760 1584 ἐδίωξε
2826 1521 2888 1574 τὸ
2950 1525 3087 1598 φῶς,
3135 1519 3257 1577 ἀλλ’
3310 1521 3452 1600 εὗρεν
3483 1522 3799 1597 ἀκαταμά-

2095 1628 2276 1685 χητον
2318 1608 2407 1663 καὶ
2460 1607 2757 1677 ἀήττητον,
2818 1609 3011 1665 Σκοτία
3058 1606 3113 1665 δὲ
3166 1608 3446 1689 λέγεταιή
3476 1609 3631 1683 σὰρξ,
3672 1617 3793 1692 οὸχ

2097 1696 2172 1759 ὡς
2230 1697 2366 1753 κατὰ
2395 1697 2545 1776 φύσιν
2577 1698 2795 1764 τοιαύτη
2839 1705 2990 1772 οῦσα,
3035 1696 3245 1778 ἅπαγεὶ
3297 1697 3419 1755 ἀλλ’
3449 1701 3523 1763 ὡς
3552 1698 3648 1755 διὰ
3679 1702 3793 1767 τὴν

371 1772 546 1838 habet
579 1774 875 1846 malum,si
907 1772 1257 1836 naturaliter
1283 1781 1621 1835 moveatur:
1659 1774 1759 1835 sed
1789 1774 1837 1835 si
1874 1793 2007 1854 prae-

2100 1785 2381 1864 ἀμαρτίαν.
2450 1776 2511 1841 Ἠ
2568 1787 2667 1865 γὰρ
2724 1785 2848 1865 σὰρξ
2904 1785 3048 1845 οὐδὲν
3093 1786 3236 1851 ὅλως
3268 1787 3388 1868 ἔχει
3417 1789 3581 1845 κακὸν
3615 1812 3791 1868 φυσι-

369 1871 464 1926 ter
488 1872 760 1927 naturam
794 1869 1099 1925 moveatur
1120 1870 1182 1925 et
1212 1870 1455 1942 peccato
1479 1862 1720 1936 serviat,
1754 1862 2017 1926 tenebrae.

376 1955 439 2015 ﬁt
461 1966 518 2015 et
549 1952 791 2015 dicitur.

376 1955 439 2017 ﬁt
461 1966 518 2018 et
549 1952 791 2017 dicitur.

452 2138 636 2201 Vsus.
663 2137 723 2197 6.
773 2158 795 2190 ι
828 2133 961 2197 Fuit
992 2133 1169 2195 homo
1204 2134 1418 2195 missus
1448 2153 1481 2195 a
1511 2133 1655 2210 Deo,
1710 2153 1929 2199 nomen
1959 2136 2015 2198 ei

371 2228 653 2288 Joannes.
670 2227 1019 2304 nPostquam
1044 2223 1514 2287 disseruitnobis
1538 2224 1613 2286 de
1629 2224 2014 2290 subsistentia

372 2314 549 2376 Verbi
606 2314 711 2375 Dei
751 2322 889 2374 ante
937 2313 1191 2374 saecula:
1220 2315 1356 2393 quia
1386 2322 1446 2375 et
1476 2314 1550 2375 de
1606 2313 2015 2379 incarnatione

372 2402 549 2465 Verbi
572 2402 838 2464 dicturus
856 2409 1315 2478 est,sermonem
1338 2401 1412 2462 de
1434 2404 2012 2467 Praecursoreinter-

367 2492 613 2557 serit.Et
643 2490 774 2572 quis
804 2491 953 2554 alius
982 2509 1155 2572 quam
1178 2490 1437 2553 Joannes
1455 2494 1792 2554 Prtecursor
1821 2494 2008 2557 babe-

364 2592 459 2646 ret
486 2599 822 2644 sermonem
846 2580 920 2642 de
938 2581 1126 2661 ipsius
1157 2578 1595 2662 nativitate,qui
1620 2584 1933 2661 praecurrit
1952 2592 2011 2648 et

364 2684 500 2739 ante
515 2674 884 2738 nativitatem
909 2672 1336 2735 Domini?Dicit
1349 2673 1527 2753 igitur
1545 2672 1619 2736 de
1637 2673 2009 2739 Praecursore

365 2767 745 2847 evangelista,
778 2765 931 2847 quod
955 2764 1067 2828 fuit
1097 2766 1274 2827 homo
1296 2765 1509 2827 missus
1530 2785 1563 2826 a
1592 2764 1736 2840 Deo,
1766 2766 2004 2841 missus,

364 2857 630 2938 inquam,
651 2877 685 2919 a
714 2856 861 2927 Deo;
893 2855 1434 2938 pseudoprophetze
1480 2856 1639 2917 enim
1668 2875 1789 2919 non
1819 2876 1853 2918 a
1886 2860 2007 2921 Deo

364 2951 525 3011 missi
557 2957 749 3013 erant.
784 2949 1076 3012 Caatrrum
1124 2966 1256 3007 cum
1304 2946 1563 3008 audieris
1593 2949 1748 3028 quod
1784 2948 2008 3013 missus

2097 1881 2206 1939 κῶς
2262 1874 2575 1950 κινουμένη,
2638 1876 2778 1953 παρὰ
2825 1876 2978 1956 φύσιν
3021 1875 3076 1932 δὲ
3124 1880 3431 1953 κινηθεῖσα,
3486 1879 3575 1934 καὶ

2098 1964 2357 2043 ἁμαρτίαν
2454 1964 2861 2042 ὑπηρετήσασα,
2935 1964 3121 2021 σκοτία
3203 1966 3290 2021 καὶ
3374 1965 3573 2043 γίνεται
3686 1968 3786 2023 καὶ

2097 2050 2334 2130 λέγεται.

2186 2167 2214 2197 α
2277 2142 2524 2222 Ἐγένετο
2577 2141 2849 2221 ἅνθρωπος
2921 2143 3320 2219 ἀπεσταλμένος
3403 2146 3546 2223 παρὰ
3602 2153 3776 2223 Θεοῦ,

2096 2230 2265 2306 ὄνομα
2323 2235 2466 2307 αὖτῴ
2509 2233 2789 2298 Ἰωάννης.
2851 2254 2876 2291 ι
2928 2234 3073 2289 Μετά
3112 2235 3174 2289 τὸ
3224 2231 3573 2313 διαλεχθῆναι
3624 2236 3777 2311 ἡμῖν

2095 2323 2212 2400 περὶ
2267 2324 2366 2388 τῆς
2441 2324 2545 2401 πρὸ
2617 2322 2823 2377 αἰώνων
2882 2321 3149 2401 ὑπάρξεως
3225 2333 3318 2382 τοῦ
3374 2331 3502 2380 Θεοο
3559 2323 3772 2401 Λόγου,

2095 2409 2277 2479 ἐπειδὴ
2331 2411 2517 2487 μέλλει
2568 2412 2656 2468 καὶ
2724 2414 2846 2483 περὶ
2913 2418 3011 2479 τῆς
3075 2418 3168 2469 τοῦ
3210 2414 3384 2491 Λόγου
3438 2411 3775 2489 σαρκώσεως

2094 2501 2290 2574 εἱπεϊν,
2337 2499 2697 2581 παρεμϐάλλει
2764 2502 2858 2557 τὸν
2913 2511 3005 2561 τοῦ
3062 2499 3367 2581 Προδρὸμου
3424 2500 3603 2580 λόγον.
3662 2506 3773 2562 Καὶ

2090 2590 2140 2644 τί
2194 2592 2293 2669 γὰρ
2338 2590 2493 2663 ἄλλο,
2555 2592 2591 2659 ἢ
2651 2588 2956 2671 Πρόδρομος
3013 2593 3087 2648 ὢν
3137 2594 3166 2647 6
3226 2591 3481 2659 Ἰωάννης
3508 2591 3641 2672 ἔχει
3677 2615 3771 2657 και

2090 2680 2179 2735 τὸν
2225 2682 2471 2760 περὶτῆς
2525 2685 2682 2741 αὐτοῦ
2730 2681 2990 2758 γενέσεως
3017 2680 3202 2761 λόγον,
3244 2682 3614 2761 προτρέχοντα
3659 2684 3768 2748 τῆς

2090 2771 2184 2826 τοῦ
2215 2771 2400 2848 Κυρίου
2427 2769 2683 2851 ένσάρκου
2710 2772 3012 2847 γεννήσεως
3049 2791 3065 2846 ;
3109 2772 3279 2838 Φησὶν
3337 2778 3427 2826 οῦν
3483 2771 3599 2848 περὶ
3666 2780 3769 2827 τοῦ

2093 2857 2395 2938 Προδρόμου
2443 2861 2472 2916 6
2528 2857 2942 2939 εῦαγγελιστης,
2973 2858 3052 2915 ὅτι
3115 2882 3135 2914 ε
3184 2858 3430 2927 Ἐγένετο
3472 2859 3761 2916 ἀπεσταλι

2087 2946 2244 3021 μένος
2302 2949 2444 3027 παρὰ
2502 2948 2658 3029 Θεοῦ,
2695 2972 2722 3002 ι
2770 2948 2885 3005 ἀντὶ
2915 2956 3030 3023 τοῦ,
3065 2949 3343 3016 ἀπεστάλη
3387 2950 3528 3028 παρά
3587 2956 3753 3010 Θεοῦ.

361 3042 539 3106 fuerit
576 3063 609 3105 a
637 3041 782 3120 Deo,
810 3040 953 3102 nihil
988 3040 1279 3121 privatum
1311 3039 1400 3101 vel
1444 3041 1770 3103 humanum
1805 3041 2007 3106 dicere

2093 3037 2149 3093 Οἱ
2204 3036 2305 3115 γὰρ
2364 3034 2792 3118 ψευδοπροφῆται
2837 3040 2933 3095 οὐκ
2991 3038 3050 3095 ἐκ
3080 3046 3233 3100 Θεοῦ.
3271 3029 3448 3097 ’Ὅταν
3476 3036 3529 3093 δὲ
3572 3037 3749 3095 ἀκού-

365 3140 553 3213 putes,
588 3130 693 3194 sed
715 3129 910 3191 divina
942 3128 1165 3190 omnia.
1201 3126 1271 3188 Et
1300 3128 1525 3191 idcirco
1558 3129 1731 3191 etiam
1762 3133 2007 3212 angelus

362 3222 600 3284 dicitur.
631 3218 842 3300 Angeli
872 3219 1054 3279 virtus
1086 3218 1244 3279 enim
1269 3226 1359 3281 est
1387 3219 1535 3280 nihil
1569 3219 1875 3301 proprium
1907 3222 2004 3283 di-

360 3328 520 3373 cere.
550 3310 695 3373 Item
729 3327 862 3369 cutn
893 3307 1169 3387 angelum
1202 3307 1483 3381 audieris,
1520 3327 1595 3370 ne
1628 3318 1800 3389 putes
1846 3311 2003 3391 quod

360 3409 570 3462 natura
598 3402 676 3461 sit
713 3397 982 3476 angelus.
1032 3397 1123 3459 vel
1157 3416 1225 3459 ex
1258 3399 1407 3461 cmlo
1456 3400 1862 3473 descenderit,
1896 3401 2003 3463 sed

360 3497 602 3571 propter
630 3507 779 3568 Opus
809 3494 865 3548 et
887 3486 1279 3548 ministerium
1312 3496 1554 3549 vocatur
1582 3487 2004 3566 angelus.Quia

359 3580 516 3641 enim
552 3578 911 3641 ministravit
947 3576 1382 3657 praedicationi,
1408 3584 1467 3637 et
1497 3579 1866 3656 praenuntius
1895 3580 2005 3642 fuit

359 3669 619 3740 Domini,
653 3668 783 3749 ejus
815 3665 1001 3747 gratia
1031 3666 1225 3729 dictus
1257 3675 1346 3727 est
1368 3668 1642 3746 angelus.
1680 3666 2005 3749 Propterea

356 3760 712 3837 evangelista
740 3756 1088 3819 subvertens
1110 3757 1506 3838 quorumdam
1534 3757 1878 3837 opinionem
1904 3760 2001 3839 qui

354 3847 809 3929 suspicabantur
838 3848 1126 3909 Joannem
1161 3853 1370 3906 natura
1401 3845 1581 3907 fuisse
1609 3846 2003 3924 angelum.di-

358 3938 476 4001 cit:
518 3963 539 3996 ι
576 3938 710 4001 Fuit
735 3938 915 3999 homo
949 3935 1163 3997 missus
1193 3954 1227 3996 a
1255 3933 1399 3997 Deo.
1432 3957 1455 3993 ι

433 4196 681 4259 Vensfl.
721 4194 867 4257 εΗίο
897 4195 1054 4257 venit
1084 4194 1141 4269 in
1178 4193 1606 4268 testimonium,
1642 4202 1703 4255 ut
1730 4195 1999 4257 testimo-

357 4287 517 4349 nium
553 4286 891 4367 perhiberet
945 4285 1019 4347 de
1070 4284 1314 4349 lumine.
1347 4295 1411 4346 ut
1444 4303 1654 4347 omnes
1687 4284 2004 4347 crederent

2089 3144 2214 3203 σῃς,
2260 3123 2340 3181 ὅτι
2397 3124 2673 3193 ἀπεστάλη
2730 3128 2872 3200 παρὰ
2929 3131 3082 3201 Θεοῦ,
3138 3126 3307 3203 μηδὲν
3356 3125 3493 3185 ἴδιον
3524 3128 3753 3203 νομίσῃς

2088 3212 2123 3280 ἢ
2164 3213 2488 3293 ἀνθρώπινον
2534 3214 2733 3296 λέγειν,
2806 3214 2943 3273 ἀλλά
3002 3218 3172 3273 πάντα
3243 3220 3385 3278 θεῖα.
3436 3216 3532 3271 Διά
3584 3223 3749 3273 τοῦτο

2084 3304 2172 3358 καὶ
2231 3302 2457 3382 ἅγγελος
2516 3304 2753 3385 λέγεται,
2817 3306 3048 3385 ἀγγέλου
3100 3305 3155 3362 δὲ
3195 3307 3358 3386 ἀρετὴ
3401 3303 3568 3381 μηδὲν
3599 3304 3751 3371 ἴδιον

2086 3390 2285 3470 λέγειν.
2348 3392 2633 3472 ’Ἄγγελον
2663 3394 2716 3452 δὲ
2759 3397 3009 3470 ἀκούσας,
3066 3397 3144 3472 μὴ
3197 3399 3407 3472 νόμισε,
3468 3396 3546 3451 ὁτι
3591 3396 3747 3475 φύσει

2086 3478 2314 3559 ἅγγελος
2344 3485 2435 3564 ἧν,
2469 3485 2505 3553 ἢ
2534 3488 2597 3542 εκ
2625 3494 2730 3543 τῶν
2759 3492 2991 3566 οὐρανῶν
3020 3483 3222 3554 κατέϐη
3249 3502 3263 3517 '
3295 3485 3435 3543 ἀλλά
3458 3484 3542 3541 διὰ
3571 3488 3631 3541 τὸ
3663 3485 3751 3563 ’έρ-

2086 3593 2181 3648 γον
2244 3574 2330 3629 καὶ
2371 3575 2470 3640 την
2529 3572 2794 3634 διακονίαν
2851 3575 3077 3655 ἄγγελος
3129 3574 3398 3635 καλεῖται.
3459 3576 3610 3633 Ἐπεὶ
3642 3576 3747 3653 γὰρ

2084 3660 2387 3738 ὑπηρέτησε
2415 3670 2491 3737 τῷ
2520 3666 2845 3744 κηρύγματι,
2900 3669 2986 3724 καὶ
3041 3664 3369 3745 προήγγειλε
3399 3667 3489 3722 τὸν
3526 3665 3745 3742 Κύριον,

2083 3752 2269 3806 τούτου
2323 3750 2500 3808 ἕνεκεν
2557 3753 2757 3825 ἐκλήθη
2839 3754 3090 3835 ἅγγελος.
3154 3759 3248 3814 Διὸ
3292 3758 3379 3811 καὶ
3430 3756 3457 3811 ὀ
3512 3757 3742 3832 εὐαγγε-

2084 3837 2273 3906 λιστὴς
2326 3840 2631 3919 ἀνατρέπων
2690 3845 2789 3912 τὴν
2845 3849 2951 3901 τῶν
3032 3842 3247 3901 πολλῶν
3297 3843 3572 3923 ὑπόνοιαν,
3633 3849 3745 3897 τῶν

2085 3926 2220 3991 ἴσως
2284 3933 2640 4006 νομισάντων,
2695 3932 2775 3990 ὅτι
2831 3932 3055 4014 ἅγγελος
3111 3937 3178 4003 ἧν
3251 3934 3280 3989 ὁ
3348 3932 3602 3999 Ἰωάννης
3675 3938 3745 4007 τῇ

2086 4018 2259 4099 φύσει,
2291 4024 2448 4100 φησίν
2480 4036 2496 4053 ⁶
2538 4046 2565 4076 α
2600 4021 2847 4101 Ἐγένετο
2868 4022 3136 4101 ἄνθρωπος
3166 4021 3563 4098 ἀπεσταλμένος
3592 4021 3738 4098 παρὰ

2089 4114 2242 4171 Θεοῦ.
2289 4133 2314 4165 ιο

2175 4221 2200 4250 ι
2234 4202 2396 4266 Οὗτος
2453 4200 2609 4269 ἦλθεν
2666 4205 2735 4268 εἰς
2786 4203 3092 4282 μαρτυρίαν,
3144 4203 3238 4258 ’ίνα
3267 4203 3577 4282 μαρτυρήσῃ
3620 4202 3742 4279 περὶ

2088 4298 2180 4347 τοῦ
2210 4290 2409 4365 φωτὸς,
2470 4290 2564 4347 ἵνα
2613 4294 2807 4357 πάντες
2858 4291 3177 4351 πιστεύσωσι
3220 4290 3288 4348 δι’
3319 4292 3499 4351 αὐτοῦ.
3547 4299 3739 4364 Οῦτος,

360 4396 467 4459 per
496 4373 1198 4455 illum.»llic,inquit,qui
1232 4373 1449 4436 missus
1475 4385 1598 4437 erat
1626 4395 1661 4438 a
1696 4376 2006 4454 Deo,venti

2093 4380 2269 4457 φησὶν,
2319 4380 2347 4435 ὁ
2404 4380 2799 4457 ἀπεσταλμένος
2850 4385 2994 4463 παρὰ
3067 4390 3222 4464 Θεοῦ,
3280 4382 3372 4438 ἵνα
3428 4381 3743 4460 μαρτυρήσῃ

355 4457 419 4527 ut
450 4465 853 4529 testimonium
899 4462 1240 4545 perhiberet
1271 4463 1346 4526 de
1396 4464 1643 4527 lumine.
1679 4466 1905 4528 Deinde
1931 4484 2006 4527 ne

2093 4468 2206 4541 περὶ
2265 4478 2356 4527 τοῦ
2411 4470 2607 4546 φωτός.
2671 4471 2810 4529 Εἶτα
2861 4457 2954 4529 ’ίνά
2983 4473 3060 4544 μή
3092 4494 3172 4535 τις
3203 4457 3420 4548 νομίσῃ,
3453 4457 3532 4526 ὅτι
3563 4457 3739 4548 ἔχρῃ-

353 4555 485 4635 quis
516 4553 812 4616 existimet
831 4553 985 4634 quod
1011 4552 1191 4631 hujus
1222 4552 1561 4615 testimonio
1575 4554 2005 4636 opusbabuerit

2093 4564 2172 4627 ξεν
2216 4554 2315 4635 ἄρα
2370 4559 2467 4625 τῆς
2508 4560 2691 4617 τούτου
2747 4564 3031 4642 μαρτυρίας
3083 4562 3111 4617 ὀ
3146 4562 3449 4639 Μονογενὴς
3480 4561 3553 4623 ὡς
3584 4557 3739 4614 ἔλλι-

354 4646 425 4708 ad
457 4645 708 4723 gloriam
736 4642 1282 4724 Unigenitus,quasi
1299 4642 1496 4723 aliqua
1515 4660 1583 4704 ex
1610 4652 1771 4723 parte
1803 4643 1996 4724 inops.

352 4735 577 4799 idcirco
594 4734 986 4817 addiditquod
1010 4736 1168 4796 venit
1189 4734 1605 4795 testiﬁcaturus
1619 4734 1690 4794 de
1702 4732 1847 4794 Filio
1864 4733 1996 4798 Dei:

353 4844 469 4887 non
517 4826 672 4907 quod
729 4824 886 4888 illius
930 4821 1269 4885 testimonio
1312 4820 1527 4884 habeat
1573 4840 1744 4902 opus,
1798 4821 1905 4882 sed
1937 4830 2001 4883 ut

350 4934 558 4976 omnes
591 4914 836 4977 credant
863 4932 969 4995 per
1002 4910 1351 4976 illum.Num
1375 4920 1657 4973 etomnes
1681 4910 1994 4991 peripsum

348 5002 1360 5075 crediderunt?Minime.Quomodo
1392 5001 1571 5081 igitur
1600 5000 1791 5082 inquit
1814 5019 1997 5062 evan-

349 5094 556 5173 gelista
586 5103 647 5156 ut
677 5113 886 5156 omnes
915 5091 1186 5156 credant?
1214 5090 1554 5166 Quomodo?
1603 5090 1894 5163 Quantum
1936 5091 1999 5153 in

348 5185 448 5246 illo
477 5193 946 5266 erat,propterea
979 5182 1422 5263 testiﬁcabatur,
1457 5189 1520 5242 nt
1548 5198 1757 5243 omnes
1778 5181 1991 5243 trahat.

349 5272 623 5346 Quamvis
640 5284 837 5337 autem
866 5272 1102 5355 quidam
1126 5271 1613 5351 discredant,non
1643 5284 1837 5332 tamen
1863 5270 1994 5332 ideo

347 5363 446 5425 ille
475 5362 1027 5441 reprehendendus:
1062 5361 1338 5443 quoniam
1373 5369 1432 5422 et
1461 5361 1547 5423 sol
1579 5360 1641 5421 in
1673 5360 1782 5422 hoc
1813 5358 1990 5439 lucet,

346 5461 409 5515 ut
438 5471 647 5515 omnes
676 5452 1063 5527 illuminel,at
1084 5452 1134 5514 si
1158 5453 1290 5533 quis
1312 5453 1373 5513 in
1396 5449 1719 5528 caliginosa
1740 5449 1991 5530 quadam

344 5543 521 5605 domo
553 5561 620 5605 se
649 5542 963 5605 incluserit
992 5551 1050 5606 et
1065 5542 1280 5622 jubare
1311 5560 1430 5603 non
1465 5539 1862 5619 fruatur,quid
1887 5540 1996 5601 hoc

248 5640 271 5649 ““
344 5634 415 5697 ad
449 5631 687 5696 solem?
734 5632 830 5694 Sic
881 5631 1058 5713 igitur
1103 5638 1162 5694 et
1199 5631 1315 5695 hoc
1344 5630 1475 5694 loco
1510 5632 1723 5692 missus
1757 5628 1996 5711 quidem

2085 4646 2193 4711 πης
2236 4648 2335 4719 ὢν,
2368 4646 2449 4703 διὰ
2476 4658 2631 4707 τοῦτο
2689 4652 3052 4729 προστίθησιν,
3107 4650 3187 4707 ὅτι
3228 4650 3357 4717 ἦλθε
3386 4649 3739 4728 μαρτυρήσων

2084 4738 2201 4810 περὶ
2255 4744 2347 4793 τοῦ
2404 4739 2525 4793 Υἱοῦ
2566 4747 2658 4797 τοῦ
2689 4742 2821 4797 Θεοῦ
2851 4756 2866 4771 ⁸
2915 4742 3020 4821 οὐχ
3077 4743 3150 4805 ὡς
3196 4739 3356 4799 αὐτοῦ
3407 4745 3506 4807 τῆς
3535 4738 3741 4794 ἱκείνου

2082 4827 2378 4904 χρῄζοντος
2422 4832 2727 4908 μαρτυρίας,
2798 4829 2916 4887 ἀλλ’
2988 4832 3082 4888 ’ίνα
3149 4831 3343 4894 πάντες
3414 4829 3719 4886 πιστεύσωσ

2082 4912 2147 4969 δι’
2208 4915 2382 4977 αὐτοῦ.
2422 4908 2551 4997 Ἀρα
2583 4922 2670 4976 οῦν
2720 4921 2807 4975 καὶ
2858 4921 3056 4985 πάντες
3084 4922 3397 4977 ἒπίστευσαν
3426 4917 3493 4975 δι’
3523 4921 3686 4976 αὺτοῦ
3719 4940 3737 4994 ;

2083 5004 2239 5084 Οὐχί.
2286 5012 2405 5073 Πῶς
2463 5016 2551 5065 οῦν
2602 5031 2762 5089 φησιν
2806 5011 2833 5066 ὀ
2883 5009 3286 5088 εῦαγγελιστὴς.
3322 5033 3346 5065 ι(
3384 4998 3509 5067 ’.ἱνα
3539 5008 3757 5083 πάντες,

2082 5096 2401 5154 πιστεύσωσι
2434 5120 2449 5170 ;
2490 5122 2513 5157 ι
2564 5105 2683 5163 Πῶς
2720 5115 2736 5173 ;
2790 5089 2962 5158 υΟσον
3016 5102 3076 5157 τὸ
3104 5101 3190 5156 ἔπ’
3221 5099 3426 5172 ἐκείνῳ,
3457 5096 3543 5154 διὰ
3580 5102 3738 5153 τοῦτο

2079 5182 2466 5266 ἐμαρτύρησεν,
2512 5188 2603 5245 ἵνα
2661 5190 2860 5254 πάντας
2924 5188 3119 5266 ἕλκύσῃ
3154 5207 3167 5220 '
3217 5191 3259 5246 εἰ
3310 5187 3365 5245 δὲ
3433 5186 3739 5256 ἠπίστησάν

2077 5296 2236 5354 τινες,
2299 5278 2395 5333 οὔκ
2424 5278 2629 5343 ἐκεῖνος
2676 5278 2967 5355 μεμπτέος,
3032 5276 3254 5346 Ἐπειδὴ
3283 5279 3369 5334 καὶ
3395 5278 3423 5333 ὀ
3465 5274 3618 5343 ἥλιος
3644 5275 3741 5339 ὶπὶ

2080 5365 2248 5439 τούτῳ
2290 5366 2589 5441 ἀνατέλλει,
2620 5368 2712 5426 ἵνα
2762 5367 2964 5433 πάντας
3023 5369 3228 5449 φωτίσῃ
3261 5386 3276 5402 ⁸
3309 5369 3352 5423 εἰ
3391 5365 3447 5422 δέ
3477 5387 3557 5428 τις
3590 5364 3735 5421 ἀπο-

2081 5452 2297 5520 κλείσας
2356 5457 2540 5514 ἑαυτὸν
2605 5458 2658 5515 ἐν
2713 5455 2935 5539 ζοφώδει
2992 5460 3268 5535 οἰκήματι,
3325 5459 3420 5514 οῦκ
3470 5453 3731 5513 ἀπολαύοι

2081 5546 2179 5610 τῆς
2224 5545 2441 5611 ἀκτῖνος
2503 5551 2681 5621 αὐτοῦ,
2724 5552 2773 5604 τί
2802 5558 2955 5606 τοῦτο
3012 5550 3141 5626 πρὸς
3196 5549 3288 5604 τὸν
3335 5545 3533 5624 ἥλιον,
3580 5544 3733 5603 Οῦτω

2083 5633 2368 5711 κάνταῦθα,
2430 5636 2704 5706 ἀπεστάλη
2760 5639 2858 5715 μὲν
2936 5639 2965 5695 ὀ
3041 5638 3319 5713 Ἰωάννης,
3376 5634 3467 5692 ἵνα
3534 5633 3729 5698 πάντες
