4116 6212
352 350 503 415 1149

343 485 693 543 πιστεύσωσιν
730 505 742 521 ·

341 573 519 638 αἴτιος
532 622 544 637 ,

430 682 456 717 ι
505 662 615 721 Οὔκ
655 666 723 732 ἦν
768 664 973 729 ἐκεῖνος
1038 667 1098 722 τὸ
1155 672 1291 747 φῶς,
1369 665 1489 723 ἀλλ’
1533 667 1626 723 ’ἕνα
1688 667 1997 746 μαρτυρήσῃ

346 754 461 829 περὶ
504 752 598 809 τοῦ
655 754 854 833 φωτός.
910 778 933 813 ι
986 753 1205 823 Ἐπειδὴ
1249 758 1323 821 ὡς
1398 756 1483 813 ἰπὶ
1540 755 1673 813 πολὺ
1730 756 1998 831 συμϐαίνει

346 842 438 896 τὸν
482 849 843 920 μαρτυροῦντα
895 846 1165 922 κρείττονα
1228 845 1371 901 εἶναι
1414 856 1506 905 τοῦ
1548 846 1993 924 μαρτυοουμένου,

347 930 440 986 ’ίνα
471 932 547 1005 μὴ
598 934 846 1014 νομίσῃς,
907 934 987 990 ὅτι
1048 936 1135 990 καὶ
1192 933 1443 1002 Ἰωάννης
1503 942 1777 1014 μαρτυρῶν
1826 932 1999 1012 [περὶ]

351 1027 578 1098 Χριστοῦ
646 1022 895 1092 κρείττων
969 1025 1123 1080 αὺτοῦ
1184 1023 1248 1089 ἧν
1284 1045 1296 1058 ·
1375 1026 1475 1091 τὴν
1527 1025 1765 1103 πονηρὰν
1806 1025 2001 1089 ταύτην

346 1110 574 1183 ὑποψίαν
621 1118 931 1189 περιαιρῶν,
988 1115 1145 1190 φησίν
1181 1128 1193 1142 ⁸
1249 1115 1356 1170 Οὔκ
1415 1112 1480 1180 ἧν
1540 1114 1745 1176 ἐκεῖνος
1774 1114 1833 1169 τὸ
1864 1119 1997 1191 φῶς.

347 1195 497 1254 ⁹Αλλ’
557 1198 701 1255 εἴποι
748 1200 809 1256 ἄν
869 1224 948 1264 τις
985 1222 998 1238 ο
1062 1192 1190 1267 Ἆρα
1259 1200 1373 1257 οὔδε
1416 1204 1508 1259 τὸν
1556 1201 1831 1280 Ἰωάννην,
1885 1202 1999 1257 οὔτε

349 1287 467 1343 τινὰ
514 1286 673 1345 ἄλλον
706 1295 814 1345 τῶν
858 1290 1022 1368 ἁγίων
1052 1289 1299 1366 εἴποιμεν
1344 1298 1491 1371 φῶς,
1524 1298 1647 1356 Φῶς
1677 1292 1774 1366 μὲν
1818 1290 2000 1347 εἴποι-

340 1397 440 1451 μεν
468 1377 692 1434 ἕκαστον
736 1385 842 1435 τῶν
902 1380 1066 1457 ἁγίων
1103 1396 1115 1409 ·

342 1465 479 1538 μετὰ
526 1473 620 1521 τοῦ
680 1465 887 1546 ἄρθρου,
936 1469 1095 1548 Οἶον,
1143 1468 1233 1524 ἐάν
1278 1490 1336 1525 σε
1405 1469 1577 1549 ἔροιτό
1621 1493 1701 1534 τις
1729 1485 1742 1499 ·
1804 1458 1931 1536 Ἀρα
1974 1472 2001 1525 6

345 1550 623 1637 ’ῐωάννης-
664 1561 776 1635 φῶς
820 1560 930 1613 ἔστι
965 1577 981 1629 ς
1044 1558 1362 1615 κατάνευσον
1397 1561 1505 1635 ’.εἰ
1549 1557 1603 1615 δὲ
1652 1558 1817 1623 οἲτως
1861 1558 2001 1637 ἐρω-

344 1645 493 1712 τήσει
530 1658 545 1674 ·
592 1633 723 1723 Ἀρα
758 1647 790 1702 6
839 1644 1091 1711 Ἰωάννης
1149 1649 1208 1702 τὸ
1260 1653 1372 1728 φῶς
1404 1633 1544 1704 ἐστιν
1580 1667 1595 1727 ;
1629 1649 1765 1727 εἰπὲ,
1802 1633 1899 1708 Οὔ.-
1930 1639 2001 1703 Οδ

348 1732 446 1810 γάρ
516 1732 658 1788 ἐστιν
714 1735 871 1798 αὑτὸς
927 1736 988 1790 τὸ
1044 1736 1156 1813 φῶς
1208 1736 1416 1814 κυρίως,
1495 1734 1631 1792 ἀλλὰ
1689 1737 1799 1817 φῶς
1862 1737 1997 1791 κατὰ

344 1821 613 1899 μετοχὴν,
647 1820 777 1901 ἔχον
806 1824 905 1890 τὴν
935 1820 1140 1899 λαμψιν
1165 1824 1227 1881 ἐκ
1254 1834 1349 1884 τοῦ
1374 1824 1634 1891 ἀληθινοῦ
1665 1825 1839 1901 φωός.

426 1905 520 1966 Ἦν
550 1912 612 1967 τὸ
659 1918 770 1991 φῶς
816 1914 878 1969 τὸ
923 1912 1194 1986 ἀληθινὸν,
1242 1915 1270 1969 ὃ
1325 1915 1536 1993 φωτίζει
1586 1917 1757 1971 πάντα
1794 1912 1996 1993 ἅνθρω-

341 2020 439 2054 πον
484 1997 779 2080 ἐρχόμενον
836 2003 911 2066 εἷς
954 2004 1045 2058 τὸν
1100 2003 1323 2078 κόσμον,
1363 2031 1383 2056 ι
1428 2002 1621 2060 Μέλλει
1652 2005 1824 2059 εἰπεῖν
1876 2003 1994 2081 περὶ

338 2087 437 2155 τῆς
483 2087 736 2166 ὲνσᾶρκου
780 2091 1082 2165 οἰκονομίας
1138 2101 1232 2150 τοῦ
1292 2099 1639 2172 Μονογενοῠς,
1685 2091 1765 2147 ὅτι
1836 2090 1993 2159 ἦλθεν

338 2177 411 2238 εἰς
458 2178 525 2233 τὰ
584 2175 717 2250 ἴδια,
782 2178 862 2235 ὅτι
908 2177 1032 2258 σὰρξ
1063 2180 1296 2257 ἐγένετο,
1332 2174 1465 2238 "Iv:
1492 2182 1663 2238 τοίνυο
1693 2182 1772 2256 μὴ
1799 2184 1991 2257 νομίσῃ

337 2286 440 2337 τις,
503 2266 583 2323 ὃτι
637 2268 739 2345 πρὸ
794 2275 887 2324 τοῦ
944 2273 1278 2346 σαρκωθῆναι
1336 2274 1432 2328 οὒκ
1476 2270 1566 2346 ἧν,
1624 2273 1809 2327 τούτου
1838 2270 1994 2327 ἕνεκα

339 2353 522 2429 ἀνάγει
580 2356 679 2423 τὴν
735 2353 966 2413 διάνοιαν
1027 2357 1116 2413 ἐπὶ
1155 2358 1254 2426 τὴν
1311 2358 1556 2415 ἐπέκεινα
1599 2361 1773 2427 πάσης
1818 2361 1993 2440 ἀρχῆς

341 2442 579 2523 ὓπαρξιν,
642 2448 729 2500 καί
782 2468 943 2525 φησιν
978 2467 993 2482 ·
1059 2436 1154 2503 Ἠν
1200 2449 1287 2504 καὶ
1360 2450 1459 2527 πρὸ
1515 2449 1608 2505 τοῦ
1664 2436 1997 2528 σαρκωθῆναι

346 2533 405 2587 τὸ
463 2540 572 2610 φῶς
626 2534 687 2589 τὸ
745 2532 1018 2601 ἀληθινόν,
1079 2536 1172 2591 Διὰ
1229 2538 1415 2593 τούτου
1469 2535 1523 2593 δὲ
1578 2538 1676 2604 την
1732 2543 1998 2597 Φωτεινοῦ

1096 315 1539 421 ΕΝξιῐιιιΑΤιο
1584 356 1661 422 IN
1707 357 1986 420 EVANG]

2080 347 2209 416 [UM
2246 354 2589 417 JOANNIS.
2636 389 2713 399 —
2758 354 2925 417 CAP.
2976 354 3022 416 Ι.

822 490 865 543 εἰ
926 486 980 543 δὲ.
1044 490 1123 563 μή
1194 488 1349 547 τοῦτο
1411 489 1612 565 ἀπέϐη,
1655 489 1751 545 οὒκ
1792 490 1986 549 ἐκεῖνος

2082 484 2193 547 fuit
2222 484 2503 564 Joannes,
2538 491 2601 544 ut
2638 503 2846 547 omnes
2897 483 3182 546 credant:
3244 480 3733 563 quamvis'autem

3580 347 3740 411 1150

2081 573 2346 636 evenerit
2376 572 2766 647 contrarium,
2799 572 2899 634 ille
2927 573 2983 634 in
3010 590 3189 634 causa
3219 590 3338 633 non
3365 577 3476 633 est.

2165 665 2343 726 Vens.
2377 664 2437 724 8.
2480 685 2502 718 α
2530 660 2657 723 Non
2684 662 2928 724 eratille
2954 661 3048 723 lux
3074 660 3312 741 illa,sed
3332 669 3398 722 ut
3418 668 3738 721 testaretur

2084 752 2157 813 de
2188 752 2337 814 luce.
2372 777 2397 807 »
2426 750 2945 830 Quandoquidem,
2992 760 3055 811 ut
3085 768 3243 831 saepe
3275 749 3402 811 ﬁeri
3434 748 3607 821 solet,
3633 747 3735 829 qui

2085 849 2338 901 testatur
2372 840 2562 920 major
2584 848 2673 901 est
2704 858 2775 900 eo
2795 840 2889 900 cui
2914 839 3314 900 testimonium
3344 837 3639 917 perhibet,
3660 855 3736 897 ne

2085 928 2387 990 existimes
2420 929 2573 1008 quod
2628 929 2886 989 Joannes
2932 927 3257 987 tesniﬁcans
3285 926 3517 988 Christo
3549 925 3739 1004 major

2084 1016 2186 1080 illo
2202 1016 2617 1091 fuerit;malam
2633 1016 3032 1095 suspicionem
3049 1013 3257 1077 illam5
3270 1018 3293 1073 ι
3308 1014 3730 1085 tlinterimens,

2088 1105 2810 1187 inquit,Noucratitlelux
2836 1104 2961 1164 illa.
2994 1104 3109 1165 Sed
3143 1103 3359 1164 dixerit
3386 1102 3675 1183 quispiam
3715 1123 3727 1162 :

2088 1196 2277 1274 Igitur
2292 1214 2408 1256 non
2433 1195 2547 1257 erit
2568 1194 2655 1254 vel
2681 1192 3057 1271 Joannes,vel
3082 1191 3370 1273 quispiam
3388 1201 3727 1252 sanctorum

2086 1284 2390 1345 vocandus
2440 1283 2582 1344 lux?
2627 1284 2845 1345 Lucem
2888 1284 3093 1361 utique
3125 1291 3284 1341 recte
3306 1279 3629 1340 dixerimus
3656 1299 3728 1340 u-

1175 1383 1236 1436 τὸ
1290 1369 1403 1457 φῶς
1458 1379 1512 1437 δὲ
1542 1382 1635 1437 οῦκ
1664 1381 1724 1437 ἂν
1757 1381 1986 1455 εἴποιμν

2086 1391 2531 1454 numquemque
2555 1380 2919 1444 sanctorum,
2949 1372 3049 1432 sed
3082 1370 3272 1431 lucem
3300 1369 3458 1430 illam
3491 1387 3623 1429 cum
3647 1387 3731 1429 ar-

2090 1461 2269 1522 ticulo
2301 1462 2641 1542 neutiquam
2703 1460 2994 1521 dicemus.
3057 1457 3224 1522 Unde
3254 1459 3301 1519 si
3332 1457 3466 1538 quis
3495 1457 3598 1517 tibi
3631 1457 3729 1518 di-

2087 1551 2528 1624 xerit,.loannes
2559 1551 2654 1611 lux
2689 1557 2821 1613 est?
2842 1548 3132 1610 annue.Si
3165 1556 3361 1609 autem
3392 1548 3729 1626 interroga-

2084 1640 2184 1707 rit.
2218 1639 2497 1721 Nunquid
2525 1640 2784 1703 Joannes
2815 1640 2908 1700 iux
2944 1639 3043 1699 illa
3087 1644 3209 1699 est!
3245 1637 3362 1710 dic,
3409 1638 3565 1700 Non.
3600 1634 3727 1698 Non

2083 1730 2241 1791 enim
2272 1730 2403 1810 ipse
2460 1730 2702 1810 proprie
2730 1729 2829 1790 lux
2862 1734 2975 1801 est,
3010 1726 3111 1788 sed
3136 1726 3232 1787 lux
3278 1742 3385 1805 per
3414 1723 3727 1805 participa-

2078 1819 2328 1892 tionem,
2363 1820 2588 1882 habens
2613 1820 2900 1897 fulgorem
2931 1836 2965 1880 a
2993 1835 3128 1878 vera
3159 1816 3312 1879 luce.

2162 1912 2339 1972 Vens,
2370 1909 2429 1971 9.
2463 1932 2484 1963 ι
2516 1907 2776 1970 Eratlux
2826 1906 2925 1968 illa
2946 1906 3041 1967 lux
3072 1924 3231 1979 vera,
3268 1922 3400 1984 qua;
3429 1902 3725 1966 illuminat

2079 2016 2319 2059 omnem
2341 1996 2641 2057 hominem
2658 1995 2995 2057 venientem
3015 1994 3073 2055 in
3090 1993 3399 2055 mundum.
3413 1992 3725 2055 nDicturus

2078 2096 2168 2149 est
2192 2087 2268 2148 de
2292 2086 2699 2148 incarnatione
2718 2082 3199 2164 Unigeniti,quod
3232 2082 3461 2143 venerit
3489 2082 3549 2144 in
3582 2102 3724 2162 pro-

2076 2175 2393 2257 pria,quod
2413 2194 2555 2237 caro
2581 2175 2768 2235 factus
2793 2173 2984 2236 sit.Ne
3016 2172 3194 2251 igitur
3228 2170 3361 2252 quis
3391 2171 3724 2252 suspicetur

2074 2265 2233 2346 quod
2261 2284 2377 2325 non
2396 2263 2571 2325 fuerit
2590 2274 2904 2343 antequam
2924 2261 3358 2339 incarnaretur,
3387 2259 3518 2338 ejus
3537 2259 3721 2339 gratia

2078 2353 2347 2415 subvehit
2368 2361 2628 2413 mentem
2659 2359 2919 2413 nostram
2946 2351 3007 2411 in
3034 2348 3441 2417 substantiam,
3479 2367 3613 2429 quae
3641 2348 3725 2409 ul-

2081 2452 2174 2505 tra
2199 2460 2377 2503 omne
2434 2440 2793 2523 principium
2838 2448 2954 2511 est,
2998 2438 3055 2501 el
3103 2438 3295 2519 inquit
3331 2458 3345 2499 :
3378 2436 3517 2500 Erat
3547 2438 3722 2500 etiam

2083 2544 2396 2615 antequam
2424 2534 2838 2593 incarnaretur
2892 2530 2991 2590 lux
3044 2529 3146 2590 illa
3180 2546 3338 2589 vera.
3374 2532 3445 2591 Et
3481 2546 3588 2608 per
3612 2528 3723 2590 hoc

343 2619 431 2675 καὶ
489 2619 695 2677 Παύλου
751 2625 842 2678 τοῦ
884 2624 1240 2699 Σαμοσατέως
1272 2624 1479 2704 αἵρεσιν
1536 2625 1834 2703 ἀνατρέπει,
1887 2634 1986 2683 τῶν

2080 2623 2315 2685 Photini
2338 2631 2397 2684 et
2420 2622 2581 2685 Pauli
2604 2619 2975 2684 Samosateni
2992 2618 3287 2680 subvertit
3304 2618 3601 2691 haeresim,
3624 2617 3723 2697 qui

341 2705 781 2785 ὁογματισάντων
839 2712 957 2768 τότε
1014 2711 1235 2792 ὑπάρξαι
1267 2715 1357 2770 τὸν
1406 2720 1706 2792 Μονογενῆ,
1742 2715 1828 2770 ὅτε
1887 2716 1986 2771 ἀπὸ

2080 2714 2302 2775 docent
2314 2714 2372 2772 in
2386 2711 2508 2773 suis
2519 2706 3276 2789 dogmatibusUnigeniturn
3293 2706 3718 2785 tunccmpisse,

338 2799 535 2875 Μαρίας
598 2797 854 2876 ἐγεννήθη
886 2820 900 2833 ⁵
950 2824 1051 2879 προ
1093 2802 1280 2859 τούτου
1319 2800 1373 2857 δὲ
1416 2805 1494 2878 μὴ
1558 2804 1723 2866 εἶναι,
1782 2804 1986 2861 ’Ἄκουε

2080 2804 2311 2884 quando
2335 2802 2409 2862 de
2430 2801 2615 2864 Maria
2637 2808 2809 2861 natus
2851 2806 2965 2871 est,
3000 2805 3059 2859 et
3078 2804 3215 2857 ante
3236 2796 3349 2884 hoc
3368 2794 3717 2884 non

333 2888 419 2943 καὶ
478 2888 562 2960 σὺ,
622 2891 649 2943 6
695 2888 996 2966 Ἀρειανὸς,
1042 2892 1070 2945 6
1117 2891 1193 2957 μὴ
1238 2890 1410 2969 λέγων
1459 2891 1707 2958 ἀληθινὸν
1741 2896 1869 2948 Θεὸν
1899 2896 1986 2949 τὸν

2080 2881 2223 2951 Audi
2255 2898 2313 2949 et
2338 2896 2423 2966 tu,
2458 2887 2701 2961 Ariaue,
2735 2887 2833 2966 qui
2865 2904 3049 2963 negas
3075 2902 3277 2945 verum
3300 2882 3484 2945 Deum
3504 2881 3717 2945 Filium

336 2977 455 3031 Υῐὸν
516 2984 608 3033 τοῦ
653 2986 808 3051 Θεοῦ,
868 2981 917 3035 τί
978 3000 1135 3046 φησιν
1197 2982 1225 3035 6
1280 2980 1685 3059 εὖαγγελιστής⁸
1727 3006 1749 3035 ιι
1787 2984 1847 3037 τὸ
1877 2988 1986 3061 φώς

2080 2977 2354 3059 Dei,quid
2374 2977 2526 3040 dicat
2546 2976 2901 3053 evangelista
2930 2995 2942 3037 :
2980 2997 3002 3028 ο
3026 2972 3279 3035 Eratlux
3310 2970 3411 3032 illa
3426 2990 3621 3033 veraa
3649 2973 3721 3033 Et

330 3066 391 3119 τὸ
436 3064 683 3131 ἀληθινόν
720 3082 733 3095 ·
778 3090 804 3121 n
842 3068 929 3122 καὶ
961 3068 1021 3123 σὺ
1058 3066 1137 3139 δὲ,
1169 3068 1214 3123 ὦ
1272 3075 1568 3147 Μαιιχατε,
1604 3072 1632 3125 6
1663 3068 1858 3147 λέγων,
1906 3069 1986 3125 ὅτι

2080 3077 2131 3128 lu
2155 3085 2307 3147 quoq
2320 3063 2874 3143 ue,l\laniohaee,qui
2895 3063 3043 3127 diois
3057 3062 3212 3143 quod
3231 3061 3419 3122 simus
3436 3069 3721 3122 creaturae

333 3161 423 3210 τοῦ
478 3162 712 3233 πονηροῦ
769 3152 1091 3235 δημιουργοῦ
1140 3159 1299 3230 ἔσμεν
1351 3159 1637 3231 κτίσματα,
1670 3156 1847 3237 ἔκλυε,
1896 3158 1981 3221 ὅτι

2080 3157 2303 3237 opiﬁcis
2350 3154 2596 3227 diaboli,
2626 3154 2786 3227 audi,
2821 3153 2960 3233 quia
3000 3152 3094 3213 lux
3133 3151 3233 3213 illa
3264 3170 3401 3212 vera
3429 3150 3721 3212 illuminat

333 3242 393 3295 τὸ
426 3246 534 3320 φῶς
568 3244 628 3297 τὸ
656 3241 913 3308 ἀληθινὸν
961 3244 1171 3323 φωτίζει
1230 3247 1399 3300 πάντα
1454 3243 1749 3324 ἄνθρωπον.
1785 3248 1840 3304 Εἰ
1898 3250 1985 3303 οὖν

338 3332 365 3385 6
424 3332 655 3408 πονηρός
708 3328 1030 3410 δημιουργὸς
1072 3333 1262 3394 σκότος
1307 3333 1467 3412 ἐστὶν,
1529 3336 1623 3390 οὒκ
1677 3335 1743 3390 ἂν
1782 3338 1986 3415 φωτίσῃ

337 3419 456 3474 τινα
487 3434 501 3449 ⁸
555 3419 691 3476 ὥστε
761 3427 855 3477 τοῦ
926 3423 1101 3500 φωτὸς
1172 3432 1263 3481 τοῦ
1340 3421 1591 3491 ἀληθινοῦ
1647 3424 1805 3500 ἐσμεν
1874 3426 1987 3481 κτί-

338 3529 537 3581 σματα.
605 3509 700 3565 Καὶ
758 3511 897 3581 πῶς,
964 3512 1114 3589 φησὶ,
1177 3512 1387 3590 φωτίζει
1464 3512 1637 3568 πάντα
1694 3512 1989 3595 ἄνθρωπον,

336 3595 469 3652 ὅπου
520 3618 580 3674 γε
624 3595 889 3672 βλέπομεν
948 3620 1095 3659 τινας
1167 3598 1567 3675 ἐσκοτισμὲνους
1601 3642 1622 3663 .
1687 3592 1859 3659 υΟσον
1926 3592 1986 3667 τε

330 3682 413 3765 ἔφ’
458 3686 654 3759 ἑαυτῷ,
712 3687 911 3750 πάντας
969 3688 1203 3766 φωτίζει.
1266 3690 1392 3745 Εἰπὲ
1441 3691 1541 3767 γάρ
1585 3714 1692 3765 μοι,
1746 3695 1805 3749 οὖ
1847 3692 1986 3748 πάν-

329 3797 415 3836 τες
464 3774 719 3855 λογικοίς
780 3780 840 3834 οὗ
900 3778 1095 3839 πάντες
1150 3779 1301 3857 φύσει
1350 3781 1703 3857 γινώσκοντες
1733 3784 1794 3837 τὸ
1824 3780 1987 3838 καλὸν

325 3866 411 3920 καὶ
469 3867 809 3945 τοῦναντίονς
872 3870 966 3924 οὒκ
1022 3865 1239 3946 ἔχοντες
1306 3868 1517 3944 δύναμιν
1576 3871 1822 3937 ἐννοῆσαι
1878 3871 1984 3927 ἀπὸ

327 3958 432 4007 τῶν
475 3956 781 4029 κτισμάτων
817 3955 908 4011 τὸν
952 3958 1179 4023 Κτίστην
1214 3977 1230 4032 ς
1281 3948 1458 4014 υΩστε
1514 3961 1541 4014 6
1572 3958 1730 4038 λόγος
1763 3962 1790 4016 6
1820 3958 1981 4023 δοθεὶς

323 4043 483 4121 ἡμῖν,
530 4044 617 4098 καὶ
660 4042 1013 4122 παιδαγωγῶν
1069 4046 1213 4115 ἡμᾶς
1264 4047 1438 4126 φύσει,
1503 4050 1561 4111 ὃς
1617 4050 1705 4105 καὶ
1765 4051 1982 4129 φυσικὸς

323 4133 487 4205 νόμος
544 4130 814 4203 καλεῖται,
889 4133 1038 4196 οὗτος
1106 4133 1165 4189 ἂν
1225 4133 1447 4203 κληθείη
1530 4143 1667 4217 φῶς,
1724 4139 1787 4193 τὸ
1838 4136 1982 4200 δοθὲν

325 4222 461 4294 ἡμῖν
519 4223 660 4299 παρὰ
707 4224 839 4277 Θεοῦ
873 4240 886 4253 ·
935 4224 977 4277 εἰ
1022 4220 1076 4277 δε
1135 4244 1268 4288 τινες
1324 4231 1502 4290 κακῶς
1545 4234 1619 4301 τῷ
1649 4226 1793 4305 λόγῳ
1812 4229 1977 4307 εχρήο

328 4331 509 4377 σαντο,
569 4310 784 4373 ἑαυτοὺς
844 4310 1143 4374 ὲσκότισλν,
1201 4314 1347 4377 Τινὲς
1382 4314 1436 4369 δὲ
1479 4316 1617 4372 οὕτω
1664 4315 1840 4373 λύουσι
1884 4323 1982 4381 την

329 4396 570 4454 ἔνστασιν
619 4399 817 4464 ταύτην
852 4419 866 4433 ⁸
935 4403 1179 4479 ψωτζει,
1250 4405 1429 4482 φησὶν,
1485 4407 1512 4461 6
1574 4407 1757 4483 Κύριος
1813 4410 1983 4461 πάντα

328 4488 599 4567 ἄνθρωπον
655 4489 745 4543 τὸν
816 4488 1110 4568 ἐρχόμενον
1183 4494 1254 4555 εἰς
1314 4494 1402 4548 τὸν
1448 4495 1672 4569 κόσμον,
1737 4494 1855 4561 ἤτοι
1914 4497 1985 4565 εἰς

322 4578 464 4642 τάξιν
565 4576 828 4657 βελτίονα,
910 4582 995 4635 καὶ
1078 4580 1435 4653 σπουδάζοντα
1535 4586 1801 4656 κοσμῆσαι

324 4668 520 4722 οἰκείαν
551 4666 760 4746 ψυχὰν,
794 4680 881 4723 καὶ
906 4671 982 4743 μὴ
1013 4669 1160 4725 ἐᾶσαι
1192 4670 1429 4747 ἀκοσμόν
1461 4695 1517 4728 τε
1548 4676 1633 4729 καὶ
1664 4673 1898 4739 ἀκαλλῆ.

407 4776 435 4814 1
471 4754 561 4813 Ἐν
606 4763 683 4830 τῷ
735 4757 922 4831 κόσμῳ
964 4760 1049 4830 ἦν,
1100 4762 1184 4814 καὶ
1234 4763 1261 4815 6
1317 4762 1516 4837 κόσμος
1572 4761 1639 4817 δι’
1672 4763 1826 4820 αὒτοῦ
1856 4763 1976 4841 ἐγέ-

321 4867 462 4919 νετο,
495 4848 583 4903 καὶ
613 4850 641 4903 6
696 4847 895 4921 κόσμος
948 4848 1102 4903 αὐτόν
1149 4851 1242 4905 οὒκ
1294 4850 1451 4927 ἔγνω,
1492 4878 1516 4909 ι
1574 4850 1659 4909 Ἐν
1692 4860 1765 4926 τῷ
1795 4853 1982 4926 κόσμυ

321 4936 389 4999 ἦν
446 4936 519 4996 ὡς
565 4937 696 5000 Θεὸς
752 4946 1031 5015 πανταχοῦ
1103 4940 1285 5015 παρών
1322 4956 1334 4969 ·

1886 4586 1985 4651 τὴν

1384 4939 1519 4996 ἀλλὰ
1577 4939 1641 5008 δὴ
1704 4943 1790 4997 καὶ
1846 4942 1980 4997 κατὰ

326 5026 676 5101 προνοητικὸν
707 5027 795 5081 καὶ
828 5027 1180 5107 συνε[κ]τικέιν
1233 5028 1451 5103 λεγθείη
1505 5030 1567 5085 ἂν
1608 5030 1659 5085 ἐν
1690 5038 1766 5103 τῷ
1796 5032 1981 5104 κόσμῳ

322 5116 489 5175 εἶναι.
553 5116 732 5173 Καίτοι
776 5118 826 5172 τί
870 5130 1045 5187 τοῦτο,
1089 5121 1239 5198 φησὶ,
1294 5121 1457 5198 λέγω,
1488 5120 1569 5176 ὅτι
1602 5121 1654 5176 ἐν
1688 5127 1764 5194 τῷ
1794 5121 1981 5196 κόσμῳ

326 5204 350 5225 γ
492 5203 503 5223 Ῑ
786 5205 800 5225 9
845 5206 859 5223 \
1022 5208 1031 5223 Ι
1230 5208 1253 5226 εἴ
1330 5208 1357 5229 Ὺ
1574 5210 1586 5227 ‘
1735 5213 1747 5228 ς
1924 5212 1935 5227 \

321 5228 411 5283 ην,
476 5204 609 5260 ὅπου
651 5226 709 5281 γε
752 5203 867 5262 ουδε
899 5209 925 5262 6
969 5229 1173 5282 κοσμος
1223 5231 1285 5263 αν
1328 5232 1416 5282 ην,
1451 5211 1492 5265 εί
1524 5233 1603 5285 μη
1636 5212 1789 5272 αὖτος
1822 5212 1977 5266 αὐτον

318 5293 538 5361 ἐποίησε
574 5314 588 5373 ;
626 5298 969 5375 Πανταχόθεν
1020 5296 1073 5353 δὲ
1110 5301 1444 5376 Δημιουργὸν
1477 5303 1630 5358 αὐτὸν
1670 5298 1921 5356 δείκνυσιν
1957 5321 1968 5333 ·

314 5384 425 5459 ἅμα
482 5387 580 5459 μὲν
637 5387 722 5441 καὶ
766 5386 865 5453 τὴν
908 5397 1000 5446 τοῦ
1043 5389 1304 5451 Μᾶνεντος
1365 5389 1558 5447 λύσσαν
1614 5388 1972 5469 ἀναστέλλων,

2072 3264 2308 3307 omnem
2327 3244 2652 3306 hominem.
2690 3242 2750 3305 Si
2774 3244 2947 3320 igitur
2966 3241 3252 3315 malignu:
3276 3241 3375 3303 ille
3402 3241 3599 3320 opifex
3627 3250 3717 3302 te—

2074 3335 2275 3397 nebrae
2299 3334 2645 3415 est,nullum
2668 3333 2871 3413 utique
2898 3332 3197 3393 illuminat
3227 3352 3239 3388 :
3262 3338 3437 3411 atque
3457 3330 3535 3390 ita
3566 3348 3720 3392 vera:

2076 3426 2223 3489 lucis
2240 3435 2525 3487 creatura:
2542 3443 2774 3485 sumus.
2813 3422 3215 3503 thuomodo,
3249 3421 3460 3502 inquit,
3492 3420 3713 3481 illumi-

2074 3524 2172 3577 mt
2196 3533 2432 3575 omnem
2490 3513 2817 3585 hominem,
2853 3531 2987 3572 cum
3015 3510 3318 3572 videamus
3351 3519 3466 3571 tam
3498 3510 3716 3571 multos

2075 3603 2526 3667 obtenebratos?
2545 3602 2835 3674 Quantum
2860 3601 2930 3661 ad
2954 3602 3145 3681 ipsum
3168 3600 3396 3673 attinet,
3424 3598 3717 3660 illuminat

2077 3712 2307 3755 omnes.
2339 3694 2445 3755 Dic
2470 3692 3145 3770 euim,0bsecro,nonne
3167 3706 3373 3749 omnes
3396 3688 3716 3750 rationales

2074 3789 2252 3845 sunt?
2274 3800 2471 3845 nonne
2494 3800 2703 3843 omnes
2735 3790 2942 3841 natura
2970 3778 3227 3840 scientes
3256 3778 3475 3841 bonum
3501 3792 3563 3844 et
3586 3802 3713 3843 ma-

2072 3871 2193 3933 lum
2221 3872 2247 3932 ?
2278 3890 2477 3933 nonne
2507 3888 2715 3931 mnnes
2742 3869 2964 3932 habent
3007 3868 3285 3930 virtutem
3317 3886 3387 3929 ex
3421 3872 3716 3934 creaturis

2068 3958 2464 4039 cognoscendi
2484 3963 2825 4021 Creatorem
2851 3965 2878 4019 ’ἰ
2919 3955 2988 4018 Et
3010 3955 3092 4018 ita
3114 3956 3261 4017 ratio
3286 3956 3625 4032 datanobis,
3659 3968 3717 4020 et

2067 4056 2277 4111 natura
2311 4068 2417 4109 nos
2438 4048 2763 4119 instruens,
2784 4066 2917 4127 quae
2939 4056 2996 4107 et
3018 4045 3303 4107 naturalis
3325 4047 3416 4108 lex
3449 4055 3713 4128 vocatur,

2069 4140 2198 4199 haec
2220 4146 2421 4198 vocata
2453 4146 2542 4199 est
2574 4136 2671 4198 lux
2698 4135 2874 4199 nobis
2902 4155 2935 4197 a
2965 4135 3086 4199 Deo
3117 4136 3274 4198 data.
3306 4135 3472 4208 Quod
3506 4136 3556 4197 si
3585 4137 3715 4217 qui~

2065 4227 2199 4290 dam
2214 4234 2443 4289 ratione
2468 4229 2557 4289 usi
2584 4246 2700 4288 non
2725 4225 2953 4299 sunt,hi
2970 4226 3197 4306 seipsos
3220 4224 3704 4286 obtenebrarunt.

2066 4316 2345 4378 Nonnulli
2370 4317 2522 4378 hanc
2547 4316 2973 4377 dubitationem
2998 4314 3077 4375 ita
3098 4314 3365 4377 solvunt:
3387 4313 3708 4386 illuminat.

2068 4406 2366 4486 inquiunt,
2402 4404 2687 4466 Dominus
2716 4424 2953 4467 omnem
2979 4403 3277 4465 hominem
3306 4405 3712 4467 venientemin

2076 4494 2361 4556 mundum
2391 4515 2403 4556 :
2432 4494 2544 4555 hoc
2567 4504 2789 4574 est,ens
2821 4492 2919 4574 qui
2943 4503 3079 4553 sunt
3107 4492 3167 4553 in
3192 4502 3339 4554 statu
3374 4493 3631 4568 meliori,
3655 4504 3713 4554 et

2071 4584 2281 4646 dantes
2306 4602 2546 4663 operam
2579 4592 2643 4645 ut
2674 4592 2918 4644 ornetur
2940 4582 3138 4643 anima
3168 4602 3291 4652 sua,
3330 4601 3525 4664 neque
3550 4584 3707 4645 illam

2066 4672 2394 4734 inornatam
2430 4683 2487 4733 et
2520 4684 2751 4752 turpem
2788 4691 2919 4732 esse
2950 4672 3236 4734 sinentes.

2146 4764 2325 4823 Vens.
2348 4761 2548 4823 l0.rlu
2585 4761 2804 4822 mundo
2837 4770 2981 4831 erat,
3009 4769 3065 4821 et
3099 4761 3353 4823 mundus
3381 4782 3485 4843 per
3515 4764 3705 4842 ipsum

2064 4853 2254 4914 factus
2276 4859 2459 4921 est,et
2480 4850 2737 4911 mundus
2763 4869 2895 4910 eum
2922 4869 3038 4911 non
3061 4851 3463 4928 t'OgUOViLvIll
3489 4854 3708 4914 mundo

2066 4948 2215 5011 erat,
2253 4940 2405 4999 sicut
2434 4939 2589 5002 Deus
2620 4938 2842 5019 ubique
2876 4955 3151 5015 praesens
3192 4938 3347 5011 Quin
3382 4950 3439 5001 et
3471 4950 3712 5020 propter

2064 5029 2590 5110 providentiam,et
2612 5027 3072 5088 conservativam
3093 5028 3205 5089 vim
3229 5048 3343 5108 qua
3355 5030 3552 5091 omnia
3571 5050 3710 5091 con-

2062 5116 2574 5197 servat,dicendus
2599 5116 2767 5177 estin
2800 5116 3021 5177 mundo
3045 5136 3215 5177 esse:
3243 5118 3403 5198 alqui
3435 5138 3540 5179 cur
3570 5119 3703 5193 hoc,

2062 5205 2277 5286 inquit,
2312 5205 2445 5265 dico
2478 5206 2631 5284 quod
2668 5205 2725 5264 in
2761 5206 2979 5265 mundo
3000 5204 3488 5287 Iuerit,quouiam
3517 5226 3708 5288 neque

2062 5295 2318 5357 mundus
2350 5295 2475 5374 ipse
2505 5293 2743 5369 fuisset,
2790 5294 2900 5355 nisi
2934 5295 3030 5355 ille
3078 5296 3265 5375 ipsum
3298 5296 3707 5359 condidisset?

2058 5383 2290 5465 Ubique
2324 5386 2513 5464 ipsum
2547 5383 2809 5443 Ostendit
2849 5383 3148 5463 Opiﬁcem.
3186 5386 3395 5465 partim
3430 5396 3490 5448 ut
3519 5387 3703 5449 Mani-

316 5482 408 5531 τοῦ
451 5474 727 5553 λέγοντος,
810 5479 1041 5555 πονηρὸν
1117 5476 1437 5557 δημουυργὸν
1516 5493 1850 5558 παραγαγεῖν
1908 5482 1974 5534 τὰ

2080 5473 2199 5535 rhaai
2225 5471 2514 5534 insaniam
2540 5471 3025 5552 reprimeret,qui
3053 5474 3195 5535 dicit
3229 5474 3545 5554 malignum
3579 5479 3702 5558 opi-

312 5565 589 5639 σύμπαντα
624 5583 639 5600 ⁸
675 5563 813 5622 ἄλλα
861 5563 927 5633 δὴ
967 5569 1055 5623 καὶ
1096 5568 1197 5635 την
1372 5568 1603 5648 βλρείου,
1639 5577 1731 5627 τοῦ
1762 5572 1969 5647 φήσαν-

2080 5565 2224 5625 icem
2260 5560 2608 5639 produxisse
2639 5560 2842 5621 omnia
2879 5570 2977 5622 :et
3006 5562 3210 5625 Arium
3244 5565 3701 5647 confutaret,qui

309 5673 399 5717 τος
444 5655 637 5731 κτίσμα
697 5656 839 5711 εἶναι
884 5657 975 5713 τὸν
1037 5659 1153 5715 Πὸν
1226 5658 1324 5715 ’τοῦ
1381 5666 1512 5719 Θεοῦ
1588 5658 1701 5736 ἅμα
1760 5657 1813 5715 δὲ
1886 5661 1973 5716 καὶ

2080 5655 2198 5717 lixit
2226 5650 2441 5715 Filium
2465 5650 2567 5715 Dei
2585 5668 2717 5714 esse
2738 5660 3067 5714 creaturam
3100 5670 3113 5713 :
3142 5654 3352 5735 partim
3377 5663 3439 5719 ut
3462 5675 3700 5747 omnem
