4116 6212
430 284 569 347 1151
1103 340 1110 346 .
1394 290 1991 357 THEOPHYLACTI
2037 293 2447 358 BULGARIAZ
2490 296 2844 363 ARCHIEP.
3664 296 3817 360 1152.

422 419 726 509 hominem
747 420 1064 485 induceret
1086 431 1148 485 ut
1163 426 1515 489 conﬁteatur
1530 428 1933 505 Factorem,et
1952 446 2072 492 non

2174 428 2327 484 τάντα
2386 429 2657 509 ἄνθρωπον
2738 429 2941 509 ὶνάγων
3029 432 3101 495 εἷς
3172 433 3232 488 τὸ
3304 429 3642 509 ὁμολογῆσαι
3729 434 3810 487 τὸν

424 508 568 568 sta
598 510 813 571 serviat
835 514 1147 587 creaturis,
1190 515 1294 577 sed
1329 515 1535 580 adoret
1564 518 1971 581 Conditorem.
2004 520 2077 582 At

2174 519 2425 598 Πσιητήν,
2484 522 2571 577 καὶ
2628 521 2706 594 μὴ
2784 519 3061 598 λατρεῦσαι
3135 534 3251 586 τοῖς
3320 520 3623 594 κτίσμασιν,
3686 519 3813 576 ἄλλα

428 598 718 690 mundus,
739 598 958 682 inquit,
983 620 1119 664 eum
1151 623 1269 665 non
1301 606 1578 685 cognovit
1612 626 1627 667 :
1659 608 1769 669 hoc
1801 615 1912 688 est,
1941 628 2080 687 pro-

2174 614 2520 681 προσκυνῆσαι
2577 611 2667 665 τὸν
2732 610 2985 675 Κτίστην,
3046 629 3071 664 ι
3135 600 3193 667 Ὀ
3249 608 3449 684 κόσμος
3508 607 3588 690 δὲ,
3632 612 3816 689 φησὶν,

426 688 688 779 miscuus
706 688 806 779 ille
828 691 1103 771 populus.
1119 693 1217 773 qui
1242 695 1557 757 mundanis
1578 696 1853 761 addictus
1871 706 1962 760 est
1977 717 2077 761 ne-

2174 698 2313 753 ιῦτὸν
2370 703 2463 757 οὒκ
2519 698 2678 779 ἔγνω,
2717 725 2741 755 ι
2806 699 2920 755 ἀντὶ
2962 706 3078 771 τοῦ,
3126 701 3153 755 ὁ
3198 697 3426 779 χυδιῖος
3454 688 3610 778 λαὸς,
3644 688 3673 756 ὁ
3702 688 3811 760 τοῖς

340 846 343 851 ί
423 777 888 868 εοιίίεηΜιιηόυε
913 780 1073 843 enim
1089 782 1381 860 signiﬁcat
1403 785 1643 864 quidem
1659 795 1716 849 et
1734 788 2076 850 universum

2174 792 2255 841 τοῦ
2311 786 2515 862 κόσμου
2562 777 2940 867 προστετηκὼς
2986 777 3287 867 πράγμασι.
3354 792 3426 848 Τὸ
3470 777 3601 868 γὰρ
3637 812 3666 843 ε
3727 790 3816 843 κό-

423 868 558 959 hoc,
585 866 738 959 sicut
761 869 870 929 hoc
923 868 1054 932 loco
1086 871 1313 933 dictum
1359 881 1471 954 est,
1507 876 1662 956 quod
1691 877 1947 939 mundus
1980 895 2085 959 per

421 954 616 1047 ipsum
641 956 830 1019 factus
853 966 947 1021 est
970 977 985 1022 ;
1018 959 1314 1038 signiﬁcat
1335 954 1541 1025 autem
1576 974 1633 1025 et
1654 985 1759 1027 eos
1781 967 1881 1047 qui
1907 954 2083 1028 mun-

424 1044 496 1106 da
511 1064 585 1107 na
605 1047 864 1126 sapiunt:
891 1048 1043 1111 sicut
1067 1049 1163 1111 hic
1195 1049 1341 1112 dicit
1358 1052 1514 1133 quod
1534 1044 1948 1118 mundus—eum
1968 1075 2084 1117 non

430 1135 724 1213 cognovit,
760 1138 873 1199 hoc
896 1146 985 1199 est
1018 1140 1241 1201 terreni
1264 1141 1562 1224 homines,
1586 1145 1863 1225 quoniam
1895 1145 2081 1207 sancti

430 1242 639 1290 omnes
668 1235 728 1289 et
758 1230 1063 1311 prepbetze
1084 1241 1475 1309 agnoverunt.

516 1405 700 1468 Vsus.
730 1408 825 1469 Η.
858 1433 885 1463 α
921 1408 987 1471 In
1011 1412 1254 1493 propria
1280 1412 1525 1486 venit,et
1548 1414 1773 1495 proprii
1806 1433 1940 1477 eum
1965 1432 2083 1475 non

2165 895 2298 948 σμος
2363 898 2386 932 ι
2452 874 2622 951 ὄνομα
2682 876 2927 952 σημαίνει
2984 878 3083 952 μὲν
3134 879 3223 934 καὶ
3276 878 3336 934 τὸ
3393 879 3603 951 σύμπαν
3648 884 3814 948 τοῦτο,

2166 964 2298 1021 καθα
2340 964 2559 1021 ἐνταῦθα
2590 966 2828 1043 εἴρηται,
2876 966 2957 1021 ὅτι
3007 987 3032 1021 ι
3071 958 3128 1025 Ὀ
3152 968 3355 1042 κόσμος
3398 965 3467 1022 δι’
3512 967 3673 1023 αῦτοῦ
3703 965 3819 1043 ἐγέ-

2169 1074 2285 1108 νετο
2314 1072 2330 1090 ο
2375 1077 2396 1109 ι
2448 1057 2695 1130 σημαίνει
2726 1054 2780 1111 δὲ
2826 1056 2912 1111 καὶ
2942 1057 3061 1118 τοῦς
3094 1057 3159 1112 τὰ
3187 1057 3419 1131 κοσμιιιὰ
3450 1056 3768 1136 ιρρονοῦντας
3800 1076 3814 1093 ·

2165 1145 2296 1199 καθα
2355 1144 2571 1202 ἐνταῦθά
2650 1147 2839 1226 φήσιν,
2914 1145 2995 1202 ὅτι
3062 1168 3087 1202 ε
3146 1137 3203 1203 Ὀ
3263 1148 3467 1222 κόσμος
3523 1147 3684 1204 αὐτὸν
3736 1144 3824 1201 οῦκ

2167 1231 2325 1309 ἔγνω,
2362 1252 2392 1293 )
2453 1234 2565 1291 ἀντὶ
2618 1242 2732 1308 τοῦ,
2791 1238 2837 1292 οἱ
2908 1237 3089 1313 γήϊνοι
3164 1234 3428 1309 ἄνθρωποι
3463 1252 3483 1272 ⁸
3547 1235 3668 1291 ἐπεὶ
3711 1234 3823 1311 οἶγε

2166 1321 2307 1399 ἅγιοι
2338 1323 2530 1386 πάντες
2561 1325 2649 1380 καὶ
2678 1326 2725 1381 οἱ
2754 1329 3021 1403 προφῆται
3050 1323 3385 1401 ἐπέγνωσαν.

2257 1434 2285 1465 ε
2321 1415 2407 1476 Εἱς
2440 1414 2504 1469 τὰ
2535 1413 2648 1469 ἴδια
2686 1412 2839 1484 ἦλθε,
2898 1414 2986 1469 καὶ
3016 1416 3062 1469 οἱ
3096 1411 3225 1472 ἴδιοι
3264 1413 3421 1470 αὐτὸν
3470 1415 3529 1470 οὗ
3586 1410 3820 1491 παρέλα-

438 1505 797 1576 receperunt
857 1524 879 1557 ο
919 1502 1038 1562 Hoc
1066 1500 1194 1563 locu
1237 1502 1720 1565 manifestissime
1758 1503 2086 1583 ingreditur

2174 1499 2284 1563 ϐον.
2324 1524 2351 1556 ι
2401 1501 2655 1560 Ἐνταῦθα
2712 1503 3058 1583 φανερώτατα
3106 1504 3180 1565 εἷς
3239 1503 3331 1559 τὸν
3360 1501 3607 1580 περὶτῆς
3636 1502 3823 1578 ὲνσάρο

440 1600 779 1647 sermonem
809 1589 887 1650 de
914 1589 1325 1653 incarnatione
1354 1608 1369 1653 :
1398 1600 1456 1652 et
1486 1600 1572 1653 est
1600 1600 1753 1655 totus
1779 1592 2086 1655 sententiae

2174 1611 2265 1645 κου
2336 1591 2639 1665 οἰκονομίας
2697 1589 2859 1669 λόγον
2941 1588 3229 1693 εἰσϐάλλει,
3291 1594 3379 1648 καὶ
3434 1590 3575 1648 ἔστιν
3632 1593 3668 1659 ἡ
3727 1589 3823 1693 ὅλη

438 1682 752 1737 contextus
774 1676 846 1752 is,
883 1681 1021 1741 Erat
1041 1679 1280 1760 quidem
1296 1679 1519 1762 absque
1546 1701 1724 1744 carne
1744 1683 1841 1744 lux
1859 1700 1992 1743 vera
2026 1681 2086 1743 in

2174 1680 2275 1760 ῦφὴ
2317 1687 2409 1736 τοῦ
2460 1682 2725 1755 νοήματος
2756 1680 2978 1746 τοιαύτη
3013 1699 3028 1714 ⁸
3061 1676 3158 1736 τΗν
3204 1680 3305 1755 μὲν
3342 1682 3510 1760 χωρὶς
3540 1682 3736 1759 σαρκὸς
3768 1681 3825 1734 τὸ

443 1762 689 1839 mundo,
723 1772 781 1825 et
820 1784 937 1828 non
974 1753 1449 1847 agnoscebatur}
1486 1771 1707 1832 deinde
1762 1772 1819 1833 in
1853 1771 2086 1853 propria

2174 1753 2283 1848 se;
2340 1771 2401 1825 τὸ
2450 1753 2699 1836 ἀληθινὸν
2755 1769 2809 1826 ἐν
2852 1776 2929 1843 τῷ
2976 1753 3216 1844 κόσμῳ,
3258 1753 3386 1825 καὶὴ
3408 1753 3503 1827 οῦκ
3564 1753 3826 1847 ἐπεγινώ-

439 1855 598 1915 venit
628 1873 761 1916 cum
822 1874 1027 1920 carne.
1088 1858 1335 1939 Propria
1364 1867 1559 1921 autem
1607 1860 1735 1940 ejus
1782 1861 1871 1923 vel
1907 1868 2089 1922 totum

442 1941 728 2004 mundum
777 1945 1066 2025 intellige,
1121 1949 1210 2010 vel
1270 1948 1501 2011 Judazos
1530 1969 1679 2031 quos
1709 1949 1874 2030 eligit
1900 1958 1967 2011 ut
1994 1951 2092 2011 fu-

441 2032 706 2095 niculum
730 2034 1115 2110 haereditatis,
1148 2044 1205 2097 et
1226 2046 1291 2098 ut
1314 2039 1645 2117 portionem
1674 2040 2093 2120 peculiumque

440 2142 633 2185 suum.
655 2148 671 2179 ι
687 2128 754 2186 Et
773 2125 997 2205 proprii
1020 2144 1156 2187 eum
1184 2146 1301 2188 non
1323 2138 1743 2208 receperunt,»
1765 2130 1858 2192 vel
1879 2130 2091 2204 Judaei,

438 2212 527 2274 vel
562 2212 765 2274 caeteri
788 2214 1062 2276 homines
1086 2216 1184 2295 qui
1216 2216 1289 2277 ab
1318 2235 1387 2277 eo
1410 2218 1856 2300 conditi.lgitur
1875 2238 2091 2301 quem-

438 2301 759 2363 admodum
788 2303 1057 2382 deplorat
1079 2305 1441 2367 dementiam
1468 2308 1891 2385 bominum,ita
1915 2318 1972 2371 et
1992 2311 2092 2370 ad-

442 2390 695 2452 miratur
724 2392 1191 2455 misericordiam
1236 2394 1495 2458 Domini.
1538 2396 1648 2469 Qui
1682 2398 1901 2478 proprii
1933 2398 2085 2477 ejus,

442 2479 653 2562 inquit,
679 2489 868 2562 erant,
890 2500 1008 2543 non
1032 2501 1241 2544 omnes
1270 2489 1634 2565 receperunt
1662 2504 1820 2547 eum.
1848 2488 2088 2550 Nullum

448 2572 737 2635 Dominus
766 2574 1118 2637 necessitate
1147 2576 1303 2656 cogit
1332 2584 1390 2638 et
1411 2578 1666 2655 attrahit,
1686 2578 1790 2640 sed
1820 2579 2087 2642 volunta-

443 2670 561 2723 tem
588 2662 829 2743 reliquit
858 2671 916 2725 et
944 2664 1326 2728 electionem.

521 2753 700 2816 Vens.
740 2757 835 2817 12.
877 2780 901 2808 α
937 2753 1232 2833 Quotquot
1279 2766 1475 2817 autem
1519 2767 1874 2836 receperunt
1924 2775 2083 2836 eum,

438 2840 607 2902 dedit
628 2842 712 2903 eis
742 2849 1085 2922 potestatem
1115 2843 1410 2905 ﬁeriﬁlios
1430 2844 1559 2920 Dei,
1596 2846 1689 2907 his
1720 2845 1819 2926 qui
1840 2846 2091 2910 credunt

438 2930 497 2993 in
552 2931 797 2993 nomine
843 2934 993 3011 ejus.
1058 2958 1079 2988 ι
1141 2932 1277 2996 Sive
1329 2934 1507 3008 servi,
1565 2934 1687 2996 sive
1720 2935 1921 3018 liberi,
1968 2940 2089 2999 sive

2176 1879 2333 1915 σκετο
2364 1878 2377 1891 ·
2425 1862 2546 1915 εἶτα
2590 1860 2677 1914 καὶ
2721 1860 2793 1922 εἷς
2848 1858 2915 1913 τὰ
2946 1855 3059 1913 ἴδια
3087 1856 3216 1926 ἦλθε
3260 1859 3396 1933 μετὰ
3424 1856 3646 1937 σαρκός.
3676 1856 3828 1915 "lata

2174 1944 2228 2002 δὲ
2280 1951 2438 2006 αὺτοῦ
2480 1948 2516 2015 ἢ
2559 1948 2651 2003 τὸν
2700 1945 2821 2003 ὅλον
2851 1946 3054 2022 κόσμον
3084 1948 3318 2027 νοήσεις,
3352 1946 3390 2015 ἢ
3420 1947 3519 2016 τὴν
3549 1945 3825 2017 Ἰουδαίαν,

2174 2038 2241 2093 ’ἓν
2290 2037 2556 2104 ἐξελέξατο
2598 2040 2672 2101 ὡς
2725 2038 3017 2117 σχοίνισμα
3059 2034 3441 2118 κληρονομίας,
3471 2039 3561 2094 καὶ
3616 2038 3693 2101 ὡς
3724 2058 3828 2111 με-

2176 2122 2313 2207 ρίδα,
2370 2129 2457 2184 καὶ
2516 2127 2588 2190 ὣς
2646 2128 3056 2205 περιουσιασμὸν
3126 2127 3303 2187 αὺτοῦ.
3358 2147 3382 2181 ι
3457 2128 3553 2185 Καὶ
3610 2130 3659 2183 οἱ
3706 2124 3828 2182 ἴδιοι

2175 2220 2328 2276 αὐτὸν
2363 2219 2422 2274 οῦ
2448 2215 2770 2296 παρέλαϐον,
2826 2240 2853 2270 ι
2920 2215 2955 2282 ἢ
3008 2218 3057 2271 οἱ
3086 2212 3359 2285 Ἰουδαῖοι,
3393 2215 3430 2283 ἢ
3460 2218 3547 2272 καὶ
3577 2219 3625 2271 οἱ
3655 2214 3829 2272 λοιποὶ

2174 2304 2459 2386 ἅνθρωποι,
2520 2295 2567 2362 tt
2620 2302 2711 2361 ὑπ’
2766 2308 2925 2363 αῦτοῦ
2953 2303 3273 2367 κτισθέντες.
3311 2295 3527 2381 ’Ὠσπερ
3555 2307 3643 2361 οῦν
3690 2303 3827 2360 ἄπο-

2172 2395 2409 2452 κλαίεται
2463 2394 2561 2461 τὴν
2617 2394 2798 2453 ἄνοιαν
2873 2398 2977 2449 τῶν
3056 2392 3367 2472 ἀνθρώπων,
3439 2396 3528 2448 καὶ
3576 2393 3826 2467 θαυμάζει

2173 2486 2271 2552 τὴν
2300 2483 2693 2563 φιλανθρωπίαν
2734 2488 2828 2539 τοῦ
2876 2480 3173 2539 Δεσπότοδ.
3228 2478 3423 2561 ’¹Ιδιοι,
3464 2482 3646 2561 φησὶν,
3678 2482 3824 2544 ὄντες

2173 2573 2351 2647 αὐτοῦ,
2408 2577 2469 2632 οὗ
2510 2573 2703 2635 πάντες
2760 2568 3060 2649 παρέλαϐον
3114 2569 3293 2632 αὐτόν,
3350 2573 3424 2628 Οῦ
3472 2572 3571 2649 γὰρ
3617 2571 3825 2649 ἀνάγκη

2172 2664 2289 2719 τινὰ
2335 2661 2611 2742 ἒφὲλκεται
2645 2663 2672 2717 ὃ
2709 2661 2918 2740 Κύριος,
2954 2658 3090 2715 ἀλλὰ
3135 2659 3326 2737 γνώμη
3374 2660 3464 2717 καὶ
3491 2661 3822 2739 προαιρέσει.

2259 2773 2289 2813 ε
2321 2744 2485 2812 ’⁸οσοι
2545 2750 2599 2808 δὲ
2643 2749 2829 2809 ἔλαϐον
2876 2752 3053 2825 αὐτὸν,
3113 2749 3303 2807 ἔδωκεν
3363 2754 3546 2815 αὐτοῖς
3594 2750 3823 2817 ἐξουσίαν

2172 2842 2331 2900 τέκνα
2391 2842 2523 2899 Θεοῦ
2565 2842 2829 2920 γενέσθαι,
2890 2853 3007 2904 τοῖς
3058 2840 3389 2897 πιστεύουσιν
3442 2842 3515 2907 είς
3554 2842 3615 2897 τὸ
3656 2840 3821 2914 ὄνομα

2172 2934 2329 2989 αῦτοῦ
2390 2954 2415 2989 ι
2484 2931 2589 2989 Κᾶν
2647 2929 2846 3007 δοῦλοι,
2879 2928 2979 2986 κᾶν
3009 2928 3292 3008 ἐλεύθεροι,
3342 2928 3440 2985 κᾶν
3469 2928 3678 3001 παῖδες,
3727 2928 3822 2985 κᾶν

439 3019 632 3101 pueri,
667 3021 791 3084 sive
821 3040 1018 3099 senes,
1048 3022 1170 3084 sive
1202 3021 1470 3099 Barbari,
1506 3024 1630 3086 sive
1660 3026 1872 3097 Graeci,
1907 3016 2086 3109 quot-

2174 3023 2439 3101 γέροντες,
2500 3020 2598 3077 κᾶν
2654 3018 2935 3099 Βάρϐαροι,
2980 3019 3078 3075 κᾶν
3122 3017 3430 3109 ”Ελ).ηνες,
3480 3018 3593 3075 ὅσοι
3637 3016 3820 3109 ἔλαϐον

438 3117 575 3189 quot
596 3121 955 3189 receperunt
977 3112 1309 3184 eum,dedit
1334 3114 1419 3174 eis
1444 3123 1792 3193 potestatem
1815 3115 1964 3177 ﬁlios
1986 3118 2091 3188 Dei

438 3198 713 3271 ﬁeri.Qui
739 3207 935 3260 autem
961 3212 1102 3261 sunt
1123 3202 1206 3262 illi
1233 3210 1260 3265 ’ξ
1283 3201 1353 3263 Hi
1378 3210 1478 3283 qui
1507 3204 1831 3265 creduntin
1851 3205 2091 3267 nomine

436 3287 657 3367 ejus,hi
678 3288 907 3349 scilicet
923 3289 1020 3369 qui
1044 3301 1321 3370 suscepto
1338 3290 1535 3353 Verbo
1558 3293 1746 3354 lucem
1772 3312 1966 3355 veram
1988 3313 2094 3375 per

438 3376 614 3437 ﬁdem
637 3388 1088 3457 receperunt,et
1110 3380 1511 3443 declararunt.
1547 3382 1729 3462 Cujus
1753 3384 1941 3462 gratia
1972 3403 2090 3446 non

436 3464 756 3546 dixitquod
780 3466 990 3529 fecerit
1035 3488 1135 3531 eos
1172 3470 1322 3531 ﬁlios
1346 3470 1475 3546 Dei,
1500 3472 1601 3533 sed
1636 3473 1791 3553 quod
1827 3481 2089 3551 potesta-

436 3563 554 3616 tem
579 3555 813 3618 dederit
836 3558 923 3619 eis
944 3558 1098 3621 ﬁlios
1114 3558 1220 3622 Dei
1239 3560 1369 3623 ﬁeri
1393 3560 1423 3620 ‘I
1445 3562 1625 3640 Fujus
1642 3563 1828 3640 gratia
1848 3563 1873 3624 Υ
1903 3564 2038 3626 audi
2073 3582 2087 3627 :

438 3642 585 3716 Quia
616 3663 735 3705 non
760 3646 977 3708 sufﬁcit
1006 3649 1077 3709 ad
1101 3649 1429 3711 custodiant
1478 3651 1745 3730 puritatis
1781 3651 2087 3733 baptizari,

435 3733 631 3801 sedet
660 3735 845 3797 multo
878 3737 1069 3799 studio
1092 3748 1181 3801 est
1203 3758 1350 3818 opus
1374 3749 1435 3799 ut
1457 3740 1651 3820 imago
1674 3742 2008 3821 adoptionis
2029 3742 2090 3803 in

438 3821 650 3885 Filium
686 3826 815 3905 Dei,
845 3826 1092 3905 ﬁgurata
1123 3828 1183 3889 in
1216 3828 1592 3909 baptismate,
1628 3829 2092 3893 incontaminata

437 3922 724 3977 servetur:
752 3916 974 3978 idcirco
996 3917 1163 3980 multi
1187 3918 1426 3998 quidem
1446 3918 1505 3980 in
1520 3918 1814 3999 baptismo
1838 3925 2087 3999 gratiam

434 4018 790 4083 receperunt
819 4004 1175 4086 adoptionis,
1240 4025 1349 4085 per
1396 4007 1690 4086 ignaviam
1737 4017 1932 4070 autem
1969 4028 2089 4070 non

434 4092 675 4153 fuerunt
705 4093 805 4155 ﬁlii
838 4094 946 4157 Dei
979 4113 1167 4177 usque
1199 4096 1272 4157 ad
1330 4098 1537 4160 tinem.
1574 4096 1862 4159 Fortassis
1890 4106 2086 4159 autem

437 4180 571 4261 quis
600 4182 773 4244 etiam
807 4183 920 4245 hoc
951 4184 1169 4248 dixerit
1202 4185 1359 4265 quod
1412 4187 1580 4249 multi
1612 4187 1917 4268 recipiunt
1950 4206 2085 4249 eum

439 4288 545 4349 per
560 4271 669 4332 hoc
688 4272 841 4352 quod
864 4273 1056 4335 solum
1084 4275 1573 4356 credunt,quales
1594 4286 1729 4337 sunt
1752 4277 1853 4357 qui
1879 4277 2089 4338 dicun-

442 4367 537 4421 tur
557 4363 1265 4435 catechumeni,nondum
1289 4373 1486 4427 autem
1517 4367 1649 4429 facti
1673 4376 1810 4429 sunt
1832 4367 1934 4428 ﬁlii
1954 4366 2087 4443 Dei;

2174 3112 2355 3185 αὒτὸν,
2387 3110 2581 3168 ἔδωκεν
2637 3110 2824 3172 αὐτοῖς
2873 3108 3107 3174 ἕξουσίαν
3162 3107 3321 3164 τέκνα
3375 3112 3506 3166 Θεοῦ
3559 3108 3821 3188 γενέσθαι,

2174 3202 2319 3264 Τίνες
2378 3198 2433 3256 δέ
2476 3202 2604 3256 εἰσιν
2660 3199 2847 3278 οῦτοι;
2901 3200 2962 3255 Οἱ
3024 3198 3355 3264 πιστεύοντες
3412 3200 3484 3261 εἰς
3540 3200 3601 3255 τὸ
3656 3196 3825 3273 ὄνομα

2174 3294 2355 3348 αὐτοῦ.
2417 3279 2595 3345 ιὨιτ-ιεέ
2648 3289 2697 3345 οἱ
2750 3284 3004 3350 λαϐόντες
3054 3287 3145 3342 τὸν
3189 3286 3363 3364 Λόγον
3417 3289 3594 3344 καὶτὸ
3624 3288 3738 3367 φῶς
3766 3287 3823 3342 τὸ

2175 3378 2446 3452 ἀληθινὸν,
2510 3376 2594 3433 διὰ
2656 3382 2755 3443 τῆς
2811 3377 3040 3438 πίστεως
3096 3372 3283 3431 ἔλαϐον
3352 3378 3440 3433 καὶ
3492 3375 3823 3441 ὑπεδέξαντο.

2176 3470 2325 3531 Τίνος
2383 3465 2437 3523 δὲ
2496 3467 2656 3546 χάριν
2700 3465 2759 3521 οῦ
2812 3464 2990 3537 εἶπεν,
3050 3462 3130 3520 ὅτι
3176 3465 3427 3532 εποίησεν
3458 3467 3641 3531 αὐτοῦς
3672 3468 3825 3523 τέκνα

2178 3560 2328 3625 Θεοῦ,
2394 3555 2511 3613 ἀλλ’
2558 3555 2638 3611 ὅτι
2688 3553 2919 3620 ἐξουσίαν
2975 3551 3167 3611 ἔδωκεν
3240 3558 3421 3618 αὐτοῖς
3478 3554 3635 3611 τέκνα
3699 3559 3826 3611 Θεοῦ

2177 3648 2415 3725 γενέσθαι
2453 3666 2469 3721 ;
2500 3645 2646 3708 Τίνος
2679 3642 2854 3700 ἕνεκεν
2886 3658 2902 3716 ;
2938 3640 3191 3719 "Amos;
3225 3641 3305 3699 ὅτι
3335 3645 3431 3700 οὐκ
3461 3642 3670 3721 ἐξαρκεῖ
3702 3644 3825 3709 πρὸς

2174 3738 2270 3805 τὴν
2328 3735 2566 3815 φυλακὴν
2619 3739 2717 3800 τῆς
2764 3732 3123 3812 καθαρότητος
3173 3734 3234 3789 τὸ
3286 3734 3657 3812 βαπτισθῆναι,
3693 3731 3826 3789 ἀλλὰ

2174 3829 2261 3882 καὶ
2316 3823 2522 3891 πολλῆς
2590 3819 2821 3888 σπουδῆς
2866 3822 3045 3901 χρεία.
3105 3821 3241 3878 ὥστε
3295 3823 3394 3889 τὴν
3438 3821 3493 3878 ἐν
3522 3829 3598 3897 τῷ
3627 3822 3824 3899 βαπτί-

2172 3937 2333 3991 σματι
2377 3916 2707 3971 τυπωθεϊσαν
2774 3910 2949 3967 εἰκόνα
3033 3916 3131 3979 τῆς
3187 3914 3441 3976 υἱοθεσίας
3498 3909 3827 3979 ἀκηλίδωτον

2171 4003 2478 4086 διαφυλάξαι
2512 4022 2527 4036 ⁸
2588 4000 2667 4057 διὸ
2696 4000 2887 4058 πολλοὶ
2930 3999 3119 4057 ὒαϐον
3150 4001 3246 4078 μὲν
3274 4004 3373 4071 την
3400 4000 3484 4058 διὰ
3506 4009 3599 4060 τοῦ
3626 4002 3824 4079 βαπτίο

2173 4116 2374 4171 σματος
2452 4093 2610 4172 χάριν
2666 4097 2767 4159 τῆς
2849 4093 3130 4163 υἱοθεσίας,
3187 4092 3579 4168 ῥᾳθυμήσαντες
3620 4088 3678 4146 δὲ
3736 4090 3828 4148 οῦκ

2173 4184 2416 4263 ἐγένοντο
2473 4182 2629 4238 τέκνα
2692 4188 2823 4238 Θεοῦ
2874 4178 3003 4260 ἄχρι
3061 4179 3266 4243 τέλους.
3315 4183 3470 4261 Τάχα
3527 4178 3571 4236 δ’
3628 4178 3694 4237 ἄν
3751 4201 3825 4243 τις

2174 4275 2321 4331 εἴποι
2380 4273 2469 4327 καὶ
2526 4279 2703 4349 τοῦτο,
2757 4268 2837 4325 ὅτι
2896 4268 3084 4327 πολλοὶ
3133 4267 3462 4345 λαμϐάνουσι
3526 4271 3623 4348 μὲν
3669 4271 3826 4327 αὐτὸν

2174 4363 2257 4422 διὰ
2287 4373 2380 4423 τοῦ
2406 4366 2683 4418 πιστεῦσαι
2728 4359 2913 4435 μόνον,
2960 4361 3071 4417 οἷοί
3114 4362 3245 4416 εἰσιν
3288 4363 3335 4416 οἱ
3372 4360 3652 4440 λεγόμενοι
3689 4369 3829 4419 Κατ-

436 4457 785 4528 potestatem
846 4461 1041 4516 autem
1100 4462 1239 4516 tunc
1288 4454 1531 4532 habent,
1594 4476 1729 4518 cum
1790 4456 2086 4518 voluerint

2174 4456 2496 4535 ηγούμενοι,
2549 4449 2695 4506 οὔπω
2750 4446 2801 4504 δὲ
2874 4448 3114 4527 ἐγένοντο
3167 4450 3325 4507 τέκνα
3384 4458 3514 4507 Θεοῦ
3540 4465 3555 4479 ⁹
3591 4449 3827 4515 ἐξουσίαν

436 4538 741 4620 baptizari,
777 4550 833 4604 et
862 4544 1019 4605 hanc
1051 4542 1296 4621 gratiam
1330 4547 1640 4627 consequi,
1674 4545 2080 4627 adoptionem,

434 4628 764 4709 inquam,in
792 4632 963 4696 ﬁlios.
1002 4632 1163 4695 Dicet
1193 4642 1391 4696 autem
1429 4637 1560 4715 quis
1582 4646 1638 4697 et
1662 4637 1776 4697 huc
1808 4657 1821 4694 :
1858 4635 2083 4709 Quam-

434 4717 519 4778 vis
540 4718 598 4779 in
631 4719 926 4801 baptismo
958 4722 1293 4801 adoptionis
1314 4724 1673 4787 beneﬁcium
1698 4726 2081 4804 accipiamus,

435 4814 633 4871 tamen
688 4811 843 4890 quod
895 4813 1219 4893 perfectum
1277 4816 1452 4877 estin
1499 4814 1944 4877 resurrectione
1993 4832 2085 4874 ac.

435 4899 669 4979 cepturi
702 4910 995 4977 sunius,et
1018 4902 1513 4982 perfectissimam
1535 4903 1913 4984 adoptionem
1949 4910 2087 4964 tunc

432 4995 777 5069 recepturos
807 5009 916 5050 nos
948 5008 1286 5071 speramus:
1317 4994 1469 5054 sicut
1501 5002 1557 5053 et
1588 4992 1807 5055 Paulus
1838 4993 2029 5073 inquit
2066 5012 2081 5052 :

432 5080 581 5149 Quia
612 5079 991 5160 adoptionem
1027 5081 1284 5143 ﬁliorum
1331 5082 1661 5164 accipimus
1695 5083 1779 5143 37.
1812 5082 2086 5163 Quapro-

433 5176 560 5247 pter
590 5176 646 5229 et
676 5169 770 5230 hic
804 5169 1158 5250 evangelista
1216 5190 1334 5233 non
1386 5172 1552 5245 dixit,
1596 5196 1617 5229 ιι
1657 5171 1957 5252 Quotquot
1987 5190 2087 5232 re-

433 5266 726 5337 ceperunt
756 5277 915 5331 eum,
950 5284 971 5317 υ
1011 5260 1147 5321 fecit
1173 5280 1273 5322 eos
1304 5262 1461 5325 ﬁlios
1491 5262 1598 5324 Dei
1634 5284 1646 5325 :
1679 5262 1807 5343 sed,
1848 5287 1869 5317 «ι
1909 5260 2084 5324 Dedit

433 5346 521 5407 eis
552 5354 898 5427 potestatem
930 5348 1083 5410 ﬁlios
1113 5349 1221 5412 Dei
1253 5352 1408 5425 ﬁeri,
1448 5376 1470 5411 υ
1509 5352 1622 5415 hoc
1653 5360 1766 5433 est,
1797 5351 1936 5411 m4
1968 5350 2078 5413 de-

432 5434 522 5496 dit
553 5441 615 5497 ut
644 5437 700 5497 in
731 5436 931 5500 futuro
961 5439 1179 5501 szeculo
1237 5441 1481 5520 gratiam
1533 5441 1693 5504 illam
1728 5441 2072 5525 suscipiant.

506 5660 559 5707 ⁸⁷
588 5665 760 5727 nom.
789 5663 1077 5745 vm,,.23,
1116 5670 1174 5727 et
1204 5664 1399 5729 Galat.
1434 5683 1515 5750 tv,
1539 5667 1601 5731 ὅ.

2168 4549 2349 4625 μέντοι
2396 4563 2457 4620 γε
2544 4537 2783 4619 ἔχουσιν,
2847 4539 2891 4594 εἰ
2947 4536 3220 4615 βούλοιντο
3301 4540 3679 4614 βαπτισθῆναι,
3742 4545 3831 4598 καὶ

2166 4638 2365 4701 ταύτης
2438 4628 2826 4695 καταξιωθῆναι
2895 4628 2995 4693 τῆς
3076 4629 3325 4710 χάριτος,
3401 4634 3502 4696 τῆς
3571 4630 3830 4695 υἱοθεσίας

2167 4725 2324 4809 φημί.
2381 4720 2530 4799 Ἐρεῖ
2577 4716 2631 4773 δέ
2676 4738 2757 4780 τις
2806 4718 3105 4809 καὶτοῦτο,
3134 4719 3214 4775 ὅτι
3246 4721 3305 4777 Εἰ
3341 4720 3429 4809 καὶ
3456 4717 3542 4775 διὰ
3569 4725 3664 4775 τοῦ

2167 4806 2459 4891 πτίσματος
2513 4813 2611 4875 τῆς
2668 4806 2923 4872 υἱοθεσίας
2981 4809 3080 4875 τὴν
3130 4810 3291 4889 χάριν
3348 4807 3637 4889 δεχόμεθα,
3690 4807 3833 4865 ἀλλὰ

2166 4909 2229 4963 τὸ
2286 4902 2486 4960 τέλειον
2546 4899 2598 4954 ἐν
2650 4903 2719 4974 τῇ
2771 4897 3051 4954 ἀναστάσει
3109 4897 3585 4974 ἀπολαμϐάνομεν,
3612 4900 3702 4954 καὶ
3730 4900 3832 4964 τὴν

2169 4992 2582 5055 ἐντελεστάστην
2658 4987 2914 5044 υἱοθεσίαν
2998 4988 3120 5044 τότε
3197 4987 3479 5062 ἐλπίζομεν
3536 4985 3830 5061 ἀπολήψε-

2167 5087 2283 5140 σθαι
2318 5100 2332 5115 ·
2379 5080 2514 5138 καθὰ
2543 5076 2605 5132 δὴ
2656 5076 2743 5132 καὶ
2780 5074 2983 5142 Παῦλός
3021 5099 3181 5157 φησιν
3215 5093 3230 5107 ⁸
3293 5099 3318 5135 ι
3357 5070 3486 5137 ¹Ὀτι
3516 5076 3617 5145 τὴν
3648 5077 3830 5133 υἱοθε-

2168 5174 2283 5229 σίαν
2337 5166 2763 5247 ἀπεκδεχόμεθα,
2816 5188 2844 5220 »
2913 5167 3010 5223 Διὰ
3062 5174 3218 5224 τοῦτο
3273 5174 3399 5248 γοῦν
3452 5168 3541 5224 καὶ
3589 5166 3742 5228 οὗτος
3801 5168 3831 5221 ὁ

2168 5246 2545 5338 εὔαγγελιστὴς
2631 5258 2727 5313 οῦκ
2777 5255 2954 5330 εἶπεν,
3016 5255 3096 5312 ὄτι
3147 5246 3311 5315 ΗΟσοι
3396 5252 3585 5312 ἔλαϐον
3642 5254 3826 5329 αὐτὸν,

2164 5351 2413 5416 εποίησεν
2468 5346 2654 5409 αὖτοὺς
2701 5344 2858 5401 τέκνα
2918 5352 3074 5420 Θεοῦ,
3107 5344 3253 5421 ἀλλ’,
3292 5370 3319 5401 α
3353 5343 3609 5404 ’Ἔδωκεν
3640 5346 3829 5406 αὐτοῖς

2160 5439 2392 5507 ἐξουσίαι
2463 5437 2621 5493 τέκνα
2692 5442 2823 5492 Θεοῦ
2874 5434 3139 5513 γενέσθαι,
3199 5458 3225 5491 ii
3283 5434 3577 5513 τουτέστιν,
3634 5431 3689 5488 ἓν
3747 5436 3831 5504 τῷ

2159 5528 2407 5608 μέλλοντι
2448 5528 2595 5584 αἰῶνι
2625 5522 2997 5600 ἀπολήψεσθαι
3025 5525 3224 5593 ταύτην
3255 5525 3353 5592 τὴν
3384 5524 3567 5605 χάριν.
