4070 6224
300 316 449 395 1157

1020 322 1465 400 ENARRATIO
1506 324 1587 399 IN
1634 314 2137 399 EVANGELIUM
2200 315 2546 397 .lOANNIS.
2593 368 2672 378 —
2714 320 2878 398 CAP.
2930 326 2978 396 Ι.

3531 328 3685 394 H58

302 481 326 516 ε
367 462 463 519 Καὶ
517 462 710 538 ὄψεται
768 468 913 520 πᾶσα
956 460 1080 541 σὰρξ
1129 464 1191 519 16
1236 464 1510 542 Σωτήριον
1570 474 1663 524 τοῦ
1706 472 1837 523 Θεοῦ
1870 484 1886 499 °
1927 490 1954 521 ι)

2050 474 2131 526 est
2159 468 2357 528 omnis
2390 467 2743 543 homo,dicit
2777 476 3023 548 partem,
3050 471 3307 530 animam
3337 468 3564 531 scilicet
3619 471 3687 530 Et

299 551 474 607 πάντα
529 553 631 631 γὰρ
690 552 963 628 ἄνθρωπον
1005 551 1217 628 μέλλων
1279 555 1472 626 εἰπεῖν,
1526 559 1604 627 τῷ
1659 561 1761 622 τῆς
1817 580 1951 636 σαρ-

2050 558 2252 616 iterum
2284 575 2315 617 a
2342 575 2525 618 carne
2572 558 2839 618 nominat
2888 564 3101 631 totum,
3160 568 3217 619 ut
3249 559 3485 638 quando
3517 558 3683 631 dicit,

299 640 393 703 κὸς
454 640 674 716 ὀνόματι
732 644 1167 722 προσεχρήσατο,
1218 641 1407 724 ,Οῦτως
1453 653 1540 702 οῦν
1582 647 1733 701 καὶὸ
1790 648 1939 724 εὐαγ-

299 727 578 809 γελιστής,
637 731 754 787 ἀντὶ
799 739 889 815 τοῦ
926 734 1098 788 εἰπεῖν
1131 748 1146 761 ⁸
1213 723 1269 788 Ὀ
1327 733 1497 810 Λόγος
1529 732 1803 812 ἄνθρωπος
1832 723 1954 815 ἐγέ-

302 839 444 893 νετο,
504 819 683 901 εἶπεν,
751 844 779 875 ε
841 811 899 878 Ὀ
958 822 1128 899 Λόγος
1195 819 1320 900 σὰρξ
1362 820 1593 899 ἐγένετο,
1632 846 1655 880 ε
1705 823 1812 880 ἀπὸ
1864 811 1957 881 τοῦ

302 906 493 986 μέρους
538 908 627 965 τὰν
688 908 961 989 ἄνθρωπον
1020 910 1315 985 ὀνομάζων,
1369 912 1459 967 τὸν
1517 910 1578 967 ἐκ
1633 916 1819 992 ψυχῆς
1869 914 1956 969 καὶ

303 997 552 1072 σώματος
612 1000 978 1078 συγκείμενον.
1039 999 1195 1079 Τάχα
1252 996 1305 1054 δὲ
1354 999 1467 1056 ἐπεί
1528 1002 1562 1069 ἡ
1620 1000 1744 1081 σὰρξ
1787 1001 1954 1059 ἀλλό-

301 1085 447 1164 τριόν
477 1085 591 1142 ἐστι
633 1092 733 1156 τῆς
798 1087 940 1151 θείας
990 1088 1217 1167 φύσεως,
1271 1086 1437 1144 θέλων
1494 1092 1522 1146 6
1576 1089 1955 1168 εὖαγγελιστὴς

302 1172 539 1241 δηλῶσαι
594 1176 693 1244 τὴν
776 1178 1123 1256 ὑπεράπειρον
1195 1176 1585 1255 συγκατάϐασιν
1641 1186 1734 1236 τοῦ
1800 1186 1954 1255 Θεοῦ,

301 1264 400 1334 τῆς
454 1268 647 1346 σαρκὸς
703 1267 965 1344 ἐμνήσθη,
1048 1265 1123 1323 ἵν’
1180 1267 1534 1346 ἐκπλαγῶμεν
1588 1271 1686 1339 τὴν
1757 1270 1959 1349 ἄφατον

307 1353 698 1434 φιλανθρωπίαν
742 1356 925 1432 αὐτοῦ,
984 1357 1091 1428 ὅτι,
1165 1355 1251 1413 διὰ
1305 1359 1402 1425 τὴν
1461 1360 1725 1438 σωτηρίαν
1781 1361 1961 1434 ἡμῶν,

305 1447 368 1499 τὸ
425 1442 702 1520 ἀλλότριον
757 1450 855 1513 τῆς
886 1448 1089 1524 φύσεως
1140 1448 1298 1505 αὐτοῦ
1345 1449 1434 1503 καὶ
1460 1445 1603 1512 ξένον
1633 1448 1960 1517 παντάπασι,

306 1535 445 1614 φημὶ
501 1532 566 1602 δη
610 1536 710 1602 τὴν
754 1535 944 1612 σάρκα,
991 1533 1340 1614 προσέλαϐεν,
1378 1528 1439 1593 Ἠ
1498 1536 1597 1611 μὲν
1654 1538 1754 1616 γὰρ

305 1621 423 1703 ἔχει
472 1624 589 1679 τινὰ
648 1624 955 1703 συγγένειαν
1012 1626 1145 1704 πρὸς
1205 1628 1335 1682 Θεόν
1370 1646 1384 1660 ⁸
1436 1628 1470 1694 ἡ
1516 1625 1571 1682 δὲ
1603 1626 1727 1707 σὰρξ
1757 1623 1964 1683 παντά-

304 1733 466 1769 πασιν
522 1712 906 1779 ἀκοινώνητος.
957 1715 1056 1769 Διὰ
1094 1721 1251 1771 τοῦτο
1306 1716 1396 1770 οῦν
1452 1716 1609 1791 οἴμαι
1662 1716 1754 1771 τὶν
1802 1714 1965 1792 εῦαγο

306 1802 557 1881 γελιστην
588 1801 808 1862 ἐνταῦθα
858 1804 1006 1880 μόνῳ
1052 1811 1130 1881 τῷ
1170 1810 1268 1873 τῆς
1314 1807 1506 1885 σαρκὸς
1540 1804 1757 1881 ὀνόματι
1817 1806 1966 1885 χρή-

2045 666 2066 703 ι
2081 644 2156 706 Et
2173 646 2263 705 vid
2276 645 2396 706 ebil
2414 645 2608 707 omnis
2621 665 2756 707 caro
2778 645 3044 709 Salutare
3062 647 3514 711 DeiWrDicere
3525 648 3687 711 enim

2039 734 2245 795 volens
2276 754 2513 796 omnem
2551 735 2880 808 hominem,
2902 736 3099 798 carnis
3129 737 3373 797 nomine
3400 754 3543 798 usus
3574 745 3685 799 est.

2041 821 2137 885 Sic
2170 831 2227 884 et
2259 824 2615 902 evangelista
2654 843 2758 905 pro
2806 842 2876 886 eo
2903 825 3055 905 quod
3091 832 3199 895 est,
3233 823 3488 887 Verbum
3513 828 3690 889 homo

2039 912 2252 973 tactum
2288 922 2377 972 est
2411 929 2425 973 :
2460 912 2626 988 dixit,
2670 937 2691 970 α
2750 911 3011 974 Verbum
3071 932 3207 974 caro
3237 913 3457 976 factum
3490 925 3619 977 est:
3659 940 3682 973 ι

2039 1020 2073 1063 a
2106 1012 2270 1081 parte
2314 1010 2500 1062 totum
2556 1001 2864 1063 hominem
2917 1002 3254 1081 nominans,
3288 1021 3359 1064 ex
3407 1003 3601 1064 anima
3633 1013 3690 1064 et

2040 1108 2293 1170 corpore
2338 1089 2747 1152 constitutum.
2777 1090 3066 1153 Fortassis
3097 1102 3292 1153 autem
3324 1091 3462 1173 quia
3490 1111 3627 1154 caro
3658 1111 3691 1154 a

2041 1178 2234 1241 divina
2248 1191 2456 1241 natura
2471 1178 2723 1241 alienior
2748 1190 2830 1241 est
2844 1180 3069 1255 ,volens
3089 1181 3440 1260 evangelista
3462 1182 3691 1261 signiﬁ-

2048 1266 2554 1332 careimmensam
2580 1267 2685 1329 Dei
2726 1267 3223 1345 misericordiam,
3260 1269 3456 1331 carnis
3477 1272 3692 1331 memi-

2050 1357 2158 1430 nit,
2195 1366 2257 1418 ut
2298 1356 2661 1418 inell‘abilem
2703 1358 2831 1437 ejus
2869 1357 3291 1436 benignitatem
3311 1357 3693 1441 Obstupesca-

2050 1446 2365 1527 mus,quod
2390 1456 2631 1527 propter
2651 1454 2910 1510 nostram
2928 1448 3200 1517 salutem,
3222 1448 3479 1509 alienum
3502 1467 3535 1510 a
3554 1449 3695 1509 516

2050 1543 2257 1595 natura
2286 1544 2479 1608 sua,et
2508 1534 2784 1596 omnibus
2814 1535 3005 1596 modis
3036 1538 3435 1618 peregrinum.
3455 1556 3693 1600 carnem

2049 1624 2850 1705 dico,assumpserit.Anima
2872 1626 3031 1687 enim
3058 1626 3463 1705 cognationem
3481 1647 3691 1708 quam-

2049 1714 2186 1775 dam
2223 1712 2401 1776 habet
2430 1733 2564 1776 cum
2596 1713 2742 1794 Deo,
2767 1733 2906 1776 caro
2927 1724 3124 1775 autem
3147 1715 3307 1776 nullo
3334 1716 3510 1777 modo
3528 1735 3695 1778 com-

2051 1803 2333 1864 municat:
2360 1810 2419 1864 et
2442 1803 2663 1865 idcirco
2678 1803 2889 1883 opiuor
2911 1804 3326 1882 evangelistam
3350 1808 3476 1867 solo
3498 1807 3695 1867 carnis

308 1895 526 1972 σασθαι,
587 1891 691 1973 οῦχ
747 1894 819 1959 ὡς
890 1893 1239 1969 ἀμοιροῦντος
1300 1896 1486 1974 ψυχῆς
1538 1903 1630 1953 τοῦ
1678 1892 1963 1973 προσλήμ-

2051 1893 2292 1953 nomine
2328 1912 2523 1972 usum,
2554 1911 2673 1953 non
2701 1893 2855 1972 qued
2878 1893 3073 1954 anima
3094 1911 3344 1974 exspers
3363 1894 3439 1957 sit
3459 1913 3692 1957 assum-

308 2003 501 2059 ματος,
578 1980 716 2038 ἀλλὰ
773 1983 905 2061 πρὸς
990 1980 1203 2048 ἔνδειξιν
1272 1982 1439 2040 πλείω
1502 1986 1595 2041 τοῦ
1663 1984 1966 2058 θαυμαστοῦ

306 2072 395 2128 καὶ
451 2067 742 2152 φρικωδους
800 2073 1110 2149 μυστηρίου,
1172 2072 1321 2130 Ἐπεὶ
1346 2074 1438 2129 ἐὰν
1498 2073 1556 2129 οὔ
1607 2070 1965 2150 προσελάϐετο

309 2161 498 2240 ψυχὴν
539 2161 871 2239 ἀνθρωπίνην
929 2164 957 2218 ὁ
1014 2162 1186 2241 Λόγος
1257 2163 1565 2240 σαρκωθεὶς,
1624 2161 1964 2239 ἀθεράπευτοι

310 2250 386 2306 ἔτι
448 2251 574 2307 εἰσὶν
625 2252 678 2306 αἱ
737 2252 909 2330 ψυχαὶ
964 2252 1121 2326 ἡμῶν
1154 2267 1169 2281 ⁶
1229 2252 1258 2307 ὃ
1319 2252 1419 2330 γὰρ
1478 2250 1536 2307 οὒ
1583 2248 1961 2327 προσελάϐετο,

310 2338 426 2395 οὐδὲ
478 2340 689 2418 ἡγίασε.
741 2343 840 2398 Καὶ
908 2342 985 2404 τίς
1031 2343 1058 2396 6
1101 2338 1298 2419 γέλως,
1337 2344 1436 2407 τῆς
1497 2344 1687 2420 ψυχῆς
1748 2344 1964 2418 πρώτης

310 2429 580 2495 παθούσης
643 2426 842 2503 (εκείνη
902 2431 1002 2508 γὰρ
1049 2432 1084 2497 ἡ
1138 2427 1355 2487 ἐνδοῦσα
1383 2443 1499 2493 τοῖς
1533 2436 1625 2485 τοῦ
1652 2428 1822 2509 ὄφεως
1865 2427 1965 2483 λό-

312 2540 426 2595 γοις
456 2519 543 2573 καὶ
596 2516 937 2585 ἆπατηθεϊσα
980 2519 1034 2575 ἐν
1079 2517 1395 2598 παραδείσῳ,
1442 2522 1563 2575 εἶτα
1621 2521 1704 2574 καὶ
1751 2520 1785 2586 ἡ
1848 2519 1966 2598 χεὶρ

311 2605 489 2682 ἥψατο
562 2606 1033 2679 ἐπακολουθήσασα
1114 2615 1183 2686 τῇ
1233 2610 1382 2689 κυρίᾳ
1438 2610 1524 2665 καὶ
1580 2606 1828 2685 δεσποίνῃ
1895 2614 1964 2685 τῇ

314 2701 513 2776 ψυχῇ),
574 2697 672 2765 τὴν
732 2698 831 2773 μὲν
872 2700 1214 2777 θεράπαιναν,
1281 2699 1380 2768 τὴν
1436 2699 1629 2778 σάρκα,
1672 2699 1761 2755 καὶ
1802 2719 1967 2777 προσ-

313 2784 603 2867 ληφθῆναι,
689 2789 777 2845 καὶ
859 2788 1196 2869 ἁγιασθῆναι,
1252 2790 1339 2844 καὶ
1405 2790 1806 2866 θεραπευθῆναι,
1866 2795 1966 2854 τὴν

313 2874 369 2932 δὲ
426 2883 606 2955 κυρίαν
657 2875 874 2944 ἰαθῆναι
918 2876 1298 2956 ἀπρόσληπτόν
1349 2898 1405 2933 τε
1436 2879 1521 2933 καὶ
1564 2876 1962 2955 ἀθεράπευτον;

315 2963 462 3022 Ἀλλ’
538 2964 908 3045 Ἀπολινάριος
988 2967 1086 3041 μὶν
1170 2965 1383 3043 ἐρῥὲτω.
1468 2956 1658 3041 Ἠμετς
1716 2963 1770 3021 δὲ
1841 2963 1965 3021 ὅταν

258 3106 262 3111 ,
314 3054 613 3130 ἀκούωμεν,
659 3055 740 3112 ὅτι
790 3075 815 3110 ε
855 3048 913 3113 Ὀ
956 3057 1126 3135 Λόγος
1185 3053 1310 3129 σὰρξ
1363 3054 1593 3135 ἐγένετο,
1633 3076 1657 3111 ι
1713 3054 1966 3110 πιστεύο-

260 3180 265 3190 -
316 3165 415 3219 μεν
472 3141 553 3200 ὅτι
597 3143 867 3223 ἄνθρωπος
928 3144 1153 3219 τέλειος,
1213 3146 1312 3211 τῆς
1359 3147 1572 3224 Γραφῆς
1615 3143 1849 3246 εἰωθυίας
1879 3142 2027 3246 καὶΟ

316 3233 486 3311 σάρκα
538 3241 627 3288 καί
682 3234 869 3315 ψυχὴν
915 3241 1225 3313 μονομερῶς
1282 3234 1375 3290 τὸν
1422 3234 1664 3290 σύνθετον
1695 3231 1968 3311 ἄνθρωπον

316 3321 619 3397 ὀνομάζειν,
671 3322 1047 3402 ’Λνατρέπεται
1099 3321 1154 3380 δὲ
1203 3323 1266 3380 ἐκ
1309 3324 1493 3380 τούτου
1539 3328 1631 3379 τοῦ
1679 3323 1841 3399 ῥητοῦ
1882 3320 1970 3376 καὶ

318 3410 624 3490 Νεστόριος.
682 3410 926 3478 Ἐκεῖνος
968 3414 1069 3493 γὰρ
1112 3412 1318 3493 ἔλεγεν,
1368 3410 1450 3468 ὅτι
1494 3415 1596 3491 οὐχ
1625 3413 1653 3467 6
1697 3410 1827 3474 Θεὸς
1859 3411 1969 3466 Λό-

316 3521 410 3579 γος
470 3502 623 3564 αὐτὸς
671 3501 878 3565 ἐκεῖνος
934 3502 1147 3572 ἐγένετο
1192 3500 1489 3582 ἅνθρωπος,
1552 3498 1866 3579 συλληφθεὶς
1911 3498 1973 3555 ἐκ

316 3595 424 3647 τῶν
494 3587 776 3670 πανάγνων
843 3592 1080 3668 αἱμάτων
1152 3597 1252 3660 τῆς
1311 3593 1464 3669 ἁγίας
1508 3589 1791 3670 Παρθένου,
1851 3586 1973 3645 ἀλλ’

318 3678 497 3738 ἔτεκεν
545 3682 581 3749 ἡ
640 3680 900 3761 Παρθένος
957 3680 1229 3762 ἄνθρωπον
1260 3699 1277 3717 ·
1338 3681 1491 3745 οὗτος
1550 3677 1605 3736 δὲ
1681 3682 1709 3735 6
1765 3678 1969 3748 ἄνθρω-

316 3792 441 3849 πος,
496 3772 810 3851 χαριτωθεὶς
853 3771 1044 3852 ἀρετῆς
1100 3772 1282 3840 πάσης
1359 3769 1503 3853 εἴδεχ
1544 3768 1674 3850 ἔσχε
1729 3770 1822 3825 τὸν
1880 3769 1973 3824 τοῦ

316 3862 451 3917 Θεοῦ
493 3861 664 3939 Λόγον
719 3861 1058 3937 συνημμένον
1110 3861 1255 3935 αὐτῷ
1324 3862 1410 3919 καὶ
1467 3858 1698 3926 ἐξουσίαν
1765 3856 1970 3914 διδόντα

317 3951 454 4007 κατὰ
506 3952 822 4027 πνευμάτων
880 3952 1188 4031 ἀκαθάρτων
1224 3970 1240 3988 ·
1297 3952 1386 4008 καὶ
1454 3949 1515 4007 ἐκ
1575 3950 1764 4007 τούτου
1814 3946 1968 4026 ἐδογ-

319 4041 504 4115 μάτιζε
564 4038 654 4098 δύο
692 4043 857 4123 υἱοὺς,
915 4040 1007 4100 ἕνα
1063 4043 1155 4098 τὸν
1216 4046 1316 4109 τῆς
1365 4039 1650 4121 Παρθένου,
1706 4039 1797 4097 τὸν
1854 4037 1971 4104 Ἰη-

320 4138 445 4187 σοῦν
498 4130 591 4186 τὸν
641 4126 940 4210 ἄνθρωπον,
998 4133 1085 4187 καὶ
1145 4131 1321 4210 ἕτερον
1362 4131 1452 4187 τὸν
1507 4130 1625 4185 Υἱὸν
1683 4133 1776 4184 τοῦ
1815 4134 1968 4205 Θεοῦ,

321 4218 659 4295 συνημμένον
744 4219 839 4296 μὲν
924 4227 1000 4296 τῷ
1084 4220 1364 4299 ἂνθρώπῳ,
1444 4220 1531 4275 καὶ
1619 4214 1974 4277 ἀδιάσπαστον

320 4309 464 4383 αὐτῷ
505 4308 652 4383 ὄντα,
711 4308 848 4365 ἀλλὰ
897 4310 1031 4369 κατᾶ
1089 4310 1247 4390 χάριν
1275 4310 1365 4365 καὶ
1393 4308 1584 4389 σχέσιν
1613 4307 1701 4363 καὶ
1732 4305 1973 4385 ἀγάπην,

320 4397 416 4455 οἷα
470 4396 537 4465 δὴ
595 4398 838 4478 ἐναρέτου
893 4399 1046 4467 ὄντος
1101 4407 1194 4457 τοῦ
1246 4398 1541 4479 ἀνθρώπου,
1605 4402 1779 4454 Ταῦτα
1825 4394 1972 4452 ἐκεῖ·

320 4509 409 4551 νος
454 4487 797 4568 ἐθελοκωφῶν
848 4490 978 4570 πρὸς
1039 4490 1138 4557 τὴν
1195 4488 1471 4560 ἀλήθειαν,
1532 4488 1592 4545 Εἰ
1647 4486 1747 4565 γὰρ
1804 4482 1972 4553 ἠϐού-

319 4575 466 4657 λετο,
525 4576 751 4644 ἤκουσεν
810 4577 871 4634 ἂν
929 4580 1016 4635 καὶ
1074 4580 1228 4643 αὐτὸς
1284 4584 1377 4636 τοῦ
1453 4578 1710 4655 μακαρίου
1788 4575 1971 4637 τούτου

2046 1981 2395 2063 ptionis,sed
2415 1983 2485 2042 ad
2513 1984 2797 2058 majorem
2820 1982 3221 2043 ostensionem
3239 1983 3691 2047 mirandietstu-

2046 2070 2225 2152 pendi
2239 2068 2768 2133 saeramenti.Nam
2783 2070 2831 2131 si
2852 2089 2967 2131 non
2985 2089 3181 2131 assum
3192 2072 3409 2151 psisset
3428 2073 3683 2135 animam

2046 2159 2360 2221 humanam
2397 2157 2649 2221 Verbum
2685 2161 3073 2225 incarnatum.
3111 2160 3474 2224 incurahiles
3496 2164 3688 2225 adhuc

2049 2257 2247 2310 essent
2276 2248 2489 2310 animae
2547 2259 2791 2311 nostra.
2826 2247 2970 2309 Nam
3002 2249 3158 2329 quod
3191 2268 3308 2310 non
3346 2254 3686 2330 assumpsit,

2050 2356 2166 2398 non
2204 2338 2444 2398 sanavit.
2473 2337 2542 2398 Et
2571 2357 2745 2419 quam
2777 2336 3117 2405 ridiculum.
3148 2357 3282 2399 cum
3310 2339 3510 2401 anima
3533 2340 3694 2420 prior

2050 2427 2348 2506 aagrotarit
2377 2446 2392 2503 ;
2426 2427 2585 2487 illam
2620 2428 2804 2500 enim,
2830 2445 2964 2488 cum
3015 2427 3291 2490 crederet
3318 2429 3693 2491 sermonibus

2049 2516 2870 2597 serpentis,decipereturque
2898 2517 2958 2577 in
2982 2518 3272 2596 paradiso,
3300 2526 3361 2579 ut
3390 2519 3690 2580 dominam

2051 2614 2107 2688 et
2126 2608 2388 2685 reginam
2416 2615 2614 2667 secuta
2642 2613 2729 2666 est
2750 2624 2981 2679 manus,
3018 2616 3075 2668 et
3094 2606 3345 2668 fructum
3368 2608 3593 2688 attigit;
3642 2609 3691 2669 si

2048 2686 2487 2776 relinqueretur
2542 2694 2803 2769 domina,
2840 2702 2898 2756 et
2954 2714 3071 2755 non
3102 2705 3526 2770 assumeretur,
3580 2686 3691 2757 nec

2049 2793 2379 2858 curaretur,
2439 2792 2844 2846 assumeretur
2874 2792 3069 2844 autem
3117 2792 3176 2846 et
3224 2786 3694 2849 sanctiﬁcaretur

2049 2882 2108 2935 et
2131 2881 2440 2935 curaretur
2459 2889 2597 2935 caro
2616 2879 2643 2935 ?
2676 2871 2895 2933 Verum
2924 2872 3329 2950 Apollinarius
3353 2873 3559 2949 valeat,
3584 2895 3691 2936 nos

2047 2970 2241 3023 autem
2275 2961 2510 3042 quando
2533 2960 2810 3022 audimus
2837 2962 2993 3041 quod
3022 2959 3283 3023 Verbum
3325 2981 3459 3024 caro
3476 2964 3688 3025 factum

2048 3051 2143 3125 sit,
2179 3051 2480 3112 credimus
2510 3048 2667 3131 quod
2690 3057 2845 3110 totus
2877 3049 3054 3111 homo
3076 3050 3263 3112 lactus
3290 3051 3693 3134 :quandoqui-

2050 3138 2185 3201 dem
2207 3142 2525 3221 Scriptura;
2551 3158 2676 3200 mos
2698 3148 2785 3200 est
2804 3147 2862 3200 et
2881 3157 3144 3215 carnem,
3182 3140 3535 3216 etanimam,
3570 3149 3631 3204 ut
3659 3161 3695 3204 a

2054 3220 2425 3309 parte,totum
2442 3228 2743 3290 hominem
2761 3220 3691 3294 nominare.Convinciturautem

2054 3327 2111 3379 et
2133 3316 2443 3380 Nestorius
2469 3336 2538 3379 ex
2578 3318 2690 3379 hoc
2721 3318 2899 3381 dicto.
2931 3316 3179 3380 Dicebat
3208 3319 3368 3381 enim
3402 3319 3503 3382 ille
3533 3321 3691 3401 quod

2053 3426 2171 3468 non
2204 3407 2364 3469 Deus
2392 3406 2653 3469 Verbum
2686 3407 2862 3468 fuerit
2908 3407 3007 3469 ille
3038 3408 3214 3469 homo
3266 3416 3589 3489 conceptus
3617 3428 3693 3473 ex

2053 3497 2441 3559 sanctissimis
2462 3496 2849 3577 sanguinibus
2864 3506 3084 3559 sanctae
3097 3499 3493 3580 Virginis,sed
3518 3518 3693 3581 pepe-

2053 3588 2197 3648 rerit
2217 3586 2457 3668 quidem
2480 3584 2660 3663 Virgo
2684 3586 3132 3661 hominem,iste
3149 3597 3346 3649 autem
3369 3588 3545 3649 homo
3564 3607 3693 3668 gra-

2051 3677 2189 3737 tiam
2221 3684 2529 3737 assecutus
2558 3675 2618 3736 in
2642 3674 2803 3736 omni
2836 3674 3112 3736 virtutum
3145 3694 3385 3755 genere,
3419 3676 3692 3739 habuerit

2050 3764 2311 3827 Verbum
2346 3765 2449 3827 Dei
2481 3764 2596 3827 sibi
2625 3764 3044 3845 coadunatum,
3070 3765 3226 3845 quod
3260 3773 3606 3845 potestatem
3638 3768 3695 3829 ei

2053 3853 2883 3917 dederatcoutraimmundos
2898 3854 3180 3934 spiritus:
3213 3862 3389 3934 atque
3418 3854 3499 3916 ita
3525 3855 3691 3918 dice-

2056 3944 2153 4007 bat
2178 3946 2327 4006 duos
2353 3944 2526 4025 ﬁlios,
2548 3963 2733 4006 unum
2757 3942 3018 4023 Virginis
3036 3945 3238 4006 Jesum
3277 3944 3603 4025 hominem,
3638 3956 3699 4008 et

2054 4034 2234 4096 alium
2266 4033 2480 4095 Filium
2509 4032 2641 4108 Dei,
2665 4033 2765 4113 qui
2787 4033 3077 4094 adunatus
3099 4031 3337 4114 quidem
3370 4033 3553 4095 fuerit
3580 4035 3695 4096 h0-

2058 4123 2205 4184 mini
2236 4121 2851 4203 inseparabiliter,sed
2870 4140 2976 4203 per
2996 4121 3263 4185 habitum
3289 4131 3348 4184 et
3374 4124 3614 4201 gratiam
3638 4134 3697 4186 et

2056 4214 2425 4292 charitatem,
2456 4210 2956 4293 quemadmodum
2986 4211 3162 4273 etiam
3207 4211 3520 4273 virtutibus
3540 4231 3694 4293 prae-

2055 4301 2202 4365 dito.
2257 4300 2393 4362 Haec
2450 4300 2687 4375 ille,sua
2733 4309 2944 4381 sponte
2995 4300 3068 4362 ad
3118 4300 3420 4362 veritatem
3455 4302 3694 4365 surdus.

2054 4389 2202 4453 Nam
2228 4391 2279 4453 si
2302 4389 2929 4467 voluisset,audivisset
2946 4390 3150 4471 utique
3181 4398 3239 4451 et
3259 4388 3495 4451 beatum
3511 4393 3695 4451 Joan-

2056 4500 2192 4542 nem
2217 4478 2636 4559 evangelistam
2658 4477 3289 4555 dicentem,«Verhum
3323 4496 3460 4540 caro
3477 4479 3694 4541 factum

2055 4569 2426 4631 est.»Nonne
2450 4567 2762 4629 manifeste
2774 4567 2872 4630 hic
2894 4568 3292 4629 convincitur?
3317 4566 3516 4647 Ipsum
3538 4568 3695 4631 enim

320 4654 694 4747 εῦαγγελιστοῦ
743 4667 1017 4747 λέγοντος,
1068 4668 1148 4725 ὅτι
1199 4687 1230 4727 (
1287 4660 1346 4726 ’0
1424 4666 1597 4745 Λόγος
1650 4663 1775 4743 σὰρξ
1845 4664 1966 4743 ἐγέ-

2058 4657 2317 4721 Verbum
2347 4660 2562 4747 factum
2598 4669 2682 4718 est
2716 4658 2912 4747 homo.
2942 4654 3071 4747 Non
3104 4655 3427 4747 dixitquod
3459 4655 3699 4747 invento

319 4778 461 4819 νετο.
500 4780 528 4811 ι
578 4760 652 4816 Οῦ
691 4761 974 4839 προφανῶς
1019 4759 1119 4838 γὰρ
1160 4758 1380 4815 ἐνταῦθα
1436 4756 1719 4835 ἐλέγχεται
1754 4776 1770 4830 ς
1805 4756 1972 4816 Αὐτὸς

320 4847 421 4926 γάρ
477 4850 506 4904 δ
538 4848 709 4926 Λόγος
768 4845 1039 4927 ἅνθρωπος
1096 4847 1329 4927 ἐγένετο.
1379 4850 1488 4906 Οὔκ
1529 4846 1687 4902 εἶπεν
1723 4865 1739 4881 ο
1796 4844 1973 4923 Εὒρὼν

321 4935 595 5015 ἄνθρωπον
637 4938 666 4993 6
724 4937 917 5016 Λόγος,
954 4938 1191 5019 συνήφθη
1248 4936 1415 5011 αὐτῷ,
1444 4932 1591 5015 ἀλλ’,
1625 4934 1790 4998 Αὐτὸς
1822 4933 1972 4990 ἐκεῖ·

320 5047 408 5092 νος
466 5024 738 5105 ἄνθρωπος
810 5025 1040 5105 ἐγένετο.
1117 5025 1495 5106 Ἀνατρέπεται
1552 5021 1606 5079 δὲ
1666 5024 1753 5081 καὶ
1804 5025 1971 5082 Εὔτυ-

322 5126 458 5195 χης,
507 5117 594 5172 καὶ
673 5114 1046 5191 Οῦαλεντῐνος,
1103 5116 1192 5172 καὶ
1249 5115 1435 5182 Μάνης
1506 5116 1761 5173 ὶντεῦθεν.
1823 5112 1972 5169 Οὗτοι

256 5242 263 5253 ηε
320 5205 420 5284 γὰρ
472 5206 610 5263 κατὰ
664 5206 954 5286 φαντασίαν
1011 5204 1193 5284 ἔλεγον
1242 5204 1466 5286 φανῆναι
1522 5204 1615 5261 τὸν
1665 5203 1835 5281 Λόγον
1882 5210 1977 5259 τοῦ

322 5301 479 5357 Θεοῦ.
535 5284 902 5353 ’Λκουέτωσαν
959 5295 1070 5372 οὖν,
1120 5294 1200 5351 ὃτι
1258 5284 1289 5349 ε
1338 5284 1397 5352 ’0
1470 5293 1641 5373 Λόγος
1684 5289 1809 5371 σὰρξ
1851 5289 1973 5369 ἐγέ-

324 5407 464 5449 νετο.
505 5407 531 5444 ε
598 5386 705 5444 Οὔκ
760 5386 941 5467 εἶπεν,
999 5385 1080 5443 ὅτι
1140 5383 1277 5466 Σὰρξ
1345 5384 1666 5464 ἐφαντάσθη,
1711 5381 1750 5449 ἢ
1780 5377 2003 5451 ἔδοξεν,ο

322 5474 473 5556 ἀλλ’,
532 5473 612 5531 ὅτι
670 5472 916 5556 Ἐγένετο
970 5474 1218 5556 ἀληθείᾳ,
1276 5475 1363 5531 καὶ
1415 5474 1585 5554 οὐσίᾳ,
1632 5471 1720 5529 καὶ
1748 5471 1810 5527 οῦ
1837 5490 1974 5550 φαν-

401 5636 468 5692 ιιυ
492 5638 651 5707 ιιι-ι.
673 5648 875 5720 mn,
905 5634 1010 5702 ει.

2057 4748 2301 4810 homine
2331 4746 2650 4810 virtutibus
2682 4745 2953 4825 praedito,
2990 4744 3073 4807 illi
3104 4764 3169 4807 se
3198 4746 3560 4825 adjunxerit,
3589 4746 3696 4808 sed

2054 4837 2271 4899 factum
2299 4845 2390 4900 est
2418 4835 2520 4898 ille
2546 4837 2675 4916 ipse
2720 4835 2922 4899 homo.
2955 4834 3343 4898 Confutantur
3367 4834 3615 4915 insuper
3642 4844 3700 4896 et

2056 4924 2351 5006 Eutyches
2403 4934 2463 4988 et
2514 4922 2867 4986 Valentinus
2927 4932 2986 4985 et
3016 4924 3370 4986 Manichacus
3398 4924 3511 4985 hoc
3541 4924 3695 4987 loco.

2056 5015 2145 5076 llli
2173 5014 2333 5077 enim
2359 5014 2635 5077 dixerunt
2657 5014 2815 5094 quod
2846 5014 3186 5094 apparuerit
3214 5014 3391 5074 homo
3414 5012 3582 5092 juxta
3601 5032 3700 5095 ap-

2059 5104 2412 5185 parentiam.
2447 5101 2703 5167 Audiant
2732 5101 2935 5183 igitur,
2978 5124 3001 5159 ε
3032 5100 3295 5164 Verbum
3320 5119 3456 5162 caro
3486 5102 3698 5164 factum

2058 5203 2169 5257 est.
2205 5218 2229 5253 ε
2267 5194 2400 5257 Non
2441 5193 2586 5255 dicit
2624 5192 2781 5274 quod
2813 5199 3168 5273 apparenter
3197 5190 3374 5253 fuerit
3399 5208 3561 5267 caro,
3595 5193 3703 5253 sed

2056 5282 2214 5364 quod
2244 5282 2425 5344 fuerit
2448 5282 2663 5344 veritas
2685 5279 3108 5357 etsubstantia,
3143 5288 3343 5342 etnon
3375 5281 3698 5361 phantasia.

2055 5371 2395 5436 Ahsurdum
2414 5370 2573 5435 enim
2597 5383 2657 5434 et
2671 5372 2915 5433 stultum
2936 5376 3094 5432 esset
3122 5369 3368 5432 credere
3389 5369 3547 5451 quod
3566 5389 3701 5432 cum

2059 5462 2247 5527 Filius
2271 5460 2382 5525 Dei
2408 5461 2628 5525 veritas
2643 5462 2718 5524 sit
2748 5466 2809 5523 et
2820 5459 3398 5541 dicatur,mentiatur
3420 5461 3699 5524 incarna-
