4070 6224
293 316 428 380 1461

285 448 435 513 δόξαν
469 469 485 523 ;
520 442 688 517 ’Ἱσως
723 455 817 529 μέν
880 477 1012 517 τινες
1056 454 1447 531 ὕπολτςψονται,
1500 457 1581 513 ὅτι

997 321 1434 387 ENARRATIO
1478 326 1558 388 IN
1610 316 2112 407 EVANGELIUM
2154 322 2496 389 JOANNIS.
2544 360 2621 371 —-
2663 330 2827 392 CAP.
2878 332 2924 392 Ι.

3501 314 3654 393 ηδε

1626 458 1677 511 ἐν
1724 464 1799 531 τῷ
1828 455 1933 531 ὄρει

1626 547 1664 561 μ
1830 544 1848 561 κ
1870 545 1883 561 ι

2021 463 2243 561 monte,
2276 456 2380 517 sed
2436 460 2615 561 etiam
2662 458 2740 561 in.
2778 460 3058 523 omnibus
3112 482 3244 544 quae
3302 458 3541 561 dicebat
3598 471 3657 523 et

285 543 361 612 τῷ
416 536 625 619 Θαϐέιρ,
675 543 829 622 Τάχα
887 541 941 598 δὲ
1013 545 1101 599 καὶ
1160 552 1317 602 τοῦτο
1364 546 1462 621 μὲν
1513 545 1727 617 ἂληθὲς,
1787 544 1925 612 πλὴν

2021 542 2280 625 l'aciebat,
2315 548 2661 626 Spectabant
2685 549 2934 626 gloriam
2969 551 3120 631 ejus.

285 630 379 685 οῦκ
419 630 477 683 ἒν
533 636 610 705 τῷ
665 630 772 709 ὄρει
830 632 1001 705 μόνῳ,
1060 631 1177 689 ἀλλ’
1237 633 1289 690 ἐν
1345 640 1503 691 πᾶσιν
1565 635 1655 699 οἷς
1704 634 1927 713 ἔπραττε

284 738 372 793 καί
413 716 616 797 ἔλεγεν,
648 717 868 777 ἔϐλεπον
898 723 994 788 τὴν
1024 720 1174 787 δόξαν
1207 724 1383 785 1-3106.

374 827 403 861 α
456 804 707 875 Ἰωάννης
796 823 1053 888 μαρτυρεῖ
1129 813 1245 890 περὶ
1324 814 1504 888 αὖτοῦ,
1562 814 1650 870 καὶ
1702 812 1925 889 κέκραγε

289 892 459 973 λέγων
494 914 508 929 ·
542 896 707 960 Οὗτος
739 902 830 971 ἦν,
864 900 921 955 ὃν
966 900 1148 972 εἶπον,
1197 903 1223 956 ὂ
1256 901 1424 957 ὀπίσω
1468 923 1571 976 μου
1614 899 1929 981 ἐρχόμενος,

290 980 579 1061 ἔμπροσθέν
639 1008 741 1061 μου
784 987 1023 1066 γέγονεν,
1088 988 1169 1045 ὅτι
1214 991 1419 1069 πρῦτός
1464 1012 1564 1065 μου
1606 992 1696 1057 ἦν,
1750 1012 1773 1045 η
1825 990 1933 1055 Τὴν

293 1071 537 1130 Ἰωάννου
593 1078 880 1155 μαρτυρίαν
939 1085 1178 1157 συνεχῶς
1240 1078 1640 1159 παραλαμϐάνει
1685 1082 1712 1135 ὃ
1771 1080 1931 1154 εῦαγ·

288 1159 535 1237 γελιστής
572 1184 587 1201 ο
643 1165 766 1245 οὗχὶ
823 1167 911 1222 τὸν
973 1168 1246 1235 Δεσπότην
1323 1167 1623 1233 ἀξιόπιστον
1681 1168 1786 1223 άπὸ
1844 1169 1935 1222 10-3

291 1248 477 1307 δούλου
534 1255 723 1327 ποιῶν,
786 1253 905 1311 ἀλλ’
962 1255 1074 1311 ἐπεὶ
1134 1255 1376 1334 μεγάλην
1428 1255 1697 1331 ὑπόληψιν
1770 1256 1932 1335 εἶχον

288 1340 403 1416 περὶ
458 1339 701 1399 Ἰωάννου
762 1345 809 1400 οἱ
859 1342 1040 1423 ὄχλοι,
1102 1347 1289 1401 τοῦτου
1341 1344 1515 1400 ἕνεκεν
1579 1342 1933 1424 παραλαμϐα-

292 1449 366 1483 νει
424 1430 495 1490 εἰς
538 1430 637 1497 την
707 1434 823 1511 περὶ
879 1439 970 1488 τοῦ
1050 1439 1274 1513 Χριστοῦ
1331 1436 1615 1513 μαρτυρίαν
1669 1435 1759 1489 τὸν
1811 1429 1935 1510 παρ’

288 1519 509 1583 ἱκείνοις
553 1522 896 1596 νομιζόμενον
956 1521 1123 1600 μέγαν
1179 1520 1456 1597 Ἰωάννην,
1510 1525 1599 1579 καὶ
1642 1520 1727 1577 διὰ
1783 1529 1935 1578 τοῦτο

291 1606 419 1686 ὑπὲρ
462 1607 697 1672 ἅπαντας
769 1610 1169 1686 πιστευόμενον.
1226 1616 1297 1670 Τὸ
1354 1609 1434 1687 δὲ,
1498 1634 1527 1667 ι
1590 1612 1835 1691 κέκραγε,
1898 1630 1927 1665 3

286 1698 383 1762 τὴν
438 1695 646 1765 πολλὴν
728 1698 1019 1778 παῤῥησίαν
1089 1708 1183 1757 τοῦ
1235 1700 1478 1757 Ἰωάννου
1534 1699 1777 1762 δεικνύει,
1862 1705 1934 1756 0-3

289 1786 386 1865 γάρ
444 1785 496 1841 ἓν
566 1788 749 1864 γωνίᾳ,
814 1787 947 1845 ἄλλα
1005 1791 1139 1864 μετὰ
1196 1787 1397 1852 πολλλς
1465 1795 1565 1857 τῆς
1640 1788 1931 1867 παῤῥησίας

286 1872 409 1929 ἐϐόα
478 1877 592 1953 περὶ
669 1878 909 1954 Χριστοῦ.
956 1880 1015 1936 Τί
1058 1877 1111 1933 2ὲ
1157 1878 1391 1956 ἔλεγενς
1448 1898 1475 1937 ι
1508 1878 1671 1941 Οὗτος
1729 1879 1818 1951 ἧν,
1872 1878 1929 1932 ὃν

275 1963 445 2021 ἐἶπον
480 1984 493 1999 ·
562 1960 588 2019 ί.
636 1968 723 2022 καὶ
767 1968 868 2045 πρὸ
915 1975 1003 2023 τοῦ
1031 1965 1164 2023 ἰδεῖν
1193 1969 1283 2023 τὸν
1337 1968 1560 2044 Χριστὸν
1608 1970 1635 2023 ὁ
1676 1966 1930 2033 Ἰωάννης

287 2052 562 2132 ἒμαρτύρει
619 2056 735 2132 περὶ
779 2058 957 2118 αὐτοῦ,
1017 2057 1113 2114 Καὶ
1172 2056 1323 2112 τοῦτο
1381 2062 1514 2113 Θεοῦ
1568 2056 1781 2119 πάντως
1839 2057 1930 2111 εῦ-

275 2139 456 2211 δοκία,
514 2141 607 2198 ἵνα
662 2144 738 2217 μὴ
783 2142 930 2224 δόξῃ,
991 2151 1068 2218 τῷ
1124 2145 1391 2219 προσώπῳ
1435 2144 1785 2224 χαριζόμενος
1843 2152 1933 2200 τοῦ

290 2230 531 2311 Χριστοῦ,
579 2234 911 2323 περὶλαῦτοῦ
966 2234 1027 2288 τὰ
1080 2233 1418 2313 χρηστότερα
1466 2246 1775 2311 μαρτυρεῖν.
1840 2236 1932 2288 Διὸ

286 2323 371 2377 καὶ
399 2320 542 2397 λέγει
580 2337 593 2351 ⁸
634 2341 661 2379 ι
698 2312 805 2379 ”ὀν
850 2322 1032 2396 εἶπον,
1085 2345 1108 2379 ι
1171 2322 1433 2397 τουτέστι,
1486 2322 1576 2378 καὶ
1631 2322 1749 2400 πρὶν
1803 2320 1933 2377 ἰδεῖν

290 2412 468 2487 αὖτδν,
509 2432 531 2464 ιι
568 2412 594 2465 ὃ
654 2412 823 2467 ὀπίσω
872 2433 972 2476 μου
1020 2412 1337 2491 ἐρχόμενος,
1392 2434 1419 2466 3
1468 2411 1604 2466 κατᾶ
1658 2411 1778 2471 τοὺς
1835 2416 1933 2477 τῆς

288 2502 586 2579 γεννήσεως
646 2497 848 2568 δηλαδὴ
905 2501 1129 2583 χρόνους
1169 2522 1181 2534 ·
1242 2498 1297 2565 ’ἐξ
1353 2501 1453 2579 γὰρ
1478 2499 1651 2577 μῆνας
1682 2500 1932 2578 πρότερος

289 2592 355 2658 ἦν
405 2590 432 2645 ὀ
507 2587 801 2669 πρόδρομος
884 2590 975 2646 τοῦ
1034 2597 1258 2669 Χριστοῦ
1322 2590 1458 2645 κατὰ
1515 2590 1613 2656 τὴν
1672 2589 1727 2643 ἐν
1786 2590 1935 2665 σαρκὶ

289 2681 557 2758 γέννησιν.
624 2703 650 2733 ιι
724 2680 884 2747 Οὗτος
938 2680 1233 2760 ἔμπροσθέν
1285 2701 1387 2755 μου
1443 2678 1682 2758 γέγονεν,
1748 2702 1776 2733 3
1825 2678 1935 2734 ἆντέ

290 2777 406 2847 τοῦ,
507 2770 886 2847 προτιμότερός
964 2792 1065 2846 μου
1136 2770 1223 2825 καὶ
1304 2766 1632 2845 ἐνδοξότερος
1702 2767 1931 2846 ιγένετο.

296 2860 392 2915 Διὰ
434 2860 482 2914 τί
516 2880 531 2929 ;
583 2848 715 2915 ’Ὀτι
748 2862 835 2914 καὶ
864 2860 1075 2936 πρῶτός
1106 2881 1208 2934 μου
1238 2858 1303 2925 ἧν
1356 2858 1490 2913 κατὰ
1545 2857 1644 2924 τὴν
1688 2858 1936 2924 θεότητα.

291 2952 351 3005 Οἱ
403 2946 455 3003 δὲ
489 2947 749 3026 Ἀρειανοὶ
778 2948 1017 3014 ἀνοήτως
1048 2949 1387 3027 ἡρμήνευσαν
1431 2948 1491 3001 τὸ
1541 2946 1703 3023 ῥητὸν
1755 2953 1930 3005 τοῦτο.

293 3036 544 3097 Θέλοντες
601 3037 701 3115 γαρ
755 3034 948 3108 δεῖξαι,
1011 3035 1091 3093 ὅτι
1123 3038 1150 3092 ὁ
1182 3037 1297 3097 Υἱὸς
1327 3044 1420 3093 τοῦ
1452 3042 1582 3091 Θεοῦ
1637 3038 1733 3092 οὐκ
1784 3033 1936 3112 ἒγέν-

291 3128 424 3196 νήθη
486 3127 590 3181 ἀπὸ
632 3132 726 3182 τοῦ
773 3129 998 3204 Πατρὸς,
1047 3124 1185 3181 αλλὰ
1227 3124 1438 3203 γέγονεν
1469 3125 1542 3187 ὡς
1576 3125 1630 3180 ἓν
1660 3130 1764 3178 τῶν
1794 3143 1938 3178 κτισ-

292 3215 501 3293 μάτων,
545 3216 721 3294 ηρασὶν,
784 3214 863 3271 ὅτι
936 3212 1066 3271 Ἰδοὺ
1110 3217 1137 3270 ὁ
1196 3210 1447 3279 Ἰωάννης
1507 3224 1762 3291 μαρτυρεῖ
1820 3212 1936 3290 περὶ

295 3305 451 3360 αὖτοῦ
496 3306 581 3376 18,
615 3323 643 3361 ι
682 3302 1035 3382 ’Ἕμπροσθὲν
1064 3328 1167 3381 μου
1198 3302 1436 3382 γέγονεν,
1474 3325 1498 3356 ιι
1536 3301 1647 3358 ἀντὶ
1676 3324 1789 3380 του,
1837 3304 1937 3379 πρὸ

289 3397 421 3469 ὶμοῦ
452 3392 662 3472 γέγονε,
706 3394 793 3448 καὶ
850 3392 1061 3460 ἐκτίσθη
1121 3392 1263 3472 παρᾶ
1318 3401 1409 3449 τοῦ
1441 3389 1595 3464 Θεοῦ,
1629 3393 1701 3455 ὡς
1733 3390 1790 3445 ἓν
1832 3394 1939 3446 τῶν

290 3483 631 3556 ποιημάτων.
680 3479 1029 3562 Ἐλέγχονται
1087 3480 1163 3556 δὲ,
1216 3486 1395 3543 κακῶς
1448 3487 1683 3545 νοοῦντες
1743 3482 1804 3537 τὸ
1834 3479 1937 3558 ῥησ-

291 3574 382 3628 τδν
438 3571 494 3627 ἐγ
550 3578 640 3626 τοῦ
684 3569 895 3650 ἐφεξῆς,
957 3572 1089 3628 Ποία
1132 3571 1232 3649 γὰρ
1289 3568 1460 3626 ἔννοια
1520 3568 1826 3648 ἐμφαίνεται
1886 3570 1940 3625 ἐν

296 3664 369 3737 τῷ
412 3660 609 3741 λέγειν,
636 3660 716 3716 ὅτι
768 3685 789 3715 ι
828 3661 1019 3733 Οὗτος,
1060 3680 1086 3719 ι
1136 3662 1164 3717 ὁ
1219 3661 1440 3739 Χριστὸς
1495 3656 1721 3738 δηλαδὴ,
1777 3682 1803 3713 ι
1836 3656 1938 3734 ἔμ-

291 3751 513 3831 προσθέν
572 3774 671 3826 μου
730 3750 968 3829 γέγονεν,
1006 3774 1034 3805 3
1083 3749 1196 3806 ἀντὶ
1252 3758 1364 3823 τοῦ,
1412 3749 1515 3828 πρὸ
1545 3746 1673 3824 ἐμοῦ
1703 3747 1938 3821 ἐκτίσθη,

300 3863 327 3902 ε
373 3841 504 3899 διότι
560 3842 770 3921 πρῶτός
821 3864 923 3917 μου
979 3842 1045 3910 ἦν
1080 3859 1097 3917 ;
1135 3866 1161 3896 3
1215 3839 1469 3908 Ἀνόητον
1500 3840 1602 3919 γὰρ
1633 3838 1935 3896 παντάπασι

292 3936 351 3989 τὸ
394 3932 596 4012 λέγειν,
628 3930 708 3988 ὅτι
756 3939 946 3989 Τοῦτον
1000 3932 1206 3987 ἔκτισεν
1236 3932 1263 3986 ὁ
1322 3932 1451 3991 Θεὸς
1497 3929 1773 4007 πρότερον,
1806 3926 1937 3984 διότι

288 4024 497 4102 πρῶτός
555 4042 653 4095 μου
710 4021 801 4089 ἧν.
850 4020 1159 4078 Τοῦναντὶον
1217 4019 1317 4098 γὰρ
1364 4016 1554 4098 ὤφειλε
1609 4016 1811 4092 μᾶλλον
1858 4017 1935 4072 εἶ-

296 4126 443 4193 πεῖν,
500 4110 586 4168 ὅτι
649 4112 811 4175 Οὗτος
869 4110 1078 4189 πρῶτός
1124 4112 1227 4185 μού
1270 4108 1404 4181 ἔστι,
1465 4104 1597 4164 διότι
1648 4105 1939 4185 ἔμπροσθέν

291 4225 393 4277 μου
448 4200 686 4291 γέγονεν,
773 4198 944 4291 ἤγουν
1011 4198 1248 4291 ἐκτίσθη.
1308 4204 1481 4255 ταῦτα
1537 4197 1667 4291 μὲνῄ
1693 4196 1758 4251 τὰ
1830 4201 1933 4291 των

292 4291 604 4367 Ἀρειαθῶν.
668 4282 859 4363 Ἡμεῖς
921 4284 974 4343 δὲ
1018 4285 1301 4366 ὀρθοδόξως
1349 4292 1592 4364 νοοῦμεν,
1641 4283 1720 4339 ὅτι
1786 4306 1808 4339 ιι
1876 4282 1933 4339 Ὀ

292 4381 462 4436 ὀπίσω
519 4400 621 4453 μου
679 4377 996 4457 ἐρχόμενος,
1059 4400 1086 4432 3
1148 4376 1285 4433 κατὰ
1342 4376 1441 4441 τὴν
1496 4377 1559 4431 hc
1592 4372 1850 4451 Παρθένου
1880 4370 1933 4428 ἒν

2098 807 2272 874 Vens.
2302 814 2398 875 15.
2414 812 2707 875 «Joannes
2728 824 2979 878 testatur
2998 817 3072 878 de
3104 817 3321 897 ipso,et
3350 816 3623 879 clamavit
3638 868 3652 897 ,

2016 895 2362 961 dicenszliic
2392 911 2520 962 erat
2539 901 2614 964 de
2643 921 2760 982 quo
2784 903 3077 979 dicebam,
3102 895 3204 987 qui
3230 914 3359 987 post
3392 923 3487 966 me
3508 895 3653 967 vené

2018 991 2205 1075 turns,
2256 999 2392 1051 ante
2436 1009 2531 1051 me
2575 990 2764 1053 factus
2794 1000 2909 1067 est,
2942 994 3083 1075 quia
3114 994 3276 1075 prior
3306 1011 3401 1054 me
3436 1003 3585 1055 erat.
3624 1020 3649 1049 ι

2020 1073 2387 1155 Frequenter
2406 1079 2653 1142 Joannis
2670 1073 3074 1144 testimonium
3100 1073 3346 1144 assumit
3366 1082 3658 1160 evangeli-

2017 1171 2252 1243 sta,non
2276 1166 2658 1230 utDominum
2677 1170 2794 1231 ﬁde
2812 1170 3053 1249 dignum
3077 1171 3251 1234 faciat
3272 1190 3304 1232 e
3328 1166 3521 1231 verbis
3536 1190 3659 1234 ser-

2015 1257 2067 1316 vi
2080 1254 2204 1334 ,sed
2222 1257 2360 1336 quia
2384 1257 2569 1318 turbae
2586 1278 2852 1337 magnam
2875 1260 3181 1323 deJoanne
3198 1260 3539 1340 Opinionem
3556 1260 3661 1322 hac

2018 1343 2259 1415 hebant,
2281 1346 2411 1423 ejus
2438 1348 2623 1424 gratia
2644 1346 2704 1408 in
2734 1348 3139 1411 testimonium
3165 1347 3384 1413 Christi
3410 1350 3661 1410 assumit

2014 1430 2435 1512 Joannem,qui
2458 1434 2612 1515 apud
2633 1434 2679 1496 ΰ
2694 1435 2775 1496 18
2794 1436 2925 1499 illos
2941 1456 3187 1516 magnus
3210 1434 3655 1515 nominabatur,

2020 1530 2079 1582 et
2096 1541 2280 1601 super
2300 1541 2508 1584 omnes.
2528 1523 2676 1585 alios
2698 1543 2830 1587 esse
2847 1526 3231 1591 credebatur.
3262 1528 3525 1595 Verbum
3548 1546 3660 1589 au-

2020 1620 2161 1682 tem,
2195 1632 2221 1669 ι
2248 1611 2534 1673 clamavit.
2580 1635 2603 1671 ι
2634 1632 2902 1693 magnam
2937 1615 3214 1677 ﬁduciam
3238 1612 3296 1679 et
3328 1619 3658 1683 libertatem

2016 1700 2261 1760 Joannis
2294 1702 2571 1762 ostendit.
2604 1700 2731 1763 Non
2760 1703 2917 1764 enim
2947 1710 3002 1763 in
3034 1706 3271 1784 angulo,
3306 1709 3410 1770 sed
3444 1723 3660 1783 magna

2016 1808 2149 1849 cum
2182 1788 2453 1853 libertate
2481 1790 2772 1853 clamabat
2817 1792 2892 1853 de
2936 1792 3193 1857 Christo.
3255 1794 3429 1868 Quid
3463 1805 3657 1858 autem

2016 1878 2300 1941 dicebat?
2338 1902 2359 1931 α
2399 1876 2505 1940 Hic
2557 1888 2683 1941 erat
2732 1880 2806 1942 de
2864 1900 2980 1965 quo
3007 1882 3305 1965 dicebam,
3342 1910 3370 1942 ι
3404 1887 3662 1948 Joannes

2017 1967 2192 2026 ctiam
2216 1974 2531 2048 antequam
2557 1966 2782 2030 videret
2812 1970 3574 2043 Christum,testiﬁcahatur
3587 1974 3664 2035 de

2017 2054 2116 2115 illo
2144 2073 2156 2117 :
2182 2055 2359 2133 idque
2381 2056 2663 2134 singulari
2709 2055 2815 2121 Dei
2847 2052 3169 2128 voluntate.
3206 2070 3267 2121 ut
3301 2078 3375 2123 ne
3396 2063 3665 2125 videatur

2016 2144 2353 2221 gratiﬁcans
2384 2162 2657 2223 personae
2679 2145 2923 2228 Christi,
2956 2147 3032 2209 de
3059 2166 3129 2209 eo
3161 2149 3503 2214 honestiora
3550 2162 3664 2214 tes-

2020 2231 2294 2306 tari,ideo
2318 2232 2485 2307 dicit;
2519 2260 2540 2285 ο
2582 2233 2663 2296 De
2692 2253 2809 2314 quo
2849 2234 3151 2312 dicebam,
3183 2264 3207 2293 ε
3242 2234 3357 2299 hoc
3387 2246 3501 2314 est,
3549 2240 3665 2321 pri-

2019 2341 2263 2401 usquam
2286 2321 2550 2383 viderem
2578 2324 2887 2403 enm,cqni
2910 2332 3040 2403 post
3071 2344 3165 2387 me
3186 2335 3666 2404 venturus,-ma-

2018 2411 2233 2471 nifeste
2263 2416 2549 2491 quantum
2587 2412 2657 2471 ad
2696 2412 3013 2474 nativitatis
3042 2424 3328 2497 tempora.
3364 2418 3484 2479 Sex
3503 2418 3663 2480 enim

2019 2498 2325 2560 mensibus
2346 2500 2507 2580 prior
2550 2499 2654 2560 fuit
2678 2498 3018 2564 Praacnrsor
3069 2505 3285 2567 Christi
3334 2506 3664 2571 secundum

2023 2586 2384 2650 nativitatem
2415 2587 2475 2650 in
2508 2608 2687 2651 carne
2750 2615 2775 2643 α
2812 2589 2922 2652 Hic
2952 2602 3091 2655 ante
3121 2614 3217 2657 me
3244 2596 3432 2662 factus
3485 2606 3595 2673 est,
3637 2619 3660 2649 κ

2023 2678 2134 2738 hoc
2165 2677 2685 2754 est,vencrabi|ior
2714 2689 2773 2739 et
2822 2678 3137 2757 gloriosior
3167 2703 3261 2745 me
3317 2687 3507 2751 factus
3551 2692 3661 2748 est.

2021 2766 2249 2838 Quare?
2278 2767 2431 2840 Quia
2461 2778 2517 2827 et
2538 2767 2703 2849 prior
2718 2786 2811 2828 me
2837 2774 3323 2842 erat,secundum
3356 2775 3664 2838 deitatem.

2022 2853 2223 2919 Ariani
2254 2866 2449 2916 autem
2483 2857 2661 2919 stulte
2692 2855 3061 2937 interpretati
3110 2859 3335 2924 dictum
3363 2865 3473 2927 hoc
3506 2872 3663 2928 sunt.

2021 2946 2303 3006 Volentes
2353 2944 2510 3005 enim
2571 2946 2983 3008 demonstrare
3014 2948 3171 3028 quod
3204 2952 3389 3015 Filius
3412 2951 3517 3017 Dei
3550 2971 3666 3014 non

2023 3034 2096 3094 sit
2125 3036 2361 3111 genitus
2381 3051 2413 3093 a
2445 3033 2750 3106 Patre,sed
2775 3032 2962 3095 factus
2993 3035 3069 3096 sit
3099 3037 3252 3101 sicut
3279 3062 3395 3104 una
3417 3041 3665 3104 aliarum

2021 3132 2450 3194 creaturarum,
2484 3120 2690 3182 dicunt
2725 3171 2739 3193 ,
2781 3148 2805 3177 α
2842 3121 2994 3186 Ecce
3022 3128 3285 3191 Joannes
3317 3141 3566 3199 testatur
3594 3130 3669 3193 de

2021 3230 2114 3285 eo,
2158 3236 2175 3264 ι
2221 3235 2242 3265 ι
2276 3210 2427 3272 Ante
2458 3228 2554 3271 me
2596 3210 2783 3273 factus
2834 3219 2943 3288 est,
2986 3238 3007 3271 ο
3046 3214 3157 3276 hoc
3208 3227 3319 3295 est,
3382 3224 3522 3285 ante
3572 3236 3665 3280 me

2020 3301 2204 3362 factus
2235 3309 2288 3362 et
2318 3299 2593 3361 conditus
2613 3309 2700 3361 est
2725 3321 2757 3361 a
2777 3300 2898 3362 Deo
2928 3304 3081 3364 sicut
3096 3324 3213 3367 una
3229 3320 3661 3373 creaturarum.

2022 3390 2483 3468 Redarguuntur
2511 3397 2732 3465 autem,
2771 3390 2922 3452 male
2981 3393 3378 3475 intelligentes
3409 3398 3659 3467 dictum.

2023 3497 2091 3541 ex
2126 3498 2196 3572 eo
2229 3477 2382 3560 quod
2408 3478 2707 3572 sequitur.
2736 3477 2878 3551 Qua:
2902 3483 3062 3572 enim
3097 3489 3394 3551 sententia
3420 3494 3668 3572 apparet

2022 3572 2068 3629 si
2105 3567 2335 3628 dicatur
2368 3588 2383 3628 :
2411 3566 2541 3640 Hic,
2572 3566 2843 3631 Christus
2893 3569 3143 3652 scilicet,
3177 3585 3314 3639 ante
3346 3596 3442 3640 me
3460 3566 3669 3641 Tactus

2022 3666 2136 3748 est,
2172 3657 2282 3717 hoc
2314 3664 2425 3748 est.
2454 3656 2808 3748 priusquam
2832 3674 2942 3735 ego
2973 3661 3248 3748 conditus
3271 3674 3380 3739 est,
3416 3685 3487 3729 eo
3510 3666 3668 3748 quod

2023 3746 2185 3826 prior
2218 3763 2309 3804 me
2342 3744 2549 3806 fuerit?
2576 3742 2865 3805 Omnibus
2895 3746 3056 3807 enim
3086 3751 3281 3813 modis
3301 3742 3547 3817 stultum
3580 3764 3669 3817 est

2020 3834 2224 3925 dicere
2245 3834 2401 3914 quod
2429 3832 2602 3925 illum
2627 3834 2921 3895 creaverit
2949 3834 3106 3898 Deus
3162 3841 3347 3923 prius,
3383 3861 3453 3905 eo
3510 3844 3667 3925 quod

2022 3923 2188 4004 prior
2221 3942 2313 3983 me
2346 3921 2607 4013 erattsed
2639 3925 2999 3985 contrarium
3034 3928 3219 4009 magis
3250 3921 3453 3994 dicere
3484 3921 3665 4013 opor-

2021 4014 2200 4076 tebat:
2228 4013 2363 4093 quia
2396 4012 2491 4076 hic
2523 4012 2685 4091 prior
2704 4032 2799 4074 me
2827 4023 2938 4087 est,
2971 4014 3108 4077 ideo
3134 4042 3156 4071 α
3186 4027 3323 4082 ante
3354 4040 3449 4083 me
3481 4012 3669 4083 factus

2022 4112 2136 4184 est,
2172 4124 2197 4159 ι
2235 4102 2350 4164 hoc
2383 4114 2496 4190 est,
2530 4101 2801 4190 conditus
2833 4112 2943 4167 est.
2974 4102 3044 4165 Et
3078 4106 3204 4168 haec
3235 4108 3476 4190 quidem
3536 4109 3670 4174 Ari-

1998 4208 2263 4273 anorum
2299 4197 2435 4250 sunt
2463 4189 2641 4252 dicta.
2673 4187 2792 4251 Nos
2844 4202 3046 4254 autem
3090 4187 3419 4261 orthodoxe
3451 4199 3669 4262 intelli-

2016 4282 2208 4363 gimus
2240 4279 2396 4360 quod
2426 4279 2526 4357 qui
2560 4286 2691 4359 post
2718 4298 2813 4369 [ne
2844 4291 3130 4344 venturus
3153 4296 3297 4351 erat.
3318 4288 3493 4369 juxta
3518 4288 3671 4351 nati-

2016 4373 2254 4433 vitatem
2290 4369 2347 4428 in
2378 4385 2559 4429 carne
2591 4385 2659 4429 ex
2719 4366 2989 4450 Virgine,
3019 4383 3156 4434 ante
3188 4394 3283 4435 me
3322 4366 3523 4440 tactus
3553 4387 3664 4455 est,

289 4472 439 4545 σαρκὶ
496 4456 775 4545 γέννησιν,
844 4490 872 4520 α
932 4464 1222 4547 ἔμπροσθέν
1294 4487 1394 4540 μου
1437 4463 1673 4542 γέγονεν,
1726 4486 1748 4517 η
1826 4462 1933 4518 σντῖ

2023 4460 2136 4522 hoc
2167 4466 2275 4528 est,
2302 4457 2623 4547 gloriosior
2651 4456 2961 4536 etdignior
2986 4478 3080 4523 me
3112 4463 3240 4538 fuit,
3279 4474 3521 4547 propter
3548 4466 3666 4527 mi-

289 4564 407 4629 106,
464 4552 793 4634 ἔνδοξότιρος
836 4554 923 4610 καὶ
980 4552 1355 4633 προτιμότερός
1421 4573 1524 4629 μου
1598 4551 1807 4630 ἐγένετο
1877 4550 1937 4607 ἐκ

290 4651 394 4703 τῶν
437 4639 556 4722 περῖ
611 4642 767 4699 αὐτὸν
824 4639 1133 4719 συμϐάντων
1210 4641 1511 4717 θαυμάτων,
1589 4643 1651 4696 εκ
1692 4646 1789 4696 106'
1836 4639 1932 4695 τό·

286 4730 411 4813 κου,
462 4737 523 4789 kx
572 4737 671 4799 τῆς
732 4729 1051 4811 ἀνατροφῆς,
1118 4729 1177 4787 ὲκ
1230 4735 1327 4797 τῆς
1381 4729 1587 4810 σόφίας.
1646 4730 1743 4786 Καὶ
1788 4727 1932 4784 εἰκό-

288 4845 393 4888 τως
437 4829 613 4884 τοῦτο.
665 4822 761 4879 Καὶ
806 4821 904 4900 γὰρ
963 4819 1171 4899 πρῶτός
1216 4842 1317 4895 μου
1359 4818 1450 4892 ἧν,
1496 4818 1633 4875 κατὰ
1677 4817 1774 4884 τὴν
1834 4818 1934 4896 πρὸ

292 4913 497 4969 αίώνων
530 4910 589 4967 ιχ
633 4911 838 4991 [ἰατρὸς
896 4908 1168 4989 γέννησιν,
1228 4909 1270 4965 εἰ
1320 4910 1407 4965 καὶ
1452 4907 1623 4965 ὀπίσω
1667 4929 1767 4981 μου
1808 4903 1934 4972 ἦλθε

286 5002 422 5057 κατὰ
448 5000 547 5066 τὴν
578 4998 633 5055 ἂν
657 4999 807 5075 σαρκὶ
837 4999 1150 5076 παρουσίαν,

375 5112 400 5147 ι
436 5090 532 5147 Καὶ
584 5091 647 5144 ὶκ
701 5094 793 5143 τοῦ
849 5086 1209 5166 πληρώματος
1292 5088 1449 5143 αὺτοῦ
1520 5087 1683 5159 ἡμεῖς
1740 5084 1932 5142 πάντες

287 5177 569 5254 ἐλάόομεν,
629 5179 717 5233 καὶ
762 5174 919 5255 χάριν
966 5177 1077 5233 ἀντὶ
1122 5177 1367 5257 χάριτος.
1414 5199 1437 5231 ι
1492 5176 1587 5233 Καὶ
1638 5174 1798 5231 ταῦτα
1847 5174 1935 5227 τοῦ

291 5265 591 5349 Προδρόμου
635 5269 733 5323 εἶσὶ
776 5268 990 5346 ρήματα
1048 5265 1295 5345 λέγοντος
1354 5266 1471 5345 περὶ
1546 5271 1639 5320 106
1688 5269 1929 5341 Χριστοῦ,

293 5359 372 5417 ὅτι
422 5351 615 5435 Ἡμεῖς
673 5357 867 5420 πάντες
911 5359 957 5414 οἱ
1014 5360 1279 5436 προερῆται
1329 5354 1389 5410 ἐκ
1428 5360 1522 5410 τοῦ
1576 5352 1933 5432 πληρώματος

288 5454 443 5510 αὑτοῦ
502 5445 785 5531 ἐλάϐομεν.
849 5450 921 5505 Οῦ
977 5447 1076 5525 γὰρ
1124 5445 1387 5511 τοσαύτην
1420 5442 1540 5523 ἔχει
1592 5443 1691 5509 τὴν
1750 5443 1933 5522 χάριν,

286 5539 415 5606 ἴσην
497 5538 543 5594 oi
604 5536 1097 5614 πνευματοφόρητοι
1170 5532 1431 5612 άνθρώποι
1468 5549 1481 5563 ·
1570 5531 1707 5587 ἀλλὰ
1748 5532 1933 5607 ,πηγή

285 5628 542 5707 ὖπάρχων
608 5627 805 5686 παντὸς
893 5624 1109 5701 αγαθοῦ,
1198 5624 1284 5678 καὶ
1342 5622 1520 5688 πάσης
1593 5622 1773 5700 σοφίας
1849 5620 1935 5675 καὶ

608 5760 873 5828 Panos.
916 5759 1031 5822 Gn.
1075 5756 1347 5821 CXXIII.

2018 4549 2220 4611 tacula
2244 4565 2373 4629 quae
2429 4546 2588 4636 circa
2632 4548 2823 4627 ipsum
2868 4548 3215 4614 acciderunt
3244 4554 3305 4615 in
3356 4546 3549 4636 partu,
3606 4555 3667 4618 in

2018 4637 2397 4710 educatione,
2431 4635 2490 4695 in
2543 4637 2857 4716 sapientia.
2892 4638 2964 4700 Et
3007 4643 3217 4713 merito
3242 4635 3378 4708 hoc.
3434 4644 3664 4706 Etenim

2020 4726 2186 4808 prior
2237 4743 2328 4785 me
2414 4730 2541 4786 erat
2596 4725 2929 4787 secundum
2985 4728 3346 4794 nativitatem
3405 4732 3664 4794 divinam

2019 4832 2093 4877 ex
2123 4817 2321 4895 Patre,
2374 4811 2640 4894 quamvis
2695 4812 2826 4895 post
2886 4834 2979 4877 me
3036 4819 3263 4880 venerit
3334 4820 3663 4883 secundum

2017 4905 2333 4967 adventum
2368 4901 2429 4964 in
2456 4919 2657 4965 carne.
3628 4924 3641 4939 ι

2097 5081 2274 5146 Vens.
2312 5082 2411 5143 16.
2455 5111 2477 5171 ς
2509 5080 2583 5142 Et
2611 5080 2685 5142 de
2713 5081 3087 5171 plenitudine
3140 5086 3269 5165 ejus
3318 5088 3660 5171 accepimus

2018 5169 2580 5250 omnes,etgratiam
2609 5189 2715 5249 pro
2739 5172 2946 5250 gratia.
2966 5198 2987 5229 υ
3026 5170 3096 5234 Et
3117 5174 3243 5236 haec
3276 5169 3664 5240 Praecursoris

2019 5260 2194 5322 verba
2222 5258 2645 5337 sunt,dicentis
2674 5258 2749 5322 de
2778 5259 3159 5341 Christo,Nos
3190 5264 3498 5347 pIOphette
3527 5285 3661 5328 om~

2018 5368 2125 5412 nes
2153 5349 2227 5412 de
2257 5347 2626 5431 plenitudine
2648 5350 2776 5429 ejus
2803 5350 3167 5431 accepimus.
3201 5350 3482 5433 lajorem
3502 5356 3660 5417 enim

2018 5439 2261 5521 gratiam
2291 5437 2672 5521 habet,quam
2703 5441 2801 5521 qui
2828 5437 3050 5521 Spiritu
3081 5440 3430 5504 afﬂahantur
3459 5444 3660 5507 homi-

2022 5534 2161 5591 nes.’
2197 5528 2342 5591 Nam
2375 5526 2506 5588 fons
2530 5528 2721 5590 omnis
2754 5524 2893 5590 honi
2922 5537 2981 5590 et
3009 5529 3204 5592 omnis
3228 5532 3539 5613 sapientia
3572 5538 3662 5597 ac

2022 5616 2344 5700 prophetia
2366 5615 2681 5693 assistens,
2714 5618 3049 5698 superﬂuit,
3088 5626 3147 5681 0t
3176 5619 3496 5721 dat,ipsam
3528 5641 3659 5684 om-

3242 5755 3347 5829 370
