4070 6224
477 386 620 451 1171

1445 381 2042 453 THEOPHYLACTI
2084 379 2496 445 BULGABIE
2536 383 2898 446 ABGHIEP.

3708 372 3841 439 11Ἷῖ

471 519 906 600 pcenitentiam,
940 520 1094 583 viam
1132 519 1481 603 praeparavit
1523 522 1609 583 eis
1641 519 1714 582 ad
1744 520 1856 580 hoc
1887 524 1946 578 ut
1980 531 2105 603 per-

2206 514 2392 579 αὐτοὺς
2435 514 2792 597 παρακαλεῖν,
2868 513 3224 594 προωδοποίει
3290 516 3468 575 αὒτοτς
3524 513 3597 577 εἰς
3661 512 3721 567 τὸ
3775 512 3844 566 καὶ

468 608 619 671 facte
640 609 952 689 corrigiam
978 602 1145 673 illam,
1163 619 1221 673 et
1246 602 1714 673 calceamentum
1748 607 1969 689 peccati
2002 602 2111 667 ab-

463 696 763 778 jiciantzin
791 698 1031 763 Christo
1061 707 1256 762 autem
1280 718 1398 761 non
1429 698 1740 761 inveniens
1770 694 2111 775 corrigiam,

468 788 583 849 hoc
611 794 702 850 est
730 786 1035 850 vinculum
1070 788 1319 868 peccati,
1342 788 1556 850 merito
1580 805 1776 866 neque
1798 784 1989 856 solvit,
2013 800 2115 844 ne-

468 892 586 956 que
610 874 838 937 solvere
857 876 1063 953 potuit.
1088 875 1400 949 Quomodo
1424 876 1581 937 enim
1606 871 1969 945 solvisset,in
1995 888 2112 951 quo

468 981 587 1024 non
619 962 987 1027 inveniebat?
1017 988 1038 1021 ε
1071 963 1384 1027 Peccatum
1413 963 1570 1025 enim
1597 982 1715 1024 non
1746 960 2112 1040 fecit,neque

467 1052 740 1114 inventus
771 1061 861 1114 est
880 1050 1050 1115 dolus
1086 1055 1143 1116 in
1174 1072 1276 1115 ore
1301 1054 1432 1133 ejus
1457 1054 1541 1116 55.
1574 1078 1600 1109 ι)
1635 1050 2111 1114 Calceamentum

467 1147 661 1203 autem
699 1149 785 1201 est
815 1140 1106 1204 adventus
1137 1141 1371 1204 Domini
1395 1141 1467 1204 ad
1497 1140 1886 1219 noszcorrigia
1916 1146 2109 1200 autem

468 1228 620 1307 ejus,
645 1227 855 1289 modus
871 1228 1441 1311 incarnationis,quo
1464 1230 1728 1292 Verbum
1751 1228 1855 1290 Dei
1877 1227 2107 1288 unitum

469 1325 528 1378 et
553 1317 997 1397 quodammodo
1028 1319 1369 1399 colligatum
1401 1320 1659 1400 corpori.
1714 1317 1923 1398 Utique
1956 1317 2109 1377 hunc

469 1405 689 1467 nodum
718 1406 947 1468 solvere
980 1407 1353 1489 impossibile
1383 1418 1493 1472 est.
1523 1408 1666 1481 Quis
1717 1406 1875 1469 enim
1911 1417 2111 1487 posset

468 1494 718 1572 solvere,
752 1496 1050 1577 quomodo
1082 1497 1238 1560 Deus
1258 1501 1495 1579 corpori
1529 1498 1839 1576 colligatus
1874 1497 1948 1560 sit
1980 1495 2004 1558 ?

548 1583 730 1648 Vsus.
781 1586 881 1646 28.
946 1607 969 1641 ι
1005 1586 1142 1648 Haec
1174 1588 1233 1648 in
1281 1587 1569 1649 Bethania
1600 1586 1752 1648 facta
1780 1594 1917 1647 sunt
1948 1594 2110 1647 trans

462 1672 809 1746 Iordanem,
842 1673 943 1736 ubi
978 1684 1103 1737 erat
1128 1678 1387 1738 Joannes
1436 1678 1758 1757 baptizans.
1823 1701 1849 1731 ι
1917 1674 2112 1747 Quare

467 1762 613 1825 dixit
644 1762 800 1843 quod
830 1764 955 1826 haec
986 1764 1046 1826 in
1078 1767 1365 1828 Bethania
1393 1765 1546 1828 facta
1567 1764 1715 1828 sint?
1742 1764 1817 1829 Ut
1843 1764 2112 1827 ostendat

467 1836 983 1933 magni-praeconis
1017 1853 1379 1926 libertatem,
1418 1855 1574 1937 quod
1624 1874 1742 1936 non
1792 1854 1852 1916 in
1904 1836 2171 1928 dumo,B

2195 600 2410 667 τελείως
2468 602 2821 662 ἀπῶαλὲσθαι
2853 608 2943 661 τὸν
2977 606 3170 679 ἱμάντα
3204 610 3413 670 τοῦτον,
3456 603 3545 658 καὶ
3575 602 3643 658 τὸ
3686 601 3842 677 ἆμαρ-

2192 693 2365 751 τωλὸν
2421 695 2672 771 ὑπόδημα
2704 709 2719 725 ⁸
2781 694 2868 752 ἐπὶ
2910 694 2965 750 δὶ
3025 696 3280 773 Χριστοῦ,
3340 695 3535 767 ἱμάντα
3587 690 3671 762 μὴ
3721 692 3843 762 εὗρέ-

2195 803 2365 858 σκων,
2420 782 2540 851 ἤτοι
2590 782 2876 859 σύνδεσμον
2917 781 3197 861 ἁμαρτίας,
3260 780 3477 845 εἰκότως
3550 777 3671 861 066i
3721 778 3843 833 λύει-ι

2195 873 2351 928 αῦτὸν
2382 871 2618 932 ἐδύνατο.
2680 873 2801 936 Πῶς
2856 872 2979 952 γὰρ,
3030 860 3086 928 ὃν
3117 873 3221 951 οὔχ
3255 868 3492 949 εῦρισκεν
3527 888 3544 942 ;
3582 892 3615 923 α
3651 860 3840 942 Ἀμαρ-

2193 961 2308 1017 τίαν
2362 963 2463 1040 γὰρ
2513 965 2607 1021 οῦκ
2663 961 2939 1036 ἐποίησεν,
3002 959 3117 1018 οῦδὲ
3169 959 3354 1039 εὑρέθη
3415 960 3468 1015 iv
3511 962 3590 1032 τῴ
3636 958 3843 1031 στόματι

2194 1048 2351 1107 αὐτοῦ
2408 1049 2585 1115 δόλος.
2620 1072 2648 1110 ι
2716 1043 2996 1125 Τποδημα
3039 1050 3095 1106 δὲ
3137 1051 3172 1118 ἡ
3208 1049 3467 1127 παρουσία
3524 1054 3623 1103 τοῦ
3676 1046 3844 1123 Κυρίω

2193 1140 2226 1206 ἡ
2273 1140 2346 1203 είς
2402 1141 2545 1214 ἡμᾶς
2580 1156 2597 1173 ’
2631 1141 2756 1215 ἱμὰς
2786 1138 2842 1196 δὲ
2874 1140 3063 1213 αὖτῆς,
3097 1140 3125 1196 6
3154 1140 3349 1218 τρόπος
3374 1143 3474 1205 τῆς
3506 1136 3842 1214 σαρκώσεως,

2190 1228 2280 1286 καὶ
2334 1236 2427 1286 τοῦ
2485 1236 2600 1293 πῶς
2646 1227 2890 1297 συιεδέθη
2935 1234 3013 1303 τῷ
3067 1228 3275 1304 σώματι
3307 1230 3335 1284 6
3365 1228 3535 1305 Λόγος
3567 1233 3665 1282 τοῦ
3697 1227 3839 1284 Θεοῦ.

2193 1318 2386 1376 Τοῦτον
2415 1320 2504 1373 οῦν
2556 1320 2649 1375 τὸν
2677 1320 2876 1397 τρόπον
2906 1317 3048 1376 λύειν
3079 1316 3355 1374 ἀδύνατον·
3394 1316 3471 1378 τίς
3501 1316 3604 1391 γὰρ
3647 1313 3843 1369 δύναται

2192 1404 2343 1463 λῦσαι
2374 1412 2489 1471 πῶς
2521 1405 2767 1475 συνεδέθη
2799 1414 2875 1483 τῷ
2903 1409 3111 1482 σώματι
3144 1406 3271 1472 Θεός
3306 1423 3324 1481 ;

2278 1604 2301 1638 ε
2346 1586 2521 1642 Ταῦτα
2554 1584 2608 1641 iv
2654 1587 2884 1659 Βηθανίᾳ
2930 1585 3143 1665 ἐγένετο
3195 1606 3361 1664 περαν
3424 1592 3517 1641 τοῦ
3574 1579 3850 1662 Ἰορδάνου,

2190 1672 2321 1729 ὃπω
2392 1675 2460 1739 ἦν
2520 1672 2775 1752 Ἰωάννης
2833 1674 3127 1752 βαπτίζων,
3209 1675 3360 1737 Τίνος
3423 1673 3601 1730 ἕνεκεν
3678 1672 3849 1738 εἶπεν,

2192 1760 2273 1818 ὅτι
2337 1784 2365 1816 α
2413 1762 2589 1820 Ταῦτα
2646 1762 2702 1821 iv
2762 1763 2991 1835 Βηθανίᾳ
3030 1762 3242 1842 ἒγένετο
3273 1781 3289 1837 ;
3325 1786 3353 1817 ι
3392 1752 3516 1818 "Iv:
3559 1758 3709 1835 δείξῃ
3762 1759 3852 1824 τὴν

2196 1849 2489 1929 παβρησίαν
2546 1862 2640 1913 τοῦ
2695 1851 2930 1931 μεγάλου
2993 1854 3250 1931 κήρυκος,
3304 1851 3386 1908 ὅτι
3430 1850 3525 1906 οὒκ
3578 1848 3639 1905 iv
3699 1848 3851 1918 οἰκία,

468 1958 659 2021 neque
688 1939 747 2003 in
780 1943 1022 2020 angulo,
1051 1943 1156 2006 sed
1188 1945 1350 2007 circa
1398 1933 1744 2020 Iordanem,
1801 1943 1860 2006 in
1918 1942 2105 2005 media

2200 1936 2310 1995 posse
2370 1938 2425 1994 iv
2479 1942 2670 2022 γωνίᾳ,
2728 1939 2867 1997 ἀλλά
2908 1941 2999 1997 τὸν
3060 1936 3329 2017 Ἰορδάνην
3386 1935 3734 2009 καταλπδὼη
3807 1933 3853 1989 θ’

468 2028 844 2092 multitudine
879 2032 1003 2094 haec
1036 2032 1111 2094 de
1142 2034 1376 2097 Christo
1436 2033 1860 2115 praedicaverit.
1896 2031 2111 2095 Scien-

466 2116 605 2178 dum
629 2126 824 2180 autem
856 2120 1012 2201 quod
1037 2123 1398 2202 exemplaria
1434 2122 1842 2186 emendatiora
1864 2121 2106 2195 habent,

471 2229 494 2262 ιι
531 2205 591 2267 in
612 2206 969 2270 Bethabara.
999 2234 1025 2264 »
1061 2209 1354 2272 Belliania
1372 2212 1530 2273 enim
1561 2231 1677 2273 non
1714 2220 1875 2272 trans
1904 2210 2110 2274 Jorda-

467 2312 601 2355 nem
635 2302 745 2370 est,
777 2296 881 2357 sed
915 2315 1096 2377 prape
1140 2298 1547 2380 Hierosolyma
1579 2300 1610 2360 ?

544 2382 871 2445 “335.29.:
894 2384 1135 2447 Postero
1166 2386 1264 2449 die
1288 2388 1447 2451 videt
1473 2391 1738 2450 Joannes
1764 2388 1973 2450 Jesum
2008 2408 2107 2449 ve-

468 2472 727 2533 nientem
754 2473 825 2535 ad
855 2483 1013 2544 se,et
1040 2474 1303 2538 aitzEcce
1330 2495 1519 2557 agnus
1549 2477 1648 2539 ille
1682 2476 1920 2558 Dei,qui
1958 2478 2110 2540 tollit

468 2569 771 2640 peccatum
803 2562 1032 2626 mundi.
1070 2584 1094 2617 υ
1128 2564 1296 2646 Saepe
1332 2564 1623 2629 Dominus
1656 2566 1814 2627 venit
1838 2565 1913 2627 ad
1949 2569 2107 2628 Prae-

463 2651 1012 2733 cursorem,quare?
1035 2653 1143 2718 Vel
1175 2654 1420 2716 omnino
1450 2654 1931 2736 quandoquidem
1956 2655 2113 2718 sicut

463 2757 618 2800 unus
647 2758 716 2801 ex
752 2740 951 2803 multis
981 2750 1037 2804 et
1071 2742 1201 2821 ipse
1230 2762 1265 2805 a
1293 2746 1521 2805 Joanne
1552 2743 1889 2824 baptizatus
1922 2753 2104 2817 esset,

467 2846 540 2889 ne
573 2837 778 2908 putent
806 2829 1046 2911 quidam
1079 2832 1234 2913 quod
1267 2833 1439 2914 quasi
1475 2834 1732 2913 peccatis
1791 2833 2104 2909 obnoxius,

463 2916 768 2997 aequaliter
794 2937 926 2980 cum
950 2918 1082 2981 aliis
1114 2920 1445 3002 baptizatus
1475 2921 1573 2987 sit.
1611 2921 1837 2983 ldcirco
1896 2922 2110 2985 iterum

463 3008 641 3082 venit,
673 3009 820 3071 dans
870 3011 1084 3072 Joanni
1133 3013 1512 3075 occasionem
1562 3014 1901 3091 corrigendi
1962 3016 2111 3077 hanc

2193 2028 2343 2103 μέσῳ
2398 2026 2633 2098 πλήθους
2692 2036 2860 2086 ταῦτα
2902 2030 3024 2107 περὶ
3077 2037 3305 2099 Χριστοῦ
3352 2027 3699 2106 ἂνεκήρυττε.
3752 2024 3855 2103 Χρὴ

2192 2115 2246 2173 δὲ
2303 2118 2583 2196 γινώσκειν
2639 2116 2720 2175 ὅτι
2777 2120 2843 2176 τὰ
2886 2116 3079 2198 ἀκριϐῆ
3135 2124 3242 2174 τῶν
3298 2114 3661 2195 ἀντιγράφων,
3726 2138 3754 2168 ι
3812 2113 3857 2168 ἓν

2194 2206 2499 2287 Βηθαϐαρᾷ,
2534 2227 2564 2267 )
2622 2206 2740 2289 ἔχει
2772 2228 2783 2240 ·
2837 2210 2871 2276 ἡ
2918 2206 3017 2287 γλρ
3080 2206 3308 2289 Βηθανία
3366 2206 3488 2285 οῦχὶ
3548 2204 3722 2283 πέραν
3777 2214 3857 2260 τοὺ

2196 2294 2477 2377 Ἰορδάνου,
2509 2295 2629 2354 ἀλλ’
2665 2288 2821 2376 ἐγγὺς
2854 2320 2955 2354 που
2990 2299 3095 2353 τῶν
3128 2288 3507 2375 Ἰεροσολύμων
3536 2293 3713 2354 ἐστίν.

2279 2408 2307 2441 α
2341 2392 2419 2462 Τῇ
2464 2386 2712 2466 ἐπαύριον
2768 2385 2957 2463 βλέπει
3003 2385 3095 2464 (τι)
3152 2386 3243 2442 τὸν
3300 2384 3506 2451 Ἰησοῦν
3560 2383 3856 2462 ἐρχόμενον

2192 2476 2320 2550 πρὸς
2364 2474 2544 2554 αὐτὸν,
2593 2477 2680 2532 καὶ
2738 2474 2883 2555 λέγει
2921 2494 2934 2508 ⁸
2970 2473 3088 2533 ’Ἰδε
3118 2478 3146 2531 6
3179 2474 3344 2538 ἀμνὸς
3376 2473 3469 2530 τοῦ
3499 2480 3657 2552 Θεοῦ,
3706 2474 3736 2528 6
3767 2470 3853 2525 αἴ-

2192 2585 2296 2642 ρων
2350 2565 2447 2632 τὴν
2499 2565 2761 2644 ἁμαρτίαν
2820 2573 2913 2623 τοῦ
2963 2566 3165 2640 κόσμου
3225 2581 3255 2621 ι
3305 2564 3614 2649 Συνεχῶςὶὁ
3665 2563 3846 2638 Κύριος

2191 2651 2406 2732 ἔρχεται
2461 2655 2594 2731 πρὸς
2618 2642 2713 2710 τὸν
2748 2653 3071 2734 Πρόδρομον·
3106 2652 3246 2716 τίνος
3272 2652 3445 2708 ἕνεκεν
3480 2670 3497 2723 ;
3531 2642 3616 2707 ’.Η
3633 2651 3847 2712 πάντως

2192 2740 2377 2810 ἐπειδὴ
2432 2744 2503 2808 ὡς
2583 2744 2667 2809 εἷς
2709 2747 2816 2800 τῶν
2872 2742 3087 2800 πολλῶν
3118 2740 3407 2807 ἐϐαπτίσθη
3441 2741 3529 2796 καὶ
3558 2741 3723 2802 αῦτὸς
3754 2741 3848 2795 ὑπὸ

2195 2829 2466 2912 Ἰωάννου,
2525 2832 2619 2888 ’ἕνα
2672 2836 2749 2908 μὴ
2810 2833 3063 2907 νομίσωσί
3120 2853 3288 2903 τινος,
3323 2830 3402 2887 ὄτι
3450 2831 3523 2894 ὡς
3568 2829 3849 2906 ἁμαρτίαις

2194 2919 2386 3000 ἔνοχος
2413 2920 2484 2978 ὢν
2518 2921 2706 2989 ἐπίσης
2737 2920 2890 3002 (14),
2913 2934 3031 2984 τοῖς
3064 2919 3245 2984 ἄλλοις
3277 2917 3618 2988 ἐϐαπτίσατο,
3652 2918 3850 2983 ταύτην

2194 3011 2289 3078 τὴν
2335 3010 2583 3067 ῦπόνοιαν
2622 3008 2998 3089 διορθώσασθαι
3065 3007 3385 3086 βουλόμενος
3443 3010 3471 3063 6
3521 3007 3845 3083 βαπτιστὴς,

464 3098 835 3178 opinionem.
863 3098 1003 3161 Ideo
1043 3108 1105 3162 et
1133 3101 1396 3181 Baptista
1428 3101 1596 3183 dicit,
1637 3128 1662 3159 α
1721 3105 1872 3165 Ecce
1927 3123 2105 3182 agnus

2200 3099 2353 3179 φησίν
2385 3114 2399 3130 ⁸
2454 3122 2481 3153 α
2530 3097 2654 3156 ’Ἴδε
2684 3101 2711 3155 6
2740 3099 2906 3175 ἀμνὸς
2943 3102 3035 3156 τοῦ
3076 3106 3227 3179 Θεοῦ,
3275 3100 3302 3154 6
3328 3096 3496 3177 α’ἶρων
3526 3103 3618 3152 τοῦ
3646 3096 3853 3171 κόσμου

463 3185 699 3267 Dei,qui
730 3187 883 3248 tollit
914 3196 1154 3268 peccata
1176 3180 1445 3254 mundi.»
1475 3180 1622 3255 Nam
1650 3192 1751 3272 qui
1783 3201 1897 3254 tam
1931 3180 2105 3275 purus

2200 3189 2296 3256 τὴν
2347 3188 2627 3266 ἁμαρτίαν,
2667 3211 2690 3247 ιι
2759 3180 2815 3247 Ὀ
2864 3190 2964 3268 γὰρ
3007 3188 3145 3245 οῦτω
3203 3189 3455 3267 καθαρὸς,
3485 3186 3625 3243 ὥστε
3658 3188 3750 3241 καὶ
3790 3188 3853 3240 τὰ

470 3282 581 3351 est,
611 3282 675 3336 ut
695 3275 952 3338 aliorum
1008 3290 1251 3358 peccata
1283 3280 1489 3342 tollere
1523 3290 1581 3343 et
1629 3282 1874 3344 abolere
1905 3284 2105 3357 valeat1

2200 3280 2299 3335 τῶν
2350 3277 2526 3335 ἄλλων
2575 3280 2934 3359 ἁμαρτήματα
2993 3277 3163 3359 αἴρειν
3212 3279 3299 3334 καὶ
3356 3278 3649 3356 ἀφανίζειν,
3715 3276 3848 3355 πρό·

464 3364 838 3426 manifestum
863 3365 1021 3447 quod
1042 3385 1159 3428 non
1179 3370 1479 3450 acceperit
1497 3371 1806 3452 aequaliter
1829 3391 1960 3432 cum
1980 3372 2105 3435 aliis

2200 3365 2381 3448 δηλον,
2427 3367 2506 3425 ὀίτι
2550 3370 2644 3425 οῦκ
2709 3367 2771 3425 ἂν
2814 3371 2876 3427 τὸ
2932 3374 3031 3436 τῆς
3082 3366 3515 3445 ἓξεμολογήσεως
3572 3367 3849 3442 βαπτισμα

462 3453 849 3515 confessionis
884 3454 1198 3536 baptisma.
1262 3458 1516 3540 Exquire
1547 3468 1742 3522 autem
1795 3460 2105 3540 diligenter

2200 3457 2381 3525 ἐπίσης
2411 3474 2528 3522 τοῖς
2566 3457 2748 3522 ἄλλοις
2797 3456 3029 3524 ἐδέξατο,
3059 3456 3343 3523 Ἐξέτασον
3375 3455 3430 3511 δέ
3487 3478 3576 3529 μοι
3638 3457 3733 3511 καὶ
3790 3456 3845 3510 τὸ

462 3543 576 3605 hoc
607 3541 1065 3618 dictum,aEcce
1086 3564 1274 3623 agnus
1303 3547 1404 3609 ille
1438 3549 1566 3612 Dei:
1586 3574 1603 3603 ι
1633 3550 1771 3630 quia
1802 3568 1997 3612 sermo
2023 3562 2105 3614 est

2200 3547 2353 3622 ῥητόν
2386 3562 2399 3577 °
2443 3570 2470 3601 α
2508 3546 2630 3605 ’Ἴδε
2656 3550 2683 3604 6
2712 3547 2877 3624 ἀμνὸς
2907 3550 2999 3630 τοῦ
3024 3556 3175 3619 Θεοῦ,
3214 3570 3240 3601 ι
3278 3548 3350 3609 ὡς
3382 3546 3511 3624 πρὸς
3538 3544 3849 3619 ἐπιθυμοῦν

458 3630 533 3693 ad
565 3631 874 3723 cupientes
903 3642 962 3695 et
989 3645 1323 3716 quaerentes
1349 3636 1549 3700 videre
1574 3626 1739 3700 illum
1765 3659 1982 3720 agnum
2011 3643 2105 3723 qui

2200 3657 2286 3700 τας
2336 3633 2468 3692 ἰδεῖν
2523 3638 2613 3692 τὸν
2655 3637 2757 3693 ὑπὸ
2800 3638 2893 3693 τοῦ
2932 3626 3158 3692 Ἠσαίου
3212 3634 3608 3714 κηρυττόμενον
3655 3632 3850 3707 ἀμνὸν,

459 3720 535 3784 ab
564 3719 716 3784 Isaia
745 3723 1063 3802 praedictus
1086 3725 1603 3808 est.Ecce,inquit,
1636 3746 1825 3807 agnus
1880 3731 1977 3792 ille
2009 3719 2105 3811 qui

2200 3726 2219 3781 ὃ
2271 3724 2430 3804 λόγος
2489 3725 2651 3788 ἐστίν,
2713 3725 2829 3783 ’Ἴδε
2880 3729 2908 3783 6
2965 3727 3157 3801 ἀμνὸς,
3191 3727 3379 3806 φησὶν,
3438 3727 3465 3780 6
3494 3724 3846 3798 ζητούμενος,

458 3811 911 3892 qumritur,ecce
940 3812 1130 3876 adest.
1158 3813 1475 3878 Probabile
1508 3816 1669 3877 enim
1707 3818 1923 3879 multos
1963 3839 2100 3897 pro-

2200 3813 2397 3878 ἐκεῖνος
2456 3817 2482 3871 6
2543 3816 2708 3892 ἑιμνὸς
2762 3814 2870 3873 ἰδοὺ
2919 3817 3194 3894 πάρεστιν,
3229 3816 3383 3876 Εἰκὸς
3434 3814 3557 3891 γὰρ,
3622 3811 3850 3875 πολλοὺς

460 3900 693 3989 phetico
727 3900 877 3963 libro
906 3900 1071 3965 Isaiae
1144 3904 1401 3967 edoctus
1431 3907 1772 3988 quaesivisse
1828 3909 2102 3989 quisnam

2200 3907 2253 3974 εῆ
2310 3914 2616 3987 προφητικῇ
2673 3916 2764 3965 τοῦ
2821 3904 3048 3965 Ἠσαίου
3120 3905 3286 3989 βίϐλῳ
3342 3904 3843 3981 ὶμμελετιξσαντας,

456 3988 558 4051 ille
578 4007 766 4068 agnus
778 3989 1784 4070 esset.IgiturJoannesdemonstrat
1802 3988 2102 4062 eum.Non

2200 4003 2370 4065 ζητεῖν
2424 3997 2501 4060 τίς
2560 3996 2621 4052 ἂν
2666 3997 2758 4064 εἴη
2816 3999 2843 4053 6
2895 3996 3086 4072 ἆμνός.
3122 3988 3180 4055 Ὀ
3224 3997 3391 4053 τοίνυν
3422 3994 3679 4061 Ἰωάννης
3707 3996 3836 4051 ῦποο

456 4078 598 4141 dixit
630 4087 853 4152 autem,
887 4097 1097 4159 agnus,
1127 4086 1230 4144 sed
1264 4083 1432 4164 dixit,
1467 4108 1488 4141 ιι
1525 4085 1626 4147 ille
1644 4103 1850 4163 agnus.
1888 4110 1915 4145 ι
1953 4089 2100 4150 Nam

2200 4084 2323 4142 Ξείκν
2357 4107 2439 4141 σιν
2510 4088 2663 4143 αὐτὸν
2706 4105 2721 4120 ·
2779 4091 2873 4145 οὒκ
2929 4091 3050 4143 εἷπε
3120 4085 3198 4161 δὲ,
3256 4084 3441 4160 ἆμνὸς,
3504 4081 3651 4156 ἀλλ’,
3722 4109 3747 4138 ι
3814 4087 3838 4140 6

457 4167 622 4229 multi
650 4168 891 4249 quidem
914 4171 1234 4247 agni,sicut
1255 4180 1313 4234 et
1336 4173 1503 4237 multi
1524 4174 1878 4249 Christi;sed
1896 4176 1994 4237 ille
2020 4180 2105 4238 est

2200 4175 2378 4250 ὶμνός.
2435 4198 2462 4231 ν
2515 4174 2707 4232 Πολλοὶ
2752 4176 2848 4251 μὲν
2906 4176 3005 4256 γὰρ
3058 4176 3239 4255 ἀμνοὶ,
3300 4172 3477 4252 ὥσπερ
3533 4174 3624 4228 καὶ
3668 4173 3850 4230 πολλο-

456 4274 629 4347 verus
656 4274 845 4347 agnus
877 4259 976 4339 qui
1005 4278 1041 4322 ι
1064 4262 1230 4324 Mose
1264 4262 1573 4340 figuratur,
1609 4273 1665 4325 et
1694 4263 1767 4326 ab
1790 4264 1943 4326 Isaia
1966 4287 2105 4347 prae-

2200 4266 2406 4342 Χριστοί
2436 4283 2453 4300 ο
2506 4261 2626 4321 ἀλλ’
2671 4268 2698 4322 6
2741 4264 2987 4347 ἀληθινὸς
3030 4266 3193 4340 ὰμνὸς
3257 4266 3285 4320 6
3339 4263 3479 4341 παρὰ
3537 4262 3717 4331 Μωσῆ
3762 4286 3858 4319 τ)-

454 4344 692 4446 dicitur.
730 4345 907 4409 Porro
967 4368 1155 4446 agnus
1212 4350 1316 4412 Dei
1380 4350 1612 4446 dicitur
1642 4353 1935 4446 Christus,
1966 4342 2105 4420 Isive

2200 4354 2485 4429 πούμενος,
2555 4354 2639 4409 καὶ
2697 4353 2840 4432 παρὰ
2900 4342 3126 4421 Ἠσαῖου
3202 4352 3619 4431 κηρυττόμενος,
3706 4353 3858 4416 οὗτός

455 4432 610 4516 quod
644 4436 803 4499 Deus
822 4438 1124 4519 acceperit
1178 4449 1430 4503 mortem
1481 4440 1695 4504 Christi
1747 4463 1854 4524 pro
1907 4455 2105 4508 nostia

2200 4445 2331 4506 εστι,
2381 4442 2483 4500 Τοῦ
2527 4441 2656 4499 Θεοῦ
2709 4440 2763 4498 δὲ
2810 4441 3023 4521 λέγεται
3054 4443 3221 4519 ἀμνὸς
3267 4445 3295 4498 6
3336 4442 3582 4521 Χριστὸς,
3621 4441 3742 4498 εἴτε
3776 4450 3865 4499 τοῦ

453 4525 663 4613 salute,
696 4523 819 4586 sive
846 4526 1002 4608 quod
1032 4530 1194 4591 Deus
1225 4529 1539 4593 tradiderit
1574 4523 1757 4593 illum,
1790 4552 1897 4613 pro
1932 4534 2105 4598 nobis

2200 4540 2326 4590 Θεοῦ
2380 4534 2453 4595 ὡς
2513 4529 2937 4611 προσδεξαμένου
2996 4532 3087 4588 τὸν
3147 4531 3232 4588 ἐπὶ
3286 4531 3517 4608 σωτηρίᾳ
3570 4530 3739 4604 ἡμῶν
3781 4532 3869 4587 θα-

452 4612 526 4675 ad
552 4621 826 4678 mortem:
861 4616 1363 4696 quemadmodum
1386 4619 1592 4682 dicere
1618 4612 2105 4687 solemus:Sacri-

2200 4635 2350 4680 νατον
2415 4628 2508 4678 τοῦ
2564 4628 2812 4699 Χριστοῦ,
2876 4619 2988 4677 εἴτε
3044 4623 3118 4684 ὡς
3178 4628 3269 4677 τοῦ
3306 4627 3435 4677 Θεοῦ
3475 4616 3660 4685 δόντος
3709 4624 3872 4678 αὺτὸν

453 4701 652 4765 ﬁcium
688 4703 803 4765 hoc
834 4704 995 4767 illius
1036 4714 1147 4782 est,
1181 4708 1295 4770 hoc
1326 4715 1439 4791 est,
1473 4710 1573 4772 ille
1604 4710 1963 4774 sacrificium
1997 4714 2105 4777 hoc

2200 4712 2318 4790 ὅπερ
2370 4713 2525 4786 ἡμῶν
2594 4712 2666 4775 εἰς
2728 4711 2974 4771 θάιατον.
3035 4699 3253 4788 ’Ὥσπερ
3315 4708 3571 4783 εἰώθαμεν
3620 4708 3821 4791 λέγειν
3854 4732 3866 4746 ο

449 4791 688 4857 obtulit.
750 4791 849 4856 Sic
916 4794 1091 4875 igitur
1165 4806 1222 4859 et
1280 4784 1573 4863 Dominus
1649 4800 1872 4864 dicitur
1929 4815 2105 4879 agnuﬁ

2201 4784 2327 4859 Τόδε
2385 4784 2446 4855 τὸ
2487 4802 2625 4874 θῦμα
2669 4808 2759 4858 τοῦ
2815 4795 2989 4864 δεῖνος
3051 4798 3214 4878 ἐστιν,
3271 4796 3383 4852 ἀντὶ
3442 4802 3530 4852 τοῦ
3562 4811 3576 4826 ⁶
3620 4784 3683 4853 Ὀ
3718 4797 3870 4854 δεῖνα

452 4882 584 4959 Dei,
617 4898 688 4947 eo
719 4883 1041 4965 quodDeus
1074 4888 1271 4967 Pater,
1294 4897 1539 4970 prapter
1560 4890 1908 4952 charitatem
1942 4911 2105 4955 suam

2200 4896 2349 4947 τοῦτο
2405 4888 2749 4968 προσήγαγεν
2785 4902 2799 4918 ·
2862 4887 3028 4947 οὕτως
3060 4887 3147 4943 οῦν
3178 4888 3266 4942 καὶ
3324 4888 3351 4941 6
3406 4885 3590 4947 Κύριος
3640 4884 3869 4965 λέγεται

450 4989 589 5060 erga
605 4972 911 5060 nos,illum
937 4974 1257 5038 dederitad
1273 4978 1687 5042 mortem.Non
1709 4980 1858 5043 dixit
1880 4990 2100 5060 autem,

2200 4980 2353 5055 ὶμνὸς
2399 4985 2491 5036 τοῦ
2548 4979 2702 5053 Θεοῦ,
2775 4978 2848 5041 ὼς
2905 4982 2996 5034 τοῦ
3046 4976 3176 5033 Θεοῦ
3218 4977 3304 5032 καὶ
3363 4975 3566 5052 Πατρὸς
3623 4973 3717 5031 διὰ
3770 4979 3870 5044 τὴν

449 5056 559 5130 Qui
618 5057 857 5123 abstulit
914 5068 1246 5144 peccatum,
1302 5066 1437 5148 sed,
1521 5094 1545 5123 ι(
1634 5070 1739 5143 Qui
1832 5070 1981 5133 tollit
2069 5056 2093 5132 ιλ

2200 5071 2314 5150 τρὸς
2372 5072 2515 5143 ἡμᾶς
2588 5062 2803 5144 ἀγάπην
2865 5063 3044 5128 δόντος
3103 5066 3257 5122 αὐτὸν
3323 5066 3396 5128 εἷς
3449 5063 3665 5141 σφαγὴν

535 5223 598 5273 55
629 5221 740 5285 Isa.
779 5239 899 5305 Lm,
929 5223 967 5287 9
999 5232 1058 5287 et
1091 5226 1110 5288 l
1142 5224 1297 5289 Petr.
1335 5226 1532 5303 11,22.

1538 5377 1619 5440 Ex
1650 5379 1977 5444 collatione
2002 5379 2179 5449 codd.
2215 5379 2431 5445 Venet.
2463 5382 2523 5442 S.
2560 5378 2772 5444 Marci.

527 5501 652 5588 (14)
687 5502 836 5588 Cod.
870 5504 1029 5568 εδει
1067 5507 1148 5571 30
1176 5508 1302 5571 sic:
1341 5509 1565 5579 Ἐπίσης
1594 5527 1714 5579 τοῖς
1746 5513 1927 5581 ἄλλοις
1973 5515 2103 5573 ἔϐα·
2184 5517 2382 5584 ταύτην
2423 5517 2524 5581 την
2569 5511 2827 5570 ὑπόνοιαν
2875 5507 3275 5588 διορθώσασθαι.
3337 5508 3428 5564 Διὸ
3483 5509 3572 5565 καί
3598 5532 3786 5587 φησιν
3852 5518 3881 5571 o'

443 5583 687 5646 πτίσατο,
737 5586 835 5642 Διὰ
876 5590 1033 5645 τοῦτο
1061 5589 1223 5646 πάλιν
1270 5590 1487 5672 ἔρχεται
1525 5591 1693 5659 διδοὺς
1746 5599 1821 5671 τῷ
1880 5596 2101 5674 Ἰωάννη
2187 5583 2510 5670 Βαπτιστὴς,
2544 5617 2600 5655 κ.
2634 5612 2688 5656 τ.
2722 5590 2776 5654 λ.

519 5718 612 5796 (α)
640 5715 705 5781 In
740 5725 901 5783 ίθῖίιι
932 5719 1103 5782 ἀθθδῑ
1138 5724 1165 5778 ὅ
1197 5722 1472 5800 Ἰωάννης,
1509 5729 1590 5790 uti
1624 5729 1682 5790 in
1705 5730 1839 5794 aliis
1872 5730 2105 5797 codicib

2200 5729 2358 5815 apud
2388 5726 2562 5793 Joan.
2594 5723 2848 5791 lillium
2871 5725 2943 5788 ad
2967 5722 3129 5788 hunc
3159 5723 3385 5788 locum.
