4070 6224
470 291 616 361 H87

468 432 747 492 Dominus
800 430 1034 505 viderit,
1059 430 1119 492 id
1173 438 1287 507 est,
1340 429 1566 511 placide
1611 428 1864 491 intuitus
1903 428 1999 503 sit,
2035 435 2154 491 etA

466 521 824 584 intellectum
851 521 979 600 ejus
1002 521 1604 601 illustrarit,quamvis
1625 521 1818 581 adhuc
1838 521 1949 580 sub
1970 520 2105 601 lege

467 608 733 670 esset.Tu
765 610 954 670 ethoc
978 609 1210 681 scias,si
1242 610 1380 690 quid
1415 618 1472 669 et
1507 608 1630 669 haec
1652 607 2104 689 arrident,quod

463 698 882 760 Nathanaelem
914 697 1200 758 Dominus
1230 697 1374 757 vidit
1421 698 1530 758 sub
1563 697 1702 771 ﬁcu,
1736 697 1964 758 scilicet
1990 696 2099 757 sub

464 787 1219 865 legeexsistentem(a),hoc
1242 786 2102 866 est.intralegem,etprot‘unda

463 876 603 954 legis
632 884 1013 938 scrutantem.
1043 875 1186 936 Nam
1209 877 1254 936 si
1289 894 1405 937 non
1434 886 1591 937 esset
1622 884 1920 936 scrutatus
1955 894 2097 955 pro-

461 966 639 1026 funda
692 965 839 1043 legis
896 964 1235 1045 neutiquam
1308 964 1547 1025 vidisset
1598 982 1733 1024 eum
1790 962 2096 1028 Dominus.

461 1051 624 1115 Scias
671 1062 863 1117 autem
896 1062 955 1115 et
994 1053 1130 1133 hoc,
1179 1052 1337 1133 quod
1389 1052 1629 1115 Galilaaa
1683 1054 2102 1131 interpretatur

468 1140 1109 1204 «devolubilis.»Exivit
1132 1140 1308 1219 igitur
1322 1140 1604 1213 Dominus
1628 1141 1686 1202 in
1700 1139 2097 1202 devolubilem

462 1230 594 1309 hjus
619 1230 824 1292 mundi
877 1229 1203 1307 regionem,
1246 1230 1329 1290 vel
1360 1229 1536 1290 etiam
1570 1230 1888 1291 humanam
1924 1236 2096 1291 natu-

461 1336 619 1378 ram:
647 1328 704 1380 et
732 1336 838 1379 nos
859 1318 967 1378 sub
1002 1319 1115 1378 ﬁcu
1147 1318 1497 1392 sumus,lioc
1528 1327 1617 1380 est
1650 1324 1891 1398 peccato
1915 1316 2096 1393 dulci,

457 1408 551 1466 cui
581 1409 754 1469 etiam
786 1425 902 1467 non
927 1424 1128 1487 parum
1180 1406 1593 1467 amaritudinis
1636 1407 1807 1468 adest
1858 1414 2099 1486 propter

460 1495 883 1573 paenitudinem
917 1502 978 1555 et
1000 1493 1227 1573 judicia
1247 1503 1524 1555 secutura
1555 1492 1719 1556 Sicut
1753 1494 2096 1556 misericors

456 1583 611 1643 videt
640 1601 707 1647 ac
729 1584 888 1659 eligit
918 1601 1021 1643 eos
1047 1586 1146 1662 qui
1200 1583 1458 1643 fatentur
1488 1584 1680 1661 ipsum
1716 1582 1930 1644 Filium
1962 1583 2093 1663 Dei,

455 1678 510 1729 et
538 1692 737 1770 regem
768 1673 895 1770 ejus
927 1672 1104 1770 Israel
1141 1670 1241 1751 qui
1262 1671 1655 1770 videtlleunt.
1684 1672 1753 1732 Et
1780 1670 2094 1770 siquidem
2121 1722 2158 1770 Β

454 1762 713 1822 studium
737 1759 1206 1835 adhibuerimus,
1242 1767 1299 1820 et
1332 1758 1653 1839 majoribus
1689 1778 1797 1821 nos
1820 1759 2094 1838 dignabi-

454 1858 546 1906 tur
567 1848 940 1927 spectaculis,
972 1856 1030 1909 et
1060 1847 1391 1908 videbimus
1421 1848 1665 1926 angelos
1694 1849 2095 1910 ascendentes

453 1936 692 2012 quidem
722 1938 793 1999 ad
824 1938 1220 1998 summitatem
1252 1937 1605 2013 cognitionis
1656 1936 1761 1997 Dei
1799 1956 1812 1999 :
1843 1939 2094 2001 descen-

455 2024 663 2085 dentes
698 2044 833 2086 vero
858 2026 1095 2104 iterum,
1122 2024 1652 2103 incognoscibilem
1674 2026 1807 2105 ejus
1830 2025 2098 2087 substan-

454 2112 590 2169 tiam
627 2112 1075 2193 deprehendere
1099 2131 1217 2174 nou
1238 2114 1637 2176 valentes.Vel
1670 2115 2095 2188 aliter,Ascen-

452 2196 538 2257 dit
559 2200 954 2279 quis,qunndo
984 2210 1250 2261 versatur
1282 2202 1340 2261 in
1372 2202 1753 2263 sermonibus
1774 2203 1848 2263 de
1879 2203 2096 2266 deitate

456 2281 1091 2362 Unigenitizdescendit
1116 2291 1578 2369 autem,quando
1607 2299 1860 2352 traclare
1884 2295 2097 2371 gaudet

457 2390 762 2436 sermones
785 2376 857 2437 de
882 2376 1288 2457 incarnatione
1304 2386 1360 2437 et
1376 2378 1668 2439 descensu
1691 2379 1749 2440 in
1771 2381 2092 2447 infernum.

1424 286 2013 363 THEOPHYLACTI
2061 287 2467 359 summa:
2509 282 2869 359 ARCHIEP.

3728 284 3902 360 1488

2177 430 2471 509 τραχύτητι
2542 426 2597 484 δὲ
2652 434 2759 485 τῶν
2819 436 3054 504 νομικῶν
3112 431 3621 509 παρατηρημάτων,
3664 430 3771 485 καὶ
3809 436 3894 502 τῷ

2188 517 2629 595 δυσκατεργάστῳ
2682 524 2790 573 τῶν
2844 516 3098 597 ἐντολῶν,
3170 520 3349 597 ὥσπερ
3382 517 3611 599 φύλλοις
3659 518 3894 573 σκεπό-

2188 628 2369 681 μενον,
2429 608 2596 663 Φασὶν
2656 608 2769 686 οὖν,
2816 605 2899 663 ὅτι
2933 608 3024 663 τὸν
3070 607 3356 675 Ναθαναὴλ
3386 606 3526 664 εἶδεν
3579 609 3609 663 6
3639 604 3892 685 Κύριος,

2188 696 2301 752 ἀντὶ
2355 702 2450 752 τοῦ
2520 694 2715 773 ἱλαρῶς
2788 692 3078 771 ὲπέϐλεψε,
3154 698 3241 752 καὶ
3297 697 3396 763 τὴν
3442 699 3654 753 σύνεσιν
3714 698 3896 751 αὑτοῦ

2186 784 2533 860 κατενόησεν,
2594 788 2685 841 καὶ
2734 785 2811 841 ἔτι
2884 788 2987 843 ὑπὸ
3034 789 3124 842 τὸν
3154 785 3319 861 νόμον
3350 788 3524 852 ὄντος,
3557 789 3635 842 Σὺ
3666 785 3736 842 δέ
3790 806 3890 860 μοι

2184 878 2269 930 κε)
2322 876 2494 947 τούτῳ
2536 877 2629 931 τὸν
2671 882 2791 932 νοῦν
2820 874 3134 950 ἐπίστησον,
3167 876 3285 953 εἴγε
3327 875 3494 955 θέλγη
3526 891 3651 940 τοῖς
3679 878 3875 933 τοιού-

2182 985 2316 1035 τοις,
2374 965 2454 1019 ὃτι
2526 965 2621 1020 τὸν
2679 963 2965 1031 Ναθαναὴλ
3022 968 3050 1020 6
3114 966 3300 1041 Κύριος
3393 964 3535 1022 εἶδεν
3597 968 3712 1022 ὑπὸ
3783 970 3891 1033 τὴν

2184 1058 2373 1127 συκῆν,
2434 1052 2551 1120 ἤτοι
2607 1054 2711 1109 ὑπὸ
2767 1055 2861 1110 τὸν
2918 1060 3108 1131 νόμον,
3186 1055 3455 1111 τουτέστιν
3526 1055 3681 1117 ἐντὸς
3787 1062 3890 1110 τοι.)

2184 1144 2369 1221 νόμου,
2418 1143 2506 1198 καὶ
2560 1143 2625 1198 τά
2882 1144 3042 1201 αὑτοῦ
3098 1143 3411 1222 ἐρευνῶντα.
3477 1144 3534 1202 Εἰ
3596 1144 3704 1221 γὰρ
3802 1145 3889 1217 μὴ

2182 1231 2249 1287 τά
2304 1231 2441 1307 βάθη
2500 1238 2609 1322 γτοῦ
2681 1234 2847 1306 νόμου
2903 1232 3125 1313 ἡρεύνα,
3181 1235 3274 1301 οὐκ
3331 1232 3393 1288 ἂν
3425 1234 3585 1289 αὐτὸν
3646 1231 3822 1289 εἶδεν
3858 1236 3887 1288 ὁ

2188 1320 2395 1398 Κύριος.
2472 1317 2619 1376 ’ἶσθι
2686 1317 2741 1374 δὲ
2794 1321 2882 1376 καὶ
2926 1328 3105 1392 τοῦτο,
3140 1320 3221 1379 ὅτι
3266 1320 3520 1378 Γαλιλαία
3549 1324 3886 1401 ἑρμηνεύε-

2179 1428 2286 1481 ται,
2350 1406 2746 1478 κατακυλιστή.
2807 1407 3060 1477 Ἐξῆλθεν
3109 1410 3198 1466 οὖν
3256 1413 3286 1469 ὃ
3346 1412 3532 1490 Κύριος
3614 1414 3694 1475 εἰς
3772 1413 3885 1479 τὴν

2178 1495 2573 1564 καταιυλιστην
2624 1498 2817 1555 τούτοο
2871 1506 2964 1555 τοῦ
3029 1499 3233 1574 κόσμου
3301 1500 3336 1568 ἢ
3382 1502 3593 1581 χώραν,
3631 1504 3731 1556 γαὶ
3773 1504 3886 1569 τὴν

2179 1586 2331 1665 φύσιν
2388 1587 2487 1653 τὴν
2557 1588 2915 1667 ἀνθρωπίνην,
3008 1590 3097 1645 καὶ
3179 1588 3335 1652 ὄντας
3388 1582 3539 1665 ἡμᾶς
3588 1591 3700 1647 ὕπὸ
3772 1593 3887 1659 τὴν

2181 1679 2369 1750 συκῆν,
2430 1676 2671 1733 τουτέστι
2735 1680 2835 1743 τὴν
2888 1676 3137 1748 ἐνήδονον
3196 1679 3477 1758 ἁμαρτίαν,
3530 1681 3567 1754 ᾗ
3598 1682 3701 1739 καὶ
3731 1678 3876 1761 δριο

2182 1764 2352 1838 μύτης
2412 1766 2506 1821 οὑχ
2564 1764 2720 1842 ὀλίγη
2782 1766 2987 1822 σύνεστι
3032 1763 3117 1821 διὰ
3172 1769 3275 1833 τὴν
3333 1766 3729 1842 μεταμέλειαν,
3774 1775 3873 1829 καὶ

2179 1853 2243 1908 τά
2301 1852 2419 1909 ἐκεῖ
2488 1851 2859 1933 δικαιωτήρια,
2919 1856 2994 1915 ὡς
3092 1853 3459 1935 φιλάνθρωπος
3542 1855 3693 1937 εἶδε,
3781 1863 3881 1915 καὶ

2180 1939 2451 2006 ἐξελέξατο
2505 1941 2902 2020 ὁμολογοῦντας
2935 1945 3089 2000 αὑτὸν
3152 1946 3271 1999 Υἶὸν
3336 1952 3492 2017 Θεου,
3538 1946 3633 2001 καὶ
3691 1947 3873 2022 βασι-

2178 2028 2273 2085 λέα
2331 2036 2413 2086 τοῦ
2468 2029 2685 2109 Ἰσραὴλ
2742 2038 2834 2087 τοῦ
2890 2034 3120 2109 ὁρῶντος
3154 2034 3309 2107 Θεόν,
3356 2035 3413 2090 Εἰ
3458 2032 3511 2089 δέ
3544 2055 3608 2112 γε
3645 2034 3876 2092 ἐπιτεί-

2180 2139 2361 2193 νοιμεν
2414 2118 2510 2186 τὴν
2580 2118 2837 2191 σπουδὴν,
2911 2124 2999 2177 καὶ
3068 2124 3325 2197 μειζονων
3354 2121 3677 2188 καταξιώσει
3712 2128 3875 2201 ἡμᾶς

2179 2209 2480 2284 θεαμάτων,
2528 2211 2617 2265 καὶ
2666 2213 2907 2286 ὀψόμεθα
2963 2214 3084 2275 τοὺς
3147 2212 3406 2289 ἀγγέλους
3467 2212 3871 2278 ἀναϐαίνοντας

2183 2298 2280 2372 μὲν
2339 2302 2471 2378 πρὸς
2531 2301 2594 2355 τὸ
2648 2302 2782 2376 ’ὑψος
2849 2302 2946 2369 τῆς
3005 2303 3161 2359 αὒτου
3188 2304 3330 2366 θείας
3360 2304 3643 2380 γνώσεως,
3679 2328 3867 2364 κατα-

2180 2384 2452 2451 ϐαίνοντας
2508 2387 2563 2445 δὲ
2614 2389 2795 2460 παλιν,
2859 2388 2946 2447 διὰ
3007 2395 3101 2449 toi
3152 2394 3229 2467 μὴ
3314 2391 3526 2471 φθίνειν
3584 2403 3874 2466 κατανοῆ-

460 2485 545 2563 σαι
579 2464 677 2532 τὴν
709 2464 976 2544 ἄγνωστον
1010 2464 1207 2525 αὺσίαν.
1286 2468 1379 2523 Καὶ
1437 2466 1611 2532 ἄλλως
1670 2468 1746 2543 δὲ,
1808 2469 2073 2529 ἀναϐαίνει
2122 2497 2227 2555 τις,
2285 2474 2371 2533 ὅτε
2428 2478 2550 2542 τοῖς
2594 2481 2839 2555 περὶτῆς
2869 2481 3122 2545 θεότητος
3150 2492 3244 2541 τοῦ
3276 2488 3609 2559 Μορογενοῦς
3665 2483 3869 2563 λόγοις

457 2550 759 2633 ἐνδιατρίϐει
793 2572 806 2586 ⁸
841 2552 1139 2612 καταϐαίνει
1169 2553 1244 2628 δὲ,
1277 2557 1363 2611 ὅτε
1392 2571 1507 2619 τοῒς
1540 2560 1655 2633 περὶ
1684 2561 1874 2637 σαρκὸς
1907 2565 1991 2616 καὶ
2024 2569 2117 2630 τῆς
2148 2550 2310 2640 ἔν’τῷ
2340 2566 2437 2646 ᾅδῃ
2482 2550 2827 2633 καταὸἀσεως
2857 2568 3249 2650 ἐμφιλοχωρεῖ,

1102 2660 1340 2725 CAPUT
1373 2662 1444 2727 ll.

457 2758 540 2820 De
570 2760 801 2837 nuptiis
840 2762 901 2840 in
940 2756 1442 2840 Cana_G_alilwae.
1482 2759 1570 2821 De
1599 2761 1926 2840 expulsise
1957 2770 2098 2822 ti-m-

692 2841 818 2917 ple.
848 2839 928 2903 De
947 2839 1080 2913 hoc,
1113 2837 1333 2902 Solvite
1380 2837 1877 2920 temptantis-md.

2116 2919 2155 2968 (3

536 3025 718 3085 VEBS.
756 3026 1007 3088 l—lmEt
1045 3024 1142 3086 die
1183 3024 1356 3086 tertia
1401 3023 1568 3086 factae
1614 3034 1749 3086 sunt
1780 3025 2001 3105 nuptiae
2032 3025 2091 3086 in

447 3124 607 3184 Cana
631 3112 908 3190 Galilaeae,
944 3124 1002 3177 et
1023 3124 1147 3178 erat
1178 3123 1365 3175 mater
1392 3113 1535 3176 Jesu
1568 3114 1666 3176 ibi.
1703 3113 1958 3178 Vocatus
2007 3124 2096 3177 est

446 3216 645 3272 autem
668 3206 910 3266 etJesus
928 3222 999 3269 ac
1022 3204 1299 3284 discipuli
1322 3203 1453 3283 ejus
1482 3204 1555 3265 ad
1590 3207 1847 3285 nuptias.
1879 3207 2095 3266 Etcum

448 3295 771 3363 defecisset
791 3294 1169 3367 vinum,dicit
1194 3302 1379 3354 mater
1401 3293 1542 3357 Jesu
1572 3294 1645 3355 ad
1671 3314 1804 3356 eum
1833 3312 1846 3358 :
1881 3294 2097 3357 Vinum

448 3405 569 3452 non
604 3382 847 3447 habent.
882 3383 1032 3447 Dicit
1062 3384 1115 3445 ei
1151 3382 1343 3447 Jesus:
1370 3382 1520 3467 Quid
1557 3384 1699 3446 mihi
1751 3395 1807 3446 et
1851 3384 1956 3446 tibi
1986 3393 2098 3463 est,

451 3472 700 3541 mulier?
755 3470 1027 3536 Nondum
1080 3473 1241 3536 venit
1286 3474 1431 3536 hora
1487 3494 1642 3538 mea.
1680 3500 1705 3530 ι»
1743 3472 1970 3536 Vocant
2019 3475 2091 3536 ad

450 3565 689 3648 nuptias
724 3565 1186 3643 Dominum,non
1216 3564 1369 3646 quod
1403 3564 1660 3626 viderint
1681 3564 1981 3637 miracula,
2006 3555 2096 3625 vel

448 3655 610 3722 aliud
635 3655 915 3736 quiddam
952 3675 1224 3736 magnum
1254 3676 1266 3718 :
1302 3655 1405 3717 sed
1438 3655 1785 3736 simpliciter
1806 3661 2092 3716 vocantut

448 3754 680 3823 notum,
711 3745 868 3808 unde
919 3747 1031 3809 hoc
1077 3746 1419 3826 signiﬁcans
1475 3744 1863 3824 Evangelista,
1892 3743 2041 3806 dicit
2073 3765 2086 3806 :

454 3861 482 3901 ε
512 3840 651 3902 Erat
680 3845 875 3898 autem
910 3846 1099 3899 mater
1124 3836 1263 3899 Jesu
1295 3844 1350 3897 et
1390 3833 1602 3896 fratres
1633 3835 1765 3914 ejus
1791 3832 1932 3893 ibi.»
1970 3831 2092 3913 Igi-

448 3940 542 3992 tur
567 3929 717 3989 sicut
755 3927 916 3988 illam
951 3937 1006 3989 et
1037 3926 1270 4001 fratres,
1300 3926 1376 3986 ita
1397 3922 1679 3987 etJesum
1715 3932 2089 3985 vocaverunt.

452 4019 634 4084 Aﬁ‘uit
688 4026 887 4079 autem
950 4018 1100 4092 il-se,
1150 4024 1209 4078 et
1259 4015 1629 4076 vocationem
1684 4031 1801 4074 non
1851 4011 2090 4091 repulit,

446 4109 550 4191 qui
575 4126 690 4170 non
712 4108 971 4189 respexit
1000 4107 1071 4167 ad
1105 4124 1271 4167 suam
1305 4103 1675 4184 dignitatem,
1708 4101 1811 4164 sed
1834 4100 1907 4163 ad
1934 4100 2097 4163 utili-

449 4213 624 4266 tatem
661 4210 717 4263 et
748 4200 1037 4263 beneﬁcia
1069 4207 1292 4261 nostra.
1328 4199 1473 4260 Nam
1507 4195 1607 4277 qui
1648 4215 1761 4257 non
1798 4194 2095 4273 dedigna-

446 4302 541 4355 tus
561 4292 701 4352 532
732 4301 818 4353 est
849 4292 977 4352 ﬁeri
1025 4308 1261 4367 servus,
1296 4286 1478 4348 multo
1514 4286 1695 4364 magis
1754 4304 1872 4346 non
1916 4282 2088 4345 dedi»
2114 4287 2158 4337 ι)

445 4390 657 4462 gnatus
695 4390 785 4443 est
831 4380 1036 4442 venire
1065 4381 1135 4440 ad
1169 4378 1425 4458 nuptias.
1487 4374 1841 4438 Exhortatur
1892 4382 2088 4462 autem

445 4461 612 4534 illum
647 4482 838 4535 mater
857 4480 917 4532 ut
942 4470 1116 4532 faciat
1142 4466 1521 4539 miraculum,
1556 4484 1687 4547 quae
1716 4482 1984 4542 magnam
2017 4461 2093 4524 de

446 4561 633 4644 ipsius
689 4569 977 4643 potestate
1027 4564 1364 4639 sumpserat
1416 4554 1779 4644 opinionem,
1833 4560 1945 4644 tam
2021 4550 2095 4613 ob
2152 4631 2156 4635 ,

447 4641 1106 4733 conceptionem,quam
1136 4646 1210 4708 ob
1245 4642 1754 4733 partuermnia
1776 4641 1938 4733 enim
1957 4659 2097 4733 con-

448 4730 719 4803 servabat
748 4740 805 4800 in
836 4730 1013 4801 corde
1034 4756 1143 4799 suo
1163 4733 1239 4809 6‘,
1260 4744 1319 4796 et
1349 4752 1419 4797 ex
1442 4731 1566 4795 illis
1597 4730 1893 4810 cogitabat
1910 4731 2096 4793 ﬁlium

447 4831 666 4912 aliquid
692 4847 866 4911 posse
891 4845 1072 4910 supra
1102 4826 1433 4888 hominem.
1464 4824 1670 4903 Neque
1714 4823 1874 4912 enim
1897 4834 2100 4912 mater

445 4910 575 5000 ejus
597 4929 657 4982 ut
686 4910 884 4981 oraret
913 4935 1049 4981 eum
1081 4915 1153 4977 ad
1186 4912 1522 4976 faciendum
1557 4911 1798 4994 aliquod
1830 4910 2091 4974 miracu-

449 5009 596 5091 lum,
624 5029 692 5072 ex
725 5009 838 5071 alio
859 5006 1019 5089 quod
1047 5006 1212 5088 prius
1236 5004 1465 5067 viderat
1495 5001 1963 5091 facere,induct_a
1985 5008 2094 5063 est.

447 5089 593 5160 Nam
625 5118 760 5163 cum
794 5116 943 5179 puer
981 5102 1160 5170 esset,
1212 5093 1441 5155 nullum
1499 5092 1641 5155 fecit
1690 5089 2043 5152 miraculum
2081 5111 2095 5155 :

449 5188 586 5266 quia
614 5190 662 5250 si
696 5188 958 5268 fecisset,
992 5196 1164 5248 notus
1194 5182 1405 5245 fuisset
1444 5180 1745 5244 omnibus.
1780 5179 2097 5243 Audiverat

448 5275 587 5339 item
642 5286 829 5341 mater
876 5277 950 5340 de
989 5273 1351 5341 testimoniis
1389 5271 1655 5349 Joannis,
1707 5290 1837 5353 quat
1866 5271 1941 5332 de
1972 5270 2100 5352 ipso

453 5376 579 5427 erat
628 5375 900 5448 testatus,
940 5366 1295 5444 videbatque
1318 5365 1443 5444 jam
1470 5370 1526 5424 et
1549 5361 1876 5442 discipulos
1906 5360 2099 5441 ipsum

533 5526 595 5577 64
625 5528 769 5592 Luc.
808 5544 968 5605 xvut,
1004 5528 1103 5591 19.

2826 2683 3079 2738 ΚΕΦΛΛ.
3131 2660 3212 2739 θ’.

2182 2769 2307 2849 Περὶ
2356 2778 2449 2827 τοῦ
2506 2768 2558 2824 ὲν
2617 2775 2761 2840 Κανᾷ
2819 2769 3016 2847 γάμου.
3092 2772 3215 2849 Περὶ
3292 2778 3399 2827 τῶν
3477 2771 3864 2841 ὲκεληθέντων

2262 2847 2321 2904 ἐκ
2418 2856 2509 2905 τοῦ
2592 2850 2758 2928 ἱεροῦ.
2872 2850 2991 2929 Περὶ
3075 2847 3192 2927 ’τοῦ⁷
3260 2853 3463 2909 Λύσατε
3571 2857 3661 2909 τὸν
3722 2859 3864 2912 ναὸν

2264 2937 2469 2991 τοῦτον,

2262 3052 2290 3084 α
2354 3032 2450 3087 Καὶ
2518 3036 2588 3107 τῇ
2659 3031 2830 3110 ἡμέρᾳ
2861 3030 2929 3106 τῇ
2998 3032 3151 3111 τρίτη
3180 3034 3352 3113 γέμος
3385 3035 3596 3113 ἐγένετο
3626 3037 3683 3092 έν
3740 3047 3859 3095 Κα-

2178 3127 2241 3191 νᾷ
2298 3120 2394 3187 τῆς
2478 3118 2785 3187 Γαλιλαίας,
2832 3121 2920 3177 καὶ
2947 3121 3012 3188 ἦν
3042 3123 3077 3189 ἡ
3123 3116 3307 3203 μήτηρ
3348 3134 3443 3184 τοῦ
3475 3121 3654 3192 Ἰησοῦ
3702 3125 3852 3189 istst.

2180 3207 2420 3279 Ἐκλήθη
2478 3206 2529 3264 δὲ
2573 3210 2660 3266 καὶ
2718 3212 2746 3266 6
2818 3207 3048 3289 Ἰησοῦς,
3128 3214 3217 3269 καὶ
3274 3215 3319 3269 οἱ
3393 3216 3631 3288 μαθηταὶ
3688 3217 3858 3275 αὐτοῦ

2184 3300 2257 3361 εἰς
2327 3298 2417 3354 τὸν
2473 3298 2668 3377 γάμον.
2733 3300 2828 3357 Καὶ
2898 3299 3286 3379 ὑστερήσαντος
3357 3302 3531 3363 οἴνου.
3601 3302 3751 3383 λέγει
3816 3310 3853 3375 ἦ

2187 3388 2367 3465 μήτηρ
2436 3394 2528 3443 τοῦ
2586 3384 2760 3454 ἰησοῦ
2809 3388 2939 3467 πρὸς
3000 3388 3179 3444 αὐτὸν·
3243 3400 3405 3449 Οἶνον
3450 3396 3544 3451 οὐκ
3628 3392 3849 3471 ἔχουσι,

2179 3475 2333 3556 Λέγει
2406 3477 2539 3553 αὒτῇ
2622 3478 2650 3532 6
2708 3474 2937 3545 Ἰησοῦςο
3027 3479 3087 3535 Τί
3157 3479 3272 3555 ἐμοὶ
3342 3482 3430 3536 καὶ
3461 3482 3565 3560 σοὶ,
3630 3484 3847 3562 γύναις

2181 3567 2341 3625 Οὔπω
2394 3565 2514 3633 ἥκει
2565 3568 2600 3635 ἦ
2658 3566 2769 3646 ὥρα
2824 3590 2946 3642 μου.
3000 3591 3024 3622 ιο
3088 3568 3348 3626 Καλοῦσιν
3406 3571 3480 3634 εἷς
3531 3572 3625 3627 τὸν
3667 3573 3852 3649 γάμον

2173 3658 2263 3713 τὸν
2341 3657 2552 3735 Κύριον,
2628 3656 2732 3735 οὔχ
2776 3659 2849 3720 ὡς
2880 3658 3123 3731 θαύματα
3161 3656 3383 3733 ἰδόντες,
3445 3657 3555 3716 οὐδ’
3599 3663 3675 3725 ὡς
3738 3662 3846 3735 μέ-

2174 3768 2274 3824 γαν
2356 3746 2494 3819 τινὰ,
2568 3744 2687 3801 ἀλλ’
2747 3743 2929 3809 ἀπλως
2961 3748 3049 3802 καὶ
3078 3748 3153 3810 ὡς
3200 3748 3494 3827 γνώριμον,
3528 3748 3645 3806 ὅθεν
3685 3758 3848 3807 τοῦτο

2177 3836 2451 3911 σημαίνων
2510 3837 2537 3890 ὁ
2595 3832 3002 3914 εὖαγγελιστής,
3064 3837 3247 3914 φησίν⁹
3309 3826 3331 3890 ιι
3379 3826 3477 3895 Ἠν
3508 3836 3563 3919 δὲ
3594 3841 3627 3907 ἡ
3658 3842 3847 3919 μήτηρ

2174 3936 2270 3984 τοῦ
2323 3921 2504 3992 Ἰησου
2560 3924 2650 3980 καὶ
2723 3926 2770 3982 οἱ
2802 3922 3017 4004 ἀδελφοὶ
3045 3925 3208 3982 αὒτοῦ
3238 3926 3376 3989 ἐκεῖ.
3436 3950 3461 3985 ο
3503 3918 3726 4005 ιὨσπερ
3754 3918 3846 3985 οὖν

2180 4014 2384 4082 ἐκείνην
2446 4016 2533 4070 καὶ
2587 4015 2709 4091 τούς
2788 4012 3069 4095 ἀδελφούς,
3134 4015 3274 4073 οὕτω
3344 4019 3433 4073 καὶ
3502 4018 3595 4074 τὸν
3655 4018 3845 4097 Κύριον

2178 4102 2459 4162 ἒκάλεσαν.
2522 4094 2581 4161 Ὀ
2638 4101 2691 4160 δὲ
2753 4094 2940 4183 Κύριος
3006 4094 3377 4188 παραγίνεται,
3409 4111 3497 4164 καὶ
3528 4108 3624 4165 οὒκ
3696 4094 3848 4165 ἀπα-

2182 4194 2286 4260 ξιυϊ
2338 4195 2434 4262 τὴν
2492 4192 2707 4267 κλῆσιν,
2765 4194 2845 4251 ὃτι
2878 4196 2958 4271 μὴ
3003 4196 3075 4259 εἷς
3115 4196 3213 4263 τὴν
3260 4199 3456 4256 οἰκείαν
3487 4196 3634 4263 ἀξίαν
3660 4198 3836 4278 ὶώρα,

2175 4283 2311 4340 ἀλλά
2366 4285 2495 4360 προς
2565 4284 2665 4351 τὴν
2720 4282 2980 4363 ὠφέλειαν
3048 4287 3137 4341 καὶ
3186 4287 3486 4365 εὐεργεσίαν
3542 4289 3728 4362 ἡμῶν,
3783 4280 3840 4346 Ὀ

2174 4395 2274 4453 γαρ
2357 4375 2436 4449 μὴ
2495 4372 2798 4437 ἀπαξιώσας
2860 4373 3098 4452 γενέσθαι
3186 4374 3241 4431 ἐν
3322 4374 3553 4451 δούλοις,
3649 4375 3841 4451 πολλῷ

2175 4460 2378 4539 μᾶλλον
2437 4463 2532 4519 οὒκ
2604 4459 2664 4516 ἄν
2722 4462 3022 4529 ἀπηξίωσεν
3076 4464 3148 4526 εἷς
3206 4465 3382 4543 γάμον
3416 4463 3613 4527 ἐλθεῖν,
3650 4469 3840 4543 Παρα-

2178 4550 2335 4608 καλεϊ
2394 4549 2447 4607 δὲ
2518 4552 2671 4609 αὺτὸν
2742 4551 2776 4619 ἡ
2836 4552 3017 4631 μήτηρ
3073 4553 3146 4614 είς
3178 4554 3624 4632 θαυματουργὶαν,
3656 4556 3837 4633 μεγά-

2179 4640 2280 4709 λην
2338 4641 2456 4720 περὶ
2512 4640 2606 4708 τῆς
2675 4644 2838 4700 αὐτοῦ
2892 4637 3164 4717 δυνάμεως
3250 4640 3486 4699 λαϐοῦσα
3564 4642 3839 4719 ὑπόληψιν

2179 4730 2285 4789 ἀπό
2342 4751 2399 4786 τε
2458 4735 2554 4798 τῆς
2611 4728 2952 4806 συλλήψεως,
3011 4729 3116 4787 ἀπό
3170 4751 3229 4788 τε
3288 4739 3384 4789 τοῦ
3439 4732 3623 4792 τόκου.
3660 4733 3837 4790 Πάντα

2181 4822 2279 4900 γὰρ
2327 4821 2593 4899 συνετήρει
2656 4819 2710 4877 ὲν
2769 4826 2837 4896 τῇ
2887 4817 3071 4897 καρδίᾳ
3132 4822 3320 4894 αὐτῆς,
3383 4822 3469 4877 καὶ
3518 4822 3578 4879 ἐκ
3633 4824 3836 4880 τούτων

2183 4909 2448 4989 ἐλογίζετο
2520 4911 2610 4967 τὸν
2683 4911 2791 4966 υἱὸν
2824 4909 2949 4988 sua?
2982 4907 3253 4989 ἄνθρωπον
3284 4908 3550 4974 δύνασθαι,
3592 4913 3666 4969 Οὸ
3737 4915 3836 4991 γὰρ

2183 5000 2247 5070 δὴ
2298 5000 2403 5057 ἀπὸ
2470 5007 2562 5058 τοῦ
2632 5001 2721 5055 καὶ
2778 4995 2913 5054 ἄλλα
2939 4999 3181 5075 θαύματα
3213 5005 3436 5067 ποιῆσαι
3477 5003 3571 5057 τὸν
3598 5000 3831 5076 Ἰησοῦν,

2183 5087 2545 5168 παρακαλέσαι
2606 5086 2760 5144 αὑτὸν
2843 5089 3093 5169 προήχθη
3152 5089 3187 5156 ἡ
3276 5090 3458 5169 μήτηρ
3523 5086 3597 5153 είς
3658 5091 3828 5151 τοῦτο.

2186 5187 2322 5242 Παῖς
2380 5180 2479 5258 γὰρ
2534 5178 2630 5258 ὤν,
2691 5174 2836 5234 οὕδὲν
2910 5177 3429 5260 έθαυματούργησενο
3494 5179 3529 5247 ἧ
3614 5181 3716 5260 γάρ
3776 5180 3833 5236 ἄν

2184 5255 2463 5345 ἐπίσημος
2515 5255 2678 5325 πᾶσιν
2735 5267 2825 5332 ἦν,
2882 5255 3041 5341 ’Ἅμα
3088 5264 3144 5323 δὲ
3324 5269 3505 5345 μήτηρ
3589 5255 3699 5325 καὶ.
3732 5275 3833 5326 τῶν

2187 5361 2485 5439 μαρτυριῶν
2549 5356 2795 5413 Ἰωάννο)
2858 5354 3151 5432 ἐμέμνητο,
3214 5354 3275 5420 εἰς
3313 5360 3432 5438 περὶ
3477 5359 3633 5416 αὑτοῦ
3663 5358 3830 5437 ἔμαρ-

535 5668 622 5745 (ιι)
658 5663 814 5727 Edit.
850 5630 985 5725 Lut.
1011 5661 1337 5724 Dominum
1369 5658 1525 5722 vidit
1549 5657 1755 5720 adhuc
1784 5654 1893 5717 sub
1914 5656 2039 5745 lego
2058 5664 2468 5727 eadem.
