4070 6224
238 266 427 378 ’1189

996 299 1439 378 ΕΝΑΒΒᾹΤΙΟ
1481 308 1554 375 1N
1596 304 1926 379 EVANGE]

2013 310 2096 371 λιι
2142 303 2485 375 JOANNIS.
2526 262 2605 357 w—
2634 304 2799 378 CAP.
2849 309 2922 378 ll.

3495 305 3644 381 1190

262 450 510 526 τύρησεν,
572 449 761 508 ἕϐλεπέ
822 471 878 505 τε
928 446 1032 515 ἤδη
1075 447 1163 504 καὶ
1206 448 1448 520 μαθητὰς
1492 449 1633 521 αύτῷ
1692 443 1920 504 ἀκολου-

2013 450 2411 520 ςεᾳυεηῐεεεθῑ
2441 463 2510 505 ex
2549 444 2638 506 his
2664 447 2941 509 omnibus
2970 450 3339 529 conjectabat
3366 453 3639 513 virtutem

263 541 481 602 θοῦντας
515 555 530 571 ⁸
592 542 678 596 καὶ
735 539 795 595 ἐκ
877 538 1076 593 τούτων
1154 536 1366 593 πάντων
1425 536 1762 611 ἐτεκμαίρετο
1816 536 1914 603 τὴν

266 625 486 702 δύναμιν
529 636 620 686 τοῦ
665 626 879 690 Παιδός.
918 618 974 683 Ὀ
1001 623 1055 680 δὲ
1101 627 1321 699 ἓπιτιμᾷ
1364 624 1636 701 αὑτῇοὑκ
1678 622 1909 701 ἀλόγως.

272 716 326 771 Et
369 716 494 795 γὰρ,
540 718 725 796 φησὶν,
772 715 869 772 οὑκ
926 713 1067 769 ἔστιν
1118 714 1294 786 οἶνος,
1336 711 1437 768 ἔδει
1470 714 1654 776 αὖτοὺς
1685 712 1911 775 ἐκείνους

272 804 392 868 τοὺς
447 804 525 879 μὴ
578 803 806 886 ἔχοντας
858 802 1197 883 προσελθεῖν,
1245 804 1332 859 καὶ
1402 801 1643 875 ἀξιῶσαι,
1692 802 1813 882 οὑχὶ
1856 804 1913 857 σὲ

270 893 368 961 τὴν
431 894 670 974 Μητέρα,
722 886 782 950 Ἠ
859 895 959 973 γὰρ
1030 897 1146 971 περὶ
1189 898 1295 949 τῶν
1339 892 1542 949 οἰκείων
1588 889 1917 969 παράκλησις

272 980 565 1039 σκάνδαλον
625 987 822 1063 γίνεται
878 997 999 1047 τοῖς
1057 985 1246 1062 ὁρῶσιν
1282 999 1297 1013 ⁸
1360 982 1486 1038 ὅταν
1545 979 1599 1037 δὲ
1655 984 1700 1037 οἱ
1730 984 1916 1060 χρείαν

269 1070 487 1152 ἔχοντες
541 1075 685 1131 αὑτοὶ
735 1071 980 1145 δέωνται,
1027 1071 1330 1129 ἀνύποπτον
1377 1072 1439 1127 τὸ
1495 1076 1714 1149 πρᾶγμα
1769 1072 1915 1149 γίνε-

262 1181 372 1222 ται.
436 1162 507 1218 Τὸ
556 1159 635 1241 δὲ,
689 1182 713 1218 ε
772 1162 933 1219 Οὔπω
976 1160 1094 1228 ἥκει
1137 1162 1173 1228 ὴ
1219 1160 1329 1238 ὥρα
1374 1182 1499 1235 μου,
1540 1182 1561 1215 ε
1600 1160 1781 1239 φησὶν,
1814 1159 1917 1238 οὔχ

264 1251 341 1313 ὥς
398 1249 741 1326 ὑποκείμενος
799 1251 1052 1328 ἀνάγκαις
1108 1250 1330 1325 καιρῶν,
1390 1249 1425 1316 ἢ
1480 1248 1617 1328 ὥρας
1667 1271 1917 1327 παρατη-

269 1339 519 1416 ρούμενος
582 1348 695 1404 πῶς
745 1341 844 1419 γὰρ
903 1341 931 1395 ὃ
978 1340 1214 1407 Ποιητὴς
1270 1344 1377 1395 τῶν
1432 1337 1647 1417 χρόνων
1696 1340 1918 1394 καὶτῶν

267 1427 471 1484 αἰώνων
496 1428 541 1509 ς)
576 1427 698 1487 ἀλλ’
729 1430 810 1487 ὅτι
857 1430 1030 1487 πάντα
1068 1430 1203 1506 μετὰ
1246 1434 1339 1484 τοῦ
1382 1434 1568 1501 καιροῦ
1624 1433 1715 1484 τοῦ
1745 1448 1916 1506 προσ-

264 1518 489 1587 ήκοντος
548 1519 841 1599 ἐργάζεται,
906 1517 1056 1576 Ἐπεὶ
1140 1517 1226 1574 οὖν
1307 1514 1501 1583 ἄδηλος
1560 1519 1624 1582 ἦν
1670 1515 1769 1589 ἔτι,
1830 1518 1919 1573 καὶ

267 1602 539 1683 ἄγνωστος
583 1622 703 1671 τοῖς
754 1608 1000 1683 πολλοῖς,
1060 1608 1146 1663 καὶ
1207 1604 1323 1664 οὑδὲ
1354 1607 1473 1669 τοὺς
1506 1607 1746 1681 μαθητὰς
1777 1606 1914 1661 πάν-

266 1717 362 1759 τας
407 1700 586 1776 εἶχεν,
618 1695 737 1753 ἀλλ’
769 1695 885 1756 οὐδὲ
914 1701 959 1753 οἱ
991 1700 1043 1752 ἓν
1096 1701 1175 1769 τῷ
1204 1695 1361 1772 γάμῳ
1390 1696 1547 1753 αὑτὸν
1578 1693 1863 1772 ἐγίνωσκον
1898 1710 1912 1724 ⁹

2004 531 2156 593 Filii.
2213 534 2281 593 At
2330 533 2432 595 ille
2474 534 2736 615 increpat
2795 554 2949 612 eam,
3000 558 3116 600 non
3168 540 3446 605 absurde.
3496 540 3645 604 Dicit

1999 621 2248 712 enim,Si
2284 642 2399 683 non
2433 623 2842 698 adestvinum,
2876 637 3106 707 oportet
3135 627 3267 691 illos
3298 630 3480 711 ipsos,
3504 632 3639 712 qui-

1996 706 2319 790 busdeest,
2352 712 2640 774 accedere
2671 722 2726 773 et
2759 706 2987 792 rogare,
3042 726 3099 779 et
3131 738 3246 779 nou
3279 706 3336 781 te
3368 706 3639 783 matrem.

1998 794 2142 857 Nam
2177 801 2411 879 quando
2445 801 2748 861 hortantur
2787 821 2819 863 a
2846 804 3645 881 domesticis,scandalumlit

2000 885 2357 979 videntibus.
2387 889 2634 962 Quando
2656 899 2851 953 autem
2887 893 2947 954 hi
2980 904 3183 972 rogant
3221 896 3321 977 qui
3352 916 3500 979 opus
3530 899 3639 959 ha-

2002 975 2156 1037 bent.
2196 980 2534 1059 suspicione
2566 998 2663 1039 res
2693 980 3173 1043 caret.Caeterum
3205 975 3642 1059 dicens,«Nou-

2001 1064 2140 1126 dum
2166 1067 2321 1127 venit
2375 1068 2521 1130 hora
2554 1087 2744 1143 mea,»
2776 1089 2890 1131 non
2924 1072 3044 1132 vult
3074 1072 3229 1154 quod
3256 1073 3543 1136 obnoxius
3573 1075 3648 1136 sit

2002 1156 2458 1218 necessitatibus
2486 1161 2946 1238 temporum.vel
2981 1161 3154 1223 horas
3170 1161 3469 1233 observet,
3484 1165 3646 1244 (quo-

2004 1245 2182 1306 modo
2218 1247 2374 1307 enim
2409 1247 2519 1309 hoc
2543 1247 2743 1309 dicere
2770 1266 3078 1328 possemus
3108 1250 3183 1312 de
3216 1251 3463 1314 Factore
3492 1260 3645 1316 tem-

2003 1353 2212 1415 porum
2244 1344 2302 1396 et
2333 1335 2747 1411 saeculorum?)
2778 1338 2879 1399 sed
2935 1338 3089 1418 quod
3136 1341 3337 1401 omnia
3378 1345 3649 1422 tempore

2002 1442 2260 1502 congruo
2292 1434 2588 1505 operetur.
2626 1424 2805 1504 Igitur
2835 1426 3115 1507 quoniam
3161 1430 3356 1491 adhuc
3378 1431 3648 1509 incogni-

2004 1521 2095 1573 tus
2128 1524 2272 1583 erat,
2301 1521 2358 1574 et
2387 1514 2661 1576 occultus
2694 1514 2913 1587 multis,
2933 1526 2990 1577 et
3022 1518 3285 1579 nondum
3318 1538 3528 1580 omnes
3544 1521 3647 1580 ha-

2002 1599 2179 1661 bebat
2207 1600 2553 1682 discipulos.
2580 1610 2637 1663 et
2660 1621 2852 1683 neque
2871 1604 2953 1684 hi,
2987 1606 3084 1684 qui
3116 1606 3175 1666 in
3201 1607 3420 1685 nuptiis
3448 1610 3642 1685 erant,

1999 1709 2133 1749 eum
2155 1691 2586 1768 agnoscebant:
2632 1711 2765 1752 nam
2798 1692 3055 1773 alioquin
3082 1695 3193 1775 ipsi
3231 1696 3642 1765 accessissent.

266 1784 300 1851 ἧ
348 1785 447 1864 γὰρ
495 1785 557 1840 ἂν
617 1787 763 1844 αὑτοὶ
806 1784 1105 1863 προσῆλθον
1152 1786 1238 1842 καὶ
1288 1782 1617 1861 παρεκάλουν
1665 1784 1782 1862 περὶ
1829 1793 1923 1842 τοὺ

2013 1788 2065 1841 et
2088 1790 2397 1861 rogassent
2434 1800 2536 1859 pro
2582 1784 2714 1842 vino
2744 1805 2757 1843 :
2786 1783 2918 1862 quia
2967 1786 3089 1845 haec
3116 1786 3311 1845 omnia
3342 1786 3419 1846 ita
3449 1804 3512 1847 se
3539 1788 3644 1846 lia-

266 1871 415 1929 οἴνου
449 1890 463 1904 ⁸
499 1873 612 1931 ἐπεὶ
672 1876 760 1931 οὖν
815 1884 979 1933 ταῦτα
1020 1874 1189 1930 πάντα
1235 1874 1324 1946 ἦν,
1382 1869 1466 1927 διὰ
1508 1870 1663 1928 τοῦτό
1706 1893 1866 1951 φησιν
1904 1888 1916 1901 ⁰

273 1980 303 2021 ι
348 1962 509 2020 Οὔπω
557 1962 676 2030 ἥκει
728 1967 762 2031 ἡ
823 1963 933 2041 ὥρα
991 1986 1093 2039 μου
1125 1980 1141 1997 ο
1194 1984 1217 2018 υ
1275 1961 1570 2040 τουτέστιν,
1627 1959 1921 2031 ἐπιτήδειος

267 2054 447 2130 καιρὸς
481 2054 541 2109 οὗ
583 2054 859 2129 πάρεστιν,
917 2050 1065 2108 Ἀλλ’
1098 2049 1173 2107 ἔτι
1226 2050 1491 2107 ἐνίσταται
1525 2053 1559 2119 ἡ
1602 2053 1695 2106 τοὺ
1721 2048 1925 2131 ’Ἀρείου

268 2142 450 2212 λύττα,
513 2140 682 2207 δεῖξαι
772 2141 1079 2219 πειρωμένη
1150 2142 1239 2197 τὸν
1302 2141 1489 2218 Κύριον
1577 2141 1925 2215 ὑποκείμενον

266 2229 426 2306 ὥραις
500 2232 589 2285 καὶ
653 2243 886 2309 καιροῖς.
974 2230 1211 2285 Μάνθανε
1283 2228 1477 2306 τοίνυν,
1537 2229 1582 2285 ὦ
1636 2230 1922 2307 κατάρατε,

269 2320 344 2382 ὡς
390 2320 433 2373 εἰ
491 2319 736 2375 ὑπέκειτο
793 2318 978 2398 ὥραις,
1037 2320 1153 2381 πῶς
1212 2316 1406 2374 λοιπὸν
1450 2317 1667 2385 ἐποίησε
1706 2320 1765 2374 τὸ
1793 2322 1923 2375 θαῦ-

271 2429 400 2484 ματ,
455 2405 620 2464 ’Ἔδει
665 2409 789 2487 γὰρ,
834 2410 971 2465 κατὰ
1026 2409 1116 2464 τὸν
1168 2410 1261 2463 σὸν
1303 2406 1485 2486 λόγον,
1534 2406 1645 2463 ἐπεὶ
1694 2406 1923 2464 δουλεύει

273 2495 433 2576 ὥραις
494 2498 581 2554 καὶ
638 2510 876 2576 καιροῖς,
935 2496 1084 2555 οῧπω
1138 2495 1193 2553 δὲ
1246 2496 1374 2564 ἧκεο
1416 2498 1450 2564 ἡ
1482 2497 1592 2567 ὥρα
1634 2501 1814 2578 αὑτοῦ,
1847 2500 1924 2573 μὴ

272 2582 555 2654 δυνηθῆναι
610 2589 1080 2667 θαυματουργῆσαι
1117 2603 1131 2617 ⁸
1194 2585 1332 2642 ἀλλὰ
1396 2587 1503 2663 μήν
1565 2586 1922 2667 ἐθαυμιτούρ-

276 2696 445 2753 γησεν
480 2693 494 2708 ⁶
556 2677 652 2733 οὑκ
720 2675 820 2757 ἄρα
872 2674 1105 2734 δουλεύει
1148 2676 1334 2754 ὥραις.
1393 2675 1528 2752 Ὅρα
1571 2672 1626 2731 δέ
1670 2698 1760 2751 μοι
1809 2684 1923 2739 πῶς

277 2765 371 2822 οὑκ
430 2762 559 2845 ἄχρι
621 2764 831 2840 τέλους,
916 2763 1032 2824 οὑδὲ
1094 2762 1176 2822 διὰ
1256 2764 1470 2821 πάντων
1528 2765 1797 2821 ἀντιτείνει
1854 2773 1922 2843 τῇ

270 2852 444 2932 Μητρί
475 2869 492 2886 ⁹
548 2852 666 2910 ἀλλ⁹
712 2852 1007 2924 ἐπιπλήξας
1065 2855 1274 2931 μικρὸν,
1342 2854 1503 2912 πάλιν
1549 2854 1646 2921 τὴν
1705 2853 1922 2919 ἀξίωσιν

265 2941 433 3010 αὑτῆς
487 2940 716 3023 πληροῖ,
777 2944 948 3017 τιμῶν
1005 2942 1194 3015 αὐτὴν,
1245 2944 1332 2999 καὶ
1361 2944 1498 3018 ἡμῖν
1525 2943 1720 3005 τύπους
1752 2940 1919 3008 διδοὺς

266 3033 367 3099 τῆς
411 3032 545 3110 πρὶς
572 3033 824 3097 τεκόντας
856 3030 1050 3095 αίδοῦς.

363 3231 387 3265 ε
423 3208 578 3288 Λέγει
608 3212 643 3279 ἡ
671 3212 880 3290 Μήτηρ
926 3210 1085 3290 αὑτοὺ
1131 3224 1249 3275 τοῖς
1301 3208 1561 3271 διακόνοις
1598 3225 1611 3240 ⁸
1676 3201 1709 3238 ”¹
1721 3220 1812 3268 Οτι
1872 3210 1934 3267 ἂν

281 3296 417 3378 λέγῃ
473 3300 625 3379 ὑμῖν,
684 3288 967 3370 ποιήσατε,
1039 3288 1207 3357 Ἠσαν
1278 3300 1331 3355 δὲ
1370 3299 1486 3356 ἐκεῖ
1528 3298 1691 3379 ὑδρίαι
1746 3299 1932 3358 λίθιναι

281 3388 336 3454 ἓξ
386 3388 623 3466 κείμεναι
681 3391 817 3448 κατᾶ
885 3392 977 3448 τὸν
1058 3391 1389 3471 καθαρισμὸν
1472 3394 1579 3445 τῶν
1640 3388 1931 3474 Ἰουδαίων,

277 3484 552 3559 χωροῦσαι
607 3478 707 3535 ἀνὰ
764 3480 1032 3558 μετρητὰς
1075 3478 1164 3536 δύο
1206 3480 1243 3547 ἣ
1302 3492 1473 3558 τρεῖς,
1532 3478 1689 3557 Λέγει
1748 3479 1932 3545 αὑτοῖς

279 3569 308 3623 ὁ
366 3566 574 3636 Ἰησοῦς
609 3582 623 3599 ⁸
684 3569 945 3645 Γεμίσατε
1006 3570 1099 3634 τὰς
1154 3567 1328 3645 ὑδρίας
1384 3566 1592 3629 ὕδατος.
1657 3569 1753 3625 Καὶ
1806 3567 1931 3646 ἐγέ-

274 3679 437 3733 μισαν
482 3658 641 3723 αὑτὰς
702 3657 803 3722 ἕως
846 3656 978 3722 ὂίνω,
1042 3660 1139 3717 Καὶ
1194 3658 1338 3737 λέγει
1402 3660 1585 3721 αὑτοῖς
1616 3672 1630 3687 ’
1694 3656 1932 3729 Ἀντλή-

274 3766 400 3803 σατε
433 3750 545 3822 νῦν,
577 3747 666 3804 καὶ
694 3746 878 3826 φέρετε
922 3753 1000 3822 τῷ
1031 3746 1437 3828 ἀρχιτρικλίνῳ.
1468 3748 1566 3804 Καὶ
1598 3744 1848 3825 ἤνεγκαν·
1900 3770 1927 3801 ι

272 3844 402 3928 Τοῖς
448 3832 889 3928 διακόνοις-λέγει
919 3837 1177 3928 ἡᾼΜήτηρ
1205 3857 1219 3873 ο
1260 3861 1287 3892 ιι
1432 3858 1487 3893 τι
1521 3834 1583 3891 ἂν
1613 3833 1750 3928 λέγη
1777 3838 1929 3928 ὑμῖν,

273 3926 531 3995 ποιήσατε
566 3944 579 3959 ⁸
623 3947 647 3984 ι
710 3926 847 3983 ὥστε
928 3924 1146 3984 πλείονα
1224 3926 1463 4005 γενέσθαι
1535 3928 1634 3993 την
1690 3924 1934 4008 αἴτησιν,

277 4013 683 4093 προσελθόντων
727 4016 901 4072 αὑτῶν
938 4017 1025 4073 καὶ
1069 4015 1441 4091 αἰτησαμένων
1474 4030 1489 4043 ⁸
1545 4015 1618 4077 ὡς
1675 4012 1736 4070 ἂν
1778 4013 1935 4095 δειχο

280 4104 371 4179 θῇ,
432 4100 513 4160 ὅτι
568 4107 663 4162 οὑκ
704 4106 971 4169 ἀσθενείας
1015 4105 1081 4173 ἧν
1126 4104 1164 4172 ἡ
1195 4104 1533 4184 παραίτησις,
1568 4101 1707 4159 ἀλλὰ
1735 4111 1828 4161 τοῦ
1861 4106 1937 4180 μὴ

285 4188 428 4258 δόξαι
486 4192 791 4275 ἐπιτρέχειν
870 4208 992 4259 ταῖς
1059 4193 1497 4274 θαυματουργίαις
1568 4189 1653 4248 διὰ
1725 4192 1939 4260 ἔνδειξιν

282 4283 372 4338 καὶ
414 4284 567 4340 κενὸν
611 4287 794 4364 τύφον,
842 4288 903 4342 Αἱ
934 4283 987 4341 δὲ
1041 4283 1205 4363 ὑδρίαι
1256 4285 1307 4340 ait
1362 4281 1577 4359 λίθιναι,
1610 4283 1683 4347 εἷς
1714 4284 1807 4340 τὸν
1835 4306 1939 4341 κα-

283 4372 538 4448 θαρισμὸν
589 4380 695 4430 τῶν
752 4371 1017 4431 Ἰουδαίων
1073 4373 1461 4454 ἐχρημάτιζον,
1522 4373 1581 4429 Οἱ
1639 4372 1738 4451 γάρ
1796 4372 1937 4430 Ἰουο

282 4456 424 4517 δατοι
481 4460 601 4518 καθ’
658 4464 887 4530 ἑκάστην
947 4460 1139 4543 σχεδὸν
1200 4460 1589 4536 ἀπεπλύνοντο,
1638 4463 1725 4518 καὶ
1769 4460 1935 4527 οὕτως

281 4546 461 4615 ἤσθιον
498 4571 512 4587 ⁸

281 4637 585 4714 ὡμίλησαν,
649 4643 723 4704 ὥς
780 4640 1065 4721 ἀκάθαρτοι
1125 4640 1316 4699 λοιπὸν
1372 4638 1521 4704 ὄντες
1551 4654 1560 4661 ’
1587 4637 1931 4702 ἀπελούοντο.

284 4726 434 4785 Ἐπεὶ
466 4728 555 4785 οὖν
580 4732 615 4798 ἡ
662 4729 988 4799 Παλαιστίνη
1021 4728 1236 4809 ἄνυδρος
1279 4731 1371 4810 ἦν,
1416 4731 1507 4786 καὶ
1547 4733 1643 4787 οὒκ
1682 4728 1748 4796 ἧν
1799 4731 1938 4797 πολ-

285 4814 460 4897 λαχοῦ
519 4820 697 4898 πηγὰς
779 4820 1061 4900 εὑρίσκειν,
1122 4818 1386 4898 ἐπλήρουν
1462 4818 1541 4874 ἀεὶ
1616 4819 1705 4883 τὰς
1768 4817 1940 4898 ὑδρίας

290 4904 498 4983 ὕδατος,
544 4908 681 4965 ὥστε
732 4909 812 4985 μὴ
854 4908 1069 4989 τρέχειν
1122 4910 1195 4973 εἷς
1240 4908 1541 4983 ποταμοὺς,
1589 4906 1774 4963 εἴποτε
1807 4906 1934 4964 ἀκά-

2007 1869 2229 1931 bebant
2261 1890 2274 1932 :
2312 1894 2337 1922 α
2368 1870 2674 1944 Nondum,
2698 1870 2911 1951 inquit,
2940 1873 3096 1933 venit
3124 1874 3268 1935 hora
3294 1892 3446 1949 mea,
3489 1899 3509 1931 ο
3540 1876 3649 1936 hoc

2007 1967 2120 2038 est,
2154 1968 2551 2039 opportunum
2609 1968 2840 2040 tempus
2894 1962 3156 2022 nonduin
3212 1963 3399 2026 adest.
3439 1970 3511 2026 At
3554 1964 3649 2024 hic

2007 2049 2201 2109 adhuc
2234 2061 2401 2125 urget
2429 2049 2553 2108 Arii
2587 2048 2770 2121 furor,
2807 2050 2905 2129 qui
2942 2060 3269 2112 monstrare
3300 2050 3504 2113 nititur
3531 2051 3647 2113 Do-

2010 2138 2233 2198 minum
2271 2136 2433 2197 horis
2451 2147 2504 2196 et
2533 2138 2897 2217 temporibus
2925 2138 3434 2201 subdituin.Disce
3456 2140 3648 2219 igitur,

2008 2246 2041 2285 ο
2089 2226 2425 2299 maludicte,
2462 2225 2619 2306 quod
2653 2226 2704 2285 si
2735 2225 2943 2287 fuisset
2994 2228 3159 2288 horis
3203 2236 3260 2288 et
3288 2229 3651 2310 temporibus

2007 2314 2327 2394 subjectus.
2363 2314 2658 2395 quomodo
2704 2323 2905 2395 postea
2966 2317 3203 2377 fecisset
3256 2317 3653 2380 miraculum?

2007 2403 2867 2485 Oportebatenim.secundum
2894 2424 3236 2467 sermonem
3262 2416 3450 2482 tuum,
3472 2428 3652 2489 quau-

2008 2492 2326 2574 doquidem
2381 2493 2637 2555 serviret
2684 2493 2848 2555 boris
2877 2504 2935 2555 et
2965 2494 3354 2576 temporibus,
3391 2498 3651 2558 nondum

2010 2592 2204 2644 autem
2230 2584 2482 2645 venisset
2516 2584 2661 2644 hora
2693 2584 2846 2663 ejus,
2883 2593 2945 2644 ut
2990 2602 3105 2646 non
3141 2594 3337 2664 posset
3376 2588 3654 2647 miracula

2007 2672 2204 2734 facere
2239 2694 2250 2735 :
2286 2674 2387 2735 sed
2417 2672 2764 2733 miraculum
2799 2673 2972 2736 fecit:
3005 2693 3122 2735 non
3144 2674 3324 2751 igitur
3343 2675 3522 2736 servit
3553 2676 3654 2735 ho-

2005 2761 2107 2821 ris.
2150 2762 2294 2823 Vide
2326 2770 2546 2832 autem,
2574 2780 2703 2841 oro,
2739 2764 3037 2841 quomodo
3076 2779 3189 2823 non
3225 2781 3412 2842 usque
3460 2763 3535 2823 ad
3580 2765 3649 2824 ﬁ-

2008 2868 2168 2923 nem,
2204 2869 2396 2930 neque
2427 2869 2534 2930 per
2554 2851 2754 2911 omnia
2782 2851 3004 2911 resistit
3034 2851 3340 2925 matri,sed
3366 2871 3497 2912 cum
3524 2870 3651 2913 eam

2006 2956 2209 3017 parum
2244 2938 2707 3019 perstrinxisset,
2746 2940 2961 3001 iterum
3006 2958 3215 3021 preces
3259 2942 3389 3021 ejus
3419 2941 3650 3022 implet,

2003 3026 2304 3090 honorans
2353 3029 2542 3110 illam,
2577 3038 2635 3090 et
2682 3028 2853 3090 nobis
2883 3030 2979 3092 dat
3020 3030 3268 3091 formam
3302 3031 3652 3094 reverentia:

1946 3142 1986 3191 (ι
2012 3134 2151 3197 erga
2178 3127 2474 3199 parentes.

2103 3208 2277 3269 Vsus.
2308 3209 2443 3271 5-8.
2477 3232 2504 3266 ε
2539 3208 2693 3270 Dicit
2715 3208 2899 3271 Mator
2919 3210 3048 3289 ejus
3081 3209 3365 3271 ministris
3402 3232 3416 3272 :
3449 3210 3653 3284 Quod-

2017 3316 2248 3385 cunque
2275 3296 2489 3359 dixerit
2510 3297 3090 3385 vobis,facite.Erant
3111 3306 3310 3363 autem
3335 3300 3416 3362 ibi
3439 3300 3660 3382 hydria!

2015 3384 2265 3466 lapidem
2292 3404 2396 3448 sex
2416 3387 2619 3467 positae
2635 3388 2964 3450 secundum
2993 3384 3661 3468 purilicationemludte-

2016 3494 2211 3550 orum,
2238 3476 2540 3557 capientes
2564 3477 2812 3556 singula:
2845 3486 3122 3539 metretas
3146 3477 3315 3540 binas
3338 3498 3405 3541 ac
3431 3487 3654 3545 ternas.

2015 3563 2161 3626 Dicit
2197 3567 2466 3629 eisJesus
2503 3588 2515 3627 :
2560 3566 2811 3647 lmplete
2844 3565 3079 3647 hydrias
3108 3585 3280 3647 aqua.
3336 3567 3405 3629 Et
3444 3568 3658 3649 imple-

2019 3663 2229 3718 verunt
2260 3674 2360 3717 eas
2384 3674 2569 3737 usque
2597 3657 2668 3717 ad
2695 3674 3019 3717 summum.
3074 3656 3146 3718 Et
3175 3657 3315 3718 dicit
3344 3658 3470 3719 eis:
3500 3657 3660 3720 Hau-

2016 3744 2128 3806 rite
2160 3764 2341 3819 nunc,
2397 3754 2455 3807 et
2510 3746 2659 3807 ferte
2706 3744 3119 3807 architriclino
3156 3762 3170 3806 :
3208 3758 3265 3807 et
3315 3746 3598 3808 tulerunt.
3629 3773 3653 3803 ι

2018 3833 2301 3895 Ministris
2350 3833 2494 3895 dicit
2538 3836 2762 3896 Mater:
2805 3859 2831 3888 α
2879 3831 3178 3914 Quidquid
3211 3834 3427 3896 dixerit
3478 3834 3660 3910 vobis,

2022 3922 2218 3985 facite.
2284 3948 2311 3979 ι
2363 3923 2550 4003 Atque
2610 3924 2690 3984 ita
2747 3940 2879 3983 cum
2937 3923 3124 4002 major
3182 3924 3352 3985 ﬁeret
3411 3926 3660 4003 petitio.

2023 4030 2277 4092 cumque
2334 4012 2725 4073 accessissent
2782 4023 2841 4074 et
2904 4011 3009 4092 illi,
3067 4029 3136 4072 ac
3207 4012 3550 4092 petissent:
3604 4022 3667 4075 ut

2023 4110 2386 4163 monstretur
2415 4101 2570 4182 quod
2624 4120 2740 4162 non
2780 4100 3145 4163 inlirmitatis
3195 4101 3371 4164 fuerit
3400 4102 3658 4183 repulsa,

2019 4191 2120 4251 sed
2156 4209 2229 4251 ne
2258 4191 2557 4253 videretur
2599 4208 2915 4253 accurrere
2962 4197 3021 4253 et
3068 4189 3344 4252 festinare
3372 4191 3443 4252 ad
3479 4192 3661 4255 mira-

2019 4279 2289 4341 culorum
2317 4278 2719 4357 operationem
2755 4287 2997 4360 propter
3047 4278 3496 4341 ostentationem
3523 4280 3665 4342 ξίδῦ

2019 4376 2076 4430 et
2106 4387 2311 4429 vanam
2337 4368 2610 4448 gloriam.
2646 4367 2919 4448 Lapideze
2962 4374 3158 4428 autem
3200 4367 3419 4447 hydria;
3446 4369 3519 4431 ad
3548 4390 3660 4450 pu-

2020 4458 2409 4519 rificationem
2442 4456 2779 4520 Judazeorum
2807 4457 3077 4519 aderant.
3108 4455 3296 4518 Judaei
3330 4457 3487 4518 enim
3542 4461 3661 4520 fer-

572 4551 717 4631 οῖον,
754 4554 796 4607 εί
851 4551 1047 4631 λεπροῦ
1078 4551 1308 4631 ἥψαντο,
1347 4552 1627 4640 εί-νεκροὺ,
1662 4552 1705 4640 εί
1733 4550 1926 4629 γυναικῖ

2023 4565 2117 4609 me
2139 4547 2387 4625 singulis
2412 4546 2574 4608 horis
2602 4545 3016 4620 abluebantur,
3052 4555 3110 4606 et
3128 4547 3214 4607 sic
3247 4547 3657 4610 comedebant:

2026 4645 2088 4697 ut
2115 4636 2162 4697 si
2189 4637 2516 4715 tetigissent
2563 4638 2887 4716 leprosum,
2922 4635 3011 4695 vel
3044 4644 3363 4711 mortuum,
3416 4638 3504 4699 vel
3535 4656 3661 4699 rem

2026 4725 2372 4787 habuissent
2417 4744 2550 4787 cum
2610 4724 2884 4794 muliere,
2923 4742 2987 4785 se
3024 4724 3313 4791 lavabant.
3344 4726 3507 4806 quasi
3549 4728 3663 4788 im-

2026 4814 2231 4875 mundi
2260 4814 2470 4876 forent.
2510 4814 2730 4875 Etcum
2766 4814 3074 4875 Palaestina
3094 4813 3382 4893 inaquosa
3411 4815 3509 4893 sit,
3558 4832 3667 4876 nec

2029 4903 2248 4985 ubique
2279 4903 2663 4965 inveniantur
2690 4903 2902 4975 fontes,
2928 4901 3259 4983 implebant
3290 4920 3530 4984 semper
3558 4903 3665 4983 hy-

291 4999 469 5076 θαρτοι
528 4998 797 5077 γένοιντο.
862 5000 969 5055 Οὑκ
1012 4996 1194 5061 ἁπλῶς
1249 5000 1336 5054 οὗν
1382 4998 1561 5077 εἶπεν,
1609 4995 1689 5053 ὅτι
1750 5020 1778 5053 α
1812 4999 1926 5054 κατέ

2029 4994 2187 5055 drias
2208 5012 2379 5075 aqua,
2412 5002 2473 5054 ut
2492 5012 2608 5054 non
2632 5001 2944 5054 currerent
2970 4994 3041 5053 ad
3066 4991 3333 5071 ﬂumina,
3360 4992 3408 5054 si
3431 4994 3666 5073 quando

291 5087 383 5141 τὸν
438 5089 763 5167 καθαρισμὸν
816 5093 922 5144 τῶν
981 5086 1246 5145 Ἰουδαίων
1279 5104 1293 5119 ·
1348 5109 1372 5143 ii
1409 5084 1531 5142 ἀλλ’
1575 5086 1666 5143 ’ίνα
1698 5089 1774 5162 μή
1804 5109 1941 5151 τινες

289 5177 395 5230 τῶν
451 5175 687 5233 ἀπίστων
741 5177 1165 5252 ὑποπτεύσωσιν,
1226 5174 1305 5232 ὅτι
1364 5176 1547 5255 τρυγία
1602 5196 1682 5238 ut;
1714 5176 1784 5243 ἧν
1814 5174 1942 5232 ἐνα-

287 5266 606 5345 πομείνασα,
669 5270 788 5323 εἶτα
841 5273 933 5323 τοῦ
974 5264 1160 5330 ὕδατος
1206 5262 1582 5331 ἒπιὸληθέντος
1633 5266 1721 5321 καὶ
1776 5286 1941 5343 κερα-

288 5355 525 5429 σθέντος,
590 5355 741 5418 οἶνος
817 5354 1140 5422 λεπτότατος
1211 5354 1423 5436 γέγονε,
1492 5352 1774 5436 δείκνυσιν,
1858 5353 1938 5411 ὅτι

290 5442 538 5503 οὐδέποτε
595 5443 775 5502 έκετνα
818 5446 1101 5525 γεγόνασιν
1133 5431 1530 5524 οίνουδοχεϊα.
1565 5431 1680 5522 Ἆρ’
1731 5431 1819 5500 οὑν
1848 5444 1942 5500 οὑκ

291 5534 516 5601 ἠδύνατο
556 5536 645 5592 καὶ
696 5536 865 5615 χωρὶς
918 5535 1012 5593 τοῦ
1066 5530 1381 5613 γεμισθῆναι
1434 5534 1527 5598 τὰς
1576 5530 1753 5611 ὑδρίας
1809 5530 1940 5590 ὕδα-

298 5647 407 5699 τος,
455 5622 840 5703 δημιουργῆσαι
926 5625 1075 5680 οίνον
1164 5623 1213 5690 ἐξ
1283 5623 1373 5680 οὑκ
1428 5620 1641 5703 ὄντωνς
1689 5618 1944 5702 Ἠδύνατο

2030 5082 2321 5143 immundi
2346 5080 2710 5144 fierent.Non
2750 5090 2974 5144 temere
2995 5080 3173 5159 igitur
3205 5080 3368 5141 dixit:
3414 5100 3664 5143 «secun-

2025 5172 2164 5233 dum
2192 5172 2661 5253 puriﬁcationem
2687 5168 3210 5234 JudaeorumaSed
3234 5188 3309 5231 ne
3342 5170 3667 5233 infidelium

2026 5261 2263 5342 quidam
2286 5261 2734 5340 suspicarentur
2755 5259 2913 5339 quod
2949 5258 3309 5321 mansissent
3341 5260 3399 5320 in
3423 5277 3492 5321 ea
3512 5258 3669 5321 faecis

2023 5348 2289 5431 quaedam
2304 5349 2647 5430 reliquisset
2663 5348 2800 5409 dein
2814 5366 2966 5429 aqua
2984 5348 3179 5409 infusa
3190 5356 3249 5409 et
3264 5348 3666 5424 mista,vinum

2028 5438 2247 5501 deinde
2269 5438 2678 5500 tenuissimum
2702 5436 2918 5499 factum
2950 5436 3319 5518 sit,ostendit
3349 5438 3505 5518 quod
3526 5457 3671 5502 nun-

2026 5546 2202 5610 quam
2234 5526 2337 5588 illa
2362 5524 2581 5589 fuerint
2604 5523 2725 5588 vini
2753 5524 3152 5607 receptacula.
3208 5528 3361 5608 tam,
3392 5547 3535 5590 num
3567 5547 3669 5610 po-

1989 5690 2003 5701 .
2029 5608 2137 5680 fuit
2190 5616 2363 5678 etiam
2424 5614 2671 5698 absque.
2696 5633 2771 5699 eo.
2806 5613 2961 5697 ειυρά
2989 5610 3417 5699 truderentur
3447 5608 3668 5699 hisiis:
