4070 6224
517 279 674 344 1195

1485 280 2081 344 THEOPHYLACTI
2125 277 2531 342 BULGARIE
2576 276 2933 342 ARCHIEP.

3760 273 3911 338 1196

516 411 639 474 lane
675 431 689 477 :
725 431 861 474 nam
894 433 1027 474 cum
1063 415 1230 494 plura
1259 413 1342 475 ibi
1372 414 1579 476 fecerit
1600 416 1784 495 signa,
1821 415 1933 476 hoc
1963 423 2145 476 tamer

2245 414 2480 489 σημείων
2540 412 2698 492 αὕτη,
2751 412 2870 469 ἄλλ⁹
2917 415 3038 492 οὐχὶ
3069 413 3305 492 πάντων,
3351 412 3488 468 ἀλλὰ
3531 418 3643 468 τῶν
3678 411 3740 466 ὲν
3775 416 3916 479 lim-{1

517 502 774 582 primum
805 500 936 565 fuit.
976 502 1050 565 Et
1071 502 1196 565 haec
1227 503 1470 584 quidem
1498 503 1582 564 illi
1607 503 1863 566 dixerint
1891 525 1905 566 :
1932 523 2039 565 nos
2062 523 2133 564 au

519 599 636 652 tem
667 591 938 670 quamvis
989 591 1172 653 multa
1216 591 1543 653 habeamus
1586 592 1660 653 ad
1714 593 2157 654 monstrandum

516 679 673 761 quod
725 679 957 740 initium
1008 680 1180 742 fuerit
1241 681 1507 742 omnium
1557 681 1857 761 signorum
1917 683 2155 755 (etenim

515 787 650 830 cum
684 769 850 849 dicit,
889 795 907 825 ι
948 769 1334 832 Manifestavit
1360 769 1606 849 gloriam
1638 789 1827 846 suam,
1869 778 1927 832 et
1956 770 2158 832 credi-

514 859 730 920 derunt
752 858 812 919 in
845 877 979 920 eum
1005 857 1282 940 discipuli
1313 860 1467 940 ejus,
1505 887 1530 915 ι
1567 860 1790 922 indicat
1836 860 1990 939 quod
2023 870 2161 921 ante

514 947 627 1010 hoc
651 967 768 1010 non
796 947 1004 1010 fecerit
1027 948 1376 1010 miraculum
1409 949 1594 1024 aliud,
1623 949 1696 1010 ab
1719 949 1818 1010 illo
1853 950 2010 1010 enim
2043 967 2162 1010 ma.

516 1035 811 1098 nifestavit
837 1036 1080 1116 gloriam
1113 1049 1323 1112 suam),
1351 1047 1612 1101 attamen
1643 1056 1761 1099 non
1795 1036 2157 1119 disceptabi-

519 1143 672 1199 mus,
728 1126 850 1188 sive
907 1125 1017 1187 hoc
1047 1125 1172 1187 sive
1200 1126 1359 1189 aliud
1407 1126 1584 1189 fuerit
1630 1129 1813 1208 prius.
1848 1126 2158 1200 Quomodo

516 1224 711 1276 autem
745 1214 1137 1275 manifestavit
1166 1214 1409 1294 gloriam
1441 1234 1606 1276 suam
1631 1213 1662 1271 ‘?
1706 1217 1837 1277 Non
1865 1215 2032 1277 multi
2065 1215 2156 1276 in-

517 1303 868 1378 terfuerunt,
898 1321 1092 1383 neque
1122 1321 1320 1365 coram
1351 1305 1566 1385 popqu
1615 1304 1720 1366 fuit
1751 1305 1993 1367 factum.
2031 1307 2153 1369 Ve-

513 1411 646 1456 rum
678 1391 916 1472 quidem
952 1411 1069 1454 non
1103 1403 1266 1469 tunc,
1302 1394 1405 1455 sed
1431 1402 1636 1474 postea
1665 1393 2010 1455 miraculum
2045 1393 2156 1456 hoc

2243 503 2340 570 τῆς
2400 501 2704 565 Γαλιλαίας.
2771 503 3002 580 Διάφορα
3062 503 3184 580 γὰρ,
3243 503 3420 580 φησὶν,
3454 501 3707 574 θαύματα
3743 502 3914 566 ποιῆ-

2245 615 2430 654 σαντος
2485 592 2538 648 ἓν
2610 597 2774 666 Κανᾷ,
2850 591 2983 658 αὕτη
3043 592 3180 647 ἐστὶν
3227 594 3261 658 ἡ
3319 591 3482 670 ἀρχή,
3551 591 3741 646 Ταῦτα
3822 589 3913 660 μὲν

2243 679 2389 736 εἴποι
2433 703 2512 745 τις
2545 680 2607 736 ἂν
2643 697 2655 711 ⁸
2703 683 2864 757 ἡμεῖς
2907 679 2985 755 δὲ,
3020 683 3188 736 καίτοι
3221 678 3392 735 πολλὰ
3423 678 3648 758 ἔχοντες
3681 680 3827 754 πρὸς
3859 679 3912 730 τὶ

2242 767 2432 848 δεῖξαι,
2493 767 2572 824 ὅτι
2626 771 2715 825 καὶ
2795 774 3004 825 πάντων
3090 776 3196 824 τῶν
3259 769 3492 842 σημείων
3551 768 3701 823 ἔστὶν
3769 767 3915 842 ἀρχὴ,

2246 858 2499 938 (καὶγὰρ
2555 861 2641 938 τὸ,
2693 883 2718 913 ι
2786 857 3119 938 Ἐφανέρωσε
3185 858 3284 925 τὴν
3339 856 3488 921 δόξαν
3570 856 3768 925 αὐτοῦ,
3832 850 3913 907 καὶ

2241 948 2303 1001 τὸ
2351 971 2378 1000 ι
2429 947 2769 1003 Ἐπίστευσαν
2850 949 2923 1010 εἷς
3002 948 3156 1004 αὑτὸν
3215 947 3260 1000 οἱ
3333 944 3566 1019 μαθηταί
3635 947 3833 1018 απὲτοῦ,
3887 964 3906 994 ι

2703 1035 2786 1092 ὅτι
2875 1034 3053 1114 ἕτερον
3128 1037 3230 1109 πρὸ
3309 1037 3491 1091 τούτου
3555 1037 3745 1106 θαῦμα
3821 1031 3911 1086 οὖα

2243 1033 2590 1092 ἐνδείκνυνται

2600 1083 2616 1115 1
2705 1083 2786 1092 "‘
2875 1083 3045 1114 "'r"
3135 1083 3227 1109 "r'
3320 1083 3489 1091 -—~--~
3564 1083 3744 1106 '“'r“
3829 1083 3892 1086 -ν

2618 1122 2710 1180 ἀπ’
2788 1124 2986 1181 ἐκείνου
3059 1124 3158 1200 γὰρ
3226 1121 3518 1202 ἑφανέρωσε
3577 1125 3674 1190 τήν
3753 1119 3909 1183 δόξα-ι

2239 1125 2489 1190 εποίησεν
2523 1141 2536 1154 ⁸

2243 1213 2441 1294 αὒτοῦ),
2501 1212 2650 1289 ὅμως
2708 1219 2768 1273 οὒ
2824 1211 3191 1292 διαφερόμεθα,
3241 1213 3352 1268 εἴτε
3401 1218 3551 1267 τοῦτο
3611 1211 3906 1289 πρότερον,

2240 1301 2352 1358 εἴτε
2406 1302 2584 1384 ’ἕτερον
2630 1303 2840 1382 γέγονε.
2898 1303 3018 1365 Πῶς
3050 1301 3102 1358 δὲ
3151 1301 3248 1380 ἄρα
3280 1301 3576 1379 ἐφανέρωσε
3609 1303 3711 1365 τὴν
3754 1297 3909 1362 έῖιῑῖξυ

2242 1391 2446 1471 αὐτοῦς
2509 1391 2636 1451 Οὐδὲ
2707 1395 2806 1471 γὰρ
2863 1391 3052 1450 πολλοὶ
3109 1404 3404 1470 προσεῖχον
3454 1397 3530 1462 τῷ
3591 1389 3905 1466 γενομένῳ,

515 1481 771 1544 audituri
803 1494 973 1544 erant
1001 1501 1235 1556 omnes,
1271 1481 1430 1546 unde
1471 1502 1659 1563 usque
1719 1485 1774 1545 in
1808 1484 1965 1545 hunc
1999 1483 2145 1544 dieir

2243 1477 2358 1535 οὒδὲ
2417 1481 2646 1537 ἓνώπιον
2701 1481 2872 1554 δήμου
2927 1482 3166 1560 γέγονεν.
3220 1480 3368 1536 Ἀλλ’
3424 1481 3467 1535 εἰ
3511 1481 3597 1534 καὶ
3624 1480 3705 1553 μὴ
3756 1480 3904 1536 τότε.

517 1570 870 1645 celebratur,
918 1580 977 1634 et
1017 1575 1076 1632 in
1127 1573 1360 1633 occulto
1400 1590 1516 1634 non
1542 1581 1654 1634 est.
1681 1571 1845 1646 Quod
1875 1581 2069 1635 autem
2103 1591 2145 1634 et

2242 1565 2362 1623 ἀλλ’
2417 1569 2630 1648 ὕστερον
2675 1569 2900 1645 ἔμελλον
2955 1573 3017 1626 τὸ
3055 1573 3228 1644 θαῦμα
3271 1569 3578 1626 ἀκούσεσθαι
3642 1568 3850 1625 πάντες
3889 1584 3900 1592 '

511 1659 787 1756 disci-puli
837 1660 966 1740 ejus
1011 1660 1380 1756 crediderint
1407 1662 1476 1756 in
1535 1680 1696 1756 eum,
1750 1662 1832 1725 ita
1866 1662 2145 1756 intellige1

2244 1655 2359 1712 ὅθεν
2412 1660 2500 1714 καὶ
2544 1661 2706 1738 μέχρι
2765 1667 2854 1716 τοῦ
2910 1662 2997 1714 vim
3054 1657 3253 1731 ᾅδεται,
3303 1661 3388 1713 καὶ
3430 1661 3488 1714 οὔ
3539 1656 3786 1711 διέλαθε.
3837 1660 3904 1713 TE.

512 1750 667 1830 quod
705 1750 882 1811 ﬁdem
925 1751 1274 1831 ampliorem
1309 1760 1366 1813 et
1398 1750 1724 1813 firmiorem
1769 1751 2108 1833 acceperint
2143 1776 2145 1812 ;

2243 1742 2319 1820 δὲ,
2386 1769 2414 1801 α
2462 1749 2520 1805 Οἱ
2563 1749 2795 1823 μαθηταὶ
2837 1747 2996 1805 αὒτοῦ
3024 1749 3329 1804 ἐπίστευσαν
3373 1749 3442 1811 εἰς
3474 1749 3656 1814 αὺτὸν,
3685 1767 3722 1803 ι
3763 1753 3904 1801 οὕτω

510 1839 649 1919 quia
696 1848 755 1901 et
802 1838 966 1919 prius
1000 1839 1242 1921 quidem
1301 1841 1706 1920 crediderant,
1753 1841 1858 1903 sed
1891 1860 2008 1903 non
2041 1849 2145 1902 tan

2243 1835 2460 1909 νόησον,
2521 1836 2632 1892 ἄντί
2688 1836 2802 1912 τοῦ,
2851 1838 3025 1892 πίστιν
3075 1836 3447 1915 περισσοτέραν
3490 1837 3577 1890 καὶ
3608 1833 3900 1910 βεϐαιοτέ-

508 1928 778 1992 ﬁrmiler.
2241 1945 2336 2002 ραν
2396 1922 2584 1983 ἔλαϐον
2652 1927 2725 1989 εἷς
2797 1927 2952 1984 αὐτόν
2987 1941 3002 1955 ⁸
3052 1925 3163 1982 ἐπεὶ
3219 1925 3307 1980 καὶ
3363 1925 3616 2002 πρότερον
3675 1927 3900 1982 πάντως

592 2019 779 2082 VERS.
816 2019 1020 2081 12-17.
1060 2043 1082 2072 α
1124 2018 1407 2081 Posthzec
1447 2018 1763 2083 descendit
1790 2022 2145 2101 Capernaun

2241 2013 2536 2096 ἐπίστευον,
2567 2013 2687 2071 ἀλλ’
2713 2016 2816 2096 οὔχ
2845 2016 2982 2074 οὕτω
3004 2013 3250 2094 βεϐαίως.

508 2107 639 2186 ipse
661 2117 720 2168 et
743 2115 930 2168 mater
955 2107 1174 2184 ejus,et
1191 2107 1408 2170 fratres
1430 2110 1582 2188 ejus,
1613 2118 1670 2170 et
1703 2108 1978 2190 discipuli
2003 2109 2145 2189 ejus,

2327 2125 2352 2160 ι
2403 2105 2547 2160 Μετὰ
2581 2111 2732 2162 τοῦτο
2769 2103 2970 2172 κατέϐη
3025 2105 3098 2168 εἷς
3143 2105 3492 2182 Καπερναοὺμ
3550 2106 3737 2178 αὐτὸς,

509 2193 662 2257 etibi
683 2204 1036 2256 manserunt
1059 2214 1176 2255 non
1202 2196 1402 2256 multis
1423 2197 1736 2262 diebus.Et
1753 2198 1810 2259 in
1826 2197 2145 2279 propinun

2240 2197 2274 2262 ἡ
2319 2196 2502 2274 μήτηρ
2544 2195 2720 2275 αὑτοῦ,
2779 2196 2864 2250 καὶ
2923 2197 2968 2250 οἱ
3025 2191 3234 2274 ἀδελφοὶ
3277 2194 3454 2267 αὐτοῦ,
3505 2195 3595 2248 καὶ
3624 2195 3673 2248 οἱ
3702 2196 3898 2267 μαθη-

511 2293 638 2346 erat
671 2285 897 2345 Pascha
918 2282 1348 2364 Judteorum,ot
1375 2287 1645 2349 ascendit
1669 2285 1842 2348 Iesus
1875 2287 2145 2348 Hieroso-

2239 2285 2321 2340 ταὶ
2367 2286 2522 2342 αὐτοῦ
2555 2298 2570 2312 ⁶
2615 2286 2702 2340 καὶ
2759 2282 2875 2340 ἐκεῖ
2932 2283 3142 2358 ’ἔμειναν
3189 2280 3478 2344 οὒπολλὰς
3506 2283 3743 2360 ἡμέρας.
3801 2288 3896 2340 Καὶ

509 2373 759 2451 lyma,et
788 2372 1011 2452 reperit
1031 2371 1089 2431 in
1109 2373 1327 2454 templo
1347 2393 1447 2436 eos
1469 2376 1569 2455 qui
1592 2375 1929 2438 vendebant
1952 2376 2145 2450 boves,

2238 2371 2392 2455 ἐγγύς
2449 2371 2514 2439 ἧν
2571 2373 2632 2428 τὸ
2689 2373 2882 2453 Πάσχα
2953 2377 3058 2428 τῶν
3128 2369 3411 2449 Ἰουδαίων,
3470 2373 3556 2427 καὶ
3600 2370 3779 2437 ἆνέὅη
3827 2374 3896 2430 εἰς

509 2448 567 2523 et
597 2480 758 2538 oves,
794 2448 1212 2534 et'columbas,
1232 2448 1298 2522 et
1320 2448 1748 2531 nummularios
1779 2448 2145 2526 sedentes.Et

2242 2448 2575 2536 Ἱεροσόλυμα
2632 2462 2660 2516 ὁ
2719 2448 2946 2528 Ἰησοῦς.
2998 2463 3093 2519 Καὶ
3151 2461 3294 2539 εὗρεν
3348 2448 3404 2515 ty
3460 2466 3537 2534 τῷ
3593 2461 3725 2538 ίερῷ
3776 2464 3896 2522 τοὺς

508 2569 641 2613 cum
675 2550 912 2612 fecisset
936 2549 1234 2628 ﬂagellum
1261 2567 1293 2610 e
1315 2550 1615 2628 funiculis,
1635 2571 1844 2615 omnes
1867 2553 2046 2633 ejecit
2077 2554 2145 2616 de

2235 2547 2546 2612 πωλοῦντας
2621 2551 2774 2630 βόας,
2862 2552 2950 2606 καὶ
3033 2546 3292 2628 πρόϐατα,
3367 2550 3455 2604 καὶ
3541 2553 3890 2628 περιστερὰς,

507 2638 752 2719 templo,
783 2657 920 2701 oves
953 2638 1128 2699 simul
1162 2656 1229 2699 ac
1269 2638 1470 2712 boves,
1527 2649 1586 2703 et
1617 2641 2145 2704 nummulariorum

2232 2639 2319 2693 καὶ
2396 2659 2517 2700 τους
2601 2640 2954 2718 κερματιστὰς
3038 2639 3392 2712 καθημένους.
3478 2640 3571 2697 Καὶ
3651 2641 3893 2708 ποιήσας

508 2728 714 2791 eﬂ‘udit
739 2747 840 2809 aes,
870 2745 1225 2807 mensasque
1265 2727 1574 2804 subvertit,
1600 2739 1658 2792 et
1686 2731 1757 2793 iis
1783 2730 1884 2812 qui
1914 2733 2145 2794 colum-

2233 2723 2582 2803 φραγγέλλιον
2645 2727 2703 2782 ὲκ
2757 2728 3031 2807 σχοινίων,
3096 2728 3296 2791 πάντας
3353 2723 3592 2792 ἐξέϐαλεν
3677 2728 3743 2783 ἐκ
3807 2735 3892 2783 τώ

508 2817 612 2879 bas
635 2817 992 2892 vendebant,
1029 2816 1176 2878 dixit
1203 2839 1213 2875 :
1241 2816 1486 2880 Auferte
1511 2818 1622 2880 ista
1645 2820 1806 2895 hinc,
1839 2839 1950 2883 nec
1978 2821 2145 2884 facite

2232 2815 2392 2894 ἱεροῦ,
2447 2815 2512 2871 τά
2567 2836 2624 2872 τε
2664 2814 2922 2895 πρόϐατα,
2967 2817 3054 2873 καὶ
3111 2817 3230 2880 τοὺς
3275 2816 3402 2892 βόας
3436 2832 3452 2848 ⁸
3499 2817 3582 2871 καὶ
3614 2817 3723 2872 τῶν
3756 2816 3890 2872 κολα

503 2907 744 2970 domum
769 2905 957 2969 Patris
979 2905 1349 2968 meidomum
1371 2908 2145 2973 mercatus.Recordativerc

2234 2900 2491 2960 λυϐιστῶν
2535 2904 2714 2985 ἐξέχεε
2743 2907 2804 2961 τὸ
2835 2906 3027 2984 κέρμα,
3059 2907 3147 2962 καὶ
3174 2907 3271 2969 τὰς
3299 2907 3559 2984 τραπέζας
3602 2905 3888 2985 ἀνέτρεψε,

503 3005 640 3058 sunt
661 2996 938 3075 discipuli
960 2995 1089 3074 ejus
1111 2996 1264 3075 quod
1290 2996 1577 3075 scriptum
1598 3007 1709 3059 est:
1741 2998 1915 3061 Zelus
1935 3000 2145 3062 domus

2233 2993 2321 3048 καὶ
2377 3005 2498 3057 τοῖς
2553 2994 2648 3056 τὰς
2703 2995 3012 3074 περιστερὰς
3068 2993 3338 3050 πωλοῦσιν
3401 2995 3558 3051 εἶπεν
3589 3013 3607 3031 ο
3668 2986 3887 3074 ’Ἄρατε

504 3095 616 3148 tuae
633 3059 834 3148 exedit
845 3059 1015 3147 me":
1030 3059 1448 3145 nDescenditin
1463 3084 2145 3168 CapernaumDominus,

2232 3087 2395 3140 ταῦτα
2437 3081 2693 3159 ἐντεῦθεν,
2749 3087 2837 3141 καὶ
2893 3085 2972 3160 μὴ
3015 3097 3221 3142 ποιεῖτε
3276 3086 3366 3141 τὸν
3422 3085 3578 3141 οἶκον
3624 3095 3722 3146 τοῦ
3772 3092 3888 3143 Πα-

504 3193 618 3236 non
651 3173 896 3236 alterius
926 3191 1070 3233 usus
1117 3172 1328 3249 gratia,
1378 3193 1556 3254 quam
1609 3185 1672 3237 ut
1702 3189 1948 3240 matrem
1981 3197 2145 3241 suam

2232 3170 2354 3245 τρός
2405 3193 2506 3248 μου
2559 3176 2712 3230 οἷκον
2769 3173 3042 3253 ἐμπορίου,
3103 3174 3480 3254 Ἐμνήσθησαν
3520 3171 3574 3230 δὲ
3603 3178 3655 3230 οἱ
3699 3180 3892 3252 μαθηο

500 3263 624 3324 illic
655 3262 921 3326 residere
951 3261 1265 3336 faceret,ut
1289 3281 1363 3323 ne
1386 3253 1546 3325 illam
1573 3264 1789 3347 ubique
1813 3276 1942 3349 post
1957 3287 2021 3330 se
2038 3278 2145 3331 tra-

2231 3260 2316 3349 ταὶ
2372 3261 2550 3335 αὐτοῦ,
2618 3261 2698 3318 ὅτι
2750 3263 3116 3341 γεγραμμένον
3173 3263 3314 3320 εστίν
3347 3277 3362 3292 ⁶
3427 3253 3485 3320 ’0
3550 3262 3718 3334 ζῆλος
3803 3277 3895 3323 τοῦ

500 3353 694 3415 heret.
721 3350 1012 3440 Quoniam
1037 3350 1194 3440 enim
1221 3352 1291 3411 ad
1320 3353 1559 3431 nuptias
1576 3348 1862 3418 venerant
1881 3357 1943 3418 in
1965 3356 2144 3440 Cana,

2231 3348 2386 3407 οἴκου
2439 3372 2534 3408 σου
2588 3351 2853 3432 κατέφαγέ
2909 3374 3000 3428 με.
3044 3372 3075 3412 ι
3139 3352 3466 3432 Κατέρχεται
3526 3354 3601 3416 εἰς
3671 3364 3894 3435 Κατειρ-

3818 2105 3900 2160 καὶ

500 3441 721 3520 nuptiis
750 3439 970 3502 habitis
995 3439 1234 3500 adducit
1259 3448 1508 3503 matrem
1536 3442 1595 3504 in
1620 3443 1862 3507 domum
1887 3465 2053 3510 suam
2089 3439 2145 3510 in

498 3531 894 3611 Capernaum.
919 3528 1293 3591 Manifestum
1320 3538 1520 3593 autem
1546 3533 1700 3613 quod
1727 3544 1976 3615 propter
1995 3537 2146 3598 hanc

499 3637 732 3681 causam
754 3617 1144 3706 descenderit
1166 3617 1223 3706 in
1257 3618 1727 3698 Capernaum,ex
1752 3643 1820 3686 eo
1845 3626 2003 3706 quod
2039 3646 2145 3689 ne-

2229 3440 2397 3515 ναοὺμ
2452 3442 2480 3496 ὁ
2540 3441 2752 3520 Κύριος,
2787 3439 3030 3504 οὗδειιιᾶς
3080 3439 3248 3508 ἄλλης
3297 3442 3478 3520 γραίας
3509 3441 3713 3517 ἕνεκεν,

2227 3528 2264 3596 ἢ
2345 3535 2436 3586 τοῦ
2520 3532 2956 3598 ἀποκαταστῆσαι
3035 3530 3133 3597 τὴν
3221 3531 3426 3610 μητέρα
3497 3534 3658 3590 αὖτοῦ
3741 3537 3884 3611 hct,

2227 3617 2319 3673 ἵνα
2367 3618 2445 3693 μὴ
2501 3626 2781 3699 πανταχοῦ
2814 3620 2975 3686 αὐτὴν
3002 3617 3312 3698 ὶφέΛκηται,
3361 3618 3509 3677 Ἐπεὶ
3539 3623 3643 3700 γὰρ
3675 3621 3766 3678 διὰ
3801 3626 3893 3680 τόν

498 3726 614 3789 que
645 3705 846 3770 multis
877 3706 999 3768 illic
1026 3704 1300 3768 manebat
1327 3707 1762 3792 diebus,neque
1793 3704 2142 3778 miraculum

2231 3706 2400 3784 γάμον
2457 3706 2617 3774 ἧλθυν
2646 3709 2720 3772 εἷς
2754 3715 2919 3789 Κανᾶ,
2977 3715 3070 3765 τοῦ
3128 3709 3300 3787 γάμου
3355 3708 3731 3788 παρελθόντος,
3788 3714 3892 3770 ἐπ-

496 3799 620 3860 illic
649 3798 926 3861 faciebat.
968 3796 1263 3859 increduli
1316 3799 1471 3859 enim
1530 3811 1700 3863 erant
1732 3805 1863 3884 ejus
1895 3805 2145 3870 civitatis

2231 3796 2410 3874 ανάγει
2453 3796 2554 3864 τήν
2599 3796 2804 3876 μητέρα
2835 3799 2908 3861 εἰς
2939 3801 3029 3854 τὸν
3087 3796 3139 3854 ἐν
3192 3800 3539 3878 Καπερναοὺμ
3567 3801 3733 3859 οἷκον
3789 3807 3889 3860 r3-

495 3887 629 3952 viri.
661 3888 803 3948 556
827 3886 966 3948 Ideo
999 3894 1057 3948 et
1079 3885 1193 3946 alio
1227 3886 1356 3947 loco
1388 3886 1678 3952 Dominus
1704 3910 1833 3954 eam
1866 3894 2144 3958 miseram

2231 3889 2349 3952 τῆς.
2411 3885 2584 3954 Δῆλον
2642 3884 2696 3942 δὲ
2739 3894 2914 3960 τοῦτο,
2961 3887 3042 3943 ὅτι
3072 3886 3156 3943 διὰ
3184 3888 3378 3955 ταύτην
3406 3888 3505 3954 τὴν
3535 3890 3706 3947 αἰτίαν
3740 3915 3888 3948 κατ-

497 3996 628 4039 esse
659 3975 889 4038 dicit“.
927 3975 1092 4048 Quod
1142 3982 1336 4035 autem
1403 3976 1547 4038 dicit
1576 3982 1934 4060 evangelista
1966 3983 2145 4048 fuisse

2231 3972 2324 4042 έϐη
2383 3978 2457 4041 εἰς
2523 3978 2895 4056 Καπερναοὺμ,
2969 3977 3029 4033 ἐκ
3085 3985 3174 4034 τοῦ
3231 3979 3366 4052 μήτε
3427 3977 3631 4043 πολλὰς
3691 3997 3886 4055 μεῖναι

497 4085 682 4146 prope
711 4064 961 4144 Pascha,
987 4064 1246 4125 ostendit
1274 4061 1434 4141 quod
1468 4084 1584 4127 non
1607 4076 1744 4130 ante
1774 4069 1990 4132 multos
2017 4071 2145 4135 dies

2231 4065 2347 4120 ἐκεῖ
2397 4065 2625 4146 ἡμέρας,
2680 4067 2818 4141 μήτε
2859 4067 3098 4141 θαύματα
3147 4068 3200 4122 ἓν
3247 4066 3378 4142 αὖτῇ
3426 4073 3678 4135 ποιῆσαι,
3712 4068 3886 4129 Ἀπί-

496 4155 734 4217 Pascha:
753 4154 932 4216 fuerit
956 4153 1279 4233 baptizatus
1338 4150 1520 4214 Porro
1545 4155 1644 4216 ubi
1666 4158 1936 4220 ascendit
1955 4159 2014 4222 in
2041 4163 2142 4224 Je-

2231 4176 2364 4219 στως
2423 4157 2522 4233 γὰρ
2583 4159 2740 4235 εἶχον
2795 4157 2927 4233 πρὸς
2975 4157 3130 4213 αὐτὸν
3184 4159 3231 4211 oi
3299 4156 3397 4223 τὴν
3456 4155 3614 4215 πόλιν
3676 4162 3886 4228 ταύτην

495 4244 778 4320 rusalem,
806 4262 944 4351 rem.
965 4243 1102 4304 fecit
1135 4244 1778 4351 inagonai'auctoritatis.
1805 4247 2144 4312 Vendentes

2231 4244 2487 4308 οἰκοῦντες
2523 4262 2537 4276 ⁸
2599 4242 2678 4301 διὸ
2736 4245 2822 4300 καὶ
2869 4243 3165 4325 ἆλλαχοῦὁ
3217 4245 3400 4324 Κύριος
3445 4245 3710 4321 ταλανίζει
3783 4254 3885 4308 αὖ·

2265 4332 2278 4351 \
2416 4343 2428 4351 Α
2475 4335 2486 4347 ε
2549 4330 2592 4351 θλ
2721 4340 2742 4350 ν
2828 4335 2842 4351 υ
2919 4347 2942 4351 -.
3032 4335 3045 4351 σ
3160 4335 3172 4351 1
3317 4332 3337 4351 ‘
3444 4336 3457 4351 \
3575 4336 3604 4351 η
3783 4335 3846 4351 ,κ

494 4333 654 4395 enim
682 4352 820 4395 oves
850 4342 908 4394 et
931 4331 1112 4392 boves
1131 4329 1325 4409 ejecit.
1361 4331 1486 4393 Jam
1516 4335 1675 4414 quod
1707 4337 1925 4397 factum
1949 4338 2060 4400 hoc
2085 4349 2140 4402 et

2231 4332 2344 4398 τὴν.
2405 4335 2502 4389 Διὰ
2544 4330 2598 4388 δὲ
2653 4340 2746 4391 τοῦ
2802 4335 2971 4389 εἰπεῖν
3027 4335 3055 4390 ὁ
3126 4332 3528 4413 εὒαγγελιττὴς,
3573 4336 3659 4394 ὅτι
3700 4364 3720 4396 ι
3783 4335 3884 4399 Ἠν

2220 4421 2378 4500 ἐγγὺς
2424 4424 2485 4478 τὸ
2512 4422 2730 4502 Πάσχα,
2780 4446 2806 4477 ι
2843 4421 3096 4478 δείκνυσιν
3124 4421 3204 4480 ὅτι
3236 4427 3295 4483 οὗ
3347 4427 3448 4504 πρὸ
3475 4425 3698 4484 πολλῶν
3730 4433 3878 4507 ἡμε-

2221 4518 2324 4600 ρῶν
2367 4514 2458 4568 τοῦ
2514 4513 2708 4593 Πάσχα
2766 4510 3103 4571 ὲϐαπτίσατο.
3164 4509 3420 4571 Ἀνελθὼν
3464 4513 3517 4571 δὲ
3587 4519 3668 4584 εἷς
3704 4511 3880 4600 Ἰερο-

2220 4599 2448 4676 σόλυμα,
2504 4615 2652 4658 ποιεῖ
2699 4608 2917 4680 πρᾶγμα
2962 4600 3164 4670 πολλῆς
3213 4605 3478 4670 αὒθεντίας
3507 4607 3703 4685 γέμον.
3739 4599 3882 4677 Τοὺς

2220 4689 2318 4767 γὰρ
2356 4689 2664 4752 πωλοῦντας
2696 4692 2758 4746 τὰ
2784 4688 3044 4770 πρόϐατα,
3090 4694 3175 4747 καὶ
3226 4694 3346 4756 τοὺς
3401 4695 3555 4770 βόας,
3587 4697 3878 4765 ἐκϐάλλει,

2225 4780 2280 4835 Εἰ
2310 4776 2362 4834 δὲ
2395 4780 2540 4835 καὶὸ
2598 4779 2868 4844 Ματθατός
2923 4796 3052 4861 φησι
3102 4784 3253 4838 τοῦτο
3301 4788 3649 4850 πεποιηκέναι
3686 4792 3878 4873 αὺτὸν,

2222 4865 2340 4924 ἀλλ’
2403 4867 2509 4924 ἴσθι
2563 4870 2635 4933 ὡς
2681 4873 2783 4950 οὺχ
2832 4870 2968 4936 ἅπαξ
3012 4878 3164 4928 τοῦτο
3207 4871 3476 4948 ἐποίησεν,
3511 4873 3651 4932 ἀλλὰ
3679 4881 3742 4934 τὸ
3778 4865 3882 4956 μὲν

2222 4959 2361 5036 παρὰ
2419 4965 2495 5032 τῷ
2543 4961 2813 5033 Ματθαίῳ,
2875 4959 3031 5039 ἐγγὺς
3077 4962 3167 5018 τοῦ
3221 4962 3413 5026 πάθους
3471 4979 3618 5021 ποιεῖ
3655 4984 3669 4996 °
3703 4971 3774 5026 τὸ
3827 4973 3880 5030 δὲ

2222 5055 2309 5104 νῦν
2367 5049 2506 5126 παρὰ
2547 5055 2623 5120 τῷ
2653 5047 2900 5122 Ἰωέννη,
2931 5057 3035 5106 τῶν
3080 5052 3310 5126 σημείων
3368 5051 3676 5133 ἀρχόμενος
3713 5077 3727 5089 ⁵
3801 5061 3883 5118 διὸ

2220 5137 2436 5194 ἐνταῦθα
2479 5137 2775 5218 ἀφειμένως
2834 5142 2954 5194 εἷπε
2990 5157 3005 5174 ·
3059 5159 3088 5196 (
3141 5141 3228 5207 Μὴ
3298 5157 3503 5199 ποιεῖτε
3564 5147 3659 5200 τὸν
3716 5154 3882 5211 οἶκον

490 4422 796 4485 Matthaius
817 4429 1245 4484 commemorat
1294 4419 1368 4493 σθ,
1404 4421 1556 4484 scias
1597 4425 1752 4504 quod
1803 4444 1920 4487 non
1951 4430 2137 4491 semcl

491 4509 604 4572 boc
630 4510 899 4573 Christus
923 4508 1262 4581 fecerit,sed
1295 4509 1406 4570 hoc
1433 4511 1587 4590 quod
1636 4513 1941 4575 Matthaeus
1969 4534 2136 4580 com-

493 4598 952 4673 memorat,fecit
975 4615 1156 4678 prope
1181 4605 1413 4678 tempus
1436 4598 1914 4682 passionis,quod
1938 4615 2134 4668 autem

489 4690 643 4769 apud
673 4686 990 4767 Joannem,
1024 4686 1084 4748 in
1115 4687 1358 4748 exordio
1409 4688 1739 4766 signorum.
1778 4689 2002 4754 Idcirco
2027 4695 2138 4756 hoc

490 4776 623 4839 loco
655 4777 850 4840 minus
872 4793 1080 4857 aspere
1101 4773 1248 4837 dixit
1275 4796 1287 4835 :
1313 4774 1429 4837 «Ne
1458 4778 1720 4840 feceritis
1751 4780 1992 4842 domum
2032 4787 2134 4844 Pa-

490 4865 595 4928 tris
630 4869 770 4940 mei,
803 4867 1044 4928 domum
1079 4874 1433 4927 mercatus.»
1471 4864 1708 4929 Initium
1743 4869 1902 4932 enim
1935 4871 2135 4951 signo-

488 4975 620 5018 rum
640 4955 835 5019 adhuc
866 4963 1079 5036 erat,et
1111 4954 1374 5016 nondum
1409 4963 1567 5017 tanta
1596 4957 1901 5035 signorum
1934 4970 2135 5024 osten-

488 5064 689 5109 sorum
723 5055 849 5108 erat
876 5045 1212 5108 auctoritas.
1238 5043 1366 5106 Illic
1396 5055 1592 5107 autem
1618 5048 1770 5127 apud
1799 5051 2134 5113 Matthazum

488 5133 655 5210 dicit,
696 5159 718 5192 ιι
746 5133 874 5197 Non
908 5134 1101 5210 facite,
1135 5134 1713 5214 inquit,speluncam
1747 5136 2062 5200 latronum.
2107 5165 2129 5197 ι

486 5225 795 5286 Manifeste
827 5223 985 5285 enim
1020 5224 1154 5285 illos
1203 5223 1470 5286 latrones
1499 5225 1839 5300 nominavit,
1876 5229 2030 5308 quod
2064 5248 2133 5291 ex

2231 5235 2309 5284 τοῦ
2363 5228 2567 5306 Πατρός
2629 5249 2752 5307 μου,
2797 5228 2951 5284 οἶκον
2983 5227 3252 5309 ἐμπορίου.
3288 5253 3314 5284 ι
3353 5228 3526 5312 Ἀρχὴ
3574 5237 3680 5316 γὰρ
3733 5245 3884 5308 τέως

488 5309 729 5392 injustis
751 5311 1188 5373 modislucrum
1208 5310 1494 5372 facerent.
1530 5309 1775 5383 Quando
1807 5316 1963 5376 enim
2000 5320 2131 5398 quis

2231 5319 2279 5385 ἣν
2337 5323 2440 5374 τῶν
2499 5318 2760 5392 σημείων,
2821 5319 2905 5374 καὶ
2964 5317 3110 5375 οὔπω
3166 5320 3394 5387 τοσαύτη
3475 5309 3749 5402 παῤῥησία
3819 5333 3884 5399 ἧν

563 5469 626 5520 ⁸⁷
651 5470 808 5534 Psal.
847 5485 1016 5547 xviii,
1056 5473 1152 5535 to.
1237 5470 1302 5520 68
1327 5469 1474 5534 Luc.
1507 5491 1563 5548 χ,
1605 5479 1698 5538 15.
1786 5477 1852 5526 69
1879 5475 2080 5539 Matth.
2118 5494 2240 5551 xxi,
2278 5475 2370 5537 12.
