4070 6224
310 294 387 357 97

913 296 1359 360 ENARRATIO
1401 297 1483 359 IN
1531 295 2039 361 EVANGELIUM
2085 297 2422 365 JOANNIS.
2471 334 2549 346 —
2594 298 2759 365 CAP.
2805 302 2885 363 II.

3472 300 3624 366 1198

226 431 369 503 αῦτῴ
422 430 527 486 ἀπὸ
580 435 679 497 τῆς
737 433 844 486 τῶν
901 433 1137 508 σημείων
1212 430 1533 498 ἐπιδείξεως.
1598 431 1749 491 Ἐκεί
1809 430 1884 505 δὲ,

1975 447 2044 492 ex
2066 449 2136 493 eo
2157 432 2313 513 quod
2342 433 2503 511 parvi
2526 434 2698 515 pretii
2724 442 2835 516 est,
2872 436 3125 497 multum
3169 436 3342 517 pretii
3367 436 3539 519 petit,
3571 455 3630 508 et

223 519 365 597 παρὰ
422 524 499 589 τῷ
554 519 825 594 Ματθαίῳ,
859 520 999 601 φημί
1034 537 1045 550 ⁸
1102 544 1127 575 ι
1168 521 1254 590 Μὴ
1285 536 1517 602 ποιεῖτε,
1551 525 1708 602 φησὶ,
1745 523 1881 591 σπή-

222 605 373 663 λαιον
434 606 673 684 λῃστῶν.
727 632 752 663 ι
805 615 1052 687 Φανερῶς
1110 610 1211 689 γὰρ
1267 609 1466 688 λῃστὰς
1522 612 1707 676 αὐτοὺς
1738 611 1878 667 ὠνό-

224 716 391 770 μασε,
456 698 528 762 ὡς
586 696 638 762 ἐξ
681 696 871 754 ἀδίκων
930 697 1293 777 κερδαίνοντας
1341 701 1542 780 πόρων,
1578 690 1751 759 υΟταν
1784 700 1882 777 γὰρ

219 806 302 848 τις
342 786 402 841 τὸ
433 783 613 862 ὀλίγου
667 786 971 863 τιμώμενον
1006 787 1206 845 πολλοῦ
1252 790 1557 865 τιμήματος
1588 788 1751 864 ἀξιοῖ,
1797 790 1886 844 καὶ

221 873 328 930 ἀπὸ
387 876 632 945 πενήτων
682 877 853 956 τυχὸν
896 878 983 933 καὶ
1028 885 1217 958 χηρῶν
1275 879 1336 935 τὸ
1367 877 1545 955 κέρδος
1579 878 1883 957 ἑρανίζηται

224 961 323 1041 (ὡς
384 963 470 1020 ἐπὶ
518 966 580 1020 τὸ
636 963 770 1021 πολὺ
831 966 932 1044 γὰρ
964 968 1106 1023 οὗτοι
1140 970 1185 1023 οἱ
1217 969 1283 1022 τὰ
1312 964 1552 1046 χρειώδη
1585 966 1882 1032 ἐξωνούμεο

224 1074 329 1130 νοι,
393 1053 477 1108 καὶ
537 1053 977 1132 πιπράσκοντες),
1042 1057 1092 1109 τί
1168 1052 1319 1133 ἄλλο,
1378 1054 1414 1123 ἢ
1476 1053 1629 1134 ἔργον
1686 1053 1885 1132 λῃστοῦ

224 1153 394 1219 ποιεῖ,
436 1144 499 1197 εκ
554 1148 834 1220 συμφορῶν
890 1142 1082 1221 ἑτέρων
1134 1140 1293 1222 κέρδη
1326 1143 1881 1221 πραγματευόμενοςς

226 1230 376 1293 Τίνος
428 1226 482 1285 δὲ
526 1228 703 1286 ἕνεκεν
745 1228 882 1296 ὅλως
934 1228 1178 1289 ἐκϐάλλει
1242 1233 1364 1297 τοὺς
1395 1233 1660 1296 τοιούτους
1706 1232 1765 1288 ἐκ
1794 1239 1885 1289 τοῦ

229 1321 419 1399 ἱεροῦ,
479 1322 585 1377 Οὔκ
635 1317 846 1399 ἀλόγως
881 1329 897 1352 ⁶
956 1318 1076 1376 ἀλλ’
1127 1320 1240 1377 ἐπεὶ
1285 1320 1507 1397 ἔμελλεν
1539 1322 1593 1379 ἐν
1624 1319 1884 1394 Σαϐϐάτῳ

223 1409 550 1487 θεραπεύειν,
606 1410 694 1465 καὶ
751 1408 1038 1489 παραλύειν
1093 1411 1183 1466 τὸν
1237 1410 1420 1486 νόμον,
1467 1410 1560 1467 ’ἵνα
1620 1413 1696 1486 μὴ
1762 1408 1883 1485 δόξῃ

226 1497 459 1560 ἀντίθεος
531 1498 700 1577 εἶναι,
785 1495 1077 1555 διοαθοῦται
1156 1499 1389 1556 ἐντεῦθεν
1465 1500 1564 1566 τὴν
1636 1500 1883 1565 τοιαύτην

222 1586 519 1661 ὑπόληψιν,
575 1586 646 1644 Οῦ
699 1588 797 1665 γὰρ
860 1585 921 1647 ἂν
967 1590 995 1643 6
1053 1596 1301 1644 τοσοῦτον
1348 1587 1508 1660 ζῆλον
1559 1586 1885 1657 ἐπιδειξάμεο

224 1698 313 1738 νος
366 1676 496 1753 ὑπὲρ
552 1683 642 1732 τοῦ
669 1676 844 1751 οἴκοῦ,
876 1678 967 1733 τὸν
998 1684 1091 1734 τοῦ
1136 1677 1290 1736 οἴκου
1336 1676 1596 1745 δεσπότην
1628 1680 1718 1735 τὸν
1754 1681 1884 1733 Θεὸν

228 1764 505 1831 ηθέτησεν.
567 1766 639 1822 Οὔ
696 1767 794 1844 γὰρ
849 1765 1030 1831 ἁπλῶς
1086 1764 1361 1846 ἒξέϐαλεν,
1424 1766 1561 1823 ἀλλά
1596 1769 1682 1823 καὶ
1742 1788 1881 1846 φρα-

223 1851 420 1930 γελλίῳ
468 1852 680 1929 πλεκτῷ
756 1856 988 1927 τύπτων,
1055 1856 1143 1911 καὶ
1213 1855 1528 1934 ἀνατρέπων
1601 1857 1696 1919 τὰς
1751 1877 1883 1934 τρα-

221 1942 409 2022 πέζας,
470 1944 556 1999 καὶ
614 1946 676 1999 τὸ
721 1943 915 2019 κέρμα,
950 1944 1067 2010 ἤτοι
1101 1946 1160 1999 τὸ
1190 1945 1426 2019 νόμισμα
1479 1949 1586 2000 τῶν
1631 1941 1882 2002 κολλυϐι-

226 2038 391 2105 στῶν,
451 2032 686 2112 ξκχέων,
755 2034 839 2089 καὶ
910 2031 1048 2111 ἔργῳ
1122 2031 1711 2112 παρακεκινδυνευμένη)
1766 2031 1883 2089 ἐπι-

223 2127 446 2201 χειρῶν.
508 2123 615 2179 Οῦκ
772 2122 861 2179 οῦν
919 2124 948 2178 6
1005 2123 1077 2184 εἷς
1151 2119 1383 2178 κίνδυνον
1442 2122 1643 2197 ῥίπτων
1702 2122 1886 2178 ἑαυτὸν

223 2209 351 2288 ὑπὲρ
394 2219 485 2268 τοῦ
543 2212 695 2269 οἴκου
745 2218 835 2268 τοῦ
894 2213 1045 2282 Θεοῦ,
1128 2210 1351 2289 παρέλυε
1418 2211 1509 2267 τὸν
1576 2211 1739 2287 νόμον
1794 2218 1887 2268 σοῦ

224 2306 357 2357 Θεοῦ
399 2302 472 2364 ὡς
526 2300 783 2380 ἀντίθεος,
832 2298 969 2356 ἀλλὰ
1016 2300 1229 2362 πάντως
1262 2302 1340 2362 ὡς
1375 2301 1495 2363 Υἱὸς
1522 2301 1622 2381 ὢν,
1657 2301 1745 2356 καὶ
1786 2300 1886 2366 τὴν

222 2388 352 2456 ’ίσην
406 2387 641 2453 ἐξουσίαν
696 2389 843 2469 ἔχων
886 2394 962 2463 τῷ
997 2395 1113 2463 Θεῴ
1162 2390 1250 2447 καὶ
1299 2389 1487 2469 Πατρὶ,
1519 2390 1597 2465 τῷ
1651 2390 1740 2445 καὶ
1794 2390 1885 2444 τὸν

223 2480 343 2556 περὶ
395 2489 488 2537 τοῦ
543 2476 814 2536 Σαϐϐέτου
857 2500 1021 2547 νομον
1081 2475 1249 2539 δόντι.
1301 2480 1393 2534 Διὸ
1425 2476 1541 2535 οῦδὲ
1573 2481 1697 2535 εἶπε
1733 2494 1747 2508 ⁸
1784 2480 1884 2535 Τὸν

227 2570 381 2624 οἷκον
440 2577 529 2626 τοῦ
580 2574 731 2647 Θεοῦ,
768 2565 925 2638 ἀλλὰ,
969 2591 996 2622 α
1031 2568 1130 2626 Τὸν
1162 2571 1315 2624 οἷκον
1345 2575 1437 2626 τοῦ
1479 2567 1683 2646 Πατρός
1714 2582 1879 2641 μουί

227 2654 473 2712 δεικνύων
530 2654 609 2712 ὅτι
672 2654 979 2737 ἐξουσιάζει,
1045 2659 1120 2720 ὡς
1180 2658 1320 2726 Υἱὸς,
1374 2662 1478 2713 τῶν
1530 2663 1623 2712 τοῦ
1684 2658 1889 2736 Πατρὸς

228 2746 457 2803 πάντων.
498 2743 847 2803 Κολλυϐισταὶ
891 2744 945 2801 δὲ
981 2747 1108 2801 εἰσὶν
1154 2747 1199 2803 οἱ
1256 2747 1321 2801 τὰ
1365 2743 1534 2802 λεπτὰ
1590 2745 1889 2821 νομίσματα

235 2836 563 2917 πωλοῦντες,
621 2836 738 2903 ἤτοι
809 2838 930 2899 τοῦς
990 2837 1277 2912 νούμμους.
1335 2833 1600 2898 Κόλλυϐος
1650 2838 1748 2914 γὰρ
1792 2836 1887 2893 λέ-

234 2947 382 3005 γεται
412 2928 474 2982 τὸ
533 2916 727 2983 λεπτὸν
763 2925 999 3001 νόμισμα
1044 2924 1167 3004 παρ’
1215 2916 1515 3003 ”Ελλησιν,
1566 2925 1595 2980 ὃ
1628 2916 1887 2999 Ῥωμαῖοι

233 3022 470 3090 νοῦμμον
555 3015 892 3089 ὀνομάζουσι.
978 3012 1173 3071 Πολλοὶ
1257 3015 1344 3069 καὶ
1408 3013 1515 3070 τῶν
1587 3011 1888 3091 ἀρχιερέων

1963 537 1996 580 a
2028 522 2391 601 pauperibus
2437 523 2708 585 fortassis
2757 532 2814 586 et
2844 525 3035 586 viduis
3064 525 3301 587 lucrum
3331 526 3620 601 corradit,

1966 607 2116 668 sicut
2136 612 2322 671 ferme
2347 610 2540 672 solent
2568 611 2628 673 hi
2649 613 2750 693 qui
2774 612 3115 675 necessaria
3144 614 3624 695 venditant,quid

1965 696 2124 758 aliud
2162 717 2335 778 quam
2391 718 2539 779 opus
2580 699 2833 762 latronis
2864 700 3028 778 facit,
3078 720 3149 764 ex
3181 703 3627 767 calamitatibus

1967 784 2218 874 aliorum
2245 786 2408 849 lucra
2439 788 2849 868 comportans?
2880 789 2951 851 Et
2985 809 3169 871 quare
3188 791 3322 853 illos
3344 812 3376 854 e
3403 791 3623 874 templo

1967 873 2155 954 ejicit?
2171 873 2299 937 Non
2324 876 2802 951 immerito.Quia
2824 879 2983 940 enim
3003 880 3064 941 in
3102 878 3361 945 Sabbato
3378 873 3620 945 sanatu-

1964 980 2066 1023 rus
2097 978 2245 1038 erat,
2282 975 2339 1027 et
2370 967 2675 1029 soluturus
2704 967 2897 1045 legem
2929 986 2943 1030 ε
2976 976 3041 1029 ιιι
3073 987 3147 1031 ne
3183 970 3452 1033 videatur
3473 990 3620 1033 con-

1969 1052 2185 1114 trarius
2217 1052 2363 1126 Deo,
2416 1056 2659 1135 corrigit
2712 1057 2822 1118 hoc
2874 1057 3007 1119 loco
3055 1058 3397 1139 opinionem
3431 1060 3621 1124 illam.

1966 1143 2175 1222 Neque
2194 1142 2354 1204 enim
2392 1151 2617 1205 tantum
2649 1145 2839 1207 zelum
2874 1155 3119 1228 propter
3142 1147 3386 1210 domum
3416 1158 3623 1210 osten—

1968 1229 2465 1312 dens,sprevisset
2490 1234 3017 1307 Deum,dominum
3051 1235 3430 1300 domus.Non
3463 1238 3623 1299 enim

1968 1318 2322 1400 simpliciter
2350 1320 2536 1401 ejicit,
2566 1323 2669 1383 sed
2703 1331 2762 1384 et
2790 1324 3023 1403 ﬂagello
3059 1324 3232 1406 plexo
3258 1326 3543 1406 percutit,
3568 1334 3627 1387 et

1967 1406 2250 1470 subvertit
2273 1420 2719 1490 mensas,etms,
2753 1411 2865 1473 hoc
2889 1420 2977 1474 est
2996 1414 3313 1494 pecuniam
3339 1432 3624 1476 nummu-

1968 1495 2249 1582 lariorum
2283 1498 2533 1561 effundit
2597 1499 2668 1561 Et
2692 1519 2841 1581 opus
2876 1502 3276 1582 periculosum
3308 1512 3625 1580 attentans,

1968 1578 2086 1646 non
2109 1605 2173 1647 se
2204 1587 2264 1647 in
2285 1588 2617 1667 periculum
2643 1578 3001 1669 conjecisset
3024 1609 3128 1672 pro
3151 1591 3328 1653 domo
3354 1592 3485 1667 Dei,
3512 1578 3632 1654 sol-

1905 1692 2110 1767 Egens
2154 1675 2346 1767 legem
2394 1679 2502 1741 Dei
2553 1688 2618 1740 ut
2665 1680 3042 1743 adversarius
3077 1700 3092 1740 :
3127 1680 3231 1742 sed
3283 1681 3531 1743 omnino
3565 1690 3628 1743 ut

1967 1762 2151 1826 Filius
2168 1764 2670 1848 Dei,etaequalem
2693 1768 2923 1830 habens
2942 1777 3291 1849 potestatem
3319 1769 3497 1847 Patri,
3526 1777 3627 1850 qui

1968 1852 2157 1930 legem
2190 1853 2265 1916 de
2296 1856 2554 1918 Sabbato
2588 1865 2896 1922 statuerat.
2930 1856 3070 1919 Ideo
3094 1866 3291 1920 autem
3328 1877 3443 1920 non
3478 1858 3628 1919 dixit

1967 1942 2209 2005 domum
2245 1946 2372 2021 Dei,
2408 1946 2514 2007 sed
2555 1946 2831 2008 «domum
2858 1948 3050 2010 Patris
3074 1948 3215 2021 mei,
3242 1971 3269 2004 ι
3305 1949 3627 2011 ostendens

1968 2034 2122 2112 quod
2157 2041 2515 2114 potestatem.
2540 2033 2754 2096 habeat
2782 2036 3145 2098 sicutFilius
3178 2037 3238 2097 in
3261 2037 3461 2098 omnia
3492 2055 3626 2118 qua
3663 2032 3668 2037 ’

1970 2121 2159 2183 Patris
2180 2131 2370 2185 erant.
2407 2122 2796 2185 Nummularii
2821 2134 3044 2199 autem,
3069 2125 3169 2207 qui
3190 2133 3249 2187 et
3278 2126 3621 2207 collybistw,

1971 2220 2109 2271 sunt
2124 2211 2182 2272 hi
2205 2212 2304 2291 qui
2323 2231 2498 2293 parva
2517 2213 2870 2274 numismata
2884 2214 3453 2296 vendunt.Collybos
3467 2216 3628 2277 enim

1967 2301 2121 2377 apud
2141 2299 2308 2363 Graec
2324 2321 2336 2327 ·
2352 2320 2379 2362 s
2401 2303 2693 2363 minutum
2718 2304 3018 2365 numisma
3039 2311 3147 2378 est,
3184 2304 3344 2385 quod
3375 2303 3629 2366 Romani

1970 2408 2275 2450 nummum
2308 2400 2538 2453 vocant.
2575 2392 2747 2454 Multi
2798 2402 2996 2454 autem
3046 2409 3117 2454 ex
3151 2392 3535 2473 pontiﬁcibus
3564 2394 3626 2454 in

1969 2478 2125 2540 hunc
2159 2480 2399 2541 modum
2462 2489 2732 2561 peccant.
2788 2482 2937 2544 Nam
2989 2492 3048 2542 et
3083 2481 3198 2561 ipsi
3231 2482 3628 2561 negotiatores

1972 2567 2229 2629 vendunt
2249 2567 2428 2632 boves
2453 2569 2513 2630 in
2538 2570 2834 2632 ecclesia:
2869 2570 2983 2632 hoc
3015 2581 3125 2642 est,
3149 2571 3250 2651 qui
3282 2578 3630 2651 praestantes

1974 2658 2191 2719 suntin
2214 2659 2392 2721 verbo
2413 2660 2720 2741 doctrinae,
2752 2678 2870 2720 non
2902 2670 3233 2735 assumunt,
3260 2661 3363 2721 sed
3390 2662 3629 2722 tradunt

1973 2747 2065 2810 his
2094 2750 2191 2828 qui
2216 2748 2478 2828 affligere
2506 2749 2736 2809 volunt.
2787 2747 3039 2829 Insuper
3084 2756 3142 2809 et
3168 2766 3324 2823 oves,
3361 2749 3473 2810 hoc
3503 2757 3617 2824 est,

1971 2837 2393 2916 simpliciorem
2420 2847 2475 2898 et
2497 2856 2878 2899 communem
2902 2837 3619 2919 populumzctcolumbas,

1971 2923 2083 2985 hoc
2102 2925 2553 3005 est,spiritualia
2575 2927 2732 2987 dona
2751 2925 3105 3000 vendunt,et
3136 2928 3395 3006 majores
3424 2927 3618 3005 digni-

1972 3020 2119 3074 tates
2139 3014 2451 3075 conferunt
2478 3014 2568 3076 his
2620 3015 2722 3095 qui
2771 3015 2938 3094 plura
2960 3014 3101 3077 dant
3125 3032 3139 3077 :
3164 3034 3314 3096 quos
3336 3016 3624 3079 Dominus

232 3103 583 3183 ἁμαρτάνουσι
643 3110 880 3175 τοιαῦτα,
928 3104 1022 3159 οἶα
1052 3102 1173 3158 τότε
1218 3104 1265 3157 οἱ
1313 3099 1574 3178 κάπηλοι,
1606 3102 1728 3164 τοῦς
1759 3100 1884 3176 βόας

1974 3101 2137 3180 ejicit
2157 3102 3017 3185 etemplo,indignosjudicaus
3037 3104 3478 3167 sacerdotioAt
3499 3106 3624 3169 haec

230 3192 529 3254 πωλοῦντες
585 3192 640 3247 έν
682 3197 751 3268 τῇ
793 3191 1113 3264 Ἐκκλησία,
1173 3189 1316 3268 λέγω
1377 3187 1470 3270 δὴ,
1501 3190 1623 3252 τοῦς
1655 3188 1709 3244 ἐν
1745 3188 1890 3267 λόγῳ

234 3278 588 3355 διδασκαλικῷ
644 3278 1029 3360 διαπρέποντας
1102 3280 1180 3355 μὴ
1249 3280 1704 3355 περιποιούμενοι,
1773 3277 1890 3334 ἀλλ’

228 3368 517 3435 ἱκδιδόντες
575 3380 692 3434 τοῖς
750 3382 1068 3449 κακουργεῖν
1151 3365 1498 3445 βουλομένοις
1535 3382 1549 3395 ’
1615 3366 1752 3423 ἀλλά
1807 3367 1893 3424 καὶ

232 3461 292 3517 τα
342 3456 602 3538 πρόϐατα,
651 3462 741 3516 τὸν
797 3458 1143 3540 ἀφελέστερον
1201 3458 1289 3513 καὶ
1348 3457 1525 3514 κοινὸν
1597 3454 1751 3529 λαὸν,
1806 3466 1892 3519 καὶ

232 3549 324 3612 τὰς
396 3550 729 3627 περιστερὰς,
822 3551 885 3604 τα
962 3547 1288 3622 πνευματικά
1369 3568 1507 3627 φημι
1560 3546 1889 3626 χαρίσματα,

237 3638 645 3717 πιπράσκοντες,
704 3640 789 3696 καὶ
848 3639 969 3701 τοῦς
1028 3635 1245 3695 πλείονα
1296 3634 1560 3705 διδόντας,
1606 3647 1726 3701 τοῖς
1768 3634 1890 3710 μεί-

235 3736 345 3798 ζοσι
405 3728 636 3804 βαθμοῖς
686 3728 1165 3807 ἑγκατατάττοντες
1200 3743 1213 3757 ⁶
1262 3727 1349 3791 οὒς
1393 3728 1421 3781 6
1474 3726 1660 3804 Κύριος
1705 3723 1865 3781 ὲκϐάλ

234 3816 311 3872 λει
355 3824 448 3874 τοῦ
495 3817 656 3897 ἱεροῦ,
733 3817 967 3882 ἀναξίους
1046 3837 1145 3882 της
1221 3814 1619 3894 ἀρχιερωσύνης
1676 3816 1885 3893 κρίνων,

234 3903 400 3963 Ἀλλά
455 3904 552 3963 κᾶν
610 3929 689 3971 τις
734 3906 904 3982 κέρμα
955 3906 1042 3963 καὶ
1098 3905 1357 3984 νόμισμα,
1404 3902 1521 3971 ἤτοι
1586 3902 1758 3983 δόγμα
1801 3905 1887 3960 καὶ

236 3996 417 4075 λόγον,
480 3995 662 4069 πωλῆ,
693 3998 781 4053 καὶ
813 3996 978 4075 τυχὸν
1007 3991 1315 4055 διδάσκαλος
1369 3992 1464 4071 ὢν,
1499 3992 1558 4049 οῦ
1587 3991 1886 4070 καταγγέλ-

233 4083 312 4140 λει
370 4086 460 4141 τὸ)
517 4086 699 4164 λόγον,
754 4087 797 4141 εἰ
855 4086 932 4160 μὴ
990 4080 1167 4163 κέρδος
1242 4081 1381 4162 ἔχει,
1443 4083 1531 4137 καὶ
1571 4082 1757 4138 τούτου
1788 4083 1884 4150 τὴν

232 4175 490 4252 τράπεζαν
534 4173 819 4247 ἀνατρέπει
848 4176 876 4229 6
939 4172 1149 4252 Κύριος,
1215 4174 1305 4228 τὸν
1363 4170 1545 4250 θρόνον
1603 4168 1747 4249 λέγω
1788 4168 1883 4237 τῆς

232 4260 588 4339 διδασκαλίας,
646 4264 735 4319 καὶ
792 4263 884 4319 τὸν
944 4260 1129 4338 λόγον,
1190 4260 1247 4316 ὃν
1303 4258 1507 4325 ἐκεῖνος
1558 4258 1771 4338 συνέχει
1800 4257 1885 4315 διὰ

1974 3191 2025 3250 si
2056 3191 2187 3271 quis
2218 3210 2297 3253 as
2323 3194 2379 3253 et
2430 3211 2762 3268 nummum,
2804 3194 2914 3257 hoc
2938 3202 3051 3276 est,
3086 3202 3144 3258 et
3173 3212 3513 3257 sermonem
3567 3204 3626 3257 et

1974 3280 2188 3357 dogma
2210 3281 2508 3362 vendat,et
2540 3282 2807 3345 fortassis
2831 3303 2965 3345 cum
2989 3283 3068 3346 sit
3099 3285 3331 3365 doctor,
3365 3303 3483 3346 non
3514 3303 3621 3348 an-

1975 3372 2210 3433 nuntiet
2259 3371 2532 3456 verbum,
2585 3371 2700 3456 nisi
2745 3372 3247 3456 lucrumhabeat,
3284 3375 3461 3435 etiam
3493 3376 3623 3456 ejus

1979 3468 2242 3513 mensam
2274 3451 2560 3514 subvertit
2590 3452 3111 3528 Dominus,sedem
3142 3453 3278 3515 dico
3308 3451 3617 3530 doctrinae,

1976 3549 2034 3600 et
2056 3558 2394 3603 sermonem
2419 3560 2593 3623 quem
2618 3541 2720 3604 ille
2766 3543 3011 3604 cohibet
3039 3552 3284 3624 propter
3315 3544 3621 3625 malitiam,

1976 3629 2114 3690 557
2149 3650 2267 3693 non
2301 3631 2448 3692 dans
2479 3630 2643 3693 illum
2677 3632 2954 3693 omnibus
2984 3650 3159 3713 quem
3214 3633 3500 3695 Dominus
3528 3635 3626 3696 Je-

1978 3739 2081 3780 sus
2097 3739 2201 3800 per
2214 3720 2681 3782 misericordiam
2697 3720 3315 3801 eﬂ‘undit.populisque
3327 3721 3622 3797 dat,illum

1974 3810 2260 3891 quidema
2286 3810 2615 3890 principatu
2639 3810 2949 3891 dejiciens,
2977 3820 3032 3872 et
3049 3810 3229 3871 alium
3254 3810 3314 3871 in
3338 3812 3624 3872 doctrina

1974 3899 2177 3961 sedem
2194 3901 2511 3963 collocans.
2525 3901 2840 3964 llecordati
2854 3900 3482 3982 suntautemdiscipuli
3494 3901 3624 3981 ejus

1970 3988 2130 4069 quod
2154 3989 2438 4070 scriptum
2464 3989 2772 4065 sit,uZelus
2798 3989 3011 4051 domus
3035 3998 3148 4051 tua;
3169 3991 3431 4052 comedit
3456 4008 3614 4053 me.)

1969 4078 2257 4141 Paulatim
2272 4078 2811 4141 enimincrementa
2822 4078 3624 4161 bonisumentes.etScriptu-

1967 4185 2165 4229 rarum
2188 4166 2771 4240 recordantur,unde
2793 4168 3131 4230 testimonia
3148 4166 3622 4248 recipiendo,fir-

1969 4259 2217 4318 miorem
2246 4256 2322 4320 de
2342 4256 2574 4319 Christo
2598 4258 2910 4319 scientiam
2936 4258 3091 4338 apud
3120 4276 3187 4320 se
3228 4256 3616 4319 constituunt.

232 4353 440 4433 κακίαν,
473 4354 551 4429 μὴ
580 4350 749 4417 διδοὺς
780 4352 935 4408 αὐτὸν
965 4356 1152 4429 πᾶσιν,
1184 4350 1243 4406 ὃν
1275 4350 1303 4404 ό
1362 4350 1547 4428 Κύριος
1609 4346 1816 4415 Ἰησοῦς
1852 4347 2032 4428 ἕκχέει
2087 4349 2173 4402 διὰ
2222 4348 2635 4427 φιλανθρωπίαν,
2680 4350 2767 4404 καὶ
2816 4362 2931 4412 τοῖς
2964 4347 3119 4433 λαοῖς
3149 4346 3382 4420 δίδωσιν,
3415 4347 3619 4405 ἐκεῖνον

232 4444 329 4520 μὲν
360 4428 641 4521 παραλύων
668 4446 767 4509 τῆς
800 4441 1007 4520 ἀρχῆς,
1041 4428 1205 4495 ἄλλον
1262 4437 1348 4521 δὲ⁸
1380 4439 1470 4494 τὸν
1526 4437 1670 4503 ἀξιον
1726 4436 1812 4494 ἐπὶ
1867 4439 1957 4493 τὸν
2014 4437 2110 4504 τῆς
2170 4435 2509 4501 διδασκαλίας
2562 4437 2742 4516 θρόνον
2806 4438 3050 4509 καθίζων.
3093 4428 3620 4512 Ἐμνήσθησανᾶοἱ

233 4518 485 4608 μαθηταὶ,
518 4530 597 4588 ὅτι
631 4518 1001 4611 γεγραμμένον
1036 4528 1178 4585 ἐστίν
1212 4543 1225 4557 ⁸
1270 4548 1299 4585 ι
1335 4518 1393 4585 Ὀ
1424 4526 1594 4599 ζῆλος
1625 4532 1719 4583 τοῦ
1750 4524 1904 4586 οἴκου
1927 4549 2020 4585 σου
2050 4526 2315 4607 κατέφαγέ
2348 4548 2438 4601 με.
2480 4551 2502 4582 ι
2543 4528 2686 4584 Κατὰ
2715 4527 2890 4607 βραχὺ
2918 4528 3019 4604 γὰρ
3047 4529 3148 4594 την
3176 4526 3259 4581 ἰπὶ
3286 4528 3348 4582 τὸ
3376 4539 3622 4605 κρεῖττον

233 4620 459 4684 ιπίῖοσιν
489 4617 872 4697 λαμϐάνοντες,
903 4615 1007 4686 ἤδη
1043 4619 1132 4675 καὶ
1162 4622 1269 4673 τῶν
1299 4621 1520 4696 Γραφῶν
1551 4617 2070 4691 ἀναμιμνήσκονται,
2119 4616 2367 4672 κάκεῖθεν
2423 4618 2517 4681 τὰς
2550 4616 2832 4693 μαρτυρίας
2864 4614 3247 4693 λαμϐάνοντες,
3281 4612 3620 4694 βεϐαιοτέραν

233 4710 329 4777 τὴν
359 4711 475 4789 περὶ
510 4716 735 4787 Χριστοῦ
778 4713 972 4787 γνῶσιν
1017 4707 1339 4765 καθιστῶσιν
1370 4706 1602 4772 ἑαυτοῖς.

319 4823 346 4855 ιι
394 4798 782 4878 Ἀπεκρίθησαθ
810 4797 897 4855 οῦν
945 4801 992 4855 οἱ
1038 4795 1307 4876 Ἰουδαῖοι,
1359 4797 1448 4853 καὶ
1495 4797 1653 4853 εἶπον
1696 4797 1839 4873 αῦτῷ
1870 4814 1884 4830 ⁸

2056 4796 2228 4857 Vens.
2265 4794 2462 4858 18-22.
2499 4818 2523 4848 α
2562 4793 3021 4875 Responderunt
3049 4812 3189 4874 ergo
3221 4793 3497 4875 Judaei,et
3519 4792 3619 4854 di-

233 4892 289 4947 Τί
347 4901 577 4966 σημεῖον
634 4886 884 4951 δεικνύεις
947 4887 1112 4965 ἡμῖν,
1165 4884 1246 4943 ὅτι
1290 4892 1455 4943 ταῦτα
1498 4899 1674 4949 ποιεῖς
1710 4906 1726 4968 ς
1758 4886 1884 4944 Ἀπ-

1972 4893 2186 4945 xerunt
2216 4884 2303 4945 ei:
2362 4883 2529 4957 Quod
2561 4884 2790 4963 signum
2824 4885 3091 4947 ostendis
3119 4883 3290 4945 nobis
3321 4883 3478 4963 quod
3510 4887 3647 4944 ista

233 4980 409 5056 εκρίθη
452 4980 480 5034 6
523 4976 753 5053 Ἰησοῦς,
800 4978 888 5034 καὶ
932 4980 1085 5033 εἶπεν
1131 4975 1316 5041 αὐτοῖς
1346 4992 1361 5007 ⁶
1412 4975 1613 5032 Λύσατε
1642 4977 1734 5031 τὸν
1764 4979 1884 5033 ναὸν

1974 4972 2202 5034 facias?
2255 4971 2586 5054 Respondit
2642 4974 2836 5046 .lesus,
2888 4983 2946 5034 et
2976 4973 3125 5034 dixit
3153 4974 3283 5035 eis:
3322 4971 3621 5034 Destruite

231 5074 441 5149 τοῦτον,
480 5068 568 5123 καὶ
612 5070 668 5123 liv
724 5069 886 5146 τρισὶν
940 5065 1163 5144 ἡμέραις
1250 5064 1419 5144 ἐγερῶ
1472 5065 1651 5124 αὐτόν.
1718 5066 1884 5121 Εἶπον

1976 5063 2259 5149 templum
2294 5066 2427 5145 hoc,
2472 5073 2528 5123 et
2578 5062 2638 5123 in
2674 5062 2866 5123 tribus
2914 5062 3128 5124 diebus
3174 5061 3395 5141 erigam
3445 5061 3614 5123 illud.

230 5156 318 5214 οὗν
378 5159 424 5214 0i
480 5153 726 5216 Ἰουδαῖοι
761 5170 776 5187 ⁸
840 5155 1243 5235 Τεσσαράκοντα
1301 5155 1387 5209 καὶ
1432 5150 1485 5217 ’ἐξ
1540 5152 1710 5210 ἔτεσιν
1739 5155 1884 5229 ᾠκο-

1970 5148 2257 5212 Dixerunt
2273 5170 2416 5231 ergo
2432 5152 2618 5214 Judaei
2644 5172 2657 5211 :
2679 5149 3078 5231 Quadraginta
3097 5170 3197 5213 sex
3220 5150 3393 5211 annis
3424 5159 3618 5213 extru-

231 5242 437 5321 ὼμήθη
498 5248 525 5302 6
568 5247 692 5309 ναὸς
722 5244 898 5317 οὗτος,
944 5246 1032 5300 καὶ
1075 5244 1137 5299 σύ
1180 5242 1233 5298 ὶν
1285 5244 1450 5321 τρισὶν
1479 5242 1702 5322 ἡμέραις
1758 5246 1882 5322 εγε-

1971 5247 2129 5301 ctum
2159 5248 2248 5301 est
2277 5242 2559 5321 templum
2580 5241 2783 5317 hoc,et
2806 5248 2865 5300 tu
2897 5240 2957 5302 in
2985 5239 3173 5302 tribus
3195 5238 3408 5301 diebus
3426 5240 3619 5319 eriges

236 5350 347 5417 ρεῖς
408 5336 613 5416 αὐτόν,
674 5331 914 5397 Ἐκεῖνος
964 5331 1018 5389 δὲ
1078 5331 1227 5410 ἔλεγε
1289 5331 1407 5409 περὶ
1465 5339 1558 5388 τοῦ
1627 5334 1751 5388 ναοῦ
1801 5334 1884 5389 τοῦ

1975 5327 2158 5390 illud?
2174 5330 2245 5390 At
2270 5330 2372 5391 ille
2395 5330 2632 5392 dicebat
2657 5327 2732 5389 de
2766 5329 2990 5410 templo
3019 5328 3289 5417 corporis
3319 5327 3432 5391 sui.
3466 5330 3615 5390 Cum

237 5427 483 5503 σώματος
540 5424 719 5485 αἱτοῦ.
751 5421 883 5481 ’Ὅτε
942 5424 1029 5479 οὖν
1071 5419 1272 5499 ἠγέρθη
1333 5418 1393 5475 ἔκ
1440 5424 1662 5499 νεκρῶν,
1716 5421 1884 5496 ὶμνήε

1974 5436 2114 5496 ergo
2139 5419 2565 5481 resurrexisset
2594 5436 2628 5479 a
2649 5417 2919 5493 mortuis,
2940 5416 3239 5480 recordati
3263 5425 3403 5478 sunt
3429 5417 3615 5479 disci-

238 5517 436 5582 σθησαν
485 5516 531 5571 οἱ
587 5513 817 5589 μαθηταὶ
875 5512 1056 5587 αῦτοῦ,
1128 5508 1207 5568 ὅτι
1253 5518 1408 5568 τοῦτο
1450 5508 1643 5589 ἔλεγεν
1681 5511 1884 5587 αὐτοῖς,

1977 5505 2093 5588 puli
2128 5506 2256 5585 ejus
2288 5509 2443 5589 quod
2495 5509 2608 5571 hoc
2638 5504 2905 5589 dixisset,
2946 5518 3004 5571 et
3034 5505 3423 5571 crediderunt
3452 5504 3617 5570 Scri-

234 5606 320 5660 καὶ
370 5588 682 5661 ιπίστευσαν
738 5608 807 5677 τῇ
868 5606 1073 5682 Γραφῇ,
1106 5599 1194 5657 καὶ
1222 5605 1300 5673 τῷ
1358 5598 1504 5678 λόγῳ
1638 5588 1803 5657 ἐἶπεν
1862 5603 1884 5656 6

1974 5605 2187 5677 pturse,
2206 5605 2265 5659 et
2282 5588 2544 5661 sermoni
2564 5613 2741 5678 quem
2762 5588 2990 5660 dixerat
3006 5595 3205 5661 .lesus.
3232 5619 3257 5653 υ
3295 5598 3616 5677 Postquam
