4070 6224
3413 338 3565 407 1202
3610 314 3613 317 ’

180 343 325 409 1201
888 342 1334 407 ENARRATIO
1379 342 1460 404 1N
1510 336 2012 407 EVANGELIUM
2059 338 2402 411 JOANNIS.
2442 376 2503 387 -—
2557 344 2719 431 CAP.
2772 343 2881 405 III.

185 476 265 534 ὅτι
309 477 525 560 ἄψυχος
555 478 624 548 ἧν
652 481 687 547 ἡ
716 481 809 536 τοῦ
858 476 1047 555 Κυρίου
1094 472 1241 552 σὰρξ,
1298 469 1596 560 φησὶν,ᾼδτι
1629 467 1845 560 Ἐπειδὴ

1932 486 2087 560 mam
2118 472 2200 553 75,
2231 498 2258 530 ι
2293 475 2592 556 quomodo
2618 494 2691 555 ea
2730 476 3043 556 intelligis?
3073 475 3238 551 Quod
3270 475 3322 540 si
3353 482 3413 539 tu
3444 496 3562 543 non

178 568 302 630 ναὸς
359 557 573 645 λέγεται
620 569 655 636 ἡ
701 565 852 647 σὰρξ,
896 563 1110 645 ἄψυχος
1154 562 1209 619 δὲ
1253 564 1281 619 6
1312 562 1461 636 ναὸς,
1496 557 1710 648 ἄψυχος
1739 557 1837 637 ἄρα

1932 557 1995 621 de
2020 562 2257 625 mentali
2290 572 2350 625 et
2378 564 2652 627 rationali
2692 566 2889 628 anima
2937 566 3061 629 lnec
3118 565 3274 630 dicta
3320 566 3560 648 asseris,

184 658 272 711 καὶ
326 654 485 723 αὕτη.
545 654 909 736 Ἐμϐρόντησε
963 655 1053 710 καὶ
1128 651 1428 730 πολύτροπε
1462 669 1477 684 ⁸
1540 650 1602 706 σὺ
1654 647 1708 704 δὲ
1750 648 1838 705 καὶ

1932 666 2035 729 quo
2069 652 2295 716 referes
2323 654 2461 734 hoc,
2494 678 2517 709 α
2545 657 2740 729 Pater,
2768 656 2826 718 in
2860 674 3069 723 manus
3106 663 3236 717 tuas
3260 673 3565 721 commen-

186 743 310 810 ξύλα
359 748 445 804 καὶ
500 744 671 812 λίθους
722 746 970 814 ποιήσεις
1234 748 1329 798 τοῦ
1388 739 1571 818 Κυρίου
1640 737 1832 827 σάρκα,

1932 738 1993 799 lo
2016 741 2287 820 spiritum
2320 762 2518 806 meum
2538 743 2888 827 7‘?»Utique
2912 746 2990 809 de
3016 744 3343 807 irrationali
3365 744 3563 821 anima

188 833 370 903 ἐπειδὴ
428 835 488 891 ἐκ
534 835 733 893 τούτων
762 835 790 891 6
832 832 1002 910 ναός;
1037 822 1214 891 ”οταν
1245 829 1300 887 δὲ
1349 830 1581 907 ἀκούσῃς
1610 833 1700 885 τοῦ
1721 824 1834 887 Κυι-

1932 846 2035 889 ion
2067 829 2455 895 intellexeris.
2480 832 2563 896 De
2584 834 2697 897 hoc
2719 822 2938 911 autem,
2971 857 2999 895 ‹
3023 836 3157 899 Non
3178 834 3563 915 derelinques

188 924 322 1002 ρίου,
374 944 399 975 α
456 934 560 983 Nov
623 923 660 991 ἦ
732 924 887 1002 ψυχή
963 943 1065 998 μου
1134 920 1449 999 τετάρακται
1484 936 1502 955 ⁶
1552 941 1580 973 n
1628 916 1715 974 καὶ
1752 915 1833 973 ὅτι

1932 916 2171 981 lnimam
2222 939 2413 983 meam
2442 921 2500 985 in
2528 922 2792 998 inferno,
2822 948 2850 983 ι
2884 923 3024 1005 quid
3062 923 3166 986 tibi
3194 923 3459 987 videtur?
3488 924 3563 988 At

193 1033 216 1067 ι
261 1012 526 1079 Ἐξουσίαν
584 1012 701 1094 ἔχω
750 1016 921 1070 θεῖναι
952 1011 1051 1078 τὴν
1082 1011 1267 1091 ψυχήν
1300 1032 1425 1085 μου,
1458 1027 1487 1067 ι
1524 1013 1639 1071 πῶς
1667 1013 1833 1064 ταῦτα

1932 1024 1975 1067 .u
2003 1026 2120 1070 una
2150 1027 2283 1071 cum
2316 1011 2434 1072 tuis
2458 1030 2689 1092 pereas.

188 1115 332 1164 νοεῖς
367 1121 384 1182 ς
426 1102 482 1161 Εἰ
511 1100 565 1158 δὲ
606 1102 667 1160 o6
699 1104 817 1178 περὶ
889 1101 989 1167 τῆς
1052 1097 1279 1176 λογικῆς
1324 1099 1413 1155 καὶ
1456 1101 1638 1176 νοερᾶς
1681 1102 1845 1182 ταῦτα
1911 1098 2098 1176 ψυχῆς
2152 1100 2254 1179 φὴς
2312 1098 2582 1179 λέγεσθαι,
2652 1105 2735 1176 τὸ,
2791 1127 2817 1159 α
2864 1103 3060 1181 Πάτερ,
3106 1104 3183 1159 eia
3239 1105 3433 1182 χεῖράς
3472 1125 3565 1161 σου

190 1181 512 1269 παρατίθημι
540 1193 603 1248 τὸ
645 1190 853 1266 πνεῦμά
883 1212 1011 1265 μου,
1048 1212 1076 1244 ι
1139 1210 1240 1245 που
1299 1188 1480 1257 θήσεις
1516 1208 1533 1263 ς
1592 1184 1651 1243 οὔ
1680 1184 1780 1262 γὰρ
1822 1181 1996 1272 δὴπου
2042 1188 2160 1266 περὶ
2215 1194 2313 1256 τῆς
2343 1189 2541 1268 ἀλογου
2572 1197 2756 1272 ψυχῆς
2789 1194 2874 1249 καὶ
2904 1195 3055 1250 τοῦτο
3087 1181 3319 1262 νοήσεις.
3356 1194 3425 1261 Τὸ
3482 1189 3562 1269 δὲ,

188 1305 205 1335 ε
243 1284 352 1340 Οῦκ
382 1279 784 1359 ἐγκαταλείψεις
818 1280 917 1347 τὴν
948 1278 1134 1359 ψυχὴν
1164 1299 1266 1354 μου
1296 1279 1371 1341 είς
1415 1275 1570 1357 ᾅδην³
1611 1297 1634 1332 υ
1668 1272 1720 1330 τί
1748 1294 1829 1328 σοι
1862 1270 2010 1332 δοκεῖ
2042 1296 2058 1357 ;
2095 1276 2260 1334 Ἀλλά
2292 1280 2352 1334 σὺ
2387 1280 2484 1353 μὲν
2516 1270 2723 1360 φθείρου
2752 1284 2888 1358 μετά
2916 1287 3021 1339 τῶν
3053 1289 3180 1339 σῶν.

819 1390 1074 1446 ΚΕΦΑΛ.
1104 1382 1194 1443 Γ¹.

190 1483 312 1555 Περὶ
346 1488 438 1539 τοῦ
496 1479 800 1555 Νικοδήμου
857 1479 947 1536 καὶ
1005 1477 1204 1545 Ἰησοῦ.
1252 1478 1376 1554 Περὶ
1423 1483 1515 1535 τοῦ
1545 1472 1720 1544 Ἰησοῦ
1748 1476 1836 1533 καὶ

408 1560 653 1620 Ἰωάννου
684 1561 1071 1637 βαπτιζόντων,
1101 1560 1223 1636 Περὶ
1254 1561 1607 1636 καθαρισμοῦ.

275 1678 298 1711 ι
351 1646 441 1720 Ὠς
472 1653 527 1711 δὲ
556 1655 622 1723 ἧν
679 1654 734 1711 ἐν
794 1665 913 1717 τοῖς
961 1643 1347 1731 Ἰεροσολύμοις
1372 1652 1427 1707 ἐν
1455 1658 1531 1725 τῷ
1559 1652 1753 1731 Πάσχα
1782 1652 1835 1708 ἐν

185 1754 252 1822 τῇ
293 1747 477 1824 ἑορτῇ,
538 1742 726 1802 πολλοὶ
796 1742 1110 1799 ἐπίστευσαν
1169 1742 1244 1804 είς
1300 1742 1363 1798 τὺ
1417 1739 1587 1816 ὄνομα
1656 1744 1835 1815 αὐτοῦ,

188 1837 505 1914 θεωροῦντες
564 1834 629 1888 τὰ
673 1843 881 1908 σημεῖα
939 1830 973 1887 ἃ
1015 1830 1207 1904 ἐποίει,
1252 1828 1418 1892 Αύὸὀς
1473 1828 1527 1886 δὲ
1559 1832 1587 1887 6
1631 1829 1837 1896 Ἰησοῦς

2552 1390 2797 1454 CAPUT
2841 1390 2942 1456 Ill.

1926 1477 2007 1540 De
2026 1478 2353 1545 Nicodemo
2373 1490 2433 1568 et
2460 1484 2721 1568 Jestt.De
2733 1486 2877 1547 Jesu
2896 1493 2953 1549 et
2979 1486 3219 1549 Joanne
3246 1486 3568 1568 baptizari»-

2360 1563 2540 1627 tibus.
2568 1565 2654 1628 De
2681 1567 3122 1645 puriﬁcatione.

2007 1651 2183 1714 Vens.
2220 1656 2275 1728 l,
2303 1655 2362 1713 9..
2413 1678 2440 1709 α
2475 1656 2617 1718 Cum
2649 1664 2845 1717 autem
2876 1666 3035 1717 esset
3056 1654 3481 1734 Hierosolymis
3503 1662 3562 1722 in

1924 1738 2147 1801 Pascha
2176 1741 2235 1802 in
2270 1742 2369 1805 die
2398 1742 2569 1817 festo,
2613 1744 2780 1806 multi
2816 1744 3203 1807 crediderunt
3252 1746 3312 1806 in
3348 1766 3563 1811 nomen

1923 1827 2074 1915 ejus,
2107 1829 2375 1893 videntes
2401 1832 2569 1912 signa
2598 1834 2725 1912 ejus
2755 1852 2886 1915 quas
2920 1834 3157 1898 edebat.
3192 1834 3325 1915 Ipse
3365 1846 3562 1901 autem

186 1909 306 1982 οόκ.
334 1925 602 1980 ἒπίστευεν
661 1922 844 1980 ἑαυτὸν
897 1924 1104 1993 αὐτοῖς,
1162 1916 1246 1976 διὰ
1288 1920 1350 1976 τὸ
1380 1920 1536 1976 αὺτὸν
1563 1919 1840 1997 γινώσκειν

1932 1913 2099 1979 Iesus
2120 1936 2237 1983 non
2270 1909 2552 1984 credebat
2580 1909 2964 2003 semetipsum
2995 1923 3109 2000 eis,
3141 1909 3408 2005 eo'quod
3438 1926 3567 2008 ipse

186 2013 409 2091 πάντας,
470 2013 559 2069 καὶ
613 2010 694 2068 ὅτι
748 2010 807 2068 ού
860 2010 1049 2090 χρείαν
1079 2012 1258 2089 εἶχεν,
1291 2007 1384 2064 ’ίνα
1415 2030 1495 2073 τις
1529 2010 1842 2088 μαρτυρήσῃ

188 2103 303 2171 περὶ
350 2103 442 2157 τοῦ
504 2100 800 2170 ἀνθρώπου.
859 2098 1023 2159 Αὐτὸς
1071 2097 1171 2175 γὰρ
1222 2095 1501 2174 ἐγίνωσκε,
1567 2096 1617 2153 τί
1670 2096 1735 2164 ἦν
1790 2096 1845 2152 ἐν

192 2197 264 2265 τῷ
322 2190 603 2269 ἀνθρώπῳ.
667 2176 763 2244 Ἠν
838 2186 893 2243 δὲ
958 2186 1229 2264 ἄνθρωπος
1275 2185 1337 2241 ἐκ
1389 2187 1495 2242 τῶν
1544 2186 1847 2263 Φαρισαίων

193 2277 518 2359 (Νικόδημος
582 2278 750 2353 ὄνομα
831 2278 1019 2355 αύτῷ),
1080 2272 1267 2354 ἄρχων
1342 2280 1449 2331 τῶν
1524 2271 1791 2332 Ἰουδαίων
1824 2290 1839 2306 ⁶

189 2371 341 2432 οὗτος
399 2366 526 2437 ἦλθε
584 2368 718 2445 πρὸς
776 2368 865 2422 τὸν
948 2364 1156 2430 Ἰησοῦν
1234 2363 1445 2436 νυκτὸς,
1520 2364 1607 2419 καὶ
1690 2364 1844 2420 εἶπεν

192 2460 329 2531 αὐτῷ
362 2474 376 2489 ’
440 2447 643 2526 Ῥαὸϐὶ,
720 2453 965 2530 ο’Ϊδαμεν,
1034 2452 1115 2509 ὅτι
1202 2452 1308 2509 ἀπὸ
1379 2459 1510 2509 Θεοῦ
1585 2449 1843 2521 ἐλήλυθας

191 2544 501 2609 διδάσκαλος
535 2563 554 2580 ⁶
598 2544 763 2602 οὐδεὶς
820 2544 921 2623 γὰρ
991 2543 1057 2599 τὰ
1128 2553 1334 2616 σημεῖα
1410 2548 1575 2598 ταῦτα
1631 2539 1843 2597 δύναται

195 2647 393 2708 ποιεῖν,
445 2634 477 2690 ἃ
532 2636 593 2690 σὺ
647 2646 852 2714 ποιεῖς,
907 2633 995 2691 ἐὰν
1027 2632 1104 2706 μὴ
1210 2633 1238 2688 6
1283 2632 1412 2695 Θεὸς
1445 2628 1562 2707 μετ’
1593 2631 1771 2693 αὐτοῦ.
1806 2650 1837 2691 )

196 2722 438 2791 ’Ἔδοξαν
493 2724 591 2799 μέν
649 2744 789 2786 τινες
848 2721 1115 2779 πιστεύειν
1174 2721 1247 2785 είς
1276 2720 1337 2776 τὸ
1366 2719 1534 2795 ὄνομα
1587 2722 1681 2777 τοῦ
1735 2717 1846 2787 Ἰη-

197 2820 311 2883 σσῦ,
369 2811 458 2869 ὅτε
516 2812 581 2879 ἦν
614 2812 669 2869 ἐν
699 2818 765 2888 τῇ
801 2812 981 2890 ἑορτῇ,
1028 2806 1150 2866 ἀλλ’
1194 2811 1252 2866 οὗ
1299 2806 1483 2885 βεϐαία
1512 2807 1576 2876 ἦν
1604 2810 1638 2875 ἡ
1671 2810 1844 2865 πίστις

200 2903 394 2964 αὐτῶν,
460 2901 597 2978 Πρὸς
657 2901 836 2977 καιρόν
893 2900 994 2977 γὰρ
1074 2897 1433 2977 προσέχοντες
1503 2902 1580 2970 τῷ
1638 2902 1847 2975 Χριστῷ

197 2992 298 3070 οὺχ
327 2992 400 3056 ὡς
433 2996 574 3070 Θεῷ,
607 2986 727 3045 ἀλλ’
758 2991 831 3051 ὡς
892 2987 1152 3066 ἀνθρώπῳ
1208 2984 1627 3066 θεοφορουμὲνῳ,
1688 2984 1846 3070 πάλιν

197 3069 294 3135 καί
334 3069 564 3145 ταύτης
610 3079 771 3143 αὐτῆς
858 3080 958 3142 τῆς
1034 3072 1321 3149 οὒδαμινῆς
1387 3074 1610 3139 πίστεως
1665 3069 1847 3138 ἒξέπι-

1927 2014 2378 2085 nossetomnes,
2409 2029 2521 2073 nec
2550 2029 2698 2092 opus
2728 2012 2977 2075 haberet
2997 2020 3062 2074 ut
3103 2012 3419 2093 quisquam
3451 2025 3567 2079 tes-

1930 2102 2158 2184 taretur
2185 2097 2259 2184 d_e
2291 2100 2697 2184 homine.I_pse
2721 2103 2879 2163 enim
2902 2101 3301 2184 sciebatqnid
3330 2113 3487 2167 esset
3504 2106 3565 2168 in

1930 2175 2341 2241 homine.Erat
2361 2187 2557 2242 autem
2580 2175 2757 2243 homo
2779 2201 2849 2245 ex
2878 2175 3193 2244 Pharisatis'
3207 2182 3567 2249 Nicodemus

1930 2269 2195 2348 nomine,
2224 2268 2499 2349 princeps
2527 2271 2863 2333 Judzeorum
2891 2290 2906 2336 :
2939 2272 3038 2333 hic
3067 2270 3227 2332 venit
3260 2273 3329 2333 ad
3364 2272 3565 2337 Jesum

1927 2364 2125 2436 nocte,
2151 2356 2374 2421 etdixit
2403 2358 2458 2419 ei
2489 2378 2503 2419 :
2550 2358 2765 2436 Rabbi,
2805 2360 3027 2423 scimus
3066 2360 3223 2440 quod
3254 2380 3288 2422 a
3312 2362 3434 2425 Deo
3466 2381 3567 2426 ve-

1928 2444 2095 2519 nisti,
2123 2447 2420 2523 magister.
2456 2446 2665 2509 Nullus
2716 2449 2876 2513 enim
2932 2449 3055 2512 haec
3078 2450 3247 2529 signa
3278 2459 3468 2529 potest
3489 2452 3567 2515 fa-

1926 2551 2064 2599 cere
2105 2553 2237 2615 quae
2268 2544 2327 2596 tu
2359 2536 2525 2611 facis,
2553 2537 2665 2600 nisi
2716 2537 2873 2602 Deus
2921 2538 2996 2601 sit
3024 2558 3162 2602 cum
3196 2558 3289 2604 eo.
3326 2560 3359 2601 ›
3382 2540 3566 2604 Vide-

1928 2622 2143 2685 bantur
2180 2624 2417 2704 quidem
2454 2627 2723 2688 nonnulli
2753 2626 3003 2690 credere
3046 2628 3106 2689 in
3136 2630 3376 2690 nomine
3399 2627 3564 2704 Jesu,

1928 2730 2061 2776 cum
2094 2722 2251 2775 esset
2282 2715 2341 2774 in
2384 2714 2551 2785 festo,
2606 2716 2711 2777 sed
2758 2736 2872 2777 non
2926 2716 3097 2777 ﬁrma
3139 2717 3378 2777 illorum
3421 2718 3569 2780 ﬁdes

1928 2811 2057 2864 erat
2088 2822 2101 2859 :
2137 2801 2209 2863 ad
2242 2811 2473 2882 tempus
2511 2805 2670 2866 enim
2726 2802 3112 2866 attendebant
3158 2805 3414 2885 Christo,
3451 2826 3567 2868 non

1929 2898 1991 2951 ut
2025 2893 2170 2963 Deo,
2196 2891 2299 2951 sed
2326 2899 2389 2951 ut
2430 2891 2656 2954 homini
2689 2893 2788 2973 qui
2820 2892 2941 2955 Deo
2973 2893 3326 2956 afﬁabatur:
3362 2915 3435 2959 ac
3464 2896 3569 2961 ite-

1928 2997 2059 3039 rum
2086 2997 2119 3039 a
2142 2979 2257 3039 ﬁde
2281 2979 2381 3041 illa
2400 2981 2833 3061 contemptibili
2858 2981 3387 3045 excidebant.Nam
3413 2985 3569 3065 quod

1930 3067 2077 3128 tales
2107 3066 2344 3142 fuerint,
2394 3068 2766 3130 manifestum
2800 3088 2869 3131 ex
2898 3071 3308 3151 sequentibus.
3342 3098 3363 3130 ε
3398 3073 3572 3137 Jesus

195 3189 348 3225 πτον.
408 3158 539 3225 "Ott
599 3165 655 3222 δὲ
696 3172 928 3223 τοιοῦτοι
990 3165 1150 3236 ἦσαν,
1212 3160 1374 3230 δῆλον
1427 3161 1488 3218 ἐκ
1532 3168 1640 3219 τῶν
1703 3160 1842 3229 ἑξῆς.

1932 3156 2266 3237 enimipse,
2294 3156 2512 3235 inquit,
2556 3177 2675 3220 non
2726 3159 3008 3223 credebat
3057 3179 3122 3223 se
3164 3162 3276 3235 eis,
3315 3188 3334 3219 ι
3377 3182 3572 3243 neque

200 3278 224 3313 ε
263 3258 427 3320 Αὐτὸς
472 3256 594 3334 γὰρ,
629 3256 813 3335 φησὶν,
852 3257 881 3311 6
950 3252 1155 3321 Ἰησοῦς
1201 3255 1294 3311 οὒκ
1348 3250 1617 3310 ἒπίστευεν
1661 3251 1847 3308 ἑαυτὸν

195 3351 405 3420 αὐτοῖς,
456 3369 477 3402 ι
546 3343 663 3403 οὐδὲ
722 3346 795 3408 ὡς
853 3349 931 3417 τῷ
988 3341 1097 3399 ὀήι
1156 3354 1369 3404 πιστοῖς
1431 3341 1602 3398 πάντα
1646 3341 1711 3398 τὰ
1751 3339 1846 3396 δό-

192 3458 369 3514 γματα
430 3435 769 3515 ἐνεχείριζεν,
827 3431 1127 3509 ὶμόατεύων
1187 3444 1308 3497 ταῖς
1360 3428 1595 3510 καρδίαις
1649 3434 1841 3504 αύτῶν,

192 3528 278 3582 καὶ
333 3526 608 3603 γινώσκων
662 3525 715 3580 τί
744 3525 812 3589 ἦν
869 3523 925 3578 ἑν
979 3523 1170 3584 αὐταῖς
1227 3522 1345 3599 περὶ
1395 3521 1575 3582 αὐτοῦ.
1636 3521 1709 3577 Οῦ
1748 3520 1849 3597 γὰρ

196 3613 528 3671 διελάνθανεν
584 3613 736 3669 αὺτὸν
788 3612 908 3677 οἶος
940 3613 1005 3678 ἦν
1043 3612 1070 3667 6
1111 3608 1373 3690 λογισμὸς
1403 3609 1458 3665 ἐν
1490 3609 1697 3681 ἑκάστῳ
1747 3608 1847 3664 ἀν-

192 3704 387 3781 θρώπῳ
444 3710 521 3778 τῷ
550 3700 785 3761 δοκοῦντι
843 3702 1132 3763 πιστεύειν,
1189 3696 1397 3780 Σχεδὸν
1426 3695 1480 3755 δὲ
1537 3699 1625 3755 καί
1680 3699 1843 3757 Νικό-

193 3790 362 3863 δημος
416 3802 655 3855 τοιοῦτος
698 3791 766 3860 ἧν
803 3811 815 3824 ·
879 3789 1119 3847 ἐπίστευε
1178 3788 1275 3865 μὲν
1334 3788 1433 3868 γὰρ
1477 3788 1563 3843 καὶ
1592 3787 1741 3852 οὗτος
1772 3794 1848 3862 τῷ

193 3879 401 3962 Ἰησοῦ,
487 3883 576 3937 καὶ
631 3882 868 3960 φαίνεται
936 3881 1068 3959 πρὸς
1155 3879 1277 3940 τοὺς
1370 3875 1648 3940 Ἰουδαίους
1716 3877 1847 3956 ὑπὲρ

192 3978 283 4028 τοῦ
341 3972 527 4049 Κυρίου
583 3969 780 4048 λέγων,
841 3968 923 4025 ὅτι
984 3967 1067 4025 δεῖ
1121 3967 1257 4043 μετά
1286 3966 1499 4046 ἐρεύνης
1527 3967 1615 4023 καὶ
1662 3965 1845 4033 ἐξετά-

195 4082 327 4123 σεως
384 4057 731 4117 καταδικάσαι
790 4059 946 4117 αὐτόν
982 4078 996 4093 ο
1056 4056 1194 4115 ἀλλά
1242 4059 1330 4113 καὶ
1374 4057 1509 4133 μετά
1553 4057 1645 4113 τὸν
1679 4078 1845 4113 σταυ-

195 4152 286 4225 ρὸν
341 4146 548 4216 πολλὴν
605 4146 916 4223 ἐπιμέλειαν
947 4148 1033 4203 καὶ
1062 4145 1368 4226 φιλοτιμίαν
1410 4148 1539 4224 πρὸς
1569 4146 1659 4201 τὸν
1688 4144 1847 4201 ἐντα-

194 4238 426 4316 φιασμὸν
483 4234 822 4298 ἐνδείκνυται.
880 4237 952 4294 06
1006 4235 1187 4311 μέντοι
1248 4257 1333 4313 γε,
1390 4236 1464 4299 ὡς
1496 4233 1693 4314 ἐχρῆν,
1724 4232 1845 4290 ἐπί-

198 4347 410 4381 στευσεν
435 4345 448 4359 ·
512 4324 633 4381 ἀλλ’
667 4325 743 4382 ἔτι
770 4330 870 4392 τῆς
902 4323 1201 4393 Ἰουδαϊκῆς
1246 4324 1514 4387 ἀσθενείας
1559 4324 1848 4405 ἐχόμενος,

198 4417 399 4494 νύκτωρ
443 4418 539 4490 μὲν
585 4413 801 4495 ἔρχεται
862 4415 990 4492 πρὸς
1039 4416 1131 4470 τὸν
1175 4413 1382 4481 Ἰησοῦν
1425 4410 1509 4469 διὰ
1544 4415 1636 4470 τὸν
1691 4410 1852 4493 φόϐον

198 4506 299 4559 tim
358 4501 643 4578 Ἰουδαίων,
716 4500 1026 4561 διδάσκαλον
1084 4499 1139 4558 δὲ
1196 4502 1357 4559 αὐτὸν
1425 4500 1715 4580 ἀποκαλεῖ,
1777 4503 1851 4566 ὡς

1932 3244 2131 3307 omnia
2158 3244 2453 3325 dogmata,
2484 3255 2545 3309 ut
2566 3249 2659 3310 his
2691 3249 2791 3331 qui
2823 3268 2958 3312 vere
3008 3252 3281 3324 credunt,
3317 3271 3566 3315 concre-

1930 3332 2442 3397 debat.Scrutator
2461 3338 2619 3399 enim
2652 3346 2740 3399 est
2759 3338 3570 3424 cordium7b.etsciebatquid

1930 3425 2217 3487 sentirent
2236 3424 2309 3487 de
2332 3424 2616 3505 ipso.Non
2637 3428 2795 3489 enim
2822 3428 3125 3508 ignorabat
3146 3432 3353 3510 quales
3370 3440 3571 3494 essent

1930 3514 2317 3589 cogitationes
2348 3516 2404 3576 in
2435 3515 2688 3596 singulis
2732 3518 3077 3580 hominibus
3105 3518 3160 3561 7°
3182 3520 3283 3600 qui
3328 3522 3573 3586 credere

1932 3601 2302 3667 videbantur.
2337 3603 2552 3667 Ferme
2590 3613 2647 3667 et
2671 3606 3032 3669 Nicodemus
3056 3608 3186 3670 talis
3210 3619 3356 3689 erat,
3392 3611 3491 3691 qui
3516 3620 3573 3673 et

1930 3691 2071 3755 559
2117 3692 2245 3773 ipse
2299 3693 2579 3755 credebat
2614 3698 2778 3765 Jesu,
2814 3704 2873 3757 et
2922 3698 3151 3760 videtur
3182 3717 3285 3777 pro
3319 3700 3572 3762 Domino

1931 3782 2380 3845 contraiudaaos
2403 3784 2745 3865 loqui,quod
2761 3794 3032 3865 oporteat
3054 3806 3190 3850 cum
3211 3789 3574 3852 scrutatione

1931 3878 1989 3932 et
2016 3870 2287 3933 examine
2336 3873 2721 3939 condemnari
2766 3874 2931 3936 illum
2976 3896 2989 3935 :
3027 3876 3170 3956 quin
3221 3876 3398 3939 etiam
3434 3883 3573 3952 post

1929 3978 2167 4022 crucem
2201 3960 2449 4022 multum
2480 3963 2659 4025 ofﬁcii
2690 3972 2748 4025 et
2775 3964 3151 4026 liberalitatis
3180 3966 3239 4027 in
3268 3965 3575 4045 sepultura

1928 4050 2683 4132 exhibuit.Ca3terum,quia
2712 4072 2827 4114 non
2856 4064 2916 4115 ut
2938 4054 3271 4136 Oportebat,
3295 4055 3573 4119 credulus

1928 4148 2142 4221 erat,et
2158 4138 2353 4201 adhuc
2387 4140 2727 4203 infirmitate
2746 4139 2997 4204 Judaica
3029 4143 3365 4217 tenebatur,
3400 4151 3573 4207 nocte

1931 4228 2170 4309 quidem
2202 4228 2363 4293 venit
2391 4230 2461 4289 ad
2485 4227 2716 4307 Jesum,
2758 4240 2997 4312 propter
3030 4232 3301 4295 timorem
3337 4231 3573 4295 Judae-

1932 4337 2088 4380 rum.
2123 4317 2460 4397 Magistrum
2493 4328 2688 4383 autem
2724 4319 2921 4400 ipsum
2947 4330 3136 4401 vocat,
3170 4322 3572 4404 quasipurum

1932 4407 2260 4470 hominem:
2288 4408 2463 4469 talem
2500 4409 2659 4481 enim
2694 4410 3038 4479 Opinionem
3063 4410 3138 4472 de
3181 4432 3249 4474 eo
3275 4430 3573 4493 concepe-

1932 4497 2276 4561 ratzidcirco
2299 4504 2357 4558 et
2377 4497 2599 4560 subdit:
2616 4496 2856 4569 «Nullus
2879 4508 3076 4579 potest
3100 4501 3238 4564 talia
3268 4500 3577 4574 facere,ni-

198 4592 351 4666 ψιλὸν
410 4591 681 4670 ἄνθρωπον
718 4612 732 4627 ·
775 4593 1023 4658 τοιαύτην
1081 4592 1181 4670 γὰρ
1223 4589 1492 4667 ὑπόληψιν
1549 4592 1677 4671 εἶχε
1734 4592 1845 4670 περῖ

1936 4586 1987 4648 si
2014 4588 2174 4651 Deus
2202 4585 2278 4647 sit
2305 4606 2438 4647 cum
2471 4606 2601 4649 eo.»
2632 4588 2813 4653 Vides
2841 4590 2998 4671 quod
3028 4590 3183 4659 sicut
3210 4592 3281 4652 ad
3310 4591 3576 4670 prophe-

199 4684 354 4739 1-3166
387 4702 400 4715 ·
464 4680 545 4737 διὸ
585 4683 673 4739 καὶ
710 4681 920 4760 ἐπάγει,
981 4679 1061 4737 ὅτι
1113 4699 1142 4738 (
1200 4678 1379 4744 Ούδεὶς
1422 4678 1635 4737 δύναται
1690 4680 1853 4737 ταῦτα

198 4784 397 4850 ποιεῖν,
459 4770 549 4827 ἐὰν
606 4769 685 4845 μὴ
728 4770 765 4846 ᾗ
822 4773 850 4826 6
892 4771 1023 4833 Θεὸς
1066 4768 1185 4845 μετ’
1230 4769 1409 4828 αῦτοῦ.
1444 4789 1472 4828 )
1532 4760 1711 4845 Ὀρᾶς,
1772 4768 1851 4827 ὃτι

196 4862 267 4922 ὡς
329 4858 583 4938 ἀνθρώπῳ
625 4861 901 4939 προφήτῃ,
948 4860 1036 4916 καὶ
1105 4859 1249 4937 παρὰ
1291 4864 1384 4915 τοῦ
1436 4864 1572 4915 Πεοῦ
1625 4858 1848 4937 ἀγαπω-

198 4948 363 5027 μένῳ,
417 4949 657 5026 πρόσεισι
715 4955 792 5023 τῷ
850 4945 1079 5028 Ἰησοῦς
1134 4948 1215 5006 Τί*
1257 4949 1343 5003 οῦν
1397 4948 1425 5003 6
1477 4946 1661 5026 Κύριος
1696 4965 1713 5027 ;
1747 4947 1854 5004 Οὔκ

200 5038 412 5118 ἐλέγχει
463 5040 621 5094 αὐτὸν
675 5036 1102 5115 ἐπιπληκτικῶς,
1165 5034 1279 5093 ούδὲ
1331 5057 1462 5116 φησι
1493 5053 1506 5065 ⁸
1544 5036 1645 5095 Διά
1674 5037 1725 5092 τί
1766 5036 1854 5092 οῦν

202 5130 329 5204 πρὸς
359 5130 449 5184 τὸν
479 5128 541 5183 ἐκ
597 5135 729 5184 Θεοῦ
781 5125 1144 5183 ἀποσταλέντα
1200 5123 1513 5184 διδάσκαλον
1569 5124 1708 5205 ἔρχῃ
1760 5148 1853 5183 νυ·-

200 5236 375 5297 κτοςς
441 5220 589 5273 Διατί
642 5218 719 5293 μὴ
761 5214 1139 5296 παῤῥησιιζῃς
1200 5213 1357 5275 Οὐδὲν
1413 5215 1612 5271 τυύτων
1668 5216 1850 5295 φησὶν,

203 5305 320 5361 αλλ’
377 5304 573 5386 ἱλαρῶς
630 5308 774 5381 αύτῷ
817 5306 935 5383 περὶ
962 5307 1116 5362 θείων
1145 5306 1232 5363 καὶ
1261 5302 1485 5379 ὑψηλῶν
1527 5302 1846 5383 διαλέγεται,

203 5396 505 5471 Σημείωσαι
592 5393 671 5474 δὲ,
745 5394 827 5452 ὅτι
878 5393 1055 5452 πολλὰ
1111 5396 1353 5470 θαύματα
1428 5395 1701 5457 ποιοῦντος
1758 5402 1852 5453 τοῦ

201 5488 445 5564 Χριστοῦ,
490 5484 639 5543 οῦδὲν
694 5485 892 5542 τούτων
958 5485 986 5541 6
1043 5485 1227 5564 παρὼν
1285 5481 1667 5563 εῦαγγελιστὴς
1729 5482 1848 5552 διη-

204 5589 381 5650 γεῖται
417 5594 434 5613 ⁶

1938 4683 2053 4736 tam
2084 4684 2144 4737 et
2178 4677 2481 4737 hominem
2531 4676 2810 4740 dilectum
2842 4697 2875 4739 a
2907 4680 3052 4753 Deo,
3105 4680 3340 4751 accedit
3364 4680 3439 4741 ad
3468 4677 3576 4743 Je-

1935 4782 2091 4828 sum.
2111 4763 2259 4838 Quid
2290 4765 2466 4844 igitur
2488 4765 2932 4839 Doniinusmon
2953 4770 3171 4849 arguit,
3193 4787 3387 4849 neque
3405 4768 3573 4850 dicit,

1935 4852 2129 4926 Quare
2151 4854 2327 4934 igitur
2357 4854 2430 4916 ad
2471 4856 2817 4933 magistrum
2849 4857 2951 4938 qui
2998 4876 3032 4920 a
3080 4858 3203 4921 Deo
3250 4857 3464 4921 missus
3492 4866 3579 4918 est

1937 4942 2146 5005 venisti
2183 4943 2385 5007 nocte?
2408 4943 2597 5017 Quare
2632 4964 2747 5007 non
2779 4946 3033 5009 ﬁdenter
3061 4956 3119 5009 et
3146 4946 3381 5029 publice
3410 4964 3579 5013 uece-

1936 5030 2054 5094 dis?
2083 5031 2244 5106 Nihil
2277 5033 2485 5095 horum
2531 5034 2697 5105 dicit,
2731 5036 2836 5097 sed
2877 5036 3010 5103 laete
3056 5037 3111 5099 ei
3168 5036 3247 5097 de
3275 5035 3492 5099 divinis
3521 5044 3579 5097 et

1934 5120 2286 5186 sublimibus
2337 5122 2595 5184 disserit.
2660 5123 2810 5187 Nota
2855 5134 3052 5195 autem
3102 5125 3261 5208 quod
3309 5124 3581 5205 quamvis

1936 5209 2207 5275 Christus
2264 5212 2446 5273 multa
2496 5214 2703 5275 fecerit
2749 5214 3057 5290 miracula,
3093 5214 3320 5285 nullum
3379 5221 3580 5277 tamen

1936 5302 2172 5367 illorum
2209 5310 2410 5364 narrat
2449 5303 2831 5383 evangelista,
2865 5303 2955 5369 vel
3000 5303 3159 5385 quod
3186 5301 3263 5367 ab
3294 5301 3426 5368 aliis
3456 5310 3578 5364 tra-

1933 5392 2154 5454 duntur
2205 5389 2603 5469 evangelistis,
2650 5393 2738 5454 vel
2797 5392 2955 5474 quod
2999 5393 3228 5473 majora
3257 5392 3369 5455 sint
3404 5411 3577 5472 quam

1933 5499 2067 5563 quae
2097 5479 2492 5561 particulatim
2524 5492 2972 5553 recenseantur.

475 5576 513 5644 ἢ
542 5578 615 5639 ὡς
644 5588 765 5639 τοῖς
796 5573 980 5639 ἄλλοις
1010 5572 1423 5654 εὖαγγιλισταῖς
1454 5571 1745 5656 ῥηθέντων,
1773 5576 1810 5646 ἢ
1834 5578 1914 5643 ὡς
1945 5576 2042 5645 τὴν
2086 5573 2222 5629 οιατά
2248 5572 2405 5649 μέρος
2428 5572 2704 5652 ἀφήγησιν
2733 5570 3173 5647 ὑπερϐαινόντων,

284 5707 349 5757 73
373 5706 545 5771 Joan.
572 5724 637 5784 ι,
676 5706 770 5771 18.
858 5701 1093 5771 "Luc.
1119 5722 1289 5788 tun,
1321 5706 1422 5771 46.
1506 5704 1824 5776 7510mm.
1857 5726 2003 5785 xvii,
2037 5707 2133 5772 10.
2221 5706 2285 5757 78
2313 5707 2467 5769 Psal.
2501 5722 2667 5781 xum.
2706 5708 2800 5770 lt.
