4070 6224
472 398 624 463 1203
1427 396 2020 462 THEOPHYLACTI
2065 394 2471 458 BULGARLE
2520 394 2877 458 ARCHIEP.

548 525 727 589 Vsus.
763 526 822 590 3.
869 548 891 582 α
928 524 1261 605 Respondit
1286 526 1480 602 Iesus,
1515 534 1576 589 et
1605 525 1826 588 dixitei
1852 545 1866 591 :
1892 526 2110 601 Amen,
2136 532 2174 581 Α

462 634 639 679 amen
672 613 806 677 dico
832 613 963 689 tibi,
1003 612 1116 674 nisi
1146 612 1280 693 quis
1303 622 1478 677 natus
1506 614 1681 677 fuerit
1701 630 2113 695 superne,non

463 711 654 785 potest
689 703 891 764 videre
913 720 1162 781 regnum
1193 700 1360 764 Dei.»
1403 702 1694 765 Videntur
1719 704 1898 766 verba
1919 721 2050 783 qua:
2080 721 2113 763 a

462 794 762 859 Salvatore
790 790 968 865 dicta,
1003 788 1153 852 nihil
1185 790 1457 854 alludere
1479 792 1552 854 ad
1577 812 1668 869 ea,
1712 812 1843 873 qua}
1872 812 1906 855 a
1935 790 2112 853 Nice-

462 882 639 945 demo
669 882 862 944 dicta:
887 888 944 942 at
964 879 1014 941 si
1036 879 1171 961 quis
1196 889 1356 942 recte
1387 881 1727 955 attenderit,
1777 881 1947 945 valde
1971 900 2107 943 conv

460 989 675 1053 gruere
701 966 1485 1050 inveniet.Quandoquidem
1514 968 1878 1033 Nicodemus
1910 970 2112 1031 humi-

460 1063 579 1124 lem
630 1060 706 1123 de
738 1058 970 1123 Christo
1002 1057 1259 1119 habebat
1290 1057 1661 1138 opinionem,
1692 1078 1910 1141 nempe
1956 1059 2109 1140 quod

463 1149 744 1227 magister
777 1155 957 1219 esset,
996 1165 1065 1208 ac
1113 1145 1267 1208 Drus
1318 1154 1476 1209 esset
1527 1167 1659 1209 cum
1713 1148 1841 1224 illo,
1874 1148 2016 1210 dicit
2059 1150 2113 1210 ei

462 1238 793 1303 Dominus:
860 1236 1068 1297 Merito
1116 1236 1193 1298 ita
1243 1236 1318 1298 de
1374 1237 1583 1315 sentis;
1634 1238 1897 1299 nondum
1950 1236 2108 1299 enim

464 1338 641 1389 natus
660 1343 725 1387 es
754 1343 1033 1405 superne,
1069 1324 1183 1386 hoc
1214 1336 1326 1397 est,
1360 1344 1394 1387 a
1424 1324 1542 1390 Deo
1570 1325 1864 1407 spirituali
1911 1325 2113 1387 nativi-

3756 392 3907 457 1204

2284 549 2312 580 ι
2347 525 2631 606 Ἀπεκρίθη
2691 528 2719 583 6
2776 525 3006 607 Ἰησοῦς,
3052 529 3138 583 καὶ
3187 530 3346 584 εἶπεν
3401 531 3562 601 αὒτῴ
3603 545 3618 560 '
3696 526 3903 604 Ἀμὴν,

2196 615 2339 691 ἀμην
2372 613 2516 693 λέγω
2574 638 2680 691 σοι,
2736 617 2829 673 εὰν
2886 617 2963 689 μή
3015 639 3092 678 τις
3145 620 3379 693 γεννηθῇ
3416 617 3660 695 ἄνωθεν,
3700 621 3767 675 03
3809 613 3904 671 8-3-

2196 726 2346 761 ναται
2405 702 2537 761 ἰδεῖν
2609 707 2705 773 τὴν
2762 704 3034 782 βασιλείαν
3106 713 3200 762 τοῦ
3258 714 3415 769 Θεοῦ.
3485 731 3515 762 ι
3582 717 3783 763 ’Δοκεῖ
3843 710 3907 761 τα

2195 796 2338 873 παρὰ
2401 802 2495 852 τοῦ
2570 800 2821 874 Σωτῆρος
2891 797 3020 874 πρὸς
3080 796 3171 851 τὸν
3255 793 3575 870 Νικόδημον
3634 796 3905 873 ῥηθέντα,

2196 882 2440 959 οὐδεμίαν
2485 886 2764 941 κοινωνίαν
2807 883 2956 965 ἔχειν
2999 887 3132 961 πρὸς
3178 884 3210 940 ἃ
3274 884 3499 964 εἷ’ρηκεν
3564 888 3595 941 6
3646 884 3904 949 Νικόδη-

2197 996 2297 1045 μος
2331 990 2345 1005 ⁶
2408 980 2485 1047 τῷ
2529 971 2581 1029 δὲ
2643 974 2961 1054 προσέχοντι
3028 975 3118 1030 καὶ
3174 972 3357 1039 πολλὴ
3418 975 3691 1030 κοινωνία
3730 974 3911 1051 69;:-

2198 1064 2437 1131 νῆσε-ται.
2502 1062 2655 1120 Ἐπεὶ
2711 1064 2811 1141 γὰρ
2868 1065 2895 1119 6
2941 1061 3247 1138 Νικόδημος
3278 1062 3562 1139 ῦπόληψιν
3596 1064 3743 1143 εἶχε
3782 1066 3905 1138 περέ

2199 1158 2424 1230 Χριστοῦ
2488 1152 2769 1224 ταπεινὴν,
2843 1152 2935 1208 ἵνα
2986 1149 3300 1216 διδάσκαλος
3372 1152 3510 1223 ἐστι,
3579 1155 3678 1209 καὶ
3727 1152 3815 1209 ὅτι
3880 1156 3905 1207 ὁ

2198 1239 2328 1305 Θεός
2380 1240 2491 1297 ἐστι
2553 1240 2670 1317 μετ’
2738 1242 2916 1314 αὐτοῦ,
2992 1242 3122 1320 φησὶ
3178 1242 3315 1319 πρὸς
3376 1241 3538 1298 αὐτὸν
3587 1243 3619 1296 6
3672 1242 3900 1319 Κύριος,

2195 1326 2274 1385 ὅτι
2311 1330 2543 1395 Εἰκότως
2573 1328 2723 1410 ἔχεις
2756 1331 3004 1398 τοιαύτην
3046 1327 3323 1405 ὑπόληψιν
3372 1331 3491 1407 περὶ
3518 1328 3691 1404 ἐμοῦ.
3733 1329 3904 1386 Οὔπω

465 1422 607 1489 tate,
641 1413 747 1477 sed
802 1412 1056 1476 carnalis
1102 1432 1167 1475 es
1206 1432 1219 1475 :
1269 1423 1325 1477 et
1377 1414 1631 1494 cognitio
1682 1433 1855 1496 quam
1896 1415 1971 1477 de
2017 1434 2113 1477 me

2226 1418 2295 1497 ’ἂρ
2353 1418 2641 1498 ἐγεννήθης
2685 1417 2907 1499 ἄνωθεν,
2970 1418 3261 1493 τουτέστιν,
3309 1420 3374 1474 ὲκ
3432 1421 3573 1475 Θεοῦ
3630 1439 3898 1492 πνευμα-

464 1502 673 1577 babes,
701 1522 819 1565 non
849 1511 939 1565 est
966 1501 1315 1582 spiritualis,
1345 1502 1448 1564 sed
1481 1502 1779 1577 animalis,
1814 1511 1873 1566 et
1903 1504 2111 1566 huma-

2232 1507 2353 1573 ικην
2410 1506 2683 1584 γέννησιν,
2730 1505 2852 1563 ἀλλ’
2902 1506 2977 1564 ἔτι
3034 1508 3285 1586 σαρκικὸς
3339 1506 3422 1583 εἴ,
3459 1509 3551 1563 καὶ
3584 1508 3620 1574 ἦ
3652 1514 3895 1584 γνῶσις,

465 1611 563 1657 na.
594 1591 714 1671 Ego
744 1600 941 1654 autem
972 1591 1109 1653 dico
1142 1590 1270 1666 tibi,
1297 1592 1453 1672 quod
1484 1592 1597 1653 nisi
1634 1601 1721 1672 tu,
1749 1600 1807 1653 et
1837 1592 2109 1674 quisquis

2226 1620 2259 1662 ,ν
2291 1595 2440 1676 ἔχεις
2484 1598 2602 1675 περὶ
2634 1597 2787 1672 ἐμοῦ,
2822 1600 2916 1655 οῦκ
2938 1596 3047 1655 ἔστι
3079 1598 3439 1672 πνευματικὴ,
3476 1596 3620 1653 ἄλλα
3666 1601 3897 1676 ψυχική

465 1682 617 1747 alius
639 1681 1103 1761 fuerit,superne
1126 1688 1181 1742 et
1207 1698 1276 1742 ex
1300 1680 1421 1743 Deo
1454 1681 1575 1743 nati
1598 1680 1852 1758 fueritis,
1870 1689 1929 1743 et
1951 1682 2105 1760 piam

2230 1686 2278 1741 αὶ
2322 1685 2647 1763 ἀνθρωπική.
2697 1683 2843 1764 Ἐγὼ
2894 1683 2950 1741 δὲ
3007 1684 3147 1763 λέγω
3205 1709 3316 1760 σοι,
3379 1684 3461 1741 ὅτι
3515 1687 3613 1743 καὶ
3672 1687 3771 1765 σὺ,
3806 1678 3898 1740 καἒ

466 1780 528 1836 et
548 1770 782 1853 dignam
815 1769 889 1832 de
920 1788 1013 1831 me
1036 1768 1379 1867 opinionem
1426 1769 1777 1842 habueritis,
1812 1779 1974 1832 extra
2004 1789 2106 1833 re-

2226 1770 2355 1838 λλος
2414 1774 2680 1853 ὁστισοῦν,
2741 1773 2830 1830 ἐὰν
2885 1774 2963 1849 μὴ
3014 1772 3208 1831 ἄνωθεν
3253 1776 3345 1831 καὶ
3389 1774 3451 1831 ἐκ
3507 1780 3653 1831 Θεοῦ
3687 1796 3898 1852 γεννη-

466 1880 582 1944 gna
604 1861 885 1922 caelorum
916 1858 1074 1921 estis.
1099 1855 1379 1922 Nativitas
1401 1859 1559 1922 enim
1596 1876 1701 1940 per
1722 1858 2110 1941 baptismum,

2228 1860 2397 1936 ἐντες,
2458 1861 2555 1930 την
2615 1861 2759 1929 ἀξίαν
2820 1860 2971 1929 δόξαν
3028 1865 3147 1943 περὶ
3187 1866 3322 1939 εμοῦ
3363 1861 3610 1935 λάϐοιτε,
3647 1863 3765 1929 ἔξω
3795 1864 3893 1930 τῆς

469 1949 961 2016 illuminationem
1001 1947 1272 2029 praebens
1294 1947 1508 2010 animae
1552 1967 1801 2027 regnum
1835 1948 1966 2029 Dei,
2001 1949 2113 2011 hoc

2226 1950 2467 2015 ηασιλείας
2522 1950 2668 2013 ἐστέ.
2748 1958 2792 2010 Η
2844 1954 2944 2031 γὰρ
3003 1951 3087 2009 διὰ
3158 1960 3254 2010 τοῦ
3311 1955 3699 2031 βαπτίσματος
3763 1954 3899 2031 γέν-ι

471 2048 583 2113 est,
606 2037 976 2119 unigenitum
1011 2037 1168 2099 illius
1198 2037 1442 2116 Filium,
1476 2036 1704 2114 videre,
1726 2037 1839 2101 hoc
1882 2047 1993 2113 est,
2027 2039 2115 2100 in-

2229 2062 2350 2107 ησις
2410 2042 2683 2119 φωτισμὸν
2731 2040 3026 2115 ἐμποιοῦσα
3077 2044 3145 2117 τῇ
3188 2044 3369 2122 ψυχῇ,
3431 2044 3532 2110 την
3593 2051 3695 2100 τοῦ
3762 2050 3899 2100 Θεοῦ

470 2128 744 2208 telligere
776 2127 1054 2189 dat.Nam
1079 2126 1233 2189 sicut
1254 2127 1361 2189 Dei
1383 2127 1677 2209 sapientia
1699 2126 1883 2190 Filius
1913 2128 2114 2204 est,ita

2226 2127 2490 2202 ιασιλείαν,
2554 2128 2672 2198 ἤτοι
2731 2132 2820 2186 τὸν
2879 2131 3144 2209 μονογενῆ
3216 2134 3337 2188 Υίὸν
3410 2134 3574 2189 αὑτοῦ
3632 2131 3894 2207 βλέπειν,

470 2226 529 2281 et
554 2235 801 2295 regnum
828 2235 1067 2297 quoque
1112 2217 1214 2279 Dei
1246 2215 1485 2278 dicitur.
1512 2215 1636 2279 IIoc
1670 2235 1813 2279 sane
1864 2234 2115 2297 regnum

472 2323 648 2367 nemo
690 2304 871 2378 videt,
909 2305 1022 2365 hoc
1054 2313 1168 2385 est,
1212 2304 1512 2384 intelligit,
1548 2326 1581 2366 ο
1612 2304 1962 2387 Nicodeme,
2006 2305 2119 2368 nisi

476 2403 644 2455 natus
672 2393 846 2455 fuerit
886 2412 921 2454 a
957 2394 1081 2455 Deo
1126 2411 1139 2455 :
1176 2400 1351 2473 atque
1393 2394 1474 2456 ita
1506 2393 1683 2455 etiam
1716 2402 1803 2467 tu,
1837 2395 2117 2476 quoniam

476 2481 739 2545 nondum
772 2489 944 2543 natus
967 2500 1031 2544 es
1050 2480 1793 2563 spiritualiter,propterea
1816 2502 1934 2544 non
1952 2483 2119 2545 vides

480 2590 573 2633 me
603 2590 851 2653 regnum
890 2569 1019 2652 Dei,
1052 2571 1205 2633 sicut
1233 2578 1485 2652 oportet,
1515 2573 1616 2634 sed
1665 2571 1952 2634 humilem
1986 2574 2117 2653 opi-

478 2662 721 2725 nionem
757 2661 833 2724 de
866 2681 962 2724 me
991 2660 1197 2726 habes.

553 2930 868 3007 Vens.4,5.
896 2932 1083 2996 :Dicit
1113 2931 1187 2993 ad
1209 2949 1346 2994 eum
1371 2930 1769 2995 Nicodemus:
1804 2931 2117 3007 Quomodo

476 3029 669 3105 potest
697 3022 877 3085 homo
897 3021 1087 3095 nasci,
1119 3038 1255 3084 cum
1289 3020 1369 3084 sit
1398 3021 1611 3083 senex?
1648 3023 1804 3086 Num
1837 3030 2029 3103 potest
2058 3022 2119 3084 in

472 3118 734 3174 ventrem
787 3110 991 3172 matris
1029 3129 1151 3171 sua;
1201 3108 1416 3172 iterum
1450 3110 1722 3186 introire,
1751 3131 1819 3174 ac
1860 3105 2182 3179 renasci?c

476 3199 803 3280 Respondit
830 3201 1005 3260 Jesus
1040 3217 1054 3262 :
1082 3198 1300 3273 Amen,
1325 3217 1502 3261 amen
1535 3198 1670 3263 dico
1698 3200 1828 3277 tibi,
1852 3200 1969 3263 nisi
1995 3201 2129 3281 quis

477 3296 715 3350 renatus
742 3288 921 3350 fuerit
941 3306 1011 3350 ex
1036 3305 1190 3368 aqua
1203 3296 1257 3349 et
1281 3285 1656 3369 Spiritu,nou
1689 3298 1881 3371 potest
1903 3289 2130 3353 intrare

474 3378 538 3439 in
569 3394 815 3457 regnum
844 3376 972 3438 Dei.
1015 3402 1037 3432 η
1074 3377 1341 3439 Audiens
1385 3376 1747 3441 Nicodemus
1794 3379 2126 3442 doctrinam

479 3465 612 3547 plus
632 3483 807 3547 quam
838 3466 1568 3548 humanam,stupescit,et
1590 3487 1794 3549 passus
1806 3469 2129 3531 humanum

477 3554 759 3639 quiddam
790 3556 1131 3634 interrogat,
1158 3557 1473 3630 Quomodo
1502 3558 1723 3638 potest?
1748 3558 1811 3621 Id
1846 3558 2003 3638 quod
2038 3558 2132 3619 in-

478 3644 844 3710 credulitatis
873 3654 963 3708 est
992 3644 1254 3726 signum.
1291 3646 1404 3710 Ubi
1434 3647 1592 3709 enim
1644 3646 1793 3709 ﬁdes
1839 3666 1957 3709 non
2016 3656 2129 3719 est,

479 3734 761 3798 MOillic
791 3733 1098 3816 qumritur,
1133 3734 1440 3808 Quomodo
1472 3734 1619 3797 hoc?
1649 3746 1730 3814 et,
1765 3739 1959 3810 Quare
1988 3734 2134 3797 hoc?

483 3825 802 3906 Propterea
813 3822 1065 3886 ridicula
1086 3821 1271 3886 Nicod
1282 3823 1399 3885 emi
1419 3822 1601 3886 verba
1614 3822 2136 3905 apparent,Neque

484 3915 643 3979 enim
672 3912 964 3976 intellexit
1002 3912 1376 3996 Spiritualem
1426 3912 1818 3990 nativitatem,
1845 3913 1947 3975 sed
1976 3931 2140 3975 men-

483 4004 708 4067 tionem
768 4001 1093 4082 corporalis
1137 4002 1359 4065 ventris
1416 4000 1575 4066 facit.
1612 4004 1929 4085 Postquam
1976 4001 2135 4064 enim

484 4091 727 4170 audivit,
787 4114 810 4149 ιι
839 4090 963 4153 Nisi
1017 4092 1147 4173 quis
1198 4090 1419 4168 ἄνωθεν,
1457 4115 1485 4148 ι
1550 4110 1582 4154 e
1633 4092 1933 4175 supernis,
1964 4091 2139 4154 fuerit

486 4189 679 4258 natus,
734 4179 1106 4244 existimatur
1161 4180 1354 4238 ἄνωθεν
1414 4179 1487 4243 ab
1539 4180 1731 4259 initio,
1793 4190 1852 4244 et
1909 4181 2134 4254 denuo,

487 4277 662 4354 atque
710 4270 825 4333 tale
877 4269 1183 4352 quippiam
1230 4268 1347 4333 dici
1384 4268 1552 4333 :Nisi
1582 4271 1715 4352 quis
1771 4270 1845 4334 ab
1884 4272 2052 4334 initio
2082 4280 2140 4332 et

489 4360 686 4424 denuo
715 4368 991 4422 nascatur
1016 4378 1031 4420 :
1056 4368 1118 4422 et
1137 4370 1457 4441 propterea
1482 4359 1660 4423 dicit:
1694 4358 2001 4434 Quomodo
2026 4380 2138 4441 po-

2202 2219 2467 2290 τουτὲστι,
2521 2233 2692 2299 νοεῖν,
2755 2218 2987 2283 δίδωσιν,
3064 2209 3258 2297 Ὠσπερ
3304 2223 3405 2299 γὰρ
3466 2221 3607 2278 Θεοῦ
3648 2224 3825 2300 σοφία
3872 2223 3899 2275 6

2205 2310 2350 2389 Υἱὸς,
2410 2308 2549 2365 οὕτω
2578 2307 2644 2377 δὴ
2675 2312 2763 2367 καὶ
2820 2308 3061 2385 βασιλεία
3121 2310 3253 2367 Θεοῦ
3296 2310 3455 2376 αὐτὸς
3514 2310 3579 2366 ἂν
3635 2309 3893 2389 λέγοιτο.

2202 2399 2411 2466 Ταύτην
2466 2397 2521 2455 δὲ
2583 2400 2681 2467 τὴν
2724 2398 2995 2476 βασιλείαν
3041 2402 3138 2458 οὒκ
3167 2398 3229 2454 ἂν
3276 2397 3381 2456 ἴδοι
3428 2422 3533 2479 τις,
3601 2422 3894 2474 τουτεστι,

2202 2489 2410 2563 νοήσοι,
2463 2491 2506 2543 ὦ
2566 2487 2861 2565 Νικόδημε,
2917 2489 2960 2545 εἷ
3012 2490 3092 2565 μὴ
3148 2493 3380 2566 γεννηθῇ
3448 2489 3509 2546 ἐκ
3568 2498 3665 2546 τοῦ
3733 2498 3895 2550 Θεοῦ.

2206 2567 2383 2635 υΩστε
2428 2579 2516 2635 καὶ
2568 2580 2652 2651 σὺ,
2713 2578 2827 2636 ἐπεὶ
2889 2579 2982 2635 οῦκ
3087 2577 3377 2656 ἐγεννήθης
3436 2579 3587 2636 οῦπω
3634 2603 3896 2657 πνευμα-

2202 2666 2390 2748 τικῶς,
2452 2665 2536 2725 διὰ
2578 2670 2734 2725 τοῦτο
2794 2668 2853 2724 οῦ
2908 2666 3125 2744 βλέπεις
3180 2669 3303 2748 εμὲ,
3334 2668 3434 2736 τὴν
3464 2667 3755 2744 βασιλείαν
3803 2678 3898 2727 τοῦ

2205 2756 2358 2836 Θεοῦ,
2417 2758 2551 2815 καθᾶ
2613 2754 2719 2831 δεῖ,
2793 2754 2929 2812 ἀλλᾶ
2986 2757 3243 2823 ταπεινὴν
3315 2756 3466 2831 δόξαν
3539 2756 3702 2837 ἔχεις
3772 2762 3893 2835 περέ

2204 2834 2353 2913 ἰμοῦξ

2289 2948 2316 2978 α
2354 2924 2511 3003 Λέγει
2573 2927 2700 3004 πρὸς
2760 2925 2915 2983 αὺτὸν
2966 2927 2992 2980 6
3050 2922 3380 2999 Νικόδημος,
3469 2930 3595 2989 Πιῦς
3659 2923 3887 2983 δύναται

2206 3012 2478 3092 ἄνθρωπος
2539 3018 2883 3094 γεννηθῆναι,
2942 3013 3110 3092 γέρων
3179 3013 3303 3093 ὤν,
3361 3014 3448 3081 Μὴ
3523 3012 3753 3071 δύναται
3817 3018 3891 3077 εἷς

2211 3105 2308 3172 τὴν
2366 3102 2570 3161 κοιλίαν
2638 3110 2738 3171 τῆς
2812 3105 3015 3181 μητρὸς
3068 3105 3227 3162 αὐτοῦ
3292 3101 3527 3180 δεύτερον
3587 3104 3889 3179 εἰσελθεῖν,

2212 3194 2300 3249 καὶ
2358 3194 2726 3271 γεννηθῆναιῖ,
2786 3192 3073 3267 Ἀπεκρίθη
3135 3191 3346 3260 ἰησοῦς
3385 3212 3397 3225 ·
3482 3190 3688 3269 Ἀμὴν,
3744 3195 3894 3270 ἀμὴν

2213 3280 2356 3361 λέγω
2416 3306 2524 3362 σοι,
2579 3281 2669 3339 ἰὰν
2717 3283 2877 3357 μήτις
2939 3286 3169 3360 γεννηθῇ
3228 3281 3280 3347 ἐξ
3338 3279 3524 3346 ὕδατος
3555 3284 3652 3338 καὶ
3714 3286 3891 3340 Πνεύ-

2214 3394 2407 3448 ματος,
2454 3373 2513 3429 οῦ
2555 3370 2766 3430 δύναται
2827 3374 2900 3435 εἷς
2957 3373 3056 3439 τὴν
3109 3371 3382 3449 βασιλείαν
3412 3378 3503 3427 τοῦ
3534 3375 3676 3428 Θεοῦ
3708 3373 3892 3430 εἰσελ-

2212 3464 2347 3525 θεῖν,
2387 3484 2411 3519 ιι
2479 3460 2715 3519 Ἀκούων
2773 3463 2799 3517 6
2858 3459 3163 3537 Νικόδημος
3222 3462 3387 3535 μείζω
3428 3461 3781 3537 ἀνθρωπίνης
3827 3461 3897 3517 δι-

2214 3549 2525 3631 δασκαλίας,
2587 3549 2967 3624 ἐκπλήττεται,
3028 3552 3117 3606 καὶ
3168 3552 3349 3625 παθὼν
3379 3551 3719 3629 ἀνθρώπινον
3785 3555 3891 3608 πά·-

2214 3644 2322 3714 θος,
2373 3640 2543 3718 ἐρωτᾷ
2577 3656 2590 3671 ⁸
2658 3663 2685 3693 ιι
2722 3640 2841 3702 Πῶς
2891 3636 3101 3696 δύναται
3138 3659 3153 3714 ;
3192 3664 3218 3695 ι
3283 3639 3412 3718 ὅπερ
3468 3640 3731 3704 ἀπιστίας
3786 3642 3892 3698 ἐστὶ

2217 3734 2471 3804 σημεῖονέ
2537 3719 2719 3787 υΟπου
2763 3731 2863 3809 γὰρ
2907 3729 3087 3793 πίστις
3132 3733 3227 3787 οὒκ
3269 3728 3432 3803 ἔστιν,
3487 3728 3609 3784 ἐκεῖ
3642 3732 3731 3802 τὸ,
3770 3737 3889 3793 Πῶς

2221 3816 2337 3875 τόδε
2370 3836 2387 3893 ;
2421 3819 2531 3889 καὶ,
2570 3819 2667 3874 Διὰ
2696 3820 2744 3875 τί
2774 3817 2890 3876 τόῗε
2928 3839 2943 3894 ;
2980 3820 3072 3875 Διὸ
3104 3821 3189 3875 καὶ
3248 3816 3627 3898 καταγέλαστα
3674 3820 3744 3876 τὰ
3806 3827 3893 3876 τοῦ

2222 3905 2524 3984 Νικοδήμου
2607 3909 2821 3985 ῥήματα
2920 3906 3215 3988 φαίνονται.
3291 3910 3362 3967 Οὔ
3442 3908 3543 3986 γὰρ
3636 3908 3889 3977 ἐνενόησε

2222 3996 2470 4076 γέννησιν
2567 3997 2955 4077 πνευματικήν,
3032 3995 3168 4053 ἀλλὰ
3251 3999 3476 4077 γαστρὸς
3560 4004 3891 4073 σωματικῆς

2224 4085 2514 4162 μέμνηται.
2549 4085 2698 4145 Ἐπεὶ
2728 4088 2827 4165 γὰρ
2858 4086 3051 4153 ἤκουσε
3095 4088 3180 4155 τὸ,
3240 4109 3262 4143 ε
3296 4085 3422 4146 Ἐὰν
3479 4088 3555 4161 μή
3612 4109 3698 4153 τις
3760 4110 3887 4166 γεν-

2219 4177 2354 4252 νηθῇ
2397 4175 2613 4255 ἄνωθεν,
2652 4199 2678 4229 n
2739 4175 2950 4251 ἐνόμισε
3007 4177 3067 4231 τὸ
3140 4176 3336 4233 ἄνωθεν
3422 4174 3559 4232 οὕτω
3605 4174 3889 4254 λέγεσθαι,

2220 4264 2333 4321 ἀντὶ
2392 4272 2508 4345 τοῦ,
2565 4264 2618 4330 ἐξ
2666 4263 2867 4345 ἀρχῆς,
2948 4268 3008 4321 εκ
3086 4264 3326 4345 δευτέρου
3363 4280 3377 4295 ’
3435 4264 3569 4321 ὥστε
3633 4267 3787 4322 εἶναι
3838 4273 3891 4323 τὸ

2222 4351 2509 4431 λεγόμενον
2567 4360 2800 4410 τοιοῦτον
2838 4374 2850 4385 ο
2902 4351 3025 4410 Ἐὰν
3060 4355 3137 4426 μή
3181 4377 3261 4418 τις
3304 4357 3534 4432 γεννηθῇ
3594 4352 3650 4419 ἐξ
3710 4355 3887 4436 ἆρχῆς

490 4459 604 4515 test
630 4450 682 4512 is
701 4450 801 4532 qui
833 4467 1015 4513 senex
1047 4440 1159 4523 est,
1190 4448 1389 4511 denuo
1412 4448 1638 4512 intrare
1668 4450 1726 4511 in
1758 4459 1990 4512 uterum
2023 4440 2131 4512 ma-

2227 4443 2311 4499 καὶ
2356 4442 2417 4498 ὲκ
2471 4440 2730 4521 δευτέρω.
2791 4442 2888 4498 Διὰ
2943 4452 3099 4501 τοῦτο
3149 4444 3236 4501 οῦν
3288 4467 3442 4525 φησι,
3482 4449 3602 4506 Πῶς
3669 4442 3887 4501 δύναται

489 4539 603 4603 tris
625 4545 776 4604 sua}?
804 4536 952 4601 Nam
983 4538 1102 4602 duo
1130 4538 1298 4600 illum
1323 4538 1617 4602 iaciebant
1649 4539 2016 4621 perplexum,
2042 4559 2142 4602 na.

492 4629 682 4693 tivitas
712 4627 944 4691 scilicet
975 4627 1331 4709 spiritualis,
1355 4636 1709 4708 etregnum.
1744 4629 1950 4709 Neque
1982 4629 2140 4691 enim

491 4718 892 4798 nomenregni
913 4717 1201 4782 calorum
1223 4717 1489 4780 auditum
1515 4726 1640 4780 erat
1655 4718 1971 4800 aliquando
1986 4718 2141 4800 apud

490 4805 922 4874 Judaeos.Nunc
943 4806 1126 4887 igitur
1145 4806 1221 4869 de
1239 4806 1539 4869 uativitate
1562 4806 2145 4889 dubitat,propterea

493 4905 551 4963 et
590 4897 860 4963 Christus
925 4896 983 4960 ei
1037 4896 1410 4959 manifestius
1458 4895 1783 4979 spiritualis
1830 4896 2149 4959 nativitatis

494 4987 736 5052 modum
778 4986 1037 5051 revelat:
1077 5013 1100 5042 α
1135 4985 1262 5050 Nisi
1293 4985 1428 5068 qnis
1475 4995 1775 5068 nascatur,
1821 4986 2047 5061 dicens,
2079 5005 2147 5048 ex

493 5097 645 5161 aqua
675 5086 734 5143 et
762 5077 1048 5160 Spiritu.»
1074 5074 1263 5140 Homo
1288 5094 1423 5139 cum
1456 5094 1526 5139 ex
1556 5075 1788 5139 duobus
1818 5082 2149 5152 constet,ex

495 5185 746 5251 corpore
768 5176 828 5232 et
846 5168 1066 5243 anima,
1118 5166 1298 5230 habet
1327 5165 1650 5229 nativitatis
1678 5184 1917 5248 quoque
1945 5165 2151 5247 dupli-

496 5276 625 5323 cem
678 5256 941 5321 modum.
985 5255 1154 5337 Aqua
1185 5256 1347 5319 enim
1382 5255 1431 5318 si
1459 5254 1774 5319 visibiliter
1803 5255 2151 5337 accipiatur,

494 5346 570 5411 ad
599 5347 865 5428 corporis
892 5345 1150 5429 pertinet
1182 5345 1682 5428 puriﬁcationem;
1722 5344 1981 5426 Spiritus
2017 5361 2153 5407 vero

496 5435 872 5500 invisibiliter
889 5435 1360 5511 concurrens,ad
1384 5434 1700 5499 invisibilis
1729 5434 1944 5497 animae
1976 5452 2149 5515 rege-

498 5525 869 5590 nerationem
902 5523 1360 5607 pertinet.Quod
1383 5524 1434 5587 si
1463 5541 1661 5608 rogas,
1680 5524 1980 5608 quomodo
2000 5542 2154 5606 aqua

498 5612 1404 5700 potestgeuerareﬁnterrogabo
1420 5621 1477 5677 et
1491 5614 1931 5697 ego,quomodo
1946 5633 2151 5677 semen

501 5713 561 5770 et
588 5706 783 5789 ipsum
833 5722 1120 5786 aquosum
1172 5703 1492 5779 exsistens,
1524 5710 1718 5786 potest
1748 5702 1807 5765 in
1841 5701 2149 5767 hominem

2224 4532 2393 4611 γέρων
2444 4532 2519 4588 ὢν
2561 4529 2798 4611 δεύτερον
2827 4530 3083 4589 εἰσελθεῖν
3116 4535 3189 4597 εἰς
3220 4556 3316 4601 την
3368 4532 3573 4590 κοιλίαν
3606 4536 3710 4600 τῆς
3770 4558 3883 4609 μη-

2226 4624 2346 4703 τρὸς
2390 4620 2593 4694 αὐτοῦ,
2657 4620 2759 4678 Δύο
2811 4622 2911 4699 γὰρ
2953 4622 3089 4687 ἦσαν
3147 4624 3213 4678 τὰ
3269 4630 3516 4679 ποιοῦντα
3551 4625 3716 4680 αὐτὸν
3750 4624 3887 4680 ito-

2225 4726 2363 4792 ρετν,
2425 4711 2461 4779 ἦ
2513 4732 2569 4767 τε
2622 4710 2865 4789 γέννησις
2916 4712 2951 4779 ἡ
3007 4714 3364 4788 πνευματικὴ,
3426 4716 3461 4780 ἢ
3526 4734 3577 4767 τε
3611 4712 3896 4795 βασιλεία,

2231 4800 2358 4861 Οῦδὲ
2415 4802 2514 4880 γὰρ
2567 4797 2735 4875 ὄνομα
2807 4799 3075 4877 βασιλείας
3153 4804 3382 4881 οὗρανὼν
3459 4801 3696 4867 ἠκούσθη
3763 4803 3887 4858 ποτὲ

2230 4892 2372 4970 παρὰ
2432 4887 2724 4955 Ἰουδαίοις,
2787 4889 2929 4953 Τέως
3000 4889 3044 4945 δ’
3107 4892 3194 4948 οὖν
3250 4894 3366 4971 περὶ
3425 4895 3522 4959 τῆς
3580 4894 3885 4968 γεννήσεως

2232 4982 2449 5059 ἀπορεῖ,
2511 4976 2590 5035 διὸ
2672 4980 2760 5035 καὶ
2818 4980 2846 5034 6
2909 4982 3131 5058 Χριστὸς
3207 4982 3522 5059 σαφέστερον
3595 4982 3748 5052 αῦτῴ
3807 4984 3889 5036 τὶιν

2234 5076 2330 5138 τῆς
2401 5068 2698 5147 γεννήσεως
2754 5073 2853 5135 τῆς
2948 5070 3308 5147 πνευματικῆς
3366 5069 3561 5149 τρόπον
3605 5068 3888 5126 ἀποκαλύ-

2237 5180 2376 5233 πτει,
2418 5181 2445 5213 α
2490 5155 2618 5213 Ἐὰν
2649 5157 2725 5229 μή
2781 5176 2862 5219 τις
2912 5162 3143 5236 γεννηθῇ
3200 5158 3251 5225 ἐξ
3310 5158 3521 5237 ὕδατος,
3571 5156 3779 5237 λέγων,
3813 5162 3893 5215 καὶ

2238 5249 2567 5317 Πνεύματος.
2607 5269 2635 5300 ι
2675 5244 2904 5310 Διπλοῦς
2952 5247 3052 5327 γὰρ
3082 5270 3155 5325 (ειν
3190 5252 3216 5305 6
3248 5247 3544 5328 ἅνθρωπος,
3588 5252 3654 5303 ἐκ
3709 5253 3893 5329 ψυχῆς

2237 5339 2325 5397 καὶ
2382 5336 2652 5412 σώματος,
2711 5333 2929 5393 διπλοῦν
2996 5337 3109 5418 ἔχει
3163 5340 3249 5395 καὶ
3302 5341 3392 5395 τὸν
3451 5343 3549 5405 τῆς
3589 5340 3894 5416 γεννήσεως

2239 5429 2455 5505 τρόπον.
2516 5426 2587 5482 Τὸ
2630 5424 2729 5500 μὲν
2774 5425 2873 5504 γὰρ
2916 5423 3050 5507 ὕδωρ
3093 5429 3295 5507 ὁρατῶς
3354 5424 3794 5509 λαμϐανόμενον,
3827 5430 3891 5493 εἷς

2236 5520 2333 5587 τὴν
2389 5523 2481 5574 τοῦ
2541 5515 2787 5591 σώματος
2836 5514 3084 5595 κάθαρσιν
3152 5532 3355 5575 νοεῖται
3393 5535 3407 5550 ⁸
3459 5518 3518 5574 τὸ
3561 5514 3615 5572 δὲ
3682 5523 3893 5595 Πνεῦμα

2236 5607 2475 5688 ἀοράτως
2536 5605 2848 5685 συντρέχον,
2928 5608 3002 5673 εἷς
3056 5608 3154 5676 τὴν
3233 5608 3326 5677 τῆς
3398 5607 3621 5687 ἀοράτου
3710 5611 3897 5689 ψυχῆς

2236 5696 2604 5775 ἆναγὲννησιν.
2668 5694 2722 5751 El
2762 5692 2831 5750 ’δὲ
2879 5695 3117 5775 ἐρωτᾷς·
3188 5703 3308 5761 Πῶς
3358 5700 3416 5753 τὸ
3472 5695 3609 5773 ὕδωρ
3678 5694 3895 5756 δύναται
