4070 6224
231 373 396 439 1205
948 380 1390 443 ENARBATIO
1434 381 1516 443 IN
1569 377 2076 443 EVANGELIUM
2121 379 2462 444 JOANNIS.
2505 415 2577 427 —
2623 383 2786 445 CAP.
2818 383 2924 444 III.
3469 382 3622 449 l206

225 516 513 586 γεννῆσαι,
591 509 843 588 ἐρωτήσω
899 511 1050 589 κάγώ
1086 532 1099 546 ⁶
1162 513 1279 577 Πῶς
1337 515 1396 569 τὸ
1479 512 1712 593 σπέρμα,
1756 510 1881 568 ὑδα-

1970 511 2409 575 transformari?
2440 513 2621 592 Igitur
2650 513 2803 576 sicut
2842 514 2902 575 in
2933 515 3227 594 corporali
3275 514 3508 578 semine
3537 524 3622 578 to-

229 597 404 663 τῶδες
465 601 552 686 ὃν.
581 602 668 656 καὶ
711 603 859 675 αὐτὸ,
922 599 1130 657 δύναται
1189 604 1261 665 εἷς
1328 599 1598 680 ἄνθρωπον
1657 600 1881 658 διαπλα-

1972 608 2093 662 tum
2117 609 2205 662 est
2227 602 2433 681 gratiae
2479 602 2714 675 divinae,
2750 603 2830 664 ita
2860 611 2920 665 et
2968 604 3029 665 in
3060 603 3416 686 baptismate
3467 624 3620 686 aqua

225 690 424 755 σθῆναι
459 710 476 760 ;
515 678 732 758 υΩσπερ
774 690 860 746 οῦν
915 689 1000 746 ἐπὶ
1055 698 1148 747 τοῦ
1211 694 1515 767 σωματικοῦ
1559 690 1881 769 σπέρματος,

1970 689 2204 752 subdita
2233 678 2343 764 est,
2378 701 2436 753 et
2467 691 2720 771 Spiritus
2751 694 2949 754 omnia
2981 678 3357 773 operatur,et
3384 678 3622 758 invoca-

225 778 295 832 τὸ
357 785 485 847 πᾶν,
532 784 628 846 τῆς
671 787 765 836 τοῦ
808 778 940 836 Θεοῦ
999 780 1220 860 χάριτός
1274 779 1414 837 ἐστιν
1452 799 1464 813 ·
1502 779 1638 836 οἶὲτω
1683 781 1770 835 καὶ
1801 779 1881 836 ἐπι

1970 780 2046 842 tio
2073 799 2178 860 per
2209 799 2440 861 preces,
2476 782 2595 842 imo
2626 781 2727 843 Dei
2761 783 3099 862 praesentia.
3135 781 3411 864 Symbola
3456 784 3615 846 enim

226 867 330 922 τοῦ
387 868 776 948 βαπτίσματος,
821 868 956 947 ὕδωρ
1002 868 1300 931 ὑπόκειται,
1345 869 1515 926 ’Λλλᾶ
1571 870 1632 925 τὸ
1676 875 1881 943 Πνεῦμα

1970 870 2286 947 sepulturae
2317 878 2376 930 et
2397 869 2850 933 resurrectionis
2881 870 2938 932 in
2971 889 3128 952 aqua
3161 872 3259 933 illa
3289 873 3614 952 perﬁciun-

228 957 302 1011 τὰ
363 957 536 1013 πάντα
593 957 820 1036 ἐνεργεῖ,
865 961 950 1015 καὶ
993 961 1027 1026 ir,
1070 957 1155 1014 διὰ
1197 965 1302 1016 τῶν
1347 959 1524 1038 εῦχῶν
1574 956 1878 1030 ἐπίκλησις,

1970 967 2104 1020 tmr.
2141 957 2290 1019 Tres
2322 959 2652 1020 mersiones
2684 960 2972 1022 triduante
3000 961 3324 1042 sepulturae
3353 961 3616 1042 symbola

225 1052 328 1100 τοῦ
385 1053 514 1102 Θεοῦ
574 1045 626 1103 δέ
686 1047 888 1122 μᾶλλον
943 1049 1219 1126 παρουσία.
1275 1049 1457 1127 Ταφῆς
1503 1049 1603 1127 γὰρ
1631 1049 1718 1104 καὶ
1761 1048 1881 1102 ἀνα-

1970 1055 2135 1109 sunt:
2164 1046 2386 1109 deinde
2419 1047 2671 1126 emergit
2701 1049 2902 1129 homo,
2946 1047 3102 1110 sicut
3128 1049 3442 1123 Dominus,
3493 1049 3611 1112 ful-

225 1135 473 1199 στάσεως
507 1134 743 1209 σύμϐολα
787 1139 873 1193 καὶ
933 1139 1088 1193 εἰκὼν
1145 1137 1199 1193 έν
1241 1143 1318 1210 τῷ
1364 1135 1518 1194 ὕδατι
1577 1137 1748 1209 τούτῳ
1787 1157 1878 1191 τε·

1970 1134 2161 1215 gidior
2181 1143 2238 1198 et
2267 1136 2508 1209 clarior,
2530 1136 2994 1218 incorruptionis
3019 1139 3220 1200 ferens
3246 1138 3610 1215 indumenta,

228 1222 434 1280 λεῖται.
488 1227 548 1281 Αἱ
605 1240 752 1302 τρεῖς
811 1225 1146 1307 καταδύσεις,
1206 1233 1305 1295 τῆς
1365 1227 1652 1305 τριημέρου
1707 1231 1880 1306 ταφῆς

1970 1225 2066 1305 qui
2097 1227 2154 1286 in
2187 1243 2336 1307 aqua
2368 1226 2821 1305 corruptionem
2854 1227 3201 1288 summersit

225 1311 470 1388 σύμϐολα
506 1331 518 1344 ⁶
555 1319 674 1371 εἶτα
708 1314 942 1373 ἀναδύνει
974 1319 1002 1372 6
1032 1316 1292 1396 ἄνθρωοος
1322 1317 1500 1396 ὥσπερ
1559 1319 1587 1373 6
1646 1316 1863 1395 Κύριος,
1911 1314 2275 1393 λαμπρότερον
2328 1318 2413 1371 καὶ
2457 1313 2794 1395 φαιδρότερον
2845 1319 2904 1372 τὸ
2948 1322 3046 1383 τῆς
3105 1317 3393 1397 ἀφθαρσιας
3424 1317 3614 1394 ἔνδυμα

226 1408 433 1484 φορῶν,
466 1406 553 1462 καὶ
583 1405 679 1473 τὴν
710 1407 902 1485 φθορὰν
930 1404 1346 1486 ἒγκαταϐυθίσας
1377 1413 1454 1481 τῷ
1496 1404 1667 1464 ὕδατι.

326 1516 349 1548 α
386 1496 456 1552 Τὸ
512 1495 897 1573 γεγεννημένον
947 1495 1001 1551 ἔγ
1055 1496 1148 1564 τῆς
1180 1498 1398 1576 σαρκὸς,
1439 1495 1564 1575 σάρξ
1595 1495 1704 1552 ἔστι
1731 1510 1744 1525 ⁸
1796 1496 1881 1550 καὶ

2050 1492 2231 1558 Vsus.
2262 1495 2398 1559 6-8.
2439 1494 2637 1568 «Quod
2663 1504 2859 1557 natum
2892 1503 2979 1556 est
3011 1496 3066 1556 in
3092 1513 3295 1577 carne,
3329 1515 3469 1558 caro
3501 1515 3611 1560 esu

225 1585 292 1639 τὸ
350 1583 738 1660 γεγεννημένον
827 1584 886 1641 ἑκ
942 1592 1034 1641 τοῦ
1115 1586 1441 1664 Πνεύματος,
1488 1586 1693 1660 πνεῦμά
1744 1583 1877 1645 ἐστι.

1970 1591 2024 1645 et
2051 1583 2206 1665 quod
2259 1593 2457 1645 natum
2491 1593 2579 1646 est
2611 1603 2681 1647 ex
2711 1583 2957 1664 Spiritu,
3005 1583 3250 1665 spiritus
3275 1587 3483 1650 est.Ne
3504 1585 3612 1648 ad-

229 1673 318 1740 Μή
370 1673 675 1750 θαυμάσῃς,
713 1673 794 1731 ὅτι
863 1674 1019 1730 εἶπόν
1074 1697 1180 1746 σοι,
1242 1673 1320 1730 ὅτι
1365 1673 1447 1730 δεῖ
1504 1678 1638 1750 ὑμᾶς
1683 1695 1879 1752 γεννη-

1970 1673 2201 1734 mireris
2232 1673 2389 1755 quod
2422 1673 2564 1754 dixi,
2616 1673 2865 1754 Oportet
2885 1691 2985 1734 vos
3033 1673 3197 1734 nasci
3237 1691 3270 1736 e
3313 1675 3611 1753 supernis.

223 1761 382 1828 Θῆναι
431 1759 650 1820 ἄνωθεν.
699 1763 770 1820 T6
809 1769 1014 1837 πνεῦμα
1057 1762 1190 1820 ὅπου
1231 1762 1395 1840 θέλει,
1442 1776 1591 1837 πνεῖ,
1641 1762 1737 1820 καί
1781 1763 1881 1830 τὴν

1970 1761 2224 1843 Spiritus
2246 1763 2346 1824 ubi
2377 1764 2503 1826 vult
2534 1766 2738 1845 spirat,
2777 1771 2834 1826 et
2864 1780 3072 1826 vocem
3106 1763 3235 1842 ejus
3282 1763 3474 1844 audis,
3507 1765 3612 1826 sed

223 1851 405 1928 ’ρωνὴν
438 1851 594 1907 αῦτοῦ
643 1852 875 1924 ἀκούεις,
929 1849 1049 1907 ἀλλ’
1093 1852 1187 1908 οῦκ
1239 1851 1394 1917 οἶδας
1444 1854 1600 1909 πόθεν
1631 1853 1872 1932 ἔρχεται,

1970 1852 2158 1914 nescis
2188 1853 2342 1914 uude
2365 1853 2583 1927 veniat,
2615 1861 2676 1914 et
2707 1873 2823 1934 quo
2853 1850 3150 1914 vadat.Sic
3181 1861 3272 1914 est
3299 1851 3492 1914 omnis
3510 1853 3611 1934 qui

225 1940 316 1996 καὶ
375 1947 475 1997 ποῦ
515 1940 726 2019 ὕπαγει.
763 1941 940 2007 Οῦτως
974 1942 1085 1998 ἐστι
1142 1948 1246 2007 πᾶς
1304 1943 1331 1998 ὃ
1375 1943 1759 2021 γεγεννημένος
1816 1945 1876 1998 kx

1970 1950 2130 2004 natus
2161 1951 2251 2004 est
2281 1961 2350 2004 ex
2379 1942 2663 2023 Spiritu.»
2703 1941 3025 2005 Abducens
3049 1941 3336 2005 Dominus
3368 1941 3611 2004 Nicode-

226 2039 320 2086 τοῦ
374 2031 701 2104 Πνεύματος,
763 2057 785 2086 ι
853 2031 1104 2110 Ἀπάγων
1151 2032 1243 2087 τὸν
1293 2030 1596 2107 Νικόδημον
1628 2034 1656 2088 6
1691 2032 1874 2111 Κύριος

1970 2049 2122 2091 mum
2145 2050 2178 2092 a
2206 2031 2424 2094 carnali
2459 2031 2781 2106 nativitate,
2811 2029 2996 2092 dicit:
3040 2056 3064 2085 α
3092 2029 3258 2102 Quod
3293 2038 3494 2092 natum
3525 2039 3613 2092 est

224 2118 332 2176 ἀπὸ
387 2125 483 2187 τῆς
541 2127 798 2198 σαρκικῆς
859 2124 1182 2199 γεννήσεως,
1229 2126 1358 2202 φησί
1393 2141 1404 2154 ·
1461 2146 1485 2176 σ
1523 2123 1593 2180 Τὸ
1623 2143 1874 2201 γεγεννη-

1970 2138 2031 2182 3x
2059 2139 2260 2194 carne,
2297 2140 2437 2182 caro
2469 2129 2586 2197 est;
2621 2129 2681 2183 et
2711 2120 2873 2202 quod
2907 2129 3107 2181 natum
3143 2127 3233 2181 est
3263 2138 3332 2181 ex
3359 2117 3604 2200 Spiritu,

225 2207 386 2277 μένον
411 2209 472 2264 ἐκ
514 2216 610 2277 τῆς
657 2213 871 2290 σαρκὸς,
911 2211 1035 2290 σάρξ
1076 2211 1186 2268 ἐστι
1224 2231 1239 2248 ’
1285 2214 1345 2268 τὸ
1388 2210 1442 2267 δὲ
1487 2211 1870 2290 γεγεννημένον

1970 2208 2199 2290 spiritus
2221 2219 2370 2271 est»
2408 2211 2536 2273 Hoc
2565 2218 2676 2282 est,
2697 2209 3024 2290 spiritualis
3047 2217 3136 2270 est
3165 2209 3471 2289 bomo,qui
3499 2228 3606 2271 na-

226 2295 288 2351 έκ
330 2305 425 2355 τοῦ
456 2301 783 2380 Πνεύματος,
834 2308 1038 2372 πνεῦμα
1072 2329 1094 2359 ι
1136 2319 1151 2335 ⁶
1211 2300 1470 2373 τουτέστι,
1520 2300 1871 2377 πνευματικός

1970 2317 2047 2360 Lus
2075 2307 2167 2361 est
2199 2319 2308 2380 per
2337 2298 2843 2380 baptismum.Per
2867 2297 3143 2378 spiritum
3165 2297 3349 2369 enim,
3372 2298 3611 2377 spiritu-

227 2384 368 2442 ἐστιν
427 2390 454 2443 ὁ
508 2386 780 2468 ἄνθρωπος
833 2393 860 2446 6
931 2389 1316 2468 γεγεννημένος
1377 2388 1462 2446 διὰ
1532 2399 1623 2448 τοῦ
1677 2389 1872 2465 βαπτί-

1970 2389 2108 2450 tlem
2139 2387 2472 2468 intelligere
2504 2387 2715 2453 debes.
2737 2388 2947 2468 Neque
2978 2387 3137 2447 enim
3173 2386 3424 2467 spiritus
3453 2388 3611 2452 divi-

226 2497 426 2546 σματος
467 2496 481 2510 ·
542 2479 604 2534 τὸ
665 2479 765 2557 γὰρ
836 2488 1063 2554 πνεῦμα,
1139 2481 1251 2535 ἀντὶ
1308 2486 1423 2552 τοῦ,
1498 2480 1872 2553 πνευματικὸς,

1970 2497 2073 2540 nus
2099 2479 2162 2540 tit
2193 2478 2541 2558 baptizatus,
2573 2477 2678 2540 sed
2729 2495 2863 2539 cum
2918 2475 3302 2557 adoptionem
3354 2477 3608 2541 ﬁliorum

225 2567 452 2645 ὀφείλεις
484 2574 694 2635 νοῆσαι.
736 2570 808 2628 Οῦ
859 2571 958 2648 γὰρ
1014 2569 1079 2638 δὴ
1142 2570 1350 2644 Πνεῦμα
1402 2574 1547 2626 θεῖον
1591 2571 1790 2647 γίνεται
1851 2573 1878 2626 6

1970 2566 2020 2628 in
2053 2569 2296 2648 Spiritu,
2330 2575 2385 2627 et
2415 2566 2660 2645 gratiam
2686 2580 2747 2627 et
2769 2566 3057 2628 honorem
3091 2567 3444 2645 susceperit,
3480 2567 3608 2648 spi-

223 2657 549 2737 βαπτισθεὶς,
610 2657 747 2716 ἄλλα
812 2661 908 2728 τὴν
995 2659 1048 2715 ἐν
1139 2661 1402 2735 Πνεύματι
1480 2662 1734 2716 δίοθεσίαν
1792 2663 1878 2718 καὶ

225 2747 390 2824 χάριν
420 2748 506 2804 καὶ
548 2749 711 2822 τιμὴν
767 2746 966 2822 λαϐὼν,
1025 2757 1118 2806 τοῦ
1169 2751 1524 2826 πνευματικὸς
1583 2749 1725 2806 εἶναι
1755 2770 1878 2805 κατ-

259 2832 281 2870 ζ
339 2843 364 2872 :'
529 2829 542 2849 '
637 2841 658 2851 "
783 2839 803 2872 ξ.
884 2840 896 2858 ‘
1120 2837 1163 2862 "
1625 2837 1654 2858 ‘°
1698 2839 1710 2859 '

224 2856 478 2906 α,ιωται,
547 2846 694 2914 Ορων
752 2836 805 2894 δι
849 2859 940 2896 τον
1002 2849 1306 2914 Νικοοημον
1363 2840 1441 2895 ἔτι
1498 2843 1878 2918 θορυοουμενον

223 2927 352 3002 φησί
385 2941 398 2954 °
441 2948 468 2979 ι
533 2927 620 2993 Μὴ
663 2929 961 3002 θαυμάσῃς.
1004 2951 1031 2982 ι
1090 2932 1224 2985 Εἶτα
1261 2928 1365 2983 ἀπὸ
1422 2929 1672 2994 αἰσθητοῦ
1702 2948 1878 3004 παρα-

223 3011 503 3091 δείγματος
564 3022 806 3092 πειρᾶται
865 3014 1124 3072 διδάσκειν
1202 3017 1383 3078 αῦτόν,
1447 3041 1471 3071 ιι
1537 3018 1606 3074 Τό
1675 3024 1881 3090 πνεῦμα

223 3104 343 3181 γὰρ,
377 3107 560 3183 φησὶν,
593 3102 724 3161 ὅπου
769 3104 935 3181 θέλει,
980 3119 1127 3167 πνεῖ,
1193 3131 1216 3160 ιο
1269 3108 1404 3163 Ἀπὸ
1447 3106 1668 3185 ἀνέμου,

223 3193 448 3276 μάνθανε
507 3195 571 3248 τα
653 3194 888 3268 μείζονα.
956 3186 1012 3253 Ὀ
1079 3196 1178 3272 γαρ
1253 3193 1444 3269 ἄνεμος
1515 3195 1725 3273 (τοῦτον
1783 3196 1882 3276 γὰρ

224 3271 439 3339 ξντκύθέ
491 3305 618 3362 φησι
693 3283 924 3364 πνεῦμα)
986 3285 1117 3341 ὅπου
1186 3283 1349 3364 θέλει,
1410 3299 1535 3340 πνεῖ
1569 3304 1582 3317 ⁸
1631 3287 1719 3341 καὶ
1793 3288 1884 3343 τὸν

223 3370 364 3448 ἦχον
422 3371 576 3426 αὑτοῦ
633 3372 868 3453 ἀκούεις,
917 3372 1038 3429 ἀλλ’
1083 3371 1229 3448 ὅμως
1281 3375 1377 3430 οῦκ
1407 3370 1564 3436 οἶδας
1593 3374 1694 3441 τὴν
1723 3376 1884 3454 φορὰν

225 3459 406 3518 αὺτοῦ.
488 3460 804 3524 ’Λκάθεκτος
863 3463 963 3541 γάρ
1037 3463 1172 3536 ἐστι,
1249 3465 1334 3520 καὶ
1413 3461 1714 3544 ἀκώλυτος,
1799 3467 1884 3522 καὶ

226 3557 425 3635 φυσικῇ
462 3548 666 3622 ἐξουσίᾳ
711 3551 807 3617 τὴν
865 3550 1188 3622 ὁποιδήποτε
1246 3554 1423 3630 ὁρμὴν
1480 3555 1620 3632 ἔχει.
1679 3556 1749 3612 Τὸ
1807 3553 1883 3635 δὲ,

231 3665 254 3693 «
307 3630 488 3697 ΗΟπου
517 3640 656 3696 θέλει
703 3655 850 3720 πνεῖ,
921 3665 940 3697 ι
999 3645 1178 3722 φησὶν,
1247 3646 1344 3722 οῦχ
1412 3645 1484 3709 ὡς
1516 3654 1888 3722 προαιρετικοῦ

225 3731 370 3794 ὄντος
430 3730 520 3786 τοῦ
561 3730 777 3805 ἀνέμου,
819 3734 906 3788 καὶ
939 3731 1152 3799 θέλησιν
1182 3732 1442 3814 ἔχοντος,
1473 3730 1594 3789 ἀλλ’
1621 3735 1693 3796 ὡς
1727 3733 1884 3815 ἔφην,

230 3822 321 3888 τὴν
382 3820 487 3876 ἀπὸ
530 3821 733 3899 φύσεως
781 3821 920 3895 αῦτῷ
964 3829 1257 3898 προσοῦσαν
1314 3822 1477 3902 φορὰν
1521 3825 1608 3878 καὶ
1665 3822 1880 3881 ἀκώλυ-

227 3931 310 3965 τον
356 3907 590 3966 ἒίοδσίαν
634 3907 800 3966 δεῖῖαι
845 3909 1006 3986 βουλό
1145 3933 1168 3950 ρ
1244 3913 1302 3968 Εἰ
1392 3913 1418 3924 ”
1547 3913 1574 3968 6
1668 3910 1724 3962 "v

388 3954 408 3974 τ
722 3953 743 3975 τ
1011 3931 1193 3985 μενος.
1361 3934 1449 3968 ουν
1513 3934 1542 3968 τ
1579 3935 1604 3966 ν
1662 3933 1694 3966 α
1728 3933 1876 3987 εμον,

227 4006 376 4056 τοῦτο
431 3997 496 4063 δὴ
559 4001 621 4054 τὸ
680 4001 914 4069 αἰσθήσει
963 4001 1261 4058 ὑποπίπτον
1333 4004 1561 4076 πνεῦμα,
1637 4001 1874 4078 ἀγνοεῖς,

229 4095 337 4152 πῶς
400 4091 488 4143 καὶ
530 4089 634 4146 ποῦ
664 4102 813 4163 πνεῖ,
877 4095 992 4154 πῶς
1049 4091 1149 4158 τὴν
1206 4091 1311 4147 ἀπὸ
1341 4101 1433 4151 τοῦ
1473 4091 1609 4150 θείου
1641 4091 1881 4166 Πνεύμα·

227 4199 312 4239 τος
357 4176 706 4254 ἀνα-γέννησιν
759 4180 1076 4257 περιεργάζη
1115 4199 1130 4252 ;
1189 4181 1247 4238 Εἰ
1297 4185 1452 4235 τοῦτο
1497 4180 1559 4236 τὸ
1586 4187 1793 4253 πνεῦμα
1825 4190 1886 4244 οὐ

225 4266 424 4322 δύναται
484 4270 908 4345 κατασχεθῆναι,
982 4267 1166 4342 πολλῷ
1224 4266 1430 4344 μᾶλλον
1488 4270 1520 4335 ir,
1576 4275 1669 4325 τοῦ
1734 4270 1884 4347 ἁγίου

229 4357 528 4430 Πνεύματος
591 4355 778 4434 χάρις,
838 4359 1020 4422 νόμοις
1090 4357 1292 4436 φύσεως
1349 4357 1452 4436 οὐχ
1503 4358 1878 4438 ῦπενεχθήσε-

413 4444 753 4523 Αἰσχυνέσθω
846 4444 1164 4509 Μακεδόνιος
1270 4449 1296 4503 6
1385 4447 1869 4527 Πνευματομάχος,

231 4535 308 4589 καὶ
378 4535 479 4612 πρὸ
538 4533 724 4590 τούτου
793 4534 1046 4610 Εὑνόμιος
1079 4550 1092 4565 ⁶
1154 4537 1182 4590 ὃ
1232 4535 1329 4610 μὲν
1377 4533 1561 4593 δοῦλον
1604 4542 1771 4592 ποιῶν
1814 4539 1876 4593 τὸ

232 4629 462 4700 Πνεῦμα,
519 4625 688 4679 καίτοι
753 4645 812 4701 γε
871 4622 1095 4691 ἤκοδσεν
1170 4626 1416 4692 ὶνταὺθα,
1477 4622 1557 4682 ὅτι
1630 4622 1878 4701 ’Ἄνεμος

231 4712 356 4770 ὅπου
423 4710 586 4784 θέλει,
636 4727 761 4770 πνεῖ
795 4730 807 4743 ·
881 4712 1064 4788 πολλῷ
1121 4714 1210 4770 οῦν
1269 4712 1474 4790 μᾶλλον
1539 4715 1600 4770 τὸ
1673 4720 1884 4790 Πνεῦμα

234 4797 695 4878 ιῦτεξουσιωτέραν
756 4800 855 4868 ἔξει
909 4806 1008 4870 την
1079 4803 1306 4876 κίνησιν,
1381 4806 1465 4859 καὶ
1527 4803 1661 4860 ὅπου
1719 4802 1860 4861 θέλει

233 4891 308 4946 καὶ
363 4892 439 4954 ὡς
512 4889 680 4969 θέλει,
748 4891 1018 4970 ἐνεργήσει
1057 4908 1072 4923 ⁸

228 4468 328 4506 ται,

1960 2656 2187 2719 ritualis
2218 2675 2349 2718 esse
2383 2664 2666 2719 meretur.
2700 2654 2923 2717 Videns
2971 2661 3166 2716 autem
3216 2653 3604 2717 Nicodemutn

1961 2745 2154 2807 adhuc
2209 2745 2564 2826 perturbari,
2597 2745 2739 2806 dicit
2773 2765 2786 2806 :
2828 2766 2850 2798 α
2884 2746 2974 2806 Ne
3007 2741 3264 2803 mireris.
3312 2764 3340 2801 ι
3380 2744 3607 2807 Deinde

1961 2834 2230 2896 sensibili
2279 2834 2552 2913 exemplo
2605 2833 2826 2895 docere
2879 2850 3014 2892 eum
3065 2840 3284 2891 tentat:
3320 2830 3606 2912 «Spiritus

1963 2924 2149 3002 enim,
2204 2922 2304 2984 ubi
2347 2924 2488 2990 vult.
2542 2922 2749 3000 spirat.
2789 2921 2889 2982 »Α
2939 2928 3137 2999 vento,
3196 2921 3406 3000 inquit,
3443 2921 3609 2985 disce

1967 3015 2212 3090 majora.
2234 3010 2458 3072 Ventus
2478 3010 2660 3079 enim.
2700 3028 2876 3088 quem
2910 3007 3021 3070 hoc
3054 3008 3184 3069 loco
3216 3011 3488 3090 spiritum
3511 3029 3607 3072 vo-

1728 3106 1877 3184 φησὶ,
1900 3138 1940 3188 C
1966 3098 2188 3172 cat,ubi
2219 3099 2588 3179 vult,spirat:
2618 3107 2675 3161 et
2698 3117 2911 3159 sonum
2931 3105 3062 3188 ejus
3083 3096 3340 3178 audis,et
3371 3098 3609 3180 ignoras

1969 3200 2164 3253 tamen
2187 3190 2345 3251 unde
2375 3189 2620 3263 feratur;
2646 3188 2850 3269 nequit
2880 3187 3038 3249 enim
3071 3188 3501 3268 comprehendi
3519 3190 3608 3252 vel

1971 3278 2297 3362 prohiberi;
2332 3278 2580 3340 naturali
2625 3277 2786 3339 enim
2848 3283 3134 3358 potestate
3185 3277 3372 3339 fertur
3403 3278 3463 3339 in
3494 3279 3607 3341 ali-

1970 3389 2146 3449 quem
2163 3369 2294 3430 ὕει
2335 3371 2525 3430 locum
2548 3367 3166 3430 incertum.Caaterum
3191 3369 3297 3430 ubi
3326 3369 3456 3430 vult
3478 3370 3603 3450 spi-

1972 3468 2094 3534 rat,
2128 3459 2336 3540 inquit.
2365 3477 2481 3520 non
2512 3457 2671 3539 quod
2722 3467 2932 3519 ventus
2976 3457 3336 3521 voluntatem
3372 3457 3608 3532 habeat,

1971 3550 2100 3624 sed,
2134 3558 2196 3611 ut
2227 3548 2368 3622 dixi,
2403 3556 2662 3609 anatura
2695 3545 2878 3608 indita
2909 3545 2993 3607 illi
3019 3555 3278 3626 potestas
3307 3565 3438 3628 quae.
3469 3566 3609 3627 pro-

1971 3639 2164 3702 hiberi
2197 3639 2418 3719 nequit,
2448 3635 2872 3698 ostenditur.Si
2904 3635 3612 3717 igiturvcntum,quispi-

1970 3730 2116 3791 ritus
2143 3726 2523 3789 estsensibus
2556 3723 2888 3805 subjectus,
2921 3723 3181 3804 ignoras,
3219 3723 3513 3805 quomodo
3555 3733 3614 3788 et

1968 3838 2083 3901 quo
2101 3819 2309 3899 spiret,
2335 3814 2632 3897 quomodo
2658 3814 3170 3892 regenerationem
3194 3831 3228 3874 a
3256 3812 3454 3901 divino
3473 3811 3610 3894 Spi-

1965 3900 2080 3973 ritu
2102 3907 2395 3970 curiosius
2425 3903 2783 3985 inquiris?Si
2814 3902 2911 3964 hic
2943 3901 3159 3982 spiritu
3184 3900 3615 3981 comprehendi

1965 3996 2192 4078 nequit,
2229 3995 2410 4057 multo
2444 3995 2635 4055 minus
2665 3991 2853 4053 sancti
2881 3991 3138 4072 Spiritus
3167 3989 3352 4070 gratia
3387 3989 3615 4068 legibus

1966 4097 2186 4148 natura:
2207 4080 2932 4145 subdetur.Confundatur
2953 4079 3618 4160 Macetlonitts,Spiritus

1969 4183 2363 4257 oppugnatur,
2393 4181 2451 4233 et
2469 4173 2568 4254 qui
2591 4172 2906 4234 antecessit
2928 4169 3095 4231 illum
3121 4168 3476 4231 Eunomius.
3510 4168 3618 4232 Ille

1967 4266 2126 4327 enim
2147 4282 2385 4326 servum
2416 4262 2551 4324 facit
2578 4260 2887 4342 Spiritum,
2917 4258 3186 4340 quamvis
3215 4257 3474 4321 audierit
3504 4258 3619 4324 hoc

1967 4359 2096 4419 loco
2126 4353 2285 4434 quod
2309 4360 2516 4414 ventus
2545 4370 2659 4432 quo
2693 4351 2811 4411 vult
2839 4349 3049 4430 spirat,
3089 4347 3272 4409 multo
3302 4347 3480 4426 igitur
3500 4366 3616 4411 ma-

1960 4444 2053 4525 gis
2095 4443 2354 4526 Spiritus
2401 4446 2642 4504 sanctus
2675 4440 3014 4501 liberiorem
3049 4436 3233 4500 habet
3266 4438 3616 4518 motionem,

1959 4544 2018 4598 et
2041 4553 2156 4615 quo
2193 4532 2403 4607 vult,et
2425 4530 2578 4592 sicut
2598 4527 3124 4609 vult,0perabitur.
3152 4526 3484 4615 Eunoﬁmius
3506 4543 3616 4589 ve-

1963 4643 2031 4687 ro
2062 4614 2240 4683 inillo
2259 4622 2386 4701 ipso
2414 4625 2758 4699 peccans,et
2778 4625 3112 4678 creaturam
3135 4615 3279 4678 dixit
3307 4614 3618 4696 Spiritum,

1966 4722 2025 4775 et
2055 4713 2112 4774 in
2147 4719 2368 4772 tantam
2404 4709 2673 4790 pervenit
2706 4707 3119 4788 pervicaciam,
3157 4705 3326 4786 quasi
3363 4724 3620 4785 cognos-

1973 4810 2138 4865 ceret
2168 4803 2352 4864 Deum
2386 4799 2535 4861 sicut
2557 4800 2682 4880 ipse
2711 4798 2996 4876 seipsum.
3023 4795 3243 4858 Audiat
3270 4794 3446 4871 igitur
3462 4795 3618 4876 quod

1148 4895 1160 4906 ‘
1187 4867 1253 4911 v“
1295 4867 1306 4876 '
1341 4893 1380 4914 τ’
1438 4892 1449 4909 θ
1689 4894 1702 4915 ἱ
1873 4867 1881 4899 1

1136 4915 1164 4947 0
1207 4911 1261 4947 οε
1321 4901 1578 4967 Ευνομιος
1647 4893 1782 4949 αυτά
1835 4914 1881 4956 τε

1977 4907 2173 4971 neque
2204 4890 2361 4950 venti
2388 4867 2678 4969 impetum
2715 4867 2904 4967 neque
2936 4887 3114 4947 tinem
3157 4867 3324 4946 sciat.
3357 4867 3618 4955 Quomo-

231 4988 385 5036 ταῦτα
456 4981 716 5058 πρότερος
808 4983 1084 5062 ἁμαρτὼν,
1171 4984 1258 5038 καὶ
1332 4981 1527 5056 κτίσμα
1601 4982 1762 5038 εἰπὼν
1835 4983 1881 5037 τέ

1978 4981 2054 5042 do
2086 4979 2261 5059 igitur
2291 4978 2396 5040 Dei
2426 4976 2819 5040 substantiam
2850 4981 3172 5055 cognoscet
3195 4972 3524 5052 impostor?

236 5076 464 5148 Πνεῦμα,
505 5092 597 5126 και
629 5071 759 5148 πρός
790 5093 851 5148 γε
897 5068 1446 5147 ἀπαυθαδιασάμενος,
1512 5068 1651 5128 οὕτω
1709 5070 1991 5148 γινώσκειν
2051 5074 2203 5150 Θεὸν,
2265 5073 2336 5132 ὡς
2387 5070 2572 5125 ἑαυτὸν
2623 5068 2803 5131 αῦτός,
2841 5065 3104 5124 Ἀκουέτω
3133 5067 3243 5138 οῦν,
3277 5063 3357 5120 ὅτι
3391 5062 3504 5121 063‘s
3534 5072 3627 5121 τοῦ

236 5157 421 5231 ἀνέμου
457 5159 558 5225 τὴν
589 5160 776 5237 φορὰν,
815 5161 902 5216 καὶ
932 5161 1032 5227 τήν
1061 5161 1232 5240 ὁρμὴν
1262 5157 1379 5216 οἶδε
1412 5164 1427 5190 ⁸
1463 5163 1576 5222 πιῖις
1605 5159 1692 5216 οὖν
1720 5166 1852 5217 Θεοῦ
1881 5162 2055 5222 οῦσίας
2089 5159 2451 5234 κατατολμᾷς,
2487 5157 2748 5233 ἀλιτήριε.

308 5270 333 5299 α
391 5243 679 5326 ’Λπεκρίθη
748 5246 1078 5323 Νικόδημος,
1148 5251 1234 5305 καὶ
1291 5249 1445 5305 εἶπεν
1504 5252 1648 5322 αῦτῷ
1682 5265 1694 5277 ⁵
1768 5252 1889 5314 Πῶς

232 5336 436 5392 δύναται
527 5346 687 5395 ταῦτα
772 5337 1067 5415 γενέσθαις
1139 5338 1425 5419 Ἀπεκρίθη
1497 5337 1728 5405 Ἰησοῦς,
1803 5336 1891 5397 καὶ

234 5429 374 5481 εἶπεν
420 5427 564 5500 αῦτῴ
598 5442 610 5454 ·
664 5427 736 5482 Σὺ
795 5427 850 5482 εἴ
911 5428 938 5484 ὁ
990 5426 1303 5492 διδάσκαλος
1375 5435 1466 5485 τοῦ
1512 5425 1754 5506 Ἰσραὴλ,
1803 5433 1890 5489 καὶ

236 5523 386 5571 ταῦτα
445 5519 504 5570 03
551 5516 884 5595 γινώσκειςς
935 5517 1135 5596 Ἀμην,
1186 5517 1330 5592 ἂμὴν
1380 5515 1523 5594 λέγω
1583 5537 1690 5590 σοι,
1724 5515 1804 5573 ὅτι
1863 5516 1890 5571 ό

232 5603 475 5677 οἴδαμεν,
536 5605 828 5680 λαλοῦμεν,
875 5609 965 5664 καὶ
1013 5607 1041 5663 ὃ
1101 5608 1434 5684 ἑωράκαμεν,
1495 5613 1885 5684 μαρτυροῦμεν,

234 5694 311 5746 ’4ιῖ
359 5693 452 5759 τὴν
499 5695 786 5772 μαρτυρίαν
827 5697 982 5769 ἡμῶν
1035 5700 1095 5753 οῦ
1164 5693 1483 5768 λαμϐάνετε,
1537 5696 1589 5752 El
1653 5696 1718 5750 τὰ
1764 5694 1884 5752 ἒπε-

2057 5247 2240 5310 νειιε.
2274 5245 2441 5309 9-12.
2480 5244 2809 5325 Respondit
2835 5240 3222 5321 Nicodemus,
3249 5251 3310 5305 et
3331 5243 3481 5306 dixit
3510 5244 3567 5306 ei
3601 5265 3616 5304 :

1973 5337 2280 5411 Quomodo
2325 5343 2571 5418 possunt
2605 5335 2728 5397 haec
2761 5331 2920 5395 ﬁeri?
2971 5330 3298 5413 Respondit
3332 5337 3529 5407 Jesus,
3565 5340 3628 5396 et

1972 5425 2120 5489 dixit
2155 5447 2167 5489 :
2203 5427 2287 5488 Tu
2321 5443 2385 5486 es
2418 5424 2517 5485 ille
2543 5424 2822 5502 magister
2851 5421 3175 5490 Israelis,et
3212 5420 3629 5502 haacigncras?

1974 5520 2374 5597 Amen,amen
2409 5513 2544 5574 dico
2579 5513 2706 5594 tibi,
2738 5511 2892 5593 quod
2921 5510 3166 5587 scimus,
3199 5511 3534 5593 loquimur:
3570 5520 3628 5574 et

1975 5605 2132 5688 quod
2165 5605 2441 5668 vidimus.
2473 5611 2800 5666 testamur:
2825 5609 2887 5664 et
2915 5600 3322 5664 testimonium
3353 5615 3626 5664 nostrum

1974 5713 2094 5756 non
2115 5693 2474 5775 accipitis.Si
2498 5700 2738 5755 terrena
2759 5690 2879 5755 dixi
2901 5689 3088 5763 vobis,
3114 5697 3172 5752 et
3202 5708 3320 5753 non
3353 5688 3600 5752 creditis
