4070 6224
2126 128 2153 147 \

465 344 619 409 i207

1419 344 2007 413 ΤΗΕΟΡΗΥΕΑΟΤΙ
2047 341 2459 406 BULGABLE
2502 345 2857 408 ARCHIEP.

3710 336 3877 401 ηοε

462 478 824 559 quomodosi
842 478 1051 543 dixero
1064 478 1236 541 vobis
1256 478 1543 555 celestia,
1566 478 1850 541 credituri
1871 476 2041 543 estis?
2077 498 2101 533 ι)

2200 495 2309 553 γεια
2364 477 2522 535 εἶπον
2578 478 2730 553 ὑμῖν,
2793 481 2881 535 καὶ
2930 478 2991 534 οὗ
3034 480 3305 536 πιστεύετε
3341 493 3354 507 '
3403 482 3543 551 πῶς,
3577 477 3689 533 bis»
3724 473 3879 530 εἴπω

462 565 826 635 Nicodamus
851 566 1045 631 adhuc
1066 567 1125 632 in
1147 567 1396 633 Judaica
1412 564 2103 648 imperfectionesubsis-

464 656 875 737 tit:propterea
899 660 1109 723 iterum
1138 656 1685 738 rogatzaouomodo
1721 663 1965 738 possunt
1984 655 2109 717 haec

464 744 811 809 ﬁeri‘hldeo
830 756 889 811 et
912 748 1198 810 Dominus
1216 754 1560 809 monstrans
1583 747 1638 809 ei
1660 746 1815 828 quod
1850 763 1955 826 per
1995 744 2109 806 im-

466 834 888 916 perfectionem
908 835 990 899 ita
1004 834 1549 918 loquitur,dicit:Tu
1564 854 1696 898 cum
1717 834 1802 897 sis
1819 835 2025 897 doctor
2050 833 2109 895 in

463 921 729 1000 Israel,si
759 924 1104 988 recordatus
1126 925 1308 988 fueris
1324 924 1745 986 miraculorum
1773 920 1905 1004 qua;
1921 922 1980 983 in
2000 924 2111 983 Ve-

462 1011 575 1076 teri
605 1010 984 1077 Testamento
1016 1015 1334 1078 traduntur
1358 1013 1433 1075 de
1460 1012 1813 1074 formatione
1848 1010 2111 1073 hominis

467 1107 527 1165 et
543 1101 681 1175 alia,
714 1103 1011 1183 quomodo
1042 1103 1327 1166 formatus
1349 1103 1449 1175 sit,
1484 1102 1784 1183 quomodo
1812 1120 1882 1163 ex
1926 1101 2109 1163 latere

464 1208 637 1267 uxor,
669 1192 967 1272 quomodo
1014 1192 1282 1273 prodigia
1320 1192 1379 1253 in
1412 1190 1683 1272 Egypto,
1718 1190 2013 1272 quomodo
2044 1190 2104 1250 in

467 1278 617 1341 mari
647 1278 1173 1362 Rubro,quomodo
1205 1280 1425 1342 sterilis
1455 1280 1844 1361 pepererit,et
1865 1277 2101 1339 similia:

466 1367 517 1429 si
548 1368 674 1429 haec
722 1368 1135 1431 considerares
1186 1370 1337 1431 sicut
1393 1368 1601 1431 doctor
1639 1370 1697 1430 in
1750 1366 1952 1446 Israel,
1988 1386 2106 1428 non

468 1454 848 1519 discrederes
879 1457 971 1520 his
999 1476 1131 1539 qua
1159 1476 1317 1520 nunc
1349 1457 1507 1519 dico.
1539 1460 1964 1520 Verumtamen
1996 1473 2106 1533 ego

469 1544 711 1626 quidem
744 1547 901 1627 quod
922 1547 1209 1621 scio,dico
1240 1569 1254 1610 ε
1291 1556 1350 1609 et
1379 1547 1537 1630 quod
1562 1546 1821 1621 vidi,hoc
1852 1553 1961 1625 est,
1983 1545 2107 1606 cla-

466 1652 534 1696 re
561 1639 827 1714 cognovi.
855 1638 1061 1716 Neque
1109 1636 1269 1697 enim
1300 1636 1669 1717 corporalem
1702 1635 1989 1696 visionem
2022 1633 2107 1695 si-

467 1724 709 1805 gniﬁcat
728 1744 861 1787 cum
881 1726 1044 1801 dicit,
1058 1725 1541 1799 «Vidimus,»sed
1571 1725 1966 1804 cognitionem
1986 1740 2111 1784 cer-

468 1813 780 1879 tissimam.
820 1837 843 1866 σ
869 1814 1074 1877 Alvos
1104 1813 1509 1877 testimonium
1542 1822 1831 1887 nostrum,
1858 1813 1969 1873 hoc
1993 1825 2105 1885 est,

469 1920 666 1977 meum
694 1921 818 1964 non
840 1903 1127 1983 accipitis.
1166 1929 1193 1960 ι
1230 1902 1368 1969 Haec
1393 1911 1588 1967 autem
1631 1903 1771 1964 dicit
1798 1900 2108 1981 Dominus,

2136 1800 2341 1875 Βτην.

2190 564 2319 639 ὑμῖν
2377 567 2442 623 τὰ
2497 566 2803 646 ἐπουράνια,
2850 567 3157 624 πιστεύσετε
3196 586 3212 641 ;
3247 586 3275 625 n
3311 564 3448 626 ’Ἔτι
3481 566 3568 623 ἐπὶ
3597 566 3723 631 τῆς
3747 563 3882 620 Ἴου·

2192 650 2385 723 δαϊκῆς
2448 656 2716 719 εὐτελείας
2772 657 2800 712 6
2846 654 3149 731 Νικόδημος
3206 657 3424 713 ἵσταται
3459 672 3473 685 ·
3536 654 3627 712 διὰ
3723 655 3884 709 τοῦτο

2194 741 2363 821 ἐρωτᾷ
2419 743 2580 800 πάλιν
2619 764 2633 780 ·
2673 762 2702 803 (
2737 751 2858 809 Πῶς
2903 744 3114 804 δύναται
3170 753 3334 802 ταῦτα
3363 745 3606 823 γενέσθαι
3642 764 3662 823 ς
3710 766 3743 796 ι
3789 742 3885 796 Διὸ

2193 832 2278 886 καὶ
2334 832 2361 888 6
2418 830 2612 913 Κύριος
2654 832 2903 891 δεικνύων
2933 835 3099 909 αὐτῷ,
3144 834 3224 890 ὁτι
3267 833 3374 890 ἀπὸ
3404 832 3660 914 ἀφελείας
3702 837 3885 887 ταῦτα

2190 920 2496 1001 φθέγγεται,
2528 923 2662 1001 φησί
2696 941 2711 957 ’
2758 923 2832 979 Σὺ
2885 921 3195 988 διδάσκαλος
3254 924 3329 979 ὢν
3371 931 3463 979 τοῦ
3510 919 3779 998 Ἰσραὴλ,
3839 921 3883 972 εἰ

2190 1008 2539 1085 ἀναμνησθεὶς
2585 1012 2651 1067 τὰ
2708 1013 2762 1067 ὲν
2812 1018 2876 1089 τῇ
2906 1010 3115 1084 Παλαιᾷ
3145 1010 3409 1085 παράδοξα
3451 1012 3712 1085 θαύματα
3768 1010 3885 1063 ἀπὸ

2188 1101 2286 1165 τῆς
2331 1106 2422 1155 τοῦ
2470 1098 2746 1178 ἀνθρώπου
2775 1101 3048 1175 πλάσεως,
3094 1103 3182 1158 καὶ
3210 1102 3274 1157 τὰ
3305 1101 3446 1174 ἑξῆς,
3481 1106 3598 1161 πῶς
3630 1096 3880 1155 πέπλα-

2188 1207 2329 1258 σται,
2394 1192 2508 1251 πῶς
2568 1188 2630 1246 ἐκ
2686 1187 2914 1268 πλευρᾶς
2958 1191 2993 1258 ἡ
3038 1190 3197 1269 γυνὴ,
3256 1195 3371 1252 πῶς
3400 1191 3465 1245 τὰ
3495 1188 3549 1244 ἐν
3598 1188 3886 1265 Αἰγύπτῳ

2192 1275 2458 1355 τεράστια,
2490 1282 2606 1341 πῶς
2636 1279 2703 1335 τὰ
2732 1278 2787 1333 ὲν
2823 1277 3062 1357 Ἐρυθρᾷ,
3098 1284 3214 1343 πῶς
3275 1292 3479 1357 στεῖραι
3508 1277 3745 1350 ἔτεκον,
3779 1278 3883 1331 καί

2188 1364 2254 1419 τὰ
2311 1362 2471 1438 ὅμοια
2501 1380 2514 1394 ⁸
2570 1367 2613 1422 εἰ
2656 1374 2820 1423 ταῦτα
2883 1364 3200 1447 ἀναλογίσῃ,
3261 1369 3334 1431 ὡς
3391 1365 3721 1427 διδάσκαλος
3786 1372 3888 1421 τοῦ

2191 1450 2431 1529 Ἰσραῆ,
2478 1452 2595 1513 οὑδὲ
2653 1457 2770 1534 περὶ
2816 1456 2890 1513 ὧν
2948 1454 3091 1535 λέγω
3147 1463 3234 1512 νῦν
3286 1456 3626 1525 ἀπιστήσεις.
3716 1453 3889 1517 Πλὴν

2192 1541 2300 1619 ἐγὼ
2343 1542 2441 1615 μὲν
2497 1544 2525 1599 ὂ
2581 1542 2708 1601 οἶδα
2766 1542 2932 1627 λέγω,
2993 1546 3080 1601 καὶ
3148 1548 3177 1602 ὃ
3258 1547 3488 1625 ἑωρακα,
3552 1544 3885 1614 τουτέστιν,

2193 1628 2421 1713 ἀκριϐῶς
2477 1631 2708 1711 ἔγνωκα.
2786 1637 2857 1693 Ob
2912 1635 3012 1713 γάρ
3097 1634 3268 1705 δήπου
3338 1633 3659 1710 σωματικὴν
3744 1633 3884 1705 ὄψιν

2192 1721 2277 1798 τὸ,
2343 1743 2368 1775 α
2409 1712 2776 1799 Ἐωράκαμεν,
2816 1745 2844 1777 ι
2878 1712 3061 1797 δηλοῖ,
3099 1722 3236 1782 ἀλλὰ
3284 1729 3478 1802 γνῶσιν
3524 1720 3887 1800 ἀκριϐεστάο

2408 1807 2528 1865 ἀλλ’
2600 1811 2757 1886 ὑμεῖς
2823 1810 2922 1877 τὴν
2975 1812 3259 1891 μαρτυρίαν
3317 1811 3497 1891 ἡμῶν,
3549 1810 3875 1879 τουτέστιν,

2195 1897 2348 1973 ἐμοῦ,
2410 1899 2470 1955 οὗ
2526 1897 2848 1975 λαμϐάνετε,
2906 1910 3081 1959 Ταῦτα
3144 1899 3199 1956 δὲ
3254 1899 3398 1978 λέγει
3468 1902 3496 1956 ὁ
3550 1898 3766 1974 Κύριος
3817 1898 3879 1953 οὗ

470 2010 589 2054 non
610 1990 683 2054 ad
712 1990 1128 2068 Nicodemum,
1155 1992 1260 2055 sed
1289 1991 1362 2054 ad
1393 2010 1583 2071 genus
1608 1991 1975 2061 Iudaeorum,
2009 1986 2108 2071 qui

2200 1988 2326 2066 πρὸς
2381 1988 2471 2044 τὸν
2518 1986 2844 2064 Νικόδημον,
2905 1987 3041 2050 ἀλλά
3093 1990 3222 2067 πρὸς
3265 1992 3326 2047 τὸ
3362 1989 3509 2065 γένος
3560 1996 3671 2047 τῶθ
3719 1989 3872 2047 Ἰουσ

468 2098 659 2161 usque
677 2080 749 2142 ad
782 2081 961 2143 tinem
993 2081 1288 2146 increduli
1318 2081 1768 2161 fuerunthitur
1791 2103 1813 2138 ι
1839 2079 1898 2143 Si
1922 2088 2108 2141 terre-

2200 2074 2353 2132 δαίων
2385 2076 2795 2153 ἀποτεινόμενος
2850 2079 2957 2135 τῶν
3010 2080 3415 2146 ἀπιστησάντων
3464 2078 3595 2157 ἄχρι
3642 2078 3879 2139 τέλους.

470 2188 544 2231 na
570 2169 686 2231 dixi
714 2169 1103 2250 vobis,etnon
1124 2170 1400 2233 creditis»
1428 2172 1541 2232 hoc
1573 2170 1741 2245 est,si
1773 2169 1846 2231 de
1869 2187 2108 2249 genera‘

2201 2166 2259 2222 Εἰ
2301 2165 2390 2221 οὖν
2440 2166 2507 2222 τὰ
2559 2167 2763 2245 ιεπίγεια
2818 2171 2974 2224 εἷπον
3051 2170 3205 2247 ὑμῖν,
3289 2170 3378 2224 καὶ
3440 2173 3499 2226 οὐ
3556 2168 3878 2239 πιστεύετε,

467 2257 629 2319 tione
659 2276 791 2338 quae
812 2267 901 2320 est
929 2258 991 2320 in
1020 2258 1472 2340 baptismo,dixi
1501 2259 1687 2335 vobis,
1725 2271 1785 2319 et
1807 2278 1923 2321 non
1954 2276 2108 2320 rece‘

2203 2255 2489 2330 τουτέστιν,
2548 2258 2592 2312 εἰ
2646 2258 2765 2336 περὶ
2824 2262 2921 2326 τῆς
2974 2260 3028 2314 ἓν
3081 2264 3158 2333 τῷ
3199 2257 3524 2334 βαπτίσματι
3570 2257 3883 2335 γινομένης

469 2345 772 2427 pistis,sed
793 2345 1198 2426 interrogastis
1229 2348 1908 2421 dicentes,aQuomodo?
1933 2373 1959 2404 »
1990 2357 2108 2409 ter-

2200 2343 2598 2421 ἀναγεννήσεως
2656 2347 2818 2403 εἶπον
2866 2348 3019 2421 ὑμῖν,
3074 2349 3159 2403 καὶ
3212 2349 3271 2404 οὑ
3300 2344 3675 2426 παραδέξασθε,
3741 2347 3877 2403 ἀλλ’

466 2452 673 2499 tenam
703 2441 899 2497 autem
920 2436 1075 2498 hanc
1106 2437 1463 2498 nativitatem
1496 2436 1906 2517 nominat.qod
1934 2454 2108 2516 super

2200 2432 2509 2513 ἠρωτήσατε
2564 2436 2649 2509 τὸ,
2703 2458 2727 2490 α
2778 2442 2946 2515 Hdie;
2987 2459 3013 2491 ι
3076 2436 3329 2513 (ἐπίγειον
3388 2435 3439 2490 δὲ
3498 2437 3698 2502 ταύτην
3764 2437 3872 2503 τὴν

467 2532 686 2587 terram
718 2524 868 2586 facta
896 2524 973 2586 sit
1001 2526 1061 2585 in
1080 2525 1436 2587 beneﬁcium
1468 2526 1772 2587 hominum
1804 2543 1818 2587 :
1846 2524 2108 2605 quamvis

2200 2521 2437 2601 γέννησιν
2524 2524 2799 2600 ὀνομάζει,
2859 2527 2933 2588 ὡς
3006 2525 3094 2581 ἐπὶ
3152 2530 3253 2602 γῆς
3331 2523 3656 2599 τελουμένην
3721 2528 3869 2603 πρὸς

468 2613 628 2675 enim
651 2612 905 2679 ccelestis
943 2615 1018 2675 sit
1068 2613 1397 2676 secundum
1424 2614 1673 2693 gratiam
1707 2624 1762 2674 et
1794 2615 2107 2689 honorem,

2200 2614 2490 2690 εὐεργεσίαν
2546 2618 2654 2669 τῶν
2705 2613 2791 2671 ἐπὶ
2841 2619 2942 2692 γῆς
2987 2614 3274 2694 ἀνθρώπων
3309 2632 3322 2646 ⁸
3358 2616 3401 2669 εἰ
3432 2614 3532 2691 γὰρ
3560 2615 3650 2671 καὶ
3683 2618 3866 2672 ἐπου-

468 2709 527 2765 at
551 2701 916 2780 baptizamur
951 2720 1087 2765 cum
1121 2720 1301 2776 super
1327 2709 1547 2765 terram
1582 2720 1813 2778 sumus;
1850 2702 1901 2764 si
1936 2702 2108 2782 igitur

2200 2701 2366 2779 ράνιός
2413 2705 2526 2760 ἔστι
2570 2704 2704 2761 κατά
2746 2704 2845 2771 τὴν
2890 2704 3051 2782 χάριν
3094 2705 3180 2761 καὶ
3223 2703 3321 2771 την
3362 2703 3543 2777 τιμὴν,
3603 2702 3731 2759 ἀλλ’
3765 2703 3861 2761 οὖν

471 2792 546 2854 de
578 2790 687 2852 hac
714 2798 947 2853 terrena
974 2790 1274 2853 nativitate
1303 2791 1529 2866 dicens,
1563 2791 1759 2854 inveni
1791 2810 1895 2853 vos
1917 2791 2108 2854 incre-

2200 2790 2278 2846 ἐπὶ
2320 2796 2421 2869 γῆς
2453 2790 2599 2855 ὄντες
2658 2793 3043 2869 βαπτιζόμεθα)
3078 2810 3091 2823 ’
3143 2795 3184 2848 εἱ
3243 2792 3412 2849 τοίνυν
3470 2794 3587 2871 περὶ
3642 2794 3855 2858 ταύτης

467 2879 661 2958 dulos,
686 2877 759 2939 de
790 2878 1209 2959 supercmlesti
1250 2879 1568 2953 nativitate,
1608 2898 1740 2960 quae
1769 2878 2107 2955 ineﬂ‘abilis,

466 2986 582 3049 qua
608 2967 748 3029 542
772 2969 1113 3049 unigenitus
1142 2967 1337 3031 Filius
1356 2988 1389 3030 a
1412 2968 1587 3030 Patre
1618 2976 1787 3030 natus
1817 2977 1927 3043 est,
1979 2988 2112 3030 rum

2196 2883 2295 2947 τῆς
2353 2880 2586 2958 ἐπιγείου
2662 2883 2962 2957 γεννήσεως
3046 2883 3255 2961 εἰπὼν,
3296 2881 3443 2959 εὗρον
3518 2884 3651 2955 ὑμᾶς
3714 2882 3855 2938 ἀπι-

2196 2968 2444 3032 στοῦντας
2480 2987 2492 2999 ·
2582 2972 2698 3049 περὶ
2779 2975 2876 3037 τῆς
2977 2970 3283 3044 ἐπουρανίω
3370 2972 3669 3047 γεννήσεως
3754 2973 3859 3037 τῆς

468 3056 799 3134 audieritis,
842 3057 1145 3138 quomodo
1178 3056 1470 3120 credetis?
1496 3056 1746 3130 Quidam
1778 3067 1977 3120 autem
2011 3077 2108 3138 per

2200 3055 2523 3135 ἀποῤῥήτου,
2577 3058 2644 3126 ἢν
2704 3060 2731 3114 6
2790 3066 3088 3137 μονογενὴς
3143 3059 3259 3120 Υἱὸς
3315 3057 3571 3135 ἐγεννήθη
3613 3058 3721 3115 ἀπὸ
3765 3067 3863 3115 τοῦ

468 3154 771 3209 terrenum
797 3145 1216 3210 intellexerunt
1235 3146 1685 3208 similitudinem
1711 3146 1784 3208 de
1814 3154 2011 3209 vento:
2036 3148 2115 3209 ita

468 3245 535 3299 ut
561 3235 717 3316 quod
748 3233 992 3310 dicitur,
1049 3234 1136 3296 sic
1172 3252 1251 3303 se
1304 3234 1519 3297 habeat
1552 3255 1565 3299 :
1600 3233 1663 3298 Si
1714 3236 2052 3317 exemplum
2084 3256 2117 3299 a

468 3323 729 3386 terrenis
760 3322 899 3385 dedi
938 3322 1127 3403 vobis,
1151 3331 1209 3384 et
1256 3341 1448 3403 neque
1496 3324 1583 3385 sic
1639 3326 1906 3405 persuasi
1947 3327 2109 3401 estis,

470 3411 767 3493 quomodo
796 3412 1060 3493 poteritis
1090 3412 1400 3493 superiora
1429 3412 1713 3478 discere?

549 3587 843 3655 VensJS.
884 3587 989 3651 «Et
1016 3588 1213 3652 nullus
1242 3590 1509 3653 ascendit
1536 3592 1597 3653 in
1629 3591 1992 3666 cmlum,nisi
2015 3595 2111 3673 qui

468 3679 545 3744 de
567 3679 715 3753 ccelo
747 3678 1271 3757 descendit,Filius
1294 3681 1687 3764 hominis,qui
1711 3692 1800 3745 est
1818 3685 1875 3745 in
1895 3686 2107 3747 creto.»

466 3767 673 3852 Neque
696 3769 1058 3834 hocvidetur
1078 3789 1212 3833 cum
1235 3772 1330 3834 his
1341 3791 1472 3853 quae
1487 3780 2114 3854 praecesserunt,recte

467 3858 811 3927 convenire.
846 3860 924 3923 At
952 3860 1005 3922 si
1032 3859 1166 3942 quis
1203 3860 1521 3940 diligenter
1570 3871 1827 3926 mentem
1878 3862 2114 3925 Domini

465 3949 820 4030 inspexerit,
870 3949 1245 4031 apparebunt
1287 3952 1463 4013 etiam
1498 3950 1600 4013 illa
1628 3950 1783 4013 bene
1811 3953 2115 4014 cohaerere

466 4057 601 4103 cum
631 4038 1062 4120 superioribus.
1087 4037 1237 4112 Quia
1250 4040 1409 4102 enim
1431 4040 1774 4118 magistrum
1795 4040 2112 4103 Dominum

466 4136 526 4193 et
553 4130 902 4210 prophetam
934 4129 1276 4192 nominabat
1300 4127 1776 4192 NicodemuszNe
1808 4138 1978 4211 putes
1998 4150 2115 4205 me,

2201 3148 2429 3223 Πατρὸς,
2510 3147 2852 3221 ἀκούσαντες,
2928 3150 3041 3209 πῶς
3134 3147 3488 3220 πιντεύσετες
3575 3149 3727 3213 Τινὲς
3778 3146 3857 3209 δὲ,

2198 3238 2453 3314 ἒπίγειον,
2500 3240 2561 3293 τὸ
2603 3246 2694 3296 τοῦ
2738 3238 2932 3314 ἀνέμου
3000 3236 3335 3317 παράδειγμα
3389 3237 3615 3303 ἐνόησαν
3650 3281 3661 3295 .
3722 3238 3861 3294 ὥστε

2198 3325 2340 3381 εἶναι
2394 3326 2455 3382 τὰ
2513 3326 2804 3405 λεγόμενον
2860 3336 3099 3385 τοιοῦτον
3136 3344 3151 3361 ·
3198 3328 3257 3384 Εἰ
3300 3329 3361 3383 τὸ
3410 3324 3707 3405 ὑπόδειγμα
3754 3327 3861 3383 ἀπὸ

2194 3414 2300 3470 τῶν
2332 3414 2579 3493 ἐπιγείων
2611 3414 2808 3472 δέδωκα
2838 3418 2992 3492 ὑμῖν,
3024 3418 3111 3472 καὶ
3160 3414 3279 3471 οὑδὲ
3328 3416 3495 3478 οὕτως
3548 3415 3855 3497 ἐπείσθητε,

2196 3509 2309 3567 πῶς
2332 3503 2611 3575 δυνήσεσθε
2641 3506 2707 3562 τὰ
2735 3505 2970 3583 ἀνώτερα
3003 3508 3214 3581 μαθεῖν.

2282 3615 2307 3645 ι(
2343 3589 2446 3652 Καὶ
2506 3591 2670 3658 οὐδεὶς
2729 3591 3053 3661 ἀναϐέϐηκεν
3114 3596 3187 3656 εἰς
3254 3596 3342 3650 τὸν
3400 3594 3639 3668 οὑρανὸν,
3673 3595 3719 3649 εἰ
3775 3595 3851 3669 μὴ

2196 3682 2223 3737 6
2280 3680 2340 3737 ἐκ
2383 3681 2476 3738 τοῦ
2528 3684 2745 3760 οὐρανοῦ
2795 3682 3051 3759 καταϐὰς,
3086 3685 3114 3738 6
3180 3685 3295 3747 Υἱὸς
3340 3692 3431 3742 τοῦ
3472 3682 3773 3761 ἀνθρώπου,
3823 3684 3849 3739 ὁ

2196 3770 2268 3831 ὢν
2324 3768 2382 3825 ἐν
2423 3776 2501 3844 τῷ
2544 3774 2767 3849 οὑρανῷ.
2820 3797 2846 3826 ι
2883 3770 3010 3829 Οὗδέ
3067 3778 3221 3828 τοῦτο
3266 3770 3503 3851 φαίνεται
3552 3770 3701 3850 ἔχειν
3731 3772 3849 3827 τινα

2197 3859 2473 3915 κοινωνίαν
2533 3861 2663 3939 πρὸς
2722 3861 2786 3916 τὰ
2842 3861 2943 3938 πρὸ
3001 3862 3181 3919 αὑτοῦ.
3262 3861 3317 3916 Εἰ
3377 3857 3431 3916 δέ
3481 3882 3559 3924 τις
3618 3857 3851 3934 ἀκριϐῶς

2199 3949 2292 4020 ὀρᾳ
2321 3949 2410 4004 τὸν
2456 3951 2573 4006 νοῦν
2630 3951 2721 4005 τοῦ
2777 3949 2984 4028 Κυρίου,
3045 3951 3132 4007 καὶ
3187 3947 3329 4024 μάλα
3387 3950 3675 4028 φανήσεται
3736 3963 3854 4013 τοῖς

2200 4039 2302 4116 πρὸ
2362 4040 2519 4097 αὑτοῦ
2580 4045 2885 4101 κοινωνοῦν,
2972 4039 3121 4095 Ἐπεὶ
3200 4040 3295 4117 γὰρ
3374 4036 3683 4095 διδάσκαλον
3764 4040 3853 4094 τὸν

2206 4123 2414 4203 Κύριον,
2476 4129 2566 4184 καὶ
2608 4130 2887 4207 προφήτην
2958 4128 3231 4202 ὠνόμαζεν
3283 4130 3309 4184 6
3374 4126 3697 4201 Νικόδημος,
3769 4130 3855 4194 Μὴ

464 4217 682 4300 inquit,
734 4217 905 4299 quasi
935 4218 1283 4299 prophetam
1339 4218 1443 4301 qui
1487 4218 1563 4281 de
1594 4226 1754 4281 terra
1784 4226 1895 4296 est,
1929 4238 1962 4281 a
1994 4222 2108 4283 Dec

2202 4214 2381 4289 νόμιζέ
2437 4237 2528 4296 με,
2562 4218 2744 4295 φησὶν,
2777 4218 2849 4279 ὡς
2899 4219 3174 4297 προφήτην
3235 4217 3338 4272 ἀπὸ
3385 4217 3483 4295 γῆς
3515 4216 3663 4295 ὄντα,
3710 4219 3855 4296 παρά

465 4307 717 4372 missum
748 4306 1199 4382 doctorem,sed
1223 4326 1255 4368 e
1277 4306 1559 4389 supernis
1582 4326 1677 4370 me
1697 4307 1852 4370 scias
1874 4308 2108 4372 descen-

2202 4310 2335 4361 Θεοῦ
2391 4303 2712 4363 ἀπεστάλθαι
2772 4303 3038 4372 διδάξοντα
3075 4324 3087 4336 '
3149 4304 3267 4361 ἀλλ’
3306 4306 3498 4363 ἄνωθέν
3551 4327 3616 4379 με
3668 4306 3851 4381 νόμιζε

463 4397 627 4460 disse
656 4405 722 4459 ut
754 4395 997 4472 Filium,
1053 4415 1172 4458 non
1202 4414 1237 4459 a
1272 4404 1431 4459 terra
1474 4414 1632 4462 esse.
1680 4395 1889 4459 Nullus
1936 4396 2108 4477 igitur

2202 4391 2499 4465 κατελθεῖν,
2561 4396 2633 4457 ὡς
2697 4398 2840 4473 Υἱὸν,
2896 4397 2990 4454 οὑκ
3032 4397 3137 4453 ἀπὸ
3179 4401 3279 4475 γῆς
3333 4397 3497 4455 εἶναι.
3534 4395 3705 4457 Οὐδεὶς
3764 4396 3854 4452 οὖν

464 4485 888 4569 prophetarum
938 4485 1209 4549 ascendit
1252 4486 1314 4549 in
1352 4488 1591 4568 ctelum,
1634 4485 1753 4548 nisi
1800 4504 1908 4566 ego
1957 4486 2108 4548 solus

2204 4487 2309 4538 τῶν
2366 4484 2654 4561 προφητῶν
2709 4482 3035 4551 ἀναϐέϐηκεν
3084 4487 3157 4547 εἰς
3215 4487 3306 4540 τὸν
3363 4486 3597 4563 οὑρανὸν,
3670 4485 3711 4539 εἶ
3773 4486 3854 4557 μη

463 4593 823 4639 ascensurus
852 4594 1008 4652 sum,
1055 4576 1157 4657 qui
1203 4584 1262 4638 et
1307 4575 1613 4639 descendi.
1656 4574 1868 4638 Filium
1919 4584 2108 4638 autem

2204 4569 2310 4650 ἐγὼ
2366 4569 2549 4647 μέλλω
2606 4574 2766 4648 μόνος
2820 4570 3103 4645 ἀναϐῆναι,
3161 4576 3234 4637 ὡς
3294 4575 3380 4627 καὶ
3410 4573 3693 4641 κατῆλθον.
3730 4576 3856 4628 Υἶὸν

463 4665 727 4730 hominis
772 4684 907 4729 cum
948 4665 1247 4729 audiveris
1300 4665 1688 4730 descendisse
1717 4668 1792 4729 de
1823 4665 1998 4743 coelo,
2043 4685 2108 4729 ne

2204 4657 2257 4716 δὲ
2307 4659 2579 4733 ἀνθρώπου
2623 4661 2849 4725 ἀιούσας
2903 4659 3198 4729 καταϐῆναι
3251 4662 3301 4726 ἐξ
3346 4663 3585 4738 οὒραυοῦ,
3647 4664 3723 4737 μη
3758 4684 3854 4718 νο-

465 4755 773 4822 existimes
801 4756 959 4837 quod
990 4772 1129 4818 caro
1160 4774 1194 4818 e
1221 4755 1370 4819 ccelo
1393 4753 1933 4819 descenderit.Hoc
1955 4757 2108 4819 enim

2205 4750 2388 4825 μέσης,
2450 4749 2531 4806 ὅτι
2574 4753 2608 4818 ἡ
2670 4750 2795 4829 σὰρξ
2848 4751 2909 4807 ἐκ
2983 4758 3075 4807 τοῦ
3129 4753 3346 4828 οὖρανοῦ
3404 4748 3629 4830 κατέϐη,
3678 4754 3860 4828 (τοῦτο

461 4836 872 4928 Apollinarius
894 4844 1116 4922 docuit,
1152 4845 1307 4928 quod
1342 4844 1611 4909 Christus
1654 4845 1931 4908 habuerit
1973 4864 2108 4908 cor-

2202 4839 2301 4917 γάρ
2358 4836 2726 4919 Ἀπολιναρίου
2809 4842 2899 4896 τοῦ
2979 4838 3396 4917 δογματίσαντος
3478 4841 3535 4895 τὸ
3593 4847 3749 4913 σῶμα
3807 4840 3857 4905 ἒξ

464 4927 574 5018 pus
602 4934 681 4997 de
699 4934 1041 5016 celo,quod
1059 4927 1479 5016 pervirginem
1500 4934 1803 4997 transierit
1825 4935 1993 5016 quasi
2010 4954 2108 5017 per

2200 4932 2417 5005 οὐρανοῦ
2469 4927 2666 5008 ἔχοντα
2722 4928 2810 4984 τὸν
2857 4930 3105 5007 Χριστὸν,
3155 4927 3239 4987 διὰ
3298 4929 3393 4996 τῆς
3455 4929 3713 5007 Παρθένου
3760 4928 3856 4985 ἐ).-

460 5013 787 5089 carnalem.
828 5013 1076 5087 Verum
1102 5024 1240 5104 quia
1282 5013 1402 5086 una
1446 5024 1802 5107 hypostasis,
1842 5013 1965 5090 hoc
1998 5013 2108 5101 est,

2200 5020 2311 5073 θεῖν
2369 5019 2444 5080 ὡς
2502 5015 2595 5074 διὰ
2638 5013 2901 5088 σωλῆνος)
2938 5037 2952 5052 ·
2998 5016 3122 5074 ἀλλ’
3154 5017 3267 5074 ἐπεὶ
3305 5019 3400 5093 μία
3441 5019 3475 5084 η
3536 5016 3853 5093 ὑπόστασις,

459 5131 579 5177 una
608 5130 865 5195 persona
896 5112 1269 5195 Christus,ex
1298 5104 1777 5176 duabus'naturis
1798 5115 2108 5177 constituta

2200 5104 2363 5185 ἤγουν
2419 5106 2473 5162 ἓν
2527 5107 2812 5186 πρόσωπον
2870 5107 2936 5175 ἧν
2988 5107 3016 5163 6
3076 5108 3299 5186 Χριστὸς
3388 5106 3447 5163 ἐκ
3504 5106 3590 5162 δύο
3644 5107 3855 5186 φύσεων

460 5201 717 5281 est,ideo
730 5202 1877 5282 omniaquaesunthominisdicunturde
1893 5202 2107 5268 Verbo:

2200 5195 2465 5270 σύνθετος,
2528 5196 2593 5252 τὰ
2654 5203 2747 5254 τοῦ
2819 5196 3094 5276 ἀνθρώπου
3152 5197 3387 5271 ὀνόματα
3457 5195 3702 5275 λέγονται
3768 5195 3853 5253 ἐπὶ

459 5299 520 5356 et
538 5292 758 5355 iterum
792 5309 863 5355 ea
890 5309 1024 5373 quae
1051 5299 1193 5354 sunt
1212 5290 1833 5372 Verbi,attribuuntur
1853 5293 2105 5355 homini.

455 5380 659 5453 Sicet
706 5381 824 5455 hoc,
871 5380 1003 5443 loco
1051 5399 1291 5464 quoque
1332 5381 1520 5445 Filius
1574 5382 1839 5446 hominis
1887 5383 2111 5445 dicitur

455 5468 826 5533 descendere
847 5470 925 5533 de
953 5470 1129 5546 caelo,
1161 5489 1231 5534 eo
1263 5471 1426 5553 quod
1467 5490 1587 5534 una
1616 5471 1696 5535 sit
1722 5490 1999 5554 persona,
2049 5480 2108 5535 et

453 5576 581 5631 una,
602 5558 965 5640 hypostasis.
1009 5560 1235 5625 Deinde
1264 5567 1329 5623 ut
1358 5578 1436 5625 ne
1465 5578 1600 5624 cum
1630 5560 1961 5644 audiveris,
1996 5559 2108 5636 Qui

454 5645 795 5725 descendit,
824 5657 995 5731 putes
1023 5647 1182 5732 quod
1214 5667 1335 5714 non
1366 5650 1441 5713 sit
1463 5649 1527 5713 in
1551 5650 1727 5726 omlo,
1760 5651 1943 5715 dicit:
1977 5674 2006 5715 ‹
2038 5651 2096 5715 Is

2192 5292 2286 5342 τοῦ
2340 5284 2537 5364 Λόγου,
2599 5286 2687 5342 καὶ
2733 5282 2893 5341 πάλιν
2950 5286 3014 5341 τὰ
3066 5292 3157 5342 τοῦ
3232 5285 3404 5362 Λόγου
3460 5290 3537 5358 τῷ
3594 5284 3856 5361 ἀνθρώπω

2191 5373 2572 5451 προστίθενται.
2622 5373 2801 5437 Οῧτως
2871 5375 2963 5431 οὖν
3022 5373 3286 5430 κάνταῦθα
3343 5374 3371 5429 6
3430 5374 3551 5438 Υἱὸς
3602 5379 3697 5429 τοῦ
3751 5373 3854 5429 ἀν-

2189 5462 2399 5542 θρώπου
2455 5462 2670 5541 λέγεται
2716 5461 2993 5520 κατελθεῖν
3026 5461 3079 5529 ἐξ
3122 5467 3364 5542 οὔρανοῦ,
3414 5465 3489 5528 ὡς
3545 5464 3659 5524 ἐνὸς
3700 5460 3855 5527 ὄντος

2188 5560 2281 5611 τοὺ
2341 5554 2653 5632 προσώπου,
2715 5553 2802 5609 καὶ
2855 5559 2981 5629 μιᾶς
3039 5552 3132 5619 τῆς
3173 5553 3543 5617 ὑποστάσεως.
3588 5552 3731 5612 Εἶτα
3762 5552 3855 5611 ἵνα

2189 5642 2267 5717 μὴ
2324 5641 2579 5723 ἀκούσας,
2636 5640 2716 5699 ὅτι
2777 5639 3004 5725 κατέϐη,
3039 5640 3286 5720 νομίσῃς,
3348 5643 3428 5707 ὡς
3484 5638 3717 5708 καταϐὰς
3763 5647 3827 5703 οὗ
