4070 6224
330 366 481 432 1209
1004 381 1449 445 ENABRATIO
1493 385 1574 446 IN
1622 377 1944 445 EVANGE‘

2031 379 2128 440 ΗΜ
2170 379 2511 445 JOANNIS.
2544 415 2623 432 -
2664 380 2832 449 CAP.
2883 385 2985 447 [ιι.
3551 364 3703 447 mo

325 504 433 598 ἔστι
457 506 642 598 λοιπὸν
661 514 722 598 ,ιν
764 512 990 589 οὐρανῷ,
1021 514 1202 594 φησὶν,
1233 536 1257 570 ε
1303 506 1359 573 Ὀ
1380 516 1453 572 ὤν
1484 518 1537 573 ἐν
1565 522 1642 591 τῷ
1670 513 1889 597 οὸρανῷ.
1934 536 1944 571 ι

2049 510 2155 589 qui
2184 520 2273 573 est
2302 511 2362 574 in
2392 513 2577 577 ccelo.
2616 538 2640 573 ο
2681 513 2814 577 Noli
2865 516 3024 580 enim
3076 518 3368 598 suspicari
3418 536 3514 579 me
3554 534 3696 597 pro-

326 594 415 687 Μὴ
480 597 597 687 ,γὰρ
652 596 718 666 δὴ
819 599 1002 668 ἐπειδὴ
1032 601 1284 683 ἢκουσας,
1332 604 1412 661 ὅτι
1443 604 1696 677 κατέϐην,
1734 594 1944 682 ’νομίσῃ

2049 605 2249 678 pterea
2293 620 2413 666 non
2460 620 2592 664 esse
2635 603 2778 687 illic,
2812 605 2952 685 quia
2995 594 3279 669 descendi
3319 628 3332 670 :
3367 606 3471 668 sed
3506 594 3569 668 et
3605 604 3701 667 hic

323 684 401 757 μὴ
447 684 589 742 εἷναί
670 710 737 762 με
792 690 879 745 καὶ
938 689 1076 747 ἐκε’ί’
1126 691 1262 749 ἀλλὰ
1305 696 1564 754 κᾶνταῦθα
1597 698 1817 774 πάρειμι
1848 718 1944 752 σω-

2045 687 2253 751 adsum
2303 684 2695 773 corporaliter
2726 702 2783 755 et
2833 684 2961 756 illic
3010 695 3193 758 sedeo
3249 714 3383 758 cum
3429 696 3605 759 Patre
3636 702 3697 755 ut

322 780 586 850 ματικῶς,
632 776 790 833 κάκεῖ
818 779 1155 855 συγκαθημαι
1186 789 1262 855 τῷ
1294 785 1455 861 Πατρὶ
1488 787 1705 848 θεϊκῶς.

408 882 437 920 ι
470 864 564 922 Καὶ
621 867 791 929 καθὼς
824 866 1023 934 Μωσῆς
1053 867 1233 943 ὕψωσε
1263 872 1354 926 τὸν
1382 870 1500 951 ὅφιν
1544 872 1598 929 ἐν
1640 881 1707 951 τῇ
1751 875 1957 953 ἐρήμῳ,

321 951 487 1016 οὕτως
538 955 810 1029 ὑψωθῆναι
880 953 963 1013 δεῖ
991 958 1081 1014 τὸν
1114 960 1236 1015 Υίὸν
1264 969 1355 1019 τοό
1398 959 1691 1041 ἀνθρώπου·
1722 951 1813 1019 ’ἕνα
1856 970 1959 1026 πᾶς

322 1043 349 1097 ὁ
420 1043 678 1099 πιστεύων
729 1046 802 1107 είς
848 1046 1003 1102 αὑτὸν
1035 1048 1112 1121 μὴ
1142 1048 1467 1126 ἀπόλληται,
1514 1050 1632 1108 ἁλλ’
1676 1052 1780 1133 ἔχῃ
1817 1056 1959 1125 ζωὴν

322 1130 549 1189 αἰώνιον.
616 1155 643 1187 α
710 1136 984 1213 Προειπὼν
1053 1138 1169 1215 περὶ
1224 1139 1322 1207 τῆς
1365 1137 1449 1200 διὰ
1475 1146 1569 1197 τοῦ
1595 1130 1958 1218 βαπτίσματος

320 1218 742 1302 ἁναγεννήσεως,
814 1222 957 1302 λέγει
1014 1224 1200 1283 λοιπὸν
1250 1231 1338 1285 καὶ
1387 1232 1505 1308 περὶ
1572 1235 1671 1298 τῆς
1730 1229 1813 1287 διὰ
1868 1254 1959 1289 του

319 1311 541 1389 σταυροῦ
595 1310 889 1388 γενομένης
947 1315 1082 1389 ἡμῖν
1136 1318 1451 1397 εὑεργεσίας.
1517 1310 1573 1377 Ὀ
1637 1322 1737 1399 γὰρ
1795 1344 1957 1378 σταυ-

318 1398 426 1472 ρὸς,
487 1400 575 1455 καὶ
624 1402 651 1456 6
707 1402 953 1475 Θάνατος,
1015 1402 1189 1471 αἴτιος
1246 1408 1380 1479 ἡμῖν
1408 1413 1505 1475 τῆς
1527 1406 1610 1465 διὰ
1630 1398 1722 1467 τοῦ
1763 1412 1957 1487 βαπτί-

316 1508 514 1562 σματος
585 1488 838 1569 χάριτος,
890 1489 1007 1571 εἴγε
1037 1493 1431 1571 βαπτιζόμενοι,
1477 1500 1586 1554 τὸν·
1610 1500 1831 1557 θάνατον
1868 1502 1959 1559 τοῦ

321 1576 502 1667 κυρίου
555 1578 893 1653 εἰκονίζομεν.
969 1583 1041 1638 06
1104 1582 1247 1661 λέγει
1343 1584 1397 1642 δὲ
1473 1595 1772 1667 προφανῶς,
1878 1590 1955 1647 ὅτι

318 1663 508 1721 Μέλλω
571 1672 954 1747 σταυρωθῆναι·
1017 1671 1155 1728 ἀλλὰ
1196 1681 1288 1731 τοῦ
1317 1675 1487 1756 ὄφεως
1513 1663 1809 1756 μέμνηται,
1869 1684 1956 1737 καὶ

2045 775 2227 840 Deus.

2128 868 2309 931 VERS.
2350 871 2444 944 l4,
2479 871 2572 931 15.
2613 869 2719 931 «Et
2738 871 2893 935 sicut
2916 874 3141 953 Moyses
3162 875 3697 953 exaltavitserpcn-

2042 962 2160 1018 tem
2192 957 2250 1018 in
2285 976 2512 1039 eremo,
2546 958 2629 1021 ita
2646 959 2892 1021 exaltari
2915 971 3150 1041 Oportet
3172 962 3384 1023 Filium
3412 961 3693 1035 hominis,

2042 1052 2104 1107 ut
2134 1047 2329 1109 omnis
2354 1048 2454 1128 qui
2486 1048 2677 1111 credit
2700 1049 2760 1109 in
2784 1049 3104 1123 illum,non
3126 1051 3464 1131 pereat,sed
3482 1049 3695 1113 habeat

2041 1133 2219 1197 vitam
2245 1144 2546 1199 teternam.
2569 1137 2914 1218 :Postquam
2930 1138 3075 1201 dixit
3091 1140 3164 1201 de
3184 1140 3571 1219 generatione
3591 1158 3693 1218 per

2042 1222 2595 1303 baptismum,nunc
2627 1225 2773 1287 dicit
2801 1226 2875 1287 de
2900 1226 3198 1291 beneﬁcio
3219 1228 3376 1309 quod
3405 1246 3511 1306 per
3546 1246 3686 1289 cru-

2041 1329 2171 1372 cem
2198 1311 2373 1374 nobis
2403 1314 2617 1375 factum
2638 1317 2916 1378 est.Crux
2941 1316 3098 1377 enim
3116 1326 3173 1379 et
3192 1336 3353 1378 mors
3372 1324 3580 1379 auctor
3592 1335 3692 1377 no-

2042 1398 2131 1461 bis
2163 1401 2227 1463 lit
2254 1402 2622 1483 gratiae,quaa
2653 1420 2760 1483 per
2789 1402 3149 1484 baptismum
3183 1406 3317 1467 data
3347 1412 3461 1479 εει,
3495 1404 3685 1484 siqui-

2041 1488 2177 1551 dem
2197 1509 2330 1551 cum
2358 1490 3008 1572 baptizamur,tnortem
3040 1494 3274 1558 Domini
3295 1501 3688 1574 repraesenta-

2042 1581 2337 1642 mus.Non
2352 1579 2493 1641 dicit
2506 1589 2702 1641 autem
2727 1580 3520 1660 manifeste,Cruciﬁgendus
3535 1600 3688 1643 sum:

2038 1667 2141 1727 sed
2164 1668 2439 1729 meminit
2461 1668 3141 1751 serpentis77,etveteris
3158 1669 3686 1743 historiaa,inlerim

314 1760 411 1821 τῆς
469 1754 713 1821 Παλαιᾶς
766 1761 1020 1838 ἱστορίας⁶
1084 1760 1221 1837 ἅμα
1251 1754 1634 1839 μέννδιδάσκων
1674 1754 1840 1843 ἡμᾶς,
1873 1769 1944 1825 ὅτι

2039 1754 2259 1818 docens
2281 1766 2490 1844 vetera
2511 1768 2758 1838 cognata
2791 1758 3049 1831 novis,et
3079 1780 3261 1822 unum
3287 1779 3419 1823 esse
3443 1758 3681 1836 legisla-

314 1847 541 1924 συγγενῆ
608 1848 673 1903 τὰ
724 1846 925 1905 παλαια
981 1864 1096 1917 τοῖς
1125 1868 1354 1927 καινοῖς,
1401 1856 1488 1912 xxi
1518 1856 1603 1921 εἷς
1634 1860 1769 1913 καὶὸ
1800 1860 1951 1923 αδτός

312 1933 420 1990 ἐστι
505 1936 794 2011 νομοθέτης
848 1938 1087 2003 Παλαιᾶς
1138 1964 1193 1997 τε
1227 1946 1314 2000 καὶ
1359 1944 1493 2008 Νέας
1528 1948 1820 2026 Διαθήκης,
1854 1948 1950 2005 κᾶν

313 2022 579 2102 Μαρκίων,
637 2026 725 2080 καὶ
781 2026 984 2103 Μάνης,
1072 2032 1159 2086 καὶ
1226 2033 1252 2087 6
1308 2031 1496 2095 λοιπὸς
1550 2036 1655 2089 τοῦν
1696 2022 1948 2093 τοιούτων

312 2114 582 2190 αἰρετικῶν
638 2115 960 2196 κατάλογος,
1020 2119 1242 2177 ἂθετῶσι
1341 2122 1436 2189 τὴν
1537 2122 1795 2198 Παλαιὰν,
1857 2134 1949 2181 τοῦ

308 2208 541 2280 πονηροῦ
596 2200 917 2283 δημιουργοῦ
958 2206 1200 2285 λέγοντες
1294 2210 1457 2279 αὖτὴν
1534 2216 1677 2269 εἶναι
1725 2217 1947 2289 νομοθε-

308 2291 442 2346 σίαν·
503 2290 615 2366 ἅμα
685 2290 737 2347 δὲ
804 2296 892 2349 καὶ
976 2294 1254 2373 παιδεύων,
1316 2298 1395 2355 ὅτι
1454 2303 1497 2357 εἰ
1584 2304 1716 2381 πρὸς
1774 2304 1947 2360 είκόνα

305 2379 521 2460 χαλκῆν
588 2379 875 2456 βλέποντες
934 2385 1101 2465 ὄφεως
1167 2388 1213 2442 οἱ
1268 2386 1538 2470 ⁹ιουδατοι,
1596 2379 1686 2447 τὸν
1727 2392 1947 2450 θάνατον

306 2469 545 2559 ἔφευγονῆ
620 2469 807 2545 πολλῳ
848 2472 1054 2548 μᾶλλον
1110 2478 1296 2557 ἡμεῖς,
1358 2480 1432 2542 εἰς
1487 2469 1577 2537 τὸν
1608 2481 1944 2559 ἐσταυρωμέ-

307 2580 393 2615 νον
448 2558 758 2636 βλέποντες,
819 2565 905 2619 καὶ
950 2567 1304 2641 πιστεύοντες,
1350 2570 1441 2624 τὸν
1484 2574 1717 2650 ψυχικὸν
1751 2558 1940 2651 ἐκφεύ-

307 2670 471 2726 γομεν
526 2650 766 2713 θείνατον,
833 2644 983 2732 "pr
1039 2653 1094 2711 δέ
1162 2679 1253 2730 μοι
1306 2659 1396 2713 τὸν
1448 2661 1609 2717 τύπον
1661 2662 1792 2739 πρὸς
1848 2663 1946 2729 τὴν

306 2736 575 2808 ἀλήθειαν.
654 2740 803 2797 Ἐκεῖ
872 2740 1038 2823 ὄφεως
1090 2746 1357 2821 ὁμοίωμα,
1436 2746 1580 2813 εἶδος
1651 2736 1747 2826 μέν
1818 2750 1947 2833 ἔχον

304 2829 502 2908 θηρίου,
576 2830 666 2885 τὸν
696 2830 773 2886 ἰὸν
804 2829 858 2886 δὲ
897 2831 990 2889 οὒκ
1050 2832 1201 2914 ἔχον·
1250 2837 1386 2892 οὓτω
1413 2838 1695 2910 κάνταῦθα,

304 2940 400 2980 πος
486 2920 513 2973 ὁ
567 2918 775 2997 Κύριος,
838 2919 955 2977 ἀλλ’
1030 2922 1287 3002 ἁμαρτίας
1373 2926 1450 2982 ἰοῦ
1528 2918 1845 3007 ἓλεὺθερος,
1894 2929 1947 2984 ἐν

2039 1851 2226 1905 torem
2246 1843 2487 1908 Veteris
2504 1858 2559 1909 et
2579 1847 2724 1909 Novi
2752 1846 3145 1911 Testamenti:
3170 1852 3399 1911 tametsi
3423 1848 3681 1909 Marcion

2034 1944 2093 1994 et
2122 1932 2476 1997 Manichaeus
2501 1945 2561 1997 et
2591 1937 2821 2017 reliqua
2851 1935 2908 1996 id
2943 1955 3130 2016 genus
3143 1938 3558 2001 haereticorum
3578 1955 3681 1997 co-

2033 2021 2386 2097 bors,Vetus
2410 2025 2985 2105 rejiciant,dicentes
3018 2029 3209 2106 ipsum
3234 2047 3265 2088 a
3298 2027 3451 2088 malo
3476 2024 3685 2106 opiﬁce

2031 2129 2164 2174 esse
2188 2112 2711 2181 conditum.Docet
2729 2114 3038 2185 item,cum
3062 2116 3527 2179 Judaeividentes
3544 2114 3683 2176 aerei

2031 2203 2324 2281 serpentis
2386 2202 2729 2281 imaginem,
2799 2212 3047 2265 mortem
3109 2206 3444 2286 effugerint,
3502 2204 3684 2265 multo

2036 2290 2220 2369 magis
2253 2310 2362 2352 nos
2389 2291 2460 2352 ad
2494 2293 2838 2355 crucilixum
2863 2293 3259 2372 respicientes
3283 2303 3342 2356 et
3370 2292 3687 2355 credentes

2031 2378 2245 2440 animae
2270 2389 2518 2441 mortem
2545 2383 3085 2462 ell‘ugituros."ide
3112 2394 3334 2456 autem,
3369 2401 3495 2460 oro,
3532 2382 3682 2458 ﬁgu-

2031 2478 2247 2547 ram,et
2260 2469 2466 2532 confer
2480 2489 2613 2532 cum
2630 2472 2877 2537 veritate
2910 2475 3034 2539 Illic
3045 2474 3345 2556 serpentis
3360 2470 3683 2533 similitudo

2033 2558 2279 2620 fermam
2314 2558 2555 2639 quidem
2590 2561 3327 2640 habe‘thestize,venenum
3351 2571 3683 2623 autemnon

2030 2646 2390 2709 babet545.
2421 2648 2505 2710 Ita
2529 2658 2585 2711 et
2620 2651 2731 2712 hoc
2762 2651 2893 2713 loco
2942 2656 3123 2716 homo
3163 2652 3474 2720 Dominus,
3517 2650 3621 2709 sed
3648 2667 3683 2709 a

2031 2738 2257 2817 peccati
2289 2755 2521 2800 veneno
2554 2739 2797 2821 liber,in
2830 2742 3222 2805 similitudine
3240 2738 3437 2802 carnis
3456 2736 3680 2817 peccati

2033 2827 2204 2891 venit.
2236 2827 2349 2889 boc
2373 2836 2485 2900 est,
2517 2828 2579 2888 in
2629 2828 3025 2893 similitudine
3065 2830 3261 2892 carnis
3292 2833 3534 2909 peccato
3565 2824 3676 2886 ob—

2033 2916 2246 2996 noxize,
2278 2936 2410 2995 quze
2453 2916 2700 2978 minime
2736 2936 2876 2979 caro
2919 2920 3147 2999 peccati
3206 2926 3385 2981 esset.
3436 2917 3506 2977 Et
3539 2922 3678 2976 tunc

302 3008 601 3082 ὁμοιώματι
673 3011 867 3087 σαρκὸς
949 3012 1204 3090 ἁμαρτίας
1273 3012 1457 3088 ἐλθὼν,
1520 3003 1808 3096 τουτέστιν,
1894 3019 1944 3073 ἐν

2031 3003 2270 3084 quidem
2298 3006 2571 3066 videntes
2602 3006 2925 3069 evadebant
2950 3018 3199 3071 mortem
3224 3006 3677 3096 corporisznunc

304 3095 609 3170 ὁμοιώματι
680 3100 873 3177 σαρκὸς
926 3100 1156 3179 ἁμαρτίᾳ
1206 3103 1582 3181 ὑποκειμένης,
1644 3105 1764 3162 ἀλλ’
1797 3095 1942 3187 οὐχὶ

303 3182 425 3261 σὰρξ
496 3185 754 3262 ἁμαρτίας
812 3188 1092 3268 ὑπάρχων.
1159 3192 1256 3248 Καὶ
1312 3191 1430 3249 τότε
1460 3194 1557 3270 μὲν
1615 3199 1660 3251 οἱ
1692 3182 1937 3274 ὁρῶντες,

302 3274 630 3353 σωματικὸν,
687 3277 851 3349 ἡμεῖς
910 3276 963 3333 δὲ
1025 3284 1256 3359 ψυχικὸν
1319 3282 1640 3362 ἐκφεύγοι-εν
1697 3289 1936 3343 θάνατον’

302 3362 389 3418 καὶ
439 3362 558 3457 τοτε
618 3363 717 3437 μὲν
771 3362 1019 3457 δήγματα
1091 3368 1260 3447 ὄςρεων
1330 3372 1445 3429 ἰᾶτο
1501 3375 1529 3429 6
1584 3378 1940 3457 κρεμάμενος,

302 3456 389 3507 νῦν
445 3447 499 3507 δὲ
570 3459 661 3507 τοῦ
731 3461 923 3541 νοητοῦ
978 3455 1258 3534 δράκοντος
1288 3462 1380 3523 τὰς
1412 3447 1629 3541 πληγὰς.
1671 3447 1943 3540 θεραπεύει

306 3546 549 3634 Χριστος.
734 3533 1035 3634 ’γψωθῆναι
1104 3569 1125 3601 ι
1184 3546 1236 3603 δὲ
1292 3533 1658 3626 ἀκούων,’νόει
1696 3533 1780 3627 τθ,
1814 3576 1941 3634 κρε-

303 3630 587 3702 μασθῆναι.
655 3630 769 3713 Ἐφ’
817 3633 985 3709 ὕψους
1044 3637 1141 3714 γὰρ
1224 3640 1544 3715 ὲκρεμάσθη,
1599 3642 1688 3700 ἴνα
1717 3646 1803 3701 καὶ
1851 3630 1942 3701 τὸν

302 3718 430 3796 ἀέρα
482 3719 700 3796 ἁγιάσῃ,
754 3723 781 3776 ὁ
867 3724 965 3790 τὴν
1018 3730 1121 3801 γῆν
1150 3727 1373 3805 ἁγιάσας
1405 3727 1489 3785 διὰ
1530 3739 1622 3787 τοῦ
1646 3731 1731 3789 ἐπ’
1776 3734 1939 3802 αὖτῆς

300 3812 675 3901 περιπατῆσαι.
752 3810 879 3867 Φόει
935 3810 989 3867 δὲ
1050 3815 1134 3869 καὶ
1190 3818 1276 3891 τὸ,
1340 3815 1675 3888 δοξασθῆναι,
1710 3820 1813 3882 Καὶ
1842 3824 1941 3901 γὰρ

299 3895 461 3989 εντως
516 3896 649 3972 ὕψος
706 3900 792 3989 καὶ
850 3898 971 3966 δόξα
1015 3902 1105 3958 τοῦ
1141 3911 1360 3982 Χρισνοῠ
1390 3910 1417 3963 6
1448 3911 1668 3984 σταυρὸς
1698 3895 1937 3989 γέγονεν’,

299 3982 389 4042 Ἐν
448 3990 493 4059 ᾧ
548 3988 646 4064 γὰρ
718 3985 884 4044 ἐδόκει
928 3996 1326 4075 κατακριθῆναι,
1361 3995 1415 4051 ἐν
1442 3998 1613 4073 τοὺτῳ
1669 4000 1940 4078 κατέκρινε

298 4077 387 4130 τὸν
444 4074 677 4155 ἄρχοντα
735 4080 829 4134 τοῦ
899 4080 1099 4155 κόσμου
1170 4074 1377 4145 τούτου.
1415 4088 1544 4144 Οἷόν
1574 4111 1623 4145 τι
1680 4087 1842 4169 λέγω*
1884 4082 1939 4149 Ὀ

298 4162 467 4257 ’λδὰμ
526 4162 738 4257 δικαίως
794 4167 1072 4224 ἀπέθανεν·
1174 4172 1379 4252 ἥμαρτε
1437 4177 1561 4255 γάρ.
1624 4168 1681 4235 Ὀ
1755 4162 1939 4257 ίίύριος

293 4251 482 4317 ἀδίκως
550 4252 825 4345 ἀπέθανεν·
902 4262 1004 4337 οὐχ
1066 4259 1269 4338 ἥμαρτε
1298 4251 1301 4252 ν
1329 4251 1649 4345 γάρξΜέχρι
1684 4268 1782 4341 μὲν
1831 4251 1940 4324 ὀὖν

293 4342 387 4409 τῆς
450 4344 543 4399 τοῦ
600 4344 785 4424 κυρίου
873 4348 1241 4426 σταυρώσεως,
1327 4349 1541 4418 δικαίως
1628 4358 1938 4434 κατεγράτει

294 4437 396 4487 τῶν
453 4433 739 4511 ἀνθρώπων
811 4437 837 4490 6
920 4437 1161 4501 θάνατος·

294 4522 472 4601 εὑρέθη
543 4523 571 4578 6
630 4523 841 4600 Κύριος,
914 4527 961 4580 τί
1027 4526 1211 4584 λοιπὸν
1244 4528 1442 4589 δίκαιον
1492 4532 1576 4589 ἐπ’
1609 4535 1752 4608 αὒτῷ
1782 4536 1940 4616 εἶχεν

293 4611 321 4666 6
372 4608 637 4683 διάϐολος,
700 4611 791 4667 ἵνα
839 4616 1120 4692 θανατώσ-ς,
1153 4620 1309 4676 αὖτόλι
1345 4640 1361 4692 ;
1395 4613 1577 4679 ’Ὥστε
1605 4624 1717 4681 επεὶ
1746 4608 1939 4691 ἀδίκως

291 4698 619 4773 ἐθανατώθη,
670 4703 907 4769 νενίκηκε
968 4707 1057 4759 τὸν
1124 4708 1500 4768 θανατώσαντα
1595 4713 1773 4786 αὖτὸν,
1852 4717 1939 4770 καὶ

290 4789 455 4855 οὕτως
515 4788 843 4868 ἠλευθέρωσε
918 4796 1003 4849 καὶ
1074 4797 1162 4851 τὸν
1234 4796 1406 4874 Ἀδὰμ
1438 4799 1496 4856 ἐκ
1556 4805 1647 4857 τοῦ
1687 4804 1935 4884 θανάτου,

290 4876 380 4935 to;
438 4876 650 4943 δικαίως
716 4881 1040 4960 ὶπαχθὲντος
1117 4886 1279 4959 αὖτώ,
1392 4890 1463 4944 ὡς
1547 4876 1931 4969 ἀμαρτήσαντιί

291 4969 389 5025 Καὶ
444 4966 621 5031 ἄλλως
677 4967 753 5023 δὲ·
815 4972 915 5027 Δύο
976 4971 1109 5038 ἦσαν
1165 4976 1231 5029 τὰ
1287 4985 1574 5053 κρατοῦντα
1618 4966 1710 5036 τού
1741 4983 1937 5060 ἐινθρω⁴

288 5057 437 5113 πίνου
495 5057 703 5137 γένους,
762 5056 942 5138 ἣδονὴ,
1017 5064 1102 5118 καὶ
1169 5063 1330 5131 λύπη·
1406 5065 1490 5125 διὰ
1518 5066 1583 5135 δη
1618 5071 1787 5126 τοίνυν
1828 5056 1936 5127 τῶν

288 5142 377 5201 δύο
423 5146 628 5203 τούτων
657 5145 819 5203 ἐλθὼν
850 5150 877 5205 6
904 5150 1111 5229 Κύριος,
1158 5153 1426 5223 ἀήττητος
1471 5157 1678 5235 εὑρέθη.
1758 5166 1932 5239 Προσ-

512 5234 609 5328 μὲν
664 5236 764 5328 γαρ
791 5240 963 5328 ,αὐτῷ
1003 5242 1259 5320 πρότερον
1290 5244 1345 5300 ἐν
1380 5250 1452 5318 τῷ
1483 5231 1587 5325 ὄρει
1621 5250 1648 5305 6
1673 5231 1933 5328 πειρέζων

287 5320 355 5379 δι’
382 5322 602 5393 ἡδονῆςο
690 5326 850 5403 εὑρὼν
922 5324 975 5383 δὲ
1045 5332 1210 5410 ταύτῃ
1262 5320 1556 5410 ἀνάλωτον,
1618 5320 1830 5417 ὕστερον
1877 5341 1937 5395 τὸ

289 5414 427 5493 μέγα
482 5415 790 5494 μηχάνημα
859 5416 956 5483 τὴν
1025 5417 1194 5489 λύπην
1261 5426 1628 5505 προσήγαγεν,
1686 5414 1779 5485 ’ἕνα
1836 5427 1932 5485 κέν

367 5572 427 5621 ⁷⁸⁷
452 5574 634 5638 Num.
666 5584 835 5651 κιαι,
866 5576 931 5641 9.

369 5692 453 5772 (ο)
490 5691 652 5755 Edit.
683 5693 814 5761 Lut.
848 5694 988 5777 legit
1016 5706 1269 5777 tantum,
1303 5706 1510 5783 gloria
1537 5706 1802 5773 Christi.

2030 3101 2225 3154 autem
2256 3095 2357 3174 qui
2386 3094 2613 3175 vident,
2664 3104 2909 3158 mortem
2952 3098 3185 3160 animae.
3222 3096 3390 3158 Tunc
3432 3093 3674 3175 quidem

2025 3200 2377 3261 suspensus,
2405 3184 2779 3263 serpentium
2813 3185 2965 3249 ictus
2984 3189 3262 3249 sanabat:
3292 3202 3450 3247 nunc
3480 3190 3673 3243 autem

2025 3271 2353 3351 spiritualis
2377 3272 2653 3335 draconis
2685 3275 2887 3354 plagas
2909 3285 3077 3339 curat
3117 3276 3406 3338 Christus.
3436 3272 3674 3334 Exalta-

2026 3368 2149 3421 tum
2179 3370 2373 3422 autem
2397 3361 2942 3442 audiens,intellige
2976 3365 3215 3446 quidem
3248 3374 3673 3444 etsuspensum

2029 3448 2257 3512 esse.ln
2290 3467 2528 3513 summo
2577 3450 2737 3513 enim
2772 3471 3098 3534 suspensus
3128 3462 3238 3528 est,
3273 3463 3337 3517 ut
3384 3462 3443 3514 et
3470 3468 3670 3513 aerem

2026 3540 2443 3612 sanctiﬁcaret,
2482 3543 2581 3621 qui
2616 3550 2837 3603 terram
2869 3545 3267 3607 sanctiﬁcarat
3304 3546 3362 3605 in
3397 3542 3501 3604 illa
3540 3559 3669 3602 am-

2026 3627 2307 3693 bulando.
2336 3630 2603 3709 lntellige
2654 3640 2850 3695 autem
2883 3632 3021 3712 quid
3054 3634 3132 3695 sit
3160 3631 3502 3712 gloriﬁcari.
3525 3629 3670 3691 Nam

2022 3736 2253 3793 revera,
2277 3718 2612 3782 sublimitas
2643 3728 2699 3781 et
2743 3721 2930 3797 gloria
2958 3723 3177 3784 Christi
3212 3724 3320 3803 (a),
3362 3738 3507 3783 crux
3540 3720 3668 3782 fuit.

2025 3809 2139 3870 Per
2163 3809 2274 3870 hoc
2304 3809 2464 3871 enim
2490 3828 2608 3890 quo
2644 3809 2802 3871 visus
2833 3820 2923 3872 est
2954 3811 3364 3886 condemnari,
3389 3809 3669 3873 condem-

2025 3897 2183 3959 navit
2207 3898 2383 3978 hujus
2431 3899 2636 3960 mundi
2669 3899 3025 3981 principem.
3069 3901 3147 3965 Ut
3187 3900 3403 3963 clarius
3447 3898 3667 3971 dicam,

2023 3987 2209 4049 Adam
2233 3987 2398 4068 juste
2422 3995 2687 4051 mortuus
2711 3998 2819 4069 est,
2847 3999 3119 4070 peccarat
3147 3991 3305 4052 enim
3334 4011 3347 4053 :
3382 3986 3671 4051 Dominus

2028 4080 2245 4152 injuste
2298 4084 2566 4137 mortuus
2613 4085 2722 4151 est,
2783 4097 2900 4139 non
2946 4080 3106 4140 enim
3159 4087 3453 4160 peccarat.
3489 4076 3673 4156 Igitur

2027 4185 2209 4247 usque
2237 4166 2309 4226 ad
2341 4165 2786 4227 cruciﬁxionem
2806 4167 2969 4246 juste
2993 4168 3297 4249 praevaluit
3326 4165 3671 4229 hominibus

2027 4253 2387 4327 morsQuia
2443 4268 2642 4316 autem
2702 4256 2929 4335 absque
2988 4266 3231 4337 peccato
3283 4256 3559 4319 inventus
3583 4264 3670 4315 est

2025 4343 2463 4424 Christus,quid
2499 4342 2677 4422 igitur
2699 4344 2758 4404 in
2780 4343 2882 4405 illo
2909 4345 3066 4425 juris
3098 4344 3666 4421 hahebatdiabolus,

1252 4440 1363 4497 ἐπεὶ
1439 4441 1492 4498 δὲ
1574 4432 1941 4520 ἀναμάρτητος

2031 4444 2089 4495 ut
2109 4433 2411 4495 occideret
2442 4432 2962 4514 ipsum?Atqueita
2987 4436 3125 4516 quia
3152 4436 3372 4516 injuste
3404 4442 3670 4495 mortuus

2026 4532 2138 4599 est,
2172 4522 2310 4585 vicit
2342 4541 2477 4583 eum
2511 4540 2541 4581 a
2572 4541 2688 4602 quo
2722 4523 2957 4584 occisus
2991 4532 3080 4586 est
3122 4547 3135 4589 :
3172 4537 3231 4587 et
3268 4523 3355 4586 sic
3395 4522 3668 4584 liberavit

2021 4614 2315 4676 Adamum
2348 4630 2380 4672 a
2402 4618 2755 4691 morte,qnze
2784 4612 3046 4692 illijuste
3073 4616 3670 4691 inferebatur,utpote

2023 4704 2080 4765 ei
2107 4706 2204 4785 qui
2234 4709 2530 4784 peccarat.
2566 4701 2637 4763 Et
2661 4700 2871 4764 aliter:
2907 4702 3034 4764 Duo
3059 4705 3300 4767 fauerunt
3327 4722 3459 4784 qua:
3479 4700 3668 4762 domi.

2022 4796 2183 4857 nium
2205 4790 2503 4855 habebant
2546 4789 2605 4850 in
2640 4790 2965 4853 humanum
3014 4812 3247 4871 genus:
3288 4792 3579 4872 volnptas,
3612 4798 3669 4850 et

2020 4884 2278 4950 tristitia.
2312 4881 2360 4944 Α
2390 4878 2627 4942 duobus
2653 4889 2847 4941 autem
2866 4880 2983 4943 illis
3011 4881 3262 4945 invictus
3284 4888 3560 4962 repertus
3581 4886 3667 4939 est

2020 4972 2331 5036 Dominus.
2367 4968 2512 5030 Nam
2571 4969 2866 5030 invaserat
2910 4970 3153 5051 quidem
3195 4972 3360 5053 prius
3408 4970 3572 5031 illum
3606 4969 3665 5029 in

2023 5066 2492 5143 monte,tentans
2516 5074 2622 5137 per
2650 5058 3109 5139 voluptatem:et
3140 5080 3273 5122 cum
3297 5059 3669 5140 experiretur

2019 5155 2127 5216 hac
2161 5152 2251 5214 via
2271 5148 2430 5212 vinci
2457 5166 2573 5208 non
2613 5166 2807 5225 posse,
2836 5149 3119 5227 majorem
3174 5158 3378 5230 postea
3434 5145 3663 5209 machi-

2022 5261 2184 5317 nam,
2213 5238 2507 5302 tristitiam
2539 5236 2794 5306 scilicet,
2837 5238 3129 5314 adhibuit,
3176 5248 3239 5300 ut
3298 5237 3505 5300 saltem
3557 5254 3665 5317 per

2019 5334 2181 5397 illam
2206 5330 2593 5393 devinceret:
2632 5334 2694 5388 et
2724 5334 3042 5408 propterea
3098 5328 3417 5389 commovit
3464 5326 3665 5390 omnia

2017 5431 2225 5489 contra
2252 5420 2417 5483 illum
2445 5436 2458 5481 :
2490 5414 2838 5497 discipulos,
2871 5425 2935 5478 ut
2964 5430 3273 5499 negarent;
3324 5417 3565 5499 milites,
3599 5423 3662 5477 ut
