4070 6224
408 385 546 449 1211

1364 385 1467 448 ΤΗ
1480 382 1959 447 EOPHYLACTI
2002 382 2411 444 ΒΗΙιϐΑΗΙᾸζ
2457 378 2813 442 ARCHIEP.

3657 375 3825 437 12ῐῖ

401 519 743 591 illuderent;
779 528 1228 599 praetereuntes,
1253 525 1317 580 ut
1347 518 1852 597 blasphemarent;
1886 519 1949 578 et
1978 514 2039 576 in

2138 514 2209 571 Ξιὰ
2264 514 2458 581 ταύτης
2528 514 2653 591 γοῦν
2698 514 2940 592 κρατήσῃ
2973 514 3152 570 αὐτοῦ·
3201 513 3290 569 καὶ
3318 510 3404 568 διὰ
3434 518 3606 570 τοῦτο
3659 533 3822 587 παρ-

400 626 630 669 summa
656 608 981 686 Juvlaaos,ut
1010 607 1451 686 cruciﬁgerent;
1484 616 1543 668 et
1570 605 1656 667 sic
1686 622 1922 686 quoque
1949 604 2046 664 in-

405 696 614 757 victum
649 696 960 777 comperit.
994 696 1122 758 Non
1172 697 1330 757 enim
1386 695 1574 776 potuit
1637 693 1833 756 crucis
1878 693 2048 755 dolor

406 785 641 846 efﬁcere
675 792 738 845 ut
758 786 1173 861 cruciﬁgentes
1204 784 1450 846 haberet
1470 782 1744 858 odio,sed
1762 780 2047 861 diligebat

402 892 524 953 eos,
551 883 608 935 et
641 892 745 951 pro
778 873 864 935 eis
892 874 1095 935 orabat
1146 874 1355 935 dicens
1387 895 1399 935 :
1439 900 1465 928 ιι
1504 871 1591 934 Ne
1639 879 1862 933 statuas
1904 869 2042 947 illis,

406 966 910 1042 Pater,peccatum
944 963 1078 1024 hoc.
1114 990 1131 1019 ο
1161 962 1340 1021 Vides
1370 959 1667 1041 quomodo
1703 959 1915 1020 vicerit
1941 977 2047 1039 per

402 1052 513 1112 hoc
543 1052 761 1132 ipsum,
796 1071 903 1131 per
949 1052 1105 1132 quod
1152 1051 1463 1112 videbatur
1506 1049 1693 1111 victus
1734 1046 1895 1111 esse?
1946 1049 2045 1111 Sic

402 1139 576 1216 igitur
605 1140 884 1201 exaltatio
914 1150 972 1201 et
1001 1140 1185 1219 gloria
1216 1141 1366 1219 ejus,
1403 1158 1545 1201 crux
1574 1138 1705 1200 fuit.

410 1230 600 1307 Πάτερ,
627 1232 721 1297 τὴν
753 1231 1010 1307 ἁμαρτίαν
1040 1232 1262 1297 ταύτην.
1297 1252 1319 1281 ι
1360 1222 1514 1308 Ὀρᾷς
1547 1234 1658 1292 πῶς
1692 1228 1963 1293 νενίκηκεν
2024 1227 2077 1282 ἐν

406 1316 525 1381 δόξα
568 1318 782 1395 γέγονεν
815 1322 842 1374 ὁ
886 1320 1130 1397 σταυρός.

485 1406 661 1469 Vens.
699 1407 905 1469 15-17.
947 1406 1076 1470 σεῖο
1108 1408 1265 1470 enim
1299 1407 1455 1470 Deus
1484 1407 1696 1470 dilexit
1729 1406 2042 1477 mundum,

407 1504 468 1555 ut
500 1495 709 1559 Filium
742 1515 912 1558 suum
948 1497 1319 1577 unigenitum
1372 1497 1560 1571 daret,
1598 1506 1659 1558 ut
1702 1496 1896 1558 omnis
1946 1496 2048 1576 qui

403 1584 590 1646 credit
620 1587 678 1646 in
701 1604 986 1665 eum,non
1018 1596 1243 1667 pereat,
1277 1588 1380 1649 sed
1418 1587 1630 1648 habeat
1658 1586 1831 1647 vitam
1869 1594 2046 1647 aeter-

406 1692 562 1733 nam.
600 1676 730 1737 Non
763 1676 921 1736 enim
947 1676 1104 1737 misit
1133 1675 1287 1738 Deus
1319 1676 1530 1739 Filium
1565 1694 1736 1735 suum
1776 1674 1835 1736 in
1871 1693 2047 1736 mun-

403 1763 541 1823 dum
576 1770 637 1824 ut
665 1762 1023 1825 condemnet
1047 1763 1469 1827 mundum;sed
1494 1776 1557 1824 ut
1586 1770 1854 1826 servetur
1872 1781 2048 1824 mun-

406 1851 515 1914 dus
539 1870 645 1932 per
672 1871 869 1914 eum.»
907 1853 1055 1915 \lira
1086 1854 1193 1917 Dei
1224 1872 1363 1933 erga
1394 1852 1682 1914 mundum
1717 1852 2051 1926 dilectio,et

2128 604 2339 671 εκίνησε
2398 604 2571 660 πάντα
2640 602 2762 659 κατ’
2816 605 2994 669 αὐτοῦ,
3054 602 3176 663 τοὺς
3235 602 3481 676 μαθητὰς
3554 600 3821 678 ἀρνήσα-

2128 697 2268 764 σθαι,
2368 693 2485 758 τοὺς
2544 691 2873 769 στρατιώτας
2908 690 3204 770 ἐμπαίζειν,
3238 690 3359 753 τοὺς
3410 710 3820 768 παραπορευο-

2128 781 2316 857 μὲνους
2408 780 2775 861 βλασφημεῖν,
2860 783 2945 837 καὶ
3031 778 3215 842 ἂιπλῶς
3289 780 3412 842 τοὺς
3508 776 3820 838 Ἰουδαίους

2126 874 2446 931 Θανατῶσαι.
2521 869 2687 927 Ἀλλᾶ
2755 871 2843 927 καὶ
2901 867 3065 931 οὕτως
3097 871 3243 947 εὗρεν
3274 868 3430 924 αὺτὸν
3487 868 3813 936 ἀήττητον.

2128 963 2200 1017 Οὗ
2252 961 2352 1036 γὰρ
2405 957 2641 1029 ἠδυνήθη
2700 958 2754 1015 ἐν
2806 964 2884 1032 τῷ
2914 965 3123 1035 σταυρῷ
3152 958 3295 1024 λύπη
3327 970 3513 1013 πεῖσαι
3546 958 3645 1012 τὸν
3690 956 3814 1013 Κύο

2127 1072 2235 1121 ριον
2291 1054 2514 1124 μισῆσαι
2571 1050 2695 1113 τοὺς
2772 1056 3142 1127 σταυροῦντας,
3234 1045 3371 1103 ἆλλᾶ
3447 1046 3551 1125 γὰρ
3606 1045 3815 1121 ἠγάπα

2126 1136 2284 1194 πάλιν
2313 1139 2401 1195 καὶ
2470 1139 2807 1218 ὓπερηύχετο
2863 1136 3056 1213 λέγων·
3127 1160 3148 1192 ι
3219 1137 3306 1203 Μὴ
3339 1138 3546 1212 στήσῃς
3576 1135 3810 1211 ὐτοῖς,

2135 1230 2180 1300 ᾧ
2235 1225 2403 1283 ἐδόκει
2468 1229 2719 1294 ἡττᾶσθαι
2755 1247 2770 1307 ;
2807 1224 2985 1291 Οὕτως
3012 1227 3101 1282 οὖν
3145 1226 3233 1283 καὶ
3261 1224 3465 1301 ὕψωσις
3496 1224 3667 1282 αὐτοῦ
3717 1226 3816 1278 καὶ

2212 1432 2239 1461 α
2288 1408 2438 1465 Οὕτω
2492 1408 2590 1485 γὰρ
2646 1406 2929 1484 ἠγάπησεν
3000 1408 3028 1463 ὁ
3088 1408 3215 1469 Θεὸς
3246 1407 3335 1461 τὸν
3366 1404 3599 1479 κόσμον,
3649 1406 3809 1461 ὥστε

2129 1498 2217 1553 τὸν
2275 1498 2393 1553 Υἱὸν
2466 1500 2624 1555 αὐτοῦ
2681 1497 2771 1551 τὸυ
2832 1501 3100 1573 μονογενῆ
3154 1493 3370 1559 ἔδωκεν,
3443 1493 3535 1549 ’ἕνα
3590 1500 3705 1555 πᾶς
3780 1495 3813 1547 ὁ

2130 1588 2388 1643 πιστεύων
2439 1588 2511 1651 εἷς
2570 1586 2750 1659 αὐτὸν,
2838 1585 2915 1660 μὴ
2971 1582 3297 1657 ἆπόλληται,
3331 1582 3451 1639 ἀλλ’
3501 1582 3613 1663 ἔχῃ
3646 1584 3809 1654 ζωὴν

2132 1675 2366 1734 αἰώνιον.
2429 1676 2497 1738 οὔ
2554 1676 2655 1753 γὶιρ
2711 1672 3017 1730 ἀπέστειλεν
3078 1677 3105 1730 ὁ
3163 1674 3292 1737 Θεὸς
3350 1675 3440 1729 τὸν
3473 1674 3597 1728 Υἶὸν
3632 1673 3812 1730 αὐτοῦ

2132 1766 2205 1828 εἰς
2269 1767 2360 1821 τὸν
2429 1764 2632 1840 κόσμον
2702 1763 2793 1819 ’ἕνα
2868 1765 3019 1841 κρίνῃ
3090 1764 3180 1820 τὸν
3246 1764 3473 1835 κόσμον,
3519 1758 3646 1817 ἀλλ’
3699 1761 3807 1816 ’ἕνα

2132 1857 2277 1931 σωθῇ
2335 1858 2363 1911 ὁ
2393 1855 2592 1930 κόσμος
2624 1850 2689 1909 δι’
2723 1854 2903 1916 αὐτοῦ.
2942 1877 2968 1907 ι
3018 1850 3193 1909 Πολλῦ
3229 1852 3263 1920 ἡ
3304 1853 3403 1917 τῆς
3446 1851 3665 1928 ἀγάπης
3700 1857 3808 1907 τοῦ

406 1950 807 2014 tanta,utnon
841 1942 1072 2004 dederit
1095 1944 1183 2005 vel
1216 1943 1587 2025 prophetam,
1624 1942 1713 2002 vel
1742 1943 2045 2020 angelum,

2138 1951 2266 2000 Θεού
2320 1945 2451 2022 πρὸς
2504 1944 2595 1998 τὸν
2666 1943 2865 2017 κόσμον
2923 1940 3186 2019 ἐπίτασις,
3220 1942 3307 1996 καὶ
3352 1940 3615 2014 τοσαύτη,
3651 1939 3805 1995 ὥστε

405 2029 507 2090 sed
544 2031 756 2094 Filium
789 2052 983 2106 suum,
1011 2044 1185 2113 atque
1208 2033 1372 2094 illum
1418 2032 1811 2111 unigenitum.
1850 2034 2052 2109 Ange-

412 2118 528 2179 lum
552 2121 601 2181 si
634 2119 871 2201 quidem
896 2121 1307 2197 dedisset,non
1334 2130 1456 2183 erat
1480 2139 1575 2182 res
1608 2139 1802 2200 parva.
1825 2117 2055 2192 Quare"

409 2206 557 2278 Quia
586 2208 829 2287 angelus
858 2210 1095 2290 quidem
1132 2212 1401 2272 minister
1430 2210 1563 2289 ejus
1596 2208 1786 2271 fidelis
1822 2218 1880 2269 et
1918 2226 2051 2269 ser-

412 2313 539 2369 vus,
553 2316 658 2357 nos
690 2306 882 2358 autem
903 2299 1125 2360 inimici
1144 2308 1200 2359 et
1221 2307 1687 2376 apostatzeznunc
1704 2307 1899 2359 autem
1918 2298 2054 2358 dato

409 2382 809 2463 Filioquanto
841 2387 1323 2447 excellentiorem
1354 2387 1625 2448 exhibuit
1655 2386 2003 2448 charitatem
2035 2386 2049 2444 l

412 2469 555 2531 Item
587 2474 632 2533 si
668 2474 884 2535 multos
919 2475 1141 2536 habens
1159 2474 1310 2536 filios
1341 2495 1524 2536 unum
1552 2475 1834 2544 dedisset,
1856 2483 1913 2535 et
1945 2476 2055 2536 hoc

415 2561 728 2622 maximum
755 2563 983 2637 fuisset,
1016 2584 1171 2625 nunc
1199 2582 1341 2625 vero
1373 2562 1756 2643 Unigenitum
1780 2562 1921 2623 544
1953 2563 2051 2624 de-

414 2650 514 2710 dit.
552 2650 737 2730 Igitur
774 2652 1006 2715 bonitas
1035 2654 1211 2732 digne
1242 2654 1533 2715 laudanda
1560 2664 1670 2713 est.
1709 2654 1913 2715 Ariani
1944 2671 2053 2713 au--

411 2748 528 2801 tem
562 2740 766 2803 dicunt
801 2744 954 2823 quod
992 2744 1353 2823 Unigenitus
1383 2742 1613 2805 dicatur
1631 2760 1699 2803 eo
1716 2742 1872 2822 quod
1897 2740 2057 2803 solus

2135 2040 2228 2094 οὖκ
2298 2034 2545 2114 ἄγγελον,
2607 2036 2666 2091 οὒ
2723 2035 3003 2113 προφήτην
3034 2031 3230 2107 δοῦναι,
3266 2031 3403 2088 ἀλλὰ
3426 2033 3516 2088 τὸν
3540 2034 3662 2087 Πὸν
3703 2031 3809 2086 arb.

2136 2133 2247 2198 τοῦ,
2306 2128 2394 2182 καὶ
2450 2124 2635 2182 τοῦτον
2705 2129 2994 2201 μονογενῆ.
3057 2124 3154 2180 Καὶ
3222 2121 3449 2199 ἄγγελον
3478 2120 3577 2195 μὲν
3608 2120 3718 2199 γὰρ
3757 2122 3805 2176 εἰ

2136 2213 2351 2286 ἔδωκεν,
2385 2212 2530 2273 οὖδὲν
2559 2212 2696 2269 οῧτω
2714 2214 2899 2292 μιαρὸν
2920 2212 2986 2280 ἧν
3021 2214 3080 2268 τὸ
3106 2217 3349 2289 πρᾶγμα,
3386 2210 3533 2267 Διατί
3566 2232 3585 2283 ς
3640 2212 3803 2265 Διότι

2138 2307 2165 2360 ὁ
2229 2304 2324 2378 μὲν
2382 2300 2633 2381 ἃγγελος,
2692 2300 2929 2367 διάκονος
2960 2303 3119 2358 αὺτοῦ
3149 2301 3336 2363 πιστὸς
3368 2301 3455 2355 καὶ
3486 2298 3802 2376 {arripitur

2136 2395 2303 2467 ἡμεῖς
2362 2389 2440 2470 δὲ,
2514 2392 2694 2470 ἐχθροὶ
2750 2393 2837 2447 καὶ
2886 2389 3200 2451 ἀποστάται,
3254 2391 3355 2446 Νῧν
3387 2386 3440 2444 δὲ
3491 2389 3609 2444 ι’ἶὸν
3639 2386 3802 2453 δοὺς,

2137 2482 2292 2538 ποίαν
2362 2479 2655 2558 ὑπερϐολὴν
2714 2481 2929 2558 ἀγάπης
2992 2480 3198 2558 παρῆκε
3232 2499 3248 2548 ς
3285 2476 3472 2550 Πάλιν,
3546 2479 3589 2533 εἶ
3640 2478 3802 2533 πολ-

2137 2570 2257 2633 λοός
2332 2571 2477 2651 ἔχων
2534 2572 2697 2650 υἱοὺς,
2758 2569 2847 2626 ’ἑνα
2905 2566 3123 2641 δέδωκε,
3182 2570 3457 2625 καὶτοῦτο
3485 2568 3800 2645 ὒπὲρμεγα·

2139 2669 2223 2719 ν’ὁν
2278 2658 2333 2717 δὲ
2400 2663 2490 2717 τὸν
2551 2664 2825 2737 Μονογενῆ
2868 2657 3113 2715 δέδωκεν.
3148 2647 3299 2734 ’Ἀρα
3329 2658 3418 2714 οὖν
3458 2655 3598 2712 ἔστιν
3628 2657 3802 2723 ἀξίως

2137 2752 2368 2825 ὑμνῆσαι
2423 2752 2521 2817 τὴν
2579 2749 2903 2827 ὰγαθότητα.
2979 2750 3038 2805 Ol
3109 2744 3164 2803 δὲ
3235 2743 3495 2823 Ἀρειανοὶ
3540 2744 3801 2824 λέγουσιν

409 2826 537 2917 ipse
561 2830 744 2891 factus
765 2833 843 2895 sit
870 2842 929 2895 et
960 2834 1234 2895 conditus
1262 2852 1295 2893 a
1326 2832 1475 2905 Deo,
1499 2830 1699 2894 omnia
1726 2840 1921 2892 autem
1946 2830 2052 2892 alia

2141 2838 2221 2896 ὅτι
2295 2826 2635 2917 Μονογενὴςγ
2684 2837 2919 2916 λέγεται,
2977 2835 3109 2893 διότι
3164 2837 3320 2899 αὖτὸς
3378 2834 3538 2907 μόνος
3568 2836 3795 2913 γέγονε,

410 2916 485 2976 ab
517 2917 875 2992 illo.Quibus
900 2921 1254 3003 simpliciter
1271 2920 1799 3002 respondemus:Si
1816 2919 2052 3000 quidem

2142 2931 2229 2986 καὶ
2298 2927 2507 2995 ἐκτίσθη
2564 2928 2665 2984 ὑπὸ
2709 2934 2859 2997 Θεοῦ,
2906 2927 2971 2983 τὰ
3012 2923 3057 2981 δ’
3104 2924 3239 2981 ἄλλα
3268 2926 3440 2982 πάντα
3467 2922 3556 2981 ὑπ’
3598 2927 3793 2987 αὺτοῦ,

411 3003 753 3097 Dnigenitus
784 3011 981 3073 dictus
1014 3011 1359 3083 fuisset,nec
1378 3011 1650 3073 additum
1678 3009 2052 3083 essetFilius,

2146 3020 2281 3097 Πρὸς
2340 3017 2424 3082 οὖς
2498 3017 2695 3081 ἁπλοῦς
2752 3018 2780 3073 ὁ
2831 3015 3014 3095 λόγος,
3073 3018 3153 3072 ὃτι
3216 3015 3273 3073 Εἰ
3328 3014 3425 3088 μὲν
3474 3016 3794 3091 Μονογενής

414 3095 656 3158 haberet
686 3099 975 3161 rationem
1011 3101 1326 3181 impudens
1353 3109 1608 3162 vestrum
1631 3108 2052 3161 commentum:

2144 3095 2354 3187 ἐλέγετο
2400 3110 2567 3187 χωρὶς
2638 3114 2728 3162 τοῦ
2776 3107 2919 3183 Υἱὸς,
2993 3105 3152 3185 εἶχεν
3182 3103 3241 3160 ἄν
3285 3102 3445 3181 λόγον
3476 3104 3537 3159 τὸ
3574 3103 3801 3177 κομψὸν

413 3198 471 3275 at
507 3206 660 3249 nunc
702 3208 835 3250 cum
857 3210 975 3251 non
1008 3190 1198 3252 solum
1244 3190 1618 3269 Unigenitus,
1652 3189 1755 3251 sed
1790 3197 1848 3249 et
1879 3188 2052 3250 Filius

2144 3200 2289 3271 ὑμῶν
2347 3196 2575 3275 εῧρημΐ
2642 3204 2729 3253 νῦν
2789 3193 2842 3251 δὲ
2900 3196 3034 3270 μετὰ
3092 3202 3184 3251 τοῦ
3254 3199 3579 3270 Novo-{tvm};
3607 3194 3700 3249 καὶ
3730 3197 3799 3249 τὸ

415 3273 793 3357 dicatur,non
811 3280 1096 3359 permittit
1115 3280 1202 3341 sic
1216 3280 1544 3359 intelligere
1556 3276 2052 3359 Unigenitum(a),

2148 3288 2263 3349 Υἱὸς
2318 3273 2628 3365 λεγόμενον,
2677 3287 2737 3343 οὗ
2764 3282 2969 3341 δίδωσιν
3002 3283 3140 3340 οὕτω
3170 3295 3313 3340 νοεῖν
3343 3283 3434 3338 τὸν
3486 3288 3799 3365 Μονογενῆ,

413 3365 514 3424 sed
557 3365 669 3427 vult
692 3367 860 3428 illum
886 3368 1076 3429 solum
1111 3388 1181 3431 ex
1212 3372 1382 3432 Patre
1414 3377 1635 3430 natum.
1668 3367 1809 3429 Vide
1832 3375 2051 3431 autem.

412 3454 702 3533 oro,quod
734 3456 882 3518 sicut
913 3476 1092 3538 supra
1121 3459 1265 3520 dixit
1295 3458 1509 3519 Filium
1537 3456 1797 3518 hominis
1814 3456 2055 3517 descen-

414 3541 573 3602 disse
604 3544 679 3605 de
705 3546 879 3618 cmlo,
921 3549 1186 3628 quamvis
1239 3568 1355 3608 non
1408 3545 1788 3608 descenderit
1818 3564 1953 3606 caro
1983 3545 2059 3607 de

416 3630 698 3698 caalo.sed
718 3646 959 3715 propter
981 3656 1155 3698 unam
1185 3655 1493 3716 personam
1511 3644 1568 3696 et
1591 3653 1763 3695 unam
1791 3636 2061 3715 hyposta-

415 3720 628 3793 sim,ea
651 3743 781 3803 quze
812 3728 914 3788 Dei
949 3737 1108 3800 sunt,
1142 3726 1411 3788 attribuit
1442 3724 1670 3789 homini
1703 3744 1717 3784 :
1752 3724 1829 3785 ita
1860 3731 1917 3783 et
1947 3724 2059 3784 hoc

416 3812 565 3883 loco,
602 3831 670 3873 ea
692 3834 823 3895 quae
855 3816 1111 3878 hominis
1167 3826 1327 3886 sunt,
1368 3814 1634 3876 attribuit
1664 3812 1859 3875 Verbo
1910 3814 2053 3875 Deo.

418 3898 585 3960 Dedit
619 3903 1192 3984 enim,inquit,Deus
1222 3903 1439 3965 Filium
1478 3922 1650 3965 suum
1685 3902 1743 3962 in
1779 3910 2053 3962 mortem:

415 3992 679 4069 quamvis
712 3992 1095 4074 impassibilis
1128 3992 1521 4074 permanserit
1555 3992 1712 4054 Deus
1747 4012 1760 4053 :
1796 4000 2055 4051 attamen

411 4078 547 4158 quia
580 4100 728 4142 unus
760 4092 817 4144 et
849 4083 1003 4145 idem
1040 4083 1145 4143 luit
1169 4102 1274 4163 per
1304 4083 1751 4163 liypostasim,et
1778 4080 1878 4161 qui
1904 4077 2056 4140 Ver-

414 4166 553 4227 bum
586 4168 716 4238 Dei.
751 4184 807 4234 et
832 4173 1007 4234 homo
1038 4174 1137 4253 qui
1172 4192 1275 4254 pro
1310 4172 1481 4233 nobis
1512 4169 1954 4252 patiens,Filius
1976 4168 2061 4229 di-

414 4256 568 4317 citur
599 4258 767 4320 datus
799 4281 954 4341 esse,
991 4264 1049 4323 in
1085 4271 1365 4341 quantum
1400 4277 1455 4323 et
1489 4278 1624 4322 vere
1658 4277 1887 4340 passus,
1942 4278 2059 4319 non

408 4345 473 4406 in
505 4365 609 4407 sua
643 4358 870 4430 natura,
905 4350 1006 4412 sed
1043 4351 1100 4411 in
1134 4372 1237 4411 sua
1283 4368 1463 4412 carne
1521 4348 1685 4422 Quod
1730 4356 1927 4410 autem
1963 4348 2056 4408 lu-

414 4453 603 4516 crum,
627 4437 753 4499 dari
787 4440 1034 4502 Filium?
1054 4439 1099 4502 Ο
1134 4449 1501 4518 magnum,et
1533 4457 1711 4518 supra
1739 4438 2056 4499 humanam

2142 3374 2278 3431 ἀλλὰ
2345 3361 2436 3432 τόν
2506 3375 2667 3449 μόνον
2709 3374 3022 3451 γεννηθέντα
3052 3372 3113 3429 ἐκ
3140 3379 3232 3429 τοῦ
3278 3372 3503 3449 Πατρός.
3556 3361 3708 3448 ⁸Ὀρα
3741 3369 3799 3428 δὲ

2142 3487 2258 3544 μοι,
2317 3466 2396 3519 ὅτι
2480 3463 2656 3543 ὥσπερ
2689 3462 2796 3519 ἄνω
2825 3463 3004 3535 εἶπεν,
3040 3461 3120 3518 ῧτι
3152 3463 3181 3517 ὁ
3226 3462 3345 3523 Υἱὸς
3394 3467 3485 3517 τοῦ
3515 3460 3804 3537 ἀνθρώπω

2142 3552 2341 3620 κατέϐη
2414 3552 2473 3608 ἐκ
2528 3563 2620 3611 τοῦ
2673 3553 2915 3631 οὗρανοῦ,
2946 3550 3120 3608 καίτοι
3162 3552 3223 3606 οὗ
3250 3547 3453 3615 κατέϐη
3484 3550 3515 3616 ἡ
3547 3547 3675 3625 σὰρξ
3736 3549 3805 3605 ἑκ

2144 3646 2232 3700 τοῦ
2290 3644 2531 3721 οὐρανοῦ,
2589 3640 2711 3697 ἀλλ’
2769 3639 2915 3715 ὅμως
2986 3638 3071 3695 διὰ
3123 3640 3183 3696 τὺ
3239 3638 3295 3695 ἔν
3340 3638 3650 3715 πρόσωπον,
3708 3641 3803 3695 καὶ

2142 3733 2235 3800 τὴν
2295 3732 2417 3806 μίαν
2488 3732 2797 3803 ὑπόστασιν,
2872 3731 2936 3785 τὰ
3004 3736 3095 3786 τοῦ
3147 3736 3276 3787 Θεοῦ
3347 3727 3644 3803 προσέθηκε
3719 3735 3802 3800 τῷ

2140 3821 2420 3899 ἀνθρώπιν’
2496 3818 2632 3877 οῧτω
2682 3819 2944 3876 κάνταῦθα
2988 3820 3049 3875 τὸ
3092 3816 3321 3890 ἔμπαλιν
3352 3817 3415 3873 τὰ
3444 3824 3533 3873 τοῦ
3581 3816 3802 3894 ἀνθρώ-

2142 3933 2240 3967 που
2297 3909 2608 3987 προστίθησι
2639 3913 2714 3981 τῷ
2741 3914 2857 3981 Θεῷ
2888 3906 3063 3985 Λόγῳ,
3114 3902 3340 3963 ’Ἔδωκε
3382 3905 3505 3983 γὰρ,
3539 3905 3727 3983 φησὶν,
3764 3906 3797 3960 ὁ

2141 4000 2269 4062 Θεὸς
2346 3999 2431 4053 τὸν
2482 3999 2602 4053 Υἱὸν
2645 3997 2803 4056 αὖτοῡ
2830 3997 2902 4055 εἷς
2931 3996 3175 4053 θάνατον·
3211 3996 3380 4052 καίτοι
3411 3996 3439 4050 ὃ
3470 3995 3599 4056 Θεὸς
3640 3993 3797 4049 ἁπα-

2138 4088 2234 4154 θὴς
2292 4086 2572 4160 διέμεινεν
2623 4082 2743 4141 ἀλλ’
2813 4086 2925 4142 ἐπεὶ
2982 4087 3067 4149 εἷς
3111 4087 3197 4142 καὶ
3228 4086 3256 4141 ὁ
3285 4086 3441 4147 αὒτὸς
3492 4082 3607 4139 καθ’
3654 4084 3801 4139 ὑπό-

2142 4198 2324 4233 στασιν
2393 4178 2460 4242 ἦν
2520 4174 2547 4230 ὅ
2604 4197 2661 4231 τε
2732 4181 2822 4231 τοῦ
2880 4182 3011 4232 Θεοῦ
3070 4176 3265 4251 Λόγος,
3325 4174 3412 4230 καὶ
3473 4174 3500 4228 ὁ
3533 4172 3597 4227 τὰ
3648 4174 3801 4239 πάθη

2143 4265 2492 4343 ὑφιστάμενος
2560 4264 2851 4342 ἄνθρωπος’
2907 4265 2933 4319 ὁ
2979 4265 3095 4329 Υἱὸς
3147 4261 3358 4341 λέγεται
3427 4259 3681 4339 διδόσθαι,
3739 4260 3800 4323 ὅς

2141 4356 2227 4410 καὶ
2284 4352 2496 4419 ἀληθῶς
2557 4352 2794 4432 ἔπασχεν
2861 4352 2915 4409 ἐν
2967 4358 3035 4428 τῇ
3066 4351 3231 4423 οἰκείᾳ
3261 4351 3415 4419 σαρκί
3439 4347 3594 4427 (19).
3632 4350 3697 4408 Τί
3741 4348 3798 4405 δὲ

2143 4445 2202 4499 τὸ
2274 4441 2455 4520 κέρδος
2484 4452 2576 4501 τοῦ
2628 4440 2840 4509 δοθῆναι
2870 4444 2960 4499 τὸν
3007 4442 3124 4497 Υἱόν
3173 4432 3310 4522 ςὨς
3359 4440 3496 4518 μέγα
3528 4441 3613 4496 καὶ
3663 4440 3800 4517 ὑπὲρ

418 4528 698 4588 mentem!
734 4540 795 4589 ut
824 4529 1018 4591 omnis
1053 4530 1153 4610 qui
1185 4529 1371 4593 credit
1401 4529 1459 4590 in
1496 4528 1683 4599 illum,
1717 4528 1834 4587 duo
1858 4527 1952 4587 illa
1975 4525 2052 4587 lu-

2143 4531 2343 4589 ἕννοιαν
2400 4531 2752 4609 ἀνθρωπίνην,
2807 4531 2900 4587 ’ἕνα
2959 4537 3060 4594 πᾶς
3124 4533 3152 4586 '0
3210 4530 3469 4586 πιστεύων
3500 4530 3572 4594 είς
3612 4529 3797 4603 αὗτὸν,

414 4622 611 4675 cretur
645 4636 658 4675 :
697 4636 878 4678 unum
914 4618 1177 4699 quidem,
1208 4618 1366 4699 quod
1400 4638 1516 4678 non
1573 4619 1747 4697 perit;
1780 4616 2052 4694 alterum,

2143 4620 2229 4677 δύο
2284 4632 2446 4680 ταῦτα
2502 4618 2749 4698 κερδαίνῃ·
2808 4618 2865 4676 ’ἐν
2923 4620 3044 4695 μὲν,
3109 4620 3169 4676 τὸ
3199 4619 3276 4693 μὴ
3316 4616 3625 4675 ἀπολέσθαι·
3671 4616 3801 4673 ἔτι·

415 4704 571 4783 quod
606 4706 775 4767 vitam
825 4706 1025 4780 habet,
1080 4719 1255 4788 atque
1310 4708 1488 4768 vitam
1544 4716 1848 4768 aeternam.
1882 4706 2052 4767 Vetus

2144 4733 2229 4775 ρον
2304 4709 2379 4778 δὲ,
2440 4716 2500 4766 τὸ
2556 4710 2645 4766 καὶ
2702 4711 2845 4781 ζωὴν
2923 4708 3098 4789 ἔχειν,
3156 4709 3242 4765 καὶ
3311 4706 3509 4774 ταύτην
3556 4706 3792 4767 αίώνιον,

415 4794 570 4853 enim
599 4794 687 4856 lex
724 4797 1106 4876 promit'ebat
1127 4816 1230 4857 eos
1250 4795 1350 4877 qui
1375 4800 1431 4857 in
1461 4796 1560 4858 illa
1588 4800 1705 4857 Deo
1726 4794 2052 4876 placebant,

2146 4792 2205 4855 Ἠ
2280 4798 2375 4873 μὲν
2434 4800 2533 4878 γὰρ
2605 4796 2837 4870 Παλαιὰ,
2898 4797 3020 4859 τοὺς
3080 4796 3133 4854 ἐν
3184 4797 3348 4872 ταύτῃ
3388 4797 3801 4874 εὖαρεστοῦντας

413 4880 749 4962 implendas
782 4884 1148 4963 longitudine
1180 4885 1433 4948 dierum:
1462 4885 1838 4963 Evangelium
1862 4892 2052 4944 autem

2146 4897 2217 4962 τῷ
2276 4893 2414 4962 Θεῷ,
2474 4888 2808 4965 μακρότητος
2862 4887 3077 4964 ἡμερῶν
3119 4884 3391 4958 ἓμπιπλᾷν
3449 4887 3795 4964 ὑπισχνεῖτο⁶

412 4990 527 5032 non
582 4977 995 5055 temporariam
1056 4977 1226 5036 vitam
1283 4976 1548 5055 largitur,
1608 4975 1712 5036 sed
1770 4981 2051 5035 aeternam

2138 4980 2196 5034 τὸ
2254 4976 2305 5034 δὲ
2372 4976 2714 5055 Εὐαγγέλιον,
2774 4975 2833 5032 οὗ
2915 4976 3218 5054 προσκαίρῳ
3247 4976 3359 5050 ζωῇ
3403 4972 3798 5053 φιλοτιμεῖται,

410 5070 467 5121 et
496 5062 991 5129 indissolubilem.
1023 5065 1168 5139 Qui»
1204 5064 1359 5127 enim
1418 5066 1535 5126 duo
1579 5072 1716 5125 sunt
1767 5064 2052 5124 adventus

2138 5067 2270 5123 ἀλλὰ
2327 5068 2415 5124 καὶ
2488 5066 2680 5138 αἰωνίῳ
2747 5067 2833 5121 καὶ
2893 5063 3225 5136 ἂκαταλύτῳ.
3261 5063 3413 5122 Ἐπεὶ
3439 5061 3494 5119 δὲ
3523 5060 3615 5119 δύο
3669 5063 3803 5117 εἰσὶν

409 5152 717 5225 Christi,et
748 5154 846 5214 ille
877 5154 976 5235 qui
1004 5154 1203 5229 fuit,et
1230 5154 1326 5216 ille
1362 5155 1460 5235 qui
1491 5163 1775 5216 venturus
1808 5161 1897 5214 est
1929 5172 1942 5212 :
1978 5152 2052 5215 de

2138 5161 2185 5213 αἱ
2243 5164 2332 5213 τοῦ
2382 5164 2603 5214 Χριστοῦ
2674 5156 2971 5233 παρουσίαι,
3047 5154 3081 5222 ἢ
3143 5176 3200 5211 τε
3273 5152 3373 5221 ἤδη
3425 5151 3804 5230 γεγενημένη,

490 5287 553 5335 τ8
580 5287 715 5351 Luc.
744 5307 907 5362 χχιιι,
943 5291 1039 5352 34.
1130 5288 1237 5351 791
1264 5291 1425 5353 Joan.
1464 5290 1627 5352 ".9.

1496 5423 1578 5485 Ex
1610 5422 1928 5485 collatione
1961 5422 2134 5486 codd.
2170 5423 2385 5487 Venet.
2420 5422 2483 5489 S.
2519 5424 2715 5488 Marci.

497 5558 627 5636 (l9)
658 5558 806 5623 Cod.
831 5561 900 5622 31
935 5561 1171 5643 plenius
1204 5582 1219 5626 :
1250 5544 1355 5628 "Oc
1384 5564 1469 5619 καὶ
1502 5561 1712 5629 ἀληθῶς
1742 5560 2008 5641 ἔπασχεν,
2041 5584 2052 5615 ‹

2138 5567 2192 5638 τῇ
2222 5562 2387 5632 οἰκείᾳ
2428 5561 2600 5641 φύσει,
2634 5559 2770 5615 ἀλλὰ
2800 5566 2870 5636 τῇ
2914 5557 3078 5629 οἰκείᾳ
3122 5558 3296 5635 σαρκί,

505 5687 587 5763 (αξ)
637 5686 764 5750 Edit
813 5690 939 5751 Lut.
980 5708 1093 5751 non
1127 5689 1306 5752 habet
1339 5692 1749 5769 unigenitum.
