4070 6224
311 390 469 455 1213

1070 388 1510 456 ENARRATIO
1569 393 1650 455 IN
1696 387 2204 455 EVANGELIUM
2246 388 2583 456 JOANNIS.
2636 427 2705 437 —
2752 394 2915 457 CAP.
2966 394 3073 456 III.

3535 388 3684 454 1214
3750 448 3755 454 .

300 524 453 591 καὶὴ
485 522 782 603 μέλλουσα,
819 525 937 600 περὶ
980 529 1078 591 τῆς
1139 547 1396 603 προτερας
1454 524 1597 603 λέγει
1652 526 1955 604 παρουσίας,

2045 520 2241 601 priore
2262 525 2522 587 adventu
2552 526 2715 602 dicit,
2738 527 2893 608 quod
2926 546 3045 589 non
3078 528 3293 589 missus
3312 529 3388 590 sit
3419 524 3602 590 Filius
3621 533 3684 586 ut

299 612 383 669 ὅτι
428 616 523 672 οὐκ
591 611 869 679 ἀπεστάλη
928 614 956 669 6
1002 614 1119 677 Υἱὸς
1164 612 1255 671 ἴνα
1286 616 1574 694 κατακρίνῃ
1604 615 1695 671 τὸν
1724 615 1949 690 κόσμον,

301 698 451 761 Ἐπεὶ
509 703 554 758 εἰ
622 701 709 759 ἐπὶ
764 708 919 759 τοῦτο
975 701 1127 777 ἦλθε,
1160 703 1355 767 πάντες
1431 704 1491 759 ἄν
1547 704 1949 783 κατεκρίθησανο

300 791 498 855 πάντες
574 791 673 869 γὰρ
731 790 995 870 ἥμαρτον,
1058 793 1189 849 καθά
1251 795 1340 850 καὶ
1373 792 1575 859 Παῦλός
1604 809 1784 872 φησιν’
1816 791 1953 849 ἀλλὰ

302 880 719 959 προηγουμένως
770 880 855 937 ἐπί
912 883 973 937 τὸ
1028 888 1197 938 σῶσαι
1254 883 1343 939 τὸν
1402 884 1600 957 κόσμον
1655 882 1805 956 ἦλθε,
1868 882 1953 937 καὶ

306 975 461 1026 τοῦτο
532 971 727 1032 σκοπὸς
785 970 850 1037 ἧν
911 972 1069 1046 αὐτῷ·
1134 972 1269 1027 κατὰ
1311 969 1642 1047 ωμϐεϐηκός
1672 970 1726 1028 δὲ
1786 972 1949 1049 κρίνει

301 1059 423 1121 τοὺς
484 1059 561 1133 μὴ
619 1060 1024 1125 πιστεύσαντας,
1116 1051 1175 1118 Ὀ
1228 1060 1409 1137 μέντοι
1443 1062 1729 1127 Μωσαϊκὸς
1765 1061 1948 1137 νόμος,

302 1146 717 1226 προηγουμένως
777 1149 850 1210 εἰς
909 1148 994 1205 ’έλε
1012 1172 1136 1230 (χον
1193 1155 1291 1217 τῆς
1343 1151 1595 1227 ἁμαρτίας
1658 1148 1806 1229 ἦλθε,
1870 1149 1957 1204 καὶ

304 1238 615 1317 κατάκρισιν
673 1244 778 1294 τῶν
838 1238 1293 1316 παραϐαινόντων.
1354 1236 1533 1297 Οὐδενὶ
1564 1239 1664 1317 γὰρ
1718 1236 1957 1316 συνεχώ-

304 1348 405 1405 ρει,
466 1324 586 1383 ἀλλ’
673 1325 783 1403 ἅμα
841 1348 897 1383 τε
957 1330 1100 1408 εὗρεν
1152 1328 1518 1407 ἁμαρτάνοντά
1564 1349 1637 1401 τι,
1710 1327 1796 1383 καὶ
1844 1326 1955 1401 ἅμα

303 1416 405 1483 τὴν
458 1412 607 1483 δίκην
661 1415 883 1494 ἐπῆγεν.
949 1408 1011 1473 Ἠ
1069 1416 1165 1493 μὲν
1211 1416 1299 1472 οὖν
1330 1417 1515 1495 πρώτη
1570 1417 1825 1493 παρουσία
1863 1415 1957 1472 οὒκ

304 1504 433 1583 εἶχε
516 1506 716 1560 σκοπὸν
747 1507 807 1561 τὸ
836 1505 1050 1584 κρίνειν,
1085 1507 1129 1561 εί
1162 1506 1238 1580 μὴ
1268 1506 1404 1561 κατὰ
1433 1502 1790 1585 συμϐεϐηκὸς,
1836 1522 1955 1569 τους

306 1594 724 1663 ἀπιστήσαντας⁶
788 1596 932 1651 οὗτοι
1015 1596 1115 1674 γὰρ
1185 1592 1288 1663 ἤδη
1355 1593 1642 1674 κέκρινται*
1694 1597 1730 1661 ἡ
1787 1592 1842 1651 δέ
1895 1616 1956 1673 γε

301 1680 513 1761 δευτέρα
568 1683 847 1761 παρουσία,
918 1684 1130 1750 πάντως
1162 1684 1249 1740 ἐπὶ
1274 1704 1351 1756 τερ
1382 1684 1581 1749 πάντας
1634 1696 1834 1763 κρῖναι,
1868 1686 1956 1740 καὶ

308 1769 591 1828 ἀποδοῦναι
650 1771 860 1845 ἑκάστῳ
915 1774 1051 1829 κατὰ
1115 1773 1179 1828 τὰ
1274 1771 1400 1851 ἔργα
1485 1773 1661 1847 αὒτοΰ,
1726 1774 1955 1852 γενησε-

306 1883 415 1922 ται,

2036 611 2395 676 condemnet
2423 616 2879 698 mundum;quia
2908 616 2958 678 si
2990 624 3233 697 prepter
3252 616 3365 678 hoc
3400 614 3681 689 venisset,

2036 701 2413 765 condemnati
2446 704 2697 767 fuissent
2728 707 2937 787 utique
2969 722 3199 769 omnes.
3253 704 3476 770 Omnes
3520 704 3679 766 enim

2037 794 2678 869 percaveruntﬂsicut
2704 805 2761 857 et
2791 794 3007 858 Paulus
3034 794 3196 858 dicit.
3233 794 3350 857 Sed
3384 794 3681 876 praecipue

2037 877 2109 938 ad
2152 879 2265 941 hoc
2295 883 2475 958 venit,
2508 892 2566 945 et
2587 883 2875 945 mundum
2907 892 3193 958 servaret,
3214 892 3385 965 atque
3416 884 3542 945 haec
3582 882 3679 945 in-

2037 967 2223 1029 tentio
2253 973 2380 1050 ejus
2412 972 2513 1033 fuit
2548 991 2562 1036 :
2600 992 2709 1050 per
2736 972 3015 1035 accidens
3072 982 3267 1035 autem
3317 972 3547 1053 judicat
3579 990 3681 1035 eos

2040 1059 2139 1137 qui
2168 1078 2283 1120 non
2305 1064 2712 1124 crediderunt.
2766 1065 2884 1126 Lex
2914 1081 3054 1124 vero
3086 1062 3343 1126 Mosaica
3386 1061 3680 1142 praecipue

2040 1148 2220 1229 venit,
2258 1159 2321 1210 ut
2354 1152 2822 1233 reprehenderet
2863 1159 3193 1232 peccatum.
3229 1159 3286 1211 et
3314 1151 3682 1213 condemna-

2043 1244 2134 1299 ret
2154 1241 2683 1319 praevaricantesﬁ
2690 1241 2792 1303 ulli
2816 1242 2974 1303 enim
3001 1239 3383 1319 ignoscit,sed
3407 1237 3582 1300 simul
3602 1246 3687 1300 at-

2037 1342 2153 1403 que
2176 1327 2469 1391 invenerit
2500 1338 2842 1411 peccantem
2873 1330 2934 1391 in
2967 1330 3185 1411 aliquo,
3215 1346 3446 1410 poenam
3475 1327 3679 1390 infert.

2042 1413 2245 1495 Itaque
2277 1417 2509 1497 primus
2536 1418 2827 1482 adventus
2858 1438 2973 1480 non
3008 1426 3251 1499 propter
3276 1416 3571 1498 judicium
3602 1415 3685 1476 fa-

2040 1512 2195 1574 ctns,
2231 1504 2344 1566 nisi
2378 1524 2483 1587 per
2512 1508 2817 1587 accidens,
2833 1507 3109 1588 judicans
3140 1525 3245 1570 eos
3266 1506 3369 1589 qui
3399 1524 3517 1568 non
3543 1523 3680 1566 cre-

2038 1592 2340 1666 diderunt,
2394 1598 2494 1679 qui
2545 1598 2669 1678 jam
2711 1597 2961 1677 judicati
3007 1603 3165 1677 sunt;
3214 1594 3514 1657 secundus
3547 1612 3681 1656 vero

2037 1682 2150 1743 erit
2171 1692 2230 1744 ut
2259 1704 2469 1747 omnes
2487 1687 2804 1768 judicet,et
2834 1686 3152 1768 unicuique
3180 1684 3509 1748 secundum
3542 1699 3679 1763 ope-

2035 1789 2101 1833 ra
2129 1790 2237 1835 sua
2256 1772 2450 1839 faciat.

390 1971 413 2005 ε
453 1960 494 2008 Ο
554 1951 816 2008 πιστεύων
888 1952 959 2012 εἰς
1009 1950 1098 2007 τὸν
1142 1951 1283 2029 Υἱὸν,
1345 1952 1404 2007 οὔ
1431 1950 1682 2029 κρίνεται·
1716 1954 1743 2007 6
1772 1949 1826 2007 δὲ
1870 1953 1947 2027 μὴ

2111 1951 2487 2016 Vsus.18-21
2508 1954 2879 2028 .«Quicredit
2898 1956 2956 2015 in
2972 1951 3673 2033 Filium,nonjudicatur:

305 2040 565 2096 πιστεύων
647 2039 752 2109 ἢδη
809 2040 1064 2119 κέκριται,
1126 2040 1206 2096 ὅτι
1262 2040 1339 2111 μὴ
1392 2041 1739 2098 πεπίστευκεν
1788 2042 1859 2104 εἷς
1890 2043 1951 2097 τὸ

303 2125 470 2205 ὄνομα
537 2131 631 2187 τοῦ
701 2136 1016 2207 μονογενοῦς
1078 2132 1195 2187 Υἱοῦ
1222 2132 1315 2187 τοῦ
1345 2136 1497 2192 Θεοῦ.
1535 2128 1674 2197 Αὕτη
1706 2129 1761 2187 δὲ
1809 2129 1949 2185 ἐστιν

303 2220 337 2286 ἡ
400 2220 592 2300 κρίσις,
650 2217 731 2275 ὅτι
791 2221 854 2274 τὸ
924 2226 1036 2298 φῶς
1106 2217 1262 2285 ἦλθεν
1319 2220 1392 2284 εἰς
1456 2220 1549 2276 τὸν
1579 2220 1804 2299 κόσμον,
1863 2222 1951 2277 καὶ

300 2306 588 2385 ἠγάπησαν
635 2310 680 2365 οἱ
742 2307 1000 2387 ἅνθρωποι
1061 2305 1265 2383 μᾶλλον
1342 2310 1403 2364 τὸ
1500 2310 1713 2388 σκότος,
1800 2309 1835 2377 ἢ
1890 2309 1951 2365 τὰ

307 2402 443 2476 φῶςο
504 2396 570 2465 ἧν
628 2397 728 2475 γὰρ
778 2398 985 2474 πονηρὰ
1042 2396 1215 2453 αξη-ὗν
1296 2398 1363 2452 τὰ
1447 2396 1597 2476 ἔργα.
1683 2404 1791 2460 Πᾶς
1855 2399 1954 2477 γὰρ

305 2488 333 2541 6
415 2486 586 2566 φαῦλα
643 2486 915 2565 πράσσων,
980 2498 1131 2562 μισεῖ
1174 2487 1234 2543 τὸ
1284 2491 1419 2566 φῶς,
1481 2488 1568 2543 καὶ
1614 2490 1708 2546 οὒκ
1738 2486 1952 2567 ἔρχεται

308 2576 437 2651 πρὸς
493 2577 554 2631 τὸ
608 2580 746 2655 φῶς,
804 2575 896 2631 ’ἕνα
980 2575 1057 2651 μὴ
1134 2574 1368 2653 ἐλεγχθῆ
1448 2577 1514 2631 τὰ
1584 2574 1710 2655 ἔργα
1770 2578 1951 2633 αὒτοῡο

306 2666 335 2719 6
390 2661 445 2720 δὲ
497 2671 665 2721 ποιῶν
720 2664 817 2732 τὴν
874 2663 1149 2737 ἀλήθειαν,
1208 2662 1421 2744 ἔρχεται
1492 2666 1621 2745 πρὸς
1699 2667 1759 2721 τὸ
1816 2672 1949 2740 φῶς,

306 2754 399 2809 ’ἕνα
458 2756 732 2834 φανερωθῇ
790 2755 948 2811 αὐτοῦ
1018 2755 1081 2810 τὰ
1150 2752 1300 2833 ἔργα,
1360 2752 1441 2811 ὅτι
1487 2757 1543 2811 ὲν
1641 2762 1756 2828 Θεῷ
1812 2755 1953 2811 ἐστιν

308 2842 645 2922 εἰργασμένα,
704 2860 733 2899 )
777 2844 837 2900 Τί
859 2841 1053 2922 ⁸ἔστιν,
1094 2865 1121 2895 ε
1180 2837 1238 2899 Ὀ
1268 2844 1529 2899 πιστεύων
1559 2844 1631 2907 είς
1661 2844 1751 2899 τὸν
1804 2845 1946 2916 Υἱὸν,

308 2917 366 2990 o6
399 2917 651 3011 ’κρίνεται
686 2949 703 3004 ;
781 2949 810 2990 ι
858 2917 986 3010 Ἀρα
1034 2917 1157 3010 γὰρ,
1219 2930 1307 2987 ἐὰν
1340 2930 1629 3009 ἀκάθαρτον
1672 2930 1781 3011 ἔχῃ
1811 2931 1948 3007 βίον,

340 3021 355 3042 ν
493 3019 509 3061 γ
702 3035 715 3048 ,
822 3019 834 3039 r
1105 3018 1119 3035 ε
1290 3019 1302 3039 ι
1498 3019 1511 3039 ι
1702 3019 1772 3043 ,κε

308 3040 365 3076 ου
425 3041 653 3097 κρ.νεται
703 3066 718 3092 ,
752 3016 994 3074 Μαλιστα
1062 3039 1158 3094 μεν
1216 3040 1335 3081 τους
1369 3040 1635 3083 τοιουτους
1665 3036 1781 3076 ουοε
1811 3043 1952 3098 γνη-

308 3108 433 3169 σίως
490 3109 706 3171 πιστοὺς
761 3110 788 3163 6
850 3106 1054 3170 Παῦλός
1126 3129 1280 3185 φησι,
1354 3128 1377 3160 ε
1444 3109 1572 3165 Θεὸν
1596 3108 1719 3186 γὰρ,
1767 3110 1949 3189 φησὶν,

309 3195 658 3275 ὁμολογοῦσιν
693 3195 907 3279 εἰδέναι,
939 3208 1057 3259 τοῖς
1101 3194 1154 3252 δὲ
1186 3194 1359 3274 ἔργοις
1390 3196 1683 3275 ἀρνοῦνται,
1724 3222 1747 3251 ιι
1806 3197 1953 3264 Πλὴν

310 3284 525 3341 ἐνταῦθα
574 3285 728 3342 τοῦτό
787 3306 971 3364 φησιν,
1030 3282 1111 3340 ὅτι
1169 3283 1289 3341 κατ’
1320 3284 1448 3341 αὐτὸ
1476 3288 1628 3342 τοῦτο
1654 3287 1717 3342 τὸ
1733 3288 1951 3342 πιστεῦ-

2034 2040 2133 2119 qui
2166 2060 2308 2103 vero
2331 2061 2447 2104 non
2496 2044 2709 2121 credit,
2751 2046 2873 2124 jam
2900 2044 3203 2124 judicatus
3229 2050 3341 2123 est,
3376 2042 3514 2123 quia
3561 2060 3677 2103 non

2035 2128 2354 2192 crediditin
2380 2151 2595 2194 nomen
2610 2132 2899 2211 unigeniti
2924 2131 3055 2194 Filii
3082 2130 3354 2195 Dei.Hzec
3373 2141 3463 2193 est
3480 2138 3676 2191 autem

2036 2218 2471 2292 condemnatio,
2504 2222 2659 2303 quod
2714 2223 2812 2284 lux
2863 2222 3023 2284 venit
3060 2221 3120 2283 in
3154 2221 3464 2296 mundum,
3490 2228 3546 2281 et
3577 2218 3673 2280 di-

2036 2307 2309 2370 lexerunt
2332 2308 2604 2373 homines
2637 2312 2826 2391 magis
2855 2311 3132 2373 tenebras
3160 2328 3335 2391 quam
3368 2306 3675 2372 lucem.E-

2036 2405 2166 2458 rant
2189 2399 2348 2459 enim
2370 2418 2574 2462 eorum
2601 2419 2781 2482 opera
2800 2398 3195 2463 mala.0mnis
3214 2399 3375 2461 enim
3402 2397 3504 2479 qui
3528 2398 3681 2459 mala

2036 2486 2307 2566 agit,odit
2336 2488 2673 2569 lucem,nec
2701 2490 2859 2551 venit
2888 2488 2963 2552 ad
2997 2490 3213 2570 lucem,
3250 2507 3325 2550 ne
3358 2496 3683 2568 arguantur

2037 2593 2218 2655 opera
2248 2577 2454 2657 ipsius.
2481 2578 2591 2653 Qui
2620 2590 2817 2642 autem
2846 2588 3127 2660 operatur
3155 2578 3489 2650 veritatem,
3524 2576 3684 2638 venit

2037 2664 2108 2725 ad
2143 2665 2767 2750 lucem,utconspicua
2800 2671 2940 2731 [iant
2970 2670 3121 2731 facta
3150 2668 3360 2747 ipsius,
3393 2665 3549 2747 quod
3576 2682 3683 2746 per

2037 2752 2225 2816 Deum
2258 2758 2377 2818 sint
2407 2757 2620 2822 facta.»
2657 2757 2809 2831 Quid
2842 2766 2957 2838 εει,
3000 2756 3139 2829 ιΟιιὶ
3163 2754 3355 2817 credit
3378 2753 3438 2814 in
3462 2752 3676 2815 Filium

2032 2841 2173 2903 545
2194 2862 2309 2906 non
2337 2846 2665 2925 iudicatur?
2708 2873 2725 2901 ο
2756 2845 3032 2926 Nunquid
3057 2845 3105 2905 si
3137 2841 3503 2905 immundam
3534 2859 3677 2918 ege-

2033 2931 2110 2992 rit
2140 2932 2335 3012 vitam,
2373 2953 2489 2995 non
2530 2935 2863 3014 judicatur?
2912 2937 3165 2998 Maxime
3221 2930 3488 3013 quidem.
3550 2928 3681 2992 Non

2035 3021 2194 3082 enim
2227 3040 2364 3084 vere
2395 3022 2603 3085 ﬁdeles
2634 3033 2772 3086 sunt
2807 3023 3127 3104 ejusmodi,
3152 3030 3213 3082 ut
3245 3022 3462 3084 Paulus
3486 3019 3629 3081 dicit
3663 3041 3676 3079 :

2043 3134 2070 3164 α
2096 3111 2280 3171 Deum
2314 3110 2496 3182 enim,
2531 3112 2739 3193 inquit,
2769 3113 3023 3175 fatentur
3072 3130 3137 3175 se
3181 3112 3357 3186 scire,
3400 3107 3681 3189 operibus

2035 3206 2229 3259 autem
2250 3201 2811 3279 negantBl.»Verum
2845 3210 3041 3265 tamen
3060 3202 3171 3263 hoc
3191 3201 3319 3263 loco
3347 3198 3679 3277 dicit,quod

2041 3295 2283 3368 propter
2308 3289 2499 3370 ipsum
2523 3292 2773 3354 credere
2805 3311 2920 3355 non
2947 3288 3449 3373 judicaturzdabit
3482 3296 3679 3350 autem

311 3398 420 3454 σαι,
480 3372 539 3431 οὗ
594 3375 844 3452 κρίνεται·
903 3380 1009 3429 τῶν
1041 3380 1220 3449 μέντοι
1264 3379 1509 3453 πονηρῶν
1568 3374 1733 3453 ἔργων
1777 3375 1953 3456 χαλε-

2043 3394 2245 3456 paznas
2268 3368 2471 3457 graves
2502 3382 2791 3443 malorum
2816 3368 3060 3462 operum
3100 3400 3111 3438 :
3139 3387 3378 3461 propter
3407 3376 3682 3439 incredu-

309 3464 547 3543 πωτέρας
633 3463 845 3529 ενῖιθύντς
910 3460 1090 3519 δώσει’
1152 3463 1395 3543 ἀπιστίας
1442 3461 1496 3520 δέ
1560 3462 1739 3521 ἕνεκεν
1768 3469 1829 3525 οὒ
1856 3488 1956 3521 κο-

309 3549 544 3622 λάζεται·
618 3544 754 3616 ἅπαξ
806 3551 905 3629 γὰρ
948 3550 1273 3612 ἐπίστευσεν,
1315 3574 1339 3604 ι
1379 3542 1436 3609 ’0
1462 3550 1625 3626 δὲμὴ
1674 3554 1955 3626 πιστεύων,

309 3638 413 3708 ἢδη
470 3639 727 3717 κέκριται.
795 3663 823 3695 ι
881 3643 1000 3704 Πῶς
1034 3660 1049 3718 ς
1114 3646 1326 3716 Πρῶτον
1352 3640 1474 3715 μὲν,
1508 3640 1587 3698 ὅτι
1621 3642 1705 3698 καἱ
1761 3643 1894 3710 αὕτη
1924 3644 1957 3710 ἡ

312 3730 526 3787 ἀπιστία
586 3730 889 3806 κατάκρισίς
945 3728 1081 3791 ἔστι.
1144 3730 1215 3787 Τὸ
1273 3731 1373 3808 γὰρ
1444 3729 1596 3795 ἐκτὸς
1671 3732 1813 3789 εἶναι
1868 3740 1960 3791 τοῦ

311 3819 507 3898 φωτὸς,
570 3818 694 3874 αὐτὸ
764 3819 925 3893 μόνον
996 3819 1220 3897 τιμωρία
1253 3819 1505 3897 μεγίστη.
1543 3818 1786 3878 ’Ἔπειτα
1814 3823 1959 3898 εἰμὴ

311 3909 397 3963 καὶ
436 3909 669 3964 ὶντεῦθεν
724 3904 827 3974 ἤδη
884 3912 952 3984 τῇ
1000 3906 1187 3985 γεέννῃ
1246 3904 1468 3979 δίδοται,
1543 3907 1663 3965 ἀλλ’
1735 3913 1821 3967 οὖν
1866 3912 1959 3974 τὰς

314 3998 553 4077 ἀφορμὰς
605 4002 704 4063 τῆς
776 3996 1075 4073 μελλούσης
1131 3996 1382 4076 τιμωρίας
1459 3997 1690 4056 ἐντεῦθεν
1746 4000 1953 4067 ωνῆξε·

314 4085 547 4162 καθάπερ
605 4086 693 4142 καὶ
762 4087 790 4141 6
856 4086 1067 4165 φονεὺς,
1128 4084 1222 4141 κᾶν
1292 4087 1369 4160 μη
1412 4091 1481 4162 τῇ
1511 4088 1678 4168 ψήφῳ
1721 4092 1815 4146 τοῦ
1842 4092 1957 4168 κρί-

314 4194 492 4237 νοντος
561 4173 942 4253 καταδικασθῇ,
999 4179 1067 4240 τῆ
1134 4184 1227 4233 τοῦ
1310 4174 1615 4253 πράγματος
1684 4176 1959 4234 καταδεδί-

314 4284 501 4318 κασται
552 4264 721 4341 φύσει·
783 4265 870 4319 καὶ
937 4266 964 4319 6
1018 4254 1207 4337 ’Ἀδὰμ
1249 4260 1325 4333 δέ,
1359 4265 1394 4338 ᾗ
1426 4266 1594 4343 ἥμερα
1626 4265 1819 4345 ἔφαγεν
1858 4267 1961 4323 ἀπὸ

312 4357 405 4409 τοῦ
462 4350 633 4423 ξύλου,
689 4351 935 4425 ἀπέθανε,
1000 4352 1167 4407 καίτοι
1241 4350 1361 4422 ἔζη,
1412 4351 1547 4407 ἀλλὰ
1576 4361 1644 4429 τῇ
1696 4357 1958 4436 ἀποεράσει

313 4442 400 4499 καὶ
454 4446 522 4518 τῇ
579 4448 671 4498 τοῦ
722 4444 1036 4520 πράγματος
1107 4443 1255 4521 φύσει
1296 4444 1562 4508 τεθνηκὼς
1592 4443 1681 4511 ἦν.
1720 4451 1828 4509 Πᾶς
1872 4445 1961 4501 οὖν

316 4530 560 4603 ἄπιστος,
620 4531 931 4608 κατάκριτός
997 4530 1135 4586 ἐστιν
1189 4530 1421 4587 ἐντεῦθεν
1490 4530 1614 4599 ἢδη,
1645 4535 1717 4597 ὡς
1748 4540 1815 4611 τῇ
1860 4558 1961 4593 xo-

2041 3465 2263 3529 litatem
2293 3480 2487 3532 autem
2522 3489 2694 3548 quam
2730 3490 2848 3533 non
2873 3471 3199 3545 habet,non
3229 3469 3543 3550 punietur:
3581 3484 3681 3526 se-

2043 3555 2159 3617 mel
2187 3556 2345 3618 enim
2371 3558 2641 3623 credidit.
2682 3588 2704 3616 ι
2731 3560 2801 3621 At
2832 3560 2932 3640 qui
2964 3580 3079 3620 non
3104 3557 3377 3633 credidit,
3426 3557 3551 3637 jam
3577 3557 3682 3636 ju-

2042 3644 2272 3707 dicatus
2296 3647 2797 3720 est.uQuomod0?
2830 3648 3092 3711 Primum
3126 3647 3367 3726 quidem
3400 3644 3679 3726 quoniam

2045 3742 2102 3794 et
2131 3733 2258 3815 ipsa
2288 3735 2675 3800 incredulitas
2722 3735 3136 3799 condemnatio
3176 3744 3266 3797 est
3298 3754 3312 3798 :
3339 3753 3471 3796 esse
3524 3734 3683 3796 enim

2048 3822 2206 3877 extra
2235 3816 2452 3883 lucem.
2512 3836 2618 3898 per
2672 3838 2734 3879 se
2792 3818 3109 3879 maximum
3169 3815 3527 3896 supplicium
3556 3821 3679 3887 est;

2044 3902 2259 3967 deinde
2279 3906 2549 3987 quamvis
2582 3927 2700 3968 non
2720 3907 2816 3968 hic
2848 3908 3139 3985 gehennae
3173 3905 3423 3966 traditus
3450 3903 3547 3984 sit,
3580 3902 3683 3963 sed

2042 3996 2421 4074 congregavit
2451 3997 2546 4059 hic
2570 3996 2749 4058 futuri
2780 3994 3059 4077 supplicii
3080 3990 3609 4067 occasiones,sicut
3630 3999 3690 4051 et

2046 4084 2606 4158 homicida,tametsi
2629 4104 2761 4147 non
2779 4084 3071 4146 sententia
3085 4083 3308 4163 judicis
3326 4081 3685 4143 condemne-

2048 4181 2161 4247 tur,
2196 4180 2404 4235 natura
2433 4182 2629 4236 tamen
2660 4175 2745 4236 rei
2794 4174 3226 4237 condemnatus
3250 4180 3358 4234 est.
3402 4170 3470 4233 Et
3500 4170 3687 4231 Adam

2048 4262 2145 4325 die
2161 4282 2277 4343 quo
2310 4264 2571 4326 comedit
2601 4264 2675 4327 de
2696 4264 3157 4345 ligno,mortuus
3187 4258 3689 4342 est89etquamvis

2052 4351 2288 4428 viveret,
2322 4354 2616 4415 sententia
2635 4364 2831 4415 tamen
2850 4366 2907 4417 et
2936 4362 3146 4414 natura
3164 4350 3252 4414 rei
3275 4348 3685 4412 mortuusfuit.

2043 4440 2253 4502 Omnis
2285 4442 2466 4521 igitur
2494 4442 2844 4506 incredulus
2872 4443 2967 4505 hic
2976 4443 3099 4523 jam
3122 4440 3554 4503 condemnatus
3574 4444 3686 4510 est,

2046 4538 2107 4591 ut
2136 4530 2236 4612 qui
2282 4532 2527 4596 omnino
2558 4532 2847 4614 supplicio
2882 4530 3206 4594 tradendus
3235 4538 3348 4601 est,
3384 4537 3441 4590 et
3470 4548 3588 4590 non
3626 4528 3687 4589 in

316 4617 463 4675 λάσει
538 4618 753 4681 πάντως
810 4617 1335 4698 παραδοθησόμενος,
1397 4620 1482 4675 καὶ
1540 4619 1655 4679 οὐδὲ
1682 4624 1754 4685 εὶς
1785 4626 1955 4701 κρίσιν

2041 4619 2795 4720 judicium.pcoduc‘endug
2808 4623 2976 4720 juxta
3005 4618 3349 4720 illud,_«N‘on
3380 4625 3692 4698 resurgent

316 4707 711 4788 ἀχθησόμενος,
747 4709 882 4763 κατὰ
931 4708 1017 4778 1:6,
1070 4732 1093 4760 α
1163 4711 1269 4765 Οὔκ
1325 4707 1713 4779 ἀναστήσονται
1745 4711 1959 4778 ἀσεϐεῖς

316 4796 370 4851 ὲν
420 4798 626 4876 κρίσειῇ
667 4817 696 4855 ι
753 4796 869 4876 066?:
901 4875 910 4876 ί
941 4798 1039 4873 γὰρ
1100 4795 1262 4876 λόγου
1328 4795 1589 4861 ἀξιοῦνται
1636 4801 1681 4856 οἰ
1719 4801 1957 4874 ἀσεϐεῖς,

313 4874 491 4953 ὥσπερ
546 4874 662 4936 οὐδὲ
721 4878 748 4932 ό
798 4875 1065 4937 διάϐολος.
1122 4874 1211 4932 Ἰ-ἰν
1243 4876 1415 4932 καίσει
1447 4879 1544 4951 μὲν
1577 4880 1664 4935 οὖν
1692 4881 1788 4937 οὒκ
1826 4883 1960 4938 ἀνα-

318 4968 629 5043 στήσονται,
730 4967 781 5021 ἐν
841 4966 1149 5043 κατακρίσει
1193 4963 1263 5020 δέ.
1300 4964 1451 5021 Οὕτω
1480 4969 1564 5022 καὶ
1594 4967 1647 5022 ἐν
1679 4977 1755 5044 τῷ
1789 4973 1962 5048 Εὔαγ-

318 5052 479 5133 γελίῳ
531 5057 689 5134 φησὶν
748 5056 775 5111 ὀ
840 5057 1048 5133 Κύριος,
1083 5053 1162 5110 ὅτι
1196 5057 1223 5109 6
1275 5052 1457 5134 ἅρχων
1488 5064 1578 5113 ⁴ιοῦ
1608 5058 1811 5133 κόσμου
1841 5062 1967 5117 τού-

318 5164 433 5216 του,
518 5141 625 5211 ἢδη
672 5144 933 5223 κέκριται,
996 5146 1054 5200 o6
1116 5144 1278 5217 μόνον
1353 5144 1425 5205 ὡς
1459 5146 1611 5207 αὐτός
1646 5147 1965 5222 ἀπιστασας,

320 5231 457 5288 ἀλλὰ
505 5234 592 5288 καὶ
647 5232 738 5288 τόν
796 5231 995 5290 Ἰούδαν
1058 5229 1322 5308 προδότην
1397 5234 1646 5304 ποιήσας,
1710 5241 1795 5293 καὶ
1850 5253 1967 5303 τοῖς

323 5320 503 5382 ἄλλοις
556 5320 651 5388 τῆς
707 5320 976 5383 ἀπωλείας
1034 5321 1263 5396 γεγονὼς
1336 5320 1605 5397 πρόξενος.
1641 5324 1826 5383 Εἶδὲό
1860 5329 1968 5386 Κύ-

322 5432 432 5488 ριος
500 5409 555 5465 έν
613 5408 947 5489 παραϐολαῖς
1004 5410 1206 5484 εἰσάγει
1274 5410 1394 5472 τοὺς
1479 5410 1969 5490 κολασθησομένους

322 5498 483 5577 λόγου
532 5499 893 5576 ἀξιουμένους,
953 5500 1030 5574 μὴ
1116 5499 1415 5574 θιυμὰσῃς·
1476 5503 1685 5579 πρῶτον
1737 5504 1832 5579 μὲν
1891 5507 1970 5562 ὅτι

2044 4708 2214 4788 impii
2238 4708 2296 4769 in
2326 4709 2546 4788 judicio
2567 4713 2691 4775 83.»
2732 4711 2962 4791 lndigni
2995 4711 3152 4772 enim
3185 4708 3480 4771 habentur
3511 4717 3572 4768 ut
3602 4724 3692 4768 ra-

2047 4794 2269 4858 tionem
2306 4798 2447 4860 dent
2478 4800 2667 4882 impii,
2702 4801 2852 4862 sicut
2881 4810 2939 4861 et
2968 4798 3267 4862 diabolus.
3304 4800 3365 4860 ln
3392 4796 3689 4877 judicium

2046 4884 2226 4963 igitur
2256 4905 2373 4949 non
2397 4898 2730 4968 resurgent,
2765 4890 2867 4951 sed
2897 4889 2956 4950 in
2989 4886 3577 4949 condemnationem.
3611 4883 3692 4949 Ita

2048 4981 2106 5035 et
2136 4974 2195 5036 in
2225 4974 2537 5057 Evangelia
2564 4979 2707 5042 dicit
2740 4975 3205 5060 Dominus,quod
3223 4976 3498 5057 princeps
3519 4974 3696 5055 hujus

2056 5063 2422 5145 mundi,jam
2447 5068 2749 5148 judicatus
2779 5076 2869 5129 est
2898 5068 2981 5142 ει,
3016 5085 3133 5128 non
3164 5066 3355 5127 solum
3379 5062 3536 5146 quod
3570 5064 3697 5144 ipse

2054 5170 2173 5244 non
2183 5156 2537 5250 crediderit,
2571 5157 2694 5250 sed.
2707 5156 2863 5250 quod
2896 5164 2954 5250 et
2978 5155 3186 5250 ludam
3217 5153 3578 5250 proditorem
3614 5153 3700 5244 fe-

2053 5233 2223 5313 cerit,
2262 5243 2321 5295 et
2350 5237 2479 5298 aliis
2524 5233 2878 5318 perditionis
2928 5236 3100 5297 fuerit
3152 5233 3379 5297 auctor.
3419 5233 3697 5306 Quamvis

2052 5330 2247 5382 autem
2283 5327 2570 5389 Dominus
2626 5326 2686 5387 in
2733 5325 3031 5407 parabolis
3069 5324 3322 5385 adducat
3369 5322 3698 5403 puniendos

2053 5412 2223 5491 quasi
2246 5431 2347 5475 eos
2375 5434 2408 5475 a
2438 5416 2653 5497 quibus
2684 5423 2952 5477 sumatur
2977 5413 3154 5487 ratio,
3190 5432 3264 5474 ne
3299 5412 3534 5473 mireris
3564 5410 3698 5472 Pri-

2057 5520 2215 5563 mum
2250 5504 2491 5585 quidem
2522 5524 2593 5568 eo
2624 5503 2885 5587 ipso,qui
2936 5500 3232 5585 parabolae
3278 5508 3416 5563 sunt
3458 5518 3528 5562 ea
3571 5520 3701 5582 qua;

399 5658 465 5708 80
491 5660 667 5719 Rom.
700 5642 975 5731 utfit???
1007 5656 1215 5720 Sl‘Tit.
1239 5674 1283 5727 ι,
1322 5655 1420 5720 16.
1511 5656 1571 5708 8³
1598 5658 1749 5726 Gen.
1786 5682 1871 5739 ιιι,
1899 5666 1955 5727 ιτ

2084 5665 2147 5717 83
2171 5664 2324 5728 Psal.
2358 5683 2401 5739 ι,
2435 5668 2495 5731 5.
2580 5665 2645 5715 84
2673 5667 2843 5729 Joan.
2877 5679 2999 5743 xvi,
3035 5664 3131 5727 tt.
