4070 6224
458 268 611 334 1219

1391 274 1986 337 THEOPHYLACTI
2029 271 2124 333 BU
2139 270 2448 333 [ιΘΑΡιΙιΕ
2496 269 2855 338 ARCHIEP.

3699 276 3875 341 1220

449 424 592 485 pere
622 406 899 487 quiddam
928 407 1041 467 nisi
1072 406 1247 469 fuerit
1273 407 1329 468 ei
1358 405 1556 468 datum
1591 426 1624 469 e
1647 407 1817 469 caelo.
1859 432 1885 462 »
1914 408 2083 470 Facta

2169 406 2371 481 ορωπος
2443 403 2731 482 λαμϐάνειν
2793 407 2966 489 οὖδὲν,
3028 412 3118 467 ἐὰν
3185 413 3262 488 μὴ
3294 414 3330 480 ἦ
3376 410 3679 469 δεδομένον
3718 410 3878 486 αὖτῷ

447 495 788 575 estquaestio
811 495 885 557 de
908 495 1261 575 baptismate
1291 495 1575 558 adversus
1591 496 1864 559 Judaeum
1888 515 2063 578 quem

446 583 578 644 dam
610 584 2093 665 contendentibusdiscipulisJoannis.NamJudaeus

444 671 685 750 quidem
707 670 1057 753 prmierebat
1075 672 1255 753 bapti~
1274 694 1367 735 ma
1389 673 1817 755 discipulorum
1846 674 2087 738 Christi:

444 761 720 842 discipuli
739 770 935 822 autem
957 763 1208 825 Joannis
1224 762 1514 842 baptisma
1527 764 1620 825 sui
1650 764 2087 842 magistri.t‘.um

446 868 583 930 ergo
614 850 689 912 de
712 850 1144 931 puriﬁcatione,
1182 854 1294 913 hoc
1322 862 1413 914 est
1446 851 1755 933 baptismo,
1778 854 2088 933 quaesitum

445 947 623 1015 esset,
646 939 939 1002 accedunt
967 940 1040 1001 ad
1077 941 1420 1019 magistrum
1459 960 1661 1016 suum,
1697 954 1753 1003 et
1800 942 2090 1022 incipiunt

445 1028 641 1091 obiter
668 1029 946 1091 vellicare
972 1047 1135 1105 eum,
1170 1028 1437 1091 dicentes
1473 1051 1486 1093 :
1529 1056 1547 1085 ι
1584 1029 1796 1106 Rabbi,
1829 1030 1934 1111 qui
1965 1039 2090 1092 erat

445 1117 809 1199 tecumpqui
833 1118 890 1177 in
920 1118 1130 1179 ordine
1155 1126 1282 1179 erat
1312 1118 1832 1199 discipulorum,ut
1851 1139 1884 1181 a
1905 1128 1959 1181 te
1972 1120 2089 1181 dis-

438 1205 1002 1286 cessit,«baptizat:»
1029 1242 1069 1251 —
1102 1206 1239 1271 «Cui
1271 1215 1329 1268 tu
1358 1208 1760 1270 testimonium
1788 1208 2028 1273 dedisti.
2060 1236 2080 1267 η

434 1292 554 1354 Hoc
582 1303 690 1367 est,
724 1312 900 1373 quem
936 1294 1264 1374 baptizasti,
1302 1316 1477 1377 quem
1521 1305 1577 1357 tu
1608 1298 1832 1359 clarum
1864 1297 2078 1374 fecisti,

436 1382 647 1444 eadem
683 1402 840 1444 nunc
873 1384 1053 1445 audet
1084 1404 1213 1465 qua:
1256 1395 1337 1446 tu.
1398 1384 1511 1448 Sed
1570 1395 1625 1447 et
1683 1386 1881 1449 aliud:
1929 1389 1999 1448 ad
2034 1394 2088 1448 te

435 1471 581 1532 nulli
618 1489 772 1534 nunc
802 1472 1149 1547 veniunt,ad
1188 1474 1349 1535 illum
1387 1493 1524 1536 vero
1561 1494 1793 1538 omnes:
1828 1474 2079 1549 Omnes,

436 1562 627 1642 inquit
673 1561 915 1623 veniunt
965 1564 1040 1624 ad
1101 1582 1260 1643 eum,
1319 1573 1660 1646 contempto
1694 1574 1768 1627 te.
1824 1563 2088 1628 Joannes

2175 495 2236 550 Ex
2290 503 2383 554 τοῦ
2454 494 2692 574 οὖρανοῦ.
2773 522 2801 555 ε
2836 497 3085 580 Ἐγένετο
3115 502 3341 573 ζήτησις
3371 503 3491 579 περὶ
3524 511 3623 560 τοῦ
3642 500 3877 577 βαπτίο

2175 605 2376 657 σματος
2461 588 2591 666 πρὸς
2651 584 2912 646 ’ἰοδδαῐόν
2973 612 3092 648 τινα
3209 589 3670 671 φιλονεικούντων
3762 593 3880 646 τῶν

2180 671 2421 731 Ἰωάννου
2478 679 2753 751 μαθητῶν.
2818 669 2878 737 Ὀ
2938 679 3036 755 μὲν
3084 681 3186 759 γὰρ
3213 669 3495 755 Ἰουδαῖος,
3523 682 3593 737 τὸ
3636 680 3877 756 ﬂia-tt-

2176 782 2285 836 σμα
2342 768 2449 818 τῶν
2519 770 2744 844 Χριστοῦ
2804 771 3058 843 μαθητῶν
3113 771 3394 848 προετίθειο
3444 773 3490 827 οἱ
3515 768 3575 825 δὲ
3611 768 3885 845 μαθητιῖ

2176 847 2441 933 Ἰωάννου,
2504 856 2563 911 τὸ
2645 862 2738 912 τοῦ
2817 847 3162 921 διδασκάλους
3214 860 3558 927 Ζητὴσαντες
3610 856 3673 914 δὲ
3750 860 3885 935 περὶ

2171 946 2265 996 τοῦ
2319 944 2669 1024 καθαρισμοῦ,
2731 944 2853 1013 ἢτοι
2924 953 3015 1003 τοῦ
3046 947 3441 1027 βαπτίσματος,
3480 947 3759 1027 προσίασι
3798 956 3883 1020 τεν

2172 1028 2344 1084 αὐτῶν
2400 1028 2721 1116 διδασκάλῳ.
2776 1035 2863 1091 καὶ
2920 1034 3177 1116 ἄρχονται
3255 1037 3600 1116 παρακνίζειν
3660 1035 3879 1107 αὖτὸν,

2174 1114 2443 1195 λέγοντες·
2523 1143 2551 1175 α
2630 1112 2829 1197 Ῥαϐὅὶ,
2865 1122 2924 1187 ὅς
3056 1126 3190 1200 μετὰ
3218 1112 3345 1200 σοῦ,
3372 1149 3403 1207 ξ
3440 1128 3497 1189 ὃς
3527 1123 3688 1191 τάξιν
3729 1128 3883 1207 εἶχε

2173 1209 2435 1288 μαθητοῦ,
2461 1207 2763 1290 ἀποσχίσας
2788 1212 3103 1296 (βαπτίζει,
3139 1233 3168 1272 ι
3200 1246 3282 1257 --
3316 1234 3341 1270 ε
3372 1201 3437 1296 ἐξ
3469 1216 3531 1270 σὺ
3563 1201 3883 1291 μεμαρτύο

2170 1316 2360 1374 ρηκας,
2441 1321 2469 1353 υ
2512 1297 2627 1354 ἀντὶ
2655 1309 2768 1372 τοῦ,
2818 1291 2831 1308 ’
2854 1310 2925 1360 Ov
2969 1303 3030 1358 σὺ
3061 1300 3376 1377 ἐϐάπτισας,
3407 1291 3466 1359 δν
3494 1305 3560 1360 σὺ
3592 1302 3883 1382 λαμπρὸν

2170 1383 2449 1467 ἐποίησας,
2482 1389 2699 1447 τοιαῦτα
2744 1387 2833 1471 (α)
2881 1413 2963 1448 σοι
2995 1390 3192 1469 τολμᾷ·
3228 1390 3365 1449 ἀλλὰ
3415 1394 3503 1448 καὶ
3532 1390 3767 1470 ἕτερον⁹
3808 1395 3880 1449 τὸ

2169 1475 2251 1531 σοὶ
2310 1476 2407 1550 μὲν
2438 1476 2515 1551 μὴ
2543 1477 2835 1558 προσέχειν
2865 1480 3036 1553 τινας,
3090 1481 3232 1555 αύτῷ
3271 1479 3323 1536 δὲ
3355 1484 3577 1547 πάντας.
3629 1482 3876 1543 Πάντες

2170 1563 2293 1641 γὰρ,
2353 1566 2534 1643 φησὶν,
2596 1564 2845 1646 ἔρχονται
2899 1570 3031 1646 πρὸς
3092 1571 3271 1644 αὑτὸν,
3326 1570 3873 1650 καταφρονῆσαντές

435 1661 628 1711 autem
650 1651 848 1712 volens
860 1669 960 1712 eos
986 1659 1299 1727 terrere,et
1320 1656 1639 1716 ostendere
1655 1654 1811 1735 quod
1832 1664 2083 1733 pugnent

2172 1674 2287 1710 σου.
2348 1650 2601 1722 Ἰωάννης
2645 1652 2699 1710 δὲ
2728 1654 2897 1712 θέλων
2928 1658 3114 1721 αὐτοὺς
3144 1655 3463 1738 ἐκφοϐῆσαι,
3508 1660 3599 1715 καὶ
3632 1656 3868 1733 δεῖξαι,

435 1747 642 1803 contra
660 1740 1258 1820 Deum,prohibentes
1277 1743 1658 1810 Christum.et
1675 1744 2083 1806 nbstrahentes

2172 1738 2251 1797 ὅτι
2297 1746 2375 1815 τῷ
2433 1748 2549 1816 Θεῷ
2602 1741 2917 1820 πολεμοῦσι,
2980 1737 3276 1811 κωλύοντες
3324 1749 3415 1803 τὸν
3458 1749 3722 1827 Χριστὸν,
3768 1748 3870 1803 καὶ

431 1846 465 1888 a
487 1828 914 1907 gloriticatione
938 1831 1252 1911 ejus,dicit
1282 1853 1295 1894 :
1329 1854 1356 1890 ι
1377 1830 1502 1893 Non
1540 1840 1731 1913 potest
1770 1834 1949 1895 homo
1971 1851 2005 1893 a
2023 1852 2088 1896 se

435 1918 756 2000 quidquam
788 1922 1083 2001 accipere,
1103 1920 1401 1984 oetc.Nam
1438 1922 1549 1984 nisi
1575 1923 2085 2004 superne,inquit,

432 2008 629 2068 datum
664 2018 842 2089 esset,
878 2009 1220 2090 neutiquam
1254 2011 1542 2073 crevisset
1580 2012 1651 2087 is,
1691 2012 1785 2073 cui
1815 2012 1957 2071 548
1989 2010 2085 2072 in-

434 2096 669 2177 videtis;
707 2106 765 2159 et
795 2097 875 2158 ita
907 2100 966 2160 in
990 2099 1221 2160 duobus
1241 2102 1497 2181 peccatis
1528 2123 1540 2163 :
1569 2120 1703 2162 nam
1729 2100 2091 2165 etcontrarii

448 2184 590 2247 estis
615 2185 816 2248 divino
844 2187 1115 2261 consilio,
1150 2197 1206 2249 et
1236 2192 1537 2251 attentatis
1566 2189 1958 2271 impossibile.
1990 2192 2087 2249 ln-

453 2276 625 2337 terim
650 2283 846 2335 autem
871 2284 928 2337 et
954 2278 1289 2339 consolatur
1310 2298 1413 2340 eos
1437 2278 1770 2359 placide,eo
1793 2279 1946 2361 quod
1973 2298 2088 2340 non

448 2362 521 2424 sit
553 2363 729 2424 homo
763 2364 859 2444 qui
892 2364 1081 2426 vincat
1104 2364 1285 2445 ipsos,
1319 2368 1423 2429 sed
1465 2369 1643 2430 Deus.
1681 2367 1833 2441 Quin
1865 2376 1926 2432 et
1959 2388 2087 2445 nos,

448 2451 658 2531 inquit,
684 2470 944 2530 superne
966 2453 1278 2516 habuimus
1321 2458 1475 2537 quod
1535 2457 1871 2531 habuimus,
1907 2477 2023 2519 non
2055 2476 2089 2520 a

454 2541 646 2605 nobis.
680 2540 843 2613 Quod
878 2542 926 2604 si
959 2544 1339 2624 praeclariora
1368 2553 1506 2607 sunt
1554 2565 1682 2626 qua».
1728 2547 1847 2625 agit
1879 2544 2084 2609 Chris-

450 2642 562 2705 tus,
598 2651 718 2695 non
749 2642 981 2713 oportet
1011 2635 1317 2699 admirari.
1347 2637 1505 2699 Deus
1538 2636 1694 2698 enim
1728 2638 1865 2699 vult.

526 2722 1098 2804 \’Ens.°28-30.o1psi
1123 2743 1223 2785 vos
1258 2733 1441 2786 testes
1472 2724 1613 2787 estis
1631 2725 1786 2806 quod
1810 2724 2085 2806 dixerim,

444 2812 573 2874 Non
597 2830 728 2873 sum
754 2828 865 2893 ego
897 2812 1294 2875 Christuszsed
1333 2813 1546 2875 missus
1575 2832 1704 2875 sum
1738 2823 1875 2876 ante
1897 2814 2084 2875 illum.

443 2898 555 2973 Qui
586 2900 763 2963 habet
791 2920 1096 2982 sponsam,
1145 2921 1398 2983 sponsus
1430 2912 1521 2965 est
1566 2922 1578 2966 :
1632 2903 1860 2965 amicus
1889 2911 2087 2966 autem

446 2989 668 3069 sponsi,
705 2989 807 3070 qui
832 2999 940 3052 srat
972 2999 1030 3052 et
1061 2992 1223 3052 audit
1254 3010 1413 3065 eum,
1447 2993 1657 3068 gaudio
1702 2994 1915 3071 gaudet
1946 3009 2087 3073 pro-

2168 1836 2260 1886 τοῦ
2290 1828 2587 1902 δοξάζεσθαι
2619 1833 2774 1889 αὐτὸν
2817 1833 3182 1915 ἀπείργοντες,
3214 1836 3393 1915 φησίν·
3433 1859 3459 1890 ε
3512 1839 3587 1894 Οὐ
3616 1833 3867 1892 δύναται

2172 1917 2443 1997 ἅνθρωπος
2496 1917 2684 1977 λαϐεῖν
2742 1920 2826 2001 ἐφ’
2888 1923 3075 1980 ἑαυτοῦ
3131 1921 3301 2004 ὠδὶν,
3367 1948 3396 1979 ε
3427 1924 3514 1980 καὶ
3557 1925 3626 1979 τὰ
3675 1923 3859 1992 ἑξῆς.

2171 2010 2230 2065 Εἰ
2300 2010 2400 2088 γὰρ
2464 2010 2542 2084 μὴ
2596 2009 2812 2085 ἄνωθεν,
2871 2014 3022 2092 φησὶ,
3085 2009 3363 2089 δεδομένον
3444 2012 3534 2089 ἧν,
3618 2014 3725 2069 οὐκ
3794 2012 3867 2067 ἄν

2174 2096 2395 2165 ηὔξανεν
2450 2101 2477 2155 ὁ
2532 2098 2655 2178 παρ’
2684 2101 2831 2175 ὑμῶν
2873 2102 3251 2180 φθονούμενος.
3302 2093 3482 2158 ’Ὥστε
3527 2098 3619 2159 δύο
3646 2102 3860 2181 ἆμαρ-

2173 2186 2357 2244 τάνετε
2415 2186 2469 2242 έν
2489 2193 2685 2262 ταυτῷ⁶
2721 2187 2775 2245 ’ἐν
2807 2190 2929 2265 μὲν,
2962 2191 3024 2246 τὸ
3067 2188 3423 2249 ἐναντιοῦσθαι
3453 2196 3522 2266 τῇ
3572 2197 3669 2247 τοῦ
3702 2190 3864 2248 Θεοῦ

2172 2276 2362 2353 βουλῇ·
2412 2275 2585 2356 ἕτερον
2616 2275 2694 2354 δὲ,
2728 2278 2789 2333 τὸ
2818 2277 3070 2336 ἀδύνατον
3099 2278 3421 2360 ἐπιχειρεῖν
3458 2268 3621 2355 ’Ἅμα
3651 2275 3712 2333 δὲ
3752 2282 3861 2336 καὶ

2172 2364 2344 2445 ἠρέμα
2395 2370 2783 2445 παραμυθεῖται
2810 2367 3022 2446 αὖτοὺς,
3056 2366 3135 2425 ὅτι
3186 2370 3293 2426 Οὐκ
3349 2364 3623 2444 ἄνθρωπός
3680 2367 3855 2426 ἐστιν

2173 2457 2200 2511 ὁ
2233 2462 2389 2512 νικῶν
2433 2456 2595 2535 ὑμᾶς,
2623 2454 2759 2512 ἀλλὰ
2789 2457 2942 2522 Θεός.
2968 2455 3135 2516 Ἀλλὰ
3154 2460 3242 2514 καὶ
3270 2459 3457 2533 ἡμεῖς,
3483 2459 3667 2537 φησὶν,
3694 2456 3858 2514 ἄνω-

2170 2546 2256 2600 θεν
2278 2543 2507 2625 εἴχομεν
2537 2544 2565 2600 ὅ
2596 2545 2850 2626 εἴχομεν,
2884 2548 2979 2604 οῦκ
3007 2547 3239 2606 οἴκοθεν.
3278 2548 3331 2605 Ei
3379 2545 3435 2602 δὲ
3482 2546 3853 2624 λαμπρότερα

2171 2634 2236 2689 τὰ
2265 2641 2358 2692 τοῦ
2386 2641 2635 2713 Χριστοῦ,
2668 2636 2728 2693 οῦ
2757 2635 2869 2715 χρὴ
2900 2637 3203 2712 θαυμάζειν.
3239 2637 3369 2699 Θεὸς
3393 2637 3493 2713 γὰρ
3548 2634 3841 2713 βούλεται.

2259 2743 2284 2779 ε
2360 2724 2513 2781 Αὐτοὶ
2583 2724 2738 2799 ὑμεῖς
2799 2737 3111 2805 μαρτυρεῖτε
3168 2724 3310 2800 ἐμοὶ,
3382 2723 3463 2782 ὅτι
3504 2736 3685 2782 ετπον⁶
3722 2729 3849 2785 οὖν.

2172 2812 2277 2888 εἰμὶ
2334 2813 2443 2892 ἐγὼ
2485 2812 2519 2870 δ’
2542 2815 2788 2891 Χριστὸς,
2823 2811 2944 2870 ἀλλ’
3004 2812 3084 2869 ὅτι
3143 2813 3541 2889 ἀπεσταλμένος
3581 2815 3689 2889 εἰμὶ
3721 2813 3844 2890 ἔμοι

2171 2905 2393 2978 προσθεν
2426 2902 2646 2967 ἐκείνου.
2697 2893 2755 2960 Ὀ
2785 2901 2932 2983 ἔχων
2977 2904 3074 2970 τὴν
3118 2903 3354 2982 νύμφην,
3406 2904 3622 2983 νυμφίος
3651 2902 3834 2959 ἐστίν·

2173 2994 2200 3047 ὁ
2248 2990 2304 3048 δὲ
2375 2991 2523 3072 φίλος
2552 2998 2646 3048 τοῦ
2677 2992 2897 3073 νυμφίου
2926 2994 2954 3048 ὁ
2984 2992 3249 3073 έστηκὼς,
3280 2993 3368 3049 καὶ
3398 2992 3607 3048 ἀκούων
3636 2996 3831 3067 αὖτοῦ,

441 3086 572 3160 pter
605 3098 811 3141 vocem
844 3080 1201 3161 sponsi.iloc
1231 3092 1426 3144 autem
1459 3081 1738 3159 gaudium
1762 3100 1959 3144 meum
1984 3082 2083 3142 im-

2174 3086 2318 3161 χαρᾷ
2390 3084 2564 3162 χαίρει
2620 3078 2705 3137 διὰ
2760 3081 2855 3148 τὴν
2912 3080 3092 3160 φωνὴν
3122 3087 3215 3137 τοῦ
3256 3082 3507 3160 νυμφίου.
3551 3081 3693 3149 Αὕτη
3734 3089 3836 3139 οὖν

443 3168 662 3249 pletum
687 3168 975 3231 est.Illum
1002 3178 1230 3250 oportet
1250 3188 1650 3247 crescere,me
1673 3190 1808 3233 vero
1835 3170 2083 3233 minui.»

2173 3173 2206 3238 ἡ
2272 3171 2415 3252 χαρὰ
2485 3172 2519 3238 ἡ
2579 3169 2685 3245 ἐμὴ
2745 3168 3117 3249 πεπλήρωται.
3177 3168 3421 3228 Ἐκεῖνον
3449 3167 3533 3227 δεῖ
3561 3168 3828 3253 αὐξάνειν,

442 3258 582 3340 Ipsi,
609 3258 820 3340 inquit,
853 3277 954 3320 vos
972 3259 1136 3320 scitis
1158 3259 1313 3341 quod
1353 3277 1459 3338 ego
1483 3260 1887 3323 testimonium
1922 3259 2084 3341 dedi,

442 3350 596 3428 quod
650 3348 841 3427 major
888 3367 981 3409 me
1012 3348 1108 3411 sit.
1155 3348 1338 3428 Igitur
1366 3351 1416 3410 si
1464 3353 1708 3411 omnino
1762 3368 1959 3411 meum
2006 3357 2089 3411 at-

442 3437 681 3500 tenditis
715 3436 1354 3513 testimonium,discite
1386 3438 1554 3501 illum
1592 3438 1736 3501 mihi
1759 3439 2076 3519 praeferen-

441 3524 605 3590 dum.
639 3524 709 3588 Et
757 3526 867 3588 hoc
904 3533 995 3588 est
1025 3526 1303 3607 gaudium
1340 3548 1565 3605 meum,
1618 3528 1775 3609 quod
1818 3528 1889 3590 ad
1923 3528 2085 3589 illum

441 3634 650 3678 omnes
680 3614 988 3677 accedant.
1044 3614 1105 3680 Si
1158 3618 1398 3698 quidem
1445 3637 1561 3680 non
1614 3616 1966 3679 accessisset
2014 3617 2085 3679 ad

440 3722 721 3784 sponsum
753 3706 1113 3787 sponsa,hoc
1147 3706 1866 3788 est,populus,doluissem
1888 3706 2089 3788 utique

441 3812 547 3873 ego
591 3794 890 3875 pronubus
917 3816 930 3858 :
962 3814 1121 3857 nunc
1164 3812 1361 3857 autem
1409 3814 1542 3857 cum
1592 3795 1706 3857 hoc
1759 3795 1881 3871 ﬂat,
1917 3796 2088 3858 valde

441 3881 888 3963 gaudeo.Video
919 3884 1075 3945 enim
1108 3902 1390 3965 sponsum
1420 3884 1717 3949 Christum
1738 3884 2083 3966 loquentem

439 3991 693 4053 sponsae,
730 3971 946 4053 populo
978 3973 1228 4055 scilicet,
1261 3984 1321 4036 et
1353 3973 1668 4036 docentem
1703 3974 1923 4052 ipsum.
1954 3974 2087 4036 Non

440 4061 791 4143 simpliciter
815 4070 1013 4124 autem
1045 4061 1210 4144 dixit,
1252 4061 1396 4136 «Qui
1425 4068 1596 4124 stat.»
1634 4061 2085 4126 Ostenditenim

439 4153 619 4214 tinem
651 4169 783 4214 esse
814 4169 1059 4230 operum
1079 4171 1347 4225 suorum,
1376 4164 1432 4214 et
1454 4162 1610 4215 stare
1632 4153 1754 4232 jam
1783 4171 1899 4214 non
1930 4154 2085 4215 ultra

439 4247 875 4320 Operantem,et
905 4239 1060 4320 quod
1088 4258 1152 4302 se
1182 4259 1339 4302 nunc
1362 4247 1859 4323 oportetstare,et
1890 4240 2080 4303 solum

426 4329 644 4405 audire
670 4327 968 4391 Christum
988 4328 1392 4399 docentem,et
1409 4330 1807 4393 disserentem
1822 4348 2077 4412 sponsae.

2170 3258 2266 3335 ἐμὲ
2294 3257 2349 3316 δὲ
2373 3258 2733 3318 ἐλαττοῦσθαι.
2771 3282 2799 3314 ι
2836 3260 3013 3333 Αὐτοὶ,
3074 3260 3255 3340 φησὶν,
3304 3260 3461 3335 ὑμεῖς
3504 3259 3829 3337 γινώσκετε,

2170 3347 2249 3405 ὅτι
2299 3349 2410 3428 ἐγὼ
2480 3347 2863 3428 μεμαρτύρηκα
2918 3348 3084 3423 αὐτῷ,
3130 3346 3212 3403 ὅτι
3249 3352 3444 3425 μείζων
3492 3346 3622 3424 ἐμοῦ
3649 3350 3831 3413 εστιν,

2171 3438 2227 3496 Εἰ
2285 3437 2374 3494 οὗν
2443 3435 2581 3497 ὅλως
2637 3440 2706 3513 τῇ
2759 3436 2868 3512 ὶμῇ
2936 3435 3192 3516 μαρτυρίᾳ
3239 3435 3559 3516 προσέχετε,
3592 3436 3825 3511 μάθετε,

2172 3525 2251 3583 ὅτι
2297 3525 2499 3591 ἐκεῖνος
2554 3524 2685 3600 ἐμοῦ
2752 3522 3132 3605 προτιμητέος,
3164 3525 3252 3583 καὶ
3295 3525 3453 3583 τοῦτό
3481 3524 3624 3580 ἐστιν
3652 3525 3688 3592 ἡ
3717 3523 3835 3600 ἐμὴ

2172 3616 2338 3697 χαρὰ,
2391 3616 2452 3671 τὸ
2510 3614 2692 3688 ἐκείνῳ
2741 3615 2944 3677 πάντας
3010 3613 3424 3694 προσέρχεσθαι.
3460 3614 3516 3671 Ei
3562 3615 3663 3689 μὲν
3719 3616 3830 3693 γὰρ

2171 3707 2249 3781 μὴ
2305 3705 2647 3783 προσήρχετο
2676 3705 2753 3777 τῷ
2795 3705 3003 3784 νυμφίῳ
3032 3703 3234 3783 νύμφη.
3279 3702 3566 3778 τουτέστιν,
3599 3705 3629 3758 ὁ
3662 3701 3824 3780 λαὸς,

2170 3795 2290 3852 τότε
2347 3792 2407 3849 ἄν
2479 3790 2694 3872 ἣλγησα
2750 3789 2868 3872 έχὼ
2933 3795 2961 3847 ὁ
3014 3793 3396 3872 νυμφαγωγός·
3442 3789 3604 3848 νῦνδέ
3636 3792 3830 3847 τούτου

2167 3881 2474 3962 γενομένω,
2576 3887 2719 3962 χαρᾷ
2796 3880 2991 3962 χαίρω.
3053 3880 3244 3937 Βλέπω
3296 3882 3397 3961 γὰρ
3452 3881 3543 3937 τὸν
3600 3882 3830 3961 νυμφίον

2170 3975 2393 4052 Χριστὸν
2451 3978 2721 4052 φωνοῦντα
2750 3976 2818 4049 τῇ
2846 3972 3053 4051 νύμφῃ,
3086 3976 3163 4046 τῷ
3192 3969 3330 4051 λαῷ,
3362 3974 3462 4052 καὶ⁸
3506 3967 3824 4027 διδάσκοντα

2171 4048 2350 4123 αῦτόν.
2416 4048 2532 4140 Οῦχ
2603 4048 2801 4121 ἁπλῶς
2858 4056 2914 4115 δὲ
2966 4048 3112 4116 -εἶπε
3142 4059 3232 4115 καὶ
3258 4048 3345 4133 τδ,
3384 4077 3415 4118 (
3448 4048 3747 4125 Ἐστηκώς.
3789 4082 3819 4114 ι

2173 4150 2407 4210 Δείκνυσι
2466 4152 2567 4229 γὰρ
2622 4147 2703 4205 ὅτι
2764 4148 2832 4204 τὰ
2886 4149 3045 4206 αὒτοῦ
3120 4146 3414 4225 πέπαυται,
3503 4151 3589 4204 καὶ
3660 4146 3824 4222 ἔστη,

2166 4241 2339 4300 ούκέτι
2400 4239 2732 4319 ἐνεργοῦντα,
2789 4238 2878 4294 καὶ
2929 4236 3010 4295 ὅτι
3108 4238 3263 4296 αὐτὸν
3348 4234 3535 4294 λοιπὸν
3604 4236 3828 4293 ἑστάναι

2165 4330 2303 4410 χρὴ,
2348 4328 2434 4385 καὶ
2501 4327 2665 4405 μόνον
2712 4326 2923 4383 ἀκούειν
2998 4334 3091 4383 τοῦ
3176 4333 3402 4405 Χριστοῦ
3455 4323 3822 4407 διδάσκοντος,

435 4421 629 4479 Meum
661 4417 1062 4497 enim,inquit,
1093 4437 1241 4499 opus
1269 4419 1597 4500 perlectum
1630 4427 1738 4495 est,
1777 4428 1833 4480 et
1866 4418 2080 4480 tradidi

2169 4420 2253 4475 καὶ
2297 4415 2670 4495 διαλεγομένου
2732 4415 2863 4493 πρὸς
2922 4415 3021 4483 τὴν
3088 4415 3312 4496 νύμφην,
3376 4416 3447 4473 Τὸ
3504 4415 3603 4493 γὰρ
3660 4413 3822 4491 ἐμὸν,

436 4506 549 4588 ipsi
582 4506 1145 4588 populum.0portet
1167 4507 1348 4589 igitur
1366 4525 1555 4571 meam
1575 4507 1814 4589 quidem
1836 4507 2082 4587 gloriam

433 4594 734 4670 imminui,
762 4595 922 4656 illius
952 4606 1149 4657 autem
1182 4600 1409 4677 augeri.
1437 4597 1619 4677 Igitur
1648 4597 1943 4678 quomodo
1964 4598 2081 4658 im-

437 4686 728 4750 minuitur
755 4682 945 4765 gloria
973 4683 1392 4748 Praecursoris‘!
1426 4687 1531 4748 Vel
1554 4687 1798 4747 omnino
1823 4687 2083 4748 sicutlu-

435 4776 580 4838 cil‘er
607 4794 643 4837 a
672 4773 796 4837 sole
825 4773 1179 4854 occultatur,
1212 4788 1273 4838 et
1307 4775 1539 4839 videtur
1587 4775 1829 4856 quidem
1882 4775 2081 4838 multis

435 4864 591 4947 quod
621 4863 946 4929 extinctum
973 4862 1049 4926 sit
1080 4866 1370 4949 Iumen,at
1392 4882 1603 4928 revera
1622 4883 1737 4925 non
1756 4872 1845 4925 est
1868 4867 2080 4928 exstin-

437 4965 617 5036 ctum,
649 4954 752 5017 sed
784 4973 819 5015 a
853 4954 1061 5035 majori
1120 4955 1471 5031 occultatur,
1504 4956 1585 5016 ita
1636 4962 1697 5014 et
1746 4952 2080 5017 Praecursor

436 5046 591 5109 velut
624 5044 886 5107 lucifera
916 5043 1208 5125 spirituali
1249 5043 1376 5107 sole
1418 5043 1767 5122 occultatus,
1805 5043 2078 5107 imminui

434 5136 670 5198 dicitur.
704 5133 928 5197 Crescit
973 5141 1169 5196 autem
1216 5133 1504 5208 Christus,
1539 5133 1867 5196 secundum
1920 5134 2077 5215 quod

433 5224 711 5307 paulatim
745 5223 1081 5286 manifestat
1106 5242 1171 5286 se
1202 5243 1308 5306 per
1337 5223 1505 5303 signa
1529 5231 1587 5284 et
1619 5222 1923 5299 miracula,
1958 5241 2075 5285 non

432 5313 756 5377 secundum
793 5313 1119 5394 profectum
1152 5314 1211 5375 in
1235 5310 1750 5376 virtutibusmbsitz
1782 5312 1893 5373 hoc
1915 5313 2074 5375 enim

434 5402 692 5467 Nestorii
723 5402 1175 5467 deliramentum
1203 5411 1381 5467 esset:
1396 5402 1499 5465 sed
1520 5402 1850 5465 secundum
1876 5410 2076 5465 osten-

435 5492 663 5556 sionem
685 5498 744 5551 et
773 5492 1308 5557 manifestationem
1338 5489 1888 5556 deitatis.Paulatim
1912 5491 2071 5554 enim

512 5609 926 5695 (0)1nterpres
953 5612 1095 5693 tegit
1124 5615 1191 5672 τὰ
1233 5614 1387 5681 «me.
1415 5613 1580 5680 EDIT.
1614 5614 1792 5679 Pera.

2166 4509 2348 4587 φησὶν,
2416 4505 2568 4585 ἔργον
2624 4504 2868 4579 ἢνυσται,
2916 4505 3003 4561 καὶ
3031 4502 3311 4583 παρέδωκα
3341 4505 3484 4577 αὖτῷ
3510 4503 3602 4559 τὸν
3658 4500 3823 4565 λαόν,

2164 4600 2277 4677 Χρὴ
2334 4597 2505 4653 τοίνυν
2558 4593 2658 4661 τὴν
2716 4593 2853 4669 ἐμὴν
2937 4591 3089 4659 δόξαν
3142 4592 3504 4668 ἐλαττοῦσθαι,
3577 4592 3677 4659 τὴν
3758 4593 3819 4649 δὲ

2162 4686 2359 4744 ἐκείνου
2419 4684 2674 4751 αὐξάνειν.
2739 4688 2857 4745 [Ιῶς
2921 4680 2975 4738 δὲ
3053 4681 3154 4760 ἄρα
3230 4681 3539 4739 ἐλαττοῦται
3598 4680 3634 4749 ἡ
3693 4678 3823 4747 δόξα

2167 4784 2253 4835 τοῦ
2284 4774 2588 4858 Προδρόμο.)
2622 4792 2639 4855 ς
2710 4760 2781 4829 ’Π
2828 4773 3067 4847 πάντως,
3126 4771 3307 4852 ὥσπερ
3335 4774 3364 4829 ὁ
3394 4768 3663 4852 ἑωσφόρος
3708 4772 3817 4829 ὑπὸ

2160 4876 2252 4925 τοῦ
2307 4865 2463 4937 ἡλίοά
2517 4863 2932 4942 ἀποκρύπτεται,
2963 4862 3053 4920 καὶ
3081 4859 3233 4920 δοκεῖ
3261 4861 3358 4938 μὲν
3387 4865 3507 4928 τοῖς
3557 4858 3819 4942 πολλοῖς,

2162 4957 2241 5015 ὅτι
2298 4953 2541 5013 ἔσϐεσται
2597 4954 2659 5009 τὸ
2711 4958 2846 5032 φῶς,
2902 4956 2971 5027 τῇ
3026 4948 3082 5007 δὲ
3138 4949 3359 5024 ἀληθείᾳ
3416 4952 3509 5007 οῦκ
3537 4947 3815 5031 ἔσϐεσται,

2162 5045 2280 5103 ἀλλ’
2340 5046 2442 5102 ὑπὸ
2498 5051 2590 5101 τοῦ
2647 5040 2887 5117 μείζονος
2955 5040 3262 5119 κρύπτεται,
3334 5039 3473 5096 οὕτω
3520 5041 3609 5096 καὶ
3666 5040 3820 5119 Πρό-

2161 5135 2351 5217 δρομος
2409 5137 2436 5190 ὁ
2493 5131 2762 5212 ἑωσφόρος
2806 5131 2908 5188 ὑπὸ
2962 5139 3054 5189 τοῦ
3084 5136 3277 5217 νοητοῦ
3304 5128 3457 5197 ἡλίου
3501 5130 3816 5207 κρυπτόμε-

2161 5215 2270 5301 νος,
2307 5223 2646 5282 ἐλαττοῦσθαι
2690 5218 2924 5299 λέγεταιο
2980 5216 3118 5285 αὔξει
3190 5215 3247 5274 δὲ
3276 5219 3306 5275 ὸ
3379 5220 3626 5297 Χριστὸς,
3683 5222 3820 5285 καθὸ

2154 5318 2292 5375 κατὰ
2348 5312 2524 5394 βραχὺ
2578 5311 2811 5389 ὶκφαίνει
2871 5309 3057 5369 ἑαυτὸν
3126 5305 3210 5365 διὰ
3248 5312 3359 5394 ,τῶν
3400 5307 3706 5382 θαυμάτωνο
3756 5312 3821 5367 οὐ

2154 5406 2290 5464 κατὰ
2344 5393 2623 5484 προκοπὴν
2679 5400 2778 5467 τὴν
2843 5399 2896 5456 ἐν
2962 5398 3124 5477 ἀρετῇ
3178 5393 3346 5465 αὔξων
3405 5395 3510 5477 (μὴ
3557 5396 3817 5484 γένοιτόι

2153 5494 2307 5551 τοῦτο
2356 5480 2457 5569 γᾶρ
2515 5480 2798 5566 Νεστορίου
2854 5488 2916 5543 τδ
2986 5484 3402 5567 παραλήρημα),
3488 5482 3625 5544 ἀλλὰ
3675 5486 3818 5543 κατᾶ
