4070 6224
284 293 425 357 1221

994 294 1437 357 ENARRATIO
1467 295 1545 356 IN
1594 292 2098 357 EVANGELIUM
2142 295 2484 358 JOANNIS.
2535 330 2609 339 -—
2654 296 2816 358 CAP.
2858 298 2960 358 IIl.

3510 296 3664 361 l22?

276 433 380 500 τὴν
431 431 678 512 ἔκφανσιν
750 433 836 487 καὶ
879 428 1122 495 ἐπίδειξιν
1154 432 1250 497 τῆς
1280 430 1553 498 Θεότητος.
1593 429 1718 487 Κατ’
1754 427 1928 505 ὀλίγον

2016 422 2331 486 declaravit
2377 445 2440 487 se
2492 427 2674 487 Deum
2731 445 2887 503 esse,
2923 435 2980 487 et
3037 447 3150 488 non
3183 437 3428 508 repente
3459 429 3656 490 simul.

279 523 406 600 γὰρ,
479 519 559 577 ὅτι
623 522 752 585 Θεός
813 521 978 599 ἐστιν,
1054 519 1312 599 ἐξέφαινε,
1382 521 1470 576 καὶ
1546 521 1640 577 οῦκ
1711 518 1926 593 ἁθρόως.

281 609 634 687 Πεπλήρωται
707 611 820 682 οὖν,
851 613 1032 689 φησιν,
1079 610 1116 674 in
1160 608 1265 684 ἐμὴ
1296 610 1440 689 χαρὰ
1467 609 1552 665 ἐπί
1598 614 1675 681 τῷ
1703 607 1926 686 νυμφίῳ.

281 709 354 756 To
409 701 508 778 γὰρ
579 698 756 778 ἔργον,
828 696 855 753 ὅ
911 697 1220 764 ἐπιστεύθην
1277 700 1350 762 ὼς
1395 699 1771 777 νυμφαγωγὸς,
1826 699 1931 773 ὁρῶ

281 795 666 870 προχωρῆσαν.
735 790 916 855 Πάσης
970 789 1142 845 τοίνυν
1173 789 1352 868 ψέχῆς
1383 790 1625 868 νυμφίος,
1659 789 1686 843 ὀ
1723 787 1924 865 Κύριος·

285 879 500 958 νυμφὼν
557 876 636 957 δέ,
697 877 814 934 ἔνθα
886 879 921 946 ἡ
979 899 1228 958 συναφεια
1259 899 1484 955 γινεται,
1542 879 1569 932 ὀ
1618 877 1781 939 τόπος
1843 881 1930 931 τοῦ

281 968 668 1043 βαπτίσματος,
727 966 846 1035 ἤτοι
907 969 941 1035 ἡ
1000 965 1312 1033 Ἐκκλησία.
1345 964 1535 1022 Δίδωσι
1565 964 1616 1021 δὲ
1658 962 1928 1042 ἂῤῥαϐὦνα

282 1062 352 1133 τῇ
409 1058 609 1136 νύμφη,
643 1059 913 1136 ἁμαρτιῶν
970 1055 1178 1136 ἄφεσιν,
1213 1057 1518 1131 Πνεύματος
1549 1056 1700 1134 ἁγίου
1741 1075 1927 1110 κοινω-

283 1147 415 1202 νίαν·
489 1149 554 1202 τὰ
583 1144 637 1202 δὲ
668 1145 961 1224 τελεώτερα
991 1145 1044 1202 ἐν
1075 1153 1152 1216 τῷ
1181 1143 1447 1222 μέλλοντι,
1486 1143 1572 1201 ὅτε
1613 1146 1678 1200 τὰ
1709 1144 1927 1222 κρείττω

281 1235 369 1292 καὶ
423 1233 729 1313 ὑψηλότερα
785 1236 1194 1314 μυσταγωγήσει
1254 1248 1368 1297 τοῖς
1403 1233 1586 1298 ἀξίοις,
1621 1233 1924 1306 Ζημείωσαι

283 1322 362 1397 δὲ,
419 1326 498 1381 δτι
549 1322 710 1388 οὗδεὶς
773 1323 931 1389 ἃλλος
989 1323 1097 1380 ἐστὶ
1170 1325 1415 1404 νυμςρίος,
1489 1325 1531 1378 εἰ
1564 1324 1640 1397 μὴ
1691 1322 1848 1396 μόνος
1896 1321 1924 1375 ὁ

285 1412 531 1483 Χριστός.
604 1415 797 1478 πάντες
856 1412 908 1470 δέ
993 1417 1038 1470 οἱ
1122 1411 1474 1486 διδάσκοντες,
1578 1411 1924 1490 νυμφαγωγοί

283 1505 434 1577 εἰσιν,
492 1503 670 1582 ὥσπερ
726 1504 815 1560 οὖν
866 1506 951 1559 καὶ
982 1504 1010 1558 ὁ
1045 1501 1364 1582 ΙΙρόδρομος.
1401 1499 1578 1564 Οῦόεὶς
1608 1501 1707 1578 γὰρ
1763 1498 1921 1560 ἄλλος

279 1592 454 1672 δωτιςρ
515 1593 624 1649 ἐστι
680 1598 786 1650 τῷν
843 1593 1078 1672 ἀγαθῶν,
1111 1595 1154 1648 εί
1184 1594 1261 1668 μὴ
1292 1593 1320 1648 ὁ
1355 1593 1557 1669 Κύριος·
1596 1592 1642 1647 οἱ
1687 1589 1737 1644 δὲ
1771 1589 1918 1644 ἄλλοι

2022 539 2040 565 ι
2084 512 2394 592 lmpletum
2429 515 3060 596 igitur,inquit,meum
3091 519 3370 594 gaudium
3397 519 3452 580 in
3477 538 3658 597 spon-

2015 620 2141 663 so.»
2171 602 2314 663 Nam
2351 623 2548 665 meum
2573 606 2907 684 opus,quod
2947 606 3088 666 mihi
3121 619 3184 665 ut
3220 607 3488 684 pronubo
3513 627 3657 668 con-

2015 691 2330 761 creditum,
2369 694 2538 754 video
2589 697 2931 772 profecisse.
2966 694 3170 756 Omnis
3219 696 3397 774 igitur
3446 702 3658 758 animae

2015 798 2291 858 Sponsus,
2323 781 2610 844 Dominus
2647 805 2661 843 :
2696 784 2987 843 thalamus
3043 793 3238 845 autem
3299 785 3396 846 ubi
3451 787 3660 866 copula

2015 870 2100 948 lit,
2127 870 2291 930 locus
2324 871 2717 950 baptismatis,
2753 873 2863 932 hoc
2896 879 3003 942 est,
3032 872 3440 937 Erclesia.Dat
3461 887 3653 936 autem

2014 959 2410 1020 arrhabonem
2465 979 2718 1039 sponsae,
2783 969 3152 1040 peccatorum
3213 963 3648 1036 remissionem,

2011 1048 2266 1126 Spiritus
2297 1049 2480 1109 sancti
2508 1050 3012 1111 communionem:
3049 1051 3401 1130 perfectiora
3432 1073 3568 1114 vero
3594 1055 3650 1115 in

2012 1139 2475 1210 futurwiuando
2509 1137 2719 1216 dignos
2761 1138 2818 1198 in
2881 1139 3124 1199 meliora
3190 1153 3258 1206 et
3306 1142 3651 1203 sublimiora

2011 1224 2520 1287 introducet.Nota
2553 1236 2750 1288 autem
2770 1228 2924 1306 quod
2963 1227 3156 1288 nullus
3186 1228 3334 1289 alius
3355 1240 3442 1291 est
3464 1249 3647 1309 spon-

2008 1333 2130 1385 sus,
2167 1333 2340 1394 quam
2376 1315 2536 1374 solus
2559 1313 2822 1377 Christus
2853 1338 2864 1379 :
2895 1333 3103 1378 omnes
3133 1326 3325 1378 autem
3371 1318 3652 1380 docentes

2007 1406 2256 1482 pronuoi
2291 1412 2450 1476 sunt,
2487 1407 2636 1464 sicut
2666 1413 2725 1464 et
2758 1410 3096 1468 l'rzecursor
3151 1426 3406 1488 quoque.
3443 1410 3650 1470 Nullus

2005 1493 2166 1552 enim
2199 1493 2349 1553 alius
2378 1494 2547 1553 dator
2573 1502 2664 1552 est
2699 1492 3011 1564 bonorum,
3047 1513 3221 1574 quam
3255 1502 3414 1557 solus
3443 1497 3648 1558 Domi-

2010 1583 2246 1643 nus:alii
2284 1592 2476 1645 autem
2511 1602 2718 1643 omnes
2751 1583 3125 1656 inediatores,
3164 1596 3220 1644 et
3255 1585 3506 1646 ministri
3538 1587 3645 1645 ho-

279 1682 492 1757 πάντες,
568 1696 806 1762 μεσῖται,
858 1683 944 1738 καὶ
992 1687 1098 1736 τῶν
1129 1682 1270 1760 παρᾶ
1297 1686 1390 1737 τοῦ
1424 1681 1608 1757 Κυρίου
1635 1677 1923 1754 δεδομένων

2016 1690 2219 1732 norum
2253 1691 2382 1751 qua
2411 1690 2443 1732 a
2477 1673 2725 1734 Domino
2753 1672 2988 1735 dantur.

281 1771 489 1849 ἀγαθῶν
515 1769 771 1828 διάκονοι.

367 1879 397 1920 (
430 1851 488 1917 Ὀ
537 1859 731 1917 ἄνωθεν
789 1860 1099 1940 ἐρχόμενος,
1163 1859 1341 1915 ἐπάνω
1412 1859 1623 1912 πάντων
1680 1855 1840 1911 ἐστίν·
1895 1858 1920 1910 ὸ

278 1955 348 2010 ὤν
397 1951 456 2008 ἐκ
507 1955 604 2017 τῆς
634 1951 756 2029 γῆς,
794 1949 852 2006 ἐκ
873 1954 971 2016 τῆς
1009 1949 1110 2027 γῆς
1141 1947 1274 2022 ἐστι,
1306 1948 1395 2005 καὶ
1424 1947 1484 2002 ἐκ
1534 1949 1630 2013 τῆς
1676 1944 1773 2022 γῆς
1819 1942 1921 1999 λα-

281 2043 385 2100 λεῐ.
460 2032 517 2097 Ὀ
563 2039 624 2096 ἐκ
676 2046 769 2096 τοῦ
826 2038 1047 2116 ούρανοῦ
1103 2037 1422 2117 ἐρχόμενος,
1485 2035 1665 2090 ἐπάνω
1709 2033 1921 2088 πάντων

279 2133 387 2188 ἐστί
471 2130 554 2185 καὶ
612 2127 639 2184 ὅ
698 2128 922 2206 ἑώρακε,
983 2129 1068 2182 καὶ
1125 2125 1343 2198 ἤκουσε,
1428 2131 1579 2180 τοῦτο
1639 2135 1916 2206 μαρτυρεΓ

276 2223 363 2278 καὶ
433 2219 530 2286 τὴν
598 2219 881 2296 μαρτυρίαν
941 2218 1095 2273 αῦτοῦ
1166 2213 1330 2278 οὐδεὶς
1386 2211 1666 2288 λαμϐάνει.
1704 2203 1760 2268 '0
1819 2209 1918 2267 λα-

276 2310 382 2368 ϐὼν
441 2308 597 2366 αὖτοῦ
665 2308 764 2374 τὴν
824 2306 1129 2385 μαρτυρίαν,
1216 2304 1524 2384 ἐσφράγισεν
1578 2300 1657 2357 ὅτι
1716 2303 1743 2356 ὀ
1793 2302 1920 2364 Θεὸς

277 2399 482 2469 ἀληθής
553 2397 717 2458 ἐστιν.
781 2389 896 2454 "Ov
953 2398 1052 2474 γὰρ
1109 2393 1416 2451 ἂπέστειλεν
1489 2392 1790 2463 ὁΘεὸς,τὲι
1816 2390 1918 2468 ῥή-

276 2511 419 2567 ματα
488 2493 581 2544 τοῦ
622 2489 754 2543 Θεοῦ
810 2485 988 2546 λαλεῖ.
1050 2485 1122 2542 Ού
1165 2485 1264 2562 γὰρ
1293 2482 1353 2538 ἐκ
1381 2481 1573 2559 μέτρου
1637 2478 1841 2535 δίδωσιν
1891 2481 1918 2534 ὁ

279 2579 406 2643 Θεὸς
479 2576 538 2632 τό
583 2581 816 2652 Πνεῦμα.
856 2599 881 2630 ι
918 2574 1190 2653 Συγκρίνει
1223 2573 1405 2630 ἑαυτόν
1436 2572 1463 2627 ὁ
1520 2568 1817 2649 Πρόδρομος
1847 2572 1922 2642 τῷ

277 2673 510 2748 Χριστῷ,
561 2665 645 2722 καί
700 2688 885 2745 φησιν,
946 2663 1026 2719 ὅτι
1071 2661 1312 2726 Ἐκεῖνος
1343 2662 1440 2737 μὲν
1471 2660 1666 2716 ἄνωθεν
1706 2660 1920 2748 ἔρχεται

277 2757 338 2814 ἐκ
391 2762 485 2814 τοῦ
541 2755 766 2834 Πατρός,
840 2756 927 2810 καὶ
958 2753 1137 2812 ἐπάνω
1165 2753 1377 2810 πάντων
1409 2750 1568 2826 ἐστὶν,
1597 2747 1921 2826 ἐξῃρημένος

281 2847 494 2904 πάντων
550 2845 637 2901 καὶ
691 2845 792 2907 τὴν
857 2843 1107 2922 Πατρῲαν
1159 2841 1434 2920 ὕπεροχὴν
1473 2839 1786 2909 ἂποσώζωνο
1816 2837 1924 2915 ἐγὼ

279 2933 332 2990 δὲ
395 2935 456 2991 ἐκ
509 2938 612 3012 γῆς
664 2931 760 3005 ὤν,
807 2933 971 3009 γήϊνα
1002 2931 1173 3004 λαλῶ,
1208 2928 1396 2996 εῦτελῆ
1425 2930 1514 2984 καὶ
1569 2927 1813 3004 ταπεινὰ,
1849 2928 1920 2988 ὡς

2089 1852 2267 1915 Vens.
2296 1855 2510 1917 32-34.
2545 1855 2688 1926 «Qui
2719 1873 2751 1917 e
2781 1856 3059 1935 supernis
3089 1856 3265 1928 venit,
3298 1876 3478 1938 super
3505 1861 3644 1922 549

2007 1960 2214 2003 omnes
2246 1952 2334 2002 est
2370 1964 2382 2004 :
2417 1943 2513 2023 qui
2545 1962 2578 2002 a
2601 1954 2756 2004 terra
2788 1944 3080 2023 profectus
3113 1953 3500 2020 est,terrenus
3531 1959 3638 2025 est,

2007 2037 2066 2092 et
2096 2031 2170 2092 de
2204 2039 2358 2093 terra
2380 2031 2778 2111 loquitur.Qni
2810 2051 2841 2092 e
2872 2034 3019 2094 caelo
3051 2034 3412 2114 venit,supra
3434 2056 3641 2099 omnes

2007 2129 2119 2200 est,
2154 2129 2211 2180 et
2241 2121 2393 2200 quod
2429 2121 2572 2182 vidit
2602 2132 2658 2180 et
2687 2121 2929 2194 audivit,
2968 2126 3079 2183 hoc
3121 2133 3388 2196 testatur,
3425 2136 3483 2187 et
3517 2138 3638 2188 tes-

2007 2211 2318 2270 timonium
2355 2209 2483 2288 ejus
2515 2228 2687 2269 nemo
2714 2210 3067 2290 accipit.Qui
3093 2213 3454 2292 accipitejus
3479 2220 3638 2276 testi-

2005 2301 2294 2376 monium,
2329 2298 2379 2358 is
2409 2299 2738 2376 obsignavit
2760 2300 2914 2377 quod
2949 2301 3104 2361 Deus
3127 2320 3297 2362 verax
3315 2304 3567 2366 sit.Nam
3592 2307 3642 2366 is

2003 2407 2178 2467 quem
2214 2386 2371 2447 misit
2402 2387 2766 2453 Deus,verba
2797 2389 2899 2449 Dei
2937 2389 3354 2469 loquitur.Non
3381 2393 3539 2454 enim
3571 2394 3643 2455 ad

2003 2495 2342 2537 mensuram
2373 2478 2473 2568 dat
2503 2476 2658 2568 Deus
2686 2475 2970 2568 Spiritum
3007 2501 3032 2536 ι
3064 2482 3374 2568 Comparat
3401 2501 3467 2543 se
3490 2485 3641 2545 Prae-

2004 2583 2216 2626 cursur
2244 2566 2725 2640 Christo,etdicit
2747 2567 2902 2646 quod
2926 2568 3024 2628 ille
3047 2566 3284 2648 quidem
3310 2591 3342 2631 e
3371 2577 3644 2651 supernis

2005 2655 2231 2715 venerit
2259 2673 2292 2714 a
2315 2657 2506 2721 Patre.
2544 2665 2602 2716 et
2619 2674 2799 2734 super
2819 2676 3026 2718 omnes
3047 2659 3432 2737 sit,egregius
3460 2680 3640 2742 super

2004 2753 2301 2816 omnes,et
2323 2743 2630 2805 Paternam
2651 2762 2893 2805 servans
2925 2746 3355 2808 excellentiam:
3383 2749 3501 2828 Ego
3531 2769 3639 2810 au-

2006 2840 2121 2891 tem
2145 2833 2244 2911 qui
2269 2833 2340 2891 de
2360 2841 2514 2892 terra
2537 2852 2665 2892 sum
2699 2841 2932 2893 terrena
2963 2836 3336 2914 loquor,vilia
3365 2845 3424 2896 et
3445 2838 3644 2897 humi-

2004 2920 2159 2984 lia,si
2181 2939 2313 2979 cum
2330 2920 2600 2980 doctrina
2620 2920 2834 2982 Christi
2850 2923 3528 2994 conterantur.Quamvis
3550 2946 3648 2987 au-

275 3025 408 3101 πρός
479 3010 748 3101 σύγκρισιν
778 3021 874 3088 τῆς
904 3019 998 3077 τοῦ
1053 3025 1278 3098 Χριστοῦ
1319 3015 1677 3077 διδασκαλίας.
1741 3015 1922 3071 Ἐπεί-

2016 3018 2348 3088 autemquze
2380 3030 2411 3069 a
2437 3013 2812 3071 Praecursore
2833 3010 3071 3086 ﬁebant,
3095 3013 3288 3072 divina
3322 3018 3646 3095 erant,i:ol-

277 3081 422 3190 τὸιγε
481 3081 570 3168 καί
614 3081 681 3166 τὰ
738 3113 894 3168 αὐτοῦ
922 3116 1014 3165 τοῦ
1069 3081 1393 3186 Προδρόμου,
1454 3109 1574 3162 θεῖα
1633 3106 1787 3169 ἦσαν’
1851 3105 1923 3164 ὡς

2016 3097 2123 3158 lata
2157 3081 2351 3157 tamen
2385 3117 2518 3157 cum
2561 3098 2652 3158 his
2683 3117 2814 3177 quae
2863 3118 2896 3158 a
2931 3081 3360 3180 Christo,valde
3405 3081 3651 3166 humilia

281 3200 333 3257 δε
378 3187 519 3278 *πρός
582 3200 645 3255 τὰ
693 3206 786 3254 τοῦ
816 3200 1042 3276 Χριστοῦ
1072 3194 1476 3275 συγκρινόμενα,
1511 3194 1646 3250 πολὺ
1677 3196 1736 3250 το
1782 3196 1919 3272 101-

2016 3187 2525 3267 apparehantllle,
2555 3188 2765 3266 inquit,
2792 3189 2948 3267 quod
2975 3189 3646 3271 viditetaudivit,loqui-

281 3287 452 3367 μαλόν
482 3287 717 3368 ἔχουσιν,
751 3286 1018 3360 Ἐκεῖνος,
1057 3286 1238 3364 φησὶν,
1285 3284 1312 3339 ὅ
1343 3283 1542 3358 ἐώρακε
1571 3284 1659 3338 καὶ
1704 3281 1920 3357 ἤκουσε,

2016 3286 2123 3351 tur,
2136 3278 2243 3337 hoc
2267 3285 2513 3368 est,quaa
2529 3296 2562 3336 a
2588 3281 2757 3368 Patre
2769 3278 3220 3359 audivit,etqua3
3235 3281 3519 3355 vidit,hoc
3538 3292 3648 3363 est,

278 3353 458 3435 λαλεϊο
514 3353 808 3450 τουτέστιν,
839 3376 875 3433 ἆ⁹
920 3376 1060 3456 παρᾶ
1118 3375 1207 3430 τοῦ
1255 3375 1454 3454 [Ιατρός
1513 3373 1732 3446 ἢκουσε,
1768 3374 1854 3428 καὶ
1897 3371 1928 3426 ἅ

2016 3368 2170 3428 clare
2195 3353 2488 3438 novit,illa
2511 3367 2774 3446 loquitur
2805 3376 2866 3426 et
2890 3353 3237 3432 testiitur.Et
3267 3353 3664 3433 testimonium

281 3469 539 3548 ἑώρακεν,
596 3467 782 3544 τηγουν,
845 3465 877 3521 ἃ
927 3455 1158 3543 ἀκριϐῶς
1218 3461 1389 3538 οἶδεν,
1416 3463 1598 3519 ἐκεῖνα
1639 3459 1794 3518 λαλεῖ
1846 3465 1928 3518 καὶ

2021 3456 2151 3535 ejus
2183 3455 2378 3516 nullus
2401 3475 2468 3515 ex
2499 3456 2590 3516 his
2621 3457 2720 3536 qui
2753 3458 3058 3518 veritatem
3085 3476 3204 3518 non
3228 3461 3664 3534 attendunt,re-

281 3545 556 3637 μαρτυρεῖ.
617 3553 786 3612 ’Λλλα
851 3555 950 3622 τὴν
1020 3556 1304 3634 μαρτυρίαν
1384 3553 1576 3637 αὐτοῦ.
1613 3548 1776 3614 οῦδείς
1832 3557 1928 3612 τῶν

2022 3545 2308 3624 cipil.Qui
2338 3556 2535 3606 autem
2570 3545 2782 3626 recipit
2814 3547 3238 3619 testimonium,
3267 3551 3378 3610 hoc
3410 3553 3664 3612 estdoc-

283 3632 370 3723 μὴ’
418 3632 486 3723 τῇ
543 3642 760 3715 ἀληθεία
829 3632 1212 3724 προσεχόντων
1241 3639 1524 3717 λαμϐάνει,
1567 3632 1674 3701 ’Ὃς
1704 3637 1758 3695 δὲ
1800 3637 1928 3713 λάϐῃ

2025 3634 2902 3724 trinam,ejus,obsignavit,hoc
2927 3637 3390 3724 est,nionstravit
3420 3641 3668 3701 etstabi-

438 3710 755 3814 μαρτυρίαν,
809 3710 925 3800 ἤτὸι
996 3710 1094 3800 gina
1151 3710 1488 3787 διδασκαλίαν
1521 3733 1702 3809 αὐτοῦ,
1741 3710 1928 3808 ἐσφράέ

2026 3723 2169 3814 livit,
2203 3710 2356 3804 quod
2396 3725 2550 3784 Deus
2571 3710 2741 3783 verus
2764 3724 2979 3814 sit.Qui
3011 3723 3169 3785 enim
3213 3729 3404 3788 credit
3429 3729 3604 3810 eiqui
3637 3750 3671 3791 a

283 3845 451 3904 γισεν,
516 3812 627 3880 inti
683 3812 799 3892 τοῦ,
887 3820 1102 3894 ἔδειξεν,
1189 3818 1527 3899 ἐϐεϐαίωσεν,
1588 3819 1667 3875 ὅτι
1726 3821 1754 3875 ὁ
1811 3819 1928 3879 Θεὸς

2026 3812 2146 3874 Deo
2178 3813 2392 3874 missus
2422 3815 2664 3886 est,Deo
2680 3813 2889 3886 credit,
2925 3823 2982 3874 et
3030 3828 3472 3895 consequenter
3502 3820 3667 3881 obsi-

282 3903 486 3985 ἀληθής
544 3912 706 3975 ἐστιν,
785 3903 844 3970 Ὀ
906 3913 1006 3991 γὰρ
1081 3917 1158 3986 τῷ
1202 3911 1344 3987 παρὰ
1375 3916 1507 3966 Θεοῦ
1557 3905 1928 3983 ἀπεσταὶμένα

2025 3913 2161 3979 gnat
2185 3913 2241 3962 et
2259 3903 2628 3964 demonstrat
2649 3904 2802 3982 quod
2831 3905 2881 3964 ei
2909 3903 3008 3981 qui
3027 3921 3196 3964 verax
3222 3906 3663 3976 sit,crediderit:

283 4003 565 4082 πιστεύων,
629 4009 706 4076 τῷ
757 4006 874 4074 Θεῷ
933 4001 1196 4073 πιστεύει,
1227 4001 1316 4056 καὶ
1385 3997 1572 4056 λοιπὸν
1643 3999 1928 4077 σιρραγίῖζει1

2024 3992 2177 4052 sicut
2208 4011 2240 4053 e
2269 3993 2505 4053 diterso
2537 3991 2635 4070 qui
2669 4010 2785 4051 non
2816 3992 3004 4051 credit
3025 3995 3076 4052 ei
3113 3993 3268 4072 quia
3299 3996 3420 4056 Deo
3452 3997 3669 4057 missus

280 4093 368 4149 καὶ
425 4079 813 4163 ἀποδείκνυσιν,
868 4090 948 4146 ὅτι
1009 4092 1082 4154 ὡς
1142 4089 1334 4156 ἀληθεῖ
1418 4086 1527 4145 ὄντι
1611 4086 1928 4143 ἐπίστευσεν·

2024 4089 2134 4155 est,
2169 4081 2430 4142 ostendit
2462 4081 2619 4160 quod
2659 4079 2906 4142 mendax
2937 4081 3034 4154 sit,
3059 4091 3117 4143 et
3150 4096 3392 4162 propter
3410 4084 3522 4146 hoc
3553 4105 3669 4146 non

281 4183 459 4259 ὣσπερ
525 4179 614 4237 οῦν
674 4178 834 4237 πάλιν
910 4180 937 4234 ὀ
992 4179 1231 4235 ἀπιστῶν
1306 4183 1383 4251 τῷ
1443 4178 1587 4256 παρὰ
1643 4185 1734 4234 τοῦ
1809 4182 1928 4232 Θεοῐ

2023 4171 2212 4234 Credit
2243 4173 2528 4250 ei,utpote
2562 4170 2836 4232 mendax.
2863 4169 2931 4231 Et
2962 4171 3041 4231 ita
3071 4172 3170 4251 qui
3195 4173 3430 4234 Christo
3452 4175 3665 4250 credit,

283 4267 694 4344 ἀπεσταλμένῳ,
765 4267 1010 4341 δεικνύει,
1086 4267 1166 4324 ὅτι
1230 4268 1465 4342 ψεύστης
1499 4267 1629 4342 ἐστὶ,
1711 4267 1798 4321 καὶ
1858 4263 1928 4319 διὸ

2024 4261 2281 4321 ostendit
2311 4259 2465 4340 quod
2503 4262 2658 4321 Deus
2688 4268 2776 4320 est
2797 4278 2990 4331 verax,
3029 4277 3096 4320 ex
3129 4279 3199 4322 eo
3231 4262 3384 4342 quod
3418 4265 3671 4326 credidit

281 4367 434 4418 τοῦτο
493 4361 588 4418 οῦκ
645 4358 948 4415 ἐπίστευσεν
980 4358 1144 4432 αύτῷ,
1179 4357 1275 4413 οἶα
1332 4354 1397 4423 δὴ
1443 4354 1769 4432 ψευδομένῳ⁹
1804 4354 1928 4410 ὥστε

2025 4350 2079 4410 ei
2109 4350 2207 4430 qui
2226 4350 2298 4408 ab
2325 4350 2450 4428 ipso
2471 4349 2686 4410 missus
2706 4365 2817 4410 εει.
2832 4349 3200 4412 Manifestum
3221 4353 3377 4412 enim
3404 4354 3558 4434 quod
3584 4355 3670 4415 illi

283 4452 309 4505 δ
390 4454 468 4522 τῷ
513 4453 721 4524 Χριστῷ
765 4447 1050 4515 πιστεύων,
1086 4443 1312 4502 δεικνυσι
1343 4447 1434 4501 τὸν
1480 4447 1611 4501 Θεὸν
1662 4443 1861 4521 ἀληθῆ,
1892 4439 1928 4497 ἐξ

2028 4449 2089 4500 ιιι
2110 4439 2302 4500 veraci
2324 4438 2668 4500 Crediderit.
2683 4437 2750 4498 Et
2769 4439 3136 4501 merito.Nos
3166 4459 3322 4501 enim
3345 4441 3442 4503 alii
3463 4462 3671 4506 omnes

284 4538 439 4595 αύτοῦ
494 4539 681 4592 τούτου
737 4532 969 4614 πάντως,
1035 4541 1129 4592 τοῦ
1189 4540 1467 4591 πιστεῦσαι
1512 4539 1588 4607 τῷ
1630 4531 1754 4611 παρ’
1790 4536 1928 4592 αὖτοί

2028 4528 2098 4589 ad
2126 4545 2460 4589 mensuram
2485 4529 2826 4607 accepimus
2849 4529 3254 4608 operationem
3279 4532 3672 4612 Spiritus,ipsi

284 4625 688 4700 ἆπεσταλμένῳ,
767 4613 1040 4705 Πρόδηλον
1097 4625 1221 4703 γὰρ,
1324 4625 1404 4678 ὃτι
1463 4625 1537 4687 ὡς
1592 4623 1786 4689 ἀληθεῖ
1836 4622 1923 4678 ὄντ

2029 4627 2222 4680 autem
2255 4616 2488 4680 Christo
2521 4637 2635 4677 nun
2681 4617 2752 4678 ad
2793 4637 3130 4678 mensuram
3163 4621 3324 4680 dedit
3367 4640 3542 4682 unam
3583 4623 3672 4683 vel

284 4715 422 4788 αύτῷ
493 4716 786 4775 ἐπίστευσε.
856 4714 944 4770 καὶ
1023 4714 1262 4777 εἰκότως.
1356 4715 1416 4770 Οἱ
1481 4712 1581 4788 μὲν
1635 4713 1735 4789 γὰρ
1794 4709 1926 4766 ἄλλο

2030 4710 2188 4768 duas
2209 4707 2474 4769 virtutes.
2512 4708 2613 4768 sed
2641 4706 2768 4786 ipse
2825 4707 3109 4786 Spiritum
3153 4708 3444 4786 integrum
3497 4711 3672 4772 habet

283 4803 498 4883 πάντες,
567 4805 717 4883 φησὶ,
793 4802 972 4881 μέτρῳ
1054 4802 1153 4870 τὴν
1249 4802 1515 4880 ἐνέργειαν
1587 4797 1774 4858 ἔλαϐον
1854 4815 1944 4864 τοῦ

286 4893 613 4968 Πνεύματος’
678 4892 821 4964 αὐτῷ
872 4888 926 4946 δὲ
1012 4895 1089 4964 τῷ
1146 4897 1358 4969 Χριστῷ
1415 4891 1509 4947 οῦκ
1539 4889 1599 4946 ἐκ
1629 4889 1821 4968 μέτρου
1852 4887 1943 4945 δέ-

284 4978 415 5036 δωκε
477 4981 600 5057 μίαν
659 4981 824 5060 ττχὸν
888 4980 923 5047 ἢ
993 4977 1080 5036 δύο
1169 4981 1464 5059 ἐνεργείας,
1493 4979 1613 5036 ἀλλ’
1674 4981 1831 5043 αὐτὸς
1884 4981 1945 5034 τὸ

287 5075 498 5145 Πνεῦμα
555 5067 850 5149 ὀλόκληρον
903 5068 1020 5148 ἔχει
1053 5067 1346 5133 οῦσιωδὼς.
1379 5078 1513 5130 Τοῖς
1557 5069 1656 5143 μὲν
1687 5068 1774 5124 οῦν
1803 5090 1942 5147 προ-

285 5160 474 5237 φήταις
546 5161 573 5214 ὸ
627 5160 756 5224 Θεὸς
787 5160 874 5215 καὶ
917 5156 1093 5214 δίδωσι
1138 5161 1199 5214 τὸ
1237 5164 1474 5233 Πνεῦμα,
1511 5157 1630 5225 ἤτοι
1662 5157 1758 5225 τὴν
1790 5156 1939 5235 ἐνέρ-

286 5269 429 5325 γειαν
503 5250 594 5304 τοῦ
667 5249 998 5322 Πνεύματος,
1081 5249 1167 5304 καὶ
1198 5249 1250 5303 ἐν
1287 5248 1464 5327 μέτρῳ
1492 5245 1692 5304 δίδωσι·
1733 5248 1943 5326 Χριστῷ

287 5336 338 5392 δὲ
391 5335 506 5394 οὔτε
577 5336 632 5392 ἐν
693 5335 893 5415 μέτρῳ,
941 5335 1056 5395 οὔτε
1101 5335 1239 5400 ὅλως
1283 5335 1514 5394 δίδωσιν·
1547 5336 1664 5416 ἔχει
1694 5339 1794 5417 γὰρ
1818 5337 1943 5394 αὐτὸ

289 5425 551 5490 ούσιωδὼς
608 5429 636 5483 ὸ
701 5429 947 5505 Χριστός,
1011 5417 1188 5484 υΟταν
1248 5425 1301 5482 δὲ
1333 5427 1591 5502 ἀκούσης,
1624 5426 1703 5482 ὅτι
1749 5430 1776 5483 ὸ
1809 5435 1941 5506 Χρι-

291 5518 438 5592 στὸς,
500 5516 531 5575 ἄ
604 5516 802 5585 ἢκουσε
862 5517 1004 5596 παρᾶ
1059 5521 1152 5572 τοῦ
1182 5517 1413 5595 Πατρὸς,
1448 5515 1628 5573 ἐκεῖνα
1650 5514 1834 5590 λαλεῖ,
1867 5518 1946 5592 μὴ

291 5606 466 5680 νόμιζε
525 5606 680 5662 αὐτὸν
713 5602 861 5660 ἐνδεᾶ
912 5605 1040 5662 ὂντα
1071 5604 1341 5684 γνώσεως,
1398 5605 1539 5683 παρὰ
1596 5604 1689 5661 τοῦ
1743 5609 1945 5683 Πατρὸς

2030 4795 2768 4876 substantialiter.lgituret
2796 4798 3100 4877 prophetis
3119 4798 3281 4860 dedit
3306 4797 3459 4860 Dens
3481 4798 3671 4880 Spiri-

2029 4895 2176 4960 tum,
2197 4885 2310 4948 hoc
2342 4895 2451 4960 est,
2482 4886 2889 4966 operationem
2919 4885 3197 4967 Spiritus,
3231 4897 3290 4948 et
3317 4888 3388 4948 ad
3425 4907 3672 4950 mensu—

2027 4994 2150 5037 ram
2185 4975 2349 5044 dedit
2379 4996 2392 5035 :
2428 4975 2661 5036 Christo
2693 4990 2891 5036 autem
2923 4995 3040 5037 non
3090 4977 3160 5037 ad
3219 4996 3584 5059 mensuram,
3618 4989 3678 5039 et

2030 5082 2226 5145 neque
2258 5064 2505 5125 omnino
2547 5063 2710 5125 dedit
2744 5082 2756 5127 :
2794 5063 2974 5126 habet
3005 5065 3162 5127 enim
3213 5067 3380 5127 illum
3412 5067 3677 5130 Christus

2027 5153 2778 5226 substantialiter.Quando
2809 5162 3004 5214 autem
3027 5155 3193 5216 audis
3223 5156 3380 5236 quod
3413 5156 3679 5220 Christus

2027 5245 2289 5324 loquitur
2319 5243 2420 5304 illa
2450 5262 2580 5324 qua)
2627 5244 2844 5304 audivit
2886 5261 2920 5303 a
2965 5243 3158 5325 Patre,
3193 5264 3264 5306 ne
3311 5256 3478 5324 putes
3510 5246 3675 5309 illum

2027 5334 2296 5409 indigere
2356 5342 2420 5394 ut
2447 5333 2752 5394 scientiam
2789 5331 2867 5393 ab
2899 5333 3001 5394 illo
3033 5334 3351 5409 discat,sed
3374 5337 3509 5416 quia
3531 5356 3680 5418 quae-

2028 5441 2262 5502 cunque
2291 5423 2377 5484 sic
2408 5422 2618 5493 Filius,
2651 5441 2684 5482 a
2715 5421 2885 5483 Patre
2946 5423 3297 5486 naturaliter
3334 5427 3467 5500 scit,
3517 5429 3680 5508 quasi

2033 5512 2118 5574 illi
2145 5511 2685 5591 consubstantialis,
2719 5512 2848 5590 ejus
2878 5513 3063 5592 gratia
3082 5513 3302 5575 dicitur
3321 5533 3354 5575 a
3375 5515 3542 5578 Patre
3571 5534 3680 5578 au-

2031 5602 2160 5663 dire
2185 5619 2317 5682 qua
2345 5600 2982 5686 scitzquemadmodum
3008 5603 3059 5663 si
3085 5602 3307 5666 videris
3331 5605 3511 5668 lilium
3535 5605 3685 5688 patri
