4070 6224
158 278 329 345 1229

866 278 1312 346 ENARRATIO
1357 280 1439 348 IN
1484 284 2375 371 EVANGELIUMJOANNIS.
2410 319 2480 334 -
2525 289 2692 352 αλιι».
2740 291 2843 356 1v.

3398 300 3424 357 Ι
3437 293 3556 360 230

146 419 414 477 ἐκάλουν.
478 416 710 477 Ἐκεῖνοι
770 418 823 476 δὲ
879 426 973 477 τοῦ
1016 416 1258 498 Ἀϐραὰμ
1303 420 1389 476 καὶ
1434 417 1626 477 Ἰακὼϐ
1690 421 1808 476 ἐαυ-

1907 421 2286 511 pterl‘ontem
2317 441 2493 511 quem
2521 423 2643 487 illic
2675 424 2984 501 habuerat,
3005 429 3281 511 proprius
3311 429 3548 494 illornm

380 509 673 587 ἀπογόνους
758 510 1057 585 ὠνόμαζον.
1147 501 1231 567 "0
1312 532 1369 567 τε
1428 510 1528 588 γὰρ
1578 507 1822 590 Ἀϐραὰμ

154 595 437 662 Χαλδαῖος
495 598 585 673 ἦν,
644 598 672 655 ὅ
727 621 784 655 τε
846 595 1037 655 Ἰακὼϐ
1094 595 1178 654 διὰ
1262 604 1361 665 τὴν
1417 598 1592 655 ἐκεῖσε
1640 600 1821 678 πηγὴν

138 688 357 752 οἶκεῖος
408 687 590 752 αὐτοῖς
666 686 949 767 ἐλογίζετο.
1040 690 1099 745 Οἱ
1182 690 1305 767 γοῦν
1366 685 1614 745 Ἰουδαῖοι
1687 688 1820 763 μετὰ

144 775 375 832 rei.er
460 783 566 831 τῶν
654 776 871 832 ἐθνικῶν
960 778 1047 831 καὶ
1146 777 1329 840 αἱτοὺς
1399 773 1769 833 ἱϐδελύσσοντο
1800 790 1813 805 ⁸

146 864 275 920 ὅθεν
333 867 421 921 καὶ
478 871 555 939 τῷ
614 866 782 944 Κυρίῳ
829 862 1302 944 προσονειδίζοντες
1360 863 1539 944 ἔλεγον
1568 882 1581 895 ·
1650 890 1671 921 (ι
1709 873 1816 922 Σα-

153 954 425 1031 μαρείτης
484 953 565 1016 εἶ,
616 978 642 1009 ι
696 956 792 1011 Καὶ
836 955 988 1018 αὒτὸς
1035 951 1088 1009 δὲ
1130 969 1247 1018 τοῖς
1294 957 1563 1029 μαθηταῖς
1615 954 1762 1033 ἔλεγε
1799 971 1812 985 ³

145 510 287 572 τεὺς

1905 508 2326 589 putabatur.At
2352 510 2541 575 Judaei
2572 534 2705 576 cum
2739 516 3016 593 gentibus
3046 508 3177 581 aliis
3210 519 3385 582 etiam
3408 520 3551 582 istos

1903 596 2586 687 abominabanturzunde
2614 612 2674 665 et
2705 603 2955 666 Domino
2984 608 3415 687 opprobrantes
3451 610 3548 671 di-

1903 684 2138 778 cebant,
2169 686 2631 778 «Samaritanus
2661 710 2725 753 es
2757 693 2841 755 96.
2882 720 2905 752 ι
2948 684 3037 757 Et
3059 684 3184 777 ipse
3242 698 3550 778 discipulis

1902 774 2025 836 suis
2056 776 2312 851 dicebat,
2353 778 2451 840 «In
2484 779 2776 842 civitatem
2806 774 3314 848 Samaritanorum
3349 774 3426 850 ne
3448 788 3547 851 in—

1903 865 2193 927 traveritis
2222 867 2308 931 97.
2341 894 2361 923 υ
2398 866 2589 940 Quare
2644 879 2841 933 autem
2897 875 3262 953 eVangelista
3310 876 3386 939 de
3416 876 3545 941 loco

1898 953 2077 1016 Jacob
2111 964 2169 1015 et
2196 955 2357 1017 fonte
2407 966 2523 1018 tam
2580 957 2899 1037 diligenter
2953 959 3222 1027 disserit?
3282 967 3545 1029 Primum

161 1065 194 1096 α
236 1043 327 1107 Εἷς
385 1040 539 1098 πόλιν
599 1044 944 1119 Σαμαρειτῶν
1003 1044 1081 1117 μὴ
1138 1041 1427 1110 εἰσέλθητε.
1487 1067 1512 1098 ι
1562 1046 1710 1107 Τίνος
1763 1042 1808 1100 δὲ

1899 1042 2164 1132 quidem,
2203 1054 2265 1107 ut
2304 1046 2539 1126 quando
2565 1047 2830 1109 audieris
2877 1048 3174 1113 dicentem
3208 1055 3540 1132 mulierem,

153 1132 345 1187 ἕνεκεν
403 1134 429 1188 ὁ
489 1131 867 1210 εὒαγγελιστὴς
917 1134 1034 1211 περὶ
1087 1140 1179 1189 τοῦ
1231 1134 1430 1212 χωρίου
1476 1140 1569 1189 τοῦ
1625 1131 1808 1190 Ἰακὼϐ

1904 1129 2110 1219 «Pater
2140 1142 2340 1199 noster
2366 1134 2546 1197 Jacob
2576 1135 2741 1197 dedit
2771 1135 2943 1199 nobis
2976 1139 3194 1202 fontem
3227 1129 3545 1219 illum,nne

152 1226 245 1278 καὶ
308 1227 409 1289 τῆς
469 1222 653 1300 πηγῆς
698 1219 1177 1302 ἀκριϐολογεῖται;
1266 1227 1480 1297 Πρῶτον
1541 1222 1667 1297 μὲν,
1723 1220 1808 1279 ἵνα

1899 1218 2156 1281 mireris.
2181 1220 2372 1285 Locus
2397 1224 2554 1285 enim
2591 1225 2691 1287 ille
2714 1236 2838 1288 erat
2854 1226 2996 1287 5’53
3016 1229 3268 1309 Sycima,
3305 1231 3404 1294 ubi
3438 1233 3541 1296 ﬁlii

150 1314 286 1369 ὃταν
347 1312 578 1388 ἀκούσῃς
637 1318 735 1380 τῆς
793 1313 1039 1391 γυναικὸς
1085 1312 1369 1391 λεγούσης,
1424 1311 1503 1368 ὅτι
1562 1332 1585 1367 ε
1622 1310 1808 1369 Ἰακὼϐ

1893 1309 2072 1370 Jacob
2094 1310 2335 1373 Simeon
2359 1322 2417 1376 et
2462 1315 2594 1376 Levi
2625 1333 2859 1394 gravem
2896 1317 3053 1379 illam
3101 1320 3325 1383 caedem
3373 1341 3541 1383 com-

144 1405 172 1456 ὸ
236 1401 417 1479 πατὴρ
474 1404 631 1476 ἡμων
682 1400 871 1457 ἔδωκεν
928 1404 1062 1477 ἡμῖν
1120 1401 1216 1469 τὴν
1275 1401 1457 1478 πηγὴν
1512 1401 1733 1478 ταύτην,
1772 1424 1797 1457 ιο

1897 1398 2273 1494 miserunt9§,
2306 1420 2376 1494 eo
2410 1402 2567 1483 quod
2599 1422 2866 1466 sororem
2896 1405 3134 1468 illorum
3192 1410 3399 1473 Dinatn
3433 1432 3540 1494 op-

146 1492 230 1564 μὴ
278 1488 538 1567 ξενισθῇς.
605 1480 661 1547 Ὀ
720 1491 818 1568 γὰρ
861 1491 1025 1554 τόπος
1070 1489 1275 1554 ἐκεῖνος
1331 1492 1400 1557 ἦν
1455 1490 1522 1546 τὰ
1571 1490 1798 1565 Σύκιιια,

1893 1498 2178 1568 presserat
2223 1480 2591 1571 S’ycimorum
2637 1493 2936 1573 princeps.
2994 1497 3247 1575 Insuper
3299 1509 3359 1563 et
3423 1480 3539 1563 hbe

144 1579 273 1635 ἔνθα
335 1582 381 1635 οἱ
437 1580 534 1635 υἱοὶ
594 1576 784 1635 Ἰακὼϐ
837 1581 1057 1656 Σδμεὼν
1114 1580 1201 1637 καὶ
1258 1583 1387 1636 Λευί
1439 1580 1529 1636 τὸν
1562 1578 1801 1659 χαλεπὸν

1893 1576 2200 1657 discimus,
2239 1598 2310 1641 ex
2340 1600 2411 1643 eo
2443 1581 2599 1661 quod
2633 1583 2993 1662 evangelista
3019 1585 3189 1647 nobis
3240 1598 3445 1652 narrat
3470 1608 3542 1653 ea

146 1670 365 1725 ἐκεῖνον
417 1668 727 1747 εἰργάσαντο
772 1667 954 1748 φόνον,
1008 1667 1092 1726 διὰ
1139 1671 1201 1725 τὸ
1231 1670 1329 1737 τὴν
1358 1666 1590 1747 ἀδελφὴν
1634 1668 1803 1725 αὒτῶν

1895 1685 2025 1765 qua)
2056 1668 2130 1729 de
2158 1668 2320 1731 fonte
2342 1679 2402 1733 et
2428 1672 2579 1746 loco,
2612 1672 2771 1765 quod
2800 1674 2973 1765 etiam
2997 1675 3137 1736 olim
3168 1678 3534 1756 rejectil‘ue-

154 1770 356 1815 Δεῖναν
439 1758 717 1834 βιασθῆναι
808 1760 911 1814 ὑπὸ
973 1766 1065 1815 τοῦ
1143 1765 1444 1834 Συκιμιτῶν
1523 1755 1807 1837 ἄρχοντος.

150 1846 189 1873 ’¹
206 1854 405 1903 Επειτα
435 1843 489 1901 δὲ
520 1847 607 1902 καὶ
639 1849 794 1903 τοῦτο
840 1850 1170 1923 μανθάνομεν
1214 1846 1319 1903 ἀπὸ
1354 1855 1446 1906 τοῦ
1499 1847 1589 1903 τόν
1648 1850 1810 1925 εὐαγ-

151 1936 410 2015 γελιστὴν
452 1935 764 2014 καταλέγειν
846 1938 981 2011 ἡμῖν
1040 1938 1103 1994 τὰ
1160 1937 1277 2015 περὶ
1333 1938 1426 1992 τοῦ
1473 1935 1674 2016 χωρίου
1723 1936 1810 1991 καὶ

150 2034 253 2098 τῆς
312 2033 520 2111 πηγῆς,
580 2028 662 2085 ὅτι
717 2030 752 2096 ἡ
830 2036 935 2085 τῶν
1012 2026 1278 2088 Ἰουδαίων
1334 2026 1578 2095 ἀποϐολὴ
1642 2027 1807 2085 πάλαι

148 2119 367 2198 ἒγένετο
412 2117 496 2175 διὰ
548 2119 639 2178 τὰς
701 2120 959 2196 ἁμαρτίας
1005 2121 1176 2176 αὐτῶν
1210 2138 1225 2155 ’
1290 2120 1375 2175 καὶ
1405 2118 1806 2198 προσκρουσάν-

147 2231 259 2265 των
293 2210 465 2265 αὐτῶν
508 2215 587 2282 τῷ
621 2214 760 2287 Θεῷ,
793 2209 839 2263 οἱ
870 2208 1062 2265 ἐθνικοὶ
1106 2208 1373 2288 κατέσχον
1404 2208 1526 2272 τοὺς
1558 2207 1752 2269 τόπους
1788 2223 1801 2237 ·

148 2299 242 2355 καὶ
303 2296 336 2353 ἃ
402 2299 448 2354 οἱ
526 2298 853 2378 πατριάρχαι
923 2296 1007 2354 διὰ
1070 2298 1167 2365 τὴν
1226 2300 1297 2364 είς
1354 2298 1579 2376 Χριστὸν
1633 2298 1806 2353 πίστιν

147 2388 470 2461 ἐκτήσαντο,
533 2394 695 2444 ταῦτα
740 2389 885 2446 αὐτοί
941 2384 1025 2445 διὰ
1082 2387 1180 2454 τὴν
1230 2384 1532 2444 δυσσέϐειαν
1585 2384 1806 2442 ἀπώλε-

148 2498 274 2536 σαν.
343 2468 518 2533 ’Ὥστε
576 2477 722 2533 οὒδὲν
778 2478 980 2550 καινὸν,
1037 2475 1155 2533 οὑδὲ
1204 2484 1288 2534 νῦν
1322 2478 1367 2551 εἰ
1395 2477 1441 2532 οἱ
1473 2476 1663 2533 ἐθνικοὶ
1693 2475 1807 2532 ἀντὶ

151 2572 261 2621 τῶν
315 2565 579 2623 Ἰουδαίων
663 2567 994 2646 εἰσήχθησαν
1080 2566 1152 2633 είς
1212 2566 1309 2634 τὴν
1370 2564 1640 2643 βασιλείαν
1697 2571 1803 2624 τῶν

1895 1761 2010 1818 rint
2040 1766 2284 1837 propter
2315 1770 2554 1840 peccata
2582 1780 2689 1822 sua
2706 1761 2919 1838 Judaei,
2966 1772 3021 1825 et
3075 1784 3211 1827 cum
3248 1766 3537 1829 oﬂ‘endis-

1891 1853 2024 1907 sent
2057 1850 2268 1918 Deum.
2301 1857 2507 1927 gentes
2564 1848 2801 1911 illorum
2858 1850 2982 1913 loca
3026 1853 3441 1933 possederint:
3480 1866 3539 1919 et
3603 1897 3607 1902 -

1891 1953 2021 2026 qua;
2046 1935 2393 2026 patriarcha),
2424 1947 2667 2019 propter
2693 1956 2860 2000 suam
2892 1939 2951 2001 in
2983 1944 3170 2003 Deum
3196 1942 3374 2007 (idem
3409 1964 3538 2026 pos-

1889 2024 2191 2099 sederant,
2230 2045 2298 2088 ea
2325 2025 2411 2088 illi
2461 2036 2702 2110 propter
2759 2028 3124 2110 impietatem
3154 2024 3479 2096 amiserunt
3517 2057 3531 2097 :

1891 2120 1951 2175 et
1981 2113 2060 2175 ita
2094 2114 2243 2177 nihil
2277 2130 2492 2176 novum
2519 2117 2567 2176 si
2598 2124 2655 2177 et
2695 2136 2852 2179 nunc
2880 2119 3130 2197 gentiles
3172 2139 3276 2202 pro
3312 2123 3536 2185 Judaeis

1891 2203 1953 2263 in
1982 2220 2230 2280 regnum
2256 2204 2540 2267 caelorum
2575 2206 2691 2266 sint
2722 2207 3064 2272 introducti.
3099 2210 3396 2273 Praedium
3426 2231 3532 2274 au-

1892 2300 2007 2355 tem
2044 2292 2201 2374 quod
2240 2293 2402 2355 dedit
2428 2294 2609 2356 Jacob
2635 2294 2881 2374 Joseph,
2918 2296 3147 2377 Sycima
3202 2299 3530 2367 dicebatur.

1890 2382 2175 2457 Quoniam
2203 2384 2358 2445 enim
2412 2383 2517 2444 ﬁlii
2569 2384 2751 2446 Jacob
2785 2385 3097 2465 Sycimitas
3128 2388 3528 2469 perdiderant,

1888 2481 1947 2534 et
1974 2472 2267 2534 civitatem
2309 2472 2753 2537 desolaverant:
2788 2492 2917 2536 eam
2972 2484 3177 2557 utpote
3207 2478 3529 2544 desolatam

1889 2569 2053 2643 pater
2082 2562 2140 2622 in
2166 2560 2571 2624 haereditatem
2606 2562 2726 2623 tilio
2753 2561 2973 2643 Joseph
2998 2564 3164 2627 dedit

158 2658 416 2735 οὗρανῶν.
455 2656 527 2713 Τὸ
557 2653 610 2711 δὲ
642 2656 841 2736 χωρίον
898 2657 926 2712 ὂ
982 2654 1175 2713 ἔδωκεν
1235 2653 1426 2713 Ἰακὼϐ
1454 2661 1531 2729 τῷ
1583 2651 1800 2734 Ἰωσὴφ,
1855 2655 2068 2727 Σύκιμα
2127 2651 2361 2731 ἕλεγετο.
2426 2652 2573 2710 Ἐπεὶ
2620 2654 2719 2731 γὰρ
2776 2654 2822 2709 οἱ
2854 2652 3043 2717 παῖδες
3075 2658 3162 2711 τοῦ
3194 2656 3385 2714 Ἰακὼϐ
3409 2662 3529 2723 τοὺς

156 2744 450 2819 Συκιμίτας
482 2743 859 2826 ἀπολέσαντες,
894 2746 991 2814 τὴν
1022 2744 1178 2803 πόλιν
1234 2744 1596 2822 ἐξερήμωσαν,
1629 2745 1829 2811 ταύτην
1872 2742 1937 2810 δὴ
1962 2745 2058 2809 τὴν
2089 2742 2513 2820 ἐξερημωθεῖσαν
2544 2739 2765 2797 δέδωκεν
2795 2743 2866 2804 εἰς
2898 2741 3097 2817 κλῆρον
3126 2750 3203 2819 τῷ
3247 2742 3443 2828 Ἰωσὴφ
3502 2752 3528 2805 ὁ

151 2836 329 2912 πατήρ
340 2882 354 2896 .

246 2947 271 2980 α
327 2916 382 2983 Ὀ
428 2933 516 2982 οὖν
567 2928 775 2992 Ἰησοῦς
833 2926 1167 2989 κεκοπιακὼς
1218 2923 1279 2979 ἐκ
1330 2927 1429 2991 τῆς
1488 2922 1868 3003 ὁδοιπορίας,0

1977 2921 2159 2981 Vens.
2189 2917 2546 2981 6-8.:Jesus
2577 2936 2718 2997 ergo
2748 2918 3020 2998 fatigatus
3050 2937 3118 2982 ex
3150 2920 3387 3000 itinere,
3422 2944 3522 2988 se-
3584 2980 3587 2987 .

149 3013 420 3084 ἐκαθέζετο
454 3016 615 3077 οὕτως
662 3013 747 3070 ἰπὶ
795 3021 862 3088 τῇ
906 3020 1083 3090 πηγῇ,
1133 3003 1283 3091 υΩρα
1334 3017 1400 3080 ἦν
1457 3013 1581 3067 ὡσεὶ
1636 3010 1788 3077 ἕκτη.

1893 3007 2378 3097 lebatsicsuper
2432 3007 2674 3068 fontem.
2733 3006 2891 3069 Hora
2942 3018 3068 3097 erat
3115 3010 3303 3074 ferme
3332 3024 3519 3097 sexta;

148 3100 421 3181 ’Ἔρχεται
481 3102 613 3179 γυνὴ
669 3102 724 3158 ἐγ
778 3106 877 3168 τῆς
937 3102 1234 3177 Σαμαρείας
1307 3099 1567 3166 ἀντλῆσαι
1631 3097 1792 3177 ὕδωρ.

1893 3096 2037 3158 venit
2067 3095 2281 3157 mulier
2298 3096 2685 3172 Samaritana,
2714 3105 2777 3158 ut
2806 3096 3073 3159 hauriret
3094 3117 3329 3179 aquam,
3366 3095 3518 3168 Dicit

148 3191 303 3269 ,λέγει
362 3195 496 3267 αὒτῇ
556 3194 582 3247 ὃ
644 3190 850 3258 Ἰησοῦς
879 3207 891 3220 '

946 3192 1048 3255 Δός
1092 3212 1182 3266 μοι
1233 3203 1400 3248 πιεῖν.
1436 3190 1495 3247 Οἱ
1537 3190 1636 3269 γὰρ
1680 3211 1790 3264 μα-

1893 3187 1931 3248 ai
1957 3184 2244 3247 Jesus:Da
2275 3185 2420 3245 mihi
2452 3185 2609 3266 quod
2640 3185 2863 3248 bibam.
2891 3187 3041 3251 Nam
3075 3186 3352 3271 discipuli
3382 3193 3518 3273 ejus

152 3280 304 3345 θηταὶ
362 3283 518 3338 αὐτοῦ
567 3278 988 3346 ἀπεληλύθεισαν
1032 3281 1104 3345 είς
1147 3280 1246 3347 τὴν
1301 3278 1480 3353 πόλιν,
1519 3278 1612 3336 ἵνα
1662 3300 1791 3358 τρο-

1893 3274 2143 3337 ibierant
2172 3274 2232 3335 in
2263 3272 2557 3336 civitatem
2588 3283 2651 3336 ut
2669 3275 2834 3337 cibos
2868 3287 3161 3340 emerent.
3197 3303 3219 3334 ι
3280 3272 3520 3362 Fatiga—

155 3370 254 3448 φὰς
313 3368 666 3447 ἀγοράσωσιν,
747 3393 773 3424 ιι
862 3369 1246 3428 Κεκοπιακέναι
1319 3374 1411 3425 τὸν
1488 3370 1681 3448 Κύριον
1736 3367 1798 3425 ἐκ

1893 3380 2001 3426 :um
2076 3364 2388 3427 Dominum
2452 3383 2521 3426 ex
2568 3363 2782 3426 itinere
2843 3383 3088 3427 narrans
3136 3371 3515 3449 evangelista,

159 3457 254 3525 τῆς
312 3455 607 3537 ὁδοιπορίας
682 3460 895 3538 φάσκων
984 3461 1010 3515 ὁ
1082 3457 1488 3538 εὒαγγελιστὴς,
1547 3457 1800 3521 δείκνυσιν

162 3548 295 3622 ἡμῖν
338 3546 449 3621 ἅμα
495 3546 590 3622 μὲν
643 3549 704 3603 τὸ
760 3546 952 3628 ἄτυφον
1010 3551 1169 3607 αὖτοῦ
1216 3550 1303 3605 καὶ
1346 3546 1624 3625 ἀπέριττον
1672 3547 1805 3621 (οὐδὲ

159 3638 258 3714 γὰρ
317 3636 614 3715 ὑποζυγίοις
673 3637 869 3716 ἐχρᾶτο
943 3638 1072 3715 πρὸς
1144 3638 1240 3705 τὴν
1291 3636 1611 3717 ὁδοιπορίαν,
1670 3637 1807 3697 ἀλλὰ

163 3728 317 3796 πεζὸς
375 3724 557 3799 ὥδευε,
645 3723 903 3782 παιδεύων
994 3727 1081 3782 καὶ
1138 3727 1282 3802 ἡμᾶς
1347 3728 1409 3783 τὸ
1468 3727 1546 3802 μὴ
1591 3726 1804 3784 πολλῶν

159 3811 415 3895 δεῖσθαι),
475 3813 588 3891 ἅμα
631 3813 685 3870 δὲ
732 3816 819 3871 καὶ
862 3816 923 3871 rb
960 3814 1223 3879 συντόνως
1271 3817 1426 3875 αὐτὸν
1470 3814 1665 3873 ὁδεύειν
1716 3818 1804 3873 καὶ

158 3905 233 3978 μὴ
274 3904 535 3981 ῥαθύμως.
572 3902 661 3969 Ἐξ
706 3907 765 3961 οὗ
800 3906 1133 3981 μανθάνομεν
1191 3906 1280 3961 καὶ
1333 3906 1497 3981 ἢμεϊς
1555 3907 1616 3961 τὸ
1667 3898 1802 3983 μετᾶ

157 3993 421 4059 συντονίας
478 3996 564 4050 καὶ
649 3992 955 4070 ἐπιμελείας
1040 3995 1287 4072 πράττειν
1362 3996 1423 4051 τὸ
1508 3993 1656 4074 ἔργον
1714 3997 1806 4052 τοῦ

160 4089 306 4141 Θεοῦ.
370 4084 440 4139 Tb
492 4081 571 4158 δὲ,
635 4112 657 4141 ι
692 4081 1004 4154 Ἐκαθᾶζετο
1061 4082 1222 4164 οὕτω,
1256 4108 1284 4139 ι
1331 4084 1581 4161 σημαίνοι
1639 4082 1699 4141 ἂν
1744 4086 1805 4141 τὸ

1884 3453 2143 3517 ostendit
2171 3452 2342 3515 nobis
2373 3452 2686 3515 Dominum
2740 3472 2773 3514 a
2828 3453 2981 3517 fastu
3011 3464 3068 3518 et
3096 3474 3297 3518 rerum
3329 3458 3523 3521 abun-

1890 3543 2089 3606 dantia
2121 3542 2383 3605 alienum
2418 3543 2764 3607 fuisse.Non
2797 3543 2953 3604 enim
2991 3545 3283 3623 jumentis
3314 3549 3525 3613 uteba-

1890 3641 1984 3695 tur
2011 3633 2082 3694 ad
2116 3631 2363 3712 iter,sed
2398 3630 3050 3713 pedesibat,instruens
3078 3634 3255 3696 etiam
3281 3656 3387 3698 nos
3410 3657 3527 3701 non

1889 3722 2087 3783 multis
2118 3742 2264 3802 opus
2297 3720 2793 3802 habereJnsuper
2818 3721 3240 3802 dicitetipsum
3264 3726 3531 3789 incidere

1886 3824 2217 3889 strenue,et
2249 3833 2363 3874 non
2400 3813 2708 3891 ignaviter.
2742 3812 2826 3874 Ex
2858 3830 2974 3895 quo
3004 3814 3291 3877 discimus
3338 3825 3397 3879 et
3422 3837 3531 3882 nos

1885 3914 1949 3967 ut
1982 3923 2113 3966 cum
2141 3903 2471 3966 constantia
2502 3911 2560 3965 et
2585 3902 2888 3982 diligentia
2918 3901 3203 3965 faciamus
3223 3922 3371 3985 opus
3401 3903 3528 3968 Dei.

1884 3992 2052 4065 Quod
2082 4000 2276 4054 autem
2309 3991 2553 4053 sedebat
2583 3991 2693 4066 sic,
2726 3990 3020 4069 signiﬁcat
3069 3992 3440 4071 simpliciter,
3474 4004 3534 4059 et

1884 4089 1951 4143 ut
1977 4082 2126 4143 forte
2152 4080 2595 4155 obveniebat,et
2625 4098 2743 4141 non
2774 4097 2959 4160 super
2979 4080 3143 4153 sede,
3170 4080 3273 4141 sed
3307 4082 3535 4164 simpli-

159 4171 334 4234 ἁπλῶς
379 4173 466 4228 καὶ
508 4174 581 4235 ὼς
626 4172 807 4252 ἔτυχε,
868 4174 956 4229 καὶ
1012 4170 1093 4230 ὅτι
1139 4172 1234 4229 οὒκ
1286 4174 1373 4230 επὶ
1427 4172 1636 4249 θρόνου,
1682 4172 1800 4229 ἀλλ’

1893 4171 2033 4234 riter
2070 4170 2343 4231 videlicet
2364 4188 2546 4250 super
2569 4167 3274 4250 pavimento,rel‘ocillans
3290 4187 3533 4252 corpus,

161 4258 344 4337 οὕτως,
395 4259 606 4338 ἀφελῶς
664 4245 938 4342 δτίλονότι,
995 4261 1084 4318 hri.
1140 4260 1357 4343 ἐδάφους
1402 4245 1685 4320 ἀναπαύων
1742 4265 1804 4319 τὸ

1893 4266 1947 4320 et
1970 4260 2124 4339 apud
2149 4258 2369 4320 fontem
2401 4245 2465 4320 se
2495 4245 2798 4319 recreans.
2836 4245 3067 4321 Deinde
3099 4266 3159 4321 et
3187 4257 3361 4320 aliam
3387 4245 3533 4322 caui

170 4355 341 4425 σῶμα,
375 4350 463 4405 καὶ
492 4350 635 4429 παρά
684 4350 751 4418 τῆ
790 4355 945 4427 πηγῇ
996 4350 1288 4430 ἀναψύχων
1334 4350 1483 4409 αὐτό.
1532 4355 1667 4409 Εἶτα
1719 4353 1807 4409 καὶ

168 4440 340 4519 ἇτέραν
401 4440 569 4496 αἰτίαν
643 4440 843 4518 εἰσάγει
901 4446 994 4496 τοῦ
1050 4442 1307 4507 καθῆσθαι
1365 4442 1522 4500 αὐτὸν
1559 4442 1701 4521 παρὰ
1746 4446 1810 4517 τῇ

169 4534 336 4607 πηγῇ,
383 4530 445 4586 τὸ
507 4532 646 4585 εἶναι
679 4529 930 4603 σταθερὰν
969 4526 1340 4610 μεσημϐρίαν,
1400 4550 1423 4585 ε
1468 4521 1623 4609 ’Ὦρα
1681 4530 1805 4610 γὰρ,

167 4620 339 4698 φησὶν,
394 4618 460 4685 ἦν
506 4619 631 4674 ὡσεὶ
691 4619 843 4685 ἕκτη.
886 4642 909 4675 ι
964 4608 1139 4675 "nare
1190 4619 1278 4675 καὶ
1306 4614 1389 4674 διὰ
1426 4620 1487 4675 rb
1515 4608 1613 4687 τῆς
1666 4608 1806 4700 ὥρας

164 4707 435 4765 θαλπεινὸν
465 4704 638 4764 ἐδεῖτο
690 4707 1032 4772 ἀναπαύσεώς
1068 4729 1124 4764 τε
1185 4708 1271 4764 καὶ
1322 4706 1650 4783 ἀναψύξεως.
1709 4710 1806 4766 Καὶ

166 4795 332 4862 ἄλλως
374 4794 428 4853 δέ
462 4812 475 4827 ·
536 4796 627 4853 ἵνα
686 4798 764 4872 μή
820 4820 899 4861 τις
960 4798 1263 4865 αἰτιάσηται
1309 4799 1400 4854 τὸν
1451 4799 1661 4877 Κύριον,
1693 4804 1806 4863 πῶς

167 4900 277 4951 τοῖς
338 4890 605 4964 μαθηταῖς
650 4889 808 4944 αὑτοὺ
866 4884 1279 4966 ἐγκελευόμενος
1348 4888 1421 4951 είς
1470 4885 1588 4944 ὁδὸν
1642 4890 1803 4944 ἒθνῶν

168 4977 240 5052 μὴ
291 4976 565 5051 ἀπελθεῖν,
656 4977 813 5042 αὖτὸς
897 4979 972 5041 εἰς
1048 4978 1379 5055 Σαμαρείτας
1428 4976 1667 5057 ἔρχεται,
1720 4975 1803 5033 διὰ

164 5066 311 5122 τοῦτό
356 5087 542 5146 φησιν,
599 5064 679 5122 ὅτι
735 5068 770 5135 ἡ
825 5066 911 5123 ἐπὶ
963 5074 1056 5123 τοῦ
1110 5069 1274 5123 τόπου
1317 5064 1537 5146 καθέδρα
1594 5066 1678 5124 διὰ
1719 5069 1809 5123 τὸν

172 5156 325 5212 κόπον
379 5156 588 5236 γέγονε,
633 5158 720 5212 καὶ
763 5155 845 5211 ὅτι
887 5157 923 5224 ἡ
983 5158 1115 5235 πρὸς
1173 5156 1272 5223 τὴν
1323 5156 1556 5234 γυναῖκα
1588 5153 1809 5222 διάλεξις

174 5242 371 5323 εὔλογον
422 5247 585 5324 εἶχεν
643 5245 911 5325 ἀφορμὴν,
968 5247 1028 5301 rb
1086 5242 1261 5321 δίψος.
1323 5245 1472 5301 Ἐπεὶ
1526 5245 1624 5323 γὰρ
1658 5242 1808 5319 ἐδίψα

174 5332 456 5398 ἀκολούθως
501 5334 635 5390 κατὰ
692 5336 753 5389 rb
833 5333 1181 5415 ἀνθρώπινον,
1262 5331 1433 5390 ἐδεῖτο
1483 5335 1574 5390 καὶ
1618 5336 1800 5393 ποτοῦ.

173 5428 406 5491 Ζητοῦντι
452 5421 505 5479 δὲ
549 5421 732 5500 ὁμιλεῖ
774 5422 836 5499 τό
885 5424 1099 5502 γύναιον
1157 5421 1368 5500 ὁμιλίαν
1412 5424 1598 5503 ψυχῆς
1647 5422 1805 5503 φιλο-

1889 4366 2014 4410 sam
2044 4347 2271 4409 inducit
2303 4364 2489 4428 quare
2517 4347 2743 4409 sederit
2771 4346 2925 4428 apud
2957 4346 3352 4410 fontem.Erat
3375 4350 3534 4410 enim

1891 4445 2127 4519 tempus
2158 4436 2779 4501 meritlianumchora
2810 4436 3347 4517 enim,inquit,erat
3367 4438 3540 4519 quasi

1890 4537 2099 4590 sexta:
2140 4554 2163 4585 ι»
2200 4536 2375 4608 atque
2425 4526 2600 4587 etiam
2631 4536 2873 4607 propter
2902 4527 3065 4587 horae
3097 4526 3353 4588 calorem
3390 4546 3537 4607 opus

1891 4614 2145 4679 habebat
2175 4616 2471 4693 rilrigerio
2494 4624 2550 4677 et
2579 4614 2974 4676 recreatione.
3016 4616 3117 4677 Vel
3148 4615 3324 4678 aliter
3367 4616 3532 4691 dicit,

1890 4716 1953 4769 ut
1982 4725 2055 4768 ne
2086 4705 2217 4787 quis
2234 4704 2694 4785 reprehenderit
2719 4703 3537 4786 Dominum,quomodo,cum

1890 4796 2256 4877 praecipisset
2282 4794 2589 4874 discipulis
2621 4802 2682 4855 ut
2710 4813 2782 4855 ne
2796 4795 2946 4855 viam
2971 4802 3235 4871 gentium
3259 4792 3536 4871 ingrede-

1886 4888 2255 4965 rentur,ipse
2285 4884 2358 4944 ad
2391 4883 2801 4945 Samaritanos
2832 4886 3062 4947 venerit
3098 4901 3111 4946 :
3148 4884 3368 4946 idcirco
3398 4884 3543 4945 dicit

1886 4973 2042 5056 quod
2074 4973 2289 5033 sedens
2320 4972 2382 5034 in
2413 4971 2542 5033 loco
2579 4981 2821 5053 propter
2840 4972 3246 5051 fatigationem
3276 4972 3545 5045 fuerit,et

1891 5062 2046 5143 quod
2074 5060 2432 5141 colloquium
2456 5079 2589 5121 cum
2615 5060 2866 5123 muliere
2883 5060 3295 5123 rationabilem
3320 5059 3543 5122 habue-

1890 5150 1969 5214 rit
1981 5149 2338 5220 causam.siti
2350 5170 2398 5208 in
2414 5147 2952 5221 scilicetQuoniam
2968 5151 3125 5211 enim
3140 5148 3541 5217 sitiebat.con-

1892 5247 2213 5321 sequenter
2236 5240 2493 5300 humano
2520 5256 2684 5299 more
2718 5239 3017 5317 indigebat
3070 5251 3128 5302 et
3163 5246 3321 5320 potu.
3363 5237 3540 5309 Quae—

1891 5329 2045 5392 renti
2065 5336 2262 5391 autem
2280 5327 2540 5389 occurrit
2570 5328 3013 5397 mulier,anima
3042 5328 3314 5392 discendi
3343 5327 3536 5390 avida.

1890 5419 2040 5494 Quid
2068 5419 2251 5498 igitur
2276 5437 2425 5499 opus
2456 5426 2581 5480 erat
2605 5418 2787 5481 facto?
2805 5419 3206 5501 repelleretne
3228 5417 3541 5482 mulierem

237 5583 295 5631 9‘3
321 5556 491 5643 Joa'n:
526 5578 649 5660 vui,
684 5580 743 5646 6.
832 5585 891 5634 97
925 5562 1129 5646 Matth.
1168 5564 1237 5659 x,
1260 5587 1313 5645 ὅ.
1407 5584 1471 5634 98
1501 5585 1653 5647 Gen;
1687 5600 1808 5647 xxx.

1906 5584 2018 5645 ‘27.
2094 5596 2097 5597 '
