4070 6224
266 348 413 417 {241

971 349 1427 415 ENARRATIO.
1464 351 1544 412 IN
1590 340 2095 423 EVANGELIUM
2141 345 2483 412 JOANNIS.
2536 383 2605 393 —
2639 352 2800 414 CAP.
2854 352 2957 413 IV.

3506 346 3654 414 1242

263 483 303 551 ἠ
356 482 515 560 γυνή’
575 499 600 537 Ι
676 478 815 540 Οἵδα
887 478 968 537 ὅτι
1012 478 1229 562 ἔρχεται
1260 480 1515 545 Μεσσίας.
1581 490 1621 540 Ο
1652 478 1707 537 δὲ
1737 479 1944 559 Κύριος

2034 490 2173 536 urus
2219 477 2298 539 sit
2325 479 2717 546 Messias.»At
2748 500 2906 543 nunc
2938 498 3003 543 se
3032 479 3118 543 illi
3158 480 3498 544 manifestat
3525 480 3652 545 Do-

270 571 461 630 λοιπδν
520 568 835 629 ὶκκαλύπτει
900 572 1034 649 αὐτῇ
1090 572 1300 651 ἑαυτὸν,
1373 570 1509 630 οὕτω
1538 575 1633 639 τῆς
1694 568 1922 627 ἀκολου-

268 661 381 727 θίας
438 666 531 719 τοῦ
588 659 751 738 λόγου
780 660 1184 728 ἀπαιτησάσης.
1247 662 1305 719 El
1335 658 1389 717 δὲ
1442 661 1586 724 εὗθὺς
1637 658 1689 727 ἐξ
1746 660 1923 739 ἀρχῆς

272 750 455 830 εἶπεν,
501 748 582 807 ὅτι
614 746 758 829 Ἐγώ
810 752 917 825 εἶμι
1003 752 1031 806 ὁ
1094 751 1340 830 Χριστὸς,
1420 748 1537 808 οὕτε
1567 750 1666 819 τὴν
1697 762 1925 828 γυναῖκα

270 840 484 899 ἔπεισεν
534 838 621 914 ἅν,
667 840 755 897 καὶ
799 837 939 906 ἔδοξε
971 840 1217 920 φορτικός
1259 862 1341 904 τις
1371 840 1513 898 εἶναι
1558 841 1646 898 καὶ
1692 839 1925 912 ἀλαζώνο

271 938 359 991 νῦν
422 927 476 985 δὲ
549 928 685 988 κατὰ
757 931 943 1009 μῖκρὸν
1043 929 1204 998 αὐτὴν
1289 927 1614 1010 προϐιϐάσας
1705 929 1791 987 ἐπὶ
1869 929 1931 984 τὸ

276 1020 677 1097 ἀναμνησθῆναι
744 1023 844 1085 τῆς
904 1019 1022 1099 περὶ
1095 1021 1322 1097 Χριστοῦ
1390 1017 1729 1099 προσδοκίας,
1762 1016 1929 1081 οὕτως

277 1108 381 1177 ἤδη
441 1109 625 1165 ἑαυτὸν
681 1107 1024 1167 ἐκκαλύπτει.
1099 1109 1249 1173 Τίνος
1309 1108 1363 1166 δὲ
1421 1108 1595 1167 ἕνεκεν
1660 1121 1779 1172 τοῖς
1835 1106 1930 1183 μὲν

278 1195 548 1263 Ἰουδαίοις
599 1203 844 1279 συνεχῶς
902 1198 1191 1279 ἐρωτῶσιν,
1262 1221 1285 1255 ε
1337 1200 1465 1257 Εἰπὲ
1505 1201 1642 1275 ἡμῖν
1684 1200 1727 1255 εί
1766 1198 1829 1254 σὺ
1878 1195 1933 1279 εί

277 1288 307 1344 ὃ
336 1287 586 1368 Χριστὸς,
653 1309 679 1342 ιο
726 1277 833 1347 οὐκ
902 1277 1241 1364 ἀπεκάλυψεν
1287 1289 1498 1361 ἑαυτὸν,
1530 1293 1598 1355 τῆ
1643 1286 1698 1344 δὲ
1728 1277 1935 1367 γυναικῖ

276 1374 423 1455 λέγει
470 1394 488 1457 ς
542 1374 797 1442 Ἐκείνοις
859 1378 957 1452 μὲν
1044 1376 1192 1434 οὒδὲν
1220 1376 1390 1457 λέγει,
1435 1375 1567 1434 διότι
1600 1376 1695 1434 οὒκ
1720 1377 1810 1433 ὶπὶ
1858 1380 1936 1448 τῷ

281 1468 473 1541 μαθεῖν
532 1464 779 1546 ἠρώτων,
826 1463 947 1522 ἀλλ’
991 1466 1077 1523 ἐπὶ
1118 1473 1196 1542 τῷ
1253 1466 1458 1543 μᾶλλον
1514 1470 1931 1548 συκοφαντῆσαι·

276 1554 441 1631 ταύτῃ
491 1552 570 1629 δὲ,
642 1552 727 1612 διὰ
779 1556 842 1612 τὸ
896 1556 1208 1635 εὖγνώμονα
1239 1560 1413 1629 εἶναι,
1454 1563 1692 1636 φανερῶς
1752 1556 1936 1612 ἑαυτὸν

277 1642 667 1706 ἀποκαλύπτει.
740 1644 837 1704 Καὶ
890 1644 991 1724 γὰρ
1064 1644 1115 1710 ἐξ
1159 1644 1337 1714 ἁπλῆς
1396 1644 1619 1723 γνώμης
1686 1645 1774 1701 καὶ
1815 1642 1935 1701 δια-

278 1734 446 1815 νοίας,
498 1735 585 1791 καὶ
652 1738 884 1793 ποθοῦσα
958 1738 1149 1811 μαθεῖν
1200 1737 1263 1792 τὸ
1322 1734 1540 1809 ἀληθὲς,
1589 1734 1791 1814 ἠρώτα,
1849 1737 1937 1792 καὶ

280 1820 443 1890 δῆλον
490 1823 551 1880 ἐκ
607 1829 713 1881 τῶν
774 1824 909 1902 μετὰ
976 1833 1164 1888 ταῦτα,
1225 1826 1323 1883 Καὶ
1377 1826 1477 1904 γὰρ
1525 1825 1817 1904 ἀκούσασα,
1875 1826 1935 1883 0-3

283 1911 446 1988 μόνον
516 1914 649 1981 αύτή
718 1913 1042 1987 ἐπίστευσεν,
1116 1912 1255 1971 ἀλλὰ
1298 1915 1386 1971 καὶ
1415 1913 1606 1979 ἄλλους
1657 1916 1731 1980 εἷς
1760 1915 1935 1971 πίστιν

281 2000 656 2084 ἰσαγήνευσεν,
744 2005 831 2061 καὶ
912 2006 1193 2084 πανναχοῦ
1276 2006 1311 2073 ἡ
1364 2004 1497 2084 γυνὴ
1553 2005 1788 2085 φαίνεται
1847 2003 1934 2059 καὶ

282 2088 635 2170 ἀκριϐουμένη
693 2094 779 2150 ναὶ
843 2094 1031 2164 πιστή,
1126 2093 1566 2173 Ἀπαρτισθείσης
1638 2091 1693 2149 δὲ
1747 2090 1933 2149 λοιπὸν

282 2180 379 2248 τῆς
451 2183 585 2259 πρὸς
646 2181 746 2251 τήν
804 2195 1034 2261 γυναῖκα
1111 2181 1322 2258 ὁμιλίας
1406 2183 1495 2239 καὶ
1572 2178 1929 2259 διδασκαλίας,

284 2270 535 2348 εὐκαίρως
591 2270 906 2343 ἀπήντησαν
974 2274 1021 2329 οἱ
1081 2272 1340 2345 μαθηταὶ,
1368 2272 1457 2328 καὶ
1514 2270 1804 2347 ἐθαύμαζον
1872 2272 1932 2326 τὸ

285 2358 479 2438 ἄτυφον
561 2363 740 2433 αὖτοῦ,
801 2360 882 2417 ὅτι
941 2360 1110 2427 οὕτως
1140 2361 1215 2417 ὤν
1260 2358 1460 2427 ἔνδοξος
1504 2361 1589 2418 καὶ
1619 2357 1935 2439 περιϐόητος

286 2449 431 2528 παρὰ
496 2454 676 2523 πᾶσιν,
740 2449 988 2531 ἠνείχετο
1036 2451 1173 2526 μετὰ
1234 2450 1501 2518 τοσαύτης
1600 2446 1935 2529 συγκαταϐά-

289 2558 424 2603 σεως
481 2539 688 2616 γυναικὶ
735 2536 1065 2619 διαλέγεσθαι
1146 2546 1377 2620 πενιχρᾷ
1425 2540 1515 2598 καὶ
1571 2536 1934 2619 Σαμαρείτιδι.

292 2626 653 2702 Θαυμάζοντες
707 2625 786 2701 δὲ,
853 2626 999 2705 ὅμως
1058 2632 1117 2689 ού
1173 2628 1445 2709 θαῤῥοῦσιν
1490 2628 1787 2709 ἐρωτῆσαι,
1821 2629 1940 2708 περὶ

291 2716 429 2781 τίνος
480 2717 612 2795 αὐτῇ
671 2715 993 2798 διαλέγεται·
1048 2718 1217 2783 οὕτως
1284 2719 1418 2788 ἦσαν
1506 2718 1938 2798 πεπαιδευμένοι,

292 2811 379 2863 καὶ
451 2806 552 2875 τὴν
648 2811 919 2883 μαθηταῖς
1016 2807 1320 2888 πρέπουσαν
1391 2806 1665 2868 εὒλάϐειαν
1724 2808 1940 2888 ἐτήρουν

292 2899 420 2978 πρὸς
475 2900 566 2956 τὸν
623 2898 958 2959 διδάσκαλον.
1021 2903 1080 2959 El
1153 2900 1207 2956 δὲ
1250 2924 1352 2958 που
1384 2903 1472 2958 mel
1502 2903 1769 2982 φαίνοιντο
1798 2898 1943 2978 παῤ-

294 2989 692 3066 ῥησοαζόμενοι,
763 2988 942 3068 ὥσπερ
1002 2988 1253 3057 Ἰωάννης
1313 2991 1469 3059 ἡνίκα
1522 2991 1702 3047 πίπτει
1742 2990 1830 3045 επὶ
1882 2988 1942 3043 τὸ

2007 565 2223 637 minus.
2248 566 2328 630 ita
2357 571 2787 653 consequentia
2817 571 3110 633 sermonis
3168 571 3463 650 exigente.
3497 569 3652 635 Sane

2007 654 2058 716 si
2088 656 2281 719 statim
2313 658 2386 721 ab
2410 659 2578 722 initio
2607 660 2873 737 dixisset,
2896 660 3016 739 Ego
3048 680 3178 723 sum
3212 660 3502 737 Christus,
3538 679 3649 723 ne-

2009 764 2124 827 que
2154 747 2384 809 mulieri
2420 750 2836 829 persuasisset,
2872 758 2930 812 et
2958 750 3114 811 visus
3135 750 3342 813 fuisset
3362 770 3650 813 onerosus

2011 835 2306 916 quispiam
2334 847 2391 900 et
2419 858 2703 919 arrogans
2737 858 2933 902 :nunc
2974 840 3255 920 paulatim
3305 841 3378 903 ad
3412 842 3523 903 hoc
3551 841 3648 903 in-

2014 925 2268 1006 ducit,ut
2290 929 2514 991 mentio
2542 932 2640 991 ﬁat
2661 929 3115 1009 exspectationis
3144 929 3386 994 Christi.
3423 930 3510 993 Ita
3532 930 3658 1011 jam

2013 1033 2078 1076 se
2107 1015 2192 1077 illi
2215 1017 2458 1097 detegit.
2481 1019 2663 1100 Cujus
2687 1018 2875 1098 gratia
2912 1019 3131 1082 Iudaeis
3176 1019 3414 1100 quidem
3462 1020 3659 1084 conti-

2015 1121 2133 1166 nuo
2172 1107 2313 1169 559
2360 1107 2862 1189 interrogantibus
2897 1128 2911 1169 :
2950 1132 2975 1165 κ
3009 1108 3115 1172 Dic
3166 1108 3362 1190 nobis,
3422 1128 3567 1171 num
3597 1118 3658 1171 tu

2017 1212 2081 1256 es
2124 1195 2391 1259 Christus
2425 1198 2502 1270 12,
2534 1219 2561 1259 »
2597 1217 2713 1260 non
2756 1198 3042 1260 revelavit
3089 1198 3375 1280 seipsum,
3426 1198 3659 1261 mulieri

2018 1292 2216 1347 autem
2241 1286 2416 1349 dicit?
2445 1288 2567 1351 [llis
2596 1288 2837 1370 quidem
2864 1287 3013 1349 nihil
3038 1287 3202 1365 dicit,
3229 1306 3299 1350 eo
3349 1286 3507 1367 quod
3541 1305 3660 1349 non

2016 1373 2457 1455 interrogabant
2504 1378 2769 1440 discendi
2835 1379 3042 1458 gratia,
3098 1384 3203 1439 sed
3262 1375 3661 1438 calumniandi

2017 1464 2215 1526 animo
2241 1485 2258 1529 :
2283 1466 2423 1529 huic
2452 1474 2669 1549 autem,
2706 1466 2845 1547 quia
2875 1466 3140 1529 studiosa
3172 1473 3321 1542 erat,
3348 1464 3660 1527 manileste

2017 1571 2083 1616 se
2110 1554 2507 1619 revelat.Nam
2537 1557 2693 1637 quod
2723 1556 2982 1639 simplici
3014 1562 3211 1619 mente
3230 1563 3286 1618 et
3308 1554 3661 1634 cogitatione

2018 1642 2409 1725 discendique
2425 1644 2725 1708 desiderio
2758 1644 3462 1726 rogaverit,manitestum
3486 1662 3553 1705 ex
3573 1644 3663 1705 his

2018 1750 2150 1812 quae
2176 1743 2527 1814 sequuntur.
2558 1735 2704 1797 Nam
2739 1744 2799 1796 ut
2835 1735 3082 1807 audivit,
3136 1752 3257 1796 non
3304 1733 3497 1795 solum
3534 1733 3663 1814 ipsa

2019 1821 2293 1899 credidit,
2328 1824 2433 1885 sed
2466 1826 2641 1886 etiam
2672 1824 2821 1886 alios
2862 1825 2935 1886 ad
2969 1823 3146 1885 ﬁdem
3198 1822 3459 1897 adduxit,
3492 1840 3658 1884 sem-

2018 1928 2243 1992 perque
2270 1921 2518 1993 apparet
2546 1921 2602 1975 et
2632 1914 2846 1991 ﬁdelis,
2884 1922 2941 1975 et
2971 1912 3296 1992 diligenter
3322 1910 3656 1993 inquirens.

2018 1998 2313 2062 Absoluto
2327 2010 2522 2064 autem
2537 2003 2832 2085 colloquio
2856 2020 2987 2067 cum
3017 2002 3269 2064 muliere
3285 2020 3353 2063 ac
3366 2000 3657 2074 doctrina,

2017 2091 2361 2170 tempestive
2393 2102 2781 2155 occurrerunt
2809 2092 3109 2173 discipuli,
3145 2099 3204 2153 et
3224 2089 3499 2153 admirati
3522 2090 3664 2151 sunt

2017 2178 2414 2243 humilitatem
2439 2182 2590 2262 ejus,
2615 2182 2770 2263 quod
2803 2201 2935 2244 cum
2980 2189 3094 2243 tam
3154 2180 3447 2262 gloriosus
3478 2186 3659 2255 esset,

2020 2275 2077 2329 et
2104 2269 2259 2349 apud
2284 2288 2493 2333 omnes
2542 2271 2819 2353 celebris,
2874 2291 2989 2334 non
3038 2271 3397 2349 dedignatus
3427 2270 3663 2331 sitcum

2020 2362 2135 2418 tam
2192 2376 2453 2439 paupere
2510 2368 2569 2421 et
2623 2360 2991 2423 Samaritana
3049 2360 3299 2423 muliere
3331 2364 3488 2421 tanta
3527 2375 3663 2421 cum

2022 2447 2311 2511 modestia
2342 2468 2681 2514 sermonem
2716 2452 2961 2516 habere.
3009 2451 3391 2514 Admirantes
3442 2457 3661 2523 autem,

2022 2554 2141 2598 non
2189 2539 2407 2602 audent
2436 2557 2645 2622 rogare
2668 2542 2743 2604 de
2773 2562 2889 2623 quo
2922 2543 3201 2624 loquatur
3232 2538 3468 2621 ei;adeo
3501 2546 3671 2600 erant

2022 2626 2178 2691 bene
2209 2631 2537 2711 compositi,
2559 2640 2864 2696 servantes
2894 2652 3057 2694 suam
3083 2648 3221 2711 erga
3243 2635 3667 2708 praeceptorem

2022 2719 2439 2783 reverentiam.
2474 2720 2638 2794 Quod
2673 2722 2724 2783 si
2758 2721 2978 2785 alicubi
3005 2719 3390 2802 apparuerint
3420 2715 3672 2778 ﬁdenter

2027 2806 2362 2888 loquentes,
2396 2810 2546 2872 sicut
2592 2812 2850 2873 Joannes
2902 2829 3036 2873 cum
3083 2807 3465 2871 recumberet
3492 2821 3671 2885 super

2028 2904 2257 2977 pectus,
2286 2906 2345 2959 et
2369 2916 2503 2959 cum
2522 2899 2882 2963 accederent
2912 2908 2969 2963 et
2992 2898 3264 2960 dicerent
3293 2914 3308 2959 :
3349 2894 3529 2969 «Quis
3550 2911 3671 2955 ma-

2018 2983 2147 3063 jor?
2182 3009 2203 3041 ι
2238 2995 2296 3048 et
2326 3005 2458 3048 cum
2490 2988 2599 3050 ﬁlii
2629 2988 2902 3051 Zebedzei
2935 2987 3321 3051 obsecrarent
3349 2994 3414 3048 ut
3444 3001 3597 3045 unus
3639 3001 3673 3044 a

294 3080 511 3154 στῆθος,
586 3078 675 3135 καὶ
722 3079 847 3136 ὃταν
902 3079 1209 3157 προσιόντες
1280 3078 1530 3158 λέγωσιν.
1590 3100 1613 3135 ιι
1669 3078 1757 3142 Τίς
1815 3076 1936 3153 μεί-

2030 3074 2271 3150 dextris,
2305 3084 2362 3137 et
2390 3076 2540 3138 alter
2559 3096 2593 3139 a
2612 3077 2869 3139 sinistris
2890 3078 3171 3140 sederent
3199 3096 3216 3137 :
3242 3075 3344 3138 illa
3366 3072 3675 3154 inquirunt

296 3174 449 3248 ζωνς
517 3189 540 3224 ι
605 3169 689 3224 καὶ
748 3166 872 3225 ὅναν
931 3171 978 3227 οἱ
1042 3176 1134 3227 τοῦ
1202 3167 1475 3227 Ζεϐεδαίου
1536 3166 1943 3249 παρακαλῶσιν,

295 3254 389 3315 ἵνα
453 3255 537 3323 εἷς
619 3255 672 3324 ἐξ
729 3257 1036 3338 εὐωνύμων,
1093 3259 1182 3315 καὶ
1211 3260 1295 3325 εἷς
1325 3257 1386 3317 ἐκ
1421 3258 1602 3325 δεξιῶν
1632 3258 1940 3315 καθίσωσιν⁶

298 3344 417 3403 ἀλλ’
471 3346 653 3405 ἐκεῖνα
704 3348 778 3413 ὡς
804 3349 877 3413 εἷς
907 3348 1093 3409 αὐτοὺς
1125 3347 1411 3421 ἀνήκοντα,
1472 3350 1560 3406 καὶ
1600 3347 1733 3411 τέως
1777 3347 1948 3426 ἀναγ-

300 3434 437 3493 καῖα
493 3435 676 3504 αὐτοῖς
774 3442 1088 3518 φαινόμενα,
1148 3436 1495 3509 ἐξετάζουσιν.
1553 3435 1808 3497 Ἐνταῦθα
1864 3435 1943 3514 δὲ,

301 3525 415 3582 ἐπεὶ
470 3527 550 3602 μὴ
608 3535 857 3588 τοσοῦτον
940 3527 1125 3593 αύτοτς
1196 3524 1398 3608 διέφερε
1450 3529 1511 3585 τὸ
1554 3535 1762 3603 ζητεῖν,
1812 3528 1840 3586 ὃ
1876 3528 1953 3603 μὴ

303 3613 595 3695 ἀναγκαῖον
651 3619 719 3685 ἦν
789 3615 953 3694 ὅλως,
1012 3614 1097 3675 διὰ
1152 3623 1307 3674 τοῦτο
1338 3620 1399 3677 οὒ
1446 3619 1684 3699 χρῶνται
1712 3624 1782 3696 τῇ
1810 3615 1953 3697 παῤ-

302 3704 461 3782 ῥησίᾳ
489 3706 563 3772 ὡς
612 3707 690 3783 μὴ
713 3705 914 3788 ἐχούσῃ
944 3708 1151 3783 καιρόν.

392 3814 417 3851 ε
488 3793 722 3877 Ἀφῆκεν
753 3794 843 3854 οὖν
874 3796 972 3865 τὴν
997 3793 1172 3876 ὒδρίαν
1217 3796 1380 3865 αδτῆς
1412 3798 1447 3865 ἡ
1471 3797 1605 3876 γυνὴ
1633 3796 1721 3855 καὶ
1768 3795 1951 3865 ἀπῆλ-

304 3887 389 3941 θεν
459 3884 534 3948 είς
591 3886 690 3955 τὴν
722 3884 902 3961 πόλιν,
934 3887 1021 3944 καὶ
1051 3885 1196 3965 λέγει
1241 3900 1359 3951 τοῖς
1407 3887 1723 3967 ἀνθρὼποις’
1766 3896 1947 3968 Δεῦτε,

307 3970 451 4031 ἴδετε
519 3972 817 4055 ἄνθρωπον,
876 3978 934 4044 ὃς
986 3974 1111 4034 εἶπὲ
1181 4000 1273 4052 μοι
1330 3978 1504 4035 πάντα
1559 3976 1656 4033 ὅσα
1699 3976 1950 4045 ἐποίησα⁶

310 4064 442 4139 μήτι
530 4064 683 4131 οὗτός
737 4065 878 4125 ἐστιν
936 4069 965 4124 ὁ
1022 4068 1245 4147 Χριστός
1279 4086 1296 4148 ς
1330 4064 1581 4134 Ἐξῆλθον
1610 4067 1698 4125 οὖν
1755 4067 1816 4124 ἐκ
1857 4067 1954 4135 τῆς

310 4152 544 4236 πόλεως,
602 4156 691 4213 καὶ
733 4155 968 4238 ἤρχοντο
997 4158 1127 4235 πρὸς
1158 4156 1337 4221 αὐτόν,
1378 4179 1402 4215 ι
1441 4163 1700 4215 Τοσοῦτον
1749 4157 1957 4239 ἀνήφθη

310 4246 411 4313 τὴν
470 4243 683 4321 καρδίαν
737 4248 773 4315 ἡ
829 4246 966 4326 γυνὴ
1035 4248 1137 4303 ὑπὸ
1185 4249 1291 4304 τῶν
1340 4247 1653 4327 εἰρημένων,
1697 4248 1835 4305 ὣστε
1872 4249 1960 4305 καὶ

2030 3166 2196 3243 quasi
2227 3164 2300 3225 ad
2331 3183 2395 3228 se
2423 3168 2755 3244 attinentia,
2790 3176 2848 3229 et
2879 3172 3020 3232 tunc
3052 3167 3138 3229 eis
3169 3164 3505 3228 necessaria
3526 3162 3668 3224 visa.

2029 3251 2155 3315 Hoc
2186 3263 2382 3317 autem
2416 3256 2547 3320 loco
2566 3257 2700 3339 quia
2733 3276 2849 3320 non
2881 3276 3068 3336 usque
3096 3256 3246 3320 adeo
3277 3256 3541 3338 ipsorum
3574 3252 3670 3313 in-

2030 3352 2245 3405 tererat
2276 3364 2570 3428 quaerere,
2604 3365 2797 3430 neque
2817 3347 3223 3410 necessarium
3257 3343 3674 3423 omnino,pro-

2032 3440 2235 3514 pterea
2265 3452 2384 3496 non
2408 3442 2654 3498 utuntur
2694 3437 2931 3519 ﬁducia,
2964 3455 3036 3499 eo
3068 3435 3225 3518 quod
3264 3453 3383 3497 non
3418 3431 3677 3495 habeant

2034 3529 2269 3605 tempus
2289 3533 2711 3606 opportunum.

2114 3792 2297 3859 Vens.
2326 3796 2851 3881 98-30.¢Reliquit
2879 3819 3020 3882 ergo
3042 3798 3311 3881 hydriam
3342 3814 3509 3859 suam
3543 3812 3679 3856 mu-

2033 3883 2238 3963 lier,et
2267 3886 2411 3948 abiit
2439 3887 2500 3949 in
2532 3888 2913 3969 civitatem,et
2942 3892 3085 3954 dicit
3123 3889 3245 3953 illis
3274 3884 3616 3950 hominibus
3659 3902 3675 3943 :

2034 3973 2272 4058 Venite,
2310 3975 2499 4039 videte
2529 3979 2833 4044 hominem
2855 3981 2959 4062 qui
2980 3980 3126 4043 dixit
3155 3978 3301 4041 mihi
3331 3975 3527 4039 omnia
3552 3990 3684 4054 qua

2040 4064 2155 4127 feci
2187 4083 2366 4128 :num
2399 4067 2496 4129 hic
2533 4077 2623 4129 est
2678 4069 2781 4131 ille
2820 4069 3120 4135 Christus?
3150 4068 3437 4131 Exierunt.
3477 4082 3617 4143 ergo
3649 4079 3684 4123 e

2044 4154 2365 4230 civitate,et
2399 4158 2714 4225 veniebant
2742 4162 2813 4223 ad
2850 4180 3010 4223 eum.
3050 4186 3072 4218 ι
3112 4162 3177 4224 ln
3217 4164 3440 4221 tantum
3463 4171 3682 4216 accen-

2046 4263 2176 4306 sum
2210 4254 2297 4307 est
2322 4265 2425 4308 cor
2455 4248 2717 4312 mulieris
2748 4250 2919 4313 dictis
2949 4249 3447 4323 Dominicis,utet
3474 4260 3686 4322 aquam

314 4334 411 4402 τὴν
482 4331 656 4408 ὑδρίαν
711 4333 949 4415 ἀφεῖναιο
1009 4335 1176 4401 οὕτως
1234 4335 1333 4415 ἄρα
1375 4335 1591 4417 ταχέως
1636 4336 1944 4413 προετίμησε

2044 4334 2432 4416 relinqueret.
2466 4339 2563 4401 Sic
2587 4340 2765 4419 igitur
2791 4340 2985 4403 statim
3012 4339 3267 4422 praetulit
3296 4354 3507 4417 aquam
3525 4331 3688 4396 Chri-

312 4424 375 4512 τὸ
446 4422 583 4503 ὕδωρ
642 4411 1023 4505 τοῦ-Χριστοῦ
1089 4427 1188 4492 τῆς
1246 4411 1339 4485 τοῦ
1402 4411 1593 4484 Ἰακὼϐ
1633 4411 1840 4505 πηγῆς-⁸
1876 4449 1943 4483 κα

2045 4428 2117 4489 sti
2149 4411 2288 4489 fonti
2319 4411 2695 4511 Jacob,et'ﬁt
2730 4431 2995 4512 apostola
3013 4411 3297 4494 ordinata
3333 4411 3367 4489 a
3394 4426 3535 4505 ﬁde,
3560 4439 3691 4503 qua!

315 4511 382 4582 δὴ
439 4512 735 4578 ἀπόστολος
792 4515 1014 4595 γίνεται,
1087 4516 1188 4571 ὑπὸ
1259 4520 1358 4583 τῆς
1388 4515 1487 4583 τὴν
1541 4512 1755 4593 καρδίαν
1798 4517 1963 4584 αὐτῆς

318 4601 705 4684 περιλαϐούσης
801 4603 1029 4668 πίστεως
1102 4603 1572 4685 χειροτονηθεῖσα,
1663 4605 1751 4662 καὶ
1809 4604 1964 4663 πόλιν

319 4692 615 4771 ὁλόκληρον
662 4690 919 4768 διδάσκει,
990 4696 1077 4751 καὶ
1147 4693 1446 4775 ἐφέλκεται,
1500 4715 1527 4749 ε
1565 4700 1749 4776 Δεῦτε,
1779 4697 1962 4775 φησὶν,

320 4782 460 4865 ἴδετε
511 4781 807 4865 ἄνθρωπον,
866 4782 925 4847 ὅς
991 4784 1113 4841 εἶπὲ
1171 4806 1261 4860 μοι
1291 4784 1463 4841 πάντα
1504 4783 1603 4840 ὃσα
1645 4782 1896 4852 ἐποίησα.
1935 4808 1959 4842 ι

319 4853 540 4937 ’ὶοντως
596 4853 810 4930 ἐπειδὰν
881 4873 1124 4952 ἑπυρώθη
1297 4874 1452 4955 ψυχὴ
1484 4874 1609 4952 πυρὶ
1657 4874 1801 4955 θείῳ,
1835 4876 1965 4955 πρὸς

320 4960 463 5021 οῦδὲν
522 4964 628 5019 τῶν
692 4962 747 5019 ἐν
815 4970 886 5043 γῇ
942 4966 1060 5044 ὁρᾷ,
1135 4967 1194 5021 οὐ
1237 4966 1365 5043 πρὸς
1417 4963 1702 5045 αὶσχύνην,
1737 4967 1796 5022 οὗ
1838 4966 1968 5044 πρὸς

320 5050 557 5128 ἀτιμίαν,
622 5049 752 5111 Ἰδοὺ
805 5053 892 5111 οὖν
953 5054 1040 5110 καὶ
1094 5053 1227 5121 αὕτη
1301 5057 1395 5113 οὐκ
1455 5054 1759 5131 αἰσχύνεται
1789 5056 1876 5113 καὶ
1906 5056 1970 5111 τὰ

323 5140 501 5199 οἰκεῖα
557 5140 991 5219 ἱκπομπεύουσα,
1065 5141 1203 5199 ἀλλὰ
1228 5158 1411 5222 φησιν·
1464 5165 1493 5199 ε
1554 5134 1663 5204 H0::
1722 5142 1847 5201 ε’ίπέ
1879 5166 1969 5220 μοι

322 5232 497 5290 πάντα
555 5231 655 5289 ὅσα
724 5231 970 5299 ἐποίησα.
1014 5254 1040 5291 ι
1130 5228 1318 5292 Καίτοι
1361 5252 1423 5310 γε
1464 5230 1688 5301 ἠδύνατο
1716 5233 1804 5289 καὶ
1848 5232 1969 5289 ἑτέ-

325 5344 430 5401 ρως
484 5322 678 5379 εἰπεῖν·
744 5327 927 5402 Δεῦτε,
979 5319 1121 5378 ἴδετε
1207 5321 1491 5401 προφήτην
1546 5322 1968 5402 προφητεύονταο

325 5410 445 5469 ἀλλ’
495 5415 600 5493 οὐχ
644 5408 837 5485 οὕτως,
900 5408 1038 5467 ἀλλὰ
1096 5422 1418 5491 καταφρονεῖ
1437 5414 1536 5477 τῆς
1582 5411 1772 5477 οἰκείας
1815 5408 1970 5480 δόξης

326 5502 414 5561 καὶ
484 5504 615 5580 πρὸς
698 5502 762 5558 τὸ
817 5499 1036 5580 κηρύξαι
1094 5501 1190 5571 τὴν
1247 5498 1497 5572 ἀλήθειαν
1528 5498 1818 5560 ἀποϐλέπει
1860 5502 1971 5578 μό-

403 5661 458 5708 ¹²
484 5662 698 5733 Matth.
729 5678 899 5745 ιινι,
930 5661 1031 5729 63.

2046 4534 2154 4609 (³9ιῖ
2170 4517 2298 4597 eius
2326 4529 2739 4609 occupaverat,
2796 4521 3183 4609 docetqueet
3221 4517 3460 4580 attrahit
3500 4520 3690 4609 totam

2048 4606 2368 4672 civitatem.
2407 4631 2430 4666 ιι
2468 4600 2703 4685 Venite,
2757 4600 3218 4690 inquitfvidete
3249 4624 3384 4670 eum
3416 4603 3517 4685 qui
3550 4600 3695 4663 mihi

2046 4696 2197 4760 dixit
2218 4697 2419 4761 omnia
2445 4717 2812 4780 quaecunque
2844 4700 2981 4761 feci.
3010 4721 3037 4760 ι
3092 4698 3363 4762 Profecto
3413 4690 3691 4775 quoniam

2047 4804 2302 4859 accensa
2322 4788 2429 4850 fuit
2455 4790 2657 4851 anima
2678 4788 2877 4851 divino
2902 4790 3130 4870 igni,ad
3158 4787 3303 4849 nihil
3333 4800 3540 4847 eorum
3563 4797 3696 4855 quae

2051 4874 2303 4938 interra
2358 4877 2643 4958 respicit:
2679 4898 2797 4941 non
2856 4880 2929 4941 ad
2990 4878 3420 4947 confusionem,
3455 4889 3574 4934 non
3623 4870 3695 4932 ad

2053 4966 2462 5045 ignominiam,
2500 4984 2610 5030 nec
2633 4986 2700 5029 ac
2722 4968 2880 5030 aliud
2905 4967 3233 5050 quippiam.
3256 4966 3414 5028 Ecce
3444 4960 3622 5041 igitur
3637 4968 3699 5050 et

2053 5056 2161 5117 ista
2189 5075 2306 5117 non
2336 5065 2575 5119 veretur
2603 5076 2708 5119 sua
2736 5048 2966 5120 secreta
2989 5048 3273 5139 pandere.
3308 5053 3413 5117 sed
3434 5048 3698 5133 δίιμΩυί

2054 5143 2201 5207 dixit
2230 5145 2377 5207 mihi
2407 5148 2606 5208 omnia
2658 5165 2787 5228 quae
2834 5148 2969 5210 feci.
3006 5173 3028 5206 υ
3083 5145 3361 5219 Quamvis
3400 5150 3599 5225 posset
3643 5148 3702 5203 et

2053 5234 2229 5296 aliter
2253 5234 2489 5297 dicere:
2521 5233 2755 5311 Venite,
2792 5236 2985 5299 videte
3040 5235 3389 5317 prophetam
3445 5231 3700 5314 prophe-

2056 5330 2273 5386 tantem
2309 5343 2323 5385 :
2359 5333 2417 5386 at
2446 5343 2565 5387 non
2597 5324 2705 5387 sic.
2742 5326 3080 5389 Contemnit
3127 5333 3324 5387 autem
3385 5340 3550 5384 suam
3582 5319 3702 5400 glo-

2053 5413 2225 5488 riam,
2252 5420 2311 5476 et
2334 5412 2407 5475 ad
2446 5413 2559 5475 hoc
2591 5413 2782 5476 solum
2830 5420 3052 5495 spectat
3090 5420 3151 5474 ut
3209 5411 3491 5495 praedicet
3544 5408 3701 5470 v‘eri-

2054 5508 2256 5567 tatem.
2282 5499 2411 5565 Non
2441 5501 2585 5566 dicit
2624 5511 2847 5580 autem,
2877 5501 2986 5567 Hic
3008 5510 3097 5567 est
3126 5502 3416 5584 Christus,
3448 5499 3703 5563 afﬁrma-
