4070 6224
366 395 517 475 ι-ειδ

1061 415 1503 479 ENARRATIO
1548 418 1628 478 IN
1674 409 2177 478 EVANGELIUM
2206 393 2209 396 ‘
2242 393 2585 479 'JOANNIs.
2630 395 2914 479 —'CAP.
2964 415 3069 478 1v.

3574 388 3749 476 12°46

362 547 596 614 δοθέντες
649 553 804 628 αὐτῇ,
866 550 894 608 ὅ
956 550 1011 608 ἐν
1063 554 1141 625 τῷ
1188 550 1507 630 παραδείσῳ,
1554 552 1582 609 ὁ
1630 550 1715 609 ἐπὶ
1742 558 1833 610 τοῦ
1862 558 2002 627 Νῶε,

2092 545 2286 630 itaque
2307 549 2572 632 quinque
2603 550 2833 631 legibus
2859 551 2994 630 conj
3006 556 3185 612 uncta
3208 555 3414 613 natura
3436 557 3494 612 et
3512 554 3737 611 sextam

362 637 391 695 ὅ
439 636 525 695 ἐπὶ
580 644 673 697 τοῦ
739 637 1006 718 Ἀϐραὰμ,
1066 640 1094 697 ὀ
1152 638 1237 697 ἐπὶ
1296 649 1390 701 τοῦ
1441 639 1698 715 Μωσέως,
1731 642 1759 698 ὀ
1789 639 1874 698 διὰ
1903 646 2010 699 τῶν

362 732 670 807 προφητῶν.
734 718 791 787 Ὀ
865 734 984 787 Νῶε
1031 729 1132 809 γὰρ
1161 729 1297 805 μετὰ
1350 731 1441 787 τὸν
1483 730 1854 807 κατακλυσμὸν
1893 730 2009 788 δια-

360 817 533 893 ταγήν
589 838 704 874 τινα
734 814 962 895 έδέξατο,
1022 818 1110 875 καὶ
1166 819 1194 874 ὀ
1222 816 1467 898 Ἀϐραὰμ
1509 820 1607 889 τὴν
1648 820 1746 889 τῆς
1790 843 2009 901 περιτο-

362 909 495 980 pic.
559 906 771 970 Τούτοις
840 906 930 964 οὖν
1000 918 1119 973 τοῖς
1190 906 1346 964 πέντε
1404 908 1586 985 νόμοις
1646 916 1929 989 συζυγεῖσα
1974 912 2009 979 ἡ

362 994 535 1073 φύσις,
609 997 698 1051 καὶ
752 996 905 1055 ἓκτον
966 994 1293 1077 προσέλαϐεν
1336 995 1550 1077 ὕστερον
1606 998 1663 1055 ὄν
1712 1000 1807 1057 οὒκ
1850 999 2010 1080 εἶχεν

362 1080 545 1163 ἄνδρα,
618 1081 734 1143 οὐδὲ
790 1087 1044 1165 συνεζύγη
1098 1084 1325 1165 οὗδέπω,
1378 1088 1469 1144 τὸν
1509 1094 1609 1156 τῆς
1639 1094 1840 1157 Καινῆς
1875 1098 2008 1146 Δια-

358 1172 554 1243 θήκης.
616 1176 843 1245 Νοήσειε
871 1172 918 1231 δ’
960 1174 1023 1233 ἄν
1048 1198 1127 1241 τις
1159 1175 1310 1233 ἕκτον
1340 1176 1525 1253 νόμον,
1579 1175 1635 1234 ὅν
1694 1176 1848 1257 ἃνδρα
1919 1179 2011 1236 οῦκ

363 1260 521 1347 ετψεν
571 1263 607 1331 ἡ
678 1262 854 1344 φύσις,
912 1264 1003 1322 τὸν
1055 1265 1151 1334 τῆς
1184 1263 1640 1346 εἶδωλολατρείας.
1686 1273 1879 1325 Τοῦτον
1909 1268 2007 1347 γὰρ

360 1346 426 1418 δὴ
479 1350 571 1409 τὸν
643 1352 805 1435 νόμον
856 1353 953 1411 οὒκ
982 1353 1140 1435 εἶχεν
1169 1355 1230 1412 ἐκ
1260 1362 1391 1414 Θεοῦ
1419 1353 1631 1413 δοθέντα
1674 1356 1807 1425 αἰτῇ
1850 1346 2008 1428 σύζυὲ

359 1461 477 1519 γον,
536 1429 659 1498 ἀλλ’
712 1442 783 1508 ὡς
838 1429 1098 1523 μοιχαλὶς
1158 1444 1405 1523 ὶμίγνυτο
1477 1446 1666 1520 τούτῷ.
1704 1446 1796 1503 Διὸ
1843 1448 1931 1503 καὶ
1981 1447 2008 1502 ὀ

360 1531 638 1611 προφήτης
696 1533 848 1612 φησί·
916 1555 944 1588 α
984 1534 1079 1592 Kal
1109 1532 1414 1615 ξμοιχῶντο
1443 1532 1497 1591 ἐν
1525 1542 1602 1610 τῷ
1660 1534 1819 1609 ξύλῳο
1860 1557 1883 1593 ε
1919 1537 2007 1593 καὶ

358 1619 542 1677 πάλιν·
608 1643 636 1676 ι
698 1618 1109 1702 Ἐξεπόρνευσαν
1161 1624 1331 1681 ὀπίσω
1403 1625 1601 1683 παντὸς
1632 1623 1809 1698 ξύλου,
1851 1647 1875 1682 ι
1922 1624 2006 1682 διὰ

358 1709 423 1766 τὰ
478 1707 686 1788 γλυπτὰ
742 1707 946 1780 δηλαδή
978 1712 1066 1769 καὶ
1094 1713 1159 1770 τὰ
1186 1710 1367 1789 δένδρα
1396 1713 1433 1769 ἅ
1459 1711 1677 1790 ἐτίμων.
1738 1714 1826 1779 Είς
1875 1737 2003 1771 τοσ-

2092 639 2380 722 acccepit,
2410 660 2587 722 quam
2620 648 2814 703 tamen
2846 660 2963 703 non
2996 638 3252 703 habebat
3276 638 3743 704 utvirum.t\'on-

2094 728 2236 790 dum
2271 730 2430 791 enim
2463 727 3200 809 conjungebatsibilegem
3226 727 3371 789 Novi
3401 726 3747 789 Testamen-

2094 818 2159 881 ti.
2191 816 2556 881 Intellexerit
2586 818 2715 879 561
2757 830 2955 880 autem
2989 818 3120 899 quis
3148 836 3258 898 per
3277 826 3497 879 sextam
3518 817 3742 895 legem,

2094 926 2267 989 quam
2297 916 2360 969 ut
2388 909 2576 971 virum
2610 928 2727 971 non
2758 907 3014 971 habebat
3035 908 3469 987 natura,legem
3499 906 3746 968 idolola-

2095 998 2242 1061 triae.
2278 996 2443 1061 Hanc
2474 998 2635 1061 enim
2679 1000 2867 1077 iegem
2901 1016 3020 1059 non
3052 995 3307 1059 habebat
3338 1016 3373 1059 a
3396 996 3518 1058 Deo
3547 995 3741 1057 datam

2094 1086 2209 1148 sibi
2243 1088 2696 1169 conjugem,sed
2730 1087 2889 1149 velut
2922 1086 3257 1148 adulterum
3285 1083 3573 1165 jungebat
3604 1085 3739 1147 sibi.

2093 1174 2236 1237 Ideo
2267 1184 2325 1238 et
2354 1177 2641 1258 propheta
2672 1176 2856 1239 dicit:
2894 1196 2923 1237 ‹
2958 1174 3027 1236 Ει
3056 1174 3545 1237 adulterabantur
3574 1174 3635 1235 in
3674 1176 3745 1235 li-

2093 1264 2305 1345 gno“.
2338 1288 2365 1326 ι
2398 1264 2468 1327 Et
2523 1265 2762 1342 iterum,
2823 1290 2849 1320 cr
2883 1264 3187 1328 Fornicati
3245 1272 3377 1343 post
3427 1280 3607 1325 omne
3666 1264 3741 1323 li-

2091 1373 2270 1434 gnum
2298 1354 2369 1428 ’⁸,
2409 1374 2437 1413 ›
2473 1366 2715 1437 propter
2763 1354 3067 1431 sculptilia
3125 1351 3357 1416 scilicet
3401 1360 3459 1414 et
3499 1350 3744 1413 arbores

2091 1463 2237 1525 quas
2265 1443 2561 1507 colebant.
2597 1447 2681 1507 Eo
2713 1444 2873 1507 enim
2896 1443 3214 1506 dementia;
3249 1449 3603 1523 pervenerat
3632 1460 3741 1501 na-

2092 1540 2244 1610 tura,
2276 1542 2340 1595 ut
2369 1542 2427 1595 et
2456 1533 2770 1596 arboribus
2804 1532 3069 1615 pulchris
3120 1540 3365 1614 propter
3406 1528 3741 1612 pulchritu-

2090 1621 2292 1685 dinem
2325 1622 2712 1697 sacriﬁcaret,
2745 1622 3071 1704 cyparissis
3120 1620 3418 1695 videlicet,
3451 1628 3511 1681 et
3544 1618 3743 1699 plata-

2092 1711 2208 1793 nis,
2240 1721 2299 1775 et
2325 1712 2895 1786 similibus.Quaudo
2920 1713 3099 1793 igitur
3121 1718 3355 1773 sextum
3389 1708 3556 1770 illum
3575 1708 3744 1770 adul-

359 1806 509 1858 οῦτον
566 1800 667 1880 γὰρ
726 1800 977 1870 ἀνοησίας
1052 1802 1473 1884 ὶξετραχηλίσθη
1550 1807 1586 1875 ἡ
1642 1806 1818 1885 φύσις,
1870 1805 2004 1862 ὥστε

2093 1809 2284 1864 terum
2318 1802 2597 1865 homines
2628 1802 2989 1876 dilexerunt,
3017 1807 3075 1862 et
3106 1798 3167 1861 in
3197 1796 3594 1861 idololatriam
3620 1817 3740 1887 on—

358 1891 445 1947 καὶ
502 1887 727 1968 δένδροις
784 1892 995 1971 ὡραίοις
1037 1890 1123 1950 διὰ
1174 1894 1234 1950 τὸ
1287 1892 1486 1959 κάλλος
1541 1895 1699 1975 θύειν,
1753 1917 2007 1975 κυπαρισ-

358 2000 478 2045 σοις
547 1980 637 2037 καὶ
692 1978 1007 2057 πλατάνοις,
1042 1983 1133 2040 καὶ
1160 1994 1277 2049 τοῖς
1308 1983 1586 2047 τοιούτοις.
1624 1972 1764 2042 υΟτε
1836 1972 2005 2041 τοίνυν

356 2069 447 2125 τὸν
505 2066 658 2126 ἕκτον
716 2078 901 2129 τοῦτον
960 2073 1161 2151 μοιχὸν
1204 2072 1231 2127 ὀ
1293 2070 1563 2153 ἅνθρωπος
1632 2070 1859 2152 ἔστερξε,
1920 2076 2005 2130 καὶ

358 2161 431 2223 εἷς
488 2156 921 2238 εἷδωλολατρείας
978 2160 1323 2238 ὶξωλίσθησε,
1368 2164 1488 2218 τότε
1518 2163 1546 2219 ὀ
1594 2162 1780 2241 Κύριος
1840 2162 2004 2220 ἐλθὼν

356 2246 682 2309 ἀπαλλάττει
732 2250 883 2324 ἡμᾶς
940 2250 1160 2319 ταύτης⁶
1225 2248 1304 2308 διὸ
1333 2250 1423 2308 καί
1450 2268 1641 2331 φησιν’
1673 2274 1696 2307 ε
1739 2242 1847 2310 ’Ὃν
1918 2259 2006 2309 νῦν

356 2336 529 2419 ἔχεις.
593 2360 618 2395 ε
683 2339 780 2397 Kal
848 2339 948 2419 γὰρ
977 2337 1142 2421 ὄντως
1174 2340 1310 2399 κατᾶ
1332 2341 1454 2406 τοὺς
1484 2342 1582 2408 τῆς
1639 2348 1731 2398 τοῦ
1782 2348 2006 2421 Χριστοῦ

357 2429 640 2507 παρουσίας
704 2428 929 2507 χρόνους
974 2430 1046 2492 εὶς
1106 2420 1462 2505 Ἐλληνισμὸν
1516 2430 1605 2487 καὶ
1653 2420 1915 2487 Ἰουδαίων
1959 2432 2005 2487 οἷ

356 2517 645 2597 σοφώτεροι
702 2515 1081 2594 ἐξετράπησαν·
1159 2518 1247 2575 καὶ
1303 2516 1463 2586 δηλοῖ
1491 2520 1525 2588 ἡ
1548 2524 1657 2576 τῶτ
1704 2522 2005 2599 Φαρισαίων

357 2605 584 2687 αἵρεσις,
646 2606 937 2685 εἱμαρμένῃ
968 2607 1054 2663 καὶ
1084 2605 1401 2687 ἀστρολογίᾳ
1457 2608 1793 2673 πιστεύουσα,
1831 2606 2002 2667 ’Ἔστι

248 2709 255 2716 ’
303 2694 308 2697 ’
352 2693 407 2752 δὶ
456 2702 784 2774 Σαμαρεῖτις
840 2698 927 2753 καὶ
982 2701 1126 2753 πᾶσα
1198 2697 1353 2777 ψυχὴ
1416 2699 1449 2766 ἡ
1479 2712 1601 2764 ταῖς
1632 2697 1787 2755 πέντε
1817 2700 2003 2768 αἰσθή-

354 2806 497 2843 σεσιν
556 2784 763 2865 ἀλόγως
822 2786 1170 2866 ὗποζυγεῖσα,
1231 2786 1356 2843 εἶτα
1397 2787 1485 2845 καὶ
1514 2794 1615 2856 τὴν
1646 2789 1763 2868 περὶ
1805 2788 1871 2847 τὰ
1918 2785 2004 2844 δό-

353 2897 534 2955 γματα
586 2874 986 2955 σφαλερώτατα,
1048 2875 1166 2933 οἷόν
1194 2897 1310 2932 τινα
1341 2874 1491 2933 ἕκτον
1523 2879 1718 2957 μοιχὸν
1760 2875 2001 2955 προσλα-

328 2961 584 3040 ¹ϐομένη,
634 2963 701 3032 ἢν
759 2964 787 3020 ὁ
842 2964 1049 3032 Ἰησοῦς
1122 2965 1414 3045 εὐεργετεῖ,
1474 2964 1587 3022 εἴτε
1636 2963 1720 3021 διὰ
1776 2975 1869 3025 τοῦ
1896 2966 1999 3042 βα-

356 3053 675 3129 πτίσματος,
748 3050 861 3110 εἴτε
882 3051 965 3109 διὰ
994 3054 1095 3121 τῆς
1126 3054 1311 3131 πηγῆς
1358 3060 1463 3111 τῶν
1492 3052 1748 3132 δακρὺων.
1783 3055 1884 3113 Kal
1940 3055 2005 3112 τὰ

2089 1890 2537 1969 ciderunt,tunc
2566 1890 2857 1954 Dominus
2887 1890 3134 1954 veniens
3156 1887 3427 1950 liberavit
3448 1905 3557 1948 nos
3583 1885 3655 1948 ab
3675 1906 3741 1948 ea

2088 1978 2228 2043 Ideo
2251 1988 2308 2041 et
2333 1980 2500 2054 dicit,
2536 2005 2561 2036 α
2588 1980 2776 2054 Quem
2810 1999 2967 2042 nunc
3002 1978 3207 2041 habes.
3231 2002 3255 2036 ιι
3293 1980 3443 2041 Nam
3478 1976 3739 2057 profecto

2090 2073 2363 2151 tempore
2400 2069 2687 2132 adventus
2716 2069 2858 2134 Jesu
2899 2068 3139 2149 Christi,
3179 2067 3354 2130 etiam
3401 2064 3739 2129 Iudaeorum

2091 2157 2488 2238 sapientiores
2536 2160 2592 2219 in
2624 2158 2932 2237 gentilium
2977 2173 3242 2219 errorem
3275 2154 3633 2217 inciderant.
3671 2155 3740 2216 Et

2091 2247 2484 2309 manifestavit
2530 2248 2640 2309 hoc
2682 2249 3121 2311 Pharisaeorum
3154 2243 3426 2319 haeresis,
3461 2262 3592 2324 quae
3622 2243 3736 2304 fato

2091 2344 2149 2397 et
2188 2336 2523 2416 astrologiae
2555 2335 2969 2399 credebal.Est
3015 2342 3074 2396 et
3125 2333 3493 2397 Samaritana
3546 2335 3739 2393 omnis

2090 2424 2451 2506 anima,quae
2472 2423 2749 2487 sensibus
2780 2424 3043 2505 quinque
3075 2422 3491 2505 imprudenter
3511 2420 3740 2501 subjec-

2089 2519 2146 2573 ta
2181 2521 2290 2589 est,
2325 2512 2545 2575 deinde
2576 2513 2972 2594 periculosam
3001 2512 3337 2574 doctrinam
3364 2510 3547 2573 veluti
3594 2528 3738 2571 sex-

2091 2610 2212 2663 tum
2236 2603 2556 2685 quemdam
2587 2603 2920 2665 adulterum
2955 2600 3331 2682 suscipit,cui
3351 2599 3524 2663 Jesus
3548 2600 3729 2660 bene-

2088 2692 2248 2767 facit,
2276 2692 2365 2755 vel
2398 2710 2505 2774 per
2531 2711 2639 2774 per
2655 2692 3035 2773 baptismum,
3062 2692 3154 2753 vel
3179 2708 3285 2770 per
3299 2689 3523 2750 fontem
3544 2688 3735 2767 lacry—
3764 2758 3783 2763 ﬂ

2089 2784 2494 2845 marum.Nam
2529 2789 2585 2842 et
2607 2783 2878 2862 lacrymae
2901 2780 3032 2841 fons
3059 2778 3240 2842 Jacob
3264 2778 3737 2851 dicuntur,men-

2088 2880 2145 2933 te
2170 2880 2369 2933 nostra
2398 2869 2818 2951 supplantante
2873 2868 3157 2930 malitiam
3188 2890 3201 2929 :
3237 2886 3305 2929 ex
3340 2885 3454 2949 qua
3500 2884 3651 2948 aqua
3682 2875 3734 2927 et

2088 2962 2217 3041 ipsa
2250 2978 2418 3021 mens
2442 2958 2610 3033 bibit,
2645 2970 2703 3020 et
2735 2958 3119 3039 cogitationes
3153 2958 3302 3039 ejus,
3328 2976 3459 3037 quae
3488 2956 3596 3017 ﬁlii
3639 2955 3733 3015 di-

2087 3058 2304 3113 cuntur
2334 3056 2393 3110 et
2423 3064 2662 3129 pecora,
2692 3067 2801 3110 ceu
2833 3046 3206 3110 irrationales
3253 3054 3449 3129 partes
3496 3045 3730 3115 animze,
3776 3102 3783 3107 ,ν

355 3139 550 3222 δάκρυα
580 3143 681 3222 γὰρ
712 3142 871 3224 φρέαρ
900 3149 992 3199 τοῦ
1023 3141 1216 3200 Ἰακὼό
1275 3141 1335 3200 ἂν
1394 3142 1665 3225 λεγθεῖεν,
1726 3151 1818 3201 τοῦ
1860 3145 2003 3220 ἡμε-

2092 3140 2177 3201 ira
2209 3143 2270 3202 et
2298 3136 3115 3219 concupiscentia.Lacrymae
3136 3135 3297 3198 enim
3333 3134 3518 3225 menti
3550 3143 3608 3196 et
3630 3154 3733 3194 co-

352 3229 504 3310 τέρου
561 3238 674 3306 νοῦ,
732 3234 825 3289 τοῦ
920 3232 1281 3311 πτερνίζοντος
1357 3232 1454 3301 τὴν
1521 3224 1733 3295 κακίαν.
1793 3231 1885 3299 Ἐξ
1942 3235 2001 3290 οὗ

2092 3226 2471 3310 gitationibus
2502 3234 2559 3287 et
2591 3226 2835 3307 reliquis
2868 3226 2929 3288 in
2962 3225 3337 3305 refrigerium
3372 3224 3543 3286 ﬁunt.

352 3323 539 3391 ὕδατος
569 3326 724 3391 αὐτός
753 3346 810 3381 τε
840 3327 868 3383 δ
926 3328 1044 3389 νοῦς
1079 3325 1242 3401 πίνει,
1300 3328 1388 3384 καὶ
1448 3329 1495 3386 οἱ
1550 3328 1652 3386 υἱοὶ
1707 3326 1866 3387 αὐτοῦ
1920 3332 1965 3388 οἱ
2023 3327 2294 3407 λογισμοὶ,
2356 3326 2443 3380 καὶ
2492 3324 2556 3379 ra
2598 3322 2874 3401 θρέμματα
2904 3325 3085 3398 αὖτοῦ,
3118 3324 3183 3378 τὰ
3228 3320 3395 3399 ἄλογα
3441 3322 3578 3400 μέρη
3639 3322 3737 3385 τῆς

356 3419 567 3496 ψυχῆς,
621 3416 783 3493 Θυμδς
825 3414 913 3473 καὶ
966 3413 1211 3489 ἐπιθυμία
1245 3432 1259 3446 ⁸
1306 3416 1373 3474 τὰ
1440 3418 1540 3497 γὰρ
1583 3415 1779 3498 δάκρυα
1849 3422 1927 3494 τῷ
1981 3421 2057 3494 νῷ
2098 3418 2187 3474 καὶ
2231 3428 2346 3477 τοῖς
2419 3413 2705 3493 λογισμοῖς
2750 3413 2837 3468 καὶ
2894 3425 3010 3477 τοῖς
3069 3411 3279 3477 λοιποῖς
3324 3412 3395 3475 εἷς
3452 3410 3739 3489 ἀναψυχὴν

354 3505 613 3584 γίνονται,

437 3618 463 3655 ⁸
526 3596 616 3657 Ἐν
666 3595 721 3653 δὲ
776 3603 853 3674 τῷ
909 3596 1103 3675 μεταξὺ
1134 3599 1353 3679 ἠρώτων
1384 3602 1539 3659 αὐτὸν
1569 3602 1617 3659 οἱ
1646 3604 1882 3679 μαθηταὶ
1910 3606 1999 3662 αὖ·

352 3697 466 3762 τοῦ,
526 3685 798 3765 λέγοντεςο
859 3679 1090 3765 Ῥαϐϐεὶ,
1150 3689 1307 3769 φάγε.
1370 3692 1467 3749 Kal
1546 3690 1701 3749 εἶπεν
1791 3692 1996 3758 αὐτοῖς,

350 3776 493 3859 ἐγὼ
547 3777 745 3856 βρῶσιν
800 3774 917 3859 ἔχω
996 3791 1215 3857 φαγεῖν,
1265 3777 1331 3847 ἤν
1418 3780 1574 3856 ὑμεῖς
1642 3781 1739 3840 οὒκ
1793 3779 1994 3842 οἴδατε.

348 3856 591 3945 ’Ἔλεγον
634 3864 723 3924 οὖν
756 3866 803 3923 ol
832 3856 1064 3944 μαθηταὶ
1088 3856 1239 3947 πρὸς
1270 3866 1561 3939 ἀλλήλους’
1610 3871 1782 3942 Μήτις
1832 3870 1994 3949 ἤνεγ-

348 3977 439 4014 κεν
509 3956 651 4031 αὐτῷ
709 3969 955 4037 φαγεῖν;
1007 3956 1164 4037 Λέγει
1223 3959 1408 4022 αὺτοῖς
1463 3959 1491 4015 ὁ
1554 3949 1779 4028 Ἰησοῦς’
1835 3958 1997 4038 Ἐμὸν

2162 3596 2347 3662 Vens.
2383 3595 2587 3661 31-34.
2630 3620 2653 3651 ι
2691 3597 2924 3660 Interea
2956 3594 3241 3674 rogabant
3270 3613 3405 3658 eum
3458 3593 3736 3676 discipuli

2083 3688 2399 3751 dicentes:
2437 3684 2654 3767 Rabbi,
2690 3685 2962 3749 comede.
3011 3684 3117 3747 Ille
3170 3694 3367 3748 autem
3400 3683 3547 3747 dixit
3594 3684 3681 3746 eis
3720 3706 3731 3746 :

2082 3776 2204 3858 Ego
2231 3776 2431 3838 cibum
2454 3775 2645 3839 habeo
2669 3774 3317 3856 comedendum,quem
3342 3792 3442 3835 vos
3466 3774 3728 3835 nescitis.

2082 3866 2369 3929 Dicebant
2397 3885 2538 3946 ergo
2570 3865 2849 3945 discipuli
2877 3864 3033 3927 inter
3051 3883 3116 3926 se
3152 3885 3164 3923 :
3200 3862 3350 3925 Num
3383 3862 3515 3944 quis
3544 3863 3737 3924 attulit

2082 3956 2138 4019 ei
2169 3956 2326 4038 quod
2360 3954 2595 4016 ederet?
2621 3954 2774 4019 Dicit
2804 3955 2855 4016 ei
2885 3952 3065 4017 Jesus
3101 3975 3114 4017 :
3151 3955 3314 4017 Meus
3344 3953 3511 4013 cibus
3534 3958 3648 4023 est,
3676 3962 3736 4011 ut

348 4046 538 4126 βρῶμά
612 4045 780 4120 ἔστιν,
837 4048 928 4103 ’ἱνα
956 4049 1097 4106 ποιῶ
1126 4049 1187 4103 τὸ
1217 4046 1427 4124 θέλημα
1455 4051 1549 4106 τοῦ
1590 4048 1902 4127 πέμψαντός
1931 4070 1998 4126 με

2092 4046 2290 4108 iaciam
2314 4044 2471 4127 quod
2504 4044 2625 4106 vult
2650 4045 2697 4105 is
2719 4044 2820 4125 qui
2852 4044 3009 4105 misit
3034 4050 3217 4117 me,et
3248 4040 3552 4124 perﬁciam
3586 4059 3733 4120 Opus

350 4136 439 4192 καὶ
484 4133 755 4192 τελειώσω
796 4136 951 4191 αὺτοῦ
979 4137 1040 4191 τὸ
1071 4135 1245 4215 ἔργον,
1302 4160 1329 4192 ι
1365 4133 1617 4217 ’Πρώτων
1662 4140 1708 4196 οἱ
1767 4139 1999 4215 μαθηταὶ

2092 4136 2234 4215 ejus.
2266 4158 2289 4194 ι
2321 4133 2923 4214 Rogabanldiscipuli
2950 4132 3412 4212 Dominum,hoc
3434 4128 3731 4203 est,obse-

351 4224 440 4280 τὸν
514 4224 727 4305 Κύριοι,
778 4222 893 4279 ἀντὶ
946 4233 1061 4295 τοῦ,
1095 4224 1451 4306 παρεκάλουν,
1488 4226 1625 4284 ὥστε
1657 4241 1875 4309 φαγεῖν,
1905 4228 2001 4284 οὒκ

2092 4224 2323 4287 erabant
2369 4233 2431 4285 ut
2480 4224 2867 4285 comederet:
2932 4241 3049 4285 non
3106 4220 3423 4284 temeraria
3478 4224 3729 4302 quadam

352 4312 413 4371 ἆκ
468 4319 764 4393 προπετοῦς
823 4312 1068 4393 γνώμης,
1093 4312 1214 4370 ἀλλ’
1244 4315 1329 4372 .ὲκ
1384 4314 1593 4383 πολλῆς
1625 4316 1998 4399 φιλοστοργίας

2092 4313 2417 4391 mente,sed
2452 4330 2666 4393 magna
2697 4311 3017 4375 dilectione
3051 4330 3191 4392 erga
3212 4310 3732 4390 magistrum.Ete-

353 4403 450 4473 τῆς
510 4403 641 4482 πρὸς
699 4404 790 4460 τὸν
847 4399 1187 4461 διδάσκαλον
1242 4405 1330 4461 καὶ
1386 4405 1486 4485 γὰρ
1548 4404 1773 4465 ἲόλεπον
1846 4407 2002 4465 αὺτὸν

2092 4406 2206 4467 nim
2223 4404 2502 4467 videbant
2520 4403 2712 4484 ipsum
2730 4403 3112 4483 defatigatum
3138 4422 3205 4465 ex
3231 4402 3441 4464 itinere
3455 4410 3512 4463 et
3535 4400 3735 4462 calore

354 4491 666 4575 κεκμηκότα
735 4493 837 4549 ὑπὸ
886 4490 981 4560 τῆς
1030 4488 1331 4573 ὁδοιπορίας
1374 4496 1585 4563 καὶτῆς
1662 4496 2002 4574 ἰπικειμὲνης

2092 4494 2685 4575 ﬁagrantellomiuus
2716 4499 2912 4555 autem
2944 4493 3138 4555 sciens
3161 4491 3589 4556 Samaritanam
3612 4489 3735 4550 fere

355 4580 576 4663 φλογός.
641 4571 699 4640 ’0
765 4579 819 4637 δὲ
878 4581 1088 4661 Κύριος,
1144 4571 1419 4661 γινώσκων
1477 4582 1557 4641 ὅτι
1587 4586 1622 4655 ἡ
1676 4571 2001 4667 Σαμαρεῖτις

2092 4571 2272 4648 totam
2307 4583 2601 4646 civitatem
2633 4582 2705 4645 ad
2736 4601 2801 4643 se
2821 4591 3222 4655 evocaturam‘,
3250 4590 3308 4643 et
3337 4579 3681 4643 Samaritanu
3709 4598 3736 4638 s

357 4648 541 4748 μέλλει
612 4648 999 4729 ἐπισπάσασθαι
1057 4648 1233 4728 πᾶσαν
1313 4671 1506 4753 σχεδὸν
1562 4648 1662 4731 τέω
1692 4648 1847 4733 πύλιύ
1877 4648 2004 4755 πρὸς

2092 4675 2148 4736 in
2177 4692 2241 4736 se
2271 4673 2605 4737 credituros
2639 4694 2652 4735 :
2679 4670 2824 4750 Ego,
2848 4672 3059 4753 inquit,
3088 4648 3285 4734 cibum
3311 4670 3499 4732 habeo
3527 4687 3733 4730 come-

358 4762 536 4836 αὐτὸν,
607 4762 695 4819 καὶ
750 4760 829 4817 ὅτι
890 4762 1243 4819 πιστεύσωσιν
1326 4764 1470 4838 αὑτῷ
1543 4766 1589 4821 οἱ
1647 4771 2004 4845 Σαμαρεῖται,

2092 4762 2414 4833 όοηάιιιη,»
2453 4760 2565 4822 hoc
2596 4766 2709 4834 est,
2734 4759 2984 4822 salutem
3020 4760 3548 4840 hominumzquam
3574 4766 3734 4818 tanto

361 4872 393 4908 α
470 4841 633 4931 Ἐγὼ,
692 4853 842 4931 φησὶ,
900 4851 1094 4928 βρῶσιν
1151 4850 1269 4931 ἔχω
1324 4864 1539 4933 φαγεῖν,
1585 4874 1608 4910 ε
1643 4841 1882 4911 τουτέστι
1909 4841 2004 4923 τὴν

2092 4851 2389 4912 desiderio
2406 4848 2865 4930 avebat,quanto
2891 4849 3088 4911 nullus
3108 4857 3374 4910 nostrum
3392 4845 3731 4909 sensibilem

361 4942 624 5017 σωτηρίαν
654 4946 761 4997 τῶν
792 4941 1098 5021 ἀνθρώπων
1171 4940 1307 4998 οὕτω
1336 4943 1435 5022 γὰρ
1490 4943 1686 5011 ταύτης
1745 4944 2003 5023 ἐπιθυμῶ,

2092 4939 2485 5003 cibum.Hunc
2516 4948 2711 5001 autem
2744 4938 2943 5001 cibum
2967 4957 3145 5021 quem
3172 4937 3361 4999 habeo
3390 4935 3731 5008 comedere,

360 5032 435 5095 ὡς
484 5028 649 5093 οὖδεὶς
711 5031 859 5106 ὑμῶν
916 5034 1014 5100 τῆς
1073 5031 1328 5099 αἰσθητῆς
1371 5031 1639 5111 βρώσεως.
1688 5033 1898 5101 Ταύτην
1954 5033 2007 5090 δὲ

360 5120 460 5188 τὴν
516 5121 741 5199 βρῶσιν,
776 5120 844 5187 ἢν
900 5118 1016 5200 ἔχω
1078 5134 1295 5200 φαγεῖν,
1352 5122 1509 5197 ὑμεῖς
1539 5122 1584 5179 ol
1628 5122 1863 5199 μαθηταί
1909 5144 2009 5199 μου

362 5210 453 5265 οὒκ
506 5207 708 5267 οἴδατε.
766 5214 976 5290 Παχεῖς
1028 5211 1127 5288 γὰρ
1182 5208 1464 5287 ὅντεςῖτι,
1492 5212 1579 5268 καὶ
1623 5222 1701 5288 μὴ
1732 5210 2008 5288 δυνάμενοι

363 5303 553 5367 νοῆσαι
582 5299 646 5355 τὰ
698 5296 1097 5377 αἰνιγματωδῶς
1128 5297 1218 5356 ὑπ’
1269 5299 1398 5375 ἐμοῦ
1446 5298 1734 5380 λεγόμενα,
1780 5303 1874 5361 οὒκ
1914 5300 2006 5360 οῗ-

364 5388 485 5447 δατε
544 5386 622 5447 ὅτι
693 5389 890 5469 βρῶσιν
947 5388 1191 5465 ὀνομάζω
1248 5390 1347 5459 τὴν
1379 5396 1485 5447 τῶν
1508 5390 1797 5473 ἀνθρώπων
1823 5414 2006 5460 σωτη-

366 5482 501 5559 ρίαν,
556 5478 655 5539 Καὶ
721 5476 897 5545 ἄλλως
954 5476 1031 5536 δέ’
1089 5480 1195 5544 οὐκ
1247 5476 1427 5538 οἴδατε
1484 5482 1681 5551 ταύτην
1708 5490 1808 5552 την
1862 5484 2007 5561 βρῶ-

366 5587 473 5626 σιν·
533 5566 593 5625 ού
662 5568 761 5649 γὰρ
854 5568 1166 5650 γινώσκετε,
1224 5567 1304 5627 ὅτι
1392 5571 1729 5630 πιστεύσουσί
1811 5594 1909 5651 μοι
1963 5572 2007 5628 ol

446 5729 499 5773 ¹⁵
515 5727 640 5795 Jer.
676 5745 759 5808 tu,
779 5728 855 5809 ,6.
941 5726 996 5774 ¹⁸
1018 5728 1441 5812 Eminuit],
1468 5734 1572 5797 37.

2095 5048 2198 5093 vos
2244 5029 2523 5110 discipuli
2584 5030 2699 5090 mei
2742 5028 3007 5091 nescitis.
3040 5028 3237 5090 Crassi
3268 5025 3426 5088 enim
3468 5043 3603 5087 cum
3638 5045 3736 5084 vas

2091 5120 2284 5182 adhuc
2311 5120 2525 5199 sitis,et
2553 5118 2889 5196 intelligere
2916 5116 3223 5200 nequeatis
3263 5134 3393 5197 qum
3423 5114 3737 5177 obscurius

2092 5227 2125 5271 a
2158 5227 2251 5269 me
2272 5207 2571 5284 dicuntur,
2598 5208 2841 5269 nescitis
2870 5206 3025 5288 quod
3045 5206 3241 5269 cibum
3264 5204 3517 5266 salutem
3548 5203 3736 5264 honi-

2091 5316 2231 5359 num
2258 5295 2662 5359 nominem.Et
2682 5296 3053 5359 aliterzllunc
3076 5294 3271 5358 cibum
3298 5291 3737 5372 nescitis,ignu-

2091 5387 2234 5450 ratis
2254 5387 2411 5450 enim
2443 5386 2599 5468 quod
2619 5386 2973 5449 Samaritani
3000 5383 3284 5448 credituri
3335 5390 3470 5445 sunt
3502 5382 3647 5444 mihi
3681 5391 3737 5443 et

2091 5477 2493 5541 salvahunlur.
2526 5474 2637 5550 Qui
2682 5477 2861 5558 igitur
2889 5475 3195 5559 discipuli?
3222 5472 3434 5537 Adhuc
3464 5471 3736 5534 dubitant

2093 5586 2232 5632 num
2266 5567 2399 5651 quis
2427 5566 2718 5629 attulisset
2746 5568 2797 5629 ei
2843 5564 2998 5649 quod
3031 5562 3329 5627 comedat.
3361 5560 3488 5624 Non
3539 5571 3731 5623 autem

3260 5738 3263 5741 ς
3364 5724 3393 5741 of
3438 5736 3443 5739 ι

3164 5740 3278 5776 ,μέζ-
3367 5740 3445 5771 Jr!
3476 5756 3485 5764 ο

3214 5785 3221 5792 ‘
3230 5788 3231 5791 η
3364 5780 3367 5783 ν
