4070 6224
418 249 566 313 1251

1386 245 1976 313 THEOPHYLACTI
2024 244 2428 309 BULGARM‘I
2470 244 2823 309 AHCHIEP.

3672 246 3701 307 1
3720 244 3850 308 “252

407 402 642 465 cunque
668 384 1083 446 fecisset.Cum
1109 386 1409 445 venissent
1425 403 1565 463 ergo
1589 382 1660 445 ad
1680 382 1846 444 illum
1866 382 2035 444 Sama

2146 382 2307 448 ἦλθον
2365 386 2491 461 πρὸς
2552 386 2707 444 αὐτὸν
2764 387 2811 442 υἱ
2866 392 3220 463 Σαμαρεῖται,
3246 384 3471 464 ἠρώτων
3519 387 3705 443 αὐτὸν
3739 399 3846 458 μεῖ

404 473 607 553 ritani,
639 472 779 533 £364
809 482 1321 551 rogaverunteum
1357 481 1418 534 ut
1440 473 1596 553 apud
1639 491 1704 534 se
1739 480 2005 533 maneret
2035 493 2046 531 :

406 572 464 624 et
482 563 696 625 mansit
714 562 958 625 ibiduos
979 563 1207 643 dies,ac
1232 562 1417 623 multo
1440 563 1642 642 plures
1670 561 2054 623 crediderunt

408 660 649 733 propter
675 672 1018 714 sermonem
1049 652 1326 732 ipsius,et
1358 650 1595 712 mulieri
1622 650 2051 711 dicebantzlam

407 759 522 802 non
557 751 803 821 propter
834 750 989 802 tuam
1017 740 1347 803 orationem
1383 740 1724 802 credimus:
1758 738 1869 819 ipsi
1892 741 2049 800 enim

405 829 757 910 audivimus,
786 842 845 893 et
900 832 1118 897 scimus
1167 828 1322 909 quod
1378 829 1471 891 hic
1503 838 1588 890 est
1623 846 1759 890 vere
1791 827 2051 889 Salvator

405 918 1216 999 mundiCliristus.»Propter
1239 938 1577 980 sermonem
1605 917 1868 978 mulieris
1884 917 2052 979 multi

404 1005 758 1070 Samaritani
808 1012 1293 1089 credunt,utpote
1325 1008 1649 1088 prudenter
1678 1006 1831 1086 apud
1868 1007 2052 1085 seju-

402 1097 673 1159 dicantes
702 1098 860 1179 quod
891 1100 1065 1159 vitam
1084 1117 1250 1159 suam
1280 1096 1495 1158 mulier
1514 1116 1628 1157 non
1656 1096 1949 1172 vulgasset
1977 1096 2048 1157 ad

403 1187 516 1248 hoc
547 1196 608 1247 ut
638 1188 1068 1266 gratiﬁcaretur
1096 1186 1291 1259 alteri,
1328 1185 1437 1248 nisi
1468 1204 1604 1246 vere
1639 1202 1889 1264 magnus
1920 1184 2050 1264 quis

405 1284 561 1337 esset
606 1285 662 1337 et
690 1294 870 1356 super
905 1276 1119 1337 multos
1170 1280 1266 1355 qui
1321 1276 1393 1336 ab
1449 1274 1549 1336 illa
1596 1272 2047 1353 praedicabatur.

400 1364 541 1427 Ideo
572 1366 823 1426 ettidem
856 1364 1142 1445 operibus
1166 1372 1728 1436 Commonstrantes,
1763 1362 2044 1423 obsecra-

2140 495 2220 527 ναι
2293 471 2417 549 παρ’
2477 475 2684 539 αύτοῖς·
2745 476 2832 532 καὶ
2887 473 3091 551 ἔμεινεν
3151 473 3268 531 ἐκεῖ
3323 471 3415 530 δύο
3446 474 3716 551 ἡμέρας,
3752 478 3847 530 καὶ

2141 560 2322 635 πολλῴ
2354 561 2564 627 πλείους
2596 564 2905 624 ἐπίστευσαν
2935 562 3019 619 διὰ
3061 566 3151 620 τὸν
3193 563 3351 642 λόγον
3401 567 3600 621 αύτουο
3784 584 3843 617 τε

2140 652 2342 727 γυναικὶ
2427 651 2632 731 ἔλεγον,
2708 654 2788 709 ὅτι
2846 656 2952 711 Οὔκ
2981 652 3055 709 ἔτι
3088 652 3172 709 διὰ
3200 654 3296 721 τὴν
3329 655 3431 720 σὴν
3464 652 3683 709 λαλιὲιν
3732 674 3846 719 ττι-

2138 744 2410 815 στξύομεν⁶
2475 744 2617 798 αυτοὶ
2671 744 2770 821 γὰρ
2847 743 3177 818 ἀκηκόαμεν,
3238 746 3327 799 καὶ
3398 740 3675 819 οἴδαμεν,
3752 744 3844 796 ὅτι

2138 830 2285 893 οὗτός
2349 830 2486 886 ἔ⁴τιν
2518 829 2726 898 ἀληθῶς
2759 834 2784 887 ὁ
2819 832 3007 909 Σωτὴρ
3050 840 3141 888 τού
3166 832 3367 906 κόσμου
3395 834 3422 887 ὁ
3477 831 3766 909 Χριστός.
3806 855 3836 886 ι

2142 920 2236 973 Δια
2294 921 2380 973 τὸν
2456 918 2616 998 λόγον
2687 920 2781 988 τῆς
2827 922 3072 998 γυναικὸς
3130 924 3465 977 πιστεύουσιν
3508 923 3562 976 οἱ
3604 928 3842 995 Σιμα-

2137 1022 2329 1083 ρεῖται,
2391 1012 2464 1072 ὡς
2524 1011 2725 1067 συνετοὶ
2784 998 2910 1084 παρ’
2967 1011 3177 1074 ἑαυτοῖς
3240 1013 3534 1087 κρίναντες,
3574 1012 3658 1072 ὡς
3728 1011 3839 1065 οὖα

2138 1098 2197 1151 ἄν
2266 1101 2355 1153 τὸν
2411 1100 2607 1155 οἰκεῖον
2679 1100 2791 1175 βίον
2847 1100 2882 1168 ἡ
2912 1101 3043 1176 γυνή
3100 1098 3490 1174 ἐξεπόμπευσεν
3533 1100 3689 1174 ὑπὲρ
3727 1105 3840 1155 τοῦ

2134 1188 2447 1265 χαρίσασθαι
2528 1187 2709 1264 ἑτέρῳ,
2773 1189 2815 1243 εἰ
2886 1190 2964 1263 μὴ
3008 1186 3219 1255 ἀληθῶς
3252 1187 3415 1264 μέγας
3468 1210 3557 1251 τις
3615 1187 3698 1255 ἧν
3734 1189 3839 1242 καὶ

2132 1276 2258 1353 ὑπὲρ
2328 1276 2448 1339 τοὺς
2477 1276 2703 1341 πολλούς
2736 1280 2762 1333 ὁ
2791 1276 2883 1333 ὑπ’
2919 1276 3078 1343 αὸτῆς
3110 1278 3521 1354 κηρδττόμενος·
3580 1274 3673 1332 διὸ
3737 1280 3838 1332 καὶ

2135 1366 2230 1430 τὴν
2278 1367 2452 1421 πίστιν
2508 1380 2624 1429 τοῖς
2682 1366 2852 1446 ἔργοις
2897 1364 3212 1441 δεικνύντες,
3259 1368 3607 1444 παρεκάλουν
3647 1368 3835 1421 αὗτὸν

403 1454 543 1515 bant
573 1453 738 1516 illum
783 1462 845 1514 ut
872 1463 1159 1534 perpetuo
1193 1454 1347 1534 apud
1377 1454 1536 1531 ipsos
1568 1461 1747 1514 esset.
1788 1478 1809 1506 «
1842 1454 2035 1513 Mane-

2137 1451 2205 1508 3'.’
2234 1454 2358 1509 ὅλου
2401 1453 2524 1535 παρ⁹
2560 1454 2769 1521 ἑαυτοῖς
2800 1460 2959 1513 εἶναι·
2993 1458 3051 1511 τὸ
3086 1458 3206 1534 γὰρ,
3245 1480 3273 1510 σ
3306 1469 3520 1530 μεῖναι,
3565 1480 3597 1509 ιθ
3642 1462 3831 1511 τοῦτο

398 1563 502 1606 τε»
527 1543 688 1607 enim
713 1545 823 1605 hoc
838 1542 1144 1623 signiticat,
1156 1550 1503 1623 perpetuum
1520 1541 1881 1603 domicilium
1895 1541 2035 1621 apuc

2137 1546 2381 1615 σημαίνει
2435 1547 2494 1600 τὸ
2546 1547 2857 1614 κατοικῆσαι
2915 1546 3130 1609 τελείως
3180 1542 3302 1623 παρ’
3353 1548 3565 1611 αὒτυῖς.
3629 1537 3694 1602 Ὀ
3768 1542 3832 1599 δὲ

401 1635 535 1696 illos
568 1631 1037 1696 habere.Verum
1057 1632 1157 1693 ille
1181 1632 1239 1693 in
1264 1633 1375 1693 hoc
1402 1652 1515 1693 non
1540 1630 2035 1710 obtemperat,sed

2134 1635 2287 1689 τοῦτο
2355 1636 2451 1705 μὲν
2514 1635 2572 1691 οὔ
2634 1636 2889 1715 πείθεται,
2948 1633 3036 1692 δύο
3065 1634 3119 1691 δὲ
3164 1636 3325 1710 μόνας
3355 1634 3563 1711 ἡμέρας
3624 1635 3823 1709 μένεν

401 1720 473 1781 ad
491 1718 638 1781 duos
658 1729 885 1781 tantum
911 1721 1039 1781 dies
1075 1720 1463 1782 manetmnde
1499 1745 1523 1774 α
1552 1728 1608 1780 et
1639 1719 1822 1779 multo
1854 1718 2035 1798 plures

2144 1721 2257 1777 ὅθεν
2314 1725 2401 1779 καὶ
2452 1723 2636 1797 πολλῷ
2706 1724 2917 1789 πλείους
2989 1726 3159 1781 αύτῶν
3215 1724 3524 1783 ἐπίστευσαν
3555 1722 3658 1781 διὰ
3712 1725 3830 1790 τὴν

398 1808 1037 1889 credideruntpropter
1051 1808 1384 1870 doctrinam
1408 1810 1557 1888 ejus.
1576 1806 2031 1869 )Tametsievan

2141 1808 2473 1868 διδασκαλίαν
2534 1813 2712 1874 αὐτοῦ.
2778 1816 2873 1871 Καὶ
2928 1816 3027 1893 γὰρ
3074 1817 3100 1870 ὁ
3132 1813 3512 1892 εὖαγγελιστὴς
3544 1814 3655 1869 οὐκ
3686 1812 3827 1878 ἑξη-

396 1898 608 1975 gelista
631 1918 747 1959 non
766 1908 1003 1961 enarret
1027 1898 1419 1979 particulatim
1448 1896 1743 1959 mirabilia
1766 1896 2035 1958 doctrina

2138 1914 2313 1977 γετται
2367 1902 2432 1957 τα
2497 1902 2630 1959 κατὰ
2700 1903 2860 1981 μὲρος
2918 1904 3190 1979 Θαυμαστὰ
3258 1908 3367 1970 τῆς
3441 1900 3823 1965 διδασκαλίας

398 1988 530 2066 ejus
561 1988 983 2063 verba,eventu
1005 1999 1199 2049 tamen
1220 1988 1485 2059 docet,ut
1511 1986 1905 2066 intelligamus
1926 1986 2035 2047 vir-

2138 1990 2293 2045 αύτοῦ
2362 1991 2597 2068 ῥήματα,
2659 1990 2779 2049 ἀλλ’
2841 1996 2977 2068 ἡμῖν
3037 2015 3097 2071 γε
3146 1991 3318 2049 δίδωσι
3377 2006 3525 2049 νοεῖν
3575 1990 3650 2047 ἐκ
3713 2000 3821 2049 τῶ

394 2086 578 2139 tutem
611 2076 830 2138 divinae
852 2078 1014 2138 illius
1045 2078 1329 2139 doctrina;
1363 2076 1507 2139 Nam
1542 2085 1600 2138 et
1633 2076 1812 2136 multa
1846 2075 1957 2137 alia
1992 2086 2035 2137 et

2133 2079 2315 2142 τέλους
2372 2085 2474 2134 τῶν
2546 2081 2872 2159 πραγμάτων
2916 2082 3013 2149 τὴν
3045 2079 3258 2157 δύναμιν
3300 2085 3397 2149 τῆς
3428 2082 3574 2143 θείας
3635 2081 3819 2139 αὒτοῦ

398 2182 609 2244 magna
624 2176 933 2228 transeunt
951 2167 1431 2245 evangelistam
1458 2165 1611 2245 quod
1628 2184 1745 2227 non
1763 2164 1833 2226 ad
1854 2174 2020 2227 osten

402 2254 706 2334 tationem,
731 2254 837 2315 sed
868 2255 940 2316 ad
973 2254 1279 2315 veritatem
1307 2256 1724 2317 declarandam
1756 2254 2045 2317 scribunt.

400 2345 603 2425 Itaque
630 2364 765 2406 cum
797 2345 1087 2406 Dominus
1118 2345 1442 2425 essetapud
1464 2344 2045 2420 Samaritanos,veri-

397 2434 590 2495 simile
624 2442 710 2495 est
741 2452 877 2495 eum
909 2433 1203 2495 diviniora
1243 2434 1510 2515 quaedam
1554 2433 1855 2507 docuisse;
1889 2437 2047 2496 unde
2131 2460 2189 2491 τι,

398 2523 558 2585 nullo
591 2525 709 2584 viso
741 2523 911 2601 signo
942 2523 1283 2596 credunt,et
1327 2522 1647 2583 obsecrant
1696 2536 1756 2582 ut
1788 2531 2042 2586 maneat.

394 2612 578 2677 Judaei
610 2620 805 2674 autem
839 2612 1110 2692 quamvis
1143 2610 1409 2693 pluribus
1455 2610 1836 2673 sermonibus
1860 2620 1919 2672 et
1958 2611 2043 2672 si-

396 2706 523 2782 gnis
536 2701 962 2774 fruerentur,ad
973 2702 1085 2763 huc
1103 2698 2047 2782 persequebantur.prot‘ectouini.

398 2792 535 2852 miri
566 2792 851 2865 hominis,
883 2791 1194 2855 domestici
1225 2792 1353 2871 ejus
1377 2790 1455 2851 Ξί.
1497 2815 1520 2849 ι
1559 2790 1708 2852 Vlde
1739 2790 1878 2851 item
1902 2809 2045 2870 quo-

2132 2166 2487 2231 διδασκαλίας.
2556 2169 2733 2228 Πολλὰ
2790 2175 2888 2250 γὰρ
2948 2194 3028 2227 τοι
3064 2172 3149 2227 καὶ
3177 2176 3282 2226 τῶν
3313 2169 3567 2247 μεγάλων
3606 2192 3811 2246 παρα-

2134 2259 2411 2337 τρέχουσιν
2473 2263 2518 2316 oi
2574 2259 2961 2339 εύαγγελισταὶ,
3008 2260 3088 2317 ὅτι
3120 2261 3196 2337 μὴ
3242 2262 3369 2339 πρὸς
3399 2257 3662 2325 ἒπίδειξιν
3713 2263 3811 2316 καί

2132 2347 2443 2425 φιλοτιμίαν
2500 2347 2805 2428 γράφουσιν,
2840 2349 2973 2405 ἁλλὰ
3005 2353 3137 2428 πρὸς
3184 2348 3453 2417 ἀληθειαν,
3509 2349 3613 2406 Καὶ
3649 2352 3810 2428 παρὰ

2131 2451 2245 2499 ταῖς
2304 2440 2654 2516 Σαμαρείταις
2714 2439 2800 2495 οὖν
2860 2441 3143 2515 γενόμενον
3215 2442 3304 2495 τὸν
3394 2440 3583 2515 Κύριον
3648 2440 3805 2502 εἰκὸς

2131 2527 2366 2604 θειότερα
2435 2549 2549 2583 τινα
2606 2524 2825 2593 διδαξαιο
2859 2528 2975 2585 ὅθεν
3020 2527 3137 2588 οὗδὲ
3171 2542 3397 2603 σημεῖον
3448 2524 3603 2585 0533‘:
3638 2527 3802 2584 ἰδόν-

2132 2637 2235 2686 τες,
2286 2617 2584 2673 πιστεύουσι
2656 2618 2743 2673 καὶ
2796 2617 3159 2683 παρακαλοῦσι
3235 2618 3435 2693 μένειν.
3521 2614 3799 2674 Ἰουδαῖοι

2132 2702 2183 2759 δὲ
2245 2706 2329 2760 καὶ
2383 2704 2556 2784 λόγων
2612 2708 2807 2785 μυρίων
2862 2710 2949 2764 καὶ
2979 2712 3215 2779 σημείων
3244 2705 3792 2783 καταπολαύσαντες,

2131 2792 2203 2849 ἔτι
2266 2794 2499 2868 ἐδίωκον,
2560 2794 2725 2860 ὄιτως
2775 2817 2798 2851 ε
2834 2797 3010 2877 ἐχθροί
3038 2809 3129 2857 τοὺ
3171 2798 3441 2875 ἀνθρωπου
3472 2800 3522 2852 οἱ
3570 2798 3791 2853 οἰκεια-

396 2880 571 2942 modo
602 2880 764 2943 brevi
797 2881 1107 2943 multitudo
1142 2880 1440 2960 praecellat
1470 2900 1599 2942 eam
1632 2899 1665 2940 a
1706 2898 1822 2961 qua
1874 2879 2035 2942 docta

2130 2885 2208 2938 xui
2241 2886 2413 2941 αὐτοῦ.
2452 2904 2482 2943 ι
2522 2874 2665 2958 υΟρα
2708 2882 2761 2941 δέ
2805 2909 2896 2960 μοι
2942 2886 3106 2942 πόσον
3135 2886 3307 2965 βραχὺ
3340 2886 3397 2941 τὸ
3438 2882 3651 2953 πλῆθος
3684 2888 3790 2953 τὴν

390 2967 726 3032 fueratmon
761 2970 920 3031 enim
953 2970 1297 3051 prophetam
1331 2980 1764 3051 vocant,neque
1782 2967 2033 3032 Salvato

2125 2970 2397 3036 διδέξασαν
2458 2972 2643 3038 αὐτοὺς
2699 2976 3138 3053 ὑπερηκόντισαν,
3199 2976 3271 3053 Οὐ
3331 2976 3429 3052 γαρ
3485 2976 3787 3052 προφήτην

390 3075 515 3119 rem
550 3057 751 3139 Israel,
783 3058 884 3120 sed
919 3059 1169 3122 mundi:
1206 3068 1263 3121 et
1297 3078 1429 3121 cum
1451 3059 1725 3133 articulo,
1770 3086 1785 3113 ι
1821 3058 1929 3121 Hic
1950 3068 2035 3120 est

2125 3062 2277 3117 z'nbv
2343 3059 2607 3140 λέγουσιν,
2681 3052 2807 3123 οὐδὲ
2831 3070 3055 3143 Σωτῆρα
3098 3073 3189 3123 τοῦ
3234 3052 3471 3143 Ἰσραὴλ,
3506 3062 3656 3119 ἀλλὰ
3687 3071 3788 3120 τοῦ

393 3147 678 3222 Salvator,
724 3172 743 3201 ι
778 3147 878 3209 Ille
904 3148 1144 3227 pr0prie
1178 3156 1234 3209 et
1263 3166 1400 3210 vere
1433 3148 1758 3209 salvaturus
1802 3166 2030 3210 omnes.

396 3236 699 3299 Venerunt
728 3236 887 3298 enim
922 3236 1091 3298 multi
1117 3246 1179 3298 ut
1207 3238 1521 3309 salvarent,
1560 3246 1617 3299 et
1646 3238 1763 3312 lex,
1794 3246 1850 3298 et
1891 3256 2032 3318 pro-

392 3326 582 3405 pheta;
607 3339 663 3389 et
687 3324 903 3404 angeli;
937 3325 1043 3387 sed
1066 3326 1163 3387 hic
1194 3334 1283 3388 est
1312 3326 1411 3388 ille
1443 3345 1615 3402 verus
1635 3326 1920 3391 Salvator.

478 3509 659 3569 Vens.
682 3508 900 3571 43-45.
931 3534 956 3564 α
987 3512 1125 3571 Post
1147 3508 1297 3570 duos
1319 3518 1513 3572 autem
1552 3510 1680 3572 dies
1712 3509 1850 3571 exiit
1876 3508 2037 3583 inde,

396 3606 454 3659 et
479 3596 623 3659 abiit
654 3597 715 3659 in
738 3598 1062 3662 Galilaeam.
1092 3598 1223 3679 lpse
1274 3599 1432 3660 enim
1464 3597 1640 3662 Jesus
1676 3608 1921 3661 testatus
1953 3606 2043 3660 est

390 3686 546 3768 quod
572 3686 859 3767 propheta
888 3688 946 3749 in
968 3706 1073 3749 sua
1104 3687 1288 3769 patria
1317 3688 1603 3750 honorem
1627 3707 1744 3750 non
1764 3687 2031 3751 haberet.

389 3778 532 3839 Cum
557 3794 695 3852 ergo
746 3776 1009 3839 venisset
1033 3776 1090 3838 in
1124 3776 1449 3852 Galilaeam,
1488 3786 1852 3858 exceperunt
1899 3795 2033 3838 eum

387 3864 774 3935 Galilaei,cum
807 3868 1006 3928 omnia
1034 3864 1322 3928 vidissent
1342 3883 1474 3947 quae
1500 3865 1723 3927 fecerat
1744 3864 2030 3927 Hieroso—

2120 3150 2341 3226 κόσμου,
2404 3154 2489 3208 καὶ
2545 3152 2683 3228 μετὴ
2736 3160 2827 3210 τοῦ
2880 3153 3085 3232 ἄρθρου,
3142 3176 3164 3209 ι
3203 3152 3365 3216 Οὗτός
3400 3152 3541 3208 ἐστιν
3582 3154 3611 3208 ὁ
3644 3159 3789 3209 Σω-

2119 3240 2238 3315 τὴρ,
2292 3264 2318 3294 n
2382 3244 2409 3297 ὁ
2453 3243 2641 3320 κυρίως
2710 3245 2797 3299 καὶ
2848 3250 2925 3318 τῷ
2954 3243 3061 3299 ὄντι
3091 3244 3264 3307 σώσας
3316 3241 3540 3305 πὶντας,
3577 3236 3790 3299 Ἦλθον

2123 3330 2219 3403 μὶν
2293 3330 2390 3409 γὰρ
2422 3329 2607 3387 πολλοὶ
2638 3335 2830 3412 σῶσαι,
2860 3335 2948 3390 καὶ
2980 3334 3164 3408 νόμος,
3197 3334 3283 3389 καὶ
3340 3337 3634 3412 προφῆται,
3690 3337 3787 3389 καὶ

2125 3417 2362 3497 Ξίγγελοι,
2397 3418 2517 3477 ἀλλ’
2549 3421 2699 3487 οὗτός
2730 3424 2869 3478 ἔστιν
2902 3426 2928 3480 ὁ
2960 3422 3205 3491 ἀληθινὸς
3251 3423 3463 3501 Σωτὴρ.

2210 3528 2235 3564 ε
2292 3510 2435 3565 Μετὰ
2493 3506 2547 3565 δὲ
2617 3511 2712 3574 τὰς
2744 3508 2830 3568 δύο
2884 3512 3084 3593 ἡμέρας
3141 3510 3355 3580 ἐξῆλθεν
3399 3512 3630 3585 ἐκεῖθεν,
3686 3517 3785 3570 καὶ

2124 3597 2356 3663 ἆπῆὶθεν
2417 3600 2489 3661 εἷς
2560 3600 2660 3667 τὴν
2735 3600 3041 3659 Γαλιλαίαν·
3115 3602 3268 3664 αὐτὸς
3326 3603 3425 3680 γὰρ
3480 3603 3507 3657 ὃ
3557 3602 3785 3669 Ἰησοῦς

2121 3688 2503 3767 ἐμαρτύρησεν,
2560 3688 2657 3771 ’ὁτι
2712 3692 2994 3771 προφήτης
3058 3690 3111 3748 ἒν
3169 3696 3239 3767 τῇ
3292 3689 3391 3764 ἰδίᾳ
3420 3689 3633 3770 πατρίδι
3680 3716 3784 3749 τι-

2122 3778 2197 3851 μὴ
2269 3780 2363 3836 οὒκ
2419 3777 2558 3858 ἔχει.
2648 3770 2792 3837 ’Ὅτε
2836 3770 2933 3836 οὖν
2989 3779 3147 3848 ἦλθεν
3180 3782 3250 3843 εἰς
3308 3781 3406 3847 τὴν
3449 3779 3782 3855 Γαλιλαίαν,

2121 3864 2354 3928 ἐδέξαντο
2425 3870 2576 3924 αὐτὸν
2648 3870 2694 3924 οἱ
2760 3866 3069 3943 Γαλιλαῖοι,
3144 3871 3314 3926 πάντα
3344 3869 3639 3948 ἑωρακότες
3668 3870 3779 3928 ὅσα

386 3954 557 4036 lymis
577 3955 637 4016 in
668 3954 766 4017 die
789 3954 1103 4035 festo;nam
1133 3965 1192 4018 et
1228 3954 1340 4035 ipsi
1370 3962 1651 4017 venerant
1671 3955 1745 4016 ad
1769 3954 1927 4015 diem
1952 3956 2033 4015 fe-

2125 3957 2365 4022 ὲποίησεν
2421 3955 2474 4011 ὲν
2521 3949 2904 4034 Ἰεροσολύμοις
2963 3958 3017 4015 ἐν
3046 3965 3115 4036 τῇ
3145 3959 3324 4039 ἑορτῇ·
3358 3962 3445 4015 καὶ
3490 3957 3636 4015 avrai
3666 3961 3783 4039 γὰρ

384 4046 757 4108 stum.»Cum
789 4044 1007 4107 exisset
1032 4064 1067 4106 a
1090 4044 1353 4107 Samaria
1378 4044 1692 4126 Dominus,
1718 4044 1778 4105 in
1804 4044 2033 4108 Galilae-

2125 4044 2274 4111 ἦλθον
2334 4047 2406 4108 είς
2437 4045 2534 4113 τὴν
2582 4046 2793 4125 ἑορτήν,
2868 4073 2889 4102 ι
2970 4046 3221 4114 Ἐξελθὼν
3253 4048 3357 4103 ἀπὸ
3405 4049 3716 4127 Σαμαρείας
3753 4052 3786 4105 ὁ

383 4152 476 4194 am
501 4133 851 4212 digreditur.
877 4133 1107 4196 Deinde
1141 4154 1214 4197 ne
1240 4136 1371 4215 quis
1416 4135 1677 4215 inquirat
1709 4142 1766 4194 et
1799 4133 2035 4195 dubitet

2125 4139 2332 4215 Κύριος,
2406 4136 2479 4201 εἷς
2548 4137 2647 4204 την
2681 4136 2963 4194 Γαλιλαίαν
2996 4138 3309 4218 ἀπέρχεται,
3361 4138 3520 4211 Εἶτα,
3563 4136 3659 4193 ἵνα
3692 4140 3787 4214 μὴ

385 4240 566 4303 quare
597 4242 713 4283 non
730 4242 851 4283 sem
862 4242 967 4303 per
985 4234 1219 4285 maneat
1242 4224 1299 4284 in
1320 4223 1693 4303 Galilzea,sed
1723 4241 1828 4303 per
1852 4223 2033 4284 inter-

2125 4224 2334 4301 ἐξετάζῃ
2385 4248 2490 4301 τις,
2564 4228 2653 4283 καὶ
2711 4225 2956 4308 διαπορῇ,
3012 4228 3151 4293 τίνος
3238 4226 3410 4284 ἕνεκεν
3464 4226 3559 4284 οὒκ
3615 4227 3669 4284 ἂν
3704 4229 3786 4295 τῆ

384 4311 531 4373 valla
563 4310 973 4393 peregrinetur
1000 4314 1155 4394 apud
1190 4315 1577 4394 eos,maxime
1598 4330 1732 4375 Cum
1767 4312 2035 4375 videatur

2125 4313 2374 4387 Γαλιλαίᾳ
2432 4316 2511 4372 ἀεὶ
2574 4318 2659 4391 ἦν,
2693 4314 2811 4374 ἀλλ’
2857 4317 2918 4373 ἐκ
2959 4316 3338 4394 διαλείμματος
3370 4318 3551 4380 αὐτοῖς
3583 4315 3785 4386 ἓπιδτιο

386 4418 519 4463 esse
540 4420 608 4463 ex
632 4400 1046 4464 Galila'azdicit
1075 4405 1227 4483 quod
1257 4414 1573 4483 propterea
1597 4421 1716 4463 non
1752 4400 2035 4463 manserit

2125 4404 2235 4476 μεῖ,
2312 4406 2398 4461 καὶ
2454 4408 2615 4462 ταῦτα
2646 4408 2707 4462 ὲκ
2734 4412 2832 4474 τῆς
2865 4406 3145 4472 Γαλιλαίας
3186 4408 3330 4465 εἶναι
3359 4405 3551 4480 δοκῶν,
3578 4408 3779 4485 φησὶν,

386 4491 447 4553 in
479 4488 736 4560 Galilaaa.
768 4490 904 4571 quia
922 4491 1147 4553 nullum
1175 4492 1465 4554 honorem
1508 4491 1594 4552 illi
1618 4491 2033 4553 exhibuerant.

392 4582 561 4660 «Ipse
581 4578 741 4641 enim
756 4578 785 4641 J
794 4598 930 4641 esus
954 4588 1198 4641 testatus
1226 4580 1337 4641 fuit
1354 4581 1510 4662 quod
1535 4580 1824 4660 propheta
1845 4580 2035 4647 insna

368 4671 578 4750 patria
608 4668 669 4729 in
691 4669 916 4730 honore
950 4687 1067 4730 non
1098 4673 1232 4731 sit.»
1271 4670 1701 4733 Consuevimus
1733 4670 1893 4731 enim
1924 4688 2031 4730 nos

383 4758 659 4820 homines
683 4766 1069 4820 contemnere
1101 4778 1170 4821 ea
1200 4778 1331 4840 quae
1352 4759 1519 4821 valde
1542 4758 2031 4825 familiaria.setn-

383 4866 492 4930 per
512 4848 696 4928 magis
716 4846 1091 4909 attendentes
1120 4847 1333 4911 alienis
1364 4857 1425 4911 et
1454 4848 1891 4920 insolitis.Quid
1914 4848 2029 4929 igi-

384 4938 639 5003 turZ’Non
672 4936 935 4999 videmus
970 4937 1145 4999 etiam
1173 4937 1389 4999 multos
1410 4938 1563 5017 apud
1592 4957 1731 4999 suos
1764 4940 1823 4999 in
1847 4938 2028 5000 hono-

382 5045 449 5090 re
482 5025 881 5091 haberi?Sane
903 5026 1015 5096 hoc
1032 5027 1199 5089 valde
1221 5027 1516 5091 rarum.Si
1538 5036 1739 5089 autem
1758 5028 2028 5090 nonnulli

384 5118 767 5179 inveniuntur
794 5115 894 5197 qui
924 5116 985 5177 in
1018 5117 1206 5197 patria
1237 5136 1342 5180 sua
1371 5116 1432 5179 in
1474 5116 1615 5178 565
1649 5118 1878 5179 honore
1919 5118 2027 5180 ha-

386 5206 624 5287 bentur,
659 5204 1050 5285 multomagis
1098 5206 1159 5269 in
1192 5218 1347 5271 terra
1377 5207 1610 5269 aliena:
1645 5207 1724 5269 ita
1746 5214 1812 5271 ut
1841 5207 2032 5269 honor

386 5297 486 5379 qui
507 5296 593 5358 eis
615 5296 676 5357 in
708 5295 895 5376 patria
916 5295 1300 5376 impenditur,
1336 5296 1387 5360 si
1418 5298 1758 5359 conferatur
1790 5315 1922 5359 cum
1959 5316 2029 5359 eo

389 5386 490 5468 qui
520 5386 579 5447 in
611 5395 771 5448 terra
789 5385 1005 5460 aliena,
1022 5384 1351 5463 ignominia
1370 5404 1502 5449 esse
1524 5386 2029 5451 inveniatur.Nam

464 5554 514 5603 ³⁸
548 5555 724 5617 Mich.
762 5571 861 5629 vu,
896 5558 958 5617 6.

2120 4492 2198 4547 3::
2256 4491 2338 4549 διὰ
2392 4501 2547 4551 τοῦτο
2605 4497 2699 4552 οὒκ
2727 4494 2783 4551 ἐν
2812 4501 2881 4572 τῇ
2910 4495 3165 4569 Γαλιλαίᾳ
3192 4496 3473 4575 παρέμενε,
3508 4494 3641 4551 διότι
3666 4500 3782 4555 οὗ-

2120 4582 2299 4657 δεμίαν
2371 4584 2530 4660 τιμὴν
2582 4587 2709 4664 πρὸς
2782 4585 2938 4642 αὐτὸν
2997 4583 3370 4649 ἐνεδείκνυντο.
3411 4609 3438 4641 ε
3467 4586 3635 4651 Αὐτὸς
3663 4589 3782 4667 γὰρ

2116 4676 2141 4729 ὁ
2198 4672 2399 4740 Ἰησοῦς
2484 4674 2862 4754 ἐμαρτύρησεν,
2939 4674 3019 4732 ὅτι
3102 4698 3379 4756 προφητης
3443 4676 3497 4732 ἐν
3554 4681 3621 4752 τῇ
3662 4676 3779 4751 ἰδίᾳ

2116 4762 2320 4834 πατρίδι
2396 4760 2581 4840 ἄτιμός
2625 4764 2790 4828 ἐστιν,
2840 4788 2868 4820 ε
2938 4765 3204 4842 Εἶώθαμεν
3259 4766 3359 4843 γὰρ
3404 4767 3451 4822 οἱ
3494 4763 3775 4844 ἄνθρωποι

2112 4858 2217 4907 τῶν
2291 4852 2341 4908 ὲν
2413 4854 2657 4926 συνηθείᾳ
2727 4854 3112 4934 καταφρονεῖν,
3186 4854 3265 4910 ἀεὶ
3320 4868 3439 4919 τοῖς
3468 4852 3634 4919 ξένοις
3673 4858 3795 4912 καὶ

2116 4941 2295 5008 ὰηθὲσι
2356 4941 2737 5023 προσέχοντες.
2815 4944 2874 5002 Τί
2945 4943 3032 5000 οὖν
3080 4963 3097 5023 ;
3145 4947 3259 5022 Ούχ
3292 4943 3497 5021 ὁρῶμεν
3530 4942 3773 5012 πολλοὺς

2115 5034 2199 5087 καὶ
2260 5033 2401 5112 παρὰ
2430 5045 2544 5098 τοῖς
2574 5034 2785 5098 οἰκειοις
2816 5033 3148 5109 τιμωμένους
3179 5053 3195 5113 ς
3233 5032 3475 5090 Μάλιστα
3530 5033 3628 5109 μὲν
3672 5034 3801 5105 οὗν,

2116 5121 2331 5178 σπάνιον
2404 5123 2464 5178 τὸ
2522 5129 2779 5179 τοιοῦτον·
2837 5124 2880 5178 εἰ
2910 5120 2965 5178 δέ
2994 5123 3095 5180 πού
3123 5120 3259 5187 τινες
3300 5123 3557 5201 εὑρεθεῖεν
3607 5122 3665 5177 ἐν
3696 5131 3773 5201 τῇ

2114 5208 2317 5289 πατρίδι
2391 5212 2707 5288 τιμώμενοι,
2783 5211 2968 5287 πολλῷ
3030 5211 3234 5289 μᾶλλον
3291 5212 3345 5268 ἐν
3415 5218 3483 5288 τῇ
3512 5210 3771 5290 ἀλλοτρίᾳ

2114 5302 2521 5377 τιμηθήσονται,
2582 5301 2719 5359 ὥστε
2791 5301 3175 5383 συγκρινομένη
3205 5304 3239 5372 ἡ
3301 5301 3355 5358 ἓν
3413 5304 3481 5378 τῇ
3552 5300 3766 5381 πατρίδι

2118 5394 2245 5465 τιμὴ
2318 5392 2447 5469 πρὸς
2496 5392 2593 5457 τὴν
2672 5395 2727 5448 δν
2788 5398 2856 5468 τῇ
2881 5390 3153 5470 ἀλλοτρίᾳ,
3182 5391 3367 5467 ἀτιμία
3398 5393 3760 5471 εὑρεθήσεται,
