4070 6224
267 263 432 327 1953

1003 267 1441 332 ENARRATIO
1484 265 1556 331 IN
1599 266 2098 333 EVANGELIUM
2144 266 2485 329 JDANNIS.
2532 300 2605 311 —
2636 263 2799 327 CAP.
2851 265 2951 327 IV.

3505 261 3653 327 1254

261 390 329 455 ὐ
389 403 489 479 γάρ
534 424 615 459 τοι
672 405 884 483 φθόνος,
936 417 1051 466 τοῖς
1086 404 1513 478 συμπατριώτλις
1561 406 1618 460 ου
1648 416 1921 483 συγχωρεῖ

2008 400 2226 461 invidia
2260 401 2665 478 compatriotis
2696 418 2811 460 non
2840 399 2983 460 sinit
3011 418 3338 479 congruum
3363 401 3649 462 honorem

252 490 368 557 τὴν
427 493 798 570 προσήκουσαν
872 493 1032 567 τιμὴν
1105 490 1427 569 ἀποδιδόναι,
1487 492 1604 549 ἀλλ’
1638 494 1929 573 ὑφειμένην

253 579 367 645 τὴν
424 582 619 648 ταύτην
681 580 1042 656 ἀποδιδόασιν,
1098 584 1358 662 αἰσχύνην
1404 584 1597 640 οἰκείαν
1639 583 1925 661 ἡγούμενοι

260 669 377 735 τὴν
434 672 527 725 τοῦ
593 672 863 751 ὁμοφύλου
922 670 1285 747 εὖδοκίμησιν,
1322 669 1559 729 Ἐλθόνιι
1592 672 1680 728 οὖν
1711 679 1786 745 τῷ
1819 682 1925 728 Κυ-

261 759 367 837 ρίῳ
420 760 517 823 ἐίς
549 759 835 816 Γαλιλαίαν
866 760 1177 817 ἐπίστευσαν
1209 764 1254 816 οἱ
1287 759 1588 831 Γαλιλαῖοι,
1629 763 1693 816 τὰ
1725 773 1931 834 σημεῖα

274 845 481 913 ἰδόντες
552 850 587 904 ἆ
627 849 871 916 ἐποίησεν
930 850 982 905 ἒν
1045 841 1447 929 Ἱεροσολύμοις,
1485 850 1629 917 Πλὴν
1660 852 1704 906 οἱ
1738 857 1927 923 Σαμα-

266 951 446 1015 ρεῖται
516 937 887 1019 δοκιμώτεροι,
952 942 998 996 οἱ
1057 941 1144 995 καὶ
1209 942 1373 1021 χωρὶς
1417 940 1653 1015 σημείων
1705 939 1923 994 πιστεύο

270 1048 464 1092 σαντες
524 1028 629 1084 ἀπὸ
686 1051 778 1087 του
826 1028 987 1106 λόγου
1013 1034 1111 1096 τῆς
1142 1030 1412 1107 γυναικός.
1452 1023 1603 1109 ’Ὅρα
1636 1028 1687 1084 δὲ
1719 1051 1923 1084 παντα-

270 1126 383 1196 χοῦ
447 1119 567 1180 τοὺς
624 1116 960 1189 ὰποϐλήτους
1013 1119 1110 1194 μὲν
1164 1116 1465 1193 δοκοῦντας,
1526 1117 1923 1193 εὐδοκιμοῦντας

266 1208 327 1262 ἰν
523 1208 694 1264 πίστει
766 1212 1094 1287 Σαμαρείτας
1127 1207 1269 1286 λέγω
1297 1211 1385 1265 καὶ
1415 1208 1753 1271 Γαλιλαίους
1817 1206 1924 1285 (καὶ

266 1297 373 1375 γὰρ
426 1298 511 1352 καὶ
580 1298 795 1363 τούτους
867 1297 1158 1363 ὶξονθὲνουν
1188 1299 1262 1361 ὡς
1293 1298 1663 1377 ἀγροικότερον
1720 1294 1923 1351 διακει-

265 1385 485 1458 μένους·
551 1383 631 1441 διὸ
665 1387 749 1441 καὶ
793 1384 998 1463 ἔλεγον,
1032 1384 1111 1442 ὅτι
1152 1406 1174 1439 ι
1212 1387 1497 1465 Προφήτης
1530 1385 1588 1442 ἐκ
1616 1384 1712 1451 τῆς
1759 1382 1921 1438 Γαλι-

267 1471 425 1536 λαίας
485 1477 579 1532 οὒκ
637 1475 966 1554 ἐγήγερται),
1034 1501 1058 1528 ιι
1119 1475 1239 1537 τοὺς
1295 1472 1349 1530 δὲ
1393 1473 1673 1539 ἐκλεκτούς
1703 1480 1922 1547 νομιζο-

264 1562 481 1638 μένους,
537 1560 1031 1645 ἀποϐαλλομένους,
1089 1565 1201 1621 οἶοι
1235 1566 1372 1631 ἦσαν
1400 1567 1445 1622 οἱ
1508 1556 1922 1643 Ἱεροσολυμῖται

266 1648 545 1711 Ἰουδαῖοι.
609 1652 840 1717 Εἰκότως
926 1652 1024 1733 ἄρα
1055 1656 1140 1710 καὶ
1172 1656 1218 1711 οἱ
1262 1654 1450 1711 ἐθνικοὶ
1492 1650 1915 1731 παρεδέχθημεν

2007 489 2199 563 reddi,
2222 491 2324 551 sed
2361 508 2563 570 parum
2598 489 2713 549 illis
2740 488 3006 550 tribuunt
3036 488 3218 568 cixes,
3246 508 3410 550 suam
3443 490 3646 550 confu-

2007 580 2237 641 :ionent
2273 579 2676 640 existimantes
2727 577 2969 656 gloriam
3002 577 3450 640 contribulium.
3510 577 3650 639 Cum

2008 667 2267 728 venisset
2289 668 2465 747 igitur
2498 667 2787 730 Dominus
2818 667 2874 728 in
2908 664 3228 742 Galilaeam,
3262 669 3651 730 crediderunt

2012 756 2257 830 Galilaei,
2284 757 2421 838 quia
2448 756 2715 817 viderant
2744 755 2909 833 signa
2942 754 3093 816 facta
3116 755 3173 817 in
3208 758 3673 839 Hierosolymis,

2013 847 2190 925 Atqui
2225 844 2580 907 Samaritani
2614 842 2987 925 probatiores
3019 852 3185 906 erant
3214 846 3315 925 qui
3349 856 3405 907 et
3430 848 3652 928 absqui-

2009 935 2193 1012 signis
2212 934 2390 996 verbo
2415 934 2678 995 mulieris
2703 932 3107 996 crediderant.
3128 932 3277 996 Vide
3300 944 3495 999 autem
3523 937 3648 997 ubi~

2009 1042 2124 1102 que
2157 1042 2258 1083 eos
2281 1024 2382 1104 qui
2409 1023 2625 1103 abjecti
2659 1021 3054 1095 habebantur,
3111 1024 3409 1087 celebrari
3441 1037 3502 1087 ut
3542 1046 3648 1106 po-

2009 1112 2187 1172 tiores
2218 1112 2357 1192 ﬁde,
2391 1110 2793 1174 Samaritanos
2814 1109 2948 1172 dico
2976 1120 3031 1171 et
3060 1110 3349 1174 Galilaeos.
3378 1113 3521 1176 Nam
3546 1117 3653 1175 hos

2008 1200 2473 1263 contemnebant
2501 1210 2564 1262 ut
2592 1200 2952 1279 agrestiores
2988 1221 3002 1280 ;
3042 1200 3176 1262 ideo
3226 1211 3282 1263 et
3333 1202 3647 1264 dicebant:

2014 1313 2042 1347 ι
2077 1291 2372 1371 Propheta
2398 1310 2467 1353 ex
2498 1288 2737 1353 Galilaaa
2761 1309 2877 1350 non
2911 1291 3165 1352 surrexit
3192 1290 3272 1371 92,
3312 1318 3336 1347 ι
3374 1311 3476 1353 eos
3514 1312 3651 1353 vero

2011 1380 2110 1459 qui
2173 1381 2342 1442 electi
2425 1378 2807 1461 putabantur,
2888 1379 3089 1458 abjici.
3155 1381 3359 1460 quales
3416 1381 3653 1441 fuerunt

2009 1468 2523 1549 Hierosolymitani
2558 1468 2766 1531 Judaai.
2801 1467 3005 1530 Merito
3052 1468 3232 1548 igitur
3280 1479 3338 1532 et
3391 1472 3653 1550 gentiles

2009 1558 2270 1638 suscepti
2303 1568 2463 1622 sunt.
2497 1556 2641 1619 Nam
2674 1557 2734 1618 in
2761 1575 2866 1619 sua
2894 1556 3104 1637 patria,
3141 1559 3253 1620 hoc
3283 1567 3373 1620 est
3427 1559 3487 1619 in
3555 1580 3651 1640 sy-

2009 1667 2233 1727 nagoga
2254 1646 2921 1720 Judaeorum,honorem
2949 1665 3064 1706 non
3090 1647 3341 1709 habebat
3369 1651 3653 1729 prapheta

270 1741 365 1799 Ἐν
423 1744 523 1821 γὰρ
594 1749 663 1819 τῇ
721 1744 887 1817 οἰκεία
942 1741 1172 1823 πατρίδι,
1206 1750 1275 1819 τῇ
1308 1740 1732 1817 τῶνἹουδαίων,
1781 1741 1921 1805 εἴποι

2010 1737 2301 1813 Christus,
2336 1738 2489 1800 sicut
2520 1738 2717 1799 Moses
2746 1735 2928 1822 dicit.
2970 1760 2995 1789 α
3052 1738 3407 1818 Prophetam
3458 1742 3649 1800 susci-

268 1829 333 1887 c’z'v
386 1853 489 1901 τις,
546 1839 857 1910 συναγωγῇ,
902 1833 1064 1909 τιμὴν
1095 1832 1190 1889 οὒκ
1219 1831 1383 1913 ἔσχεν
1414 1834 1441 1888 6
1470 1834 1751 1911 προφήτης
1786 1838 1919 1908 Χρι-

270 1921 419 1989 στὸς,
480 1921 615 1977 καθὰ
678 1920 907 1989 Μωυσῆς
971 1919 1143 2002 λέγει,
1184 1920 1263 1978 ὅτι
1303 1942 1331 1980 ε
1366 1924 1651 2001 Προφήτην
1682 1919 1919 1989 ἀναστή-

274 2030 378 2087 σει.
390 2010 577 2087 Κύριος
608 2011 764 2087 ἡμῶν
776 2058 789 2072 ,
830 2032 853 2067 ε

350 2085 542 2154 ’Πλθεν
599 2085 686 2154 οὖν
730 2099 757 2153 ὁ
809 2098 1015 2164 Ἰησοῦς
1061 2097 1219 2154 πάλιν
1244 2100 1315 2160 εἰς
1361 2100 1460 2164 τὴν
1509 2106 1651 2157 Κανᾶ
1681 2105 1779 2165 τῆς
1813 2105 1920 2153 Γα-

265 2186 501 2262 λιλαίας,
576 2185 708 2242 ὅπου
768 2185 987 2255 ἐποίησε
1038 2188 1098 2243 τὸ
1142 2185 1279 2267 ὓδωρ
1349 2190 1519 2248 οἶνον.
1570 2189 1666 2245 Καὶ
1722 2189 1788 2256 ἦν
1842 2209 1922 2250 τις

266 2273 570 2355 βασιλικὸς,
631 2277 692 2332 οὗ
758 2277 786 2331 6
856 2276 961 2338 υἱός
1016 2276 1222 2342 ἠσθένει
1266 2276 1321 2332 ὲν
1350 2278 1719 2354 Καπερναούμ.
1752 2277 1915 2340 Οὗτος

267 2365 523 2438 ἀκούσας,
571 2364 651 2420 ὅτι
701 2364 905 2432 ἰησοῦς
964 2364 1081 2431 ἥκει
1133 2366 1193 2421 ἐκ
1252 2366 1348 2434 τῆς
1397 2362 1647 2429 ἰουδαίας
1692 2367 1765 2429 εἷς
1818 2366 1917 2432 την

273 2451 580 2528 Γαλιλαίαν,
636 2452 871 2521 ἀπῆλθεν
923 2457 1053 2534 πρὸς
1125 2457 1303 2529 αὐτὸν,
1366 2457 1453 2511 καὶ
1486 2457 1665 2533 ἠρώτα
1736 2457 1916 2534 αὺτὸν,

274 2541 367 2598 ἵνα
420 2540 628 2621 καταϐῇ
685 2545 771 2600 καὶ
826 2541 1041 2611 ἰάσηται
1112 2546 1266 2601 αὐτοῦ
1296 2547 1387 2602 τὸν
1416 2545 1548 2601 υἱόν·
1586 2543 1776 2619 ἔμελλε
1820 2546 1920 2623 γαρ

274 2632 629 2703 ἀποθνήσκειν
682 2633 851 2690 Εἶπεν
916 2633 1005 2691 οὖν
1062 2635 1089 2690 6
1156 2631 1357 2701 Ἰησοῦς
1418 2635 1548 2712 πρὸς
1580 2635 1760 2695 αὑτόν.
1795 2633 1919 2690 Ἐὰν

273 2720 353 2797 μὴ
384 2732 588 2797 σημεῖα
617 2723 704 2777 καὶ
745 2722 933 2801 τέρατα
979 2720 1155 2799 ἴδητε,
1202 2725 1261 2779 οὗ
1304 2723 1381 2800 μὴ
1432 2725 1775 2790 πιστεὺσητε.
1813 2722 1920 2779 Λέ-

270 2830 351 2889 γει
408 2812 544 2875 παὸς
602 2813 755 2870 αύτὸν
826 2814 853 2867 6
912 2810 1209 2888 βασιλικός’
1269 2814 1445 2887 Κύριε,
1492 2810 1749 2879 κατάϐηθι
1804 2814 1921 2889 πρὶν

269 2900 560 2958 ἀποθανεῖν
616 2902 677 2957 τὸ
746 2900 952 2957 παιδίον
1009 2924 1135 2976 μου.
1195 2902 1349 2979 Λέγει
1410 2906 1551 2975 αὐτῷ
1604 2902 1630 2955 ὁ
1689 2900 1917 2968 Ἰησοῦς⁹

270 2990 517 3068 Πορεύου,
578 2990 604 3045 6
656 2992 763 3054 υἱὸς
820 3012 915 3047 σου
944 2996 1033 3067 ζῇ.
1095 2992 1191 3047 Καὶ
1222 2991 1521 3047 ἐπίστευσεν
1580 2990 1607 3044 6
1651 2988 1921 3068 ἅνθρωπος

2011 1823 2154 1887 labit
2185 1824 2350 1887 vobis
2376 1825 2663 1887 Dominus
2693 1825 2771 1888 τ).
2802 1850 2827 1880 ι

2088 2092 2249 2155 Vrsas
2307 2094 2512 2158 46-50.
2556 2116 2582 2153 ‹
2608 2092 2785 2156 Venit
2807 2114 2946 2173 ergo
2970 2096 3145 2158 Jesus
3164 2094 3376 2155 iterum
3404 2096 3461 2156 in
3492 2093 3646 2155 Cana

2006 2181 2391 2259 Galilaaaa,ubi
2411 2184 2630 2245 fecerat
2653 2202 2723 2245 ex
2746 2202 2900 2265 aqua
2913 2185 3137 2247 vinum.
3161 2181 3231 2243 Et
3253 2192 3378 2245 erat
3406 2183 3644 2264 quidam

2001 2271 2202 2349 regius
2232 2272 2406 2351 cujus
2457 2272 2614 2333 [ilius
2665 2272 3084 2336 inﬁrmabatur
3113 2272 3507 2353 Capernaum.
3543 2271 3647 2332 llic

2000 2380 2135 2422 cum
2166 2362 2428 2423 audisset
2445 2362 2600 2443 quod
2621 2358 2796 2423 Jesus
2819 2362 3153 2425 advenisset
3174 2380 3208 2422 a
3231 2362 3433 2423 Judaaa
3454 2361 3512 2420 in
3545 2359 3649 2422 Ga-

2004 2448 2480 2525 lilaeam,abiitad
2507 2460 2737 2525 eum,et
2754 2453 2997 2530 rogabat
3016 2470 3151 2512 eum
3176 2450 3651 2512 utdescenderet

2001 2556 2069 2599 ac
2098 2548 2336 2601 sanaret
2363 2539 2547 2621 ipsius
2574 2540 2758 2603 ﬁlium
2787 2562 2800 2603 :
2835 2541 3130 2622 siquidem
3165 2540 3216 2601 is
3263 2540 3481 2621 agebat
3516 2540 3650 2601 ani-

2004 2646 2183 2691 mam.
2219 2628 2524 2708 Dixitergo
2554 2628 2730 2691 .lesus
2760 2629 3010 2693 adeum:
3045 2628 3172 2690 Nisi
3202 2628 3370 2707 signa
3402 2638 3458 2688 et
3510 2647 3649 2708 pro-

2005 2717 2161 2796 digia
2191 2716 2479 2790 videritis,
2514 2738 2631 2778 non
2665 2719 2947 2780 credetis.
2972 2718 3129 2778 Dixit
3149 2717 3221 2778 ad
3248 2736 3383 2778 eum
3406 2720 3603 2795 regius
3633 2740 3641 2773 :

2006 2807 2588 2887 Domine,descende
2608 2808 2951 2887 priusquam
2974 2806 3258 2867 moriatur
3281 2806 3437 2866 ﬁlius
3456 2825 3644 2865 niueos.

2007 2895 2164 2957 Dicit
2192 2896 2247 2958 ei
2276 2896 2469 2959 Jesus:
2508 2895 2695 2970 Vade,
2728 2896 2883 2957 [ilius
2914 2903 3047 2956 tuus
3079 2895 3236 2955 vivit.
3259 2894 3524 2957 Credidit
3546 2895 3648 2954 lio-

2007 3002 2100 3045 mo
2122 2986 2385 3048 sermoni
2415 3004 2592 3067 quem
2624 2985 2853 3047 dixerat
2882 2984 2937 3045 ei
2957 2982 3154 3059 Jesus,
3191 2993 3248 3045 et
3282 2982 3426 3046 ibat.
3457 3008 3484 3038 ι
3525 2986 3644 3045 Re-

264 3084 343 3153 τῷ
412 3076 581 3157 λόγῳ,
640 3081 686 3152 ᾧ
716 3079 860 3134 εἶπεν
915 3080 1056 3153 αύτῷ
1085 3079 1112 3134 ὀ
1145 3077 1375 3159 Ἰησοῦς,
1410 3079 1496 3135 καὶ
1542 3079 1846 3157 ἆπορεύετο.
1889 3100 1915 3133 ε

2008 3073 2237 3134 cordari
2272 3092 2377 3135 nos
2408 3073 2543 3136 facit
2573 3072 2932 3152 evangelista
2966 3071 3236 3134 miraculi
3268 3070 3327 3132 in
3359 3072 3646 3144 Cana,ubi

267 3149 693 3243 ’A'vapthqunst
768 3168 913 3243 ἡμᾶς
996 3149 1040 3223 6-
1094 3149 1474 3246 εὒαγγελιστὴς
1525 3175 1617 3224 τοῦ
1649 3149 1729 3223 ’ἐν
1777 3172 1919 3239 Κανᾷ

2008 3180 2152 3242 aqua
2198 3162 2348 3226 facta
2368 3173 2456 3226 est
2484 3149 2770 3239 vinum,et
2792 3164 3031 3225 interim
3066 3174 3127 3224 ut
3147 3172 3377 3224 crescat
3399 3161 3526 3222 laus
3550 3160 3651 3223 Sa-

271 3256 562 3332 θαύματος,
631 3253 763 3313 ὅπου
822 3255 1033 3335 ἐγένετο
1086 3258 1147 3313 τὸ
1176 3255 1312 3335 ὕδωρ
1344 3258 1516 3330 οἶνος,
1556 3255 1665 3333 ἅμα
1710 3257 1807 3331 μὲν
1836 3254 1919 3311 διὰ

272 3346 332 3401 τὶ
392 3342 612 3411 αὐξῆσαι
684 3345 787 3401 τῶν
836 3353 1181 3425 Σαμαρειτῶν
1255 3349 1317 3403 τὸ
1373 3348 1641 3424 ἒγκὼμιον
1698 3345 1766 3426 (οἱ
1826 3345 1921 3408 μὲν

276 3434 375 3512 γὰρ
435 3432 740 3515 Γαλιλαῖοι,
803 3434 955 3514 φησὶ,
1016 3437 1102 3491 καὶ
1159 3436 1264 3492 ἀπὸ
1294 3441 1399 3492 τῶν
1430 3436 1483 3492 ἑν
1542 3428 1921 3515 Ἰεροσολύμοις

280 3526 362 3580 καὶ
420 3525 524 3580 ἀπὸ
578 3529 686 3580 τῶν
735 3522 860 3604 παρ’
934 3528 1117 3588 αὺτοῖς
1149 3526 1449 3603 γενομένων
1480 3533 1715 3602 σημε’ων
1769 3527 1919 3584 αὖτόν

280 3611 534 3679 εδέξαντο·
602 3616 648 3670 οἱ
691 3611 746 3669 δὲ
819 3621 1149 3694 Σαμαρεῖται
1208 3615 1313 3672 ἀπὸ
1363 3615 1534 3690 μόνης
1589 3616 1684 3684 τῆς
1716 3637 1919 3694 μαρτυ-

276 3704 384 3782 ρίας
442 3707 539 3770 τῆς
610 3704 879 3783 γυναικὸς,
935 3704 1023 3761 καὶ
1080 3709 1179 3773 τῆς
1241 3704 1396 3762 αὖτοῦ
1428 3706 1520 3762 τοῦ
1552 3714 1737 3785 Κυρίου
1772 3703 1922 3762 διδα-

184 3804 185 3807 “
276 3789 540 3873 σκαλίας),
589 3791 700 3869 ἅμα
751 3790 806 3849 δὲ
850 3794 935 3850 καὶ
976 3790 1071 3849 ἵνα
1100 3793 1241 3872 δείξῃ
1272 3797 1430 3871 ἡμῖν,
1462 3796 1542 3852 ὅτι
1572 3799 1661 3853 καὶ
1691 3797 1718 3852 6
1763 3796 1919 3872 βασι-

272 3880 418 3948 λικὸς
474 3882 578 3940 ἀπὸ
636 3889 730 3941 τοῦ
785 3883 838 3939 ἑν
898 3887 1041 3955 Κανᾷ
1090 3885 1357 3960 θαύματος
1388 3885 1588 3965 ἀγαθήν
1643 3908 1758 3942 τινα
1805 3886 1919 3964 περὶ

268 3976 360 4030 τοῦ
416 3980 641 4051 Χριστοῦ
697 3970 967 4048 ὑπόληψιν
1040 3970 1272 4039 ἐδέξατο,
1307 3978 1351 4031 εἰ
1380 3978 1577 4052 καὶμὴ
1618 3977 1717 4043 τὴν
1746 3974 1913 4040 ἀξίαν,

2007 3252 2604 3317 maritanorum.Nam
2630 3263 2688 3313 et
2709 3251 2933 3316 (ΞειΙίΙωί
2955 3251 3650 3333 quidem,inquit,susce-

2005 3349 2220 3422 perunt
2250 3361 2383 3403 eum
2416 3351 2663 3424 propter
2689 3342 2855 3420 signa
2870 3360 3001 3422 qua:
3018 3340 3167 3403 facta
3186 3350 3323 3401 sunt
3343 3340 3404 3400 in
3432 3338 3645 3401 Hiero-

2006 3429 2268 3511 solymis,
2304 3441 2362 3493 et
2390 3432 2544 3513 apud
2580 3450 2647 3493 se
2682 3448 2695 3493 :
2742 3430 3098 3493 Samaritani
3129 3438 3327 3491 autem
3359 3428 3434 3491 ob
3467 3429 3649 3490 solius

2006 3520 2274 3582 mulieris
2301 3520 2796 3596 testimonium,et
2817 3519 3007 3601 ipsius
3030 3518 3267 3581 Domini
3290 3519 3645 3582 doctrinam.

2003 3607 2277 3672 Ostendit
2306 3611 2555 3692 insuper
2589 3613 2748 3690 quod
2780 3618 2837 3671 et
2872 3609 3070 3689 regius
3099 3609 3199 3671 ille
3243 3627 3313 3670 ex
3362 3608 3648 3669 miraculo

2005 3701 2157 3780 quod
2194 3699 2255 3760 in
2287 3698 2443 3763 Cana
2492 3708 2619 3761 erat
2666 3699 2910 3774 factum,
2974 3697 3189 3758 bonam
3222 3698 3541 3777 quamdam
3574 3701 3648 3757 de

2007 3786 2238 3851 Christo
2269 3790 2611 3871 opinionem
2645 3796 3027 3869 conceperat,
3063 3786 3300 3848 tametsi
3329 3786 3526 3847 minus
3550 3787 3644 3846 di-

2001 3880 2459 3957 gnamBegium
2483 3889 2678 3941 autem
2705 3877 2868 3938 illum
2892 3875 3177 3955 vocat,vel
3209 3874 3366 3955 quod
3392 3894 3459 3935 ex
3484 3876 3645 3951 regio

2001 3976 2125 4030 erat
2146 3968 2490 4048 genere,vel
2512 3966 2670 4048 quod
2691 3964 2933 4046 gerebat
2949 3965 3297 4044 dignitatem
3330 3967 3643 4045 quamdam

272 4060 549 4119 Βασιλικὸν
619 4060 673 4117 δὲ
730 4066 916 4120 τοῦτον
976 4060 1159 4137 καλεῖ,
1191 4063 1228 4132 ἢ
1258 4067 1333 4129 ὡς
1360 4064 1421 4122 ὲκ
1451 4064 1634 4143 γένους
1667 4061 1792 4121 ὄντα
1813 4066 1915 4139 βασι

2008 4055 2075 4117 ob
2109 4076 2280 4138 quam
2304 4059 2389 4120 sic
2412 4056 2907 4127 vocabatur.Num
2938 4053 3303 4143 igitur,dicet
3322 4053 3644 4134 quis,idem

275 4149 498 4227 σιλικοῦ,
545 4149 601 4232 ’ἤ
632 4149 841 4226 ἀξίωμᾶ
864 4173 914 4207 τι
945 4151 1119 4232 ἀρχῆς
1165 4151 1339 4230 ἕτερον
1397 4152 1536 4211 οὕτω
1590 4153 1916 4228 καλούμενον

278 4241 491 4320 ἔχοντα,
544 4226 675 4319 Ἀρα
732 4243 847 4321 οὗν,
902 4226 1053 4321 φησί,
1112 4244 1201 4299 καὶ
1244 4226 1401 4306 αὐτός
1448 4242 1587 4299 ἐστιν
1645 4226 1795 4307 οὗτος
1846 4250 1923 4317 τῷ

279 4329 415 4408 παρᾶ
468 4334 545 4404 τῷ
601 4331 848 4404 Ματθαίῳ
905 4331 1335 4411 ἐκατοντάρχῳς
1394 4332 1483 4388 καὶ
1529 4333 1629 4411 γὰρ
1676 4332 1922 4397 κάκεῖνος

281 4418 332 4473 ὲν
384 4418 734 4496 Καπερναοὺμ
784 4420 872 4487 ἦν.
908 4418 1017 4477 Οὔκ
1046 4422 1200 4496 οἶμαι
1231 4421 1314 4477 τοί
1326 4444 1405 4476 ιυν
1459 4422 1550 4477 τὸν
1574 4423 1728 4478 αὐτὸν
1753 4421 1895 4478 εἶναι

284 4504 395 4562 ἀλλ’
458 4505 655 4585 ἕτερον,
734 4506 975 4571 Ἐκεῖνος
1010 4508 1108 4583 μὲν
1152 4509 1252 4587 γὰρ
1282 4510 1370 4566 καὶ
1402 4507 1720 4587 βουλόμενον
1746 4508 1922 4568 nam

282 4599 366 4651 τὸν
424 4596 646 4675 Χριστὸν
703 4594 1007 4671 διακωλύει,
1067 4595 1262 4676 λέγων·
1327 4621 1351 4655 ε
1429 4603 1537 4659 Οὐκ
1594 4600 1701 4675 είμὶ
1756 4598 1921 4675 ἄξιος,

280 4684 365 4740 ’ίνα
422 4706 523 4760 μου
579 4687 679 4741 ὑπὸ
725 4684 821 4752 τὴν
876 4684 1069 4763 στέγην
1102 4686 1363 4765 είσέλθῃς’
1435 4712 1458 4746 ε
1536 4688 1688 4752 οὗτος
1747 4688 1801 4745 δὲ
1851 4690 1923 4753 εἷς

281 4775 373 4841 τὴν
430 4776 594 4831 οὶκίαν
653 4776 808 4832 αὖτού
872 4773 1013 4831 ἕλκει
1070 4777 1161 4833 τὸν
1194 4774 1429 4845 Ἰησοῦν.
1466 4778 1716 4837 Κᾶκείνου
1748 4779 1845 4854 μὲν
1896 4780 1923 4834 6

281 4877 429 4936 παῖς,
489 4863 650 4942 ἤγουν
708 4864 737 4919 6
798 4860 1007 4945 ὃοῦλος,
1040 4865 1256 4945 παρέσει
1289 4870 1595 4947 κατείχετο·
1634 4870 1814 4925 τούτου
1870 4866 1923 4924 δὲ

284 4958 307 5009 ὁ
360 4957 468 5018 υτὸς
526 4960 757 5033 πυρετῷ.
826 4963 997 5011 Κακεῖ
1056 4955 1152 5032 μὲν
1223 4957 1327 5014 ἀπὸ
1357 4965 1451 5015 τοὺ
1480 4957 1630 5037 ὄρους
1664 4956 1919 5038 καταϐὰς,

286 5045 351 5107 εἷς
412 5044 759 5122 Καπερναουμ
820 5041 1199 5111 εἰσῆλθεσννὺν
1285 5044 1365 5119 δὲ,
1424 5046 1529 5103 ἀπὸ
1586 5047 1684 5114 τῆς
1745 5054 1923 5119 Σαμα-

288 5132 445 5212 ρείας,
498 5134 585 5190 καὶ
642 5135 737 5191 οὒκ
787 5134 860 5197 εἰς
923 5136 1292 5216 Καπερναοὺμ,
1324 5134 1547 5200 ἆλλέίς
1606 5143 1771 5197 Κανᾶ.
1808 5134 1927 5194 Ἐπὶ

289 5226 465 5299 πᾶσιν,
526 5220 731 5285 ἐκεῖνος
789 5222 887 5297 μὲν
946 5222 1358 5303 ἑκατόνταρχος·
1393 5234 1544 5288 οὗτος
1602 5221 1681 5301 δὲ,
1712 5224 1926 5301 βασιλι-

291 5312 370 5372 κὸς
430 5311 493 5366 τὸ
550 5308 779 5387 ἀξίωμα,
811 5308 983 5375 Ἀξιοῖ
1012 5311 1109 5387 μὲν
1140 5312 1229 5370 οὖν
1259 5314 1286 5369 ὁ
1316 5312 1591 5390 βασιλικὸς
1622 5314 1711 5369 τὸν
1744 5314 1931 5393 Κύριον

290 5403 558 5458 κατελθεῖν
614 5400 687 5462 ὡς
744 5400 958 5468 ἰάσηται
1010 5403 1100 5457 τὸν
1182 5401 1310 5459 υἱόν·
1347 5405 1375 5459 ὁ
1406 5400 1457 5458 δὲ
1539 5413 1724 5480 Κυριος
1796 5407 1929 5460 καθ-

1905 4468 1990 4525 ’D

2006 4154 2097 4207 est
2125 4167 2258 4207 cum
2290 4146 2641 4209 centurione
2667 4145 2823 4225 apud
2853 4143 3191 4205 Matthaaum
3225 4142 3250 4204 ἲ
3279 4144 3425 4207 Nam
3468 4150 3524 4203 et
3548 4143 3647 4204 ille

2006 4251 2076 4295 ex
2107 4232 2478 4316 Capernaum
2509 4232 2791 4299 erat.Non
2819 4233 3033 4314 opinor
3053 4233 3329 4313 equidem
3354 4232 3522 4293 illum
3553 4252 3645 4293 es-

2006 4326 2205 4405 se,sed
2229 4325 2412 4385 alium
2456 4323 2599 4386 Nam
2634 4323 2735 4384 ille
2756 4324 3001 4403 quidem
3034 4332 3092 4383 et
3121 4321 3414 4385 volentem
3451 4322 3649 4384 venire

2008 4412 2308 4475 Christum
2342 4412 2640 4494 prohibet,
2673 4412 2920 4474 dicens:
2961 4436 2987 4468 vt
3016 4409 3145 4472 Non
3175 4429 3307 4473 sum
3346 4412 3557 4491 dignus
3591 4424 3648 4473 ut

2007 4501 2117 4565 sub
2149 4510 2368 4565 tectum
2406 4520 2600 4565 meum
2630 4501 2984 4581 ingrediaris
3011 4499 3255 4564 “alste
3280 4519 3415 4562 vero
3443 4500 3646 4563 Jcsum

2007 4591 2065 4653 in
2092 4592 2332 4653 domum
2358 4610 2521 4653 suam
2557 4589 3009 4653 trahit.Etillius
3034 4590 3275 4671 quidem
3304 4609 3452 4671 puer
3476 4610 3646 4671 para-

2006 4680 2113 4762 lysi
2136 4680 2751 4755 detinebatur,servus
2772 4678 3252 4742 videlicetzistius
3268 4687 3460 4741 autem
3496 4681 3650 4741 ﬁlius

2005 4771 2257 4835 febri.Et
2280 4771 2404 4834 illic
2433 4770 2673 4852 quidem
2703 4788 2835 4832 cum
2868 4788 2902 4830 a
2958 4778 3156 4831 monte
3210 4769 3647 4846 descendisset,

2008 4864 2440 4943 etCapernaum
2471 4860 2774 4939 ingressus
2802 4869 2919 4922 est:
2957 4877 3112 4920 nunc
3149 4867 3343 4920 autem
3378 4880 3410 4920 a
3440 4862 3649 4921 Sama-

2008 4953 2116 5028 ria,
2153 4962 2209 5013 et
2238 4972 2355 5013 non
2388 4951 2447 5012 in
2479 4954 2871 5030 Capernaum,
2903 4949 3043 5009 566
3086 4950 3191 5010 sed
3222 4950 3283 5009 in
3344 4948 3523 5015 Cana.
3586 4950 3649 5012 In

2009 5060 2139 5105 sum
2150 5044 2370 5118 ma,ille
2388 5040 2784 5115 centurio,hic
2796 5048 2992 5101 autem
3006 5038 3204 5118 regius
3216 5038 3324 5100 fuit
3339 5042 3646 5119 dignitate.

2010 5130 2152 5195 Orat
2183 5133 2359 5212 igitur
2400 5132 2601 5210 regius
2644 5130 2746 5191 ille
2784 5129 3101 5191 Dominum
3135 5138 3197 5191 ut
3223 5128 3549 5191 descendat
3577 5134 3647 5194 ad

2010 5224 2335 5284 sanandum
2357 5220 2947 5283 ﬁlium.AtDominus
2963 5218 3302 5300 perstringit
3317 5229 3652 5299 eum,utpo-

2013 5322 2068 5373 te
2099 5332 2216 5374 non
2245 5312 2703 5393 perfectam,sed
2730 5328 2964 5391 parvam
2992 5308 3311 5371 habentem
3340 5310 3647 5372 ﬁdem.Di-

2012 5403 2203 5465 cendo
2226 5404 2447 5480 enim,«
2480 5402 2812 5474 Descende,
2835 5400 3172 5481 priusquam
3197 5404 3478 5464 moriatur
3499 5402 3651 5464 ﬁlius

358 5583 420 5635 ss
445 5584 615 5647 Joan.
648 5589 753 5653 vn,
786 5576 890 5641 52.
974 5573 1031 5620 ⁸³
1056 5576 1226 5640 Dent.
1262 5596 1423 5653 xvm,
1459 5580 1549 5642 15η
1642 5581 1705 5632 ιι
1733 5582 1935 5649 Matth.
1970 5598 2093 5655 vm,
2129 5581 2166 5643 8
