4070 6224
394 284 547 350 W55

1355 279 1950 346 THEOPHYLACTI
1999 276 2408 342 BULGARIzE
2452 272 2802 345 ARCHIEP.

3708 281 3847 345 1256

398 436 625 491 meus,»
655 416 1056 477 inﬁrmitatem
1080 414 1217 476 ﬁdei
1260 432 1381 474 suae
1422 412 1717 475 ostendit:
1751 413 1888 494 quia
1921 426 2038 470 non

2130 410 2421 485 ἀπτόμειος
2485 416 2664 485 αὐτοῦ,
2725 415 2797 477 ὡς
2855 415 2932 489 μὴ
2961 413 3164 471 τελείαν
3195 416 3294 482 τὴν
3329 416 3591 487 πίστιν,
3652 411 3853 469 ἀλλ’ὲα

396 506 679 568 credebat
700 504 882 586 quod,
911 503 961 565 si
996 504 1366 582 contingeret
1406 501 1555 563 mori
1588 502 1798 578 tilium,
1836 509 2043 582 potens

397 604 555 658 esset
582 614 716 657 eum
742 595 1052 657 suscitare.
1088 594 1413 673 PrOpterea
1456 592 1859 671 perstringens
1909 609 2039 649 eum

396 686 559 748 dicit:
602 708 624 737 «
661 684 787 745 Nisi
844 684 1010 760 signa
1041 689 1100 744 et
1140 681 1408 764 prodigia
1445 680 1732 752 videritis,
1761 699 1875 741 nun
1909 697 2041 739 cre-

397 776 571 836 detis.
634 797 660 828 π
695 771 937 833 Interim
984 780 1178 833 autem
1213 779 1272 829 et
1292 771 1442 831 alios
1462 771 1620 831 cives
1677 769 2040 849 Capernnum

394 860 955 926 accusat.Videntur
972 866 1131 923 enim
1160 860 1383 941 ubique
1405 859 1480 920 ob
1503 860 1744 920 multam
1764 857 2022 919 incredu-

395 955 619 1016 litatem
646 951 1055 1013 condemnari.
1086 950 1273 1029 Igitur
1293 948 1572 1030 quoniam
1606 949 1858 1009 inﬁrmze
1884 964 2043 1006 men~

398 1046 467 1105 tis
490 1052 618 1104 erat
640 1041 926 1120 regius,et
948 1040 1193 1119 urgebat
1218 1038 1534 1102 Dominum
1559 1046 1621 1098 ut
1651 1038 2045 1099 descenderet

395 1133 468 1194 ad
501 1130 831 1192 sanandum
865 1128 1048 1189 tilium
1087 1146 1099 1190 :
1138 1127 1466 1189 ostendens
1501 1127 1553 1189 ei
1586 1125 1857 1189 Salvator
1888 1124 2042 1204 quod

396 1221 577 1283 etiam
603 1218 820 1280 absens
853 1226 1053 1297 posset
1083 1216 1278 1296 ipsum
1311 1235 1546 1292 sanare,
1581 1215 1746 1277 dicit:
1795 1238 1823 1269 ι
1856 1212 2039 1286 Vade,

393 1310 549 1371 ﬁlius
608 1316 739 1368 tuus
794 1307 955 1367 vivit.
997 1332 1017 1361 ο
1058 1305 1325 1386 Denique
1360 1306 1527 1385 pueri
1552 1305 1787 1386 quidem
1822 1302 2046 1363 sanavit

392 1398 644 1469 febrem,
677 1394 859 1475 patris
880 1402 1078 1456 autem
1114 1395 1613 1456 incredulitatem.
1652 1392 1817 1456 Scias
1844 1400 2040 1451 autem

394 1487 553 1549 aliud
578 1484 1149 1564 essesignum,aliud
1174 1482 1683 1565 prodigium.Nam
1711 1480 2039 1563 prodigium

392 1579 456 1639 ﬁt
490 1584 703 1657 praeter
732 1582 1098 1646 naturam,ut
1129 1582 1217 1634 est
1248 1575 1483 1651 aperire
1505 1572 1710 1634 oculos
1729 1570 1871 1632 caeci
1896 1571 2041 1649 nati,

391 1675 449 1727 et
472 1665 726 1728 excitare
756 1674 1053 1723 mortuum
1094 1680 1106 1723 :
1163 1662 1393 1740 signum
1445 1669 1642 1722 autem
1680 1682 1799 1725 non
1822 1670 2044 1739 przeter

391 1764 686 1827 naturam,
714 1762 774 1813 ut
806 1763 891 1812 est
925 1769 1137 1812 sanare
1180 1750 1505 1811 inﬁtmum.
1542 1750 1816 1816 Perﬁciet
1844 1761 2039 1810 autem

391 1858 449 1907 et
492 1859 651 1906 nunc
712 1844 823 1903 hoc
891 1839 1243 1901 miraculum
1290 1839 1599 1917 Dominus,
1636 1841 1843 1922 siquis
1875 1844 2041 1903 illum

390 1935 582 1997 adeat.
618 1930 827 1995 Omnis
875 1930 1053 1991 bomo
1088 1939 1175 1991 est
1197 1930 1394 2007 regius
1424 1913 1665 2009 quidam
1699 1913 1816 1993 non
1848 1932 2037 1993 solum
2070 1913 2105 1961 Β

394 2023 586 2105 quoad
611 2030 898 2101 cognatus
924 2027 1167 2099 propter
1190 2021 1448 2079 animam
1472 2020 1599 2098 regi
1632 2021 2040 2100 omnium,sed

392 2114 570 2177 etiam
604 2110 761 2192 quod
795 2110 922 2189 ipse
948 2109 1169 2186 regiam
1229 2108 1574 2187 dignitatem
1610 2128 1787 2190 supra
1836 2116 2045 2171 omnes

392 2199 957 2280 accepit.Invenitur
975 2206 1171 2257 autem
1200 2216 1354 2277 saepe
1373 2196 1600 2258 habens
1616 2200 1853 2278 quidem
1872 2218 2027 2258 men-

402 2305 518 2355 tem
548 2288 913 2370 quasiﬁliui‘n
940 2285 1074 2363 igne
1092 2286 1433 2347 illicitarum
1456 2287 1812 2367 voluptatum
1839 2300 1895 2351 et
1913 2308 2021 2349 con

405 2376 790 2461 cupiscentiis
814 2375 964 2435 male
1012 2374 1409 2436 laborantem.
1444 2374 1503 2436 Si
1535 2376 1716 2454 igitur
1735 2375 2057 2440 accesserit

402 2473 473 2535 ad
499 2471 726 2541 Jesum,
754 2474 813 2526 et
835 2463 1105 2544 petiverit
1128 2462 1201 2523 ab
1234 2482 1304 2524 eo
1348 2464 1771 2546 utdescendat,
1802 2466 1913 2527 hoc
1938 2476 2047 2535 est,

404 2560 758 2623 misereatur
774 2565 831 2615 et
846 2553 1106 2614 remittat
1123 2551 1205 2613 illi
1228 2560 1465 2632 peCcate
1487 2554 1827 2635 priusquam
1848 2575 1916 2617 ex
1936 2564 2054 2616 toto

405 2672 438 2713 a
460 2646 666 2710 morbo
692 2644 1059 2723 voluptatum
1088 2643 1393 2703 moriatur:
1430 2643 1502 2712 isi
1526 2643 1683 2703 enim
1724 2645 1907 2706 nostri
1936 2664 2050 2705 non

404 2739 788 2799 misereretur
814 2730 1105 2806 Deus,sed
1130 2729 1472 2792 observaret
1496 2732 1925 2812 iniquitates,et
1945 2750 2037 2793 se-

400 2823 661 2888 cundum
686 2821 821 2882 illas
846 2820 1258 2900 ulcisceretur,
1287 2819 1558 2899 quisnam
1586 2808 1913 2883 sumineret
1931 2828 1957 2884 ’ξ
1978 2808 2052 2872 25)

400 2917 447 2977 si
480 2915 661 2991 igitur
685 2908 1026 2989 accesserit,
1058 2908 1359 2969 utdictum
1387 2918 1495 2981 est,
1528 2920 1878 2992 asSequetur
1896 2912 2049 2991 quod

401 3004 633 3086 quierit,
663 3010 719 3062 et
750 3000 999 3080 recipiet
1022 3006 1282 3059 mentem
1303 3017 1466 3059 suam
1492 3004 2049 3064 sanam.Verumta-

405 3112 539 3155 men
563 3092 694 3152 vide
731 3098 788 3151 et
816 3087 959 3169 quid
982 3087 1139 3149 dicat
1168 3086 1240 3147 ad
1269 3087 1435 3148 illum
1469 3087 1781 3153 Dominus:
1813 3115 1841 3146 α
1864 3087 2045 3171 Vade,

403 3182 560 3245 ﬁlius
584 3192 717 3242 tuus
747 3178 908 3251 vivit,
947 3201 967 3231 ι
994 3176 1107 3237 hoc
1132 3182 1242 3255 est,
1277 3195 1350 3237 ne
1383 3177 1465 3237 sis
1493 3177 1820 3240 immobilis
1837 3178 1910 3241 ad
1944 3180 2045 3240 bo.

2126 498 2317 577 μέρους
2389 499 2612 581 ἔχοντος
2665 504 2781 579 (καὶ
2855 505 2953 581 γάρ
3032 505 3094 559 τὸ
3150 506 3349 584 εἰπεῖν,
3424 524 3467 561 α
3562 499 3852 566 Κατάὅτεὸι

2126 591 2243 661 πρὶν
2315 590 2599 647 ἀποθανεῖν
2658 594 2748 647 τὸν
2804 595 2912 651 υἱόν
2971 616 3096 668 μου,
3156 616 3183 649 ιι
3245 594 3344 661 τὴν
3378 591 3721 649 ἀσθένειαν
3768 590 3856 657 τῖ’,ς

2126 678 2353 739 πίστεως
2412 683 2568 738 αὐτοῦ
2599 679 2858 760 ἐμφαίνει,
2930 684 3002 747 ὡς
3061 682 3139 756 μὴ
3196 685 3623 754 πιστεύοντος,
3685 682 3774 752 351
3821 690 3859 740 εἰ

2126 769 2212 821 καὶ
2270 764 2445 844 συμϐῇ
2500 771 2657 825 αὐτὸν
2716 773 3023 846 ἀποθανεῖν,
3084 770 3302 837 δυνατός
3350 774 3525 829 ἐστιν
3596 771 3861 840 ivncti,-

2940 862 3027 917 οὖν
3104 866 3200 917 καθ
3208 884 3539 937 απτομενος
3658 863 3855 929 αὕτοῄ

2129 949 2307 1026 φησίν·
2377 969 2399 1002 ιι
2468 947 2593 1004 Ἐἀν
2664 950 2739 1022 μὴ
2814 965 3017 1025 σημεῖα
3057 954 3143 1007 καὶ
3173 952 3364 1030 τέρατα
3396 952 3634 1024 ἴδητε,
3679 954 3750 1008 οὗ
3785 952 3862 1027 μὶ,

2129 1037 2466 1103 πιστεύσητε·
2534 1060 2561 1092 ι
2637 1038 2746 1113 ἅμα
2794 1038 2847 1094 δὲ
2894 1043 2979 1095 καὶ
3008 1048 3110 1097 τῶν
3143 1040 3335 1118 ἐτέρων
3361 1040 3656 1097 πολιτῶν
3713 1064 3858 1097 xz:-

2128 879 2214 911 σαι
2268 857 2471 937 αὐτὸν),
2533 856 2615 913 διὰ
2680 867 2842 916 ταῦτα

2128 1126 2337 1204 ηγορῶν
2410 1133 2515 1183 τῶν
2573 1126 2627 1181 ἐν
2695 1132 2762 1204 τῇ
2850 1130 3220 1209 Καπερναούμ.
3308 1130 3649 1185 Φαίνονται
3754 1131 3859 1207 γὰρ

2127 1222 2406 1295 πανταχοῦ
2458 1214 2665 1282 πολλὴν
2741 1217 2982 1273 ἀπιστίαν
3078 1220 3594 1297 κατηγορούμεναι.
3697 1219 3858 1276 Ἐπεὶ

2127 1303 2213 1359 οὖν
2270 1304 2491 1371 ἀσθενὴς
2550 1304 2613 1371 ἦν
2669 1304 2702 1360 ὅ
2752 1304 3027 1381 βασιλικὸς
3087 1308 3183 1374 τὴν
3240 1308 3501 1385 γνώμην,
3548 1311 3669 1364 καὶ
3705 1331 3857 1363 κατ-

2126 1394 2315 1471 ήπειγε
2372 1395 2463 1448 τὸν
2519 1395 2703 1471 Κύριον
2756 1393 3035 1451 κατελθεῖν
3068 1398 3141 1458 εἰς
3192 1398 3477 1474 θεραπείαν
3518 1405 3646 1454 τοῦ
3708 1420 3852 1453 παι-

2126 1480 2237 1552 δὸς,
2300 1479 2546 1538 δεικνύων
2608 1485 2747 1558 αύτῷ
2801 1487 2828 1539 6
2888 1485 3095 1564 Σωτὴρ,
3142 1484 3222 1541 ὅτι
3253 1487 3341 1541 καὶ
3381 1488 3561 1543 ἀπὼν
3606 1486 3850 1543 δύναται

2129 1570 2281 1626 αὺτὸν
2338 1574 2674 1652 θεραπεῦσαι,
2734 1570 2899 1651 λέγει’
2943 1599 2963 1628 ι
3006 1575 3254 1655 Πορεύου,
3293 1578 3320 1631 6
3350 1577 3460 1639 υἱός
3502 1595 3631 1633 σου
3675 1584 3779 1652 ζῇ.
3816 1602 3842 1631 δ

2128 1659 2342 1735 Ἀμέλει
2414 1668 2504 1718 τοῦ
2574 1662 2670 1736 μὲν
2731 1661 2912 1727 παιδὸς
2944 1666 3033 1719 τὸν
3066 1666 3309 1744 πυρετὸν,
3354 1672 3447 1722 τοῦ
3484 1669 3742 1745 πατρὸς
3790 1664 3845 1721 δὲ

2126 1750 2221 1816 τὴν
2272 1748 2510 1807 ἀπιστίαν
2570 1751 2778 1815 ἰάσατο,
2838 1752 3069 1808 Γίνωσκε
3128 1751 3207 1827 δὲ,
3266 1757 3340 1817 ὡς
3409 1753 3560 1812 ἄλλο
3639 1755 3838 1834 τέρας,

2127 1840 2212 1894 καὶ
2271 1837 2399 1895 ἄλλο
2458 1854 2713 1915 σημεῖον.
2774 1841 2937 1920 Τέρας
3000 1842 3095 1917 μὲν
3141 1844 3239 1920 γὰρ
3296 1847 3357 1901 τὸ
3420 1846 3590 1923 παρὰ
3629 1846 3837 1924 φύσιν,

2128 1930 2244 1983 οἷον
2313 1928 2373 1983 τὸ
2444 1925 2699 1994 διανοῖξαι
2751 1929 3049 2009 ὀφθαλμοὺς
3112 1930 3308 2011 τυφλοῦ
3358 1934 3836 2010 γεγεννημένου,

2124 2019 2211 2072 καὶ
2268 2016 2469 2096 ἔγενραι
2528 2018 2732 2095 νεκρόν·
2794 2033 3021 2093 σημεῖον
3051 2017 3128 2090 δὲ,
3163 2022 3224 2075 τὸ
3255 2023 3349 2076 οἷα
3391 2020 3494 2086 ἔξω
3554 2028 3686 2089 τῆς
3724 2023 3834 2099 φύ-

2128 2127 2284 2181 σεως,
2346 2107 2464 2163 οἷον
2521 2109 2581 2163 τὸ
2610 2108 2780 2163 ἰᾶσθαι
2828 2105 3114 2186 ἅῤῥωστον,
3147 2107 3357 2166 Τελέσει
3389 2107 3442 2165 δὲ
3474 2113 3581 2167 καὶ
3658 2110 3831 2168 τοῦτο

2128 2198 2188 2251 τὸ
2252 2188 2424 2270 θαῦμα
2481 2198 2568 2252 καὶ
2628 2198 2712 2251 νῦν
2766 2200 2794 2252 6
2827 2199 3009 2275 Κύριος
3054 2198 3139 2254 ἐπὶ
3186 2201 3377 2262 παντὸς
3408 2205 3497 2256 τοῦ
3557 2208 3830 2279 προπερ-

2134 2287 2390 2366 χομένου.
2453 2290 2583 2343 Οἱον
2639 2285 2911 2361 βασιλικός
2967 2286 3075 2342 ἐστι
3118 2292 3220 2351 πᾶς
3266 2286 3569 2365 ἄνθρωπος,
3611 2290 3687 2344 οὗ
3723 2292 3829 2362 μό-

2136 2397 2222 2431 νον
2276 2378 2349 2439 ὼς
2414 2382 2507 2431 τοῦ
2569 2374 2826 2452 βασιλέως
2898 2377 3108 2432 πάντων
3139 2376 3395 2455 συγγενὴς
3430 2375 3514 2433 διὰ
3551 2380 3669 2445 τὴν
3710 2385 3821 2453 ψυ-

2134 2466 2268 2544 χὴν,
2329 2463 2463 2519 ἀλλά
2530 2467 2617 2521 καὶ
2661 2467 2733 2526 ὡς
2778 2464 2934 2528 αὒτὸς
2963 2464 3244 2541 βασιλικὴν
3267 2465 3441 2545 ἀρχὴν
3470 2470 3624 2523 κατὰ
3663 2471 3822 2523 πάν-

2135 2576 2239 2610 των
2324 2551 2621 2629 δεξάμενος,
2662 2554 2960 2631 Εὑρίσκεται
2992 2552 3045 2608 δὲ
3077 2552 3333 2619 πολλάκις
3369 2553 3515 2635 ἔχων
3557 2554 3660 2620 τις
3720 2561 3818 2613 τὸν

2139 2652 2278 2716 νοῦν,
2341 2642 2435 2698 οἶα
2465 2644 2597 2715 υἱὸν,
2632 2645 2749 2722 πυρὶ
2804 2640 3007 2709 ἡδονῶν
3066 2642 3275 2699 ἀτόπων
3344 2647 3433 2699 καὶ
3482 2642 3815 2721 ἐπιθυμίαις

2136 2740 2313 2795 κακῶς
2375 2730 2591 2811 ἔχοντα.
2668 2732 2723 2788 Εἰ
2779 2733 2947 2787 τοίνυν
3004 2731 3264 2809 προσέλθῃ
3326 2740 3403 2807 τῷ
3456 2733 3670 2810 Ἰησοῦ,
3717 2738 3812 2790 καὶ

2137 2824 2340 2892 αἰτήσει
2401 2824 2553 2878 αὐτὸν
2645 2819 2961 2901 καταϐῆναι,
3046 2823 3307 2897 τουτέστι,
3388 2823 3806 2902 συγκαταϐέσει

2135 2911 2522 2991 φιλανθρωπίας
2580 2913 2902 2990 χρήσασθαι,
2964 2912 3050 2967 καὶ
3102 2918 3449 2992 συγχωρῆσαι
3482 2913 3635 2989 αὒτῷ
3699 2916 3801 2976 τὰς

2136 3001 2391 3079 ἁμαρτίας
2451 3003 2569 3079 πρὶν
2622 3000 2658 3067 ἢ
2721 2999 2933 3064 τελείως
2992 3000 3097 3056 ἀπὸ
3125 3004 3222 3069 τῆς
3254 3003 3406 3057 νόσου
3435 3007 3542 3057 τῶν
3601 3003 3799 3060 ἐπιθυ-

2132 3095 2267 3166 μιῶν
2325 3089 2689 3169 ἀπονεκρωθῇ,
2751 3086 2818 3166 (εί
2875 3090 2950 3164 μὴ
3002 3090 3102 3167 γὰρ
3144 3087 3510 3167 συγκαταϐαίη
3560 3093 3713 3169 ἡμῖν
3771 3096 3798 3149 6

2132 3183 2285 3256 Θεὸς,
2342 3179 2476 3237 ἀλλά
2546 3182 2635 3244 τὰς
2693 3180 2911 3254 ἀνομίας
2966 3182 3433 3260 παρατηρήσαιτο,
3509 3183 3605 3241 καὶ
3667 3182 3796 3241 κατ’

402 3269 682 3347 num,sed
705 3266 879 3347 vade,
909 3271 968 3326 et
1000 3263 1418 3326 incessabilem
1444 3267 1764 3329 motionem
1798 3268 2040 3331 ostende

2130 3271 2329 3334 ἐκείνας
2372 3268 2652 3341 ἐξετάσειε,
2686 3270 2762 3333 τίς
2810 3267 2995 3326 λοιπὸν
3050 3270 3405 3341 ὑποστήσεται
3440 3270 3487 3352 ς)
3538 3274 3585 3329 εἰ
3618 3297 3795 3352 προσ-

401 3360 476 3422 ad
507 3359 753 3419 bonum.
775 3353 945 3416 Tunc
975 3353 1134 3413 enim
1182 3352 1337 3414 ﬁlius
1369 3362 1502 3415 tuus
1546 3357 1716 3419 vivet.
1753 3358 1812 3419 Si
1844 3368 2041 3420 autem

398 3447 716 3530 quieveris,
752 3462 871 3504 non
911 3441 1251 3518 ambulans,
1308 3443 1596 3506 morieter
1648 3447 1818 3526 plane
1876 3466 2045 3509 mens

401 3550 523 3612 tua,
559 3556 627 3598 eo
652 3533 809 3616 quod
835 3531 909 3593 ad
942 3531 1164 3592 bonum
1190 3533 1246 3593 te
1270 3551 1387 3594 non
1421 3536 1813 3614 promoveris.

2130 3360 2256 3437 έλθῃ
2329 3360 2523 3434 τοίνυν,
2578 3369 2650 3421 ὼς
2711 3356 2945 3438 εἴρηται,
3006 3358 3239 3424 τεύξεται
3306 3367 3399 3417 τοῦ
3428 3363 3794 3439 ζητουμένου,

2127 3453 2214 3508 καὶ
2258 3447 2595 3524 ἀπολήψεται
2675 3450 2765 3505 τὸν
2823 3451 2939 3504 νοῦν
2983 3453 3141 3508 αὖτοῦ
3169 3451 3314 3528 ὑγιᾶ.
3348 3438 3499 3510 ῙῘλ-ὶιν
3531 3438 3637 3526 ὅρα
3691 3456 3791 3511 καί

2127 3542 2175 3598 τί
2240 3561 2400 3620 φησιν
2484 3541 2512 3594 6
2567 3538 2757 3614 Κύριος
2830 3540 2960 3617 πρὸς
3017 3538 3193 3596 αὒτόψ
3249 3559 3271 3595 ι
3314 3539 3564 3621 Πορεύου,
3616 3545 3647 3598 6
3679 3545 3792 3606 υἱός

397 3652 491 3688 σου
534 3636 599 3707 in
633 3641 648 3656 ⁶
686 3649 713 3679 »
749 3622 1011 3702 τουτέστι,
1044 3623 1132 3689 Μὴ
1163 3623 1410 3690 ἀκίνητος
1463 3625 1552 3681 ἔσο
1606 3631 1733 3702 πρὸς
1787 3632 1847 3684 τὸ
1877 3632 2067 3709 καλὸν,
2097 3631 2235 3690 ἀλλά
2266 3630 2512 3709 πορεύου,
2544 3629 2630 3684 καὶ
2658 3628 2865 3694 κίνησιν
2897 3628 3300 3684 ἀκατάπαυστον
3330 3628 3628 3687 ἔνδείκνυσο
3658 3637 3794 3713 πρὸς

397 3722 457 3776 τὸ
487 3715 680 3796 ἀγαθόν
714 3731 727 3744 ·
763 3714 882 3769 τότε
912 3714 1011 3791 γὰρ
1043 3714 1069 3767 6
1100 3714 1209 3775 υἱός
1242 3736 1335 3771 σου
1364 3720 1451 3790 ζῇ.
1490 3716 1543 3771 Εἰ
1574 3714 1628 3772 δὲ
1658 3718 1840 3795 παύσῃ
1864 3729 1955 3776 τοῦ
1986 3724 2317 3799 πορεύεσθαι,
2344 3717 2648 3788 τεθνήξεταί
2671 3739 2764 3773 σου
2795 3717 3008 3780 πάντως
3033 3719 3060 3773 6
3093 3717 3235 3793 νοῦς,
3269 3724 3337 3795 τῇ
3378 3721 3497 3798 περὶ
3526 3722 3587 3776 τὸ
3620 3723 3791 3781 καλὸν

396 3806 646 3879 ἀκινησίᾳ
674 3804 771 3871 τὴν
804 3803 1055 3882 νέκρωσιν
1085 3801 1285 3864 λαϐών,

478 3892 878 3959 VERS.5l-56.
921 3915 946 3945 α
974 3892 1100 3951 Jam
1128 3898 1325 3952 autem
1352 3910 1421 3954 eo
1451 3893 2042 3974 descendente,servi

396 3994 785 4052 occurrerunt
807 3984 886 4056 ei,
904 3990 962 4044 et
988 3982 1409 4044 nuntiaverunt
1431 3985 1511 4065 ei,
1531 3985 1822 4066 dicentes,
1858 3990 2043 4053 Filius

399 4090 535 4141 tuus
556 4077 711 4137 vivit.
747 4073 1092 4161 Seiscitatus
1119 4083 1207 4161 est
1232 4091 1371 4151 ergo
1396 4072 1600 4135 horam
1625 4077 1698 4138 ab
1718 4078 1881 4139 eisin
1929 4100 2043 4161 qua

394 4166 657 4246 vegetius
689 4182 755 4226 se
786 4159 1111 4223 habuisset.
1145 4159 1219 4222 Et
1247 4162 1529 4225 dixerunt
1557 4166 1608 4225 ei
1642 4187 1653 4228 :
1696 4166 1862 4243 Heri,
1897 4159 2043 4231 hora

395 4257 651 4338 septima
678 4250 920 4331 reliquit
953 4268 1087 4311 eum
1140 4250 1347 4314 febris.
1407 4253 1848 4336 Cognovitergo
1880 4268 2044 4337 pater

393 4346 551 4427 quod
585 4344 687 4406 illa
719 4343 866 4403 hora
896 4348 1024 4427 erat
1054 4339 1113 4398 in
1143 4345 1264 4417 qua
1289 4340 1437 4402 dixit
1465 4342 1579 4403 sibi
1631 4346 1828 4422 lesus,
1857 4345 2043 4408 Filius

392 4422 525 4496 tuus
546 4434 772 4507 vivit,et
802 4422 1057 4492 credidit
1079 4428 1228 4509 ipse,
1262 4438 1321 4489 et
1349 4431 1562 4493 domus
1591 4434 1721 4513 ejus
1746 4444 1884 4498 tota.
1920 4434 2041 4497 Hoc

2215 3924 2242 3955 α
2303 3889 2456 3964 ’Ήδη
2514 3894 2568 3951 δὲ
2619 3899 2774 3954 αὐτοῦ
2830 3892 3261 3972 καταϐαίνοντος,
3317 3900 3364 3954 οἱ
3394 3896 3568 3958 δοῦλοι
3622 3906 3786 3961 αὑτοῦ

2128 3989 2443 4060 ἀπήντησαν
2498 3989 2660 4064 αὐτῷ,
2719 3986 2808 4041 καὶ
2862 3984 3195 4064 ἀπήγγειλαν
3256 3984 3527 4069 λέγοντες,
3572 3988 3659 4046 ὅτι
3727 3983 3784 4051 ’0

2125 4080 2234 4144 υἱός
2293 4100 2384 4134 σου
2431 4080 2518 4152 ζῇ.
2583 4076 2832 4132 Ἐπύθετο
2888 4077 2975 4129 οὖν
3006 4074 3129 4153 παρ’
3163 4077 3331 4132 αύτῶν
3375 4078 3474 4145 τὴν
3519 4078 3695 4157 ὥραν,
3734 4082 3789 4138 ἐν

2125 4174 2162 4246 ᾗ
2218 4166 2550 4246 κομψότερον
2605 4162 2787 4243 ἔσχεν,
2824 4165 2920 4221 Καὶ
2950 4162 3109 4220 εἶπον
3138 4168 3299 4241 αύτῷ,
3336 4162 3415 4223 ὅτι
3469 4170 3599 4232 Χθὲς
3630 4168 3787 4250 ὥραν

2127 4258 2357 4333 ἑϐδόμην
2400 4255 2601 4335 ἀφῆκεν
2623 4254 2778 4309 αὐτὸν
2821 4255 2848 4309 6
2879 4253 3124 4331 πυρετός.
3166 4245 3357 4333 ’Ἔγνω
3390 4256 3477 4313 οὖν
3506 4261 3535 4313 6
3570 4245 3786 4340 πατὴρ,

2126 4347 2206 4405 ὅτι
2265 4346 2317 4402 ἐν
2348 4344 2522 4419 ἐκείνῃ
2674 4342 2807 4422 ὥρᾳ,
2841 4340 2895 4398 ἒν
2924 4343 2960 4419 ᾗ
2993 4343 3150 4399 εἶπεν
3183 4344 3322 4419 αύτῴ
3354 4348 3381 4401 6
3427 4346 3665 4429 Ἰησοῦς,
3698 4340 3786 4408 δτι

2130 4429 2185 4494 Ὀ
2257 4435 2365 4498 υἱός
2423 4456 2514 4490 σου
2562 4438 2649 4507 ζῇ,
2708 4433 2795 4487 καὶ
2854 4430 3154 4488 ἐπίστευσεν
3227 4437 3404 4515 αὐτὸς,
3436 4438 3523 4492 καὶ
3554 4439 3589 4505 ἦ
3639 4439 3787 4497 οἰκία

390 4525 605 4588 iterum
632 4517 958 4583 seCundum
983 4516 1213 4595 signum
1238 4518 1759 4594 edidiuesus,cum
1783 4525 2040 4587 veniSset

2130 4528 2283 4583 αὐτοῦ
2353 4522 2477 4590 ὅλη,
2534 4523 2696 4579 Τοῦτο
2766 4518 2933 4576 πάλιν
2975 4518 3212 4599 δεύτερον
3244 4536 3473 4598 σημεῖον
3521 4522 3777 4594 ἐποίησεν

389 4632 425 4676 a
468 4610 747 4677 Judaeain
787 4605 1114 4669 Galilaeam.
1154 4633 1180 4663 ι>
1217 4608 1615 4691 Obstupefacti
1640 4614 1790 4674 servi
1816 4632 2036 4694 repen—

2130 4619 2150 4673 δ
2209 4609 2658 4694 Ἰησοῦςλέλθὼν
2717 4609 2777 4665 ἐκ
2858 4613 2955 4678 τῆς
3017 4608 3264 4677 Ἰουδαίας
3323 4614 3396 4676 εἰς
3451 4614 3548 4682 τὴν
3603 4614 3775 4671 Γαλι-

392 4707 513 4769 tina
536 4699 729 4763 morbi
778 4696 1130 4767 mutatione,
1168 4701 1781 4775 occurruntdomino,
1815 4704 2036 4765 bonum

389 4792 667 4855 nuntium
692 4788 1008 4851 afferentes
1038 4785 1113 4847 de
1137 4786 1387 4849 sanitate
1415 4788 1552 4850 567
1583 4790 1847 4854 ﬁlii.Non
1878 4794 2034 4855 enim

388 4880 739 4963 simpliciter
773 4887 830 4938 et
858 4874 1012 4936 sicut
1040 4872 1170 4936 ﬁeri
1200 4876 1370 4946 solet,
1399 4878 1502 4939 sed
1526 4878 1721 4940 subito
1752 4880 2035 4942 liberatus

391 4982 480 5033 est
506 4989 541 5031 a
570 4969 757 5049 febre,
789 4973 853 5026 ut
882 4965 965 5027 ita
996 4965 1346 5027 ostendatur
1399 4966 1747 5029 miraculum
1773 4970 1884 5031 hoc
1916 4989 2030 5031 non

389 5060 573 5122 fuisse
602 5054 957 5136 naturae,sed
987 5052 1212 5116 virtutis
1244 5054 1485 5119 Christi.
1537 5054 1610 5120 Ut
1662 5076 1802 5137 ergo
1833 5059 2037 5121 didicit

392 5168 426 5211 a
456 5148 641 5212 servis
673 5148 878 5209 horam
910 5144 971 5204 in
1005 5163 1120 5222 qua
1143 5164 1294 5228 puer
1318 5148 1580 5226 Vegetius
1611 5165 1676 5208 se
1704 5148 2030 5218 habuisset.

389 5241 502 5301 hoc
532 5236 865 5319 est,melius
917 5232 1315 5318 habuisset,et
1346 5236 1405 5297 in
1438 5236 1748 5299 meliorem
1784 5238 2032 5299 transis-

391 5338 482 5389 set
509 5321 1117 5403 valetudinem,plene
1144 5323 1851 5390 crediditDomino.Prior
1880 5328 2033 5389 enim

393 5417 522 5498 ejus
550 5416 701 5478 ﬂdes
748 5412 1094 5496 imperfecta
1123 5421 1269 5477 erat.
1319 5416 1406 5476 Ne
1436 5413 1596 5476 enim
1620 5414 1765 5476 mihi
1822 5414 2040 5477 dixeris

472 5582 534 5631 αδ
566 5577 718 5641 Psal.
753 5592 949 5656 cxxu,
983 5575 1038 5637 3.

2121 4705 2293 4765 λαίαν.
2356 4722 2384 4761 ι
2425 4691 2833 4778 ἡἘκπλαγέντες
2903 4702 2950 4755 οἱ
3020 4697 3194 4757 δοῦλοι
3224 4701 3323 4769 τὴν
3355 4701 3544 4776 ἀθρόαν
3595 4725 3773 4780 μετα-

2119 4791 2281 4859 ϐολην
2328 4795 2426 4858 τῆς
2493 4790 2673 4863 νόσου,
2746 4788 3014 4845 ἀπαντῶσι
3072 4792 3150 4864 τῷ
3196 4792 3379 4870 κυρίῳ,
3425 4791 3771 4871 εὐαγγελιζό-

2120 4904 2269 4958 μενοι
2326 4884 2467 4955 αὒτῷ
2520 4879 2619 4945 τὴν
2647 4884 2741 4934 τοῦ
2809 4879 2920 4937 υἱοῦ
2989 4879 3188 4957 ὑγείαν,
3223 4882 3295 4937 Ού
3324 4883 3424 4961 γὰρ
3454 4882 3635 4948 ἁπλῶς
3683 4887 3772 4940 καὶ

2118 4975 2192 5036 ὡς
2256 4972 2473 5051 ἔτυχεν,
2531 4966 2649 5025 ἀλλ’
2681 4966 2866 5046 ἀθρόον
2909 4967 3200 5047 ἀπηλλάγη
3231 4977 3323 5026 τοῦ
3351 4982 3596 5052 πυρετοῦ,
3629 4972 3769 5030 ὥστε

2118 5060 2391 5141 δειχθῆναι
2453 5060 2529 5134 μὴ
2584 5057 2786 5138 φύσεως
2848 5055 3153 5117 ἀκολουθίαν
3210 5059 3354 5115 εἶναι
3412 5062 3471 5116 τὸ
3522 5068 3767 5142 πρᾶγμα,

2117 5149 2253 5207 ἀλλά
2322 5149 2431 5217 τῆς·
2468 5146 2746 5227 ⁷δυνάμεως
2810 5156 2904 5204 του
2960 5152 3204 5222 Χριστοῦ.
3269 5150 3459 5206 Μαθὼν
3515 5148 3569 5206 δὲ
3628 5153 3770 5230 παρά

2116 5246 2223 5295 τῶν
2268 5237 2463 5296 δούλων
2491 5236 2589 5304 τὴν
2619 5236 2784 5316 ὤραν,
2819 5235 2873 5291 ἐν
2902 5240 2937 5314 ᾗ
2966 5237 3308 5314 κομψότερον
3355 5238 3383 5294 ὀ
3413 5253 3545 5303 παῖς
3578 5241 3763 5319 ἔσχεν,

2118 5329 2231 5386 ἀντὶ
2287 5334 2405 5407 τοῦ,
2478 5326 2562 5382 ἐπὶ
2618 5327 2680 5381 τὸ
2709 5325 2918 5403 βέλτιον
2963 5326 3047 5382 καὶ
3078 5325 3461 5409 εὐρωστότερον
3506 5329 3768 5405 μετῆλθεν

2121 5419 2149 5475 ὀ
2188 5430 2344 5490 παῖς,
2378 5414 2592 5489 τελείως
2636 5416 2866 5472 πιστεύει
2925 5418 3002 5489 τῷ
3073 5417 3263 5495 Κυρίῳ,
3312 5423 3357 5473 Η
3412 5419 3513 5497 γὰρ
3541 5416 3767 5497 προτέρα
