4070 6224
331 375 482 439 i273

1046 380 1491 442 ENARRATIO
1538 382 1618 441 IN
1670 379 2177 442 EVANGELIUM
2224 383 2566 445 JOANNIS.
2613 417 2685 428 —
2732 384 2897 444 CAP.
2926 384 2999 445 V.

3556 375 3709 451 1274

346 520 385 568 0
454 511 554 589 γὰρ
601 512 855 592 πεισθεὶς,
912 512 994 569 ὅτι
1048 514 1136 569 καὶ
1164 512 1544 593 ἀναστήσεται,
1573 514 1661 570 καὶ
1692 514 1833 587 αὒτῷ
1861 511 1948 570 δώ·

2055 511 2131 573 sit
2159 522 2508 594 recepturus
2525 515 2872 579 delictorum
2892 533 3122 597 pinnas,
3147 516 3392 578 omnino
3422 514 3607 577 currit
3634 512 3709 595 ad

324 622 403 658 σει
460 602 555 665 τὰς
628 602 842 665 εὸθύνας
915 608 1022 658 τῶν
1096 601 1671 679 πεπλημμελημένων,
1705 600 1972 682 προσδρα-

324 688 504 762 μετται
562 690 773 755 πάντως
852 690 1016 766 αὐτῷ,
1099 691 1453 767 ὲξιλεούμενος
1492 693 1668 765 οὔτὸν,
1732 695 1805 757 ὣς
1839 692 1973 768 μέλ-

321 778 489 837 λοντα
551 780 709 837 αὖτοῦ
737 781 926 859 κριτὴν
969 779 1202 843 ἔσεσθαι.
1266 782 1353 849 Μὴ
1408 784 1699 858 θαυμάζετε
1743 780 1820 855 δὲ,
1892 782 1970 837 ὅτι

324 870 441 934 Υἱὸς
498 869 768 948 ἀνθρώπου
838 868 999 932 ἰστίν,
1062 872 1119 928 Εἰ
1174 871 1274 950 γὰρ
1344 873 1431 927 καὶ
1509 872 1628 935 Υἱὸς
1696 871 1971 952 ἀνθρώπου

320 956 483 1030 ἕστὶν,
533 956 668 1015 ἀλλᾶ
724 958 812 1016 καὶ
870 959 999 1024 Θεός
1058 957 1224 1015 ἐστιν·
1258 959 1397 1016 ὥστε
1467 960 1567 1026 τὴν
1597 960 1766 1040 κρίσιν
1823 961 1968 1017 εἰκό-

319 1067 424 1109 τως
488 1046 632 1125 ἔχει,
702 1048 776 1111 ὡς
834 1049 956 1111 Υἱὸς
989 1050 1140 1105 Θεοῦ.
1178 1049 1235 1105 Εἰ
1278 1045 1447 1104 δὲκαὶ
1504 1046 1775 1127 ἄνθρωπος
1796 1052 1972 1129 φαίνε-

318 1156 429 1215 ται,
464 1134 541 1209 μὴ
586 1138 903 1211 θαυμάζετε.
935 1138 1051 1213 Χρὴ
1124 1134 1178 1191 δὲ
1232 1139 1536 1214 γινώσκειν,
1580 1137 1660 1194 ὅτι
1705 1138 1911 1204 Παῦλος
1943 1142 1970 1196 ὁ

318 1224 683 1303 Σαμοσατεὺς,
742 1224 901 1301 ψιλὸν
972 1224 1243 1305 ἄνθρωπον
1298 1224 1626 1304 δογματίζων
1712 1230 1803 1285 τὸν
1859 1230 1968 1288 Κύ-

316 1335 448 1391 ριον,
508 1310 674 1375 οὕτως
723 1313 1038 1393 ἀνεγίνωσκε
1127 1324 1279 1374 τοῦτο
1350 1318 1411 1371 τὸ
1496 1318 1716 1396 χωρίον·
1782 1341 1809 1371 α
1871 1320 1969 1376 Καὶ

314 1398 547 1481 ᾆξουσίαν
606 1399 797 1458 ἔδωκεν
853 1403 1019 1477 αὐτῷ,
1080 1404 1167 1461 καὶ
1216 1405 1385 1481 κρίσιν
1451 1420 1654 1486 ποιεῖν,
1708 1406 1792 1486 ὅτι
1849 1409 1966 1472 Υἱὸς

314 1491 589 1569 ἀνθρώπου
618 1488 780 1546 ἐστίν’
863 1513 887 1548 ι
952 1490 1173 1549 ἐνταῦθα
1245 1490 1301 1547 δὲ
1363 1493 1575 1569 στίζων,
1640 1483 1742 1551 ἀπ’
1797 1493 1966 1561 ἄλλης

313 1579 491 1659 ἀρχῆς
522 1578 840 1657 ἀνεγίνωσκε
870 1582 955 1655 τὸ,
986 1603 1009 1637 ε
1048 1582 1135 1649 Μὴ
1167 1581 1455 1656 θαυμάζετε
1487 1587 1664 1645 τοῦτο.
1693 1604 1721 1642 ι
1765 1583 1964 1651 Ἀνόη-

311 1689 401 1723 τον
431 1665 485 1723 δὲ
515 1666 731 1732 τελείως
763 1668 872 1725 ἐστὶ
902 1672 964 1725 τὸ
1017 1670 1183 1734 οὕτως
1240 1670 1642 1749 ἀναγινώσκειν.
1696 1672 1807 1740 Τὴν
1864 1674 1964 1751 γὰρ

2058 602 2250 681 ipsum
2305 604 2612 686 placatque
2668 614 2723 667 et
2772 614 2944 667 suum
2991 606 3248 667 futurum
3293 604 3558 685 judic‘em’
3614 606 3707 666 Ne

2055 691 2434 755 admiremini
2462 698 2658 756 autem
2691 694 2847 774 quod
2880 686 3064 757 Filius
3115 694 3373 756 hominis
3403 703 3534 767 est;
3570 708 3703 752 nam

2056 781 2322 862 quamvis
2350 781 2534 845 Filius
2567 784 2851 863 hominis,
2886 792 2975 845 est
3006 793 3202 845 tamen
3236 791 3295 845 et
3317 781 3493 868 Deus.
3527 778 3598 843 Et
3630 781 3706 841 ita

2048 869 2341 949 judicium
2372 872 2583 933 merito
2614 871 2794 933 habet
2844 874 2993 934 sicut
3021 873 3211 936 Filius
3242 868 3372 934 Dei.
3410 868 3469 933 Si
3501 876 3697 931 autem

2054 960 2305 1021 ethomo
2338 970 2722 1040 appareat,ne
2747 959 3477 1025 admiremini.Sciendum
3501 972 3697 1020 autem

2054 1051 2209 1129 quod
2235 1048 2448 1110 Paulus
2472 1048 2891 1112 Sasnosatenus
2916 1051 3136 1111 docens
3153 1046 3468 1111 Dominum
3490 1060 3697 1129 purum

2056 1154 2187 1200 esse
2218 1138 2639 1209 hominem,sic
2672 1138 2813 1216 legit
2836 1140 2994 1201 hunc
3025 1139 3219 1202 locum
3260 1161 3272 1202 :
3349 1138 3418 1199 Et
3445 1145 3699 1217 potesta-

2056 1235 2173 1287 tem
2198 1227 2359 1287 dedit
2384 1228 2744 1307 eijudicium
2769 1228 3197 1309 faciendi,quia
3227 1227 3409 1289 Filius
3441 1225 3698 1287 hominis

2050 1322 2153 1377 est.
2191 1340 2214 1373 ι
2252 1314 2373 1377 Hoc
2431 1326 2623 1377 autem
2670 1317 2799 1379 loco
2854 1327 3133 1398 punctum
3187 1317 3433 1393 faciens,
3467 1314 3538 1375 ab
3580 1313 3693 1375 alio

2053 1404 2348 1485 principio
2378 1404 2673 1482 legit.«Ne
2695 1406 3072 1468 admiremini
3103 1398 3467 1469 hoe-Valde
3498 1412 3695 1463 autem

2049 1493 2289 1554 stultum
2324 1502 2411 1555 est
2439 1494 2525 1555 sic
2557 1495 2777 1574 legere.
2814 1494 2939 1557 Non
2966 1497 3125 1556 enim
3151 1494 3315 1557 dedit
3347 1491 3696 1579 Pateerilio

2038 1581 2335 1660 judicium
2365 1584 2524 1664 quod
2559 1585 2739 1646 Filius
2781 1585 3040 1646 hominis
3071 1585 3169 1657 sit,
3202 1582 3306 1646 sed
3342 1583 3477 1664 quia
3512 1578 3689 1645 Deus.

2045 1670 2358 1735 576Unde
2388 1674 2488 1735 ille
2512 1692 2626 1735 non
2655 1674 2880 1755 patiens
2897 1673 3240 1737 utChristus
3265 1673 3496 1733 dicatur
3511 1669 3689 1741 Deus,

310 1758 485 1849 κρίσιν
532 1754 730 1849 δέδωκε
854 1846 877 1849 Α,
904 1761 1007 1833 Υἱῴ
1037 1761 1065 1816 ό
1098 1760 1304 1849 Πατὴρ,
1339 1762 1440 1840 οὔχ
1471 1759 1551 1816 ὅτι
1585 1763 1703 1824 Υἱὸς
1755 1761 1948 1849 ἀνθρώ-

2046 1762 2147 1823 sed
2210 1761 2391 1825 Filius
2441 1764 2721 1843 hominis,
2758 1764 2808 1825 si
2861 1765 3153 1843 cogitabat
3203 1761 3465 1840 judicem
3521 1759 3689 1849 illum

310 1865 410 1903 που
468 1845 630 1919 ἐστὶν,
682 1845 799 1902 ἀλλ’
848 1846 929 1903 ὅτι
962 1849 1117 1912 Θεός.
1152 1848 1392 1913 Ἐκεῖνος
1436 1849 1533 1922 μὲν
1565 1852 1652 1906 οὗν
1697 1856 1774 1925 μὴ
1805 1848 1948 1931 δεχό-

2044 1870 2198 1927 esse,
2234 1871 2350 1913 non
2385 1862 2443 1913 ut
2478 1855 2688 1926 Deum,
2730 1853 2832 1915 sed
2883 1863 2945 1914 ut
2987 1852 3200 1915 Filium
3258 1850 3536 1912 hominis.
3572 1846 3690 1909 Nos

310 1957 467 2011 μενος
540 1937 711 1993 εἰπεῖν
774 1938 865 1993 τὸν
896 1940 1120 2016 Χριστὸν
1149 1939 1301 2015 Θεὸν,
1348 1936 1469 1994 ἀλλ’
1502 1940 1620 1995 Υἱὸν
1658 1939 1953 2019 ἀνθρώπου,

309 2024 471 2089 οὕτως
529 2025 671 2083 ἐνόει
722 2026 909 2105 κριτὴν
952 2028 1109 2083 αὐτὸν
1149 2024 1319 2100 εἶναι,
1367 2029 1470 2108 οὐχ
1513 2030 1586 2093 ὡς
1633 2030 1786 2109 Θεὸν,
1835 2028 1956 2087 ἀλλ’

307 2116 378 2179 ὡς
438 2116 557 2170 ι’ίὸν
585 2114 881 2194 ἀνθρώπου⁹
929 2118 1092 2192 ἡμεῖς
1124 2115 1178 2172 δὲ
1211 2116 1348 2174 οὕτω
1400 2118 1641 2191 νοοῦμεν,
1688 2119 1762 2181 ὡς
1794 2116 1956 2197 εἴρη-

304 2226 414 2265 ται.
466 2204 640 2261 Εἰπὼν
705 2202 761 2260 δὲ
814 2206 933 2283 περὶ
1003 2206 1101 2273 τῆς
1162 2205 1382 2283 μερικῆς
1468 2204 1829 2276 ἀναστάσεως,
1862 2214 1955 2264 τοῦ

306 2294 564 2371 Λαζάρου,
632 2294 771 2373 φημὶ
852 2296 940 2350 καὶ
996 2301 1102 2351 τῶν
1160 2294 1359 2369 ἄλλων,
1423 2295 1477 2350 οῗ
1535 2294 1699 2377 πάλαι
1748 2294 1953 2365 δηλαδή

304 2381 509 2455 ἔθανον,
575 2392 661 2441 νῦν
719 2381 861 2461 λέγει
916 2386 1160 2463 περὶτῆς
1218 2383 1463 2442 καθόλου⁶
1520 2405 1548 2443 (
1579 2384 1701 2443 ’Ὁτι
1733 2388 1951 2466 ὶρχεται

303 2470 437 2550 ὥρα,
493 2470 546 2527 ἐν
615 2474 727 2549 ﬁci
757 2472 814 2528 ὲν
855 2486 974 2537 τοῖς
1032 2475 1308 2551 μνημείοις
1342 2475 1654 2531 ἀκούσονται
1708 2476 1801 2544 τῆς
1832 2499 1939 2556 φωο

305 2569 399 2632 νῆς
454 2568 546 2618 τοῦ
600 2569 751 2620 Θεοῦ·
817 2586 840 2616 ι
900 2565 1016 2643 περὶ
1074 2570 1171 2632 τῆς
1228 2564 1518 2633 καθολικῆς
1574 2566 1673 2645 γὰρ
1712 2566 1948 2623 ἀναστά-

305 2672 441 2714 σεως
498 2653 716 2708 ἐνταῦθά
768 2673 947 2731 φησιν.
1001 2653 1217 2723 Ἐπειδή
1254 2653 1309 2711 δὲ
1352 2670 1505 2712 εἶπεν
1553 2656 1822 2736 ἀνωτέρω,
1875 2656 1954 2713 ὅτι

311 2762 339 2794 α
380 2738 441 2797 Ὀ
499 2743 782 2815 πιστεύων,
843 2745 917 2809 εἰς
965 2744 1128 2823 κρίσιν
1152 2745 1248 2802 οὒκ
1276 2744 1513 2826 ἔρχεται,
1557 2768 1581 2799 ιι
1629 2744 1721 2801 ’ἕνα
1754 2747 1831 2821 μὴ
1856 2769 1950 2802 νο-

306 2830 573 2905 μίσωμεν,
626 2829 705 2888 ὅτι
748 2833 783 2899 ἡ
829 2835 1003 2899 πίστις
1036 2835 1175 2908 μόνη
1208 2835 1281 2897 εἰς
1313 2838 1578 2913 σωτηρίαν
1622 2835 1800 2914 ἀρκεῖ,
1836 2858 1949 2915 φη-

300 2919 405 2999 σὶν,
478 2918 559 2975 ὅτι
598 2942 621 2974 α
656 2916 1099 2995 Ἀναστήσονται,
1127 2925 1173 2978 οἱ
1204 2924 1269 2981 τὰ
1309 2922 1482 3002 φαυλα
1515 2922 1799 3002 πράξαντες
1872 2926 1947 2988 εἰς

296 3006 581 3090 ἀνάστασιν
652 3010 899 3084 κρίσεως,
960 3012 1007 3067 οἱ
1088 3012 1152 3067 τά
1248 3012 1440 3090 ἀγαθὰ,
1524 3014 1595 3077 εἰς
1663 3012 1947 3069 ἀνάστασιν

294 3084 459 3168 ξωῆς.
493 3124 515 3153 ο
555 3100 662 3157 Οὔκ
692 3096 789 3177 ἄρα
819 3102 853 3167 ἡ
899 3100 1073 3164 πίστις
1107 3102 1245 3174 μόνη
1280 3084 1447 3182 γοωρὶς
1493 3102 1662 3179 ἔργων
1720 3100 1942 3172 δικαιοῖ,

2041 1950 2240 2002 autem
2273 1943 2358 2003 sic
2389 1942 2794 2021 intelligimus,
2832 1950 2895 2003 ut
2947 1941 3168 2004 dictum
3203 1950 3310 2002 est.
3364 1940 3683 2018 Postquam

2041 2038 2238 2090 autem
2284 2030 2434 2092 dixit
2473 2030 2547 2092 de
2590 2031 2927 2111 particulari
2974 2030 3442 2108 resurrectione,
3486 2025 3687 2091 Lazari

2042 2119 2316 2181 videlicet
2346 2120 2667 2181 etaliorum
2720 2120 2817 2201 qui
2850 2123 3062 2182 iterum
3091 2119 3307 2181 mortui
3328 2125 3467 2179 sunt
3490 2134 3503 2179 :
3530 2135 3687 2178 nunc

2039 2207 2188 2269 dicit
2214 2208 2285 2270 de
2317 2210 2672 2270 universali:
2716 2234 2733 2264 ι
2770 2210 2915 2283 Quia
2974 2210 3131 2271 venit
3184 2211 3329 2270 hora
3384 2208 3442 2267 in
3484 2224 3597 2287 qua
3628 2205 3687 2265 hi

2037 2297 2137 2378 qui
2168 2298 2229 2359 in
2264 2299 2665 2361 monumentis
2689 2299 3096 2372 sunt,audient
3118 2314 3323 2359 vocem
3359 2292 3684 2358 Dei.»Nam

2036 2385 2113 2447 de
2146 2387 2466 2448 universali
2500 2388 2937 2449 resurrectione
2960 2388 3056 2448 hic
3080 2386 3356 2467 loquitur.
3395 2383 3681 2456 Quoniam

2036 2474 2269 2538 dixerat
2318 2478 2614 2556 superius,
2647 2502 2675 2534 ι
2709 2477 2815 2550 Qui
2865 2476 3075 2543 credit.
3123 2477 3181 2538 in
3237 2473 3523 2552 judicium
3568 2490 3683 2533 non

2035 2566 2215 2640 venit,
2248 2590 2271 2617 κ
2306 2584 2379 2627 ne
2414 2576 2687 2647 putemus
2744 2566 2903 2649 quod
2956 2567 3098 2629 ﬁdes
3141 2565 3263 2626 sola
3313 2563 3385 2625 ad
3432 2562 3680 2624 salutem

2038 2655 2320 2730 sufficiat,
2353 2656 2670 2738 dicitquod
2704 2684 2726 2713 «
2754 2656 3085 2735 Resurgent
3119 2656 3179 2717 hi
3212 2654 3305 2734 qui
3336 2653 3485 2712 mala
3515 2650 3677 2712 fece-

2036 2748 2265 2820 runt,in
2293 2746 2791 2807 resurrectionem
2818 2740 3459 2821 condemnationis;qui
3480 2747 3674 2799 autem

2036 2832 2210 2901 bona,
2258 2834 2316 2895 in
2367 2835 2862 2897 resurrectionem
2913 2838 3066 2906 vitae,
3105 2854 3131 2890 ι
3172 2830 3300 2893 Non
3346 2829 3524 2908 igitur
3552 2826 3677 2887 sola

2034 2920 2181 2984 ﬁdes
2211 2922 2435 3002 absque
2459 2923 2740 3002 operibus
2766 2922 3074 3003 justiiicat,
3105 2921 3209 2983 sed
3234 2925 3467 3000 oportet
3500 2914 3675 2977 etiam

2032 3031 2211 3091 opera
2242 3012 2477 3086 adesse,
2502 3020 2641 3073 tunc
2664 3011 2821 3073 enim
2849 3012 3087 3091 prOprie
3116 3010 3262 3071 ﬁdes
3294 3006 3560 3073 est.Vide
3576 3011 3677 3067 au-

2034 3108 2148 3162 tem
2183 3101 2475 3181 geminam
2511 3100 2839 3162 doctrinam
2881 3101 3008 3161 ﬁeri
3045 3116 3149 3181 per
3192 3106 3411 3159 metum
3438 3110 3496 3157 et
3525 3095 3676 3157 laeti-

289 3184 430 3242 ἀλλὰ
485 3189 573 3243 καὶ
630 3188 695 3243 τὰ
737 3186 879 3271 ⁸ἔργα
909 3205 1186 3269 προσεῖναι
1220 3190 1324 3248 δεϊ’
1359 3194 1480 3249 τότε
1507 3192 1607 3271 γὰρ
1637 3192 1724 3248 καὶ
1758 3193 1947 3270 κυρίως

2035 3190 2194 3253 tiam.
2237 3188 2381 3251 Nam
2409 3209 2541 3251 cum
2577 3190 2719 3251 dicit
2749 3188 3131 3251 condemnari
3164 3187 3346 3268 impia
3366 3184 3674 3261 facientes,

293 3276 466 3341 πίστις
523 3275 683 3333 ἐστίν.
736 3268 880 3357 ’Ὅρα
909 3277 965 3335 δὲ
1026 3278 1222 3346 διπλῆν
1279 3281 1377 3348 τὴν
1406 3268 1746 3340 διδασκαλίαν
1792 3268 1943 3359 γινο-

2035 3281 2312 3343 deterret.
2340 3278 2486 3341 Cum
2517 3288 2713 3342 autem
2742 3278 2881 3341 dicit
2917 3297 3229 3358 resurgere
3260 3276 3333 3339 ad
3358 3275 3534 3336 vitam
3572 3290 3674 3335 eos

293 3364 485 3441 μένην,
547 3364 632 3423 διὰ
678 3366 843 3448 φόϐου
925 3370 1013 3425 καὶ
1069 3369 1408 3449 ἱλαρότητος.
1441 3372 1511 3428 Τὸ
1542 3370 1639 3445 μὲν
1666 3372 1765 3449 γὰρ
1786 3394 1948 3428 κατα-

2028 3370 2128 3452 qui
2154 3371 2307 3430 bona
2337 3368 2628 3443 fecerunt,
2664 3389 2769 3449 per
2795 3370 3056 3432 laetitiam
3080 3369 3448 3429 exhortatur.

296 3458 538 3533 κριθῆναι
565 3457 687 3520 τοὺς
722 3458 787 3514 τὰ
829 3456 1003 3537 φαῦλα
1036 3460 1354 3538 πράξαντας,
1412 3458 1629 3541 ἐκφοϐεῖ
1664 3476 1677 3490 ⁸
1724 3462 1784 3516 τὸ
1817 3459 1871 3517 δὲ
1902 3463 1975 3525 εἰς
2034 3461 2176 3533 ζωθιν
2208 3460 2497 3527 ἀναστῆναι
2531 3461 2649 3524 τοὺς
2680 3462 2745 3515 τα
2776 3460 2941 3538 ἀγαθὰ
2973 3455 3293 3538 πράξαντας,
3326 3456 3394 3512 δι’
3423 3454 3674 3535 ἱλαρότη.

298 3562 389 3609 τος
418 3545 794 3625 προτρέπεται.

375 3654 400 3691 α
436 3638 509 3693 Οὐ
565 3633 785 3711 δύναμαι
814 3636 925 3715 ἑγὼ
953 3650 1131 3694 ποιεῖν
1158 3634 1252 3694 ἀπ’
1286 3637 1513 3713 ἐμαυτοῦ
1546 3638 1713 3699 οὖδέν·
1766 3643 1936 3705 καθὼς

284 3723 485 3798 ἀκούω,
540 3725 722 3803 κρίνω,
781 3729 869 3784 καὶ
939 3730 973 3796 ἡ
1016 3730 1184 3807 κρίσις
1217 3730 1251 3797 ἡ
1284 3728 1389 3804 ἐμὴ
1415 3728 1589 3786 δικαία
1659 3730 1820 3789 ἐστίν·
1856 3730 1936 3787 ὅτι

285 3813 344 3868 οὗ
398 3819 546 3883 ζητῶ
600 3815 661 3870 τὸ
716 3814 924 3892 θέλημα
988 3819 1051 3874 τὸ
1121 3816 1275 3893 ἐμὸν,
1321 3818 1459 3876 ἀλλά
1514 3821 1574 3876 τὸ
1603 3819 1811 3896 θέλημα
1845 3829 1935 3877 τοῦ

283 3902 592 3977 πέμψαντός
650 3920 718 3979 με
773 3905 1001 3985 Πατρός.
1059 3929 1083 3964 ε
1126 3909 1269 3965 Καθά
1312 3909 1484 3966 καὶέν
1514 3923 1629 3974 τοῖς
1687 3910 1935 3988 ἀνωτέρω

280 3989 549 4065 λέλεκται,
611 3994 710 4061 τὴν
774 3994 1167 4074 ἀπαραλλαξίαν
1225 4006 1318 4054 τοῦ
1374 4002 1493 4056 ι’ίοῠ
1534 4002 1667 4079 πρὸς
1696 4002 1786 4056 τὸν
1818 4006 1935 4056 Πα-

2104 3637 2287 3701 VEns.
2321 3640 2425 3700 30.
2464 3663 2489 3693 α
2528 3641 2656 3701 Non
2685 3657 2923 3717 possum
2958 3657 3065 3718 ego
3098 3659 3166 3700 ex
3202 3637 3426 3717 meipso
3470 3634 3671 3696 facere

2022 3726 2344 3809 quidquam
2383 3749 2396 3790 :
2432 3727 2586 3788 sicut
2610 3727 3036 3807 audio,judico,
3065 3726 3435 3807 etjodicium
3471 3740 3668 3785 meum

2013 3819 2243 3899 justum
2292 3826 2401 3893 est;
2454 3818 2591 3900 quia
2643 3837 2759 3878 non
2791 3837 2991 3898 quaaro
3028 3818 3385 3878 voluntatem
3446 3831 3666 3900 meam,

2022 3894 2129 3969 sed
2155 3894 2517 3968 voluntatem
2562 3907 2711 3985 ejus,
2748 3894 2848 3987 qui
2880 3907 3037 3967 misit
3066 3924 3160 3967 me
3186 3904 3397 3968 Patris.
3440 3929 3462 3957 υ
3500 3894 3671 3964 Sicut

2019 4006 2077 4058 et
2109 3996 2168 4058 in
2202 3993 2613 4077 superioribus
2646 3995 2866 4056 dictum
2901 4003 3011 4063 est,
3040 3994 3247 4057 eadem
3275 3992 3459 4056 Patris
3492 4001 3547 4052 et
3569 3990 3669 4053 Fi-

279 4080 403 4159 τέρα
472 4080 817 4140 ἂνδείκνυνται
896 4085 1059 4143 ταῦτα
1090 4086 1156 4141 τὰ
1197 4087 1430 4164 ῥήματα,
1464 4091 1547 4151 τὸ.
1586 4112 1607 4144 ι
1647 4091 1719 4146 Οὐ
1773 4087 1932 4145 δύνα-

2042 4083 2081 4149 ii
2112 4093 2373 4166 potestas
2399 4085 2733 4146 ostenditur
2764 4084 2925 4146 hisce
2952 4083 3169 4157 verbis,
3210 4109 3232 4138 ι
3260 4082 3388 4145 Non
3424 4099 3662 4161 possum

281 4192 378 4244 μαι
408 4170 518 4250 ἑγὼ
552 4186 723 4230 ποιεῖν
754 4171 849 4230 ἀπ’
894 4174 1124 4250 ἐμαυτοῦ
1155 4173 1323 4254 οὐδὲν,
1360 4200 1387 4232 ι
1436 4180 1525 4234 καὶ
1564 4178 1661 4235 ὅσα
1692 4180 1933 4245 τοιουτό-

2035 4194 2127 4253 ego
2150 4175 2346 4236 facere
2378 4192 2445 4234 ex
2481 4173 2707 4252 meipso
2735 4173 3060 4253 quidquam
3090 4195 3103 4232 :
3149 4198 3171 4229 »ι
3210 4183 3269 4234 et
3300 4187 3667 4253 quazcunque

279 4281 470 4337 τροπα,
532 4259 690 4319 Οὖδέν
747 4264 847 4341 γὰρ
905 4262 1051 4328 ξένον
1106 4266 1194 4321 καὶ
1248 4265 1525 4344 ἀλλότριον
1581 4268 1675 4324 τοῦ
1728 4270 1934 4345 Πατρὸς

2035 4265 2195 4344 iujus
2218 4263 2457 4344 generis
2489 4262 2819 4325 sunt.:\'ihil
2849 4263 3007 4324 enim
3039 4262 3301 4324 alienum
3327 4268 3384 4322 et
3404 4258 3667 4340 peregri-

275 4345 500 4424 δύναμαι
572 4350 681 4429 ἐγὼ
728 4365 933 4409 ποιεῖν·
968 4352 1085 4409 οὔτε
1131 4355 1230 4432 γὰρ
1289 4354 1497 4429 θέλημα
1552 4355 1669 4435 ἔχω
1713 4354 1929 4413 ἀλλοῖον

2035 4373 2157 4413 mm
2184 4374 2217 4414 a
2240 4352 2410 4415 Patre
2442 4372 2549 4431 ego
2571 4369 2806 4430 possum
2832 4352 3256 4432 faceremeque
3285 4349 3443 4411 enim
3465 4347 3667 4408 volun—

274 4440 418 4517 παρά
488 4441 551 4496 τὸ
607 4443 887 4521 πατρικὸν,
958 4441 1073 4498 οὕιε
1133 4442 1369 4519 δύναμιν,
1434 4446 1616 4505 Καθὼς
1645 4442 1699 4499 δὲ
1752 4445 1933 4501 ἀκούω

2017 4450 2191 4502 talem
2226 4442 2402 4503 aliam
2438 4441 2630 4502 habeo
2657 4450 2869 4520 praeter
2893 4449 3223 4522 paternam,
3260 4456 3453 4519 neque
3483 4435 3662 4498 aliam

277 4529 416 4605 παρὰ
477 4539 569 4589 τοῦ
625 4532 855 4609 Πατρὸς,
908 4531 1045 4587 οὕτω
1122 4534 1302 4610 κρίνω·
1379 4534 1666 4608 τουτέστιν,
1741 4535 1813 4599 ὡς
1868 4532 1929 4589 ἂν

2035 4528 2619 4590 )otestatem.Verum
2647 4529 2800 4590 sicut
2829 4530 3002 4591 audio
3033 4548 3067 4591 a
3097 4531 3286 4601 l’atre,
3311 4527 3390 4587 ita
3415 4525 3617 4605 judico
3645 4543 3658 4586 :

276 4615 431 4680 αὒτὸς
482 4620 510 4675 ό
593 4621 778 4700 Πατὴρ
838 4622 1038 4700 κρίνει,
1075 4620 1211 4678 οὕτω
1240 4622 1414 4701 κάγὼ.
1461 4630 1634 4681 Ταῦτα
1678 4618 1732 4678 δὲ
1782 4621 1925 4701 λέγει

277 4702 360 4762 διὰ
416 4709 478 4764 τὸ
508 4706 700 4785 δεῖξαι,
732 4714 805 4774 ὡς
862 4710 1123 4776 πολλάκις
1163 4714 1391 4792 ἒνρημεν,
1426 4713 1485 4769 τό
1516 4710 1927 4783 ἀπαράλλακτον

275 4796 362 4850 καὶ
420 4798 477 4852 ἓν
528 4798 723 4878 ἔργοις,
758 4802 846 4857 καὶ
876 4799 1076 4881 λόγοις,
1124 4804 1212 4857 καὶ
1241 4803 1496 4880 κρίσεσιν.
1547 4792 1673 4859 ’Ίνα
1716 4802 1815 4879 γὰρ
1846 4802 1923 4877 μὴ

275 4905 434 4959 τινες,
526 4887 797 4958 ἄνθρωπον
882 4891 1107 4969 ὁρῶντες
1189 4890 1369 4970 αὐτὸν,
1456 4890 1921 4971 σκανδαλίζωνται,

274 4980 389 5037 πῶς
449 4976 479 5031 ὁ
548 4979 866 5057 φαινόμενος
952 4980 1222 5058 ἅνθρωπος
1278 4979 1479 5037 δικαίαν
1531 4983 1699 5060 κρίσιν
1755 4982 1923 5048 ποιή-

272 5082 435 5141 σειεν,
497 5073 590 5121 τοῦ
654 5067 820 5123 Δαυίδ
874 5069 1137 5142 εἰπόντος,
1206 5093 1233 5123 ιι
1288 5076 1395 5131 Πᾶς
1456 5070 1725 5147 ἅνθρωπος
1788 5069 1923 5144 ψεύ-

273 5170 427 5217 στης·
494 5176 519 5210 ι
584 5154 771 5231 ἔφθασε
816 5158 915 5233 μὲν
947 5158 1245 5233 εἰπὼν,ἤότι
1299 5159 1385 5226 Μὴ
1427 5159 1741 5233 θαυμάζετε,
1792 5156 1921 5213 διότι

2013 4620 2126 4679 hoc
2155 4628 2262 4691 est,
2293 4618 2441 4681 sicut
2490 4618 2619 4697 ipse
2667 4617 2837 4681 Pater
2860 4619 3112 4695 iudicat,
3150 4620 3228 4679 ita
3272 4626 3331 4677 et
3363 4636 3490 4694 ego.
3527 4614 3663 4676 Haac

2008 4718 2204 4769 autem
2232 4707 2379 4769 dicit
2404 4715 2467 4769 ut
2486 4707 2779 4779 ostendat,
2807 4708 2957 4769 sicut
2977 4724 3133 4786 saepe
3152 4705 3500 4785 diximus,in
3524 4703 3660 4764 nul-

2012 4800 2063 4858 lo
2097 4796 2440 4858 sibideesse
2481 4796 2702 4878 aliquid
2730 4815 2763 4857 a
2796 4796 2987 4871 Patre,
3022 4801 3144 4858 sive
3169 4797 3226 4856 in
3251 4793 3657 4866 sermonibus,

2011 4886 2133 4948 sive
2158 4887 2214 4947 in
2239 4885 2544 4966 operibus,
2571 4886 2692 4947 sive
2746 4888 2802 4946 in
2830 4885 3099 4965 judiciis.
3151 4883 3295 4945 Nam
3331 4892 3391 4943 ut
3422 4901 3496 4943 ne
3526 4882 3659 4962 qui-

2010 4976 2142 5038 dam
2178 4975 2478 5037 hominem
2521 4974 2789 5037 videntes
2846 4993 2981 5035 eum
3017 4974 3478 5044 oilenderentur,
3506 4990 3657 5050 quo-

2011 5063 2187 5125 modo
2213 5084 2346 5126 cum
2368 5073 2653 5145 appareat
2675 5065 3107 5141 homo,justum
3139 5062 3312 5123 faciat
3336 5060 3657 5140 judicium,

2008 5174 2143 5216 cum
2182 5153 2358 5215 David
2393 5154 2546 5215 dicat
2582 5171 2594 5215 :
2636 5177 2655 5203 σ
2688 5151 2897 5216 Omnis
2948 5152 3124 5212 homo
3182 5150 3427 5211 mendax
3450 5147 3532 5198 28·
3570 5169 3585 5228 ;
3623 5170 3652 5206 ι

2008 5243 2291 5324 praevenit
2350 5242 2615 5324 quidem,
2666 5240 2875 5303 dicens
2912 5263 2921 5298 :
2960 5239 3043 5301 Ne
3087 5238 3461 5301 admiremini
3491 5238 3563 5298 de
3586 5248 3657 5297 eo

273 5331 436 5406 κρίσις
498 5334 600 5407 μού
662 5334 797 5410 ἐστι,
858 5324 1006 5394 καιθό⁷
1044 5338 1224 5415 κρίνω,
1257 5338 1330 5400 ὡς
1358 5324 1531 5393 ἀκούω
1576 5343 1667 5392 τοῦ
1713 5335 1918 5413 Πατρός

2035 5331 2159 5413 ιυοιί
2194 5330 2375 5392 Filius
2408 5330 2665 5393 hominis
2696 5348 2851 5403 sum;
2883 5348 3013 5390 nam
3048 5342 3107 5389 et
3140 5330 3297 5390 Deus
3327 5346 3479 5389 sum.
3508 5324 3658 5385 Dicit

272 5440 372 5493 μου
430 5422 717 5499 κρίνοντος.
938 5426 1038 5505 γὰρ
1101 5426 1162 5481 τό
1194 5425 1321 5501 ἐμόν
1350 5425 1556 5500 θέλημα
1582 5426 1751 5499 ζητῶ,
1785 5422 1921 5481 ἀλλά

2035 5422 2341 5482 .utem:Et
2391 5441 2547 5482 nunc
2592 5422 2819 5499 justum
2864 5418 3157 5501 judicium
3215 5435 3408 5505 meum
3442 5424 3552 5494 est,
3585 5432 3654 5475 eo

273 5507 332 5564 τό
378 5517 471 5567 τοῦ
527 5514 756 5593 Πατρός.
794 5502 851 5573 Ὀ
896 5502 1186 5592 μὲννθέλων
1232 5516 1289 5572 τό
1333 5516 1518 5573 ἑαυτοῦ
1544 5514 1791 5593 βούλημα
1824 5535 1918 5569 κυ-

2035 5511 2161 5592 μιοά
2180 5510 2384 5589 judico
2416 5511 2569 5571 sicut
2594 5510 2769 5572 audio
2790 5511 3022 5571 Patrem
3047 5504 3651 5587 meumjudicantem.

276 5239 392 5303 Υἱός
450 5242 725 5321 ἀνθρώπου
755 5248 883 5322 εἰμί·
920 5246 1063 5327 λέγει
1142 5242 1193 5301 δὲ
1225 5249 1313 5304 καὶ
1344 5258 1455 5327 νῦν,
1509 5250 1588 5304 ὁτι
1644 5248 1829 5303 Δικαία
1885 5247 1919 5314 ἡ

347 5675 442 5729 ⁸8*
474 5680 629 5748 Psal.
661 5697 797 5759 cxv,
834 5683 935 5746 lt.
