4070 6224
344 425 497 488 1277

1117 377 1561 490 ENARnATIo
1619 429 1700 492 1N
1747 378 2260 492 EVANGELtuu
2301 426 2639 495 JOANNIS.
2690 461 2763 471 —
2809 429 2972 491 CAP.
3020 428 3096 489 v.

3576 422 3724 487 1278

334 559 389 617 δὲ
447 560 731 637 καιόμενον
786 562 877 617 τὸν
936 559 1191 629 Ἰωάννην
1247 563 1397 643 φησὶ,
1464 564 1638 626 καθὼς
1668 565 1754 620 καὶ
1786 564 1846 622 ὶκ
1889 568 1993 640 γῆς

2081 542 2326 621 inoriair
2351 560 2573 623 reduco
2603 560 2848 624 Joannis
2880 558 3315 635 testimonium;
3341 555 3540 619 omnia
3570 556 3720 618 facio

334 654 462 729 εἶχε
491 650 590 718 τὴν
620 648 926 723 διάπλασιν,
970 651 1058 705 καὶ
1088 652 1183 707 οὐκ
1214 651 1423 708 οἴκοθεν
1458 652 1519 707 τὸ
1562 659 1698 731 φῶς,
1731 651 1851 731 ἀλλ’
1883 654 1989 710 ἀπὸ

504 746 596 796 τοῦ
632 721 937 815 Πνεῦματοε
969 739 1191 819 χάριτος
1221 741 1307 797 καὶ
1338 721 1681 819 πρόσκαιρον,
1731 721 1890 817 "Ap:
1933 765 1987 799 τε

333 830 434 906 γὰρ
494 828 660 909 ἐφάνη
719 830 754 897 ἡ
808 835 901 885 τοῦ
977 829 1165 907 Κυρίου
1216 828 1432 910 Αὴμέρα,
1479 828 1599 897 ἢτοι
1656 828 1984 903 διδασκαλία,

334 919 423 973 καὶ
493 908 764 993 ἀττεκρύόη
826 920 853 973 ὁ
924 916 1147 996 λύχνος,
1211 908 1508 993 Τμεῐςνδέ,
1542 920 1673 997 πρὸς
1702 922 1842 999 ὥραν
1891 922 1987 996 μὲν

336 1002 649 1071 ἀπεδέξασθε
720 1007 785 1062 τὰ
858 1006 1111 1085 εἰρημένα
1170 1004 1295 1085 παρ’
1349 1007 1525 1080 αῦτοῦ,
1575 1010 1661 1064 καὶ
1721 1009 1986 1088 ἠγαλλιά-

336 1098 497 1162 σθητε
526 1095 582 1150 ἐν
664 1097 827 1170 αὐτῷ’
892 1096 1015 1151 εἶτα
1069 1094 1442 1171 ὶπιλαθόμενοι
1472 1097 1545 1155 ὧν
1574 1099 1690 1177 περὶ
1738 1099 1868 1171 ἐμοῦ
1896 1104 1985 1156 εἶ-

337 1204 460 1257 πεν,
520 1182 761 1259 ὲμείνατε
817 1183 903 1240 ἐπὶ
956 1189 1056 1251 τῆς
1134 1184 1392 1263 προτέρας
1437 1185 1706 1250 ἀπιστίας.
1768 1189 1827 1246 Et
1885 1190 1985 1267 γὰρ

340 1272 526 1344 ὶκείνῳ
580 1271 718 1338 ἅπαξ
785 1271 1011 1350 βεϐαίως
1043 1272 1410 1354 ἐπιστεύσατε,
1485 1275 1699 1354 ταχέως
1731 1274 1792 1331 ἄν
1848 1278 1983 1349 ὑμᾶς

341 1362 473 1438 πρὸς
504 1361 599 1428 τὴν
633 1361 768 1437 ἐμὴν
795 1362 853 1441 ἐ)
868 1361 1199 1441 ειραγώγησε
1223 1365 1417 1426 πίστιν,

806 1627 831 1647 ν

426 1650 453 1683 ε
502 1626 645 1707 Ἐγὼ
693 1627 747 1684 δὲ
806 1627 924 1709 ἔχω
979 1632 1078 1697 τὴν
1151 1631 1436 1709 μαρτυρίαν
1480 1640 1647 1707 μειζω
1674 1642 1765 1691 τοῦ
1796 1633 1985 1691 Ἰωάν-

341 1738 450 1780 νου.
526 1718 601 1776 Τὰ
659 1718 759 1797 γὰρ
819 1716 947 1797 ἔργα
1017 1717 1050 1775 ἄ
1092 1717 1258 1776 ’ἔδωκέ
1316 1743 1406 1794 μοι
1461 1723 1489 1777 ὃ
1535 1724 1739 1804 Πατήρ,
1773 1722 1864 1779 ἵνα
1894 1744 1987 1779 τε·

2076 656 2133 709 et
2153 649 2375 728 recipio
2409 648 2585 712 etiam
2620 650 2857 729 indigna
2892 668 3025 711 mea
3054 648 3295 719 deitate,
3335 654 3395 708 ut
3442 664 3544 706 vos
3573 645 3717 707 salvi

2075 736 2247 801 ﬁalis.
2283 738 2607 800 Lucernam
2655 747 2848 802 autem
2886 738 3193 799 ardentem
3224 736 3515 799 Joannem
3548 734 3712 809 dicit,

2071 844 2141 887 eo
2173 828 2327 907 quod
2362 830 2437 888 «le
2464 836 2617 889 terra
2636 828 2813 889 habet
2844 826 3351 899 formationem,et
3382 844 3497 891 non
3525 843 3631 904 per
3650 843 3714 885 se

2070 916 2263 996 ipsum
2294 929 2381 977 est
2416 916 2637 988 lumen,
2674 916 2776 977 sed
2797 935 2828 975 a
2851 917 3035 994 gratia
3076 914 3351 995 Spiritus,
3382 932 3450 975 ac
3477 922 3710 993 tempu-

2069 1004 2316 1066 rarium.
2354 1010 2424 1067 At
2448 1005 2544 1067 ubi
2576 1006 2844 1086 apparuit
2874 1004 3002 1065 dies
3034 1004 3291 1082 Domini,
3323 1004 3437 1064 hoc
3467 1010 3575 1083 est,
3597 1002 3709 1063 do-

2070 1093 2281 1169 ctrina,
2318 1094 2546 1156 occulta
2577 1102 2666 1156 est
2696 1095 2959 1156 lucerna.
3010 1091 3149 1153 578
3188 1095 3479 1156 Caeterum
3503 1111 3606 1153 vos
3635 1092 3706 1153 ad

2069 1181 2277 1243 horam
2309 1183 2547 1264 quidem
2582 1183 2892 1265 recepistis
2922 1201 2991 1244 ea
3011 1202 3143 1263 quae
3164 1182 3236 1243 ab
3259 1182 3359 1242 illo
3383 1180 3703 1256 dictasunt,

2070 1285 2127 1331 et
2160 1272 2464 1333 exsultatis
2495 1273 2553 1333 in
2587 1272 2739 1352 ipso,
2779 1280 2837 1334 et
2879 1272 3099 1334 deinde
3129 1270 3297 1332 obliti
3346 1287 3550 1331 eorum
3578 1290 3708 1350 quae

2070 1358 2144 1420 de
2194 1378 2287 1423 me
2347 1361 2512 1438 dixit,
2569 1361 2869 1423 mansistis
2910 1362 2969 1423 in
3027 1361 3210 1442 priori
3263 1358 3703 1423 incredulitate.

2070 1446 2213 1510 Nam
2248 1451 2293 1511 si
2326 1451 2412 1511 illi
2441 1451 2625 1513 semel
2661 1451 2915 1513 ﬁrmiter
2937 1448 3367 1522 credidissetis,
3403 1444 3720 1528 quainpri-'

2074 1556 2231 1598 mum
2266 1555 2374 1600 vos
2393 1539 2466 1601 ad
2503 1558 2691 1601 meam
2724 1538 3065 1602 adduxisset
3098 1539 3301 1600 ﬁdem.

2152 1626 2331 1691 Vens.
2360 1629 2552 1694 36-38
2609 1631 2715 1691 «At
2744 1648 2850 1707 ego
2871 1628 3275 1689 testimonium
3302 1626 3493 1689 habeo
3527 1628 3716 1706 majus

2074 1718 2411 1779 testimonio
2458 1720 2723 1782 Joannis.
2759 1718 2954 1799 Opera
3003 1718 3160 1778 enim
3219 1734 3351 1797 qua;
3380 1716 3543 1778 dedit
3575 1717 3717 1778 mihi

342 1807 552 1863 Λειώσω
610 1807 764 1883 αὖτὰ,
840 1808 971 1866 αὐτὰ
1026 1810 1091 1865 τὰ
1150 1812 1275 1887 ἔργα
1302 1808 1339 1865 ἅ
1365 1808 1473 1887 ἐγὼ
1516 1818 1677 1888 ποιῶ,
1735 1825 1991 1893 μαρτυρεῖ

2081 1808 2256 1899 Pater
2290 1817 2362 1899 ut
2383 1808 2688 1889 perficiam
2743 1808 2997 1899 ea,_ipsa
3044 1822 3226 1899 opera
3276 1824 3404 1886 quae
3457 1824 3579 1899 ego
3623 1805 3715 1868 fa-

344 1897 459 1972 περί
515 1898 670 1971 ἱμοῦ,
733 1895 815 1953 δτι
886 1898 913 1953 6
1000 1900 1183 1977 Πατήρ
1255 1921 1321 1974 με
1412 1899 1733 1958 ἀπέσταλκε·
1817 1903 1905 1959 καὶ
1965 1904 1992 1958 δ

344 1984 563 2061 πέμψας
620 2007 687 2060 με
747 1986 953 2065 Πατὴρ,
1001 1988 1155 2050 αὐτὸς
1242 1989 1615 2068 μεμαρτύρηκε
1672 1992 1789 2071 περὶ
1837 1992 1985 2066 εμοῦ·

343 2072 460 2129 οὔτε
514 2074 699 2152 φωνὴν
759 2077 917 2132 αῦτοῦ
993 2074 1260 2142 ἀκηκόατε
1346 2099 1584 2153 πωποτε,
1668 2079 1784 2136 οὔτε
1845 2078 1993 2144 εἶδος

345 2162 501 2219 αὺτοῦ
570 2162 863 2243 ἑωρέκατε,
922 2166 1008 2220 καὶ
1082 2167 1173 2221 τὸν
1243 2164 1403 2245 λόγον
1470 2171 1627 2225 αὐτοῦ
1693 2171 1787 2226 οῦκ
1836 2170 1989 2249 ἔχετε

344 2253 568 2327 μένοντα
629 2251 682 2307 ἐν
731 2254 883 2328 ὑμῖν·
958 2252 1037 2310 ὅτι
1095 2256 1152 2310 ὃν
1204 2254 1480 2313 ἀπέστειλε
1540 2257 1768 2333 ἐκεῖνος,
1819 2262 1992 2334 τούτῳ

345 2344 501 2416 ὑμεῖς
575 2345 633 2400 οὗ
700 2342 993 2402 πιστεύετε.
1056 2366 1083 2398 ι
1145 2343 1510 2427 Ἐμαρτύρησε
1603 2348 1722 2422 μὲν,
1804 2350 1984 2428 φησὶν,

350 2433 599 2499 Ἰωάννης
670 2434 785 2508 περὶ
840 2431 992 2506 ἐμοῦ,
1082 2433 1334 2502 Ἰωάννης
1431 2439 1459 2491 ὁ
1554 2439 1766 2497 πάντων
1822 2437 1989 2495 δοκῶν

345 2523 474 2595 ὑμῖν
539 2521 994 2586 ἀξιοπιστότατος.
1057 2520 1204 2579 Ἐπεὶ
1247 2521 1300 2578 δὲ
1330 2526 1469 2589 εἰκὸς
1518 2528 1786 2604 εὑρεθῆναί
1844 2549 1989 2590 τινας

348 2609 696 2688 συκοφάντας,
758 2609 814 2667 οἵ
871 2612 1035 2690 τυχὸν
1095 2612 1290 2691 ἐροῦσι’
1358 2614 1454 2671 Καὶ
1484 2615 1533 2669 τί
1600 2615 1732 2693 πρὸς
1778 2615 1922 2691 ἡμᾶς
1972 2638 1987 2690 ;

351 2696 602 2766 Ἰωάννης
662 2700 939 2780 ἒχαρίζετὸ
992 2723 1101 2785 σοι,
1160 2704 1246 2758 καὶ
1306 2702 1393 2759 διὰ
1424 2711 1578 2761 τοῦτο
1634 2706 1700 2760 τὰ
1754 2707 2000 2785 χρηστό-

349 2785 473 2868 τερα
527 2788 895 2868 ἐπεμαρτύρειθ
990 2781 1203 2866 Ὑμεῖς,
1276 2795 1457 2873 φησὶν,
1536 2781 1812 2870 ὲπέμψατε
1868 2798 2000 2871 πρὸς

349 2876 625 2952 Ἰωάννην,
685 2879 772 2935 καὶ
825 2879 1162 2957 ἠρωτήσατε,
1200 2879 1377 2949 άληθῆ
1428 2883 1640 2947 πάντως
1707 2884 1861 2941 αὐτὸν
1906 2906 2000 2939 νο-

352 2968 609 3042 μίζοντες.
700 2965 846 3034 Πλὴν
903 2966 1020 3048 ἔχω
1090 2971 1178 3025 καὶ
1259 2968 1428 3037 ἄλλην
1488 2974 1770 3049 μαρτυρίαν
1840 2973 2001 3045 μείζω

349 3059 442 3111 τοῦ
505 3054 769 3118 Ἰωάννου,
845 3057 920 3114 Τὰ
978 3056 1105 3135 ἔργα
1176 3059 1264 3114 καὶ
1322 3060 1354 3113 ἃ
1399 3056 1559 3115 ἔδωκέ
1591 3082 1681 3135 μοι
1732 3062 1760 3116 ὁ
1794 3063 1998 3138 Πατήρ,

2076 1896 2192 1977 cio,
2234 1897 2636 1958 testimonium
2691 1897 3004 1977 perhibent
3052 1895 3127 1955 de
3187 1912 3303 1967 me,
3359 1894 3514 1975 quod
3547 1896 3721 1959 Pater

2079 2003 2173 2046 me
2233 1985 2479 2048 miserit.
2531 1985 2601 2046 Et
2661 1986 2759 2067 qui
2838 1983 2998 2045 misit
3047 2000 3142 2043 me
3199 1982 3391 2057 Pater,
3445 1982 3571 2062 ipse
3630 1991 3721 2045 te—

2074 2081 2260 2134 status
2293 2088 2385 2135 est
2418 2074 2493 2136 de
2524 2092 2619 2135 me
2658 2095 2670 2137 :
2704 2091 2899 2155 neque
2931 2090 3132 2134 vocem
3166 2071 3296 2150 ejus
3326 2090 3585 2152 unquam
3613 2090 3723 2133 au-

2076 2163 2272 2238 distis,
2311 2182 2504 2243 neque
2549 2166 2810 2244 speciem
2842 2165 2971 2242 ejus
3013 2161 3265 2239 vidistis,
3303 2169 3359 2221 et
3386 2179 3726 2224 sermonem

2077 2254 2211 2333 ejus
2270 2272 2386 2314 non
2422 2253 2651 2315 habetis
2696 2253 2757 2314 in
2789 2251 2954 2313 vobis
2986 2260 3353 2323 manentem,
3384 2251 3522 2331 quia
3552 2269 3726 2329 quem

2076 2342 2237 2403 misit
2276 2342 2398 2414 ille,
2436 2342 2492 2404 ei
2538 2362 2639 2403 vos
2688 2361 2804 2404 non
2828 2341 3090 2403 creditis.
3132 2365 3155 2399 I
3192 2342 3461 2402 Testatus
3483 2339 3717 2419 quidem

2076 2441 2162 2492 est
2184 2434 2442 2494 Joannes
2474 2433 2548 2493 de
2580 2451 2672 2493 me
2706 2433 2806 2513 qui
2841 2431 3002 2491 vobis
3034 2429 3300 2491 omnium
3325 2429 3579 2490 maxime
3605 2428 3721 2489 fide

2075 2522 2289 2600 dignus
2321 2522 3068 2585 videbaturzverumtamen
3105 2520 3242 2600 quia
3270 2518 3594 2580 verisimile
3630 2528 3723 2580 est

2082 2610 2206 2670 fore
2238 2610 2521 2691 quosdam
2556 2612 2941 2691 sycophantas
2970 2609 3069 2690 qui
3102 2608 3368 2670 fortassis
3400 2606 3621 2693 dicent,
3657 2605 3720 2666 Et

2084 2699 2226 2779 quid
2260 2701 2331 2760 ad
2368 2699 2506 2761 nos?
2537 2700 2585 2761 si
2611 2699 2873 2762 Joannes
2894 2698 3210 2776 gratiﬁcari
3240 2696 3344 2757 tibi
3378 2696 3722 2763 voluerat,et

2086 2798 2373 2868 propteea
2409 2789 2729 2849 blandiora
2757 2787 3023 2867 quaedam
3056 2795 3367 2848 attestatus
3415 2786 3552 2846 est?
3584 2782 3721 2863 Vos,

2083 2876 2298 2956 inquit,
2327 2876 2567 2936 misistis
2597 2877 2668 2936 ad
2700 2876 3082 2955 Joannem,et
3102 2873 3535 2954 interrogastis,
3567 2891 3727 2936 vera-

2083 2983 2211 3025 cem
2248 2983 2353 3044 per
2373 2965 2574 3025 omnia
2594 2966 2762 3025 illum
2781 2963 3651 3026 existimantes.Verumtamen
3672 2972 3728 3023 et

2084 3072 2190 3131 ego
2220 3052 2378 3113 aliud
2414 3053 2815 3114 testimonium
2838 3051 3027 3114 habeo
3060 3052 3249 3130 majus
3271 3050 3728 3131 Joaune.0pera

355 3145 644 3207 τουτέστιν,
679 3144 920 3202 Ἀνὲθετό
990 3169 1082 3222 μοι
1139 3148 1166 3202 6
1228 3149 1434 3227 Πατὴρ,
1494 3147 1585 3205 ἵνα
1609 3147 1877 3206 τελειώσω
1908 3152 1994 3207 αὖ·

2092 3142 2250 3203 enim
2284 3161 2414 3223 quae
2444 3142 2607 3202 dedit
2636 3142 2779 3203 mihi
2824 3144 3019 3211 Pater,
3056 3142 3167 3202 hoc
3213 3149 3323 3212 est,
3368 3160 3499 3220 quae
3528 3142 3728 3202 statuit

355 3234 440 3307 τὰ,
517 3244 835 3313 μαρτυροῦσι
908 3236 1026 3314 περὶ
1078 3238 1230 3308 ἒμοῦ.
1280 3238 1433 3315 Λέγει
1465 3235 1518 3293 δὲ
1553 3236 1698 3316 ἔργα,
1730 3240 1796 3297 τὰ
1866 3242 1997 3296 θαύ-

352 3344 494 3397 ματα
536 3321 727 3395 δήπου,
781 3324 902 3381 οἶον
956 3324 1055 3391 τὴν
1110 3332 1200 3382 τοῦ
1232 3326 1531 3406 παραλύτου
1573 3327 1883 3406 ἆνόρθωσιν,
1913 3332 2001 3385 καὶ

350 3414 417 3470 τὰ
469 3411 655 3474 λοιπά.
713 3410 861 3470 Ἐπεὶ
919 3412 973 3469 δὲ
1030 3413 1307 3472 ἐνεκάλουν
1338 3418 1503 3490 αῦτῷ,
1536 3416 1616 3473 ὅτι
1658 3417 1713 3474 ἐν
1744 3416 2002 3493 Σαϐϐάτῳ

350 3509 514 3559 ταῦτα
598 3515 775 3575 ποιεῖ,
828 3501 1093 3583 λέγοντες,
1128 3504 1209 3560 δτι
1247 3524 1276 3564 (
1309 3510 1416 3566 Οὔκ
1446 3505 1536 3564 ἔστ
1550 3531 1594 3564 ιν
1623 3507 1685 3563 ὲκ
1726 3514 1818 3564 τοῦ
1847 3515 1997 3581 Θεοῦ,

351 3590 433 3649 ὅτι
488 3592 548 3647 τὸ
600 3588 872 3649 Σάϐϐατω
906 3595 965 3651 οὗ
992 3606 1171 3671 τηρεῖ·
1209 3616 1236 3648 a
1287 3591 1540 3653 δείκνυσιν
1571 3597 1775 3675 αὐτοῖς,
1812 3594 1892 3652 ὅτι
1940 3590 2005 3654 τὰ

353 3686 428 3754 τῷ
453 3679 615 3757 Πατρὶ
658 3676 943 3757 δεδογμένα
973 3694 1145 3752 ποιεῖ,
1190 3682 1283 3739 καὶ
1319 3682 1400 3740 ὅτι
1432 3684 1635 3759 μᾶλλον
1665 3685 1725 3741 ὲκ
1753 3672 1845 3741 τοῦ
1875 3672 2004 3742 eeo“;

352 3771 486 3844 ἔστι,
520 3770 691 3832 καθὼς
720 3769 786 3825 τὰ
840 3772 983 3849 παρὰ
1038 3779 1129 3829 τοῦ
1173 3780 1306 3831 Θεοῦ
1370 3771 1620 3849 δεδομένα
1678 3776 1819 3847 αῦτῷ
1878 3775 2001 3852 ἔργα

350 3859 519 3922 τελεῖ,
586 3881 607 3913 ι
665 3860 741 3917 Τὰ
766 3860 864 3939 γὰρ
895 3859 1046 3938 ἔργα,
1091 3863 1273 3941 φησὶν,
1308 3861 1341 3917 ἃ
1374 3861 1534 3919 ἔδωκέ
1565 3885 1656 3939 μοι
1703 3864 1731 3919 6
1792 3866 1993 3942 Πατήρ,

2086 3232 2226 3292 mihi
2268 3235 2443 3294 Pater
2500 3239 2562 3291 ut
2622 3231 2948 3311 perficiam,
3012 3248 3080 3291 ea
3140 3235 3427 3289 testantur
3482 3228 3556 3289 de
3604 3249 3720 3291 me.

2083 3321 2234 3383 Dicit
2286 3330 2482 3381 autem
2536 3340 2738 3401 opera,
2776 3319 3072 3382 mirabilia
3124 3319 3225 3381 illa
3268 3318 3519 3397 scilicet,
3552 3318 3723 3399 quale

2085 3411 2190 3472 fuit
2243 3410 2542 3491 paralytici
2593 3411 2912 3480 restitutio,
2965 3418 3079 3471 etc.
3116 3409 3539 3471 Verumtamen
3589 3410 3727 3488 quia

2086 3500 2415 3580 arguebant
2447 3519 2580 3562 eum
2606 3499 2762 3580 quod
2796 3499 2855 3560 in
2877 3498 3273 3560 Sabbatoliaac
3296 3498 3512 3559 faceret
3531 3498 3726 3559 dicen-

2088 3598 2175 3651 tes
2208 3606 2225 3650 :
2261 3610 2289 3650 ί
2324 3588 2432 3651 Hic
2465 3609 2581 3651 non
2612 3597 2703 3651 est
2734 3608 2804 3651 ex
2855 3590 2998 3662 Deo,
3044 3589 3183 3667 quia
3229 3586 3561 3649 'Salibatum
3608 3606 3725 3648 non

2085 3679 2415 3749 SCTVillw,i
2450 3679 2707 3741 ostendit
2731 3678 2817 3740 eis
2841 3678 2995 3758 quod
3030 3678 3205 3738 faciat
3233 3696 3301 3737 ea
3331 3696 3462 3757 quaa
3492 3696 3525 3737 a
3556 3678 3727 3738 Patre

2084 3768 2414 3847 decreta,et
2434 3768 2601 3849 quod
2638 3769 2825 3847 magis
2856 3786 2889 3828 a
2923 3769 3043 3830 Deo
3072 3766 3249 3839 sit,eo
3280 3767 3434 3845 quod
3464 3764 3730 3845 injuncta

2081 3857 2196 3919 sibi
2226 3876 2259 3919 a
2288 3860 2409 3920 Deo
2438 3876 2618 3937 opera
2654 3857 2847 3919 faciat.
2874 3856 3106 3936 «Opera
3139 3854 3326 3927 enim,
3359 3854 3574 3934 inquit,
3598 3874 3726 3935 qua:

352 3948 443 4004 ’ἕνα
475 3947 746 4005 τελειώσω
775 3950 927 4010 αὑτά.
977 3969 1005 4008 ι
1044 3950 1196 4008 Ἐπεὶ
1241 3954 1329 4008 οῦν
1373 3954 1401 4008 6
1434 3952 1615 4028 Πατὴρ
1645 3950 1836 4008 δέδωκε
1866 3961 1994 4010 ταῦ-

2083 3946 2249 4008 dedit
2282 3946 2421 4007 mihi
2452 3951 2620 4007 l‘ater
2641 3956 2700 4005 ut
2732 3945 3033 4027 perficiam
3068 3963 3197 4006 ea.»
3235 3944 3382 4016 Quia
3414 3944 3592 4022 igitur
3611 3943 3723 4007 Pa-

351 4060 439 4117 τα,
514 4043 669 4113 ὑμεῖς
701 4037 817 4094 ὲστε
850 4039 1070 4096 ἀντίθεοι
1114 4042 1159 4096 οἱ
1216 4041 1602 4098 ἐναντιούμενοι
1652 4054 1770 4105 τοῖς
1820 4042 1994 4099 τοιού-

2086 4040 2176 4096 ter
2204 4034 2368 4096 dedit
2399 4036 2541 4097 mihi
2584 4036 2705 4107 illa,
2741 4054 2840 4096 vos
2880 4037 3021 4097 estis
3076 4033 3201 4096 Deo
3240 4033 3590 4108 adversarii,
3625 4033 3727 4114 qui

352 4149 462 4191 τοις
494 4125 688 4203 ἔργοις.
719 4151 746 4181 «
797 4129 893 4185 Καὶ
917 4129 944 4183 6
976 4128 1193 4204 πέμψας
1226 4151 1294 4204 με
1330 4132 1533 4210 Πατήρ,
1593 4130 1748 4194 αὒτὸς
1787 4151 1994 4210 μεμαρ‹

2087 4123 2205 4184 illis
2234 4124 2518 4204 operibus
2538 4124 2930 4185 adversamini
2952 4144 2968 4197 ;
2994 4134 3051 4185 et
3080 4123 3178 4204 qui
3212 4122 3372 4184 misit
3406 4141 3498 4183 me
3533 4125 3724 4193 Pater,

354 4216 544 4295 τύρηκε
604 4216 721 4293 περὶ
750 4215 902 4294 ἐμοῦ,
942 4240 967 4271 ιι
1002 4224 1107 4276 Ποῦ
1149 4215 1203 4273 δὲ
1236 4220 1612 4298 μεμαρτυρηκε
1670 4220 1788 4289 περὶ
1846 4220 1994 4277 αὑτοῦ

2088 4214 2213 4291 ipse
2247 4222 2494 4274 testatur
2524 4215 2597 4273 de
2630 4232 2745 4275 me.
2783 4211 2894 4276 Ubi
2926 4222 3120 4274 autem
3155 4221 3400 4274 testatus
3431 4222 3523 4274 est
3553 4212 3625 4273 de
3659 4231 3728 4273 eo

353 4305 380 4361 6
412 4305 592 4383 Πατήρ
642 4324 659 4379 ;
689 4306 836 4368 Τινὲς
868 4305 963 4379 μὲν
994 4304 1259 4383 λέγουσιν,
1305 4310 1376 4371 ὡς
1410 4308 1494 4365 ἐπὶ
1555 4316 1646 4366 τοῦ
1690 4310 1994 4385 βαπτίσμα-

2084 4301 2281 4365 Pater?
2300 4302 2549 4374 Quidam
2572 4303 2777 4363 dicunt
2809 4304 2965 4383 quod
2993 4304 3049 4364 in
3084 4301 3455 4382 baptismate,
3490 4303 3727 4379 quando

353 4416 466 4469 τος,
520 4393 645 4449 ὅταν
700 4397 872 4450 εἶπεν·
928 4418 954 4448 α
990 4397 1149 4459 Οὗτός
1192 4399 1335 4453 εστιν
1393 4399 1420 4453 6
1454 4400 1570 4460 ι’ἱὸς
1624 4421 1725 4473 μου
1772 4400 1799 4455 ὁ
1858 4397 1991 4475 ἀγα-

2081 4390 2225 4452 dixit
2258 4408 2273 4453 :
2307 4418 2329 4444 ι
2363 4390 2471 4453 Hic
2504 4401 2593 4452 est
2626 4391 2808 4453 Filius
2844 4410 3011 4452 meus
3043 4392 3293 4452 dilectus
3316 4391 3387 4451 3‘.
3431 4416 3452 4449 υ
3504 4390 3728 4472 Opinor

353 4482 548 4550 πητός.
612 4503 640 4540 ι
705 4494 957 4562 Κρεῐττον
1014 4482 1065 4539 δὲ
1126 4489 1279 4561 οἶμαι
1335 4500 1502 4560 νοεῖν,
1550 4488 1631 4543 ὅτι
1672 4485 1755 4543 διὰ
1812 4488 1988 4554 πάσης

2081 4489 2271 4542 autem
2304 4481 2457 4562 quod
2493 4480 2676 4560 magis
2707 4480 3165 4560 intelligatquod
3190 4499 3294 4560 per
3311 4500 3547 4541 omnem
3574 4480 3725 4543 Scri-

353 4573 451 4637 τῆς
537 4577 749 4651 Γραφῆς
808 4571 1135 4651 ἐμαρτύρησε
1209 4576 1325 4653 περὶ
1381 4575 1536 4631 αὒτοῦ
1566 4576 1594 4631 6
1626 4577 1778 4648 Θεὸς,
1813 4573 1895 4633 διά
1931 4598 1991 4632 τε

2083 4579 2312 4650 pturam
2371 4578 2616 4632 testatus
2668 4570 2743 4632 sit
2800 4571 2873 4631 de
2923 4590 2992 4631 eo
3026 4570 3204 4640 Deus,
3232 4578 3345 4631 tam
3399 4590 3504 4650 per
3535 4571 3723 4649 legem

354 4669 445 4717 τοῦ
496 4661 659 4733 νόμου
714 4665 801 4719 καὶ
860 4669 963 4718 τῶν
1038 4672 1344 4743 προφητῶν.
1410 4656 1561 4721 Ἀλλ’
1603 4666 1786 4740 ὑμεῖς,
1818 4668 1994 4745 φησὶνἸ

2083 4679 2256 4741 quam
2293 4678 2398 4739 per
2432 4660 2749 4740 prOphetas
2813 4659 2963 4723 «Sed
3002 4680 3125 4727 vos.
3161 4658 3375 4741 inquit,
3412 4679 3726 4741 nequevo-

355 4748 471 4807 οὔτε
553 4751 735 4831 φωνὴν
824 4755 979 4809 αὺτοῦ
1058 4752 1353 4823 ἀκηκόατε,
1417 4764 1509 4813 τοῦ
1568 4756 1769 4833 Πατρὸς
1840 4753 1994 4833 λέγω

2085 4768 2211 4811 cem
2240 4750 2371 4826 ejus
2401 4749 2669 4821 audistis,
2705 4748 2917 4823 Patris,
2971 4749 3211 4829 inquam
3246 4767 3437 4829 neque
3468 4752 3727 4827 speciem

356 4838 474 4895 οὔτε
561 4836 707 4903 εἶδος
807 4842 965 4897 αὐτοῦ
1065 4842 1354 4921 ἑωράκατε,
1446 4842 1582 4899 ἀλλὰ
1680 4843 1994 4901 πάντάπασι’

2088 4840 2221 4918 ejus
2268 4838 2519 4899 vidistis.
2560 4860 2588 4898 ι
2630 4838 2770 4901 Ideo
2829 4838 3109 4899 omnibus
3149 4838 3341 4898 modis
3394 4838 3729 4915 incognitus

354 4924 626 5005 ἄγνωστος
680 4929 809 5003 ὑμῖν
880 4929 1011 4986 ἐστι’
1068 4928 1198 4987 διότι
1265 4934 1351 4988 καὶ
1382 4934 1471 4988 τὸν
1516 4931 1676 5011 λόγον
1732 4932 1889 4989 αὐτοῦ
1911 4933 1994 4989 οὖν

2087 4927 2249 4989 vobis
2273 4940 2381 4989 est
2425 4926 2561 4989 ldeo
2595 4938 2652 4988 et
2676 4946 3012 4989 sermonem
3044 4930 3175 5005 ejus
3204 4945 3318 4987 non
3351 4925 3581 4987 habetis
3598 4946 3728 4987 ma-

355 5016 511 5096 ἔχετε
582 5017 807 5092 μένοντα
860 5021 915 5075 ἒν
973 5022 1125 5095 ὑμῖν
1188 5020 1451 5097 τουτέστι,
1485 5022 1587 5085 Τὰς
1647 5022 1852 5100 Γραφας
1911 5023 2004 5087 τὰς

360 5108 477 5182 περὶ
531 5106 661 5179 ἐμοῦ
715 5110 1077 5188 μαρτυρούσας
1158 5112 1251 5167 οὒκ
1307 5109 1509 5184 οἴδατε,
1570 5112 1611 5166 εἰ
1659 5112 1745 5167 καὶ
1799 5110 2005 5168 δοκεῒτε

356 5193 435 5249 ὅτι
506 5192 715 5268 οἴδατε,
777 5199 862 5253 καὶ
919 5204 1215 5280 καυχᾶσθε,
1290 5201 1363 5261 ὡς
1435 5200 1501 5255 τὰ
1531 5199 1699 5277 Λόγια
1728 5206 1821 5257 τοῦ
1878 5208 2006 5257 Θεοῦ

354 5285 809 5359 ὶμπιστευθέντες.
871 5287 1031 5346 Πόθεν
1085 5288 1266 5362 δηλον,
1342 5288 1420 5345 ὅτι
1500 5292 1593 5347 οῦκ
1650 5288 1832 5346 οἴδατε
1909 5292 2003 5351 τὰς

354 5374 586 5453 Γραφας⁶
666 5396 697 5433 α
760 5366 889 5433 ΗΟτι
948 5378 1005 5434 ἅν
1035 5379 1343 5435 ἀπέστειλεν
1375 5378 1605 5457 ἐκεῖνος,
1651 5380 1821 5451 τούτῳ
1844 5380 2003 5453 ὑμεῖς

353 5466 413 5522 οὒ
471 5465 765 5525 πιστεύετε.
846 5489 871 5521 n
929 5458 1153 5546 ”Ωσπερ
1184 5468 1269 5524 οὖν
1301 5466 1418 5526 οὔτε
1462 5468 1640 5547 φωνὴν
1673 5474 1805 5526 Θεοῦ
1836 5467 1997 5535 ἠκού-

352 5574 476 5609 σατε
549 5556 628 5629 (οῦ
684 5556 786 5633 γὰρ
838 5555 954 5636 ἔχει
1006 5557 1187 5637 φωνὴν
1242 5558 1270 5615 6
1328 5564 1457 5620 Θεος
1510 5556 1817 5637 αἰσθητὴν),
1878 5556 1994 5612 οὔτε

431 5731 690 5798 30104111.
724 5751 811 5810 ix,
846 5733 943 5799 l6.
1028 5734 1080 5787 5‘
1114 5735 1322 5801 Matth.
1354 5750 1500 5813 xvu,
1534 5732 1601 5797 5.

2090 5026 2328 5079 nentem
2366 5016 2424 5077 in
2460 5016 2648 5097 vobis;
2710 5018 2820 5078 hoc
2851 5027 2963 5090 est,
2997 5014 3331 5096 Scripturas
3362 5034 3493 5096 quze
3526 5015 3601 5077 de
3636 5034 3729 5075 uie

2090 5116 2406 5180 testantur,
2436 5108 2676 5169 nescitis
2706 5125 2719 5170 :
2750 5106 2981 5167 tametsi
3008 5105 3323 5167 videamini
3352 5123 3413 5167 sc
3443 5123 3506 5165 re
3536 5104 3727 5184 etglo-

2088 5197 2224 5257 riari
2279 5198 2335 5257 in
2388 5196 2640 5277 eloquiis
2673 5197 2779 5259 Dei
2813 5215 2943 5277 quae
2972 5194 3138 5257 vobis
3179 5194 3522 5255 concredita
3566 5203 3720 5255 sunt.

2090 5285 2241 5348 Hinc
2271 5296 2464 5346 autem
2527 5285 2902 5347 manifestum
2953 5285 3105 5365 quod
3152 5283 3426 5345 nesciatis
3455 5281 3727 5363 Scriptu-

2084 5375 2395 5455 ras,quiaa
2424 5376 2474 5434 ei
2508 5392 2681 5454 quem
2716 5375 2816 5435 ille
2849 5374 3155 5447 misit,non
3186 5373 3446 5433 creditis.
3486 5398 3511 5428 ι)
3549 5372 3731 5451 Igitur

2083 5466 2235 5526 sicut
2259 5482 2451 5544 neque
2477 5479 2673 5523 vocem
2708 5463 2808 5524 Dei
2842 5462 3150 5524 audivistis
3182 5466 3316 5539 (non
3352 5462 3510 5522 enim
3552 5462 3732 5526 habet

2082 5554 2237 5615 Deus
2270 5570 2475 5615 vocem
2509 5551 2877 5627 sensibilem)
2915 5571 3111 5632 neque
3139 5552 3397 5633 speciem
3432 5552 3559 5631 ejus
3590 5552 3729 5614 vidi-
