4070 6224
301 236 453 300 1285

1035 194 1478 303 ENARRA'l‘IO
1508 240 1585 303 IN
1636 236 2141 303 EVANGELIUM
2183 235 2524 303 JOANNIS.
2574 274 2647 283 -
2694 233 2836 301 CAP
2884 237 2995 319 vx.

3541 236 3695 300 1‘286

303 370 356 424 τί
386 372 530 425 ἔστιν
562 372 633 434 εἰς
671 370 949 435 τοσούτους
984 389 999 451 ς
1042 393 1062 424 ε
1100 372 1249 432 Τίνος
1273 370 1448 427 ἕνεκεν
1475 374 1621 449 εἷπε,
1644 372 1727 449 τὸ,
1769 370 1957 429 εἈνα-

2044 378 2132 432 ter
2154 379 2267 432 tam
2303 372 2783 445 multos?nQuare
2807 372 3166 451 (lixit,«Cnin
3190 374 3523 435 sustulisset
3540 394 3687 436 ocu-

302 455 510 533 ϐλέψας
544 471 660 522 τοῖς
691 449 991 538 ὀφθαλμοῖς
1018 461 1046 515 6
1079 458 1287 525 Ἰησοῦς
1313 478 1329 527 ;
1361 480 1385 514 ε
1421 449 1544 516 "Iw:
1566 461 1839 535 μάθωμεν,
1873 462 1955 517 ὅτι

300 549 399 604 οὐκ
456 545 708 624 ὶρέμϐετο
767 549 887 611 τοὺς
951 546 1250 626 ὀφθαλμοὺς
1310 546 1434 624 τῇδε
1503 549 1722 605 κάκεῖσε
1758 571 1770 583 ’
1834 550 1949 607 ἀλλ’

297 636 387 693 ἰπὶ
422 637 661 702 συννοίας
720 638 1018 712 καθήμενος
1051 638 1139 693 καὶ
1190 636 1467 717 προσοχῆς
1520 639 1606 694 καὶ
1662 637 1951 713 ἀκριϐείας,

299 728 400 783 οἶα
452 725 506 783 ὅὶ
562 741 681 791 τοῖς
733 730 1001 802 μαθηταῖς
1047 729 1166 804 περί
1208 749 1365 783 τινων
1420 728 1693 806 θειοτέρων
1723 727 1959 808 διαλεγό-

297 840 480 894 μενος,
543 817 695 885 τέλος
754 816 1012 893 ἀνέϐλεψε
1068 831 1189 882 τοῖς
1246 818 1562 897 ὀ-ρθαλμοῒς,
1625 822 1711 875 καὶ
1788 821 1957 899 ἐρωτᾷ

296 908 420 987 περὶ
476 914 569 964 τοῦ
626 906 817 986 ὄχλου,
878 907 1035 963 πόθεν
1105 904 1544 987 διατραφήσεται,
1633 911 1736 967 Οὔκ
1797 910 1957 967 ἄλλον

301 996 359 1052 δὲ
421 996 612 1075 ἐρωτᾷ,
659 995 797 1052 ἀλλὰ
852 996 1150 1057 ψ’λιππον.
1206 996 1369 1060 Οὗτος
1429 999 1527 1074 γὰρ
1557 998 1623 1066 ἧν
1652 1000 1680 1053 6
1716 998 1958 1065 πλείονος

299 1085 552 1162 δεόμενος
582 1083 943 1159 διδασκαλίας,
1005 1088 1032 1141 6
1062 1086 1197 1162 μετᾶ
1254 1092 1417 1143 ταῦτα
1447 1083 1618 1163 λέγων
1654 1106 1666 1118 ·
1708 1109 1731 1142 ι
1772 1088 1955 1153 Δεῖξον

298 1177 442 1249 ἡμῖν
482 1175 577 1229 τὸν
620 1174 850 1253 Πατέρα,
898 1175 987 1231 καὶ
1031 1174 1187 1253 ἀρκεῖ
1234 1176 1389 1249 ἡμῖν.
1426 1203 1449 1234 ι
1519 1176 1615 1231 Διά
1659 1182 1814 1233 τοῦτο
1856 1180 1956 1255 πρὸ

298 1261 504 1320 πολλοῦ
588 1265 746 1320 αὑτὸν
829 1264 1081 1340 ῥυθμίζει,
1166 1265 1254 1320 καὶ
1321 1262 1406 1319 διὰ
1482 1272 1581 1331 τῆς
1647 1266 1955 1343 ἐρωτήσεως

298 1353 478 1433 ὶνάγει
524 1354 682 1409 αὐτὸν
727 1355 799 1415 εἷς
854 1355 916 1409 16
974 1354 1055 1409 ἀεὶ
1111 1355 1465 1429 μνημονεύειν
1505 1362 1597 1411 τοῦ
1665 1356 1952 1429 θαύματος.

299 1443 363 1499 El
422 1440 518 1517 μὶν
580 1442 681 1519 γὰρ
724 1440 906 1507 ἁπλῶς
961 1444 1023 1498 τὸ
1068 1456 1301 1517 σημεῖον
1343 1441 1577 1523 ἐγένετο,
1627 1446 1720 1501 οὒκ
1749 1444 1811 1499 ἂν
1840 1468 1959 1502 τοσο

295 1536 450 1587 οὖτον
523 1530 691 1610 ἐφάνη
750 1532 812 1588 τὸ
869 1534 1043 1607 θαῦμα
1077 1548 1090 1561 ⁶
1155 1533 1262 1589 νυνὶ
1345 1530 1399 1588 δὲ
1471 1532 1728 1612 πρότερον
1802 1534 1961 1597 αὖτὸν

297 1620 590 1698 ἀναγκάζει
654 1619 989 1699 ὁμολογῆσαι
1058 1622 1157 1689 τὴν
1219 1621 1435 1691 σπάνιν,
1496 1623 1589 1678 ’ίνα
1647 1621 1961 1701 ἀκριϐέστε-

297 1730 391 1787 ρον
457 1709 745 1785 καταμάθῃ
789 1720 882 1769 τοῦ
938 1709 1229 1786 μέλλοντος
1285 1711 1515 1789 γίνεσθαι
1590 1714 1856 1787 θαύματος
1900 1717 1961 1771 τὸ

2040 459 2127 520 los
2175 461 2343 523 suos?
2379 488 2402 515 ο
2468 461 2542 523 Ut
2598 463 2895 522 discamus
2967 461 3125 541 quod
3176 481 3291 522 non
3344 462 3552 524 solitus
3615 464 3690 523 sit

2040 547 2173 607 hinc
2203 562 2256 611 et
2286 550 2423 610 inde
2447 552 2638 628 vagari
2674 551 3002 621 oculis,sed
3027 550 3388 629 compositus
3418 562 3475 613 et
3497 560 3686 613 atten-

2041 645 2132 698 tus
2166 640 2611 718 sedere,utpo:e
2634 639 2854 699 docens
2874 638 3201 717 discipulos
3221 638 3509 699 diviniora
3533 660 3690 720 qua}-

2040 728 2198 788 dam.
2253 727 2520 806 Denique
2578 727 2815 789 sustulit
2873 727 3080 787 oculos
3112 736 3168 787 et
3200 736 3363 805 rogat
3394 728 3469 788 de
3520 728 3689 790 turba

2040 815 2333 893 quomodo
2365 815 2577 877 alenda
2602 815 2678 875 sit
2743 816 2871 876 Non
2902 814 3081 875 alium
3137 825 3333 877 autem
3366 816 3685 897 interrogat

2040 924 2214 985 quam
2232 906 2567 984 Philippum
2604 907 2739 984 Ipse
2755 904 2911 964 enim
2930 902 3142 982 majori
3163 904 3465 984 indigebat
3487 908 3684 967 erudi-

2042 994 2224 1060 tione,
2249 994 2348 1074 qui
2383 1002 2587 1072 postea
2617 992 3193 1054 dicebat:«0stende
3224 994 3396 1053 ltOth
3428 993 3681 1070 Patrem,

2038 1102 2106 1144 ac
2137 1083 2353 1144 sufﬁcit
2386 1082 2559 1142 nobis
2592 1082 2798 1143 ﬁniit
2830 1089 3147 1159 propterea
3177 1091 3349 1142 antea
3375 1082 3539 1146 illum
3574 1083 3689 1145 ins-

2040 1174 2272 1241 truit,et
2297 1170 2956 1250 perinterrogationem
2994 1170 3215 1230 inducit
3248 1182 3472 1243 eum,ut
3504 1175 3683 1233 mira-

2042 1261 2159 1322 culi
2182 1277 2421 1339 semper
2450 1260 2526 1321 sit
2551 1256 2957 1319 memorNam
2990 1258 3037 1318 si
3063 1258 3303 1338 quidem
3338 1261 3681 1323 miraculum

2040 1348 2389 1430 simpliciter
2419 1349 2626 1410 fuisset
2661 1349 2899 1419 factum,
2942 1367 3055 1406 non
3092 1366 3277 1427 usque
3327 1350 3475 1409 adeo
3499 1350 3683 1413 visqu

2040 1438 2247 1500 fuisset
2302 1439 2386 1499 illi
2438 1440 2785 1499 miraculum
2833 1456 3040 1498 :uunc
3085 1456 3281 1498 autem
3342 1439 3681 1522 priuSquaIn

2049 1527 2415 1603 ﬁeret,i|lum
2449 1528 2753 1608 compellit
2782 1527 2949 1589 fateri
2983 1527 3338 1605 paucitatem
3373 1543 3686 1608 panum,ut

2047 1616 2378 1677 evidentius
2396 1618 2661 1678 addiscat
2683 1616 2863 1677 futuri
2888 1614 3155 1675 miraculi
3188 1618 3683 1698 magnitudinem,

2046 1714 2103 1766 et
2132 1726 2247 1766 non
2283 1723 2317 1767 e
2348 1706 2636 1766 memoria
2686 1705 2915 1784 t'ejit-iat
2959 1723 3027 1764 ea
3062 1722 3193 1783 quae
3233 1707 3539 1767 confessus
3569 1720 3682 1768 est.

296 1798 546 1877 μέγεθος,
602 1800 691 1855 καὶ
753 1800 831 1874 μὴ
892 1797 1089 1876 δυννιθξ,
1146 1798 1335 1857 λοιπὸν
1380 1800 1630 1858 ἐκϐαλεῖν
1674 1804 1770 1870 τὴν
1815 1805 1955 1872 μνή-

2046 1793 2269 1855 ldcirco
2295 1796 2438 1857 dicit
2470 1814 2483 1856 :
2512 1821 2535 1847 α
2575 1793 2742 1857 Unde
2773 1812 3041 1854 ememus
3074 1811 3256 1871 panes
3288 1804 3347 1852 ut
3368 1798 3682 1857 comedant

300 1910 413 1962 μην
485 1888 591 1943 τῶν
661 1888 1129 1966 ὁμολογηθέντων.
1198 1892 1295 1945 Διᾶ
1358 1891 1513 1947 τοῦτό
1557 1909 1733 1970 φησι·
1798 1894 1959 1949 Πόθεν

301 1976 639 2055 ἀγοράσομεν
698 1976 909 2057 ἄρτους,
956 1978 1048 2035 ’ίνα
1102 1982 1340 2057 φάγωσιν
1396 1979 1539 2036 οὗτοι
1577 2000 1593 2055 ;
1633 2004 1654 2036 ε
1692 1982 1845 2058 Λέγει
1903 1980 1956 2039 δὲ

300 2065 467 2121 ταῦτα
517 2066 775 2144 πειράζων
833 2067 925 2121 τὸν
983 2065 1277 2136 Φίλιππον,
1311 2068 1573 2149 τοδτέστι,
1606 2068 1773 2125 θέλων
1802 2073 1955 2127 αὑτὸν

298 2152 569 2233 γνώριμον
628 2155 985 2230 καταστῆσαι,
1032 2156 1146 2211 τίνα
1191 2156 1373 2213 πίστιν
1418 2157 1558 2238 ἔχει.
1619 2163 1691 2217 Οὐ
1748 2162 1847 2237 γὰρ
1889 2158 1955 2227 δὴ

300 2244 374 2306 ὡς
429 2241 636 2319 ἀγνοῶν
696 2242 850 2306 αὐτὸς
909 2244 1007 2311 τὴν
1062 2242 1154 2300 τοῦ⁹
1183 2244 1452 2300 Φιλίππου
1496 2247 1742 2325 γνώμην,
1788 2245 1957 2325 ἐρωτᾷ

300 2331 485 2404 αὐτὸν,
530 2329 666 2387 ἄλλα
699 2346 817 2397 τοῖς
864 2329 1045 2395 ἄλλοις
1094 2330 1259 2388 θέλων
1316 2332 1480 2399 δεῖξαι
1514 2336 1691 2394 αὐτόν.
1736 2366 1757 2393 ι
1793 2338 1955 2400 Αὒτὸς

300 2421 403 2498 γὰρ
428 2423 456 2476 6
504 2421 715 2497 Κύριος,
750 2420 863 2497 ᾔδει
895 2424 943 2478 τί
973 2421 1161 2497 ἔμελλε
1208 2437 1406 2482 ποιεῖν.
1447 2447 1470 2480 ο
1508 2428 1607 2482 Τὸν
1641 2428 1727 2481 οὖν
1757 2424 1954 2482 Φίλιπ-

300 2532 402 2566 πον
434 2511 689 2589 πειράσας
748 2509 865 2589 εἴγε
922 2512 1099 2569 πίστιν
1152 2514 1294 2592 ἔχει,
1346 2514 1431 2569 καὶ
1467 2515 1627 2590 εὖρὼν
1660 2517 1814 2573 αὐτὸν
1858 2516 1956 2571 άν-

303 2600 575 2678 θρωπίνως
631 2600 708 2658 ἔτι
752 2598 1106 2683 διακείμενον,
1152 2605 1234 2659 ναὶ
1278 2604 1387 2679 μὴν
1435 2606 1521 2661 καὶ
1564 2606 1653 2660 τὸν
1709 2604 1958 2685 Ἀνδρέαν

303 2691 526 2769 εὑρίσκει
568 2700 827 2755 τοιοῦτον.
892 2695 949 2750 Εἰ
979 2696 1078 2772 γὰρ
1129 2698 1217 2752 καὶ
1267 2695 1598 2775 ὑψηλότερόν
1640 2720 1689 2754 τι
1726 2699 1811 2753 τοῦ
1853 2706 1954 2753 Φια-

304 2778 499 2837 λίππου
556 2780 856 2862 ἔφαντάσθη
928 2782 1147 2862 (ἐκείνου
1192 2786 1291 2863 γὰρ
1320 2785 1583 2865 εἰπόντος,
1618 2785 1695 2842 ὅτι
1748 2810 1773 2841 α
1826 2798 1955 2843 Δια-

303 2869 502 2927 κοσίων
559 2868 818 2950 δηναρίων
864 2871 1011 2950 ἄρτοι
1059 2873 1155 2929 οὐκ
1196 2874 1464 2954 ἀρκοῦσιν,
1519 2900 1543 2929 ι
1600 2878 1756 2937 αὐτὸς
1801 2874 1957 2931 πέντε

305 2956 494 3036 ἄρτους
545 2960 829 3040 κριθίνους,
887 2962 975 3018 καὶ
1049 2960 1137 3017 δύο
1207 2963 1404 3041 ὀψάρια
1459 2961 1806 3035 ὑποδεικνύει,
1865 2964 1952 3018 ἑν-

303 3048 502 3117 νοήσας
559 3048 697 3112 ’ίσως
755 3050 842 3105 καὶ
898 3050 963 3105 τὰ
1006 3054 1113 3105 τῶν
1144 3054 1432 3131 προφητῶν
1487 3052 1752 3125 θαύματα,
1810 3051 1955 3117 ὅπως
1973 3100 2015 3151 C

304 3136 333 3191 6
379 3134 689 3201 Ἐλισσαῖος
738 3139 904 3195 ὶποίει
954 3140 1015 3195 16
1062 3138 1145 3195 ἐπὶ
1187 3138 1295 3195 τῶν
1346 3139 1514 3219 ἄρτων
1566 3153 1820 3219 σημεῖον,
1867 3140 1954 3196 ὅτε

302 3226 338 3292 ἡ
402 3226 675 3303 Σαμάρεια
726 3228 798 3293 εἰς
841 3226 1071 3306 ἔσχατον
1120 3227 1386 3292 ἀπωλείας
1416 3227 1625 3310 ἦλθεν),
1660 3228 1778 3285 ἀλλ’
1809 3229 1955 3306 ὅμως

312 3314 401 3371 καὶ
458 3313 707 3393 Ἀνδρέας
758 3316 1068 3397 ἐλέγχεται,
1144 3316 1310 3394 μηδὲν
1372 3318 1581 3384 ἐπάξιον
1620 3319 1715 3376 τοῦ
1774 3321 1957 3397 Κυρίου

306 3402 585 3474 ἰννοήσας.
620 3407 761 3473 Φησὶ
784 3408 905 3487 γάρ’
948 3430 976 3462 α
1011 3404 1177 3464 Ἀλλὰ
1206 3414 1371 3466 ταῦτα
1405 3407 1455 3465 τί
1492 3408 1633 3466 ἐστιν
1663 3411 1733 3472 εἷς
1764 3410 1958 3466 τοσού-

305 3514 477 3567 τους;
531 3516 555 3551 ε
622 3493 872 3571 Ἐνόμισε
902 3496 1025 3576 γὰρ,
1087 3495 1167 3552 ὅτι
1228 3496 1441 3567 αὐξήσει
1486 3506 1582 3572 μὲν
1625 3499 1761 3563 ”σως
1792 3500 1818 3555 6
1853 3499 1959 3556 Κύ-

311 3604 420 3661 ριος
452 3582 570 3648 τοὺς
626 3582 839 3664 ἄρτους,
900 3582 1019 3640 ἀλλ’
1075 3585 1166 3642 ἑὰν
1198 3585 1334 3653 ἦσαν
1378 3584 1641 3661 πλείονες,
1675 3586 1870 3643 πλείων
1900 3584 1959 3651 ἂν

305 3673 393 3728 καὶ
440 3672 476 3740 ἡ
534 3669 747 3740 αὔξησις
806 3673 1035 3753 ἰγίνετο,
1096 3673 1406 3753 ἐπισφαλῶς
1463 3676 1677 3739 πάντως
1711 3680 1863 3732 νοῶν.
1905 3665 1961 3732 Ὀ

306 3762 407 3841 γὰρ
472 3762 658 3841 Κύριος
689 3765 776 3820 καὶ
818 3762 877 3820 ἐκ
908 3763 985 3839 μὴ
1036 3763 1201 3821 ὄντων
1256 3762 1488 3832 ἠδύνατο
1546 3765 1730 3843 ἄρτους
1784 3778 1960 3822 ποιεῖν

306 3855 383 3925 τῷ
423 3849 615 3923 πλήθει
659 3852 947 3933 ἄκροῦντας
980 3868 997 3887 ⁸
1058 3852 1208 3930 ὅμως
1266 3854 1356 3911 ἴνα
1402 3856 1481 3930 μὴ
1524 3853 1649 3931 δόξῃ
1693 3858 1726 3924 ἡ
1795 3855 1962 3918 κτίσις

307 3938 556 4022 ἀλλοτρία
613 3946 752 4000 εἶναι
811 3948 910 4012 τῆς
958 3945 1119 4003 αὐτοῦ
1174 3944 1381 4025 σοφίας,
1420 3947 1552 4021 αὖτῇ
1578 3946 1647 4021 τῇ
1675 3948 1840 4001 κτίσει
1866 3944 1963 3999 κέ-

307 4051 507 4108 χρηται
550 4033 682 4108 πρὸς
715 4031 813 4099 τὴν
857 4034 1105 4090 ὑπόθεσιν
1164 4036 1270 4089 τῶν
1300 4035 1585 4109 θαυμάτων
1621 4053 1634 4067 ·
1678 4037 1764 4091 καὶ
1794 4034 1963 4114 ἀφορ-

309 4117 415 4192 μὴν
467 4115 645 4175 λαϐὼν
700 4121 819 4185 τοὺς
884 4119 1096 4200 ἄρτους,
1160 4124 1341 4201 ὣσπερ
1401 4122 1534 4191 ὃλην
1586 4124 1726 4198 τινὰ,
1799 4124 1965 4187 οὕτως

310 4205 565 4263 εἷδοποιεῒ
646 4211 709 4266 16
777 4213 973 4285 θαῦμα,
1060 4213 1503 4292 Αἰσχυνέσθωσαν
1562 4215 1607 4269 οἱ
1667 4220 1965 4292 Μανιχαῖοι

312 4294 579 4375 λέγοντες,
625 4297 707 4355 ὅτι
752 4298 780 4354 6
823 4298 1007 4382 ἄρτος,
1049 4302 1137 4357 καὶ
1183 4301 1354 4358 πάντα
1421 4304 1487 4360 τὰ
1544 4302 1598 4359 ἐν
1639 4310 1709 4380 τῇ
1773 4305 1961 4379 κτίσει,

311 4392 402 4443 τοῦ
430 4395 665 4466 πονηροῦ
698 4395 830 4446 Θεοῦ
882 4391 980 4445 είσι
1038 4388 1485 4468 δημιουργήματα
1518 4408 1533 4425 '
1583 4394 1671 4449 καὶ
1701 4390 1785 4447 διὰ
1814 4398 1968 4449 τοῦτο

313 4472 402 4531 ὶάν
432 4498 511 4539 τις
544 4481 730 4541 αὐτοῖς
779 4476 892 4553 δῴη
936 4479 1117 4560 ἄρτον,
1165 4483 1243 4555 μὴ
1289 4478 1647 4546 λαμϐάνοντες
1698 4483 1852 4540 αὐτὸν
1910 4480 1970 4536 ἐκ

2043 1883 2331 1946 hi‘hDicit
2369 1894 2563 1944 autem
2607 1886 2729 1944 haec
2768 1892 3002 1944 tentans
3034 1882 3396 1961 Philippum,
3426 1885 3537 1945 hoc
3568 1896 3679 1960 est,

2040 1974 2243 2059 volens
2276 1984 2475 2033 notum
2510 1974 2910 2052 facere,quam
2948 1971 3318 2059 h'aberetille
3347 1972 3679 2035 (idem.Ne-

2039 2080 2158 2139 que
2188 2066 2345 2125 enim
2373 2071 2432 2122 ut
2464 2064 2744 2141 ignorans
2775 2064 2849 2122 de
2878 2061 3173 2121 sententia
3203 2058 3458 2141 Philippi
3490 2064 3681 2126 inter-

2037 2152 2301 2229 rogabat,
2332 2152 2436 2212 sed
2480 2148 2610 2212 aliis
2646 2161 2983 2211 monstrare
3009 2148 3261 2211 Volebat.
3302 2176 3329 2204 ι
3362 2149 3507 2212 Nam
3556 2156 3684 2233 ipse

2041 2241 2328 2303 Dominus
2360 2241 2581 2301 sciebat
2632 2241 2770 2321 quid
2824 2241 3084 2299 facturus
3134 2246 3312 2298 esset.
3350 2264 3373 2294 ι
3411 2239 3591 2318 Igitur
3622 2253 3684 2304 ut

2041 2330 2283 2390 tentavit
2310 2330 2641 2410 Philippum
2678 2347 2816 2389 num
2849 2326 2967 2404 ,uid
2993 2328 3359 2389 haberetille
3389 2330 3590 2403 ﬁdem,
3625 2344 3685 2394 et

2041 2419 2266 2493 invenit
2298 2420 2490 2499 ipsum
2515 2420 2708 2479 adhuc
2733 2419 3005 2478 affectum
3027 2426 3087 2475 ut
3108 2416 3688 2502 hominemzinsnper

2042 2522 2097 2575 et
2128 2512 2428 2573 Andream
2453 2528 2688 2591 quoque
2721 2510 2892 2571 talem
2932 2510 3179 2581 invenit,
3212 2512 3442 2571 tametsi
3492 2512 3681 2571 subli-

2044 2603 2195 2664 mius
2225 2602 2503 2681 quiddam
2567 2600 2841 2679 Philippo
2894 2598 3685 2660 sentientem.llloenimdi-

2041 2707 2216 2753 ceute
2258 2694 2413 2771 quod
2469 2692 2856 2750 ducentorum
2916 2688 3290 2747 denariorum
3342 2707 3522 2766 panes
3564 2708 3679 2749 non

2042 2782 2361 2851 sufficiunt,
2400 2782 2495 2840 ille
2522 2778 2783 2858 quinque
2844 2794 3025 2854 panes
3056 2776 3416 2839 hordeaceus
3454 2788 3509 2837 et
3536 2778 3683 2837 duos

2044 2869 2237 2949 pisces
2267 2866 2741 2927 commonstravit
2765 2862 3048 2939 ,cogitans
3079 2865 3228 2923 forte
3262 2865 3678 2942 prophetarum

2042 2959 2349 3036 miracula,
2385 2966 2446 3015 ut
2479 2954 2671 3016 Eliswi
2696 2954 2754 3012 in
2784 2952 3038 3030 panibus
3061 2954 3319 3029 signum,
3350 2975 3373 3008 ι
3404 2974 3537 3014 cum
3572 2960 3680 3016 Sa-

2043 3046 2227 3105 maria
2254 3046 2311 3107 in
2337 3053 2665 3105 extremum
2690 3042 2946 3101 venisset
2969 3038 3683 3120 in0piam“.»ltedargui-

2042 3144 2135 3196 tur
2165 3144 2359 3196 tamen
2389 3143 2446 3194 ct
2467 3134 2734 3195 Andreas
2762 3130 2907 3191 nihil
2942 3129 3185 3207 dignum
3236 3128 3487 3191 Domino
3511 3138 3675 3211 cogi-

2040 3223 2353 3287 tans.Dicit
2385 3223 2540 3283 enim
2570 3244 2584 3282 :
2612 3221 2761 3282 «Sed
2784 3221 2907 3280 haec
2942 3218 3183 3298 quidem
3211 3228 3346 3279 sunt
3378 3219 3532 3282 inter
3563 3231 3677 3283 tam

2043 3315 2288 3375 multos?
2319 3339 2345 3369 ι
2380 3310 2763 3373 Existimahat
2803 3309 2961 3369 enim
2992 3308 3148 3388 quod
3183 3309 3677 3390 multiplicaturus

2042 3404 2281 3486 quidem
2316 3422 2497 3483 panes
2529 3408 2685 3461 esset
2718 3396 3136 3477 Dominus,sed
3167 3398 3216 3457 si
3248 3409 3444 3459 essent
3466 3400 3686 3481 plures,

2046 3495 2234 3572 major
2264 3504 2320 3553 et
2356 3492 2765 3571 multiplicatio
2808 3490 3003 3549 futura
3033 3497 3211 3561 esset,
3246 3506 3278 3549 a
3307 3499 3469 3549 recto
3501 3508 3679 3552 sensu

2044 3602 2287 3664 prorsus
2332 3585 2640 3643 aberrans.
2674 3581 2821 3641 Nam
2873 3576 3159 3637 Dominus
3184 3578 3359 3637 etiam
3394 3597 3462 3638 ex
3497 3580 3680 3641 nihilo

2045 3672 2330 3752 potuisset
2355 3689 2538 3751 panes
2568 3667 2891 3747 facere,qui
2925 3668 3107 3727 turbae
3131 3666 3469 3728 sufticerent
3496 3689 3509 3729 :
3542 3678 3682 3730 atta-

2044 3780 2179 3822 men
2216 3780 2289 3820 ην
2311 3762 2614 3821 videretur
2644 3768 2915 3819 creatura
2945 3773 3060 3815 non
3084 3772 3215 3815 esse
3265 3773 3335 3815 ex
3366 3756 3554 3835 ipsius
3583 3776 3679 3818 sa-

2048 3851 2290 3931 pientia.
2328 3850 2454 3930 ipsa
2482 3860 2752 3909 creatura
2786 3864 2925 3906 usus
2951 3853 3038 3904 est
3080 3845 3138 3904 in
3166 3845 3472 3904 materiam
3500 3845 3682 3906 mira-

2048 3941 2408 4017 culurum,et
2454 3938 2715 4018 acceptis
2759 3939 3023 4017 quinque
3055 3934 3306 4013 panibus
3332 3934 3413 3994 uti
3444 3937 3685 3997 mali-ria

2049 4028 2681 4111 quadam,praaclarum
2710 4027 2860 4088 istud
2886 4024 3233 4086 miraculum
3266 4021 3686 4086 fecit.Confun-

2050 4121 2263 4180 dantur
2312 4119 2649 4198 Manichaei,
2681 4117 2949 4177 dicentes
3003 4112 3158 4194 quod
3194 4113 3361 4192 panis
3387 4126 3446 4173 et
3476 4132 3687 4176 omnes

2050 4218 2336 4269 creatum
2387 4207 2553 4269 facta?
2599 4205 2718 4267 sint
2748 4223 2779 4264 a
2811 4202 2964 4263 malo
2995 4201 3118 4263 Deo
3156 4222 3169 4258 :
3210 4211 3267 4261 et
3298 4210 3609 4281 propterea
3638 4205 3683 4263 si

2048 4299 2179 4379 quis
2214 4299 2445 4358 dederit
2487 4296 2573 4357 eis
2622 4312 2855 4373 panem,
2892 4311 3006 4352 non
3051 4291 3347 4370 accipiunt
3395 4292 3560 4353 illurn
3612 4293 3686 4353 de

2049 4388 2323 4449 manibus
2354 4385 2644 4455 illius,sed
2680 4383 2879 4464 procul
2912 4381 3154 4462 quidem
3197 4380 3364 4440 illum
3392 4380 3569 4460 abjici
3594 4385 3688 4462 ju-

2050 4478 2442 4548 bent,stantes
2469 4484 2695 4547 autem,
2728 4483 2785 4535 et
2834 4472 3260 4533 ma'edicentes
3290 4471 3344 4530 ei
3371 4473 3471 4549 qui
3501 4474 3683 4553 dedit,

312 4570 416 4621 τῶν
446 4564 647 4623 ἐκείνου
690 4571 912 4648 χειρῶν,
977 4566 1115 4624 ἄλλᾶ
1174 4567 1444 4647 πόῤῥωθεν
1507 4570 1605 4645 μὲν
1637 4571 1793 4629 αὐτὸν
1821 4570 1958 4648 ῥίψαι

2053 4566 2258 4628 dicunt
2284 4588 2293 4625 :
2322 4564 2431 4637 Qui
2455 4564 2768 4626 seminavit
2802 4560 3265 4640 te,dispergatur
3297 4579 3311 4619 :
3348 4569 3404 4619 et
3424 4561 3527 4639 qui
3562 4563 3699 4641 pin-

313 4652 711 4731 ἐπιτάττοντες,
796 4658 1071 4733 ἱστάμενοι
1156 4656 1209 4713 δὲ
1280 4659 1366 4714 καὶ
1444 4658 1809 4737 καταρώμενοι
1888 4663 1965 4733 τῷ

315 4740 453 4799 δόντι
490 4761 503 4774 ⁸
568 4735 627 4802 Ὀ
699 4746 916 4825 σπείρας
1006 4769 1087 4824 σε,
1164 4748 1433 4825 σπαρείη’
1509 4751 1536 4804 6
1585 4735 1805 4817 amca;
1880 4769 1963 4826 σε,

316 4832 557 4901 ἀλεσθείη
600 4836 695 4899 τὰς
739 4836 962 4917 σάρκας,
1006 4838 1095 4894 καὶ
1143 4836 1239 4892 ὅσα
1292 4838 1691 4917 τοιουτότροπα.
1727 4839 1961 4917 Αἰσχυν-

317 4923 549 4979 έσθωσαν
619 4923 707 4979 οὗν
782 4925 1087 5000 ἀκούοντες,
1174 4925 1256 4982 ὅτι
1324 4929 1351 4983 6
1415 4937 1507 4986 τοῦ
1581 4927 1780 5005 ἀγαθοῦ
1836 4934 1967 4983 Θεοῦ

320 5014 433 5075 Υἱὸς
490 5014 516 5068 6
594 5015 841 5091 Χριστὸς,
914 5014 1100 5093 ἄρτους
1160 5014 1471 5085 ἐπλήθυνεν.
1546 5017 1603 5073 Ei
1674 5013 1728 5071 δὲ
1801 5017 1964 5071 κακὸν

315 5100 445 5168 ἦσαν
502 5102 718 5177 κτίσμα,
755 5106 848 5161 οὒκ
907 5103 967 5160 ἂν
1030 5107 1057 5161 6
1100 5105 1295 5183 ἀγαθὸς
1351 5108 1412 5162 16
1452 5107 1619 5162 κακὸν
1650 5103 1961 5178 ἐπλήθυνεν,

316 5190 404 5247 Tu
449 5192 526 5265 μὴ
557 5189 699 5269 λέγω
725 5195 841 5273 ’καὶ
904 5195 1059 5258 αὒτὸς
1118 5192 1305 5271 ἄρτους
1335 5193 1537 5263 ἤσθιεν,
1570 5192 1720 5251 Ἀλλ’
1753 5193 1963 5273 ’ἐρωτη-

318 5302 395 5337 σοι
441 5279 501 5335 ἄν
542 5300 624 5344 τις
660 5301 675 5315 ο
722 5270 852 5357 Ἀρα
896 5290 1051 5341 τοῦτο
1120 5270 1182 5339 16
1246 5290 1353 5340 τῶν
1415 5282 1587 5364 ἄρτων
1651 5270 1846 5359 θαῦμα,
1903 5284 1963 5339 16

388 5438 639 5502 ⁸⁸10811.
680 5452 799 5508 XIV.
839 5443 897 5515 8,
922 5444 980 5502 9.
1069 5440 1124 5485 ³⁸
1149 5440 1228 5506 ΙΙΙ
1254 5444 1401 5523 Reg.
1436 5458 1514 5516 IV,
1549 5442 1644 5505 38.

2048 4658 2165 4717 suit
2210 4666 2285 4725 te,
2324 4654 2591 4736 pinsatur
2626 4670 2827 4725 carne,
2888 4660 2946 4711 et
2993 4648 3232 4709 similia.
3261 4648 3402 4708 585
3427 4650 3687 4713 Confun-

2048 4745 2476 4824 danturitaque
2503 4743 2809 4804 audientes
2834 4739 2989 4821 quod
3022 4738 3162 4799 boni
3193 4737 3297 4799 Dei
3333 4738 3691 4801 FiliusChri-

2048 4845 2173 4897 stus
2206 4852 2386 4915 panes
2409 4832 2817 4911 multiplicant
2848 4828 2991 4889 Nam
3025 4828 3073 4888 si
3098 4829 3252 4888 mala
3285 4827 3485 4889 fuisset
3516 4848 3686 4890 cxea-

2047 4926 2395 4996 tura,bonus
2428 4924 2585 5002 quod
2623 4919 2835 4980 malum
2860 4926 3018 4979 esset
3044 4918 3243 4996 utique
3265 4936 3379 4976 nen
3412 4919 3691 4997 multipli-

2048 5024 2241 5075 casset
2278 5033 2291 5075 :
2329 5025 2389 5072 ut
2440 5021 2665 5073 taceam
2713 5007 2978 5079 interim,
3033 5006 3186 5085 quod
3235 5015 3293 5067 et
3341 5012 3465 5085 ipse
3512 5026 3690 5086 panes

2046 5121 2106 5163 Ct
2124 5100 2625 5164 medit.Ca2terum
2660 5098 2706 5159 si
2732 5098 2863 5177 quis
2894 5096 3510 5173 interrogaveritmum
3530 5097 3687 5158 idem

2047 5194 2119 5255 sit
2178 5193 2287 5253 hoc
2352 5189 2703 5251 miraculum
2767 5204 2981 5267 panum
3037 5203 3170 5245 cum
3231 5204 3301 5245 eo
3333 5187 3485 5265 quod
3535 5187 3687 5267 apud

2050 5282 2382 5343 Matthzeum
2432 5275 2818 5341 describitur?
2849 5274 3129 5353 dicimus,
3162 5274 3336 5335 Certe
3386 5275 3540 5335 idem
3578 5286 3686 5342 est.
