4070 6224
241 327 276 396 1
290 331 416 396 289

959 337 1406 402 ENARRATIO
1451 339 1534 402 IN
1578 338 2084 403 EVANGELIUM
2129 340 2472 407 JOANNIS.
2520 379 2595 392 —
2624 347 2788 410 CAP.
2836 351 2944 412 VI.

3504 356 3526 418 1
3540 356 3658 424 290

247 467 503 539 ἔλαττον,
560 468 681 527 ἀλλ’
739 471 1038 552 ἰσαρίθμους
1096 479 1202 529 τῶν
1259 473 1512 548 μαθητῶν
1581 475 1700 537 τοὺς
1761 474 1905 552 κοφί-

2003 481 2203 534 essent
2253 473 2528 555 discipuli
2586 479 2823 559 cophini
2872 481 3286 564 reliquiarum,
3339 497 3401 550 ut
3443 512 3652 556 omnes

252 580 385 620 νους
429 565 535 616 τῶν
591 559 858 636 λειψάνων
901 562 1146 628 έποίησαι
1190 571 1548 641 περιττεῦσαι⁸
1611 563 1704 618 ’ίνα
1734 563 1926 625 πάντες

255 648 605 729 βαστᾶσωσι,
650 657 739 707 καί
795 649 931 726 μηδὲ
962 653 990 707 6
1037 649 1234 715 Ἰούδας
1268 651 1486 729 ἄμοιρος
1529 651 1922 731 καταλειφθείη,

251 737 382 795 ἀλλ’
457 739 564 819 ἔχῃ
619 742 706 797 καὶ
769 748 924 798 τοῦτο
981 743 1041 797 τὸ
1098 745 1270 817 θαῦμα
1319 740 1578 798 δεικτικὸν
1624 752 1719 801 τοῦ
1783 741 1924 799 εἶναι

255 830 396 885 Θεὸν
438 831 532 886 τὸν
574 830 734 887 αὐτοῦ
775 828 1111 909 διδάσκαλον,
1164 830 1257 887 καὶ
1302 830 1601 911 ὠφεληθείη
1645 831 1747 888 κάκ
1803 831 1924 887 του-

251 939 376 998 του,
438 917 536 974 κᾶν
578 917 662 976 διὰ
706 921 805 987 τὴν
849 923 1008 979 αὐτοῦ
1044 921 1233 977 καγίαν
1284 922 1358 985 εἰς
1417 920 1724 1000 κατάκρισιν
1779 919 1924 995 μᾶλ-

253 1006 355 1088 λον
415 1007 576 1064 αὐτοῦ
626 1016 782 1066 τοῦτο
825 1009 1011 1087 γέγονε
1044 1029 1057 1043 ⁸
1112 1011 1203 1066 τὸν
1248 1010 1347 1088 γὰρ
1375 1017 1604 1066 τοσαῦτα
1646 1012 1925 1082 περιττεύ-

258 1087 406 1171 ματα
464 1099 786 1179 ποιήσαντα,
838 1098 889 1165 ἐξ
930 1102 1006 1155 ὦν
1052 1101 1141 1156 καὶ
1184 1087 1337 1165 αὐτὸς
1384 1103 1599 1178 κόφινον
1643 1097 1921 1174 ἐϐάστασε,

254 1194 443 1244 τοῦτον
491 1186 839 1266 προδέδωκεν.
901 1193 974 1248 Οὒ
1030 1190 1129 1266 γὰρ
1185 1186 1251 1256 δὴ
1295 1189 1471 1264 μάτην
1515 1202 1633 1254 τοῖς
1683 1188 1923 1245 ἀποστό-

261 1276 380 1341 λοις
439 1276 726 1356 προσέταξε
782 1279 1043 1354 βαστάσαι
1123 1280 1245 1342 τοὺς
1329 1279 1596 1358 κοφίνους,
1658 1276 1778 1333 ἀλλ’
1833 1277 1924 1332 ’ίνα

261 1363 346 1420 ἀεὶ
403 1365 915 1440 ἀναμιμνήσκωνται
986 1367 1081 1422 τοῦ
1134 1365 1423 1445 θαύματος,
1489 1367 1562 1430 ὡς
1636 1363 1922 1440 μέλλοντες

257 1453 469 1510 ἔσεσθαι
528 1451 832 1512 διδάσκαλοι
916 1456 1016 1522 τῆς
1097 1455 1438 1530 οἰκουμένης.
1519 1456 1591 1511 Τὸ
1665 1454 1762 1529 μὲν
1823 1456 1924 1542 γὰρ

261 1540 495 1614 πλῆθος,
556 1540 703 1599 οὐδὲν
776 1542 914 1622 μέγα
956 1541 1181 1620 ’έμελλον
1223 1543 1600 1622 καρπώσασθαι
1636 1557 1650 1572 ⁸
1716 1540 1926 1620 παραυὲ

260 1631 381 1687 τίκα
438 1632 538 1710 γὰρ
628 1631 947 1689 ἐπελάθοντο
1020 1641 1113 1691 τοῦ
1180 1632 1463 1708 θαύματος,
1547 1631 1714 1696 οὕτως
1787 1631 1924 1698 ἦσαν

262 1720 481 1788 ἀνόητοι
508 1736 522 1753 ⁸
597 1722 644 1778 οἱ
701 1721 756 1778 δὲ
815 1722 1069 1797 μαθηταὶ,
1147 1725 1208 1780 οὗ
1276 1722 1342 1778 τὰ
1396 1721 1632 1801 τυχόντα
1701 1720 1924 1797 ἔμελλον

259 1808 565 1888 κερδαίνειν.
648 1811 994 1886 Μανθάνομεν
1052 1810 1106 1866 δὲ
1165 1811 1271 1867 ἀπὸ
1325 1811 1419 1868 τοῦ
1486 1810 1765 1889 γεγονότος
1843 1809 1922 1886 μὴ

2007 570 2270 663 gustent,
2304 572 2362 625 et
2393 583 2586 663 neque
2614 565 2795 663 2ludas
2826 570 2969 663 ipse
2999 592 3229 663 expers
3258 578 3651 663 relinquatur,

2008 651 2115 745 scd,
2135 651 2361 714 habens
2405 654 2580 716 etiam
2615 657 2727 718 hoc
2761 651 3109 723 miraculum
3153 667 3308 745 quod
3363 651 3655 735 monstret

2006 742 2121 804 sibi
2151 745 2339 844 Deum
2363 748 2903 844 essemagistrum,
2935 753 3072 844 inde
3091 742 3404 822 utilitatem
3435 765 3648 844 capiat:

2007 835 2270 927 quamvis
2300 836 2482 927 etiam
2509 837 2623 898 hoc
2655 848 2898 919 propter
2927 843 3205 905 malitiam
3250 849 3379 927 ejus
3409 852 3470 912 in
3502 835 3652 916 con-

2007 920 2447 1019 demnationem
2473 926 2656 1006 ipsius
2687 929 3102 1001 cesserit;eum
3139 920 3300 996 enim
3329 940 3432 1019 qui
3464 951 3654 1007 tantas

2007 1011 2288 1113 reliquias
2313 1014 2636 1113 ieceratjde
2659 1017 2878 1113 quibus
2901 1029 2959 1081 et
2987 1021 3115 1102 ipse
3147 1011 3466 1105 cophinum
3509 1053 3653 1113 por-

2011 1102 2173 1202 tavit,
2202 1103 2618 1202 prodid_it.Non
2637 1105 2796 1168 enim
2822 1126 2950 1170 Sine
2982 1128 3158 1202 causa
3187 1102 3654 1202 imperavitapo-

2009 1190 2174 1252 stolis
2206 1201 2268 1252 ut
2291 1193 3048 1286 cophinosygestarent,sed
3081 1209 3143 1262 ut
3172 1190 3410 1286 semper
3433 1190 3653 1272 memo-

2007 1298 2106 1368 res
2130 1296 2331 1342 essent
2361 1283 2654 1356 miraculi,
2691 1294 2892 1367 utpote
2941 1289 3209 1368 magistri
3252 1283 3416 1358 orbis
3444 1299 3648 1365 futuri.

2005 1367 2154 1430 Nam
2171 1371 2484 1468 multitudo
2499 1373 2736 1468 quidem
2754 1394 2876 1468 non
2896 1395 3172 1468 magnam
3191 1382 3499 1448 utilitatem
3527 1407 3657 1468 per-

2006 1467 2248 1553 ceptura
2282 1461 2639 1553 erat,statir_n
2671 1462 2831 1523 enim
2863 1464 3325 1533 obliviscebatur
3356 1461 3654 1553 miraculi;

2004 1556 2063 1608 at
2082 1548 2360 1629 discipuli
2376 1569 2494 1611 non
2515 1551 2751 1630 vulgare
2772 1553 3002 1615 lucrum
3020 1554 3160 1619 inde
3184 1560 3446 1624 habituri
3461 1548 3649 1632 erant.

2004 1635 2316 1728 Discamus
2351 1637 2491 1700 item
2527 1659 2596 1701 ex
2628 1641 2741 1702 hoc
2773 1640 3060 1705 miraculo
3116 1664 3191 1707 ne
3240 1651 3652 1728 pusillanimes

2003 1726 2190 1815 simus
2211 1727 2271 1787 in
2289 1728 2576 1806 angustiis
2591 1737 2648 1790 et
2667 1726 3443 1815 paupertate,nequetimidi
3466 1743 3652 1806 simus

2004 1813 2066 1875 in
2120 1815 2525 1896 hospitalitate
2576 1826 2635 1879 et
2693 1813 3152 1900 communione,
3185 1826 3288 1886 sed
3337 1832 3652 1896 credamus

262 1884 624 1980 μικροψυχεῖν
684 1900 737 1956 έν
796 1884 918 1963 ταῖς
953 1900 1333 1979 στενοχωρίαις
1385 1884 1738 1973 τῆς-πενίας,
1785 1884 1905 1975 μηδὶ

2005 1904 2161 1997 quod
2197 1884 2372 1997 eiiam
2423 1906 2480 1997 _s_i
2536 1925 2722 1967 unum
2775 1916 3004 1997 tantum
3057 1884 3266 1992 pa’nem
3299 1884 3645 1997 habeamus:

257 1986 454 2061 δειλιᾷν
525 1991 658 2067 πρὸς
742 1987 1036 2068 φιλοξενίαν
1115 1991 1203 2046 καὶ
1257 1986 1568 2069 μετάδοσιν,
1626 1987 1765 2048 ἀλλὰ
1822 2012 1905 2045 πι-

2002 1991 2168 2054 illum
2205 1994 2716 2087 multiplicaturus
2737 1996 2831 2073 sit,
2863 1999 2959 2077 qui
2988 1986 3348 2084 ex'quinque
3398 1986 3650 2087 panibus

254 2079 481 2152 στεύειν,
514 2077 596 2135 ὅτι
625 2079 724 2136 κᾶν
773 2077 867 2136 ἕνα
926 2077 1082 2157 ἄρτον
1142 2077 1381 2158 ἔχωμεν,
1433 2077 1694 2145 πληθυνεῖ
1735 2085 1905 2135 τοῦτοι

2003 2089 2228 2143 tantum
2261 2101 2578 2163 superesse
2607 2085 2769 2146 fecit.
2797 2089 2912 2149 Per
2931 2077 3272 2167 allegoriam
3296 2077 3494 2158 autem
3524 2101 3650 2161 Do-

258 2169 286 2223 6
344 2168 410 2223 τᾶ
453 2175 684 2225 τοσαῦτα
742 2176 1074 2248 περιττεῦσαι
1121 2169 1352 2237 ποιήσας
1392 2170 1456 2223 ὲκ
1505 2167 1664 2224 πέντε
1721 2165 1905 2246 ἄρτων⁴

376 2259 391 2266 -
691 2259 700 2266 .
826 2256 864 2266 -.
962 2256 987 2266 ..
1108 2256 1123 2266 .
1313 2259 1323 2266 .
1558 2260 1578 2266 -
1693 2248 1706 2266 .

2001 2168 2198 2266 minus
2224 2172 2459 2266 quando
2481 2171 2655 2266 exivit
2681 2165 3109 2266 Hierosolyma,
3129 2182 3457 2245 secundum
3489 2188 3646 2266 quod

265 2259 391 2314 Κατ’
442 2257 766 2335 ἀλληγορίαν
821 2256 898 2338 δὲ,
961 2256 1048 2314 ὅτε
1105 2256 1454 2338 ἐκπεφοίτηκε
1510 2260 1616 2314 τῶν
1693 2248 1910 2335 Ἰεροσος

253 2345 430 2421 λύμων
488 2350 516 2403 6
575 2348 783 2425 Κύριος,
843 2349 979 2404 κατὰ
1021 2349 1083 2404 τὸ
1142 2347 1195 2403 ἐν
1254 2348 1550 2426 προφήταις
1613 2346 1911 2425 εἰρημένον,

262 2457 290 2495 «
335 2435 798 2516 Ἐγκαταλέλοιπα
842 2439 935 2492 τὸν
992 2437 1146 2493 οἶκόν
1190 2458 1314 2511 μου,
1352 2438 1534 2516 ἀφῆκα
1576 2436 1674 2503 τὴν
1711 2434 1912 2515 κληρο-

254 2526 438 2601 νομίαν
468 2548 591 2600 μου.
631 2545 660 2585 ι
695 2527 816 2583 τότε
877 2524 942 2594 δὴ
1001 2529 1074 2591 εἰς
1121 2526 1220 2593 τὴν
1264 2523 1549 2582 Γαλιλαίαν
1592 2528 1696 2581 τῶν
1752 2525 1911 2582 ἐθνῶν

258 2612 485 2688 ἔπεισιν,
563 2616 681 2681 τοὺς
793 2615 1028 2680 έθνικοὺς
1138 2611 1687 2694 προσλαμϐανόμενος
1723 2630 1736 2644 ⁸
1825 2619 1913 2672 καὶ

260 2702 424 2784 ὄχλος
482 2706 624 2780 αὖτῷ
679 2705 844 2768 πολὺς
875 2703 1180 2768 ἀκολουθεῖ,
1230 2703 1457 2761 ’¹Ανεισι
1489 2701 1543 2760 δὲ
1575 2706 1648 2768 εἰς
1675 2705 1737 2760 τὸ
1767 2703 1908 2784 ὅρος,

255 2792 369 2860 ἤτοι
457 2795 529 2854 εἰς
599 2796 691 2850 τὸν
768 2797 1012 2874 σταυρὸν,
1101 2794 1194 2851 ἵνα
1263 2799 1464 2858 πάντας
1523 2792 1718 2869 ἐλκύσῃ
1779 2795 1910 2872 πρὸς

259 2884 462 2964 ἑαυτὸν,
519 2884 555 2952 ἢ
614 2885 687 2948 εἰς
746 2885 839 2938 τὸν
897 2885 1136 2961 οὐρανὸν,
1197 2885 1267 2948 εἰς
1343 2883 1441 2949 τὴν
1496 2882 1762 2959 θεοπρεπῆ
1821 2905 1909 2937 τι-

256 2973 361 3046 μὴν
416 2974 505 3029 καὶ
561 2971 737 3037 δόξαν.
813 2969 1160 3052 Ἀναληφθεὶς
1239 2973 1339 3049 γὰρ
1397 2973 1467 3035 εἰς
1537 2973 1776 3049 οὐρανὸν,
1822 2973 1910 3026 καὶ

254 3066 325 3126 ὡς
386 3063 515 3124 Θεὸς
564 3061 696 3139 παρ’
771 3063 927 3136 ἡμῶν
1012 3059 1385 3139 δοξαζόμενος,
1458 3061 1546 3116 καὶ
1615 3061 1693 3134 μὴ
1753 3058 1907 3134 ψιλὸς

256 3148 552 3229 ἅνθρωπος,
598 3151 671 3212 εἰς
728 3148 847 3227 ὀ¹ρος
908 3147 1149 3206 ἂνελθεῖν
1193 3147 1402 3226 λέγεται
1438 3163 1451 3178 ⁸

251 3239 365 3319 περὶ
409 3237 565 3294 αὐτοῦ
596 3235 792 3313 ἔννοια,
827 3236 973 3316 ὅρος.
1023 3235 1300 3294 Διαείδωσι
1349 3235 1404 3293 δὲ
1445 3239 1582 3312 ἡμῖν
1625 3249 1744 3300 τοῖς
1787 3251 1909 3303 ταῖς

250 3329 403 3386 πέντε
499 3329 803 3398 αἰσθήσεσιν
914 3327 1348 3400 ὑποπεπτωκόσι,
1459 3327 1580 3390 τοὺς
1661 3325 1908 3404 λογικοὺς

248 3419 428 3498 ἄρτους
471 3417 625 3473 πέντε
690 3419 776 3472 καὶ
837 3418 1024 3480 αὐτοὺς
1081 3416 1261 3481 ὄντας,
1318 3408 1552 3493 Ἐκαίστη
1585 3417 1685 3495 γὰρ
1713 3417 1903 3487 αἰσθή-

254 3529 328 3564 σει
358 3510 450 3564 τὸν
491 3506 793 3586 πρόσφορον
844 3503 999 3584 ἄρτον
1048 3503 1249 3580 δίδωσι,
1295 3505 1415 3573 ἤτοι
1455 3508 1547 3562 τὸν
1576 3503 1734 3582 λόγον
1765 3522 1781 3538 ⁸
1828 3508 1902 3570 ὡς

249 3599 332 3654 καὶ
362 3595 565 3659 Παῦλος
597 3594 740 3672 λέγει
779 3616 792 3630 ο
857 3618 884 3649 α
917 3592 1067 3650 Θέλω
1125 3594 1281 3650 πέντε
1308 3593 1498 3669 λόγους
1528 3593 1582 3650 ἐν
1612 3591 1901 3668 Ἐκκλησία

247 3686 500 3766 λαλῆσαι,
558 3684 681 3746 τοὺς
738 3684 862 3748 ταῖς
909 3683 1064 3740 πέντε
1123 3681 1328 3752 δηλαδὴ
1372 3685 1675 3754 αἰσθήσεσιν
1725 3682 1899 3764 ἆρμό-

246 3785 428 3848 ζοντας
458 3775 587 3853 πρὸς
619 3771 917 3852 διόρθωσιν,
955 3795 984 3827 ι
1022 3776 1094 3831 Οὐ
1157 3773 1338 3848 μέντοι
1397 3771 1662 3836 δυνάμεθα
1690 3777 1901 3838 τούτους

248 3865 365 3930 τοὺς
418 3865 575 3921 πέντε
635 3862 825 3940 λόγους
877 3860 1032 3925 ὅλους
1092 3875 1443 3944 καταφαγεῖν,
1505 3860 1640 3918 ἀλλὰ
1682 3864 1768 3919 καὶ
1799 3883 1900 3919 πε-

245 3955 579 4034 ριττεύουσιν.
641 3956 714 4011 Οὔ
798 3952 897 4030 γὰρ
957 3973 1034 4014 τις
1112 3949 1325 4009 δύναται
1385 3953 1540 4026 ἡμῶν
1599 3950 1753 4016 ὅλους
1802 3959 1894 4008 τοῦ

244 4045 526 4121 μυστηρίου
583 4044 703 4105 τοὺς
752 4039 942 4118 λόγους
1000 4045 1275 4120 χωρῆσαι,
1337 4038 1475 4097 ἀλλὰ
1515 4041 1580 4097 τὰ
1609 4043 1745 4116 ἡμῖν
1775 4054 1891 4105 τοῖς

243 4131 573 4211 ὑλικωτέροις
631 4129 885 4208 ἀνέφικτα
924 4132 1012 4187 καὶ
1068 4129 1278 4210 ἄϐρωτα
1340 4135 1387 4186 οὶ
1438 4129 1726 4186 ἀπόστολοι
1791 4132 1891 4206 βα-

1997 2257 2061 2318 in
2103 2261 2408 2340 prophetis
2461 2261 2686 2322 dictum
2743 2261 2898 2324 est”
2935 2283 2949 2327 :
2990 2265 3344 2348 «Dereliqui
3405 2257 3647 2337 domum

1999 2367 2216 2431 meam,
2249 2349 2462 2430 reliqui
2480 2351 2886 2413 haereditatem
2919 2372 3110 2415 meam
3149 2375 3162 2419 :
3201 2382 3227 2414 ι
3258 2367 3398 2422 tunc
3425 2367 3647 2427 sanein

1997 2437 2298 2532 Galilaeam
2350 2439 2612 2519 gentium
2664 2442 2841 2517 vadit,
2889 2446 3143 2520 gentiles
3196 2450 3553 2532 suscipiens,
3588 2464 3646 2517 et

1996 2527 2168 2590 turba
2217 2529 2400 2590 illlum
2445 2546 2655 2609 magna
2681 2532 2972 2612 sequitur.
3007 2535 3293 2600 Ascendit
3351 2527 3548 2605 autem
3582 2545 3642 2606 in

1997 2626 2283 2710 montem,
2305 2619 2426 2710 hoc
2457 2629 2545 2710 est
2573 2640 2838 2696 crucem,
2876 2632 2937 2684 ut
2979 2627 3051 2686 ad
3111 2645 3174 2688 se
3206 2630 3397 2710 rapiat
3431 2653 3642 2698 omnes

1994 2709 2085 2800 vel
2114 2708 2189 2800 in_
2211 2707 2851 2800 coelum,ad_honorem
2885 2720 2943 2774 et
2973 2707 3348 2791 gloriamDeo
3374 2720 3637 2800 dignam.

1994 2797 2254 2890 Ut‘enim
2273 2797 2586 2890 _ascendit
2627 2799 2687 2858 in
2718 2799 2989 2890 caalosiet
3020 2803 3339 2880 gloriﬁcari
3394 2797 3571 2890 coepit
3608 2832 3642 2874 a

1994 2887 2167 2948 nobis
2188 2894 2251 2946 ut
2273 2884 2452 2959 Deus,
2488 2893 2545 2945 et
2577 2904 2693 2946 non
2727 2895 2789 2947 ut
2811 2889 3004 2950 nudus
3045 2891 3248 2968 homo,
3283 2895 3343 2954 in
3376 2884 3640 2962 montem

1992 2973 2617 3071 ascendisseﬁdicitur.
2654 2972 2941 3071 Sublimis
2971 2979 3133 3071 enim
3162 2979 3236 3041 de
3267 2982 3372 3045 illo
3407 2988 3638 3071 opinio,

1992 3081 2164 3122 mons
2197 3072 2307 3124 est.
2343 3063 2453 3124 Dat
2482 3071 2680 3124 autem
2731 3064 2928 3137 nobis,
2963 3068 3303 3149 quicunque
3363 3063 3640 3140 sensibus

1513 3150 1548 3216 ἠ
1581 3149 1679 3226 γὰρ
1721 3146 1961 3222 ὑψηλήο
1986 3149 2244 3245 subjecti
2277 3169 2504 3226 sumus,
2538 3152 2858 3245 rationales
2888 3173 3071 3234 panes
3092 3146 3378 3240 quinque,
3411 3166 3548 3245 quia
3583 3176 3643 3230 et

1994 3239 2110 3320 ipsi
2140 3239 2402 3321 quinque
2433 3248 2610 3304 sunt:
2644 3241 2970 3324 unicuique
3000 3245 3160 3306 enim
3184 3239 3384 3311 sensui
3414 3239 3635 3319 conve-

1993 3330 2257 3392 nientem
2293 3347 2504 3409 panem
2537 3330 2655 3403 dat,
2706 3333 2819 3394 hoc
2849 3343 2938 3395 est
2987 3353 3327 3400 sermonem
3358 3359 3370 3403 :
3398 3343 3550 3407 sicut
3578 3357 3638 3408 et

1990 3421 2204 3482 Paulus
2235 3416 2450 3480 dicit”.
2466 3417 2650 3482 «Volo
2668 3421 2933 3502 quinque
2954 3442 3267 3488 sermones
3292 3433 3348 3491 in
3371 3430 3635 3498 Ecclesia

1986 3509 2148 3590 loqui
2191 3509 2304 3590 qui‘
2344 3510 2602 3590 quinque
2657 3529 2943 3573 sensuum
2981 3513 3358 3580 aedificationi
3408 3542 3630 3587 conve-

1984 3597 2349 3662 niant.nNon
2370 3617 2684 3679 possumus
2701 3608 2896 3662 autem
2920 3603 3182 3684 quinque
3207 3624 3514 3675 sermones
3537 3617 3634 3676 in-

1983 3700 2182 3777 tegros
2213 3690 2564 3768 capere,sed
2593 3706 2662 3750 ex
2695 3688 2782 3750 eis
2796 3689 3100 3753 abundant
3121 3694 3634 3777 reliquiaa.Nullus

1982 3776 2142 3837 enim
2168 3784 2361 3873 potest
2386 3777 2650 3856 integros
2672 3780 3081 3859 mysteriorum
3116 3776 3424 3851 sermones
3458 3811 3633 3873 cape-

1982 3867 2182 3946 re,sed
2209 3884 2341 3945 quae
2363 3883 2474 3929 nos
2493 3885 2704 3946 capere
2727 3875 2785 3928 et
2806 3870 3123 3933 comedere
3144 3881 3340 3953 utpote
3361 3867 3632 3946 carnales

1984 3973 2104 4048 non
2124 3955 3163 4048 possum_us,apostoligestant,quasi
3179 3963 3238 4023 in
3253 3965 3516 4048 quinque
3535 3992 3631 4035 co-

1986 4045 2340 4125 pbinis,suis
2357 4045 2533 4140 justis
2555 4045 3156 4129 animabus.Cophini
3185 4071 3253 4114 ex
3287 4045 3466 4119 ramis
3495 4063 3624 4140 pal-

1986 4151 2215 4197 marum
2247 4143 2406 4211 sunt;
2436 4156 2462 4193 ε
2494 4138 2696 4197 Justus
2724 4146 2923 4197 autem
2953 4149 3016 4199 ut
3048 4141 3240 4220 palma
3269 4138 3619 4215 ﬂorebit39.»

243 4220 537 4299 στάζουσιν,
592 4217 796 4297 ὥσπερ,
857 4217 910 4274 ἕν
961 4240 1066 4275 τισι
1122 4219 1383 4298 κοφίνοις,
1435 4232 1559 4285 ταῖς
1617 4221 1816 4278 ἑαυτῶν
1870 4219 2097 4289 δικαίαις
2157 4231 2387 4305 ψυχαῖς.
2442 4229 2501 4283 Οἱ
2565 4227 2666 4304 γὰρ
2697 4228 2928 4306 κόφινοι,
2963 4229 3021 4285 ἐκ
3048 4217 3237 4308 -βαΐων
3270 4241 3572 4314 φοινικίνων
3604 4262 3619 4277 ο

250 4334 275 4367 ιι
325 4312 536 4374 Δίκαιος
565 4306 642 4388 δὲ,
687 4310 759 4372 ὡς
788 4307 963 4386 φοῖνιξ
992 4308 1232 4379 ἀνθήσει.
1281 4332 1311 4365 ι

323 4422 350 4454 α
383 4401 442 4456 Οἱ
473 4397 561 4454 οὖν
619 4395 908 4476 ἅνθρωποι,
939 4394 1138 4460 ἰδόντες
1197 4399 1259 4453 τὸ
1300 4411 1537 4474 σημεῖον
1569 4399 1598 4453 ὃ
1640 4397 1888 4467 ἐποίησεν

2053 4401 2237 4465 Vens.
2274 4404 2483 4478 14,15.
2523 4426 2546 4460 α
2574 4403 2663 4465 Illi
2696 4423 2836 4484 ergo
2869 4405 3143 4470 homines
3174 4430 3307 4473 cum
3337 4415 3620 4484 vidissent

242 4493 268 4546 ὁ
308 4486 538 4566 Ἰησοῦς,
592 4484 778 4564 ἔλεγον
835 4485 941 4558 ὅτι,
996 4485 1160 4550 Οὗτός
1192 4486 1332 4544 ἐστιν
1377 4486 1588 4554 ἀληθῶς
1618 4491 1646 4544 6
1675 4491 1891 4569 προφή-

236 4599 330 4645 της
369 4577 398 4632 6
441 4574 734 4654 ἐρχόμενος
766 4575 840 4638 εἰς
891 4575 982 4631 τὸν
1041 4575 1268 4650 κόσμον.
1313 4575 1520 4643 Ἰησοῦς
1578 4575 1692 4651 οὖν,
1733 4580 1887 4657 γνοὺς

236 4666 312 4723 ὅτι
355 4664 634 4742 μέλλουσιν
713 4661 986 4743 ἔρχεσθαι,
1070 4666 1157 4721 καὶ
1231 4665 1480 4745 ἁρπάζειν
1539 4665 1720 4741 αὐτὸν,
1796 4667 1886 4724 ἵνα

235 4756 524 4826 ποιήσωσιν
585 4753 742 4810 αὐτὸν
814 4751 1061 4834 βασιλέα,
1109 4753 1427 4834 ἀνεχώρησε
1485 4753 1648 4811 πάλιν
1708 4756 1780 4820 εἰς
1823 4768 1884 4813 τὸ

234 4844 346 4915 ὄρος
401 4843 555 4906 αὐτὸς
599 4855 786 4917 μόνος.
820 4860 851 4900 )
920 4833 1065 4920 ’Ὅρα
1134 4833 1243 4911 τὴν
1301 4833 1721 4923 γαστριμαργίαν
1791 4845 1884 4902 τοῦ

236 4933 456 5003 πλήθους
492 4952 508 4968 ο
597 4931 753 5009 μυρία
821 4931 1063 5005 θαύματα
1127 4934 1457 5002 ποιήσαντος
1531 4941 1623 4989 τοῦ
1679 4934 1878 5015 Ἰησοῦ,

233 5026 315 5081 καὶ
363 5022 786 5100 θαυμασιώτερα,
863 5023 956 5079 οὒκ
1041 5023 1331 5099 ἐθαύμαζον
1365 5039 1379 5054 ⁸
1443 5026 1531 5081 καὶ
1620 5023 1726 5080 ἰδοὺ
1797 5023 1881 5082 διὰ

233 5113 328 5182 τὴν
379 5114 599 5191 βρῶσιν,
650 5133 675 5165 ι
743 5113 931 5184 Οὗτος,
987 5114 1164 5190 φασὶν,
1230 5112 1369 5169 ἔστιν
1428 5115 1457 5170 6
1499 5115 1803 5192 προφήτης.
1845 5138 1873 5170 ι

235 5202 335 5260 Οὔκ
389 5201 464 5256 ἔτι
517 5201 661 5274 αὑτῷ
719 5202 837 5278 περὶ
893 5200 993 5268 τῆς
1047 5209 1140 5258 τοῦ
1194 5199 1466 5258 Σαϐϐατου
1529 5199 1877 5281 παραϐάσεως

231 5289 556 5371 δγκαλοῦσιν,
602 5292 696 5347 οὐκ
752 5288 827 5345 ἔτι
883 5292 976 5346 τὸν
1020 5291 1182 5366 νόμον
1238 5289 1529 5347 έκδικοῦσιν
1565 5308 1580 5322 ⁸
1615 5291 1751 5348 ἀλλὰ
1780 5313 1876 5348 1o-

1971 4492 2126 4572 quod
2157 4491 2331 4554 Jesus
2366 4493 2588 4554 fecerat
2620 4494 2878 4572 signum,
2912 4495 3209 4562 dicebant:
3232 4500 3340 4564 Hic
3364 4517 3452 4568 est
3482 4529 3620 4574 vere

1971 4580 2259 4661 propheta
2283 4582 2382 4643 ille
2405 4581 2506 4662 qui
2533 4591 2818 4643 venturus
2868 4593 2958 4647 est
3006 4585 3063 4645 in
3099 4590 3406 4654 mundum.
3442 4599 3617 4661 Jesus

1969 4688 2112 4749 ergo
2143 4689 2274 4732 cum
2311 4671 2683 4750 cognovisset
2709 4671 2866 4751 quod
2899 4675 3130 4735 venturi
3163 4693 3384 4752 essent,
3417 4701 3485 4746 ac
3514 4705 3616 4748 ra-

1969 4759 2123 4838 pturi
2173 4759 2368 4849 ipsum
2427 4770 2486 4821 ut
2533 4761 2799 4823 facerent
2845 4761 3038 4842 ipsum
3089 4783 3316 4849 regem,
3370 4777 3614 4837 secessit

1964 4849 2177 4940 iterum
2193 4848 2319 4940 ipse
2332 4851 2392 4910 in
2408 4859 2669 4911 montem
2690 4851 2872 4914 solus.
2884 4850 3071 4914 nVide
3081 4857 3275 4931 gulam
3290 4848 3608 4940 vulgi,cum

1964 4937 2203 5001 fecisset
2221 4939 2535 5001 innumera
2551 4940 2923 5019 miracula,et
2938 4940 3079 5001 585
3098 4944 3240 5008 mira
3251 4937 3480 5025 biliora,
3493 4971 3609 5014 non

1965 5026 2509 5101 admirabantur,et
2535 5047 2677 5090 ecce
2709 5039 2953 5110 propter
2983 5031 3180 5094 cibum
3209 5035 3608 5113 dicunt,»Hoc

1965 5124 2056 5177 est
2082 5116 2181 5178 ille
2213 5117 2518 5197 propheta.
2553 5139 2582 5178 ι
2619 5116 2747 5179 Non
2778 5119 3034 5199 amplius
3083 5141 3217 5183 eum
3264 5125 3338 5187 de
3368 5126 3608 5193 Sabbati
3641 5137 3648 5144 “

1962 5204 2278 5296 violatione
2303 5213 2579 5283 arguunt,
2617 5225 2735 5267 non
2759 5207 2911 5268 ultra
2935 5208 3126 5288 legem
3154 5213 3479 5296 vindicant,
3500 5223 3604 5282 sed

1960 5293 2108 5356 adeo
2140 5295 2303 5355 illum
2357 5303 2602 5375 propter
2633 5314 2814 5375 panes
2865 5298 3087 5373 colunt,
3135 5311 3199 5363 ut
3230 5315 3290 5363 et
3319 5293 3470 5367 eum
3487 5328 3606 5372 non

234 5388 408 5441 σοῦτον
487 5377 571 5437 διὰ
637 5380 760 5443 τοὺς
829 5377 1015 5459 ἄρτους
1093 5380 1248 5436 αὐτὸν
1299 5385 1549 5456 τιμῶσιν,
1621 5381 1756 5438 ὣστε
1816 5381 1876 5439 ού

1989 5382 2154 5445 olum
2182 5388 2526 5478 prophetam
2553 5385 2899 5478 przedicent,
2935 5387 3038 5449 sed
3065 5397 3124 5450 et
3145 5389 3386 5468 dignum
3413 5415 3603 5478 regno

232 5472 384 5549 μόνον
440 5469 718 5549 προφήτην
779 5467 1206 5546 ἀναγορεύουσιν,
1263 5467 1402 5526 ἀλλὰ
1467 5472 1553 5525 καὶ
1603 5470 1872 5546 βασιλείας

1955 5475 2345 5537 censeant.At
2373 5473 2474 5535 ille
2493 5473 2945 5553 fugit,erudiens
2980 5497 3087 5539 nos
3112 5482 3440 5545 mundanas
3464 5473 3602 5552 c'on-

296 5628 344 5674 ⁸⁸³
373 5630 602 5694 larem.
635 5644 742 5705 xu,
782 5629 812 5689 Ἰ
897 5625 1002 5691 ⁸⁸1
1031 5627 1168 5693 Cor.
1200 5645 1329 5705 nv,
1362 5629 1460 5693 19.
1547 5627 1603 5673 ⁸ο
1628 5629 1782 5697 Ρειι.
1817 5649 1937 5715 cu,
1970 5632 2066 5696 t3.

541 5805 802 5866 Parnm“
849 5809 962 5866 tia.
1011 5805 1279 5867 ωυιω.

3175 5822 3280 5884 «il.
