4070 6224
180 322 208 386 1
221 322 354 388 293

169 462 248 518 τὰ
339 460 746 541 παρερχόμενα.

167 548 357 629 μένω,
428 551 521 606 καὶ
576 551 650 613 ὡς
695 550 824 615 Θεὸς
878 549 987 627 έγὼ
1015 550 1269 630 τυγχάνω
1298 553 1326 606 6
1354 551 1450 610 ὥν.
1504 550 1656 610 Ἐπεὶ
1684 553 1854 611 τοίνυν

169 640 250 697 τὰ
312 638 413 714 μὲν
486 636 685 719 φοϐερὰ
759 638 1077 718 πρόσκαιρα,
1124 662 1213 696 και
1267 642 1365 697 οὐκ
1419 639 1632 708 ἀληθῶς
1701 639 1849 715 ὄντα,

171 727 297 807 ἰγὼ
342 725 398 784 δέ
455 728 591 802 εἶμι,
648 728 764 785 ἀντὶ
804 735 922 802 τοῦ,
968 727 1136 803 μένω,
1191 730 1280 786 καὶ
1344 727 1591 789 ούδέποτε
1646 729 1850 811 παρέρ-

181 838 399 896 χομαι,
466 814 584 872 ἀλλ’
630 814 844 883 ἀληθῶς
886 818 1019 892 εἶμι,
1076 817 1154 892 μὴ
1195 814 1431 897 προδῶτε
1473 819 1570 887 τὴν
1624 821 1698 884 είς
1754 818 1848 895 ἱμὶ

180 908 370 965 πίστιν
421 902 506 962 διὰ
562 907 629 964 τὰ
678 908 995 988 πρόσκαιρα.
1032 898 1186 987 ’Ὅρα
1235 906 1288 965 δέ
1339 930 1454 984 μοι,
1487 915 1604 974 πῶς
1648 913 1742 970 οὒκ
1797 909 1850 966 έν

183 996 348 1075 ἀρχῇ
375 1001 469 1052 τοῦ
523 994 786 1069 κινδύνου,
842 994 960 1054 ἀλλ’
989 996 1045 1053 έν
1074 998 1222 1075 ἇκμῇ
1267 998 1593 1076 ὶπιφαίνεται
1643 1001 1671 1055 6
1715 1007 1849 1078 Χρι-

187 1083 347 1158 στὸς,
412 1084 501 1140 καὶ
560 1082 677 1140 λύει
737 1085 828 1141 τὸν
883 1082 1068 1165 φόϐον.
1128 1085 1226 1158 Ἐᾷ
1268 1087 1367 1163 γὰρ
1409 1088 1551 1162 ἡμᾶς
1582 1087 1638 1144 ἐν
1669 1088 1851 1163 μέσοις

184 1171 440 1251 γενέσθαι
495 1185 616 1237 τοῖς
671 1171 890 1254 δεινοῖς,
949 1173 1042 1232 ’ίνα
1112 1174 1463 1239 παλαίσαντες
1517 1176 1585 1244 τῆ
1651 1175 1848 1253 θλίψει,

181 1261 280 1318 καὶ
367 1261 704 1339 πιεσθέντες,
789 1259 1136 1342 δοκιμώτεροι
1213 1266 1490 1342 γενώμεθα
1520 1280 1535 1294 ⁸
1619 1266 1708 1322 καὶ
1760 1265 1854 1322 ’ἵνα

178 1351 510 1419 κινήσαντες
567 1356 744 1407 πᾶσαν
783 1352 881 1419 τὴν
939 1350 1200 1430 ἡμετέραν
1257 1350 1474 1428 δύναμιν
1524 1354 1612 1410 καὶ
1641 1355 1851 1433 σοφίαν,

181 1440 281 1494 καὶ
322 1438 564 1514 εὖρόντες
617 1440 782 1508 αὖτῆν
843 1439 1062 1515 ἀσθενῆ,
1124 1443 1253 1518 πρὸς
1320 1440 1526 1499 ἐκεῖνον
1584 1444 1856 1522 καταφεύ-

186 1550 383 1609 γωμεν
438 1530 626 1604 μόνον,
672 1531 764 1586 τὸν
823 1528 876 1595 ἒξ
923 1529 1335 1609 ἀπροσδοκήτων
1377 1530 1560 1604 σώζειν
1622 1529 1855 1609 δυνάμε-

188 1640 312 1680 νον.
348 1607 487 1675 ’Ὅτε
547 1618 647 1697 γὰρ
699 1621 729 1675 6
783 1607 1105 1698 ἀνθρώπινος
1153 1620 1410 1697 ἀποκάμη
1455 1627 1599 1701 νοῦς,
1651 1607 1774 1678 τότε
1817 1624 1853 1691 ἡ

883 327 1325 392 ENARRATIO
1369 328 1449 391 IN
1496 328 2002 398 EVANGRLIW
2043 305 2388 404 iomNIs.
2431 363 2513 390 ς-
2549 332 2715 397 esp.
2764 333 2870 398 v1.

836 459 980 538 Ἐγω
1061 459 1116 517 δέ
1199 462 1330 541 εἰμὶ,
1417 461 1706 546 τουτέστιν,
1765 461 1846 518 ἀεὶ

1945 460 2170 542 ιυίάοιη
2197 464 2554 546 temporaria
2572 473 2730 542 sunt,
2766 472 2826 530 et
2846 484 2965 528 non
2994 482 3134 529 vere
3163 472 3440 541 suum“
3460 482 3575 529 au—

3423 328 3572 396 1294

1937 557 2054 613 tem
2086 569 2242 624 sum,
2281 553 2392 616 hoc
2419 562 2512 619 est
2540 571 2775 630 maneo,
2809 562 2867 618 et
2898 572 3196 634 nunquam
3259 560 3571 632 praetereo,

1933 645 1994 701 et
2021 657 2160 703 vere
2185 657 2341 716 sum,
2369 660 2446 703 ne
2477 641 2736 722 prodatis
2766 650 3018 706 vestram
3042 642 3102 704 in
3131 660 3225 708 me
3250 641 3425 704 fidem
3444 658 3575 721 pro-

1933 735 2067 808 pter
2103 730 2472 811 temporalia.
2507 729 2658 794 Vide
2697 739 2919 805 autem,
2947 731 3224 804 obsecro,
3280 729 3577 811 quomodo

1933 835 2052 881 non
2081 819 2274 880 statim
2303 819 2378 884 ab
2402 819 2570 884 initio
2604 819 2876 901 periculi,
2907 819 3013 889 sed
3044 821 3103 881 in
3133 819 3366 884 fervore
3389 838 3576 901 appa-

1933 914 2026 972 ret
2055 907 2322 971 Christus
2370 916 2430 972 et
2459 908 2635 972 solvit
2694 918 2936 972 metum.
2987 908 3142 972 Sinit
3171 909 3330 971 enim
3362 927 3473 972 nos
3515 909 3579 971 in

1935 996 2152 1058 mediis
2177 1016 2310 1066 esse
2339 997 2723 1079 periculis,ut
2751 1016 2883 1064 cum
2915 1001 3339 1064 certaverimus
3376 998 3440 1064 in
3469 999 3578 1065 tri-

1935 1084 2235 1150 bulatione
2259 1097 2319 1150 et
2342 1089 2528 1168 pressi
2560 1088 2870 1161 fuerimus,
2927 1087 3297 1168 probatiores
3342 1087 3575 1165 flaua,

1938 1183 1996 1236 et
2025 1183 2087 1236 ut
2110 1194 2242 1238 cum
2269 1177 2614 1242 noverimus
2627 1196 2869 1244 omnem
2901 1185 3167 1249 nostram
3217 1177 3492 1240 virtutem
3522 1185 3583 1243 et

1935 1263 2311 1344 sapientiam,
2375 1266 2897 1347 iuvenerimusque
2952 1284 3083 1332 eam
3139 1265 3461 1340 inﬁrmam,
3506 1264 3582 1334 ad

1935 1351 2103 1416 illum
2159 1355 2567 1434 confugiamus
2601 1357 2817 1429 solum,
2880 1356 2979 1437 qui
3036 1374 3109 1424 ex
3155 1353 3583 1434 inexspectatis

1935 1440 2160 1503 salvare
2209 1443 2446 1523 poterit.
2480 1441 2625 1505 Nam
2672 1462 2807 1512 cum
2857 1443 3120 1514 humana
3149 1460 3324 1513 meas
3348 1442 3585 1521 fatigata

1935 1530 2134 1606 fuerit,
2168 1539 2309 1596 tunc
2329 1532 2525 1596 divina
2551 1533 2712 1600 salus
2739 1539 2989 1612 repente
3020 1530 3320 1611 subvenit,
3353 1549 3424 1601 ac
3473 1549 3584 1612 pa-

1937 1628 2026 1684 rat
2059 1639 2167 1684 nos
2189 1629 2253 1690 ut
2280 1621 2354 1688 ad
2387 1622 2555 1685 illum
2597 1622 2790 1689 solum
2840 1620 3153 1701 fugiamus.
3215 1620 3318 1701 qui
3359 1619 3587 1686 salvare

193 1707 258 1764 ix
308 1714 444 1765 Θεοῦ
500 1707 739 1776 σωτηόία
796 1709 983 1789 ἀθρόον
1031 1707 1408 1788 ἐπιγενομένη,
1466 1712 1852 1790 παρασκευάζει

1945 1716 2152 1790 potest,
2185 1717 2245 1772 et
2275 1729 2393 1780 non
2424 1709 2742 1792 nobisipsis
2796 1710 3162 1780 ascribamus
3200 1709 3475 1777 salutem.
3522 1707 3588 1776 Si

194 1799 350 1872 ἡμᾶς
409 1799 540 1877 πρὸς
601 1798 808 1855 ίκεῖνον
867 1799 1119 1856 πέτασθαι
1164 1799 1326 1875 μόνον
1354 1800 1446 1856 τὸν
1476 1798 1736 1897 σώζοντα,
1766 1807 1853 1866 καὶ

1945 1797 2301 1897 νοιυβξξηιυδ
2330 1807 2525 1897 autem
2559 1807 2618 1868 et
2645 1817 2753 1897 nos
2783 1799 3064 1897 innavim
3095 1797 3584 1897 nostramjusci-

195 1889 282 1963 μὴ
329 1886 541 1982 ἑαυτοῖς
570 1888 666 1955 τὴν
716 1890 981 1968 σωτηρίαν
1039 1886 1438 1982 έπιγραφέσθαι.
1495 1888 1552 1944 Ei
1605 1885 1850 1958 θελήσω·

1945 1906 2078 1981 pere
2107 1887 2433 1982 Cbristum,
2467 1889 2583 1982 hoc
2607 1897 2696 1982 est
2725 1887 3150 1982 habitationem
3190 1886 3588 1982 dare_Christ0

196 1997 300 2053 μεν
354 1973 408 2032 δὲ
451 1977 540 2032 καὶ
599 1979 672 2044 εἰς
714 1979 776 2035 τὸ
818 1977 1013 2035 πλοῖον
1064 1979 1220 2053 ἡμῶν
1262 1975 1452 2052 λαβεῖν
1478 1978 1571 2034 τὸν
1599 1980 1848 2056 Χριστὸν,

1945 1973 1993 2038 ln
2025 1977 2206 2040 corde
2228 1985 2430 2042 nostro
2451 1980 2651 2044 statim
2675 1978 3056 2044 inveniemur
3071 1976 3132 2040 in
3153 1975 3392 2043 terrain
3411 1995 3588 2058 quam

192 2063 459 2139 τουτέστι,
545 2067 845 2124 κατοικίσαι
923 2068 1016 2124 τὸν
1100 2067 1324 2144 Χριστὸν
1394 2064 1450 2121 έν
1530 2071 1598 2143 τῇ
1670 2065 1852 2145 καρδίᾳ

1945 2065 2187 2134 ibimus.
2215 2064 2361 2140 Qua
2381 2073 2578 2130 autem
2612 2076 2768 2130 terra
2795 2066 2945 2134 ista?
2973 2065 3230 2132 Omnino
3255 2074 3416 2148 terra
3445 2085 3588 2148 pro-

193 2155 380 2256 ἡμςὺν,
437 2155 586 2256 εὒθας
624 2157 1034 2256 ,εὖρεθησόμεθα
1077 2153 1254 2256 ἐν’,τῇ
1297 2159 1398 2256 γῇ,
1431 2155 1504 2256 είς
1553 2155 1620 2223 ἢν
1650 2155 1854 2256 ἀπαγό-

1945 2154 2260 2256 missionis,
2285 2154 2533 2256 caelum,
2547 2173 2694 2256 quae.
2705 2163 2795 2226 est
2823 2163 2992 2256 terra
3008 2154 3265 2236 mitium,
3298 2161 3588 2224 eteorum

195 2247 361 2317 μεθα.
442 2244 571 2301 Ποία
619 2242 673 2302 δὲ
792 2249 865 2324 γῆ
920 2244 1062 2302 ἔστιν
1109 2241 1244 2310 αὔτη
1277 2260 1295 2318 ;
1326 2241 1393 2298 Ἦ
1422 2243 1636 2308 πάντως
1693 2246 1729 2313 ἡ
1786 2249 1858 2323 γη

1945 2243 2044 2324 qui
2070 2243 2304 2308 liberati
2337 2262 2371 2305 a
2399 2245 2645 2322 malitia,
2679 2244 2738 2307 in
2767 2261 2914 2326 pace
2935 2243 3165 2308 vivunt.

195 2333 306 2401 τῆς
362 2332 705 2413 έπαγγελίας,
738 2337 766 2391 6
797 2333 1040 2413 οὐρανὸς,
1100 2332 1131 2400 ἢ
1185 2337 1259 2411 γῆ
1314 2338 1421 2389 τῶν
1478 2333 1712 2413 πραέων,
1772 2330 1860 2395 καὶ

200 2421 312 2478 ἀπὸ
341 2422 518 2490 πάσης
546 2424 733 2489 κακίας
779 2422 1218 2501 είρηνευσάντων.

295 2533 319 2568 ε
357 2517 436 2588 Τῇ
493 2511 740 2592 ἐπαύριον
797 2514 825 2569 6
881 2510 1046 2592 ὄχλος
1103 2513 1132 2568 6
1178 2511 1417 2578 ἑστηκὼς
1449 2510 1611 2591 πέραν
1638 2514 1738 2580 τῆς
1766 2516 1856 2570 θαο

2028 2514 2207 2580 Vsns.
2240 2514 2459 2582 22-26.
2499 2542 2527 2574 ι
2561 2515 2804 2580 Postero
2837 2516 2957 2581 die.
2989 2515 3164 2584 turba
3209 2533 3341 2597 qute
3405 2515 3596 2583 stabat

206 2600 437 2674 λάσσης,
487 2598 635 2666 εἰδὼς
667 2601 747 2658 ὅτι
792 2600 1066 2680 πλοιάριον
1114 2599 1246 2658 ἄλλο
1289 2599 1383 2658 οὔκ
1422 2599 1488 2669 ἦν
1518 2601 1657 2676 ἐκεῖ,
1689 2603 1732 2658 εί
1775 2602 1853 2676 μὴ

1945 2613 2100 2670 trans
2131 2623 2317 2682 mare,
2351 2606 2498 2670 vidit
2519 2605 2676 2688 quod
2710 2605 2979 2672 navicula
3003 2605 3124 2670 alia
3153 2624 3272 2666 non
3304 2614 3464 2670 esset
3507 2604 3594 2668 ibi

210 2690 266 2747 ἓν
325 2689 500 2747 έκεῖνο
545 2691 618 2754 εἷς
677 2691 706 2747 ὃ
736 2689 1000 2758 ἀνέϐησαν
1054 2693 1102 2748 οἱ
1144 2691 1374 2768 μαθηταὶ
1416 2691 1597 2765 αὐτοῦ,
1640 2691 1728 2748 καὶ
1772 2689 1852 2748 ὅτι

1945 2697 2050 2758 nisi
2081 2715 2197 2760 una
2215 2696 2314 2758 illa
2333 2696 2394 2758 in
2411 2715 2586 2777 quam
2607 2697 2860 2774 ingressi
2877 2695 3113 2759 fuerant
3134 2694 3415 2774 discipuli
3436 2695 3592 2774 ejuS,

210 2780 272 2836 οὗ
327 2778 633 2848 συνεισῆλθε
689 2795 810 2847 τοῖς
868 2784 1138 2856 μαθηταῖς
1168 2780 1328 2838 αὐτού
1354 2781 1384 2836 6
1413 2778 1620 2847 Ἰησοῦς
1662 2781 1736 2844 είς
1791 2783 1853 2839 τὸ

1945 2794 1993 2847 et
2022 2785 2177 2865 quod
2207 2803 2325 2847 non
2358 2785 2694 2850 introissset
2721 2787 2896 2852 Jesus
2942 2802 3078 2853 cum
3129 2782 3444 2863 discipulis
3473 2784 3595 2846 suis

208 2867 511 2948 πλοιάριον,
571 2868 708 2925 ἀλλὰ
756 2869 909 2945 μόνοι
964 2872 1010 2926 οί
1080 2870 1312 2945 μαθηταὶ
1385 2868 1543 2934 αὐτοῦ
1588 2868 1853 2936 ἀπῆλθον.

1945 2874 2004 2936 in
2036 2873 2501 2953 naviculam,sed
2528 2873 2636 2933 soli
2661 2871 2940 2953 discipuli
2975 2872 3105 2951 ejus
3129 2870 3596 2936 abiissent.Alia

208 2955 344 3014 ἄλλα
399 2956 454 3014 δὶ
540 2957 668 3027 ἦλθε
723 2957 974 3036 πλοιάρια
1055 2957 1116 3014 ἰκ
1172 2957 1268 3026 τῆς
1327 2955 1624 3037 Τιϐεριάδος
1702 2956 1861 3037 ἐγγὺς

1945 2980 2085 3024 vero
2131 2969 2608 3041 supervenerunt
2655 2960 2944 3022 naviculae
2997 2979 3031 3022 a
3079 2959 3401 3023 Tiberiade
3425 2961 3595 3039 juxta

204 3053 304 3104 106
349 3048 505 3125 τόπο,
571 3045 703 3103 ὅπου
748 3046 945 3126 ἔφαγον
1010 3046 1103 3101 16v
1145 3045 1325 3123 ἄρτον,
1381 3045 1861 3124 εὐχαριστήσαντος

1949 3050 2143 3111 locum
2177 3049 2277 3110 ubi
2309 3049 2696 3113 eomederant
2743 3067 2980 3129 panem,
3030 3056 3336 3130 postquam
3382 3049 3598 3129 gratias

213 3143 308 3192 106
371 3135 556 3213 Κυρίου
613 3135 701 3192 ὅτε
763 3138 853 3192 οὗν
910 3132 1056 3192 εἶδεν
1098 3136 1127 3191 6
1175 3132 1368 3215 ὄχλος,
1422 3133 1503 3190 ὅτι
1536 3130 1744 3200 Ἰησοῦς
1774 3137 1861 3193 οὒκ

1951 3139 2171 3219 egisset
2219 3138 2530 3205 Dominus.
2565 3141 2712 3203 Cum
2748 3156 2889 3217 ergo
2927 3137 3170 3202 vidisset
3219 3135 3393 3200 turba
3433 3138 3597 3220 quod

207 3221 351 3281 ἔστιν
402 3223 547 3304 ίκεῖ,
609 3223 724 3284 οὐδὲ
782 3227 830 3281 οἱ
915 3225 1147 3301 μαθηταῖ
1230 3222 1407 3304 αὐτοῦ,
1469 3219 1732 3290 ἀνέϐησαν
1780 3226 1861 3282 καὶ

1949 3225 2122 3292 Jesus
2153 3247 2269 3290 non
2299 3235 2457 3290 esset
2501 3227 2609 3308 ibi,
2644 3245 2838 3309 neque
2868 3225 3148 3307 discipuli
3192 3227 3350 3306 ejus,
3378 3219 3596 3295 ascen-

211 3314 353 3373 airtoi
412 3315 488 3378 εἷς
546 3315 613 3370 τὰ
681 3313 935 3392 πλοιάρια
1005 3313 1093 3370 καὶ
1148 3311 1309 3380 ἦλθον
1366 3313 1438 3378 εἷς
1494 3312 1861 3389 Καπερναοὺμ,

1952 3318 2168 3386 derunt
2186 3326 2244 3380 et
2260 3317 2477 3398 ipsain
2493 3315 2791 3380 naviculas
2811 3325 2868 3379 et
2887 3328 3177 3379 venerunt
3197 3315 3594 3397 Capernaum,

218 3409 495 3474 ζητοῦντες
550 3405 641 3459 τὸν
730 3400 959 3471 Ἰησοῦν.
1026 3403 1156 3490 Καὶ.
1183 3401 1420 3480 εὑρόντες
1498 3402 1656 3460 αὐτὸν
1706 3401 1861 3481 πέραν

1953 3415 2284 3490 qumrentes
2328 3407 2555 3470 Iesum.
2587 3407 2660 3470 Et
2690 3423 2825 3469 cum
2857 3405 3222 3468 invenissent
3269 3423 3406 3469 eum
3438 3414 3600 3472 trans

218 3497 317 3559 τῆς
373 3489 668 3567 θαλάσσης,
702 3495 858 3549 εἷπον
887 3494 1030 3566 αὒτῷ
1060 3506 1076 3522 ’
1142 3481 1368 3566 Ῥαϐϐεὶ,
1420 3489 1548 3547 πότε
1600 3487 1702 3547 ὦδε
1759 3513 1861 3548 πα-

1953 3481 2427 3572 mare,dixerunt
2447 3497 2500 3558 ei
2525 3516 2539 3559 :
2569 3494 2780 3571 Rabbi,
2827 3495 3065 3577 quando
3090 3497 3205 3558 huc
3221 3495 3592 3562 venisti?Be-

225 3580 506 3659 ραγέγονας
544 3597 561 3655 ς
620 3581 906 3661 Ἀπεκρίθη
950 3581 1134 3644 αὐτοῖς
1165 3581 1193 3636 6
1237 3579 1468 3653 Ἰησοῖς,
1525 3579 1616 3667 καί
1668 3581 1861 3667 εἶπεν·

1954 3588 2192 3667 spondit
2215 3587 2298 3649 eis
2329 3585 2502 3650 Jesus
2529 3596 2589 3648 et
2615 3583 2801 3646 dixit:
2829 3590 3221 3658 Amen,amen
3244 3583 3380 3647 dico
3402 3583 3593 3654 vobis,

219 3667 416 3750 Ἀμην,
450 3670 594 3746 ἀμὴν
643 3669 788 3758 λέγω
836 3671 991 3745 ὑμῖν,
1047 3667 1266 3758 ζητεῖτέ
1316 3689 1410 3758 με,
1449 3668 1554 3748 οὐχ
1582 3665 1661 3724 ὅτι
1704 3666 1861 3758 εἴδετε

1955 3665 2225 3758 queritis
2277 3693 2394 3755 me,
2418 3692 2536 3736 non
2589 3672 2728 3754 quia
2784 3670 3013 3740 vidistis
3062 3672 3251 3753 signa,
3304 3673 3409 3736 sed
3457 3674 3599 3754 quia

217 3771 440 3834 σημεῖα,
506 3758 627 3816 ἀλλ’
663 3757 743 3817 ὅτι
787 3760 1008 3842 ὶφάγετε
1040 3757 1102 3814 ix
1141 3763 1248 3815 τῶν
1308 3754 1505 3837 ἄρτων,
1565 3758 1656 3814 καὶ
1706 3755 1861 3837 έχορ·

1955 3754 2301 3829 ἐοωοὰίειίε
2349 3754 2424 3826 de
2482 3762 2760 3843 panibus,
2818 3770 2877 3824 et
2924 3762 3169 3823 saturati
3225 3764 3387 3830 estis.
3419 3788 3446 3819 ι
3489 3762 3598 3827 ιο-

210 3849 457 3916 τάσθητε.
495 3870 524 3908 ι
585 3849 826 3921 Πεζεύων
879 3849 977 3926 μὲν
1046 3849 1076 3904 6
1133 3845 1350 3935 Ἰησοῦς
1392 3846 1484 3935 βπὶ
1538 3850 1637 3912 τῆς
1664 3845 1861 3904 θαλάσ-

1955 3873 2058 3918 sus
2095 3854 2334 3935 quidem
2385 3851 2646 3932 pedestri
2688 3850 2903 3912 itinere
2949 3868 3130 3930 super
3172 3869 3336 3913 mare
3364 3850 3512 3914 abiit
3539 3853 3600 3915 in

213 3961 337 4019 σης,
383 3936 619 4007 ἆπῆλθεν
669 3940 742 4004 είς
797 3941 858 3996 τὸ
919 3937 1107 4018 πέραν.
1142 3938 1201 3994 Οἱ
1231 3934 1286 3992 δὲ
1316 3933 1474 4016 ὄχλοι
1529 3942 1599 4013 τῇ
1629 3935 1861 4012 έπαύριοἼ

1951 3933 2282 4023 regionem,
2335 3959 2468 4022 quae
2522 3950 2690 4002 trans
2737 3955 2926 4002 mare.
2976 3937 3194 4000 Turbae
3235 3947 3456 4014 autem,
3502 3938 3602 4003 die

211 4030 486 4101 ζητοῦντες
545 4029 729 4105 αὑτὸν,
784 4031 874 4087 καὶ
929 4025 1150 4102 ἰδόντες,
1213 4025 1294 4084 ὅτι
1357 4024 1555 4084 πλοῖον
1598 4025 1655 4083 ἓν
1698 4027 1768 4094 ἦν
1811 4035 1861 4091 τε

1952 4040 2227 4113 postero,
2291 4049 2427 4094 cum
2483 4029 2894 4110 quaesivissent
2941 4027 3152 4100 illum,
3206 4035 3267 4090 et
3322 4027 3603 4091 vidissent

209 4119 328 4182 τοὺς
374 4119 616 4193 μαθητὰς
661 4115 1074 4194 ὑποδεξάμενον,
1119 4116 1193 4178 είς
1257 4116 1285 4172 ὃ
1335 4115 1396 4172 οὒ
1463 4113 1800 4185 συνεισῆλθεν
1842 4117 1861 4171 ί

1951 4121 2106 4202 quod
2137 4139 2254 4183 una
2273 4127 2498 4181 tantum
2528 4117 2693 4180 navis
2714 4117 3024 4193 adfuisset,
3052 4116 3113 4177 in
3135 4135 3311 4197 quam
3344 4116 3599 4198 ingressi

217 4204 446 4281 Ἰησοῦς,
495 4208 569 4270 εἷς
612 4204 818 4264 ἔννοιαν
873 4205 1034 4274 ἦλθον
1112 4211 1208 4262 106
1254 4204 1544 4283 θαύματος,
1598 4206 1686 4261 καὶ
1735 4205 1861 4261 ὑπε-

1951 4208 2182 4270 fuerant
2225 4207 2526 4288 discipuli,
2577 4215 2636 4268 et
2687 4224 2805 4268 non
2851 4207 3024 4268 Jesus
3095 4205 3245 4286 ipse,
3290 4206 3599 4286 cogitave-

222 4297 394 4372 νόουν,
426 4296 506 4353 ὅτι
535 4297 635 4365 τὴν
675 4294 944 4354 θάλασσαν
1002 4295 1258 4374 πεζεύων,
1302 4293 1620 4372 παρεγένετο
1679 4294 1753 4356 εἰς
1808 4294 1861 4349 16

1950 4305 2089 4359 runt
2118 4295 2274 4378 apud
2318 4315 2382 4358 se
2413 4296 2526 4358 hoc
2574 4294 2948 4370 miraculum,
3002 4303 3060 4356 et
3121 4294 3405 4374 suspicati
3462 4302 3604 4358 sunt

221 4383 406 4466 πέραν.
469 4385 528 4443 ΕΙ
573 4385 672 4461 μὶν
730 4386 830 4465 γὰρ
902 4387 993 4442 καὶ
1045 4382 1185 4466 ἄλλο
1240 4381 1432 4440 πλοῖον
1491 4383 1575 4462 ἢν,
1622 4384 1760 4447 εἰκὸς
1803 4383 1861 4451 ἦν

1952 4386 2106 4467 quod
2128 4404 2291 4448 mare
2322 4384 2504 4464 pedes
2535 4383 2861 4446 transierit.
2882 4382 3029 4444 Nam
3055 4385 3100 4443 si
3131 4382 3371 4464 quidem
3405 4391 3462 4444 et
3486 4384 3602 4448 alia

221 4476 534 4549 ὑπονοῆσαι,
580 4473 659 4532 ὅτι
728 4486 848 4537 τοῖς
901 4473 1176 4550 μαθηταῖς
1236 4473 1293 4529 οὑ
1371 4471 1736 4546 συνέπλευσεν,
1796 4472 1861 4534 εἷς

1952 4476 2118 4538 navis
2147 4475 2457 4546 adfuisset,
2485 4473 2805 4536 verisimile
2847 4472 3112 4553 potuisse
3157 4490 3260 4534 eos
3313 4471 3598 4551 cogitare,

221 4563 392 4620 έκεῖνο
446 4561 502 4620 δὲ
553 4563 828 4639 εἰσελθὼν,
889 4561 1187 4643 διεπέρασε.
1235 4571 1339 4621 Νῦν
1404 4559 1481 4636 δὲ,
1544 4561 1660 4627 ἑνὸς
1717 4560 1861 4626 ὄντος

1956 4565 2113 4646 quod
2146 4584 2278 4626 cum
2311 4563 2622 4643 discipulis
2653 4581 2772 4623 non
2805 4562 3117 4641 navigarit,
3152 4561 3258 4623 sed
3309 4561 3370 4622 in
3420 4563 3601 4623 aliam

220 4660 307 4710 106
363 4650 550 4712 πλοίου
618 4659 713 4711 τοῦ
760 4654 882 4719 τοὺς
941 4653 1185 4731 μαθητὰς
1250 4650 1468 4731 μόνους,
1529 4652 1614 4707 καὶ
1659 4650 1737 4727 μὴ
1778 4652 1873 4717 τὸν

221 4737 428 4820 Κύριον,
484 4741 895 4818 δποδεξαμένου,
982 4738 1248 4820 πρόδηλον
1321 4740 1380 4795 16
1438 4740 1631 4812 θαῦμα.
1695 4745 1873 4802 Ταῦτα

220 4831 385 4887 τοίνυν
418 4829 765 4902 ὲννοήσαντες
795 4834 842 4888 0i
873 4828 1056 4910 ὄχλοι,
1101 4828 1286 4897 ἔπειδὴ
1317 4827 1466 4908 εὗρον
1509 4825 1649 4885 ἄλλα
1676 4825 1873 4884 πλοιά-

225 4941 303 4998 ρια
336 4919 397 4976 ὲκ
452 4927 544 4978 τοῦ
603 4920 766 5000 πέραν
816 4919 1057 4994 ἐλθόντα,
1091 4916 1347 4986 ἐνέϐησαν
1392 4917 1446 4973 ὲν
1488 4915 1726 4996 ἐκείνοις,
1788 4919 1875 4974 καὶ

227 5010 294 5072 εἷς
375 5010 729 5090 Καπερναοὺμ
780 5007 1092 5089 διεπέρασαν
1127 5025 1143 5042 ’
1205 5006 1326 5065 ἔνθα
1394 5004 1450 5063 δὲ
1519 5008 1611 5063 τὸν
1683 5007 1872 5084 Κύριον

230 5098 484 5176 εὑρόντες,
540 5098 600 5154 06
644 5099 1060 5178 προσπίπτουσι,
1119 5097 1208 5155 καὶ
1250 5095 1454 5154 δέονται
1511 5098 1703 5171 μαθεῖν
1755 5095 1870 5160 πῶς

234 5184 400 5267 διέϐη,
448 5185 564 5244 ούδέ
608 5195 825 5259 ζητοῦσι
869 5189 987 5268 περὶ
1055 5187 1242 5246 τούτου
1296 5192 1390 5243 τοῦ
1445 5185 1689 5260 σημείου,
1748 5183 1870 5241 ἀλλ’

233 5273 362 5334 οὕτω
406 5276 622 5357 χαύνως
667 5277 794 5358 φασί
826 5292 842 5308 ⁸
895 5300 923 5332 α
968 5276 1105 5334 Πότε
1135 5275 1234 5334 ώδε
1279 5273 1645 5354 παραγέγονας
1678 5293 1698 5346 ;
1751 5295 1775 5330 ε
1815 5276 1875 5331 Οἱ

231 5365 323 5447 γὰρ
377 5373 659 5438 ζητοῦντες
702 5368 858 5424 αὐτὸν
909 5366 1141 5446 ἁρπάσαι
1190 5366 1281 5422 καὶ
1344 5365 1568 5431 ποιῆσαι
1624 5360 1867 5440 βασιλέα,

229 5456 459 5535 εὑρόντες
520 5458 702 5537 αὑτὸν,
755 5453 904 5514 οὒδὶν
958 5457 1198 5514 τοιοῦτον
1255 5452 1614 5531 βουλεύονται⁶
1649 5449 1786 5510 ἀλλὰ
1808 5453 1871 5509 16

226 5549 392 5622 θαῦμα
466 5543 840 5616 έκϐάλλοντες,
899 5544 1072 5614 ἄλλης
1145 5546 1364 5617 ζητοῦσι
1419 5542 1684 5623 τραπέζης
1727 5541 1870 5600 ἀπο-

230 5633 425 5714 λαύειν,
457 5635 581 5700 οἵας
635 5637 724 5693 καὶ
775 5635 1053 5714 πρότερον.
1107 5637 1202 5692 Διδ
1249 5635 1338 5690 καὶ
1366 5630 1698 5702 ὀνειδίζονται
1729 5635 1871 5711 παρὰ

1957 4656 2259 4733 ingressus
2293 4653 2805 4715 transferat.Nunc
2834 4659 3030 4712 autem
3065 4669 3199 4712 cum
3235 4668 3352 4712 una
3373 4657 3601 4713 tantum

1955 4742 2293 4824 fuerit,quze
2313 4741 2635 4822 discipulos
2663 4740 2913 4814 solos,et
2930 4758 3048 4800 non
3075 4738 3394 4802 Dominum
3417 4757 3600 4801 exce-

1957 4832 2156 4914 perit,
2203 4831 2340 4892 587
2387 4830 2766 4892 manifestum
2824 4835 2914 4889 est
2982 4827 3358 4889 miraculum.
3420 4828 3606 4906 Igitur

1958 4921 2146 4985 turbae
2176 4921 2300 4983 haec
2331 4919 2776 4992 intellexerunt;
2800 4929 2861 4980 et
2891 4925 3022 4998 post
3049 4917 3406 4978 invenerunt
3457 4916 3603 4978 alias

1957 5030 2136 5074 naves
2181 5028 2311 5092 quae
2336 5011 2715 5090 trajecerant,
2749 5015 2809 5069 et
2855 5007 3256 5069 ascenderunt
3281 5004 3344 5065 in
3386 5004 3517 5067 illas
3546 5015 3606 5067 et

1954 5101 2015 5162 in
2047 5100 2416 5182 Capernaum
2449 5098 2928 5160 transfretarunt.
2963 5095 3088 5159 Illic
3122 5101 3318 5157 autem
3363 5093 3605 5157 invento

1953 5189 2227 5260 Domino,
2262 5207 2383 5250 non
2413 5186 2751 5269 supplicant
2781 5193 2840 5248 et
2871 5191 3075 5265 rogant
3107 5191 3171 5244 ut
3194 5182 3424 5245 discant
3451 5200 3605 5263 quo-

1960 5279 2137 5341 modo
2159 5276 2482 5352 transierit,
2517 5292 2714 5355 neque
2741 5271 3104 5354 quaeruntde
3134 5271 3246 5331 hoc
3270 5271 3463 5350 signo,
3495 5270 3605 5333 sed

1955 5367 2208 5430 remisse
2240 5365 2482 5428 dicunt:
2523 5389 2545 5419 ιι
2584 5362 2830 5436 Quando
2862 5362 2977 5423 huc
3001 5358 3244 5422 venisti?
3282 5385 3302 5415 ι
3332 5357 3478 5422 Nam
3510 5360 3609 5440 qui

1958 5455 2304 5540 quaerebant
2333 5455 2496 5516 illum
2518 5469 2728 5534 rapere
2747 5459 2806 5514 et
2827 5454 3025 5514 facere
3042 5448 3513 5540 regem,invento
3533 5466 3605 5540 eo

1956 5537 2104 5607 nihil
2135 5545 2254 5605 tale
2277 5542 2635 5616 deliberant;
2669 5541 2775 5604 sed
2821 5540 3054 5620 abjecto
3085 5539 3368 5600 miraculo
3401 5537 3602 5618 inqui-

1956 5641 2096 5696 runt
2125 5631 2310 5710 magis
2341 5631 2457 5693 frui
2484 5648 2690 5692 mensa
2718 5630 2835 5691 alia
2859 5629 3019 5709 quali
3051 5635 3109 5690 et
3132 5627 3322 5707 prius:
3333 5634 3612 5708 propter-
