4070 6224
222 346 245 410 l
261 344 386 412 297

916 346 1359 411 ENARRATIO
1402 347 1485 411 IN
1531 344 2039 410 EVANGELIUM
2080 349 2421 412 JOANNIS.
2471 380 2546 394 -
2588 349 2754 412 CAP.
2814 349 2920 413 VI.

3454 348 3611 414 i298

220 501 389 553 σητε,
454 482 567 543 πῶς
642 480 874 557 σήμερον
960 478 1333 559 ἐργασάμενοι,
1412 478 1584 557 αὔριον
1634 476 1875 535 ἀναπαύ-

1978 480 2308 562 1uotidiana
2340 483 2685 563 Operatione
2719 490 3106 563 parantes,ne
3130 452 3365 546 solliciti
3381 483 3602 547 sitisde

216 573 379 628 σεσθε
416 584 430 599 ⁸
477 566 596 625 ἀλλ’
656 569 887 635 ἑκάστης
940 568 1143 648 ὴμέρας
1211 570 1409 648 τροφὴν
1479 566 1540 624 ἐκ
1594 566 1693 635 τῆς
1763 567 1883 624 καθ’

215 659 429 738 ἡμέραν
492 657 734 735 ἐργασίας
794 656 1036 738 ἔχοντες,
1104 658 1181 733 μὴ
1261 656 1549 735 μεριμνᾶτε
1607 659 1728 735 περὶ
1784 662 1880 724 τῆς

215 746 429 827 αὔριον.
504 747 708 822 Βρῶσιν
765 744 819 802 δὲ
898 746 1181 822 μένουσαν,
1238 744 1339 813 τὴν
1419 746 1673 820 μυστικὴν
1737 744 1881 822 λέγει

224 836 541 913 μετάληψιν
596 842 695 903 τῆς
755 838 947 910 σαρκὸς
997 838 1090 894 τοῦ
1124 836 1333 915 Κυρίου,
1365 833 1433 903 ἢν
1466 836 1617 898 αὐτὸς
1646 836 1783 911 ἡμῖν
1807 833 1886 891 δί-

219 925 387 983 δωσιν
407 972 422 999 ,
484 927 601 988 Υἱὸς
662 925 939 1004 ἀνθρώπου
980 924 1289 1004 γενόμενος,
1323 924 1380 979 ὃν
1412 924 1440 978 ὁ
1473 924 1656 1002 Πατὴρ
1687 924 1884 1003 ἐσφρά-

220 1037 370 1094 γισε,
459 1012 754 1095 τουτέστιν,
842 1012 1131 1083 ἀπέδειξεν,
1192 1009 1528 1084 ἐϐεϐαίωσεν,
1585 1011 1667 1068 ὅτι
1744 1011 1885 1070 ἔστιν

224 1106 353 1168 Υἱὸς
416 1103 594 1165 αότοῦ.
658 1101 923 1169 ’Λπὲδειξε
980 1104 1079 1178 μὲν
1157 1104 1257 1182 γὰρ
1315 1102 1403 1158 καὶ
1483 1100 1639 1164 αὐτὸς
1699 1102 1885 1158 ἑαυτὸν

220 1195 251 1250 ὁ
288 1195 514 1272 Χριστὸς
568 1191 654 1249 διὰ
682 1199 789 1250 τῶν
816 1192 1097 1267 θαυμάτων
1134 1208 1148 1223 ’
1184 1191 1298 1248 ἐπεὶ
1345 1188 1401 1246 δὲ
1443 1192 1574 1268 πρὸς
1608 1187 1882 1253 Ἰουδαίους

224 1280 560 1359 διαλέγεται,
634 1281 729 1337 ’ἕνα
781 1282 860 1356 μὴ
927 1284 1289 1360 ταραχθῶσιν,
1360 1278 1447 1335 ἰπὶ
1514 1280 1605 1334 τὸν
1676 1277 1883 1352 Πατέρα

224 1370 539 1451 ἀνατρέχει,
600 1370 689 1428 καί
748 1391 901 1450 φησι,
948 1367 1074 1448 παρ’
1121 1370 1280 1425 αὑτοῦ
1311 1366 1673 1446 ἒσφραγίσθαι,
1724 1387 1882 1422 τουτ-

227 1458 398 1528 έστιν,
480 1456 886 1539 ἀποδεδεῖχθαι,
991 1459 1447 1535 μεμαρτυρῆσθαι.
1551 1453 1703 1513 Ἐπεὶ
1798 1456 1886 1511 καὶ

224 1548 386 1603 εἰκών
443 1550 553 1604 ἔστι
612 1550 705 1603 τοῦ
766 1548 968 1627 [ἰατρὸς
999 1548 1027 1602 ὁ
1063 1547 1209 1621 Υἱὸς,
1264 1546 1351 1601 καὶ
1408 1544 1737 1623 σφράγισμα,
1796 1544 1883 1599 καὶ

228 1636 545 1717 χαρακτὴρ,
631 1638 739 1693 νόει
823 1633 948 1707 παρ’
1008 1637 1165 1694 αὐτοῦ
1235 1634 1616 1715 σφραγισθῆναι
1674 1639 1884 1711 τοῦτον,

225 1729 347 1786 καθ’
409 1730 437 1787 ὃ
493 1730 649 1786 εἰκὼν
718 1730 806 1787 καὶ
852 1728 1153 1810 σφρύγισμά
1214 1727 1357 1784 ἑστιν
1390 1744 1402 1758 ⁸
1454 1725 1593 1783 ὥστε
1637 1726 1785 1783 εἶναϊ
1826 1726 1886 1781 τὸ

228 1818 525 1897 λεγόμενον
587 1826 825 1877 τοιοῦτον
860 1839 877 1857 ο
965 1825 1159 1876 Τοῦτον
1232 1818 1333 1895 γὰρ
1410 1818 1501 1872 τὸν
1570 1815 1887 1896 φαινόμενον

1963 570 2243 635 crastino.
2276 570 2486 635 Cibum
2507 580 2703 634 autem
2731 579 3095 653 manentem,
3132 572 3435 653 mysticam
3459 572 3605 651 dicit

1964 661 2364 741 sumptionem
2414 662 2608 722 carnis
2635 660 2893 732 Domini,
2927 681 3103 741 quam
3143 661 3315 722 nobis
3345 661 3473 740 ipse
3502 661 3604 723 dat
3641 670 3649 678 '

1965 748 2150 812 Filius
2178 749 2437 811 hominis
2466 750 2680 821 factus,
2714 770 2890 831 quem
2922 754 3093 812 Pater
3120 749 3467 829 obsignavit,
3494 752 3608 814 hoc

1966 844 2058 899 est
2086 838 2341 900 ostendit
2369 847 2426 899 et
2456 839 2825 900 conﬁrmavit
2854 839 3009 919 quod
3041 840 3117 901 sit
3137 838 3321 901 Filius
3351 858 3513 921 suus;
3550 848 3610 902 et

1965 925 2093 1006 ipse
2122 926 2361 1007 quidem
2389 927 2661 990 Christus
2690 928 2945 989 ostendit
2974 947 3040 990 se
3062 946 3167 1007 per
3187 930 3607 1004 miracula;sed

1965 1015 2104 1095 quia
2124 1034 2258 1077 cum
2285 1016 2501 1079 Iudaeis
2533 1017 2815 1097 loquitur,
2838 1025 2901 1079 ut
2934 1036 3009 1079 ne
3031 1016 3362 1091 turbentur,
3387 1019 3459 1079 ad
3494 1021 3607 1081 Pa-

1966 1110 2115 1165 trem
2146 1106 2421 1185 recurrit,
2458 1113 2515 1166 et
2545 1105 2692 1167 dicit
2740 1105 2812 1167 ab
2860 1105 2962 1167 illo
3013 1124 3078 1167 se
3125 1107 3417 1185 signatum
3452 1124 3604 1183 esse,

1967 1192 2080 1253 hoc
2110 1200 2217 1261 est,
2254 1202 2643 1257 monstratum
2705 1203 2764 1256 et
2802 1193 3157 1256 testimoniis
3190 1196 3603 1257 conﬁrmatum

1968 1280 2267 1360 esse;quia
2294 1293 2356 1344 et
2380 1284 2569 1361 imago
2601 1291 2693 1345 est
2721 1286 2908 1346 Patris
2939 1282 3210 1359 Filius,et
3240 1284 3608 1363 signaculum

1970 1378 2028 1431 et
2056 1369 2385 1451 character,
2412 1371 2679 1445 intellige
2708 1372 2785 1435 ab
2815 1372 2915 1433 illo
2948 1372 3109 1435 hunc
3137 1373 3610 1453 signatum,qua-

1970 1466 2145 1521 tenus
2177 1458 2369 1538 imago
2418 1470 2475 1521 et
2512 1460 2770 1540 sigillum
2806 1470 2917 1536 est;
2952 1469 3008 1522 et
3038 1462 3116 1522 ita
3144 1480 3208 1523 se
3238 1462 3420 1524 habet
3450 1461 3611 1541 quod

1966 1546 2306 1627 dicit,Hunc
2332 1549 2491 1610 enim
2523 1550 2627 1630 qui
2656 1548 2966 1611 videbatur
2995 1549 3179 1611 Filius
3209 1550 3489 1621 hominis,
3525 1551 3611 1611 si-

1967 1637 2161 1713 gnavit
2190 1638 2385 1719 Pater,
2423 1638 2536 1700 hoc
2583 1646 2670 1700 cst
2707 1638 3078 1717 signaculum
3112 1657 3282 1699 suum
3311 1646 3368 1699 et
3397 1639 3607 1717 imagi-

1970 1743 2107 1788 nem
2138 1726 2361 1804 genuit,
2395 1746 2528 1808 qnze
2575 1727 2824 1790 haberet
2853 1728 2912 1788 in
2944 1745 3009 1789 se
3058 1746 3234 1788 omne
3275 1727 3431 1804 quod
3482 1727 3609 1807 ipse

1970 1814 2249 1896 habebat,
2280 1824 2337 1877 et
2365 1818 2693 1879 naturalem
2718 1835 2855 1879 cum
2884 1817 3016 1897 ipso
3048 1816 3445 1879 identitatem.

241 1911 367 1965 ι’ίὸν
398 1908 696 1989 ἀνθρώπου,
728 1907 1044 1989 ἐσφράγισεν
1086 1909 1113 1963 ὁ
1146 1906 1354 1983 Πατὴρ,
1380 1903 1644 1981 τουτέστι,
1675 1902 1942 1985 σφραγῖδα
2000 1907 2158 1962 αὒτοῠ
2187 1907 2273 1962 καὶ
2331 1907 2505 1963 εἰκόνα
2550 1907 2822 1987 ἐγέννησε,
2868 1906 3260 1986 ἀπαραλλαξίαν
3304 1913 3477 1963 πᾶσαν
3522 1907 3612 1963 καὶ

225 1998 529 2065 ταδτότητα
558 2000 785 2078 φυσικὴν
818 1999 947 2077 πρὸς
990 1998 1146 2054 αὺτὸν
1190 1996 1588 2066 ἀποσολζουσαν.

324 2110 346 2143 ι
400 2091 572 2147 Εἶπον
633 2090 723 2144 οὗν
766 2089 898 2169 πρὸς
952 2086 1108 2146 αὐτόν
1142 2104 1160 2123 ο
1206 2086 1266 2144 Τί
1307 2086 1570 2160 ποιῶμεν,
1612 2083 1705 2141 ’ίνα
1737 2084 1887 2163 ἔργα·

2048 2084 2233 2148 Vsns.
2265 2084 2481 2149 28-30.
2511 2084 2830 2147 «Dixerunt
2858 2103 2996 2164 ergo
3026 2084 3099 2146 ad
3133 2102 3270 2147 eum
3297 2083 3481 2156 :Quid
3513 2085 3608 2145 l'a-

226 2180 443 2253 ζωμεθα
512 2178 579 2234 τὰ
640 2177 768 2257 ἔργα
828 2183 922 2235 τοῦ
978 2182 1161 2251 Θεοῡς
1226 2173 1513 2253 Ἀπεκρίθη
1576 2177 1604 2231 ὁ
1653 2172 1882 2254 Ἰησοῦς,

228 2269 321 2324 καὶ
380 2267 536 2324 εἶπεν
582 2270 763 2330 αὐτοῖς
798 2286 810 2299 ·
860 2267 1026 2326 Τοῦτό
1083 2265 1195 2323 ἐστι
1225 2266 1286 2321 τδ
1314 2264 1468 2342 ἔργον
1489 2272 1581 2323 τοῦ
1611 2272 1763 2337 Θεοῦ,
1795 2262 1888 2319 ’ἵνα

229 2358 551 2423 πιστεύσητε
612 2358 684 2423 εἰς
741 2358 801 2413 ὃν
869 2354 1181 2413 ἀπέστειλεν
1264 2354 1495 2416 ἐκεῖνος.
1556 2353 1732 2411 Εἶπον
1800 2355 1888 2410 ob:

232 2447 377 2520 αὖτῷ
414 2462 429 2478 ⁹
487 2446 547 2505 Τί
603 2448 690 2502 οὖν
733 2458 911 2509 ποιεῖς
969 2446 1030 2501 σὺ
1089 2457 1347 2522 σημεῖον,
1397 2440 1493 2498 ενα
1545 2440 1768 2518 ἴδωμεν,
1801 2435 1888 2499 καὶ

232 2535 600 2611 πιστεύσωμέν
657 2556 787 2607 σοις
846 2536 905 2595 Τί
990 2534 1186 2614 ἐργάζῃ
1220 2550 1238 2609 ς
1278 2554 1300 2589 ι
1368 2534 1624 2598 Ζητοῦσιν
1664 2534 1718 2591 ,οἱ
1749 2530 1888 2589 Ἰου-

232 2622 378 2681 δαῖοι
411 2627 601 2698 μαθεῖν
627 2626 689 2681 τὸ
747 2622 899 2701 ἔργον
958 2629 1051 2680 τοῦ
1082 2622 1242 2702 Θεοῦ,
1276 2624 1381 2701 οὐχ
1420 2619 1516 2677 ἵνα
1548 2620 1703 2677 τούτο
1746 2623 1887 2698 πρεί⁶

234 2711 416 2787 ξωσιν,
471 2711 589 2769 αλλ’
638 2712 731 2772 ἵνα
786 2710 1071 2793 δράξωνται
1122 2709 1391 2791 ἀφορμάς.
1438 2708 1604 2774 Εἰδὼς
1655 2708 1746 2765 οὖν
1790 2710 1887 2764 αὑ-

235 2803 357 2868 τοὺς
406 2800 571 2877 μηδὲν
602 2801 1145 2882 ὠφεληθησομένους,
1186 2800 1335 2875 ὅμως
1391 2798 1475 2855 διὰ
1516 2801 1577 2855 τὸ
1630 2820 1886 2877 κοινωφε-

241 2890 331 2955 λὲς
386 2897 483 2957 τῆς
542 2890 880 2956 διδασκαλίας
946 2890 1305 2966 ἀποκρίνεται,
1384 2888 1470 2944 καὶ
1537 2886 1896 2944 ὓποδείκνυσιν

241 2982 453 3058 αὐτοῖς,
502 2978 704 3055 μᾶλλον
749 2977 804 3035 δὲ
864 2985 1023 3035 πᾶσιν
1080 2976 1398 3054 ἀνθρώποις,
1446 2973 1526 3030 ὅτι
1582 2972 1737 3029 τοῦτό
1786 2974 1895 3028 ἐστι

239 3070 300 3123 τὸ
333 3068 482 3146 ἔργον
542 3068 635 3126 τοῦ
689 3074 843 3137 Θεοῦ,
886 3069 947 3123 τὸ
1005 3066 1270 3122 πιστεύειν
1320 3065 1393 3127 είς
1421 3065 1479 3119 ὃν
1511 3063 1716 3126 ἐκεῖνος
1757 3060 1895 3117 ἀπέ-

238 3156 467 3218 στειλεν.
535 3148 596 3214 Ἠ
642 3158 741 3236 γὰρ
806 3158 878 3221 εἰς
936 3155 1095 3211 αὐτὸν
1126 3156 1329 3227 πίστις,
1364 3151 1514 3231 ἔργον
1545 3150 1711 3214 ὄντως
1760 3150 1897 3227 ἱερόν

235 3266 293 3301 τε
344 3246 431 3301 καὶ
485 3243 712 3320 τέλειον,
766 3246 854 3301 καὶ
936 3243 1152 3321 ἁγιάζον
1210 3243 1331 3304 τοὺς
1400 3240 1600 3307 ταύτην
1646 3239 1893 3319 ἔχοντας.

240 3326 466 3411 Ὀδηγὸς
526 3336 627 3414 γὰρ
684 3336 886 3413 γίνεται
927 3335 962 3401 ἡ
1020 3330 1241 3401 ἀκριϐὴς
1297 3338 1469 3395 πίστις
1541 3330 1672 3409 πρὸς
1722 3334 1896 3385 πᾶσαν

1967 2171 2194 2235 ciemus
2214 2183 2277 2237 ut
2304 2192 2623 2254 operemur
2652 2193 2834 2255 opera
2856 2174 3324 2255 Dei‘lRespondit
3350 2176 3525 2235 Jesus
3556 2182 3615 2237 et

1970 2260 2115 2323 dixit
2138 2262 2223 2324 eis
2251 2282 2267 2325 :
2295 2262 2419 2325 Hoc
2459 2271 2547 2325 est
2591 2282 2740 2344 Opus
2787 2263 2913 2339 Dei,
2947 2271 3012 2324 ut
3059 2262 3320 2324 credatis
3364 2263 3425 2323 in
3471 2280 3606 2325 eum

1972 2369 2148 2429 quem
2182 2351 2345 2416 misit
2398 2352 2522 2414 ille.
2559 2352 2844 2415 Dixerunt
2870 2370 3010 2431 ergo
3036 2353 3129 2415 ei:
3164 2350 3327 2422 Quod
3385 2369 3523 2430 ergo
3556 2359 3617 2413 tu

1970 2439 2113 2501 facis
2159 2442 2391 2520 signum
2428 2448 2491 2502 ut
2516 2440 2820 2504 videamus
2866 2448 2924 2503 et
2956 2440 3275 2503 credamus
3300 2439 3437 2501 tibi?
3471 2440 3613 2521 quid

1972 2529 2267 2609 operaris?
2294 2555 2316 2586 ο
2356 2529 2638 2603 Quaerunt
2680 2529 2872 2594 ,ἰυᾶωί
2904 2530 3135 2593 discere
3156 2548 3306 2609 opus
3329 2528 3460 2609 Dei,
3496 2548 3614 2591 non

1972 2625 2035 2677 ut
2067 2618 2180 2679 hoc
2210 2618 2448 2692 faciant,
2481 2618 2586 2681 sed
2628 2627 2691 2679 ut
2734 2619 3108 2681 occasionem
3141 2617 3610 2696 apprehendant.

1970 2705 2257 2769 Dominus
2288 2716 2482 2768 autem
2511 2708 2779 2787 quamvis
2809 2707 2986 2769 sciret
3018 2724 3120 2768 eos
3150 2706 3368 2767 nullam
3392 2705 3613 2766 utilita-

1975 2803 2089 2857 tem
2126 2805 2533 2875 percepturos,
2572 2796 2876 2874 respondit
2909 2804 3101 2856 tamen
3146 2813 3251 2873 per
3283 2794 3612 2855 doctrinam

1980 2883 2185 2943 utilem
2208 2882 2508 2962 omnibus,
2534 2893 2591 2944 et
2622 2884 2879 2945 ostendit
2908 2885 3015 2963 eis,
3048 2884 3167 2943 imo
3198 2882 3477 2945 omnibus
3502 2884 3614 2945 ho—

1984 2970 2263 3044 minibus,
2294 2972 2452 3051 quod
2489 2971 2600 3033 hoc
2649 2972 2725 3033 sit
2767 2990 2915 3052 Opus
2948 2971 3054 3033 Dei
3087 2972 3334 3033 credere
3391 2972 3449 3033 in
3481 2990 3615 3034 eum

1981 3077 2155 3139 quem
2181 3057 2286 3120 ille
2320 3058 2495 3122 misit.
2530 3059 2678 3122 Nam
2712 3060 2860 3122 ﬁdes
2891 3079 3030 3140 erga
3071 3060 3260 3133 illum,
3297 3079 3444 3140 opus
3474 3079 3615 3140 pro-

1983 3147 2138 3210 lecto
2170 3159 2263 3209 est
2292 3156 2557 3209 sanctum
2592 3157 2649 3211 et
2680 3148 3098 3230 perfectum,et
3118 3149 3496 3210 sanctiﬁcans
3518 3168 3621 3212 eos

1981 3237 2083 3318 qui
2112 3236 2272 3298 illam
2312 3237 2553 3300 habent.
2590 3240 2713 3301 Dux
2746 3239 2899 3299 enim
2952 3239 3013 3299 ﬁt
3059 3237 3311 3315 diligens
3358 3238 3505 3299 ﬁdes
3546 3237 3619 3300 ad

1980 3343 2219 3387 omnem
2256 3326 2470 3387 bonam
2496 3326 3162 3407 operationem,etbona
3187 3325 3449 3406 operatio
3474 3346 3621 3389 con-

237 3424 442 3500 ἀγαθὴν
519 3424 787 3502 ἐργασίαν,
877 3424 964 3479 καὶ
1036 3424 1071 3490 ἡ
1131 3422 1305 3499 ἀγαθὴ
1378 3419 1595 3500 ἐργασία
1645 3430 1891 3495 συντηρεϊ

1980 3423 2175 3477 servat
2205 3415 2408 3477 ﬁdem.
2450 3438 2472 3470 ι
2508 3414 2652 3476 Nam
2706 3424 2776 3504 et
2811 3434 2993 3497 opera
3040 3416 3169 3477 sine
3227 3416 3342 3477 ﬁde
3393 3424 3623 3477 mortua

249 3515 344 3580 τὴν
401 3513 600 3586 πίστιν,
633 3533 656 3568 ε
708 3512 784 3571 Τά
838 3533 897 3569 τε
948 3513 1047 3591 γὰρ
1091 3509 1219 3591 ἔργα
1264 3508 1400 3591 ,ἄτερ
1452 3514 1680 3573 πίστεως
1712 3507 1891 3587 νεκρὰ,

240 3604 329 3659 καὶ
376 3603 410 3669 ἦ
453 3602 629 3666 πίστις
688 3604 856 3682 χωρὶς
908 3590 1103 3681 ἔργων.
1144 3624 1166 3657 ε
1233 3590 1381 3680 "Op:
1408 3597 1462 3655 δὲ
1516 3598 1898 3676 ἀγνωμοσύνην

240 3692 329 3749 καί
374 3690 719 3758 ἀναισθησίαν
752 3709 766 3724 ’
819 3702 1053 3766 σημεῖον
1109 3687 1271 3746 πάλιν
1309 3695 1554 3761 ζητοῦσιν
1584 3688 1631 3743 οἱ
1670 3688 1899 3743 τοσαῦτα

238 3783 323 3836 καὶ
378 3787 677 3849 τηλικαῦτα
735 3778 959 3856 ἰδόντες,
1020 3780 1111 3836 καὶ
1177 3780 1238 3835 τὸ
1283 3784 1389 3834 τῶν
1449 3775 1621 3854 ἄρτων
1694 3772 1899 3850 μᾶλλον

242 3868 329 3950 ἀφ’
373 3870 447 3926 ὧν
504 3869 885 3948 ὶκορέσθησαν.
945 3862 1038 3933 Ὠς
1096 3868 1479 3948 γαστρίμαργοι
1555 3867 1664 3945 οὖν,
1736 3862 1893 3919 πάλιν

242 3966 478 4018 τοιοῦτον
542 3961 746 4016 αἰτοῦσι
808 3973 1064 4039 σημεῖον,
1125 3960 1198 4023 εἷς
1248 3956 1480 4036 γαστέρα
1538 3958 1721 4018 αὺτοῖς
1754 3976 1894 4029 συμ-

242 4044 592 4123 ϐαλλόμενον.
656 4037 788 4104 υ0⁸ιί
838 4046 892 4103 δὲ
980 4037 1136 4104 τούτο
1208 4044 1427 4119 ἀληθὲς,
1471 4041 1633 4110 δῆλον
1676 4041 1736 4098 ἐκ
1792 4046 1897 4097 τῶν

244 4136 360 4204 ἑξῆς
372 4184 385 4200 .

325 4246 348 4281 ε
386 4228 447 4284 Ol
505 4224 729 4305 πατέρες
783 4227 939 4302 ἡμῶν
977 4229 1039 4282 τὸ
1067 4224 1241 4300 μάννα
1268 4222 1465 4305 ἔφαγον
1508 4220 1561 4277 ἑν
1590 4226 1658 4297 τῇ
1686 4219 1891 4299 ἐρήμῳ,

244 4314 411 4378 καθώς
465 4314 577 4371 ἐστι
620 4315 989 4393 γεγραμμένον
1023 4330 1037 4344 ⁸
1100 4312 1306 4393 ’Ἄρτον
1387 4314 1450 4367 hx
1518 4316 1613 4368 τοῦ
1680 4308 1899 4387 ούρανοῦ

249 4401 438 4459 ἔδωκεν
499 4407 682 4467 αὐτοῖς
741 4418 958 4483 φαγεῖν.
1008 4407 1176 4462 Εἶπεν
1224 4408 1314 4460 οὖν
1345 4399 1528 4464 αὖτοτς
1572 4401 1600 4455 ὁ
1642 4398 1848 4464 Ἰησοῦς
1884 4430 1896 4443 -

245 4492 441 4570 Ἀμὴν,
473 4492 618 4568 ἀμην
675 4492 821 4572 λέγω
880 4495 1035 4573 ὑμῖν,
1080 4494 1139 4549 οὗ
1170 4496 1372 4556 Μωσῆς
1402 4487 1625 4546 δέδωκεν
1657 4489 1785 4563 ὺμτν
1812 4488 1903 4545 τὸν

246 4580 395 4659 ἄρτον
450 4581 511 4637 ἐκ
551 4584 643 4638 to":
703 4585 924 4659 ούρανοῦ
954 4598 969 4612 '
1032 4580 1156 4637 ἀλλ’
1213 4582 1241 4637 ὁ
1295 4579 1478 4657 Πατήρ
1536 4599 1637 4653 μου
1688 4573 1904 4659 *δίδωσιν

1982 3510 2141 3576 sunt,
2179 3512 2237 3565 et
2267 3504 2413 3566 ﬁdes
2436 3504 2564 3566 sine
2594 3503 2876 3583 operibus
2900 3504 3173 3567 45.»Vide
3202 3513 3397 3566 autem
3421 3504 3618 3584 ingra-

1983 3590 2293 3653 titudinem
2326 3593 2760 3655 insensatorum
2786 3612 2799 3653 :
2828 3593 3059 3669 signum
3088 3593 3299 3654 iterum
3328 3601 3617 3673 quzerunt,

1983 3680 2251 3761 quamvis
2282 3687 2443 3744 tanta
2473 3690 2531 3742 et
2562 3681 2698 3742 talia
2725 3681 3001 3755 viderint,
3033 3689 3089 3742 et
3119 3682 3374 3743 maxime
3405 3700 3621 3760 panum

1986 3769 2200 3852 quibus
2230 3772 2472 3832 saturati
2499 3771 2753 3833 fuerant.
2774 3773 2928 3833 Vere
2958 3770 3345 3851 gastrimargi,
3381 3771 3483 3851 qui
3504 3772 3620 3833 ite-

1977 3878 2110 3920 rum
2140 3859 2372 3935 signum
2408 3860 2523 3921 tale
2546 3868 2840 3941 quaerunt,
2876 3860 3033 3940 quod
3063 3860 3253 3920 ventri
3285 3861 3616 3939 prodesset:

1978 3955 2037 4011 et
2066 3948 2221 4030 quod
2256 3948 2367 4011 hoc
2399 3949 2475 4010 sit
2507 3967 2733 4026 verum,
2766 3948 2905 4011 589
2934 3948 3305 4010 manifestum
3332 3955 3511 4011 estex
3533 3968 3625 4012 se-

1979 4037 2318 4099 auenﬁbus.

1979 4046 2318 4119 quenubus.

2058 4218 2717 4285 Vns.3l-34.¢Patres
2738 4224 2927 4285 nostri
2946 4223 3447 4284 manducaverunt
3469 4241 3629 4284 man-

1980 4328 2056 4371 na
2077 4309 2137 4370 in
2168 4310 2434 4389 deserto,
2462 4313 2616 4373 sicut
2645 4313 2931 4393 scriptum
2964 4321 3089 4373 est:
3129 4315 3352 4375 Panem
3377 4313 3449 4373 de
3474 4314 3625 4375 cmlo

1987 4399 2152 4461 dedit
2193 4401 2280 4461 eis
2330 4399 2403 4460 ad
2435 4400 2758 4465 edendum.
2811 4401 2965 4464 Dixit
3013 4400 3100 4463 eis
3152 4404 3327 4463 Jesus
3360 4422 3373 4463 :
3408 4401 3624 4482 Amen,

1986 4506 2161 4549 amen
2191 4487 2323 4550 dico
2360 4489 2561 4551 vobis:
2598 4509 2714 4551 non
2773 4491 2966 4552 Moses
3018 4490 3181 4551 dedit
3234 4489 3400 4551 vobis
3458 4490 3628 4552 illum

1988 4595 2198 4657 panem
2232 4578 2307 4639 de
2340 4578 2509 4659 cmlo,
2543 4579 2649 4641 sed
2682 4582 2852 4641 Pater
2882 4599 3051 4641 meus
3082 4580 3179 4641 dat
3208 4580 3369 4641 vobis
3415 4599 3629 4659 panem

244 4671 369 4745 ὑμῖν
426 4672 517 4727 τὸν
550 4671 707 4739 ἄρτον
755 4671 816 4729 ἐκ
864 4679 957 4729 τοῦ
989 4672 1207 4750 οὖρανοῦ
1251 4670 1342 4725 τὸν
1373 4665 1644 4733 ἀληθινόν,
1687 4656 1744 4723 ’0
1803 4665 1891 4742 γαέ

1987 4656 2063 4728 de
2082 4667 2234 4728 malo
2258 4656 2663 4731 verunnPanis
2686 4670 2842 4730 enim
2870 4671 2973 4731 Dei
2993 4669 3210 4748 est,qui
3233 4670 3306 4729 de
3322 4656 3468 4731 caelo
3492 4669 3632 4730 des-

246 4758 394 4839 ἄρτος
449 4761 542 4817 τοῦ
596 4769 726 4819 Θεοῦ
785 4761 934 4819 ἐστιν
976 4762 1004 4819 ὁ
1047 4756 1374 4817 καταϐαίνων
1425 4756 1486 4813 ἐκ
1532 4765 1623 4815 τοῦ
1655 4756 1895 4833 οὐρανοῦ⁹

246 4850 328 4905 καὶ
376 4849 521 4919 ζωὴν
578 4848 746 4914 διδοὺς
794 4858 869 4925 τῷ
909 4851 1118 4925 κόσμῳ.
1169 4850 1335 4903 Εἶπον
1380 4845 1467 4901 οὖν
1508 4845 1640 4923 πρὸς
1689 4842 1845 4902 αὐτόν
1883 4892 1895 4905 .

252 4961 276 4992 ε
312 4938 485 5017 Κύριε,
558 4939 786 4998 πάντοτε
843 4938 931 5005 δὸς
977 4941 1116 5015 ἡμῖν
1174 4936 1264 4992 τὸν
1310 4932 1464 5014 ἄρτον
1522 4940 1727 4995 τοῦτον,
1767 4955 1789 4988 ε
1829 4935 1901 4989 0-5

251 5026 421 5101 μάτην
481 5026 760 5107 ἐλέγομεν,
824 5029 905 5086 ὅτι
948 5032 1021 5094 ὡς
1070 5034 1139 5102 τῇ
1170 5023 1343 5097 κοιλίᾳ
1372 5021 1721 5093 δουλεύοντες,
1770 5022 1899 5091 ἐξῆ-

254 5137 367 5171 τουν
428 5132 659 5191 σημεῖον
696 5138 710 5153 ·
748 5120 867 5177 οἷον
896 5120 964 5185 ἦν
1008 5119 1069 5175 τὸ
1099 5118 1204 5173 τῶν
1249 5112 1442 5193 ἄρτων.
1473 5110 1604 5170 Ἰδοὺ
1646 5118 1769 5189 γοῦν
1812 5118 1901 5167 τοὺ

253 5205 418 5279 μάννα
476 5207 798 5283 μέμνηνται,
857 5210 943 5264 καὶ
1015 5211 1115 5286 οὺχ
1177 5204 1353 5283 ἑτέρου
1404 5203 1545 5265 τινὸς
1610 5201 1899 5277 θαύματος,

251 5294 355 5351 εἴτε
412 5301 518 5350 τῶν
579 5297 899 5374 Αἰγυπτίων,
977 5295 1089 5352 εἴτε
1150 5300 1256 5350 τῶν
1307 5293 1444 5349 κατὰ
1499 5290 1597 5357 τὴν
1656 5286 1904 5369 Ἐρυθρὰν

249 5383 532 5442 θάλασσαν.
602 5384 922 5459 Βουλόμενοι
980 5386 1080 5465 γὰρ
1148 5382 1369 5461 ἐρεθίσαι
1428 5382 1605 5454 αὐτὸν,
1665 5378 1756 5435 ’ίνα
1819 5374 1904 5436 γαὶ

258 5474 406 5537 αὐτὸς
450 5475 688 5532 τοιοῦτον
724 5489 952 5551 σημεῖον
1016 5475 1243 5549 ποιήσῃ,
1276 5471 1405 5547 ὅπερ
1460 5467 1680 5537 ἠδύνατο
1717 5472 1901 5532 αὖτοὺς

337 5632 395 5678 ³⁵
422 5632 545 5697 Jac.
584 5651 649 5715 η,
680 5637 782 5701 20.

1983 4755 2269 4835 cendit,et
2296 4756 2394 4817 dat
2422 4756 2595 4818 vitam
2632 4758 3170 4819 mundoDixcrunt
3199 4776 3339 4836 ergo
3370 4758 3441 4817 ad
3463 4776 3623 4821 eum:

1986 4842 2507 4922 Domine,semper
2522 4846 2594 4906 da
2627 4846 2798 4907 nobis
2829 4865 3041 4926 panem
3061 4846 3291 4909 istum»
3316 4849 3449 4909 Non
3468 4847 3627 4907 frus-

1986 4942 2075 4994 tra
2092 4931 2351 4994 diximus
2383 4935 2537 5013 quod
2578 4935 2763 4995 ventri
2802 4934 3128 4996 servientes
3169 4934 3510 5011 quaerebant
3542 4935 3630 4996 si-

1981 5040 2161 5099 gnum
2205 5021 2377 5102 quale
2415 5030 2541 5084 erat
2595 5024 2827 5103 signum
2891 5042 3132 5104 panum.
3180 5023 3331 5085 Ecce
3372 5032 3430 5083 et
3472 5043 3635 5086 man-

1986 5129 2077 5172 na;
2100 5110 2466 5172 mentionem
2492 5112 2732 5185 faciunt,
2760 5123 2817 5176 et
2843 5133 2959 5175 non
2982 5112 3227 5173 alterius
3252 5113 3523 5173 miraculi
3544 5114 3633 5175 vel

1986 5200 2045 5260 in
2068 5198 2446 5281 Egypto,vel
2466 5200 2523 5261 in
2548 5202 2694 5262 mari
2714 5201 3229 5265 Rubro.Vo|entes
3248 5202 3405 5261 enim
3425 5201 3637 5263 incita-

1988 5307 2053 5351 re
2072 5306 2208 5350 eum
2234 5299 2294 5349 ut
2322 5299 2379 5351 et
2398 5289 2525 5371 ipse
2547 5291 2656 5351 tale
2680 5291 2909 5370 signum
2930 5291 3153 5352 faceret
3175 5310 3289 5369 quo
3314 5290 3637 5352 carnaliter

1988 5389 2396 5460 pascerentur,
2426 5383 2819 5445 recordantur
2839 5401 3071 5444 manna:
3094 5391 3335 5463 propter
3354 5382 3636 5445 immodi-

1986 5486 2113 5531 cam
2139 5469 2357 5549 gulam.
2394 5471 2542 5544 Quid
2565 5473 2740 5552 igitur
2769 5471 3058 5533 immensa
3075 5472 3178 5533 Dei
3199 5471 3488 5553 sapientia
3516 5474 3637 5535 Do-
