4070 6224
239 304 261 367 1
274 302 385 369 301

966 308 1409 372 ENARRATIO
1452 307 1533 371 IN
1576 300 2080 370 EVANGELIUM
2114 305 2455 372 IOANNIS.
2502 343 2579 356 —
2622 309 2791 373 CAP.
2838 313 2942 375 VI.

3466 298 3645 374 1302'

232 439 551 513 πιστεύομεν
639 438 993 509 ἒξοπτηθῆναι
1081 443 1158 516 τῷ
1228 442 1351 520 πυρὶ
1431 440 1530 509 τῆς
1585 440 1879 506 θεότητος¹

1974 435 2178 510 taa,sed
2203 437 2537 516 immutate,
2568 446 2627 503 et
2656 447 2844 503 morte
2872 460 2990 503 non
3022 440 3384 506 deﬁcientis.
3417 440 3491 504 At
3519 442 3623 523 qui

230 534 379 600 ζωῆς
432 528 487 584 δὲ
546 527 703 607 ἄρτος
757 529 817 587 οὒ
876 530 1124 597 τοιαύτης
1184 531 1460 609 συνήθυυς,
1520 528 1657 586 ἀλλά
1687 524 1892 605 παρηλ-

232 616 532 696 λαγμένης,
594 620 683 675 καὶ
738 619 947 693 θανάτῷ
1018 620 1096 694 μὴ
1153 608 1600 693 διακοπτομὲνης.
1666 608 1723 675 Ὀ
1791 638 1889 672 πι-

234 707 438 764 στεύων
490 707 543 763 0“:
603 708 678 772 εἷς
734 710 826 764 τὸν
868 714 1103 765 τοιοῦτον
1159 707 1336 787 ἄρτον,
1396 709 1455 764 οὒ
1514 706 1591 781 μὴ
1634 706 1886 783 πεινάσῃ,

232 794 346 853 οὐδ’
400 798 458 853 οὒ
517 796 594 871 μὴ
654 796 861 875 λιμώξῃ
906 795 1065 873 λιμὸν
1121 804 1214 855 τοῦ
1271 797 1489 853 ἀκοῦσαι
1545 794 1704 871 λόγον
1734 800 1887 865 Θεοῦ,

231 884 348 944 οὖδέ
406 884 610 963 διψήσῃ
670 884 827 962 δίψαν
885 887 1104 959 νοητὴν,
1167 886 1271 943 ἀπὸ
1324 892 1417 942 τοῦ
1475 885 1552 960 μη
1620 882 1771 963 ἔχειν
1827 883 1889 938 τὸ

231 972 373 1054 ὕδωρ
438 978 533 1033 τοῦ
582 976 976 1055 βαπτίσματος,
1021 977 1108 1032 καὶ
1158 977 1249 1031 τὸν
1290 974 1555 1053 ἀγιασμὸν
1583 980 1676 1030 τεῦ
1718 972 1886 1028 Πνεύ-

234 1086 429 1145 ματος,
512 1064 821 1143 γινομένην.
901 1056 959 1124 Ὀ
1014 1066 1112 1140 μὲν
1170 1065 1270 1143 γὰρ
1337 1062 1676 1131 ἀϐάπτιστος,
1732 1059 1888 1135 δίψαν

234 1153 356 1233 ἔχει
389 1154 476 1211 καὶ
521 1154 788 1226 ξηρότητα
818 1152 1047 1229 πολλὴν,
1101 1154 1335 1229 ἀμοιρῶν
1375 1161 1471 1211 τοῦ
1512 1151 1886 1230 ἀναψύχοντος

233 1243 385 1320 ἁγίου
414 1242 599 1307 ὕδατος
632 1262 648 1277 ⁸
709 1245 737 1300 6
795 1241 848 1299 δὲ
881 1241 1321 1320 βεϐαπτισμένος,
1382 1241 1529 1321 ἔχων
1556 1241 1618 1296 τὸ
1650 1241 1883 1317 Πνεῦμα,

234 1331 315 1387 ἀεὶ
365 1336 779 1411 ψυχαγωγεϊται
838 1330 907 1388 δι’
964 1332 1144 1388 αὖτοῦ.
1196 1331 1460 1387 Δεικνύων
1520 1327 1600 1402 δὲ,
1657 1327 1739 1384 ὅτι
1798 1328 1887 1383 καὶ

231 1422 265 1487 ἡ
327 1421 501 1485 πίστις
537 1423 572 1489 ἡ
603 1423 676 1484 εἰς
710 1422 865 1479 αὒτδν
909 1422 967 1477 o6
1018 1423 1085 1477 τὸ
1138 1421 1305 1500 τυχόν
1333 1422 1445 1475 ἔστι
1473 1424 1716 1499 πρᾶγμα,
1752 1415 1887 1472 ἀλλὰ

230 1508 400 1587 δῶρον
458 1512 611 1583 Θεοῦ,
649 1524 768 1574 τοῖς
813 1508 975 1576 ἀξίοις
1051 1512 1138 1566 καὶ
1195 1509 1364 1569 εὐθέσι
1406 1513 1477 1584 τῇ
1518 1506 1702 1585 καρδίᾳ
1749 1506 1891 1585 παρά

230 1605 325 1655 τοῦ
378 1600 582 1678 [ἰατρὸς
640 1597 935 1674 διδόμενον,
970 1601 1150 1681 φησὶν,
1184 1598 1263 1655 ὅτι
1321 1615 1350 1656 ι
1380 1602 1492 1653 Πᾶν
1539 1596 1567 1652 ὃ
1597 1593 1771 1651 δίδωσί
1799 1616 1889 1669 μοι

232 1689 259 1743 6
317 1690 518 1765 Πατὴρ,
578 1689 710 1763 πρὸς
761 1687 857 1763 ἐμὲ
899 1687 1037 1768 ἥξει,
1104 1711 1131 1743 ι
1194 1687 1487 1759 τουτέστιν,
1536 1685 1736 1768 ἐκεῖνοι
1790 1706 1889 1739 πι-

1974 525 2163 588 credit
2192 526 2250 587 in
2277 526 2438 589 illum
2474 546 2710 609 panem,
2742 548 2860 591 non
2892 531 3112 593 esuriet
3166 549 3364 612 neque
3401 531 3614 593 famem

1972 615 2124 677 feret
2141 616 2419 679 audiendi
2450 636 2757 679 semonem
2791 618 3121 700 Dei,neque
3156 620 3316 682 sitiet
3344 620 3623 701 spiritua-

1973 703 2090 765 lem
2114 704 2380 785 sitim,eo
2403 706 2561 786 quod
2598 706 2807 769 habeat
2836 727 3046 789 aquam
3082 708 3357 788 baptismi
3390 719 3448 771 et
3479 727 3619 770 san-

1974 792 2388 856 ctiﬁcationem
2416 795 2851 874 Spiritus.Nam
2874 798 2975 878 qui
3007 816 3123 859 non
3155 797 3481 877 baptizatus
3504 806 3614 872 est,

1975 881 2133 942 sitim
2168 884 2402 961 patitur,
2431 893 2490 946 et
2518 887 3177 966 magnamariditatem,
3210 904 3422 966 expers
3454 906 3621 967 aquae

1974 980 2194 1032 sancta;
2251 973 2680 1051 refrigerantis.
2714 975 3050 1056 Baptizatus
3104 983 3299 1037 autem
3334 976 3615 1056 Spiritum

1973 1058 2172 1133 habet,
2209 1079 2316 1140 per
2346 1080 2524 1142 quem
2552 1080 2792 1144 semper
2821 1064 3227 1142 refrigeretur.
3281 1063 3619 1127 Ostendens

1972 1157 2170 1211 autem
2204 1150 2362 1230 quod
2398 1150 2544 1213 fides
2573 1170 2703 1232 qua
2746 1152 2809 1213 in
2860 1153 3181 1226 Christum,
3217 1170 3334 1213 non
3366 1152 3618 1231 vulgaris

1970 1238 2259 1317 quaepiam
2291 1257 2388 1299 res
2417 1239 2514 1313 sit,
2567 1241 2669 1300 sed
2719 1241 2943 1303 donum
2985 1242 3087 1304 Dei
3128 1241 3322 1320 dignis
3353 1248 3411 1302 et
3440 1241 3620 1302 rectis

1969 1326 2147 1387 corde
2178 1345 2211 1387 a
2244 1330 2416 1389 Patre
2446 1327 2673 1409 datum,
2700 1328 2841 1390 dicit
2862 1330 3017 1410 quod
3046 1354 3072 1384 α
3115 1328 3307 1392 Omne
3337 1328 3492 1409 quod
3520 1328 3621 1389 dat

1968 1416 2113 1476 mihi
2146 1414 2340 1488 Pater,
2376 1418 2447 1478 ad
2479 1436 2572 1479 me
2595 1419 2813 1493 veniet,
2852 1444 2877 1473 ιι
2913 1419 3025 1480 hoc
3049 1427 3158 1490 est,
3177 1419 3260 1479 illi
3284 1417 3616 1480 credentin

1976 1522 2092 1574 me,
2123 1523 2271 1585 quos
2294 1504 2392 1567 dat
2419 1506 2560 1567 mihi
2602 1509 2796 1570 Pater.
2829 1508 2949 1567 Vos
2992 1514 3188 1568 autem
3242 1507 3453 1579 Judaei,
3482 1525 3613 1567 cum

1973 1592 2199 1672 indigni
2232 1594 2381 1669 sitis,
2416 1614 2532 1656 non
2566 1596 2789 1657 damini
2816 1596 2962 1657 mihi
2992 1616 3026 1657 a
3060 1600 3267 1656 Patre:
3305 1603 3618 1675 propterea

1974 1700 2169 1763 neque
2197 1683 2409 1744 venitis
2437 1684 2512 1745 ad
2543 1703 2657 1759 me,
2685 1703 2880 1765 neque
2914 1683 3145 1746 habetis
3176 1692 3400 1745 rectum
3421 1692 3616 1762 cor,ut

1909 1751 1948 1801 ⁸
1972 1751 2352 1850 νοέόὶιίεοηε
2382 1771 2537 1834 Deus
2568 1751 2830 1836 et'Pate'r
2859 1774 3035 1835 ducat
3073 1773 3147 1834 ad
3186 1790 3377 1834 meam
3410 1751 3612 1834 fidem.

1976 1880 2000 1916 ιι
2039 1860 2158 1938 Ego
2187 1869 2382 1923 autem
2415 1880 2550 1923 eum
2601 1863 2698 1943 qui
2750 1862 2912 1924 venit
2967 1863 3041 1924 ad
3092 1880 3187 1923 me
3227 1880 3346 1922 non
3378 1861 3613 1941 ejiciam

1970 1947 2149 2035 foras,
2186 1974 2211 2004 ι
2250 1949 2359 2011 hoc
2392 1959 2479 2011 est
2510 1969 2626 2011 non
2656 1950 2923 2031 perdam,
2950 1951 3055 2012 sed
3102 1949 3360 2029 salvabo,
3395 1958 3454 2011 et
3483 1969 3609 2011 ma-

1967 2054 2081 2115 gna
2109 2054 2251 2098 cura
2270 2037 2436 2099 illum
2455 2038 2823 2103 refocillabo.
2845 2038 3140 2101 Descendi
3158 2040 3317 2100 enim
3339 2038 3414 2100 de
3437 2039 3610 2109 coelo,

1970 2143 2087 2185 non
2122 2134 2181 2185 ut
2212 2126 2369 2187 aliud
2399 2127 2680 2207 quiddam
2731 2128 2942 2190 faciam
3004 2139 3224 2209 praeter
3253 2126 3611 2189 voluntatem

233 1762 537 1833 στεύσουσιν
594 1762 667 1841 εἷς
710 1762 830 1855 εμὲ,
879 1779 966 1843 οὓς
997 1762 1172 1833 δίδωσί
1214 1799 1306 1851 μοι
1351 1777 1379 1831 6
1425 1776 1633 1849 Πατὴρ.
1699 1762 1887 1849 ’Υμετς

231 1865 286 1921 δὲ
346 1868 392 1922 οἱ
453 1864 727 1947 Ἰουδαῖοι,
786 1869 859 1930 ὡς
929 1866 1128 1932 ἀνάξιοι
1185 1864 1361 1939 ὄντες,
1419 1865 1479 1921 ού
1539 1861 1736 1920 δίδοσθέ
1797 1883 1887 1936 μοι

231 1956 373 2035 παρά
429 1963 523 2014 τοῦ
579 1956 784 2036 Πατρός
816 1972 833 1988 ⁹
886 1954 965 2012 διὸ
1008 1953 1124 2013 οὖδέ
1156 1954 1377 2035 ἔρχεσθε
1408 1954 1541 2031 πρὸς
1572 1951 1664 2028 μὲ,
1700 1950 1759 2007 οὖ
1788 1950 1888 2029 γὰρ

232 2044 390 2124 ἔχετε
448 2048 654 2103 εὒθεϊαν
711 2045 808 2113 τὴν
863 2043 1101 2125 καρδίαν,
1159 2044 1252 2100 ’ίνα
1310 2045 1445 2119 ὑμᾶς
1504 2040 1790 2119 ἀγαπήσας
1860 2041 1888 2095 6

231 2136 363 2198 Θεὸς
420 2136 506 2191 καὶ
536 2136 739 2215 Πατὴρ,
806 2134 986 2213 ἀγάγῃ
1044 2136 1117 2198 εἰς
1150 2134 1248 2201 τὴν
1278 2131 1415 2208 ἐμὴν
1442 2132 1645 2188 πίστιν.
1685 2150 1710 2185 ι
1749 2125 1890 2207 Ἐγὼ

226 2221 285 2279 δὲ
346 2225 439 2280 τὸν
488 2214 787 2304 ὶρχόμενον
830 2226 962 2303 πρὸς
994 2224 1085 2302 μὶ,
1118 2226 1177 2281 οὗ
1208 2221 1285 2297 μὴ
1314 2218 1524 2277 ἐκϐάλω
1550 2218 1649 2285 ἔξω
1680 2240 1708 2273 ι
1741 2239 1879 2276 τουτ-

1974 2215 2178 2278 Patris.
2204 2214 2493 2304 Caeterum
2547 2216 2672 2278 haec
2730 2218 2897 2298 dicit,
2958 2230 3023 2277 ut
3066 2217 3298 2278 discant
3330 2215 3486 2295 quod
3512 2215 3614 2295 qui

230 2313 398 2392 ἐστιν,
461 2315 519 2369 οὔ
578 2303 654 2389 μὴ
712 2313 985 2395 ἀπολέσω,
1020 2311 1155 2369 ἀλλά
1214 2311 1396 2389 σώσω,
1446 2313 1535 2365 καὶ
1583 2304 1879 2381 ὶπιμελείας

1970 2318 2107 2365 eum
2136 2322 2253 2365 non
2285 2303 2657 2385 recipit,Deo
2689 2306 2767 2366 sit
2787 2304 3379 2376 adversarius,Patris
3400 2304 3611 2366 volun-

229 2391 525 2458 ἀπολαῦσαι
608 2391 997 2483 παρασκευάσω
1080 2399 1313 2467 πολλῆς.
1375 2395 1729 2465 Καταϐἐϐηκα
1785 2396 1879 2483 γᾷρ

1970 2392 2070 2454 tati
2102 2410 2462 2473 repugnans.
2497 2392 2647 2465 Quia
2679 2396 2836 2456 enim
2872 2395 3039 2456 illum
3070 2393 3475 2455 adversarium
3506 2391 3613 2456 Dei

228 2492 291 2547 ἐκ
334 2493 428 2549 τοῦ
477 2481 715 2571 οὖρανοῦ,
776 2496 880 2572 οὐχ
932 2490 1027 2547 ἵνα
1084 2490 1215 2547 ἄλλο
1243 2512 1295 2546 τι
1326 2487 1507 2568 πράξω
1535 2488 1676 2564 παρά
1705 2487 1766 2542 τό
1792 2482 1879 2541 θέ-

1967 2481 2258 2558 dicehant,
2284 2483 2414 2572 ipse
2443 2484 2668 2545 crimen
2702 2485 2759 2545 in
2804 2484 2940 2545 illos
2980 2483 3176 2557 vertit,
3208 2483 3443 2545 tametsi
3481 2502 3609 2572 non

228 2580 378 2656 λημα
436 2589 529 2639 τοῦ
572 2582 801 2660 Πατρός.
858 2571 1033 2640 Ταῦτα
1063 2577 1117 2635 δέ
1171 2601 1362 2659 φησιν,
1416 2577 1507 2633 ἵνα
1539 2577 1767 2649 μάθωσι,
1800 2572 1879 2629 ὅτι

1967 2571 2679 2646 manifeste,etdicit:Vos
2712 2574 2855 2636 estis
2885 2573 3203 2636 adversarii
3236 2571 3494 2660 Deitqui
3518 2590 3612 2632 me

229 2673 256 2727 6
310 2672 387 2747 μὴ
446 2658 738 2752 δεχόμενος
772 2672 950 2750 αὑτὸν,
982 2668 1215 2733 ἀντίθεός
1269 2669 1433 2747 ἔστιν,
1486 2665 1879 2742 ἑναντιούμενος

1967 2680 2081 2752 non
2113 2660 2398 2741 recipitis,
2433 2663 2532 2752 qui
2564 2662 2716 2724 facio
2745 2663 3109 2752 voluntatem
3156 2658 3485 2722 Patris.Ubi
3519 2666 3613 2752 est

227 2770 303 2837 τῷ
360 2748 619 2838 θελήματι
679 2762 772 2818 τοῦ
817 2748 1045 2838 Πατρός.
1080 2756 1228 2816 Ἐπεὶ
1285 2758 1385 2835 γὰρ
1436 2757 1591 2813 αὑτὸν
1649 2755 1879 2812 ἀντίθεον

1967 2749 2266 2811 Nestorius
2298 2752 2408 2812 hoc
2439 2751 2700 2831 loco,qui
2719 2751 2861 2812 dicit
2890 2751 3045 2829 quod
3066 2756 3198 2830 post
3225 2748 3613 2810 resurrectio-

228 2852 412 2930 ἔλεγον
446 2851 668 2925 ἐκεῖνοι,
732 2850 887 2914 αὐτὸς
944 2850 1005 2905 τὸ
1062 2847 1308 2926 ἔγκλημα
1358 2848 1432 2907 εἰς
1482 2845 1879 2930 αὖτοὺς-περι-

1967 2858 2099 2930 nem
2133 2840 2440 2930 deiﬁcatus
2466 2840 2541 2930 sit
2563 2838 3000 2930 _Ch_ristus?Non
3023 2838 3217 2930 audis,
3243 2838 3610 2930 m_iser,qn_od

226 2922 402 3019 τρέπει
461 2941 550 2997 καί
600 2922 786 3021 φησιν,
852 2941 895 2995 εἶ
942 2938 1027 2993 καὶ
1078 2922 1155 3012 μὴ
1214 2940 1472 3015 φανερῶς,
1529 2931 1634 3005 ὅτι,
1691 2922 1878 3005 ’Υμετς

1967 2926 2377 3021 descenditde
2405 2927 2589 3021 caelo?
2635 2927 2766 3021 Jam
2812 2928 2912 3007 qui
2963 2928 3061 3021 de_
3085 2926 3608 3021 cmlo__descend_it,

225 3014 341 3087 ἐστι
399 3014 644 3107 ἀντίθεοι,
704 3032 750 3085 οἱ
807 3027 884 3094 μὴ
939 3024 1227 3106 δεχόμενοι
1297 3025 1387 3079 τὸν
1445 3028 1521 3096 τῷ
1550 3028 1641 3077 τοῦ
1675 3020 1877 3098 Πατρὸς

1967 3034 2078 3077 ηοη
2098 3017 2299 3096 utique
2319 3016 2515 3077 nudus
2540 3030 2669 3078 erat
2692 3017 3004 3097 homo,sed
3024 3016 3205 3080 Deus.
3225 3014 3433 3077 Nudus
3451 3018 3608 3079 enim

223 3118 482 3193 θελήματι
535 3104 938 3176 ἀκολουθοῦντα.
990 3104 1097 3171 Ποῦ
1139 3113 1250 3170 ἔστι
1300 3111 1579 3189 Νεστόριος
1635 3108 1875 3180 ἐνταῦθα,

1967 3107 2138 3167 homo
2162 3124 2277 3165 non
2297 3105 2741 3181 descendit,sed
2765 3107 2811 3165 si
2844 3106 3086 3187 quidem
3102 3104 3369 3166 ascendit
3394 3104 3453 3166 in
3481 3125 3604 3168 coa-

226 3210 253 3263 6
304 3206 498 3285 )ἐγων,
561 3207 640 3263 ὅτι
686 3206 820 3279 μετά
878 3205 977 3272 τὴν
1022 3203 1309 3259 ἀνάστασιν
1343 3199 1655 3288 ἑθεοποιήθη
1688 3200 1717 3253 6
1743 3204 1875 3288 Χρι-

1967 3194 2248 3288 Ιιιτη,ΔΙιοο
2274 3195 2365 3288 illi
2389 3196 2665 3288 concedit
2690 3203 2930 3276 propter
2958 3195 3234 3257 virtutem
3283 3194 3463 3256 Deus.
3491 3193 3601 3258 So-

224 3298 346 3361 στός
439 3294 547 3353 Οὔκ
600 3295 827 3368 ἀκούεις,
885 3292 1212 3372 ταλαίπωρε,
1274 3288 1354 3347 ὅτι
1396 3286 1758 3354 καταϐέϐηκεν
1816 3285 1877 3342 ἐκ

1967 3285 2073 3347 lius
2117 3284 2353 3346 Domini
2386 3284 2710 3347 descensus
2767 3286 3047 3366 praevenit
3093 3302 3429 3349 ascensum.
3478 3286 3613 3373 Ipse

224 3394 315 3443 τοῦ
371 3388 637 3463 οὖρανοῦ;
700 3374 757 3442 ’0
816 3382 871 3438 δὲ
940 3379 1173 3445 καταϐὰς
1233 3380 1294 3437 ἐκ
1362 3386 1454 3436 τοῦ
1512 3382 1754 3457 οὖρανοῦ,
1817 3378 1875 3434 οὗ

1967 3375 2137 3463 igitur
2164 3382 2223 3435 et
2251 3373 2561 3436 descendit
2582 3375 2657 3437 de
2686 3376 2835 3437 coelo
2862 3376 3012 3437 sicut
3045 3374 3615 3455 Deus,quandoqui-

226 3474 378 3548 ψιλὸς
426 3462 696 3553 ἅνθρωπος
726 3472 897 3543 δήπου
926 3472 1013 3545 ἧν,
1050 3469 1187 3526 ἀλλά
1219 3472 1373 3533 Θεό),
1425 3466 1592 3530 Ψιλὸς
1634 3467 1732 3544 γὰρ
1774 3464 1872 3523 ἄν·

1967 3463 2094 3525 dem
2121 3462 2417 3524 incarnari
2449 3464 2722 3542 dignatus
2751 3472 2839 3525 est
2874 3484 2887 3524 :
2916 3472 2973 3526 et
2994 3464 3263 3526 ascendit
3295 3465 3353 3523 in
3390 3463 3607 3525 caelum

219 3568 427 3642 θρωπος
476 3552 569 3620 κοῦ
646 3560 976 3633 καταϐαίνει,
1037 3558 1157 3616 ἀλλ’
1238 3561 1281 3616 εξ
1344 3558 1443 3638 ἄρα
1485 3554 1753 3612 ἀναϐαίνει
1798 3554 1871 3617 εἷς

1967 3572 2089 3613 cum
2120 3552 2247 3642 ﬁt)!
2290 3570 2495 3632 carne,
2526 3562 2591 3614 ut
2619 3554 2795 3614 homo
2818 3552 3177 3642 scilicet,ubi
3209 3561 3333 3613 erat
3358 3552 3519 3632 prius
3546 3563 3609 3613 ut

221 3641 464 3729 οὗρκνὸν,
525 3651 891 3732 χαριζομένου
943 3648 1011 3706 δι’
1072 3648 1266 3727 ἀρενὴν
1321 3656 1475 3705 τοῦτο
1551 3652 1645 3703 τοῦ
1718 3650 1870 3702 Θεοῦ.

1967 3641 2272 3706 Deus.Non
2307 3642 2488 3732 igitur
2510 3643 2707 3732 nudus
2729 3644 2904 3732 homo
2936 3650 3064 3732 erat
3094 3641 3359 3732 Christus
3402 3652 3602 3721 postea

222 3740 369 3798 Ἐπεὶ
422 3730 670 3798 οὗνητοῦ
742 3739 930 3820 Κυρίου
984 3741 1019 3807 ἡ
1080 3734 1378 3801 καταϐασις
1452 3730 1713 3815 προέλαϐε
1770 3732 1872 3797 τὴν

1967 3732 2285 3803 deiﬂcatus,
2322 3731 2476 3793 sicut
2505 3730 2796 3793 delirabat
2822 3730 3153 3820 Nestorius,
3178 3730 3281 3791 sed
3312 3730 3469 3791 Deus
3490 3748 3599 3792 an-

222 3827 493 3904 ἀνᾶϐασιν,
555 3832 583 3886 6
641 3830 796 3892 αὐτὸς
856 3836 944 3886 οὖν
993 3829 1080 3885 καὶ
1136 3824 1336 3894 κατέϐη
1390 3825 1445 3891 EE
1503 3826 1746 3901 ούρανοῦ,
1799 3824 1873 3879 ὡς

1967 3828 2014 3880 te
2044 3821 2282 3895 secula,
2308 3820 2652 3882 incarnatus
2683 3819 3018 3882 novissimis
3050 3820 3435 3899 temporibus.

228 3921 357 3982 Θεὸς
387 3917 660 3991 δηλονότι,
694 3916 779 3975 διὰ
807 3919 869 3975 τὸ
924 3916 1323 3996 ξνανθρωπῆσαι
1380 3910 1715 3992 σδγκαταϐάς
1751 3926 1765 3941 ⁸
1826 3911 1915 3967 καὶ
1944 3907 2107 3977 ἀνέϐη
2138 3912 2211 3974 εἷς
2238 3912 2507 3989 οὒρανοὺς,
2564 3912 2697 3985 μετά
2742 3912 2931 3979 σαρκὸς
2964 3908 3167 3976 δηλαδὴ
3199 3912 3271 3973 ὡς
3306 3908 3597 3988 ἄνθρωπος,

221 4008 336 4065 ἔνθα
365 4012 431 4077 ἦν
460 4010 520 4065 τὸ
548 4011 802 4087 πρότερον
830 4010 903 4072 ὣς
938 4007 1087 4073 Θεός.
1122 4008 1229 4064 Οὸκ
1259 4006 1358 4083 ἄρα
1393 4002 1550 4080 ψιλὸς
1586 4001 1859 4078 ἅνθρωπος
1889 4001 1919 4057 6
1952 4004 2200 4074 Χριστὸς,
2233 4001 2441 4063 θεωθεὶς
2471 3999 2707 4079 ὕστερον,
2748 4001 2821 4063 ὠς
2872 3998 3045 4075 ἐλήρει
3102 4000 3406 4077 Νεστόριος,
3468 3999 3602 4057 ἀλλὰ

223 4104 350 4162 Θεὸς
382 4099 699 4169 προαιώνιος
731 4098 1140 4176 ἒνανθρωπήσας
1184 4095 1238 4152 ἐν
1274 4095 1533 4175 ξσχατοϊς
1565 4108 1801 4172 καιροῖς.

304 4206 333 4245 (
368 4195 528 4246 Τοῦτο
558 4185 613 4242 δέ
656 4186 767 4244 ἔστι
802 4189 864 4243 τὸ
917 4185 1130 4261 θέλημα
1169 4192 1261 4241 τοῦ
1308 4182 1623 4259 πέμψαντός
1654 4202 1719 4256 με
1759 4187 1868 4236 [Ια-

2036 4178 2219 4242 Vsns.
2250 4179 2350 4253 39,
2377 4180 2503 4243 40..
2536 4204 2559 4235 α
2585 4177 2720 4239 Haec
2761 4187 2956 4240 autem
3004 4179 3268 4240 voluntas
3315 4180 3467 4258 ejus,
3503 4181 3603 4260 qui

223 4278 361 4354 τρὸς,
417 4276 509 4332 ἵνα
538 4282 643 4332 πᾶν
677 4277 705 4332 ὃ
742 4273 934 4331 δέδωκὲ
965 4297 1085 4350 μοι,
1115 4275 1173 4330 06
1203 4274 1280 4349 μὴ
1311 4270 1561 4329 ἀπολέσω
1590 4269 1641 4335 ἐξ
1690 4271 1866 4343 αὖτοῦ,

1967 4269 2114 4329 misit
2136 4271 2547 4345 me,Patris,ut
2579 4286 2759 4331 omne
2790 4268 2945 4349 quod
2972 4268 3137 4329 dedit
3158 4268 3453 4341 mihi,non
3474 4288 3603 4349 per-

222 4364 353 4421 ἀλλά
410 4364 698 4433 ἀναστήσω
741 4365 865 4420 αὑτὸ
922 4363 975 4419 ἐν
1032 4367 1103 4438 τῇ
1157 4362 1367 4442 ὶσχάτῃ
1448 4360 1645 4437 ἡμέρᾳ.
1705 4360 1872 4417 τοῦτο

1967 4357 2086 4419 iam
2113 4376 2181 4419 ex
2216 4358 2418 4431 eo,sed
2452 4358 2799 4419 resuscitem
2848 4356 2993 4419 illud
3027 4357 3086 4418 in
3122 4358 3444 4419 novissimo
3477 4358 3598 4419 die.

222 4454 272 4509 δέ
318 4454 427 4511 ἐστι
489 4455 547 4510 τὸ
608 4453 818 4529 θέλημα
874 4460 968 4509 τοῦ
1025 4451 1338 4527 πέμψαντός
1396 4471 1490 4523 με,
1546 4450 1639 4505 ’ἵνα
1699 4454 1804 4512 πᾶς
1841 4449 1870 4504 6

1967 4449 2090 4510 llth
2110 4455 2201 4509 est
2228 4457 2423 4509 autem
2460 4446 2728 4509 voluntas
2750 4448 2881 4527 ejus
2910 4448 3008 4527 qui
3044 4446 3199 4507 misit
3232 4466 3346 4521 me,
3383 4457 3443 4508 ut
3465 4468 3598 4509 om-

220 4547 428 4623 θεωρῶν
482 4545 573 4599 τὸν
634 4545 777 4622 Υἱὸν,
837 4546 925 4599 καὶ
980 4544 1244 4597 πιστεύων
1276 4542 1346 4605 εἰς
1378 4540 1557 4618 αὑτὸν,
1591 4537 1697 4617 ἔχῃ
1726 4537 1871 4607 ζωὴν

1967 4535 2048 4597 nis
2077 4536 2178 4617 qui
2198 4536 2357 4597 videt
2386 4536 2621 4610 Filium,
2656 4544 2714 4597 et
2755 4536 2944 4598 credit
2987 4536 3047 4596 in
3073 4554 3232 4608 eum,
3267 4535 3477 4598 habeat
3508 4536 3598 4597 vi-

224 4621 429 4688 αἰώνιον
461 4649 476 4665 ·
539 4632 627 4688 καὶ
682 4621 970 4700 ἀναστήσω
1026 4629 1185 4686 αὺτὸν
1240 4628 1348 4706 ἐγω
1403 4627 1458 4683 ἐν
1522 4626 1592 4694 τῆ
1660 4621 1870 4705 ἐσχάτῃ

1967 4635 2071 4685 tam
2103 4634 2413 4701 mternam,
2449 4635 2507 4687 et
2536 4644 2644 4705 ego
2672 4624 2969 4686 suscitabo
3000 4642 3136 4685 eum
3189 4626 3244 4683 in
3279 4625 3601 4689 novissimo

220 4721 409 4799 ἡμέρᾳ.
448 4745 471 4777 ι
540 4721 793 4800 Σοδνεχῶς
847 4722 1021 4786 τίθησι
1080 4720 1166 4792 τὸ,
1245 4741 1272 4772 ε
1336 4715 1542 4773 Δέδωκέ
1586 4736 1675 4790 μοι
1706 4716 1735 4770 6
1768 4720 1873 4770 Πα-

1967 4714 2051 4775 lie
2086 4736 2114 4773 ι
2146 4714 2413 4777 Subinde
2435 4715 2618 4794 ponit,
2654 4739 2681 4769 α
2707 4713 2878 4774 Dedit
2904 4713 3050 4773 mihi
3086 4715 3278 4784 Pater,
3318 4734 3344 4771 ι
3384 4722 3443 4773 ut
3476 4733 3603 4793 per-

219 4812 339 4888 τηρ,
394 4835 416 4867 ι
472 4808 567 4866 ἵνα
622 4808 801 4885 πλήξῃ
849 4811 945 4874 τὰς
1002 4806 1213 4883 καρδίας
1244 4807 1437 4880 αὒτῶν,
1472 4808 1557 4862 καὶ
1587 4806 1869 4883 ὶπιγνῷεν,

1967 4805 2197 4883 stringat
2223 4804 2402 4865 corda
2430 4804 2666 4865 illorum
2699 4812 3097 4881 utagnoscant
3122 4819 3185 4865 se
3215 4801 3317 4862 Dei
3355 4821 3603 4864 munere

220 4901 295 4958 ὅτι
345 4906 444 4967 τῆς
498 4908 593 4957 τοῦ
652 4900 783 4956 Θεοῧ
841 4898 1041 4979 δωρεᾶς
1116 4898 1316 4964 ἀνάξιοί
1359 4899 1511 4959 εἰσιν,
1576 4897 1632 4953 Εἰ
1686 4896 1786 4974 γὰρ
1843 4897 1871 4951 6

1967 4893 2252 4974 indignos.
2280 4893 2423 4955 Nam
2468 4894 2518 4955 si
2555 4897 2731 4956 Pater
2760 4894 2858 4953 dat
2883 4902 2945 4953 ut
2978 4910 3252 4971 magnum
3286 4891 3597 4971 quiddam,

222 4996 399 5067 Πατὴρ
456 4988 663 5045 δίδωσιν
724 4990 797 5052 ὡς
846 4990 984 5066 μέγα
1042 5010 1093 5044 τι
1137 4988 1234 5055 τὴν
1290 4988 1361 5049 εἷς
1417 4986 1644 5064 Χριστὸν
1674 4985 1869 5057 πίστιν,

1967 4983 2192 5061 dignam
2235 4982 2294 5044 in
2327 4983 2625 5046 Christum
2657 4982 2861 5061 fidem,
2888 4981 3002 5061 ipsi
3051 4989 3249 5043 autem
3287 4980 3448 5042 illam
3483 5000 3602 5043 non

224 5080 362 5134 αὖτοὶ
414 5076 467 5133 δὲ
524 5078 723 5143 ταύτην
780 5081 875 5135 οὒκ
927 5077 1137 5157 ἔχουσι,
1186 5073 1451 5154 προδηλον
1499 5074 1579 5130 ὄτι
1635 5078 1734 5138 τῆς
1780 5080 1875 5129 τοῦ

222 5168 345 5223 Θεοῦ
401 5169 600 5247 δωρεᾶς
667 5167 1142 5227 ἀποπεπτώκασιν,
1232 5163 1375 5243 Ἐγὼ
1432 5164 1630 5243 τοίνυν,
1686 5163 1866 5242 φησὶν,

219 5259 309 5314 οὓκ
338 5255 585 5313 ἀπολέσω
612 5259 702 5319 οὒς
746 5256 921 5313 δίδωσί
964 5278 1087 5330 μοι⁹
1113 5258 1140 5311 6
1186 5255 1391 5333 Πατὴρ,
1441 5252 1703 5328 τουτέστι,
1748 5252 1868 5315 τοὺς

222 5346 559 5410 πιστεύοντός
594 5368 683 5421 μοι
719 5362 732 5375 ⁹
782 5344 901 5401 ἀλλ’
962 5345 1249 5414 ἀναστήσω
1296 5344 1508 5417 αὐτοὺς,
1544 5342 1672 5420 ὅπερ
1701 5341 1866 5420 ἐστιν,

221 5436 553 5498 ἀναστάσεως
607 5434 825 5499 ἀξιώσω
876 5432 1149 5511 λαμπρᾶς,
1215 5434 1378 5499 Διττὴ
1454 5431 1553 5509 γάρ
1620 5429 1759 5485 ἐστιν
1831 5431 1865 5497 ἡ

221 5525 500 5587 ἀνάστασις
539 5542 549 5555 ·
612 5526 646 5592 ἡ
691 5527 790 5599 μὲν
834 5523 983 5589 now},
1030 5524 1114 5579 καὶ
1163 5520 1440 5596 καθολική,
1488 5521 1552 5589 ἣν
1594 5520 1786 5583 πάντες
1820 5520 1867 5576 οἱ

225 5617 517 5695 ἁμαρτωλοὶ
576 5617 872 5673 ἀνίστανται

1957 5072 2196 5145 habent,
2227 5071 2600 5134 manifestum
2626 5080 2715 5133 est
2736 5072 2889 5151 quod
2926 5070 3082 5131 dono
3115 5069 3220 5131 Dei
3244 5068 3599 5131 exciderint.

1955 5159 2131 5239 Igitur
2153 5161 2632 5241 ego,inquit,non
2668 5160 2909 5241 perdam
2938 5178 3088 5240 quos
3109 5159 3207 5220 dat
3230 5158 3377 5219 mihi
3404 5161 3602 5231 Pater,

1955 5251 2065 5311 hoc
2094 5258 2181 5309 est
2212 5269 2313 5310 eos
2343 5251 2443 5329 qui
2463 5250 2716 5311 credunt
2742 5249 3022 5321 n.ihi,sed
3055 5247 3419 5310 resuscitabo
3444 5248 3600 5324 illos,

1954 5340 2065 5401 hoc
2096 5349 2185 5400 est
2214 5338 2272 5399 in
2308 5339 2753 5400 resurrectione
2808 5338 3069 5399 claritate
3102 5338 3237 5399 illos
3289 5336 3599 5415 dignabor.

1948 5427 2173 5507 Duplex
2207 5428 2363 5488 enim
2378 5429 2985 5490 eslresurreclio:una
3000 5426 3235 5507 quidem
3268 5428 3605 5489 communis

1952 5526 2002 5577 et
2017 5516 2456 5599 generalis,qua
2470 5536 2679 5578 omnes
2700 5517 2875 5579 etiam
2894 5526 3238 5597 peccatores
3258 5526 3601 5599 resurgunt;

912 5632 923 5644 ‘
976 5619 1005 5683 ἡ
1041 5615 1120 5695 δὶ,
1157 5617 1221 5681 ἢν
1254 5616 1403 5688 μόνοι
1462 5616 1507 5670 οἱ
1550 5611 1736 5668 δίκαιοι
1793 5615 1864 5677 εἷς

1967 5607 2275 5687 altera,qua
2308 5605 2574 5686 solijusti
2607 5613 3020 5668 asssumuntur
3045 5605 3103 5667 in
3145 5623 3455 5667 occursum
3482 5606 3604 5686 Do_
