4070 6224
307 365 459 432 1305

981 368 1431 435 ΕΝΑΗΗᾹΤΙΟ
1477 374 1560 436 ΙΝ
1605 373 1961 436 EVANGEL

2051 375 2114 435 Μ
2158 375 2500 440 JOANNIS.
2549 407 2627 420 --
2669 377 2834 440 CAP.
2883 377 2989 440 VI.

3539 371 3692 436 4306

296 505 600 565 πιστεῦσαι.
666 491 898 568 ’Ἀλλως
944 501 1022 560 δέ’
1070 503 1337 570 Ἐκείδους
1369 505 1510 563 ἕλκει
1542 508 1570 564 6
1603 508 1808 587 Πατὴρ,
1842 507 1961 570 τοὺς

2051 504 2277 569 diturus
2308 516 2419 573 est.
2462 510 2537 571 Et
2563 508 2736 571 aliter
2770 531 2782 567 :
2817 509 2958 571 Illos
2987 509 3166 572 trahit
3208 512 3407 592 Pater,
3442 509 3542 588 qui
3575 510 3687 572 ha-

301 593 440 648 κατὰ
514 592 815 672 προαίρεσιν
913 592 1330 662 έπιτηδειότητα
1412 595 1663 677 ἔχοντας’
1723 599 1844 662 τοὺς
1882 595 1955 671 ¹δὲ

299 685 625 769 ποιήσαντας
696 685 910 747 ἑαυτοὺς
1001 684 1419 760 ἀνεπιτηδείους,
1508 691 1612 769 οὐχ
1682 689 1822 746 ἕλκει
1882 691 1954 754 εἷς

301 773 501 832 πίστιν.
535 761 752 852 υΩιιτπερ
782 773 882 852 γὰρ
925 774 962 840 ἦ
1004 777 1293 854 μαγνῆτις,
1329 778 1388 833 οὗ
1431 761 1626 859 πάντα,
1661 779 1750 843 οἷς
1781 800 1953 858 προσ-

298 864 516 940 εγγίζει,
572 860 708 920 ἀλλὰ
764 862 926 937 μόνον
1008 866 1099 921 τὸν
1173 863 1384 942 σίδηρον
1413 865 1577 923 ἕλκει·
1613 867 1750 924 οὕτω
1808 870 1894 924 καὶ
1926 870 1953 923 6

301 953 454 1022 Θεὸς,
516 957 646 1008 πᾶσι
712 951 807 1028 μὲν
859 952 1076 1032 ἐγγίζει,
1135 955 1254 1020 τοὺς
1339 954 1799 1036 ἐπιτηδειοτέρους
1871 955 1953 1030 δὲ,

298 1043 385 1098 καὶ
429 1042 688 1098 οἶκείωσίν
718 1063 834 1097 τινα
889 1045 1019 1119 πρὸς
1067 1043 1222 1100 αὐτὸν
1280 1043 1737 1121 ἐπιδεικνυμένους
1784 1045 1952 1107 ἓλκει.

303 1122 361 1190 Ὀ
433 1131 530 1206 μὲν
587 1131 676 1188 οὖν
725 1133 908 1210 Πατὴρ
963 1131 1104 1188 ἕλκει
1148 1135 1235 1190 καὶ
1264 1135 1518 1213 προσάγει
1549 1140 1626 1208 τῷ
1671 1139 1800 1211 Υἱῷ,
1847 1139 1873 1192 6
1899 1135 1953 1191 δὲ

303 1223 422 1286 Υἱὸς
453 1222 660 1296 ἆνιστᾷ,
706 1222 792 1277 καὶ
820 1229 1096 1301 ζωοποιεῖ,
1129 1225 1214 1280 καὶ
1243 1224 1340 1292 τὴν
1379 1227 1434 1282 ἒν
1477 1225 1702 1303 ἀγαθοῖς
1746 1227 1938 1304 πνοὴν,

301 1313 389 1394 καὶ
438 1311 602 1390 ζωήδ,
664 1310 698 1379 ἦ
756 1311 870 1367 ἐστι
901 1314 962 1369 τὸ
995 1319 1206 1389 Πνεῦμα
1234 1315 1295 1370 τὸ
1346 1313 1518 1394 ἂγιον,
1566 1316 1939 1394 χαριζόμενος.

308 1391 370 1458 ’Π
401 1401 521 1480 ἁγία
565 1400 654 1457 οὗν
685 1401 843 1480 Τριὰς
914 1405 1181 1479 εὐεργετεῖ
1249 1403 1370 1468 τοὺς
1396 1391 1795 1477 auctet-30%“,
1856 1405 1943 1459 καὶ

305 1493 365 1548 οῦ
412 1492 554 1570 παρὰ
626 1490 782 1571 μέρος
839 1493 867 1546 6
938 1493 1115 1570 Πατὴρ
1172 1492 1357 1568 μόνος,
1429 1493 1463 1561 ἢ
1495 1495 1536 1550 6°
1573 1495 1690 1557 Υἱὸς
1755 1507 1938 1568 μοιος⁶

303 1579 424 1636 ἀλλ’
494 1581 672 1648 ὥσπερ
728 1581 822 1655 μία
884 1581 1057 1661 φύσις,
1131 1580 1270 1637 οὕτω
1313 1583 1400 1637 καὶ
1430 1583 1462 1650 ἡ
1508 1586 1606 1650 τῆς
1656 1584 1953 1662 εὐεργεσίας

306 1669 539 1747 ἐνέργεια
597 1670 714 1744 μία,
775 1675 867 1726 τοῦ
926 1670 1129 1747 Πατρὸς
1189 1670 1572 1749 προσάγοντος,
1665 1682 1758 1731 τοῦ
1839 1676 1957 1728 Υἶοῦ

307 1759 713 1831 ζωόποιοῦντος,
775 1765 866 1815 τοῦ
935 1758 1085 1837 ἁγίου
1143 1759 1448 1833 Πνεύματος
1500 1760 1612 1816 ἀντὶ
1655 1761 1822 1829 πνοῆς
1866 1785 1960 1841 γι-

307 1849 525 1923 νομένου
581 1858 700 1914 τοῦς
772 1848 1241 1924 ζωοποιουμένοις.
1291 1854 1401 1913 Πᾶς
1476 1851 1575 1927 γὰρ
1628 1853 1655 1907 6
1699 1854 1826 1925 ζῶν,
1874 1853 1960 1909 καὶ

305 1939 471 2006 πνοὴν
541 1937 680 2018 ἔχει.
719 1927 865 2015 "Op:
894 1935 948 1992 δὲ
976 1941 1076 2004 τὴν
1107 1937 1372 1996 αῦθεντίαν
1399 1941 1494 1995 τοῦ
1529 1941 1672 2000 Υἱοῦ⁶
1711 1964 1739 1995 α
1791 1939 1956 2020 Ἐγώ,

307 2029 490 2109 φησὶν,
522 2028 829 2097 ἀναστήσω.
893 2050 916 2082 ι
994 2031 1103 2085 Οὖκ
1157 2027 1280 2084 εἶπε
1322 2028 1446 2106 γὰρ,
1508 2029 1611 2104 ὅτι,
1662 2020 1720 2089 “ο
1779 2032 1960 2109 Πατήρ

311 2139 412 2192 μου
481 2117 791 2188 ἀναστήσει,
825 2112 974 2185 ἀλλ’,
1015 2139 1036 2170 ι
1077 2114 1241 2192 Ἐγὼ.
1283 2138 1305 2172 ι
1339 2117 1414 2174 Οὐ
1440 2119 1540 2197 γὰρ
1586 2117 1654 2175 δι’
1705 2119 1831 2180 ὃλου
1859 2143 1958 2175 τα-

309 2213 502 2270 πεινῶς
562 2204 862 2286 φθέγγεται,
932 2203 1054 2262 ἀλλ’
1141 2204 1281 2261 ’ἐστιν
1334 2205 1393 2262 οὗ
1442 2208 1530 2264 καὶ
1572 2210 1634 2266 τὸ
1691 2209 1825 2285 ὕψος
1858 2212 1956 2276 τῆς

312 2297 503 2361 οἰκείας
535 2294 849 2351 έκκαλύπτει
879 2292 1155 2361 θεότητος,

398 2410 426 2442 ι
461 2385 634 2444 "Em
679 2383 1044 2463 γεγραμμένον
1068 2388 1124 2440 ἓν
1150 2386 1274 2448 τοῖς
1315 2388 1638 2468 προφήταις·
1679 2389 1775 2446 Καὶ
1804 2388 1959 2446 ’ἐσον-

312 2500 398 2535 ται
455 2475 648 2534 πάντες
705 2471 932 2530 διδακτοῖ
989 2477 1079 2530 τοῦ
1134 2483 1288 2533 Θεοῦ.
1349 2483 1460 2540 Πᾶς
1518 2477 1606 2533 οὖν
1666 2479 1694 2533 ὁ
1751 2477 1957 2536 ἀκούων

313 2567 455 2646 παρὰ
501 2571 594 2622 τοῦ
623 2565 825 2643 Πατρὸς
873 2563 960 2619 καὶ
1003 2565 1207 2639 μαθὼν,
1269 2563 1483 2646 ἔρχεται
1539 2569 1668 2643 πρὸς
1713 2566 1803 2642 μέ·
1863 2567 1967 2647 οὔχ

315 2657 396 2714 ὅτι
467 2656 556 2712 τὸν
630 2652 836 2728 Πατέρα
864 2674 945 2717 τις
975 2652 1232 2734 ἑώρακεν,
1266 2656 1310 2710 εἰ
1341 2655 1419 2730 μὴ
1469 2657 1497 2711 6
1548 2654 1622 2711 ὤν
1679 2657 1822 2734 παρὰ
1875 2657 1969 2713 τοῦ

319 2753 472 2818 Θεοῦ,
533 2747 683 2808 οὗτος
736 2742 937 2821 ἑώρακε
989 2744 1079 2799 τὸν
1127 2743 1356 2814 Πατέρα.
1408 2742 1605 2821 Ἀμὴν,
1638 2745 1782 2821 ἀμὴν
1825 2745 1968 2825 λέγω

321 2839 468 2913 δμῖν,
506 2838 533 2892 6
561 2833 945 2913 πιστεύων-εἶς
976 2831 1094 2907 ἐμὲ,
1129 2831 1247 2912 ἔχει
1273 2834 1416 2904 ζωὴν
1450 2833 1682 2897 αἰώνιον,
1736 2859 1760 2892 ι
1802 2836 1969 2894 Εἶπεν

2043 595 2187 658 bent
2215 597 2527 659 voluntatis
2559 598 2976 675 aptitudinem.
3013 597 3128 660 Eos
3163 608 3358 661 autem
3392 599 3488 681 qui
3523 600 3686 679 seip-

2040 704 2136 746 sos
2166 705 2280 747 non
2314 686 2533 748 faciunt
2564 687 2836 761 idoneos,
2871 707 2987 749 non
3013 689 3190 751 trahit
3219 689 3292 750 ad
3328 687 3681 751 ﬁdem.Nam

2039 774 2189 836 sicut
2221 794 2460 855 magnes
2490 795 2607 837 non
2641 777 2842 837 omnia
2862 778 2934 838 ad
2967 797 3098 859 quae
3154 779 3398 859 propius
3419 778 3680 859 applica-

2039 874 2156 945 tur,
2181 865 2283 926 sed
2319 866 2509 926 solum
2533 866 2754 926 ferrum
2787 867 3051 944 attrahit;
3087 869 3163 929 ita
3195 875 3252 930 et
3282 868 3436 930 Deus
3457 867 3529 928 ad
3561 886 3682 927 om-

2040 971 2145 1013 nes
2176 954 2411 1034 quidem
2435 954 2797 1035 apprOpriat,
2834 974 2936 1016 eos
2982 966 3177 1018 autem
3202 958 3305 1038 qui
3335 957 3519 1035 magis
3549 956 3682 1017 ido-

2041 1043 2160 1117 nei,
2193 1051 2250 1104 et
2279 1042 2736 1104 familiaritatem
2763 1062 2898 1123 erga
2929 1045 3120 1125 ipsum
3169 1066 3289 1127 prae
3349 1066 3412 1108 se
3462 1046 3679 1125 ferunt,

2041 1131 2240 1192 trahit.
2270 1130 2452 1210 Igitur
2484 1135 2661 1196 Pater
2681 1133 2920 1213 quidem
2944 1134 3122 1197 trahit
3150 1145 3207 1196 et
3236 1134 3474 1197 adducit
3497 1136 3567 1196 ad
3592 1133 3682 1196 Fi-

2027 1222 2198 1294 lium,
2235 1222 2420 1284 Filius
2445 1231 2638 1284 autem
2673 1224 2988 1286 resuscitat
3020 1232 3078 1286 et
3108 1225 3379 1298 viviﬁcat,
3417 1225 3476 1286 in
3508 1224 3679 1286 bonis

2029 1311 2203 1372 vitam
2256 1320 2312 1371 et
2357 1311 2772 1392 spirationem,
2810 1315 2922 1376 hoc
2967 1323 3050 1376 est
3101 1314 3382 1395 Spiritum
3415 1321 3680 1375 sanctum

2029 1398 2318 1462 tribuens.
2362 1405 2564 1481 Itaque
2617 1412 2818 1464 sancta
2870 1403 3128 1464 Trinitas
3161 1405 3453 1466 benefacit
3485 1404 3555 1464 iis
3583 1396 3681 1483 qui

2037 1489 2310 1570 credunt,
2347 1498 2404 1551 et
2436 1510 2552 1551 non
2579 1489 2749 1552 Pater
2775 1494 2958 1574 solus,
2993 1494 3084 1555 vel
3130 1493 3316 1555 Filius
3365 1494 3548 1572 solus,
3581 1493 3683 1554 sed

2041 1579 2195 1640 sicut
2222 1598 2336 1641 una
2380 1592 2616 1660 natura,
2652 1583 2728 1643 ita
2761 1602 2878 1643 una
2927 1585 3191 1662 operatio
3253 1582 3686 1654 beneﬁcentiae,

2044 1670 2235 1731 Patris
2266 1669 2640 1746 adducentis,
2673 1671 2810 1734 Filii
2830 1672 3202 1746 viviﬁcantis,
3226 1671 3479 1751 Spiritus
3503 1669 3692 1732 sancti

2045 1757 2146 1837 qui
2180 1760 2242 1819 ﬁt
2292 1758 2365 1819 iis
2424 1760 2524 1839 qui
2559 1760 2952 1841 viviﬁcantur,
2978 1779 3083 1842 pro
3114 1761 3458 1841 spiratione.
3487 1759 3695 1822 Omnis

2046 1849 2201 1910 enim
2238 1848 2336 1926 qui
2358 1850 2518 1930 vivit,
2551 1852 2730 1912 etiam
2765 1852 3149 1932 spirationem
3180 1848 3374 1912 habet.
3405 1849 3552 1911 Vide
3582 1867 3696 1910 au—

2045 1946 2160 2000 tem
2193 1938 2594 1999 auctoritatem
2625 1939 2758 2002 Filii
2789 1959 2802 2002 :
2844 1965 2866 1997 ιι
2906 1940 3049 2021 Ego,
3086 1939 3298 2020 inquit,
3329 1938 3694 2000 suscitabo.»

2046 2029 2175 2090 Non
2220 2027 2364 2088 dixit
2394 2027 2578 2104 enim,
2603 2029 2776 2090 Pater
2807 2048 2975 2092 meus
2999 2027 3691 2106 suscitabit;sed,cEgo.n

2045 2119 2175 2179 Non
2209 2117 2367 2178 enim
2401 2136 2508 2198 per
2546 2118 2747 2180 omnia
2776 2119 3024 2181 humilia
3055 2120 3338 2200 loquitur,
3389 2117 3494 2179 sed
3546 2136 3698 2178 non-

2045 2225 2347 2289 nunquam
2378 2207 2654 2269 sublimia
2683 2227 2805 2270 ειμι
2836 2208 3072 2272 deitatis
3102 2207 3343 2286 detegit.

2126 2391 2306 2453 Vens.
2341 2393 2440 2454 45.
2483 2416 2508 2446 α
2544 2391 2645 2453 Est
2674 2391 2959 2472 scriptum
2993 2391 3052 2452 in
3084 2391 3410 2471 prophetis.
3434 2389 3698 2452 Eterunt

2046 2497 2252 2540 omnes
2285 2479 2444 2542 docti
2474 2499 2508 2540 a
2536 2479 2683 2543 Deo.
2705 2480 2914 2541 Omnis
2933 2497 3073 2557 ergo
3104 2478 3206 2560 qui
3246 2479 3412 2541 audit
3441 2497 3475 2540 a
3501 2476 3695 2551 Patre,

2051 2574 2110 2627 et
2140 2566 2366 2642 didicit,
2402 2569 2558 2630 venit
2585 2569 2658 2629 ad
2693 2588 2828 2632 me:
2861 2589 2978 2630 non
3033 2570 3186 2650 quod
3225 2566 3456 2629 Patrem
3489 2566 3703 2628 viderit

2051 2657 2387 2738 quisquam,
2446 2658 2557 2718 nisi
2612 2661 2712 2739 qui
2769 2667 2858 2718 est
2898 2676 2931 2718 a
2961 2661 3083 2720 Deo
3133 2658 3226 2718 hic
3257 2656 3400 2718 vidit
3441 2655 3696 2717 Patrem.

2051 2747 2266 2817 Amen,
2303 2765 2474 2808 amen
2507 2746 2640 2808 dico
2662 2746 2828 2807 vobis
2862 2763 2876 2808 :
2912 2747 3013 2826 qui
3043 2745 3289 2806 conﬁdit
3324 2743 3495 2816 mihi,
3521 2742 3702 2804 habet

2055 2839 2225 2897 vitam
2255 2835 2768 2897 azternam.»Dixit
2798 2835 3075 2915 superius
3105 2834 3359 2913 quoduls
3390 2851 3563 2913 quem
3589 2831 3696 2892 Pa-

317 2910 589 3002 ἀνωτέρω,
635 2921 714 2977 ὅτι
749 2944 777 2976 ι
816 2910 924 2977 “Ov
953 2919 1014 2978 ἄν
1045 2910 1240 2996 ἑλκῦσῃ
1273 2924 1300 2977 6
1325 2922 1528 3000 Πατὴρ,
1563 2923 1770 2986 ἐκεῖνος
1817 2922 1961 3002 ἔρχι

2055 2935 2144 2985 ter
2167 2924 2514 3000 traxerit,ad
2537 2944 2630 2985 me
2650 2910 3141 2986 venietfoVolens'
3171 2931 3366 2984 autem
3393 2910 3502 2982 hoc
3526 2920 3699 2982 doce-

318 3037 405 3072 ται
477 3014 608 3091 πρὸς
666 3009 754 3086 μέ·
795 3032 822 3063 ι
856 3007 1021 3064 θέλων
1080 3005 1134 3063 δὲ
1214 3010 1368 3066 τοῦτο
1422 3012 1831 3082 κατασκευάσαι,
1883 3008 1961 3066 ὲπῖ

2052 3033 2117 3074 re
2152 3021 2211 3074 et
2240 3015 2615 3088 conﬁrmare,
2650 3014 2709 3075 in
2765 3015 3052 3094 propheta
3107 3013 3287 3074 refert
3330 3029 3694 3082 sermonem,

315 3105 437 3166 τοὺς
494 3089 768 3180 προφήτας
828 3096 1071 3176 ἀναφέρει
1127 3099 1218 3153 τὸν
1289 3096 1470 3175 λόγον.
1542 3121 1569 3153 σ
1623 3089 1787 3156 ’Ἐστι
1842 3100 1961 3176 γὰρ,

2061 3101 2196 3163 «Est
2217 3089 2906 3183 enim,inquit,scriptum
2931 3104 2987 3163 in
3021 3101 3540 3182 prophetis,Erunt
3558 3099 3699 3183 593

317 3193 468 3271 φησὶ,
519 3186 884 3267 γεγραμμένον
914 3186 968 3241 ἐν
1010 3197 1128 3251 τοῖς
1160 3187 1482 3266 προφήταις,
1538 3189 1643 3262 ὃτι,
1696 3185 1962 3244 ’Ἔσονται

317 3280 512 3342 πάντες
566 3275 796 3334 διδακτοὶ
853 3283 1003 3332 Θεοῦ·
1066 3299 1088 3330 ι
1177 3276 1369 3339 πάντες
1429 3275 1484 3331 δὲ
1549 3278 1596 3334 οἱ
1652 3275 1964 3354 βουλόμενοι

319 3368 587 3437 δηλονότι.
650 3367 832 3430 Κοινὸς
860 3365 960 3443 γὰρ
1019 3363 1330 3429 διδάσκαλος
1363 3368 1390 3421 6
1433 3367 1638 3447 Πατὴρ,
1696 3364 1762 3422 δι’
1824 3366 1960 3423 ἀπο-

316 3457 594 3534 καλύψεως
653 3455 916 3535 γνωρίζων
993 3454 1115 3518 τοῖς
1183 3453 1342 3521 ἀξίοις
1398 3457 1487 3511 τὸν
1577 3458 1696 3512 Υἱὸν
1783 3458 1959 3517 αὖτοῦ.

311 3542 648 3624 ’.ἁπτόμενος
680 3546 779 3624 γὰρ
806 3550 914 3600 τῶν
959 3542 1183 3624 καρδιῶν
1235 3551 1342 3601 τῶν
1391 3543 1590 3602 ἂδόλων
1646 3548 1732 3603 καὶ
1788 3547 1960 3604 ἀπαν-

322 3640 548 3718 ούργων,
605 3633 966 3693 ἀποκαλύπτει
1059 3639 1240 3718 αὐτοῖς
1298 3636 1386 3691 τὸν
1462 3637 1602 3716 Υἶὸν,
1654 3636 1831 3718 ὥσπερ
1880 3644 1968 3698 καὶ

320 3713 398 3803 τῷ
429 3713 633 3805 ’Πέτρῳ
692 3722 1028 3798 ἀπεκάλυψεν
1061 3713 1250 3786 αὐτόν.
1290 3743 1318 3782 ι
1355 3715 1411 3782 Ὀ
1445 3713 1652 3780 ἀκούων
1710 3713 1970 3805 οὖννπαρᾶι

318 3826 411 3876 τοῦ
456 3817 683 3892 Πατρὸς,
725 3835 747 3870 ι
808 3813 1098 3877 τουτέστιν,
1162 3817 1189 3871 6
1240 3814 1341 3883 τήν
1384 3824 1476 3874 τοῦ
1506 3816 1710 3893 Πατρὸς
1751 3815 1962 3872 ἀποκά-

318 3908 474 3984 λυψιν
531 3903 848 3984 δεχόμενος,
909 3903 995 3959 καὶ
1063 3905 1308 3979 μαθητὴς
1339 3902 1536 3960 έκείνου
1561 3903 1767 3973 ἀληθὴς
1812 3905 1964 3982 γινό-

323 4019 506 4077 μενος,
543 4018 566 4052 ι
596 3983 750 4057 οὗτος
781 3991 998 4072 ἔρχεται
1042 3996 1178 4070 πρὸς
1210 3993 1298 4068 μέ.
1337 4017 1366 4048 ι
1417 3983 1563 4072 ’Ὅρα
1592 3992 1669 4068 δὲ,
1702 3999 1818 4058 πῶς
1849 3994 1966 4077 μετ’

321 4074 583 4166 ἀκριϐείας
637 4084 845 4140 ἅπαντα
887 4081 1196 4162 φθέγγεται.
1230 4084 1302 4140 Οῦ
1358 4083 1457 4161 γὰρ
1516 4082 1696 4162 εἶπεν,
1750 4083 1854 4162 ὅτι,
1909 4074 1967 4139 Ὀ

322 4176 526 4233 ἀκούων
567 4173 709 4250 παρὰ
737 4179 828 4228 τοῦ
859 4173 1084 4249 Πατρὸς,
1136 4171 1342 4235 ἐκεῖνος
1405 4170 1618 4250 ἔρχεται
1679 4174 1805 4251 πρὸς
1879 4173 1964 4247 μὲ,

323 4263 459 4321 ἀλλὰ
540 4261 834 4340 προσέθηκε
878 4263 962 4339 τὸ,
1033 4283 1056 4316 ιι
1093 4263 1182 4317 καὶ
1225 4261 1430 4335 μαθὼν,
1483 4283 1507 4317 ι
1546 4262 1619 4320 Οὐ
1659 4263 1759 4341 γὰρ
1817 4260 1972 4340 ἀρκεῖ

324 4355 384 4410 τὸ
439 4351 682 4423 ἀκοῦσαι,
740 4348 877 4405 ἀλλὰ
956 4349 1040 4405 δεῖ
1112 4363 1390 4428 προσεῖναι
1489 4352 1576 4407 καὶ
1640 4355 1852 4426 μαθεῖν.
1912 4353 1970 4408 Τί

323 4441 412 4500 οὖν
432 4460 448 4522 ς

325 4517 457 4588 Θεοῦ
489 4549 506 4610 ;
562 4517 758 4586 ν’Πσαν
816 4529 937 4604 μὲν,
985 4527 1105 4584 ἀλλ’
1138 4533 1241 4610 οὐχ
1274 4529 1464 4593 οὕτως.
1500 4528 1757 4586 Ἐνταῦθα
1786 4531 1884 4608 γὰρ
1913 4531 1974 4584 τὸ

326 4617 584 4698 ἐξαίρετόν
613 4617 780 4692 έστιν,
813 4617 866 4674 ἐν
897 4624 964 4694 τῇ
1026 4619 1223 4694 Καινῇ,
1274 4616 1435 4698 λέγω,
1512 4619 1774 4694 Διαθήκῃ.
1844 4620 1972 4676 Τότε

326 4709 424 4782 μὶν
479 4708 578 4786 γὰρ
646 4704 716 4762 δι’
765 4706 1050 4785 ἀνθρώπων
1097 4706 1288 4781 ἔμαθον
1330 4708 1395 4762 τὰ
1426 4708 1544 4786 περὶ
1577 4713 1729 4763 Θεοῦ’
1779 4717 1866 4766 νῦν
1919 4705 1972 4762 δὲ

324 4805 416 4854 τοῦ
461 4801 795 4872 Μονογενοῦς
845 4796 1223 4872 σαρκωθέντος,
1288 4794 1414 4867 παρ’
1474 4795 1633 4851 αὺτοῦ
1707 4805 1801 4852 του
1860 4803 1972 4852 Πα-

326 4886 445 4950 τρὸς
501 4883 554 4940 έν
612 4885 747 4962 ἁγίῳ
834 4884 1094 4958 Πνεύματι
1178 4885 1211 4951 ἡ
1298 4884 1493 4961 γνῶσις
1546 4885 1767 4961 γίνεταιο
1840 4883 1976 4940 ὥστε

323 4973 650 5052 πληροῦσθαι
721 4974 782 5028 τὸ
841 4973 1192 5051 προιρητικόνθ
1275 4995 1301 5026 α
1359 4970 1448 5030 Ἐν
1502 4977 1580 5047 τῷ
1623 4987 1765 5052 φωτϊ
1818 4996 1910 5030 σου
1946 4997 1968 5028 n

322 5065 442 5139 (τοῦ
508 5061 770 5140 Πατρός),
825 5061 1084 5133 τουτέστι,
1171 5069 1248 5135 τῳ
1323 5062 1611 5140 Πνεῦματι,
1651 5084 1671 5116 ο
1737 5062 1974 5137 ὀψόμεθα

325 5154 462 5232 φῶς,
537 5175 562 5206 ιι
625 5152 653 5206 ὃ
704 5148 846 5206 έατιν
903 5153 930 5206 6
1003 5150 1142 5214 Υἱὸς.
1181 5151 1402 5213 Εἱκότπς
1434 5151 1534 5223 ἄρα
1565 5152 1653 5206 νῦν
1702 5151 1859 5225 ἐσμεν
1889 5149 1972 5205 δι-

325 5239 502 5297 δακτοὶ
557 5246 688 5295 Θεοῦ
745 5239 964 5310 πάντες,
1005 5242 1051 5295 οἱ
1081 5240 1177 5307 τὴν
1206 5241 1275 5301 εἷς
1323 5242 1547 5318 Χριστὸν
1591 5237 1970 5316 ὐποδεξάμενοι

327 5329 522 5387 πίστιν.
584 5327 733 5386 Ἐπεὶ
776 5326 830 5382 δὲ
861 5333 1036 5402 εἶπεν,
1070 5327 1149 5384 ὅτι
1201 5351 1228 5381 α
1291 5318 1347 5385 Ὀ
1399 5328 1601 5384 ἀκούων
1672 5330 1812 5406 παρὰ
1879 5339 1970 5387 τοῦ

329 5419 554 5496 Πατρὸς,
589 5417 792 5482 ἐκεῖνος
856 5417 1071 5498 ἔρχεται
1114 5419 1246 5497 πρὸς
1277 5420 1366 5492 μὲ,
1402 5436 1432 5476 ι
1465 5416 1556 5473 ἵνα
1583 5419 1660 5492 μή
1702 5440 1782 5481 τις
1832 5419 1965 5475 ὑπο-

326 5506 493 5585 λάϐῃ,
545 5507 626 5564 ὅτι
685 5507 803 5587 περὶ
871 5509 1120 5576 αἰσθητοῦ
1176 5508 1373 5586 πατρὸς
1421 5506 1591 5586 λέγει,
1652 5510 1830 5587 φησίν
1893 5511 1965 5566 O6

407 5663 463 5710 κ
491 5666 692 5730 Matth.
726 5683 844 5742 xvr,
875 5651 978 5730 ‘21.
1065 5663 1120 5711 ⁸
1145 5664 1302 5730 Psal.
1337 5682 1519 5741 xxxv,
1551 5665 1654 5730 to.

512 4441 618 4518 Πρᾷ
667 4416 856 4497 ’τούτου
916 4439 969 4496 ἐν
1040 4445 1108 4516 τῇ
1155 4416 1364 4510 Παλαιᾷ
1426 4441 1520 4496 οῦκ
1565 4416 1700 4508 ἦσαν
1742 4416 2037 4497 διδακτοὶο

2051 3209 2258 3252 omnes
2278 3190 2435 3254 docti
2467 3181 2507 3252 ad
2535 3193 2676 3265 Deo,
2719 3181 2988 3253 niomnes
3019 3181 3242 3266 autem,
3276 3192 3371 3270 qui
3406 3181 3699 3249 voluerint

2050 3278 2696 3344 videlicet.Communis
2729 3280 2886 3342 enim
2919 3281 3126 3342 doctor
3156 3283 3332 3343 Pater
3354 3296 3461 3359 per
3478 3279 3699 3339 revela-

2051 3370 2270 3431 tionem
2324 3378 2527 3431 notum
2575 3369 2712 3431 facit
2741 3370 2931 3450 dignis
2987 3369 3194 3433 Filium
3229 3387 3398 3430 suum
3430 3366 3704 3444 Tangens

2050 3459 2211 3522 enim
2243 3459 2423 3520 corda
2455 3459 2910 3539 simpliciumet
2941 3459 3076 3521 dolo
3111 3457 3440 3520 carentium
3472 3457 3701 3518 revelat

2051 3547 2193 3628 ipsis
2223 3547 2692 3618 Filium,sicutet
2724 3547 2892 3610 Petro
2911 3548 3390 3628 revelavitipsum
3415 3548 3495 3606 48.
3523 3547 3703 3625 Igitur

2059 3660 2085 3695 ε
2111 3637 2222 3710 Qui
2253 3637 2416 3697 audit
2446 3656 2477 3697 a
2513 3641 2699 3710 Patrc,
2739 3662 2757 3692 ι
2788 3639 2900 3698 hoc
2936 3649 3041 3699 est.
3091 3638 3188 3716 qui
3240 3636 3426 3697 Patris
3482 3637 3702 3698 revela-

2053 3729 2280 3789 tionem
2315 3727 2550 3807 accipit,
2585 3734 2644 3788 et
2670 3727 2998 3807 discipulus
3049 3727 3204 3788 illius
3234 3745 3373 3787 vert-
3418 3725 3699 3800 efﬁcitur,

2063 3844 2088 3872 α
2126 3818 2222 3879 hic
2253 3816 2409 3879 venit
2437 3817 2508 3877 ad
2539 3835 2692 3877 me.»
2721 3817 2871 3877 Vide
2901 3825 3094 3877 autem
3131 3815 3426 3896 quomodo
3449 3834 3583 3875 cum
3619 3813 3704 3876 (li-

2057 3907 2300 3985 ligeutia
2325 3905 2587 3986 loquitur
2615 3903 2972 3968 omnia.Non
3007 3904 3164 3965 enim
3199 3905 3365 3974 dixit,
3401 3902 3507 3976 Qui
3541 3901 3706 3964 audit

2053 4015 2086 4057 a
2120 4000 2314 4072 Patre,
2345 3997 2444 4057 ille
2478 3995 2639 4057 venit
2669 3995 2740 4056 ad
2777 4014 2872 4056 me
2899 4016 2913 4057 :
2939 3995 3041 4056 sed
3068 3993 3314 4067 addidit,
3357 4000 3442 4053 cet
3472 3990 3703 4053 didice-

2057 4085 2194 4146 rit.»
2226 4085 2352 4146 Non
2385 4085 2543 4147 enim
2579 4085 2796 4146 sufﬁcit
2825 4085 3054 4149 audire.
3091 4083 3193 4145 sed
3225 4087 3466 4162 oportet
3492 4081 3705 4142 adesse

2057 4184 2112 4236 et
2136 4174 2387 4238 discere.
2416 4173 2568 4247 Quid
2605 4174 2809 4252 igitur?
2833 4173 3093 4255 nunquid
3118 4173 3178 4234 in
3207 4171 3400 4232 Veteri
3435 4189 3550 4230 non
3575 4169 3702 4229 fue-

2055 4278 2193 4325 runt
2219 4265 2376 4325 docti
2411 4283 2445 4325 a
2479 4263 2897 4325 Deo?Fuerunt
2927 4261 3304 4343 quidem,sed
3337 4279 3453 4320 non
3486 4257 3706 4320 sic.Hic

2055 4353 2210 4414 enim
2230 4352 2578 4415 excellentia
2593 4353 2772 4423 est,in
2788 4343 3702 4423 Novo.dico,Testamento.Nam

2062 4451 2199 4502 tunc
2230 4441 2470 4522 quidem
2503 4439 2780 4502 dicebant
2825 4458 2929 4521 per
2954 4439 3225 4500 homines
3254 4437 3328 4498 de
3364 4439 3508 4498 Deo.
3534 4436 3706 4497 Nunc

2059 4537 2251 4590 autem
2276 4528 2590 4609 Unigenito
2619 4527 3030 4598 incarnato,ab
3059 4527 3186 4607 ipso
3219 4525 3388 4586 Patre
3421 4524 3703 4586 insancto

2060 4617 2280 4698 Spiritu
2314 4618 2563 4680 scientia
2589 4617 2675 4690 ﬁt,
2713 4628 2776 4679 ut
2809 4617 2886 4678 ita
2934 4615 3252 4696 impleatur
3296 4611 3704 4694 propheticum

2060 4707 2280 4768 dictum
2318 4729 2331 4765 τ
2377 4730 2399 4762 ιι
2440 4710 2501 4769 ln
2528 4707 2750 4767 lumine
2777 4713 2873 4766 tuo
2905 4735 2926 4765 υ
2960 4703 3176 4783 (Patris
3199 4702 3601 4779 scilicet),hoc
3618 4712 3710 4761 est.

2062 4794 2306 4876 Spiritu,
2347 4821 2372 4851 ιι
2406 4795 2740 4857 videbimus
2792 4795 2992 4854 lumen
3012 4791 3126 4866 ‘9,»
3167 4791 3322 4872 quod
3381 4800 3470 4850 est
3502 4788 3701 4852 Filius.

2064 4886 2262 4948 Merito
2297 4906 2454 4947 nunc
2486 4904 2696 4946 omnes
2719 4883 2879 4946 docti
2917 4900 3121 4943 sumus
3151 4900 3183 4942 a
3213 4880 3355 4952 Deo,
3388 4879 3485 4959 qui
3528 4878 3705 4938 ﬁdem

2061 4975 2120 5036 in
2149 4975 2447 5037 Christum
2480 4973 2880 5054 suscepimus.
2915 4969 3061 5042 Quia
3092 4978 3285 5030 autem
3331 4967 3497 5038 dixit,
3539 4991 3564 5020 α
3595 4965 3703 5038 Qui

2058 5063 2282 5125 audita
2315 5068 2504 5142 Patre,
2533 5063 2634 5123 ille
2659 5061 2820 5122 venit
2841 5059 2912 5120 ad
2947 5078 3064 5131 me,
3105 5082 3126 5113 ι
3159 5066 3220 5118 ut
3250 5077 3324 5118 ne
3346 5057 3475 5136 quis
3505 5054 3703 5142 suspi-

2058 5161 2224 5213 cetur
2269 5154 2424 5233 quod
2477 5141 2551 5211 de
2611 5150 2832 5211 carnali
2886 5157 3048 5228 patre
3093 5147 3271 5217 dicat,
3307 5146 3535 5223 inquit:
3575 5141 3703 5203 Non

2057 5242 2170 5303 hoc
2202 5241 2359 5317 dico,
2383 5241 2539 5322 quod
2579 5241 2770 5302 videat
2799 5239 2932 5318 quis
2958 5241 3209 5307 Patrem,
3245 5235 3356 5295 nisi
3395 5233 3701 5322 Filiusqui

2055 5348 2188 5391 vere
2222 5349 2291 5391 ex
2324 5321 2423 5391 illo
2455 5339 2565 5401 est,
2590 5339 2652 5392 et
2677 5337 2844 5389 natus
2876 5346 2942 5388 ex
2971 5324 3304 5386 substantia
3332 5321 3510 5405 illius.
3549 5323 3695 5384 Nam

2051 5437 2258 5480 omnes
2325 5418 2563 5499 quidem
2639 5437 2706 5479 ex
2779 5420 2895 5476 Deo
2968 5433 3225 5487 sumus,
3275 5413 3376 5472 sed
3459 5409 3702 5490 proprie

2048 5507 2258 5587 Filius,
2292 5526 2446 5570 unus
2477 5515 2588 5579 est,
2622 5506 2725 5590 qui
2757 5515 2814 5567 et
2846 5507 3082 5567 Patrem
3108 5503 3287 5565 novit.
