4070 6224
372 366 521 440 13ῦ⁴7

1332 376 1924 444 THEOPHYLACTI
1969 372 2379 441 BULGARIIE
2422 368 2778 445 ARCHIEP.

3604 368 3768 438 i308

376 518 525 568 τοῦτο
554 510 718 591 λέγω,
751 512 831 569 ὅτι
863 513 1044 590 βλέπει
1076 537 1153 577 τις
1186 517 1277 571 τὸν
1309 514 1539 593 Πατέρα,
1587 514 1629 569 εί
1665 512 1743 585 μὴ
1777 513 1804 567 6
1851 513 1993 582 Υἱὸς,
2029 508 2245 577 ἀληθῶς
2278 511 2331 578 ἐξ
2386 513 2544 570 αὑτοῦ
2570 513 2668 592 ὢν,
2700 514 2791 569 καὶ
2821 516 3093 591 γεννηθεὶς
3124 514 3185 569 ὶιι
3212 515 3311 579 τῆς
3360 512 3544 574 οὖσίας
3576 512 3768 572 αὑτοῦ.

374 600 571 665 Πάντες
603 602 701 679 γὰρ
732 602 790 659 iv.
821 611 951 663 Θεοῦ
980 604 1163 683 ἔσμεν⁷
1197 602 1333 659 ἀλλὰ
1358 604 1545 679 κυρίως
1573 605 1600 659 6
1632 603 1751 665 Υἱὸς
1786 600 1870 662 εἷς
1902 599 2062 671 ἐστιι,
2096 602 2149 665 ὃς
2180 602 2268 656 καὶ
2299 600 2412 657 οἶδε
2443 605 2533 659 τὸν
2558 602 2791 680 Πατέρα,

447 688 629 751 Vens.
644 690 715 750 48
747 690 843 753 5?.
862 693 1019 770 aEgo
1040 710 1167 752 sum
1193 710 1358 771 panis
1378 691 1478 752 ille
1494 687 1853 752 vitae.Patres
1869 706 2005 749 ves-
2030 701 2068 747 Α

371 778 441 839 tri
465 779 855 841 comederunt
880 798 1095 841 manna
1126 780 1182 841 in
1209 798 1433 855 eremo,
1477 787 1537 840 et
1590 776 1804 839 mortui
1850 783 2007 838 sunt.

370 866 474 929 Hic
505 876 591 929 est
616 869 784 948 panis
808 870 907 950 qui
929 869 1004 932 de
1031 869 1178 931 caelo
1206 867 1539 945 descendit,
1565 874 1629 929 ut
1659 867 1791 948 quis
1822 884 1893 927 ex
1914 865 2011 947 ip-

366 975 431 1016 so
462 956 616 1036 edat,
649 967 707 1019 et
760 977 877 1019 non
920 958 1225 1021 moriatur.
1278 958 1402 1037 Ego
1457 975 1586 1017 sum
1621 954 1788 1035 panis
1820 954 2008 1027 vivus,

370 1043 467 1123 qui
495 1044 568 1107 de
599 1047 749 1108 cmlo
772 1047 1081 1110 descendi.
1108 1047 1167 1109 Si
1190 1047 1321 1127 quis
1354 1044 1549 1108 ederit
1596 1062 1666 1105 ex
1700 1044 1812 1104 hoc
1839 1061 2008 1124 pane,

368 1134 523 1196 vivet
553 1136 609 1196 in
639 1144 947 1198 aeternum.
983 1135 1051 1198 Et
1082 1137 1250 1217 panis
1279 1155 1454 1217 quem
1508 1154 1613 1213 ego
1668 1132 1847 1207 dabo,
1876 1151 2012 1193 caro

369 1242 501 1285 mea
530 1232 640 1305 est,
679 1244 841 1307 quam
881 1244 987 1305 ego
1018 1226 1169 1288 dabo
1202 1246 1307 1307 pro
1340 1224 1542 1287 mundi
1573 1223 1741 1285 vitaa
1766 1222 2013 1302 Compa-

369 1320 456 1373 rat
513 1332 644 1374 cum
698 1333 913 1376 manna
959 1316 1299 1378 alimoniam
1341 1333 1517 1397 quam
1551 1314 1679 1394 ipse
1712 1311 1831 1373 dat.
1865 1310 2009 1372 Nam

372 1425 400 1456 α
436 1400 551 1481 Ego
586 1403 849 1482 quidem,
878 1405 1091 1486 inquit,
1117 1425 1245 1466 sum
1269 1404 1436 1484 panis
1454 1404 1637 1477 vitae;-
1674 1419 1867 1463 verum
1909 1399 2010 1481 qui

373 1515 398 1545 α
434 1491 823 1555 comederunt
849 1513 1085 1575 manna,
1128 1494 1341 1555 mortui
1370 1501 1532 1555 sunt.
1566 1516 1588 1549 ι)
1624 1490 1753 1552 Non
1784 1489 2010 1570 absque

367 1599 543 1643 causa
597 1592 791 1645 autem
837 1585 1023 1661 addit,
1065 1610 1091 1641 α
1137 1585 1195 1646 in
1228 1584 1569 1654 solitudine,
1601 1607 1626 1637 π
1664 1581 1768 1643 sed
1803 1580 2009 1642 volens

366 1680 698 1736 monstrare
727 1675 884 1756 quod
922 1695 1036 1736 non
1069 1675 1237 1737 valde
1271 1674 1373 1735 diu
1405 1674 1604 1735 datum
1662 1671 1771 1732 fuit
1821 1670 2006 1751 patri-

366 1759 475 1821 bus
522 1780 755 1843 manna,
808 1764 910 1826 sed
960 1772 1185 1826 tantum
1256 1764 1315 1824 in
1389 1760 1733 1841 solitudine,
1783 1768 1841 1820 et
1891 1778 2006 1819 non

364 1850 677 1931 contigerit
705 1854 789 1914 eis
810 1853 870 1914 in
903 1862 1060 1915 terra
1086 1852 1515 1935 promissionis.
1541 1849 1759 1912 Verum
1780 1847 1876 1909 hic
1901 1866 2007 1925 pa-

366 1940 457 2000 nis
490 1960 605 2002 non
646 1948 737 2003 est
767 1943 927 2024 talis,
954 1942 1061 2005 sed
1110 1951 1398 2024 perpetuo
1428 1940 1673 2013 durans,
1708 1946 1765 1998 et
1789 1938 1868 1999 ita
1896 1935 2007 1999 Ju-

365 2028 473 2091 daei
508 2032 691 2093 multo
722 2030 895 2112 plura
940 2032 1093 2094 bona
1121 2031 1421 2113 accepturi
1461 2036 1653 2101 erant,
1690 2028 1737 2089 si
1769 2025 2004 2108 quidem

2094 2044 2352 2109 τοιοῦτος,
2413 2034 2549 2092 ἀλλὰ
2608 2033 2918 2107 διαιωνίζων

364 2119 705 2193 voluissent,
740 2140 916 2201 quam
946 2134 1148 2203 patres
1169 2125 1282 2183 sui.
1310 2118 1617 2194 Quomodo
1650 2124 1846 2177 autem
1890 2132 2008 2176 non

366 2208 615 2286 majora,
649 2226 780 2289 quae
803 2209 1016 2272 dantur
1044 2230 1078 2272 a
1108 2212 1376 2275 Christo?
1399 2212 1549 2274 Nam
1582 2205 1691 2269 etsi
1714 2204 1845 2286 quis
1867 2222 2009 2281 gus-

364 2296 577 2356 taverit
610 2306 884 2377 mortem,
916 2297 1054 2360 vivit
1102 2306 1295 2360 tamen
1330 2305 1571 2379 propter
1608 2313 1773 2375 spem
1808 2312 2008 2355 resur-

364 2384 667 2449 rectionis.
694 2386 1001 2448 Manifeste
1030 2395 1224 2449 autem
1246 2386 1415 2448 nobis
1439 2386 1554 2447 hoc
1591 2385 1717 2447 loco
1742 2383 1816 2444 de
1843 2400 2003 2463 mys-

364 2473 478 2534 tica
510 2475 931 2539 communione
952 2477 1221 2557 corporis
1242 2475 1335 2537 sui
1356 2474 1522 2536 dicit.
1554 2472 1698 2535 Nam
1740 2495 1760 2526 ι
1800 2473 2000 2545 Panis,

360 2561 615 2642 inquiut,
640 2582 818 2645 quem
852 2584 958 2645 ego
987 2566 1166 2630 dabo.
1203 2584 1338 2627 caro
1374 2582 1505 2625 mea
1534 2570 1643 2636 est,
1685 2580 1859 2642 quam
1894 2579 2003 2640 ego

362 2651 513 2715 dabo
540 2672 643 2735 pro
670 2655 875 2717 mundi
907 2655 1041 2717 vita.
1078 2677 1108 2717 ›
1139 2654 1317 2717 Porro
1345 2659 1690 2737 potestatem
1714 2669 1878 2713 suam
1905 2651 2000 2711 in-

363 2741 754 2825 dicans,quod
788 2752 993 2809 nonut
1023 2764 1228 2808 servus
1258 2753 1316 2807 et
1348 2743 1543 2806 minor
1575 2744 1747 2803 Patre
1778 2740 2004 2803 cruciﬁ-

360 2833 589 2909 gendus
619 2832 717 2908 sit,
741 2834 844 2896 sed
864 2830 1566 2915 voluntarie,inquit,Ego
1588 2829 1740 2892 dabo
1762 2846 2003 2892 carnem

364 2938 555 2982 meam
611 2940 716 3002 pro
746 2922 885 2985 594
930 2923 1134 2985 mundi
1189 2922 1329 2984 vita.
1388 2919 1534 2983 Nam
1580 2918 1846 3000 quamvis
1885 2926 1943 2981 et
1971 2938 2006 2981 a

362 3012 536 3073 Patre
566 3011 794 3075 dicatur
826 3032 957 3075 esse
1003 3013 1275 3091 traditus,
1330 3018 1587 3071 attamen
1636 3015 1695 3069 et
1740 3008 2002 3088 seipsum

363 3100 672 3163 tradidisse
703 3101 937 3165 dicitur:
961 3110 1019 3164 et
1047 3101 1191 3164 illud
1216 3100 1451 3182 quidem
1496 3108 1585 3161 est
1611 3105 1675 3159 ut
1705 3096 2007 3160 discamus

361 3188 491 3267 ejus
518 3208 652 3250 cum
672 3194 844 3253 Patre
868 3191 1245 3253 concordiam
1276 3207 1289 3252 :
1312 3190 1425 3251 hoc
1446 3194 1735 3260 autem,ut
1757 3185 2004 3247 liberam

357 3279 712 3339 voluntatem
770 3280 902 3343 Filii
952 3299 1069 3341 non
1118 3281 1482 3355 ignoremus.
1518 3274 1774 3339 Attende
1804 3280 2000 3337 autem

2177 712 2203 743 α
2264 689 2408 769 Ἐγώ
2480 694 2646 765 εἱμιὸ
2690 692 2843 770 ἄρτος
2888 698 2987 759 τῆς
3019 698 3187 765 ζωῆς,
3221 695 3281 750 Ol.
3313 691 3542 769 πατέρες
3605 690 3769 764 ὑμῶν

2094 779 2288 859 ἔφαγον
2344 781 2404 836 τὸ
2474 780 2643 854 μάννα
2674 780 2729 836 ἐν
2758 787 2825 857 τῇ
2865 781 3070 861 ἐρήμῳ,
3124 783 3211 838 καὶ
3245 780 3532 844 ἀπέθανον,
3586 779 3768 841 Οὗτός

2095 868 2236 926 ἐστιν
2267 871 2293 925 6
2338 867 2490 943 ἄρτος
2522 871 2549 926 6
2579 869 2639 927 ἐκ
2692 873 2787 927 τοῦ
2830 876 3048 947 οὐρανοῦ
3107 868 3461 945 καταϐαίνων,
3518 868 3621 925 ἵνα
3678 891 3766 930 τις

2097 957 2149 1023 ἐξ
2222 958 2379 1017 αὒτοῦ
2425 958 2593 1039 φάγῃ,
2668 976 2757 1017 καί
2788 960 2865 1036 μὴ
2898 959 3161 1037 ἀποθάνῃ.
3193 958 3340 1035 Ἐγώ
3374 960 3479 1033 εἰμι
3516 960 3546 1015 6
3593 957 3767 1035 ἄρτος

2098 1050 2126 1103 ὁ
2182 1053 2307 1121 ζῶν,
2370 1049 2398 1104 6
2468 1046 2529 1105 ἐκ
2582 1055 2674 1105 τοῦ
2734 1051 2952 1129 οὒρανοῦ
2997 1046 3257 1112 καταϐάς,
3292 1047 3419 1105 Ἐάν
3459 1069 3545 1110 τις
3602 1048 3770 1127 φάγῃ

2094 1139 2155 1192 ὲκ
2212 1137 2399 1193 τούτου
2452 1148 2542 1197 τοῦ
2582 1136 2761 1217 ἄρτου,
2824 1140 3042 1211 ζήσεται
3087 1140 3161 1201 είς
3218 1139 3310 1194 τὸν
3394 1138 3586 1196 αἰῶνα.
3662 1136 3772 1193 Καὶ

2095 1228 2123 1282 6
2178 1225 2331 1295 ἄρτος
2362 1223 2440 1305 δὲ,
2474 1225 2530 1283 ὅν
2559 1227 2667 1306 ἐγὼ
2698 1226 2876 1307 δώσω,
2906 1230 2940 1297 ἡ
2986 1227 3112 1307 σάρξ
3162 1228 3264 1303 μού
3320 1226 3462 1283 ἐστιν
3518 1225 3587 1293 ἢν
3652 1224 3773 1301 ἐγώ

2095 1313 2248 1371 δώσω
2301 1314 2428 1395 ὑπὲρ
2497 1318 2596 1382 τῆς
2656 1325 2749 1375 τοῦ
2806 1320 3010 1393 κόσμου
3038 1322 3207 1389 ζωῆς.
3245 1340 3268 1375 ι»
3307 1318 3443 1396 Πρὸς
3470 1316 3535 1371 :6
3581 1315 3774 1389 μάννα

2096 1408 2353 1487 συγκρίνει
2412 1409 2507 1477 τὴν
2564 1408 2688 1489 παρ’
2722 1412 2874 1469 αὖιοῦ
2922 1408 3200 1485 διδομένην
3229 1410 3453 1489 τροφήν.
3514 1427 3542 1462 α
3606 1407 3774 1482 Ἐγὼ

2093 1498 2190 1572 μὲν
2237 1498 2362 1576 γὰρ,
2415 1500 2595 1577 φησὶν,
2657 1501 2763 1574 είμὶ
2820 1502 2848 1556 6
2895 1498 3046 1571 ἄρτος
3096 1504 3194 1567 τῆς
3253 1502 3418 1568 ζωῆς⁶
3479 1519 3509 1550 ι
3567 1498 3636 1551 τὸ
3710 1493 3770 1550 δὲ

2098 1613 2120 1641 ιι
2159 1587 2329 1661 μάννα
2358 1588 2404 1644 οἱ
2435 1588 2689 1666 φαγόντες
2711 1588 2990 1651 ἀπέθανον,
3044 1612 3068 1645 n
3096 1592 3214 1667 Οὗχ
3244 1586 3427 1652 ἁπλῶς
3454 1584 3511 1643 δὲ
3543 1584 3771 1664 προσέ-

2089 1679 2218 1742 θηκε
2247 1678 2331 1754 τὸ,
2385 1697 2409 1732 ι
2445 1676 2535 1734 Ἐν
2564 1683 2632 1754 τῇ
2675 1677 2880 1758 ἐρήμῳ,
2920 1702 2942 1734 ι
2978 1677 3114 1733 ἀλλὰ
3174 1675 3498 1754 βουλόμενος
3552 1672 3766 1747 δεῖξαι,

2091 1767 2171 1822 ὃτι
2230 1766 2345 1823 066‘s
2418 1765 2543 1847 ἄχρι
2602 1766 2800 1826 πολλοῦ
2864 1766 3108 1838 διήρκεσε
3186 1774 3306 1833 τοῦς
3377 1764 3611 1844 πατράσι
3699 1766 3769 1820 :6

2094 1855 2288 1935 μάννα,
2344 1853 2462 1911 ἀλλ’
2517 1856 2571 1912 ἐν
2641 1862 2710 1932 τῇ
2765 1856 2946 1933 ὲρῆμῳ
3003 1858 3192 1931 μόνον,
3228 1860 3287 1914 οὗ
3332 1852 3651 1922 συνεισῆλθε
3708 1852 3767 1908 δὲ

2093 1945 2277 2010 αὒτοῒς
2338 1947 2409 2009 εἷς
2482 1946 2578 2013 τὴν
2619 1944 2940 2024 ἐπαγγελίας
2996 1951 3121 2025 γῆν,
3182 1946 3345 2008 Οὗτος
3375 1943 3429 1999 δὲ
3461 1942 3626 2021 ἄρτος
3704 1942 3767 1999 οὗ

2926 2084 2941 2115 ,
2974 2036 3110 2092 ὥστε
3142 2033 3330 2107 πολλῷ
3386 2032 3605 2108 μεζονα
3650 2034 3769 2089 τῶν

2092 2124 2335 2203 πατέρων
2404 2126 2573 2182 αὖτῶν
2625 2126 2794 2205 ἀγαθὰ
2843 2124 3102 2205 δέξονται,
3175 2124 3291 2203 εἴγε
3368 2121 3767 2200 βουλήσονται.

2092 2220 2213 2276 Πῶς
2278 2212 2333 2270 δὲ
2386 2218 2443 2273 οὗ
2513 2215 2725 2290 μείζονα
2802 2216 2867 2270 τὰ
2924 2215 3068 2293 παρᾶ
3147 2220 3371 2292 Χριστοῦ
3447 2209 3767 2291 διδόμενας

2095 2302 2201 2360 Κέίν
2262 2303 2360 2382 γὰρ
2414 2303 2671 2381 γεύσηταί
2751 2325 2833 2366 τις
2872 2304 3118 2375 θανάτου,
3194 2302 3342 2377 ὅμως
3414 2305 3479 2376 ζῇ
3520 2299 3608 2356 διὰ
3659 2300 3767 2367 τὴν

2090 2388 2273 2447 ἐλπίδα
2340 2393 2437 2458 τῆς
2499 2392 2858 2455 ἀναστάσεως.
2916 2398 3165 2470 Φανερῶς
3222 2388 3276 2446 δὲ
3342 2389 3564 2447 ἐνταῦθα
3630 2391 3767 2469 περὶ

2086 2485 2183 2547 τῆς
2213 2486 2471 2554 μυστικῆς
2516 2479 2871 2557 μεταλήψεως
2902 2481 2992 2537 τοῦ
3049 2480 3296 2556 σῶματός
3342 2480 3500 2537 αὺτοῦ
3550 2501 3762 2557 φησιν.

2091 2592 2115 2623 ιι
2188 2559 2246 2627 Ὀ
2277 2568 2431 2640 ἂρτος
2485 2570 2610 2649 γὰρ,
2656 2571 2836 2649 φησὶν,
2898 2568 2957 2625 ὅν
2987 2568 3094 2647 ἐγὼ
3161 2566 3337 2648 δώσω,
3374 2570 3409 2636 ἡ
3464 2566 3592 2646 σάρξ
3635 2569 3760 2643 μού

2085 2658 2247 2717 ἐστιν.
2296 2657 2358 2725 ἦν
2390 2658 2499 2736 ἐγὼ
2527 2657 2682 2716 δώσω
2736 2660 2865 2738 ὑπὲρ
2921 2664 3019 2726 τῆς
3102 2660 3196 2714 τοῦ
3240 2658 3446 2731 κόσμου
3485 2662 3659 2727 ζωῆς.
3725 2680 3751 2712 ι

2087 2748 2166 2812 Ti.
2216 2745 2447 2812 ἐξουσίαν
2505 2745 2557 2803 δὲ
2614 2748 2772 2805 αὒτοϋ
2802 2746 3077 2822 δεικνύων,
3162 2746 3241 2803 ὅτι
3300 2746 3405 2826 οὔχ
3448 2747 3523 2808 ὡς
3554 2742 3758 2807 δαῖλυς

2086 2838 2173 2892 καί
2232 2835 2464 2893 ἐλάττων
2535 2840 2627 2894 τοῦ
2705 2839 2906 2915 [ἰατρὸς
2994 2837 3153 2896 αὺτοῦ
3234 2835 3560 2914 ἐσταυρώθη,
3620 2832 3759 2889 ἀλλ’

2089 2926 2247 3006 ἑκὼν,
2313 2928 2500 3006 φησὶν,
2560 2926 2641 2984 ὅτι
2700 2929 2843 3005 Ἐγὼ
2899 2925 3053 2984 δώσω
3113 2927 3211 2995 τὴν
3280 2926 3451 3001 σάρκα
3481 2948 3588 2999 μου
3612 2924 3758 3001 ὑπὲρ

2088 3015 2186 3083 τῆς
2242 3024 2335 3074 τοῦ
2404 3015 2607 3091 κόσμου
2664 3022 2830 3087 ζωῆς.
2897 3018 2953 3074 Ei
2983 3018 3083 3095 γὰρ
3113 3018 3200 3073 καὶ
3249 3013 3485 3073 δεδόσθαι
3528 3012 3754 3090 λέγεται

2088 3106 2190 3161 ὑπὸ
2269 3112 2359 3162 τοῦ
2432 3107 2659 3185 Πατρὸς,
2691 3104 2939 3163 ἀλλὰκαὶ
2975 3106 3160 3162 ἑαυτὸν
3210 3102 3512 3161 δεδωκέναι·
3567 3101 3760 3159 ἐκεῖνο

2089 3194 2209 3268 μὲν,
2268 3194 2360 3250 ἵνα
2415 3196 2512 3263 τὴν
2560 3196 2691 3273 πρὸς
2763 3197 2853 3251 τὸν
2910 3194 3117 3274 Πατέρα
3156 3195 3406 3271 ὁμόνοιαν
3460 3192 3753 3267 μάθωμενο

2085 3289 2238 3338 τοῦτο
2292 3280 2371 3357 δὲ,
2426 3283 2517 3339 ἵνα
2570 3286 2667 3353 τὴν
2726 3283 3160 3352 αὖτεξουσιότητα
3185 3291 3277 3341 τοῦ
3310 3284 3452 3342 Υίοῦ.
3487 3279 3752 3361 Πῴσχις

361 3367 516 3448 quod
553 3366 721 3447 panis
750 3370 846 3449 qui
881 3388 915 3431 a
949 3368 1119 3429 nobis
1150 3367 1213 3431 in
1246 3365 1545 3445 mysteriis
1587 3363 1998 3454 manducatur,

2088 3370 2164 3443 δὲ,
2198 3372 2277 3427 ὅτι
2308 3375 2335 3428 6
2368 3372 2522 3450 ἂρτος
2581 3376 2609 3431 6
2677 3373 2729 3431 ἐν
2763 3388 2879 3439 τοῖς
2911 3375 3216 3454 μυστηρίοῖς
3245 3370 3332 3454 ὑφ’
3355 3374 3508 3448 ἡμῶν
3555 3371 3749 3428 ἐσθιό-

361 3464 593 3518 nonest
626 3466 846 3519 tantum
881 3458 1154 3537 ﬁguratio
1202 3456 1472 3538 quaedam
1526 3454 1721 3516 carnis
1741 3451 1997 3528 Domini,

359 3545 463 3607 sed
495 3546 620 3625 ipsa
646 3564 782 3609 caro
815 3545 1067 3610 Domini.
1098 3550 1230 3611 Non
1260 3548 1416 3606 enim
1441 3545 1606 3616 dixit,
1630 3542 1803 3604 Panis
1825 3561 1999 3622 quem

361 3653 467 3713 ego
498 3634 673 3709 dabo,
705 3636 888 3715 ﬁgura
917 3644 1006 3699 est
1028 3636 1223 3699 carnis
1256 3653 1269 3699 :
1307 3634 1436 3706 sed,
1478 3651 1649 3695 Icaro
1675 3650 1805 3693 mea
1826 3639 1935 3694 est.
1968 3658 1993 3687 ι

358 3724 834 3787 Transl'ormatur
864 3727 1019 3787 enim
1053 3724 1285 3787 arcanis
1313 3723 1506 3785 verbis
1538 3720 1705 3802 panis
1764 3721 1861 3782 ille
1892 3740 1999 3801 per

361 3814 661 3895 mysticam
704 3814 1177 3877 benedictionem
1234 3822 1290 3875 et
1344 3811 1748 3874 accessionem
1807 3810 1996 3871 sancti

356 3903 701 3986 Spiritus,in
735 3921 975 3968 carnem
1010 3902 1347 3967 Domini.Et
1378 3920 1452 3963 ne
1474 3918 1652 3981 quem
1687 3899 1999 3963 conturbet

356 3992 511 4074 quod
536 3993 869 4056 credendus
902 3994 976 4056 sit
1008 3993 1181 4076 panis
1212 4010 1374 4055 caro.
1394 3990 1623 4053 Etenim
1654 3997 1713 4051 et
1733 3989 1793 4050 in
1817 4006 1999 4051 carne

352 4080 693 4145 ambulante
715 4082 994 4161 Domino,
1026 4092 1085 4145 et
1114 4102 1183 4145 ex
1218 4101 1370 4164 pane
1416 4078 1754 4143 alimoniam
1780 4077 1991 4140 admit~

356 4172 715 4251 tente,panis
744 4172 847 4235 ille
877 4172 978 4254 qui
1009 4170 1506 4246 manducabatur,
1532 4169 1591 4229 in
1622 4187 1840 4249 corpus
1872 4167 2001 4246 ejus

362 4261 786 4339 mutabatur,et
816 4261 1028 4323 similis
1059 4260 1235 4324 ﬁebat
1268 4268 1481 4322 sancta:
1513 4258 1641 4338 ejus
1671 4257 1998 4328 carni,etin

358 4360 737 4429 augmentum
799 4360 857 4414 et
900 4353 1386 4414 sustentationem
1443 4346 1791 4413 conferebat
1833 4347 2003 4426 juxta

361 4442 685 4502 humanum
718 4460 968 4504 morem.
1004 4441 1191 4520 Igitur
1225 4448 1281 4503 et
1306 4442 1462 4500 nunc
1486 4439 1652 4518 panis
1680 4437 1737 4497 in
1756 4455 1997 4499 carnem

356 4528 594 4591 Domini
625 4538 898 4591 mutatur.
935 4529 1003 4592 Et
1031 4533 1353 4611 quomodo,
1388 4528 1724 4609 inquit,non
1754 4532 2003 4607 apparet

360 4618 532 4681 nobis
587 4637 747 4692 caro,
786 4620 888 4681 sed
922 4618 1117 4700 panis?
1148 4620 1223 4682 Ut
1277 4636 1395 4679 non
1447 4617 1876 4678 abhorreamus
1926 4615 1999 4676 ab

355 4710 485 4789 ejus
516 4728 641 4771 esu.
672 4708 817 4771 Nam
850 4709 898 4769 si
931 4708 1171 4790 quidem
1198 4725 1333 4768 caro
1370 4704 1761 4787 apparuisset,
1796 4706 2021 4766 insua--

356 4799 714 4861 viteraﬂ'ecti
732 4816 997 4860 essemus
1027 4815 1164 4877 erga
1192 4794 1673 4859 communionem
1706 4796 1874 4858 Nunc
1896 4813 1999 4854 au-

358 4898 474 4952 tem
526 4887 1045 4953 condescendente
1099 4887 1350 4951 Domino
1398 4894 1611 4946 nostrae
1641 4883 1993 4959 inﬁrmitati,

359 4979 489 5042 talis
516 4990 759 5061 apparot
796 4979 972 5041 nobis
1004 4976 1291 5055 mysticus
1320 4975 1511 5055 cibus,
1544 4972 1815 5054 qualibus
1845 4972 1999 5033 alio-

357 5070 496 5151 quin
524 5068 778 5130 asssueti
809 5066 1157 5131 sumus.Pro
1177 5064 1383 5127 mundi
1406 5077 1603 5125 autem
1627 5063 1737 5124 vita
1759 5080 1997 5124 carnem

352 5150 515 5219 suam
532 5160 600 5220 ad
624 5166 870 5219 mortem
888 5156 1344 5224 dedit;moriens
1359 5159 1516 5215 enim
1539 5165 1788 5213 mortem
1804 5150 1995 5213 solvit.

358 5247 619 5326 Intelligo
640 5256 833 5309 autem
856 5265 960 5328 per
977 5247 1151 5308 vitam
1178 5244 1382 5305 mundi
1403 5244 1579 5305 eOiam
1604 5239 1992 5304 resurrectio-

357 5341 682 5400 nem.Mors
706 5336 865 5398 enim
884 5335 1114 5398 Domini
1132 5334 1473 5415 generalem
1498 5331 1993 5394 resurrectionem

355 5427 456 5491 toti
490 5425 795 5487 hominum
820 5424 1025 5503 generi
1055 5433 1299 5504 operata
1334 5432 1444 5485 est.
1480 5422 1771 5501 Eortassis
1794 5428 1994 5483 autem

356 5524 413 5579 et
444 5516 501 5576 in
532 5515 1001 5578 sanctificatione
1022 5522 1079 5577 et
1106 5515 1163 5576 in
1188 5511 1553 5575 beatitudine
1584 5509 2007 5585 vitam,mundi

356 5605 531 5668 vitam
563 5602 1060 5666 nominavit.Nam
1093 5603 1358 5686 quamvis
1389 5610 1730 5664 non’omnes
1754 5618 2000 5680 accepe-

357 5696 476 5759 rint
506 5692 1033 5757 sanctiﬁcationem
1059 5701 1117 5756 et
1146 5692 1321 5755 vitam
1355 5691 1415 5755 in
1444 5690 1677 5775 spiritu,
1715 5687 2015 5777 Dominus.

1446 5942 1471 5954 ι
1492 5944 1493 5947 η

2087 3484 2266 3534 μενος,
2343 3461 2437 3519 οὒκ
2495 3462 2772 3520 ἁντίτυπόν
2831 3463 2940 3520 ἐστι
2994 3468 3093 3530 τῆς
3143 3469 3233 3519 τοῦ
3283 3461 3469 3538 Κυρίου
3510 3462 3781 3539 σαρκὸς,ν

2084 3550 2201 3607 ἀλλ’
2261 3550 2395 3619 αὑτὴ
2432 3554 2467 3620 ἡ
2524 3563 2616 3611 τοῦ
2671 3556 2855 3633 Κυρίου
2894 3554 3044 3627 σάρξ.
3080 3556 3151 3612 Οὔ
3183 3554 3283 3632 γὰρ
3314 3553 3491 3623 εἶπεν,
3526 3548 3635 3623 ὅτι,
3682 3541 3748 3608 Ὀ

2084 3638 2237 3719 ἄρτος
2289 3643 2346 3695 6v
2403 3642 2512 3720 εγὼ
2594 3640 2771 3717 δώσω,
2859 3642 3135 3699 ὰντὶτυπόν
3206 3641 3314 3698 ἐστι
3371 3645 3468 3707 τῆς
3538 3641 3750 3718 σαρκός

2084 3752 2204 3804 μου,
2272 3729 2415 3802 ἀλλ’,
2457 3754 2482 3784 α
2517 3733 2551 3799 ἡ
2612 3732 2735 3811 σάρξ
2794 3740 2893 3807 μοῦ
2947 3736 3083 3791 ἔστι.
3138 3755 3161 3787 ι
3214 3738 3597 3786 Μεταποιετται
3634 3730 3749 3806 γὰρ

2082 3818 2398 3898 ἀπορρήτοις
2449 3818 2628 3896 λόγοις
2688 3823 2715 3875 ὅ
2772 3821 2927 3900 ἄρτος
2981 3823 3131 3884 οὗτος
3190 3819 3275 3876 διὰ
3323 3820 3423 3887 τῆς
3472 3821 3750 3893 μυστικῆς

2082 3906 2347 3986 εὔλογίας,
2403 3911 2488 3965 καὶ
2545 3908 2933 3989 ἐπιφοιτήσεως
2992 3918 3085 3968 τοῦ
3168 3911 3317 3988 ἁγίου
3404 3908 3744 3981 Πνεύματος,

2052 3999 2153 4061 ,είς
2207 3998 2375 4076 σάρκα
2457 4006 2554 4055 τσῦ
2628 4004 2841 4080 Κυρίου,
2898 4001 2994 4059 Καὶ
3047 4000 3124 4076 μή
3153 4020 3274 4056 τινα
3302 3998 3517 4077 θροείτω
3548 3994 3746 4069 τὺςῑδν

2082 4087 2236 4166 ἅρτοτ
2307 4088 2475 4165 σάρκα
2547 4090 2901 4149 πιστεύεσθαι.
2961 4091 3060 4149 Καὶ
3106 4089 3207 4169 γὰρ
3252 4110 3331 4147 τοι
3364 4088 3452 4143 καὶ
3496 4083 3551 4141 ἒν
3580 4082 3746 4164 σαρκὶ

2082 4187 2493 4255 περιπατοῦντος
2551 4181 2645 4234 τοῦ
2698 4181 2903 4259 Κυρίου,
2966 4181 3054 4236 καὶ
3094 4181 3194 4247 τὴν
3225 4177 3276 4244 ἐξ
3332 4175 3491 4257 ἄρτου
3530 4175 3745 4254 τροφὴν

2083 4266 2448 4340 προσιεμένου,
2536 4270 2564 4324 6
2607 4266 2761 4347 ἄρτος
2805 4268 3008 4333 ἐκεῖνος
3039 4271 3067 4325 6
3109 4268 3435 4343 ἒσθιόμενος,
3468 4266 3540 4329 εἷς
3573 4268 3744 4339 σῶμα

2083 4355 2240 4415 αὐτοῦ
2296 4353 2671 4437 μετεϐάλλετο,
2730 4360 2816 4415 καὶ
2864 4358 3276 4434 συνεξωμοιοῦτο
3344 4362 3413 4433 τῇ
3456 4355 3581 4434 ἁγίᾳ
3636 4355 3742 4409 αὖ·

2085 4455 2175 4503 τοῦ
2223 4446 2397 4523 σαρκὶ,
2458 4448 2544 4502 καὶ
2600 4448 2673 4510 εἷς
2726 4448 2944 4517 αὔξησιν
3016 4450 3104 4505 καὶ
3162 4447 3409 4503 σύστασιν
3478 4432 3749 4501 συνεϐάλ-

2086 4532 2207 4590 λετο
2262 4536 2400 4590 κατὰ
2456 4537 2517 4591 :6
2576 4536 2920 4615 ἀνθρώπινον,
2985 4539 3082 4597 Καὶ
3126 4536 3213 4593 νῦν
3280 4534 3427 4591 οὖνὸ
3460 4534 3613 4611 ἄρτος
3662 4533 3747 4593 εἷς

2085 4625 2251 4696 σάρκα
2310 4630 2400 4680 τοῦ
2460 4626 2646 4705 Κυρίου
2699 4624 3114 4703 μεταϐάλλεται.
3179 4628 3274 4685 Καὶ
3348 4631 3489 4696 πῶς,
3545 4622 3747 4701 φησὶν,

2084 4714 2205 4792 οὒχὶ
2263 4715 2351 4768 καὶ
2411 4714 2534 4793 σὰρξ
2565 4716 2799 4795 φαίνεται
2831 4717 2996 4791 ἡμῖν,
3044 4715 3161 4773 ἀλλ’
3194 4715 3346 4793 ἄρτος
3382 4730 3399 4789 ;
3436 4712 3533 4769 Διᾶ
3564 4713 3626 4767 :6
3655 4712 3747 4786 μὴ

2082 4804 2222 4876 ἡμᾶς
2282 4800 2579 4875 ἂηδίζεσθαι
2639 4807 2770 4885 πρὸς
2822 4807 2920 4875 τὴν
2948 4809 3165 4887 βρῶσιν,
3208 4808 3263 4863 Εἰ
3294 4804 3392 4881 μὲν
3449 4802 3550 4880 γὰρ
3606 4800 3745 4878 σὰρξ

2081 4889 2341 4972 ἐφαίνετο,
2419 4894 2596 4961 ἀηδῶς
2655 4893 2716 4950 ἂν
2774 4894 3067 4970 διεκείμεθα
3110 4898 3238 4975 πρὸς
3267 4895 3367 4961 τὴν
3398 4888 3739 4966 μετάληψιν

2080 4988 2166 5037 νῦν
2225 4979 2303 5061 δὲ,
2362 4990 2430 5060 τῇ
2481 4983 2707 5063 ἡμετέρᾳ
2765 4985 2999 5057 ὶσθενείᾳ
3056 4979 3566 5063 συγκαταϐαίνοντος
3635 4985 3740 5033 τοῦ

2080 5069 2290 5148 Κυρίου,
2344 5074 2563 5141 τοιαύτη
2643 5075 2878 5153 φαίνεται
2936 5078 3073 5150 ἡμῖν
3127 5078 3161 5143 ἡ
3214 5070 3446 5149 μυστικὴ
3502 5069 3736 5145 βρῶσις,

2079 5158 2171 5215 οἵα
2222 5158 2360 5216 ἐστὶν
2389 5163 2422 5229 ἡ
2456 5167 2683 5235 συνήθης
2736 5169 2894 5240 ἡμῖν,
2946 5158 3101 5243 ’Υπὲρ
3133 5163 3228 5232 τῆς
3277 5168 3370 5218 τοῦ
3412 5161 3617 5231 κόσμου
3675 5154 3739 5211 δὲ

2079 5248 2219 5318 ζωῆς
2294 5251 2392 5316 τὴν
2449 5255 2614 5331 σάρκα
2647 5260 2802 5316 αὒτοῦ
2833 5258 2963 5330 πρὸς
2994 5256 3216 5312 θάνατον
3283 5248 3531 5306 δέδωκεν·
3589 5246 3737 5301 απο-

2079 5339 2247 5393 θανὼν
2306 5342 2429 5418 γὰρ,
2494 5345 2582 5399 τὲιν
2641 5344 2863 5402 θάνατον
2920 5344 3130 5404 λέλυκε.
3211 5341 3330 5400 Νόει
3403 5336 3457 5394 δέ
3508 5358 3598 5413 μοι
3640 5343 3742 5391 τοῦ

2081 5437 2285 5501 κόσμου
2334 5432 2499 5511 ζωὴν,
2574 5435 2719 5515 τάχα
2774 5437 2871 5506 μὲν
2944 5435 3030 5491 καὶ
3068 5434 3168 5499 τὴν
3216 5430 3499 5487 ἀνάστασιν
3535 5422 3588 5504 (ὁ
3632 5425 3765 5501 γὰρ³

2080 5515 2298 5580 Θάνατος
2336 5522 2425 5576 τοῦ
2475 5514 2679 5600 Κυρίου
2708 5524 2807 5593 τὴν
2880 5521 3168 5591 καθολικήν
3225 5514 3509 5575 ἀνάστασιν
3574 5514 3742 5569 παντῖ

2082 5610 2159 5693 τῷ
2234 5606 2372 5683 γένει
2420 5615 2585 5693 ’κα-ὒν
2650 5604 3547 5693 ὼιθρόπωνοιέπρηματεύσᾷωγη
3582 5602 3739 5681 τὰα

2085 5692 2141 5748 δὲ
2202 5700 2283 5755 tui
2338 5686 2436 5767 τὴν
2490 5700 2545 5758 ὲν
2603 5686 2852 5782 ἁγιασμῷ
2907 5704 2991 5760 καὶ
3050 5686 3403 5779 μακαριότητι
3444 5693 3613 5765 ζωὴν.
3638 5694 3737 5748 τοδ
