4070 6224
365 357 520 436 1309
1059 379 1505 443 ENARRATIO
1547 381 1630 443 IN
1675 372 2180 442 EVANGELIUM
2243 373 2586 442 JOANNIS.
2633 413 2709 425 —
2750 382 2916 447 CAP.
2963 383 3069 446 v1.
3591 373 3747 444 4310

361 507 566 582 κόσμου
642 508 784 580 ζωὴν
855 509 1126 584 ὀνομάζει.
1200 513 1307 571 Κάν
1337 513 1436 592 γὰρ
1493 512 1572 588 μὴ
1601 513 1796 578 πάντες
1845 531 1976 589 παρε

2064 538 2074 566 ι
2101 516 2298 573 tamen
2329 511 2591 592 seipsum
2643 531 2748 595 pro
2781 513 3002 577 mundo
3032 512 3221 594 dedit,
3255 521 3317 575 et
3345 518 3634 592 quantum
3684 511 3745 574 in

361 595 573 663 δέξαντο
642 597 735 653 τὸν
805 599 1065 677 άγιασμδν
1120 601 1208 657 καὶ
1277 601 1377 669 τὴν
1437 600 1490 657 ἰν
1525 602 1790 676 Πνεύματι
1844 599 1976 670 («rip

2095 598 2223 678 ipso
2257 610 2410 678 erat,
2447 601 2703 664 mundus
2754 611 3040 680 servatus,
3095 609 3419 683 naturaque
3466 602 3744 664 universa

360 683 480 742 ἀλλ’
511 687 600 742 οὖν
644 686 737 765 ὅγε
769 689 952 767 Κύριος
980 691 1109 769 ὑπὲρ
1147 697 1241 748 τοῦ
1289 713 1492 765 κοσμου
1552 693 1741 750 ἑαυτὸν
1794 686 1976 745 δέδωκε

2094 690 2456 751 sanctiﬁcata
2488 698 2597 765 est,
2627 709 2696 752 eo
2727 691 2882 772 quod
2912 693 3142 772 accepit
3168 691 3440 753 virtutem
3464 691 3738 754 vincendi

360 776 448 832 καὶ
504 773 629 832 ὅσον
671 778 731 833 τὸ
775 775 858 834 ἐπ’
902 779 1109 853 ὶκείνῳ,
1143 779 1170 836 6
1201 781 1402 856 κόσμος
1433 779 1632 859 ἐσώθη,
1663 780 1752 836 καὶ
1781 780 1813 846 ἡ
1859 777 1976 857 φύσι

2096 787 2398 855 peccatum
2437 797 2542 858 per
2573 799 2754 840 unum
2802 781 3099 843 homiuem
3133 782 3446 845 Dominum
3470 787 3736 842 nostrum

358 865 540 922 ἅπασα
611 866 866 944 ἡγιάσθη,
941 869 1073 925 καθὸ
1147 867 1362 944 δύναμιν
1433 867 1590 926 ἔλαϐε
1669 874 1814 942 νικᾷν
1909 866 1976 933 τὴ

2090 867 2291 928 Jesum
2351 866 2676 950 Christum,
2735 869 2889 930 sicut
2947 879 3004 930 et
3060 889 3170 950 per
3213 887 3394 932 unum
3429 869 3732 932 hominem

357 954 640 1036 ἁμαρτίαν,
672 957 758 1013 καὶ
828 958 864 1026 ἡ
920 958 1150 1037 ἁμαρτία
1222 957 1422 1038 ἀπέδρα
1485 957 1570 1015 διὰ
1615 961 1707 1015 τοῦ
1765 958 1880 1022 ἐνὸς
1913 955 1976 1010 ἂν

2094 954 2276 1016 Adam
2309 955 2369 1016 in
2403 966 2707 1037 peccatum
2729 956 3048 1022 ceciderat.

357 1045 566 1123 θρώπου
618 1053 712 1103 τοῦ
755 1049 943 1126 Κυρίου
984 1050 1140 1124 ἡμῶν
1209 1048 1389 1116 Ἰησοῦ
1447 1056 1694 1130 Χριστοῦ,
1768 1047 1950 1123 ὥσπερ
2006 1046 2094 1101 καὶ
2140 1043 2207 1100 δι’
2266 1047 2382 1110 ἑνὸς
2456 1048 2730 1126 ἀνθρωπορ
2786 1053 2880 1106 τοῦ
2937 1048 3107 1125 Ἀδὰμ
3164 1052 3234 1115 εἷς
3293 1051 3550 1127 ἁμαρτίαν
3604 1047 3739 1105 ὠλί-

357 1137 574 1201 σθησεν,
3197 1137 3200 1138 ν
3281 1180 3286 1184 ε

443 1247 468 1278 α
507 1222 815 1305 Ἐμάχοντο
873 1225 961 1282 οὗν
1015 1228 1147 1305 πρὸς
1202 1226 1466 1300 ἀλλήλους
1498 1231 1545 1286 οἱ
1604 1226 1873 1306 ⁹ἰουδαῖοι,
1905 1223 1976 1282 λέ·

2168 1225 2355 1287 Vsus.
2387 1224 3036 1289 5356.:Decertabant
3069 1245 3207 1306 ergo
3237 1225 3424 1288 Judaei
3456 1225 3611 1288 inter
3643 1245 3730 1300 se,

355 1327 563 1392 γοντες⁹
639 1320 758 1378 Πῶς
825 1312 1035 1372 δύναται
1087 1325 1238 1381 οὗτος
1302 1320 1441 1393 ἡμῖν
1484 1316 1657 1376 δοῦναι
1685 1318 1784 1386 τὴν
1833 1317 1976 1395 σάρκι

2083 1309 2349 1374 dicentes
2385 1313 2731 1387 :Quomodo
2765 1318 2858 1380 hic
2890 1326 3083 1398 potest
3115 1315 3285 1378 nobis
3316 1316 3456 1376 dare
3487 1333 3724 1377 carnem

355 1415 602 1483 φαγεῖνς
663 1405 834 1463 Εἶπεν
903 1405 994 1460 οὖν
1039 1407 1222 1472 αυτοῖς
1284 1409 1312 1464 6
1362 1405 1588 1475 Ἰησοῦς·
1625 1406 1821 1485 Ἀμὴν,
1855 1406 1997 1482 ἀμὴν

355 1490 497 1570 λέγω
563 1494 715 1570 ὑμῖν,
770 1494 860 1551 ἕξιν
923 1495 1000 1570 μὴ
1045 1495 1249 1576 φάγητε
1279 1499 1377 1565 τὴν
1408 1497 1576 1577 σάρκα
1606 1505 1698 1554 τοῦ
1730 1497 1850 1554 Υἱοῦ
1906 1504 1996 1554 τοῦ

355 1580 650 1654 ἀνθρώπου,
724 1583 812 1638 καὶ
841 1584 997 1648 πίητε
1028 1586 1188 1642 αὐτοῦ
1216 1586 1277 1642 τὸ
1307 1585 1474 1666 αἷμα,
1507 1590 1602 1645 οὐκ
1642 1585 1798 1666 ἔχετε
1855 1587 1995 1658 ζωὴν

353 1669 408 1725 ἕν
463 1670 702 1734 ἑαυτοῖς,
778 1663 836 1728 Ὀ
889 1693 949 1751 τρ
965 1679 1107 1750 ένγων
1159 1695 1260 1746 μου
1324 1675 1422 1742 τὴν
1459 1663 1794 1754 ’σάρκαξκαὶ
1834 1676 1996 1732 πίνων

353 1783 455 1836 μου
538 1763 600 1817 τὸ
655 1765 819 1840 αἷμα,
850 1761 966 1842 ἔχει
996 1762 1138 1834 ζωὰν
1169 1763 1398 1821 αἰώνιον·
1435 1766 1522 1821 καὶ
1565 1764 1672 1844 ἐγὼ
1713 1765 1996 1835 ἀναστήσω

2082 1417 2244 1462 suam
2265 1403 2338 1464 ad
2371 1404 2701 1468 edendum?
2732 1405 2884 1468 Dixit
2918 1408 3003 1468 eis
3032 1409 3205 1469 Jesus
3239 1423 3252 1467 ε
3305 1406 3516 1478 Amen,
3552 1423 3726 1467 amen

2079 1490 2213 1552 dlco
2247 1492 2436 1567 vobis,
2473 1495 2583 1556 nisi
2617 1495 2864 1558 ederitis
2896 1515 3138 1558 carnem
3192 1494 3323 1555 Filii
3355 1493 3636 1572 hominis,
3670 1504 3726 1556 et

2081 1579 2354 1641 biberitis
2406 1584 2535 1662 ejus
2581 1586 2954 1666 sanguinem,
2991 1604 3107 1645 non
3146 1583 3440 1645 habebitis
3469 1584 3639 1643 vitam
3665 1582 3724 1643 in

2082 1667 2380 1744 vobis.Qui
2414 1672 2535 1734 edit
2567 1692 2758 1735 meam
2793 1691 3062 1747 carnem,
3099 1681 3155 1734 et
3184 1671 3334 1733 bibit
3367 1690 3561 1733 meum
3594 1690 3726 1732 san-

2081 1757 2534 1840 guinem,habet
2551 1763 2723 1823 vitam
2752 1772 3125 1843 mternam,et
3141 1780 3248 1840 ego
3270 1760 3564 1822 suscitabo
3587 1779 3720 1822 eum

352 1851 510 1906 αὐτὸν
536 1855 605 1926 τῇ
645 1848 854 1930 ἰσχάτῃ
909 1851 1103 1930 ἡμέρα.
1153 1842 1215 1908 Ἠ
1271 1855 1371 1932 γὰρ
1429 1854 1554 1934 σάρξ
1607 1842 1725 1932 μου
1784 1854 1976 1922 ἀλτ,θῶ‹

2079 1846 2141 1908 in
2175 1849 2494 1912 novissimo
2527 1851 2801 1914 die.Caro
2827 1853 2984 1914 enim
3013 1842 3143 1914 mea
3173 1869 3311 1912 vere
3341 1850 3636 1924 cstcibus,
3664 1857 3722 1912 et

351 1937 462 1996 ἆστι
518 1940 735 2019 βρῶσις,
795 1940 883 1997 καὶ
932 1941 994 1996 τὸ
1037 1941 1181 2016 αἷμά
1211 1965 1311 2018 μου
1365 1943 1577 2011 ἀληθῶς
1611 1944 1718 2001 ἔστι
1749 1945 1930 2009 πόσις,
1962 1967 1986 2000 ιι

352 2027 700 2093 Ἀκούσαντες
771 2029 817 2085 οἱ
903 2026 1152 2087 Ἰουδαῖοι
1232 2034 1349 2112 περὶ
1404 2037 1504 2100 τῆς
1574 2034 1820 2113 βρώσεως
1893 2039 1991 2102 τῆς

352 2119 546 2198 σαρκὸς
614 2129 708 2179 τοῦ
738 2120 950 2198 Κυρίου,
995 2119 1297 2184 ἀπιποῦσι,
1337 2122 1436 2184 Διά
1476 2130 1630 2182 τοῦτο
1673 2125 1849 2181 καὶτὸ
1893 2125 1990 2192 τῆς

350 2208 594 2273 ἀπιστίας
622 2208 790 2287 ῥημα,
824 2210 908 2282 τὸ,
949 2229 971 2265 ε
1009 2215 1130 2272 Πῶς
1180 2229 1197 2285 ;
1231 2234 1258 2266 ι
1295 2210 1633 2292 φθέγγονται.
1680 2211 1865 2271 ’Ὅταν
1892 2215 1991 2293 γὰρ

349 2297 590 2363 ἀπιστίας
645 2297 892 2378 λογισμοὶ
961 2298 1261 2357 εἰσέλθωσιν
1331 2303 1404 2364 εἷς
1467 2302 1674 2383 ψυχὴν,
1737 2309 1861 2361 τότε
1903 2305 1992 2360 καὶ

347 2389 432 2467 τὸ,
520 2391 638 2451 Πῶς
687 2387 1152 2468 ;συνεισὲρχεται.
1188 2389 1286 2445 Διᾶ
1311 2400 1464 2450 τοῦτο
1494 2392 1582 2448 καὶ
1625 2389 1780 2456 αὐτὸς
1823 2391 1990 2448 θέλων

348 2474 536 2550 δεῖξαι,
590 2477 672 2535 ὅτι
745 2481 839 2537 οὐκ
889 2476 998 2535 ἔστι
1046 2485 1202 2536 τσῦτο
1245 2478 1520 2554 ἀδύνατον,
1557 2479 1692 2537 ἀλλά
1734 2482 1823 2538 καὶ
1852 2483 1990 2561 σφὸ-

347 2565 440 2647 δρα
509 2567 828 2647 ἀναγκαῖον,
875 2569 964 2625 καὶ
1021 2572 1115 2628 οὐκ
1170 2567 1314 2627 ἔστιν
1385 2569 1560 2634 ἄλλως
1614 2571 1763 2652 ἔχειν
1818 2573 1985 2649 ζωὴν,

347 2658 525 2736 φησίν·
591 2678 614 2713 ε
670 2659 798 2715 Ἐὰν
855 2659 932 2734 μὴ
991 2681 1090 2735 μου
1145 2659 1244 2728 τὴν
1317 2660 1483 2740 σάρκα
1540 2661 1767 2742 φάγητε,
1825 2685 1853 2716 ι
1901 2665 1989 2720 καὶ

345 2747 410 2802 τὰ
471 2745 616 2815 ἑξῆς.
691 2747 841 2805 Οὕτω
890 2748 978 2804 καὶ
1036 2749 1064 2805 6
1118 2747 1422 2826 Νικόδημος
1453 2748 1505 2816 ἐξ
1535 2749 1780 2814 ἀπιστίας
1810 2750 1981 2830 ἔλεγεο

349 2860 378 2893 α
431 2837 552 2901 Πῶς
583 2833 792 2894 δύναται
820 2834 1089 2916 ἄνθρωπος
1120 2837 1374 2896 εἰσελθεῖν
1406 2840 1476 2904 εἷς
1507 2841 1603 2906 τὴν
1651 2839 1856 2896 κοιλίαν
1885 2846 1983 2908 τῆς

2077 1938 2314 2017 sanguis
2342 1957 2508 2000 meus
2529 1959 2665 2002 vere
2687 1949 2776 2003 est
2804 1940 3229 2022 potus.»Judwi
3253 1959 3386 2001 cum
3417 1939 3724 2001 audissent

2076 2024 2149 2086 de
2181 2045 2284 2087 esu
2315 2029 2513 2091 carnis
2545 2029 3252 2105 illius,discredunt.ldeo
3285 2037 3342 2091 et
3373 2027 3613 2090 verbum
3637 2029 3722 2090 in-

2075 2115 2446 2177 credulitatis
2469 2117 2695 2180 dicunt:
2729 2119 3074 2193 Quomodo?
3098 2118 3244 2181 Nam
3276 2117 3510 2200 quando
3554 2119 3720 2197 cogi-

2078 2203 2328 2265 tationes
2348 2204 2782 2271 incredulitatis
2805 2209 3221 2288 ingrediuntur
3251 2208 3310 2270 in
3327 2208 3716 2278 animam,in-

2076 2293 2347 2371 greditur
2373 2297 2575 2378 simul,
2610 2298 2951 2371 Quomodo?
2996 2303 3315 2380 Propterea
3361 2298 3488 2378 ipse
3520 2298 3724 2359 volens

2074 2381 2188 2441 hoc
2212 2384 2532 2447 ostendere
2565 2389 2718 2466 quod
2755 2408 2871 2450 non
2897 2389 2972 2449 sit
3007 2385 3510 2468 impossibile,sed
3541 2387 3717 2448 etiam

2072 2470 2240 2533 valde
2265 2476 2694 2550 necessarium,
2727 2479 2851 2542 ait:
2884 2481 3017 2543 Non
3059 2485 3249 2559 potest
3295 2477 3467 2539 aliter
3514 2476 3718 2540 baberi

2074 2559 2208 2635 vita,
2240 2586 2263 2615 α
2308 2564 2421 2625 nisi
2455 2585 2644 2627 meum
2696 2587 2935 2632 carnem
2967 2567 3109 2630 595
3149 2567 3498 2646 comedatis,
3533 2591 3558 2621 ιυ
3600 2575 3714 2628 etc.

2070 2649 2154 2710 Ita
2184 2659 2242 2712 et
2270 2652 2638 2716 Nicodamus
2663 2675 2732 2717 ex
2765 2657 3183 2718 incredulitate
3214 2655 3487 2716 dicebat:
3519 2654 3712 2727 «Quo-

2071 2738 2245 2800 modo
2299 2751 2491 2820 potest
2553 2745 2730 2804 homo
2781 2745 3004 2807 intrare
3037 2747 3093 2808 in
3121 2755 3385 2806 ventrem
3423 2743 3657 2806 matris?
3685 2767 3708 2801 ο

2069 2825 2316 2906 Oportet
2337 2829 2511 2908 igitur
2545 2851 2670 2902 nos,
2705 2852 2839 2893 cum
2859 2835 3282 2908 audiverimus,
3306 2833 3434 2897 Nisi
3465 2831 3714 2894 ederitis

343 2927 544 3006 μητρός
591 2945 609 3002 ;
649 2948 674 2980 ι
713 2935 810 2982 Δεῖ
838 2925 1005 2982 τοίνυν
1035 2928 1179 3002 ἡμᾶς
1232 2927 1577 3006 ἀκούσαντας,
1638 2929 1718 2984 ὃτι
1771 2928 1860 2984 ἐὰν
1903 2929 1976 3004 μὴ

2065 2932 2303 3006 carnem
2327 2917 2608 2991 Filii,non
2645 2921 2941 2984 habebitis
2959 2924 3159 2999 vitam,
3186 2923 3245 2984 in
3277 2920 3713 3000 sumptionibus

340 3002 594 3097 φάγωμεν
657 3015 754 3082 τὴν
812 3014 980 3093 σάρκα
1034 3021 1126 3073 τοῦ
1185 3018 1325 3093 Υἶοῦ,
1360 3015 1454 3072 οὒκ
1484 3002 1682 3095 ἔχομεν
1729 3002 1976 3088 (uim-iv

2064 3002 2394 3097 divinorum
2449 3007 2859 3088 mysteriorum
2909 3010 3298 3073 indubitatam
3349 3010 3614 3072 retinere
3640 3010 3712 3070 ti-

339 3091 458 3170 ταῖς
500 3091 845 3180 μεταλήψεσι
883 3091 1009 3160 ἡτῶν
1056 3104 1206 3161 θείων
1277 3091 1577 3205 μυστηρίων
1606 3106 1778 3161 πίστιν
1831 3107 1976 3187 ἔχειν

2065 3091 2224 3205 dem,
2261 3099 2320 3156 et
2359 3113 2474 3156 non
2529 3115 2820 3176 quaerere.
2863 3099 2987 3172 Quo
3020 3104 3225 3181 pacto?
3247 3098 3391 3161 Nam
3433 3098 3712 3160 animalis

339 3191 670 3265 ἀδίστακτον,
724 3194 811 3249 καὶ
869 3193 948 3268 μὴ
1003 3194 1192 3264 ζητεῖν
1223 3195 1308 3274 τὸ,
1340 3180 1463 3256 Πῶς
1497 3213 1513 3270 ;
1563 3185 1618 3253 Ὀ
1663 3196 1762 3274 γὰρ

2065 3180 2267 3276 homo,
2303 3183 2415 3276 hoc
2441 3193 2529 3246 est
2561 3190 2662 3268 qui
2693 3190 2962 3270 sequitur
2991 3180 3377 3269 cOgitationes
3422 3189 3712 3249 humanas

2064 3278 2122 3330 et
2153 3272 2464 3343 animales,
2500 3276 2622 3337 sive
2659 3278 2980 3352 naturales,
3011 3299 3127 3341 non
3152 3288 3240 3340 est
3288 3296 3467 3358 capax
3501 3295 3707 3338 eorum

2062 3379 2193 3450 qua:
2222 3370 2358 3422 sunt
2398 3381 2580 3444 super
2636 3376 2932 3442 naturam,
2968 3377 3027 3430 et
3055 3368 3470 3450 Spiritualium,
3517 3367 3708 3447 Atque

2061 3449 2141 3511 ita
2166 3459 2225 3511 et
2252 3451 2621 3531 spiritualem
2675 3475 2842 3518 esum
2876 3449 3428 3522 carnisDominicaa
3459 3475 3574 3518 non
3609 3456 3705 3516 in-

2064 3539 2387 3618 telligit-'50:
2424 3544 2594 3623 cujus
2653 3547 2753 3626 qui
2814 3566 2930 3608 non
2991 3558 3127 3609 sunt
3184 3546 3522 3629 participes,
3586 3562 3704 3604 non

2061 3639 2234 3690 erunt
2278 3633 2601 3712 participes
2629 3647 2868 3696 aeternae
2901 3637 3051 3711 vitae,
3087 3655 3157 3698 eo
3205 3637 3362 3717 quod
3413 3651 3528 3695 non
3567 3650 3702 3693 sus-

2061 3729 2348 3797 ceperunt
2375 3719 2602 3798 Jesum,
2636 3725 2734 3805 qui
2768 3733 2857 3787 est
2905 3725 3036 3788 Vita
3107 3737 3348 3787 aeterna.
3383 3723 3510 3786 Non
3542 3723 3702 3783 enim

2061 3807 2204 3869 nudi
2234 3809 2488 3872 hominis
2519 3830 2653 3874 caro
2686 3821 2776 3874 est
2801 3834 2932 3895 qua:
2967 3815 3376 3887 manducatur,
3411 3812 3514 3874 sed
3568 3809 3698 3885 Dei,

2057 3903 2115 3956 et
2145 3915 2277 3977 quae
2305 3899 2585 3964 deiﬁcare
2630 3901 2805 3984 valet,
2840 3911 3042 3984 utpote
3098 3909 3537 3984 contemperala
3566 3898 3698 3961 dei-

2056 3985 2178 4049 tati.
2214 3985 2329 4048 Ista
2359 3989 2536 4050 etiam
2592 4009 2730 4053 vere
2779 4001 2868 4054 est
2912 3994 3102 4070 cibus,
3167 4013 3234 4055 eo
3287 3991 3441 4075 quod
3481 4008 3596 4051 non
3625 3987 3698 4049 ad

2053 4092 2296 4155 parvum
2331 4086 2564 4159 tempus
2612 4080 2806 4157 duret,
2862 4103 3053 4164 neque
3103 4089 3519 4163 corrumpatur
3548 4079 3698 4140 sicut

2052 4166 2458 4245 corruptibilis
2486 4167 2792 4246 cibus,sed
2813 4180 3047 4235 aeterna;
3076 4175 3207 4234 vita:
3233 4173 3309 4234 sit
3339 4169 3692 4233 subsidium.

2050 4251 2336 4316 Similiter
2365 4265 2422 4317 et
2453 4266 2622 4337 potus
2653 4261 2954 4337 sanguinis
2985 4262 3246 4336 Domini,
3279 4279 3415 4324 vere
3473 4267 3560 4320 est
3585 4276 3693 4338 p0-

2053 4349 2144 4433 tus
2174 4360 2187 4405 :
2218 4344 2356 4424 quia
2386 4365 2502 4407 non
2533 4347 2609 4409 ad
2637 4357 2869 4430 tempus
2889 4352 3104 4416 sufﬁcit
3135 4353 3254 4433 siti,
3303 4351 3404 4412 sed
3457 4363 3698 4428 semper

337 3285 429 3347 κὸς
487 3282 778 3362 ἄρθρωπος,
856 3281 1146 3356 τουτέστιν,
1204 3285 1231 3340 6
1289 3283 1572 3361 λογισμοῖς
1641 3285 1980 3363 ἀνθρωπίνοις

337 3377 425 3431 καὶ
480 3379 764 3456 ψυχικοῖς,
825 3372 943 3442 ἤτοι
1002 3386 1270 3452 φυσικοῖς,
1335 3375 1623 3449 ἑπόμενος,
1658 3377 1718 3433 οὗ
1764 3375 1978 3456 δέχεται

335 3465 402 3520 τὰ
454 3465 583 3540 ὒπὶρ
612 3464 764 3545 φύσιν
819 3464 905 3520 καὶ
961 3464 1314 3538 πνευματικά⁶
1378 3463 1555 3540 ὥσπερ
1617 3463 1704 3520 οὖν
1738 3467 1824 3521 καὶ
1880 3467 1978 3531 τὴν

336 3554 698 3630 πνευματικὴν
747 3555 942 3633 βρῶσιν
1007 3557 1107 3621 τῆς
1137 3560 1231 3610 τοῦ
1265 3556 1449 3633 Κυρίου
1479 3556 1672 3631 σαρκὸς
1731 3557 1792 3612 οὗ
1833 3569 1970 3634 νοεῖ,

333 3645 398 3714 ἧς
483 3645 530 3702 οἶ
587 3643 665 3720 μὴ
718 3639 1241 3719 μεταλαμϐάνοντες,
1299 3643 1560 3723 ἀμέτοχοι
1607 3642 1814 3700 ’ἔσονται
1873 3649 1972 3711 τῆς

335 3733 542 3791 αἰωνίου
583 3733 750 3807 ζωῆς,
811 3735 883 3798 ὡς
933 3732 1012 3807 μὴ
1056 3731 1469 3811 παραδεξάμενοι
1497 3735 1588 3790 τὸν
1648 3734 1854 3801 Ἰησοῦν
1883 3735 1972 3791 τὸν

331 3823 455 3882 ὄντα
511 3823 654 3896 ζωὴν
711 3822 990 3892 ἀληθινήν.
1023 3823 1095 3880 0'3
1141 3823 1240 3901 γὰρ
1301 3821 1460 3897 ψιλοῦ
1513 3821 1788 3901 ἀνθρώπου
1848 3823 1971 3902 σάρξ

330 3914 470 3974 ὶστιν
521 3917 556 3985 ἡ
610 3915 913 3990 ὶσθιομὲνη,
982 3911 1118 3973 ἀλλά
1150 3915 1304 3987 Θεοῦ,
1335 3916 1422 3971 καὶ
1480 3917 1748 3972 θεοποιεῖν
1811 3912 1970 3971 δυνα-

328 4009 494 4081 μένη,
555 4005 626 4069 ὣς
685 4002 1044 4081 ἀνακραθεῖσα
1087 4003 1320 4070 θεότητι·
1389 4003 1535 4070 Αὕτη
1592 4003 1678 4060 καὶ
1758 4003 1970 4071 ἀληθῶς

329 4095 439 4151 ἆστι
495 4094 716 4174 βρῶσις,
787 4093 915 4148 καθὸ
989 4095 1049 4150 οὐ
1104 4093 1234 4168 πρὸς
1290 4091 1469 4172 ὀλίγον
1528 4094 1709 4172 καιρὸν
1737 4090 1966 4172 διαρκεῖ,

329 4181 444 4239 οὗδέ
495 4181 757 4262 φθαίρεται
814 4180 1046 4258 καθάπερ
1101 4183 1134 4249 ἡ
1189 4180 1380 4259 ρευστῆ
1409 4183 1627 4261 βρῶσις,
1675 4181 1812 4239 ἀλλὰ
1867 4190 1965 4253 τῆς

329 4273 542 4330 αἰωνίου
592 4275 733 4344 ζωῆς
815 4269 956 4326 ἰστιν
1013 4269 1306 4348 ἐπίκουρος.
1374 4264 1599 4346 Ὀμοίως
1657 4271 1711 4329 δὲ
1788 4275 1874 4330 καὶ
1930 4277 1964 4343 ἡ

328 4365 484 4426 πόσις
543 4370 635 4421 τοῦ
692 4359 924 4436 αἵματος
993 4368 1086 4416 τοῦ
1119 4360 1327 4441 Κυρίου,
1361 4361 1569 4429 ἀληθῶς
1627 4362 1736 4420 ἐστι
1781 4366 1960 4436 ποσις,

328 4450 408 4508 ὅτι
457 4452 536 4527 μη
585 4451 716 4529 πρὸς
757 4431 964 4528 *καιρὸν
1027 4431 1252 4527 ἰπαρκεὺ
1303 4431 1381 4523 τῷ
1403 4449 1564 4532 δίψει,
1598 4449 1719 4509 ἀλλ’
1773 4455 1845 4517 εἷς
1888 4431 1967 4510 ἀεὶ

2064 4431 2274 4532 absque
2302 4434 2401 4532 siti
2424 4447 2759 4511 conservat,
2814 4459 2922 4503 nec
2977 4431 3248 4521 indigere
3284 4439 3565 4522 pormittit
3593 4435 3694 4532 ξιὶτ

326 4539 515 4618 ἄδιψον
547 4537 790 4618 διατηρεῖ
817 4539 906 4595 καὶ
937 4537 1186 4606 ἀνεπιδεῆ
1255 4541 1349 4596 τὸν
1404 4540 1619 4598 πιόνταο
1678 4545 1852 4609 καθὼς
1881 4545 1970 4600 καὶ

326 4630 456 4708 πρὸς
510 4629 608 4696 τὴν
641 4635 966 4706 Σαμαρεῖτιν
999 4626 1201 4706 ἔλεγεν,
1236 4627 1341 4701 ὅτι,
1374 4647 1404 4687 )
1460 4619 1516 4686 ’0
1567 4630 1730 4708 πίνων
1759 4633 1821 4687 kx
1874 4639 1968 4689 τοῦ

324 4700 508 4784 ὕδατος
566 4721 626 4775 οὗ
676 4700 1016 4796 ἐγὼ-δώσω,
1079 4700 1138 4772 οὗ
1507 4741 1536 4774 ι
1603 4700 1794 4785 ’,Οστις
1865 4723 1965 4801 γαρ

323 4810 420 4876 τὴν
489 4807 646 4888 χάριν
701 4813 794 4862 τοῦ
835 4805 985 4884 ἆγίου
1031 4807 1332 4882 Πνεύματος
1363 4805 1447 4863 διὰ
1475 4813 1576 4875 τῆς
1608 4807 1963 4886 μεταλήψεως

322 4904 428 4957 τῶν
474 4897 626 4954 θείων
667 4896 970 4972 μυστηρίων
1025 4894 1246 4968 δέξεται,
1337 4897 1454 4956 οὔτε
1515 4897 1771 4974 λιμώττει
1828 4923 1962 4967 νοη-

321 4990 410 5045 τὸν
442 4985 625 5062 λιμὸν,
671 4983 786 5042 οὔτε
816 4982 943 5056 διψᾷ
986 4983 1160 5065 δίψος,
1207 4987 1328 5044 οἷον
1357 4991 1402 5045 οἱ
1429 4986 1663 5048 ἄπιστοι.

409 5100 436 5132 α
473 5067 530 5133 ’0
585 5075 803 5154 τρώγων
867 5097 970 5148 μου
1048 5076 1145 5142 τὴν
1203 5077 1391 5155 σάρκα,
1467 5079 1552 5133 καὶ
1585 5078 1745 5133 πίνων
1776 5101 1876 5154 μου
1902 5081 1961 5137 τὸ

322 5165 486 5242 αἷμα,
560 5163 614 5220 ἰν
661 5162 778 5239 ἐμοὶ
833 5162 1002 5237 μένει,
1061 5164 1211 5242 κάγὼ
1265 5165 1318 5220 ἐν
1375 5165 1538 5238 αὖτῷ.
1592 5167 1775 5228 Καθὼς
1827 5167 1960 5224 ἀπὲο

323 5253 498 5312 στειλὲ
558 5275 623 5330 με
681 5255 708 5309 6
777 5257 879 5324 ζῶν
939 5254 1141 5332 Πατὴρ,
1201 5257 1352 5332 κάγὼ
1383 5261 1457 5327 ζῶ
1499 5255 1582 5313 διὰ
1610 5256 1703 5312 τὸν
1733 5257 1962 5335 Πατέρα.

324 5346 409 5401 καὶ
461 5343 730 5422 ὁτρώγων
789 5363 882 5422 με,
931 5344 1177 5410 κάκεῖνος
1225 5346 1442 5415 ζήσεται
1495 5342 1560 5400 δι’
1620 5343 1737 5420 ἐμέ.
1799 5347 1962 5412 Οὗτός

323 5434 464 5491 ἐστιν
533 5434 562 5488 ὁ
610 5431 765 5511 ἂρτος
826 5434 854 5488 6
910 5431 970 5487 ἐκ
1000 5439 1095 5489 τοᾶ
1139 5433 1358 5512 οὖρανοῦ
1400 5431 1657 5497 καταϐὰς’
1705 5434 1765 5490 οὗ
1793 5438 1964 5501 καθὼς

323 5518 517 5601 ἔφαγον
581 5520 644 5575 τὸ
701 5519 874 5594 μάννα
928 5519 973 5576 οἱ
1006 5519 1228 5600 πατέρες
1256 5521 1404 5597 ὑμῶν
1432 5521 1486 5578 ἀν
1517 5543 1582 5600 τῃ
1640 5523 1849 5604 ἱρήμῳ,
1880 5524 1965 5581 καὶ

397 5679 463 5733 ⁸ο
492 5681 511 5745 l
541 5678 676 5743 Cor.
713 5696 780 5760 ιι,
818 5681 908 5744 Η.
995 5680 1047 5732 ῑί
1079 5678 1248 5744 Joan.
1286 5697 1366 5762 Iv,
1412 5681 1503 5747 13.

2055 4519 2318 4599 bentem,
2354 4525 2504 4586 sicut
2538 4534 2594 4587 et
2621 4527 2694 4587 ad
2735 4519 3161 4591 Samaritanain
3210 4519 3445 4592 dicebat
3477 4546 3491 4590 :
3531 4553 3556 4581 ε
3585 4525 3694 4598 Qui

2052 4607 2197 4672 bibit
2218 4630 2289 4672 es
2317 4631 2470 4694 aqua
2491 4633 2666 4695 quam
2691 4635 2798 4694 ego
2831 4618 3006 4699 dabo,
3042 4638 3159 4680 non
3191 4619 3351 4680 sitiet
3375 4620 3456 4679 5|.
3486 4641 3508 4674 ι
3547 4614 3693 4676 Nam

2049 4700 2316 4781 quisquis
2347 4703 2594 4780 gratiam
2624 4706 2810 4767 sancti
2833 4704 3086 4788 Spiritus
3133 4727 3236 4788 per
3294 4709 3692 4788 sumptionem

2049 4788 2377 4851 divinorum
2436 4793 2852 4872 mysteriorum
2875 4798 3224 4878 susceperit,
3251 4815 3445 4877 neque
3476 4797 3688 4856 famem

2046 4878 2446 4957 spriritualem
2483 4900 2678 4961 neque
2727 4885 2884 4945 sitim
2917 4886 3192 4966 patietur,
3221 4887 3453 4966 qualern
3486 4885 3686 4945 incre-

2046 4966 2194 5030 duli.

2125 5056 2313 5119 Vans.
2345 5058 2564 5122 57-59.
2602 5085 2628 5114 α
2655 5062 2766 5134 Qui
2795 5063 2919 5124 edit
2944 5083 3134 5126 meam
3159 5083 3420 5138 carnem,
3452 5071 3510 5124 et
3547 5061 3688 5122 bibit

2051 5165 2247 5207 meum
2281 5148 2722 5224 sanguinem,in
2758 5171 2852 5212 me
2876 5163 3162 5227 manet,et
3191 5154 3374 5233 egoin
3396 5151 3691 5215 illo.Sicut

2050 5234 2209 5295 misit
2241 5254 2334 5296 me
2365 5237 2567 5297 vivens
2598 5237 2792 5314 Pater,
2828 5241 2906 5302 ita
2934 5251 2988 5303 et
3018 5262 3123 5322 ego
3157 5243 3282 5304 vivo
3315 5252 3554 5323 propter
3576 5240 3686 5302 Pa-

2049 5333 2222 5398 trem,
2259 5334 2317 5385 el
2347 5325 2444 5404 qui
2469 5326 2658 5388 ederit
2686 5348 2802 5404 me,
2857 5339 2914 5391 et
2943 5330 3070 5409 ipse
3119 5333 3266 5394 vivet
3300 5341 3539 5413 propter
3572 5349 3684 5390 me.

2048 5413 2157 5474 Hic
2194 5423 2282 5475 est
2324 5415 2488 5494 panis
2535 5419 2631 5494 qui
2681 5417 2755 5477 du
2803 5419 2952 5480 caelo
2999 5421 3353 5483 descendit:
3393 5441 3506 5483 non
3540 5423 3686 5482 sicut

2050 5502 2440 5583 comederuut
2469 5514 2663 5584 patres
2693 5507 2868 5568 vestri
2903 5527 3142 5584 manna,
3172 5517 3231 5574 et
3263 5511 3477 5572 mortui
3526 5520 3680 5586 sunt,
