4070 6224
388 338 535 406 13H
1268 370 1273 375 -
1349 308 1939 405 THEOPHYLACTI
1984 335 2392 404 BULGARIzE
2436 340 2791 405 ARCHIEP.
3611 345 3773 412 1312

385 477 497 550 Qui
527 476 649 540 edit
675 477 831 543 hunc
854 495 1091 559 panem,
1118 476 1269 538 vivat
1298 476 1360 538 in
1390 473 1871 539 :eternum.)Hoc
1901 475 2031 536 loco

2129 471 2398 533 ὶπέθανον.
2472 498 2493 531 s
2537 466 2594 533 ’0
2651 475 2871 555 τρώγων
2900 485 3084 536 τοῦτον
3111 481 3201 535 τὸν
3232 479 3412 558 ἄρτον,
3446 482 3678 552 ζήσεται
3712 485 3785 546 εἰς

388 566 676 629 discimus
705 574 1141 629 sacramentum
1160 565 1777 628 communionis.Nam
1794 562 1892 645 qui
1918 562 2040 626 edit

2129 563 2210 619 τὸν
2269 564 2454 627 αἰῶνα,
2519 588 2546 619 »
2611 563 2864 650 Ἐνταῦθα
2931 567 3263 643 μανθάνομεν
3340 571 3403 627 τὸ
3477 573 3791 650 μυστήριον

391 665 448 718 et
478 656 624 718 bibit
640 674 879 717 carnem
899 664 960 717 et
982 656 1332 735 sanguinem
1355 654 1682 727 Domini,in
1698 654 1825 733 ipso
1840 659 2039 714 manet

389 745 668 827 Domino,
691 754 750 807 et
774 744 1060 806 Dominus
1082 744 1143 806 in
1175 745 1323 824 ipso.
1373 741 1858 823 Contemperatio
1877 741 2037 804 enim

390 835 453 897 ﬁt
478 842 713 914 nova,et
741 850 921 914 super
951 833 1351 907 rationem,ita
1379 840 1441 894 ut
1471 833 1544 894 sit
1567 833 1723 895 Deus
1754 831 1813 891 in
1839 830 2033 903 nobis,

390 933 444 986 et
477 944 586 986 nos
614 925 676 985 in
707 923 852 987 Deo.
877 921 1006 984 Non
1030 922 1200 984 audis
1233 920 1563 985 terribilem
1585 919 1887 983 auditum?
1904 918 2035 981 Non

390 1014 574 1078 Deum
599 1013 824 1076 nudum
854 1014 1281 1074 manducamus
1314 1031 1327 1073 :
1366 1010 1523 1089 tangi
1552 1010 1713 1072 enim
1744 1009 2040 1090 nequit,et

389 1104 778 1184 incorporeus
808 1110 919 1164 est.
958 1109 1016 1163 et
1047 1119 1239 1183 neque
1286 1099 1475 1162 oculis
1515 1117 1707 1181 neque
1759 1097 2039 1160 dentibus

394 1192 769 1275 apprehendi
806 1197 1034 1271 potest;
1079 1208 1273 1271 neque
1316 1207 1554 1250 rursum
1604 1187 1750 1250 nudi
1779 1186 2039 1249 hominis

390 1280 814 1362 carnem,nihil
843 1280 1005 1343 enim
1030 1282 1315 1360 prodesse
1335 1284 1530 1359 potest
1557 1298 1569 1341 :
1596 1277 1701 1338 sed
1720 1276 1859 1356 quia
1882 1278 2039 1337 Deus

390 1372 578 1435 univit
604 1371 716 1433 sibi
746 1384 985 1431 carnem
1018 1367 1347 1430 secundum
1372 1365 1737 1428 ineffabilem
1762 1372 2035 1426 contem-

388 1460 779 1544 perationem,
811 1458 1033 1520 viviﬁca
1065 1464 1155 1519 est
1188 1465 1246 1518 et
1283 1474 1441 1535 caro,
1480 1474 1598 1517 non
1646 1454 1802 1544 quod
1837 1453 1897 1514 in
1930 1453 2037 1515 Dei

390 1559 657 1613 naturam
676 1546 1181 1619 transierit,absit!
1201 1545 1303 1607 sed
1325 1544 1397 1606 ad
1421 1543 1883 1606 similitudinem
1902 1560 2041 1605 can-

392 1640 589 1703 dentis
616 1639 777 1713 ferri,
801 1637 957 1719 quod
992 1647 1049 1699 et
1070 1635 1292 1698 ferrum
1330 1640 1618 1697 manet.et
1646 1632 1800 1712 ignis
1830 1640 2057 1694 osten-~»

390 1731 478 1793 dit
507 1729 933 1812 operationem:
956 1726 1042 1789 sic
1075 1725 1251 1805 igitur
1280 1732 1339 1786 et
1367 1722 1606 1787 Domini
1635 1740 1772 1783 caro
1794 1740 2041 1783 manens

2069 1722 2223 1813 Βτῆγν
2282 1722 2535 1813 ὁμοίωσιν
2590 1733 2684 1784 τοῦ
2782 1727 3160 1805 πεπυρωμένου
3230 1726 3467 1807 σιδήρου,

2117 656 2217 717 τῆς
2273 652 2652 729 μεταλήψεως.
2720 644 2777 712 Ὀ
2834 656 2933 735 γὰρ
2990 658 3209 737 τρώγων
3275 659 3363 715 καὶ
3448 644 3616 715 πίνων
3666 644 3789 729 ’τὴν

2120 741 2285 820 σάρκα
2341 744 2429 799 καὶ
2488 745 2550 801 τὸ
2600 743 2743 820 α’ίμα
2811 752 2906 802 τοῦ
2965 748 3173 822 Κυρίου,
3207 747 3262 804 ἐν
3292 749 3435 822 αὖτῷ
3478 748 3627 824 μένει
3710 758 3794 824 τῷ

2123 830 2313 918 Κυρίῳ,
2346 833 2431 888 καὶ
2490 834 2518 889 6
2578 834 2765 910 Κύριος
2836 833 2891 890 ἐν
2974 836 3138 910 αὐτῷ,
3218 837 3611 917 Συνανὶκρασις
3683 841 3792 918 γὰρ

2118 917 2239 986 ξένη
2305 921 2390 978 καὶ
2444 921 2575 1001 ὑπὲρ
2645 920 2805 1002 λόγον
2876 924 3098 1001 γίνεται,
3134 925 3269 983 ὥστε
3328 926 3471 983 εἶναι
3513 928 3607 983 τὸν
3641 917 3789 984 Θεὸν

2119 1007 2172 1096 ἐν
2242 1010 2400 1084 ἡμῖν,
2453 1011 2542 1068 καὶ
2596 1013 2741 1087 ἡμᾶς
2798 1012 2851 1070 ἐν
2884 1020 2961 1087 τῷ
2993 1020 3132 1084 Θεῷ.
3179 1017 3286 1073 Οὔκ
3315 1015 3521 1079 ἀκούεις
3549 1020 3788 1096 φρικτδν

2120 1093 2411 1186 ᾅκουσμας
2487 1102 2559 1157 Οὐ
2634 1101 2763 1156 Θεὸν
2817 1100 2974 1177 ψιλὸν
3030 1103 3305 1181 τρώγομεν
3368 1093 3599 1186 (ἀναφὴς
3679 1109 3793 1185 γὰρ

2121 1183 2231 1241 ἐστι
2291 1188 2378 1243 καὶ
2447 1187 2755 1268 ἀσώματος,
2802 1192 2890 1248 καὶ
2921 1191 3036 1248 οὔτε
3067 1183 3388 1274 ὀφθαλμοῖς,
3449 1183 3571 1250 οἱῖτι
3615 1183 3791 1255 68σὲ

2121 1296 2203 1330 σιν
2262 1274 2585 1354 ἁλώσιμος),
2667 1276 2781 1335 οὐδὲ
2868 1279 3028 1336 πάλιν
3071 1280 3230 1357 ψιλοῦ
3265 1283 3540 1362 ἀνθρώπου
3604 1286 3793 1364 σάρκα

2122 1362 2292 1431 (οὐδὲν
2348 1366 2447 1445 γὰρ
2506 1365 2781 1447 ὠφελῆσαι
2837 1367 3092 1440 δόναται)’
3195 1371 3314 1427 ἀλλ’
3378 1371 3564 1441 ἐπειδή
3642 1362 3793 1447 Θεὸς

2120 1451 2327 1521 ἥνωσεν
2381 1456 2551 1530 ἐαυτῷ
2608 1458 2706 1523 τὴν
2765 1458 2932 1534 σάρκα
2963 1460 3096 1515 κατᾶ
3127 1460 3226 1527 τὴν
3258 1461 3483 1541 ἄρρητον
3534 1463 3789 1541 ἀνάκρα-

2122 1562 2228 1621 σιν,
2299 1546 2559 1614 ζωοποιὸς
2622 1545 2852 1626 ὑπάρχει
2909 1549 2997 1604 καὶ
3026 1550 3059 1616 ἡ
3093 1548 3239 1629 σὰρξ,
3274 1553 3377 1631 οὐχ
3432 1551 3513 1607 ὅτι
3569 1552 3644 1614 εἰς
3682 1552 3792 1619 τὴν

2120 1640 2214 1689 τοῦ
2274 1633 2408 1691 Θεοῦ
2476 1634 2629 1715 φύσιν
2685 1635 3161 1715 μετακεχώρηκεν,
3211 1638 3425 1719 ἂπαγεί
3473 1638 3614 1697 ἀλλὰ
3640 1642 3793 1698 κατὰ

3574 1729 3633 1794 ὅς
3697 1732 3796 1786 καὶ

392 1809 563 1893 caro,
584 1818 811 1882 viviﬁca
835 1824 925 1880 est
953 1817 1109 1879 sicut
1132 1815 1239 1878 Dei
1258 1813 1437 1875 Verbi
1459 1811 1811 1891 caro.Igitur
1828 1829 2042 1892 quem-

2130 1809 2338 1890 σίδηρος
2410 1812 2579 1892 μένει,
2634 1814 2720 1870 καὶ
2773 1815 2873 1882 τὴν
2929 1823 3020 1872 τοῦ
3084 1819 3250 1896 πυρὸς
3320 1816 3578 1875 δείκνυσιν
3628 1818 3794 1897 ἐνέρ-

392 1910 711 1975 admodum
745 1928 876 1988 ego,
904 1905 1118 1987 inquit,
1148 1903 1278 1966 vivo
1330 1911 1571 1984 propter
1622 1905 1878 1974 Patrem,
1930 1901 2045 1962 hoc

2129 1917 2296 1979 γειαν·
2359 1901 2527 1965 οὕτως
2594 1904 2681 1959 οὖν
2743 1904 2830 1960 καὶ
2884 1907 2917 1972 ἡ
2971 1907 3066 1963 τοῦ
3114 1908 3297 1985 Κυρίου
3364 1905 3488 1987 σάρξ
3546 1907 3793 1980 μένουσα

395 2009 504 2080 est,
539 2008 813 2080 tanquam
842 2004 1011 2058 natus
1045 2014 1114 2056 ex
1153 1998 1346 2067 Patre,
1389 1992 1489 2074 qui
1535 2001 1623 2055 est
1671 1992 1806 2067 vita,
1857 1992 1933 2053 ita
1986 1999 2045 2054 et

2129 1989 2273 2091 ρᾲρξ,
2336 1990 2597 2062 ζωοποιός
2655 1991 2821 2073 ἐστιν,
2889 1996 2963 2059 ὡς
3025 2005 3117 2054 τοῦ
3200 2005 3332 2057 Θεοῦ
3389 1999 3563 2075 Λόγου
3626 1998 3790 2077 σὰρξ,

396 2092 493 2172 qui
528 2090 843 2151 manducat
872 2084 1148 2159 me,vivet
1171 2090 1412 2164 propter
1441 2101 1558 2153 me,
1584 2081 1724 2142 dum
1756 2080 2043 2172 quodam-

2129 2080 2344 2158 υΩσπερ
2395 2082 2503 2161 οὖν,
2560 2084 2739 2159 φησὶν,
2774 2082 2882 2161 ἐγὼ
2908 2086 2981 2155 ζῶ
3032 2083 3114 2140 διὰ
3170 2086 3263 2143 τὸν
3309 2086 3538 2166 Πατέρα,
3587 2088 3791 2144 το)τέ-

398 2169 574 2241 modo
610 2177 891 2239 miscetur
921 2174 1155 2245 mihi,et
1204 2172 1765 2234 transelementatur
1815 2169 1877 2231 in
1924 2188 2039 2245 me,

396 2268 498 2350 qui
531 2267 686 2326 596
714 2264 1015 2326 viviﬁcaJe
1048 2280 1309 2343 possum.
1344 2260 1588 2333 Quando
1622 2270 1816 2350 autem
1849 2260 2041 2350 audis,

405 2348 431 2413 ἆ
438 2357 558 2435 Ego
586 2355 862 2434 vivo,nne
874 2351 1175 2413 existimes
1192 2369 1326 2411 eum
1345 2351 1516 2431 juxta
1529 2348 2042 2430 participationem

397 2447 528 2508 vitae
556 2444 774 2523 vivere,
802 2440 1020 2522 alioqui
1044 2439 1262 2502 animal
1287 2440 1590 2501 diceretur
1612 2439 1899 2513 Deus,sed
1924 2458 2041 2501 non

399 2543 510 2610 est,
536 2552 730 2614 neque
768 2530 927 2593 enim
970 2528 1127 2591 Deus
1176 2529 1392 2591 animal
1453 2528 1815 2614 nominatur,
1855 2546 2050 2608 neque

399 2613 669 2686 creatura
695 2619 967 2702 quaedam
1018 2616 1137 2679 vita
1183 2616 1510 2679 vocabitur.
1547 2613 1716 2695 Saepe
1762 2624 1958 2677 autem
1991 2628 2052 2678 et

401 2714 652 2776 multum
686 2710 745 2771 in
769 2727 875 2771 ore
916 2716 1131 2778 versat,
1173 2731 1195 2764 α
1225 2709 1432 2771 Patres
1454 2704 1637 2767 vestri
1667 2705 2057 2770 comederunt

399 2819 613 2865 manna
628 2802 686 2862 in
705 2797 1156 2869 solitudine,»ut
1171 2794 1521 2877 persuadeat
1536 2792 2052 2859 hominibus.Nam

2127 2189 2265 2250 στιν,
2325 2181 2398 2234 ως
2458 2173 2725 2246 γεννηθεὶς
2783 2171 2844 2229 ἐκ
2925 2180 3017 2230 τοῦ
3072 2176 3300 2254 Πατρὸς,
3367 2176 3421 2240 ὃς
3475 2176 3587 2232 ἐστι
3638 2178 3793 2252 ζωὴ,

2126 2257 2264 2314 οὕτω
2319 2259 2409 2315 καὶ
2464 2261 2492 2315 6
2548 2260 2767 2339 τρώγων
2824 2282 2916 2335 με,
2975 2264 3191 2335 ζήσεται
3246 2263 3313 2321 δι’
3365 2265 3460 2340 ἐμὲ
3517 2264 3797 2346 ἄνακιρνώ

2127 2368 2308 2423 μενος,
2370 2348 2550 2425 ὣσπερ
2605 2350 2691 2405 καὶ
2748 2353 3315 2432 μεταστοιχειοόμενος
3399 2356 3472 2418 εὶς
3533 2353 3630 2429 ἐμὲ
3690 2356 3795 2411 τὸν

2129 2445 2419 2515 ζωογονεῖν
2504 2439 2782 2517 ἰσχύοντα,
2821 2430 3099 2498 ’Ὅτανηδὲ
3130 2442 3381 2521 ἀκούσῃς,
3428 2443 3531 2517 ὅτι,
3570 2463 3601 2503 ι
3632 2443 3795 2521 Ἐγὼ

2131 2532 2228 2605 ζῶ,
2306 2552 2330 2580 ι
2406 2527 2484 2601 μὴ
2542 2528 2721 2601 νόμιζε
2779 2531 2931 2587 αὖτὸν
2966 2532 3102 2587 κατὰ
3144 2534 3389 2614 μετοχὴν
3417 2540 3554 2605 ζωῆς
3585 2539 3711 2610 ζῇνο
3750 2534 3791 2601 ἦ

2133 2616 2233 2691 γὰρ
2293 2614 2353 2675 ἄν
2404 2621 2535 2687 ζῶον
2607 2616 2817 2695 ἐλέγετο
2873 2621 2901 2675 ὁ
2972 2621 3123 2685 Θεός·
3159 2619 3277 2679 ἀλλ’
3309 2625 3404 2681 οὐκ
3452 2621 3615 2685 ἔστιν,
3647 2624 3795 2681 Οὔτε

2135 2706 2235 2783 γὰρ
2291 2706 2420 2768 Θεὸς
2475 2704 2611 2775 ζῶον
2671 2707 3007 2789 ὀνομάζεται,
3082 2709 3197 2767 οὔτε
3294 2712 3505 2769 κτιστὸν
3572 2714 3608 2780 ἡ
3661 2714 3792 2783 ζωὴ

2134 2791 2482 2863 κληθήσεται,
2547 2802 2798 2875 Συνεχῶς
2858 2796 2912 2853 δὲ
2983 2798 3091 2855 ἅνω
3131 2800 3219 2856 καὶ
3248 2797 3393 2858 κάτω
3422 2800 3631 2880 στρέφει
3689 2804 3787 2877 τὸ,

397 2893 444 2954 si
458 2888 742 2972 possibile
754 2887 1144 2969 quadraginta
1167 2885 1341 2948 annis
1358 2884 1487 2945 sine
1504 2902 1697 2945 messe
1715 2891 2045 2946 etsemente

2137 2902 2165 2972 μ
2229 2886 2287 2941 Οἱ
2333 2883 2555 2964 πατέρες
2584 2888 2730 2961 ὑμῶν
2761 2885 2956 2966 ἔφαγον
2984 2889 3045 2944 τὰ
3073 2889 3242 2963 μάννα
3271 2890 3325 2946 ἐν
3374 2898 3443 2967 τῇ
3501 2889 3705 2971 ἐρήμῳ,
3752 2914 3782 2950 ι

401 2969 561 3063 pasci
590 2978 886 3056 homines,
914 2984 971 3037 et
999 2972 1343 3063 conservari
1368 2973 1600 3035 illorum
1633 2971 1834 3035 vitam:
1864 2973 2045 3036 multo

2131 2969 2214 3027 διὰ
2242 2973 2304 3028 τὸ
2354 2986 2540 3029 πεῖσαι
2597 2976 2719 3039 τοὺς
2777 2976 3091 3057 ἀκούοντας,
3120 2978 3201 3035 ὅτι
3226 2982 3265 3035 εξ
3321 2969 3538 3037 δυνατὸν
3567 2980 3788 3057 ἐγένετο

404 3060 588 3148 magis
621 3085 779 3128 nunc
811 3062 1192 3127 conservabit
1224 3071 1481 3125 nostram
1514 3060 1884 3142 spiritualem
1919 3081 2045 3123 me-

2132 3060 2185 3115 ἐν
2253 3062 2647 3141 τεσσαράκοντα
2705 3061 2874 3136 ἔτεσιν
2930 3065 3051 3122 ἄνευ
3114 3067 3324 3142 ἀμητοῦ
3406 3070 3493 3125 καὶ
3573 3075 3783 3146 σπορᾶς

401 3158 537 3220 liori
570 3175 721 3239 pane
744 3154 1243 3227 Dominus,carne
1262 3170 1392 3225 sua,
1419 3170 1550 3230 quae
1574 3149 1802 3231 absque
1824 3150 2045 3213 semine

2138 3149 2482 3230 διατραφῆναι
2542 3151 2868 3234 ἀνθρώπους,
2946 3158 3032 3212 καὶ
3120 3154 3531 3237 διακρατηθῂαι
3589 3160 3783 3217 αὒτοῐς

398 3248 505 3309 viri
538 3266 609 3308 ex
642 3244 874 3323 virgine
905 3251 996 3305 est
1024 3241 1365 3306 constituta.
1398 3239 1631 3319 Ubique
1673 3250 1871 3300 autem
1918 3240 2045 3303 vitae

2132 3240 2232 3306 τὴν
2286 3240 2452 3311 ζωὴν,
2511 3242 2697 3316 πολλῷ
2762 3243 2965 3319 μᾶλλον
2997 3249 3082 3302 νῦν
3110 3245 3454 3327 διακρατήσει
3501 3249 3599 3316 τὴν
3630 3248 3786 3319 ζωὴν

399 3335 693 3409 meminit,
718 3342 775 3394 et
805 3333 1022 3394 crebro
1054 3331 1167 3392 hoc
1196 3348 1413 3391 nomen
1462 3327 1857 3408 addidit,quia
1905 3327 2045 3390 nihil

2133 3329 2284 3403 ἡμῶν
2340 3328 2437 3396 τὴν
2494 3332 2692 3398 νοητὴν
2749 3340 2825 3408 τῷ
2878 3334 3135 3413 κρείττονι
3207 3332 3349 3414 ἄρτῳ
3375 3337 3402 3392 ὁ
3465 3338 3675 3416 Κύριος,
3706 3344 3784 3413 τῇ

400 3426 478 3486 ita
504 3442 680 3484 suave
702 3420 1048 3483 hominibus
1078 3428 1140 3480 ut
1170 3437 1268 3480 res
1300 3419 1422 3480 illa.
1456 3417 1638 3497 Igitur
1687 3427 1743 3478 et
1793 3427 1850 3478 tu
1880 3427 2047 3497 potes

393 3532 511 3576 non
534 3512 726 3573 solum
756 3509 1082 3571 secundum
1112 3508 1414 3589 mysticam
1442 3508 1925 3570 communionem
1952 3527 2048 3569 co-

394 3602 636 3663 medere
660 3608 718 3663 et
737 3599 944 3662 bibere
968 3617 1207 3660 carnem
1225 3607 1283 3660 et
1299 3598 1644 3675 sanguinem
1668 3595 2045 3677 Domini,sed

394 3699 454 3757 et
481 3690 595 3752 alio
627 3689 880 3771 quodam
935 3689 1133 3749 modo.
1176 3686 1410 3750 Etenim
1444 3693 1502 3747 et
1530 3704 1770 3747 carnem
1802 3685 2042 3765 quidem

397 3780 715 3844 manducat
754 3778 992 3859 aliquis,
1044 3777 1283 3857 quando
1323 3794 1431 3856 per
1480 3775 1745 3855 praticen
1798 3774 2043 3839 incedit.

394 3868 542 3933 Caro
572 3870 731 3932 enim
756 3866 1031 3929 coniectu
1062 3865 1511 3944 difﬁcilis,sicut
1542 3877 1603 3925 et
1634 3864 1858 3945 pratice
1880 3863 2048 3926 labo-

392 3960 571 4021 riosa.
627 3956 983 4036 Sanguinem
1036 3973 1178 4016 vero
1232 3953 1382 4016 bibit
1422 3960 1487 4016 ut
1521 3953 1724 4015 vinum
1758 3953 1915 4034 quod
1948 3973 2051 4016 cor

396 4048 674 4121 lmtiiicat,
707 4044 1221 4126 contemplativus.
1254 4042 1482 4106 Labore
1517 4041 1677 4105 enim
1707 4051 1869 4105 caret
1899 4062 2048 4105 con-

399 4135 725 4216 templatio,
752 4135 872 4195 imo
895 4142 952 4195 et
988 4132 1259 4195 laborum
1287 4132 1528 4215 requies
1554 4138 1747 4204 est,et
1778 4132 1939 4212 potui
1957 4132 2044 4193 si-

402 4226 665 4305 milatnr,
720 4222 859 4306 quia
891 4230 948 4282 et
1000 4231 1173 4298 potus
1220 4221 1438 4283 minori
1470 4220 1672 4284 labore
1706 4228 1842 4301 eget
1867 4239 2043 4303 quam

396 4315 594 4379 cibus.

2131 3418 2282 3493 σαρκὶ
2339 3420 2495 3475 αὑτοῦ
2548 3426 2615 3493 τῇ
2688 3420 2810 3478 ἄνευ
2860 3430 3059 3501 σπορᾶς
3144 3421 3328 3501 ἀνδρὸς
3403 3425 3639 3502 conisu
3712 3425 3781 3481 ἰκ

2130 3507 2383 3587 παρθένου
2467 3508 2594 3586 γῆς.
2674 3515 2961 3592 Πανταχου
3017 3511 3071 3569 δὲ
3141 3518 3287 3585 ζωῆς
3334 3514 3625 3593 μέμνηται,
3685 3515 3782 3571 καὶ

2130 3598 2448 3675 συχνότερον
2508 3606 2662 3657 τοῦτο
2718 3602 2779 3656 τὸ
2834 3601 3003 3677 ὄνομα
3052 3603 3300 3682 παράγει,
3389 3603 3573 3673 ἐπειδὴ
3626 3600 3779 3662 οὗδὲν

2128 3685 2292 3752 οὕτως
2349 3685 2445 3754 ἡδὺ
2501 3701 2619 3751 tot;
2677 3689 2995 3768 ἀνθρώποις,
3028 3693 3102 3754 ὡς
3132 3701 3286 3750 τοῦτο
3330 3694 3389 3750 τὸ
3423 3694 3636 3774 χρῆμα.
3673 3696 3778 3751 Καὶ

2128 3777 2190 3831 σὺ
2247 3777 2419 3833 τοίνυν
2475 3774 2690 3834 δύνασαι
2716 3783 2774 3837 οὗ
2816 3779 2979 3855 μόνον
3010 3782 3143 3839 κατὰ
3173 3783 3269 3851 τὴν
3299 3784 3560 3859 μυστικὴν
3604 3781 3781 3857 μετά-

2135 3864 2303 3940 ληψιν
2362 3865 2548 3921 ἐσθίειν
2590 3868 2679 3923 καὶ
2733 3868 2899 3927 πίνειν
2954 3871 3054 3938 τὴν
3110 3872 3277 3950 σάρκα
3306 3873 3393 3929 καὶ
3423 3874 3484 3929 τὸ
3506 3872 3648 3947 αἷμα
3677 3873 3778 3928 τοῦ

2137 3954 2430 4029 Δεσπότου,
2490 3953 2626 4011 ἀλλὰ
2678 3961 2766 4013 καὶ
2821 3958 2939 4015 κατ’
2970 3958 3132 4016 ἃλλον
3159 3960 3379 4040 τρόπον,
3420 3962 3514 4019 Καὶ
3548 3962 3647 4040 γὰρ
3673 3960 3779 4027 τὴν

2132 4044 2243 4119 μὲν·
2292 4044 2459 4123 σάρκα
2509 4044 2666 4101 ἐσθίει
2724 4067 2831 4128 τις,
2889 4047 3013 4104 ὅταν
3069 4047 3155 4106 διὰ
3196 4038 3306 4117 τῆς
3336 4038 3631 4128 πρακτικῆς
3662 4038 3775 4125 βαιὲ

2130 4130 2267 4207 δίζῃ’
2322 4130 2768 4213 δυσκατέργαστον
2836 4137 2935 4216 γὰρ
3016 4140 3049 4205 ἡ
3138 4138 3287 4218 σὰρξ,
3365 4139 3542 4217 ὥσπερ
3593 4140 3683 4195 καὶ
3740 4140 3782 4206 ἡ

2128 4222 2396 4297 πρακτικὴ
2450 4221 2701 4300 ἔγκοπος⁸
2770 4226 2830 4282 τὸ
2886 4223 2941 4283 δί
3000 4226 3144 4302 αἷμα
3172 4229 3332 4311 πίνει,
3379 4230 3453 4292 ὡς
3484 4228 3634 4285 οἶνον
3681 4230 3782 4286 εὖ-

2128 4311 2406 4391 φραίνοντα
2460 4311 2698 4394 καρδίαν,
2783 4316 2812 4371 ό
2892 4316 3238 4395 θεωρητικός⁸
3328 4317 3529 4375 ἄκοπον
3586 4318 3685 4395 γαρ
3741 4319 3781 4385 ἡ

402 4408 610 4487 θεωρία,
649 4403 853 4481 μᾶλλον
897 4397 951 4455 δὲ
999 4404 1084 4459 καὶ
1113 4403 1294 4459 κόπων
1351 4403 1666 4483 ἀνάπαυσις,
1727 4404 1814 4459 καὶ
1870 4402 2023 4460 πόσει
2083 4400 2313 4480 ἐοικυῖα,
2375 4398 2489 4457 ἐπεὶ
2544 4404 2633 4459 καὶ
2701 4405 2735 4472 ἡ
2784 4404 2941 4471 πόσις
2998 4404 3199 4463 ἅκοπον
3257 4406 3485 4483 μᾶλλον,
3546 4406 3682 4483 ἤπερ
3744 4409 3783 4474 ἡ

395 4500 612 4575 βρῶσις.

469 4586 647 4651 VEns.
671 4586 888 4652 60-63.
931 4612 954 4647 ι
997 4586 1135 4649 Haec
1158 4584 1306 4646 dixit
1335 4584 1396 4646 in
1420 4600 1713 4664 synagoga
1735 4582 1958 4644 docens
1976 4580 2036 4643 in
2062 4590 2102 4640 D

392 4676 959 4759 Capcrnaum.Multi
975 4695 1113 4755 ergo
1133 4676 1226 4737 his
1246 4674 1459 4736 auditis
1475 4693 1543 4736 ex
1562 4672 1868 4752 discipulis
1887 4671 2042 4757 ejus,

394 4766 704 4831 dixerunt:
732 4767 926 4832 Durus
942 4778 1033 4831 est
1055 4767 1149 4829 hic
1173 4764 1537 4847 sermo,quis
1574 4771 1764 4844 potest
1787 4780 1921 4824 eum
1945 4780 2048 4823 au-

388 4856 554 4919 dire‘?
582 4859 788 4921 Sciens
816 4867 1014 4920 autem
1045 4860 1220 4920 Jesus
1245 4855 1402 4936 apud
1456 4852 1849 4934 semetipsum
1882 4849 2041 4933 quod

394 4946 937 5010 murmurabantde
970 4949 1082 5009 hoc
1133 4944 1410 5024 discipuli
1468 4942 1679 5024 ipsius,
1708 4940 1856 5003 dixit
1904 4940 1991 5001 eis
2024 4956 2038 5003 :

391 5034 513 5097 Hoc
541 5053 647 5098 vos
678 5036 954 5099 offendit?
987 5036 1140 5110 Quid
1195 5034 1374 5113 igitur
1431 5034 1477 5095 si
1538 5031 1796 5094 videritis
1832 5029 2044 5093 Filium

394 5123 653 5186 hominis
696 5126 1115 5188 ascendentem
1162 5144 1232 5187 eo
1292 5122 1392 5185 ubi
1422 5122 1585 5203 prius
1613 5119 1766 5183 erat?
1795 5146 1818 5178 ο
1854 5118 2049 5191 Quare

394 5214 452 5273 in
487 5231 779 5293 synagoga
808 5214 1061 5276 docuit?
1092 5214 1316 5278 Partim
1358 5212 1513 5294 quod
1566 5209 1798 5273 volebat
1846 5214 2047 5275 venari

404 5303 868 5377 multitudinem,
897 5304 1108 5383 partim
1132 5305 1286 5385 quod
1302 5300 1657 5365 ostendebat
1686 5318 1751 5361 se
1777 5318 1893 5359 non
1914 5314 2047 5358 esse

392 5392 756 5454 contrarium
781 5392 1063 5474 legi,quae
1085 5391 1389 5473 legebatur
1410 5391 1468 5452 in
1490 5388 1803 5471 synagogis
1852 5386 2046 5460 Quare

392 5489 590 5542 autem
612 5481 758 5543 tales
781 5500 1092 5545 sermones
1109 5483 1167 5543 in
1194 5480 1455 5543 medium
1477 5478 2047 5561 proferebat,quam-

393 5569 479 5630 vis
504 5569 731 5633 sciebat
784 5571 1003 5634 nullam
1039 5571 1180 5634 inde
1220 5571 1531 5633 utilitatem
1591 5575 2041 5651 percepturum,

397 5657 499 5719 sed
522 5658 739 5722 multos
769 5660 946 5722 etiam
980 5660 1123 5723 inde
1178 5659 1367 5741 magis
1394 5658 1652 5723 offendi?
1679 5659 1827 5723 Nam
1860 5665 1920 5719 et
1947 5654 2046 5716 di-

2208 4599 2232 4635 ι
2337 4587 2512 4639 Ταῦτα
2597 4586 2750 4640 εἶπεν
2832 4586 2889 4641 liv
2946 4592 3013 4661 τῇ
3074 4592 3359 4665 συναγωγῇ
3414 4584 3673 4643 διδάσκων
3718 4585 3782 4642 ἐν

2134 4671 2499 4747 Καπερναοόμ.
2567 4671 2761 4730 Πολλοὶ
2830 4673 2919 4730 οὖν
2977 4673 3297 4739 ἀκούσαντες
3354 4674 3416 4732 ἐκ
3455 4680 3563 4730 τῶν
3593 4678 3779 4740 μαθη-

2128 4766 2234 4815 τῶν
2294 4764 2472 4834 αὐτοῦ,
2545 4765 2724 4819 εἶπον·
2762 4760 3004 4843 Σκληρός
3048 4763 3189 4820 ἐστιν
3233 4766 3261 4820 6
3305 4763 3465 4842 λόγος
3490 4762 3664 4828 οὗτοςο
3696 4763 3782 4827 τίς

2128 4845 2338 4904 δύναται
2396 4852 2554 4908 αὐτοῦ
2628 4850 2835 4908 amem
2884 4871 2901 4927 ;
2976 4851 3139 4917 Εἰδὼς
3169 4851 3223 4910 δὲ
3254 4855 3282 4910 6
3316 4844 3519 4921 ἰησοῦς
3562 4851 3615 4908 ἓν
3646 4852 3781 4908 ἐαυ-

2128 4944 2228 5011 τῷ,
2302 4936 2381 4994 ὅτι
2450 4941 2761 5018 γογγύζουσι
2833 4943 2950 5021 περὶ
3004 4943 3190 4999 τούτου
3233 4945 3280 4999 οἷ
3311 4942 3543 5019 μαθηταὶ
3592 4939 3777 5017 αὐτοῦ,

2132 5026 2288 5082 εἶπεν
2343 5028 2546 5094 αὐτοῖς·
2632 5037 2796 5088 Τοῦτο
2861 5031 2995 5106 ὑμᾶς
3054 5030 3436 5103 σκανδαλίζεις
3494 5029 3625 5089 Ἐὰν
3682 5032 3776 5087 οὖν

2130 5119 2362 5193 θεωρῆτε
2424 5119 2512 5174 τὸν
2587 5121 2705 5175 Υἱὸν
2762 5126 2855 5176 τοῦ
2908 5119 3183 5199 ἀνθρώπου
3240 5119 3616 5195 ἀναϐαίνοντα,
3647 5119 3782 5177 ὅπου

2131 5204 2194 5271 ἧν
2264 5206 2325 5260 τὸ
2380 5206 2686 5288 πρότερον;
2739 5230 2763 5264 s
2825 5207 2975 5271 Τίνος
3030 5206 3207 5265 ἕνεκεν
3262 5210 3317 5266 ὲν
3374 5216 3445 5287 τῇ
3494 5214 3784 5288 συναγωγῇ

2130 5290 2392 5350 ἐδίδασκεν
2439 5316 2455 5368 ;
2519 5286 2679 5370 ’Ἅμα
2732 5296 2828 5372 μὲν
2886 5298 2945 5352 τὸ
3002 5296 3202 5365 πλῆθος
3233 5286 3482 5378 θηρεῦσαι
3511 5286 3781 5375 βουλόμεθα

2129 5404 2239 5457 νος,
2296 5383 2409 5455 ἃμα
2476 5381 2530 5440 δὲ
2592 5383 2861 5443 δεικνύων.
2921 5384 3002 5442 ὅτι
3034 5386 3128 5444 οὒκ
3158 5388 3391 5451 ἐναντίος
3421 5389 3530 5444 εστὶ
3554 5392 3632 5460 τῷ
3683 5386 3781 5443 νό-

2130 5494 2216 5547 μῳ
2271 5480 2348 5547 τῷ
2402 5473 2880 5553 ἀναγινωσκομὲνῳ
2935 5475 2991 5531 ἐν
3020 5490 3143 5543 ταῖς
3187 5492 3553 5556 συναγωγαῖς.
3627 5476 3784 5533 Διατί

2129 5560 2184 5617 δὲ
2235 5562 2357 5625 τοὺς
2430 5563 2701 5628 τοιούτους
2756 5564 2950 5644 λόγους
3006 5567 3080 5630 εἰς
3137 5569 3198 5624 τὸ
3266 5564 3432 5643 μέσον
3486 5566 3775 5646 προῦφερε,

2132 5654 2301 5712 καίτοι
2404 5652 2607 5731 μηδένα
2702 5654 2916 5732 μέλλων
2984 5656 3283 5740 ὠφελῆσαι,
3356 5655 3493 5725 ἀλλὰ
3548 5656 3781 5720 πολλοὺς
