4070 6224
329 349 480 417 1313

325 485 687 560 σκανδαλίζειν
757 489 962 566 μᾶλλον
996 513 1008 566 ς

327 539 682 560 ””””””’Ἵ”’
759 539 958 566 r'"""'
996 539 1012 568 )
1089 539 1185 550 ⁸“’“
1262 539 1347 571 Ι““Γ
1426 539 1473 548 ν’
1543 539 1774 566 r""'|""
1827 539 1944 546 *⁷⁷⁷
1964 539 1969 540 ⁷

323 577 645 642 ἀκούσαντες
656 625 672 653 ,
734 579 914 635 εἶπον
983 603 1010 635 α
1074 579 1315 659 Σκληρός
1383 581 1524 637 ἐστιν
1555 583 1582 636 ὁ
1611 579 1770 659 λόγος
1803 580 1975 640 οὗτος·

320 666 399 729 τίς
428 664 639 722 δύναται
697 668 853 724 αὑτοῦ
884 668 1094 725 ἀκούειν
1129 689 1145 750 ς
1198 693 1222 726 ι
1260 672 1319 729 Τί
1348 670 1436 728 οὖν
1466 671 1528 726 τὸ
1555 668 1733 749 κέρδος
1764 668 1824 724 ἐκ
1851 668 1973 724 τού·

1011 344 1458 421 ENARRATIO
1501 357 1582 422 ΙΝ
1630 350 2135 419 EVANGELIUM
2179 351 2523 415 JOANNIS.
2558 383 2632 397 —
2677 350 2843 413 CAP.
2897 349 2997 413 VI.

3557 327 3712 410 i314

1089 492 1185 550 Καὶ
1249 493 1348 571 γὰρ
1423 493 1473 548 οἰ
1543 492 1774 566 μαθηταὶ
1826 485 1976 546 αύτοῦ

2063 479 2275 571 scipuli
2306 482 2436 571 ejus
2466 481 2558 542 his
2591 479 3385 571 auditis,dixrerun_t,fDurus
3404 489 3500 571 est
3522 497 3718 540 sermo

2064 567 2183 644 hic,
2217 569 2350 648 quis
2385 578 2571 648 potest
2604 570 2769 630 illum
2797 569 3066 630 audire?»
3095 567 3277 644 igitur
3306 569 3457 648 quod
3488 567 3714 629 lucrum

2065 675 2134 718 ex
2180 658 2274 719 his
2321 658 2543 720 verbis?
2576 657 2697 719 Imo
2732 659 3048 737 plurimum
3086 667 3145 718 et
3175 658 3517 719 maximum.
3569 655 3711 716 Nam

321 776 426 811 των
485 763 591 811 τῶν
665 757 957 834 ῥημάτωνς
992 756 1096 818 Καὶ
1128 757 1274 833 μάλα
1341 758 1478 816 πολὺ
1507 761 1595 816 καὶ
1625 760 1788 837 μέγα.
1833 757 1976 815 Ἐπεῖ

2065 747 2344 825 quoniam
2380 766 2675 808 memores
2699 755 2872 807 erant
2894 747 3150 807 subinde
3169 746 3288 807 cibi
3307 745 3716 826 corporalis,et

324 846 423 922 γὰρ
479 846 791 919 σωματικῆς
820 851 1019 926 τροφῆς
1076 847 1380 923 ὶμέμνηντο
1451 851 1712 928 συνεχῶς,
1768 848 1857 903 καὶ
1917 849 1978 901 τὸ

326 934 496 1010 μάννα
553 936 626 998 εἰς
700 935 861 1010 μέσον
919 935 1234 1016 προῦφερον,
1323 936 1570 994 δεικνύων
1638 941 1845 1011 αὐτοῖς,
1897 935 1975 992 ὅτι

324 1023 496 1079 πάντα
554 1021 736 1079 ἰκεῖνα
793 1025 946 1081 τύποι
1003 1026 1140 1093 ἦσαν
1192 1029 1282 1083 καὶ
1341 1029 1486 1100 σκιὰ,
1549 1028 1613 1083 τὰ
1648 1034 1734 1084 νῦν
1765 1024 1819 1082 δὲ
1853 1029 1979 1103 παρ’

325 1110 485 1167 αὐτοῦ
550 1110 812 1190 λεγόμενα
863 1117 1049 1191 ταῦτα,
1141 1116 1267 1172 εἰσὶν
1296 1118 1330 1184 ἡ
1363 1116 1608 1188 ἀλήθεια,
1639 1117 1826 1172 τούτου
1855 1114 1976 1170 ἕνε-

322 1219 411 1254 κεν
467 1201 631 1258 ταῦτα
685 1199 855 1280 λέγει,
914 1204 1002 1258 καὶ
1050 1203 1246 1282 τροφῆς
1327 1211 1687 1280 πνευματικῆς
1760 1204 1976 1280 μέμνη-

324 1309 435 1368 ται,
493 1287 587 1345 ἵνα
643 1292 800 1366 πείσῃ
861 1293 1048 1356 αὐτοὺς
1099 1292 1206 1348 ἀπὸ
1252 1293 1358 1349 τῶν
1446 1296 1708 1360 αἰσῡητῶν
1796 1299 1978 1358 ποσῶς

324 1376 624 1451 ἀνανεῦσαι,
682 1382 771 1434 καὶ
826 1385 931 1436 τῶν
988 1381 1167 1438 τύπων
1241 1383 1339 1456 μὲν
1370 1385 1456 1439 καὶ
1489 1383 1583 1450 τῆς
1624 1389 1776 1446 σκιᾶς
1804 1404 1977 1439 κατα-

324 1468 612 1545 φρονῆσαι,
676 1472 745 1542 τῇ
800 1466 853 1523 δὲ
926 1467 1147 1542 ἀληθείᾳ
1190 1469 1576 1550 προσδραμεῖν,
1602 1470 1749 1529 Ἀλλ’
1783 1471 1978 1528 ἐκεῖνοι

325 1552 491 1629 μηδὲν
543 1556 672 1634 ὑπὲρ
743 1557 844 1623 τὴν
900 1558 1150 1626 αἴσθησιν
1224 1573 1368 1618 νοεῖν
1455 1559 1757 1639 δυνάμενοι,
1856 1561 1977 1618 οὔτε

324 1641 677 1732 βελτιοὺνται,
776 1647 863 1702 καὶ
936 1645 1144 1722 μᾶλλον
1228 1649 1546 1718 ἀποπηδῶσι
1647 1652 1734 1707 καί
1825 1672 1974 1732 φασι,

330 1751 356 1788 ε
396 1731 636 1811 Σκληρός
692 1733 832 1791 ἐστιν
864 1738 892 1792 ὁ
961 1734 1120 1816 λόγος
1179 1737 1358 1819 οὗτος,
1391 1763 1416 1795 υ
1453 1740 1567 1796 ἀντὶ
1610 1749 1723 1813 τοῦ,
1750 1742 1972 1821 τραχὺς,

325 1821 714 1909 ᾄπαράδεκτος.
776 1827 866 1888 Τίς
922 1828 1022 1905 γὰρ
1077 1835 1326 1905 σαρκικὸς
1373 1829 1470 1909 ὧν,
1529 1828 1740 1886 δύναται
1795 1851 1972 1907 παρα-

2065 850 2282 898 manna
2304 837 2361 895 in
2389 836 2651 897 medium
2685 834 3090 915 proferebant,
3112 837 3436 896 ostendens
3454 835 3541 895 eis
3557 837 3714 915 quod

2063 925 2263 984 omnia
2286 925 2387 986 illa
2410 926 2595 1004 ﬁgura
2621 926 2837 986 fuerint
2869 933 2923 985 et
2959 924 3191 997 umbra,
3245 943 3375 1004 qua:
3413 932 3607 985 autem
3641 921 3714 983 ab

2060 1011 2190 1093 ipso
2221 1032 2378 1075 nunc
2410 1013 2891 1086 introducuntur,
2931 1016 3146 1074 veritas
3179 1013 3294 1073 sint
3323 1034 3336 1074 :
3372 1017 3500 1092 ejus
3530 1015 3714 1091 gratia

2060 1100 2186 1161 haec
2214 1102 2380 1176 dicit,
2415 1112 2473 1163 et
2503 1103 2828 1182 spiritualis
2881 1102 3000 1163 cibi
3063 1102 3426 1162 mentionem
3467 1104 3605 1162 facit
3653 1112 3714 1161 ut

2059 1188 2235 1251 faciat
2267 1210 2370 1254 eos
2425 1211 2459 1252 a
2512 1191 2900 1253 sensibilibns
2956 1191 3328 1272 aliquantum
3380 1210 3709 1271 emergere,

2062 1289 2565 1362 contemnereque
2596 1283 2814 1361 ﬁguras
2847 1291 2903 1342 et
2935 1283 3268 1362 umbras,et
3297 1300 3610 1342 accurrere
3639 1284 3710 1341 ad

2059 1369 2514 1433 veritatem.Sed
2531 1371 2617 1431 illi
2632 1391 2766 1432 cum
2786 1371 2930 1432 nihil
2953 1370 3537 1450 possentintelligere
3554 1371 3708 1449 quod

2062 1475 2240 1539 supra
2263 1478 2529 1534 sensum,
2568 1461 2844 1523 meliores
2877 1480 2994 1521 non
3028 1462 3195 1540 ﬁunt,
3224 1460 3328 1522 sed
3352 1460 3538 1538 magis
3557 1459 3711 1519 resi-

2062 1547 2236 1620 liunt,
2274 1559 2332 1610 et
2364 1550 2608 1614 dicunt:
2643 1576 2665 1607 α
2701 1553 2897 1614 Durus
2927 1561 3013 1611 est
3047 1570 3244 1612 sermo
3277 1551 3432 1622 hic,»
3461 1552 3572 1611 hoc
3597 1559 3706 1623 est,

2060 1657 2256 1718 asper,
2292 1649 2350 1701 et
2369 1641 2467 1720 qui
2491 1641 2714 1721 suscipi
2746 1650 3022 1721 nequeat.
3049 1639 3198 1712 Quis
3230 1640 3389 1701 enim
3413 1659 3548 1700 cum
3573 1657 3706 1700 car-

2060 1726 2210 1788 natis
2242 1730 2337 1800 sit,
2375 1737 2577 1808 posset
2622 1730 2926 1810 suscipere
2971 1730 3344 1809 spiritualem
3397 1729 3621 1808 cibum,
3651 1739 3708 1788 et

2061 1834 2271 1896 panem
2304 1818 2402 1896 qui
2434 1818 2508 1878 de
2541 1821 2689 1880 coelo
2721 1819 3051 1891 descendit,
3088 1826 3146 1879 et
3167 1836 3405 1879 carnem
3439 1836 3569 1896 quae
3598 1836 3705 1879 co-

324 1908 562 1975 δέξασθαι
621 1915 988 1988 πνευματικὴν
1071 1919 1292 1995 τροφὴν,
1354 1905 1467 1974 καὶ⁷
1498 1917 1654 1996 ἄρτον
1714 1917 1764 1983 ἐξ
1820 1905 1976 1996 ούρα-

2061 1906 2346 1996 meditur‘!
2374 1909 2510 1967 597
2534 1908 2782 1979 Quando
2812 1917 3010 1968 autem
3042 1907 3211 1967 audis
3241 1905 3400 1996 quod
3431 1905 3705 1986 discipuli

386 2007 408 2016 -
681 2002 692 2024 ι
1107 1994 1110 1995 ⁷
1143 2007 1155 2026 ρ
1488 2008 1497 2023 ο
1536 1994 1542 1996 ⁷
1690 2000 1702 2020 κ
1885 1994 1891 1996 ⁷
1923 2005 1947 2024 σε

324 2022 414 2056 νου
468 1999 872 2079 καταϐαινοντα,
935 2006 1022 2060 καὶ
1094 2027 1261 2085 σαρκα
1290 2006 1652 2083 ὶσθιομενηνς
1707 2006 1872 2064 Ὀταν
1917 2007 1972 2062 οὲ

2061 1995 2187 2074 ejus
2215 1997 2525 2070 recedunt,
2559 2016 2633 2058 ne
2678 1996 3045 2058 intellexeris
3087 2014 3188 2056 eos
3243 1994 3343 2076 qui
3395 2013 3530 2056 vere
3569 2006 3706 2055 sunt

328 2088 580 2166 ἀκούσῃς,
649 2090 729 2147 ὅτι
792 2093 839 2146 οἱ
910 2094 1144 2168 μαθηταὶ
1217 2095 1373 2154 αὐτοῦ
1463 2093 1835 2171 ἀπεπήδησαν,
1897 2095 1974 2171 μὴ

2061 2084 2467 2166 discipuli,sed
2503 2105 2605 2147 eos
2635 2087 2732 2166 qui
2766 2086 3172 2166 sequebantur
3203 2088 3258 2145 in
3285 2084 3494 2145 ordine
3523 2085 3706 2145 disci-

324 2179 447 2242 τοὺς
502 2178 669 2246 ὅντως
723 2183 964 2255 μαθητὰς
1024 2185 1251 2263 νοήσῃς,
1313 2183 1446 2242 ἀλλὰ
1504 2187 1625 2249 τοὺς
1670 2187 1742 2250 εἷς
1826 2184 1976 2248 τάξιν

2062 2173 2358 2252 pulorum,
2395 2185 2454 2234 et
2498 2175 2851 2236 videbantur
2899 2176 3145 2253 ﬁguram
3201 2174 3440 2253 quidem
3500 2192 3708 2251 gerere

331 2271 584 2343 μαθητῶν
640 2270 784 2344 αὖτῷ
855 2269 1299 2351 ἀκολουθοῦντας,
1358 2274 1445 2329 καὶ
1501 2281 1580 2348 τῷ
1677 2275 1980 2350 φαινομένῳ

327 2360 474 2432 μόνῳ
518 2360 1044 2441 σχηματιζομένους,
1076 2360 1156 2417 ὅτι
1210 2360 1540 2420 διδάσκονται
1613 2361 1738 2442 παρ’
1797 2367 1975 2424 αὐτοῦ.

327 2448 424 2505 Καὶ
466 2449 564 2526 γὰρ
621 2447 674 2504 ἐν
744 2462 880 2514 τοῖς.
933 2455 1202 2524 μαθηταῖς
1262 2451 1398 2520 ἦσάν
1441 2475 1602 2532 τινες,
1639 2453 1716 2526 ς’ξ,
1769 2453 1840 2516 ὡς
1885 2451 1979 2527 μὲν

325 2539 457 2615 πρὸς
513 2539 603 2593 τὸν
660 2537 827 2619 ὄχλον
886 2541 1311 2620 συγ-κρινόμενοι,
1386 2541 1634 2621 ἐλέγοντο
1667 2543 1824 2600 αὐτοῦ
1871 2564 1979 2616 μα·-

325 2628 500 2693 θηταί³
563 2628 856 2708 παρέμενον
907 2631 1006 2709 γὰρ
1079 2631 1221 2706 αῦτῷ
1273 2630 1493 2688 πλείονα
1559 2635 1766 2712 καιρὸν,
1843 2631 1978 2709 ἢπερ

330 2718 376 2771 οἱ
436 2715 619 2796 ὃχλοι’
681 2720 754 2781 ὡς
811 2715 863 2772 δὲ
909 2721 1038 2797 πρὸς
1082 2721 1204 2784 τοὺς
1236 2719 1518 2791 ἀληθινοὺς
1551 2726 1706 2780 αὐτοῦ
1736 2722 1977 2796 μαθητὰς

325 2803 818 2883 παρεξεταζόμενοι,
899 2805 1103 2874 οὐδενὸς
1161 2808 1295 2876 ἦσαν
1340 2809 1496 2890 ἂξιοι,
1534 2808 1622 2866 ἅτε
1678 2813 1807 2888 πρὸς
1851 2832 1979 2866 και-

326 2895 415 2969 ρὲν
474 2895 849 2960 πιστεύσαντες
908 2899 1073 2972 αύτῷ,
1149 2900 1234 2954 καὶ
1269 2899 1374 2954 ἀπὸ
1419 2904 1654 2978 ψυχρᾶς,
1689 2899 1766 2953 ’ἶν’
1811 2897 1977 2959 οὕτως

2062 2261 2517 2344 discipulorum,
2564 2282 2699 2326 cum
2749 2264 3108 2324 docerentur
3152 2264 3224 2322 ab
3258 2281 3352 2324 eo.
3385 2261 3614 2323 Etenim
3650 2271 3706 2323 et

2063 2349 2219 2411 inter
2251 2352 2580 2432 discipulos
2623 2362 2790 2414 erant
2843 2354 3107 2433 quidam,
3155 2351 3256 2432 qui
3304 2352 3375 2412 ad
3419 2351 3704 2426 reliquam

2063 2440 2296 2502 turbam
2329 2443 2521 2503 collati
2547 2441 2898 2503 dicebantur
2920 2442 3048 2521 ejus
3081 2440 3709 2521 discipuli(manebant

2063 2528 2222 2590 enim
2255 2533 2407 2609 apud
2441 2549 2575 2590 eum
2605 2531 2874 2609 longiore
2907 2539 3174 2611 tempore
3206 2529 3705 2610 quamturbre),ad

2060 2618 2210 2679 alios
2240 2629 2436 2682 autem
2471 2639 2642 2682 veros
2692 2620 3015 2699 discipulos
3045 2620 3266 2692 collati,
3303 2619 3519 2679 nullius
3540 2629 3707 2680 erant

2062 2710 2376 2789 momenti,
2414 2727 2483 2772 eo
2509 2709 2666 2789 quod
2698 2711 2770 2769 ad
2803 2719 3035 2787 tempus
3057 2707 3378 2769 credebant
3412 2708 3491 2787 ei,
3517 2717 3574 2768 et
3597 2707 3704 2767 fri-

2060 2797 2199 2875 gido
2230 2800 2482 2877 quodam
2517 2807 2603 2875 (ut
2625 2801 2711 2858 sic
2732 2798 2950 2875 dicam)
2973 2799 3190 2857 calore.
3219 2795 3365 2858 Vide
3386 2805 3583 2857 autem
3614 2797 3702 2856 in-

2062 2886 2376 2964 sipientem
2408 2887 2669 2946 illorum.
2718 2885 2861 2946 Nam
2905 2886 3202 2946 debebant
3249 2885 3616 2963 interrogare
3648 2897 3706 2947 et

327 2981 492 3056 εἷ’πω,
562 2988 910 3064 θερμότητος,
957 2984 1103 3064 ’Ὅρα
1160 2985 1213 3041 δὲ
1242 2974 1682 3053 ἀνοησίαν-,ΗΛῑ-ίον
1710 2988 1810 3065 γὰρ
1839 2986 1973 3063 ἐρω-

2063 2975 2293 3065 discere
2312 2993 2394 3065 Aea
2417 2993 2547 3065 qua;
2573 2974 2963 3065 ignorabant:
3010 2983 3067 3034 at
3117 2974 3198 3065 illi
3251 2975 3617 3065 resiliebant,
3647 2987 3705 3037 et

332 3076 514 3152 τῆσαι,
547 3075 634 3129 καὶ
663 3077 853 3149 μαθεῖν
906 3075 971 3131 τὰ
1019 3075 1373 3153 ἀγνοούμενα,
1449 3077 1496 3132 οἱ
1543 3074 1598 3130 δὲ
1640 3072 1976 3147 ἆποπηδῶσι,

2067 3062 2214 3123 nihil
2239 3062 2346 3141 spii
2367 3063 2623 3124 itualiter
2652 3063 3051 3143 exponebant,
3089 3063 3190 3124 sed
3222 3063 3423 3124 omnia
3455 3075 3515 3124 ut
3534 3065 3705 3127 vide-

330 3162 417 3217 καὶ
476 3159 620 3217 οὐδὲν
675 3169 1045 3239 πνευματικῶς
1101 3162 1548 3238 ἐκλαμϐάνονται,
1618 3162 1754 3220 ἀλλὰ
1809 3163 1976 3220 πάντα

2066 3150 2454 3213 bantur.Nam
2476 3153 2615 3232 quia
2637 3171 2875 3214 carnem
2897 3152 3523 3229 audierant,putabant
3546 3157 3702 3235 quod

329 3251 465 3308 κατὰ
534 3253 596 3307 τὸ
664 3252 998 3331 φαινόμενον,
1057 3252 1206 3310 Ἐπεὶ
1265 3254 1364 3332 γὰρ
1396 3252 1562 3332 σάρκα
1592 3253 1807 3334 ἤκουον,
1854 3254 1976 3309 ἑνό-

2066 3259 2169 3303 eos
2199 3251 2434 3319 cogeret
2471 3242 2670 3303 carnis
2713 3251 2773 3304 et
2803 3242 3108 3320 sanguinis
3137 3242 3262 3304 ﬁeri
3294 3242 3703 3307 devoratores.

333 3345 508 3415 μιζον,
565 3329 687 3398 ὅτι-
729 3343 1095 3422 σαρκοφάγους
1156 3329 1346 3406 αὕτοῦςή
1413 3329 1693 3421 ἀναγκάζει
1742 3329 1976 3421 γενέσθαι

2064 3330 2215 3404 Quia
2245 3338 2442 3391 autem
2497 3349 2614 3391 non
2642 3330 3030 3411 spiritualiter
3057 3329 3464 3422 intelligimus,
3506 3351 3703 3414 neque

331 3429 420 3485 καὶ
462 3420 807 3509 αἱμοϐόρουςζ
856 3420 920 3488 0i
950 3420 1003 3487 δὲ
1063 3439 1436 3508 πνευματικῶς
1495 3420 1733 3496 νοοῦντες
1759 3420 1764 3421 ν
1791 3432 1976 3507 ἡμεῖς,

2066 3422 2334 3483 carnium
2365 3429 2664 3481 voratores
2695 3440 2802 3482 nos
2831 3438 3061 3500 sumus,
3093 3420 3214 3481 imo
3264 3423 3707 3486 sanctiﬁcamur

331 3517 448 3575 οὔτε
535 3520 860 3599 σαρκοφάγοι
928 3520 1109 3596 ἐσμὲν,
1184 3523 1272 3578 καὶ
1372 3520 1578 3597 μᾶλλον
1664 3521 1976 3601 ἁγιαζόμεθα

2067 3528 2174 3601 per
2197 3515 2372 3574 talem
2405 3513 2680 3575 cibum.V
2688 3514 2854 3576 olens
2877 3525 3071 3574 autem
3096 3515 3410 3576 ostendere
3431 3516 3518 3576 eis
3549 3517 3702 3597 quod

329 3605 414 3666 διὰ
448 3612 564 3675 “τῆς
618 3610 866 3676 τοιαὺτης
925 3615 1149 3689 τροφῆς.
1227 3609 1408 3667 Θέλων
1461 3609 1515 3666 δὲ
1576 3599 1976 3680 ostiaria-310k,

2065 3599 2219 3664 sicut
2248 3603 2405 3664 Deus
2434 3604 2582 3665 nihil
2616 3605 3027 3683 ignoret,quod
3060 3605 3107 3663 si
3138 3606 3199 3664 in
3227 3604 3508 3665 cordibus
3539 3607 3703 3687 ipso-

332 3695 413 3753 ὅτι
466 3698 539 3761 ὡς
571 3699 701 3754 Θεὸν
730 3696 876 3755 οόδὲν
907 3701 1063 3758 αὐτὸν
1105 3698 1347 3756 λανθάνει
1381 3706 1487 3757 τῶν
1517 3701 1570 3756 ἐν
1599 3714 1722 3765 ταῖς
1749 3697 1976 3773 καρδίαις

2065 3708 2224 3768 rum,
2254 3695 2438 3756 dicit:
2483 3722 2502 3752 ε
2534 3696 2656 3758 Hoc
2700 3716 2797 3757 vos
2835 3695 3128 3757 oﬁ‘endit?
3180 3721 3206 3751 ι
3261 3696 3410 3768 Quid
3445 3697 3625 3777 igitur
3657 3699 3706 3759 si

332 3784 526 3860 αύτῶν,
601 3787 752 3869 φησί’
809 3806 840 3848 ε
903 3788 1065 3847 Τοῦτο
1122 3789 1259 3865 ὖμᾶς
1332 3787 1712 3865 σκανδαλίζεις
1763 3809 1792 3848 )
1857 3789 1976 3846 Ἐὰν

2063 3781 2332 3869 videritis
2352 3786 2774 3848 ascendentem
2800 3786 2859 3846 in
2883 3786 3096 3848 cmlum
3132 3803 3251 3866 me,
3275 3787 3375 3865 qui
3407 3787 3575 3848 vobis
3604 3789 3704 3850 Fi-

335 3874 423 3932 οὖν
480 3868 634 3944 ἴδητε
680 3878 767 3941 ἐἰς
825 3879 1042 3956 οὐρανὸν
1101 3879 1466 3959 ἀνερχόμενον
1512 3878 1638 3953 ἐμὲ,
1673 3881 1763 3934 τὸν
1793 3877 1976 3956 φαινό-

2065 3868 2181 3959 lius
2226 3874 2483 3936 hominis
2543 3893 2674 3937 esse
2731 3875 2958 3954 videor,
2992 3873 3092 3935 ubi
3143 3892 3302 3936 eram
3365 3876 3526 3954 prius
3555 3877 3708 3940 sicut

334 3977 491 4040 μενον
546 3967 664 4047 ιῖἱὸν
735 3965 1030 4045 ἀνθρώπου,
1102 3958 1265 4025 ὅπου
1309 3969 1378 4034 ἦν
1459 3969 1518 4023 τὸ
1594 3969 1846 4047 πρότερον
1908 3968 1976 4029 ὡς

2065 3958 2251 4025 Deus?
2279 3962 2422 4024 Nam
2459 3967 2582 4044 ipse
2623 3965 2891 4026 ascendit
2935 3973 2998 4024 ut
3031 3963 3231 4034 homo,
3269 3963 3367 4024 ubi
3398 3974 3523 4025 erat
3547 3967 3709 4046 prius

336 4055 518 4129 Θεὸς,
573 4044 630 4112 ’0
677 4056 775 4134 γὰρ
833 4044 988 4120 αὐτὸς
1043 4055 1307 4114 ἀναϐαίνει
1365 4059 1438 4120 ὼς
1502 4044 1796 4136 ἄνθρωπος,
1852 4054 1976 4111 ὅπου

2067 4060 2130 4113 ιιι
2158 4050 2336 4112 Deus.
2361 4053 2485 4114 Hoc
2507 4061 2706 4114 autem
2740 4052 2892 4114 dixit
2939 4069 3001 4112 ut
3043 4053 3296 4114 abducat
3337 4072 3439 4115 eos
3465 4044 3706 4135 abiopi-

333 4144 401 4209 ’ἦν
471 4143 533 4198 τὰ
584 4145 838 4222 πρότερον
882 4147 955 4208 ὡς
1007 4147 1162 4210 Θεός.
1195 4154 1358 4206 Τοῦτο
1396 4146 1448 4201 δὲ
1481 4150 1655 4221 εἶπεν,
1689 4145 1782 4202 ’ἕνα
1837 4145 1976 4202 ἀπα-

2068 4137 2267 4214 nione,
2302 4159 2418 4221 qua
2444 4143 2724 4221 putabant
2753 4160 2887 4203 eum
2920 4141 3110 4202 ﬁlium
3133 4160 3266 4204 esse
3295 4145 3540 4224 Joseph.
3564 4143 3706 4206 Nam

333 4231 478 4310 γάγῃ
509 4233 695 4311 αῦτοὺς
727 4233 834 4288 ἀπὸ
889 4243 982 4292 τοῦ
1042 4236 1271 4311 νομίζειν
1316 4236 1472 4292 αὑτὸν
1529 4236 1672 4292 εἶναι
1700 4236 1806 4291 υςὸν
1864 4233 1976 4290 ἰω-

2067 4229 2165 4309 qui
2185 4231 2378 4293 credit
2403 4235 2562 4311 quod
2595 4232 2654 4291 in
2686 4231 2835 4292 coelo
2859 4243 2986 4292 erat
3011 4231 3199 4310 prius,
3232 4232 3476 4294 omnino
3508 4243 3712 4296 credet

337 4309 469 4400 σήιρ.
537 4309 595 4377 ’0
669 4322 769 4400 γὰρ
826 4309 1139 4399 πιστεύσας,
1199 4323 1280 4379 ὅτι
1335 4324 1388 4381 ἐν
1433 4327 1636 4403 ούρανῷ
1662 4324 1725 4392 ἦν
1753 4325 1823 4380 τὸ·
1847 4324 1976 4403 πρό-

2068 4336 2202 4412 eum
2227 4309 2438 4412 neque
2461 4322 2682 4412 Joseph
2718 4321 3090 4412 esse-ﬁlium,
3135 4321 3238 4381 sed
3279 4320 3408 4396 Dei,
3444 4332 3499 4383 ct
3533 4324 3709 4385 ﬁdem

331 4429 507 4489 τερον,
587 4409 797 4473 πάντως
877 4409 1044 4482 δήπου
1140 4413 1406 4474 πιστεὺσει
1493 4415 1647 4470 αὐτὸν
1701 4411 1837 4488 μηδὲ
1892 4419 1976 4470 τοῦ

2066 4407 2309 4469 habebit
2333 4409 2434 4484 iis,
2470 4428 2600 4489 qua:
2624 4409 2700 4470 ab
2732 4430 2801 4470 eo
2837 4409 3138 4472 dicuntur.
3175 4413 3320 4470 Cum
3371 4421 3569 4473 autem
3602 4431 3707 4472 au-

335 4495 534 4577 ἰωσηφ
590 4500 700 4555 υἱὸν
757 4504 921 4576 εἶναι,
977 4499 1113 4557 ἀλλὰ
1170 4508 1262 4559 τοῦ
1336 4510 1486 4559 Θεοῦ·
1523 4502 1609 4558 καὶ
1638 4500 1825 4558 λοιπὸν
1851 4514 1976 4557 πεῖ-

2066 4497 2254 4559 dieris
2279 4499 2432 4578 quod
2466 4499 2651 4560 Filius
2690 4498 2949 4560 hominis
2980 4509 3104 4559 erat
3133 4499 3194 4559 in
3246 4499 3395 4560 caelo
3427 4519 3589 4578 prius
3639 4521 3713 4564 ne

333 4589 582 4657 σθήσεται
654 4602 770 4653 τοῖς
842 4589 970 4668 παρ’
1023 4592 1181 4648 αὐτοῦ
1237 4589 1571 4671 λεγομένοις.
1635 4589 1872 4647 Ἀκούων
1902 4589 1976 4664 δὲ,

2068 4596 2238 4668 putes
2252 4589 2405 4668 quod
2427 4608 2495 4650 ex
2519 4589 2668 4650 caelo
2687 4589 3067 4650 descenderit
3087 4592 3717 4668 corpus,utMarcellus

333 4677 413 4733 ὃτι
471 4679 498 4732 ὃ
573 4679 694 4741 Υἱὸς
723 4685 816 4736 τοῦ
859 4679 1130 4759 ἀνθρώπου
1166 4681 1222 4736 ἑν
1252 4683 1455 4760 οὐρανῷ
1485 4685 1551 4749 ἦν
1594 4682 1654 4736 τὸ
1706 4681 1976 4757 πρότερον,

2067 4684 2124 4736 et
2148 4678 2544 4758 Apollinarius
2575 4677 2984 4739 haeresiarchas
3014 4677 3340 4738 delirarunt
3369 4696 3382 4740 :
3418 4679 3524 4740 sed
3575 4681 3715 4760 quia

334 4767 413 4842 μὴ
465 4766 641 4841 νόμιζε
713 4766 794 4824 ὅτι
869 4767 921 4833 ἐξ
976 4770 1192 4847 ούρανοῦ
1249 4767 1450 4837 κατέϐη
1504 4771 1563 4826 τὸ
1615 4777 1773 4844 σῦμα
1812 4772 1976 4846 (τοῦτο

2067 4785 2220 4828 unus
2251 4781 2308 4829 et
2338 4767 2496 4829 idem
2529 4777 2655 4828 erat
2683 4767 2861 4829 Filius
2883 4767 3232 4842 liominis,et
3255 4767 3409 4830 Deus
3429 4769 3711 4845 Verbum,

335 4858 435 4935 γὰρ
518 4854 827 4934 Μαρκέλλου
904 4865 995 4916 τοῦ
1078 4860 1418 4939 αἱρεσιάρχου
1476 4860 1564 4915 καὶ
1619 4855 1976 4936 Ἀπολιναρίοιέ

2068 4856 2308 4929 dicitur,
2341 4857 2492 4918 sicut
2527 4857 3141 4931 diximus,ascendere
3171 4866 3238 4918 ut
3261 4859 3567 4933 liomo,uhi
3591 4869 3717 4921 erat

336 4947 397 5000 τὸ
471 4944 882 5025 παραλήρημα).
945 4946 1063 5003 ἀλλ’
1134 4947 1318 5017 ἐπειδὴ
1368 4949 1454 5014 εἷς
1485 4949 1578 5005 καί
1647 4951 1675 5004 ὁ
1709 4950 1863 5011 αὐτὸς
1920 4948 1976 5015 ἦν

2070 4948 2232 5026 prius
2259 4954 2321 5006 ut
2347 4946 2524 5009 Deus.

345 5036 464 5098 Υἱὸς
521 5042 617 5093 τοῦ
677 5035 952 5114 ἀνθρώπου
1007 5040 1095 5095 καὶ
1155 5040 1287 5102 Θεὸς
1341 5039 1537 5116 Λόγος,
1597 5039 1731 5095 καθὰ
1787 5037 2038 5114 εἴπομεν,
2099 5037 2390 5094 ἄναϐαίνειν
2449 5041 2522 5100 ὡς
2567 5035 2860 5118 ἅνθρωπος,
2908 5038 3038 5097 ὅπου
3097 5039 3161 5105 ἦν
3225 5043 3284 5095 τὸ
3340 5040 3590 5118 πρότερον
3643 5042 3714 5101 ὼς

341 5125 492 5188 Θεός,

423 5238 446 5270 ε
500 5216 572 5272 Τὸ
637 5217 842 5291 πνεῦμα
863 5216 972 5272 ἐστι
1003 5219 1064 5274 τὸ
1090 5224 1404 5288 ζωοποιοῦν
1453 5221 1488 5288 ἦ
1519 5216 1644 5296 σὰρξ
1690 5219 1783 5274 οῦκ
1837 5218 1976 5298 ὠφε-

2150 5218 2326 5279 Vnns.
2353 5217 2451 5292 64,
2476 5217 2578 5280 65.
2611 5242 2630 5271 ι
2663 5214 2921 5297 Spiritus
2967 5224 3057 5280 est
3105 5217 3205 5298 qui
3254 5216 3537 5296 viviﬁcat,
3579 5235 3714 5279 caro

337 5304 425 5359 λετ
475 5302 642 5367 οὐδὲν.
719 5307 793 5362 Τὰ
845 5305 1060 5384 ῥήματα
1135 5306 1167 5362 ἂ
1221 5307 1330 5385 ἐγὼ
1373 5305 1522 5364 λαλῶ
1569 5308 1723 5383 ὑμῖν,
1780 5310 1976 5382 πνεῦμά

2070 5324 2188 5367 non
2212 5307 2454 5387 prodest
2478 5306 2824 5386 quidquam.
2861 5307 3062 5371 Verba
3091 5324 3223 5386 quae
3246 5324 3352 5384 ego
3376 5306 3589 5386 loquor
3620 5325 3717 5367 vo-

339 5393 448 5449 ὶστι
505 5393 594 5450 καὶ
646 5396 760 5465 ζωή
785 5393 948 5476 ἐστιν.
1028 5395 1175 5453 Ἀλλ’
1227 5397 1324 5452 εἶσί
1393 5418 1529 5461 τινες
1562 5393 1614 5460 ἒξ
1670 5397 1817 5471 ὑμῶν
1846 5395 1902 5453 οἵ
1927 5398 1976 5453 οἱ

2070 5393 2184 5472 bis,
2207 5396 2452 5476 spiritus
2484 5405 2542 5456 et
2564 5395 2679 5456 vita
2701 5395 2986 5457 sunt.Sed
3017 5403 3158 5456 sunt
3187 5395 3423 5475 quidam
3456 5415 3523 5456 ex
3555 5395 3718 5458 vobis

338 5505 693 5548 πιστευουσιν,
753 5475 919 5555 ’ᾙδει
979 5487 1079 5566 γὰρ
1164 5485 1216 5551 ἓξ
1291 5485 1464 5566 ἀρχῆς
1493 5489 1522 5542 ὁ
1555 5485 1783 5560 Ἰησοῦς,
1845 5508 1976 5550 τινες

2066 5485 2167 5566 qui
2202 5475 2320 5546 non
2344 5485 2597 5547 credunt
2642 5483 2893 5547 Noverat
2915 5484 3073 5548 enim
3111 5483 3182 5544 ab
3210 5482 3591 5560 initioJesus,
3617 5485 3718 5566 qui

338 5575 464 5630 εἰσίν
535 5577 580 5630 οἱ
643 5575 721 5650 μὴ
794 5577 1152 5638 πιστεύοντες.
1202 5578 1289 5632 καὶ
1320 5577 1393 5641 τίς
1427 5579 1568 5632 εστιν
1601 5578 1626 5632 ὁ
1660 5572 1976 5655 παραδώσω.

2069 5583 2269 5636 essent
2318 5594 2436 5636 non
2478 5574 2820 5656 credentes,
2884 5585 2942 5638 et
2995 5575 3125 5656 quis
3182 5575 3518 5654 proditurus
3563 5584 3721 5639 esset

339 5665 514 5723 αὐτόν.
583 5688 605 5721 ιι
671 5664 922 5741 Ἐπειδὴ,
981 5669 1054 5729 ὡς
1124 5665 1384 5730 πολλάκις
1439 5665 1689 5745 εἴπομεν,
1724 5670 1976 5744 σαρκικῶε

2069 5666 2286 5741 ipsum.
2328 5690 2354 5721 ι
2388 5661 2703 5745 Quoniam,
2759 5673 2826 5728 ut
2867 5683 3024 5746 saepe
3065 5663 3344 5740 diximus,
3405 5667 3721 5729 carnaliter
