4070 6224
395 307 544 371 1315

1351 298 1942 371 THEOPHYLACTI
1985 297 2394 365 BULGARLE
2434 296 2792 364 ARCHIEP.

3623 305 3788 369 l316

384 451 745 523 exponentes
777 458 844 502 ea
870 459 1001 521 quae
1032 439 1382 501 dicebantur
1403 457 1438 499 a
1467 437 1722 518 Christo,
1755 436 2016 498 offende-

2108 430 2533 523 έκλαμβάνοντες
2600 434 2665 494 τά
2740 431 3006 512 λεγόμενα
3097 437 3238 517 παρά
3318 445 3414 495 τοῦ
3516 446 3782 518 Χριστοῦ,

385 531 617 604 bantur,
661 530 806 592 dicit
840 528 993 610 quod
1027 528 1424 609 Spiritualiter
1449 527 1776 604 intelligere
1799 544 1870 586 ea
1899 543 2030 605 quas

382 621 659 682 dicuntur
693 640 728 682 a
765 640 880 688 me,
936 620 1044 679 hnc
1094 619 1282 678 solum
1319 616 1594 697 prodest;
1630 635 1768 677 caro
1801 625 2022 684 autem,

385 711 496 772 hoc
528 709 961 782 est,carnaliter
983 707 1084 767 illa
1108 724 1427 784 exponere,
1457 705 1599 764 nihil
1630 702 1888 783 prodest,
1921 701 2027 763 sed

384 798 725 861 ofl'endiculi
755 796 984 860 occasio
1013 797 1096 860 ﬁt.
1137 794 1229 856 Sic
1262 795 1442 870 igitur
1472 794 1558 855 illi
1579 794 1674 873 qui
1707 792 2027 853 carnaliter

381 887 842 967 audiebantquai
862 905 894 946 a
916 886 1150 946 Christo
1167 880 2020 957 dicebantur,nlfendebantur.

383 977 592 1041 Subdit
611 977 808 1057 igitur,
824 974 1052 1037 cVerba
1074 991 1204 1054 quae
1218 992 1325 1050 ego
1342 969 1821 1052 loquor,spiritus
1834 978 1992 1043 sunt,
2007 1017 2024 1046 ,

382 1068 492 1128 hoc
514 1076 624 1140 est,
658 1064 986 1146 spiritualia
1012 1071 1209 1136 sunt,-
1244 1070 1305 1122 et
1339 1060 1471 1132 vita,
1507 1059 1652 1121 nihil
1673 1060 1910 1146 carnale
1927 1059 2027 1120 ha-

382 1155 602 1236 bentia,
656 1145 710 1216 et
762 1154 930 1215 vitam
983 1151 1288 1214 afferentia
1334 1161 1634 1212 aeternam.
1692 1145 2029 1210 Ostendens

379 1255 574 1308 autem
601 1243 835 1307 deitatis
864 1261 996 1302 esse
1022 1240 1394 1319 dignitatem,
1427 1239 1690 1300 revelare
1736 1256 1868 1318 qua:
1916 1256 2024 1298 oc-

379 1334 537 1395 culta
566 1341 723 1407 sunt,
748 1331 892 1392 dicit
919 1330 989 1392 ad
1023 1349 1124 1391 eos
1161 1351 1173 1390 :
1216 1356 1239 1385 a
1275 1331 1422 1392 Sunt
1451 1328 1692 1409 quidam
1742 1346 1811 1389 ex
1864 1326 2025 1388 vobis

378 1423 478 1504 qui
512 1440 627 1486 non
652 1420 924 1484 credunt.
955 1444 979 1474 ιι
1017 1419 1233 1480 Dicens
1263 1425 1488 1488 autem,
1525 1442 1550 1472 α
1586 1416 2024 1496 quidain,odis-

378 1512 605 1591 cipulos
635 1509 887 1589 excepit.
924 1508 1066 1570 598
1099 1510 1170 1570 Et
1192 1506 1546 1586 evangelista
1578 1507 1780 1566 volens
1816 1513 2020 1566 osten-

377 1599 524 1662 dere
550 1601 708 1677 quod
739 1598 811 1660 ab
842 1597 1006 1658 initio
1041 1596 1244 1658 mundi
1267 1598 1464 1656 omnia
1485 1594 2019 1676 cognoverit,dicit:

2110 521 2564 600 ἐσκανδαλίζοντο,
2625 524 2806 604 φησὶν,
2868 523 2972 602 ὅτι,
3053 527 3124 584 Τὸ
3203 535 3576 603 πνευματικῶς
3630 543 3785 586 νοεῖν

2107 613 2171 669 τὸ
2253 611 2518 692 λεγόμενα
2588 610 2715 692 παρ’
2784 616 2937 695 ὶμοῦ,
3001 617 3153 673 τοῦτό
3210 615 3408 674 ἔστιτὸ
3438 617 3707 698 ὠιρελιιῦν·
3743 622 3782 687 ἡ

2109 700 2163 758 δὲ
2220 701 2370 782 σὰρξ,
2429 701 2691 782 τουτέστι,
2752 705 2814 759 τὸ
2896 708 3159 784 σαρκικῶς
3230 707 3362 763 αὐτὰ
3433 705 3778 788 ἐκδέχεσθαι,

2109 788 2256 850 οὐδὲν
2312 791 2540 871 ὠφελεῖ,
2626 789 2766 847 ἀλλᾶ
2865 791 3159 850 σκανδάλου
3241 795 3458 877 ἀφορμή
3536 799 3775 875 γίνεται.

2108 879 2257 937 Οῧτω
2325 878 2391 948 δὴ
2471 880 2619 936 αὒτοὶ
2675 889 2944 958 σαρκικῶς
2990 882 3269 949 ἀκούοντες
3306 891 3413 940 τῶν
3454 889 3600 964 παρὰ
3631 893 3778 962 Χρι-

2109 977 2231 1025 στοῦ
2287 966 2617 1049 λεγομένων,
2680 968 3134 1044 ἔσκανδαλίζοντο.
3172 972 3450 1054 Ἐπιφέρει
3492 974 3605 1051 οὖν,
3655 974 3774 1049 ὅτι,

2113 1076 2143 1116 (
2200 1059 2275 1116 Τὰ
2343 1058 2576 1135 ῥήματα,
2639 1057 2676 1114 ἅ
2759 1059 2867 1138 έγὼ
2897 1059 3070 1142 λαλῶ,
3103 1065 3306 1120 πνεῦμά
3349 1064 3486 1138 ἐστι,
3519 1083 3549 1124 ι
3602 1086 3771 1121 τουτ-

2109 1147 2240 1215 έστι,
2301 1148 2633 1222 πνευματικά
2689 1147 2824 1222 ίστι,
2892 1173 2919 1205 a
2994 1152 3082 1207 καὶ
3129 1153 3241 1223 ζωὴ
3297 1151 3461 1233 ἐστιν,
3510 1172 3539 1214 ι
3618 1151 3772 1212 οὐδὲν

2106 1235 2309 1315 ῐχοντα
2363 1239 2638 1316 σαρκικὸν,
2708 1239 2796 1294 καὶ
2863 1240 3004 1310 ζωὴν
3102 1241 3447 1320 προξενοῦντα
3524 1243 3770 1307 αἰώνιον,

2111 1326 2376 1382 Δεικνύων
2416 1324 2472 1382 δέ
2517 1328 2584 1384 τὸ
2649 1332 2748 1395 τῆς
2794 1329 3045 1396 θεότητος
3103 1329 3334 1408 ἀξίωμα,
3378 1333 3438 1388 τὸ
3483 1331 3772 1390 ἀποκαλύ-

2109 1437 2256 1472 πτειν
2305 1417 2443 1495 φημὶ
2515 1417 2584 1472 τὰ
2637 1417 3002 1497 κεκρυμμένα,
3059 1421 3188 1501 φησὶ
3240 1422 3373 1501 πρὸς
3433 1422 3650 1499 αὐτοὺς,
3681 1421 3773 1481 ὅτι

2114 1525 2138 1561 ε
2203 1505 2314 1562 Εἰσί
2369 1525 2509 1569 τινες
2568 1504 2620 1570 έξ
2673 1508 2850 1588 ὑμῶν,
2905 1510 2959 1564 οἳ
2992 1509 3056 1566 αὖ
3110 1512 3468 1570 πιστεύουσιν.
3522 1535 3546 1569 ε
3587 1513 3771 1570 Εἰπὼν

2105 1590 2183 1667 δὲ,
2250 1617 2273 1647 ι
2345 1594 2508 1668 τινὲς,
2546 1609 2586 1649 ι’
2608 1596 2730 1660 τοὺς
2775 1599 3020 1669 μαθητὰς
3048 1597 3375 1678 ὑπεξήγαγε,
3407 1601 3506 1658 Καὶ
3535 1603 3564 1656 6
3597 1603 3771 1680 εὗαγ-

383 1689 506 1750 ιλιι)
531 1689 696 1752 initio
723 1697 962 1750 noverat
989 1686 1160 1750 Jesus
1185 1687 1285 1767 qui
1306 1692 1506 1746 essent
1536 1704 1653 1745 non
1684 1685 2016 1765 credentes,

2107 1682 2359 1761 γελιστὴς
2428 1683 2596 1740 θέλων
2666 1686 2801 1761 ἡμῖν
2879 1684 3070 1762 δεῖξαι,
3129 1689 3213 1745 ὅτι
3451 1687 3772 1759 καταϐολῆς

375 1780 619 1859 insuper
649 1788 708 1841 et
738 1777 1065 1857 proditoris
1120 1777 1403 1838 malitiam
1434 1796 1446 1838 :
1472 1795 1588 1856 quo
1619 1782 1782 1836 certe
1815 1794 2016 1836 mons-

2105 1775 2305 1849 κόσμου
2363 1773 2535 1861 πάντα
2597 1773 2873 1852 ὶγίνωσκε,
2907 1779 3094 1856 ῳησὶν,
3146 1778 3254 1859 δτι,
3289 1769 3376 1844 Ἐξ
3406 1779 3584 1859 ἀρχῆς
3644 1779 3773 1861 67(—

375 1869 644 1930 trabalur
689 1868 902 1933 deitas.
955 1868 1103 1930 Nam
1155 1867 1446 1946 prapheta
1504 1865 1695 1945 inquit
1738 1864 1812 1925 de
1843 1865 1963 1927 Deo
2000 1884 2015 1927 :

381 1982 407 2014 ι
444 1957 554 2030 Qui
584 1958 807 2019 sciebat
839 1957 1036 2017 omnia
1064 1956 1404 2034 priusquam
1441 1956 1564 2034 ipsa
1594 1952 1943 2015 ﬁerentsS.»

2103 1884 2303 1950 νωσκεν
2359 1864 2387 1917 6
2439 1859 2669 1940 Ἰησοῦς,
2729 1864 2867 1928 τίνες
2926 1867 3053 1923 είσὶν
3133 1869 3178 1923 οἱ
3229 1867 3309 1942 μὴ
3398 1859 3771 1950 πιστεύοντες,

2103 1951 2178 2008 έτι
2229 1949 2282 2007 δὲ
2339 1951 2427 2007 καὶ
2483 1957 2578 2007 τοῦ
2658 1950 2916 2032 προδότου
2973 1957 3069 2025 τὴν
3162 1957 3444 2036 πονηρίαν*
3505 1957 3639 2038 ὅπερ
3691 1949 3768 2027 ἦν

379 2047 604 2116 ἀληθοῦς
648 2049 898 2114 θεότητος
967 2045 1205 2112 ἔνδειξις.
1270 2036 1327 2103 Ὀ
1377 2047 1476 2125 γὰρ
1533 2046 1815 2124 προοήτης
1870 2047 1988 2119 περὶ
2043 2053 2135 2103 τοῦ
2188 2048 2321 2100 Θεοῦ
2378 2063 2539 2122 φησιν
2574 2059 2590 2074 ⁶
2634 2059 2664 2100 ε
2721 2036 2779 2100 ’0
2840 2043 2989 2110 εἰδὼς
3036 2047 3103 2105 τὰ
3133 2046 3305 2102 πάντα
3347 2048 3468 2126 πρὶν
3499 2036 3770 2126 γενέσεως

375 2138 565 2196 αὐτῶν.
609 2160 632 2193 ε

455 2228 640 2288 Vens.
671 2224 1005 2287 66-68.:Et
1033 2224 1268 2286 dicebat
1304 2245 1317 2288 :
1343 2227 1661 2304 Propterea
1682 2223 1800 2285 dixi
1832 2222 2020 2299 vobis,

374 2313 531 2395 quod
563 2332 739 2374 nemo
772 2321 959 2393 potest
982 2313 1181 2374 venire
1213 2314 1285 2374 ad
1319 2332 1435 2388 me,
1473 2313 1588 2373 nisi
1622 2313 1796 2374 fuerit
1828 2314 1882 2375 ei
1913 2313 2019 2374 da-

378 2413 498 2463 tum
528 2421 562 2463 a
597 2405 766 2464 Patre
797 2420 952 2464 meo.
979 2400 1058 2461 Ex
1091 2419 1162 2462 eo
1191 2409 1458 2481 tempore
1505 2402 1672 2462 multi
1696 2402 2022 2482 discipulo-

372 2511 504 2555 rum
528 2494 658 2572 ejus
679 2492 954 2554 abierunt
985 2502 1457 2567 relrorsum,nec
1487 2493 1740 2566 amplius
1773 2493 2023 2554 cumillo

373 2582 943 2646 ambulabant.Dixit
972 2600 1108 2660 ergo
1141 2583 1308 2642 Jesus
1333 2581 1407 2644 ad
1430 2582 1766 2646 duodecim:
1800 2581 1949 2643 Num
1968 2592 2025 2645 et

379 2691 480 2732 vos
509 2672 680 2733 vultis
711 2671 905 2733 abire?
941 2698 965 2726 η
994 2674 1162 2750 Saepe
1196 2671 1472 2745 diximus,
1499 2671 1733 2751 quando
1765 2673 2022 2735 audieris

375 2763 529 2843 quod
563 2764 735 2824 Pater
764 2762 863 2822 dat
894 2762 1069 2822 ﬁdem
1098 2761 1154 2822 in
1180 2760 1417 2835 Filium,
1450 2781 1522 2824 ne
1543 2761 1846 2824 existimes
1866 2763 2019 2843 quod

2193 2244 2222 2276 σ
2290 2222 2387 2280 Καὶ
2441 2220 2618 2300 ἶλεγε·
2675 2223 2774 2283 Διᾶ
2831 2230 2988 2281 τοῦτο
3043 2223 3242 2304 εἴρηκα
3285 2227 3438 2302 ὑμῖν,
3470 2226 3550 2283 ὅτι
3595 2225 3767 2292 οὐδεὶς

2106 2308 2317 2367 δύναται
2392 2309 2564 2369 ἐλθεῖν
2648 2314 2778 2391 πρὸς
2842 2313 2938 2394 μὶ,
2995 2314 3086 2370 ἐὰν
3129 2315 3209 2390 μὴ
3236 2317 3274 2391 ᾗ
3303 2313 3580 2391 δεδομένον
3618 2319 3769 2392 αὖτῷ

2107 2402 2167 2456 εκ
2252 2407 2345 2456 τοῦ
2430 2400 2633 2480 Πατρός
2663 2423 2790 2476 μου.
2825 2402 2921 2459 Ἐκ
2949 2404 3133 2460 τούτου
3163 2403 3351 2462 πολλοὶ
3393 2405 3634 2474 ἆπῆλθον
3654 2413 3765 2464 τῶν

2108 2492 2362 2564 μαθητῶν
2421 2493 2580 2548 αὒτοῦ
2636 2491 2711 2554 εἰς
2765 2492 2828 2549 τὰ
2882 2492 3074 2569 ὀπίσω,
3132 2493 3219 2549 καὶ
3275 2493 3368 2550 οὐκ
3391 2493 3467 2551 ἔτι
3499 2495 3621 2571 μετ’
3657 2500 3768 2555 m3-

2105 2585 2198 2635 τοῦ
2257 2577 2628 2656 περιεπάτουν.
2707 2579 2847 2636 Εἶπε
2898 2577 2952 2635 δὲ
3013 2583 3042 2637 6
3100 2578 3306 2649 Ἰησοῦς
3369 2597 3490 2648 τοῖς
3529 2582 3762 2642 δώδεκαο

2107 2667 2194 2735 Μὴ
2247 2669 2335 2724 καὶ
2380 2669 2540 2743 ὑμεῖς
2597 2666 2774 2725 θέλετε
2803 2669 3020 2748 ὑπάγειν
3057 2687 3074 2746 ;
3109 2693 3138 2726 ι
3185 2670 3454 2737 Πολλάκις
3503 2673 3760 2754 εἴπομεν,

2103 2756 2184 2813 ’δτι
2233 2757 2359 2814 ὅταν
2421 2758 2679 2834 ἀκούσῃς,
2731 2760 2806 2823 ὡς
2863 2761 2891 2815 6
2947 2759 3128 2840 Πατὴρ
3183 2759 3360 2818 δίδωσι
3391 2764 3490 2830 τὴν
3533 2765 3605 2828 εἰς
3664 2766 3760 2820 τὸν

371 2852 504 2914 aliis
536 2851 868 2912 benefaciat
902 2854 1073 2913 Pater
1118 2870 1265 2932 quos
1324 2861 1620 2931 segreget,
1656 2852 1787 2912 aliis
1824 2862 2016 2914 autem

2108 2849 2226 2902 Υἱὸν
2285 2849 2479 2922 πίστιν,
2557 2849 2635 2924 μὴ
2702 2853 2948 2929 νομίσῃς,
3007 2851 3088 2906 ὃτι
3121 2848 3314 2918 ἄλλους
3340 2853 3441 2928 μὲν
3489 2855 3758 2932 εὐεργετεῖ

371 2959 524 3002 non:
564 2943 674 3002 hoc
697 2942 855 3002 enim
890 2941 1108 3019 injuste
1139 2941 1366 3019 agentis
1411 2950 1592 3017 esset;
1626 2942 1730 3002 sed
1763 2943 1880 3003 illis
1907 2941 2016 3002 be-

2105 2937 2131 2991 6
2190 2941 2374 3016 [Ιατὴρ
2403 2938 2539 2993 κατὰ
2594 2936 2992 3017 ἆποκλὴρωσιν,
3025 2937 3214 3005 ἄλλους
3244 2938 3298 2996 δὲ
3332 2939 3392 2998 οὗ
3425 2959 3440 3000 :
3475 2949 3627 3000 τοῦτο

371 3031 643 3092 nefacere
679 3039 816 3110 puta
848 3033 1105 3106 Patrem,
1141 3039 1200 3091 et
1230 3031 1346 3091 illis
1387 3031 1526 3091 dare
1575 3031 1797 3092 denum
1854 3032 2016 3107 ﬁdei,

2105 3023 2407 3091 ἂδικοῦντός
2490 3025 2658 3107 ἐστιν,
2744 3025 2864 3083 ἀλλ’
2926 3027 3155 3092 ἐκείνους
3219 3028 3519 3109 εὐεργετεῖν
3573 3032 3751 3108 νόμιζε

370 3119 585 3201 quibus
614 3128 970 3200 cooperatur
997 3119 1209 3181 electio
1258 3129 1318 3182 et
1348 3120 1635 3181 voluntas.
1671 3124 1821 3184 Nam
1853 3120 1954 3201 qui
1985 3143 2014 3180 ιι

2105 3115 2191 3172 τὸν
2262 3114 2494 3196 Πατέρα,
2550 3119 2638 3173 καὶ
2701 3116 2924 3181 ὶκείνοις
2971 3115 3164 3174 διδόναι
3222 3120 3322 3187 τὴν
3376 3125 3478 3187 τῆς
3525 3122 3754 3185 πίστεως

368 3195 662 3283 voluntate
693 3195 809 3270 non
834 3209 1166 3288 adjuvatur,
1203 3208 1435 3270 etiamsi
1462 3227 1495 3268 a
1522 3211 1641 3271 Deo
1673 3195 2013 3291 assumitur,

2106 3200 2328 3282 δωρεὰν,
2408 3195 2560 3268 ὅσοις
2638 3205 2939 3284 προαίρεσις
3019 3219 3283 3287 συνεργεῖ.
3369 3199 3428 3266 “ο
3513 3211 3614 3290 γὰρ
3675 3211 3758 3286 μὴ

368 3316 484 3360 non
528 3297 780 3378 percipit
833 3296 1146 3358 utilitatem
1185 3319 1197 3356 :
1251 3306 1315 3358 ut
1360 3297 1618 3378 exempli
1667 3299 1855 3376 gratia
1883 3299 2016 3380 quid

2105 3291 2205 3347 ὑπὸ
2253 3297 2351 3360 τῆς
2409 3294 2764 3374 προαιρέσεως
2835 3296 3268 3378 συνεργούμενος,
3325 3297 3442 3355 οὐδὲ
3497 3300 3597 3355 ὑπὸ
3659 3306 3756 3357 τοῦ

368 3388 591 3450 dicam:
626 3386 918 3450 Omnibus
949 3386 1046 3448 dat
1075 3385 1249 3457 Deus,
1288 3387 1392 3449 sed
1427 3388 1538 3449 hoc
1567 3388 1804 3469 quidam
1830 3396 1888 3450 et
1917 3407 2016 3450 su-

2108 3388 2238 3439 Θεοῦ
2303 3383 2843 3462 προσλαμϐανόμενος
2900 3383 3220 3464 ὠφελεῖται.
3296 3388 3427 3444 Οἷὸν
3474 3409 3523 3442 τι
3578 3385 3722 3466 λέγω

373 3486 535 3538 munt
567 3475 745 3550 bene,
776 3485 833 3538 et
863 3484 1109 3538 utuntur
1157 3496 1228 3537 eo
1285 3476 1444 3557 quod
1487 3476 1683 3546 datur,
1717 3487 1776 3540 et
1819 3486 2016 3539 custo-

2108 3475 2242 3527 Πᾶσι
2298 3469 2504 3530 δίδωσιν
2560 3476 2588 3531 6
2647 3476 2803 3551 Θεὸς,
2833 3472 2954 3531 ἀλλ’
3024 3477 3072 3532 οἱ
3114 3477 3213 3553 μὲν
3250 3477 3339 3533 καὶ
3395 3474 3750 3555 λαμϐάνουσι,

370 3566 600 3628 dientes
630 3566 1126 3640 illud,ostendunt
1155 3565 1262 3628 Dei
1291 3565 1791 3639 donum.Quidam
1818 3576 2011 3628 autem

2106 3562 2194 3617 καὶ
2264 3565 2500 3642 χρῶνται
2555 3561 2735 3629 καλῶς
2793 3570 2882 3640 -τῷ
2923 3562 3208 3642 δεδομένῳ,
3260 3568 3348 3624 καὶ
3400 3565 3752 3646 φυλάττοντες

367 3656 682 3736 recipiunt:
719 3657 822 3716 sed
855 3674 925 3718 ea
957 3675 1088 3736 quae
1139 3656 1376 3730 dantur,
1426 3655 1806 3737 disperdunt,
1843 3656 1923 3717 ita
1954 3663 2019 3717 ut

363 3745 510 3806 nihil
539 3746 842 3827 accepisse
867 3745 1204 3807 videantur.
1240 3746 1485 3818 Quando
1538 3746 1716 3822 igitur
1757 3764 2015 3824 evange-

365 3835 498 3897 lista
527 3835 693 3910 dicit,
754 3834 877 3897 Nisi
933 3837 1112 3898 fuerit
1163 3835 1340 3899 alicui
1381 3835 1580 3899 datum
1613 3855 1645 3897 a
1678 3838 1867 3910 Patre,
1898 3855 2014 3897 non

365 3925 575 4000 poterit
603 3923 804 3986 venire
831 3924 902 3986 ad
937 3924 1174 4000 Filium,
1223 3926 1334 3987 hoc
1383 3924 1548 3998 dicit,
1608 3925 1719 3986 Ille
1748 3923 1910 3986 venit
1941 3924 2012 3984 ad

362 4011 703 4083 Filium,cui
735 4013 979 4075 daturus
1011 4022 1100 4074 est
1128 4013 1446 4089 Pater,hoc
1478 4022 1636 4089 est,a
1663 4033 1780 4095 quo
1805 4022 2010 4076 custo-

360 4099 548 4161 ditum
603 4102 786 4164 fuerit
841 4103 1063 4165 donum
1118 4123 1151 4164 a
1193 4103 1318 4166 Deo
1350 4103 1508 4184 quod
1543 4103 1627 4164 illi
1661 4103 1862 4164 datum
1898 4110 2010 4166 est.

368 4189 690 4251 (Abierunt
714 4193 888 4269 igitur
913 4193 1079 4252 multi
1097 4193 1373 4272 discipuli
1398 4193 1908 4273 retrorsumphoc
1927 4199 2014 4254 est

364 4277 698 4340 diviserunt
731 4300 796 4341 se
813 4299 846 4341 a
866 4281 1159 4358 Magistro.
1175 4295 1233 4343 et
1261 4282 1555 4362 progressi
1577 4291 1713 4343 sunt
1734 4299 1851 4342 non
1873 4300 2012 4360 pro-

362 4366 650 4442 ﬁcientes,
677 4370 781 4430 sed
812 4379 1131 4443 retrosum,
1159 4372 1270 4433 hoc
1297 4373 1474 4446 e5t,in
1507 4370 2009 4436 incredulitatem.

2100 3648 2250 3727 αὐτὸ,
2304 3651 2590 3710 δεικνύουσι
2659 3654 2760 3720 τὴν
2788 3665 2881 3714 τοῦ
2910 3653 3041 3712 Θεοῦ
3069 3653 3291 3726 δωρεάν,
3365 3658 3426 3716 οι
3459 3655 3514 3714 δὲ
3541 3654 3756 3733 λαμϐά-

2100 3761 2243 3796 νουσι
2301 3741 2423 3817 μὲν,
2483 3740 2808 3825 ἀπολλύντες
2881 3741 2935 3800 δὲ
2982 3745 3051 3801 τὰ
3118 3742 3393 3823 δεδομένα,
3477 3747 3750 3825 φαίνονται

2100 3828 2266 3917 μηδὲν
2293 3829 2568 3897 λαϐόντες.
2605 3823 2781 3890 ιὈτπιν
2839 3836 2927 3890 οὖν
2974 3833 3110 3913 λέγῃ
3139 3837 3168 3892 6
3211 3823 3621 3917 εὐαγγελιστής,
3667 3835 3748 3892 ὅτι

2103 3908 2226 3976 Ἐὰν
2281 3920 2359 3995 μὴ
2414 3920 2452 3998 ᾖ
2500 3919 2778 3998 δεδομένον
2833 3925 2934 3980 τινὶ
2993 3908 3201 3983 ὶκῃτοῦ
3245 3908 3477 4005 Πέτρδς,
3510 3928 3572 3983 οὔ
3599 3908 3752 3983 δύνα-

2098 4030 2184 4064 ται
2211 4007 2384 4067 έλθεῐν
2410 4013 2543 4088 πρὸς
2590 4013 2682 4067 τὸν
2723 4013 2859 4089 ἷὶὸν,
2913 4019 3069 4071 τοῦτο
3110 4012 3278 4096 λέγει,
3332 4014 3433 4080 ὅτι,
3504 4013 3748 4080 Ἐκεῖνος

2097 4096 2315 4178 ἔρχεται
2363 4102 2495 4180 πρὸς
2562 4102 2654 4159 τὸν
2710 4103 2853 4179 Υἱὸν,
2926 4106 3075 4177 ᾧτινι
3138 4101 3294 4160 δώσει
3324 4107 3352 4161 6
3389 4106 3594 4185 Πατήρ,
3627 4104 3750 4173 ἦτοι

2095 4188 2222 4275 παρ’
2281 4190 2341 4244 οὗ
2399 4188 2694 4271 φυλαχθείη
2751 4192 2785 4260 ἡ
2856 4191 3119 4270 γενομένη
3179 4196 3321 4266 αὐτῷ
3403 4196 3548 4275 παρὰ
3616 4201 3751 4252 Θεοῦ

2097 4274 2286 4356 δωρεά.
2366 4301 2395 4334 ι
2467 4277 2736 4348 Ἀπῆλθον
2783 4283 2874 4338 οὖν
2933 4279 3063 4362 (24)
3091 4282 3282 4343 πολλοὶ
3346 4291 3454 4342 τῶν
3487 4274 3750 4360 μαθητῶν

2097 4368 2171 4432 εἷς
2228 4369 2293 4425 τὰ
2350 4369 2545 4427 ὀπίσω.
2606 4393 2634 4425 ι
2694 4370 2986 4448 τουτέστιν,
3060 4373 3452 4454 ἀποσχίσαντες
3533 4373 3750 4438 ἑαυτοὺς

363 4456 511 4519 Nam
541 4475 752 4520 revera
781 4459 881 4539 qui
913 4460 1174 4541 seiqsum
1210 4480 1242 4522 a
1263 4461 1492 4524 Christo
1525 4460 1758 4522 dividit.
1782 4470 2014 4521 retror-

2105 4463 2191 4512 τοῦ
2263 4456 2614 4541 Διδασκάλου,
2675 4462 2771 4517 οὒκ
2826 4462 2900 4525 εἰς
2955 4464 3239 4541 προκοπὴν
3290 4462 3579 4542 προῆλθον,
3629 4463 3750 4520 ἀλλ’

362 4563 492 4609 sum
525 4547 680 4608 vadit
716 4569 728 4610 :
759 4548 859 4628 qui
889 4557 1084 4610 autem
1112 4549 1441 4611 secundum
1477 4548 1717 4610 Paulum
1751 4548 2017 4612 adhaeret

361 4634 639 4711 Domino,
665 4656 902 4718 semper
932 4656 995 4700 se
1028 4640 1296 4702 extendit
1349 4639 1425 4700 ad
1458 4638 1758 4700 anteriora
1775 4637 1849 4701 ⁵³.
1884 4637 2017 4720 Ipse

361 4733 556 4788 autem
606 4728 926 4791 ostendens
980 4729 1136 4808 quod
1187 4729 1408 4789 nullius
1439 4727 1529 4788 vel
1581 4727 1894 4789 ministerii
1928 4729 2014 4790 vel

361 4832 521 4877 curae
549 4819 706 4897 quod
757 4815 871 4878 sibi
919 4817 1341 4897 impendebant
1390 4817 1674 4896 indigeat,
1709 4817 1852 4878 dicit
1875 4816 1961 4878 eis
1998 4845 2012 4891 ;

367 4926 390 4961 ιι
448 4907 606 4968 Νιιιιι
673 4904 851 4967 etiam
904 4924 1002 4966 vos
1051 4906 1225 4967 vultis
1295 4906 1506 4969 abire?
1557 4905 1751 4979 Qaure
1821 4915 2014 4970 autem

363 5012 480 5055 non
542 4995 725 5073 magis
774 4995 1044 5058 laudavit
1093 4996 1437 5076 duodecim,
1503 4996 1662 5078 quod
1715 5013 1834 5056 non
1877 5015 2011 5058 cum

362 5081 494 5143 aliis
542 5082 736 5148 abacti
780 5082 1048 5146 fuerunt?
1081 5086 1300 5146 Partim
1343 5085 1478 5164 quia
1504 5084 1780 5147 servabat
1811 5082 2010 5163 digni-

442 5216 502 5268 5'
531 5216 679 5282 Dan.
716 5234 842 5295 xm,
882 5218 983 5281 42.
1072 5217 1128 5261 ⁵³
1157 5219 1418 5302 Philipp.
1451 5236 1537 5294 tu,
1571 5221 1664 5284 13.

2100 4548 2174 4610 είς
2238 4548 2305 4603 τὰ
2364 4548 2558 4629 ὀπίσω,
2611 4549 2909 4626 τουτέστιν,
2974 4553 3048 4616 είς
3123 4551 3390 4610 ἀπιστίαν·
3478 4558 3555 4627 τῷ
3635 4552 3748 4610 ὄντι

2100 4637 2222 4718 γὰρ,
2287 4639 2315 4692 6
2374 4637 2560 4697 ἑαυτὸν
2631 4638 2943 4719 ἀποσχίζων
2971 4643 3065 4697 τοῦ
3107 4644 3360 4723 Χριστοῦ,
3390 4643 3464 4706 εἷς
3489 4645 3554 4700 τὰ
3577 4644 3753 4700 ὀπίσω

2099 4727 2334 4783 ἄπεισιν
2397 4730 2425 4783 ὁ
2494 4725 2548 4783 δὲ
2608 4730 2745 4785 κατὰ
2801 4728 3008 4789 Παῦλον
3052 4729 3397 4808 κολλώμενος
3443 4739 3521 4807 τῷ
3552 4734 3750 4814 Κυρίῳ,

2100 4815 2182 4871 ἀεὶ
2237 4829 2355 4881 τοῖς
2405 4815 2696 4894 ἔμπροσθεν
2756 4818 3135 4885 ἐπεκτείνεται.
3194 4822 3364 4887 Αὐτὸς
3421 4820 3477 4878 δὲ
3546 4819 3750 4887 δεικνὺς

2099 4903 2180 4960 ὅτι
2237 4907 2298 4962 οὐ
2366 4903 2536 4963 δέεταί
2590 4930 2761 4990 τινος,
2821 4908 2940 4966 οὐδὲ
2995 4916 3094 4979 τῆς
3157 4901 3289 4991 παρ’
3337 4917 3510 4972 αὐτῶν
3551 4915 3751 4971 τούτων

2099 4994 2364 5059 διακονίας
2424 4993 2456 5064 ἦ
2506 4999 2811 5078 θεραπείας,
2870 4997 3017 5079 λέγει
3072 5002 3203 5081 πρὸς
3273 5003 3485 5066 ain-06v
3564 5026 3592 5057 ι
3657 5004 3750 5072 Μὴ

2098 5090 2186 5145 καὶ
2253 5090 2412 5165 ὑμεῖς
2472 5089 2650 5148 θέλετε
2708 5093 2928 5171 δπάγειν
2981 5112 2998 5169 ;
3061 5117 3090 5150 ι
3128 5095 3225 5152 Διὰ
3254 5096 3305 5152 τὶ
3333 5093 3389 5151 δὶ
3419 5095 3624 5172 μᾶλλον
3656 5097 3751 5154 οὐκ

1443 5358 1521 5416 Ex
1555 5352 1874 5416 collatione
1903 5354 2080 5419 codd.
2120 5355 2332 5422 Venet.
2366 5356 2430 5422 S.
2463 5359 2668 5424 Marci.

450 5484 747 5570 (QLLQOd.
781 5487 882 5570 30,
933 5488 1260 5570 ἡγενομένῃ
1320 5489 1459 5564 animi;
1501 5490 1642 5570 παρὰ
1715 5495 1844 5570 Θεοῦ
1897 5489 2006 5548 δω-

2090 5501 2218 5586 est,
2237 5503 2296 5586 et
2317 5499 2425 5586 _qui
2454 5516 2519 5560 se
2542 5497 2788 5586 dignum
2817 5497 3150 5581 accipiendi
3175 5501 3542 5586 prostiterit.
3565 5503 3744 5569 Abte.

363 5567 477 5662 ρεὰ,
507 5565 596 5662 καὶ
623 5566 682 5629 ὃς
732 5565 944 5662 ποιῄσει
970 5565 1161 5662 ἑαυτὸν
1203 5569 1344 5662 ἄξιον
1373 5577 1464 5627 τοΰ
1513 5566 1722 5662 λαξεινῖ
1788 5566 2002 5662 ’λπῆλ-

2105 5565 2226 5637 nuit
2255 5565 2433 5656 igiiur
2464 5565 2662 5662 multi,
2698 5600 2722 5636 ε
2759 5586 2880 5642 etc.

361 5649 446 5705 σιν
499 5647 608 5720 οὖν,
642 5666 695 5707 κ.
738 5667 787 5708 τ.
815 5648 870 5708 λ.
904 5672 930 5705 σ
969 5649 1201 5711 Donum
1223 5646 1435 5724 aDoo,
1468 5647 1628 5730 quod
1656 5646 1745 5709 illi
1795 5647 2000 5714 datum
