4070 6224
162 371 319 437 1329
360 382 363 385 ’
833 374 1275 439 ENARRATIO
1320 376 1399 435 ΙΝ
1450 371 1955 437 EVANGELIUM
2004 371 2339 437 JOANNIS.
2390 409 2467 419 —
2512 378 2674 438 CAP.
2725 380 2856 439 VII.
3413 374 3565 442 l330

149 505 238 559 καὶ
313 506 449 582 πρὸς
505 502 769 571 διαϐολὴν
847 504 939 561 τοῦ
1012 506 1249 583 γείτονος
1306 505 1564 567 τοιούτοις
1638 504 1799 583 λόγοις

1904 521 2035 566 mus
2065 506 2221 568 erat?
2252 506 2425 571 Unde
2454 490 2793 572 huic‘vestis
2823 510 2952 574 illa?
2992 510 3132 574 Hasc
3180 519 3378 574 autem
3413 513 3561 576 dicit

146 593 489 681 χρώμενος·
565 594 787 659 Πάντως
832 595 956 672 γὰρ,
988 595 1171 675 φησιν,
1220 592 1412 669 ἔκλεψε
1463 595 1559 661 τὴν
1603 592 1798 661 ἐσθῆτα

1907 612 2025 656 non
2058 595 2213 676 quod
2247 596 2443 677 reipsa
2474 597 2824 673 admiretur,
2850 599 2955 663 sed
2988 600 3144 681 quod
3169 601 3559 664 aduraturin-

149 680 335 747 Οἷτως
386 682 477 739 οὖν
511 685 602 740 καὶ
635 687 682 740 οἱ
716 682 964 741 Ἰουδαῖοι
994 703 1008 717 ο
1068 708 1088 738 ι
1133 690 1250 747 Πῶς
1296 684 1447 746 οὗτος
1499 681 1615 740 οἶδε
1645 684 1799 761 γράμ·

1906 682 2084 754 vidia,
2113 684 2186 746 ad
2219 685 2395 747 vicini
2428 686 2783 749 calumniam
2806 708 2949 751 usus
2994 680 3206 752 talibus
3254 694 3555 755 sermoni-

149 790 297 840 ματα
335 790 352 845 ;
396 797 421 824 ι)
486 773 707 839 Πάντως
770 774 824 829 ἐν
878 777 956 847 τῷ
1013 771 1351 844 Βεελζεϐούλ.
1420 775 1601 830 Καίτοι
1656 772 1795 852 ἐχρῆ

1910 769 2303 836 bus.0mnino
2335 774 2932 857 enim,dicit,furatus
2964 786 3053 839 est
3081 777 3429 841 vestem.Sic
3449 778 3556 860 igi-

154 859 345 923 αῦτοὺς
411 858 519 917 ἀπὸ
583 865 769 920 τούτου
828 862 1031 927 μᾶλλον
1088 865 1367 934 ἒννοῆσαι,
1414 860 1495 917 ὅτι
1540 860 1684 918 οῦδὲν
1727 862 1799 916 ἀνι

1910 866 2006 922 tur
2027 869 2084 923 et
2108 862 2313 925 Judaei:
2342 863 2685 936 «Quomodo
2712 865 2807 927 hic
2839 865 2947 927 scit
2977 865 3271 928 litteras‘h
3284 858 3554 929 Proiecto

150 947 427 1021 θρώπινον
488 952 558 1019 ἧν
616 952 782 1026 αὐτῷ,
842 950 994 1007 Ἀλλ’
1048 950 1232 1018 ἐπειδὴ
1296 958 1450 1007 τοῦτο
1506 952 1651 1007 αῦτοὶ
1733 951 1799 1006 οῦῑ

1908 967 1979 1012 ex
2009 951 2325 1014 Beelzebul
2364 952 2540 1014 habet
2594 951 2854 1015 Tametsi
2879 954 3020 1016 inde
3050 954 3183 1017 illos
3216 956 3554 1037 conjectare

151 1032 345 1100 ἤθελον
409 1039 778 1120 ὁμολογῆται,
828 1043 982 1104 αῦτὸς
1028 1041 1361 1119 ἀποκρίνεται
1414 1041 1618 1111 αὐτοῖς,
1687 1039 1799 1095 ἀνα-

1908 1039 2101 1118 potius
2130 1040 2439 1121 oportebat
2465 1060 2583 1102 non
2615 1060 2745 1103 esse
2776 1044 2889 1105 hoc
2920 1043 3266 1106 humanum:
3292 1032 3394 1107 sed
3415 1047 3554 1124 quia

150 1122 448 1200 διδάσκων,
482 1128 567 1185 ὅτι
618 1132 722 1187 ἀπὸ
760 1130 850 1186 τοῦ
894 1132 1098 1207 [ἰατρὸς
1147 1131 1236 1185 καὶ
1280 1136 1411 1187 Θεοῦ
1456 1128 1596 1185 ἐστιν
1637 1130 1671 1197 ἡ
1734 1127 1799 1185 δι-

1903 1129 2013 1192 hoc
2043 1128 2157 1210 ipsi
2188 1130 2358 1191 fateri
2390 1130 2731 1201 noluerunt,
2767 1131 2898 1212 ipse
2942 1131 3268 1213 respondet
3296 1134 3408 1205 eis,
3438 1122 3445 1124 ﬁ
3479 1155 3551 1195 o-

144 1211 436 1278 δασκαλία,
502 1217 667 1276 Οῦδὲν
735 1221 835 1297 γὰρ
895 1219 1024 1294 ἐμόν
1098 1218 1234 1297 ἔστι,
1292 1220 1443 1298 φησὶ,
1492 1217 1636 1278 οὐδὲν
1719 1218 1794 1275 ἀπ

1898 1236 2041 1281 cens
2070 1219 2226 1300 quod
2261 1237 2293 1279 a
2328 1218 2450 1281 Deo
2481 1229 2537 1281 et
2572 1222 2747 1284 Patre
2796 1220 2872 1282 sit
2917 1211 3189 1283 doctrina
3232 1222 3330 1284 illa
3388 1223 3549 1286 Mhil

140 1302 379 1376 ἐμαυτοῦ
422 1307 500 1371 ὡς
560 1308 794 1371 ἀντίθεος
853 1309 1173 1387 φθέγγομαι,
1220 1306 1338 1363 ἀλλ’
1396 1307 1529 1387 ἕπερ
1593 1307 1654 1363 ἂν
1718 1307 1799 1369 εἴτ

1897 1324 2091 1369 meum
2124 1316 2233 1382 est,
2268 1309 2482 1389 inquit,
2522 1327 2714 1390 neque
2744 1328 2778 1371 a
2834 1311 3085 1391 meipso,
3123 1319 3399 1393 tanqua'n
3434 1313 3547 1373 ad-

131 1401 223 1449 τοῦ
256 1397 501 1469 Πατρὸς,
534 1405 700 1455 ταῦτα
722 1398 809 1454 καὶ
841 1396 947 1472 ὲμπί
976 1397 1089 1453 ἐστι
1126 1396 1367 1474 ῥήματα,

1892 1396 2189 1459 versarius
2223 1400 2367 1473 Deo,
2403 1398 2643 1479 loquor:
2670 1399 2774 1460 sed
2802 1418 3174 1481 quaecunque
3204 1399 3305 1462 illa
3327 1403 3552 1464 iuerint

1892 1485 2105 1565 Patris,
2141 1487 2266 1549 haec
2290 1496 2351 1550 et.
2380 1506 2512 1549 mea
2540 1487 2723 1550 verba
2751 1499 2909 1550 sunt.

234 1596 257 1624 ιι
296 1569 428 1628 Ἐέν
468 1598 553 1638 τις
585 1574 711 1653 θέλῃ
742 1576 804 1632 τὸ
830 1574 1039 1651 θέλημα
1092 1576 1248 1632 αὐτοῦ
1291 1589 1492 1645 ποιεῖν,
1551 1577 1799 1654 γνώσεται⁴

1974 1573 2155 1638 Vens.
2190 1577 2496 1648 17,18.cSi
2529 1577 2661 1656 quis
2694 1577 2942 1640 voluerit
2972 1578 3333 1642 voluntatem
3360 1578 3548 1659 ipsius

145 1662 267 1737 περὶ
327 1663 429 1730 τῆς
463 1661 719 1745 διδαχῆς,
755 1665 979 1743 πότερον
1012 1664 1071 1721 ἐκ
1100 1673 1191 1721 τοῦ
1233 1672 1365 1721 Θεοῦ
1414 1665 1576 1737 ἐστιν,
1624 1666 1661 1734 ἢ
1706 1667 1799 1744 ὲγὰ

1895 1664 2267 1737 facere,sciet
2293 1664 2368 1726 de
2396 1664 2667 1727 doctrina
2695 1674 2891 1726 utrum
2916 1684 2985 1727 ex
3011 1668 3133 1729 Deo
3162 1667 3265 1741 sit,
3285 1686 3360 1728 an
3385 1686 3493 1748 ego
3513 1688 3546 1729 a

142 1747 242 1804 ἀπ’
272 1750 516 1826 ἐμαυτοῦ
572 1753 743 1836 λαλῶ,
784 1745 841 1812 ’0
898 1753 989 1833 ἀφ’
1048 1754 1237 1810 ἑαυτοῦ
1283 1752 1483 1825 λαλῶν,
1535 1754 1634 1821 τὴν
1663 1752 1799 1820 δόξαι

1896 1753 2123 1833 meipso
2153 1753 2378 1833 loquar.
2412 1754 2523 1827 Qui
2553 1773 2587 1816 a
2612 1755 2932 1835 semetipso
2978 1755 3261 1836 loquitur,
3292 1745 3541 1833 gloriam

139 1837 242 1905 τῆν
287 1837 425 1897 ἰδίαν
482 1849 665 1914 ζητεῖ,
729 1835 786 1901 Ὀ
831 1842 887 1898 δὲ
925 1848 1102 1914 ζητῶν
1132 1842 1234 1910 τὴν
1263 1840 1413 1908 δόξαν
1436 1850 1527 1900 τοῦ
1556 1842 1799 1918 πέμψαι»-

1896 1844 2191 1938 propriam
2207 1842 2432 1938 quaerit
2457 1863 2472 1938 ξ
2500 1843 2599 1938 qui
2629 1850 2829 1904 autem
2863 1843 3075 1938 quatrit
3128 1843 3396 1938 gloriam
3413 1844 3544 1924 ejus

141 1946 230 1989 τος
278 1929 470 2006 αῦτὸν,
525 1931 678 1995 οὗτος
721 1930 927 2001 ἀληθής
968 1934 1105 2010 ἔστι,
1168 1932 1254 1987 καὶ
1303 1928 1477 1987 ἀδικία
1536 1932 1632 1988 οῦκ
1670 1931 1799 1988 iam

1894 1931 1995 2012 qui
2020 1930 2177 1992 misit
2205 1932 2422 2012 ipsum,
2458 1932 2554 1993 hic
2589 1949 2769 1994 verax
2814 1938 2923 2011 est,
2949 1939 3008 1992 et
3059 1931 3348 2011 injustitia
3380 1932 3441 1993 in
3472 1951 3543 1994 eo

140 2014 196 2070 ἓν
254 2016 425 2092 αύτῷ.
500 2043 522 2077 ι
593 2022 791 2093 Εἰπὼν,
855 2020 937 2077 ὅτι
989 2041 1012 2076 α
1057 2012 1118 2077 Ἠ
1168 2019 1275 2095 ἐμῆ
1318 2018 1517 2101 διδαχὴ
1548 2020 1642 2076 οὒκ
1670 2020 1799 2077 ἔστιι

1893 2038 2014 2083 non
2039 2030 2151 2085 est.
2178 2042 2199 2072 ι
2240 2022 2480 2084 Dixerat
2516 2043 2530 2085 :
2569 2046 2594 2076 α
2628 2022 2760 2085 Mea
2785 2020 3055 2082 doctrina
3079 2040 3195 2082 non
3228 2029 3318 2083 est
3345 2040 3537 2101 mea,»

138 2102 277 2183 ἐμῆ,
319 2126 343 2160 ι
394 2116 701 2187 τουτέστιν,
761 2108 968 2165 ἐναντία
1027 2115 1165 2184 Θεῷ,
1206 2127 1231 2165 ε
1266 2107 1404 2164 ἀλλὰ
1458 2116 1551 2166 τοῦ
1609 2110 1799 2188 Πατρός

1894 2109 2007 2171 hoc
2049 2118 2159 2186 est,
2206 2110 2543 2172 adversaria
2596 2112 2740 2185 Deo,
2794 2131 2819 2164 α
2851 2110 2956 2173 sed
2987 2110 3179 2173 Patris
3209 2110 3329 2172 mei
3358 2117 3471 2182 est,
3511 2134 3536 2164 ιι

138 2200 249 2264 μοῦ
281 2192 457 2277 ἔστιν,
496 2221 523 2253 ι
560 2199 745 2279 φησὶν,
778 2196 859 2253 ὅτι
893 2194 1017 2257 Ἐάν
1073 2219 1155 2262 τις
1203 2197 1264 2254 τὸ
1292 2196 1500 2273 θέλημα
1529 2205 1620 2256 τοῦ
1678 2198 1810 2256 Θεοῦ

141 2287 302 2358 κούδ’
339 2286 641 2367 τουτέστιν»
673 2284 799 2344 Ἐάν
830 2307 907 2351 τις
960 2286 1153 2366 ἀρετῆς
1201 2286 1562 2366 ἀντιποιῆται,
1614 2288 1703 2343 καὶ
1747 2291 1808 2345 ob

141 2370 323 2446 φθόνῳ
381 2371 634 2455 δουλεύῃ,
708 2372 825 2430 οῦδὲ
882 2378 960 2450 τῷ
1013 2375 1145 2452 πρός
1224 2396 1289 2450 με
1368 2376 1578 2450 ματαίῳ
1636 2379 1810 2455 φθόνῳ

142 2457 525 2539 ἐπισκοτῆται,
580 2464 842 2544 γνώσεται
912 2463 1019 2521 τῶν
1076 2465 1219 2539 ἐμῶν
1286 2463 1462 2542 λόγων
1502 2464 1600 2533 τὴν
1648 2463 1807 2522 δύνα-

142 2571 265 2629 μιν,
300 2550 394 2608 ἐάν
440 2577 497 2611 τε
544 2556 611 2611 τὰ
653 2562 746 2611 τοῦ
790 2555 994 2633 Πατρὸς
1038 2552 1212 2628 λαλῶ,
1254 2555 1346 2611 ὶάν
1402 2576 1458 2611 τε
1516 2553 1633 2621 ξένα
1689 2556 1806 2611 τινὰ

139 2641 235 2695 καὶ
296 2643 749 2722 παρηλλαγμένα.
809 2642 1029 2719 Θέλημα
1088 2642 1142 2699 δὲ
1187 2650 1280 2701 τοῦ
1338 2652 1469 2701 Θεου
1516 2657 1685 2724 ποιεῖ,
1717 2646 1805 2701 καὶ

140 2728 167 2781 ὂ
229 2730 326 2795 τὰς
383 2734 595 2815 Γραφάς
638 2735 728 2790 καὶ
784 2735 905 2796 τοὺς
956 2734 1234 2814 προφήτας
1293 2736 1538 2812 ῐιρευνῶν.
1573 2724 1630 2791 Ὀ
1679 2740 1803 2812 γοῦν

136 2827 387 2886 τοιοῦτος
434 2821 646 2879 δύναται
701 2828 896 2901 γνῶναι
952 2824 1071 2901 περὶ
1126 2827 1225 2889 τῆς
1257 2828 1350 2878 τοῦ
1409 2822 1596 2901 Κυρίου
1652 2819 1802 2878 διδα-

140 2912 283 2985 χής,
319 2908 404 2967 ὅτι
462 2912 568 2967 ἀπὸ
624 2918 755 2967 Θεοῦ
794 2914 961 2971 ἔστιν.
1009 2912 1069 2969 Oi
1116 2915 1383 2990 προφῆται
1422 2912 1521 2987 γὰρ
1564 2914 1659 2968 οὒκ
1701 2910 1801 2965 ἀν-

138 2997 314 3055 τίθεον
340 3001 608 3079 εἰσάγουσι
640 3002 732 3056 τὸν
785 3001 973 3080 Κύριον
1019 3002 1107 3056 καὶ
1151 3000 1241 3079 ἀφ’
1301 3001 1487 3058 ἑαυτοῦ
1517 2997 1799 3072 λαλοῦντα,

140 3084 285 3142 ἀλλά
329 3090 509 3145 πάντα
572 3090 637 3144 τὰ
695 3096 769 3163 τῷ
829 3094 946 3163 Θεῷ
986 3088 1261 3163 δοκοῦντα,
1319 3088 1405 3165 καὶ
1449 3086 1673 3165 λέγοντα
1714 3089 1803 3143 καὶ

142 3175 477 3258 πράττοντα,
530 3181 661 3233 Εἶτα
724 3160 811 3233 καὶ
860 3160 1038 3256 ἕτερον
1089 3160 1346 3255 λογισμοῦ
1389 3160 1649 3255 ἐπιφέρει,
1705 3174 1799 3232 λέ-

1885 3160 2059 3236 aliain
2121 3175 2411 3236 rationem
2492 3173 2717 3255 subdit,
2787 3174 2992 3236 dicens
3051 3197 3063 3234 :

142 3284 256 3337 γων
291 3280 306 3293 '
368 3256 426 3323 Ὀ
484 3264 575 3344 ἀφ’
612 3266 800 3322 ἑαυτοῦ
841 3263 1043 3345 λαλῶν,
1095 3264 1391 3339 τουτέστιν,
1422 3267 1450 3321 δ
1479 3263 1801 3341 βουλόμενος

138 3349 274 3408 ἰδίαν
360 3359 559 3424 στῆσαι
642 3353 1007 3435 διδασκαλίαν,
1086 3352 1155 3410 δι’
1214 3353 1361 3411 οῦδὲν
1408 3353 1588 3434 ἕτερον
1648 3361 1804 3412 τοῦτο

140 3455 323 3516 ποιεῖ,
381 3444 416 3511 ἢ
474 3444 633 3523 χάριν
678 3454 771 3503 τοῦ
791 3441 945 3510 δόξαν
1004 3444 1125 3500 τινὰ
1181 3442 1241 3501 ἐκ
1271 3444 1459 3500 τούτου
1508 3444 1803 3522 καρπώσα-

141 3533 287 3590 σθαι.
356 3535 413 3590 Εἰ
470 3530 523 3588 δὲ
583 3532 715 3613 ἐγὼ,
773 3534 955 3613 φησὶν,
1008 3533 1067 3589 οῦ
1117 3532 1377 3611 βούλομαι
1427 3533 1802 3613 καρπώσασθαι

138 3616 295 3685 δόξαν
357 3620 512 3702 ἰδίαν,
547 3622 683 3681 ἀλλά
711 3624 811 3692 τῆν
855 3622 1006 3689 δόξαν
1057 3631 1150 3682 τοῦ
1177 3624 1490 3699 πέμψαντός
1522 3645 1588 3699 με
1631 3630 1798 3697 ζητῶ,

137 3711 280 3774 τίνος
339 3711 515 3769 ἕνεκεν
570 3712 867 3790 βουλοίμην
922 3712 985 3771 ἂν
1032 3714 1186 3793 ἕτερα
1216 3711 1479 3770 διδάσκειν
1518 3712 1801 3787 ςἈληθὴς

142 3799 235 3854 οὖν
289 3803 421 3881 εἰμι,
468 3803 557 3858 καὶ
613 3806 708 3862 οῦκ
758 3801 901 3859 ἔστιν
954 3801 1126 3860 ἀδικία
1182 3802 1237 3858 ἐν
1290 3802 1407 3878 ἐμοί
1431 3820 1444 3834 ⁸
1507 3802 1798 3878 τουτέστιν,

144 3887 218 3944 Οῦ
276 3886 430 3957 δόξαν
490 3891 653 3971 ἑτέρῳ
737 3891 1066 3968 ἁρμόζουσαν
1143 3892 1362 3971 ἀρπάζω
1393 3906 1410 3923 ⁸
1489 3898 1644 3949 τοῦτο
1702 3892 1801 3970 γὰρ

144 3975 339 4039 ἀδικία.
404 3972 588 4038 ’Ὥστε
620 3984 655 4049 ἡ
686 3979 883 4061 διδαχή
928 4004 1029 4056 μου
1086 3984 1174 4038 καὶ
1225 3980 1477 4051 ἀλήθειαν
1529 3980 1672 4061 ἔχει,
1710 3976 1800 4037 καὶ

1892 2198 2104 2279 inquit.
2141 2198 2200 2261 Si
2234 2200 2368 2281 quis
2391 2199 2749 2261 voluntatem
2790 2198 2897 2261 Dei
2928 2198 3156 2280 fecerit,
3203 2200 3315 2261 hoc
3345 2208 3457 2279 est,
3491 2200 3540 2260 si

1888 2286 2163 2347 virtutem
2187 2287 2555 2367 amplexatus
2579 2285 2776 2361 fuerit,
2802 2296 2859 2348 et
2888 2287 3126 2349 invidiae
3159 2305 3279 2348 non
3311 2290 3539 2349 servie-

1891 2376 2190 2457 rit,neque
2210 2395 2359 2438 vano
2383 2384 2590 2438 contra
2619 2394 2714 2437 me
2735 2376 2874 2438 odio
2895 2376 3322 2439 obtenebratus
3339 2375 3538 2452 fuerit,

1891 2464 2039 2527 sciet
2065 2483 2333 2527 meorum
2368 2482 2711 2526 sermonum
2741 2464 3041 2539 virtutem,
3093 2484 3232 2527 num
3291 2483 3361 2526 ea
3410 2484 3541 2547 quaa

1891 2553 2088 2618 Patris
2109 2562 2245 2615 sunt
2276 2552 2503 2635 loquar,
2540 2571 2612 2616 an
2642 2554 2832 2617 aliena
2875 2565 2935 2619 et
2974 2554 3216 2634 indigna
3240 2553 3535 2635 quadam.

1887 2642 2263 2706 Voluntatem
2297 2654 2490 2704 autem
2525 2643 2634 2704 Dei
2664 2644 2802 2705 facit
2853 2652 2909 2706 et
2951 2645 3052 2724 qui
3110 2643 3450 2723 Scripturas
3480 2651 3537 2704 et
3584 2672 3589 2675 ν

1886 2731 2204 2814 prophetas
2250 2741 2565 2794 scrutatur.
2599 2732 2784 2811 Igitur
2833 2734 2933 2812 qui
2991 2732 3124 2793 talis
3175 2738 3285 2803 est,
3323 2730 3535 2810 poterit

1884 2822 2039 2883 scire
2097 2821 2172 2882 de
2223 2820 2493 2881 doctrina
2528 2820 2765 2881 Domini
2792 2820 2947 2900 quod
3002 2839 3069 2881 ex
3110 2819 3233 2881 Deo
3263 2819 3361 2878 sit.
3388 2816 3532 2879 Nam

1886 2909 2190 2989 prophetae
2222 2927 2340 2969 non
2374 2908 2664 2969 inducunt
2703 2907 3018 2969 Dominum
3082 2907 3202 2969 Deo
3256 2906 3537 2968 adversa-

1883 2997 2065 3070 rium,
2098 3003 2155 3057 et
2183 3016 2215 3055 a
2250 2996 2448 3076 soipso
2471 2996 2834 3076 loquentem,
2865 2996 2969 3058 sed
3040 2996 3228 3058 omnia
3253 3013 3388 3074 quae
3414 2994 3543 3057 Deo

1886 3094 2223 3165 congruunt
2254 3095 2313 3145 et
2354 3085 2654 3147 dicentem
2689 3095 2745 3147 et
2774 3085 3115 3147 facientem.
3199 3083 3453 3164 Insuper
3481 3092 3539 3146 et

3121 3176 3234 3248 Qui
3310 3192 3345 3235 a
3414 3171 3583 3235 sei-A

1886 3282 1992 3346 pso
2036 3264 2313 3344 loquitur,
2350 3265 2462 3326 hoc
2492 3273 2583 3325 est
2612 3265 2710 3345 qui
2759 3269 2887 3326 vult
2925 3265 3227 3346 propriam
3276 3271 3536 3325 statuere

1885 3353 2241 3428 doctrinam,
2278 3362 2518 3435 prapter
2548 3353 2693 3414 nihil
2724 3353 2881 3416 aliud
2922 3356 3035 3417 hoc
3066 3354 3225 3427 facit,
3261 3371 3438 3433 quam
3472 3361 3534 3412 ut

1884 3442 2131 3521 gloriam
2166 3443 2485 3524 quamdam
2510 3442 2748 3506 inanem
2766 3444 2907 3505 inde
2934 3442 3317 3525 percipiat.Si
3336 3451 3531 3505 autem

1886 3549 2018 3610 ego,
2054 3531 2265 3612 inquit,
2298 3533 2501 3612 gloriae
2530 3532 2786 3613 propria:
2818 3532 3071 3595 fructum
3106 3533 3375 3606 nolo,sed
3409 3533 3534 3613 glo-

1883 3620 2032 3683 riam
2058 3622 2184 3701 ejus
2204 3623 2303 3703 qui
2338 3641 2433 3683 me
2474 3620 2633 3683 misit
2677 3640 2903 3702 quaero,
2937 3623 3110 3703 cujus
3139 3623 3328 3700 gratia
3354 3620 3531 3683 velim

1883 3709 1999 3771 alia
2018 3711 2233 3772 docere
2269 3732 2282 3769 :
2309 3728 2481 3771 verax
2514 3709 2692 3789 igitur
2714 3729 2868 3792 sum,
2897 3718 2956 3771 et
2987 3731 3105 3772 non
3139 3709 3533 3789 estinjustitia

1883 3799 1946 3861 in
1978 3818 2073 3861 me
2110 3820 2123 3861 :
2159 3801 2270 3861 hoc
2302 3808 2391 3860 est
2422 3819 2539 3859 non
2571 3800 2738 3880 rapio
2770 3800 3017 3879 gloriam
3049 3799 3221 3861 alteri
3242 3798 3525 3859 debitam.

1882 3887 2009 3952 Hoc
2039 3888 2197 3950 enim
2220 3889 2521 3969 injustitize
2547 3888 2721 3950 foret.
2755 3894 2947 3970 Atque
2978 3889 3062 3951 ita
3102 3887 3369 3949 doctrina
3400 3904 3531 3947 mea

1882 3986 1940 4040 et
1965 3978 2277 4040 veritatem
2302 3976 2741 4058 complectitur,
2776 3985 2835 4038 et
2856 3976 3145 4057 justitiam
3180 3976 3239 4037 in
3283 3994 3370 4038 se.
3396 3976 3527 4037 Non

142 4062 485 4137 δικαιοσύνην
533 4069 587 4126 έν
646 4074 844 4145 ταῦτῷ.
897 4072 969 4128 Οὐ
1015 4071 1112 4149 γὰρ
1168 4068 1220 4136 ἐξ
1278 4069 1585 4142 ἀλαζονείας
1645 4070 1795 4149 γίνεο

1882 4067 2038 4130 enim
2071 4086 2140 4129 ex
2168 4068 2501 4145 arrogantia
2524 4067 2681 4133 ﬁt,ut
2709 4068 3083 4128 mendacium
3112 4066 3323 4128 haheat
3352 4064 3529 4126 acin-

140 4175 252 4228 ται,
311 4158 403 4214 ’ἕνα
461 4160 548 4215 καὶ
604 4161 665 4214 τὸ
722 4157 910 4233 ψευδὲς
962 4158 1068 4239 ἔχῃ
1121 4159 1309 4214 καὶτὸ
1366 4157 1566 4220 ἄδικον.
1606 4149 1662 4217 Ὀ
1693 4159 1791 4237 γὰρ

1882 4157 2179 4237 iustitiam.
2216 4158 2516 4234 Arrogans
2551 4174 2684 4217 vero
2718 4165 2776 4217 et
2796 4157 3103 4229 mentitur,
3136 4175 3207 4218 eo
3252 4154 3412 4236 quod
3455 4154 3529 4216 de

140 4242 352 4316 ἀλαζὼν
429 4249 516 4303 γαὶ
600 4246 869 4328 ψεύδεται,
959 4249 1087 4306 καθὸ
1144 4248 1260 4325 περὶ
1331 4250 1488 4307 αὐτοῦ
1541 4248 1606 4304 τὰ
1659 4249 1789 4326 ὑπὲρ

1882 4264 1938 4308 se
1961 4248 2094 4327 plus
2124 4264 2301 4327 qnam
2335 4252 2618 4320 meretur,
2654 4244 2822 4319 dicit,
2852 4255 2911 4307 et
2954 4246 3171 4325 injuste
3201 4247 3340 4323 agit,
3392 4244 3529 4324 quia

140 4334 239 4399 τὴν
300 4334 442 4401 ἀξίαν
488 4336 645 4393 αὗτοῦ
703 4335 869 4414 λέγει,
924 4338 1012 4392 καὶ
1067 4335 1265 4411 ἀδικεῖ,
1312 4337 1442 4393 καθὸ
1496 4336 1594 4403 τῆν
1624 4335 1789 4393 ἀλλο-

1882 4335 2123 4397 alienam
2196 4343 2255 4395 et
2316 4333 2428 4393 εἰΙοί
2503 4334 3017 4396 inconvenientem
3089 4334 3333 4411 gloriam
3424 4351 3524 4393 ra-

141 4423 288 4506 τρίαν
346 4429 430 4483 καὶ
474 4422 641 4501 μηδὲν
704 4430 847 4500 αῦτῷ
905 4427 1280 4503 προσήκουσαν
1337 4424 1487 4491 δόξαν
1543 4426 1783 4505 ἆρπάζει,

1882 4425 1979 4506 pit.
2013 4426 2086 4485 At
2116 4423 2401 4484 Dominus
2432 4422 2569 4503 quia
2592 4443 2725 4503 quae
2755 4424 2943 4485 Patris
2975 4431 3110 4485 sunt
3139 4422 3528 4505 qumrcbat,et

144 4502 203 4569 Ὀ
240 4512 292 4570 δὲ
356 4515 541 4595 Κύριος
601 4513 783 4583 ἐπειδὴ
840 4515 906 4571 τὰ
933 4522 1026 4571 τοῦ
1060 4516 1262 4593 [ἰατρὸς
1293 4514 1491 4595 ἐζήτει,
1525 4502 1613 4571 καὶ
1644 4514 1787 4573 οῦδὲν

1882 4502 2021 4576 nihil
2055 4514 2129 4573 de
2160 4531 2223 4572 se
2254 4502 2623 4590 arroganter,
2655 4512 2909 4583 dicebat,
2959 4502 3200 4575 omnino
3251 4521 3307 4573 et
3353 4530 3529 4577 verax

144 4605 263 4677 περὶ
320 4604 504 4663 ἑαυτοῦ
561 4604 938 4685 ῆλαζοκιεύετο,
1001 4606 1087 4660 καὶ
1136 4603 1341 4674 ἀληθής
1404 4605 1516 4662 ἔστι
1580 4606 1791 4667 πάντως

1882 4612 1965 4665 εει
1985 4611 2042 4665 et
2062 4603 2282 4682 justus.
2306 4604 2475 4681 Saepe
2502 4610 2702 4663 autem
2734 4602 3079 4675 diximus,et
3104 4620 3261 4665 nunc
3281 4620 3526 4683 quoque

144 4692 234 4747 καὶ
264 4691 486 4756 δίκαιος,
524 4693 811 4774 Πολλαχοῦ
861 4692 917 4750 δὲ
976 4693 1226 4774 εἴπομεν,
1260 4695 1350 4750 καὶ
1402 4702 1489 4751 νῦν
1538 4693 1789 4773 λέγομεν,

1882 4692 2151 4771 dicimus,
2201 4692 2342 4752 “06
2399 4691 2552 4772 quod
2626 4691 2860 4772 quando
2937 4691 3224 4755 Dominus
3281 4690 3529 4752 humilia

141 4779 225 4836 ὅτι
283 4779 409 4837 ὅταν
452 4784 675 4839 ταπεινά
732 4806 848 4840 τινα
898 4781 1070 4861 λέγων
1109 4784 1358 4863 φαίνηται
1402 4786 1430 4840 ὁ
1461 4783 1671 4863 Κύριος,
1736 4785 1796 4842 οὖ

142 4867 228 4926 δεῖ
273 4872 527 4947 νομίζειν,
589 4873 670 4929 ὅτι
731 4875 805 4936 ὼς
852 4872 1087 4930 ἐλάττων
1146 4873 1220 4931 ὢν
1250 4880 1341 4930 τοῦ
1400 4875 1604 4953 Πατρὸς
1658 4875 1795 4931 κατᾶ

140 4960 318 5039 φύσιν,
378 4970 545 5018 ταῦτα
605 4962 910 5042 φθέγγεται,
972 4961 1107 5019 ἀλλά
1164 4959 1249 5019 διὰ
1304 4963 1366 5019 τδ
1416 4964 1494 5038 μὴ
1560 4961 1789 5028 ἀντίθεος

1873 4782 2140 4863 quaedam
2175 4780 2376 4842 dicere
2400 4780 2780 4855 videtur,non
2812 4780 3260 4842 existimandum
3287 4781 3411 4842 haec
3444 4779 3522 4841 il-

1874 4872 1995 4935 lum
2027 4870 2230 4931 dicere
2254 4872 2408 4950 quod
2447 4881 2651 4931 natura
2714 4870 2907 4931 minor
2946 4871 3021 4931 sit
3074 4872 3269 4934 Patre.
3314 4869 3417 4929 sed
3453 4888 3529 4933 ne

1874 4960 2163 5023 habeatur
2193 4959 2566 5020 adversarius
2621 4963 2765 5027 Deo.
2802 4967 2862 5021 et
2906 4971 3147 5040 propter
3193 4958 3524 5019 auditorum

1872 5048 2369 5127 imbecillitatem,
2404 5059 2462 5109 et
2496 5058 2811 5130 pr0pterea
2839 5049 2995 5129 quod
3044 5067 3223 5111 carne
3272 5046 3529 5109 amictus

1874 5141 1971 5215 sit,
2008 5148 2183 5219 utque
2218 5156 2324 5199 nos
2377 5138 2586 5200 doceat
2618 5138 2917 5199 modestos
2938 5156 3090 5213 esse,
3124 5145 3183 5199 et
3215 5136 3361 5198 nihil
3398 5155 3526 5198 ma-

1872 5247 2049 5309 gnum
2087 5226 2161 5288 de
2191 5226 2363 5287 nobis
2394 5226 2538 5307 ipsis
2566 5226 2789 5290 dicere.
2823 5225 3071 5299 Quando
3102 5235 3298 5287 autem
3331 5224 3525 5287 subli-

1877 5318 1993 5379 mia
2024 5325 2082 5378 et
2110 5315 2183 5375 de
2213 5334 2319 5376 sua
2351 5316 2547 5377 divina
2576 5316 2762 5394 gloria
2791 5316 3080 5397 loquitur,
3113 5322 3347 5395 Oportet
3389 5332 3526 5375 cre-

1876 5406 2020 5468 dere
2054 5423 2162 5465 nos
2186 5404 2341 5484 quod
2371 5405 2615 5484 grandia
2642 5405 2768 5466 haec
2800 5412 2861 5464 ut
2890 5403 3131 5485 mqualis
3153 5403 3307 5464 Patri
3328 5403 3527 5483 Ιυιιιιτι-

1877 5504 1992 5562 tur.
2032 5500 2274 5576 propter
2308 5494 2777 5573 magnitudinem
2810 5512 2931 5553 sua:
2964 5502 3203 5555 naturae.
3474 5508 3481 5509 ί

140 5053 474 5129 νομισθῆναι,
520 5053 608 5107 καὶ
678 5050 765 5107 διὰ
823 5052 922 5120 τὴν
971 5051 1242 5110 ἀσθένειαν
1302 5052 1407 5108 τῶν
1464 5052 1789 5133 ἀκουόντων,

140 5140 228 5193 καὶ
281 5136 367 5193 διὰ
409 5142 467 5196 τὸ
523 5146 691 5207 σαρκα
742 5139 1177 5220 περιϐεϐλῆσθαι,
1234 5142 1326 5198 καὶ
1384 5138 1467 5197 διὰ
1535 5142 1597 5197 τὸ
1640 5139 1790 5200 διδά-

141 5248 282 5282 τκειν
338 5228 483 5310 ῆμᾷς
541 5229 861 5310 μετριάζειν,
924 5232 1010 5286 καὶ
1072 5228 1238 5305 μηδὲν
1282 5230 1421 5308 μέγα
1447 5228 1624 5309 λέγειν
1675 5232 1791 5310 περὶ

140 5316 363 5377 ἑαυτῶν.
428 5307 603 5374 ιὈταν
662 5317 716 5375 δέ
774 5307 856 5396 γεν
890 5318 1075 5395 ὑψηλά
1126 5320 1215 5375 καὶ
1270 5307 1387 5398 περῖ
1438 5307 1535 5389 τῆς
1599 5307 1792 5384 οἰκείας

138 5402 291 5471 δόξης
349 5405 667 5486 φθέγγηται,
728 5408 839 5487 χρὴ
900 5408 1167 5464 πιστεύειν
1220 5409 1387 5479 ἡμᾶς,
1457 5407 1537 5464 ὅτι
1592 5411 1664 5472 ὡς
1717 5416 1793 5483 τῷ

134 5492 248 5550 ἕντι
306 5494 427 5560 ’ίσος
507 5498 585 5569 τῷ
647 5498 833 5574 Πατρὶ,
920 5488 1086 5556 ταῦτα
1144 5498 1208 5553 τά
1255 5496 1438 5573 ὑψηλά
1486 5497 1789 5577 φθέγγεται,

134 5583 221 5640 διὰ
246 5588 309 5642 τὸ
340 5586 564 5664 μέγεθος
594 5592 697 5655 τῆς
740 5590 933 5653 οἰκείας
968 5590 1200 5670 φύσεως.

219 5698 244 5727 ιι
280 5660 351 5733 03
392 5660 588 5745 Μωσῆς
618 5675 843 5735 δέδωκεν
868 5660 998 5754 ὑμῖν
1023 5680 1117 5736 τὸν
1147 5678 1309 5756 νόμον
1338 5698 1359 5757 ;
1413 5684 1509 5740 Καὶ
1539 5678 1711 5743 οὐδεὶς
1742 5678 1795 5743 ἒξ

1962 5666 2139 5725 νειιε.
2185 5661 2384 5733 l9,‘20.
2422 5665 2666 5725 «Nonne
2699 5664 2891 5726 Moses
2921 5662 3085 5724 dedit
3114 5661 3281 5723 vobis
3302 5660 3532 5739 legem?
