4070 6224
293 300 454 366 1345
986 305 1430 373 ENARRATIO
1477 312 1557 374 IN
1608 304 2113 374 EVANGELIUM
2164 309 2504 373 JOANNIS.
2543 343 2622 357 —
2665 314 2829 375 CAP.
2861 309 2992 378 Vll.
3522 309 3673 376 1346

283 444 554 524 ἀκρίϐειαν
611 448 764 505 τοῦτο
834 445 1079 527 λέγοντα,
1159 458 1313 509 Ουτοι
1388 450 1441 507 δὲ
1509 449 1736 529 δολερῶς
1785 450 1927 506 τοῦτὸ

2020 437 2158 529 quia
2184 458 2310 529 non
2328 457 2395 500 ex
2421 440 2661 503 Galilaea
2686 441 2955 505 Christus
2975 444 3160 507 venit.
3195 444 3487 509 Videntur
3515 446 3671 507 enim

290 556 475 619 φασιν,
537 535 617 593 ὅτι
689 540 781 596 οὒκ
837 526 1016 605 ἐκντῆς
1049 537 1383 603 Γαλιλαίαςὸ
1434 526 1655 619 Χριστός
1698 539 1927 619 ἔρχεται⁴

2028 526 2455 619 scirequidem
2486 530 2641 611 quod
2674 548 2743 592 ex
2773 529 3078 595 Bethleem
3105 532 3398 616 sitJesus,
3424 535 3601 598 etiam
3623 533 3675 594 si

289 617 528 679 Ἐοίκασι
575 625 675 704 γὰρ
732 625 1010 703 γινώσκειν
1077 626 1198 703 μὲν,
1231 626 1316 683 ὅτι
1376 628 1436 685 ἐκ
1481 617 1732 703 ancisa;
1759 617 1927 682 “tam

2026 617 2084 704 in
2107 617 2345 679 Galilaea
2368 619 2661 680 enutritus
2682 621 2877 694 fuerit,
2909 640 3028 701 prae
3049 623 3276 684 invidia
3294 632 3490 687 tamen
3512 622 3672 685 nole-

288 709 319 765 δ
394 710 622 785 Ἰησοὺς,
650 703 655 704 ί
681 715 724 770 εί
781 714 867 770 καὶ
916 714 970 770 ἐν
1045 720 1111 788 τᾷ
1141 714 1395 790 Γαλιλαίᾳ
1438 717 1704 797 ἀνετράφη
1748 716 1808 773 ἐκ
1847 716 1927 792 βα-

2026 703 2164 797 bant
2224 708 2392 797 fateri
2440 707 2801 797 nativitatem
2853 728 2919 771 ex
2981 711 3311 794 Bethleem,
3364 713 3468 775 sed
3511 711 3672 781 Gali-

289 800 509 864 σκανίας
578 799 634 858 δὲ
690 804 769 877 μὴ
799 800 966 861 θέλειν
995 801 1287 883 ὁμολογεῖν
1315 808 1414 873 τὴν
1444 806 1502 863 ἐκ
1541 793 1780 881 Βηθλεὲμ
1809 804 1927 883 γέν-

2026 793 2196 855 laeum
2235 795 2643 857 nominabant.
2707 798 2844 859 Esto
2894 806 3091 861 autem
3138 793 3304 881 quod
3347 798 3676 879 ignorarint

289 910 468 962 νησιν,
526 888 662 946 ἀλλά
722 889 1010 948 Γαλιλαῖον
1068 893 1224 951 αὐτὸν
1253 895 1688 972 προσονομάζειν.
1741 893 1940 951 ’Ἔστω

288 974 371 1051 δὲ,
403 976 484 1034 ὅτι
543 980 769 1058 ἠγνόουν
854 983 1010 1040 αὐτὸν
1065 981 1125 1038 ἐκ
1188 981 1424 1059 βηθλεὲμ
1467 985 1635 1041 εἶναι’
1668 985 1752 1063 τὸ,
1793 1005 1815 1039 ε
1882 981 1941 1038 ἐκ

289 1066 593 1147 σπέρματος
655 1068 841 1142 Δαυίδ,
920 1090 949 1129 )
1001 1078 1116 1135 πῶς
1172 1070 1510 1151 ἀμφέϐαλλον
1546 1093 1563 1146 ;
1596 1063 1684 1129 ’¹Η
1741 1073 1840 1151 γὰρ
1884 1075 1942 1130 οὒ

289 1155 570 1235 προδήλως
642 1159 703 1217 ἐκ
761 1162 819 1216 ὲκ
866 1159 1030 1216 Δαυίδ
1059 1162 1093 1229 ἡ
1127 1162 1298 1239 Μαρία
1327 1163 1478 1219 εἷλκε
1507 1164 1568 1220 τὸ
1599 1163 1750 1241 γένος
1784 1183 1800 1238 ;
1848 1159 1943 1219 Ἐκ

290 1246 476 1303 τούτου
538 1247 625 1305 οὗν
681 1246 863 1323 δῆλον,
944 1249 1024 1305 ὅτι
1112 1251 1419 1330 κακούργως
1492 1250 1675 1330 ἔλεγον
1752 1257 1937 1308 ταῦτα.

294 1356 317 1388 α
372 1332 592 1415 Σχίσμα
657 1335 709 1394 δὲ
740 1338 952 1416 ἐγένετο
995 1338 1048 1395 ἐν
1090 1345 1167 1413 τῷ
1195 1339 1370 1420 ὄχλῳ,
1408 1362 1438 1401 ι
1470 1344 1564 1398 οὒκ
1615 1340 1667 1397 ἑν
1696 1354 1813 1405 τοῖς
1846 1339 1941 1413 ἅρ-

288 1446 502 1504 χουσιν.
565 1431 625 1485 Ol
672 1428 771 1506 γὰρ
797 1426 1077 1508 ἄρχοντες,
1113 1436 1239 1503 μιᾶς
1270 1430 1490 1506 γνώμης
1536 1431 1696 1504 ἦσαν,
1741 1437 1834 1487 τοῦ
1865 1431 1943 1505 μὴ

288 1510 536 1593 δέχεσθαι
565 1515 723 1572 αὒτὸν
751 1517 825 1581 ὡς
860 1519 1106 1595 Χριστόν,

377 1626 405 1658 α
481 1605 629 1667 Τινὲς
660 1602 715 1661 δὲ
746 1604 936 1673 ἤθελον
1005 1605 1056 1673 ἐξ
1120 1612 1291 1667 αὐτῶν
1342 1609 1525 1666 πιάσαι
1578 1610 1761 1684 αὐτὸν,
1822 1605 1941 1663 ἀλλ’

287 1688 451 1755 οὐδεὶς
508 1688 765 1749 ἐπέϐαλεν
832 1691 920 1751 ἔπ’
964 1696 1120 1755 αὐτὸν
1154 1697 1249 1761 τὰς
1280 1710 1498 1779 χεῖρας,
1535 1685 1725 1754 Ἠλθον
1776 1696 1865 1754 οὗν
1894 1696 1941 1752 οἱ

2023 902 2155 943 eum
2192 903 2259 945 ex
2286 883 2591 947 Bethleem
2624 903 2779 967 esse,
2831 892 2891 949 at
2920 907 2989 948 ex
3022 890 3253 951 semine
3301 888 3477 953 David
3520 906 3673 955 .esse

2022 973 2319 1052 quomodo
2374 973 2755 1037 dubitarunt?
2785 975 3002 1037 Annon
3053 977 3367 1040 manifeste
3392 997 3461 1039 ex
3490 978 3670 1042 David

2026 1061 2205 1123 Maria
2237 1062 2409 1124 traxit
2429 1070 2646 1143 genus?
2659 1063 2738 1125 Ex
2765 1067 2877 1128 hoc
2905 1065 3082 1146 igitur
3107 1066 3486 1130 manifestum
3514 1066 3672 1149 quod

2026 1149 2232 1212 dolose
2277 1152 2401 1213 haec
2449 1152 2745 1218 dicebant.
2802 1153 3105 1217 Dissensio
3157 1166 3353 1217 autem
3403 1157 3554 1219 facta
3584 1166 3672 1219 est

2026 1239 2086 1299 in
2120 1238 2310 1320 turba,
2344 1259 2462 1301 non
2486 1242 2543 1300 in
2577 1242 2968 1323 principibus.
2998 1242 3143 1305 Nam
3179 1243 3478 1325 principes
3495 1245 3672 1306 unius

2026 1329 2340 1391 sententia:
2368 1329 2634 1411 fuerunt,
2667 1348 2744 1393 ne
2793 1332 3201 1413 susciperetur
3248 1332 3379 1412 ipse
3408 1341 3471 1395 ut
3495 1330 3671 1395 Chri-

2026 1424 2174 1477 stus.

2106 1597 2499 1666 Venisti-46.
2514 1626 2535 1657 ιι
2549 1601 2798 1675 Quidam
2817 1613 3012 1667 autem
3029 1623 3101 1665 ex
3126 1605 3267 1684 ipsis
3291 1603 3674 1686 volebantap-

2027 1689 2400 1767 prehendere
2432 1692 2703 1766 eum,sed
2729 1711 2905 1754 nemo
2928 1693 3187 1774 conjecit
3204 1694 3262 1754 in
3276 1712 3409 1755 eum
3438 1712 3669 1756 manus.

286 1781 546 1860 ὑπηρέται
608 1784 740 1860 πρὸς
810 1785 931 1851 τοὺς
1000 1784 1281 1865 ἀρχιερεῖς
1349 1788 1439 1844 καὶ
1481 1786 1819 1866 Φαρισαίους’
1852 1788 1927 1841 καῖ

2028 1779 2333 1873 Venerunt
2356 1798 2494 1873 ergo
2511 1781 2775 1873 ministri
2806 1780 2875 1843 ad
2900 1781 3212 1873 pontiﬁces
3236 1791 3295 1873 et
3317 1782 3664 1873 Pharisaeosg

287 1868 445 1926 εἷπον
500 1870 681 1936 αὗτοῖς
741 1872 963 1930 ἐκεῖνον
1028 1876 1126 1930 Διὰ
1195 1878 1245 1931 τί
1298 1880 1393 1934 οὒκ
1449 1876 1677 1954 ἠγάγετε
1728 1875 1927 1946 αὖτόν;

2020 1867 2486 1930 etdixerunteis
2508 1868 2632 1932 illi:
2667 1868 2860 1943 Quare
2910 1889 3029 1933 non
3078 1869 3409 1933 adduxistis
3454 1869 3674 1933 illum?

286 1956 675 2037 Ἀπεκρίθησαν
734 1965 781 2018 οἱ
837 1963 1115 2041 ὑπηρέται·
1190 1961 1449 2023 Οὐδέποτε
1509 1964 1677 2029 οὕτως
1735 1962 1927 2032 ἐλάλη-

2023 1956 2481 2037 Responderunt
2523 1958 2801 2040 ministri,
2853 1960 3169 2041 Nunquam
3203 1961 3287 2025 sic
3315 1960 3552 2026 locutus
3581 1974 3673 2024 est

286 2067 377 2101 σεν
430 2046 726 2128 ἄνθρωπος,
780 2052 854 2114 ὡς
913 2052 1063 2115 οὗτος
1121 2054 1149 2109 δ
1205 2052 1502 2133 ἅνθρωπος,
1572 2075 1593 2109 ι
1629 2054 1688 2110 Oi
1722 2052 1821 2128 μὲν
1850 2053 1927 2110 οὗι

2022 2046 2222 2123 Ιιοηιο,
2252 2047 2408 2109 sicut
2457 2048 2551 2110 hic
2592 2049 2793 2129 homo,
2833 2074 2855 2107 ε
2888 2048 2999 2122 Qui
3038 2068 3155 2110 non
3213 2058 3387 2111 tantae
3434 2049 3671 2113 malitia:

286 2137 630 2215 μετριώτεροι
690 2140 752 2195 εκ
806 2140 989 2214 κακία,
1041 2140 1095 2197 ἐν
1165 2139 1346 2220 λόγοις
1377 2142 1562 2215 μόνοις
1600 2142 1927 2209 ἠναντιοῦντι

2021 2145 2213 2210 erant,
2240 2135 2385 2197 solis
2415 2135 2794 2199 sermonibus
2814 2138 3016 2217 gloriae
3031 2138 3251 2201 Christi
3272 2146 3441 2200 erant
3463 2138 3669 2200 adver-

284 2231 354 2301 τῇ
408 2223 531 2304 δόξῃ
594 2234 681 2284 τοῦ
760 2235 1006 2307 Χριστοΰ⁶
1077 2232 1125 2286 oi
1183 2228 1238 2286 δὲ
1307 2230 1792 2312 ἀναισχυντότεροι,
1851 2240 1927 2293 καῖ

2021 2224 2165 2284 sarii
2194 2242 2207 2286 :
2245 2234 2303 2285 at
2334 2224 2435 2305 qui
2466 2224 2964 2307 impudentiores,
2995 2227 3173 2288 etiam
3204 2245 3411 2288 manus
3438 2227 3498 2288 in
3526 2246 3663 2290 eum

288 2328 482 2394 χεῖρας
538 2313 726 2382 ἤθελον
783 2318 1023 2396 suam»
1098 2317 1221 2375 ἀλλ’
1277 2318 1423 2397 ὅμως
1480 2321 1719 2398 ἀοράτως
1763 2319 1927 2376 πεπέ-

2020 2312 2270 2394 injicene
2302 2315 2612 2379 volebant:
2649 2314 2979 2394 ligabantur
3015 2323 3216 2380 tamen
3265 2317 3677 2399 invisibiliter,

285 2403 466 2479 δηντο,
539 2410 637 2472 τῆς
720 2406 861 2469 θείας
903 2410 1089 2471 αὐτοὺς
1122 2410 1461 2487 κατεχούσης
1491 2408 1788 2486 δυνάμεως·
1848 2408 1927 2468 καῖ

2020 2404 2335 2466 cohibente
2360 2405 2491 2466 illos
2519 2405 2717 2467 divina
2745 2405 2959 2468 virtute
2992 2428 3005 2466 :
3040 2415 3101 2468 et
3128 2425 3324 2488 neque
3345 2407 3459 2469 hoc
3483 2409 3662 2469 mira-

286 2490 402 2550 οὑδὲ
460 2495 563 2550 ὑπὸ
594 2495 777 2555 τούτου
827 2502 921 2553 τοῦ
975 2497 1240 2572 θαύματος
1272 2500 1683 2562 κατενύσσοντο,
1719 2490 1927 2564 ”οντως

2020 2492 2152 2554 culo
2182 2492 2521 2573 compuncti
2552 2501 2741 2557 erant.
2767 2493 3035 2557 Profecto
3057 2493 3239 2556 David
3264 2492 3340 2561 de
3369 2496 3462 2558 his
3489 2495 3657 2560 dixit:

286 2584 314 2638 ὁ
360 2582 525 2639 Δαυΐδ
552 2584 668 2662 περῖ
696 2585 896 2642 τούτων
926 2598 1048 2642 εῖπε
1080 2586 1162 2642 τό*
1205 2606 1229 2640 ε
1282 2589 1699 2669 Διεσχίσθησαν,
1732 2591 1821 2645 καὶ
1870 2588 1927 2646 σῦ

2021 2605 2048 2635 α
2078 2581 2318 2645 Discissi
2370 2591 2530 2663 sunt,
2582 2592 2641 2645 et
2688 2601 2846 2645 nunc
2872 2584 3211 2664 compuncti
3232 2585 3316 2645 70.
3350 2609 3377 2641 ι
3412 2587 3663 2647 blinistri

284 2672 673 2755 κατενύγησαν,
753 2698 781 2729 ι
846 2675 904 2731 Oi
952 2674 1007 2731 δὲ
1061 2675 1317 2755 ὑπηρέται
1356 2680 1403 2734 οἱ
1443 2675 1747 2754 σταλέντες,
1792 2680 1927 2735 ὥστε

2020 2679 2212 2732 autem
2247 2671 2412 2733 missi
2446 2680 2509 2732 ut
2540 2672 2734 2752 ipsum
2763 2673 3148 2734 adducerent.
3186 2674 3493 2737 videamus
3515 2676 3657 2754 quid

285 2754 512 2841 ἀγαγεῖν
570 2763 751 2835 αὐτὸν,
810 2760 1012 2839 ἴδωμεν
1065 2766 1115 2821 τί
1176 2754 1543 2845 ἀποκρίνονται
1601 2782 1719 2832 τοῖς
1758 2775 1926 2848 Φαρι-

2020 2762 2434 2848 responderint
2458 2759 2795 2836 Pharisaeis,
2828 2762 3105 2842 quoniam
3135 2761 3301 2823 valde
3333 2763 3655 2843 sapientes.

287 2852 481 2932 σαίοις,
541 2853 614 2915 ὡς
670 2851 787 2909 λίαν
842 2853 1195 2930 εὐγνώμονες.
1244 2858 1304 2913 Ol
1334 2857 1432 2932 μὲν
1489 2858 1591 2936 γὰρ
1642 2846 1927 2934 Φαρισαῖοι

2020 2846 2159 2936 Nam
2187 2850 2462 2910 Pharisaei
2494 2850 2597 2929 qui
2629 2858 2689 2911 et
2719 2849 3116 2929 sapientiores
3147 2850 3500 2912 videbantur
3527 2870 3661 2914 esse

283 2942 371 2998 καὶ
429 2941 717 3020 σοφώτεροι
772 2938 1047 3005 δοκοῦντες
1116 2944 1283 3023 εἶναι,
1358 2946 1444 2999 καί
1487 2935 1693 3024 Γραφὰς
1737 2945 1927 3023 ἀναγι-

2020 2948 2074 2998 ει
2096 2935 2432 3017 Scripturas
2454 2938 2741 3016 legentes.
2762 2946 2822 3001 et
2848 2938 3133 3000 miracula
3154 2937 3653 3021 videntes,saavie-

284 3030 603 3110 νώσκοντες,
632 3031 721 3088 καὶ
776 3031 1015 3104 θαύματα
1058 3033 1305 3110 δρῶντες,
1373 3031 1600 3089 λυττῶσι
1648 3034 1786 3089 κατὰ
1836 3039 1927 3089 τοῦ

2020 3024 2155 3086 bant
2182 3035 2387 3088 contra
2415 3026 2710 3099 Jesum,et
2738 3026 3181 3105 interrogabant
3211 3026 3509 3089 latronum
3534 3047 3658 3090 mo-

288 3120 490 3195 Κυρίου,
542 3120 629 3173 καὶ
685 3117 915 3195 ἰρωτῶσι
967 3117 1291 3199 λῃστρικῶς·
1328 3141 1352 3177 ε
1408 3121 1506 3175 Διά
1534 3120 1584 3177 τί
1638 3122 1732 3177 οὒκ
1782 3119 1927 3199 ἠγά-

2020 3112 2338 3188 ΓθεοΟιιατο
2360 3132 2476 3175 non
2504 3113 2834 3175 adduxistis
2853 3114 3179 3179 illum?-At
3199 3116 3287 3179 illi
3319 3116 3494 3179 etiam
3512 3116 3652 3179 abs-

281 3226 401 3283 γετε
456 3206 651 3285 dimov;
694 3229 721 3261 ιι
770 3207 830 3264 Οἱ
858 3205 913 3263 δὲ
941 3207 1030 3263 καὶ
1061 3209 1226 3289 χωρὶς
1258 3213 1496 3285 σημείων
1537 3207 1643 3266 ἀπὸ
1674 3207 1926 3267 διδασκα-

2020 3222 2127 3286 que
2150 3204 2335 3283 signis
2367 3222 2399 3266 a
2430 3204 2556 3266 sola
2577 3203 2850 3266 doctrina
2871 3206 3136 3285 persuasi
3163 3205 3441 3268 fuerunt:
3471 3207 3552 3267 ita
3579 3207 3654 3269 ad

282 3294 394 3358 λίας
482 3294 654 3370 μόνης
710 3294 1048 3363 ἐπείσθησαν·
1108 3296 1273 3363 οὕτως
1328 3302 1464 3367 ἦσαν
1524 3298 1737 3378 εύφυεῖς
1796 3300 1927 3379 πρὸς

2020 3294 2229 3355 bonum
2264 3302 2438 3357 erant
2468 3294 2687 3357 idonei.
2713 3295 2879 3366 Quod
2907 3303 3106 3357 antem
3134 3314 3251 3357 non
3274 3316 3306 3356 a
3338 3293 3655 3375 signis,sed

280 3386 342 3442 τὸ
398 3384 615 3463 ἀγαθόν.
673 3383 816 3442 "Ott
871 3383 925 3442 δὲ
956 3386 1053 3443 οὒκ
1094 3387 1201 3444 ἀπὸ
1229 3389 1488 3468 σημείων,
1524 3387 1643 3445 ἀλλ’
1673 3387 1780 3445 ἀπὸ
1828 3394 1927 3457 τῆς

2020 3384 2388 3446 sermonibus
2438 3384 2571 3444 614
2617 3383 2773 3463 capti
2820 3383 3062 3455 fuerint,
3094 3384 3255 3466 quod
3306 3385 3496 3465 majus
3542 3393 3655 3466 est,

282 3470 615 3537 διδασκαλίας
675 3472 941 3556 ἑάλωσαν,
999 3475 1028 3532 ὅ
1082 3476 1268 3552 μεῖζόν
1312 3476 1447 3549 ἐστι,
1479 3474 1641 3544 δῆλον
1672 3476 1924 3541 ἐντεῦθεν,

2020 3473 2388 3535 manifestum
2422 3482 2512 3535 est
2560 3473 2721 3535 inde.
2755 3476 2888 3538 Non
2918 3474 3079 3536 enim
3109 3474 3389 3536 dixerunt
3420 3494 3435 3535 :
3486 3471 3652 3536 Nun-

282 3563 354 3621 Οὔ
387 3563 486 3641 γὰρ
555 3562 740 3642 εἶπον,
798 3562 879 3622 ὅτι
936 3563 1196 3623 Οὒδέποτέ
1243 3565 1408 3630 οὕτως
1440 3566 1925 3646 ἐθαυματούργησεν

282 3654 310 3708 ὁ
364 3651 658 3731 ἄνθρωπος,
714 3651 862 3724 ἀλλ’,
902 3676 931 3710 ε
965 3654 1146 3719 Οὕτως
1178 3653 1462 3723 ἐλάλησεν
1501 3679 1531 3712 ι
1565 3656 1732 3721 οὕτως
1788 3659 1925 3724 ἦσαν

278 3742 758 3819 συγκεκροτημένοι
813 3745 903 3800 καὶ
956 3742 1098 3809 ὀξεῖς
1143 3745 1218 3809 είς
1259 3746 1321 3802 τὸ
1354 3742 1735 3824 παραδέξασθαι
1766 3745 1924 3825 λόγον

277 3831 563 3910 σωτηρίας.
623 3831 738 3911 Χρή
786 3829 842 3888 δὶ
898 3833 959 3890 οὖ
1026 3834 1190 3908 μόνον
1219 3835 1319 3901 τὴν
1351 3835 1562 3891 σύνεσιν
1593 3836 1764 3892 αὐτῶν
1791 3838 1921 3895 θαυ-

278 3920 465 3997 μάσαι,
529 3919 664 3978 ἀλλὰ
734 3923 821 3979 καὶ
880 3922 980 3989 τὴν
1009 3921 1324 4002 παῤῥησίαν,
1367 3923 1439 3981 Οὐ
1485 3925 1585 4003 γὰρ
1619 3922 1922 3992 ὑπεπτηξαν

2009 3580 2183 3643 quam
2219 3565 2331 3626 tale
2353 3563 2701 3625 miraculum
2740 3564 2876 3626 fecit
2908 3565 3110 3641 homo;
3141 3566 3272 3641 sed,
3307 3589 3331 3620 α
3357 3566 3456 3629 Sic
3487 3566 3653 3627 locu-

2010 3658 2102 3713 tus
2136 3669 2149 3714 :
2185 3678 2210 3708 ι
2248 3651 2329 3713 ita
2357 3651 2672 3732 compositi
2697 3660 2753 3713 et
2773 3652 3004 3714 alacres
3035 3660 3204 3714 erant
3224 3652 3298 3713 ad
3329 3652 3653 3733 suscipien-

2009 3740 2149 3802 dum
2184 3741 2425 3803 verbum
2451 3742 2733 3805 salutare.
2768 3741 3017 3822 Oportet
3057 3750 3255 3803 autem
3314 3759 3432 3803 non
3463 3741 3653 3803 solum

2007 3829 2358 3911 sapientiam
2410 3830 2648 3892 illorum
2682 3830 2989 3905 admirari,
3022 3830 3127 3892 sed
3181 3837 3241 3892 et
3291 3829 3646 3893 libertatem.

2006 3917 2210 4000 Neque
2240 3919 2398 3982 enim
2430 3928 2785 3981 curaverunt
2811 3919 2959 3981 iram
2990 3918 3653 4000 Pharisaeorummeque

277 4012 366 4066 τὸν
436 4012 598 4087 θυμὸν
645 4017 752 4068 τῶν
810 4012 1136 4090 Φαρισαίων,
1185 4010 1302 4072 οὐδὲ
1358 4014 1432 4078 ὡς
1500 4014 1757 4086 ὑπηρέται
1776 4015 1913 4071 ὑπε-

2020 4012 2137 4090 [uia
2168 4017 2227 4069 ut
2258 4008 2411 4071 servi
2443 4009 2609 4070 missi
2635 4009 3027 4090 fuerant,quae
3046 4008 3260 4091 placita
3290 4016 3461 4071 erant
3482 4008 3649 4089 prin-

278 4098 569 4177 στάλησαν,
627 4101 716 4156 καὶ
784 4101 849 4161 τὰ
889 4100 1089 4177 ἀρεστᾷ
1110 4114 1224 4165 τοῖς
1254 4100 1506 4180 ἄρχουσιν
1534 4104 1704 4160 αὺτῶν
1734 4107 1915 4179 εἷπον,

2020 4098 2250 4179 :ipibus,
2302 4098 2603 4176 dixerunt,
2631 4097 2735 4160 sed
2793 4099 3158 4161 testabantur
3206 4096 3457 4160 veritati.
3522 4095 3645 4159 Hos

278 4184 412 4244 ἀλλὰ
510 4190 825 4267 μαρτυροῦσι
894 4188 962 4257 τῆ
1033 4187 1272 4262 ἀληθείᾳ,
1333 4189 1434 4256 Οῧς
1495 4189 1579 4248 δεῖ
1635 4196 1913 4268 μιμεῖσθαι

2020 4206 2207 4249 ιιηιιεε
2237 4186 2568 4269 principum
2601 4187 2907 4249 ministros
2956 4187 3176 4249 imitari
3219 4185 3552 4267 oportebat,
3596 4196 3653 4248 et

278 4277 475 4341 πάντας
527 4279 648 4342 τοὺς
690 4291 806 4343 τοῖς
859 4278 1082 4358 ἄρχουσι
1113 4279 1531 4361 παρεπομένους,
1576 4282 1665 4338 καὶ
1705 4282 1783 4357 μὴ
1807 4282 1913 4338 ὑπ-

2020 4295 2119 4339 ιοιι
2144 4276 2388 4338 obedire
2417 4276 2479 4338 in
2509 4275 2600 4338 his
2621 4295 2753 4358 qua
2782 4276 2904 4339 Deo
2943 4285 3082 4339 sunt
3108 4275 3377 4350 adversa,
3412 4275 3567 4337 sicut
3595 4285 3653 4337 et

277 4368 481 4424 ακούειν
538 4368 723 4432 αὐτοῖς
752 4367 834 4447 ἔφ’
891 4368 978 4433 οἷς
1018 4366 1078 4424 ἄν
1122 4365 1312 4432 ἀδίκως
1342 4368 1710 4447 προστάξαιεν·
1740 4370 1918 4451 ὥσπερ

2020 4364 2166 4429 Sauli
2189 4385 2306 4428 non
2327 4364 2801 4447 obtemperatum
2835 4375 2947 4443 est,
2980 4384 3115 4428 cum
3156 4364 3483 4427 astantibus
3530 4364 3649 4425 im-

276 4459 361 4514 καὶ
428 4457 514 4515 ἐπὶ
569 4465 664 4515 τοῦ
732 4456 905 4515 Σαοὺλ
951 4456 1157 4536 γέγονε,
1196 4459 1294 4517 Καὶ
1336 4460 1437 4538 γαρ
1462 4460 1650 4519 τούτου
1679 4460 1918 4539 προστά-

2020 4463 2275 4535 ierasset
2300 4462 2366 4516 ut
2392 4464 2596 4517 contra
2625 4455 2819 4535 legem
2842 4456 3182 4519 sacerdotes
3201 4453 3310 4518 Dei
3331 4452 3647 4521 interime-

275 4545 454 4613 ξαντος
512 4548 634 4612 τοὺς
689 4550 850 4627 ἱερεῖς
905 4553 1000 4604 τοῦ
1029 4554 1161 4607 Θεοῦ
1188 4545 1513 4627 παρανόμως
1558 4549 1918 4628 ἀναιρεθῆναι,
1944 4549 1986 4601 D
2004 4552 2215 4607 rentur
2244 4544 2324 4605 Ἡ.

275 4635 321 4693 οἱ
348 4642 681 4716 παρεστῶτες
711 4637 854 4711 αὐτῷ
882 4637 1104 4703 ποιῆσαι
1137 4636 1232 4693 οὔκ
1255 4635 1598 4705 ἐπείσθησαν,

358 4744 387 4785 ι
430 4722 814 4804 ’Δπεκρίθησαν
868 4724 957 4782 οὖν
1011 4729 1195 4789 αὐτοῖς
1248 4727 1296 4783 οἱ
1345 4732 1657 4805 Φαρισαῖον
1691 4728 1779 4796 Μὴ
1832 4729 1920 4784 καὶ

272 4817 424 4890 ὑμεῖς
479 4814 817 4882 πεπλάνησθε
850 4834 869 4896 ;
901 4815 991 4882 Μὴ
1020 4836 1099 4880 τις
1130 4814 1191 4871 ἐκ
1218 4815 1327 4871 τῶν
1355 4815 1632 4896 ἀρχόντων
1670 4818 1918 4873 ὶπίστευ-

274 4924 357 4959 σεν
416 4904 486 4967 εἰς
537 4902 717 4980 αὖτδν,
773 4901 808 4971 ἤ
850 4902 910 4960 ἐκ
964 4909 1070 4960 τῶν
1132 4905 1479 4983 Φαρισαίωνς
1516 4903 1665 4961 Ἀλλ’
1695 4907 1723 4961 δ
1749 4902 1919 4985 δ’χλος

275 4992 421 5053 οὗτος
476 4995 503 5049 ὁ
534 4994 612 5067 μὴ
655 4993 932 5070 γινὼσκων
986 4994 1078 5049 τὸν
1130 4992 1322 5068 νόμον,
1355 4993 1734 5062 ἐπικατάρατοί
1758 4996 1913 5051 εἰσιν.

275 5080 427 5157 Λέγει
502 5078 803 5156 Νικόδημος
852 5082 983 5160 πρὸς
1041 5082 1251 5154 αὐτοὺς,
1309 5083 1337 5138 ὁ
1367 5079 1532 5139 ὶλθὼν
1563 5085 1750 5145 νυκτὸς
1783 5084 1916 5161 πρὸς

274 5171 449 5243 αὑτὸν,
504 5172 583 5235 εἷς
640 5168 714 5225 ὤν
744 5168 795 5236 ἐξ
824 5171 1016 5226 αὐτῶν·
1057 5169 1145 5237 Μὴ
1176 5170 1203 5226 ό
1234 5170 1395 5244 νόμος
1437 5170 1594 5245 ὴμῶν
1631 5171 1794 5249 κρίνει
1824 5172 1916 5226 τὸν

273 5257 563 5338 ἄνθρωπον,
616 5258 706 5315 ἰὰν
765 5260 842 5336 μὴ
896 5260 1101 5337 ἀκούσῃ
1144 5256 1270 5338 παρ’
1314 5262 1473 5319 αὑτοῦ
1516 5263 1794 5340 πρότερον,
1825 5255 1918 5317 καὶ

272 5352 377 5425 γνῷ
430 5348 480 5405 τί
534 5362 684 5406 ποιεῖ
714 5368 730 5429 ;
797 5373 824 5404 ι
860 5348 1012 5413 Τίνος
1043 5347 1219 5406 ἕνεκεν
1247 5348 1364 5411 τοῖς
1397 5349 1685 5427 ὑπηρέταις
1708 5350 1802 5407 οὐκ
1829 5349 1915 5427 όρ·

273 5436 451 5517 γίλως,
511 5436 645 5494 ἀλλά
700 5439 881 5514 πράως
912 5438 1289 5517 προσφέρονται
1321 5437 1366 5493 οἱ
1397 5443 1706 5519 Φαρισαῖοι,
1739 5437 1910 5505 ἠπίως

348 5598 406 5647 7‘
442 5598 565 5660 Psal
620 5616 823 5677 XXXIV,
868 5599 956 5657 lli.
1051 5598 1099 5647 7‘
1134 5600 1152 5661 Ι
1183 5595 1329 5676 Reg.
1366 5598 1635 5667 XXII,16.

2084 4712 2271 4779 Vens.
2294 4714 2513 4777 47-51.
2549 4713 3045 4796 «Responderunt
3072 4733 3212 4796 ergo
3235 4713 3322 4777 eis
3346 4713 3648 4781 Pharisaei:

2003 4806 2159 4869 Num
2190 4816 2252 4865 et
2276 4822 2377 4866 vos
2407 4803 2635 4867 seducti
2660 4803 2835 4867 estis?
2856 4806 3007 4865 Num
3030 4804 3166 4885 quis
3186 4822 3255 4867 ex
3277 4803 3647 4886 principibus

2002 4894 2254 4956 credidit
2277 4894 2336 4955 in
2365 4912 2524 4967 eum,
2559 4905 2658 4958 aut
2684 4911 2755 4955 ex
2782 4892 3128 4955 Pliarisseis?
3153 4894 3269 4958 Sed
3312 4892 3486 4955 turba
3526 4892 3654 4955 haec

2002 5003 2133 5064 quas
2154 5003 2271 5045 non
2304 4984 2465 5045 novit
2493 4981 3121 5064 legem,exsecrabiles
3145 4981 3653 5046 suut.DicitNico-

2000 5076 2212 5135 demus
2243 5073 2315 5134 ad
2344 5091 2469 5144 eos,
2516 5072 2562 5133 is
2591 5073 2693 5152 qui
2739 5081 2914 5134 nocte
2953 5082 3194 5134 venerat
3242 5072 3315 5132 ad
3357 5089 3520 5148 eum,
3551 5069 3655 5151 qui

2000 5181 2153 5225 unus
2177 5171 2303 5223 erat
2328 5162 2403 5224 de
2428 5179 2678 5223 numero
2702 5178 2948 5225 eorum:
2978 5161 3133 5224 Num
3159 5161 3250 5223 lex
3276 5171 3478 5223 nostra
3496 5158 3657 5239 judi-
3752 5222 3756 5226 .

2003 5261 2095 5313 cat
2124 5250 2585 5327 hominem,nisi
2618 5251 2783 5331 prius
2810 5249 3069 5313 audierit
3092 5249 3166 5311 ab
3197 5250 3413 5331 ipso,et
3437 5266 3651 5327 cogno-

2005 5342 2150 5402 verit
2180 5339 2321 5421 quid
2357 5338 2597 5401 faciat?»
2634 5338 2819 5411 Quam
2853 5339 2929 5401 ob
2953 5357 3191 5400 causam
3215 5337 3502 5400 ministris
3530 5354 3652 5397 non

2004 5428 2427 5509 iracunde,sed
2449 5442 2755 5490 mansuete
2770 5428 3093 5508 loquuntur
3108 5424 3649 5508 Pbarismi,placide
