4262 6432
267 565 483 795 ξ
590 692 820 806 FB.
907 692 1021 805 J.
1119 692 1248 803 F.
1350 692 1774 804 BERN.
1870 691 2377 803 MARl/E
2467 692 2651 802 DE
2742 694 3253 809 RUBEIS

244 905 474 1179 Ξ
1319 987 1705 1052 ORDINIB
1746 991 2514 1055 PREDIGATORUM

784 1199 894 1261 DE
928 1198 1559 1263 THEOPHYLACTI
1608 1198 2041 1261 BULGARIJE
2089 1200 2714 1266 ARCHIEPISCOPI
2755 1204 3053 1275 GESTIS.

1511 1460 1793 1507 SCRIPTIS
1840 1464 1917 1507 AC
1964 1465 2317 1519 DOCTRINA,

1083 1681 1597 1748 DEQUEVENETA
1630 1686 1898 1740 OPERUM
1934 1688 2088 1740 EJUS
2120 1691 2378 1745 OMNIUM
2416 1693 2746 1755 EDITIONE,

1411 1904 2393 1999 .DISSEllTATIO

1898 2274 1950 2333 Ι.

275 2423 642 2505 Scriptores
673 2424 786 2502 qui
832 2421 1371 2505 Theophylactum
1400 2427 1835 2505 swculonono
1863 2424 2165 2504 ﬂoruisse
2194 2432 2513 2486 asserunt.
2541 2424 3048 2505 Anachronismi
3076 2441 3272 2505 causa
3291 2470 3305 2495 ,
3334 2431 3590 2501 sumpta

353 2501 441 2585 ea:
469 2501 789 2585 episcopo,
824 2501 1286 2585 quemimimine
1319 2502 1784 2585 Theophylactt'
1831 2501 2123 2585 necatum
2153 2514 2417 2584 putant,
2445 2503 2658 2566 eodem
2688 2506 2921 2563 saeculo
2967 2522 3004 2561 a
3036 2504 3050 2564 .’
3082 2501 3401 2581 Bulgaros
3434 2521 3585 2563 eru-

352 2582 621 2645 diendos
652 2582 875 2645 misso.
905 2582 1029 2661 Sed
1062 2602 1129 2643 e0
1164 2585 1376 2663 ipsum
1409 2582 1667 2646 nomine
1700 2582 2095 2664 appellatum
2123 2582 2325 2666 [icisse
2363 2602 2496 2645 non
2547 2593 2823 2645 constat.
2881 2611 2886 2615 -

354 2730 429 2809 [Ι]
472 2730 527 2791 1.
551 2730 859 2792 Ρτωνὶιιω
896 2729 974 2791 ad
1005 2744 1200 2809 Opera
1238 2728 1708 2809 TheOphylacti
1741 2728 2064 2811 Bulgaria;
2093 2729 2599 2811 archiepiscopi,
2630 2747 2779 2810 quas
2803 2746 2945 2790 Sive
2971 2726 3285 2791 hactenus
3314 2744 3588 2803 excusa,

274 2829 413 2891 sive
445 2828 735 2891 nondum
770 2828 967 2902 edita,
996 2827 1171 2910 typis
1191 2827 1461 2897 Venetis
1487 2830 1703 2892 Graece
1737 2829 2043 2907 et;Latine
2071 2827 2141 2889 in
2171 2828 2381 2891 lucem
2420 2827 2750 2907 prodeunt
2782 2827 3589 2901 omnia,Dissertationem

286 2943 400 3006 pro
464 2944 738 3006 munere
800 2926 1136 3004 imposito,
1166 2942 1420 3007 proque
1456 2943 1600 2989 mea
1632 2926 1804 2989 virili
1838 2926 2329 3000 elucubraturo,
2364 2925 2755 3006 diligentius
2787 2924 2868 2988 de
2928 2932 3223 3006 tempore
3257 2926 3589 3004 agendum

277 3009 677 3106 pwibco
734 3023 895 3086 mihi
926 3031 1047 3096 est,
1084 3041 1216 3105 quo
1263 3026 1457 3086 vitam
1498 3024 1730 3103 agebat
1759 3023 1898 3097 ille,
1928 3022 2291 3106 ﬂoruitque
2354 3040 2535 3087 sacra
2583 3023 2967 3087 eruditione
3015 3039 3088 3085 ac
3124 3022 3584 3102 dignitatibus.

336 3122 494 3184 aria)
527 3122 855 3197 feruntur,
896 3124 1085 3203 longe
1129 3122 1389 3204 lateque
1424 3122 1873 3203 discrepantes
1899 3122 2072 3186 inter
2112 3139 2206 3198 se,
2245 3122 2855 3204 bibliographorum
2910 3118 3394 3199 scriptorumve
3438 3137 3591 3182 sen-

273 3221 519 3283 tentias.
559 3222 767 3283 Fuere
818 3221 991 3299 apud
1024 3220 1354 3283 Labbeum
1393 3220 1461 3283 in
1499 3221 1975 3285 Dissertatione
2029 3221 2367 3297 historica,
2411 3221 2556 3301 qui,
2590 3220 2889 3300 Eutrapii
2926 3222 3310 3282 auctoritate
3345 3227 3588 3283 temere

273 3318 603 3394 advocata,
640 3318 1202 3399 Theophylactum
1240 3319 1413 3381 circa
1437 3335 1683 3382 annum
1724 3319 1962 3383 Christi
1988 3318 2110 3381 760
2141 3318 2571 3382 collocarunt.
2606 3320 2787 3382 Hauc
2813 3317 3144 3380 indicasse
3170 3317 3587 3396 opinionem,

274 3414 485 3493 ipsam
520 3424 616 3476 est
649 3415 860 3477 solide
895 3414 1241 3478 refutasse.

358 3513 688 3576 Antonius
712 3515 1115 3577 Possevinus
1141 3515 1209 3576 in
1236 3516 1581 3596 Apparatu
1612 3534 1797 3578 sacro
1830 3523 2007 3580 tomo
2045 3515 2102 3577 ll
2140 3533 2155 3577 :
2190 3536 2217 3571 αι
2266 3514 2466 3589 Vixit,
2496 3514 2740 3595 inquit,
2776 3514 2944 3577 circa
2977 3531 3222 3577 annum
3256 3514 3592 3594 octingen-

275 3610 586 3674 tesimum
620 3619 680 3671 et
711 3612 1221 3692 sexagesimum,
1258 3638 1285 3668 ι)
1313 3630 1448 3692 quo
1482 3613 2282 3693 Constantinoliolitanum
2321 3612 2673 3692 imperium
2704 3614 2960 3675 tenebat
2992 3612 3270 3675 Michael
3303 3613 3592 3693 Porphy-

279 3708 646 3787 rogenitus,
670 3706 867 3787 hujus
892 3708 1181 3769 nominis
1212 3712 1476 3772 tertius.
1504 3710 1723 3787 Ipsum
1761 3720 2051 3773 recenset
2083 3711 2156 3773 ad
2179 3728 2423 3774 annum
2457 3711 3075 3790 octingentesimum
3109 3711 3589 3788 octogesimum

277 3804 573 3879 tertium,
602 3803 964 3882 imperante
994 3805 1236 3866 Basilio
1266 3805 1445 3869 dicto
1469 3805 1839 3882 Macedone,
1875 3810 2311 3888 Marquardus
2335 3808 2664 3871 Freherus
2688 3808 2755 3872 in
2795 3825 2913 3870 sua
2945 3807 3409 3887 Chronologia,
3442 3827 3591 3890 quae

280 3903 608 3980 praemissa
677 3909 915 3980 prostat
982 3904 1123 3965 Juri
1187 3905 1742 3967 Graeco-Romano
1780 3922 1859 3968 ex
1911 3907 2217 3985 pluribus
2272 3906 2696 3969 bibliothecis
2746 3898 2981 3976 'eruto,
3021 3903 3380 3983 Latineque
3430 3908 3583 3967 red-

276 4002 416 4062 dito
458 4016 487 4060 a
523 4000 776 4061 Joanne
820 3999 1221 4062 Lcunclavio
1259 4023 1274 4062 :
1314 4010 1385 4063 et
1422 4006 1543 4063 hoc
1600 4003 1793 4064 etiam
1856 4010 2146 4083 tempore
2186 4005 2494 4069 ﬂoruisse
2554 4003 3143 4083 TheOphylactum.
3178 4003 3408 4083 opinio
3462 4002 3591 4065 fuit

281 4097 565 4177 Philippi
631 4098 896 4159 Μονηωί
953 4100 1015 4159 in
1078 4099 1387 4162 Historia
1466 4111 1743 4180 papatus
1801 4118 1945 4182 pag.
1996 4104 2132 4166 187.
2183 4106 2494 4166 Numerat
2554 4102 2823 4164 demum
2885 4101 3109 4163 Sixtns
3153 4101 3464 4164 Senensis
3507 4103 3591 4163 ffi-

279 4199 395 4261 bro
428 4216 491 4260 ιγ
523 4198 934 4260 Bibliotheca:
958 4209 1213 4275 sanctae,
1249 4224 1276 4256 ‹‹
1314 4217 1564 4262 anniim
1604 4200 1869 4263 Domini
1901 4201 2478 4281 nongentesimum
2510 4203 2634 4264 sub
2673 4199 3014 4276 Michaele,
3047 4207 3119 4261 ut
3151 4200 3263 4271 ait,
3290 4209 3352 4260 et
3375 4200 3592 4262 Theo-

281 4295 435 4357 dora
473 4319 487 4357 :
530 4320 559 4352 ιι
604 4296 715 4357 ubi
752 4296 1135 4359 chronicum
1196 4297 1500 4378 sphalma
1557 4298 2047 4376 apertissimum
2108 4308 2229 4373 est,
2263 4315 2412 4361 cum
2471 4297 2752 4362 Michael
2802 4299 3037 4361 tertius
3075 4314 3248 4360 anno
3287 4297 3409 4359 832
3439 4315 3589 4359 cum

276 4392 617 4456 Theodera
657 4403 856 4457 matre
890 4413 1118 4475 regere
1152 4395 1513 4476 imperium
1536 4398 1835 4472 coeperit,
1876 4398 2249 4477 rexeritque
2282 4398 2357 4459 ad
2396 4413 2644 4459 annum
2678 4413 2893 4474 usque
2916 4397 3061 4458 867.

357 4493 421 4553 2.
454 4492 526 4553 In
564 4492 739 4553 hunc
770 4493 1206 4555 dueentorum
1241 4503 1301 4556 et
1339 4494 1632 4573 amplius
1671 4508 1988 4555 annorum
2026 4494 2399 4557 inciderunt
2432 4495 3009 4557 anachronismum
3045 4494 3398 4573 Scriptores
3447 4494 3589 4563 alii,

280 4590 739 4654 immanissimi
775 4591 1019 4653 erroris
1065 4609 1324 4656 causam
1361 4594 1563 4656 simul
1594 4594 1981 4655 indicantes.
2020 4593 2374 4655 Annalium
2422 4610 2657 4672 parens
2700 4592 3022 4654 Baronius
3064 4595 3140 4652 ad
3186 4609 3432 4654 annum
3470 4593 3593 4653 870

278 4712 459 4758 num.
498 4695 634 4765 LII,
666 4694 881 4766 refert,
917 4694 1260 4774 lgnatium,
1303 4698 1486 4759 urbis
1523 4696 1720 4774 regite
1764 4692 2419 4769 Constantinopoleos
2455 4690 2901 4770 patriarcham,
2929 4690 3180 4753 auxilio
3207 4690 3431 4752 Basilii
3476 4693 3595 4753 im-

280 4794 624 4872 peratoris,
659 4793 725 4853 in
783 4792 1101 4871 Bulgaria)
1138 4792 1396 4854 misisse
1452 4792 1884 4871 provinciam,
1927 4814 1956 4849 ‹‹
1992 4800 2302 4870 tanquam
2336 4791 2415 4852 ad
2468 4790 2776 4877 Ecclesiae
2843 4790 3596 4870 Constantinopolitanm

276 4890 608 4954 dioecesim
634 4890 1138 4968 pertinentem.»
1173 4898 1454 4953 creatum
1478 4910 1510 4952 a
1542 4907 1622 4952 se
1656 4890 2062 4969 episcopum,
2088 4906 2217 4952 una
2240 4906 2387 4952 cum
2420 4888 2569 4950 aliis
2599 4887 2879 4961 clericis,
2910 4906 3151 4967 «quem
3180 4890 3590 4969 nominatum

281 4987 492 5050 fuisse
526 4985 1085 5067 TheOphylactum
1120 4986 1458 5050 afﬁrmant.
1507 5013 1533 5045 ι)
1578 4992 1672 5049 En
1718 5004 1869 5050 vero
1922 4987 2131 5049 datam
2173 4994 2636 5066 acoeptamque
2681 4988 2939 5047 errandi
2983 4987 3393 5050 occasionem
3432 5013 3445 5049 :
3492 5001 3588 5051 te-

278 5101 457 5148 mere
486 5085 735 5147 scilicet
781 5092 1041 5163 sumpto
1075 5084 1567 5166 Theophylacto
1619 5085 1953 5164 episc0po,
1990 5087 2045 5147 si
2101 5083 2224 5147 fuit
2288 5084 2559 5163 quidem
2597 5100 2678 5146 eo
2718 5084 2825 5161 [ll]
2870 5088 3134 5146 nomine
3195 5087 3587 5163 appellatus,

275 5185 358 5247 ad
417 5199 646 5246 recens
704 5183 1401 5259 conversosBulgaros
1459 5184 1877 5258 transmisso,
1918 5200 2030 5262 pro
2081 5180 2582 5262 archiepiSCOpo
2636 5191 2863 5244 nostro
2895 5182 3409 5262 Theophylacto,
3453 5202 3591 5265 quo

276 5284 356 5344 de
381 5280 659 5359 agimus.

357 5388 551 5445 Error
611 5382 715 5446 hic
762 5365 859 5445 est
911 5382 1174 5445 Roberti
1238 5384 1668 5467 Chreygtoni,
1731 5383 1847 5465 qui
1883 5383 2054 5461 apud
2114 5381 2423 5445 Allatium
2476 5381 2543 5443 in
2583 5383 3072 5445 Exercitatione
3111 5402 3193 5446 xv
3249 5386 3315 5447 in
3371 5388 3589 5465 ipsum

275 5480 747 5543 heterodoxum
808 5480 1163 5555 hominem,
1232 5483 1393 5545 nihil
1459 5487 1769 5547 haesitans
1818 5482 1909 5545 ait
1953 5498 2095 5561 pag.
2154 5482 2270 5542 251
2340 5504 2431 5542 :«
2472 5481 2742 5545 Photius
2812 5483 3130 5563 (lgnsitius
3185 5485 3412 5546 habent
3447 5490 3589 5557 a/ii)

279 5577 911 5656 ...Theopbylairtum
973 5578 1780 5659 ConstantinOpolitamum
1816 5582 1883 5643 in
1926 5580 2107 5643 omni
2148 5580 2513 5644 litteratura
2553 5581 3120 5656 ﬂorentissimum,
3159 5594 3219 5645 et
3249 5602 3281 5646 a
3317 5592 3587 5663 perenni

280 5674 557 5737 lectione
603 5677 808 5735 sancti
855 5674 1329 5755 Chrysoslomi,
1380 5696 1574 5756 quem
1638 5680 1711 5740 in
1751 5696 2019 5742 succum
2054 5687 2117 5742 et
2149 5681 2541 5760 sanguinem
2578 5689 3010 5749 converterat.
3045 5681 3591 5749 facundissimum

282 5773 574 5836 virum...
604 5789 681 5833 eo
718 5771 982 5844 direxit,
1027 5794 1056 5827 ι)
1095 5774 1160 5833 in
1201 5774 1591 5856 Bulgariam.
1625 5775 1702 5840 In
1754 5780 2058 5841 eumdem
2092 5788 2279 5843 antea
2313 5783 2671 5860 impegerat
2705 5799 2990 5844 errorem
3030 5784 3255 5845 Petrus
3306 5786 3592 5848 Pilllt‘BUS

277 5872 344 5935 in
382 5869 670 5932 Historia
702 5872 1165 5934 controversiae
1196 5873 1277 5935 de
1307 5878 1736 5952 processione
1789 5879 2075 5955 Spiritus
2109 5880 2314 5940 sancti
2352 5902 2366 5940 :
2410 5903 2437 5934 ‹‹
2472 5880 2607 5940 Etsi
2643 5880 2721 5940 de
2756 5879 3223 5960 Theophylarti
3256 5893 3466 5958 aetate,
3494 5887 3593 5947 in-

475 5969 757 6034 PA'rnuL.
792 5972 916 6035 (in.
963 5975 1233 6037 CXXIII.
3239 5995 3261 6050 ι
