4262 6432
786 425 846 490 11
1605 424 1830 486 BERN.
1875 424 2143 499 MARLE
2187 420 2281 484 DE
2327 420 2469 480 ΒΗΓ

2352 420 2609 480 tUBEIS
2653 419 3162 482 DISSERTATIO
3971 415 4035 482 12

790 542 1048 622 quiens,
1091 558 1280 604 nemo
1320 542 1526 604 adhuc
1560 541 1731 620 quod
1765 539 1992 609 sciam,
2035 537 2190 597 certi
2230 535 2476 613 aliquid
2515 535 2889 612 prodiderit,
2921 553 3068 596 eum
3108 542 3313 597 tamen
3349 537 3471 596 sub
3517 535 3741 597 Photiu
3818 533 4053 595 vixisse

783 651 853 700 ut
888 639 1287 716 probabilius
1317 639 1593 710 credam,
1629 643 1848 698 auctor
1881 633 2040 696 mihi
2075 643 2170 696 est
2201 633 2362 693 liber
2384 630 2645 710 quidam
2677 632 2965 692 Fratrum
3000 631 3486 694 Prmdicatorum
3513 641 3732 694 contra
3760 633 4043 702 Grateos,

781 737 890 816 qui
933 736 1482 814 'l‘heOphylactum
1512 751 1547 795 a
1579 733 1806 794 Photio
1837 731 2161 810 quondam
2192 727 2542 807 patriarcha
2584 727 2877 806 Bulgaris
2912 729 3178 790 missum
3233 729 3451 792 habet.
3489 751 3519 786 ι
3553 729 4047 789 Pati-iarchatutu

785 838 986 911 prima
1030 833 1166 893 vice
1234 832 1311 893 ab
1341 846 1509 891 anno
1541 831 1661 891 857
1715 829 1792 890 ad
1845 846 2084 890 annum
2146 828 2265 888 867
2311 824 2522 885 tenuit
2578 825 2865 885 Photius.
2906 827 3139 886 lterum
3176 827 3398 887 sedem
3458 825 3633 886 illam
3675 823 4048 885 conscendit

782 932 1099 1010 lgttatius,
1135 946 1326 1007 quam
1361 945 1534 988 anno
1565 928 1683 988 877
1716 925 1980 1005 reliquit
2020 925 2143 984 vita
2187 921 2441 983 mortali
2475 921 2738 982 functus
2774 937 3097 1002 :_eamque
3133 923 3355 984 denuo
3395 920 3734 1001 occupavit
3777 920 4046 983 l’hotius

779 1033 853 1090 ad
883 1044 1121 1090 annum
1160 1043 1369 1105 usque
1401 1027 1538 1088 886.

861 1127 1291 1184 Mcmoratum
1342 1139 1374 1182 a
1408 1123 1651 1183 Pithoeo
1687 1119 1920 1180 librum
1958 1121 2250 1179 Fratrum
2285 1114 2774 1176 Prmdicatorum
2814 1121 3032 1176 contra
3062 1115 3314 1177 Graecos
3347 1115 3515 1193 typis
3552 1113 3887 1175 Ederianis
3926 1116 4040 1173 Pe-

777 1232 913 1282 trus
947 1219 1304 1282 Slcvartius
1336 1216 1613 1296 vulgavit
1645 1214 2026 1292 lngolstadii
2058 1229 2228 1274 anno
2257 1210 2434 1283 1616,
2476 1210 2642 1284 in-Is,
2667 1214 2790 1272 sub
2827 1211 2945 1272 hoc
2975 1211 3164 1273 titulo
3197 1228 3211 1272 :
3250 1213 3584 1272 Tractatus
3617 1220 3841 1270 contra
3863 1209 4044 1270 Grc-

776 1335 995 1376 corum
1027 1332 1278 1375 errores
1317 1311 1519 1372 editus
1555 1309 2113 1388 Constantinopoli
2146 1309 2213 1368 in
2250 1305 2485 1367 (edibus
2521 1307 2654 1369 FF.
2689 1307 3194 1369 Prwdicatorum
3242 1326 3407 1368 anno
3437 1307 3694 1368 Domini
3720 1305 4042 1368 MCCLII.

777 1417 867 1475 lta
923 1411 1173 1473 scilicet
1209 1407 1594 1485 inscriptum
1654 1407 1894 1486 reperit
1932 1407 2027 1465 vir
2087 1403 2491 1466 clarissimus
2530 1405 2590 1464 in
2649 1404 2871 1465 codice
2922 1405 3248 1478 Bavurico,
3312 1422 3444 1484 quo
3481 1403 3806 1465 utebatur.
3871 1403 4045 1474 Opus

778 1507 1044 1570 istudin
1091 1509 1383 1585 Magnam
1446 1505 1698 1565 Patrum
1765 1503 2229 1564 Bibliothecam
2308 1500 2670 1562 intulerunt
2751 1501 3150 1562 Parisienses
3209 1509 3385 1562 tomo
3449 1501 3558 1572 ιν,
3619 1499 4049 1560 Colonienses

776 1617 948 1667 tome
985 1604 1120 1675 XV,
1157 1619 1216 1664 et
1260 1600 1726 1679 Lugdunenses
1761 1608 1933 1661 tomo
1969 1599 2232 1660 XXVII.
2269 1600 2661 1674 Anonymus
2709 1607 2931 1658 auctor
2962 1605 3082 1671 est,
3127 1598 3206 1658 de
3245 1613 3376 1676 quo
3405 1600 3662 1676 egregie
3712 1596 4046 1655 di~seren-

770 1712 898 1764 tem
924 1700 1190 1765 consule
1213 1697 1520 1761 Iacobum
1542 1697 1899 1759 Echardum
1937 1705 2108 1756 tomo
2140 1697 2166 1756 l
2213 1694 2610 1770 Scriptorum
2659 1694 2909 1756 ordinis
2963 1695 3456 1757 Prmdicatorum
3487 1694 3563 1756 ad
3589 1710 3830 1756 annum
3865 1691 4044 1753 1252.

769 1799 1094 1880 Anonymi
1133 1797 1322 1859 verba
1351 1805 1505 1856 sunt
1543 1796 1608 1856 in
1642 1794 1927 1856 editione
1965 1792 2381 1869 Lugdunensi
2422 1809 2560 1870 pag.
2597 1789 2736 1863 603,
2763 1791 2886 1852 col.
2914 1793 2970 1854 2.
3012 1815 3036 1846 α
3072 1791 3537 1871 TheOphylacti
3572 1788 4044 1866 OPCth‘piaCOlli

771 1898 1223 1974 Bulgarorum,
1252 1893 1366 1971 qui
1396 1891 1640 1952 missus
1676 1901 1773 1952 est
1809 1905 1845 1951 a
1882 1887 2110 1948 PhOtio
2140 1896 2426 1965 tempore
2476 1887 2841 1948 schismatis
2879 1891 2938 1948 in
2982 1889 3376 1968 Bulgariam,
3416 1896 3487 1950 ut
3521 1888 3695 1963 ipsos
3729 1886 4040 1965 Bulgaros

771 2005 925 2054 tunc
957 1990 1264 2071 temporis
1305 1987 1608 2050 Ecclesia)
1648 1989 1951 2048 Romanas
1981 1986 2250 2046 devotos
2283 1993 2345 2046 et
2371 1983 2772 2057 obedientes,
2808 1984 2887 2045 ad
2912 1986 3281 2047 Graecorum
3321 1985 3486 2046 ritus
3519 1992 3580 2046 et
3607 1983 4045 2046 obedientiam

774 2097 1102 2152 revocaret
1143 2108 1158 2147 :
1200 2088 1374 2168 quod
1406 2093 1468 2148 et
1509 2085 1746 2147 factum
1797 2091 1916 2146 est.
1959 2086 2084 2146 Iste
2124 2082 2343 2160 itaque
2375 2080 2919 2159 Theophylactus,
2957 2099 3100 2155 cum
3139 2081 3355 2142 omnia
3408 2081 3547 2144 fere
3586 2081 3821 2158 scripta
3875 2079 4045 2139 beati

771 2188 1041 2249 Joannis
1085 2183 1529 2263 Chrysostomi
1574 2198 1697 2243 suo
1753 2181 2024 2261 ingenio
2082 2179 2543 2252 abbreviassot,
2600 2201 2628 2233 ιο
2678 2187 2796 2238 etc.
2849 2179 3099 2241 Primus
3147 2178 3494 2240 innotescit
3541 2178 3594 2238 is
3654 2185 3896 2250 auctor,
3930 2176 4044 2256 qui

773 2286 1044 2345 missum
1078 2284 1153 2344 ad
1188 2281 1496 2360 Bulgaros
1525 2281 1902 2358 episc0pum
1934 2276 2359 2356 appellaverit
2385 2273 2965 2354 TheOphylactum,
2997 2275 3345 2355 ipsumque
3371 2275 3840 2337 existimaverit
3864 2289 4049 2336 eum-

770 2384 916 2442 dem
951 2399 1095 2442 cum
1145 2378 1628 2455 ThCOIllUIGCIO
1659 2376 2174 2454 archiepisc0po.

849 2480 910 2538 3.
943 2477 1062 2538 Sed
1097 2476 1500 2553 episcopum,
1536 2491 1728 2552 quem
1763 2473 1840 2534 ad
1875 2474 2183 2551 Bu‘garos
2227 2476 2644 2532 transmisere
2678 2471 2908 2540 Graeci,
2952 2486 3078 2532 non
3111 2468 3197 2532 ait
3226 2470 3545 2532 Baronius
3573 2468 4041 2550 Theopbylacti

771 2577 1032 2638 nomine
1079 2583 1396 2635 vocatum.
1441 2571 1684 2631 lndicat
1716 2571 1953 2643 solum,
1993 2592 2021 2625 ι
2059 2570 2459 2630 nominatum
2490 2563 2696 2627 fuisse
2732 2565 3312 2646 Theopbylactum,
3338 2567 3418 2628 ab
3447 2568 3594 2628 aliis
3616 2565 3914 2628 aliirmari
3956 2585 3972 2626 :
4011 2586 4044 2622 ι

768 2690 887 2736 nec
920 2673 1093 2734 enim
1124 2671 1332 2732 solida
1374 2685 1444 2730 ac
1495 2676 1745 2729 vetusta
1779 2676 2013 2746 praesto
2045 2674 2222 2728 erant
2257 2666 2392 2725 viro
2426 2662 2803 2724 doctissimo
2837 2671 3231 2726 nonumenta
3259 2707 3274 2737 ,
3307 2681 3454 2744 qum
3501 2663 3665 2725 hanc
3696 2663 3838 2742 ejus
3897 2662 4045 2741 epi-

767 2765 945 2843 sc0pi
982 2763 1480 2841 appellationem
1535 2761 2004 2822 conﬁrmarent.
2077 2758 2413 2820 Latissime
2447 2761 2526 2819 de
2576 2759 2913 2837 Bulgarico
2966 2759 3094 2821 isto
3128 2760 3386 2840 negotio
3410 2761 3578 2840 apud
3627 2759 4042 2821 Anastasium

768 2861 1333 2924 Bibliothecarium
1387 2862 1602 2938 agitur
1659 2857 1726 2919 in
1766 2858 1904 2918 Vita
1944 2855 2210 2918 Adriani
2265 2856 2317 2916 Il
2347 2899 2363 2929 ,
2405 2855 2520 2933 qui
2583 2856 2931 2918 Romanam
2961 2857 3178 2919 sedem
3223 2864 3301 2920 ab
3334 2873 3504 2920 anno
3537 2856 3658 2920 868
3700 2855 3908 2918 tenuit
3962 2858 4043 2919 ad

768 2977 1010 3024 annum
1073 2975 1284 3037 usque
1347 2957 1488 3027 873.
1553 2972 1766 3033 neque
1833 2953 2298 3034 TneOphylacti
2366 2953 2630 3014 nomine
2691 2954 3039 3031 episcopus
3113 2964 3398 3028 voeatur,
3466 2952 4040 3031 ConstantinOpoli

771 3066 1008 3122 missus
1043 3057 1115 3118 ad
1155 3056 1486 3134 Bttlgaros.
1524 3054 1764 3114 Eodem
1800 3059 2232 3130 prmterm:sso
2267 3054 2553 3126 nomine,
2586 3072 2720 3115 rem
2755 3069 2966 3117 narrat
3023 3056 3485 3117 Constantinus
3515 3053 4045 3133 Porphyrogeni-

767 3170 896 3231 tus,
935 3153 1166 3216 Leonis
1201 3151 1518 3230 Sapientis
1557 3150 1754 3223 ﬁlius,
1783 3149 1847 3210 in
1885 3149 2024 3210 Vita
2070 3150 2283 3210 Basilii
2317 3153 2713 3226 Macedonis,
2749 3151 3157 3231 imperatoris
3196 3161 3256 3214 et
3285 3151 3387 3214 avi
3419 3169 3600 3215 num.
3639 3152 3831 3213 XCV.
3889 3173 3917 3207 ι
3953 3151 4044 3212 Ea

767 3272 924 3333 gens
977 3254 1427 3332 Bulgarorum,
1492 3248 1829 3327 inquiens,
1887 3246 2132 3308 crebris
2201 3247 2610 3324 imperatoris
2669 3249 2948 3330 (Basilii)
3031 3250 3481 3325 hortamentis,
3544 3248 4045 3327 splendidisque

767 3345 1257 3423 aCceptionibus
1341 3359 1411 3403 ac
1487 3346 1694 3416 cultu,
1758 3356 2011 3402 necnon
2077 3343 2435 3419 magniﬁcis
2498 3345 2958 3425 largitionibus
3014 3365 3086 3410 ac
3130 3348 3532 3410 ’muneribns
3605 3354 4047 3426 ἀρχιεπίσκοπον

765 3449 1190 3516 καταδέξασθαι,
1261 3439 1816 3515 archiepiscopum
1886 3437 2176 3516 recipere
2262 3442 2448 3501 suade

2363 3442 2574 3503 idetur
2629 3465 2642 3503 :
2699 3455 2794 3506 καὶ
2831 3452 3156 3517 ἐπισκόποις
3188 3452 3692 3522 καταπυκνωθῆναι
3721 3453 3821 3521 τὴν
3854 3449 4046 3522 χώραν

767 3550 1046 3618 ἀνέχεται,
1090 3549 1151 3600 et
1203 3536 1523 3616 episcopis
1556 3535 1814 3614 impleri
1852 3537 2254 3614 provinciam
2295 3555 2419 3600 non
2464 3540 2716 3603 abnuit.
2748 3562 2776 3599 ι
2814 3542 3100 3622 Utroque
3148 3541 3213 3603 in
3252 3541 3392 3604 loco
3424 3540 3889 3621 TheOphylacti
3923 3556 4048 3604 no-

765 3655 912 3701 men
948 3637 1199 3702 siletur.

2366 3748 2449 3810 ΙΙ.

771 3878 970 3941 Vitam
999 3897 1126 3939 non
1185 3878 1380 3956 egisse
1436 3877 1974 3957 Theophylactum
2024 3879 2572 3958 archiepiscopum
2624 3881 2850 3940 swculo
2898 3899 3088 3954 nono,
3127 3879 3514 3942 demonstrat
3551 3878 3872 3958 Baronius
3904 3883 4043 3958 epi-

844 3960 1151 4040 stolam/rt
1181 3954 1310 4038 ejus
1340 3954 1743 4040 auctoritate.
1769 3958 1866 4018 Ad
1884 3957 2176 4040 secutum
2200 3954 2593 4040 undecimum
2615 3963 2807 4040 refert
2844 3962 3044 4038 ipsum
3080 3959 3193 4020 sub
3219 3954 4042 4040 imperatoriam/llichdelc

845 4041 1041 4110 Dura,
1076 4036 1430 4114 Nicephoro
1485 4038 1830 4098 Botoniata
1861 4048 1918 4095 et
1951 4036 2178 4096 Alexio
2218 4039 2550 4100 Conmeno.
2594 4036 2820 4118 Aliquo
2855 4036 3155 4118 temporis
3200 4036 3536 4118 intervallo
3569 4036 3899 4118 dissident
3945 4040 4043 4098 oi-

842 4119 1208 4195 bliographi
1263 4122 1732 4198 scriptiorcsque
1764 4119 2149 4177 recentiores
2183 4137 2200 4182 ;
2234 4119 2624 4197 maximeque
2667 4115 3044 4198 liufresniits
3077 4128 3360 4198 tempora
3387 4115 3589 4176 solius
3617 4118 3830 4178 Atexii
3858 4116 4043 4179 Com-

845 4210 985 4257 nent
1032 4197 1404 4275 unpcrantis
1439 4197 1748 4273 designat.

843 4346 902 4404 Ιι.
959 4344 1179 4406 Fuerit
1216 4359 1373 4404 vero
1412 4341 1878 4422 Theoiihylacti
1921 4344 2184 4406 nomine
2224 4344 2570 4423 episcopus
2616 4344 2723 4405 ille
2757 4344 3117 4422 appellatus
3160 4363 3174 4402 :
3223 4351 3285 4406 at
3319 4342 3498 4406 omni
3567 4343 3786 4421 procul
3835 4341 4040 4404 dubio

766 4467 793 4498 α
837 4439 1360 4521 Theophylactus
1391 4439 1923 4520 archiepiscopus
1958 4441 2279 4520 Bulgariae
2308 4439 2524 4522 (verba
2577 4451 2730 4501 sunt
2771 4442 3030 4503 Baronii
3089 4442 3227 4504 loco
3259 4441 3454 4503 citato
3508 4443 3584 4501 ad
3618 4455 3863 4501 annum
3891 4438 4037 4512 8'10)

763 4541 947 4619 cujus
981 4547 1234 4600 exstant
1272 4538 1338 4598 in
1373 4553 1624 4598 sacrum
1659 4538 2080 4617 Evangelium
2145 4540 2647 4609 lucubrationes,
2686 4549 2744 4599 et
2774 4541 2895 4600 alia
2936 4539 3327 4619 scriptorum
3361 4547 3805 4610 monumenta,
3846 4536 4038 4616 longe

763 4647 908 4718 post
943 4637 1074 4699 haec
1117 4644 1403 4713 tempora
1435 4635 1689 4708 claruit,
1726 4636 1930 4696 tribus
1982 4636 2288 4715 (duobus)
2318 4637 2621 4696 nimirum
2659 4635 2739 4697 ab
2772 4637 2890 4697 hoc
2919 4636 3173 4698 smculis
3207 4636 3490 4697 evolutis
3530 4635 3654 4696 sub
3681 4635 4041 4697 Comneno-

765 4753 906 4798 rum
934 4745 994 4797 et
1030 4736 1346 4794 Ducarum
1373 4731 1633 4792 familiae
1663 4731 2189 4808 imperatoribus.
2222 4754 2251 4786 ι
2283 4733 2675 4793 Sententiam
2704 4735 3032 4795 conﬁrmat
3063 4735 3142 4796 ad
3173 4751 3416 4796 annum
3457 4736 3635 4808 1071,
3660 4749 3843 4795 num.
3884 4733 4027 4806 XV,

768 4860 794 4889 α
835 4831 1338 4895 Evidentissime
1373 4830 1574 4902 enim,
1611 4829 1945 4907 inquiens,
1986 4828 2059 4889 ad
2108 4829 2630 4892 convincendum
2667 4849 2949 4894 errorem
2977 4831 3311 4913 (superius
3359 4832 3809 4912 memoratum)
3845 4833 4035 4892 testi-

763 4932 975 4994 monia
999 4928 1352 4992 eliciuntur
1379 4943 1456 4987 ex
1493 4926 1783 5005 ejusdem
1811 4923 2270 5004 TheOphylaCli
2302 4927 2687 5005 scriptorum
2725 4930 3199 4992 monumentis:
3231 4928 3537 5009 Epistolis
3573 4977 3588 5004 ,
3623 4929 3913 5008 inquam,
3939 4928 4041 5006 ip-

763 5029 924 5099 sius,
962 5042 1106 5105 qure
1155 5040 1424 5085 numero
1460 5021 1935 5102 quinquaginta
1966 5038 2196 5084 novem
2221 5025 2436 5085 Crmce
2469 5025 2608 5103 [Ill]
2644 5029 2896 5105 scriptas
2918 5036 3169 5089 exstant
3199 5029 3264 5089 in
3289 5027 3592 5090 Vaticana
3621 5026 4033 5097 bibliotheca,

762 5122 1088 5186 industria
1121 5120 1673 5183 viridisertissimi
1706 5119 1924 5180 Jacobi
1960 5119 2285 5182 Sirmondi
2321 5121 2646 5184 societatis
2683 5125 2837 5186 Jesu
2881 5124 3289 5202 professoris,
3324 5125 3388 5186 in
3446 5127 3651 5186 lucem
3687 5141 3765 5184 ex
3796 5121 4036 5183 abditis

764 5221 1122 5287 vindicatm,
1165 5233 1354 5297 atque
1419 5217 1755 5278 Latinitate
1807 5217 2081 5293 donatae,
2142 5223 2252 5279 sed
2325 5220 2611 5290 nondum
2669 5239 2861 5284 ausae.
2903 5224 2991 5283 Ex
3059 5221 3181 5296 his,
3228 5224 3515 5304 inquam,
3553 5225 3686 5302 ejus
3723 5219 4038 5300 Epistolis

764 5317 1106 5395 multiplici
1145 5307 1526 5395 argumento
1555 5320 1966 5386 monstratur,
2000 5331 2127 5374 non
2149 5325 2292 5374 ante
2321 5312 2519 5377 anno‘s
2551 5317 2851 5381 ducentos
2885 5323 3082 5398 [anno
3113 5321 3366 5384 circiter
3400 5321 3562 5398 870],
3593 5321 3705 5382 sed
3748 5320 3861 5380 hoc
3893 5319 4035 5396 ipso

764 5428 1039 5493 tempore
1073 5412 1440 5491 (undecimo
1474 5398 1762 5489 sartula,
1805 5411 2016 5488 ipsum
2051 5413 2602 5492 TheOphylactum
2639 5418 2988 5491 claruisse;
3050 5420 3224 5497 quod
3259 5419 3505 5480 scilicet
3529 5419 3670 5497 ejus
3705 5415 4032 5492 Epistolas.

762 5516 861 5576 vel
916 5515 1076 5574 datae
1136 5511 1449 5573 habentur
1478 5514 1554 5572 ad
1601 5527 1712 5571 eos
1749 5510 1858 5588 qui
1900 5510 2017 5571 hoc
2050 5510 2192 5589 ipso
2228 5519 2515 5588 tempore
2566 5514 2812 5577 vixisse
2855 5524 3235 5587 noscuntur,
3278 5517 3371 5576 vel
3416 5516 3479 5576 in
3515 5517 3612 5576 eis
3657 5513 4032 5576 earumdem

763 5613 909 5673 vitae
941 5610 1181 5671 mentio
1218 5610 1511 5670 habetur.
1553 5632 1580 5664 »

843 5713 974 5771 Iloc
1013 5709 1154 5770 loco
1187 5707 1651 5787 Theophylacti
1688 5705 2013 5786 Epistolas
2046 5724 2080 5768 a
2113 5708 2391 5768 Baronio
2438 5709 2793 5768 recensitas
2830 5709 3062 5771 litteris
3099 5709 3396 5789 integris,
3434 5726 3561 5771 non
3600 5709 3914 5778 numeris,
3947 5706 4035 5769 le-

762 5809 858 5884 gis
890 5806 1363 5886 quinquaginta
1420 5821 1651 5866 novem
1693 5826 1706 5863 ε
1745 5807 1920 5866 unde
1957 5808 2220 5866 miratur
2253 5809 2442 5866 .loan.
2507 5807 2807 5867 Allicrtus
2861 5806 3198 5869 Fabricius
3257 5808 3324 5868 in
3384 5808 3773 5870 Bibliotheca
3813 5805 4034 5868 Graeca

763 5904 884 5969 vol.
925 5905 1028 5981 Vl,
1073 5920 1209 5983 pag.
1246 5903 1386 5977 285,
1421 5904 1497 5964 ab
1533 5904 1756 5966 eodem
1797 5905 2071 5965 Baronie
2103 5909 2176 5965 ad
2219 5923 2457 5968 annum
2498 5907 2670 5980 1073,
2719 5924 2893 5967 num.
2933 5907 3063 5981 XC,
3097 5905 3435 5986 epistolam
3472 5908 3793 5970 numerari
3844 5905 3916 5966 Gl
3969 5905 4028 5962 in
