4262 6432
256 397 319 461 l3
1071 387 1170 450 DE
1208 383 1788 448 THEOI‘IIYIACTI
1831 382 2102 444 GESTIS
2143 381 2238 442 ET
2280 377 2653 441 SCRIPTIS.
3464 369 3548 434 ομ
3596 355 3601 362 ί

254 510 562 590 marginis
613 524 745 570 ora.
803 508 925 568 Aut
962 505 1276 567 alterutro
1305 512 1477 566 certe
1517 501 1581 563 in
1629 502 1769 562 loco
1821 501 2128 562 mendum
2161 497 2350 560 cubat
2387 519 2401 556 :
2435 500 2545 558 aut
2597 513 2678 558 ex
2730 493 2894 573 ipsis
2943 490 3260 565 numeris,
3328 490 3551 551 unart't'

253 614 759 691 transposition
815 609 1079 680 vitiatis,
1123 605 1446 686 profectus
1481 619 1662 664 error
1695 610 1832 675 est;
1901 616 1936 660 η

1901 611 2177 660 numero
2237 594 2491 657 scilicet
2545 594 2620 654 61
2660 592 2873 673 posito
2931 607 3046 670 pro
3102 591 3202 664 16,
3248 598 3358 651 aut
3438 606 3547 648 I.\l

253 727 369 791 pro
402 689 536 770 Lix.
595 707 928 770 Prmdictas
985 702 1449 783 Tthpbylacti
1486 699 1805 776 Epistolas
1835 716 1914 759 ex
1971 695 2102 757 alio
2139 711 2254 756 ms.
2286 693 2508 754 codice
2543 691 2953 753 bibliotheca:
2985 689 3293 752 Mediccaz
3331 695 3551 766 postca

251 786 660 882 deprompsit
727 803 1018 863 Andreas
1065 799 1368 860 Schottus
1405 819 1419 857 :
1458 797 1537 857 ab
1573 812 1785 872 eoque
1826 799 2118 872 acceptas
2177 790 2429 868 primus
2489 791 2711 850 Graece
2760 788 2937 867 typis
3003 786 3210 847 edidit
3262 788 3549 882 Joannes

250 880 586 962 Meursius
630 895 931 976 Lugduni
967 898 1350 956 Batavorum
1391 907 1562 954 anno
1600 892 1779 962 1617,
1816 888 1983 959 in-h,
2029 904 2191 966 quas
2237 887 2462 948 Latine
2521 901 2867 946 conversas
2897 901 2931 945 a
2966 883 3312 944 Vincentio
3348 880 3547 942 Mari-

251 998 438 1058 nerio
485 994 834 1056 Valentino
870 1001 1124 1072 prmstat
1182 989 1597 1053 Coloniensis
1649 986 2044 1049 Bibliotheca
2092 987 2350 1046 Patrum
2409 992 2584 1044 tomo
2616 982 2734 1044 XV
2767 987 2836 1044 et
2876 980 3343 1057 Lugdunensis
3377 985 3553 1037 tomo

255 1095 490 1154 XVIII.
531 1095 964 1154 Numerantur
990 1105 1142 1150 vero
1167 1087 1463 1165 quinque
1488 1102 1687 1164 supra
1720 1084 2129 1163 septuaginta
2165 1106 2179 1144 :
2213 1083 2279 1144 in
2314 1081 2558 1162 quibus
2591 1087 2870 1142 attamen
2904 1079 3141 1158 aliquae
3172 1077 3556 1138 desideran-

248 1200 377 1257 tur.
412 1205 559 1268 qute
588 1188 901 1250 Vaticano
946 1203 1026 1247 e1
1060 1185 1284 1246 codice
1315 1183 1682 1245 aﬂ’eruntur
1712 1199 1745 1243 a
1795 1180 2102 1264 Baronio.

332 1290 452 1348 Pro
490 1303 607 1346 sua
678 1283 1008 1346 sententia
1063 1287 1522 1360 argumentum
1582 1281 1780 1342 variis
1814 1296 1892 1341 ex
1927 1277 2223 1354 epistolis
2264 1276 2618 1339 Annalium
2684 1291 2917 1353 parens
2993 1275 3262 1336 instruit
3308 1275 3383 1334 ad
3443 1289 3560 1332 an-

256 1402 410 1446 num
444 1385 620 1444 1071.
658 1383 808 1442 Η(ρο
846 1382 1022 1442 enim
1083 1379 1403 1440 habentur
1441 1376 1630 1439 verba
1684 1377 1753 1438 in
1785 1375 2060 1454 epistola
2096 1391 2244 1453 qua)
2278 1373 2528 1435 decima
2563 1373 2842 1450 septima
2875 1372 3190 1434 Vaticano
3220 1371 3288 1431 in
3332 1369 3558 1430 codice

252 1489 658 1553 numeratur,
687 1479 771 1539 ad
818 1476 1024 1556 ﬁlium
1061 1476 1606 1539 Sebastocratort's
1640 1478 1782 1536 data
1819 1498 1834 1536 :
1871 1494 1901 1528 α
1945 1473 2077 1534 Oro
2135 1471 2360 1550 igitur,
2396 1479 2457 1533 et
2497 1470 2600 1532 his
2635 1468 2870 1532 litteris
2922 1478 3227 1548 tanquam
3286 1483 3559 1545 corpore

249 1577 527 1655 supplex
577 1575 954 1654 procumbo,
991 1582 1059 1635 ut
1122 1573 1490 1635 miserearis
1539 1571 1940 1634 felicissimae
1972 1571 2302 1650 quondam
2340 1567 2672 1640 Ecclesia),
2705 1584 2900 1644 quam
2953 1566 3560 1630 Christianissimus

251 1675 363 1736 ille
397 1674 680 1745 Borises,
711 1671 1142 1749 Bulgarorum
1165 1687 1302 1742 rex,
1335 1686 1531 1732 unam
1562 1677 1624 1730 et
1656 1671 1860 1747 ipsam
1892 1687 1926 1731 e
1964 1677 2212 1746 septem
2242 1667 2576 1731 catholicis
2599 1667 2980 1729 aediﬁcavit:
3021 1674 3085 1728 tu
3119 1680 3383 1727 renova.
3429 1685 3457 1718 »
3482 1696 3562 1708 —

251 1792 282 1826 ε
319 1771 477 1832 Cum
515 1771 578 1829 in
613 1785 711 1842 ea,
747 1768 1064 1830 Baronius
1097 1767 1211 1840 ait,
1245 1767 1491 1829 mentio
1523 1767 1625 1828 tiat
1660 1765 1906 1827 Borisis
1959 1765 2386 1845 Bulgarorum
2443 1766 2647 1842 regis,
2686 1763 2802 1842 qui
2839 1765 3027 1833 vixit,
3063 1772 3132 1825 ut
3163 1766 3444 1825 Zonaras
3497 1768 3565 1821 et

247 1866 361 1929 alii
396 1867 780 1937 ostendunt,
823 1871 969 1940 post
1001 1873 1263 1925 centum
1318 1863 1378 1946 (a
1409 1863 1639 1926 Photio
1681 1871 1744 1926 et
1776 1860 2053 1941 Ignatio)
2086 1879 2316 1932 annos,
2361 1879 2594 1940 nempe
2647 1862 2772 1922 sub
2804 1861 3177 1940 Nicephoro
3230 1859 3443 1922 Phoca
3499 1869 3563 1920 et

247 1966 508 2024 Joanne
575 1964 853 2043 Zimisce
913 1961 1418 2037 imperatoribus
1470 1961 1595 2041 (vel
1656 1961 1736 2022 al)
1765 1977 1938 2022 anno
1970 1963 2082 2022 971
2119 1963 2195 2022 ad
2237 1978 2481 2023 annum
2527 1962 2670 2032 973,
2710 1969 2776 2021 ut
2815 1960 3212 2022 Dufresnius
3245 1959 3561 2041 adnotat).

252 2060 439 2135 plane
472 2069 762 2136 apparet,
801 2075 927 2120 non
965 2068 1119 2120 tunc
1151 2061 1364 2137 ipsum
1399 2059 1647 2120 vixisse
1679 2059 1800 2118 sub
1832 2058 2076 2120 Basilio
2107 2057 2538 2139 (Macedone),
2567 2059 2678 2121 sed
2717 2061 2910 2137 longe
2948 2065 3091 2138 post
3124 2057 3236 2119 illa
3270 2067 3564 2135 tempora

245 2153 801 2235 Theophylactum
837 2157 1267 2236 Bulgarorum
1311 2156 1653 2235 praefuisse
1691 2155 1996 2217 Ecclesia;
2034 2155 2628 2234 archiepisc0pum.
2674 2156 2795 2218 Sed
2830 2165 2893 2218 et
2925 2173 3071 2218 cum
3106 2156 3283 2218 ctibi
3324 2156 3567 2216 memi-

250 2254 347 2314 nit
379 2254 460 2313 de
519 2252 818 2315 ecclesiis
858 2253 937 2315 ab
989 2254 1221 2314 eodem
1257 2270 1408 2331 rege
1444 2263 1632 2313 antea
1691 2253 2051 2329 aedificetis,
2094 2264 2156 2317 et
2185 2265 2328 2333 post
2360 2256 2638 2317 multum
2672 2255 2955 2334 spatium
3003 2255 3318 2334 temporis
3366 2271 3564 2316 unam

249 2371 331 2414 ex
387 2353 546 2414 illlis
605 2355 887 2416 dirutam
924 2353 1232 2432 pr0ponit
1279 2353 1775 2427 restituendam,
1807 2356 1994 2432 plane
2052 2356 2476 2426 demonstrat,
2519 2356 2712 2430 longe
2749 2361 2966 2429 postea
3018 2351 3098 2412 ab
3155 2368 3233 2414 eo
3268 2361 3564 2430 tempore

251 2450 556 2511 eumdem
602 2450 1160 2529 'fheoiihylactum
1194 2449 1537 2511 claruisse.
1568 2472 1597 2506 α
1636 2451 1908 2530 Sapiens
1953 2468 2144 2512 nemo
2179 2451 2401 2524 fuerit,
2435 2450 2551 2530 qui
2595 2450 3156 2530 Theophylactum
3193 2465 3322 2510 non
3354 2466 3566 2511 remo-

255 2555 397 2608 veat
426 2549 506 2608 al)
527 2565 666 2609 tevo
702 2548 1038 2611 I’hotiano.
1459 2618 1466 2624 ,

331 2648 392 2708 5.
431 2649 642 2710 Vitam
679 2650 894 2726 ipsum
927 2649 1142 2728 egisse
1215 2650 1444 2713 statuit
1515 2652 1859 2728 Baronius,
1917 2650 2044 2712 sub
2106 2648 2420 2712 Michaele
2457 2649 2572 2711 VII
2609 2651 2810 2721 Duca,
2844 2655 2906 2709 et
2960 2647 3330 2726 Nicephoro
3373 2648 3566 2708 Boto-

257 2745 456 2817 niata,
493 2752 554 2806 et
589 2743 822 2807 Alexio
861 2747 1217 2810 Comneno.
1276 2749 1628 2826 Imperium
1666 2752 1916 2830 primus
1945 2751 2320 2828 auspicatus
2352 2757 2448 2811 est
2483 2764 2656 2811 anno
2699 2750 2877 2821 1071,
2913 2747 3075 2809 alter
3121 2750 3302 2820 1078,
3335 2747 3570 2807 tertius

258 2844 435 2916 1081,
471 2844 547 2903 ad
589 2860 833 2904 annum
860 2861 1073 2922 usque
1106 2847 1283 2908 1118.
1321 2848 1598 2910 Primam
1638 2848 1836 2912 refert
1858 2848 2333 2928 TheOpbylacti
2383 2847 2726 2927 epistolam
2773 2848 2851 2907 ad
2897 2846 3164 2908 Mariam
3199 2845 3574 2925 imperatri-

247 2957 420 3034 cem,
458 2938 797 3001 Michaelis
831 2942 1048 3014 Ducas,
1083 2959 1154 3003 ac
1180 2953 1403 3022 postea
1441 2947 1794 3008 Botoniatm
1833 2964 2131 3009 uxorem.
2164 2947 2520 3025 Epistolam
2549 2945 2730 3007 addit
2757 2944 3077 3006 decimam
3110 2943 3394 3017 tertiam,
3424 2963 3573 3025 quae

255 3039 398 3099 data
435 3037 677 3116 tegitur
710 3036 793 3097 ad
844 3040 1158 3101 Joannem
1207 3043 1471 3115 Ducam,
1506 3046 1833 3106 sororium
1878 3045 2295 3124 imperatoris
2335 3067 2354 3104 :
2387 3045 2452 3104 in
2488 3060 2700 3123 eaque
2757 3042 2893 3104 hmo
2957 3042 3280 3102 habentur
3351 3044 3568 3114 verba,

260 3155 291 3192 ι
318 3136 656 3207 Craterum,
699 3151 739 3197 ο
763 3135 1163 3200 fortunatum
1200 3142 1523 3203 Durarum
1555 3161 1788 3223 genus,
1820 3153 1986 3205 recta
2033 3143 2253 3205 omnia
2276 3151 2338 3205 et
2370 3143 2640 3204 honesta
2673 3141 2741 3201 in
2778 3148 2836 3202 te
2867 3139 3332 3217 complectens,
3357 3139 3425 3200 in
3456 3139 3574 3200 hac

261 3231 420 3292 mihi
477 3232 763 3294 bonitate
825 3235 1120 3313 persiSIe.
1190 3260 1219 3292 ν
1282 3239 1479 3300 Addit
1565 3241 1758 3302 etiam
1834 3243 2176 3319 epistolam
2245 3252 2534 3305 octavam
2577 3285 2593 3314 ,
2667 3240 2773 3301 ubi
2852 3240 2948 3299 sic
3010 3243 3092 3298 ait
3159 3237 3577 3315 'l‘he0phyla-

262 3337 406 3392 ctus
444 3352 513 3390 τι
551 3331 752 3393 Vides
785 3337 1118 3412 quomodo
1159 3346 1288 3398 tam
1324 3338 1512 3400 facile
1553 3341 2004 3402 colcndissimi
2045 3340 2356 3403 Comneni
2395 3339 2690 3418 sigillum
2729 3335 3123 3398 subversum
3156 3345 3253 3397 est
3290 3337 3370 3396 ab
3427 3335 3577 3413 ipso

263 3427 619 3488 Comneno.
660 3452 688 3484 ι

340 3525 566 3604 Itaque
591 3523 905 3590 afﬁrmare
935 3545 1204 3593 necesse
1238 3540 1358 3606 est,
1393 3541 1460 3594 ut
1494 3535 1815 3599 Baronius
1846 3539 1934 3600 ait
1968 3540 2211 3601 ibidem
2246 3554 2426 3600 num.
2462 3538 2699 3610 XVIII,
2736 3534 3296 3614 'I‘heOphylactum
3331 3533 3576 3613 ipsum,

264 3621 584 3700 Bulgaria
667 3623 1273 3706 archiepiscopum,
1354 3647 1496 3692 eam
1545 3631 1952 3699 iunctionem
2025 3628 2525 3697 administrasse
2611 3633 2734 3695 hoc
2821 3641 3156 3711 tempore,
3223 3647 3357 3711 quo
3437 3632 3579 3692 sive

263 3717 476 3787 Diu-te,
541 3720 680 3780 sive
742 3722 1054 3786 Comneni
1120 3728 1690 3810 ConstantinOpoli
1754 3735 2186 3814 imperabant.
2249 3731 2408 3795 Viro
2468 3731 2854 3794 doctissimo
2911 3746 3107 3792 nemo
3161 3746 3293 3792 non
3359 3729 3576 3808 porri-

262 3823 363 3892 gat
429 3833 688 3878 manus.

444 3914 737 4021 Hujusce
799 3926 1016 4021 φερε-η
1086 3924 1397 4000 temporis
1436 3925 1635 3988 veluti
1698 3929 2030 4008 periodos,
2067 3931 2310 4010 quibus
2354 3935 2418 3991 et
2460 3930 2621 3990 vixit
2659 3938 2721 3991 et
2751 3928 2974 3990 ﬂoruit
3018 3926 3579 4006 TheOphylactus.

260 4009 553 4119 sibi'visi
601 4021 756 4119 sunt
787 4015 1061 4119 definire
1095 4024 1494 4119 accuratius
1547 4043 1738 4103 posse
1805 4028 2246 4108 bibliographi
2286 4029 2724 4106 scriptoresve
2773 4026 3198 4106 posteriores.
3236 4025 3580 4104 Philippus

262 4107 560 4215 Isabheu‘s
594 4109 665 4171 in
701 4127 818 4173 sua
862 4115 941 4174 ad
1003 4116 1469 4183 Bellarminum
1539 4107 2374 4188 Dissertationeihistorica
2417 4151 2431 4187 :
2467 4149 2496 4182 ‹‹
2535 4125 2811 4187 Circiter
2847 4141 3092 4186 annum
3130 4125 3282 4184 1071
3323 4122 3584 4183 vivebat

262 4205 563 4316 (inquit),
602 4217 894 4316 tempore
930 4217 1170 4316 summi
1212 4218 1534 4294 pontificis
1573 4222 1928 4286 Alexandri
1967 4227 2019 4285 II
2052 4234 2114 4285 et
2146 4224 2420 4285 Romani
2458 4224 2773 4303 Diogenis
2828 4224 2931 4304 (ab
2964 4239 3138 4284 anno
3177 4224 3335 4284 1068
3375 4223 3584 4301 impe-

523 4307 954 4410 temporibuS,
992 4311 1238 4410 utgejus
1270 4331 1348 4376 ex
1397 4317 1714 4395 Epistolis
1767 4333 2045 4385 constat.
2086 4324 2392 4386 Pervenit
2425 4339 2693 4402 quoque
2730 4322 2805 4383 ad
2840 4321 3290 4402 pontiﬁcatum
3327 4325 3580 4400 Grego-

263 4399 339 4510 Lii
378 4399 488 4510 γη
541 4408 608 4510 et
666 4400 1018 4510 imperium
1083 4408 1434 4488 Nicephori
1492 4415 1924 4481 Botoniata..
1969 4422 2115 4494 Quo
2159 4430 2379 4483 autem
2425 4399 2661 4482 obici-it
2698 4399 2896 4494 anno,
2933 4436 3200 4496 prorsus
3241 4420 3497 4498 ignoro.
3553 4444 3581 4474 υ

261 4495 504 4604 Eadem
541 4501 1006 4610 trapscripsere
1076 4511 1271 4568 verba
1308 4512 1668 4590 Dupinius,
1703 4527 1778 4578 et
1802 4519 2163 4580 Casimirus
2195 4519 2534 4591 Oudinus,
2569 4525 2631 4578 et
2662 4519 2988 4596 Georgius
3023 4495 3324 4577 Matthias
3364 4518 3578 4580 Konio

259 4595 411 4701 gius
478 4595 1006 4701 in;Bibliotheca
1066 4614 1273 4666 vclcre
1330 4620 1390 4670 et
1449 4628 1638 4684 nova,
1699 4636 1726 4666 α
1793 4615 1942 4678 Τὴρι

1898 4617 2358 4696 ecphylactum
2413 4616 2718 4678 ﬂoruisse
2781 4595 3054 4687 alentes,
3118 4613 3244 4675 sub
3298 4614 3581 4692 impera-

259 4691 518 4800 toribus
551 4694 840 4800 Romano
867 4699 1189 4800 ‘Diogene,
1233 4705 1550 4768 Michaele
1587 4711 1763 4772 Duca
1795 4721 1858 4772 et
1889 4691 2257 4792 Nicephnro
2292 4714 2655 4774 Botoniata.
2701 4734 2730 4768 »
2765 4711 2925 4786 Quae
2978 4712 3207 4792 utique
3254 4691 3444 4774 verba
3477 4713 3579 4772 vi-

257 4797 386 4900 tam
421 4797 566 4868 ejus
601 4797 994 4900 concludere
1035 4800 1345 4863 videntur
1384 4804 1552 4867 intra
1587 4808 1886 4887 ejusdem
1923 4810 2286 4874 Botoniatm
2317 4811 2654 4889 regnantis
2695 4818 3010 4887 tempora.

293 4891 479 4999 him?
510 4891 728 4999 [ιρῑίυξ
773 4894 1157 4999 sub_._AIexio
1191 4902 1522 4966 Comneno
1550 4923 1734 4968 suam
1770 4909 1986 4988 egisse
2022 4909 2241 4981 vitam,
2274 4906 2517 4968 infulas
2579 4916 2870 4986 gestasse
2911 4907 3311 4985 Bulgaricas,
3349 4925 3421 4970 ac
3451 4908 3584 4987 [IV]

261 4984 503 5048 litteris
540 4987 846 5053 ﬂoruisse
884 4994 1471 5076 TheOphy‘lactum,
1507 5004 1772 5066 adnotat
1804 4984 2076 5068 Carolus
2111 5005 2514 5068 Dufresnius
2559 4984 2657 5067 Bu
2696 5007 2910 5084 Cange
2946 5005 3012 5065 in
3051 4984 3224 5066 notis
3254 5009 3333 5068 ad
3377 4984 3586 5070 Annae

260 5084 882 5150 Coznnenaelibrum
926 5110 1036 5151 VIII
1071 5095 1420 5157 Alemiados
1461 5121 1480 5158 :
1517 5123 1545 5153 «
1588 5101 2408 5181 FloruitTheophylactus,
2447 5104 2788 5182 inquiens,
2827 5103 3059 5163 Alexio
3094 5104 3430 5166 Comneno
3467 5107 3586 5166 im—

262 5195 560 5294 percute,
587 5200 716 5294 non
747 5203 906 5294 vero
952 5192 1076 5252 sub
1109 5189 1402 5256 Romano
1449 5198 1764 5275 DiOgene,
1799 5210 1910 5263 aut
1968 5203 2285 5264 Mirliaele
2325 5204 2522 5273 Duco,
2564 5212 2630 5264 ut
2683 5201 2822 5262 vult
2871 5202 3194 5262 Bar’ouius
3231 5225 3244 5262 :
3285 5206 3463 5282 quod
3502 5222 3580 5265 ex

263 5285 478 5361 ipsius
517 5285 884 5366 Epistolis_a
919 5291 1209 5352 Meursio
1253 5295 1449 5356 editis
1504 5301 1657 5357 satis
1703 5309 1978 5361 υυιιδιδὶ.
2012 5306 2304 5373 Quarum
2347 5301 2643 5379 quaedam
2681 5300 2758 5361 ad
2794 5300 3155 5361 Adrianum
3211 5303 3425 5363 Alexii
3461 5302 3587 5363 Ira-

261 5383 930 5489 t.ren1,_Nicephoruin
963 5390 1394 5454 Melissenum
1451 5398 1791 5469 C(DSBI'CIII,
1832 5400 2223 5477 Gregorium
2259 5400 2660 5468 Taronitam,
2698 5398 3138 5476 Nicephorum
3167 5400 3584 5471 Brienniuin,

259 5482 480 5541 Ne!“
520 5498 972 5554 consocerum.
1003 5498 1062 5547 et
1097 5489 1261 5549 alios
1297 5509 1377 5552 ex
1431 5495 1746 5556 Alexiana
1789 5506 1848 5557 et
1883 5500 2212 5559 Comuena
2260 5497 2506 5558 familia
2546 5497 2875 5576 principes
2938 5499 3197 5575 scriptas
3238 5512 3409 5561 sunt.
3452 5500 3587 5562 Una

263 5587 456 5637 etiam
492 5581 570 5638 ad
620 5579 956 5643 Nicolaum
994 5587 1420 5660 patriarcham
1466 5612 1479 5648 :
1524 5615 1548 5645 ›ο
1587 5593 1780 5670 hujus
1825 5597 2118 5657 nominis
2155 5598 2464 5667 Tertium,
2497 5598 2612 5676 qui
2651 5600 2875 5657 sedem
2915 5597 3590 5677 ConstantinOpolita-

265 5691 409 5734 nam
461 5679 868 5753 conscendit,
905 5684 1087 5743 Anna
1144 5685 1475 5749 Comnena
1538 5698 1702 5751 teste
1759 5691 1924 5753 libro

1902 5711 1924 5753 3
1963 5711 1992 5752 χ
2028 5694 2400 5764 Αἰσχίηάοε,
2458 5696 2844 5765 ἐπινεμήσεως
2909 5699 3148 5767 ἑϐδόμης
3204 5697 3360 5760 ἔτους
3389 5702 3585 5766 ,ςιππζκ

264 5768 620 5831 indictione
679 5780 969 5854 septinia,
997 5797 1164 5839 anno
1222 5801 1336 5844 sex
1364 5783 1697 5848 millesimo
1761 5788 1947 5868 quing

264 5871 555 5909 Ulilrrun-ic
602 5875 747 5909 υἱον.

1907 5794 2267 5868 ιθει-ητρείιηο
2325 5797 2733 5872 nonagesimo
2795 5797 3103 5869 secundo,
3138 5815 3280 5859 (erm
3337 5795 3590 5858 scilicet

261 5876 556 5946 vulgaris
602 5876 776 5934 £085.
