4262 6432
726 355 794 425 15
1539 351 1762 412 BERN.
1808 350 2072 410 MAR”:
2114 349 2206 410 DE
2248 349 2529 410 RUREIS
2569 351 3075 418 DISSERTATIO
3933 363 3993 425 16

2315 493 2426 553 lIl.

725 631 882 694 Cum
940 628 1215 688 Baronio
1253 627 1444 684 sentit
1506 624 1824 704 Antonius
1869 623 2132 702 Pagius,
2184 624 2724 704 Theophylactum
2765 629 2948 689 etiam
2981 630 3092 691 sub
3140 631 3454 694 Michaele
3489 635 3663 694 Duca
3711 646 3767 696 et
3801 638 3986 698 Nice-

801 711 1006 787 phoro
1039 706 1386 766 Botoniata
1416 704 1677 762 vixisse.
1715 703 1878 782 Ejus
1916 705 2383 794 argumentatio
2420 705 2825 843 exlpenditur,
2861 726 2995 787 quae
3025 713 3301 771 sumitur
3333 732 3413 773 ea:
3444 713 3606 774 libro
3638 717 3853 793 Regia}
3884 722 3990 779 [El-

805 787 1190 843 siitiitionis.
1235 785 1380 843 Ilaec
1433 781 1640 841 eadem
1671 791 1956 843 tempora
1985 780 2225 842 indicat
2277 783 2478 843 enisto
2510 805 2546 843 a
2578 785 2659 843 ad
2685 789 2995 843 Joannem
3019 789 3249 843 Italum
3277 793 3721 843 nhilasnnhum
3760 816 3776 843 ,-
3809 799 3990 843 ρωίη

805 780 1190 876 ὲιίιιμὶίρηὶδ.
1235 785 1408 876 Ilaec
1433 781 1640 876 eadem
1671 780 1956 876 tempora
1985 780 2225 876 indicat
2277 780 2546 876 epistola
2578 785 2659 844 ad
2685 780 2995 876 Joannem
3014 789 3249 876 Italum
3274 780 3776 876 ρζιίιοξορὴωηζ
3809 799 3990 876 om.“

802 870 982 928 varia
1014 869 1147 945 fatu
1181 873 1410 922 narrat
1443 861 1628 921 Anna
1663 861 2000 923 Comncna.
2039 862 2626 941 Chronograpltiam
2655 868 3026 944 confirmant
3061 867 3203 928 alia?
3235 861 3540 949 epistole

800 999 857 1055 7.
901 995 1070 1054 Hanc
1106 991 1493 1064 scriptorum
1527 986 1941 1061 discordiam,
1973 989 2220 1049 tametsi
2253 985 2485 1059 levem,
2530 989 2878 1053 conciliare
2909 999 3021 1054 aut
3057 995 3327 1056 omnino
3362 995 3588 1056 tollere
3621 999 3986 1074 Splendidis

722 1090 996 1152 vetustis
1038 1089 1478 1152 monumentis
1526 1103 1654 1148 non
1708 1086 1878 1155 licet,
1914 1100 2060 1162 qua)
2091 1084 2297 1145 lucem
2340 1083 2604 1147 aﬁ‘erant
2637 1087 2716 1148 ad
2756 1088 3050 1167 ejusdem
3094 1090 3554 1169 TheOphytacti
3591 1093 3986 1174 chronogra-

719 1187 933 1262 phiam
986 1183 1467 1246 accuratissime
1519 1180 1967 1260 digerendam.
2002 1180 2123 1240 Pro
2157 1178 2330 1240 virili
2385 1184 2709 1261 agendum
2745 1184 2907 1246 mihi
2939 1192 3060 1261 est,
3097 1195 3165 1248 ut
3209 1187 3351 1266 ejus
3386 1188 3576 1250 vitam
3629 1193 3880 1267 agentis
3916 1209 3990 1254 ac

714 1282 1001 1345 ﬂorentis
1062 1290 1370 1359 tempora,
1413 1278 1622 1357 quoad
1690 1276 1827 1339 ﬁeri
1885 1277 2269 1356 diligentius
2310 1279 2564 1356 poterit,
2616 1279 2985 1357 proximius
3017 1283 3354 1361 attingam,
3391 1282 3534 1346 luce
3568 1287 3981 1363 potissimum

714 1385 1105 1462 praelucente
1136 1377 1597 1458 Epistolarum,
1623 1378 1760 1439 sive
1795 1394 1954 1456 quas
1989 1376 2304 1438 Baronius
2337 1375 2564 1448 edidit,
2600 1376 2740 1438 sive
2777 1394 2939 1457 quas
2972 1379 3143 1457 typis
3179 1378 3458 1457 vulgavit
3497 1383 3845 1446 Meursius.
3891 1385 3977 1446 ll-

716 1481 827 1542 lud
881 1487 1094 1541 autem
1127 1477 1192 1538 in
1228 1477 1411 1538 lucro
1441 1475 1665 1550 fuerit,
1700 1475 1873 1555 quod
1907 1475 2164 1537 easdem
2229 1489 2346 1535 nos
2385 1473 2703 1553 Epistolas
2737 1474 3184 1555 decerpentes,
3220 1487 3354 1539 tum
3388 1479 3598 1558 ipsius
3629 1479 3976 1562 'l'lieOpliy-

718 1577 855 1638 lacti
893 1583 1068 1654 gesta
1110 1575 1291 1650 plura
1326 1572 1492 1634 scitu
1527 1572 1722 1651 digna
1753 1571 2224 1647 enarrablmus,
2258 1581 2393 1632 tum
2429 1571 2621 1632 etiam
2646 1572 3047 1635 adducemus
3092 1590 3220 1636 non
3267 1591 3494 1654 pauca,
3522 1593 3669 1655 qua)
3699 1595 3800 1639 res
3837 1579 3982 1659 ejus

710 1674 826 1736 mvi
859 1669 1606 1746 Constantinopolitanas
1643 1668 1991 1729 illustrant.

789 1797 814 1828 α
854 1773 966 1832 His
1000 1785 1153 1849 ergo
1189 1785 1265 1828 ex
1296 1765 1606 1842 Epistolis
1645 1765 1861 1847 (verba
1897 1772 2049 1827 sunt
2080 1763 2341 1827 Antonii
2374 1764 2547 1843 Pagii
2572 1769 2648 1826 ad
2681 1782 2924 1828 annum
2961 1767 3131 1841 1071,
3185 1785 3366 1829 num.
3401 1767 3578 1846 Xlll)
3613 1772 3985 1851 Ducangius

707 1885 1044 1950 perperam
1092 1865 1355 1927 deducit
1398 1863 1955 1942 TheOphylactum
2007 1879 2134 1924 non
2193 1862 2316 1924 sub
2345 1861 2659 1924 Michaele
2698 1866 2893 1938 Duca,
2923 1868 3035 1927 sed
3069 1865 3193 1927 sub
3224 1864 3457 1928 Alexio
3497 1869 3827 1930 Comneno
3861 1869 3982 1930 ﬁo-

705 1972 916 2033 ruisse
955 1990 971 2029 :
1006 1983 1150 2028 eum
1192 1982 1268 2026 ex
1330 1962 1494 2024 libro
1529 1963 1617 2022 De
1672 1960 2079 2022 institutione
2139 1960 2316 2037 regia
2356 1967 2603 2021 constet
2647 1960 3204 2042 'l‘heOphylactum
3263 1965 3455 2025 etiam
3505 1964 3630 2025 sub
3664 1965 3982 2029 Michaele

701 2070 876 2130 Dura
913 2064 1185 2126 vixisse.
1218 2063 1570 2134 nQutenam
1602 2058 2146 2138 argumentationi
2181 2075 2258 2120 ex
2291 2058 2702 2122 Institutione
2739 2063 2917 2140 regia
2946 2079 2980 2123 a
3013 2063 3205 2142 Pagio
3237 2063 3633 2142 depromptai
3673 2064 3768 2126 vis
3801 2065 3982 2141 insit,

705 2162 1089 2227 accuratiori
1126 2177 1319 2239 opera
1351 2157 1849 2236 disquirendum
1885 2162 2005 2216 est.

776 2265 835 2324 8.
873 2262 1064 2323 Liber
1113 2265 1523 2335 nuncupatus
1557 2264 1651 2318 est
1686 2264 1830 2336 Πρὸς
1858 2265 2380 2337 Πορφυρογέννητον
2411 2267 2459 2319 Κ

2289 2283 2380 2319 τον
2411 2267 2855 2331 Κωνσταντῖνον,
2887 2256 2971 2318 ad
3002 2255 3492 2319 Constantinum
3525 2257 3971 2339 Porphyroge-

695 2361 921 2420 nitttm.
958 2360 1014 2417 Is
1042 2353 1376 2417 Michaelis
1413 2356 1607 2414 Ducat
1637 2362 1698 2415 et
1730 2354 1969 2427 Marim,
2004 2372 2082 2416 ex
2122 2355 2365 2416 Alanite
2388 2373 2504 2417 seu
2537 2356 2765 2417 Iberia)
2797 2354 3057 2432 regibus
3081 2363 3256 2429 satas,
3287 2353 3460 2417 ﬁlius
3486 2362 3640 2425 erat,
3667 2373 3838 2418 anno
3860 2358 3984 2419 cir-

693 2457 852 2519 citer
888 2453 1036 2516 1071;
1070 2459 1278 2513 natus.
1315 2453 1775 2529 Desponsatam
1808 2451 2020 2512 eidem
2044 2453 2352 2514 Helenam
2385 2451 2644 2514 Roberti
2681 2451 3021 2513 Guiscardi
3045 2451 3261 2525 ﬁliam,
3297 2460 3556 2513 narrant
3589 2452 3975 2531 scriptores:

695 2565 755 2613 et
791 2567 1031 2614 annum
1088 2551 1240 2611 1077
1271 2548 1493 2610 deﬁnit
1530 2549 1743 2624 Lupus
1791 2549 2231 2627 Protospatha.
2266 2553 2413 2611 Baio
2450 2550 2707 2627 abrupit
2749 2548 3167 2609 connubialia
3203 2556 3377 2626 pacta
3421 2549 3825 2627 Nicephoms
3859 2551 3980 2611 Bo-

695 2650 958 2720 toniata,
996 2648 1104 2726 qui
1168 2661 1337 2708 anno
1402 2645 1555 2706 1078
1608 2647 1945 2723 usurpavit
1985 2647 2358 2723 imperium,
2394 2647 2710 2707 Michaele
2751 2646 3115 2718 deturbate,
3157 2646 3563 2726 remissoque
3616 2649 3689 2708 ad
3729 2658 3974 2724 patrem

693 2747 965 2818 Helena,
1006 2762 1149 2823 qua)
1205 2741 1862 2821 Constantinopolim,
1920 2743 2029 2804 ubi
2085 2743 2486 2805 adolesceret
2530 2751 2589 2805 et
2628 2742 3040 2806 excoleretur
3093 2742 3158 2803 in
3209 2743 3381 2816 aula,
3423 2746 3693 2807 adducta
3741 2744 3974 2810 fuerat.

692 2849 763 2908 ln
797 2841 1188 2906 monasterio
1238 2839 1540 2901 Studensi
1605 2840 1838 2902 reclusi
1878 2842 2150 2920 agebant
2211 2841 2480 2902 Michael
2538 2848 2600 2902 et
2660 2856 2825 2902 uxor
2872 2839 3098 2914 Maria,
3134 2850 3197 2902 et
3243 2842 3710 2904 Constantinus
3749 2843 3974 2906 ﬁlius:

691 2960 838 3005 cum
872 2942 1042 3004 idem
1090 2939 1386 3012 Michael,
1421 2938 1712 3001 detonsis
1747 2940 2026 3018 capillis,
2057 2941 2294 3020 Ephesi
2349 2937 2758 3017 metropolita
2791 2938 3248 3013 renuntiatur;
3287 2956 3356 3001 ac
3387 2940 3681 3013 Mariam,
3717 2941 3976 3003 calcatis

688 3041 994 3103 Ecclesia)
1027 3039 1302 3117 legibus,
1337 3053 1605 3098 uxorem
1641 3039 1974 3099 Botoniata
2006 3038 2132 3099 sibi
2217 3035 2580 3116 c0pulavit;
2620 3033 2897 3115 ejusque
2932 3033 3139 3097 ﬁlium
3181 3036 3679 3098 Constantinum
3717 3037 3977 3121 reduxit

687 3137 754 3200 in
819 3138 1151 3216 palatium.
1191 3133 1559 3219 'lmperium
1602 3142 1955 3212 occupante
2008 3135 2238 3197 Alexio
2296 3135 2628 3196 Comneno
2686 3148 2857 3194 anno
2894 3131 3046 3194 1081
3101 3133 3315 3196 dictus
3351 3142 3446 3195 est
3506 3134 3974 3196 Constantinus

688 3256 718 3291 α
756 3236 1072 3313 particeps
1099 3234 1380 3310 imperii,
1419 3255 1446 3287 ι)
1486 3239 1550 3292 ut
1590 3232 1676 3291 ait
1703 3235 1886 3294 Anna
1919 3233 2244 3295 Comiiena
2283 3230 2445 3291 libro
2503 3248 2572 3290 ιιι
2603 3231 2970 3304 Atexiados,
3002 3252 3030 3286 ‹‹
3062 3241 3256 3308 atque
3289 3231 3451 3292 adeo
3479 3231 3690 3292 rubris
3709 3231 3976 3293 cothur-

686 3333 786 3393 nis
819 3342 1131 3394 etcorona
1167 3329 1507 3407 Augustali
1533 3330 1851 3402 utebatur,
1877 3340 1936 3391 et
1967 3347 2200 3391 nomen
2235 3329 2372 3407 ejus
2404 3346 2549 3390 eum
2573 3327 2780 3389 Alexii
2815 3329 3074 3390 nomine
3102 3327 3682 3408 proclamabatur.»
3719 3330 3796 3390 At
3821 3347 3973 3390 vero

687 3451 714 3485 ι
754 3429 954 3489 Maria
989 3427 1267 3488 excessit
1299 3427 1554 3504 palatio,
1601 3427 2032 3506 migravit’que
2071 3427 2133 3487 in
2168 3427 2338 3487 aedes
2372 3444 2404 3486 a
2448 3425 2868 3487 Constantino
2899 3425 3330 3487 Monomacho
3367 3427 3756 3506 imperatore
3808 3444 3970 3488 con-

685 3537 959 3588 structas
984 3541 1180 3603 pr0pe
1213 3525 1526 3602 templum
1560 3525 1774 3604 magni
1814 3526 2115 3603 martyris
2135 3522 2422 3602 Georgii,
2450 3540 2594 3601 quae
2630 3523 2851 3601 lingua
2876 3522 3126 3602 vulgari
3151 3523 3472 3602 Mangana
3499 3522 3631 3585 dici
3661 3523 3912 3585 solent:
3939 3545 3968 3578 ιο

682 3624 793 3686 ubi
831 3624 1160 3701 reliquum
1192 3622 1335 3682 vitae
1376 3622 1544 3682 inter
1586 3621 2115 3683 sanetimoniales
2149 3622 2390 3698 exegit,
2433 3621 2695 3698 vitaque
2737 3619 2993 3682 mortali
3033 3619 3404 3682 functa'est.

761 3724 912 3783 Haac
946 3720 1162 3782 Maria:
1218 3718 1341 3779 fata
1398 3719 1706 3780 describit
1746 3721 1936 3797 Regia
1968 3720 2030 3778 in
2077 3718 2484 3778 Institutione
2532 3716 3090 3796 TheOphylactus;
3123 3718 3298 3778 unde
3351 3717 3682 3795 colligitur
3731 3718 3965 3794 primo,

681 3838 846 3898 opus
880 3819 1053 3879 istud
1093 3817 1357 3877 nonnisi
1386 3818 1509 3878 sub
1555 3816 1782 3879 Alexio
1816 3820 2148 3878 Comneno
2202 3816 2560 3894 imperante
2620 3816 2954 3894 vulgatum
3002 3831 3035 3876 a
3085 3815 3569 3894 'l‘heoliliylacto
3605 3814 3813 3876 fuisse
3848 3836 3860 3873 :
3896 3830 3968 3874 ac

680 3919 914 3978 deinde
960 3912 1226 3974 Antonii
1268 3912 1440 3987 Pagii
1499 3914 2132 3991 argumentationem
2171 3912 2501 3983 inﬁrmari,
2538 3912 2760 3973 eadem
2801 3929 2878 3972 ex
2919 3913 3117 3990 Regia
3148 3912 3566 3972 Institutione
3598 3910 3966 3989 conjectaii-

679 4015 785 4079 tis,
817 4011 1121 4071 ﬂoruisse
1156 4010 1708 4087 Theoiihylactum
1740 4010 1863 4070 sub
1891 4007 2202 4070 Michaele
2233 4010 2429 4070 Duca.
2469 4009 2675 4069 \‘erba
2705 4017 2855 4069 sunt
2887 4010 3096 4086 capite
3129 4012 3166 4068 7
3198 4009 3393 4085 partis
3424 4010 3646 4086 primm
3679 4030 3695 4069 :
3734 4031 3762 4064 α
3791 4008 3963 4082 Quid

678 4109 802 4189 ipsi
841 4109 1112 4189 (Marica)
1149 4105 1354 4185 gloria
1388 4107 1594 4185 regni,
1635 4124 1778 4186 quae
1815 4123 1958 4168 cum
1993 4108 2225 4182 omnia,
2264 4113 2332 4167 ut
2369 4107 2454 4168 ait
2497 4105 2848 4184 Apostolus
2884 4108 2926 4179 ὲ,
2962 4107 3400 4167 arbitraretur
3433 4117 3743 4178 stercora,
3778 4105 3963 4168 Chri-

678 4218 849 4268 stum
887 4207 1097 4266 solum
1134 4205 1505 4266 luciifaeere
1537 4208 1772 4284 elegit;
1807 4227 1835 4267 υ
1871 4222 2003 4285 quo
2036 4214 2096 4266 et
2120 4217 2337 4280 erepta

2279 4217 2337 4265 ta
2369 4205 2446 4264 de
2485 4211 2687 4264 morte
2725 4204 2963 4277 carnis,
2989 4213 3086 4281 τὴν
3109 4213 3167 4264 ὲν
3199 4211 3350 4283 αὑτῴ
3381 4212 3766 4283 κρυπτομένεν
3791 4212 3962 4281 ζωήν,

675 4301 1105 4364 absconditam
1140 4303 1204 4361 in
1235 4301 1374 4380 ipso
1409 4303 1601 4363 vitam
1632 4303 1864 4363 amavit
1903 4325 1918 4362 ι
1962 4311 2022 4364 et
2051 4303 2146 4364 sic
2196 4318 2523 4362 summum
2577 4299 2772 4378 regiae
2815 4302 3081 4380 quidem
3115 4301 3455 4379 dignitatis
3488 4301 3820 4379 fastigium
3867 4319 3968 4362 re-

678 4401 922 4479 putavit
990 4401 1380 4473 barathrum,
1419 4399 1808 4462 humilitatis
1870 4413 2084 4462 autem
2142 4417 2289 4480 qua:
2347 4399 2708 4461 secundum
2758 4397 3084 4461 Christum
3143 4408 3263 4468 est,
3297 4399 3758 4462 celsitudinem
3812 4417 3964 4460 vere

675 4497 1022 4559 etelestem.
1059 4498 1238 4559 Adeo
1286 4505 1354 4559 ut
1411 4498 1616 4576 magis
1655 4515 1779 4558 una
1817 4515 1894 4560 ex
1933 4505 2106 4573 parte
2168 4497 2481 4558 mirabilis
2520 4497 2814 4558 videatur
2848 4505 3017 4558 tanta
3065 4498 3356 4565 mutatio,
3393 4507 3454 4558 et
3487 4515 3566 4558 ex
3601 4498 3725 4560 alia
3761 4500 3964 4576 magis

676 4595 975 4675 perfectio
1019 4597 1121 4672 [ν]
1162 4595 1373 4673 ipsius
1408 4596 1784 4656 mutationis
1817 4612 2112 4656 summus
2147 4597 2405 4672 gradus.
2440 4594 2537 4654 Ad
2575 4594 2930 4655 solitariam
2975 4612 3037 4653 se
3073 4595 3426 4673 transferre
3468 4597 3684 4669 vitam,
3729 4606 3822 4656 ἐπὶ
3873 4605 3966 4661 τὸν

678 4707 894 4775 μονήρη
935 4705 1052 4774 βίον
1096 4702 1492 4772 μετενεχθῆναι
1527 4691 1761 4770 puellis
1797 4692 2016 4751 multis
2042 4691 2314 4769 contigit
2349 4713 2361 4750 :

2277 4692 2314 4751 'it
2349 4713 2361 4750 :
2398 4692 2511 4752 sed
2550 4694 2751 4770 magis
2788 4690 3224 4763 muliebriter,
3260 4692 3370 4751 sed
3411 4692 3694 4754 mollius.
3721 4697 3960 4758 Verum

674 4795 836 4857 adeo
869 4793 1194 4854 ferventer
1230 4807 1572 4868 pauperem
1607 4789 1893 4850 evasisse
1924 4789 2185 4866 spiritu,
2221 4789 2426 4850 solius
2446 4786 2655 4848 felicis
2691 4788 2903 4849 Mariae
2931 4789 3225 4848 studium
3256 4786 3380 4849 fuit
3405 4797 3466 4849 et
3500 4793 3905 4854 exercitatio.
3936 4817 3960 4846 η

674 4892 886 4954 Alexii
925 4889 1235 4952 Comneni
1269 4897 1554 4966 tempora
1586 4889 1727 4949 sine
1763 4886 1964 4947 dubio
2011 4887 2233 4948 detiuit
2269 4886 2371 4946 hic
2407 4884 2624 4945 Mariae
2657 4902 2688 4944 e
2735 4885 2974 4962 palatio
3016 4902 3341 4960 recessus,
3374 4886 3479 4948 hic
3515 4887 3811 4967 ejusdem
3861 4909 3964 4957 ac-

673 5006 897 5052 cessus
931 4988 1004 5049 ad
1037 4987 1524 5048 monasterium.

755 5089 850 5147 Ad
889 5086 1058 5147 idem
1104 5093 1425 5162 pertinent
1459 5083 1767 5145 Conineiii
1812 5084 2184 5162 imperium,
2229 5101 2373 5162 quae
2433 5102 2829 5162 sequuntur.
2906 5085 3282 5162 C0rp0reas-
3317 5087 3726 5148 Constantini
3775 5087 3957 5149 dotes

674 5184 945 5245 eximias
984 5182 1262 5245 celebrat
1294 5179 1814 5259 'l‘lieoiiliylactus
1849 5181 2053 5258 capite
2088 5182 2144 5254 Ιι,
2183 5183 2534 5262 ipsumque
2563 5191 2976 5259 reprmsentat
3013 5205 3037 5235 α
3079 5181 3484 5244 insilientem
3522 5184 3586 5243 in
3631 5202 3895 5264 equum,
3930 5210 3955 5238 η

675 5293 732 5340 et
770 5282 1070 5341 «crebris
1114 5289 1527 5341 ρτίιρτιῖίῖιιιῑρῐι]
1565 5295 1707 5338 sese
1752 5279 2077 5352 cursibus,
2127 5306 2152 5334 ››
2193 5292 2252 5339 et
2307 5304 2333 5336 ‹‹
2405 5283 2465 5342 iii
2507 5281 2964 5341 venationibus
3019 5282 3501 5344 antevolantem
3565 5284 3858 5345 comites.
3930 5312 3954 5340 υ

673 5381 817 5438 Ηεευ
845 5379 1066 5438 eadem
1099 5380 1160 5438 in
1199 5397 1399 5454 μιιιιυ
1437 5379 1560 5455 jain
1595 5379 1908 5452 scptcnni,
1945 5378 2080 5436 adet
2112 5398 2237 5454 que
2276 5382 2464 5440 vitain
2502 5387 2729 5458 agente.
2767 5380 2931 5438 circa
2965 5396 3204 5438 annuni
3260 5380 3436 5452 1089.,
3502 5378 3716 5442 laudat
3777 5385 3958 5442 Anna

670 5481 996 5536 tioinnetia
1036 5477 1158 5538 sub
1205 5475 1469 5536 initium
1509 5474 1653 5533 iibri
1694 5492 1760 5532 iii
1793 5475 2184 5534 Aleiimtos:
2228 5502 2254 5531 α
2293 5480 2434 5538 Erat
2462 5496 2534 5538 ea
2572 5478 2935 5555 justissima
2986 5478 3203 5538 matris
3238 5495 3413 5550 cura,
3462 5479 3796 5556 inquiens.
3843 5498 3958 5558 pro

673 5589 875 5651 puero
910 5572 1280 5634 festiv.tatis
1320 5583 1379 5633 et
1416 5574 1752 5650 elegantius
1781 5573 2198 5637 admirabilis.
2238 5577 2449 5637 adhuc
2506 5577 2884 5653 septenni...
2934 5575 3134 5654 Cujus
3178 5578 3460 5636 suavitas
3502 5579 3641 5637 sive
3684 5576 3960 5657 loquen-

671 5683 774 5734 tis.
819 5671 957 5730 :ive.
996 5670 1292 5730 ludorum
1333 5686 1571 5748 genere
1611 5670 1786 5729 vario
1820 5687 1984 5748 quos
2051 5670 2292 5733 ferebat
2353 5686 2524 5737 tetas.
2595 5690 2828 5750 corpus
2889 5673 3241 5733 scitissime
3303 5675 3649 5743 moventis,
3702 5673 3956 5753 judicio

670 5770 1130 5845 spectantium,
1169 5770 1648 5848 caiiiparatione
1688 5783 1862 5828 omni
1895 5773 2182 5844 superior
2230 5783 2381 5833 erat.
2431 5805 2453 5823 οι

746 5897 1032 5965 ‘i'liilipp.
1068 5913 1146 5963 iii,
1193 5897 1243 5950 δ.
