4262 6432
273 426 340 493 l7
1102 425 1203 488 DE
1243 417 1828 485 THEOPHYLACTI
1867 415 1956 475 ΟΕ

1922 412 2139 475 ESTIS
2177 411 2274 471 ET
2308 409 2676 470 SCRIPTIS.
3469 442 3480 454 .
3511 398 3604 463 ιδ’

351 550 614 631 Regiam
659 565 814 629 ergo
841 565 1025 612 suam
1059 545 1545 609 Institutioncm
1598 531 2030 600 Constantino
2089 527 2402 592 obtulerit
2462 521 3014 601 'l‘heOphylactus,
3074 518 3308 631 Alexio
3372 517 3579 631 impe-

257 612 501 710 rante':
536 649 708 728 quod
733 612 1002 721 inficias
1043 646 1236 707 iverit
1270 659 1486 704 nemo.
1509 635 1779 723 .Atinde
1813 639 1882 694 ut
1907 630 2142 709 Pagius
2190 634 2648 706 argumentum
2682 627 3029 728 promeret,
3068 612 3583 728 quo-'l’heOphy-

274 745 509 808 lactum
545 712 674 826 jam
715 753 900 809 antea
929 719 995 807 et
1031 743 1156 806 sub
1186 719 1513 804 Michaele
1539 741 1713 798 Duca
1743 730 2046 794 ﬂoruisse
2095 726 2425 794 suaderet,
2466 724 2598 784 haec
2638 720 2736 782 illi
2776 719 3048 782 fortasse
3119 715 3368 825 indicia
3425 712 3574 821 fuc-

273 851 451 904 runt.
490 811 622 904 Sibi
664 861 945 922 namque
981 865 1008 897 α
1045 839 1388 903 notissima
1418 859 1446 891 ν
1479 833 1688 895 fuisse
1714 831 1798 893 ait
1836 828 2157 906 Bulgarus
2197 824 2404 904 capite
2444 825 2504 884 6.
2554 845 2580 876 α
2615 823 2993 880 ornamenta
3030 815 3245 877 omnis
3288 811 3576 920 generis.

273 939 341 998 in
371 957 598 1001 eorum
627 941 754 1002 vita
782 912 1115 1016 rebusque
1155 938 1357 1017 gestis
1391 931 1739 1001 elucentia,
1799 942 2082 1006 quorum
2136 942 2167 986 e
2204 921 2524 1002 sanguine
2586 925 2764 978 satus
2797 923 2934 977 erat
2994 937 3020 970 ››
3059 912 3525 1017 Constantinus
3561 930 3576 970 :

271 1036 379 1097 avi
409 1037 661 1098 scilicet
713 1009 1120 1100 Constantini
1157 1009 1376 1106 Ducas,
1417 1028 1635 1111 quiab
1658 1043 1830 1089 anno
1864 1025 2019 1087 1059
2054 1022 2264 1085 tenuit
2317 1015 2674 1096 imperium
2722 1015 2799 1076 ad
2838 1027 3334 1111 annumusque
3398 1009 3581 1111 1967,

273 1141 338 1193 et.
401 1133 740 1196 Michaelis
774 1137 967 1196 Ducte
1005 1130 1232 1212 patris.
1262 1107 1456 1191 Hunc
1485 1142 1638 1189 vero
1673 1125 1950 1206 ejusque
1983 1129 2158 1200 gesta
2202 1117 2266 1178 in
2310 1114 2586 1193 imperio
2656 1113 2740 1173 ita
2772 1107 3581 1212 commendat.1‘he0phy-

275 1226 506 1303 lactus,
547 1237 616 1292 ut
646 1249 716 1293 se
749 1249 896 1293 cum
929 1207 1022 1292 eo'
1042 1227 1195 1290 satis
1232 1227 1476 1290 indicet
1509 1232 1834 1286 versatum
1872 1236 2016 1282 esse
2056 1239 2069 1278 :
2109 1240 2135 1272 α
2175 1212 2611 1276 Divinissimo
2654 1209 2814 1288 patri
2848 1219 2986 1280 tuo,
3022 1207 3368 1286 inquiens,
3438 1221 3584 1283 qum

274 1325 538 1389 virtutis
570 1327 825 1404 species
852 1327 1144 1390 animum
1174 1342 1310 1388 non
1347 1323 1770 1386 devinxerat?
1804 1322 1932 1380 Aut
1982 1318 2240 1380 cuinam
2274 1315 2329 1375 is
2371 1311 2562 1375 alteri
2590 1311 2689 1372 vel
2734 1309 2802 1371 in
2867 1306 3295 1368 humanitatis
3360 1306 3583 1366 studio

277 1422 540 1498 primas,
580 1401 677 1484 vel
716 1424 780 1484 in
815 1440 1013 1486 sacra)
1043 1422 1357 1485 doctrinas
1395 1425 1691 1480 accurata
1721 1414 2168 1494 exquisitione
2203 1410 2580 1474 concessit?
2627 1408 2745 1469 Cui
2786 1412 2988 1468 totum
3023 1404 3379 1482 imperium
3417 1401 3586 1463 nihil

273 1519 400 1580 fuit
440 1519 648 1594 aliud,
692 1521 816 1582 nisi
857 1521 1003 1583 libri
1037 1527 1100 1582 et
1131 1517 1631 1581 dissertationes
1657 1515 1995 1577 doctorum
2044 1511 2430 1583 hominum;
2463 1518 2524 1570 et
2558 1515 2670 1569 aut
2701 1505 2990 1585 proferre
3026 1504 3242 1583 ipsum
3295 1521 3374 1564 ex
3409 1520 3585 1572 sese,

275 1625 386 1676 aut
419 1616 498 1677 ab
531 1616 662 1678 alio
696 1619 921 1680 audire
959 1616 1271 1696 quiddam
1313 1632 1394 1676 ex
1440 1610 1827 1690 antiquitate
1858 1610 2025 1672 scitu
2067 1610 2365 1689 dignum.
2405 1630 2433 1664 ι
2463 1605 2756 1670 Celebrat
2824 1604 3017 1664 etiam
3059 1603 3587 1664 cumulatissime

275 1712 506 1775 laudes
543 1714 785 1785 Maria),
825 1716 965 1777 sive
991 1713 1293 1794 degentis
1320 1711 1389 1773 in
1428 1709 1855 1779 monasterio,
1896 1709 2035 1771 sive
2062 1709 2242 1786 prius
2271 1703 2732 1783 imperatricis,
2769 1711 2825 1764 et
2865 1706 3178 1776 Augustae
3223 1701 3285 1760 in
3325 1699 3584 1769 throno,

276 1830 611 1892 suumque
645 1813 853 1875 tilium
889 1813 1389 1876 Constantinum
1428 1818 1552 1872 tam
1613 1805 1932 1870 laudabili
1968 1824 2122 1868 cura
2155 1803 2590 1873 instituentis,
2631 1809 2698 1863 ut
2732 1823 2761 1857 α
2803 1801 3025 1878 plures
3061 1809 3210 1860 nato
3246 1797 3590 1876 magistros

275 1909 1007 1990 imposuerit,quorum
1033 1910 1146 1972 alii
1181 1927 1253 1972 os
1297 1909 1646 1987 ﬁngerent,
1687 1906 2112 1984 linguamque
2159 1902 2518 1964 formarent
2552 1901 2696 1979 ejus
2734 1921 2749 1972 ;
2785 1897 2896 1960 alii
2955 1896 3342 1976 subigerent
3390 1893 3593 1956 disci-

279 2003 611 2081 plinarum
641 2008 982 2087 praceptis
1020 2008 1338 2079 animum,
1383 2006 1676 2067 historias
1714 2003 1828 2080 alii
1865 2001 2160 2064 notitiam
2197 2000 2552 2070 traderent,
2592 2022 2619 2054 »
2648 2006 2719 2060 ut
2754 1996 3035 2076 legimus
3073 1995 3282 2073 capite
3317 1996 3416 2055 13.
3456 1994 3591 2055 Hos

272 2102 446 2164 inter
477 2113 771 2166 numerat
801 2124 871 2168 se
895 2106 1423 2188 Theophylactus
1459 2127 1473 2165 :
1511 2127 1539 2160 α
1575 2104 1782 2188 Regia:
1814 2100 2257 2162 lnstitutionis
2319 2099 2820 2166 munusculum,
2859 2093 3201 2173 inquiens,
3239 2094 3440 2156 affero
3473 2091 3590 2153 tibi

273 2198 704 2280 irrequisitus
740 2213 801 2264 et
839 2202 1249 2266 voluntarius
1291 2197 1597 2281 magister
1628 2187 1781 2261 tuus
1823 2187 1930 2273 ;’»

1911 2223 1930 2255 ι
1963 2205 2276 2278 πτεροῦμαι
2321 2205 2432 2278 γὰρ
2495 2202 2574 2274 τῷ
2613 2203 2913 2273 ὀνόματι...
2952 2201 3232 2265 Βασιλέως
3270 2199 3594 2270 καθηγητὴς

275 2307 793 2378 προσκαλούμενος,
834 2323 861 2356 κ
901 2301 1166 2362 exsulto
1199 2316 1484 2378 namque
1523 2306 1586 2361 et
1618 2296 1868 2376 glorior
1896 2313 1958 2359 ec

1912 2313 1973 2359 eo
2012 2296 2306 2367 nomine,
2369 2286 2545 2374 quod
2586 2291 3003 2370 imperatoris
3071 2301 3432 2369 praaceptor
3481 2307 3595 2368 ap-

277 2398 506 2474 petler.
547 2411 576 2454 ἰ)
613 2398 764 2460 Filii
794 2414 949 2480 ergo
981 2397 1396 2460 Constantini
1443 2403 1800 2475 praeceptor
1837 2411 1872 2456 a
1922 2393 2238 2456 Michaele
2272 2401 2334 2455 et
2375 2390 2575 2452 Maria
2633 2388 3020 2469 parentibus
3055 2387 3593 2467 ’l‘heOphylactus

274 2493 571 2556 delectus
595 2495 1119 2576 designatusque
1155 2494 1438 2557 videtur.

357 2593 419 2652 9.
456 2593 606 2655 Haec
636 2598 862 2656 eadem
893 2601 1194 2678 tempora
1231 2592 1475 2655 indicat
1507 2592 1650 2671 ejus
1678 2589 1955 2670 epistola
1987 2605 2136 2668 quas
2166 2588 2338 2649 inter
2392 2586 2800 2648 Meursiianas
2837 2591 3221 2647 numeratur
3281 2583 3383 2657 ῑιὸ,
3447 2584 3592 2646 data

273 2697 354 2768 τῷ
393 2699 673 2771 φύοσὸφῳ
713 2701 890 2773 κυρίῳ
926 2701 1188 2772 Ἰωάννῃ,
1244 2688 1498 2752 domino
1533 2690 1775 2752 Joanni
1827 2688 1956 2769 phil

1912 2686 2241 2766 ιὶιοεορὴο.
2299 2686 2358 2746 Is
2409 2692 2507 2746 est
2549 2685 2839 2746 Joannes
2877 2681 3107 2757 Italus,
3134 2681 3250 2761 qui
3292 2681 3373 2742 ab
3406 2683 3595 2743 Anna

276 2790 609 2852 Comnena
659 2791 826 2853 libro
862 2810 900 2854 v
935 2790 1292 2853 Ἀιεωίαάοε
1321 2798 1443 2852 κατ’
1478 2796 1675 2869 ἐξοχὴν
1707 2794 1975 2850 vocatur
2004 2784 2239 2858 Italus,
2272 2792 2498 2862 utpote
2541 2800 2620 2844 ex
2656 2782 2841 2844 Italia
2903 2781 3256 2844 oriundus.
3315 2782 3407 2842 De
3447 2778 3594 2858 ipso

276 2893 480 2965 agunt
523 2888 863 2950 Conradus
887 2890 1230 2952 Gesnerus
1266 2890 1332 2949 in
1361 2887 1763 2950 Bibliotheca
1811 2881 2187 2958 universali,
2225 2880 2589 2944 Casimirus
2651 2879 2964 2941 Oudinus
3017 2880 3107 2939 De
3157 2877 3597 2958 scriptoribus

275 2983 755 3061 ecclesiasticis,
805 2985 1133 3048 Antonius
1169 2985 1404 3065 Pagius
1438 2983 1516 3047 ad
1544 3001 1787 3045 annum
1819 2980 1999 3055 1083,
2030 2988 2101 3044 ut
2134 2987 2402 3042 caeteros
2431 2979 2945 3058 praetermittam.
3003 2976 3347 3039 Michaelis
3397 2976 3595 3037 Pselli

278 3079 653 3159 discipulus
694 3083 974 3161 primum
1014 3081 1164 3156 fuit,
1199 3081 1441 3145 deinde
1471 3080 1778 3154 aemulus,
1822 3078 2278 3160 philosophica
2307 3076 2685 3139 eruditione
2745 3074 3178 3138 clarissimus.
3245 3073 3601 3154 TheOphy-

278 3176 424 3240 lacti
457 3182 535 3241 ad
570 3181 786 3259 ipsum
827 3183 1020 3244 verba
1043 3190 1197 3244 sunt
1226 3203 1300 3242 :‘a
1338 3181 1615 3260 Nosjam
1651 3178 1856 3241 multo
1887 3176 2123 3240 abhinc
2147 3186 2468 3255 tempore,
2509 3191 2727 3252 neque
2761 3173 3010 3246 vidisti,
3051 3191 3266 3251 neque
3302 3173 3367 3235 in
3396 3172 3595 3234 rebus

277 3279 675 3341 necessariis
715 3278 960 3343 favisti.
1002 3305 1031 3339 ι
1067 3283 1235 3342 Tum
1269 3282 1415 3361 ejus
1457 3279 1965 3360 philosophiam,
2001 3300 2029 3333 α
2061 3275 2251 3356 cujus
2294 3273 2602 3339 ultimum
2624 3272 2756 3352 jam
2792 3272 3136 3334 scanderat
3168 3268 3534 3351 fastigium,
3565 3295 3595 3328 ιι

279 3373 582 3452 impense
611 3376 854 3441 laudat.
900 3401 929 3434 α
965 3378 1172 3444 Nobis
1206 3385 1451 3452 autem,
1487 3379 1602 3449 ait,
1643 3393 1867 3457 puram
1902 3375 2109 3446 illam,
2144 3383 2208 3435 et
2244 3373 2559 3452 utrinque
2589 3376 2994 3435 constantem
3026 3369 3428 3433 invictorum
3467 3370 3596 3430 im-

281 3483 676 3552 peratorum,
726 3485 1093 3555 παραμιλλων
1138 3484 1432 3555 βασιλέων,
1486 3473 1964 3537 benevolentia]

1016 3502 1093 3539 ων
1138 3484 1432 3555 βασιλέων,
1486 3473 2019 3537 benevolentiam
2052 3472 2321 3534 assidue
2361 3470 2626 3533 exhibe.
2670 3494 2697 3526 ιο

356 3569 586 3632 Varias
620 3573 760 3634 ltali
803 3574 977 3636 vices
1001 3592 1074 3636 ac
1107 3573 1230 3638 fata
1267 3575 1492 3653 paucis
1529 3589 1844 3646 memoro,
1876 3581 1945 3633 ut
1980 3569 2278 3650 epistolas
2303 3570 2377 3631 ad
2431 3569 2648 3648 ipsum
2684 3568 2848 3630 datae
2907 3578 3166 3645 tempus
3202 3568 3593 3632 innotescat.

280 3665 371 3727 Ex
403 3669 592 3729 Anna
618 3669 948 3733 Comnena
976 3671 1120 3734 loco
1144 3672 1337 3735 citato
1370 3672 1799 3745 addiscimus,
1830 3669 2048 3750 jurgia
2083 3662 2376 3732 movisse
2402 3666 2624 3746 ipsum
2684 3673 2910 3728 contra
2970 3665 3288 3740 Pseilum,
3354 3686 3434 3729 ex
3497 3668 3599 3730 his

275 3763 783 3828 admirationem
816 3769 944 3831 sibi
973 3778 1038 3832 et
1090 3769 1392 3848 plausum
1453 3786 1867 3849 comparasse
1899 3785 2028 3830 non
2086 3767 2300 3830 solum
2352 3765 2587 3846 plebis,
2625 3782 2852 3827 verum
2886 3764 3082 3827 etiam
3149 3775 3526 3846 magnatum
3581 3785 3597 3824 :

274 3861 498 3926 favore
552 3866 833 3944 potitum
867 3883 1015 3931 esse
1053 3869 1392 3932 Michaelis
1428 3872 1620 3932 Ducae
1651 3867 2086 3947 imperatoris,
2125 3865 2399 3939 missum
2434 3862 2629 3949 etiam
2665 3862 2750 3924 ab
2776 3878 2855 3925 eo
2888 3878 3066 3924 anno
3112 3863 3375 3926 circiter
3444 3866 3603 3927 1-073

273 3963 352 4028 ad
419 3962 648 4024 urbem
712 3966 1176 4043 Epidamnum,
1237 3969 1377 4028 sive
1439 3967 1898 4048 Dyrrachium,
1964 3973 2035 4027 ut
2083 3971 2310 4026 contra
2361 3961 2640 4024 bellicos
2692 3962 3230 4023 Normanuorum
3283 3962 3352 4023 in
3415 3965 3602 4028 Italia

278 4060 902 4140 motusinvigilaret
929 4086 943 4125 :
973 4066 1086 4127 sed
1120 4065 1322 4128 veluti
1364 4065 1444 4128 de
1481 4065 1857 4145 proditione
1907 4064 2306 4133 incusatum,
2369 4057 2628 4140 fugisse
2688 4059 2960 4120 Romam
3001 4082 3014 4120 :
3052 4060 3248 4122 citius
3311 4069 3600 4126 attamen

275 4167 648 4220 revocatum
677 4159 1344 4242 Constantitmpolim,
1372 4162 1601 4243 ibique
1629 4186 1656 4226 α
1689 4162 2127 4242 principatum
2146 4157 2577 4239 professionis
2615 4155 3090 4235 philosogihicaa
3124 4182 3154 4214 ν
3182 4159 3597 4225 obtinuisse:

273 4255 438 4317 hanc
505 4256 691 4318 illum
753 4258 971 4336 egisse
1014 4261 1304 4340 denique
1342 4278 1628 4334 scenam,
1661 4261 1871 4323 donec
1900 4260 2160 4333 Alexio,
2198 4256 2314 4338 qui
2371 4272 2545 4318 anno
2583 4255 2734 4318 1081
2813 4257 3168 4334 capessivit
3217 4258 3599 4335 imperium,

272 4360 353 4416 de
390 4356 590 4432 impia
629 4356 918 4419 doctrina
975 4369 1349 4438 suspectus,
1411 4361 1489 4422 ad
1556 4361 1862 4424 Ecclesia;
1923 4356 2205 4419 tribunal
2268 4353 2528 4417 delatus
2569 4362 2690 4428 est,
2719 4401 2733 4411 .
2763 4371 3120 4433 percussus
3160 4357 3598 4432 anathemate,

272 4469 343 4514 ac
369 4451 427 4512 si
465 4475 494 4508 α
531 4454 1153 4534 metempsychosim
1195 4480 1222 4515 ιο
1257 4457 1614 4532 docuisset,
1650 4483 1678 4516 α
1739 4455 2151 4522 venerabiles
2185 4461 2641 4516 contemneret
2708 4461 3086 4516 sanctorum
3154 4455 3501 4537 imagines,
3570 4485 3598 4515 ιι

271 4547 574 4630 aliosque
616 4552 948 4630 vulgasset
982 4570 1264 4617 errores.

350 4644 492 4705 Jam
530 4645 772 4724 colligo
807 4647 1218 4724 superiorem
1255 4650 1728 4733 Theophylacti
1763 4652 2105 4731 epistolam
2140 4636 2512 4715 datamlnon
2545 4668 2694 4715 esse
2730 4651 3052 4715 Alexiano
3085 4660 3417 4733 tempore;
3457 4656 3592 4734 [Vl]

272 4739 488 4803 datam
525 4759 681 4805 vero
711 4743 838 4806 dici
874 4744 1140 4821 debere,
1181 4767 1329 4811 cum
1365 4750 1566 4813 Italus
1594 4751 1809 4813 adhuc
1835 4760 2008 4814 esset
2045 4749 2551 4830 imperatoribus
2596 4757 2930 4829 acceptus,
2994 4758 3055 4811 et
3115 4751 3593 4831 imperatorum

271 4836 798 4902 benevolentiam
838 4841 1185 4920 impetrare
1218 4846 1709 4928 TheOphylacto
1741 4857 1982 4929 posset.
2006 4850 2187 4923 Quos
2213 4865 2335 4927 ego
2366 4847 2792 4926 imperatores
2831 4848 3276 4911 intellexerim
3310 4853 3601 4917 Michae-

273 4935 400 4996 Iem
437 4939 701 5012 Ducam,
738 4950 799 5000 et
831 4941 1098 5002 Mariam
1127 4945 1501 5024 conjugem.
1538 4947 1762 5009 Fuerit
1809 4966 1964 5010 vero
1999 4949 2138 5026 ipsa
2172 4947 2376 5009 Maria
2410 4948 2821 5024 imperatrix,
2885 4957 2946 5007 et
2989 4947 3401 5026 Niceplinrus
3464 4954 3595 5014 Bo-

274 5033 900 5114 toniataimperator
941 5061 954 5100 :
998 5032 1336 5105 sane'cum
1371 5044 2063 5125 haec'l‘heOpbylactus
2099 5046 2440 5120 scriberet,
2476 5063 2546 5107 se
2599 5067 2627 5101 ‹‹
2666 5045 2797 5126 jam
2867 5045 3076 5107 multo
3129 5047 3372 5111 abhinc
3433 5058 3598 5126 tem.

273 5148 429 5213 pore
465 5154 494 5187 ι
531 5149 664 5195 non
691 5134 901 5209 visum
937 5138 1017 5198 ab
1051 5140 1211 5201 Italo
1237 5142 1487 5217 aiebat;
1519 5152 1588 5205 ut
1623 5143 1774 5206 hinc
1807 5162 2072 5207 sumere
2107 5143 2429 5206 indicium
2485 5144 2682 5206 liceat
2735 5143 3038 5222 imperii,
3100 5146 3279 5226 quod
3315 5148 3594 5213 Michael

273 5238 429 5292 tunc
456 5231 942 5296 administraret
973 5236 1050 5297 ad
1089 5254 1333 5300 annum
1373 5258 1583 5322 usque
1623 5243 1798 5316 1078,
1832 5259 1965 5321 quo
2015 5243 2353 5304 Botoniata
2389 5243 2733 5305 successit.
2970 5242 2976 5244 ’⁷

272 5389 276 5394 ,
355 5328 452 5392 10.
489 5327 1095 5411 Εὴτοηοεωμιὶίαω
1138 5340 1476 5398 conlirmat
1510 5339 1807 5418 ejusdem
1846 5340 1955 5415 [)l‘ll

1914 5340 2050 5401 ima
2086 5339 2366 5418 epistola
2393 5337 2474 5399 ad
2510 5341 2791 5402 Mariam
2837 5341 3344 5422 imperatricem,
3403 5347 3597 5426 cujus

272 5438 577 5506 excerpta
627 5429 944 5492 Baronius
1003 5433 1271 5497 exhibet
1317 5438 1395 5497 ad
1445 5455 1688 5499 annum
1737 5439 1914 5513 1071,
1978 5457 2159 5500 num.
2225 5439 2399 5500 XVI.
2444 5439 2652 5500 Verba
2714 5451 2921 5501 sunt:
2965 5461 2992 5494 ι(
3055 5443 3400 5506 Descendo
3465 5445 3604 5524 igi-

273 5534 380 5586 tur
408 5527 485 5584 ad
521 5525 857 5604 Bulgaros,
896 5548 960 5590 re
1015 5531 1804 5611 Constantinomlitanus,
1845 5538 2129 5612 hospitio
2190 5536 2795 5617 Bulgarus,cariem
2857 5538 3198 5619 situmque
3258 5543 3598 5618 redoleas.

273 5632 344 5684 ut
415 5623 514 5683 illi
577 5624 847 5700 pellium
913 5631 1249 5707 pedorem.
1322 5658 1349 5689 υ
1420 5633 1695 5696 [lenibat
1739 5635 1991 5698 scilicet
2052 5635 2126 5694 ad
2198 5649 2408 5717 suat;
2447 5633 2806 5696 Ecclesium
2875 5637 2938 5696 in
2972 5637 3373 5716 Bulgariam,
3422 5643 3600 5706 unde

270 5730 542 5782 venerat
577 5721 1247 5806 Constantinopolim.
1287 5733 1504 5811 Pergit
1571 5750 1723 5796 vero
1757 5755 1771 5794 :
1810 5757 1838 5790 α
1872 5733 2023 5796 Ηωυ
2055 5734 2279 5814 itaque
2310 5711 2508 5795 senili
2541 5749 2653 5795 ore
2687 5742 2913 5798 sancto
2945 5711 3229 5816 impe‘rio
3268 5711 3378 5801 tuo
3400 5743 3601 5822 jocati

268 5834 532 5880 sumus.
575 5843 603 5876 ι

360 5914 656 5980 Titulum
692 5918 1133 5999 imperatricis
1165 5928 1372 5992 tenuit
1413 5928 1618 5993 Maria
1663 5931 1788 5993 sub
1820 5931 2141 5998 Michaclo
2185 5933 2386 6011 Duca,
2421 5931 2637 6013 primo
2672 5932 2816 6014 ejus
2853 5933 3015 6010 viro,
3057 5935 3404 6018 tenuitque
3462 5946 3604 6017 post
