4262 6432
705 365 773 429 19
1511 371 1735 433 BERN.
1776 374 2039 435 manus
2081 377 2177 436 DE
2214 340 2501 439 nuems
2548 381 3053 447 DISSERTATIO
3889 332 4001 451 ιθ⁷

698 480 1141 549 ιιιιηιιιιι1078,
1188 482 1693 560 subNicephoro
1729 484 2088 557 Botoniata,
2122 490 2235 567 qui
2270 491 2392 551 sibi
2453 510 2590 553 eam
2637 495 2965 570 copulavit
3016 511 3285 556 uxorem
3349 520 3362 555 :
3417 495 3586 556 unde
3647 498 3770 557 sub
3829 496 3960 561 luet:

697 585 985 651 tempora
1022 576 1229 636 datam
1266 577 1425 638 bauc
1456 595 1486 637 a
1522 578 2002 658 TheOphylacto
2029 584 2390 661 epistolam,
2419 598 2687 650 constat.
2719 591 2783 649 In
2816 606 2887 650 ea
2903 595 3035 668 jam
3066 607 3292 653 senem
3324 599 3503 651 vocat
3530 608 3699 661 sese,
3747 593 3806 651 id
3850 603 3946 654 est

694 672 898 730 relatis
925 672 1054 749 jam
1092 682 1408 747 provectae
1438 696 1450 733 :
1485 683 1545 734 et
1576 674 1709 736 haec
1740 678 1881 755 ejus
1914 680 2153 752 smilis,
2193 690 2302 741 aut
2346 692 2496 743 mtas
2526 692 2819 761 provecta
2851 684 3065 762 ipsum
3108 686 3251 746 sine
3309 686 3509 747 dubio
3540 686 3799 747 exhibet
3832 690 3956 750 sub

696 767 1031 828 Botomata
1070 778 1131 828 et
1174 768 1485 831 Michaele
1545 774 1714 832 Duca
1747 773 1978 835 litteris
2009 792 2079 835 ac
2103 776 2413 853 dignitate
2451 780 2807 840 ﬂorentem.
2841 780 3017 841 Alias
3074 780 3388 843 Baronius
3420 782 3601 841 alIert
3662 783 3954 860 ejusdem

694 865 1004 943 epistolas
1033 866 1105 926 ad
1140 883 1387 926 annum
1415 869 1592 941 1073,
1634 887 1665 931 a
1695 888 1870 930 num.
1906 874 2260 945 LXXXIII,
2295 873 2533 951 quibus
2566 875 2836 937 indicari
2868 887 3040 954 putat
3084 877 3296 956 gentis
3325 880 3735 941 Crabatorum
3783 880 3953 939 irru-

694 962 975 1037 ptiones,
1007 980 1171 1041 quae,
1212 963 1482 1025 testibus
1515 966 1874 1045 Nicephoro
1904 967 2237 1038 Briennio,
2276 978 2337 1032 et
2370 972 2772 1049 Curopalata,
2803 981 2863 1033 et
2903 975 3169 1049 Zonara,
3205 999 3233 1029 α
3269 976 3457 1035 tertio
3484 991 3654 1035 anno
3682 976 3939 1051 imperii

692 1058 1078 1139 (Michaelis)
1103 1061 1467 1139 Bulgariam
1500 1078 1813 1141 occupare
1832 1080 2131 1144 aggressa
2174 1074 2294 1136 est,
2329 1084 2401 1131 ac
2433 1070 2721 1147 quaedam
2752 1070 2890 1131 loca
2919 1071 3111 1149 cepit.
3153 1094 3182 1127 π
3211 1072 3422 1132 Satius
3454 1069 3676 1145 fuerit,
3730 1072 3946 1135 virum

691 1158 1150 1219 doctissimum
1179 1160 1257 1219 (lc
1292 1160 1390 1220 bis
1422 1162 1788 1223 consulere.

2266 1338 2366 1397 IV.

687 1487 989 1569 Florebat
1044 1488 1177 1547 sine
1219 1486 1406 1569 dubio
1457 1488 1571 1546 sub
1614 1487 1841 1569 Alexio
1901 1489 2219 1569 Comnena
2257 1490 2660 1566 imperatore.
2722 1488 3022 1569 Ejusdem
3070 1491 3529 1569 Theophylacti
3560 1493 3831 1569 epistola
3865 1489 3953 1553 ad
4034 1516 4039 1563 τ

767 1565 1188 1642 Nicephorum
1219 1566 1625 1647 Meit'ssenum
1657 1568 1984 1637 Caesarem,
2021 1568 2130 1628 ubi
2179 1567 2253 1628 de
2312 1565 2746 1647 imperatoris,
2769 1565 2906 1628 'aut
2964 1565 3394 1641 Constantini,
3450 1580 3562 1631 aut
3592 1565 3953 1632 ‘Michaelis

764 1656 979 1703 morte.
1015 1647 1169 1705 Item
1208 1646 1288 1704 ad
1312 1646 1691 1725 Gregorium
1721 1647 2143 1708 Camaterum.

768 1788 863 1845 11.
906 1784 1026 1845 Sed
1065 1783 1269 1850 Alexii
1299 1784 1608 1845 Cmnueni
1644 1785 2022 1862 imperium,
2063 1774 2422 1847 anno'1081
2472 1786 2824 1862 inceptum,
2864 1786 3156 1864 attigisse
3190 1785 3774 1863 Theophylactum,
3805 1788 3935 1865 jam

679 1881 923 1942 evincit
955 1880 1093 1959 ejus
1124 1881 1318 1957 Regia
1347 1880 1707 1952 Institutio,
1742 1880 1864 1946 sub
1899 1881 2131 1944 eodem
2167 1885 2461 1961 Augusto
2492 1884 2569 1942 ad
2599 1882 3089 1943 Constantinum
3128 1881 3754 1959 Porphyrogenitum
3790 1902 3948 1945 nun-

680 1987 933 2054 cupata,
975 1986 1042 2035 ut
1068 1977 1519 2037 adnotavimus
1557 1995 1733 2038 num.
1759 1979 1820 2039 8.
1856 1980 2009 2040 Rem
2040 1977 2191 2039 facit
2216 1978 2549 2041 indubiam
2582 1979 2857 2054 epistola
2916 1980 3083 2039 inter
3122 1980 3528 2039 Meursiauas
3563 1980 3771 2051 tertia,
3805 1980 3944 2041 data

678 2072 931 2133 domino
955 2072 1219 2136 Nicotao
1246 2075 1655 2150 patriarchae,
1680 2074 1793 2152 qui
1829 2075 2048 2136 sedem
2077 2075 2853 2150 Constantiuopolitanam
2875 2090 3047 2135 anno
3084 2074 3239 2136 1081ι
3267 2075 3671 2149 conscendit,
3697 2077 3941 2137 tenuit-

679 2186 809 2248 que
844 2171 919 2230 ad
957 2187 1199 2231 annum
1244 2172 1656 2231 undecimum
1693 2172 1910 2233 saeculi
1947 2173 2347 2235 duodecimi.
2384 2171 2618 2232 Recole
2661 2171 2827 2232 dicta
2873 2188 3051 2232 num.
3086 2174 3147 2232 6.

763 2268 859 2327 12.
899 2268 1183 2341 Epistula
1219 2268 1293 2328 12
1323 2266 1404 2326 ad
1436 2267 1738 2329 Cmarem
1769 2268 1908 2332 data
1942 2279 2061 2334 est.
2098 2268 2785 2345 Nicephorumnempe
2816 2266 3248 2355 Melissenum
3282 2288 3297 2324 :
3333 2288 3362 2322 α
3398 2268 3509 2345 qui
3541 2268 3620 2329 ab
3652 2268 3946 2330 exercitu

678 2362 1027 2441 imperator
1055 2361 1479 2439 proclamatus
1505 2361 1742 2441 (verbis
1768 2370 1911 2425 utor
1942 2362 2359 2427 Dufresniiin
2390 2366 2732 2427 Stemmata
2765 2352 3243 2427 Comnenorum
3286 2381 3466 2427 num.
3494 2364 3600 2445 ιν)
3637 2372 3945 2443 potestate

682 2459 911 2521 uxoris
946 2458 1251 2521 Eudocim
1294 2458 1503 2531 fratri,
1545 2457 1771 2519 Alexio
1804 2459 2157 2528 Comneno.
2192 2461 2364 2525 ultro
2407 2462 2623 2533 cessit,
2653 2460 2920 2523 Caesaris
2955 2459 3142 2523 titulo
3179 2466 3551 2521 contentus.
3604 2485 3633 2517 ιι
3662 2462 3943 2524 Cmsarea

681 2556 997 2633 dignitate
1029 2556 1307 2617 donatus
1342 2563 1433 2616 est
1471 2573 1581 2615 vm
1616 2554 1884 2633 Aprilis,
1918 2555 2073 2617 l‘eria
2116 2575 2149 2617 v
2190 2557 2609 2620 hebdomadis
2640 2556 2969 2620 Paschalis
2996 2572 3165 2618 anno
3192 2556 3369 2627 1082,
3435 2558 3847 2636 excessitque
3908 2574 3944 2621 θ

679 2654 808 2713 vita
852 2654 956 2715 die
993 2674 1123 2714 xvu
1160 2654 1562 2725 Novembris,
1592 2654 1951 2716 indictione
1982 2672 2119 2727 xm,
2153 2672 2324 2719 anno
2356 2655 2595 2723 Christi
2620 2652 2813 2723 110’s.
2847 2654 2935 2737 Ea
2969 2652 3189 2732 itaque
3228 2652 3504 2731 epistola
3533 2663 3675 2731 post
3700 2670 3944 2716 annum

680 2750 836 2811 1082
865 2766 898 2811 a
931 2749 1411 2829 TbeOphylaclO
1447 2749 1706 2821 scripta.
3470 2766 3475 2771 ’

760 2872 910 2933 Haec
945 2872 1005 2931 in
1043 2871 1262 2931 eadem
1304 2870 1624 2931 habentur
1654 2869 1843 2931 verba
1878 2892 1892 2929 :
1922 2893 1948 2925 α
1988 2870 2211 2931 Afﬁnis
2243 2871 2337 2932 tui
2371 2868 2790 2948 imperatoris
2841 2875 3141 2940 mortem,
3176 2865 3364 2945 cujus
3391 2867 3759 2928 sanctitatis
3807 2867 3942 2927 vir-

676 2979 849 3030 tutes
881 2984 1106 3028 omnes
1139 2974 1195 3027 et
1233 2967 1468 3045 gratias
1502 2983 1621 3047 ego
1653 2965 1795 3042 ipse
1828 2966 2167 3045 potissime
2226 2982 2372 3029 sum
2406 2973 2737 3043 expertus,
2768 2964 2942 3025 unde
2972 2964 3233 3043 planctu
3265 2964 3503 3040 dignus
3537 2969 3598 3024 et
3633 2971 3943 3039 perpetuo

675 3065 856 3127 luctu
901 3064 1059 3127 mihi
1088 3064 1199 3125 ille
1243 3064 1528 3138 videtur,
1566 3063 1623 3125 si
1653 3060 1849 3125 alicui
1896 3062 2082 3125 alteri
2115 3064 2352 3126 etiam:
2391 3064 2594 3134 illam,
2627 3065 2924 3142 inquam,
2981 3061 3047 3123 in
3083 3061 3449 3138 expeditam
3483 3061 3682 3124 animi
3733 3077 3946 3139 prom—

673 3163 1063 3241 j'tituilinem
1102 3163 1409 3241 accipies.
1447 3184 1477 3222 »
1510 3163 1805 3237 Quonam
1835 3161 1915 3222 de
1941 3161 2327 3239 imperatore
2363 3160 2484 3221 vita
2522 3162 2742 3221 functo
2775 3173 2991 3220 sermo
3021 3158 3148 3229 ﬁat,
3182 3173 3309 3219 non
3352 3155 3439 3218 ita
3494 3159 3938 3234 perspicuum.

671 3263 837 3322 Num
902 3259 1098 3323 fuerit
1153 3260 1617 3322 Constantinus
1679 3258 2299 3340 Porphyrogenitus,
2353 3256 2693 3321 Michaelis
2754 3266 2814 3317 et
2862 3254 3081 3335 Mariis
3145 3253 3344 3328 ﬁlius,
3416 3252 3533 3329 qui
3578 3256 3658 3316 ab
3699 3252 3942 3315 Alexio

673 3360 1004 3421 Comneno
1040 3359 1358 3437 particeps
1383 3357 1640 3435 imperii
1674 3357 1885 3420 dictus
1917 3374 2041 3431 eSt,
2082 3360 2265 3419 Anna
2308 3358 2636 3419 Comnena
2672 3362 2835 3417 teste
2866 3353 3033 3415 libro
3064 3372 3136 3415 ιιι
3187 3352 3562 3427 Alexiados,
3616 3375 3644 3409 α
3703 3370 3942 3417 corona

672 3454 1015 3530 Attgllslali
1070 3456 1394 3529 utebatur,
1429 3467 1491 3516 et
1543 3471 1777 3516 nomen
1813 3452 2131 3527 ejuscum
2193 3452 2408 3515 Alexii
2460 3452 2723 3517 nomine
2767 3450 3322 3530 proclamabatur?
3377 3472 3405 3506 κ
3462 3450 3697 3510 Eadem
3754 3454 3939 3511 Anna

669 3550 838 3611 libro
880 3569 940 3619 vi
974 3567 1127 3612 suos
1162 3565 1413 3613 enarrat
1477 3550 1721 3613 natales
1759 3566 1931 3612 anno
1987 3550 2247 3613 circiter
2308 3551 2488 3617 1083.
2556 3549 2819 3627 sibique
2879 3548 3173 3609 futurum
3209 3563 3520 3625 sponsum
3556 3546 3732 3608 addit
3760 3546 3937 3609 desi-

670 3658 935 3723 gnatum
970 3648 1175 3710 fuisse
1200 3650 1721 3723 Constantinum,
1754 3651 2060 3711 etambos
2090 3650 2367 3727 publicis
2412 3648 2477 3707 in
2537 3644 3116 3710 acclamationibus
3178 3644 3561 3722 conjunctos
3600 3666 3613 3703 :
3676 3664 3707 3699 at
3746 3644 3934 3717 Quod

669 3747 825 3805 satis
864 3747 1055 3825 longo
1087 3756 1401 3825 tempore,
1435 3748 1546 3821 ait,
1583 3758 1662 3807 Ita
1700 3764 1843 3807 esse
1876 3746 2138 3817 factum,
2175 3764 2209 3807 a
2252 3745 2627 3825 parentibus
2660 3742 3043 3820 cmterisque
3079 3743 3321 3819 saepius
3354 3740 3603 3802 audivi.
3641 3764 3669 3797 η
3705 3744 3932 3801 Emor-

668 3842 865 3901 tnalis
908 3843 1049 3919 ejus
1085 3861 1297 3903 annus
1338 3861 1466 3907 non
1504 3844 1903 3906 innotescit':
1937 3852 1996 3903 at
2028 3844 2242 3921 ipsum
2276 3842 2398 3903 vita
2434 3840 2727 3901 functum
2763 3848 2903 3917 post
2944 3856 3186 3899 annum
3231 3836 3387 3903 1081s
3421 3838 3705 3899 indicant
3741 3842 3937 3898 Anna)

665 3939 859 4000 verba
905 3961 919 3998 :
962 3957 1172 4021 neque
1213 3941 1418 4002 solida
1472 3958 1695 4003 eorum
1727 3941 2004 4002 narratio
2035 3950 2155 4011 est,
2190 3942 2301 4018 qui
2333 3950 2657 3999 mortuum
2690 3944 2989 3998 asserunt
3014 3952 3186 3995 anno
3226 3935 3402 4007 1081,
3438 3936 3501 3996 in
3536 3932 3935 4013 Dyrrachino

666 4036 919 4111 proelio,
948 4038 1123 4113 quod
1162 4054 1191 4097 a
1225 4038 1507 4098 Roberto
1544 4037 1904 4099 Guiscardo
1933 4037 2352 4098 commissum
2388 4035 2537 4097 fuit.
2590 4036 2812 4111 Itaque
2850 4032 3012 4091 datm
3051 4048 3081 4088 ει
3122 4030 3605 4108 Theophvlacto
3640 4030 3937 4093 epistola

666 4144 925 4210 tempus
958 4133 1087 4211 jam
1132 4134 1429 4195 sublucet

752 4256 971 4315 Fuerit
1004 4255 1349 4318 defunctus
1386 4258 1729 4333 imperator
1766 4259 1874 4321 ille
1908 4260 2175 4321 Michae.
2213 4260 2443 4333 Ducas,
2483 4266 2659 4336 pater
2684 4256 3117 4330 Constantini,
3154 4272 3188 4317 a
3249 4256 3582 4317 Botoniata
3624 4255 3933 4318 deturba-

668 4365 797 4418 tus.
838 4353 1080 4430 Ephesi
1119 4354 1523 4432 nietrOpolita
1555 4358 1846 4417 detonsis
1880 4358 2131 4435 capillis
2165 4357 2435 4427 electus,
2501 4356 2563 4416 in
2599 4355 3061 4416 monasterium
3097 4357 3313 4431 postea
3375 4354 3709 4425 secedens,
3766 4355 3934 4430 [ΠΙ]

665 4451 804 4509 suis
844 4450 1141 4511 manibus
1184 4449 1504 4523 laborans,
1545 4471 1933 4533 semperque
1965 4453 2320 4514 honoriﬁce
2358 4453 2617 4514 habitus
2648 4452 2727 4513 ab
2757 4451 3005 4512 Alexio.
3042 4450 3330 4530 Hujusce
3364 4450 3744 4529 imperantis
3776 4460 3934 4512 tem-

666 4564 846 4624 pore,
874 4546 1000 4607 vita
1027 4547 1272 4607 mortali
1308 4549 1607 4625 migravit
1643 4566 1654 4607 :
1689 4550 1859 4610 unde
1892 4550 2103 4611 adhuc
2140 4549 2436 4619 efﬁcitur,
2474 4567 2614 4611 eam
2648 4547 3112 4627 Theophylacti
3154 4548 3493 4627 epistolam
3527 4549 3605 4610 ad
3637 4548 3929 4612 Alexiani

664 4644 923 4720 imperii
964 4644 1370 4721 procedentis
1414 4652 1701 4722 tempora
1738 4646 2085 4723 pertinere.
3552 4642 3555 4647 ⁴

751 4765 848 4827 13.
885 4767 1150 4825 Domino
1185 4766 1494 4844 Gregorio
1532 4765 1860 4827 Camatero
1922 4769 2159 4845 scripta
2210 4767 2452 4847 legitur
2506 4767 2780 4845 epistola
2838 4776 3042 4828 sexta.
3100 4768 3249 4827 Haac
3313 4765 3682 4827 habentur:
3726 4787 3753 4820 α
3790 4765 3926 4826 Non

668 4864 840 4925 enim
914 4862 1444 4939 archiepiscoiius
1501 4862 1666 4941 (ipse
1727 4880 1957 4940 nempe
2013 4863 2565 4944 Tbeophylactus)
2634 4865 2775 4925 viro
2817 4862 2911 4923 illi
2956 4862 3335 4941 (Camatero)
3371 4863 3647 4942 ignovit,
3684 4863 3929 4923 circum

665 4976 858 5036 quem
899 4959 1068 5019 varia
1106 4958 1515 5033 imperatoris
1548 4959 1958 5037 negetiorum
1994 4961 2295 5022 examina
2320 4962 2447 5022 alto
2502 4976 2774 5021 susurro
2808 4976 3065 5037 semper
3124 4961 3626 5021 immurmurant
3668 4982 3681 5019 :
3720 4962 3816 5012 καὶ
3859 4959 3930 5011 τὰ

664 5063 796 5133 παρ’
839 5062 1041 5130 ἐτέρων
1073 5061 1383 5131 γράμματα
1410 5062 1806 5132 παρενόχλημα
1832 5064 1930 5133 οὐχ
1984 5058 2177 5135 ἦττον,
2208 5065 2240 5134 ἦ
2286 5066 2345 5118 τὸ

2286 5066 2345 5118 τὸ
2378 5065 2511 5118 αὐτὸ
2550 5066 2786 5137 γράφειν
2818 5066 3052 5134 ἑτέροις,
3086 5064 3147 5117 et
3209 5057 3317 5131 cui
3350 5057 3629 5118 aliorum
3699 5056 3931 5118 litteras

669 5168 794 5213 non
836 5150 1151 5211 minorem
1188 5148 1547 5210 molestiam
1580 5150 1881 5221 afferunt,
1908 5170 2100 5231 quam
2134 5154 2211 5215 ad
2246 5153 2405 5216 alios
2439 5155 2765 5216 scribendi
2805 5172 3068 5216 munus.
3109 5178 3137 5210 ιο
3168 5154 3538 5234 Injunctum
3596 5156 3932 5219 Camatero

668 5246 995 5309 secretarii
1034 5262 1269 5307 munus
1303 5246 1714 5325 intelligitur.

749 5368 876 5427 Hac
908 5365 986 5426 de
1022 5383 1087 5426 re
1122 5364 1252 5445 agit
1287 5369 1462 5427 Anna
1498 5366 1819 5428 Comnena
1857 5368 2019 5430 libro
2072 5388 2133 5429 ιι
2187 5370 2561 5442 Alexiados,
2629 5380 2974 5449 antequam
3029 5386 3351 5432 sacrarum
3386 5380 3623 5455 contra
3670 5373 3927 5435 Sarace-

664 5481 784 5525 nos
812 5462 1306 5542 expeditionum
1343 5462 1681 5527 historiam
1712 5467 2151 5543 aggrediatur,
2184 5484 2329 5545 qme
2360 5484 2531 5528 anno
2572 5468 2728 5527 1096
2756 5468 3141 5545 inceperunt
3177 5486 3191 5523 :
3250 5490 3277 5522 «
3335 5468 3685 5547 Scribaque
3724 5469 3925 5531 advo-

663 5571 840 5623 catur
873 5579 1018 5622 cum
1059 5560 1320 5632 tabulis,
1359 5561 1694 5639 inquiens,
1734 5563 2090 5641 Gregorius
2125 5566 2523 5635 Camaterus,
2560 5564 2623 5623 iu
2657 5564 2719 5624 id
2754 5561 2945 5625 ofﬁcii
2984 5581 3192 5642 nuper
3222 5566 3463 5626 ascitus
3512 5565 3681 5643 apud
3711 5566 3919 5645 impe-

664 5669 963 5719 ratorem.
1004 5680 1031 5712 »
1066 5660 1201 5719 Hoc
1233 5658 1434 5737 igitur
1466 5668 1753 5738 tempore
1791 5651 2072 5724 et‘itam
2107 5660 2333 5740 agebat
2365 5669 2425 5721 et
2480 5661 2799 5723 scribebat
2830 5660 3377 5741 TheOphylactus.
3442 5666 3527 5724 Ad
3586 5663 3932 5743 logotbetm

662 5756 1043 5834 dignitatem
1084 5754 1267 5815 illum
1306 5763 1528 5831 postea
1587 5758 1937 5837 imperator
1969 5760 2231 5834 evexit;
2270 5760 2535 5841 ipsique
2564 5759 2877 5838 Gregorio
2906 5761 3230 5822 Comattro
3260 5762 3587 5841 logothcta:
3614 5764 3925 5845 inscripta

665 5852 899 5930 legitur
940 5850 1209 5930 epistola
1246 5851 1341 5909 7|.
