4262 6432
281 393 342 458 91
1111 390 1209 450 DE
1247 383 1827 449 THEOPHYLACTI
1874 381 2144 444 GESTIS
2185 381 2278 440 ET
2320 377 2686 438 SClill’TiS.
3476 414 3484 426 .
3533 361 3610 423 22

288 716 525 789 Amqu
583 712 770 771 etiam
818 708 1114 770 sreculum
1146 705 1607 768 duodecimum,
1660 721 1734 762 nc
1796 703 2136 789 septimqu
2165 693 2441 777 ejusdem
2473 669 3605 789 timentilenitum..quompo‘einlmtdtis

369 765 778 857 ivéiinaniiii's
814 765 1290 862 tinivli‘ulgariam
1334 765 1606 861 irrupit,
1654 765 1996 858 Dufresnio
2052 765 2428 862 adnotante.
2470 768 2628 862 Γ]νὶ
2670 765 3604 862 cimjssimisemini-1159i:-

720 840 1413 950 Ejit'sdemaBocmundi
1443 840 2150 950 vrraptvt'vitcitt'smentio
2203 857 2272 915 in
2315 847 2589 931 epistola
2645 846 2725 907 ad
2777 841 3164 921 Gregorium
3206 840 3604 898 Tai'onilam.

371 937 672 1010 Eamdem
696 937 1267 1027 chronographiam
1287 943 1432 1003 alia
1471 937 1846 1020 conﬁrmant
1878 937 2188 1018 epistolae.

377 1098 474 1159 iis.
535 1091 931 1172 Dignissima
995 1087 1565 1152 animadversione
1623 1085 1906 1148 occurrit
1959 1080 2237 1161 epistola
2271 1080 2374 1153 65,
2407 1078 2713 1156 magistro
2761 1073 3016 1133 domino
3069 1066 3316 1127 Jounm'
3371 1065 3607 1172 Panic-

289 1198 488 1258 chmz.
556 1163 1024 1267 Theoiihylacti
1091 1186 1283 1248 verba
1346 1194 1556 1247 sunt:
1601 1207 1628 1240 «ι
1697 1186 1938 1247 Cuncta
1995 1190 2255 1254 autem,
2317 1179 2384 1239 in
2444 1176 2688 1256 quibus
2739 1171 2971 1235 Achris
3033 1173 3354 1236 versatur,
3423 1163 3612 1239 plena

295 1291 566 1351 horrent
613 1295 812 1357 metu,
853 1293 916 1346 et
981 1285 1181 1347 Mocri
1238 1282 1443 1361 regio.
1501 1284 1612 1343 Est
1645 1283 1821 1342 enim
1870 1279 1974 1340 Mo

1931 1281 2132 1341 ‘ocrus
2173 1277 2388 1354 portio
2427 1271 2757 1342 Achridis,
2793 1285 2941 1346 quae
2974 1274 3128 1344 παρὰ
3163 1271 3261 1323 τοῦ
3293 1269 3488 1321 δούλου
3521 1267 3614 1319 καὶ

292 1387 633 1448 ἀποστάτου,
676 1401 710 1445 a
751 1398 942 1445 servo
968 1392 1030 1444 et
1057 1389 1350 1460 apostata
1387 1380 1584 1441 variis
1624 1380 1685 1440 in
1722 1378 2000 1454 prmdam
2034 1373 2416 1436 incursibus
2449 1379 2744 1433 vexatur.
2779 1369 2853 1429 Et
2887 1368 3133 1442 Bagora
3167 1377 3355 1422 mons
3393 1365 3515 1460 est,
3551 1365 3613 1415 et

299 1485 446 1561 ipse
486 1483 872 1552 immensus,
915 1489 977 1542 et
1011 1456 1184 1540 int-er
1217 1477 1599 1556 Bulgaricos
1637 1485 1698 1536 et
1732 1472 2174 1553 Dyrrachinos
2229 1477 2482 1530 montes
2528 1467 2912 1544 interjectus
2952 1459 3278 1561 assurgit,
3297 1456 3419 1561 qui
3455 1463 3614 1561 τιαρξι

295 1552 396 1642 ei»:
431 1591 729 1657 ἁντάρτου,
765 1595 798 1638 a
837 1583 1115 1655 tyranno
1148 1552 1599 1637 custoditur...
1636 1552 2102 1642 Pansebastus,
2137 1575 2203 1630 et
2235 1566 2491 1628 militiae
2534 1563 2838 1642 princeps
2878 1559 3190 1621 dominus
3225 1553 3498 1657 Michael
3536 1552 3617 1611 ab

295 1650 998 1756 imperatore—missus
1059 1681 1178 1745 est,
1239 1672 1363 1733 sub
1414 1687 1547 1750 quo
1604 1670 1843 1748 selecta
1899 1668 2186 1729 virorum
2265 1677 2836 1741 corporacogere,
2875 1666 2936 1720 et
2987 1656 3053 1717 in
3119 1656 3293 1716 hunc
3325 1650 3614 1756 scelera-

293 1748 460 1848 tum,
511 1780 590 1852 τῷ
631 1781 977 1849 χαθὰρματι,
1039 1787 1109 1830 se
1139 1768 1367 1845 proelio
1399 1748 1736 1846 opponere
1777 1765 2079 1827 statuit...
2115 1766 2236 1826 Hic
2276 1771 2496 1824 autem
2535 1759 2892 1837 imperium
2938 1754 3222 1815 ambit...
3263 1767 3480 1828 neque
3513 1748 3619 1808 hic

295 1869 683 1948 imperatori
719 1866 999 1946 obsequi
1036 1867 1356 1944 illiusque
1389 1881 1535 1927 esse
1575 1880 1804 1926 servus
1832 1861 2074 1942 dignus
2103 1861 2444 1923 videbitur
2470 1857 2658 1934 jugo.
2709 1879 2737 1909 η
2784 1851 3059 1914 Michael
3098 1855 3503 1912 memoratus
3539 1864 3619 1948 ex

294 1945 536 2047 genere
574 1972 1048 2046 Ducarumest,
1111 1966 1177 2027 in
1217 1981 1443 2027 eorum
1471 1963 1832 2026 Stemmatis
1881 1967 2056 2040 parte
2106 1957 2304 2019 altera
2375 1972 2554 2016 num.
2603 1953 2746 2013 Vill
2809 1968 2842 2011 ει
2905 1947 3264 2009 Dufresnio
3321 1945 3614 2047 recensi-

294 2040 402 2128 t-us
435 2090 449 2128 :
488 2041 615 2147 qui
641 2088 670 2122 ι
716 2067 781 2127 in
818 2040 1051 2143 omnes
1077 2063 1237 2138 fere,
1271 2081 1434 2142 quas
1460 2061 1728 2123 Alexius
1755 2060 1926 2132 iniit,
1964 2056 2281 2119 militares
2313 2050 2779 2136 expeditiones
2805 2056 3097 2118 secutus,
3145 2045 3210 2105 in
3245 2043 3329 2104 iis
3363 2040 3621 2104 fortiter

295 2185 364 2226 se
388 2165 622 2244 gessit.
663 2187 694 2221 ι)

375 2287 450 2347 in
484 2287 669 2349 Notis
712 2287 793 2349 ad
827 2286 1175 2348 Alexiados
1213 2286 1450 2348 librum
1484 2302 1580 2346 xu
1615 2283 1790 2345 hunc
1823 2276 2298 2357 TheOphylacti
2334 2274 2549 2336 locum
2587 2267 3302 2350 expendenslaudatus
3337 2269 3567 2326 auctor
3602 2283 3618 2317 :

304 2404 328 2439 ιι
367 2382 795 2450 Boemundus
829 2383 1250 2453 describitur,
1278 2382 1522 2460 inquit,
1566 2381 1679 2460 qui
1728 2379 1960 2441 Alexio
1993 2378 2182 2439 ﬁdem
2219 2383 2280 2436 et
2327 2371 2702 2435 clientelam
2743 2386 2892 2432 cum
2929 2373 3334 2428 sacramento
3373 2362 3623 2441 profes-

297 2497 414 2542 sus
447 2488 627 2542 erat:
664 2497 878 2557 eoque
917 2479 1305 2559 posthabito,
1345 2479 1413 2539 in
1447 2475 1860 2556 imperatoris
1892 2475 2081 2544 ﬁnes,
2119 2479 2419 2551 apostata
2443 2477 2502 2530 et
2529 2469 2914 2550 fwdifragus
2951 2463 3185 2538 factus,
3214 2462 3561 2539 irruperat.
3592 2484 3618 2514 ι

301 2578 485 2639 Hanc
517 2577 884 2640 Boemundi
920 2577 1355 2653 irruptionem
1387 2576 1450 2636 in
1493 2575 1832 2652 Illyricum
1869 2581 1929 2633 et
1973 2570 2039 2632 in
2075 2570 2448 2650 Bulgariam
2489 2572 2749 2628 narrant
2783 2564 2994 2625 Latini
3031 2563 3411 2639 scriptores,
3449 2575 3625 2619 eam-

300 2693 434 2754 que
468 2693 618 2738 cum
651 2693 825 2739 anno
855 2676 1010 2736 1107
1036 2674 1316 2754 illigant.
1352 2672 1778 2735 Fulcherium
1823 2673 2292 2733 Carnotensem
2337 2663 2549 2727 refero
2586 2665 2654 2724 in
2694 2660 3127 2741 Expeditione
3152 2654 3626 2734 Hierosolymic

307 2753 483 2847 tuna,
520 2791 667 2850 quae
707 2772 877 2835 inter
902 2772 1099 2834 Gesta
1137 2753 1247 2832 Dei
1275 2789 1394 2851 per
1426 2771 1714 2832 Francos
1747 2775 1980 2841 exstat,
2021 2790 2049 2822 «
2080 2768 2131 2828 Α
2165 2762 2572 2836 Brundusio,
2639 2761 3082 2840 inquientem,
3156 2755 3495 2836 navigavit
3558 2753 3626 2813 in

302 2870 680 2951 Bulgariam
713 2869 913 2954 (anno
950 2869 1129 2945 1107)
1163 2877 1223 2930 et
1257 2867 1566 2931 Avalonis
1597 2874 1850 2946 portum
1885 2862 2206 2945 applicuit
2252 2884 2267 2921 :
2320 2859 2685 2922 Avalonem
2717 2858 2847 2920 cito
2880 2857 3078 2935 cepit,
3120 2865 3180 2916 et
3212 2853 3469 2916 obsedit
3498 2854 3631 2913 Du-

301 2968 578 3030 racium.
620 2990 650 3024 n
693 2969 945 3028 Annam
983 2967 1380 3028 Comnenam
1413 2964 1690 3026 consule
1726 2967 1793 3024 in
1836 2961 2191 3024 Alexiados
2240 2960 2409 3022 libro
2441 2977 2564 3020 xu.

391 3092 490 3154 15.
527 3093 680 3154 ’ἕως
709 3090 768 3153 si
801 3107 951 3153 vera
983 3091 1070 3150 sit
1101 3088 1436 3151 Dufresnii
1480 3087 1966 3168 interpretatio,
2009 3086 2211 3149 vitam
2249 3085 2466 3165 egisse
2502 3082 3067 3163 TheOphylactum
3104 3078 3348 3142 evincit
3382 3076 3624 3138 sacculo

309 3197 573 3269 inceptu
605 3188 1005 3251 duodecimo
1043 3209 1056 3247 :
1088 3171 1264 3268 quod
1301 3187 1467 3249 alios
1500 3204 1728 3249 omnes
1768 3185 2037 3248 latuisse
2071 3184 2334 3247 videtur
2363 3183 2746 3263 scriptores.
2787 3183 3017 3242 Veram
3055 3181 3198 3258 ejus
3235 3178 3628 3254 interpreta-

312 3297 566 3349 tionem
598 3284 930 3357 existimo,
959 3301 1236 3364 eamque
1274 3282 1572 3363 pluribus
1609 3283 1945 3346 conﬁrmo.
1985 3283 2226 3344 Servus
2255 3279 2516 3342 dicitur.
2540 3279 2991 3352 Boemundus,
3027 3277 3206 3356 quod
3264 3293 3437 3337 anno
3473 3277 3630 3336 1097

303 3402 455 3445 cum
490 3384 572 3445 ad
607 3381 850 3444 bellum
887 3397 1143 3444 sacrum
1177 3391 1438 3459 accepta
1468 3399 1658 3444 cruce
1705 3380 2034 3458 profectus
2068 3385 2190 3451 est,
2221 3402 2248 3435 ε
2287 3375 2623 3441 Godefridi
2668 3374 2974 3445 consilio,
3037 3373 3186 3437 fecit
3245 3372 3624 3453 bomagiuiu

310 3478 548 3542 Alexio
581 3479 983 3556 imperatori,
1045 3488 1110 3541 et
1174 3478 1505 3540 ﬁtlelitatis
1564 3477 1863 3538 exhibuit
1912 3475 2388 3555 juramentum,
2432 3499 2460 3530 »
2504 3483 2574 3535 ut
2628 3475 2715 3534 ait
2747 3473 3115 3535 Bernardus
3149 3472 3628 3535 'i‘hesaurarius

307 3577 398 3638 De
428 3577 853 3656 (requisitions
892 3579 1104 3638 Terrae
1147 3586 1379 3637 sancta
1411 3574 1619 3652 capite
1654 3577 1750 3636 1‘1.
1789 3577 2030 3636 Eadem
2066 3571 2308 3634 habent
2339 3572 2483 3652 ejus
2537 3572 2825 3633 historia)
2874 3571 3254 3651 scriptores,
3318 3580 3379 3632 et
3441 3576 3624 3631 Anna

307 3675 643 3737 Comnena
676 3673 846 3737 libro
873 3691 940 3736 x.
978 3675 1052 3735 In
1085 3673 1216 3736 alio
1280 3673 1639 3749 consimili,
1673 3671 1850 3752 quod
1904 3686 2080 3735 anno
2115 3670 2274 3733 1108
2309 3671 2529 3733 emisit
2569 3671 3021 3745 Boemundus,
3049 3671 3424 3750 juramento
3460 3670 3633 3748 apud

308 3772 712 3834 Comnenam
772 3769 840 3834 in
874 3772 1000 3833 ﬁne
1032 3771 1182 3832 libri
1220 3789 1340 3831 xm
1373 3770 1712 3849 proﬁtetur
1740 3787 1888 3833 sese
1922 3790 1951 3825 σε
1982 3766 2210 3831 lizium
2240 3765 2579 3830 hominem
2611 3768 2851 3846 sceptri
2896 3769 2991 3830 tui
3027 3767 3166 3831 fore
3205 3791 3218 3829 :
3255 3767 3378 3830 hoc
3412 3774 3532 3838 est,
3568 3775 3635 3825 ut

316 3869 550 3947 loquar
593 3869 864 3942 clarius,
905 3885 1169 3930 servum
1196 3887 1266 3928 ac
1293 3867 1655 3929 subditum.
1698 3890 1726 3922 »
2754 3888 2760 3894 ε

395 3989 566 4050 Hinc
596 4005 750 4050 vero
780 3979 1068 4066 apostata
1101 3987 1338 4058 dictus,
1390 4004 1507 4049 seu
1534 3986 1895 4080 juramenti
1930 3989 2233 4064 violator,
2269 4007 2434 4053 cum
2471 3991 2634 4053 ﬁnes
2667 3990 2929 4068 imperii
2971 4006 3143 4051 anno
3171 3992 3329 4052 11οἾ
3365 3990 3630 4051 invasit.

316 4089 537 4159 Ipsum
572 4085 767 4146 etiam
801 4086 881 4148 de
912 4084 1164 4146 ambitu
1226 4083 1939 4162 Constantinopolitani
1999 4086 2265 4165 imperii
2320 4097 2704 4165 suspectum
2766 4103 2938 4164 smpe
3007 4088 3268 4148 laudata
3305 4089 3638 4150 Comnena

315 4185 571 4245 incusat
639 4182 804 4244 libro
858 4200 903 4244 x
959 4181 1179 4244 citato.
1244 4183 1330 4242 ita
1401 4181 1710 4243 videlicet
1770 4183 1876 4243 sui
1939 4184 2140 4261 patris
2204 4184 2523 4246 vindicias
2585 4185 2813 4264 agebat
2878 4185 3042 4264 ipsa,
3083 4186 3273 4265 cujus
3309 4187 3520 4259 dolos,
3576 4197 3640 4246 et

317 4282 612 4354 iraudes,
646 4296 719 4343 ac
754 4278 1224 4359 impedimenta
1259 4280 1462 4340 sacris
1497 4286 1719 4341 contra
1750 4281 2103 4344 Saracenos
2139 4282 2683 4361 expeditionibus
2720 4283 3022 4364 apposita
3086 4283 3300 4345 Latini
3345 4283 3642 4346 referunt

315 4376 698 4454 scriptores.

397 4498 498 4561 16.
555 4497 754 4574 [VIII]
783 4499 924 4559 Jam
981 4505 1168 4561 antea
1199 4498 1543 4573 acciderat,
1585 4500 2063 4572 Boemundum,
2124 4508 2571 4569 renuntiatum
2597 4505 2966 4570 Antiochiae
3008 4505 3398 4584 principem,
3434 4527 3461 4560 α
3492 4525 3638 4566 cum

223 4649 231 4656 .
315 4593 562 4657 ﬂumen
603 4594 956 4673 Euphratis
988 4595 1346 4670 transiens,
1381 4597 1692 4659 intrasset
1729 4599 2270 4678 MeSOpotamiam
2310 4603 2401 4681 (ut
2437 4604 2526 4667 ait
2561 4603 3048 4665 Thesaurarius
3113 4603 3319 4681 capite
3375 4603 3540 4679 102),
3580 4612 3641 4662 et

315 4693 875 4773 apprOpinquaret
914 4693 1316 4766 Meletinam,
1352 4694 1619 4757 insidiis
1651 4695 1992 4774 cujusdam
2018 4701 2314 4763 admirati
2355 4705 2717 4765 Turcorum
2768 4702 3172 4774 Danismani,
3200 4711 3459 4780 captum
3499 4721 3641 4762 esse

317 4790 470 4852 etin
512 4789 795 4852 vinculis
850 4792 1315 4871 conjectum.»
1375 4793 1524 4854 Hinc
1579 4809 1753 4854 anno
1815 4793 2272 4860 οἰκήιοι-1100
2303 4802 2744 4879 contigerunt,
2811 4799 3174 4860 Romualdo
3231 4798 3643 4859 Salernitanu

317 4895 507 4949 teste.
541 4888 717 4949 inter
751 4889 1061 4967 epistolas
1093 4889 1502 4952 Meursianas
1551 4901 1760 4954 exstat
1793 4893 2102 4955 vicesima
2130 4904 2310 4957 sexta
2342 4896 2842 4977 TheOphylacti,
2880 4895 3195 4974 Gregorio
3222 4896 3487 4974 prwsidi
3517 4901 3645 4958 Ta—

315 4983 567 5045 rom’tw.
611 4983 850 5046 Eadem
890 4994 1134 5064 prostat
1182 4989 1353 5066 apud
1387 4989 1737 5052 Baronium
1781 4991 1856 5052 ad
1889 5007 2134 5052 annum
2161 4995 2339 5069 1073,
2377 5011 2557 5056 num.
2591 4996 2726 5066 XC,
2782 4995 3098 5072 inscripta
3127 4993 3392 5055 Sebasto
3422 4995 3641 5073 Pagn—

317 5079 504 5140 rt'ano
528 5077 783 5141 domino
816 5081 1106 5156 Nicolao,
1134 5086 1243 5146 sed
1306 5085 1535 5148 mutila
1569 5086 1639 5149 in
1703 5088 1830 5150 ﬁne
1864 5109 1880 5149 :
1916 5089 2093 5151 unde
2152 5093 2445 5154 eamdem
2492 5093 2650 5155 viris
2692 5092 2954 5155 duobus
3003 5093 3260 5154 dederit
3295 5093 3642 5168 epistolam

319 5176 880 5257 TheOpliylactus.
909 5180 1101 5254 Cave,
1135 5199 1216 5242 ne
1254 5183 1430 5244 viros
1463 5183 1751 5245 illustres
1789 5185 2009 5263 plures
2045 5189 2435 5267 confundas,
2487 5192 2607 5272 qui
2656 5192 2988 5254 Τανοηίιίε
3028 5202 3090 5250 et
3133 5191 3490 5256 Pacuriani
3524 5192 3644 5253 hoc

318 5289 460 5336 avo
498 5275 1156 5370 cognominabantur.
1203 5281 1417 5343 Primo
1452 5281 1595 5343 loco
1630 5283 1947 5344 militares
2004 5287 2360 5369 utriusque
2415 5290 2878 5368 expeditiones
2942 5290 3246 5366 praedicat
3284 5292 3345 5350 in
3386 5291 3644 5351 Colchi-

318 5375 470 5436 dem
503 5382 567 5436 et
602 5375 876 5436 Pontum
908 5385 1128 5438 contra
1154 5379 1422 5441 Turcas.
1459 5382 1636 5449 Tum,
1663 5398 1819 5443 vero
1853 5385 1933 5444 de
1970 5385 2001 5444 Ε

1970 5385 2238 5447 Francis
2265 5388 2358 5449 sic
2382 5389 2471 5449 ait
2506 5411 2518 5448 :
2559 5409 2587 5442 ‹‹
2623 5390 2702 5448 At
2735 5405 2892 5450 vero
2938 5397 3219 5467 Φράγγος,
3254 5399 3280 5449 ὁ
3313 5398 3404 5448 τὸν
3437 5397 3645 5468 τράχη-

317 5476 414 5534 λον
443 5480 586 5546 τέως
625 5482 910 5554 σιδήρεος.
955 5478 1240 5538 Francus
1275 5478 1530 5542 cervice
1565 5480 1845 5556 ferreus,
1885 5502 2000 5545 nui

1963 5502 2059 5546 mc
2096 5484 2314 5562 tepida
2344 5502 2491 5547 cera
2555 5484 2819 5546 mollior
2860 5486 3142 5558 exsistit,
3200 5496 3261 5547 et
3316 5487 3522 5547 multo
3587 5495 3646 5549 te

324 5579 586 5649 pectore
611 5573 861 5648 adorat,
886 5584 947 5634 et
984 5593 1095 5654 per
1130 5587 1188 5637 te
1219 5581 1748 5656 potentissimum
1782 5592 2078 5643 nostrum
2118 5583 2577 5660 imperatorem
2611 5601 3032 5664 summopere
3073 5597 3336 5645 veretur
3372 5593 3433 5644 et
3465 5586 3643 5650 colit.

319 5668 497 5743 Quid
530 5685 657 5733 non
691 5682 788 5734 est
818 5670 1139 5749 futurum,
1175 5691 1324 5736 cum
1354 5675 1543 5737 illum
1595 5678 1709 5738 tibi
1743 5678 2033 5759 supplici
2065 5683 2488 5744 veneratione
2529 5684 2751 5745 videas
2811 5684 2890 5744 ad
2949 5692 3054 5743 tua
3106 5701 3317 5764 genua
3371 5685 3650 5746 obvolun

323 5773 539 5828 tum...
607 5769 1062 5832 Taronilarum
1115 5772 1433 5835 voluntati
1482 5783 1544 5836 et
1603 5777 1864 5839 statutis
1928 5788 2223 5841 coactum
2287 5779 2593 5860 obsequi,
2633 5789 2828 5861 atque
2897 5783 2974 5843 ab
3019 5781 3117 5842 bis
3154 5781 3493 5861 tyrannica
3527 5798 3648 5859 0p-

326 5876 625 5940 pressum
671 5867 752 5944 vi,
801 5877 864 5930 ut
893 5870 1119 5933 saltem
1162 5887 1348 5933 suam
1386 5872 1597 5952 ipsius
1663 5873 2055 5952 libertatem,
2120 5878 2587 5956 imperatorum
2647 5881 2850 5958 gratia
2909 5882 3406 5943 dormit-catur...
3483 5883 3646 5943 'l‘uis
