4262 6432
695 426 766 492 93
1503 423 1727 482 BERN.
1772 420 2039 482 MARHE
2084 420 2178 480 DE
2219 416 2506 478 RUBEIS
2536 410 3043 476 DISSERTATIO
3881 402 3953 469 94

697 540 1063 620 potentibus
1099 537 1393 596 manibus
1412 536 1658 594 Turcus
1691 530 2154 592 constrictus...
2191 524 2593 604 pasciscitur,
2624 530 2688 582 ut
2724 524 3039 583 Francum
3066 526 3288 580 nostro
3317 516 3691 595 imperatori
3728 526 3954 597 poten-

698 638 949 700 tissimo
982 642 1153 695 esset
1194 631 1571 693 traditurus.
1615 651 1643 685 κ

776 735 1043 810 Captum
1078 746 1112 791 a
1144 727 1374 789 Turcis
1432 726 1879 785 Boemundum
1952 722 2081 782 hinc
2113 722 2268 782 satis
2332 719 2642 781 indicant.
2714 717 2931 777 Narrat
2982 720 3197 810 autem
3252 709 3803 810 TheOphylactus,
3847 713 3950 810 Ade

696 806 991 891 libertate
1027 827 1169 905 ejus
1204 822 1553 886 obtinenda
1584 828 1794 883 actum
1829 838 1996 891 esse,
2034 842 2061 875 α
2135 820 2592 895 imperaturum
2644 812 2844 891 gratia
2895 832 2909 871 :
2956 835 2982 864 υ
3033 808 3164 887 jam
3225 806 3399 868 enim
3458 808 3537 867 ab
3593 824 3763 868 anno
3799 807 3949 868 1091

697 941 963 987 consors
999 904 1259 997 imperii
1300 916 1664 979 declaratus
1700 915 1909 977 fuerat
1941 916 2219 975 Joannes
2254 914 2625 973 Comnenus
2684 928 2827 971 curn
2880 907 3113 969 Alexio
3155 913 3354 984 patre.
3430 904 3705 965 Videtur
3757 905 3951 965 etiam

697 1021 1009 1092 indicare,
1042 1018 1123 1078 ob
1169 1014 1376 1075 varias
1438 1013 1517 1073 de
1584 1012 1811 1072 Turcis
1872 1011 2097 1071 relatas
2125 1008 2451 1080 victorias,
2480 1006 2667 1068 facile
2700 1008 2941 1065 'l‘urcas
2972 1001 3149 1081 ipsos
3186 1001 3250 1062 in
3290 1000 3352 1060 id
3389 1017 3851 1071 consensuros,
3884 1010 3953 1061 ut

701 1118 929 1180 Alexio
962 1112 1333 1191 imperatori
1368 1110 1692 1171 traderent
1725 1107 2199 1179 Boemundum,
2231 1124 2423 1184 quem
2462 1105 2789 1182 captivum
2826 1101 3151 1162 tenebant.
3185 1098 3405 1160 Refert
3442 1100 3760 1161 lteinerus
3794 1100 3947 1161 Rei-

694 1214 958 1275 neccius
993 1212 1055 1271 in
1090 1196 1385 1269 Historia
1432 1201 1751 1274 orientali,
1816 1204 1981 1263 libro
2037 1220 2129 1276 ιι,
2163 1204 2369 1279 capite
2426 1203 2525 1275 38,
2592 1226 2619 1258 α
2665 1200 2969 1261 Alcxium
3032 1200 3515 1275 imperatorem,
3552 1196 3654 1258 cui
3691 1215 3954 1275 semper

694 1308 1115 1371 Boemundus
1140 1313 1483 1381 suspectus
1509 1310 1663 1371 erat,
1701 1317 1778 1362 ne
1836 1316 1983 1361 eum
2047 1318 2081 1361 e
2145 1317 2341 1378 regno
2384 1298 2765 1377 expelleret,
2801 1295 3138 1373 pecuniam
3172 1314 3330 1357 σου(
3374 1296 3657 1355 millium
3696 1296 3951 1373 Byzan-

692 1406 1005 1475 tinorum,
1042 1400 1453 1463 creberrimis
1508 1398 1948 1476 legationibus
2008 1397 2459 1476 epistolarum,
2522 1393 2840 1455 obtulisse
2884 1393 3252 1455 Donimano
3294 1390 3431 1470 (qui
3500 1392 3956 1456 Boemundum

691 1501 1016 1577 captivum
1074 1497 1306 1560 fecerat
1360 1492 1775 1574 tenebatque)
1828 1503 2151 1573 quatenus
2221 1494 2434 1571 ipsum
2497 1490 2944 1553 Boemundum
3007 1508 3146 1553 sum
3208 1492 3610 1571 manciparet
3666 1492 3901 1555 ditioni
3936 1534 3954 1561 ,

690 1596 920 1657 volens
959 1612 1105 1655 eum
1131 1603 1238 1654 aut
1268 1600 1511 1653 interno
1544 1590 1808 1663 exsilio,
1875 1597 1985 1651 aut
2044 1596 2357 1667 perpetua
2424 1588 2835 1650 damnatione
2891 1588 3147 1665 punire.
3203 1613 3231 1645 ι
3287 1590 3411 1649 Res
3473 1606 3625 1650 vero
3684 1589 3959 1666 contigit

691 1694 906 1755 aliter.
944 1696 1036 1752 Ad
1067 1692 1199 1753 haec
1234 1678 1463 1769 utique
1501 1687 1796 1749 alludere
1830 1686 2092 1748 videtur
2118 1684 2667 1766 TheOpbylactus,
2720 1684 2834 1765 qui
2866 1693 3075 1747 tamen
3128 1702 3200 1747 ea
3251 1686 3395 1763 plus
3433 1686 3637 1748 nimio
3674 1687 3962 1766 ampliﬁ-

692 1797 813 1857 cat,
846 1805 1089 1865 proque
1126 1786 1321 1866 genio
1351 1784 1649 1864 votisque
1683 1781 2036 1862 composita
2061 1791 2297 1845 narrat.
2334 1784 2551 1845 Datam
2578 1798 2731 1860 ergo
2764 1782 2922 1843 hanc
2954 1782 3098 1861 ejus
3134 1783 3476 1861 epistolam
3508 1801 3679 1846 anno
3703 1784 3962 1847 circiter

694 1886 851 1947 1100
874 1886 1001 1963 jam
1028 1884 1236 1945 vides.
2142 1886 2145 1889 '

776 1982 1063 2061 Ccrcyrw
1094 1998 1212 2043 seu
1246 1978 1537 2057 Corcyra:
1568 1982 1865 2059 episcopo
1898 1979 2133 2057 scripta
2168 1984 2263 2041 est
2292 1976 2565 2056 epistola
2600 1978 2703 2051 22,
2734 1977 2844 2037 ubi
2882 1976 3013 2039 haec
3052 1976 3372 2039 habentur
3418 2000 3431 2039 :
3489 2001 3518 2035 α
3549 1980 3679 2043 Nos
3741 1987 3957 2041 autem

692 2088 937 2157 tatem;
992 2064 1680 2158 staxnpetp’Asoupto;,
1738 2076 2177 2139 Sennacherib
2236 2076 2375 2153 A88:

2282 2074 2546 2153 ,ssyrius
2612 2073 2824 2147 elisit;
2886 2083 2947 2138 ὃν
2980 2087 3011 2154 ἡ
3059 2086 3201 2155 μέση
3225 2086 3335 2140 τῶν
3364 2085 3628 2153 ποταμῶν
3650 2087 3781 2155 ἡμῖν
3806 2086 3965 2155 ἀμείη

692 2185 878 2239 λικτον
907 2185 1330 2249 ὲπαπέστει).εν,
1375 2192 1570 2254 quem
1612 2172 2073 2251 Mesotiotamia
2116 2171 2304 2235 nobis
2340 2188 2372 2233 a

2282 2190 2304 2232 ς
2340 2188 2641 2251 asperum
2675 2171 2914 2235 emisit.
2958 2196 2985 2229 ιο
3018 2175 3209 2237 Hunc
3246 2191 3281 2236 e
3334 2176 3799 2252 MeSOpotamia
3856 2177 3965 2239 ad~

693 2274 1061 2335 venientem
1094 2280 1314 2334 contra
1386 2272 1723 2349 Bulgaros,
1763 2268 1952 2331 facile
2014 2270 2466 2331 Boemundum
2526 2268 2987 2331 intellexerim.
3052 2271 3420 2333 Bernardus
3485 2272 3960 2334 Thesaurarius

693 2369 835 2433 loco
862 2370 1077 2444 citato,
1102 2369 1308 2442 capite
1341 2368 1481 2441 103,
1516 2368 1610 2428 sic
1642 2367 1731 2428 ait
1768 2388 1783 2426 :
1829 2389 1858 2423 α
1892 2364 2335 2444 Bojamundus
2372 2372 2513 2443 post
2570 2363 2938 2445 bmcs'gratia
2970 2367 3085 2429 Dei
3134 2384 3168 2429 a
3208 2366 3580 2431 carceribus
3648 2368 3960 2431 liberatus

695 2466 819 2546 (vel
869 2483 1037 2528 anno
1080 2467 1259 2538 1102,
1291 2464 1390 2527 vel
1425 2464 1617 2525 etiam
1650 2464 1827 2539 11M,
1857 2472 1923 2524 ut
1947 2462 2095 2525 aliis
2147 2464 2427 2541 aliisque
2463 2463 2722 2543 placet),
2753 2465 3114 2543 gaudenter
3160 2464 3241 2527 ab
3271 2466 3697 2531 Antiochenis
3730 2483 3958 2529 susce-

692 2574 841 2641 ptus
874 2572 989 2627 est.
1026 2565 1173 2641 Ipse
1196 2562 1470 2641 aliique.
1505 2569 1895 2641 congregato
1932 2560 2247 2636 exercitu,
2279 2569 2689 2624 transeuntes
2724 2561 3142 2640 Euphratem,
3192 2562 3269 2625 ad
3314 2562 3727 2626 obsidionem
3760 2564 3963 2627 Carre

690 2661 876 2723 urbis
913 2658 1177 2738 profecti
1214 2668 1389 2723 sunt.
1419 2662 1530 2721 Est
1559 2668 1776 2721 autem
1830 2659 2045 2732 Carra,
2102 2659 2241 2721 sive
2286 2661 2536 2733 Carras,
2569 2659 2873 2723 civitas...
2916 2660 2983 2722 in
3016 2661 3563 2738 Mesopotamia...
3606 2661 3956 2725 Christiani

693 2757 1075 2838 fugerunt...
1108 2758 1547 2837 Bojamundus
1575 2756 1876 2834 Apuliam
1916 2756 2173 2818 venit...
2209 2758 2455 2820 Interea
2482 2757 2925 2837 Bojamundus
2950 2756 3145 2836 (anno
3198 2757 3377 2837 1107)
3424 2765 3611 2821 nacto
3644 2758 3767 2819 sibi
3798 2772 3961 2820 tem-

689 2872 874 2935 pore,
908 2854 1136 2918 ulcisci
1174 2853 1402 2917 volens
1434 2853 1714 2933 injurias
1742 2870 1904 2932 quas
1941 2870 2052 2931 per
2084 2852 2293 2916 varias
2343 2853 2617 2917 insidias
2655 2855 2795 2935 ipse
2820 2872 2965 2919 cum
3000 2855 3139 2916 suis
3197 2853 3444 2935 aliique
3483 2854 3833 2919 Christiani
3882 2852 3962 2916 ab

691 2953 925 3015 Alexio
995 2953 1409 3027 imperatore,
1475 2951 1685 3029 primo
1749 2950 2291 3031 peregrinationis
2346 2954 2708 3033 procinctu,
2773 2960 3066 3032 perpessi
3124 2950 3409 3022 fuerant.
3447 2972 3595 3017 cum
3634 2951 3957 3015 militibus

692 3065 860 3129 quos
893 3049 971 3110 de
1000 3047 1199 3110 Gallis
1226 3048 1647 3121 conduxerat,
1682 3054 1746 3109 et
1776 3050 1953 3108 enini
1983 3045 2349 3125 Apulorum
2381 3048 2697 3121 exercitu,
2744 3056 2958 3128 parata
3018 3050 3217 3114 classe
3244 3053 3586 3122 maritima,
3649 3050 3964 3112 Constan-

696 3146 1041 3223 tinopolim
1071 3145 1323 3208 tendit:
1358 3152 1421 3208 et
1447 3163 1562 3225 per
1594 3144 1789 3209 urbes
1825 3144 2089 3233 imperii
2140 3144 2492 3213 maritimas
2544 3148 2898 3223 transiens,
2960 3156 3222 3234 cunctas
3275 3146 3449 3211 ferro
3514 3146 3865 3226 portulatus
3900 3153 3963 3209 et

686 3243 866 3323 igne,
902 3242 1148 3321 ingenti
1188 3243 1397 3321 praada
1456 3242 1697 3306 ditatus
1752 3251 1923 3306 est...
1987 3244 2280 3323 Cumque
2336 3245 2689 3308 Duracium
2722 3245 3149 3326 pervenisset,
3185 3246 3533 3324 imperator
3572 3243 3957 3324 Bojamundi

688 3340 943 3403 viribus
976 3341 1266 3415 territus,
1309 3358 1527 3420 pacem
1564 3359 1711 3404 cum
1745 3358 1825 3405 eo
1859 3360 1969 3421 per
2002 3342 2246 3422 legatos
2308 3344 2697 3422 composuit.
2757 3366 2788 3403 ι
2839 3345 2973 3406 Hac
3033 3342 3113 3405 de
3166 3361 3232 3405 re
3270 3342 3581 3404 latissime
3614 3344 3747 3420 agit
3774 3344 3963 3403 Anna

692 3439 1020 3502 Comnena
1050 3438 1118 3499 in
1150 3437 1499 3500 Alexio-dos
1538 3438 1723 3501 libris
1760 3457 1856 3506 xu
1888 3446 1950 3501 et
1982 3457 2128 3501 xm.
2168 3440 2283 3501 His
2314 3440 2473 3503 belli
2522 3440 2807 3503 motibus
2857 3440 3097 3503 elisum
3156 3458 3222 3502 se
3258 3438 3590 3517 elisosque
3625 3455 3781 3501 suos
3812 3438 3965 3499 Bul-

690 3552 876 3609 garos
903 3538 990 3597 ait
1018 3535 1541 3616 'l‘heOphylactus
1563 3536 1641 3598 ab
1675 3560 1702 3593 α
1734 3537 2003 3617 Assyrio
2024 3536 2531 3613 Sennacheribo,
2559 3560 2589 3599 in
2610 3536 2856 3601 scilicet
2880 3537 3285 3609 Boemundo,
3324 3558 3351 3591 σι
3388 3552 3468 3597 ex
3498 3533 3960 3611 MeSOpotamia

691 3635 974 3707 emisso;
1013 3658 1041 3691 ι
1080 3642 1422 3712 prapterea
1447 3637 1621 3713 quod
1662 3635 1725 3695 in
1753 3636 2221 3713 Mesopotamia
2248 3652 2285 3698 a
2315 3635 2546 3697 Turcis
2575 3644 2822 3714 captus,
2883 3635 3093 3697 victus
3126 3634 3317 3694 etiam
3380 3632 3459 3693 ab
3483 3632 3754 3704 eisdem,
3820 3636 3965 3708 post

691 3731 1049 3794 libertatem
1086 3733 1153 3793 in
1193 3733 1681 3809 Me50potamia,
1718 3734 1870 3795 inde
1908 3732 1976 3794 in
2008 3732 2309 3811 Apuliam
2341 3748 2647 3793 reversus
2681 3737 2803 3804 est,
2854 3728 3258 3809 collectoque
3318 3729 3609 3791 exercitu
3644 3726 3709 3788 in
3741 3724 3963 3805 Illyri-

690 3846 836 3893 cum
874 3828 1089 3900 rediit,
1120 3836 1181 3891 et
1214 3830 1279 3891 in
1314 3829 1708 3907 Bulgariam,
1739 3830 1895 3918 igne
1922 3828 2227 3906 ferroque
2250 3828 2477 3891 omnia
2514 3827 2884 3905 populatus.

771 3926 865 3987 Ad
902 3927 1032 4005 haec
1070 3934 1359 4006 tempora
1392 3936 1639 4006 spectat
1672 3917 1947 4007 epistola
1992 3930 2081 3997 l1.
2113 3926 2197 3987 ad
2232 3926 2556 3987 dominum
2617 3922 3005 3987 Theodulum
3031 3921 3597 4002 metropolitanum
3633 3917 3966 3981 Thessale-

687 4026 1023 4084 m'rmscm.
1078 4022 1181 4087 Sic
1240 4024 1328 4085 ait
1386 4042 1540 4087 vero
1596 4024 2123 4103 TheOphylactus
2168 4047 2182 4085 :
2252 4047 2280 4078 α
2313 4024 2363 4085 Ν

2313 4024 2456 4085 Non
2482 4021 2747 4102 quidem
2778 4022 3060 4101 ignoras,
3108 4028 3191 4092 τις
3230 4030 3380 4082 ἐστιν
3410 4022 3568 4089 οὗτος
3596 4029 3624 4080 ὁ
3656 4026 3751 4078 ἀπ’
3788 4025 3963 4094 ἀρχῆς

686 4130 1027 4198 ἀποστάτης,
1061 4132 1157 4183 καὶ
1194 4131 1602 4201 τραχηλαστὴς,
1633 4134 1661 4184 ὁ
1699 4130 1796 4186 τοῦ
1822 4133 2030 4203 κόσμου
2068 4132 2357 4202 τύραννος,

2278 4149 2357 4196 ος,
2405 4121 2555 4201 quis
2592 4121 2711 4182 iste
2749 4120 2857 4190 sit,
2922 4121 3035 4201 qui
3069 4137 3103 4181 a
3139 4119 3461 4197 principio
3496 4117 3619 4178 fuit
3648 4124 3961 4192 apostata,

688 4219 1078 4294 superhiens
1110 4227 1171 4279 et
1196 4218 1400 4295 ferox,
1438 4222 1637 4283 totius
1671 4222 1898 4285 mundi
1934 4232 2275 4303 tyrannus.
2303 4222 2536 4284 Contra
2555 4218 2727 4280 hunc
2752 4218 3019 4297 quidem
3052 4226 3109 4278 te
3149 4233 3473 4285 vocamus,
3508 4231 3546 4276 o
3578 4213 3687 4275 Dei
3722 4211 3959 4273 homo:

690 4326 751 4377 et
787 4319 1031 4378 utinam
1053 4317 1183 4395 jam
1223 4318 1478 4381 eveniat
1518 4318 1729 4392 nobis,
1761 4327 1830 4382 ut
1864 4321 2167 4382 omnibus
2202 4318 2382 4381 illius
2422 4319 2564 4395 [IX]
2626 4314 2970 4394 tyrannide
3025 4316 3270 4393 pressis
3328 4320 3391 4374 et
3432 4311 3623 4384 fusis,
3672 4318 3783 4371 tua
3840 4325 3965 4387 ope

691 4413 996 4493 planctus
1030 4423 1091 4476 et
1132 4416 1423 4478 maeroris
1458 4417 1648 4479 ﬁnem
1674 4417 2007 4497 possimus
2039 4416 2329 4496 aliquem
2380 4414 2707 4476 invenire.
2766 4435 2792 4466 υ
2834 4411 3282 4473 Boemundum
3323 4409 3562 4490 passim
3609 4408 3811 4469 Graeci
3852 4422 3964 4468 vo-

690 4512 913 4573 cabant
949 4536 972 4569 ι
1010 4529 1045 4573 a
1078 4512 1549 4594 principiojam
1588 4523 1965 4595 apostatam.
2005 4540 2033 4569 υ
2068 4520 2248 4575 Anna
2282 4513 2605 4578 Comnena
2640 4510 2805 4571 libro
2842 4528 2907 4583 ι,
2941 4509 3050 4570 ubi
3082 4509 3161 4570 de
3192 4508 3566 4587 juramento
3600 4503 3961 4567 Boemundi

688 4610 821 4689 agit
857 4632 871 4671 :
912 4633 938 4666 ι
974 4610 1090 4672 Vel
1128 4612 1304 4689 quod
1341 4612 1559 4683 homo,
1594 4612 1839 4691 inquit,
1873 4613 1953 4674 ad
1991 4612 2333 4691 religionis
2393 4617 2836 4688 contemptum
2897 4606 3233 4679 educatus,
3270 4614 3334 4666 et
3380 4603 3579 4685 longo
3612 4621 3739 4666 usu
3775 4602 3963 4679 quasi

690 4706 967 4785 quadam
1006 4715 1230 4775 natura
1271 4708 1598 4786 perjurus,
1636 4709 1989 4770 ridiculum
2025 4717 2283 4787 putaret
2328 4709 2785 4787 injuramento
2816 4705 3255 4784 tergiversari.
3288 4726 3318 4760 η
3347 4704 3452 4765 Ait
3490 4702 3685 4765 etiam
3718 4700 3964 4763 ibidem

689 4803 997 4879 Sangeles
1038 4803 1111 4863 ad
1158 4805 1525 4881 Augustum
1564 4825 1579 4864 :
1629 4826 1659 4860 α
1692 4805 1851 4866 Cum
1882 4821 1915 4864 a
1954 4805 2213 4884 proavis
2248 4803 2608 4883 perjurium
2650 4811 2711 4866 et
2744 4801 2990 4873 dolum,
3044 4801 3217 4862 velut
3255 4799 3694 4861 haareditatem
3729 4814 3965 4877 quam-

690 4898 837 4960 dam
875 4901 1313 4977 Boja'nundus
1348 4900 1690 4979 acceperit,
1730 4902 1965 4961 mirum
1996 4900 2175 4962 valde
2210 4902 2263 4961 si
2310 4908 2764 4982 permaneat.»
2799 4901 2927 4963 Cur
2959 4916 3111 4962 vero
3161 4900 3215 4961 is
3247 4899 3511 4968 dicitur,
3546 4897 3660 4975 qui
3693 4918 3723 4954 tl
3758 4897 3970 4959 cervi-

690 5013 826 5057 cem
877 4996 1263 5069 extulerit,»
1294 5006 1354 5058 et
1382 5018 1411 5055 α
1452 4997 1673 5058 mundi
1716 5005 2031 5076 tyrannus
2066 5008 2317 5061 esset.»
2352 5001 2534 5060 Anna
2562 4999 2886 5059 Comnena
2914 4999 3143 5059 eodem
3178 4997 3318 5060 loco
3346 4997 3627 5059 declarat
3671 5017 3750 5057 ε(
3794 4994 3967 5057 Reli-

690 5092 906 5168 gionis
936 5093 1042 5154 ille
1072 5094 1364 5171 quidem,
1392 5094 1726 5174 inquiens,
1752 5093 2207 5156 etvindicandi
2250 5096 2508 5157 Domini
2538 5096 2822 5175 sepulcri
2860 5095 3098 5157 larvam
3123 5096 3465 5175 cupiditati
3494 5093 3921 5175 superposuit
3946 5093 3976 5151 ε’

690 5201 989 5251 caeterum
1025 5210 1140 5269 per
1171 5192 1358 5252 istam
1391 5191 1797 5255 occasionem
1830 5193 2008 5253 omni
2069 5192 2263 5255 modo
2328 5194 2722 5264 decreverat,
2761 5194 3193 5273 principatum
3242 5194 3369 5256 sibi
3400 5194 3686 5272 aliquem
3722 5190 3965 5255 alicubi

697 5303 940 5355 parare.
972 5288 1101 5348 Nec
1128 5288 1567 5361 dubitaturus,
1628 5290 1683 5350 si
1756 5291 2042 5353 secunda
2104 5292 2377 5371 spiraret
2430 5308 2584 5353 aura
2636 5291 2941 5362 fortunae,
3003 5293 3363 5353 Romanum
3424 5293 3641 5370 ipsum
3682 5290 3963 5369 cogitare

694 5383 956 5457 solium,
985 5392 1046 5445 et
1078 5384 1309 5449 Alexio
1342 5394 1608 5448 extruso
1664 5404 1734 5447 se
1795 5387 2251 5469 imperatwem
2301 5388 2535 5454 facere.
2586 5414 2612 5446 ν
2666 5392 2757 5452 Ita
2816 5391 3269 5453 Boemundum
3319 5390 3680 5471 pingebant
3733 5389 3963 5463 01·ωοὶ.

692 5480 931 5557 quibus
962 5483 1341 5544 adhaerescit
1373 5483 1933 5563 Theophylactus.

771 5580 865 5640 Ad
920 5581 1140 5642 eadem
1201 5575 1409 5642 r'efero
1461 5582 1724 5643 demum
1769 5591 2055 5661 tempora
2110 5586 2449 5663 epistolam
2502 5588 2600 5661 17,
2647 5586 2936 5664 Ccrcyra:
2996 5586 3317 5666 episcopo.
3386 5588 3534 5648 Hinc
3585 5586 3959 5649 habentur:

689 5695 720 5731 ‹‹
763 5676 975 5737 Gratia
1039 5676 1123 5737 sit
1187 5678 1781 5741 misericordiarum
1835 5682 2041 5751 Patri,
2111 5690 2172 5741 et
2230 5684 2359 5744 Deo
2428 5683 2627 5745 totius
2689 5682 3197 5756 consolationis;
3246 5707 3273 5741 ι)
3329 5685 3644 5763 quoniam
3696 5694 3753 5745 tv
3792 5691 3969 5757 οὕτως

686 5783 924 5853 ἡμέραις
952 5788 1238 5856 πονηραῖς,
1260 5785 1355 5839 καὶ
1380 5787 1441 5838 ὲν
1476 5790 1688 5854 καιροϊς
1715 5787 1953 5857 ἀφίλοις,
1989 5790 2084 5841 καὶ
2114 5786 2369 5859 Θηριώδεε

2280 5789 2429 5854 ιδεσι,
2474 5780 2575 5841 his
2621 5778 2857 5843 diebus
2912 5780 3119 5854 malis,
3163 5798 3235 5843 ac
3276 5782 3687 5861 temporibus
3732 5781 3963 5845 inimi-

690 5874 780 5933 cis
830 5881 889 5934 et
941 5874 1119 5947 leris,
1174 5882 1345 5936 tuam
1394 5891 1500 5939 sai'
1554 5876 1795 5939 titatem
1857 5878 2041 5938 nobis
2076 5887 2336 5957 paterna
2405 5878 2754 5943 dilectione
2804 5878 3153 5944 cinctam...
3220 5880 3573 5942 indulsit...
3632 5880 3703 5943 Ut
3752 5898 3965 5962 neque
