4262 6432
689 405 758 468 27
1504 402 1710 463 BERN
1769 400 2034 461 MARI/E
2076 402 2171 462 DE
2207 402 2493 462 PUBEIS
2534 399 3039 462 DISSERTATIO
3884 390 3957 455 28

765 520 864 582 20.
904 518 1285 581 Litterarum
1322 517 1684 597 praistantia
1716 518 1981 580 ﬂorebat
2018 538 2032 577 ς
2065 518 2327 596 egitque
2359 517 2687 578 rhetorem
2724 523 2872 577 ante
2928 515 3255 592 indeptam
3300 511 3705 590 dignitatem.
3750 505 3959 570 Sacris

688 614 905 689 ipsum
939 614 1001 675 in
1038 614 1407 693 disciplinis
1443 612 1796 691 plurimum
1840 612 2152 685 valuisse,
2192 612 2357 675 bene
2413 613 2637 687 multa,
2699 629 2846 691 qum
2890 610 3053 673 infra
3104 608 3505 671 recensenda
3550 613 3727 677 sunt,
3788 603 3966 665 evin-

688 718 843 773 cunt
882 711 1177 787 prmclara
1232 711 1373 792 ejus
1432 728 1651 789 opera.
1696 710 1819 771 Sed
1852 712 2046 772 etiam
2092 709 2468 772 liberalibus
2519 709 2809 787 apprime
2846 710 3175 770 excultum
3211 705 3447 766 litteris
3498 704 3780 781 produnt
3814 698 3959 778 ejus

694 807 1021 883 Epistolas,
1056 824 1127 869 ac
1168 808 1339 869 varia
1385 824 1511 887 qna
1556 806 1807 868 referta)
1854 813 2028 876 sunt,
2062 806 2370 867 eruditio.
2405 807 2739 867 Accedunt
2769 805 3107 865 Institutio
3134 803 3330 880 Regia
3353 800 3435 861 ad
3460 798 3963 887 Constantinum

689 902 1440 982 Porphyrogenitumyﬂ
1478 903 1701 967 Oratio
1750 903 1833 964 ad
1864 901 2161 963 Aternium
2192 902 2573 963 Comnenum
2598 900 2976 979 Augustum,
3010 916 3082 961 ac
3118 898 3409 976 denique
3444 886 3509 957 in
3548 892 3963 957 Carminibus

694 998 1047 1076 pangendis
1088 999 1342 1078 peritia,
1376 1016 1655 1081 quorum
1691 1000 1837 1080 ipse
1872 996 2166 1059 meminit
2201 997 2267 1059 in
2323 996 2597 1076 epistola
2625 998 2707 1058 20
2751 994 2835 1057 ad
2875 996 3394 1059 Mermentlarum
3429 993 3820 1072 episcopum,
3856 988 3963 1048 in-

689 1095 927 1175 quiens
974 1116 1051 1154 ια
1090 1098 1226 1159 Hoc
1273 1098 1538 1177 quidem
1601 1099 1779 1178 quod~
1841 1096 2055 1158 solum
2098 1093 2318 1165 habui,
2386 1091 2680 1154 iambicis
2736 1093 3038 1155 versibus
3098 1090 3351 1169 expuli,
3411 1088 3647 1151 multas
3701 1087 3965 1148 interim

688 1190 932 1269 elegias
981 1198 1186 1261 totum
1227 1212 1342 1272 per
1391 1211 1631 1257 annum
1678 1196 2023 1257 concinere
2075 1200 2357 1255 coactus.
2402 1213 2431 1245 ιο
2461 1190 2631 1251 Hinc
2678 1206 2829 1251 vero
2862 1189 2948 1251 ob
2988 1189 3451 1258 eruditionem,
3506 1201 3633 1265 qua
3672 1182 3965 1252 ﬂorebat,

691 1298 841 1349 nato
871 1289 1316 1362 Constantino,
1357 1290 1695 1352 Michaelis
1736 1293 1931 1367 Ducre
1960 1297 2022 1352 et
2056 1289 2274 1352 Mariae
2304 1286 2463 1357 ﬁlio,
2502 1292 2859 1364 prmceptor
2896 1286 3282 1365 designatus
3315 1283 3671 1361 datusque.

771 1384 874 1446 2i.
922 1385 1100 1460 Saepe
1133 1386 1505 1447 memoratis
1540 1404 1620 1447 ex
1664 1386 1972 1467 Epistolis
2004 1385 2427 1455 addiscimus,
2460 1382 2548 1444 ita
2580 1381 2854 1444 Acbride
2887 1382 2954 1444 in
3014 1382 3317 1461 Bulgaria
3364 1379 3580 1460 egisse
3624 1372 3975 1453 'I‘heophy-

696 1478 962 1554 lectum,
1005 1488 1073 1542 ut
1114 1481 1353 1559 regiam
1388 1483 1454 1543 in
1492 1482 1715 1545 urbem
1752 1482 2110 1545 identidem
2149 1481 2515 1556 ventitaret,
2552 1480 2692 1541 sive
2745 1480 3005 1558 negotia
3080 1495 3201 1540 sua
3252 1482 3781 1556 pertractaturus,
3833 1471 3974 1531 sive

697 1577 1032 1640 invisurus
1086 1579 1274 1640 etiam
1344 1580 1739 1658 discipulum
1833 1580 2187 1661 principem
2220 1623 2237 1651 ,
2281 1578 2558 1658 ejusque
2616 1584 2879 1638 matrem
2927 1575 3218 1646 Mariam,
3258 1580 3366 1636 aut
3408 1580 3783 1649 regnantem
3828 1582 3974 1628 cum

692 1674 1199 1752 imperatoribus
1246 1677 1561 1739 Michaele
1603 1685 1664 1738 et
1696 1677 2221 1747 Botoniata,-’aut
2263 1675 2332 1735 in
2372 1672 2767 1735 monasterio
2812 1672 3157 1752 degentem
3191 1672 3314 1733 sub
3342 1670 3575 1732 Alexio
3609 1670 3973 1730 Comneno.

692 1771 1011 1846 Tempore
1048 1772 1457 1849 procedente,
1500 1774 1910 1852 Bulgaricum
1948 1775 2164 1834 minus
2200 1771 2327 1851 ipsi
2362 1770 2684 1846 placuisse
2726 1769 3108 1841 incolatum,
3156 1768 3365 1847 prodit
3416 1767 3555 1845 ejus
3584 1762 3862 1843 epistola
3895 1758 3979 1819 ad

690 1866 1001 1928 Joannem
1048 1886 1338 1946 magnum
1388 1870 1812 1943 domesticum,
1872 1871 2041 1948 apud
2096 1868 2441 1931 Baronium
2499 1867 2579 1929 ad
2644 1882 2887 1927 annum
2945 1867 3125 1941 1071,
3194 1881 3373 1927 num.
3409 1864 3590 1933 XXI,
3674 1859 3805 1922 ubi'
3844 1858 3980 1919 hac

694 1960 1019 2025 habentur
1054 1985 1069 2025 :
1113 1987 1139 2018 α
1176 1967 1313 2026 Non
1350 1966 1565 2028 servio
1598 1968 1788 2029 diviti
1825 1967 2087 2047 regium,
2127 1967 2517 2044 mundaeque
2552 1971 2613 2025 et
2646 1963 2953 2042 pulchrae,
2998 1974 3192 2042 atque
3233 1963 3396 2025 adeo
3431 1960 3665 2021 Veneri
3709 1973 3928 2020 aurem
3963 1973 3978 2012 :

696 2062 811 2121 sed
841 2060 1047 2122 servis
1074 2061 1403 2137 barbaris,
1429 2063 2121 2147 impurisfmtidasque
2162 2064 2360 2144 pelles
2382 2059 2795 2123 olentibus...
2846 2061 3088 2123 Solvite
3121 2078 3223 2122 me
3256 2060 3372 2121 bac
3414 2058 3588 2136 turpi
3641 2056 3977 2127 servitute,

698 2158 811 2235 qui
848 2160 1142 2236 potestis.
1180 2183 1207 2215 ιο

778 2255 1093 2317 Eumdem
1135 2256 1344 2333 ipsius
1374 2258 1664 2320 animum
1699 2260 1942 2321 indicat
1975 2254 2249 2339 epiStola
2294 2262 2463 2324 inter
2496 2260 2901 2327 Meursianas
2945 2259 3053 2333 21,
3104 2257 3180 2319 ad
3225 2255 3560 2316 Anenium.
3608 2252 3714 2313 Ait
3752 2250 3929 2312 enim
3964 2270 3981 2311 :

700 2368 729 2399 α
764 2346 979 2407 Meum
1018 2347 1179 2408 mihi
1223 2350 1548 2411 somnium
1604 2370 1947 2413 enarras...
2006 2372 2102 2417 me
2142 2355 2208 2416 in
2249 2357 2461 2421 media
2496 2356 2800 2437 Bulgaria
2838 2354 3144 2417 barbaros
3185 2361 3247 2415 et
3281 2351 3561 2414 rusticos
3595 2366 3807 2411 mores
3833 2365 3983 2410 cre-

698 2443 859 2503 dens
900 2443 1157 2505 imitari.
1195 2446 1447 2524 Inspice
1502 2449 1703 2521 enim,
1741 2460 2055 2528 quantum
2101 2468 2223 2530 ego
2280 2455 2666 2517 rusticitatis
2717 2463 2779 2516 et
2817 2452 3095 2515 feritatis
3136 2458 3451 2513 craterem
3494 2447 3837 2520 ebiberim,
3865 2443 3986 2525 qui

698 2551 968 2606 τοσούτων
1000 2554 1140 2608 ἑτῶν
1160 2555 1269 2608 τῶν
1296 2555 1395 2627 τῆς
1415 2557 1610 2627 σοφίας
1644 2560 1866 2630 χωρίων
1888 2560 2221 2632 ἀποδημῶν,
2280 2558 2370 2616 tot

700 2641 881 2702 irrita
919 2639 1124 2702 fuere.

2305 2560 2370 2616 ot
2414 2552 2605 2615 annis
2648 2549 3043 2629 asapientia
3075 2549 3235 2612 locis
3302 2546 3557 2610 absum.
3593 2567 3623 2604 ι
3657 2545 3810 2607 Vota
3841 2542 3987 2623 ejus

700 2641 881 2703 irrita
919 2641 1124 2705 fuere.

2264 2818 2403 2887 VII.

699 2967 995 3059 Ecclesia
1015 2969 1368 3048 Bulgaricw
1389 2972 1500 3033 sub
1526 2972 1778 3050 regibus
1811 2975 2103 3067 propriis
2139 2976 2421 3036 initium.
2466 2975 2549 3035 De
2571 2976 2725 3055 jure
2749 2974 2816 3033 in
2846 2973 3049 3052 ipsam
3083 2971 3408 3033 contentio
3456 2971 3773 3032 Romanos
3803 2984 3980 3108 gmn-

784 3046 981 3108 ttﬁces
1016 3054 1185 3108 inter
1212 3070 1286 3108 ac
1314 3053 1650 3108 enisconos
1679 3053 2093 3108 Buzantmos-
2164 3055 2416 3108 Throno
2453 3051 3173 3108 Constantinonolitano
3204 3069 3333 3108 non
3370 3050 3677 3108 obnoxia.
3708 3048 3797 3108 Su
3842 3056 3980 3107 acta

784 3046 981 3132 tiﬁc‘es
1016 3046 1185 3132 inter
1212 3070 1286 3111 ac
1314 3046 1650 3129 episcopos
1679 3046 2093 3131 Byzantinos.
2162 3055 2416 3115 Τῆνοηο
2453 3046 3176 3132 Οοσῖεεαηιίηόροιίιαηο
3204 3069 3333 3110 non
3370 3050 3677 3112 obnoxia.
3708 3046 3989 3108 Subacta

777 3128 1113 3213 a_‘_Grar_cis
1184 3128 1683 3213 imperatoribus
1732 3128 2091 3211 provincia,
2150 3134 2659 3213 autocephaliam
2743 3128 2953 3213 servat
3023 3131 3349 3213 Ecclesia,
3432 3147 3681 3213 eumue
3737 3134 3991 3213 tutatur

785 3204 1289 3299 Theophylactui
1354 3220 1579 3271 contra
1646 3204 1807 3292 jura
1871 3204 2308 3291 Staurbpegii.
2368 3204 2667 3276 Marinus
2720 3210 3124 3285 emendatus,
3191 3212 3470 3289 itemque
3530 3204 3808 3271 Joannes
3866 3204 3990 3265 Lo-

780 3303 1060 3348 ηιοενω.

781 3429 883 3490 '22.
910 3430 1263 3507 Bulgaricm
1289 3430 1595 3510 regionis,
1632 3430 1741 3493 ubi
1792 3431 2319 3510 Theonhylactus
2366 3428 2717 3493 Ecclesiam
2773 3429 3229 3491 moderabatur
3263 3426 3821 3505 archiepiscOpus,
3864 3440 3989 3487 no-

703 3543 849 3588 men
886 3543 916 3587 a
955 3528 1211 3605 populis
1248 3525 1600 3602 profectum
1643 3538 1760 3600 est,
1788 3530 1898 3609 qui
1930 3530 2198 3608 'Bulgari
2233 3530 2624 3591 vocabantur
2670 3544 2703 3588 a
2746 3526 2953 3588 ﬂuvio
2982 3526 3211 3604 Bulga,
3249 3524 3391 3587 sive
3432 3524 3641 3602 Volga.
3680 3522 3991 3585 Pluribus

703 3623 1071 3691 remotioris
1102 3622 1223 3684 mvi
1256 3623 1734 3702 irruptionibus
1755 3642 1977 3687 eorum
2011 3626 2075 3687 in
2100 3628 2256 3689 ﬁnes
2290 3623 2555 3702 imperii
2588 3624 3064 3702 praetermissis,
3085 3623 3227 3699 [XI]
3255 3620 3495 3682 iterum
3526 3634 3696 3681 anno
3726 3618 3991 3698 septimi

702 3720 919 3783 saeculi
956 3721 1436 3799 septuagesimo
1462 3731 1684 3783 octavo
1719 3723 2091 3784 Danubium
2124 3730 2615 3791 transmeantes,
2652 3720 2942 3781 Thracim
2970 3718 3106 3780 loca
3145 3724 3547 3794 occuparunt
3587 3736 3602 3777 :
3658 3714 3989 3794 bellisque

706 3828 925 3881 postea
960 3816 1287 3887 confectis,
1327 3818 1692 3881 institutum
1728 3837 1998 3899 regnum
2038 3820 2430 3899 ampliavere
2455 3818 2739 3880 subactis
2775 3816 3151 3894 provinciis,
3180 3832 3327 3896 quas
3368 3814 3644 3893 imperio
3685 3814 3998 3876 Constan-

708 3917 1132 3995 tinopolitano
1179 3916 1508 3994 parebant,
1549 3919 1737 3981 Dacia
1821 3920 2285 3981 mediterranea
2321 3928 2384 3981 et
2414 3917 2705 3996 Ripensi,
2748 3916 2968 3980 Mmsia
3003 3915 3325 3991 ulteriori,
3376 3914 3691 3976 Dardania
3728 3921 3789 3974 et
3822 3915 3999 3975 Prm-

706 4014 856 4087 vali,
900 4015 1205 4075 secundm
1241 4015 1641 4078 Macedonim
1673 4026 1871 4096 parte,
1905 4034 1977 4078 ac
2008 4025 2181 4093 parte
2225 4017 2595 4079 Pannoniae.

790 4112 1007 4172 Deleta
1042 4113 1104 4173 in
1138 4112 1313 4174 hisce
1347 4114 1727 4193 regionibus
1760 4116 2120 4177 Christiana
2154 4117 2310 4178 ﬁdes
2336 4114 2570 4176 mansit
2606 4115 2743 4184 diu,
2782 4132 2993 4193 usque
3027 4113 3277 4175 scilicet
3313 4112 3389 4173 ad
3425 4110 3761 4189 Bogorim,
3801 4126 3984 4172 nov-e

712 4208 1029 4287 Bulgariae
1060 4228 1273 4287 regem
1302 4254 1319 4282 ,
1366 4212 1479 4288 qui
1532 4226 1701 4273 anno
1731 4214 1847 4275 861
1899 4230 2079 4275 sacro
2110 4212 2489 4290 baptismate
2530 4211 3095 4289 Constantinopoli
3145 4210 3408 4272 ablutus
3442 4218 3565 4281 est,
3606 4225 3982 4287 nomenque

709 4308 979 4366 mutavit
1036 4307 1102 4368 in
1154 4306 1560 4379 Michaelem,
1612 4326 1742 4387 quo
1795 4309 1989 4371 etiam
2026 4314 2370 4373 vocabatur
2427 4310 2779 4389 imperator
2813 4310 3209 4381 Graecorum,
3246 4306 3523 4369 Michael
3554 4305 3788 4371 tertius
3829 4308 3987 4367 Por-

712 4403 1207 4483 pbyrogenitus.
1266 4405 1621 4482 Episcopos
1673 4414 1733 4467 et
1792 4406 2208 4485 presbyteros
2258 4408 2639 4469 catechistas
2698 4423 3006 4483 accepere
3065 4403 3330 4482 Bulgari
3381 4421 3416 4465 a
3467 4402 3775 4465 Romanis
3838 4409 3901 4464 et
3962 4420 3997 4463 ει

709 4503 1022 4563 Francis:
1068 4502 1140 4562 ad
1193 4517 1437 4579 eosque
1504 4510 1756 4563 exstant
1816 4503 2115 4565 Nicolail
2166 4504 2408 4567 summi
2443 4504 2766 4585 pontiﬁcis
2810 4504 2891 4565 de
2954 4501 3149 4566 rebus
3208 4502 3360 4564 ﬁdei
3411 4501 3839 4579 moribusque
3886 4502 4002 4564 Re-

711 4617 965 4677 sponsa,
1013 4615 1184 4659 anno
1237 4599 1495 4659 circiter
1542 4600 1663 4661 866
1716 4603 1881 4662 data.
1943 4601 2088 4662 Hmc
2134 4602 2221 4663 ibi
2263 4603 2581 4663 habentur
2620 4601 2701 4662 de
2758 4600 3139 4679 patriarcha,
3193 4618 3388 4679 quem
3427 4601 3555 4661 sibi
3598 4598 3884 4661 ordinari
3924 4615 3998 4660 ac

718 4699 944 4773 praeﬁci
1030 4696 1332 4773 Optabant
1398 4713 1577 4758 num.
1637 4715 1843 4757 Lxxu.
1911 4721 1940 4753 α
1974 4700 2371 4777 Requisistis
2404 4741 2421 4768 ,
2478 4697 2533 4757 si
2600 4695 2789 4759 liceat
2836 4698 2902 4759 in
2950 4696 3142 4758 vobis
3180 4698 3609 4775 patriarcbau:
3654 4696 3945 4761 ordinari
3984 4719 3999 4757 :

714 4796 827 4855 sed
859 4795 936 4855 de
967 4792 1083 4854 hoc
1130 4793 1292 4854 nihil
1328 4793 1661 4856 deﬁnitiva
1695 4798 2091 4872 respondere
2126 4813 2497 4874 possumus,
2536 4794 2919 4874 priusquam
2954 4793 3143 4874 legati
3184 4794 3413 4868 nostri,
3451 4806 3617 4873 quos
3654 4795 3993 4856 vobiscum

717 4890 1053 4963 mittimus,
1111 4891 1351 4951 reversi
1406 4889 1727 4952 fuerint...
1782 4894 1937 4953 Nam
1987 4894 2243 4954 interim
2294 4895 2678 4971 episcopum
2738 4892 3086 4956 habetote:
3142 4900 3202 4953 et
3245 4910 3423 4967 cum,
3468 4893 3712 4955 divinae
3772 4893 3999 4969 gratim

718 4990 1142 5062 incremento,
1182 4988 1628 5051 Christianitas
1685 4990 1773 5051 ibi
1818 4988 2017 5052 fuerit
2071 4992 2354 5067 dilatata,
2387 5001 2449 5053 et
2494 4992 2789 5069 episcopi
2831 5008 2944 5070 per
2986 4990 3281 5067 singulas
3330 4989 3654 5052 Ecclesias
3691 4992 3998 5067 ordinati,

717 5094 867 5148 tunc
898 5086 1238 5165 eligendus
1272 5096 1368 5147 est
1403 5087 1569 5148 inter
1601 5105 1713 5151 eos
1750 5107 1922 5151 unus
1948 5090 2087 5169 qui,
2126 5089 2179 5148 si
2204 5106 2333 5153 non
2366 5089 2752 5169 patriarcha,
2782 5096 2953 5151 certe
3002 5087 3536 5167 archiepiscopus
3568 5087 4002 5167 appellandus

717 5192 834 5255 est,
869 5186 945 5245 ad
993 5204 1184 5263 quem
1223 5201 1450 5245 omnes
1488 5196 1898 5249 concurrant.
1941 5210 1970 5244 ι

794 5282 897 5343 23.
950 5284 1034 5341 De
1067 5281 1327 5357 juribus
1375 5281 1441 5341 in
1488 5282 1841 5344 Ecclesiam
1882 5284 2191 5363 Bulgaria)
2215 5293 2355 5347 orta
2408 5285 2490 5347 lis
2542 5294 2640 5347 est
2682 5287 3008 5346 Romanos
3062 5282 3234 5345 inter
3301 5290 3364 5344 et
3411 5282 4007 5363 Constantinopoii-

719 5388 924 5441 tanos.
971 5380 1187 5440 Soluta
1229 5388 1445 5439 octava
1479 5380 1874 5442 (Boumenica
1921 5381 2198 5459 synodo,
2232 5391 2452 5445 contra
2493 5383 2791 5445 Photium
2827 5381 3173 5455 celebrata,
3228 5382 3309 5443 de
3360 5382 3689 5460 prmdictis
3737 5382 4002 5461 juribus

716 5494 885 5537 anno
933 5479 1051 5537 869
1095 5486 1303 5537 actum
1342 5485 1463 5539 est.
1513 5478 1715 5540 Graeci
1762 5479 2051 5557 judices,
2088 5481 2336 5542 tametsi
2388 5480 2692 5555 recusati,
2748 5479 3134 5541 sententiam
3192 5478 3452 5541 tulere:
3491 5500 3521 5534 α
3568 5477 3997 5558 Bulgarorum

724 5574 982 5647 patriam
1058 5576 1121 5634 in
1176 5576 1543 5636 Graecorum
1592 5585 1901 5653 potestate
1954 5578 2202 5640 dudum
2247 5577 2457 5640 fuisse
2522 5578 2659 5649 (eas
2718 5594 2953 5655 nempe
2993 5575 3390 5655 provincias,
3450 5575 3695 5655 quibus
3755 5592 3999 5640 novum

723 5674 1033 5749 Bulgarim
1082 5690 1350 5751 regnum
1399 5676 1962 5749 constituebatur),
2011 5685 2073 5740 et
2118 5681 2373 5741 Graecos
2412 5675 2785 5739 sacerdotes
2822 5675 3129 5738 habuisse
3179 5684 3417 5737 sanctas
3450 5673 3758 5736 Ecclesias
3820 5675 3999 5737 Con-

717 5771 1325 5847 stantinopolitanm,
1366 5797 1393 5829 υ
1426 5773 1721 5853 adeoque
1754 5794 1901 5837 cum
1939 5800 1967 5832 α
2021 5778 2100 5838 ab
2143 5793 2217 5838 ea
2262 5775 2575 5856 (Ecclesia
2625 5770 3310 5852 ConstantinopoleOs)
3367 5786 3481 5849 per
3547 5770 4000 5851 paganismum

718 5869 1113 5942 recessiSset,
1153 5886 1321 5932 nunc
1360 5890 1468 5951 per
1501 5872 2065 5938 Christianismum
2106 5875 2319 5938 eidem
2364 5873 2615 5937 restitui
2645 5872 2910 5937 debere.
2943 5897 2969 5929 ιο
3011 5874 3243 5936 Contra
3297 5871 3633 5933 decretum
3673 5867 3999 5932 interces-
