4262 6432
271 380 347 445 29
1101 380 1197 439 DE
1237 374 1820 438 THEOPUYLACTI
1861 374 2134 435 GESTIS
2178 375 2270 434 ΕΤ
2313 375 2686 435 SCRIl’TlS.
3470 369 3564 432 .3'0

267 504 493 554 serunt
544 491 733 570 legati
783 492 1049 554 Adriani
1087 491 1141 552 ll
1190 490 1463 550 Romani
1523 487 1866 564 pontiﬁcis.
1929 489 2322 564 Episcopum
2393 487 2850 564 designaret-at
2939 485 3255 563 Bulgaris,
3309 485 3574 545 nomine

266 590 680 664 Silvestrum,
745 589 916 651 idem
967 589 1295 650 Adrianus
1343 606 1357 643 :
1418 596 1477 646 at
1525 587 1894 647 Grai-orum
1949 584 2140 643 donis
2193 581 2482 651 adducti,
2541 581 3106 659 archiepisc0pum
3165 598 3475 657 accepere
3539 597 3575 640 a

264 685 510 746 Basilio
543 687 932 763 imperatore
969 697 1030 746 et
1059 683 1408 762 patriarcha
1439 682 1710 762 lgnatio.
1746 682 1877 742 Hac
1906 680 1985 740 de
2023 697 2090 739 re
2125 679 2370 738 litteras
2407 678 2548 755 lege
2584 678 2940 746 Pontiﬁcis,
2978 675 3271 757 querelis
3323 675 3569 754 plenas,

262 781 340 841 ad
375 782 686 842 Basilium
725 791 786 844 et
817 787 894 843 ad
942 781 1287 861 Ignatium,
1317 795 1490 842 anno
1528 780 1640 840 871
1677 779 1875 848 datas,
1917 775 2087 853 apud
2139 776 2489 836 Baronium
2526 821 2540 843 ,
2588 781 2653 834 et
2691 774 3125 852 con‘ciliorum
3161 773 3571 835 collectores.

263 874 576 937 Photiano
611 877 962 937 schismate
992 875 1293 937 eﬂ'ectum
1327 884 1449 947 est,
1487 881 1621 935 uta
1656 873 1966 934 Romanis
1997 872 2224 933 avulsa
2269 880 2556 932 maneret
2598 871 2878 932 Ecclesia
2916 871 3260 950 Bulgaria.

339 973 442 1034 25.
490 973 752 1035 Throno
792 971 1512 1048 Constantinopolitano
1574 973 1835 1048 parebat
1900 970 2433 1048 archiepiscopus
2477 970 2620 1048 ejus
2683 969 2997 1046 regionis.
3063 971 3272 1029 .‘Etate
3335 965 3571 1030 Leonis

261 1070 612 1148 Sapientis,
655 1071 767 1150 qui
824 1087 997 1132 anno
1043 1071 1163 1132 886
1200 1068 1552 1146 capessivit
1598 1066 1976 1145 imperium,
2006 1077 2384 1145 αὐτοκέφαλος
2417 1071 2645 1136 evasit,
2706 1067 2946 1145 suique
2987 1067 3188 1144 juris,
3232 1066 3525 1127 utverisi
3556 1096 3570 1107 -

261 1168 492 1230 milius
540 1170 868 1231 existimat
917 1168 1288 1246 Lequienus
1330 1168 1393 1228 in
1445 1165 1700 1227 Oriente
1751 1165 2143 1238 Christiano,
2185 1176 2358 1227 torno
2405 1167 2483 1236 ll,
2531 1165 2593 1224 in
2654 1163 2946 1224 Ecclesia
2985 1163 3321 1239 Lychnidi.
3362 1161 3571 1221 Verba

261 1259 408 1338 ejus
466 1262 664 1322 aUero
709 1284 722 1322 :
765 1286 792 1315 α
839 1261 957 1322 Hic
1016 1277 1173 1323 vero
1244 1259 1669 1338 Bulgarorum
1741 1259 2089 1336 primarius
2151 1265 2425 1323 antistes
2494 1260 3263 1338 ConstantinOpolitana,
3299 1258 3567 1336 quidem

257 1358 425 1429 sedi,
467 1358 772 1418 Romanis
809 1357 1222 1434 pontiﬁcibus
1251 1355 1492 1418 frustra
1533 1355 2064 1431 reclamantibus,
2100 1358 2428 1419 obnoxius
2471 1356 2907 1434 primumfuit
2953 1379 2965 1416 :
3005 1356 3290 1417 subinde
3348 1365 3566 1416 autem

258 1465 670 1532 ae:oxé<pa).o;,
705 1455 888 1514 suive
917 1454 1087 1534 juris
1127 1455 1323 1516 evasit
1351 1476 1368 1520 ξ
1401 1471 1546 1516 cum
1591 1452 2025 1531 Bulgarorum
2076 1452 2506 1531 principibus,
2541 1452 2655 1531 qui
2704 1455 3036 1530 perpetuis
3071 1451 3257 1511 bellis
3300 1455 3561 1513 Gracos

257 1555 688 1627 lacessebant,
715 1570 842 1614 non
885 1553 1201 1614 arrideret
1239 1552 1672 1614 Ecclesiarum
1711 1568 1981 1612 suarum
2020 1552 2276 1628 negotia
2309 1551 2481 1628 apud
2512 1551 2902 1630 Byzantinos
2945 1549 3228 1610 tractari.
3267 1550 3334 1609 ld
3392 1549 3569 1627 qdod

256 1652 478 1713 Leone
517 1651 843 1727 Sapiente,
901 1649 1128 1711 Basilii
1181 1647 1559 1710 Macedonis
1623 1647 1784 1718 lilio,
1831 1647 2225 1726 imperatore
2264 1647 2624 1725 contigisse
2661 1663 2831 1709 reor.
2877 1647 3002 1720 Qui
3052 1664 3200 1708 cum
3232 1649 3473 1707 'l‘urcas
3508 1654 3570 1705 et

255 1751 560 1812 inﬁdeles
594 1749 757 1810 alios
792 1749 1072 1828 populos
1119 1747 1184 1809 in
1225 1747 1653 1826 Bulgarorum
1699 1755 1959 1824 gentem
2012 1745 2430 1819 concitasset,
2467 1743 2534 1805 in
2576 1760 2769 1804 causa
2801 1744 2927 1804 fuit
2975 1753 3043 1805 ut
3079 1744 3340 1820 Bulgari
3402 1741 3567 1803 inito

257 1847 541 1908 consilio
576 1850 652 1907 ad
695 1848 1019 1908 ltomanos
1056 1844 1387 1922 pontifices
1420 1843 1892 1915 concesserint,
1926 1841 2164 1904 auxilii
2218 1841 2371 1903 inde
2426 1841 2688 1920 petendi
2746 1842 2972 1920 gratia.
3015 1844 3179 1901 Tum
3228 1841 3567 1919 Byzantini

259 1942 661 2019 patriarcha,
717 1951 786 2003 ut
837 1959 949 2003 eos
980 1943 1059 2002 ab
1099 1941 1214 2002 hac
1255 1939 1561 2002 afﬁnitate
1614 1941 2046 2009 deterrerent,
2094 1939 2296 2001 satius
2348 1941 2683 2000 duxerunt
2733 1955 2965 2001 eorum
2995 1939 3566 2017 archiepiscopum

257 2037 614 2118 omnigena'
653 2038 1064 2099 immunitate
1100 2039 1366 2107 donare,
1400 2036 1694 2098 abdicata
1725 2051 2131 2116 quacunque
2165 2035 2232 2096 in
2289 2034 2607 2115 Bulgaria
2638 2036 2964 2097 Ecclesias
2991 2035 3491 2115 jm-isdiclione.
3536 2059 3564 2091 υ

255 2137 428 2198 Huic
478 2150 628 2208 vero
693 2135 1182 2213 archiepiSCOpo
1258 2132 1689 2212 Bulgarorum
1768 2133 2039 2196 obnoxii
2118 2134 2277 2195 olim
2337 2143 2524 2196 erant
2571 2152 2684 2196 sex
2733 2135 3166 2213 metrOpolita
3223 2151 3296 2195 ac
3342 2134 3568 2196 decem

255 2233 700 2311 episcopatus,
739 2242 958 2307 postea
1006 2230 1436 2308 metrOpolita
1465 2237 1741 2308 septem,
1784 2232 2191 2312 totidemque
2254 2232 2575 2312 episc0pi.
2619 2231 3029 2310 Lequienum
3085 2231 3362 2294 consule
3425 2231 3566 2293 loco

256 2332 484 2397 citato.

333 2430 439 2490 25.
487 2427 602 2489 His
665 2435 884 2489 ornata
950 2427 1317 2508 pnnlegiis
1360 2427 1644 2490 Ecclesia
1707 2427 2048 2509 Bulgarica
2112 2426 2293 2488 stetit
2341 2425 2468 2486 sub
2527 2425 2789 2505 regibus
2847 2425 3130 2506 propriis
3187 2427 3264 2488 ad
3323 2441 3570 2486 annum

256 2545 472 2607 usque
507 2528 683 2611 1018,
722 2542 854 2606 quo
883 2526 1166 2587 Basilius
1201 2534 1263 2587 et
1308 2526 1777 2589 Constantinus
1832 2525 2114 2606 imperio
2165 2523 2896 2602 Constantinopolitano
2943 2522 3366 2602 subjecerunt
3413 2521 3569 2582 Bul-

260 2643 478 2704 garos,
512 2625 679 2686 hanc
729 2624 814 2686 ob
855 2639 1114 2684 causam
1158 2624 1358 2702 prior,
1403 2625 1518 2704 qui
1575 2641 1794 2686 rerum
1844 2630 2164 2685 summam
2212 2620 2502 2697 gerebat,
2556 2619 2777 2682 dictus
2819 2618 3367 2699 Bulgaroctonus.
3407 2619 3572 2680 Pra-

255 2720 436 2794 fecti,
489 2722 583 2783 rei
643 2721 1206 2783 administratores
1265 2719 1570 2798 publica,
1627 2721 1693 2782 in
1752 2719 2122 2800 Bulgariam
2188 2717 2654 2779 mittebantur:
2727 2735 3011 2798 quorum
3068 2717 3450 2791 improbitas
3504 2718 3570 2778 in

255 2838 451 2884 causa
483 2819 629 2893 fuit,
665 2828 736 2881 ut
767 2818 891 2880 sub
925 2818 1169 2880 Isaacio
1201 2818 1256 2879 ll
1288 2819 1558 2896 Angelo,
1593 2819 1706 2900 qui
1746 2817 2070 2882 moderari
2104 2816 2452 2895 imperium
2487 2832 2660 2878 anno
2689 2817 2846 2877 1185
2898 2816 3114 2892 capit,
3152 2813 3571 2894 Bulgaricum

256 2935 536 2998 regnum
569 2918 1057 2987 instauraretur,
1113 2934 1245 2978 rem
1305 2917 1844 2994 promoventibus
1889 2918 2077 2978 Petro
2121 2921 2182 2975 et
2227 2914 2448 2976 Hasan
2496 2910 2837 2985 fratribus,
2887 2912 3068 2990 regio
3119 2928 3200 2974 ex
3247 2911 3572 2990 sanguine

258 3019 446 3079 satis.
483 3015 835 3093 Utramque
898 3018 1123 3092 regum
1174 3013 1494 3092 Bulgaria
1536 3014 1777 3075 seriem
1831 3011 2226 3075 Dufresnius
2280 3010 2547 3073 exhibet
2601 3017 2742 3088 post
2792 3009 3099 3071 Familias
3148 3009 3569 3088 Byzantinus.

259 3115 480 3177 Altera
536 3114 658 3175 sub
699 3111 814 3173 hac
859 3111 1029 3172 serie
1091 3127 1340 3189 regum,
1375 3112 1440 3172 in
1490 3110 1860 3172 clientelam
1895 3111 2200 3170 Romana
2233 3109 2412 3170 sedis
2457 3108 2657 3170 rediit
2699 3107 2990 3170 Ecclesia
3054 3108 3394 3185 Bulgarica
3449 3108 3575 3169 sub

259 3211 650 3272 Innocentio
685 3209 795 3269 Ill.
821 3206 945 3268 Sed
981 3222 1147 3267 novo
1183 3214 1408 3268 exorto
1441 3205 1884 3285 ampliatoque
1927 3206 2170 3267 Servia
2215 3222 2441 3284 regno,
2489 3206 2922 3270 minutionem
2961 3208 3169 3283 primo
3221 3224 3405 3285 passa
3439 3218 3560 3282 est,

257 3325 333 3370 ac
363 3309 627 3370 demum
659 3303 1270 3382 Turcarumjugun.
1308 3303 1531 3364 subiit.

347 3409 621 3484 Eo,q‘uo
661 3404 956 3482 Bulgaria
981 3402 1356 3481 Byzantinis
1407 3401 1669 3480 parebat
1729 3401 2259 3479 imperatoribus,
2298 3419 2576 3480 eamque
2635 3402 3179 3464 administrabant
3224 3405 3561 3482 Byzantini

259 3502 572 3579 pral'ecti,
643 3511 932 3578 tempore
998 3498 1263 3560 sedebat
1322 3497 1850 3576 'l‘heOphylactus
1903 3515 1938 3559 a

1903 3497 2466 3578 archiepiscopus.
2514 3502 2707 3562 Suam
2764 3500 2907 3579 ipse
2955 3510 3370 3579 αὑτοκεφαλίαν
3400 3504 3570 3580 [XII]

261 3605 529 3661 strenue
558 3606 803 3658 tutatus
863 3603 958 3656 est
990 3603 1210 3655 contra
1245 3593 1425 3654 urbis
1487 3593 1685 3672 regia
1716 3594 2127 3669 patriarchas.
2175 3597 2332 3656 Rem
2378 3597 2653 3659 exhibet
2685 3613 2947 3660 omnem
2983 3598 3262 3675 epistola
3294 3599 3438 3679 ejus
3467 3602 3568 3674 27,

191 3719 214 3727 -
259 3691 344 3752 ad
367 3689 736 3754 Michaelem
791 3689 1204 3752 Chalcedonis
1254 3691 1641 3767 episcopum.
1688 3692 1790 3750 Sic
1834 3690 1924 3751 ait
1969 3690 2133 3752 ille:
2173 3713 2202 3748 α
2239 3691 2419 3754 Solas
2472 3693 2744 3772 quidem
2790 3693 3220 3757 ecclesiarum
3275 3713 3436 3776 Opes
3491 3697 3573 3759 ab

263 3792 582 3872 improbis
626 3790 1037 3852 exactoribus
1081 3797 1357 3866 ereptas,
1397 3805 1566 3866 agre
1610 3805 1764 3848 sane
1815 3805 1884 3848 se
1930 3788 2162 3849 tulisse
2202 3811 2215 3849 :
2250 3810 2279 3845 io
2313 3797 2374 3850 at
2441 3790 2920 3868 permissurum
2975 3792 3276 3864 minime,
3326 3803 3396 3855 ut
3435 3813 3573 3858 sua

252 3892 402 3971 jura
461 3890 765 3952 Ecclesia
811 3887 1238 3948 violarentur.
1293 3887 1480 3960 Quod
1526 3885 1784 3958 accidit,
1843 3885 1944 3946 his
2016 3885 2233 3948 verbis
2291 3895 2556 3950 narrat:
2602 3911 2630 3943 α
2665 3887 2909 3950 Cittaba
2985 3890 3415 3969 (inquiens),
3475 3905 3574 3956 est

261 3987 529 4066 quidam
565 3984 682 4046 looi
719 3983 1060 4056 terminus,
1098 4000 1136 4040 a
1159 3990 1380 4042 nostro
1409 3981 1966 4073 archiepiscopum
1995 3983 2310 4044 diversus.
2342 4007 2370 4039 »
2406 3986 2529 4063 (lta
2568 3983 2819 4047 scilicet
2859 3985 2928 4047 in
2963 3987 3182 4048 Latina
3238 3990 3568 4068 interpre-

262 4087 540 4156 tatione;
607 4083 717 4144 sed
788 4082 1004 4143 Grace
1032 4124 1047 4150 ,
1109 4091 1173 4158 τῇ
1206 4087 1330 4142 καθ’
1356 4087 1515 4158 ἡμῶν
1547 4089 1945 4160 ἀρχιεπισκοπῆ

1891 4092 1964 4160 πῇ
2012 4090 2385 4160 διαφέρουσα,
2451 4082 2537 4143 ad
2599 4093 2895 4144 nostrum
2948 4087 3574 4166 archiepiscopatum

259 4182 636 4263 pertinens).
676 4203 704 4234 (ι
738 4181 810 4240 In
851 4193 984 4258 quo
1025 4175 1218 4256 (loco)
1263 4194 1412 4238 cum
1456 4177 1802 4239 monachus
1836 4178 2150 4254 templum
2199 4188 2262 4242 et
2304 4181 2660 4242 sacrarium
2712 4191 3136 4257 construeret,
3174 4204 3212 4244 a
3238 4186 3421 4246 nobis
3456 4190 3575 4250 im-

256 4281 518 4362 peditus
551 4290 664 4342 est.
718 4290 784 4344 '0
821 4291 878 4344 δὲ
913 4290 1324 4361 σταυροπήγιον
1364 4290 1772 4362 πατριαρχικὸν
1814 4289 1939 4342 λαὸι

1887 4289 2020 4351 ὁών,
2066 4277 2184 4357 qui
2250 4279 2694 4356 patriarchico
2758 4281 2914 4360 jure
3000 4299 3252 4343 crucem
3321 4285 3390 4344 in
3454 4285 3569 4346 illo

259 4379 552 4460 afﬁgens,
601 4378 764 4438 dixit
795 4395 865 4440 se
913 4378 1002 4440 ita
1049 4394 1216 4456 opus
1272 4378 1639 4440 inchoasse.
1679 4379 1795 4439 llle
1827 4387 2042 4440 autem
2076 4393 2111 4437 a
2156 4375 2345 4437 nobis
2392 4375 2830 4438 nihilominus
2888 4381 3571 4444 excommunicationis

259 4473 538 4535 vinculis
569 4481 668 4534 est
706 4474 1030 4553 alligatus.
1073 4475 1382 4548 Quanam
1415 4477 1591 4538 enim
1622 4476 1793 4538 inter
1828 4475 2141 4554 Bulgaros
2191 4474 2604 4552 participatio
2667 4481 2732 4536 et
2780 4478 3164 4539 communio
3218 4497 3356 4538 cum
3386 4480 3574 4542 Con-

261 4573 841 4650 stantinopolitano
909 4573 1307 4650 patriarcha,
1367 4582 1944 4637 Κωνσταντινουπόλει

1888 4599 2007 4646 ,εως
2071 4581 2396 4653 πατριάρχῃ
2449 4581 2592 4652 μήτε
2639 4584 2979 4656 χειροτονίας
3045 4586 3134 4638 ἐπ’
3186 4591 3328 4662 αὑτῇ
3381 4593 3571 4648 δίκαια

260 4668 463 4737 ἔχοντι,
502 4669 746 4743 λαχούσῃ
792 4671 886 4724 τὸν
935 4671 1374 4741 ἁρχιεπισκοπον
1408 4672 1810 4740 αὑωκέφαλον,
1883 4672 2010 4743 μήτ’
2065 4670 2195 4726 ἄλλο
2251 4688 2305 4724 τι
2366 4671 2747 4744 διαδεξαμένῳ
2788 4673 2935 4727 κατὰ
2975 4675 3184 4747 ταύτης
3226 4682 3567 4752 προνόμιονε

258 4759 369 4836 qui
398 4758 647 4818 nullum
662 4760 776 4839 jus
814 4757 1242 4821 ordinationis
1281 4763 1352 4822 in
1382 4781 1453 4822 ea
1479 4762 1687 4832 habet,
1721 4763 1822 4822 sui
1846 4763 2025 4843 juris
2056 4760 2541 4841 archiepiscopo
2567 4763 2884 4843 subjecta;
2918 4775 2977 4824 et
2997 4764 3244 4828 nullam
3273 4774 3478 4849 super
3499 4791 3571 4833 ea

259 4860 708 4920 auctoritatem
738 4858 929 4920 aliam
964 4877 1399 4941 quamcunque
1432 4865 1818 4944 acceperit.»

348 4954 720 5033 Notumjus
750 4954 944 5028 illud,
976 4961 1456 5039 stauropegium
1484 4962 1760 5034 dictum,
1793 4976 1924 5038 quo
1965 4956 2342 5035 patriarcha
2371 4955 2692 5031 Orientis,
2733 4963 3204 5044 unusquisque
3241 4965 3415 5030 intra
3461 4972 3568 5032 sui

264 5049 735 5130 patriarchatus
788 5051 975 5124 ﬁnes,
1025 5058 1266 5131 pravia
1314 5075 1442 5118 suae
1487 5058 1697 5119 crucis
1746 5055 2085 5136 deﬁxione,
2145 5054 2459 5118 ecclesias
2517 5060 2877 5135 praesertim
2940 5065 3358 5140 monasticas,
3422 5086 3572 5147 qua

263 5148 796 5220 exstruebantur,
839 5164 961 5210 suo
997 5150 1301 5229 regimini
1345 5154 1731 5234 subjiciunt,
1788 5155 2104 5217 ordinarii
2157 5154 2447 5233 epiSCOpi
2495 5162 2810 5228 potestate
2859 5167 3108 5222 semota
3146 5180 3160 5219 :
3197 5179 3414 5242 quove
3447 5167 3572 5245 By-

264 5246 508 5309 zantini
542 5246 817 5308 aliorum
852 5248 1042 5319 etiam
1086 5249 1588 5325 patriarcharum
1621 5250 1789 5315 infra
1822 5253 2134 5315 diaoeses
2178 5251 2272 5312 uti
2311 5251 2661 5313 audebant.
2698 5255 2891 5316 Suam
2927 5262 3174 5320 tutatur
3215 5260 3570 5344 TheOphy-

262 5343 472 5405 lactus
503 5343 1043 5421 autocephaliam,
1073 5347 1222 5426 jure
1262 5350 1439 5412 omni
1475 5352 1874 5431 staurOpegii
1911 5349 2255 5430 Byzantini
2283 5350 2580 5412 excluso.
3245 5336 3251 5342 ’

342 5441 445 5502 26.
491 5441 797 5517 Epistula
827 5459 1094 5504 sensum
1123 5453 1541 5526 mentemque
1593 5443 2059 5528 Theophylacti
2111 5447 2385 5510 minime
2418 5458 2759 5511 assecutus
2813 5459 2912 5513 est
2953 5455 3240 5519 Joannes
3267 5458 3566 5524 Morinus

263 5540 356 5599 De
387 5537 597 5638 sacris
635 5537 1181 5618 ordinationibus,
1217 5551 1393 5622 parte
1425 5563 1493 5618 ιι,
1530 5546 1704 5607 inter
1733 5547 2219 5621 adnotationes,
2257 5564 2441 5608 num.
2479 5547 2617 5622 1&7,
2666 5550 2730 5610 in
2770 5553 2894 5614 fine
2926 5571 2941 5616 :
2970 5575 2998 5610 α
3038 5555 3569 5638 TheOphylactus

261 5641 330 5700 in
367 5635 645 5714 epistola
676 5638 980 5718 quadam,
1016 5639 1356 5722 inquiens,
1405 5641 1622 5717 refert,
1675 5650 2022 5724 quemdam
2073 5646 2463 5709 monachum
2506 5647 2575 5708 in
2608 5649 2877 5713 diacesi
2911 5670 3029 5715 sua
3063 5635 3434 5730 ecclesiam,
3482 5677 3555 5724 se

262 5731 500 5805 inscio,
541 5733 978 5798 aedificandam
1023 5740 1425 5819 suscepisse;
1459 5742 1570 5802 sed
1619 5743 1772 5822 quia
1828 5744 1949 5806 hoc
1994 5753 2216 5807 contra
2250 5761 2537 5810 canones
2568 5748 3060 5828 aggrederetur,
3117 5753 3562 5831 prohibuisse,

259 5830 471 5899 donec
497 5836 986 5914 staurOpugium
1021 5835 1512 5917 patriarchicum
1541 5839 1922 5920 accepisset.
1959 5867 1987 5899 ιι
2015 5844 2150 5906 lmo
2185 5851 2407 5907 contra
2441 5845 2869 5925 patriarchale
2901 5849 3568 5932 Constantin0p0lita-
