4262 6432
715 412 780 479 31
1290 443 1300 454 -
1538 420 1762 482 BERN.
1806 421 2070 484 manu;
2110 422 2210 484 DE
2248 409 2536 485 tinaats
2578 417 3101 484 DISSERTATIO.
3890 423 3965 488 32

714 544 872 589 num
902 531 1405 610 stauropegium,
1433 532 1608 610 quod
1643 533 1993 594 monachus
2023 535 2129 595 ille
2155 532 2447 612 iactabat,
2493 533 2852 595 canonibus
2898 539 2960 616 et
2999 530 3305 596 Ecclesiae
3347 547 3483 595 sure
3518 532 3960 612 antecephalia

714 625 845 702 agit
871 624 1396 706 archiepiscOpus
1425 628 1762 712 Bulgariaa.

793 719 1195 799 Singularem
1253 723 1591 802 quamdam
1659 723 1990 802 potestatis
2057 723 2123 785 in
2197 721 2496 803 Bulgaria
2565 722 3047 801 praerogativam
3119 721 3604 802 Theophylacto
3671 722 3962 787 tribuere

714 813 970 877 videtur
1003 817 1282 880 Joannes
1314 819 1664 882 Lonicerus
1695 836 1729 880 e
1765 819 2121 882 Lutherana
2151 828 2324 882 secta
2356 821 2420 879 in
2446 816 2822 880 Prmfatione
2872 818 2948 880 ad
3009 819 3521 882 Commentarios
3566 821 3634 881 in
3686 827 3966 906 quatuor

720 906 1058 983 prephetas
1091 909 1398 980 minores,
1435 909 1741 989 inquiens
1776 933 1789 970 :
1833 935 1860 965 α
1901 913 2084 973 Hunc
2120 911 2395 989 (scilicet
2421 912 2997 991 TheOphylacwm)
3028 913 3348 992 Bulgaria;
3399 913 3687 992 regionis
3755 915 3964 978 archi-

715 999 1093 1077 episcepum
1135 1004 1487 1078 exstitisse,
1503 1007 1917 1084 princi'peguc
1939 1006 2233 1084 ﬂoruisse
2258 1011 2567 1085 potantia.
2597 1012 2922 1089 peroratio
2948 1027 3304 1089 exegeseos
3331 1011 3396 1071 in
3417 1011 3664 1074 Nahum
3683 1011 3969 1092 prophe-

713 1101 840 1152 tam
867 1096 1102 1174 arguit.
1154 1098 1270 1161 Ubi
1328 1101 1702 1178 paranesim
1745 1101 2073 1179 principes
2125 1114 2596 1173 conccrnentcm
2658 1105 2723 1169 in
2783 1123 2854 1167 se
2916 1105 3057 1185 ipse
3121 1123 3234 1167 ceu
3277 1106 3634 1185 principem
3692 1109 3901 1172 vertit.
3935 1132 3964 1165 ιι

712 1186 979 1250 lndicati
1029 1190 1150 1253 loci
1198 1193 1384 1256 verba
1425 1204 1576 1257 sunt
1611 1217 1624 1255 :
1661 1217 1691 1252 «ι
1734 1196 1880 1258 Haec
1917 1197 2133 1260 omnia
2192 1198 2517 1278 principes
2586 1201 2954 1274 audientes,
3011 1201 3369 1279 cogitemus
3431 1203 3636 1262 Deum
3676 1201 3965 1282 judicein

713 1283 918 1345 nostri
968 1285 1035 1346 in
1093 1286 1416 1365 subjectos
1467 1290 1656 1351 nobis
1712 1290 1980 1354 allectus
2030 1292 2609 1376 dispositionisque
2663 1304 2951 1360 nostra):
3001 1296 3322 1377 velleque,
3373 1305 3443 1359 ut
3483 1314 3596 1359 nos
3645 1300 3966 1363 mansueti

713 1377 919 1439 simus
955 1399 1101 1459 erga
1128 1384 1643 1463 obtemperantes
1694 1386 1907 1462 nobis,
1960 1396 2030 1451 ut
2073 1391 2234 1452 adeo
2287 1391 2450 1454 nihil
2498 1393 2712 1471 asperi
2767 1392 2902 1455 illis
2951 1393 3394 1474 injungauius.
3448 1417 3477 1450 »
3530 1395 3964 1474 Principibus,

711 1477 1087 1557 quicunque
1124 1480 1272 1556 sint,
1307 1480 1439 1544 haec
1470 1483 1614 1546 sine
1652 1484 1854 1547 dubio
1897 1487 2242 1564 paraenesis
2296 1488 2604 1551 convenit
2641 1507 2656 1549 :
2704 1507 2848 1568 quia
2897 1497 3110 1551 tamen
3171 1491 3235 1551 in
3292 1491 3776 1570 Theophylacto
3834 1508 3962 1554 non

710 1572 899 1666 aliam
933 1577 1263 1653 potestatis
1319 1580 1801 1659 praeregativam
1856 1581 2116 1657 indicat,
2164 1582 2288 1646 nisi
2337 1583 2979 1664 archiepisc0palem,
3048 1593 3109 1646 et
3162 1586 3425 1664 quidem
3473 1603 3506 1649 a
3555 1587 3749 1666 regite
3787 1589 3966 1650 urbis

708 1665 940 1733 throno
967 1670 1535 1750 independentem,
1568 1684 1638 1740 ut
1673 1676 2117 1742 enarravimus
2145 1697 2327 1745 num.
2354 1681 2455 1743 25.
2502 1680 2565 1742 Si
2602 1679 2759 1759 quid
2796 1679 3078 1760 amplius
3107 1681 3474 1759 suspicatus
3519 1665 3714 1744 fuerit
3772 1685 3966 1748 Loui-

706 1780 922 1840 cerus,
956 1764 1203 1829 fallitur
1225 1769 1509 1851 egregie.

2251 1947 2422 2010 VIII.

708 2082 1284 2172 Archiepiscopalis
1339 2085 1658 2172 Bulgaria:
1705 2070 2402 2172 jurisdt'cgtioprimum
2465 2092 2660 2156 veluti
2712 2111 2895 2172 vaga,
2959 2106 3089 2155 tum
3136 2092 3428 2156 Achridw
3491 2094 3627 2155 sedi
3689 2111 3963 2155 annexa.

789 2163 1085 2252 Achridis
1116 2164 1292 2225 urbis
1315 2163 1487 2227 situs
1506 2177 1566 2229 et
1596 2163 1910 2252 conditor.
1952 2163 2667 2252 Bellicit'nBulgariam
2699 2163 2926 2240 mo'tus,
2969 2173 3423 2252 Theophylactt'
3468 2181 3772 2252 tempore.
3829 2171 3963 2252 By-

785 2243 1187 2302 zantt'norum
1217 2253 1590 2306 exactorum
1619 2247 2018 2324 improbitas.
2056 2243 2449 2311 Sollicitudo
2481 2251 2612 2331 ejus
2644 2251 3095 2313 ecclesiastica.
3129 2243 3153 2252 ’
3225 2243 3249 2252 ⁷
3299 2260 3303 2264 ’

783 2385 883 2447 27.
932 2388 1205 2449 Condito
1237 2388 1554 2468 Bulgaria;
1611 2388 1813 2470 regno
1845 2393 2070 2475 ibique
2105 2395 2449 2458 constituta
2480 2397 2603 2457 sub
2635 2413 2784 2476 rege
2821 2397 3053 2477 Bogori
3091 2396 3379 2460 Ecclesia
3409 2397 3767 2476 Bulgarica,
3799 2403 3969 2460 certa

704 2498 776 2543 ac
807 2485 924 2544 tixa
957 2499 1082 2544 non
1139 2493 1272 2589 erat
1321 2486 1789 2568 archiepiscopi
1844 2492 2076 2565 sedes;
2129 2492 2241 2589 sed
2295 2489 2587 2571 regimen
2625 2492 3181 2573 archiepisc0pale
3229 2493 3398 2567 aliis,
3447 2501 3641 2589 atque
3673 2493 3817 2556 aliis
3855 2510 3970 2572 pro

708 2587 875 2641 nutu
931 2598 1151 2658 regum
1199 2582 1576 2645 demandari
1623 2595 2046 2649 consueverat
2104 2587 2506 2651 diversarum
2569 2590 3008 2653 Ecclesiarum
3067 2591 3421 2669 episcOpis.
3460 2582 3550 2652 'ln
3596 2608 3717 2654 ms.
3765 2590 3971 2672 Regio

704 2676 1051 2737 Parisiensi
1087 2678 1380 2742 lndiculo
1412 2680 1863 2759 episcoporum
1903 2684 2400 2748 Achridensium
2429 2686 2600 2764 apud
2635 2687 3070 2766 Lequienum,
3099 2685 3629 2764 postGahrielem
3667 2687 3967 2767 aliosque

702 2789 814 2833 sex
846 2773 1367 2855 archiepiscopos
1414 2779 1760 2859 Bulgariae,
1806 2781 2104 2859 sequitur
2151 2782 2490 2861 Philippus
2534 2800 2714 2845 num.
2745 2784 2907 2859 Vlll,
2971 2807 2997 2838 α
3047 2783 3160 2862 qui
3197 2782 3439 2846 dicitur
3479 2782 3826 2864 Lychnidus
3867 2800 3972 2846 se-

701 2867 898 2945 disse,
932 2888 1075 2950 quaa
1099 2872 1403 2952 deinceps
1439 2875 1734 2938 Achrida.
1772 2901 1800 2932 η
1830 2878 2008 2939 Hanc
2071 2879 2278 2942 caeleri
2313 2879 2786 2960 archiepiscopi
2818 2888 3089 2942 tenuere
3122 2880 3372 2956 sedem,
3427 2879 3717 2958 itemque
3757 2878 3969 2943 Theo-

705 2961 1065 3042 phylactus.
1112 2968 1189 3029 Se
1242 2976 1418 3031 vocat
1469 2971 1606 3050 ipse
1641 2971 1709 3034 in
1761 2972 2030 3051 epistola
2081 2977 2144 3045 6,
2188 2976 2271 3037 ad
2315 2975 2695 3056 Gregorium
2741 2979 3170 3052 Camaterum,
3210 3000 3239 3035 α
3286 2975 3848 3056 archiepiSCOpum
3899 2976 3969 3040 in

709 3061 868 3121 urbe
905 3061 1201 3124 Achrida.

780 3157 880 3217 28.
945 3160 1014 3218 ln
1075 3159 1342 3236 epistola
1393 3161 1515 3237 65,
1571 3163 1653 3225 ad
1705 3164 2078 3249 magistrum
2134 3165 2450 3232 dominum
2500 3175 2807 3235 Joannem
2861 3175 3288 3236 Pantechnam
3336 3172 3432 3236 sic
3492 3174 3572 3235 ait
3615 3192 3691 3234 τα
3731 3175 3971 3236 Cuncta

704 3264 943 3328 autem,
989 3254 1056 3316 in
1112 3259 1348 3334 quibus
1393 3260 1615 3321 Achris
1651 3272 1963 3336 versatur,
2012 3264 2196 3342 plena
2239 3272 2501 3329 horrent
2537 3279 2704 3332 metu
2742 3280 2845 3333 :et
2878 3272 3074 3334 Moeri
3114 3270 3318 3350 regio,
3369 3281 3466 3333 est
3499 3272 3969 3341 enimMocrus

697 3353 998 3415 Achridis
1061 3357 1672 3433 portio.»Civitatis
1734 3351 2134 3423 conditorem
2185 3365 2520 3445 situmque
2583 3367 2881 3444 patefacit
2943 3373 3124 3430 Anna
3188 3368 3519 3431 Comnena
3588 3369 3715 3432 sub
3772 3367 3965 3429 linem

699 3458 868 3520 libri
917 3479 1008 3520 xu
1059 3461 1404 3522 Alexiados
1455 3484 1476 3523 :
1515 3487 1541 3520 α
1600 3465 1883 3545 Drymon
1923 3467 2063 3538 (seu
2112 3467 2374 3547 Drinus)
2426 3468 2656 3538 amnis,
2699 3467 3033 3546 inquiens,
3085 3480 3272 3546 caput
3324 3477 3516 3546 atque
3578 3467 3782 3545 [Xlll]
3839 3467 3968 3528 ori-

698 3555 916 3633 ginem
951 3574 982 3616 a
1021 3558 1406 3636 Lychnitide
1439 3561 1626 3622 trahit
1668 3563 1902 3640 palude
1947 3581 1961 3621 :
2008 3581 2197 3642 quam
2236 3565 2459 3643 lingua
2493 3581 2664 3626 nunc
2695 3563 2762 3626 in
2795 3563 3153 3626 barbariem
3187 3564 3593 3628 degenerans
3633 3561 3972 3625 Achridcm

699 3662 879 3713 vocat
919 3669 954 3719 a
990 3654 1184 3731 priori
1227 3655 1662 3733 appellatione
1706 3659 1916 3720 Macri
1967 3661 2136 3738 regis
2185 3660 2462 3739 Bulgari.
2513 3660 2652 3737 ejus
2685 3662 2795 3739 qui
2851 3661 3089 3722 deinde
3160 3661 3411 3721 Samuel
3444 3659 3805 3737 appellatus
3844 3667 3964 3719 est.

694 3748 949 3812 Floruit
982 3750 1036 3812 is
1069 3752 1568 3830 imperatoribus
1604 3755 2027 3819 Constantino
2080 3766 2140 3818 et
2191 3757 2430 3819 Basilio
2467 3755 3041 3837 t'orphyrogenitis
3073 3757 3354 3835 (decimo
3403 3757 3671 3818 cadente
3705 3755 3966 3829 saeculo,

695 3861 768 3907 ac
801 3845 1070 3908 ineunte
1108 3844 1504 3930 undecimo),
1540 3851 1801 3928 quando
1839 3850 2024 3912 istam
2061 3851 2359 3931 paludem
2391 3855 2686 3916 derivare
2725 3854 3203 3931 exliaurireque
3237 3869 3582 3932 aggressus
3619 3862 3735 3925 est,
3774 3879 3801 3909 υ
3844 3860 3966 3916 etc.

693 3941 920 4022 Itaque
952 3941 1585 4018 Achris,adnotante
1641 3945 1993 4010 Dufresnio
2041 3948 2107 4009 in
2162 3949 2331 4016 notis
2380 3952 2456 4012 ad
2511 3959 2812 4032 quartum
2874 3948 3218 4012 Alexiados
3270 3949 3531 4023 librum,
3586 3951 3654 4011 in
3701 3951 3966 4014 sublimi

693 4038 859 4102 colle
900 4041 1142 4104 eminet
1173 4059 1371 4121 prope
1417 4041 1652 4119 lacum,
1689 4044 1859 4106 unde
1925 4046 2210 4124 Drynus,
2245 4061 2365 4108 seu
2404 4048 2688 4127 Drymon
2721 4048 3226 4126 septentrionem
3263 4064 3491 4109 versus
3530 4045 3756 4108 efﬂuit.

775 4160 865 4221 Eo
923 4159 992 4221 in
1026 4160 1188 4234 loco,
1214 4179 1346 4240 quo
1384 4162 1620 4225 Achris
1639 4171 1762 4236 est,
1797 4169 2024 4240 putant
2056 4163 2354 4225 nonnulli
2393 4166 2798 4243 Lychnidum
2842 4162 3047 4244 primo
3079 4167 3435 4236 exstitisse,
3493 4176 3714 4246 postea
3753 4167 3960 4230 Bede-

692 4257 922 4331 rinam,
975 4259 1237 4320 demum
1296 4259 1579 4321 Primam
1635 4260 2094 4332 Iustinianum,
2148 4277 2181 4321 a
2245 4262 2618 4324 Iustiniano
2682 4263 3073 4340 imperatore
3129 4263 3387 4325 dictam.
3458 4263 3691 4325 Vicino
3751 4265 3969 4343 potius

695 4352 762 4414 in
817 4364 1016 4418 tractu
1073 4367 1340 4418 censent
1385 4358 1524 4430 alii,
1578 4357 1903 4419 conditam
1957 4375 1992 4419 a
2027 4358 2317 4430 Mocbro,
2375 4376 2491 4419 seu
2523 4359 2850 4433 Samuele,
2890 4359 3318 4437 Bulgarorum
3354 4377 3503 4438 rege
3566 4353 3964 4434 Christiano,

692 4452 898 4515 fuisse
936 4457 1304 4519 Achridem.
1343 4458 1533 4518 Suam
1566 4455 1990 4532 amplissimis
2025 4455 2384 4536 privilegiis
2415 4457 2842 4517 Justinianam
2901 4462 3167 4517 auxerat
3199 4457 3498 4519 laudatus
3554 4457 3967 4519 Justinianus

694 4553 1026 4628 Augustus
1064 4554 1129 4614 in
1175 4555 1428 4616 novella
1463 4573 1570 4627 xv,
1604 4554 1846 4632 quibus
1894 4555 2142 4615 minuta
2181 4553 2416 4616 mansit
2448 4552 3053 4614 Thessalonicensis
3088 4552 3402 4615 antistitis
3450 4553 3718 4630 pristina
3754 4555 3968 4634 juris-

692 4647 915 4709 dictio.
979 4648 1386 4726 Lequienum
1441 4651 1583 4713 loco
1643 4651 1858 4726 citato,
1893 4657 1957 4713 et
2013 4652 2197 4713 Joan.
2238 4651 2491 4712 Petrum
2522 4652 2601 4714 de
2634 4649 2944 4730 Ludewig
2975 4651 3038 4711 in
3076 4652 3221 4714 Vita
3255 4651 3638 4727 Iustiniani,
3663 4651 3965 4732 aliosque

692 4743 1042 4823 scriptores
1073 4747 1368 4810 consule.

710 4901 717 4907 -
769 4868 868 4928 29.
909 4870 1099 4929 Suam
1167 4869 1693 4948 TheOpliylactus
1766 4870 2118 4933 Ecclesiam
2179 4871 2641 4934 Acbridensem
2679 4918 2698 4945 ,
2756 4889 2827 4933 ac
2892 4874 3260 4934 universam
3329 4872 3963 4953 archiepiscopalem

682 4962 1211 5044 jurisdictionem
1251 4982 1329 5028 eo
1378 4967 1853 5030 administravit
1895 4977 2210 5047 tempore,
2273 4985 2404 5047 quo
2433 4969 2783 5052 Normanni
2820 4968 3172 5048 principes,
3211 4969 3532 5032 Robertus
3564 4969 3967 5033 Guiscardus

689 5067 752 5122 et
805 5062 1219 5124 Boemundus
1260 5065 1433 5126 (ilius
1467 5064 1800 5144 Illyricum
1867 5074 1932 5128 et
1990 5067 2356 5146 Bulgariam
2403 5068 2603 5127 armis
2671 5067 3084 5129 infestarunt.
3151 5070 3306 5129 Nota
3358 5076 3533 5140 sunt,
3600 5086 3746 5146 qua)
3792 5067 3965 5130 bella

689 5160 892 5235 gessit
943 5162 1264 5222 lioliertus
1321 5162 1400 5221 ab
1461 5179 1630 5226 anno
1675 5165 1823 5226 1081
1870 5165 1946 5226 ad
1998 5181 2243 5226 annum
2295 5164 2452 5226 1085
2495 5163 2663 5240 apud
2717 5163 3068 5242 Scriptores
3125 5165 3402 5230 Graecos.
3473 5173 3536 5225 et
3591 5166 3868 5238 Siculos,
3905 5175 3968 5228 et

695 5255 1004 5318 Venetos.
1052 5257 1332 5332 lrruptio
1386 5260 1749 5321 Boemundi
1811 5261 1886 5322 ad
1935 5277 2176 5322 annum
2233 5262 2385 5323 1107
2442 5263 2743 5340 pertinet,
2796 5278 2927 5338 quo
2960 5283 2987 5317 ‹‹
3023 5263 3263 5340 Bagora
3310 5279 3496 5324 mons
3525 5265 3692 5324 inter
3725 5263 3967 5341 Bulga-

697 5352 866 5415 ricos
911 5359 973 5414 et
1035 5353 1464 5433 Dyrrachinos
1526 5366 1776 5420 montes
1832 5359 2235 5440 interiectus,
2298 5380 2328 5416 ι
2390 5360 2534 5436 ipso
2595 5357 3078 5438 'l‘heOphylucto
3136 5366 3297 5419 teste
3349 5359 3416 5420 in
3475 5360 3749 5435 epistola
3802 5362 3882 5422 65
3933 5379 3968 5423 a

687 5469 721 5506 α
767 5456 1063 5529 tyranno,
1117 5476 1145 5508 υ
1212 5451 1455 5515 scilicet
1487 5454 1892 5529 Boemunde,
1943 5479 1972 5513 α
2026 5457 2389 5519 tenebatur.
2443 5479 2473 5514 ιν
2517 5455 2686 5517 Hinc
2741 5471 2895 5518 vero
2945 5456 3198 5542 Latinis
3229 5474 3298 5518 ac
3337 5457 3713 5519 Latinorum
3746 5464 3970 5522 contra

690 5549 1039 5611 Saracenos
1071 5551 1601 5627 expeditionibus
1649 5552 1978 5615 infensum
2037 5556 2176 5618 suis
2214 5554 2278 5615 in
2327 5553 2624 5632 epistolis
2662 5554 2899 5629 praabet
2951 5570 3123 5617 sese.

770 5672 888 5732 Sed
925 5681 988 5732 et
1027 5674 1290 5736 Croatos
1325 5675 1687 5753 llulgariam
1726 5677 1848 5739 sub
1880 5677 2194 5740 Michaele
2250 5677 2426 5738 Duce
2465 5677 2762 5754 Augusto
2802 5675 3232 5754 depOpulatos
3288 5692 3457 5748 esse,
3509 5673 3968 5739 adnotavimus

689 5786 866 5830 nuru.
933 5771 1029 5831 10.
1067 5773 1295 5834 Contra
1349 5774 1700 5846 Dalmatas,
1765 5776 1876 5853 qui
1914 5775 2153 5840 saeculo
2191 5793 2258 5836 xi
2303 5773 2644 5837 desinente
2700 5774 2870 5858 ciere
2939 5774 3156 5836 turbas
3208 5775 3702 5845 meditabantur,
3763 5791 3968 5854 expe-

691 5864 1005 5928 ditionem
1052 5869 1335 5947 suscepit
1380 5869 1648 5934 Alexius
1676 5873 2040 5935 Comucnus
2076 5891 2090 5934 :
2141 5873 2328 5952 isque
2371 5891 2400 5928 α
2440 5869 2944 5951 Philippopolim
2980 5871 3302 5944 invectus,
3340 5896 3366 5928 η
3406 5878 3470 5934 ut
3502 5872 3590 5934 ait
3638 5870 3966 5936 Comuena
