4262 6432
270 390 344 455 33
1097 378 1199 441 DE
1229 370 1813 439 THEOPHYLACTI
1846 369 2118 434 GESTIS
2153 370 2249 431 ET
2293 367 2671 430 scalrrts.
3461 413 3473 427 ,
3509 365 3597 432 μ’

273 507 441 567 libro
468 520 602 575 vui,
637 523 665 557 α
716 497 807 561 ihi
849 496 1094 559 litteras
1155 493 1401 571 accepit
1470 486 1954 567 archiepiscotii
2020 485 2368 566 Bulgariaa,
2412 486 2529 565 qui
2596 492 2752 546 tunc
2800 489 2962 558 erat,
3004 506 3031 540 υ
3072 481 3325 544 scilicet
3373 483 3585 546 Theo-

273 598 587 682 phylacti.

348 678 449 759 30.
475 698 719 757 Damna
742 690 1126 773 gravissima
1166 683 1866 760 inferebantBulgarim
1899 682 2162 764 populis
2199 689 2260 744 et
2288 680 2584 743 ecclesiis
2615 678 2989 759 imperiales
3029 685 3392 750 exactores,
3438 695 3585 755 quae

270 794 697 857 vehementer
721 792 899 851 dolet
928 788 1228 866 pluribus
1262 785 1324 845 in
1360 781 1654 862 epistolis
1685 781 2002 860 Bulgarus
2038 787 2259 843 noster
2296 777 2857 856 archiepisc0pus.
2892 776 2960 836 In
2984 792 3079 847 ea,
3102 791 3249 855 quas
3275 774 3586 835 vicesima

271 889 465 952 tertia
502 894 904 958 numeratur,
926 882 1007 943 ad
1028 883 1324 961 Corcyra:
1350 877 1850 959 episcopum,sic
1877 877 2000 940 ait:
2030 878 2175 939 «Tu
2201 893 2353 939 vero
2380 876 2465 937 ibi
2503 878 2568 936 in
2592 875 2742 937 illos
2763 875 2876 953 qui
2913 890 3030 933 nos
3060 874 3294 933 acerbo
3326 872 3588 933 elidunt

273 987 448 1055 ictu,
483 1000 763 1045 amaram
816 981 1039 1042 induis
1082 979 1304 1040 bilem.
1347 978 1419 1038 lu
1470 976 1644 1048 illos,
1694 976 1984 1054 inquam,
2019 976 2135 1055 qui
2169 973 2561 1036 insatiabilis
2612 972 2989 1049 cupiditatis
3044 969 3329 1030 ministri
3387 977 3588 1041 sunt,

272 1084 389 1163 qui
420 1092 482 1143 et
515 1079 908 1159 evangelicae
943 1077 1373 1157 professionis
1410 1076 1625 1140 hostes
1671 1080 1824 1132 sunt
1866 1070 2326 1141 exsecrabiles,
2362 1079 2422 1131 et
2459 1068 2809 1132 Christiani
2845 1067 3123 1144 agminis
3162 1066 3486 1143 pernicies
3526 1082 3588 1124 et

277 1181 423 1256 ipsa
471 1173 856 1267 internecio.
893 1173 1110 1234 n'Data
1168 1172 1405 1251 legitur
1438 1166 1929 1251 quadragesima
1966 1168 2169 1245 prima
2221 1166 2303 1227 ad
2340 1163 2985 1246 Panhypersebaston
3017 1164 3424 1235 Briemtium,
3474 1163 3589 1225 ubi

280 1276 415 1335 haec
463 1261 829 1335 habentur:
871 1292 900 1325 α
938 1270 1277 1349 Venenum
1331 1266 1632 1344 aspidum
1665 1264 1729 1323 iu
1779 1278 1899 1324 nos
1944 1275 2408 1344 conspuentes,
2447 1262 3005 1341 praeclarissimam
3056 1268 3119 1319 et
3174 1261 3589 1321 mitissimam

274 1368 692 1445 imperatoris
754 1366 1034 1425 animam
1104 1362 1399 1423 lethit'era
1472 1358 1910 1422 amaritudine
1966 1354 2343 1419 iniecerunt
2406 1375 2423 1418 :
2486 1365 2550 1417 et
2632 1353 2960 1435 quidquid
3016 1353 3309 1416 Ecclesia
3372 1360 3593 1415 nustra

274 1464 674 1538 continebat,
733 1460 987 1541 ingenti
1046 1462 1500 1523 internecione
1549 1456 2077 1519 deleverunt..Et
2125 1455 2419 1518 omnium
2488 1453 2759 1532 quidem
2822 1451 3054 1513 harum
3107 1469 3327 1514 rerum
3370 1468 3591 1523 causa,

275 1560 682 1641 vectigalium
733 1568 1104 1620 exitctorum
1161 1555 1555 1620 insatiabilis
1605 1552 1955 1635 cupiditas,
2009 1560 2073 1613 et
2122 1558 2430 1630 corrupta
2483 1552 2904 1615 consuetudo
2944 1551 3095 1614 fuit.
3140 1573 3169 1606 ι.
3222 1552 3389 1611 Tum
3436 1568 3593 1613 vero

278 1662 592 1723 scelerata
626 1659 913 1721 fat-inore
952 1673 1162 1720 narrat
1196 1658 1538 1737 cujusdam
1578 1652 1818 1726 Lazati,
1856 1651 1969 1730 qui
2007 1673 2036 1707 ιι
2074 1649 2385 1713 Ecclesite
2425 1649 2703 1714 colonus
2732 1659 2869 1712 erat
2908 1669 2922 1708 ε
2960 1667 3157 1732 quem
3192 1658 3412 1712 contra
3452 1666 3595 1725 nes,

279 1757 528 1839 inquit,
580 1755 811 1819 audaci
854 1762 1189 1819 armarunt
1242 1759 1526 1833 pectore.
1576 1774 1606 1809 »

363 1857 435 1916 In
476 1855 693 1933 ipsum
750 1870 1018 1933 quoque
1072 1849 1635 1930 'l‘heOpbylactum
1691 1851 1986 1926 impactte
2047 1846 2422 1921 calumniae,
2466 1863 2539 1910 ac
2570 1846 2624 1907 si
2661 1846 2928 1910 divitias
2953 1846 3345 1919 cumularet,
3400 1856 3461 1907 et
3510 1863 3593 1907 ex

278 1951 715 2031 Bulgarorum
778 1950 1007 2028 spoliis
1067 1946 1436 2009 ditissimus
1476 1951 1674 2006 esset.
1728 1966 1758 1998 α
1823 1943 2187 2007 Consilium
2239 1946 2532 2007 inierunt
2592 1944 2836 2025 (inquit
2879 1944 2948 2007 in
3017 1944 3290 2023 epistola
3356 1943 3460 2019 A3,
3515 1944 3599 2004 ad

277 2042 606 2111 dominum
632 2050 991 2110 Adrianum
1026 2049 1296 2126 fratrem
1328 2042 1759 2123 imperatoris)
1800 2050 1869 2103 ut
1901 2059 2000 2103 me
2034 2044 2113 2103 de.
2144 2040 2414 2105 honoris
2454 2047 2655 2122 gradu
2694 2043 3125 2104 detruderent
3166 2064 3179 2102 :
3229 2052 3289 2103 et
3333 2044 3587 2103 calum-

284 2146 411 2206 nias
474 2146 584 2206 siti
643 2146 917 2216 etl'erati,
966 2146 1044 2205 ad
1099 2143 1631 2220 potentissimum
1696 2145 1992 2202 nostrum
2081 2140 2577 2218 imperatorem,
2656 2148 2718 2203 et
2775 2140 3265 2220 optatissimum
3333 2142 3594 2201 fratrem

281 2251 499 2309 tuum,
541 2245 906 2313 evolarunt,
943 2250 1007 2302 et
1064 2258 1164 2302 me
1200 2239 1395 2319 quasi
1440 2237 1664 2299 multis
1701 2235 2216 2313 insuperabilem
2264 2239 2519 2301 viribus
2551 2287 2565 2313 ,
2621 2246 2685 2300 et
2742 2254 2971 2317 magna
3019 2237 3259 2300 fretum
3317 2238 3603 2317 potentia

284 2340 638 2403 calumniis
671 2341 842 2418 apud
882 2339 1066 2399 illum
1113 2337 1501 2399 obruerunt.
1540 2336 1614 2395 Et
1652 2332 1871 2406 tantis,
1908 2335 2239 2415 tantisque
2292 2335 2456 2399 lucri
2495 2335 2922 2415 proventibus
2979 2336 3049 2397 in
3100 2336 3401 2415 pinguem
3439 2334 3604 2397 divi-

281 2440 525 2501 tiarum
563 2436 987 2498 substantiam
1019 2453 1119 2498 me
1155 2436 1494 2497 dilatatum
1535 2430 2074 2495 criminabantur.
2112 2454 2143 2490 ιο
2182 2434 2254 2494 Et
2288 2432 2354 2495 in
2390 2432 2671 2510 epistola
2700 2434 2824 2495 73:
2864 2456 2889 2489 α
2932 2435 3001 2495 In
3039 2434 3243 2495 totius
3280 2433 3606 2513 Bnlgarim
3701 2509 3712 2521 .

281 2535 933 2613 orchiepiscoiium...
980 2534 1208 2597 oculos
1255 2537 1649 2595 convertunt
1692 2549 1707 2591 :
1743 2528 2065 2609 illumque
2119 2532 2309 2608 plane
2344 2531 2647 2603 audiunt,
2685 2532 2878 2593 etiam
2926 2541 3097 2593 totos
3158 2533 3302 2592 dies
3364 2549 3599 2593 nume-

283 2652 426 2696 rare
474 2650 706 2695 aureos
757 2649 1086 2707 nummos,
1133 2643 1195 2693 et
1246 2632 1431 2711 quasi
1476 2645 1805 2692 mensura)
1856 2629 2361 2707 complemeotis
2407 2628 2809 2690 arbitrantur
2844 2630 3210 2690 cumulare.
3256 2653 3281 2683 υ

366 2732 470 2791 3|.
516 2731 791 2810 Vigilem
836 2734 1046 2806 ipsum
1074 2729 1570 2807 sollicitumque
1610 2728 1713 2788 sui
1766 2727 2061 2789 muneris
2114 2728 2181 2789 in
2230 2728 2807 2790 administratione
2860 2728 3008 2789 aliae
3048 2727 3599 2805 conspiciendum

288 2831 578 2907 praebent
612 2828 928 2907 epistolae.
962 2830 1054 2891 Es
1089 2846 1162 2890 ea
1208 2845 1355 2908 qum
1413 2833 1797 2888 numeratur
1826 2826 2155 2889 tricesima
2180 2828 2495 2898 secunda,
2541 2825 2625 2887 ad
2665 2825 3043 2897 Triaditzaz,
3080 2827 3239 2887 olim
3294 2828 3600 2900 Sardicaa,

286 2930 677 3008 episcopum,
725 2927 1153 3003 addiscimus,
1192 2928 1504 2989 libentem
1550 2927 1765 3002 ipsum
1792 2925 2133 2996 annuisse,
2188 2938 2257 2986 nt
2308 2940 2343 2986 a
2388 2923 2651 2986 vinculo
2686 2922 3429 2995 excommunicationis,
3465 2940 3600 3003 quo

287 3029 466 3089 idem
498 3027 771 3087 antistes
818 3025 1174 3088 inuodatus
1208 3033 1366 3100 erat,
1405 3032 1745 3103 prouterea
1778 3025 1958 3103 quod
2000 3042 2128 3088 noit
2164 3031 2560 3087 convenerat
2610 3025 2687 3085 ad
2733 3029 3088 3103 synodum,
3143 3022 3599 3089 absolveretur

284 3128 368 3187 ab
398 3125 728 3203 episcOpis
772 3124 1136 3205 Pelagionze
1176 3142 1291 3187 seu
1353 3126 1707 3197 Heracleae,
1775 3131 1836 3186 et
1898 3122 2307 3186 Strombitzaa
2381 3139 2501 3183 seu
2561 3120 3001 3199 TiberiOpolis
3038 3166 3054 3195 ,
3112 3131 3172 3183 et
3226 3120 3601 3183 Melasobm.

288 3221 1009 3301 Constantinopolim,«
1045 3239 1337 3301 magnam
1389 3223 1453 3282 in
1500 3225 1767 3295 urbem,
1821 3244 1850 3278 ι)
1902 3219 2229 3299 profectus
2292 3220 2506 3283 fuerat
2558 3221 2909 3299 episc0pus
2965 3218 3109 3290 ille;
3168 3243 3194 3274 κ(
3236 3226 3296 3280 et
3340 3220 3601 3282 nullum

287 3319 427 3383 fere
470 3318 571 3379 vel
624 3328 807 3381 rotate
845 3320 1237 3389 maximum,
1292 3320 1393 3383 vel
1453 3321 1800 3381 minimum
1852 3320 2237 3398 reliquerat,
2271 3320 2384 3396 qui
2441 3319 2668 3381 acerba
2708 3327 2837 3381 ture
2873 3317 3117 3397 linguas
3152 3318 3215 3378 in
3246 3333 3367 3379 nos
3405 3317 3607 3379 male-

289 3417 575 3481 dicentia
622 3416 718 3498 (ut
771 3417 858 3478 ait
907 3421 1052 3496 ipse
1080 3417 1633 3497 Theophylactus)
1692 3435 1887 3480 aures
1934 3436 2080 3483 non
2129 3434 2284 3480 suas
2345 3416 2697 3480 occluserit
2735 3462 2751 3489 ,
2819 3418 3189 3493 surdasque
3228 3417 3605 3478 etl‘ecerit...

288 3515 611 3589 Quocirca
648 3515 715 3575 in
754 3516 960 3577 Deum
1006 3516 1248 3585 solum,
1293 3516 1408 3594 qui
1442 3515 1575 3577 haec
1616 3516 1839 3578 omnia
1872 3514 2136 3578 vincere
2176 3523 2413 3593 potest,
2457 3513 2684 3576 oculos
2721 3520 2978 3576 nostros
3012 3511 3376 3575 attollimus
3418 3521 3480 3574 et
3541 3513 3607 3575 in

291 3612 619 3672 sublimes
667 3612 810 3692 ejus
859 3611 1137 3693 justitim
1186 3621 1463 3686 montes,
1514 3615 1690 3675 unde
1732 3613 1923 3677 nobis
1955 3612 2280 3675 auxilium
2332 3613 2572 3674 veniet.
2606 3633 2636 3667 ν

372 3710 574 3787 [XIV]
614 3711 987 3789 De_synmlo
1034 3708 1421 3772 celebranda
1480 3710 1707 3773 scribit
1762 3709 2105 3790 epistolam
2134 3711 2236 3785 53,
2289 3710 2372 3771 ad
2417 3710 2967 3773 Macrembolitam
3027 3710 3287 3789 Prcspce
3348 3712 3607 3789 princi-

288 3822 457 3885 pem.
525 3806 856 3884 Oppidum
916 3814 1049 3868 erat
1120 3806 1185 3867 in
1236 3807 1616 3870 Macedonia
1670 3826 1867 3888 prope
1917 3809 2292 3872 Achridem.
2345 3831 2374 3865 ‹‹
2416 3810 2725 3871 Nondum
2761 3826 2880 3871 nos
2943 3808 3059 3871 illo
3120 3810 3296 3888 gtnvi
3399 3808 3608 3871 morbi

293 3902 601 3964 decubitu
667 3903 946 3974 liberati,
990 3904 1231 3983 inquit,
1291 3913 1355 3966 et
1393 3904 1594 3969 soluti
1684 3924 1917 3968 sumus
1984 3925 1997 3963 :
2055 3914 2117 3967 et
2200 3915 2417 3967 tamen
2486 3923 2674 3966 sacra
2765 3924 3078 3967 canonum
3153 3925 3283 3966 vox
3367 3923 3611 3966 sacrant

296 4002 483 4064 nobis
577 4002 886 4081 synodum
946 4004 1368 4083 imperavit...
1465 4007 1561 4067 I‘u
1650 4016 1867 4069 autem
1952 4022 2072 4069 nos
2144 4005 2490 4084 suscipe...
2567 4004 2689 4067 Hic
2750 4005 2931 4066 enim
3014 4015 3239 4067 noster
3324 4021 3616 4066 conven—

296 4107 397 4162 tus
437 4100 585 4160 erit.
639 4122 671 4157 »

376 4198 731 4276 EpiStolam
753 4200 1042 4279 denique
1070 4202 1097 4226 Γ
1121 4202 1153 4261 2
1180 4202 1374 4277 addo,
1405 4202 1488 4264 ad
1512 4204 1804 4283 Cercyra:
1850 4202 2244 4283 episcopum,
2281 4200 2415 4273 ubi,
2446 4208 2799 4263 memorata
2846 4200 3209 4263 Boemundi
3245 4199 3615 4278 irruptione

293 4294 357 4355 in
421 4296 816 4374 Bulgariam,
869 4297 1088 4360 homir-
1122 4316 1203 4359 2m
1260 4297 1462 4361 alium
1500 4326 1531 4357 ιι
1569 4300 1928 4380 ignobilem
1978 4321 2011 4357 ιο
2051 4298 2453 4377 insequitur,
2501 4320 2530 4355 α
2575 4305 2751 4360 tantu
2805 4298 3250 4361 molestiorem
3291 4305 3353 4359 et
3387 4298 3617 4360 durio-

294 4410 456 4464 rem,
513 4402 757 4472 quanto
821 4396 1063 4457 insanit
1120 4414 1222 4456 em
1282 4404 1343 4459 et
1400 4402 1856 4461 amentioi'em.
1913 4386 2037 4460 Hic
2086 4397 2290 4469 enim,
2328 4397 2568 4478 inquit,
2619 4396 2751 4457 sibi
2810 4396 3220 4459 venerationi
3269 4405 3333 4457 et
3378 4394 3615 4457 honori

291 4491 497 4561 ducit,
538 4494 654 4569 qui
725 4503 836 4554 aut
890 4493 1059 4554 dixit
1097 4493 1351 4575 aliquid
1404 4506 1624 4559 contra
1676 4495 1974 4558 Ecclesia;

1934 4512 2057 4571 am,
2113 4501 2225 4556 aut
2264 4492 2497 4556 fecit...
2528 4496 2675 4574 Ipse
2715 4495 2893 4555 enim
2931 4503 3054 4556 οὐδὲ
3093 4501 3188 4555 τοῦ
3224 4502 3617 4574 προσκυνῆσαι

294 4595 398 4666 τὴν
435 4595 765 4670 Θεομήτερα
801 4598 1002 4671 ἑαυτὴν
1033 4599 1309 4671 ἡξέωσεν,
1355 4611 1474 4656 nec
1508 4594 1627 4655 Dei
1666 4597 1933 4656 Matrem
1965 4610 1977 4655 ἓ

1923 4612 1933 4654 ι
1965 4593 2350 4655 adoratione
2384 4593 2649 4672 dignam
2686 4592 3118 4655 existimavit.
3160 4615 3189 4649 ››
3219 4595 3385 4654 Num
3411 4592 3606 4653 fuerit

288 4686 693 4749 Manichacus
748 4692 1046 4769 quidam,
1087 4699 1197 4753 aut
1252 4709 1333 4753 ex
1386 4692 1876 4772 Bogomilorum
1922 4700 2120 4761 secta,
2169 4693 2251 4752 de
2287 4690 2534 4771 quibus
2595 4691 2828 4754 latiore
2890 4693 3022 4771 agit
3064 4708 3371 4753 sermone
3428 4692 3617 4752 Anna

289 4784 628 4846 Comnena
671 4786 838 4856 libro
894 4806 975 4849 xv
1007 4788 1358 4851 Alexiados
1387 4790 1416 4848 ?
1460 4791 1607 4851 Ha-c
1654 4809 1806 4853 vero
1848 4790 1928 4852 de
1972 4789 2439 4869 TbeOphylacti
2487 4788 3037 4870 chronographia,
3086 4799 3148 4851 et
3199 4789 3617 4863 muneribus,

243 4888 363 4943 'ac
394 4880 852 4958 dignitatihus,
889 4885 1227 4967 gestisque
1261 4886 1605 4965 prmcipuis
1640 4886 2038 4949 disseruisse
2084 4888 2265 4949 satis.

1904 5061 2010 5121 IX.

279 5214 559 5298 Scripsit
619 5212 1127 5298 Tlteophylagtus
1214 5214 1716 5279 Commentarios
1781 5221 1849 5279 in
1928 5228 2208 5298 quatuor
2281 5217 2652 5298 Evangelia,
2741 5212 2979 5280 Mariae“
3030 5220 3491 5297 imperatricis,
3541 5229 3616 5282 ut

365 5292 649 5382 videtur,
694 5292 915 5382 jussu.
948 5294 1225 5382 "(lodices
1272 5298 1883 5382 Iercipui._L'(litio
1916 5292 2131 5379 prima
2164 5299 2396 5360 Latina
2431 5292 2573 5382 cum
2607 5292 2898 5361 versione
2930 5292 3206 5360 Joannis
3242 5300 3616 5382 -01:'colam-

364 5371 547 5462 pud-it
578 5390 659 5432 ea:
698 5371 932 5462 codice
958 5374 1178 5462 Graeco
1231 5371 1489 5462 mutila:
1524 5377 1751 5449 lt'ditt'o
1787 5371 1997 5462 (inici
2031 5390 2247 5462 textus
2309 5399 2389 5441 ea:
2418 5380 2634 5441 codice
2678 5382 3004 5462 Vaticano,
3041 5380 3602 5462 quiexpenditur.
3658 5430 3661 5433 .

369 5453 583 5539 {injus
630 5471 744 5539 ope
788 5453 1019 5539 Latina
1064 5456 1521 5539 interpretatio
1566 5461 1893 5536 recognila
1955 5480 1992 5519 α
2058 5459 2361 5539 Philippo
2401 5462 2733 5520 Montano.
2800 5453 3068 5520 Latinif
3108 5453 3607 5521 obs-errationes.

364 5532 759 5592 Parisiensis
808 5534 1004 5594 editio
1045 5534 1564 5611 GranuLatina,
1600 5532 1781 5619 οἱεῂε
1829 5539 2112 5617 defectus
2165 5532 2571 5601 iit-dicantur.
2610 5542 2955 5601 Fabricius
2990 5552 3281 5601 notatus.

369 5681 475 5742 32.
532 5680 927 5743 Litterarum
986 5683 1181 5761 queis
1209 5684 1505 5763 apprime
1546 5685 1840 5748 imbutus
1878 5698 2011 5750 erat
2045 5690 2604 5772 Theoiihylactus,
2656 5701 2717 5756 et
2756 5713 2952 5756 sacrm
2994 5695 3354 5774 praesertim
3389 5699 3613 5759 erudi-

285 5782 519 5881 tionis,
556 5799 684 5862 qua
748 5784 1109 5861 praestabat,
1171 5794 1592 5847 monumenta
1662 5788 1845 5867 plura
1891 5791 2179 5871 reliquit.
2248 5794 2750 5857 Commentarios
2814 5800 2881 5857 in
2929 5808 3207 5875 quatuor
3262 5800 3615 5881 Evangelia

284 5877 575 5959 scripsit.
626 5882 809 5961 Apud
866 5885 1124 5943 Petrum
1195 5884 1604 5946 Leutherium
1653 5888 1815 5948 libro
1885 5908 1919 5947 γ
1981 5890 2409 5953 Bibliotherae
2446 5896 2750 5955 (liesarem
2809 5897 3341 5957 Vindoboneusis
3402 5877 3613 5959 eistet
