4262 6432
668 396 738 460 35
1495 383 1718 445 BERN.
1760 378 2027 442 MARLE
2063 374 2160 437 DE
2204 367 2489 434 RUBEIS
2530 356 3034 439 DlSSER’I‘ATIO
3867 339 3939 404 36

668 508 869 573 codex
939 506 1058 568 219
1124 502 1689 569 membranaeeus,
1772 498 2222 575 pervctustus,
2290 483 2550 560 antiqua
2618 476 2973 558 majuscula
3044 472 3362 551 scriptura
3440 462 3928 543 elegantissimo

667 617 983 675 exoratus,
1034 606 1143 685 qui
1181 604 1333 663 olim
1372 601 1451 661 ad
1512 598 1907 660 cardinalem
1961 591 2405 655 Bessarionem
2478 581 2831 661 pertinuit,
2895 596 2930 639 a
3000 578 3252 637 Joanne
3323 566 3645 685 sambuco
3700 572 3938 685 postea.

668 714 945 779 emptus,
991 658 1467 775 translatusque
1500 696 1764 757 demum
1822 694 1888 753 in
1944 691 2295 751 Cmsaream
2361 658 2886 751 bibiliothecam,
2935 668 3432 738 Commentarios
3481 658 3935 739 Theophylacti

668 801 736 861 in
768 776 1115 877 Evangelia
1154 796 1278 854 duo
1316 795 1525 853 sancti
1567 792 1777 851 Marci
1825 798 1881 848 et
1910 785 2118 846 sancti
2168 781 2355 841 Lucw
2385 776 2842 856 complectens.

749 898 961 956 Grmca
1024 890 1433 970 prmmittitur
1488 885 1823 949 adnotatio
1874 882 2183 945 metrica:

1592 1030 1709 1110 ac
1733 1026 2070 1110 iaceres:
2097 1020 2358 1110 ,ε-ινάημςι
2375 1018 2658 1110 _-M_°:e:°:<;

1600 1086 1796 1166 ‘Firxip;
1845 1086 2064 1163 ἀληθῶς
2095 1086 2687 1166 ἔργονὲὺγξνςςξῖάτης
2714 1121 2728 1141 ο

1620 1150 2092 1235 ῖοῖἶτρυίήσάς
2124 1150 2251 1235 ῖτόὺς
2290 1150 2691 1235 μελλὲρῤᾖτους,
2729 1150 2923 1217 λόγους

1589 1222 1984 1308 Θεοφυλὰίιτὸξ
2007 1222 2386 1301 ποὶμενάρχης
2418 1222 2783 1293 Βούλγαρίας.

675 1381 908 1443 Eadem
968 1378 1149 1439 verba
1183 1372 1709 1439 Moutfaueonius
1751 1365 1946 1430 refert
1997 1364 2063 1425 in
2118 1362 2343 1424 Diario
2393 1356 2645 1426 Italico,
2681 1354 2888 1432 capite
2925 1352 2987 1422 6,
3026 1367 3168 1430 pag.
3228 1348 3329 1419 78,
3392 1347 3455 1407 in
3501 1346 3712 1405 fronte
3764 1338 3942 1404 codi-

673 1480 766 1539 cis
823 1474 1157 1553 prtedictos
1217 1467 1683 1549 'l‘heOphylacti
1746 1465 1815 1526 in
1874 1468 2155 1542 quatuor
2214 1453 2563 1535 Evangelia
2612 1450 3124 1515 Commentarios
3185 1442 3699 1518 complectentis,
3747 1453 3943 1499 manu

676 1544 965 1635 exaratos
996 1571 1163 1647 apud
1202 1544 1619 1631 Cassinenses
1654 1562 1995 1624 Patavinos
2040 1552 2387 1620 monachos
2430 1547 2987 1612 Sancthustinaa.
3029 1544 3311 1606 Primum
3341 1556 3592 1603 carmen
3648 1548 3711 1599 et
3758 1551 3950 1616 quar-

678 1680 811 1729 tum
876 1632 1221 1744 utrobique
1260 1665 1467 1725 locum
1523 1660 1825 1723 eumdem
1867 1660 2085 1718 tenent
2118 1675 2133 1713 :
2166 1651 2279 1713 sed
2314 1648 2489 1730 quod
2546 1655 2641 1709 est
2673 1646 3031 1707 secundum
3069 1643 3135 1703 in
3166 1639 3388 1703 codice
3423 1632 3942 1702 Vindoboneusi,

678 1766 935 1825 tertium
980 1772 1077 1824 est
1112 1728 1174 1823 iu
1208 1762 1534 1833 Patavino,
1569 1776 1639 1821 ac
1688 1754 1952 1818 tertium
2013 1750 2249 1830 legitur
2294 1728 2585 1809 secundo
2617 1743 2779 1805 loco.
2815 1742 2900 1802 Ea
2936 1754 3087 1801 vero
3118 1738 3210 1798 sic
3259 1737 3475 1798 Latine
3513 1733 3610 1794 vir
3641 1728 3949 1795 doctissi-

680 1879 824 1921 mus
858 1859 1317 1935 interpretatur
1372 1879 1385 1914 :

1650 1976 1976 2045 lmperatrix
2009 1973 2182 2028 Maria
2214 1974 2325 2027 [nec
2355 1969 2474 2045 ﬁeri
2505 1973 2737 2045 curat-it.

1653 2040 1805 2115 Opus
1850 2063 2029 2100 revera
2064 2043 2381 2115 nobilissimi
2413 2040 2629 2115 ingenii,

1646 2107 1751 2184 Qui
1786 2133 1960 2170 autem
1998 2116 2091 2167 hos
2145 2113 2427 2181 melli/luo:
2456 2107 2875 2184 Commentarios
2907 2107 3099 2171 edidit,

1660 2178 2080 2257 insopiti/Iactus
2113 2197 2187 2236 est
2221 2178 2495 2249 episcopus
2536 2178 2916 2249 Bulgarorum.

686 2336 876 2397 llisce
914 2351 991 2394 ex
1035 2332 1270 2401 verbis,
1308 2332 1714 2404 maximeque
1766 2343 1840 2387 ex
1876 2323 2118 2388 codicis
2158 2319 2475 2399 elegantia
2536 2316 2763 2396 colligi
2824 2332 3016 2395 posse
3073 2313 3450 2377 Lambecius
3493 2310 3797 2379 adnotat,
3847 2320 3953 2367 co-

684 2434 891 2493 dicem
934 2427 1533 2495 Vindobonensem,
1586 2402 1797 2502 ipsius
1845 2417 2312 2499 TheOptiylacti
2343 2423 2523 2476 (etate
2556 2422 2913 2486 exaratum,
2946 2413 3130 2475 illum
3154 2412 3369 2491 ipsum
3405 2425 3543 2470 esse
3590 2421 3721 2485 quo
3753 2402 3954 2464 Maria

696 2525 1069 2605 imperatrix
1109 2522 1431 2584 utebatur.
1485 2522 1602 2581 Sed
1671 2523 1893 2581 eadem
1947 2518 2162 2589 verba,
2216 2518 2347 2575 hinc
2418 2514 2553 2575 sola
2587 2513 2638 2572 si
2700 2518 3094 2588 spectentur,
3132 2533 3160 2565 α
3205 2525 3350 2571 eum
3379 2508 3456 2569 ab
3508 2504 3658 2567 aliis
3690 2504 3754 2564 in
3789 2502 3953 2562 alios

685 2603 939 2686 codices
998 2620 1451 2681 transmearint
1510 2616 1886 2691 (scitissime
1947 2616 2294 2675 adnotante
2362 2610 2873 2692 Montfauconio)
2941 2628 3068 2671 non
3141 2610 3355 2671 valent
3416 2608 3490 2668 ad
3529 2603 3955 2665 asserendum

687 2731 939 2797 tempus
997 2733 1068 2777 ac
1126 2714 1432 2776 saeculum
1478 2729 1608 2791 quo
1676 2711 1836 2773 liber
1887 2718 2186 2770 exaratos
2229 2718 2346 2770 est.
2380 2731 2407 2761 ι»
2446 2707 2745 2769 Codicem
2812 2705 3242 2767 nihilominus
3298 2704 3671 2764 Patavinum
3716 2695 3956 2759 smculo

686 2815 1079 2877 duodecimo
1130 2813 1467 2891 scriptum,
1506 2809 1667 2870 nihil
1706 2825 1942 2885 anceps
1994 2808 2236 2869 ibidem
2289 2805 2664 2885 pronuntiat
2708 2804 2877 2863 idem
2921 2802 3470 2866 Montfaucouius.

784 2913 1112 2973 Cmsareos
1170 2909 1425 2969 codices
1483 2913 1775 2967 recenset
1813 2903 2193 2966 Lambecius
2224 2903 2368 2977 217,
2431 2904 2467 2963 2

2274 2903 2368 2977 17,
2431 2904 2572 2975 218,
2613 2903 2755 2974 219,
2797 2903 2938 2973 220,
3002 2904 3145 2974 221,
3210 2904 3322 2980 qui
3396 2898 3490 2961 vel
3552 2900 3617 2959 in
3681 2903 3957 2975 quatuor

689 3008 1057 3087 Evangelia,
1108 3007 1206 3066 vel
1244 3005 1307 3065 in
1355 3004 1503 3077 duo,
1539 3002 1637 3063 vel
1689 3020 1886 3062 unum
1918 3010 2190 3074 tantum,
2225 3002 2722 3062 Commentarios
2777 2998 3242 3077 Theophylacti
3277 3004 3578 3078 praestant
3618 3013 3632 3055 :
3666 2995 3956 3069 itemque

696 3115 936 3173 monet,
974 3125 1003 3160 α
1044 3102 1222 3164 valde
1291 3099 1447 3162 utile
1510 3099 1838 3168 futurum,
1900 3114 2045 3157 cum
2106 3099 2349 3158 eisdem
2412 3098 2761 3177 diligenter
2811 3107 2873 3158 et
2940 3104 3232 3157 accurate
3318 3093 3598 3157 conferri
3645 3100 3958 3152 »curatas

691 3204 999 3264 hactenus
1058 3198 1403 3260 editiones.
1469 3196 1535 3256 In
1573 3196 1885 3255 Marciana
1952 3194 2339 3260 bibliotheca
2386 3202 2626 3262 \‘eueta
2672 3203 2928 3263 codices
2966 3203 3260 3280 quinque
3305 3205 3719 3267 asservautur
3764 3218 3778 3255 :
3822 3211 3961 3253 ser-

696 3312 923 3379 vatque
961 3301 1179 3374 plures
1239 3296 1439 3372 Regia
1488 3293 1877 3354 Parisiensis
1916 3301 2323 3370 pervetustos
2372 3305 2432 3357 et
2490 3298 2747 3374 Optimae
2797 3308 2985 3370 notre,
3068 3314 3347 3375 quorum
3402 3295 3658 3374 aliquos
3716 3307 3964 3352 memo-

694 3412 829 3461 rant
870 3394 1222 3457 Richardus
1255 3392 1585 3453 Simonius
1638 3400 1810 3452 ιουιο
1849 3392 1921 3451 lV
1954 3391 2263 3453 Historia
2310 3392 2564 3454 Criticae
2618 3394 2685 3453 in
2726 3394 2971 3456 Novum
3032 3388 3525 3462 Testamentuni’,
3588 3390 3793 3467 capite
3855 3388 3959 3457 28,

696 3508 755 3557 rt
793 3494 1062 3555 Michael
1102 3491 1478 3570 Lequienus
1520 3488 1985 3549 Dissertationo
2029 3489 2483 3550 Damascenica
2523 3492 2728 3561 v1,De
2772 3492 3047 3569 azymis,
3083 3508 3260 3551 num.
3295 3491 3528 3550 XLlll.
3586 3486 3767 3547 Alios
3809 3485 3967 3545 alia-

699 3612 837 3653 rum
876 3589 1416 3651 bibliothecarum
1478 3587 1734 3646 codices
1808 3584 2047 3647 indicat
2105 3586 2462 3648 Casimirus
2520 3588 2826 3647 Oudinus
2890 3590 2975 3647 De
3032 3585 3455 3664 scriptoribus
3513 3582 3967 3646 ecclesiasticis“

699 3701 870 3749 tumo
926 3688 979 3746 II
1013 3686 1079 3746 in
1136 3681 1627 3762 Thcophylacto.

779 3788 878 3846 33.
923 3784 1135 3847 Editio
1170 3783 1377 3861 prima
1442 3783 1661 3843 Latina
1710 3799 1880 3845 anno
1929 3783 2083 3845 1525
2121 3781 2389 3862 prodiit,
2445 3780 2797 3859 interprete
2828 3782 3078 3842 Joanne
3132 3777 3668 3856 OEcolampadio,
3707 3776 3968 3836 hetero-

697 3883 862 3944 doxo
922 3880 1211 3952 homine,
1262 3895 1407 3940 cum
1442 3879 1735 3957 ejusdem
1802 3879 2089 3956 Epistola
2126 3881 2202 3940 ad
2244 3880 2544 3940 lectorem
2599 3880 2827 3940 eodem
2876 3892 3044 3938 anno
3079 3877 3246 3938 data.
3293 3876 3524 3939 Codice
3575 3876 3796 3935 Graeco
3834 3875 3960 3935 im-

702 3979 981 4057 perfecto
1043 3993 1203 4037 usus
1267 3983 1385 4048 est,
1444 3987 1511 4036 ut
1578 3975 1719 4064 ipse
1754 3974 1819 4035 in
1873 3975 2156 4051 EpiStola
2213 3978 2511 4037 admonet
2544 3993 2558 4031 :
2594 3996 2623 4029 αι
2670 3973 2901 4053 Adegit
2937 3975 3261 4053 exemplar
3283 3971 3594 4043 mutilum,
3656 3972 3824 4049 [XV]
3863 3968 3966 4029 in-

703 4075 957 4153 quiens,
997 4080 1061 4133 ut
1126 4089 1256 4133 uno
1298 4072 1361 4131 in
1398 4070 1537 4132 loco
1577 4073 1864 4149 quendam
1919 4072 2310 4143 infarcirem,
2345 4074 2566 4135 deerat
2615 4074 2789 4135 enim
2842 4072 3055 4143 charta
3092 4096 3106 4135 :
3138 4076 3216 4134 de
3249 4090 3380 4152 quo
3411 4080 3651 4143 tamen,
3688 4079 3755 4130 ut
3792 4070 3969 4129 vidc-

705 4173 826 4243 bis,
865 4169 1089 4231 monui
1146 4186 1224 4231 ne
1291 4169 1439 4246 quis
1477 4170 1575 4229 vel
1624 4169 1686 4229 in
1724 4168 1839 4228 hoc
1882 4170 2066 4229 tidem
2109 4186 2313 4231 meam
2345 4182 2623 4232 accuset.
2668 4194 2695 4225 ι
2734 4172 2939 4231 Locus
2975 4179 3182 4231 exStat
3214 4170 3482 4232 Joannis
3513 4169 3721 4244 capite
3764 4184 3894 4235 xxi,
3930 4183 3963 4225 a

701 4278 1015 4329 commate
1051 4266 1123 4325 15
1170 4282 1374 4343 usque
1428 4265 1499 4325 ad
1566 4282 1727 4324 vers.
1753 4265 1852 4335 22,
1887 4266 1995 4327 ubi
2028 4267 2349 4345 interpres
2388 4267 2519 4327 huic
2550 4268 2878 4327 adnotavit
2914 4286 2929 4323 :
2965 4288 2993 4321 α
3029 4266 3195 4340 Quia
3240 4265 3343 4325 hic
3378 4264 3715 4326 deficiebat
3753 4264 3969 4323 charta

702 4365 767 4424 in
804 4362 1182 4440 i'xemplari,
1212 4377 1422 4438 operae
1458 4362 1734 4437 pretium
1775 4362 1983 4421 visum
2020 4371 2138 4431 est,
2178 4362 2489 4424 nonnulla
2518 4361 2848 4423 infarcire.
2881 4364 3002 4435 Tu,
3038 4363 3123 4423 mi
3182 4363 3401 4434 lector,
3442 4360 3593 4423 boni
3628 4361 3965 4422 consulas:

705 4471 765 4521 et
800 4461 849 4518 si
898 4463 992 4520 vel
1050 4460 1114 4518 in
1170 4459 1499 4534 exemplar
1550 4475 1676 4519 non
1722 4458 2025 4519 mutilum
2069 4459 2403 4535 incideris,
2436 4461 2535 4521 vel
2594 4461 2923 4539 probatius
2981 4464 3291 4541 quiddam
3340 4460 3668 4531 habueris,
3705 4468 3770 4520 tu
3807 4476 3974 4538 quo-

702 4575 829 4634 que
867 4557 935 4617 in
982 4557 1263 4616 medium
1293 4556 1519 4615 atl'erre
1570 4572 1695 4616 non
1738 4556 2136 4633 dedigneris.
2172 4580 2199 4611 η
2227 4557 2684 4618 Commentarii
2713 4566 3243 4635 supplementum
3278 4559 3601 4635 sequitur,
3650 4559 3822 4637 quod
3870 4558 3971 4617 his

712 4657 1032 4731 interpres
1064 4654 1303 4715 claudit
1346 4653 1557 4713 verbis
1598 4672 1611 4709 :
1651 4674 1678 4707 α
1723 4654 1869 4713 Haec
1938 4655 2367 4725 inseruimus,
2433 4654 2628 4715 lcetor
2666 4675 2680 4713 :
2715 4663 2778 4715 et
2827 4656 2894 4715 in
2956 4654 3075 4717 hoc
3137 4656 3252 4717 tibi
3310 4657 3544 4734 opinor
3595 4655 3971 4733 gratiﬁcari;

712 4769 885 4813 nunc
928 4757 1318 4827 sequuntur,
1360 4766 1504 4827 qum
1571 4751 1635 4811 in
1696 4751 2054 4828 exemplari
2085 4750 2638 4814 'COlltinebanlltr.
2680 4773 2709 4806 ι
2746 4752 3127 4814 Lectoribus
3190 4755 3613 4832 gratiﬁcatum
3645 4770 3772 4814 non
3824 4771 3971 4815 esse

708 4845 1278 4922 OEcolampadium
1308 4844 1471 4906 infra
1504 4846 1825 4919 dicemus,
1864 4856 2085 4925 utpote
2125 4848 2234 4925 qui
2274 4847 2878 4926 interpretationem
2945 4866 2977 4910 a
3033 4851 3500 4930 Theophylacti
3559 4863 3771 4913 mente
3832 4852 3971 4911 sino

710 4946 911 5007 dubio
972 4942 1249 5004 alienam
1286 4942 1659 5004 inseruerit.
1706 4946 1854 5006 Haac
1882 4946 2024 5025 ejus
2070 4946 2291 5007 Latina
2348 4947 2586 5016 versio,
2653 4946 2851 5007 variis
2883 4948 2950 5009 in
2987 4947 3144 5011 locis
3177 4950 3490 5027 impressa
3530 4950 3723 5029 typis,
3765 4950 3881 5010 lum
3914 4967 3972 5009 in

714 5044 892 5101 Vidit.
2671 5056 2680 5060 ’

794 5139 890 5198 3’s.
933 5142 1220 5200 Grmcum
1270 5144 1535 5207 textum,
1573 5137 1718 5198 sine
1744 5138 1965 5198 Latina
2011 5146 2334 5214 versione,
2364 5142 2631 5203 Romani
2668 5145 3073 5205 excuderunt
3104 5161 3277 5206 anno
3304 5143 3477 5212 1542.
3517 5152 3585 5205 ut
3617 5146 3973 5212 Gesnerus,

714 5236 1545 5342 l’ossevinps,babbeusnet
1578 5236 1823 5297 Caveas
1857 5238 2170 5300 scribunt.
2208 5249 2467 5300 Annum
2523 5241 2679 5301 1552
2713 5246 3003 5301 numerat
3036 5244 3220 5305 Joan.
3284 5242 3585 5303 Albertus
3636 5242 3974 5301 Fabricius

722 5331 843 5392 vo'l.
890 5333 965 5391 Vl
1001 5331 1402 5391 Bibliotheca:
1438 5331 1694 5405 Graiae,
1757 5350 1896 5411 pag.
1951 5332 2088 5407 287,
2141 5344 2539 5416 testaturque
2576 5362 2602 5391 ἰ
2666 5355 2735 5397 se
2770 5342 2931 5399 hanc
2966 5339 3029 5400 in
3085 5341 3383 5401 manibus
3447 5342 3799 5401 editionem
3866 5340 3976 5399 ha-

718 5432 895 5498 bere,
939 5446 1146 5503 neque
1180 5428 1366 5487 aliam
1407 5429 1688 5488 Grmcam
1733 5447 2001 5508 usquam
2037 5433 2244 5493 oculis
2279 5437 2417 5495 suis
2460 5435 2845 5495 occurrisse.
2887 5458 2913 5489 ››
2952 5438 3296 5497 ﬁoruanatn
3347 5438 3694 5498 editionem
3734 5437 3891 5498 hanc
3915 5452 3976 5498 ct

716 5543 835 5604 ego
875 5529 932 5585 in
962 5524 1255 5584 manibus
1292 5525 1495 5585 habeo
1534 5549 1547 5585 :
1608 5528 1950 5606 oculisque
2018 5530 2255 5591 uestris
2312 5534 2547 5592 intente
2608 5532 3077 5607 Spectantibus,
3120 5534 3249 5594 haec
3283 5536 3344 5592 in
3382 5535 3590 5596 fronte
3628 5547 3978 5597 Occurrunt

718 5627 925 5689 Verba,
967 5622 1172 5680 Romtc
1201 5640 1449 5681 MDXLII.

802 5722 1130 5780 Prazmissa
1171 5719 1380 5780 brevis
1417 5721 1906 5786 Prtcfatiuncula
1945 5728 2160 5787 Latina
2247 5728 2523 5805 incipit:
2582 5733 2906 5792 Studiosis
2966 5751 3293 5793 sacrarum
3362 5730 3769 5793 ιίιιρνανιυη,
3818 5733 3978 5795 cum

716 5816 926 5876 multa
963 5834 1060 5875 res
1102 5818 1255 5889 sint,
1291 5835 1550 5895 quarum
1590 5840 1740 5880 usus
1774 5821 2051 5882 utilitati
2106 5834 2292 5902 atque
2325 5830 2503 5887 etiam
2536 5842 2898 5890 ornamento
2928 5833 3105 5891 nobis
3135 5850 3263 5890 esse
3286 5832 3463 5901 solet,
3486 5839 3607 5891 etc.
3647 5835 3713 5892 In
3744 5850 3815 5892 ea
3853 5834 3975 5891 im-
