4262 6432
731 426 805 491 39
1554 409 1779 473 BERN.
1826 408 2092 471 M.\RI.E
2135 408 2233 469 DE
2273 403 2561 468 RUBEIS
2600 398 3108 464 DISSERTATIO
3919 397 3995 471 ιθ

728 554 867 597 nem
898 535 1175 601 servant,
1207 526 1490 588 excitant
1522 524 1715 586 bonas
1739 530 1934 595 artes,
1993 521 2211 600 quovis
2254 525 2534 595 sumptu,
2570 515 2790 594 quavis
2825 513 3081 591 pramio
3127 512 3397 592 faciunt,
3454 521 3527 575 ut
3558 532 3692 597 qua
3717 529 3997 581 veterum

732 630 987 695 Gracia
1024 624 1285 685 Patrum
1309 629 1711 681 monumenta
1741 616 2166 688 celebrantur,
2208 624 2263 675 et
2288 615 2401 675 hac
2426 622 2606 673 atate
2637 611 2888 672 minime
2907 609 3347 672 desideremus.
3394 634 3423 667 io

817 728 866 786 E
896 723 1161 803 regione
1195 717 1395 781 (irasci
1433 723 1647 777 textus
1683 722 1922 791 prostat
1951 712 2169 775 Latina
2204 711 2438 779 versio,
2472 723 2664 786 quam
2713 710 3059 770 Montanus
3126 708 3527 786 recognovit,
3604 708 3997 773 lectionibus

737 800 1148 898 va'riis,'quas
1180 816 1299 875 iste
1325 813 1689 891 conjcccrat
1728 811 1794 873 in
1829 810 2214 888 marginem,
2239 808 2307 870 in
2354 806 2578 868 Latina
2614 803 2921 865 versione
2952 804 3327 881 assumptis.
3368 805 3757 868 Parisiensis
3789 807 4000 871 editor

737 914 923 993 siglis
951 912 1079 971 illis
1110 907 1433 968 iudicatur
1465 907 1610 966 LP.
1646 921 1791 983 qua:
1822 903 1886 964 in
1917 901 2134 983 Operis
2160 902 2366 961 fronte
2400 900 2867 979 inspiciuntur.
2919 899 3076 979 Ejus
3113 900 3471 965 oscitantia
3506 902 3763 981 insigne
3814 903 4001 967 aﬂ'ert

737 1007 1106 1085 exemplum
1161 1003 1495 1065 Siinonius
1553 1019 1631 1063 ex
1696 1000 1917 1061 Latina
1975 996 2507 1077 interpretatione
2569 996 2686 1057 loci
2748 995 3085 1074 cujusdam
3153 996 3217 1057 in
3258 997 3486 1076 Elogio
3537 999 3995 1060 sanctiMarci.

737 1104 933 1169 Grmci
968 1109 1207 1173 textus,
1239 1100 1350 1178 qui
1395 1096 1833 1175 SOphronium
1856 1103 2181 1157 auctorem
2218 1092 2420 1162 habet,

2317 1101 2429 1163 aet,
2463 1092 2654 1155 verba
2683 1100 2834 1154 sunt
2869 1114 2884 1153 :
2919 1102 3031 1157 Καὶ
3061 1103 3129 1173 τῇ
3164 1102 3466 1174 Ἐκκλησίᾳ
3495 1104 4000 1174 ἀναγνωσοησόμε-

736 1225 826 1263 νον
855 1196 1182 1269 αὑθεντίσαξ
1213 1204 1445 1269 ἐξέδωκε
1488 1218 1502 1231 ·
1542 1210 1689 1272 qum
1732 1192 1817 1254 ita
1851 1192 2078 1254 Latine
2111 1198 2415 1253 vertuntu

2313 1198 2475 1263 ritur,
2499 1199 2682 1269 atque
2710 1189 3010 1251 Ecclesia
3038 1208 3177 1251 cum
3202 1190 3456 1251 lectoris
3486 1190 3796 1272 dignitate
3825 1194 3996 1255 Maro

735 1315 878 1360 cum
906 1296 1198 1377 prafecit
1243 1296 1496 1354 Petrus.
1534 1291 1878 1369 lgnorasse
1913 1290 2124 1351 editor
2155 1288 2266 1349 ille
2305 1287 2582 1355 videtur,
2612 1284 2855 1364 prafati
2913 1287 3109 1365 elogii
3141 1285 3348 1356 Graeci
3368 1295 3695 1349 auctorem
3722 1289 4003 1367 Sophro-

736 1394 920 1455 nium
956 1408 1145 1453 unam
1181 1387 1578 1467 impendisse
1629 1402 1917 1465 Operam,
1976 1396 2045 1448 ut
2073 1386 2285 1446 Greece
2336 1382 2712 1445 transferret
2740 1382 2939 1445 sancti
2970 1382 3353 1462 Hieronymi
3428 1383 3663 1445 librum
3703 1384 3792 1443 De
3840 1385 4002 1446 viris

736 1488 1124 1552 illustribus.
1161 1487 1358 1546 Porro
1384 1482 1829 1562 Hieronymus
1857 1483 1924 1544 in
1960 1482 2187 1545 Latino
2217 1497 2340 1543 suo
2376 1480 2565 1541 Marci
2637 1479 2869 1558 Elogio
2900 1481 2994 1541 sic
3046 1478 3136 1541 ait
3173 1497 3187 1539 :
3251 1477 3421 1558 quod
3461 1478 3913 1561 (Evangelium
3966 1500 4001 1543 a

736 1587 949 1647 Marco
1017 1580 1355 1662 scriptum)
1411 1599 1551 1641 cum
1597 1580 1825 1643 Petrus
1880 1578 2189 1653 audisset,
2244 1577 2593 1658 probavit:
2648 1577 3036 1639 etEcclesiis
3070 1576 3399 1656 legendum
3453 1596 3571 1638 sua
3619 1580 4003 1640 auctoritate

736 1683 931 1744 dedit.
963 1684 1155 1744 Hunc
1178 1682 1367 1743 etiam
1400 1696 1666 1741 sensum
1710 1678 2054 1755 SOphronii
2095 1687 2311 1739 textus
2340 1673 2644 1752 exprimit
2674 1695 2689 1734 :
2727 1677 2985 1737 Petrum
3020 1691 3278 1752 nempe,
3308 1694 3426 1736 sua
3457 1685 3737 1738 utentem
3768 1684 3999 1737 aucto-

732 1782 949 1851 ritate,
982 1779 1284 1840 Ecclesia
1307 1777 1635 1855 legendum
1663 1774 1857 1837 Marci
1894 1774 2320 1853 Evangelium
2352 1770 2596 1832 dedisse
2634 1792 2655 1829 :
2702 1771 2969 1834 minime
3008 1788 3183 1845 vero,
3210 1774 3497 1834 Marcum
3528 1773 3829 1833 Ecclesia
3860 1790 4002 1833 cum

736 1874 992 1935 lectoris
1054 1871 1366 1951 dignitate
1426 1888 1460 1932 a
1518 1872 1702 1932 Petro
1757 1869 2122 1949 pra/sctum
2181 1886 2333 1929 esse.
2391 1864 2693 1943 Sphalma
2744 1875 2841 1928 est
2893 1866 3068 1929 nulla
3104 1868 3289 1930 venia
3335 1868 3631 1947 dignum;
3700 1866 3999 1946 Spbalma

737 1969 1008 2031 alterum
1042 1971 1209 2031 addo
1240 1984 1382 2047 ego,
1410 1966 1581 2046 quod
1620 1965 1685 2027 in
1717 1966 1943 2046 Elogio
1974 1965 2172 2027 sancti
2237 1962 2505 2026 Joannis
2556 1962 2831 2041 apostoli
2881 1971 2944 2025 et
2997 1964 3414 2044 evangelista
3471 1964 3773 2027 occurrit.
3836 1964 4003 2026 Scri-

741 2075 951 2146 pserat
1003 2068 1444 2144 Hieronymus
1504 2063 1591 2123 De
1661 2062 1819 2123 viris
1884 2060 2246 2124 illustribus
2312 2059 2522 2138 capite
2576 2062 2640 2132 9,
2694 2060 3021 2140 Epistolas
3087 2060 3244 2122 duas
3300 2063 3573 2124 Joannis
3644 2060 4001 2139 presbyteri

733 2164 1036 2224 asseri....
1068 2163 1187 2222 etsi
1213 2159 1510 2221 nonnulli
1552 2166 1782 2237 putent
1840 2175 1948 2218 cas
2005 2176 2150 2220 esse
2189 2158 2462 2218 Joannis
2499 2156 2911 2236 evangelista.
2948 2158 3321 2222 Discrimen
3360 2160 3625 2221 alterius
3680 2160 3757 2222 ab
3794 2160 3999 2221 altero

731 2264 979 2324 Joanne
1045 2260 1332 2321 retinens
1395 2256 1823 2335 Saphronius,
1884 2256 2100 2317 Graece
2153 2261 2414 2316 verterat

2317 2261 2448 2324 erat,
2492 2263 2740 2316 Ἰωάννου
2792 2262 3191 2335 πρεσὸυτὲρου.
3226 2265 3290 2317 et
3349 2264 3599 2318 Ἰωάννου
3632 2262 3729 2316 τοῦ
3764 2263 4000 2333 εὐαγγε-

731 2366 915 2420 λιστου
944 2381 959 2396 ο
996 2359 1109 2418 sed
1139 2356 1309 2416 hunc
1340 2355 1626 2415 Gnaeum
1657 2358 1898 2412 textum
1937 2368 2269 2429 perperam
2302 2354 2689 2417 Parisiensis
2716 2356 2924 2418 editor
2954 2357 3172 2418 Latine
3205 2356 3514 2431 reddidit,
3544 2358 3816 2418 Joannis
3845 2374 4001 2437 apo-

731 2455 883 2516 stoli
914 2464 971 2514 et
1002 2452 1271 2514 Joannis
1311 2448 1723 2527 evangelista,
1773 2464 1843 2508 ac
1877 2450 1931 2507 si
1965 2448 2293 2525 apostolus
2332 2458 2396 2510 et
2425 2453 2804 2531 evangelista
2837 2454 2969 2515 duo
3007 2451 3217 2515 forent
3260 2454 3531 2516 Joannis
3588 2454 3852 2517 nomine
3880 2471 3997 2534 ap-

738 2550 980 2630 pellati.
1023 2551 1092 2610 1n
1128 2548 1417 2609 editione
1456 2547 1696 2605 Veneta
1732 2542 2055 2604 sublatum
2081 2550 2387 2608 mendum
2414 2558 2534 2609 est.

812 2673 996 2733 Joan.
1030 2669 1334 2730 Alliertus
1369 2666 1705 2728 Fabricius
1733 2673 1917 2728 sexto
1954 2666 2287 2729 volumine
2316 2666 2721 2730 Bibliotheca
2784 2669 3037 2741 Graca,
3078 2688 3218 2750 ring.
3250 2670 3394 2740 288,
3447 2670 3534 2732 ait
3570 2692 3585 2732 :
3625 2693 3652 2727 ει
3691 2670 4004 2734 Combel‘i-

736 2769 874 2830 sius
939 2768 1236 2841 minatur,
1282 2764 1835 2845 Theophylactum
1895 2764 1961 2823 in
2020 2764 2405 2826 Parisiensis
2469 2767 2780 2829 editionis
2842 2769 3031 2831 titulo
3068 2770 3426 2838 vorarimbv
3456 2780 3514 2831 ὲν
3544 2778 3723 2846 ἁγίοις
3778 2776 4002 2847 Πατέρα

731 2866 910 2937 ἡμῶν.
974 2868 1156 2929 Certe
1216 2864 1280 2925 in
1317 2866 1601 2925 Romana
1637 2862 1799 2925 nihil
1843 2863 2022 2927 aliud
2056 2874 2151 2926 est
2197 2881 2414 2945 quamt

2330 2882 2387 2925 m
2412 2872 2799 2941 Θεοφυ>.άκτου
2866 2876 3307 2946 ἀρχιεπισκόπου
3365 2878 3704 2948 Βουλγαριας
3734 2878 4002 2949 ἑρμηνεία

732 2976 816 3037 εἰς
872 2976 941 3031 τὰ
1002 2978 1249 3045 τέσσαρα
1323 2974 1655 3041 Εὑαγγέλια.
1717 2988 1734 3020 I
1798 2964 1921 3024 δρᾶ
1984 2964 2115 3024 ιιωο
2166 2966 2389 3025 eadem

2317 2981 2389 3025 Im
2448 2966 2661 3041 verba,
2731 2976 3166 3047 praetereaque
3239 2968 3431 3044 nihil,
3492 2975 3741 3046 prastat
3795 2968 4000 3031 editio

736 3068 1146 3129 Parisiensis.
1211 3066 1597 3129 Combetisio
1657 3078 1811 3126 vero
1869 3061 2233 3139 imponitur
2295 3065 2463 3139 quod
2516 3080 2729 3142 neque
2783 3067 3160 3137 somniavit,
3218 3066 3279 3127 id
3318 3083 3521 3129 unum
3580 3068 3719 3127 suis
3770 3064 3839 3127 in
3890 3083 4002 3128 re-

733 3164 1003 3225 censitis
1074 3162 1450 3225 auctoribus
1510 3160 1917 3223 Bibliotheca
1975 3159 2240 3220 Patrum
2304 3159 2796 3222 concionatoria
2852 3162 3182 3240 inquienti
3236 3183 3253 3224 :
3303 3186 3330 3218 «
3375 3162 3575 3224 Miror
3633 3163 3747 3241 qui
3802 3179 4005 3242 agno-

736 3261 972 3335 verint,
1011 3278 1134 3321 non
1172 3260 1412 3321 veritos
1471 3268 1823 3329 pranotare
1856 3256 1999 3335 ejus
2058 3252 2419 3333 opusculum

2323 3252 2450 3314 lum
2510 3255 2800 3335 aliquod,
2846 3266 2955 3320 Τοῦ
2998 3269 3053 3320 ἐν
3095 3266 3273 3335 ἁγίοις
3331 3269 3549 3339 Πατρὸς
3602 3267 3759 3339 ἡμῶν
3798 3270 4006 3340 Θεοφυ-

718 3352 962 3431 demit,
1006 3357 1218 3417 S'ancti
1238 3357 1449 3417 Patris
1470 3356 1677 3415 nostri
1704 3352 2176 3433 Theophylacti.
2201 3375 2227 3407 ››
2255 3352 2401 3413 Ρτωι

2321 3354 2787 3416 ’ωηοιδῑὶοηθτη
2826 3356 3239 3434 reprehendit
3263 3357 3683 3420 Combeﬁsius
3710 3359 4004 3437 opusculi

734 3456 1034 3536 alicujus,
1069 3473 1196 3517 non
1237 3455 1621 3516 l'arisiensis
1654 3453 2280 3513 Commentariorum
2326 3452 2389 3511 in
2426 3452 2771 3531 Evangelia
2802 3453 3111 3515 editionis
3149 3474 3163 3513 :
3198 3456 3525 3535 opusculi,
3570 3456 3860 3534 inquam,
3915 3457 4003 3516 De

736 3556 913 3630 regia
942 3553 1084 3613 sine
1111 3551 1311 3612 dubio
1344 3550 1789 3622 Institutione,
1822 3550 2072 3628 pridem
2132 3550 2306 3627 typis
2364 3549 2518 3610 editi
2578 3568 2609 3610 a
2650 3552 2835 3611 Petro
2869 3554 3141 3616 Possino
3182 3554 3517 3616 sublitulo
3562 3563 3670 3616 Τοῦ
3706 3565 3761 3615 ὲν
3820 3564 4000 3631 ἁγίοις

733 3660 949 3729 Πατρὶς
974 3659 1132 3730 ἡμῶν
1163 3657 1570 3727 Θεοφυὶάχτου,
1606 3658 1725 3710 etc.
1768 3649 1875 3708 Ait
1914 3648 2026 3710 ille
2052 3651 2243 3711 etiam
2284 3650 2349 3709 in
2387 3666 2416 3708 tt

2317 3666 2349 3709 n
2387 3646 2726 3727 marginali
2763 3649 3177 3714 adnotatione
3210 3655 3284 3713 ad
3314 3653 3609 3731 ejusdem
3646 3653 4000 3731 'l‘linphy-

731 3745 877 3809 lacti
906 3748 1236 3810 homiliam
1271 3749 1338 3807 in
1368 3746 1923 3807 Prasentationem
1950 3746 2241 3824 Deipara
2276 3746 2580 3824 Virginis,
2616 3743 2685 3805 in
2723 3746 3029 3808 manlissa
3060 3748 3214 3809 tomi
3256 3750 3391 3811 Vlll
3428 3748 3826 3811 Bibliotheca
3844 3768 4000 3809 con-

730 3846 1099 3906 cionatoria
1129 3864 1148 3906 :
1183 3867 1211 3900 α
1250 3841 1809 3921 Sapientissimum
1868 3842 2469 3922 (TheOpht'lactum)
2522 3850 2583 3903 et
2640 3841 2771 3904 haec
2825 3844 3035 3921 prodit
3070 3846 3278 3909 oratio
3313 3868 3331 3908 ε
3364 3846 3610 3908 utinam
3648 3863 3764 3907 nec
3792 3848 4002 3909 samli

730 3940 855 4003 alia
889 3942 1270 4022 abrogarent
1302 3940 1601 4001 tituluml
1642 3962 1668 3993 ι)

2324 4128 2399 4190 X.

733 4273 1333 4363 [Xl'lllllletltodus
1384 4293 1421 4334 a
1487 4274 1944 4363 Theophylacto
1998 4288 2247 4363 servata
2277 4280 2345 4339 in
2377 4280 2913 4363 Commentariis:
2956 4280 3136 4343 breve
3184 4279 3424 4345 scilicet
3463 4283 3531 4343 in
3575 4285 4006 4363 compendium

814 4359 1046 4442 passim
1087 4355 1403 4442 redigente
1432 4365 1716 4442 sanctum
1744 4359 2051 4442 Joannem
2091 4360 2624 4442 Cltrysostomum.
2683 4362 2982 4442 Parciore
3029 4380 3216 4422 manu
3258 4366 3528 4423 aliorum
3584 4355 3827 4442 colligit
3877 4370 4003 4428 ali-

819 4434 1066 4520 quando
1099 4435 1549 4520 expositiones.
1580 4434 2239 4513 Allegoriisabundat,
2268 4456 2400 4520 qua
2436 4456 2517 4495 an
2554 4457 2760 4520 ornnes
2798 4441 2873 4500 ab
2911 4443 3049 4517 ipso
3078 4444 3373 4520 profecta:
3402 4445 3552 4515 sint,
3585 4462 3665 4502 an
3692 4434 4000 4519 insititia,

812 4514 1184 4594 inquiritur.
1218 4515 1451 4592 Aliqua
1495 4524 1641 4574 sunt
1676 4519 1947 4592 proprio
1980 4528 2174 4575 murtc
2213 4518 2453 4594 scripta
2487 4536 2505 4574 :
2537 4518 2897 4578 Gracorum
2929 4514 3603 4601 ejus-avitheologtam
3635 4524 3855 4584 tradit.

820 4679 921 4738 3'7.
972 4674 1530 4753 TheOphylactum
1566 4674 1705 4736 suis
1736 4675 1802 4734 in
1840 4675 2335 4737 Commentariis
2366 4678 2435 4739 in
2465 4680 2813 4759 Evangelia
2846 4681 3181 4761 redegisse
3216 4682 3278 4743 in
3314 4684 3770 4761 compendium
3803 4684 4009 4750 lusio-

742 4791 847 4837 res
910 4771 1182 4834 Joannis
1239 4771 1684 4848 Chrysostomi
1734 4787 1962 4832 aureas
2010 4774 2476 4849 enarrationes,
2530 4795 2655 4840 una
2711 4790 2771 4839 et
2830 4780 3246 4841 consentiens
3278 4792 3373 4841 est
3406 4780 4003 4862 bibliOgraphorum

729 4868 1242 4933 animadversio.
1301 4868 1519 4929 Sixtus
1572 4868 1879 4929 Senensis
1934 4868 1998 4929 in
2053 4869 2448 4931 Bibliotheca
2476 4884 2719 4946 sancta,
2757 4876 2923 4938 libro
2952 4895 3039 4950 ιν,
3080 4876 3175 4939 sic
3213 4877 3302 4937 ait
3336 4898 3351 4938 :
3386 4899 3415 4935 ci
3445 4880 3514 4939 In
3557 4880 3693 4940 divi
3726 4880 4007 4961 Chryso-

731 4968 925 5031 stomi
979 4966 1261 5027 lectione
1320 4965 1435 5025 diu
1475 4965 1887 5043 multumque
1919 4976 2207 5027 versatus
2260 4984 2330 5028 ac
2359 4972 2660 5046 detritus,
2690 4974 2927 5052 redegit
2970 4976 3037 5035 in
3071 4974 3251 5035 breve
3289 4984 3348 5035 et
3394 4986 3684 5055 apertum
3716 4998 4004 5058 compen-

728 5064 924 5135 dium,
952 5064 1136 5143 juxta
1193 5062 1562 5122 historirani
1624 5062 2141 5139 intelligentiam,
2186 5065 2506 5144 quidquid
2546 5069 2946 5131 admirabilis
2987 5071 3093 5133 ille
3134 5075 3317 5133 Pater
3367 5091 3444 5134 ex
3478 5089 3681 5135 aureo
3711 5092 3831 5136 suo
3866 5095 4001 5148 ore,

733 5162 931 5222 veluti
988 5178 1072 5220 ex
1128 5158 1696 5220 abundantissimo
1731 5162 1936 5232 fonte,
1973 5159 2037 5219 in
2072 5163 2479 5237 exrionendis
2511 5167 2864 5244 Scripturis
2900 5170 3137 5230 sanctis
3168 5169 3508 5244 effuderat,
3559 5176 4005 5249 praetermissis

738 5260 893 5319 loris
938 5256 1393 5329 communibus,
1431 5258 1495 5316 in
1536 5259 1774 5336 quibus
1811 5256 1913 5318 ille
1952 5258 2158 5336 lienis
2193 5259 2584 5339 eloquentia
2616 5262 2776 5323 velis
2808 5280 3155 5328 excurrere
3189 5269 3552 5329 consuevit.
3592 5293 3621 5325 ι)

821 5375 982 5435 llinc
1022 5391 1168 5435 vero
1204 5377 1270 5435 in
1307 5374 1641 5436 codiCtbus
1679 5375 2137 5454 manuscriptis
2170 5377 2504 5455 in-criptio

2321 5377 2630 5455 riptiones
2656 5377 3037 5457 hujusmodi
3076 5390 3303 5457 prasto
3334 5390 3489 5445 sunt
3514 5408 3527 5445 :
3549 5395 4004 5463 Θεοφυλὰκτου...

730 5477 1001 5549 Ἐπιτομὴ
1028 5480 1135 5533 τῶν
1172 5482 1259 5533 τοῦ
1281 5481 1678 5551 Χρυσοςτόμου
1731 5478 2111 5553 Ἐξηγτθτικῶν
2147 5485 2225 5547 εἰς
2255 5488 2314 5537 τὺ
2340 5502 2409 5537 κα

2340 5488 2482 5538 κατὰ
2514 5486 2729 5539 Λουκᾶν
2767 5486 3119 5554 Εὐαγγέὶλον,
3160 5481 3683 5559 Theophylacti...
3709 5486 4009 5564 Compen-

732 5568 903 5628 dium
937 5571 1539 5629 Commentariorum
1577 5572 2010 5647 Chrysostomi
2045 5573 2111 5633 in
2143 5574 2555 5651 Evangelium
2587 5574 2929 5635 secundum
2973 5574 3226 5638 Lucam.
3276 5580 3387 5638 Vel
3440 5586 3713 5659 Ἐπιτομὴ
3732 5591 3844 5644 τῶν
3885 5594 4007 5661 Ἐξ-

730 5678 1019 5745 ηγητικῶν
1060 5680 1142 5742 εἰς
1172 5678 1233 5731 τὸ
1270 5677 1413 5730 κατὰ
1444 5678 1727 5731 Ματθσίον
1754 5676 2121 5746 Εὑαγγέλιον,
2160 5670 2413 5749 Epitom

2323 5690 2450 5730 ante
2501 5672 3108 5735 Commentariorum
3176 5674 3677 5757 (subintellige,
3734 5682 4006 5745 Joannis

729 5766 1184 5845 Chrysostomi)
1218 5766 1285 5827 in
1325 5765 1735 5844 Erangelium
1764 5766 2075 5829 Matthai.

807 5864 904 5925 38.
958 5864 1075 5922 Sed
1114 5864 1272 5923 alios
1310 5862 1527 5931 etiam,
1574 5864 1860 5942 parciore
1895 5866 2161 5943 quidem
2198 5883 2416 5943 manu,
2467 5867 2816 5947 scriptores
2862 5868 3385 5949 interpretesque
3418 5880 3709 5933 vetustos
3752 5874 3831 5935 ab
3864 5873 4006 5953 ipsa
