4262 6432
247 425 310 489 ιι
1073 412 1172 473 DE
1209 406 1798 472 THEOPIIYLACTI
1840 404 2118 468 GESTIS
2155 403 2254 466 ET
2295 404 2663 468 SCRIPTIS.
3468 409 3542 481 ,η
3600 421 3605 428 ι

245 537 586 611 decerptos
623 525 974 607 aliquando
1036 523 1269 592 fuisse,
1328 519 1604 581 dubium
1663 513 1922 576 nullum
1956 529 2100 573 esse
2158 513 2350 575 debet
2387 535 2401 573 :
2436 530 2580 574 cum
2626 511 3034 592 perantiquis
3082 513 3144 574 in
3200 513 3535 595 aliquibus

247 609 526 701 Catenis,
561 626 908 688 adnotante
942 619 1234 682 Simonio
1276 632 1417 694 pag.
1451 613 1590 682 ιιοο,
1647 610 1832 690 plura
1864 609 2303 679 oﬂ‘endantur,
2357 628 2505 688 qua
2543 611 2851 671 similiter
2905 611 3078 687 apud
3117 611 3538 693 'I‘heOphyla-

244 708 413 789 ctum
448 729 823 787 occurrunt.
868 714 1491 781 Commentariorum
1535 709 1679 788 ejus
1711 709 1780 769 in
1827 705 2241 785 Evangelium
2291 707 2564 767 Joannis
2622 706 2810 768 affert
2863 706 3165 769 laudatus
3205 708 3542 772 Simonius

243 824 558 891 codicem,
593 819 692 880 his
731 815 1116 893 inscriptum
1141 809 1357 872 verbis
1394 826 1408 869 :
1453 815 1759 886 Ἐρμηνεία
1811 812 1906 866 τοῦ

1856 812 1906 865 ait
1943 803 2104 878 ἁγίου
2163 829 2268 882 μου
2309 811 2582 866 δεσπότου
2641 813 2738 866 καὶ
2784 813 3053 867 αὑθέντου
3105 818 3539 888 μακαριωτάτου

241 916 681 990 ἁρχιεπισκόπου
740 909 913 982 κυροῦ
964 907 1376 976 Θεοφυλάκτου,
1408 903 1731 957 συντεθεῖσα
1782 905 1848 990 tit
1888 900 2166 971 διαφόρων
2209 901 2387 967 ἁγίων
2439 903 2522 966 εἰς
2566 904 2628 954 τὸ
2669 902 2816 956 κατὰ
2869 902 3132 975 Ἰωάννην
3178 905 3539 974 Εὑαγγέλιον,

246 989 700 1084 Interpretatio
735 999 940 1060 sancti
969 995 1210 1058 domini
1251 994 1370 1053 mei
1401 1003 1458 1052 et
1489 992 1774 1051 auctoris
1811 989 1980 1051 beati
2013 991 2486 1070 archiepiscopi
2525 992 2770 1054 domini
2806 994 3284 1072 Theophylacti,
3319 999 3539 1077 confe-

181 1137 190 1143 -
241 1112 340 1163 cta
373 1119 454 1161 ea:
484 1097 755 1159 diversis
795 1101 1162 1155 sanctorum
1193 1089 1516 1168 operibus,
1553 1088 1622 1148 in
1654 1087 2069 1165 Evangelium
2111 1089 2320 1148 sancti
2345 1090 2641 1150 Joannis.
2680 1089 2974 1152 Titulum
3022 1093 3232 1152 sancti
3275 1100 3337 1153 et
3375 1091 3544 1154 beati

243 1205 666 1274 pranotatum
700 1211 735 1256 a
777 1194 997 1256 Graco
1043 1188 1308 1249 librario
1340 1186 1780 1248 animadverte
1816 1205 1833 1246 :
1866 1199 1940 1245 ac
1979 1185 2185 1260 disce,
2226 1186 2682 1266 hujuscemodi
2717 1188 2944 1250 titulos
2981 1189 3046 1250 in
3087 1189 3316 1251 oculos
3349 1193 3540 1253 etiam

242 1293 568 1355 Francisci
625 1286 1023 1360 Combeﬁsii,
1082 1283 1201 1364 qui
1256 1282 1516 1346 codices
1565 1280 1898 1354 lustrabat,
1952 1281 2246 1346 incidere
2299 1285 2618 1364 potuisse,
2653 1300 2724 1346 ac
2765 1301 2874 1347 eas
2911 1293 3218 1364 praeterea
3256 1303 3449 1350 voces
3485 1293 3543 1345 ὲν

235 1398 436 1469 ἁγίοις.
477 1391 638 1451 Vide
671 1405 738 1450 n.
767 1389 874 1450 36.

311 1488 413 1548 39.
465 1485 819 1564 Allegoriis
854 1479 1381 1560 Theophylactus
1417 1476 1725 1538 abundat.
1755 1475 2092 1538 Judicium
2125 1475 2249 1540 fert
2282 1478 2834 1555 OEcolampadius
2861 1497 2975 1542 sua
3016 1481 3077 1541 in
3113 1479 3493 1543 Prafatione
3525 1504 3540 1543 :

236 1609 263 1641 ι
301 1587 374 1647 In
409 1583 770 1662 allegoriis,
835 1579 1177 1659 inquiens,
1227 1577 1349 1640 etsi
1401 1593 1534 1638 non
1585 1574 1836 1654 ubique
1872 1573 2153 1649 solidus,
2187 1575 2525 1655 jucundus
2575 1586 2789 1639 tamen
2830 1585 2951 1640 est.
2999 1601 3028 1635 ιο
3079 1577 3179 1640 Sic
3219 1578 3415 1640 etiam
3455 1580 3544 1640 ait

233 1681 454 1744 Sixtus
486 1677 804 1744 Senensis
840 1679 980 1740 loco
1011 1675 1206 1737 citato
1259 1694 1303 1734 ε’
1329 1695 1358 1730 κ
1419 1671 1783 1751 Allegorias
1817 1687 2109 1752 quoque,
2145 1689 2295 1736 cum
2333 1681 2444 1736 aut
2491 1674 2734 1748 nullas,
2787 1683 2898 1737 aut
2932 1692 3105 1737 raras
3139 1676 3311 1752 apud
3347 1678 3544 1754 Chry-

233 1786 601 1841 sostomum
631 1775 1019 1848 invenisset,
1065 1789 1147 1835 ex
1183 1769 1457 1833 aliorum
1489 1767 1978 1832 commentariis
2026 1768 2384 1848 supplevit,
2430 1779 2492 1834 et
2525 1771 2665 1834 suis
2709 1771 2870 1834 locis
2903 1772 3242 1851 aptissime
3295 1789 3546 1835 accom-

235 1874 550 1936 modavit.
596 1897 625 1930 ιι

311 1970 410 2032 Ex
442 1970 542 2032 his
584 1967 932 2046 irrepsisse
972 1965 1319 2044 plerasque
1359 1961 1428 2024 in
1477 1967 1723 2024 textum
1758 1980 1838 2024 ex
1872 1965 2144 2028 scholiis
2179 1965 2671 2046 marginalibns,
2721 1965 2984 2044 putabat
3020 1964 3360 2029 Simonins
3398 1964 3542 2026 loco

240 2066 485 2145 sapius
519 2066 736 2138 citato,
775 2081 913 2143 pag.
948 2063 1090 2124 392.
1123 2061 1200 2121 V.
1236 2077 1297 2139 g.
1331 2059 1454 2120 sub
1486 2057 1750 2119 initium
1784 2060 2239 2127 Commentarii
2273 2082 2468 2144 super
2505 2064 2897 2136 Matthwum,
2933 2071 3220 2144 quatuor
3261 2061 3543 2138 legimus

235 2161 592 2241 Evangelia
629 2161 869 2239 scripta
921 2175 1092 2232 esse,
1132 2179 1161 2211 α
1201 2154 1303 2217 vel
1361 2153 1513 2216 ideo
1561 2156 1718 2234 quia
1770 2167 2052 2236 quatuor
2102 2162 2377 2224 virtutes
2413 2160 2828 2224 universales
2877 2178 2957 2222 ex
3000 2160 3097 2223 eis
3140 2161 3541 2222 discimus...

234 2261 448 2340 Atque
481 2260 675 2322 etiam
707 2259 833 2319 alia
869 2259 1143 2328 ratione,
1173 2259 1516 2332 propterea
1549 2252 1725 2330 quod
1759 2253 1881 2317 ista
1913 2259 2142 2320 mundi
2178 2265 2332 2321 sunt
2365 2258 2767 2322 columna...
2807 2260 2878 2320 Et
2902 2258 3028 2320 alia
3064 2258 3215 2319 item
3265 2257 3545 2325 ratione,

232 2356 546 2436 quoniam
598 2364 884 2436 quatuor
940 2354 1072 2415 hac
1124 2347 1672 2426 complectuntur,
1729 2350 2055 2430 dogmata,
2113 2364 2456 2436 pracepta,
2519 2355 2732 2416 minas
2790 2361 2854 2416 et
2940 2353 3542 2432 pollicitationes.»

231 2453 432 2534 Atqui
479 2470 658 2526 vero,
718 2453 1014 2517 Simonio
1047 2455 1234 2524 teste,
1295 2446 1500 2508 codex
1557 2447 1740 2511 adest
1793 2451 1862 2512 in
1907 2451 2261 2515 Parisiensi
2299 2452 2502 2532 Regia
2542 2451 2974 2526 Bibliotheca,
3032 2451 3143 2513 ubi
3194 2450 3544 2530 allegorica

231 2552 398 2612 ratio
429 2551 630 2613 altera
676 2567 749 2614 ac
782 2549 971 2613 tertia
1004 2546 1465 2611 desiderantur
1502 2565 1518 2604 :
1561 2551 1622 2607 et
1653 2546 1835 2608 adest
1865 2548 2060 2623 alius,
2099 2548 2167 2610 in
2207 2567 2340 2628 quo
2384 2567 2505 2612 nec
2543 2550 2745 2627 prima
2778 2566 2897 2612 nec
2934 2549 3119 2611 tertia
3165 2561 3550 2618 occurrunt,

231 2653 607 2734 legiturque
647 2650 844 2712 altera
883 2656 1162 2711 tantum.
1214 2647 1734 2726 Manuscriptum
1798 2645 1866 2707 in
1937 2645 2373 2724 evangelistas
2427 2645 2885 2726 Theophylacti
2937 2647 3287 2724 Prologum
3321 2645 3449 2706 vidi
3487 2655 3549 2703 et

230 2767 379 2829 ego,
421 2767 501 2812 ex
545 2749 837 2812 Casareo
869 2745 1364 2808 Vindobonensi
1421 2744 1646 2807 codice
1695 2742 2124 2821 descriptum,
2186 2743 2254 2804 in
2310 2762 2444 2823 quo
2497 2743 2812 2823 allegoria
2855 2762 2937 2806 ex
2990 2753 3276 2823 quatuor
3317 2743 3548 2804 mundi

234 2846 526 2927 partibus
569 2847 914 2921 desumpta
950 2859 1081 2904 non
1115 2841 1412 2904 habetur.
1455 2843 1646 2904 Hunc
1681 2846 1992 2902 memorat
2037 2841 2328 2904 codicem
2387 2841 2726 2904 Nesselius
2760 2842 2826 2902 in
2869 2839 3202 2919 Catalogo,
3242 2847 3420 2918 parte
3461 2859 3546 2911 IV,

231 2962 296 3008 n.
333 2945 477 3006 271.
519 2943 696 3003 Hanc
748 2939 1042 3002 eamdem
1094 2937 1602 3017 pratermittunt
1632 2936 2012 3017 allegoriam
2051 2938 2281 3001 Veneti
2321 2937 2585 3001 codices
2619 2937 2948 3000 Marciani
2979 2937 3135 3010 duo,
3174 2937 3550 3000 tricesimus

229 3058 304 3106 ac
338 3040 708 3104 tricesimus
762 3039 1011 3118 primus
1055 3056 1070 3097 :
1113 3039 1412 3116 adeoque
1454 3035 1832 3107 huiusmodi
1893 3032 2224 3114 allegoria
2269 3035 2670 3114 multiplices
2708 3035 2776 3097 in
2832 3035 2956 3099 hoc
2989 3034 3132 3097 loco
3171 3045 3236 3098 et
3282 3036 3350 3098 in
3396 3037 3551 3099 aliis

229 3145 553 3217 suspecta
583 3136 901 3199 evadunt.
932 3133 1180 3208 Quidni
1211 3149 1366 3196 vero
1405 3133 1484 3195 de
1516 3131 1814 3194 codicum
1866 3134 2086 3210 potius
2119 3133 2623 3214 imperfectione
2656 3143 2769 3198 aut
2803 3136 3221 3199 mutilatione
3276 3155 3346 3198 ix
3379 3138 3553 3200 osci-

235 3236 437 3299 .antia
497 3235 860 3297 scribarum
918 3232 1389 3311 suspicandum
1448 3230 1690 3293 fuerit?
1734 3232 2004 3296 Rectum
2069 3233 2427 3311 pendet-ex
2465 3243 2762 3296 accurata
2796 3242 3206 3299 vetustorum
3262 3235 3549 3314 plurium

231 3334 560 3408 codicum,
595 3340 658 3394 et
692 3334 878 3395 bona
913 3339 1105 3402 nota,
1129 3330 1482 3410 judicium.

313 3432 416 3493 lto.
465 3432 540 3493 In
580 3430 760 3493 hisce
792 3429 1294 3492 Commentariis
1346 3426 1488 3489 suis
1542 3442 1673 3488 non
1709 3441 1908 3506 pauca
1961 3431 2292 3486 auctorem
2346 3426 2616 3504 prOprio
2652 3433 2852 3488 marte
2887 3425 3278 3500 inseruisse,
3318 3435 3429 3489 aut
3482 3430 3548 3487 in

237 3530 528 3608 ipsarum
588 3529 1124 3606 interpretatione
1186 3524 1699 3596 Scripturarum,
1756 3529 1866 3583 aut
1921 3523 1986 3583 in
2030 3522 2338 3585 vindiciis
2397 3531 2585 3586 recta
2637 3514 2788 3584 lidei
2841 3525 3187 3586 adversum
3245 3526 3548 3594 hareses,

231 3643 397 3706 (tuas
428 3626 918 3704 opportunitate
953 3625 1094 3686 data
1141 3628 1455 3686 memorat
1493 3637 1566 3684 ac
1603 3618 1864 3695 refellit,
1891 3619 2330 3682 dubitandum
2355 3636 2495 3689 ,non
2522 3629 2640 3683 est.
2682 3621 2850 3682 Hinc
2884 3621 3079 3682 etiam
3115 3623 3551 3685 Combet‘tsius

233 3725 299 3787 in
338 3741 478 3786 sua
513 3719 922 3784 Bibliotheca-
948 3721 1447 3783 concionetoriaz
1476 3716 1858 3781 auctoribus
1893 3716 2242 3779 recensitis
2275 3717 2581 3779 admonet
2613 3718 2880 3795 [XVIII]
2910 3718 3092 3797 plura
3125 3736 3194 3780 se
3227 3737 3304 3780 ex
3341 3719 3552 3781 Theo-

235 3820 540 3901 phylacto
571 3819 935 3881 inseruisse
966 3819 1182 3882 eidem
1218 3815 1664 3890 Bibliotheca,
1719 3836 1747 3870 α
1791 3814 1902 3876 ubi
1943 3815 2298 3894 prasertim
2341 3817 2438 3879 vel
2477 3817 2926 3898 Chrysostomi
2965 3820 3298 3899 expositio
3337 3821 3548 3892 deest,

235 3921 334 3984 vel
387 3921 529 3999 ipse
578 3919 865 3981 abundat
907 3941 935 3974 ι)
965 3917 1501 3996 archiepiscopus
1542 3913 1888 3994 Bulgaria.
1944 3913 2312 3980 Peculiarés
2355 3914 2621 3978 demum
2655 3915 2939 3994 aliquas,
2980 3936 3128 3997 qua
3161 3919 3334 3997 apud
3375 3921 3553 3982 Gra-

230 4034 342 4082 cos
377 4016 816 4087 invaluerant,
855 4015 1076 4076 minus
1116 4014 1182 4076 in
1223 4013 1551 4092 theologia
1596 4011 1918 4090 probatas,
1983 4009 2400 4088 amplectitur
2443 4011 2778 4073 doctrinas
2816 4036 2830 4072 :
2868 4024 3219 4096 movetqne
3281 4026 3548 4078 contro-

231 4116 482 4177 verslas
515 4118 700 4177 atate
739 4127 855 4172 sua
897 4112 1211 4192 vigentes.
1246 4111 1618 4189 Specimina
1653 4108 1954 4171 dabimus
1995 4106 2182 4168 infra.

1831 4303 1938 4363 XI.

228 4455 767 4542 Commentarium
814 4453 884 4514 in
934 4455 1095 4542 Acta
1140 4454 1829 4542 apostolorum__Grace
1866 4467 1943 4542 _et
1981 4455 2206 4542 La_tine
2236 4458 2523 4542 vulgavit
2557 4457 2951 4542 Laurentius
2974 4460 3276 4542 ASi/‘anius
3310 4485 3328 4523 :
3370 4465 3555 4527 codi—

314 4531 783 4617 ces,__ed_itio_nes
813 4552 886 4594 ac
923 4531 1237 4617 specimen
1275 4539 1511 4617 operis.
1553 4535 2022 4617 Christophoro
2047 4537 2326 4598 Porsena
2348 4531 2724 4617 interprete,
2761 4538 3010 4617 prodiit
3041 4531 3550 4606 Commentarius

314 4615 386 4674 in
425 4611 760 4691 Epistolas
792 4611 999 4676 sancti
1027 4611 1220 4676 Pauli
1266 4611 1380 4675 sub
1431 4615 1682 4675 nomine
1716 4611 2076 4689 Athanasii,
2100 4617 2344 4678 scilicet
2378 4611 2830 4679 Alexandrini.
2868 4616 3161 4678 Latinam
3197 4624 3552 4683 versionem

316 4702 783 4777 recognoscant
812 4691 1162 4777 Lonicerus
1197 4703 1252 4777 et
1301 4695 1646 4755 Montanus
1675 4713 1747 4755 ac
1774 4696 2252 4777 _Tlteophylacto
2293 4714 2452 4777 opus
2481 4696 2881 4777 adjudicant.
2935 4699 3190 4759 Tribuit
3225 4700 3394 4762 illud
3431 4703 3549 4762 La-

317 4771 521 4852 tinius
555 4771 902 4852 4thanasio
938 4773 1251 4852 Byzantio
1294 4794 1313 4831 :
1344 4790 1477 4852 qua
1507 4774 1824 4833 sententia
1863 4771 2193 4852 refutatur
2225 4771 2514 4837 codicum
2550 4771 2826 4836 maxime
2857 4780 3270 4839 auctoritate.
3320 4781 3547 4843 Edm'o

313 4851 795 4913 Graeco-Latina
827 4837 1249 4913 Londinensis
1283 4873 1300 4933 ς
1341 4837 1534 4932 deque
1573 4854 1710 4931 ipso
1756 4837 2224 4916 Commentario
2257 4853 2607 4935 judicium.
2707 4914 2710 4918 .

317 5003 418 5062 ιιι.
471 5004 561 5063 Ex
595 5002 820 5064 codice
851 5001 1010 5064 olim
1058 5001 1332 5063 Joannis
1381 4999 1703 5073 Sambuci,
1749 5009 1969 5079 postea
2012 5004 2304 5066 Casareo
2351 5003 2876 5079 Vindobonensi,
2914 5009 3026 5084 qui
3065 5010 3239 5088 apud
3279 5013 3548 5074 Lambe-

235 5099 415 5160 cium
478 5099 648 5161 libro
682 5118 718 5160 v
751 5105 1132 5160 numeratur
1187 5097 1332 5170 222,
1383 5098 1624 5176 prodiit
1697 5099 2178 5177 Theophylacti,
2239 5099 2532 5163 Achridte
2565 5101 2635 5162 in
2683 5100 2991 5182 Bulgaria
3047 5107 3548 5189 archiepiscopi,

244 5197 590 5275 Expositio
627 5199 696 5258 in
730 5196 886 5257 Acta
917 5193 1382 5274 apostolorum,
1417 5195 1634 5256 Grace
1666 5205 1727 5256 et
1773 5196 2024 5269 Latine,
2069 5197 2292 5259 studio
2327 5207 2387 5260 et
2434 5215 2629 5278 Opera
2663 5200 2998 5268 Laurentii
3039 5202 3269 5265 Sifanii
3311 5208 3555 5268 Pruns-

239 5289 426 5366 feldi,
462 5293 521 5353 Ι.
575 5295 644 5355 U.
687 5295 785 5366 D.,
819 5294 1102 5360 Colonia:
1125 5293 1300 5372 apud
1327 5291 1596 5353 hcercdes
1632 5293 1905 5356 Arnoldi
1951 5295 2362 5357 Birckmanni
2392 5315 2560 5358 anno
2613 5295 2788 5372 1567,
2832 5297 2942 5362 fol.
2988 5300 3286 5364 Prafatio
3316 5302 3554 5383 legitur

239 5388 337 5450 Ad
373 5389 620 5450 nobiles
657 5402 712 5450 ct
754 5399 1092 5470 generosos
1141 5389 1508 5468 magniﬁcos
1566 5391 1760 5465 viros,
1817 5393 2104 5454 dominos
2156 5395 2448 5456 Marcum
2486 5403 2541 5454 et
2575 5396 2889 5456 Joannem
2923 5398 3252 5476 Fuggeros
3283 5402 3550 5479 fratres,

234 5487 508 5548 Antonii
529 5487 719 5565 ﬁlios,
756 5488 1168 5568 Kirchberga
1196 5497 1255 5549 et
1307 5486 1774 5552 Weissenborni
1803 5491 2107 5552 barones.

318 5587 557 5647 Prater
604 5585 778 5650 hunc
810 5586 1415 5660 Vindobonensem,
1471 5596 1784 5650 memorat
1837 5590 2207 5654 Bernardus
2266 5592 2802 5672 Montt'auconius
2850 5597 3226 5661 Mediceum
3267 5602 3556 5663 Lauren-

233 5685 836 5770 tianumcodicem,
882 5689 946 5749 in
1004 5687 1397 5748 Bibliotheca
1447 5685 1976 5749 bibliothecarum
2029 5707 2177 5750 mss.
2234 5689 2469 5754 Nullus
2504 5693 2675 5770 apud
2739 5692 3234 5775 bibliographos
3267 5702 3552 5763 occurrit

234 5781 396 5843 mihi
430 5782 629 5854 alius,
667 5785 779 5863 qui
813 5785 1118 5848 eumdem
1159 5791 1411 5862 prastet
1449 5785 1984 5848 Commentarium
2021 5810 2038 5847 :
2083 5806 2200 5850 nec
2238 5789 2446 5853 ullum
2487 5792 2776 5870 reperire
2811 5810 2880 5856 sc
2917 5795 3212 5874 potuisse
3247 5797 3311 5858 in
3348 5798 3549 5878 Regia

237 5880 594 5944 Parisiensi
628 5882 1048 5952 Bibliotheca,
1087 5883 1421 5944 Simonius
1467 5892 1758 5946 testatur.

612 5988 877 6052 Ριτκοιη
923 5991 1039 6050 tia.
1089 5989 1376 6052 CXXIII.

3132 6003 3171 6060 2
