4262 6432
718 397 791 464 (τι
1533 401 1763 464 BERN.
1806 400 2077 462 MARUE
2117 400 2214 462 DE
2258 399 2543 463 RUBEIS
2588 398 3097 462 DISSERTATIO
3906 390 3981 458 ιι

808 508 1094 572 Latinam
1133 514 1375 573 tantum
1412 509 1761 572 editionem
1794 508 1895 570 his
1925 507 2324 568 Possevinus
2361 506 2572 573 vernis
2604 515 2911 571 memorat
2944 526 3010 571 ID
3043 508 3379 593 Apparatu
3411 522 3620 580 sacro,
3663 510 3836 567 tomo
3866 503 3923 567 ll
3958 522 3977 563 :

726 628 755 661 α
790 605 1244 667 Enarrationes
1290 621 1442 668 vero
1475 605 1538 667 in
1572 608 1725 668 Acta
1760 603 2281 681 apostolorum...
2320 603 2541 666 Latine
2575 602 2876 683 Philippo
2915 605 3223 667 Montano
3254 612 3315 665 et
3349 602 3697 665 Laurentio
3734 599 3981 664 Sifanio

726 701 1215 785 interpretibus,
1245 718 1414 764 anno
1442 702 1617 777 1570,
1660 701 1950 765 Basileaa.
1991 724 2018 757 ι
2051 701 2322 763 Fallitur
2362 701 2461 761 vir
2490 702 2743 764 doctus.
2798 699 3192 766 Basileensis
3225 699 3357 762 btec
3385 699 3538 761 anni
3579 700 3734 761 1570
3778 694 3989 760 editid

724 797 1008 871 in-folio,
1042 817 1186 879 quae
1218 796 1453 877 prodiit
1485 818 1565 860 ea:
1597 799 1853 878 ofﬁcina
1895 799 2300 876 Hervagiana
2345 816 2466 877 per
2498 798 2841 860 Eusebium
2885 796 3319 875 Episcopium,
3370 812 3499 858 non
3532 793 3983 872 complectitur

723 896 934 957 solum
988 896 1448 957 Enarrationes
1502 897 1956 977 Theophylacti
1994 896 2061 957 in
2121 894 2280 956 Acta
2323 895 2784 974 apostolorum,
2825 911 3052 958 verum
3113 894 3303 954 etiam
3346 890 3857 955 Commentarios
3913 892 3986 955 in

724 991 1069 1071 Evangelia
1099 998 1160 1053 et
1206 994 1274 1053 in
1322 991 1651 1073 Epistolas
1705 993 1919 1063 Pauli,
1978 999 2041 1057 et
2098 994 2166 1055 in
2217 1001 2490 1071 quatuor
2523 993 2871 1071 prophetas
2900 992 3195 1065 minores,
3233 1006 3304 1052 ac
3356 989 3495 1051 loco
3559 995 3884 1067 postremo
3915 988 3982 1051 in

722 1090 879 1151 Acta
933 1086 1391 1168 apostolorum.
1432 1090 1526 1151 Ad
1571 1086 1855 1168 Philippi
1890 1087 2188 1152 Montani
2229 1105 2445 1151 curam
2485 1105 2878 1167 Operamque
2938 1105 3065 1150 una
3098 1093 3343 1167 spectat
3377 1086 3877 1149 Enarrationum
3913 1084 3978 1146 in

722 1186 1068 1265 Evangelia
1102 1194 1163 1249 et
1193 1187 1257 1248 in
1294 1186 1612 1265 Epistolas
1654 1185 1837 1248 Pauli
1892 1184 2256 1266 recognitio
2297 1194 2361 1248 et
2392 1187 2763 1250 emendatio
2798 1209 2812 1248 :
2852 1186 2967 1248 sed
3002 1203 3173 1250 unus
3220 1193 3316 1248 est
3356 1182 3982 1247 Commentariorum

722 1303 785 1347 in
821 1284 1167 1365 prOphetas
1201 1286 1520 1363 interpres
1550 1289 1831 1349 Joannes
1862 1285 2217 1349 Lonicerus
2254 1308 2267 1345 :
2302 1303 2373 1347 ar.
2403 1286 2599 1347 unius
2632 1284 2827 1345 etiam
2867 1284 3197 1345 Laurentii
3233 1281 3457 1344 Sil‘anii
3490 1282 3715 1343 Latina
3766 1278 3985 1342 versio

724 1382 1217 1462 Expositionum
1249 1382 1318 1443 in
1346 1382 1569 1445 eadem
1599 1382 2039 1463 apostolorum
2074 1387 2248 1445 Acta.
2280 1384 2446 1445 Hinc
2470 1382 2713 1443 ibidem
2746 1380 2974 1443 titulus
3007 1388 3103 1442 est
3138 1404 3151 1441 :
3192 1377 3641 1459 Theophylacli
3661 1375 3987 1455 Bulgaria

718 1478 1188 1559 archiepiscopi
1222 1478 1705 1559 Emplicationes
1737 1482 1805 1542 in
1840 1480 2000 1544 Acta
2028 1480 2486 1560 apostolorum,
2524 1479 2767 1540 concise
2811 1497 2883 1538 ac
2921 1476 3196 1539 breviter
3232 1496 3311 1537 ea:
3344 1477 3649 1538 Patribus
3682 1472 3983 1547 collecta,

718 1575 1065 1641 Laurentio
1108 1576 1356 1656 Silanio
1399 1575 1810 1658 Prunsfeldio
1846 1580 1909 1640 J.
1951 1579 2020 1640 U.
2055 1565 2131 1638 D.
2167 1580 2539 1658 interprete.

798 1674 1125 1737 Collectus
1158 1692 1237 1734 ea:
1269 1674 1570 1737 Patribus
1602 1674 2119 1738 Commentarios
2149 1675 2391 1737 dicitur
2426 1700 2438 1737 :
2474 1677 2735 1756 ipsique
2763 1675 3026 1754 proprio
3048 1673 3459 1765 appellantur
3484 1671 3747 1736 nomine
3771 1670 3980 1751 Chry-

715 1780 1051 1844 sostomus,
1092 1770 1426 1848 Didymus,
1458 1770 1748 1846 Severus,
1781 1772 2179 1846 Severianus,
2218 1771 2522 1851 Cyrillus.
2562 1773 2900 1851 Prologus,
2941 1773 3053 1851 qui
3096 1770 3470 1849 prtemissus
3500 1771 3681 1849 Operi
3718 1775 3984 1843 prostat,

717 1868 890 1930 idem
929 1875 1024 1930 est
1055 1884 1125 1929 ac
1154 1869 1424 1929 Joannis
1456 1868 1902 1947 Chrysostomi
1964 1869 2273 1949 prologus
2309 1890 2324 1929 :
2363 1870 2534 1933 unde
2589 1885 2754 1947 opus
2792 1866 3271 1947 hujuscemodi,
3307 1867 3481 1947 quod
3530 1865 3608 1928 ab
3652 1866 3797 1945 ipso
3828 1882 3982 1929 san-

717 1965 1007 2026 ctissimo
1071 1965 1208 2027 viro
1266 1964 1662 2046 abjudicavit
1722 1967 2054 2041 Erasmus,
2113 1968 2474 2047 genuinum
2532 1965 2756 2045 probat
2808 1964 3018 2043 ipsius
3078 1963 3543 2044 TbeOpbylacti
3604 1964 3981 2028 auctoritas.

718 2061 1161 2125 Prml‘ationem
1195 2061 1465 2125 consule
1501 2061 1723 2125 Savilii
1780 2070 1841 2125 et
1888 2059 2381 2129 Montfauconii.
2410 2066 2733 2128 Minorem
2788 2064 3170 2126 adhibuisse
3206 2063 3726 2143 TheOphylactus
3758 2064 3824 2127 in
3870 2062 3987 2128 hac

717 2160 1207 2222 elucubratione
1240 2159 1669 2238 diligentiam,
1697 2174 1768 2221 ac
1797 2161 2043 2221 caeteris
2074 2159 2138 2221 in
2159 2161 2671 2235 Commentariis,
2702 2160 2880 2223 visus
2914 2169 3003 2221 est
3029 2160 3344 2223 Richardo
3363 2160 3658 2225 Simonio
3686 2182 3701 2223 :
3727 2178 3799 2224 ac
3828 2177 3985 2226 sane

718 2249 887 2319 inter
918 2260 1185 2320 Catenas
1222 2254 1437 2335 potius
1491 2257 1863 2319 collocanda
1897 2258 2173 2331 videtur,
2217 2258 2280 2319 in
2312 2258 2550 2338 quibus
2576 2257 2987 2320 diversorum
3019 2256 3263 2319 scholia
3287 2257 3713 2337 colliguntur.
3747 2260 3985 2322 Codice

719 2356 936 2417 Graeco
970 2372 1130 2417 usus
1164 2363 1258 2419 est
1314 2352 1600 2417 Sifanius
1652 2353 1907 2429 mutilo,
1957 2356 2321 2434 orratisque
2351 2362 2638 2418 scatente
2677 2376 2692 2414 :
2728 2354 3001 2433 ipsaque
3034 2354 3176 2417 loca
3220 2353 3448 2417 mutila
3478 2362 3541 2419 et
3572 2365 3873 2434 corrupta
3910 2373 3985 2419 ac

717 2451 912 2513 dubia
954 2451 1195 2513 indicat
1244 2449 1353 2514 ille
1390 2452 1454 2513 in
1489 2451 1805 2531 margine,
1839 2468 1987 2531 quas
2036 2454 2341 2531 supplere
2393 2460 2503 2514 aut
2545 2452 2869 2531 corrigere
2933 2451 3183 2523 studet,
3235 2450 3547 2513 lectorum
3600 2451 3862 2514 utilitati
3914 2456 3986 2514 ut

715 2551 1109 2613 consuleret.
1158 2551 1397 2613 Novam
1444 2550 1607 2613 sacri
1660 2557 1875 2613 textus
1916 2551 2283 2613 versionem
2318 2548 2612 2611 adhibuit
2647 2570 2661 2608 :
2702 2548 3098 2628 adhibetque
3151 2549 3214 2609 in
3252 2565 3360 2610 ora
3408 2548 3716 2627 marginis
3754 2548 3985 2612 lectio-

719 2666 835 2711 nes
870 2647 1211 2721 variantes,
1248 2664 1412 2726 quas
1449 2664 1526 2709 ex
1562 2647 1865 2709 versione
1901 2646 2149 2726 vulgata
2182 2645 2405 2719 sumit,
2445 2646 2735 2726 itemque
2768 2646 3038 2717 Erasmi,
3075 2653 3137 2708 et
3168 2646 3527 2708 Sebastiani
3570 2645 3982 2719 Castalionis,

716 2763 787 2808 ac
829 2743 1153 2807 Theodori
1188 2745 1389 2805 Bezaa.
1428 2743 1595 2805 Hinc
1631 2758 1782 2804 vero
1814 2743 1939 2805 sub
1993 2743 2249 2804 initium
2282 2746 2498 2821 aperis
2550 2743 2683 2806 hinc
2716 2742 2800 2804 ad
2839 2743 3165 2805 Lectorem
3197 2742 3764 2806 Admonitiuncula
3815 2744 3986 2825 legi-

718 2854 819 2905 tur
852 2865 866 2903 :
902 2862 930 2897 α
960 2838 1429 2902 Admonendus
1460 2840 1713 2914 Lector,
1750 2838 1864 2902 ubi
1896 2839 2151 2902 diversa
2185 2840 2252 2901 in
2288 2844 2578 2923 margine
2606 2843 2934 2907 translatio
2970 2844 3263 2925 apposita
3296 2852 3431 2919 est;
3474 2862 3588 2923 per
3638 2846 3706 2907 γ.
3749 2844 3987 2926 Vulga-

715 2952 865 3015 tam,
905 2958 1016 3019 per
1046 2940 1128 3001 E.
1162 2938 1439 3011 Erasmi,
1474 2954 1589 3017 per
1620 2936 1689 2999 C.
1742 2937 2148 3013 Castalionis,
2186 2956 2299 3016 per
2334 2940 2412 2999 B.
2450 2941 2631 3002 Bezaa
2676 2941 3044 3005 versionem
3090 2942 3439 3021 signiﬁcari
3480 2959 3493 3003 :
3527 2942 3850 3004 diversam
3898 2940 3983 3005 ab

719 3038 818 3098 his
856 3035 1185 3100 Laurentii
1218 3028 1443 3097 Sifanii
1478 3033 1857 3111 interpretis
1890 3050 2059 3095 esse.
2098 3056 2128 3092 ιο
2168 3035 2306 3097 Jam
2358 3036 2550 3100 habet
2581 3037 2937 3102 catholicus
2991 3040 3237 3113 Lector,
3274 3046 3343 3099 ut
3396 3040 3449 3101 si
3491 3039 3651 3119 quid
3702 3037 3983 3103 furfuris

718 3134 1077 3211 irrepserit,
1115 3147 1308 3195 nosse
1338 3129 1503 3193 illud
1545 3138 1741 3211 queat
1771 3129 2031 3220 sibique
2062 3139 2302 3193 caveat.

795 3234 895 3293 Is2.
946 3230 1442 3293 Commentarios
1499 3230 1566 3291 in
1630 3227 1959 3309 Epistolas
2008 3231 2217 3291 sancti
2277 3230 2469 3293 Pauli
2527 3230 2749 3294 Graeco
2781 3248 2861 3294 ex
2910 3232 3131 3296 codice
3174 3232 3397 3295 Latine
3452 3232 3577 3295 sub
3609 3235 3983 3313 pontiﬁcatu

718 3329 897 3392 Pauli
926 3329 1013 3397 tl,
1042 3345 1214 3390 anno
1251 3326 1426 3399 tls69,
1475 3326 1805 3388 transtulit
1846 3327 1914 3387 F.
1956 3325 2464 3406 Christophorus
2496 3331 2804 3403 Porsena,
2857 3332 3214 3406 Romanus,
3250 3332 3433 3393 Prior
3483 3334 3729 3399 Sanctae
3778 3334 3985 3412 [XIX]

719 3428 1019 3493 Ba.bina3,
1056 3442 1128 3488 ac
1159 3425 1329 3504 typis
1367 3413 1587 3485 Bomaa
1616 3423 1896 3502 vulgavit
1928 3440 2097 3488 anno
2142 3423 2319 3503 1W7,
2371 3427 2738 3507 dicavitque
2779 3428 2957 3491 Sixto
2994 3430 3077 3489 IV
3113 3428 3403 3508 pontiﬁci
3444 3430 3744 3505 maximo,
3794 3430 3985 3496 titulo

716 3528 1049 3590 Athanasii
1103 3526 1302 3589 veluti
1342 3527 1653 3601 auctoris,
1691 3526 1950 3605 prtBﬁXO
1985 3525 2499 3591 Commentariis.

794 3624 895 3687 ΑΒ.
934 3627 1230 3686 Porsenae
1287 3623 1887 3700 interpretationem
1935 3624 2311 3703 recognovit
2357 3624 2641 3684 Joannes
2700 3623 3080 3697 Lonicerus,
3126 3623 3651 3704 recognitamque
3698 3624 3984 3707 vulgavit

718 3722 840 3784 sub
869 3721 1128 3784 nomine
1176 3719 1644 3800 Theophylacti.
1682 3722 1894 3802 Hujus
1926 3739 2094 3797 esse,
2128 3738 2257 3785 non
2288 3720 2623 3783 Athanasii
2650 3717 3075 3783 Alexandrini
3110 3718 3331 3793 fetum,
3370 3724 3695 3786 conﬁrmat
3735 3725 3982 3787 Erasmi

716 3818 1113 3885 auctoritate,
1152 3827 1210 3879 et
1261 3817 1529 3879 Joannis
1560 3816 1771 3893 Fabri,
1828 3820 2206 3882 et—Joannis
2254 3814 2529 3880 Beraldi.
2573 3837 2602 3871 α
2639 3816 2849 3878 Hosce
2906 3815 3355 3895 Theophylacti
3384 3818 3451 3878 in
3495 3818 3768 3880 Paulum
3803 3819 3984 3882 Com-

716 3918 1055 3981 mentarios
1091 3916 1323 3995 (inquit
1374 3918 1439 3977 in
1485 3915 1868 3979 Prmfatione
1900 3918 1975 3979 ad
2028 3920 2323 3982 Amicum
2362 3916 2709 3995 Lectorem)
2759 3914 2920 3979 falso
2972 3917 3283 3980 hactenus
3336 3918 3692 3982 Athanasio
3749 3920 3985 3983 inscri-

716 4022 885 4091 plcs,
927 4014 1229 4077 Erasmus
1264 4015 1327 4074 in
1355 4014 1493 4076 suis
1526 4016 2072 4079 Annotationibus
2107 4035 2305 4096 super
2332 4016 2443 4081 illo
2482 4019 2662 4080 Pauli
2694 4020 2770 4081 ad
2802 4020 3146 4095 Romanos,
3193 4021 3320 4097 Qui
3347 4021 3835 4100 prcedestinatus
3862 4034 3979 4096 est,

723 4118 865 4175 luce
921 4114 1234 4187 lucidius,
1266 4130 1336 4175 ac
1376 4130 1526 4175 vero
1580 4115 1799 4176 verius
1832 4125 2192 4179 attestatur.
2230 4140 2257 4171 ιο
2302 4116 2548 4177 Erasmi
2582 4114 2833 4178 scilicet
2885 4117 3019 4179 hac
3062 4126 3158 4179 est
3190 4121 3513 4181 sententia
3557 4120 3696 4183 loco
3728 4122 3920 4184 citato
3962 4143 3976 4183 :

724 4234 748 4264 α
791 4210 902 4271 His
941 4210 1151 4273 verbis
1179 4212 1441 4289 (cogniti
1466 4230 1589 4290 pro
1629 4212 1800 4273 Filio
1843 4214 1981 4293 Dei)
2021 4216 2222 4275 utitur
2256 4216 2572 4290 interpres
2604 4214 2847 4292 operis,
2882 4212 3048 4275 falso
3081 4215 3373 4293 inscripti
3405 4216 3754 4281 Athanasio
3786 4242 3802 4279 :
3833 4237 3978 4282 cum

719 4309 780 4368 id
835 4308 1005 4387 quod
1063 4316 1247 4371 antea
1289 4308 1803 4389 siJSpicabamur,
1840 4326 1983 4372 mox
2037 4310 2267 4373 collato
2307 4312 2527 4374 Graeco
2572 4309 2952 4388 Latinoque,
2990 4312 3429 4390 comperimus
3462 4330 3605 4377 esse
3632 4314 3979 4395 Theophy-

719 4407 886 4467 lacti.
928 4428 955 4462 ν
3514 4456 3516 4459 .

802 4504 1007 4565 Verba
1041 4509 1411 4583 sequuntur
1467 4504 1734 4566 Joannis
1788 4502 1973 4566 Fabri
2012 4527 2035 4566 εν
2065 4526 2094 4561 α
2140 4505 2259 4568 Hic
2289 4505 2480 4569 etiam
2525 4503 3094 4586 (Theophylactus)
3124 4507 3189 4567 in
3212 4507 3400 4572 Pauli
3436 4510 3764 4589 Epistolas
3797 4513 3981 4576 Com-

725 4600 1030 4661 mentarla
1066 4598 1346 4677 scripsit,
1369 4616 1515 4677 quas
1540 4601 1867 4661 transtulit
1890 4601 2763 4678 ChristophoruslPorsena...
2793 4604 2915 4665 sub
2944 4603 3106 4668 falso
3141 4607 3359 4682 titulo,
3390 4610 3579 4689 quasi
3621 4612 3752 4673 sint
3781 4613 3979 4674 Atha-

722 4694 883 4757 nasii
914 4695 1365 4759 Alexandrini.
1398 4697 1539 4772 Qua
1565 4714 1630 4757 re
1658 4697 1842 4760 multi
1882 4698 2135 4775 decepti
2170 4696 2464 4775 fuerunt,
2512 4702 2686 4779 quod
2739 4707 2800 4761 et
2843 4700 3001 4762 mihi
3034 4704 3383 4783 contigisse
3417 4707 3701 4785 ingenue
3724 4707 3927 4772 fateor
3962 4731 3977 4770 :

722 4806 838 4849 nec
874 4806 1086 4851 meum
1118 4789 1309 4851 etiam
1345 4791 1791 4853 emendassem
1838 4806 2147 4866 errorem,
2183 4791 2307 4853 nisi
2338 4795 2490 4857 dum
2521 4813 2600 4857 ex
2645 4796 2883 4858 Graecis
2916 4803 2978 4860 et
3004 4798 3244 4862 Latinis
3274 4802 3604 4865 codicibus
3638 4803 3789 4867 hinc
3826 4806 3980 4869 inde

720 4886 1081 4949 collectis...
1139 4888 1316 4950 aliud
1350 4889 1789 4963 invenissem,-
1818 4889 1965 4952 licet
2003 4906 2259 4970 semper
2282 4891 2626 4955 dubitarim
2650 4938 2667 4969 ,
2701 4900 3033 4972 pr0pterea
3068 4899 3241 4982 quod
3286 4876 3590 4975 Basilius,
3626 4901 3981 4983 Gregorius

718 5002 981 5066 quoque
1030 4989 1369 5065 Nyssenus
1420 4988 1487 5050 in
1538 4988 1641 5052 his
1676 4990 1853 5052 citati
1885 4988 2157 5052 iuerint.
2199 5014 2226 5046 ι
2262 4990 2444 5052 Paria
2489 4990 2752 5052 demum
2791 4988 2982 5053 habet
3020 4977 3331 5057 Beraldus
3371 5017 3388 5057 :
3440 5019 3470 5054 α
3510 4977 3980 5061 Οοωωεῖηιατία

712 5074 853 5144 ‘lnec
885 5084 954 5143 in
981 5082 1170 5145 Pauli
1200 5084 1550 5162 Epistolas,
1586 5085 1920 5164 inquiens,
1962 5104 2108 5167 quae
2143 5088 2392 5167 aliquot
2422 5086 2552 5165 jam
2598 5102 2802 5149 annos
2841 5087 2964 5151 sub
2992 5090 3322 5155 Athanasii
3378 5096 3641 5159 nOmine
3690 5113 3761 5159 ac
3791 5095 3983 5159 titulo

721 5188 871 5242 sunt
900 5180 1303 5255 circumlata,
1354 5180 1617 5261 quidam
1668 5182 2151 5264 Theophylacto
2202 5184 2529 5247 vindicant
2557 5192 2622 5247 et
2662 5195 2983 5249 asserunt.
3026 5190 3155 5252 Nec
3186 5191 3437 5265 dubito,
3495 5195 3655 5273 quin
3714 5196 3982 5274 Optimis

722 5276 1079 5339 rationibus
1114 5286 1516 5351 moveantur,
1557 5278 1968 5356 potissimum
1994 5282 2109 5358 qui
2143 5282 2357 5344 Graeca
2400 5280 2714 5359 legerunt.
2746 5304 2774 5339 ιι
2810 5284 2976 5345 Hinc
3006 5286 3227 5349 Latina
3256 5290 3474 5367 Operis
3508 5291 3981 5370 interpretatio,

721 5372 859 5432 sive
891 5387 1077 5450 quam
1108 5374 1480 5451 recognovit
1516 5376 1896 5450 Lonicerus,
1936 5379 2071 5440 sive
2104 5396 2296 5458 quam
2330 5379 2575 5456 primus
2605 5377 2970 5445 confecerat
3002 5385 3303 5453 Porsena.
3336 5385 3459 5447 sub
3487 5388 3748 5450 nomine
3770 5389 3984 5453 Theo-

720 5467 999 5548 phylacti
1038 5470 1205 5547 typis
1239 5471 1751 5551 excusafprodiit
1798 5474 2094 5553 pluribus
2132 5476 2198 5537 in
2234 5476 2390 5537 locis

802 5565 1021 5627 Latina
1058 5566 1355 5629 Loniceri
1383 5568 1584 5631 editio
1628 5578 1741 5633 aut
1792 5572 2151 5651 recognitio
2202 5574 2409 5634 lucem
2464 5573 2710 5638 vidisse
2765 5577 3003 5641 dicitur
3040 5580 3318 5643 Parisiis
3364 5601 3527 5644 anno
3580 5585 3758 5661 15Ιι2,
3812 5585 3981 5653 in-8.

720 5663 1120 5726 Posteriores
1153 5665 1284 5726 vidi
1338 5666 1579 5741 plures.
1615 5669 1794 5732 Hanc
1831 5671 2021 5733 novis
2071 5670 2244 5733 curis
2278 5672 2353 5735 ad
2400 5674 2689 5738 codicem
2736 5677 3050 5754 Graacum,
3090 5680 3203 5759 qui
3254 5683 3409 5743 olim
3452 5685 3696 5746 Erasmi
3744 5683 3981 5759 fuerat,

720 5758 996 5865 contulit
1034 5778 1203 5865 anno
1450 5763 1791 5865 Philippus
1832 5768 2213 5843 Montanus;
2254 5787 2524 5850 eamque
2560 5774 2850 5853 vulgavit
2891 5786 2952 5840 et
3007 5755 3145 5857 ipse
3180 5780 3302 5842 sub
3336 5782 3599 5846 nomine
3628 5755 3983 5865 TheOpby;

708 5855 864 5920 lacti
897 5860 1199 5939 plurimis
1239 5861 1307 5924 in
1341 5861 1500 5926 locis
1535 5865 1958 5929 emendatam.
1998 5869 2482 5949 Nuncupatoria
2544 5872 2687 5947 ejus
2719 5872 3001 5951 Epistola
3032 5855 3129 5937 Ad
3183 5877 3592 5941 reverendam
3618 5883 3681 5943 in
3727 5855 3983 5947 Ch'ris'to
