4262 6432
263 417 338 482 45
1067 412 1169 476 DE
1205 405 1796 475 THEOPHYLACTI
1833 401 2108 470 GRSTIS
2146 403 2246 468 ET
2283 400 2653 467 SCRIPTlS.
3473 399 3565 466 46

264 531 524 593 Patrem
546 529 622 591 D.
668 526 966 591 Carolum
989 545 1025 586 ο
1097 523 1266 602 Croy
1314 519 1810 582 Tornacensium
1834 518 2224 599 episcopum,
2260 520 2403 580 data
2437 523 2534 580 est
2583 515 2848 577 Lutetia
2880 533 2907 576 e
2939 512 3120 576 domo
3151 521 3263 575 tua
3303 515 3554 587 Torna-

263 627 442 692 censi
478 627 611 692 XII
672 624 992 698 Octobris,
1039 638 1206 683 anno
1258 618 1514 680 Domini
1551 632 1752 697 supra
1778 615 2176 678 millesimum
2206 615 2726 696 quinquagesimo
2774 611 3047 680 secundo
3107 631 3127 672 :
3187 611 3300 674 u‘bi
3325 612 3570 694 supple

258 724 839 805 quingentesimum.
877 720 1023 782 Huic
1053 717 1146 779 ibi
1177 713 1504 778 habentur
1541 735 1556 776 :
1607 735 1637 770 α
1680 714 1798 776 Per
1821 711 2063 775 amicos
2095 711 2434 790 exemplar
2462 709 2981 774 vetustissimum
3015 707 3391 791 (Grascum),
3425 727 3560 790 quo

263 841 426 887 usus
451 822 761 884 fueratD.
801 821 1135 890 Erasmus,
1158 813 1293 894 jam
1328 811 1589 874 tandem
1616 828 1762 874 sum
1793 816 2026 872 nactus
2060 830 2074 869 :
2109 808 2183 870 ad
2220 808 2396 888 quod
2430 823 2559 870 non
2593 807 2740 870 sine
2771 805 3026 886 magnis
3076 805 3413 870 laboribus
3441 807 3564 868 La-

260 917 399 982 tina
445 925 689 992 nostra,
725 915 1001 979 inﬁnitis
1039 926 1202 992 pene
1238 908 1426 979 locis,
1463 915 1563 970 σὺν
1587 914 1708 989 Θιῷ
1730 914 1810 972 ut
1843 908 2212 987 potuimus,
2256 907 2490 971 sedulo
2521 906 3045 972 emendavimus.
3091 927 3121 962 ι

349 1012 710 1077 Basileensi
761 1020 908 1076 utor
957 1012 1250 1076 editione
1296 1012 1448 1077 anni
1493 1008 1671 1082 155b,
1712 1004 1996 1069 in-folio.
2049 1007 2122 1068 ln
2171 1004 2551 1068 Praefatione
2577 1005 2654 1068 ad
2696 1005 3030 1067 Lectorem
3083 1001 3169 1064 ita
3209 1001 3418 1065 fertur
3482 1002 3564 1063 de

259 1111 594 1190 prioribus
626 1109 1044 1174 versionibus
1064 1109 1392 1190 judicium
1424 1131 1438 1172 :
1473 1131 1503 1167 α
1531 1110 1859 1178 Porsenae,
1886 1102 2008 1165 viri
2046 1103 2317 1176 eruditi,
2342 1110 2411 1166 ut
2441 1103 2701 1182 Opinor,
2728 1111 2791 1164 et
2826 1100 3202 1179 eloquentis
3229 1097 3560 1168 versione,

257 1216 329 1272 nt
368 1205 638 1270 multum
666 1227 705 1268 a
735 1205 976 1270 Grecis
1017 1205 1394 1280 discedente,
1445 1221 1527 1268 ne
1571 1203 1778 1266 dicam
1823 1198 2210 1281 plerumque
2257 1199 2625 1275 dissidente,
2662 1206 2730 1262 ut
2766 1215 2914 1279 quae
2941 1199 3026 1262 sit
3080 1194 3564 1277 paraphrastica

261 1309 480 1385 potius
511 1313 707 1386 atque
740 1308 932 1368 etiam
969 1306 1248 1370 nimium
1278 1305 1505 1376 libera,
1538 1308 1763 1382 utpote
1807 1315 1955 1379 quas
1997 1298 2385 1378 plerumque
2446 1298 2667 1379 adjicit
2712 1313 2861 1378 quas
2896 1295 2965 1357 in
3011 1295 3256 1357 Grm'cis
3290 1309 3423 1355 non
3453 1292 3562 1355 ha-

257 1404 517 1479 bentur,
548 1411 609 1464 et
644 1409 864 1464 contra
913 1402 1252 1482 plerisque
1303 1402 1368 1463 in
1398 1399 1561 1462 locis
1593 1396 1966 1476 complures
2002 1413 2230 1461 versus
2263 1415 2535 1478 prorsus
2563 1399 2838 1471 omittat,
2875 1413 3024 1477 quas
3057 1402 3272 1459 tamen
3319 1395 3388 1458 in
3437 1409 3561 1457 no-

258 1508 395 1563 stro
424 1517 544 1562 ms.
588 1501 812 1564 codice
861 1502 1108 1574 Graeco,
1133 1516 1345 1579 eoque
1376 1503 1748 1577 pervetusto
1775 1502 1996 1574 aperte
2019 1495 2437 1558 continentur
2470 1514 2484 1559 :
2517 1495 2725 1572 illius,
2780 1494 3073 1575 inquam,
3133 1493 3378 1556 omissa
3413 1509 3559 1554 ver-

257 1596 469 1670 sione,
505 1596 806 1659 Loniceri
847 1597 1064 1676 potius
1107 1593 1710 1675 interpretationem
1755 1590 2181 1672 arripuimus,
2219 1609 2494 1674 eamque
2525 1591 2762 1672 passim
2798 1591 2908 1653 ubi
2951 1590 3317 1654 tolerabilis
3358 1601 3555 1662 esset,

255 1692 673 1756 retinuimus.
712 1715 741 1750 ι»
781 1695 928 1755 Hac
963 1691 1111 1765 alia,
1138 1709 1287 1771 quas
1323 1688 1675 1769 praemittit,
1717 1686 1920 1750 affero
1960 1688 2106 1774 pejus
2142 1690 2334 1752 verba
2370 1710 2384 1749 :
2414 1713 2443 1748 α
2479 1692 2609 1752 Nos
2640 1688 2845 1751 Grmci
2907 1688 3180 1757 codicis,
3227 1702 3361 1767 quo
3395 1703 3563 1750 usus

254 1796 393 1853 erat
445 1788 801 1869 aliquando
849 1790 926 1851 D.
984 1790 1334 1863 Erasmus,
1379 1787 1571 1849 ﬁdem
1629 1801 1823 1863 quam
1885 1787 2224 1862 potuimus
2276 1787 2818 1869 diligentissime,
2887 1802 3002 1865 pro
3057 1795 3278 1848 nostra
3333 1787 3556 1865 quali-

253 1903 518 1968 cunque
550 1885 993 1948 mediocritate
1065 1885 1276 1948 secuti
1310 1900 1568 1960 sumus,
1601 1882 1730 1946 nisi
1759 1881 1970 1946 sicubi
2004 1884 2216 1947 scriba
2244 1884 2636 1948 dormitasse
2673 1883 3027 1946 videretur.
3076 1882 3560 1946 Perabsurdum

255 1981 430 2045 enim
496 1980 720 2055 fuerit,
774 1985 858 2044 uti
906 1999 1022 2061 jue
1052 1981 1329 2044 scribam
1365 1979 1640 2043 nimium
1667 1979 1836 2042 bona
1872 1979 1995 2042 ﬁde
2026 1981 2356 2062 amplecti,
2385 1983 2508 2047 hoc
2548 1989 2668 2056 est,
2714 1998 2845 2044 una
2882 1999 3028 2044 cum
3071 1981 3233 2060 ipsis
3267 1981 3498 2042 erratis
3541 2003 3556 2040 :

254 2081 428 2162 quod
469 2079 828 2143 Lonicerus
864 2079 1106 2159 smpius
1142 2077 1470 2142 factitasse
1497 2076 2035 2156 deprehenditur.
2075 2102 2106 2136 π
2147 2082 2310 2144 Tum
2343 2097 2501 2144 vero
2533 2078 2969 2159 Sphalmatum
3003 2096 3152 2157 quas
3182 2078 3561 2142 emendavit

252 2177 615 2254 apecimina
657 2176 923 2239 exhibet
967 2199 982 2238 :
1026 2193 1252 2257 quasve
1301 2182 1638 2256 praeterea,
1685 2185 1753 2236 ut
1805 2173 2010 2239 nitida
2051 2193 2124 2241 ac
2159 2178 2340 2240 utilis
2374 2177 2578 2241 editio
2624 2175 2814 2252 foret,
2865 2177 3222 2257 praestanda
3277 2175 3559 2248 censuit,

251 2275 602 2355 diligenter
634 2283 906 2338 enarrat.
943 2275 1113 2337 Illud
1151 2290 1370 2354 Operm
1402 2275 1688 2354 pretium
1741 2272 1939 2336 fuerit
1974 2293 2176 2339 unum
2223 2277 2765 2348 animadvertere,
2815 2275 3143 2355 Vulgarem
3178 2277 3248 2336 in
3281 2274 3558 2336 Paulino

251 2383 438 2437 textu
459 2377 828 2450 versionem,
877 2394 1002 2457 qua
1028 2375 1275 2456 passim
1309 2377 1523 2439 utitur
1567 2373 1889 2448 Ecclesia,
1923 2375 2058 2455 fere
2112 2375 2193 2437 ab
2233 2374 2374 2454 ipso
2432 2375 2741 2437 Montano
2803 2382 3136 2448 netentam,
3199 2373 3333 2434 nisi
3356 2371 3562 2435 sicubi

254 2478 706 2558 Theophylacti
733 2478 1186 2558 interpretatio
1211 2475 1387 2541 illam
1414 2478 1748 2541 immutare
1777 2471 2050 2555 coegerit
2071 2492 2090 2540 ;
2115 2471 2290 2552 quod
2317 2477 2594 2538 attamen
2634 2470 2805 2533 haud
2845 2471 3090 2551 ubique
3115 2470 3555 2533 observatum.

250 2573 322 2635 In
362 2574 524 2638 hanc
564 2576 920 2638 editionem
959 2583 1250 2654 prostant
1293 2575 1505 2638 Latini
1541 2573 1774 2638 Lalinii
1811 2569 2340 2635 Observationes.

329 2673 430 2737 Us.
469 2676 644 2737 idem
681 2665 1398 2751 Latiniusann01557,
1440 2691 1574 2755 quo
1622 2696 1652 2732 α
1685 2675 1932 2743 Roma),
1965 2668 2001 2731 3
2035 2669 2247 2732 Nonas
2306 2667 2603 2730 Octobris
2639 2691 2666 2725 ι
2703 2667 3063 2744 Epistolam
3097 2667 3285 2730 dabat
3319 2665 3404 2727 ad
3428 2666 3561 2726 An-

248 2770 471 2832 dream
514 2773 837 2835 Masium:
890 2795 918 2829 α
970 2775 1081 2846 Ea,
1147 2774 1389 2853 inquit,
1432 2790 1580 2849 qua;
1619 2767 2086 2850 TheOphylacti
2130 2765 2395 2828 nomine
2439 2766 2508 2826 in
2555 2765 2748 2826 Pauli
2779 2765 3112 2845 Epistolas
3144 2766 3322 2828 edita
3361 2774 3515 2828 sunt
3545 2809 3560 2833 ,

251 2885 383 2932 non
416 2869 580 2948 ejus,
624 2868 738 2931 sed
791 2867 1131 2933 Athanasii
1178 2868 1513 2951 cujusdam
1554 2866 1863 2948 Byzantii
1912 2865 2228 2938 monachi,
2282 2865 2394 2944 qui
2438 2864 2736 2925 trecentis
2787 2872 2933 2926 ante
2981 2876 3272 2926 nostram
3318 2874 3564 2927 (etatem

247 2968 436 3029 annis
494 2966 739 3038 ﬂoruit,
791 2966 978 3044 plane
1008 2983 1154 3030 esse
1210 2965 1516 3047 (Sirletus
1549 2965 2006 3046 conﬁrmavit),
2058 2963 2344 3043 atquein
2383 2976 2459 3024 ea
2503 2978 2572 3025 re
2633 2978 2764 3025 non
2803 2963 2999 3026 modo
3034 2971 3250 3026 tecum
3289 2963 3560 3033 sentire,

250 3065 369 3146 qui
411 3063 751 3128 Athanasii
800 3065 1068 3128 nomine
1101 3080 1213 3127 eos
1249 3064 1760 3129 Commentarios
1800 3063 1958 3127 citas
2006 3079 2019 3122 :
2078 3063 2191 3124 sed
2227 3078 2374 3124 cum
2420 3060 2504 3123 iis
2554 3062 2777 3134 etiam,
2813 3062 2928 3143 qui
2976 3060 3284 3143 plurimis
3326 3062 3566 3126 abhinc

249 3163 443 3226 annis
500 3161 1027 3226 constantissime
1061 3178 1300 3226 nomen
1346 3161 1516 3225 illud
1562 3167 1970 3243 agnoverunt
2001 3175 2280 3239 semper,
2315 3167 2376 3222 et
2404 3158 2591 3223 libris
2629 3160 3083 3224 describendis
3118 3163 3410 3246 prmponi
3452 3179 3562 3226 cu-

252 3268 500 3325 rarunt.
538 3283 568 3318 ι

331 3361 505 3438 [XX]
541 3357 758 3423 Novus
789 3365 1016 3423 auctor
1051 3357 1576 3438 Expositionum,
1610 3356 1693 3419 de
1723 3356 1969 3436 quibus
2009 3357 2288 3437 agimus,
2337 3355 2714 3420 obtruditur
2762 3356 3159 3423 Athanasius
3203 3360 3564 3427 monachus

253 3459 626 3538 Byzantius,
662 3457 777 3537 qui
810 3457 1116 3520 trecentis
1145 3464 1294 3518 ante
1337 3455 1573 3516 Latinii
1601 3462 1850 3517 aetatem
1885 3455 2076 3518 annis
2117 3453 2439 3525 ﬂoruerit,
2473 3453 2715 3516 saeculo
2753 3454 3007 3519 scilicet
3046 3457 3239 3520 tertio
3283 3457 3563 3524 decimo.

247 3557 396 3632 Quo
440 3557 536 3619 vir
588 3553 1010 3618 doctissimus
1047 3553 1372 3616 adductus
1431 3560 1760 3616 momento
1790 3550 2012 3627 fuerit,
2051 3557 2120 3614 ut
2153 3549 2486 3631 sequioris
2518 3549 2722 3613 astatis
2769 3551 3129 3617 Athanasio
3160 3555 3565 3637 adjudicaret

251 3670 444 3734 opus,
492 3669 623 3716 non
674 3653 1052 3715 innotescit.
1089 3651 1254 3728 Quis
1310 3666 1463 3714 vero
1506 3650 1621 3714 ille
1662 3649 1859 3714 fuerit
1883 3649 2272 3714 Athanasius
2311 3648 2668 3714 monachus
2720 3651 3123 3732 Byzantius?
3160 3654 3335 3716 Varii
3391 3656 3566 3736 apud

252 3751 622 3814 Fabricium
660 3752 726 3813 in
759 3750 1162 3814 Bibliotheca
1196 3747 1426 3814 erca
1459 3764 1537 3811 eo
1567 3747 1832 3812 nomine
1881 3748 2185 3837 appellati
2248 3750 2602 3812 occurrunt
2640 3750 2996 3829 scriptores
3054 3751 3261 3815 Grieci
3298 3774 3312 3814 :
3349 3770 3564 3834 neque

256 3851 435 3912 ullus
486 3857 719 3930 praesto
757 3856 880 3924 est,
913 3849 1022 3912 cui
1059 3847 1397 3926 prmdictos
1433 3846 1944 3910 Commentarios
1984 3845 2296 3910 ascribas.
2360 3844 2609 3909 Smculo
2679 3847 2831 3913 XIII
2897 3847 3241 3912 desinente
3298 3849 3569 3915 ﬂorebat

253 3946 672 4023 Athanasius,
707 3945 871 4010 Gani
911 3943 1291 4018 monachus,
1325 3953 1557 4026 etpost
1620 3945 2012 4024 Gregorium
2075 3943 2387 4024 Cyprium
2421 3943 2604 4008 urbis
2663 3944 2857 4025 regia
2920 3947 3299 4024 patriarcha.
3375 3951 3563 4029 Opu-

259 4044 596 4109 sculorum
631 4045 801 4125 ejus,
835 4061 986 4125 qum
1015 4045 1180 4107 bene
1224 4042 1629 4119 multarsunt,
1661 4044 2023 4124 catalogum
2056 4042 2727 4107 exhibentFabricius
2759 4050 2822 4106 et
2859 4045 3168 4108 Oudinus
3207 4065 3220 4106 :
3253 4048 3317 4111 in
3351 4065 3566 4130 eoque

255 4145 499 4223 operis,
532 4145 612 4207 de
646 4160 779 4225 quo
809 4145 1091 4224 agimus,
1150 4141 1400 4205 mentio
1459 4141 1661 4205 nulla.
1704 4142 2014 4223 Ejusdem
2062 4138 2237 4203 fetus
2269 4157 2416 4204 esse
2470 4139 2768 4204 laudatus
2800 4142 3106 4206 Oudinus
3141 4151 3320 4224 putat
3385 4148 3567 4210 Com-

252 4245 596 4306 mentarios
617 4243 684 4304 in
715 4243 1019 4316 Psalmos,
1044 4257 1211 4323 quos
1243 4239 1367 4302 sub
1404 4241 1670 4303 nomine
1695 4238 2037 4304 Athanasii
2069 4238 2498 4304 Alexandrini
2530 4240 2816 4320 vulgavit
2858 4240 3414 4309 Montfauconius.

334 4338 509 4414 Quid
542 4340 719 4420 quod
749 4339 1235 4419 Theophylact'o
1260 4336 1580 4417 Bulgarite
1608 4337 2098 4418 archiepiscopo
2124 4351 2292 4414 Opus
2316 4335 2492 4416 quod
2528 4337 2592 4399 in
2627 4335 2902 4401 dubium
2939 4351 3229 4418 vocatur,
3262 4351 3570 4406 constan—

257 4437 512 4499 tissime
542 4435 908 4500 attribuunt
940 4454 1093 4498 mss.
1128 4437 1389 4499 codices
1433 4435 1806 4517 perantiqui
1839 4444 1901 4499 et
1933 4438 2120 4502 boum
2168 4447 2358 4501 notas.
2391 4439 2699 4503 Codicem
2734 4443 2984 4504 Erasmi
3037 4461 3330 4510 memoro
3372 4449 3571 4510 alios-

256 4557 390 4620 que
454 4554 490 4600 a
558 4539 810 4602 Joanne
861 4537 1064 4601 Fabro
1121 4555 1468 4618 expensos.
1510 4539 1696 4617 Apud
1755 4536 2170 4600 Lambecium
2235 4537 2400 4598 libro
2457 4539 2504 4598 V
2571 4549 2700 4601 tres
2728 4550 3155 4606 numerantur
3212 4545 3357 4621 221,
3420 4547 3565 4619 222,

252 4637 402 4711 223,
435 4637 502 4702 in
549 4639 790 4718 quibus
824 4635 1284 4700 Commentarii
1313 4635 1378 4697 in
1412 4633 1734 4715 Epistolas
1774 4651 2000 4697 omnes
2051 4635 2230 4698 Pauli
2279 4636 2767 4716 TheOphylacto
2833 4649 3054 4702 nostro
3113 4645 3560 4707 ascribuntur.

255 4736 474 4800 Codex
505 4753 654 4798 vero
685 4735 800 4796 2°21
833 4753 1022 4794 manu
1055 4732 1282 4795 Leonis
1318 4733 1393 4795 de
1446 4730 1654 4794 Rhaul
1683 4739 1986 4796 exoratus
2019 4732 2145 4794 fuit
2186 4752 2390 4794 mense
2440 4735 2756 4815 Aug-usto,
2799 4735 3149 4799 indictione
3188 4741 3285 4815 II,
3321 4742 3568 4805 Christi

256 4853 426 4897 anno
474 4833 652 4896 1139.
689 4834 863 4895 Inter
921 4833 1178 4896 codices
1237 4848 1392 4895 mss.
1435 4830 1846 4894 bibliothecae
1889 4831 2076 4910 Regii
2115 4831 2546 4894 'l‘aurinensis
2607 4831 2931 4907 Athenaei,
2966 4842 3142 4898 torno
3177 4839 3224 4911 Ι,
3277 4850 3570 4918 prostant

259 4951 448 4997 num.
476 4933 596 4995 2'13
615 4930 739 4993 sub
771 4931 999 4993 eodem
1039 4930 1493 5009 Thcophylacti
1526 4926 1818 4990 Achridae
1862 4930 1929 4988 in
1968 4927 2274 5007 Bulgaria
2302 4929 2773 5009 archiepiscopi
2807 4931 3073 4994 nomine
3101 4933 3571 5000 Commentario

248 5033 329 5094 'in
355 5029 600 5110 aliquot
630 5025 765 5090 divi
811 5027 1000 5089 Pauli
1045 5020 1421 5107 Epistolas:
1455 5026 1901 5105 adnotantque
1948 5027 2188 5090 indicis
2220 5036 2547 5098 auctores,
2587 5051 2614 5083 «
2656 5030 3047 5093 Prooemium
3114 5033 3179 5094 in
3209 5035 3565 5113 Epistolam

261 5129 532 5210 primam
567 5127 645 5188 ad
681 5125 1056 5189 Corinthios
1085 5125 1163 5187 ab
1189 5140 1266 5188 eo
1298 5125 1471 5205 quod
1507 5132 1604 5186 est
1638 5123 1701 5185 in
1738 5124 1970 5197 Editis,
2010 5125 2196 5188 valde
2234 5126 2570 5190 diversum
2605 5144 2750 5190 esse
2789 5150 2802 5188 :
2841 5153 2868 5184 υ
2911 5129 3088 5209 quod
3127 5132 3370 5196 ibidem
3398 5134 3566 5198 inte-

257 5244 447 5310 grum
483 5223 842 5305 proferunt.
870 5222 1131 5286 Similes
1158 5222 1585 5286 adnumerant
1618 5222 1874 5284 codices
1904 5221 2123 5301 plures
2158 5223 2517 5298 Simonius,
2556 5224 2918 5289 Casimirus
2950 5228 3256 5292 Oudinus
3287 5231 3563 5314 aliique,

262 5327 538 5407 Regium
572 5322 1033 5398 Parisiensem,
1071 5326 1557 5403 Augustanum,
1594 5321 2500 5394 Bavarico-Monachiensem,
2538 5324 2960 5403 Anglicanos,
2998 5344 3068 5389 ac
3116 5329 3566 5394 Florentinum

259 5425 653 5488 Mediceum.
679 5422 846 5485 Satis
885 5420 1020 5483 hinc
1045 5427 1214 5491 sunt,
1253 5425 1321 5482 ut
1344 5419 1622 5482 dubium
1655 5435 1848 5481 omne
1882 5418 1962 5480 de
1995 5434 2303 5498 germano
2334 5427 2600 5482 auctore
2636 5423 3031 5487 excutiatur.

341 5523 442 5586 k5.
481 5521 783 5586 Nondum
833 5519 1006 5598 typis
1066 5520 1326 5581 Graecus
1370 5524 1586 5581 textus
1627 5515 1976 5596 prodierat.
2035 5517 2272 5579 Lucem
2343 5516 2445 5579 hic
2491 5535 2569 5579 ex
2622 5519 2846 5582 codice
2903 5539 3022 5584 ms.
3086 5525 3568 5592 Arundelliano

258 5620 542 5700 aliisque
591 5619 850 5682 duobus
908 5617 1402 5680 Oxoniensibus
1459 5614 1624 5679 vidit
1679 5613 1958 5679 Londini
2026 5630 2197 5677 anno
2235 5614 2417 5688 1636,
2487 5615 2846 5696 fol.,juxta
2879 5639 3072 5683 curas
3135 5641 3207 5686 ac
3266 5626 3562 5690 studium

262 5717 617 5800 Augustini
659 5716 1314 5798 Lindselii,episc0pi
1346 5715 1872 5788 Herefordensis,
1928 5732 2125 5796 quem
2181 5715 2451 5777 sustulit
2497 5732 2672 5779 mors
2704 5726 2853 5782 ante
2911 5720 3297 5785 editionem.
3331 5727 3564 5791 Addita

259 5829 359 5882 est
396 5841 429 5879 e
462 5816 731 5896 regione
754 5817 977 5899 Latina
1016 5817 1259 5892 versio,
1293 5834 1464 5896 quae,
1498 5825 1565 5878 ut
1624 5816 1912 5882 editores
1956 5815 2362 5894 proﬁtentur,
2409 5840 2436 5872 ‹‹
2475 5825 2570 5879 est
2618 5817 2890 5897 quidem
2927 5818 3210 5901 Philippi
3246 5811 3564 5898 Montani,

261 5931 490 5982 verum
521 5911 762 5994 ubique
794 5911 956 5979 adeo
994 5931 1025 5977 a
1061 5914 1251 5980 nobis
1297 5913 1708 5994 interpolata,
1743 5920 1938 5993 atque
1979 5912 2051 5974 ad
2089 5912 2464 5976 Graecorum
2511 5916 2846 5978 veritatem
2882 5928 3200 5991 rovomta,
3255 5931 3321 5983 ut
3356 5925 3409 5986 si
3457 5941 3569 6004 per
