4262 6432
710 405 775 468 Π
1524 396 1747 456 BERN.
1787 391 2188 459 MARIAEADE
2221 389 2516 451 'RUBEIS
2555 387 3064 450 DlSSERTATIO
3904 385 3976 450 58

707 533 933 594 operas
1000 510 1492 593 typograpliicas
1534 506 1848 580 licuisset,
1885 505 2256 584 importune
2321 502 2833 574 i‘estinaliundas,
2864 501 3081 562 minus
3127 496 3387 560 tmdium
3418 495 3606 572 foret,
3641 513 3823 560 nova
3854 513 3973 575 po-

704 615 831 675 tius
870 609 1253 682 condendae;
1285 607 1346 667 id
1382 604 1554 684 quod
1587 602 2134 666 committentibus
2163 600 2463 678 liquebit.
2512 623 2541 654 ιο
2590 601 2734 660 Hinc.
2773 614 2961 676 porro
3001 613 3214 669 causa,
3261 596 3606 657 adnotante
3652 595 3969 670 Simonio,

702 708 874 789 quod
905 707 970 767 in
993 705 1108 767 hac
1143 711 1425 767 veterum
1477 700 2078 779 interpretationum
2119 695 2584 775 recognitione,
2618 696 2852 756 menda
2891 694 3076 773 plura
3109 691 3330 756 relicta
3359 691 3511 766 sint,
3547 690 3786 771 quibus
3841 691 3972 754 illm

701 809 1047 873 scatebant.

781 905 1262 966 Accuratiorem
1318 899 1783 980 Theophylacti
1831 898 1897 959 in
1969 895 2071 957 his
2129 893 2650 965 Commentariis,
2685 910 2876 973 quam
2911 895 2976 955 in
3009 892 3287 964 caeteris,
3344 891 3752 968 diligentiam
3795 905 3970 950 com-

703 1003 958 1063 mendat
990 998 1291 1062 laudatus
1325 998 1677 1059 Simonius.
1711 999 1980 1074 Parerga
2002 993 2262 1067 desunt,
2301 1008 2516 1070 neque
2573 990 2950 1069 frequentes
3003 994 3350 1051 occurrunt
3399 986 3751 1066 allegoriae.
3807 989 3964 1048 Pas-

700 1100 821 1158 sim
845 1097 1346 1177 Chrysostomus
1379 1094 1772 1156 deﬂoratur:
1808 1092 2084 1172 ejusque
2145 1105 2381 1151 nomen

2289 1105 2381 1150 ten
2452 1089 2849 1167 quandoque
2881 1087 3186 1159 occurrit,
3227 1095 3255 1148 ὁ
3289 1094 3578 1164 Μακάριος
3625 1094 3907 1164 Ἰωάννης,
3943 1095 3972 1147 ὁ

699 1204 999 1272 πάμμεγας
1035 1202 1306 1271 Ἰωάννης,
1333 1201 1360 1252 ὁ
1397 1203 1454 1252 ἐν
1481 1198 1656 1265 ἁγίοις
1695 1197 1969 1266 Ἰωάννης.
2002 1187 2122 1250 Sed
2151 1186 2314 1248 alios
2349 1203 2380 1247 e

2290 1203 2314 1246 s
2349 1185 2543 1247 etiam
2573 1185 2922 1262 scriptores
2960 1190 3246 1245 vetustos
3282 1183 3621 1260 decerptos
3655 1198 3820 1254 esse,
3858 1187 3973 1244 do-

702 1299 798 1353 cet
829 1292 1171 1369 inscriptio
1203 1289 1446 1350 codicis
1486 1286 1602 1347 222
1631 1287 1800 1365 apud
1826 1285 2235 1348 Lambecium
2287 1302 2303 1340 :
2336 1280 2763 1358 Expositio...
2803 1279 3064 1340 collecta
3095 1297 3176 1339 ea:
3205 1279 3408 1339 sancti
3447 1279 3716 1339 Joannis
3761 1279 3968 1358 Chry-

699 1386 953 1447 sostomi
980 1385 1368 1463 aliorumque
1399 1392 1678 1443 ceterum
1709 1383 1972 1443 Patrum
2003 1379 2327 1460 operibus.
2371 1377 2721 1440 Heereticos
2759 1375 3091 1454 passim_in
3129 1375 3230 1436 his
3255 1374 3747 1437 Commentariis
3783 1376 3965 1439 inse—

697 1484 915 1562 quitur
945 1479 1485 1560 TheOphylactus,
1521 1497 1588 1543 ac
1621 1479 2014 1559 theologicas
2059 1478 2427 1540 Graecorum
2459 1473 2784 1535 doctrinas
2815 1471 3026 1533 tradit.

2240 1647 2381 1708 XII.

693 1811 1214 1876 Commentarium
1244 1809 1306 1868 in
1342 1806 1663 1886 Epistolas
1703 1807 2059 1886 canonicos,
2099 1806 2206 1886 qui
2233 1821 2346 1865 nec
2370 1803 2615 1886 Latine,
2644 1805 3001 1886 nec_Graece
3023 1806 3182 1867 vidit
3214 1805 3517 1868 hactenus
3567 1804 3784 1886 lucem,
3818 1821 3969 1886 con-

771 1896 971 1954 tinent
1003 1889 1244 1951 codices
1276 1883 1774 1974 l’indobonenises
1809 1903 1880 1942 ac
1915 1885 2332 1974 Ifarisienses.
2365 1883 2600 1974 Mutila
2625 1884 2899 1974 prodiit,
2941 1885 3259 1974 _Lonicero
3297 1887 3581 1974 curante,
3603 1883 3964 1974 Expositio

771 1975 838 2032 in
897 1979 1170 2044 quatuor
1227 1966 1570 2044 prophetas
1601 1966 1896 2036 minores,
1931 1963 2143 2022 Latine
2205 1964 2579 2023 translata:
2640 1967 2822 2041 cuius
2847 1965 3157 2105 delectum
3195 1965 3514 2044 supplevit
3592 1962 3958 2040 Christoph.

775 2051 1086 2105 Henricus
1146 2045 1546 2105 Ritmeierus.
1577 2042 1835 2102 Codices
1879 2044 2134 2102 Venetus
2179 2043 2546 2102 Marcianus
2579 2051 2633 2102 et
2709 2031 2904 2103 Vindo
2954 2044 3204 2105 onensis
3255 2043 3717 2105 expositionem
3747 2043 3958 2101 conti-

773 2031 1086 2111 Hen'ricus
1146 2031 1546 2106 Ritmeierus.
1577 2042 1835 2122 Codices
1879 2031 2134 2102 Venetus
2179 2043 2546 2102 Marcianus
2579 2051 2633 2102 et
2709 2031 3204 2122 i'i'ndobonensis
3255 2031 3958 2122 adpositionemconti-

768 2138 916 2188 nent
949 2129 1014 2188 in
1044 2127 1313 2205 quinque
1349 2123 1617 2205 minores
1647 2121 1992 2205 prophetas
2027 2141 2046 2179 :
2095 2138 2255 2205 opus
2293 2122 2633 2205 integrum,
2691 2120 2892 2183 codex
2937 2120 3753 2184 Bavarico-Monachiensi:
3823 2121 3964 2182 Ma-

767 2211 879 2270 rica
909 2199 1539 2284 imperatr‘icisjussu
1571 2201 2020 2262 concinnatum
2055 2217 2092 2257 a
2127 2199 2614 2277 Theophylacto.

766 2355 864 2414 ῐιϐ.
912 2350 1181 2413 Codices
1229 2344 2115 2417 Czesareo-Vindobonenses,
2176 2359 2343 2423 quos
2375 2361 2543 2421 saepe
2592 2344 3118 2419 memoravimus,
3169 2342 3312 2415 220,
3374 2341 3491 2402 221
3561 2345 3624 2402 et
3653 2339 3803 2415 222,
3837 2339 3964 2402 sub

688 2446 1154 2527 'l‘heOphylacti
1194 2444 1456 2506 nomine
1503 2442 1999 2504 Commentarios
2048 2447 2346 2519 praestant
2406 2444 2472 2501 in
2513 2440 2840 2520 Epistolas
2899 2441 3260 2502 canonicas.
3300 2437 3686 2500 Parisiensis
3718 2435 3964 2500 codicis

691 2547 1086 2608 mentionem
1121 2542 1358 2619 ingerit
1396 2539 1687 2600 Labbeus
1743 2539 1806 2598 in
1858 2537 2036 2599 Nova
2096 2537 2496 2598 Bibliotheca
2565 2556 2710 2599 mss.
2782 2539 3094 2600 librorum
3141 2543 3318 2612 parte
3360 2555 3433 2610 ιι,
3477 2539 3503 2612 §
3569 2539 3794 2614 1,pag.
3856 2535 3960 2597 80.

692 2645 872 2705 Alius
910 2640 1185 2702 occurrit
1237 2639 1300 2697 in
1335 2635 1795 2714 Supplemento
1826 2652 1886 2706 x,
1917 2653 2052 2712 pag.
2079 2636 2214 2695 386.
2242 2635 2536 2694 Nondum
2564 2641 2891 2711 premente
2924 2635 3104 2712 prelo
3141 2631 3280 2694 sive
3319 2633 3541 2694 Latine
3573 2631 3713 2695 sive
3740 2631 3960 2693 Greece

686 2752 994 2801 excusum
1043 2750 1204 2812 Opus
1238 2739 1356 2793 est.

759 2836 856 2896 1.7.
893 2835 1138 2893 Joanne
1170 2828 1478 2890 Lonicero
1519 2827 1869 2905 interprete
1905 2834 1964 2888 et
1998 2832 2282 2899 curante,
2311 2826 2536 2890 Latina
2568 2828 2916 2906 Expositio
2944 2829 3011 2889 in
3066 2836 3346 2909 quatuor
3377 2825 3722 2907 prophetas
3755 2825 3963 2903 [XXI]

691 2934 988 2998 minores,
1017 2925 1602 2996 IIabacuc,Jonam,
1625 2923 1871 2986 Nahum
1892 2931 1947 2982 et
1981 2921 2222 2997 Oscam,
2247 2925 2418 3003 typis
2435 2925 3085 2988 Francofurtensibus
3119 2925 3359 3008 prodiit
3383 2923 3754 2997 ann0153'4,
3781 2921 3957 2985 in-8.

689 3026 1079 3088 Posteriores
1118 3021 1260 3083 alim
1309 3017 1612 3081 confectm
1637 3027 1786 3080 sunt
1820 3019 2145 3080 editiones
2198 3020 2441 3098 plures.
2479 3023 2550 3083 In
2587 3022 2963 3084 Prmfatione
3019 3022 3098 3084 ad
3148 3024 3507 3096 Lectorem,
3551 3039 3696 3101 quae.
3727 3019 3960 3082 eodem

685 3141 850 3186 anno
880 3121 1028 3184 153's
1061 3129 1266 3180 notata
1300 3125 1417 3187 est,
1456 3117 1806 3176 Lonicerus
1844 3123 2101 3177 narrat:
2136 3137 2166 3172 α
2207 3118 2312 3178 Fr.
2340 3119 2662 3197 Angelum
2701 3121 3096 3192 Lucensem,
3131 3118 3276 3180 Divi
3314 3119 3577 3180 Antonii
3614 3116 3954 3191 vicarium,

685 3224 1157 3298 mimae-summ,
1193 3215 1256 3273 in
1323 3209 1812 3290 praeclarissima
1851 3212 2089 3274 Veneta
2134 3211 2542 3291 bibliotheca,
2589 3216 3055 3296 TheOphylacti
3109 3219 3176 3278 in
3229 3224 3506 3295 quatuor
3535 3215 3729 3278 hosce
3763 3219 3958 3288 paulo

684 3326 826 3376 ante
865 3320 1393 3375 cemmemoratos
1432 3307 1771 3386 prolihetas
1808 3317 2099 3387 ἐξηγήσεις
2121 3310 2589 3398 describendas
2628 3315 2916 3387 dedisse,
2957 3313 3443 3392 descriptasque
3477 3329 3620 3374 cum
3653 3321 3961 3393 autOgra-

684 3413 809 3488 ptio
842 3409 1272 3471 contulisse...
1311 3405 1583 3465 Proinde
1618 3405 1778 3482 grati
1828 3412 2045 3480 erunt,
2073 3406 2312 3485 inquit,
2370 3409 2601 3486 Angeli
2632 3409 2828 3487 hujus
2874 3409 3183 3487 angelicas
3251 3409 3472 3482 menti,
3506 3410 3615 3488 qui
3669 3409 3952 3488 aliquam

689 3507 908 3568 saltem
945 3505 1044 3565 his
1073 3522 1149 3565 ex
1189 3500 1751 3564 lucubrationibus
1790 3502 2157 3566 animorum
2205 3521 2474 3566 suorum
2523 3505 2915 3584 voluptatem
2966 3507 3244 3584 capient.
3298 3529 3325 3561 »
3362 3507 3612 3567 Veneto
3674 3506 3958 3568 Canoni-

683 3621 900 3667 corum
935 3602 1347 3681 Regulariurn
1381 3599 1674 3661 coenobio
1707 3599 1830 3662 sub
1879 3601 2072 3663 titulo
2104 3602 2315 3664 Sancti
2351 3600 2619 3664 Antonii
2656 3601 3037 3679 praesidebat
3077 3604 3368 3680 Angelus
3402 3604 3740 3665 Lucensis.
3788 3605 3956 3666 lnsi-

683 3719 870 3781 gnem
901 3715 1081 3762 suam
1131 3699 1220 3759 ibi
1281 3697 1740 3759 bibliothecam
1792 3697 2112 3760 locaverat
2163 3699 2539 3761 Dominicus
2574 3698 2942 3772 Grimanus,
3002 3698 3359 3776 patriarcha
3411 3699 3856 3778 Aquileiensis
3886 3718 3958 3764 ac

683 3802 744 3863 Ξ.
774 3801 841 3859 ll.
879 3801 944 3859 E.
980 3797 1344 3869 cardinalis,
1387 3795 1690 3858 incendio
1723 3804 1943 3874 postea
1973 3805 2443 3877 consumptam.

761 3899 850 3957 De
884 3895 1123 3956 codicis
1182 3891 1436 3956 defectu
1471 3893 1767 3970 queritur
1800 3895 2153 3957 Lonicerus
2193 3917 2207 3957 :
2253 3894 2444 3969 «Quo

2262 3893 2489 3969 πριιοᾱ
2526 3893 2693 3954 Osee
2729 3899 2902 3954 vates
2932 3902 3226 3972 ἀκέφαλος,
3258 3903 3500 3975 λάγαρος
3537 3902 3633 3957 καὶ
3687 3903 3945 3977 μείουρος

683 3993 788 4054 sit.
829 3992 961 4054 Sub
1014 3993 1275 4053 initium
1330 3990 1532 4070 igitur
1555 4008 1587 4051 e
1617 3990 1852 4052 Grtecis
1879 3990 2109 4052 Bibliis
2141 4009 2288 4071 qum
2313 3991 2601 4063 deerant,
2653 3989 3012 4070 adjecimus
3044 3991 3318 4069 (scilicet
3353 3999 3548 4070 caput
3573 3992 3856 4069 primum
3890 4000 3952 4055 et

686 4089 900 4166 priora
934 4091 1154 4150 decem
1211 4095 1522 4150 commata
1573 4087 1844 4148 secundi
1885 4086 2161 4166 capitis.)
2196 4087 2264 4147 ln
2305 4087 2520 4149 medio
2561 4087 2616 4147 si
2649 4105 2775 4163 qua
2803 4087 3130 4161 deessent,
3167 4087 3340 4149 idem
3365 4087 3664 4164 fecimus,
3699 4098 3760 4152 et
3787 4099 3953 4153 aste-

687 4190 834 4249 risci
867 4189 898 4219 *
931 4187 960 4222 ⁸*
994 4186 1398 4247 indicabunt.
1438 4185 1533 4245 Ab
1571 4183 1918 4246 undecimo
1956 4185 2164 4263 capite
2197 4186 2262 4246 in
2289 4185 2478 4247 ﬁnem
2517 4202 2750 4262 usque,
2785 4182 3000 4243 blattis
3030 4183 3363 4264 tineisque
3397 4203 3699 4248 cerrosus
3727 4187 3954 4265 periit:

686 4301 885 4362 quare
957 4289 1329 4344 contextum
1389 4280 1739 4360 prephetm,
1779 4281 1893 4359 qui
1926 4281 2135 4344 cuivis
2177 4299 2258 4342 ex
2284 4281 2512 4342 Bibliis
2576 4280 2811 4342 obvius
2872 4295 3015 4340 esse
3075 4288 3310 4358 potest,
3344 4286 3479 4342 tum
3515 4281 3953 4362 etiamlinter-

687 4383 935 4442 mittere
977 4381 1181 4440 visum
1219 4387 1337 4440 est.
1368 4402 1396 4435 ιο

763 4477 1096 4540 Deiectum
1127 4479 1295 4538 hunc
1329 4477 1516 4539 bonis
1562 4476 1792 4538 avibus
1831 4477 2050 4557 aliqua
2084 4493 2163 4538 ex
2196 4483 2370 4552 parte
2398 4475 2728 4555 supplevit
2762 4474 3132 4556 Christoph.
3167 4477 3492 4540 Henricus
3531 4477 3952 4555 Ritmeierus,

686 4575 794 4652 qui
839 4575 1388 4636 Commentariun]
1433 4574 1507 4634 ad
1545 4575 1806 4634 initium
1840 4576 2066 4650 capitis
2103 4575 2374 4634 secundi
2416 4576 2600 4645 Osee,
2631 4575 2847 4635 Greece
2874 4590 2957 4634 ex
2989 4575 3360 4654 apographo
3392 4577 3490 4637 Jo.
3527 4575 3804 4637 Andreas
3837 4577 3957 4639 Bo-

690 4672 770 4730 sii
807 4689 880 4730 ex
919 4672 1140 4731 codice
1198 4671 1656 4748 Argentinensi
1693 4670 2120 4747 descriptum,
2153 4688 2296 4731 cum
2344 4671 2641 4731 versione
2674 4687 2790 4730 sua
2812 4678 2872 4730 et
2903 4672 3075 4732 notis
3120 4671 3324 4732 edidit
3357 4671 3743 4733 Helmstadii
3776 4671 3952 4745 1702,

686 4769 742 4829 ἢ.
780 4770 867 4828 lta
902 4767 1212 4829 discimus
1252 4769 1329 4828 ab
1360 4769 1607 4828 Joanne
1637 4766 1897 4829 Alberto
1923 4767 2239 4829 Fabricio.

778 4865 878 4926 ιι8.
929 4865 1246 4942 Integram
1283 4865 1345 4924 in
1375 4865 1640 4926 eosdem
1687 4871 1967 4941 quatuor
2002 4863 2344 4942 prephetas
2370 4860 2708 4941 Exegesim
2735 4860 3025 4920 continet
3055 4861 3390 4924 Marcianas
3416 4863 3680 4926 Venetae
3712 4865 3954 4929 biblio-

685 4961 886 5022 thecas
937 4964 1163 5035 codex,
1192 4979 1261 5022 ac
1301 4963 1570 5039 insuper
1616 4961 1684 5022 in
1719 4961 2070 5024 Michceam.
2127 4961 2383 5021 Folium
2425 4960 2704 5033 primum
2742 4958 2968 5033 partim
3027 4957 3308 5020 lacerum
3356 4973 3492 5032 est;
3522 4963 3696 5041 quod
3728 4965 3956 5043 utique

686 5057 1062 5120 dolendum.
1102 5058 1347 5118 Similis
1378 5055 2363 5120 estCmsareo~Vindobonensis
2429 5056 2633 5118 codex
2665 5055 2783 5115 216
2834 5057 3007 5132 apud
3087 5057 3525 5131 Lambecium,
3588 5077 3718 5139 quo
3772 5062 3959 5124 Com-

691 5157 984 5217 mentarii
1018 5155 1437 5217 continentur
1469 5157 1530 5216 in
1559 5156 1806 5225 Oscam,
1839 5154 2164 5229 Habacuc,
2204 5157 2456 5226 Jonam,
2490 5154 2736 5216 Nahum
2769 5163 2825 5213 et
2855 5154 3204 5216 Michwam.
3243 5155 3496 5218 Codicis
3526 5158 3758 5221 titulus
3803 5167 3900 5221 est
3939 5178 3951 5221 :

703 5263 991 5337 Ἐξήγησις
1014 5265 1091 5327 εἰς
1120 5263 1244 5326 τοῦς
1281 5263 1346 5332 ιβ’
1373 5263 1684 5333 προφήτας,
1727 5255 1794 5313 in
1831 5253 2157 5314 duodecim
2202 5252 2386 5332 propl

2271 5252 2545 5332 ‘ophetas
2605 5270 2625 5308 :
2683 5268 2762 5312 ex
2807 5267 2938 5328 quo
2977 5274 3004 5306 α
3048 5261 3312 5330 apparet
3352 5252 3763 5331 (Lambecius
3814 5258 3954 5337 ait),

688 5336 1237 5431 't‘heophylactum
1271 5369 1497 5412 omnes
1532 5351 1878 5412 duodecim
1916 5351 2256 5429 prephetas
2291 5352 2577 5413 minores
2603 5347 3099 5410 Commentariis
3132 5350 3274 5410 suis
3306 5350 3695 5414 illustrasse.
3727 5377 3755 5410 ι

766 5452 1093 5527 [ntegrum
1154 5465 1319 5526 opus
1379 5447 1832 5509 complectitur
1870 5445 2692 5510 Bavarico-Monachiensis
2727 5444 2960 5507 codex.
2999 5445 3476 5509 Commentaria
3512 5449 3581 5509 in
3615 5449 3758 5526 ipso
3802 5468 3957 5528 pro-

687 5555 853 5607 stant
875 5547 1175 5626 sequenti
1202 5547 1432 5607 ordine
1467 5570 1479 5606 :
1515 5547 1591 5606 In
1621 5544 1865 5624 Oseam,
1891 5545 2212 5620 Habacuc,
2243 5548 2492 5617 Jonam,
2514 5543 2786 5614 Nahum,
2820 5542 3171 5619 Micha'am,
3201 5544 3607 5624 Sophoniam,
3641 5547 3958 5628 Aggamm,

684 5643 1087 5708 Zachariam.
1155 5641 1552 5705 Malae-Itium.
1585 5643 1847 5716 Joelem,
1873 5652 2081 5716 Amos,
2121 5642 2405 5706 Abdiam.
2449 5645 2653 5722 Caput
2699 5642 2981 5721 primum
3015 5643 3183 5705 Osee
3235 5654 3409 5708 caret
3471 5649 3958 5725 commentario,

687 5739 973 5816 itemque
1037 5739 1304 5800 secundi
1337 5735 1566 5818 capitis
1610 5755 1854 5801 comma
1915 5740 2215 5816 primum.
2253 5742 2325 5802 In
2351 5742 2769 5820 expositione
2827 5742 3057 5819 capitis
3097 5760 3158 5802 IV
3213 5742 3437 5806 lacuna
3486 5754 3658 5824 patet
3697 5754 3786 5824 a7
3818 5749 3960 5812 3nd

677 5852 932 5898 comma
996 5843 1271 5899 sextum.
1333 5837 1610 5899 Perfecta
1659 5845 1807 5898 sunt
1857 5853 1928 5899 ac
1978 5838 2227 5918 integra
2289 5847 2615 5919 postrema
2673 5839 2796 5902 tria
2846 5841 3052 5919 capita
3088 5859 3205 5918 xu,
3243 5860 3363 5904 xm
3389 5851 3448 5907 et
3480 5863 3790 5922 xmcum
3815 5849 3958 5911 suis
