4262 6432
269 403 348 469 49
1093 400 1191 462 DE
1230 399 1814 464 THEOPHYLACTI
1853 398 2131 462 GESTIS
2169 396 2267 460 ΕΤ
2307 399 2682 466 SCRlPTlS;
3497 392 3570 458 50
3630 383 3633 389 ’

276 513 791 586 commentariis,
865 514 1102 594 quasin
1135 514 1428 578 editione
1485 513 1789 577 Loniceri
1833 513 2320 578 desiderantur.
2354 512 2496 576 Alia
2531 514 2599 574 in
2639 509 2862 576 codice
2913 506 3184 580 vacuola
3238 523 3432 587 parva
3461 524 3568 618 ecf

267 617 566 674 currunt.
602 609 952 674 Codicibus
1013 616 1256 686 autem,
1298 627 1468 692 quos
1502 613 2036 688 memoravimus,
2071 611 2356 674 invicem
2403 608 2686 683 collatis,
2723 609 3039 672 damnum
3065 621 3265 670 omne
3331 608 3560 670 sarciri

269 705 531 786 poterit.

347 802 697 883 Prologum
725 801 1008 881 primum
1041 802 1108 866 in
1141 818 1370 866 omnes
1408 803 1753 884 prophetas
1791 803 2080 868 minores
2120 809 2374 882 prastat
2409 809 2805 868 memoratus
2831 803 3127 866 Venetus
3151 800 3362 866 codex
3393 801 3565 866 Mar-

265 901 520 974 cianus,
580 917 661 963 ex
719 915 852 978 quo
907 900 1242 975 discimus,
1270 900 1456 979 iussu
1484 901 1702 965 Marias
1731 901 2162 981 imperatricis
2195 902 2648 966 elucubratum
2681 917 2847 980 opus
2869 897 3080 964 fuisse
3109 916 3146 963 a
3185 899 3547 979 TheOphy-

264 997 457 1060 iacto.
491 997 707 1059 Graece
770 997 1228 1077 transcriptum
1275 1001 1644 1077 accepimus
1673 998 1752 1062 ab
1795 999 2274 1064 humanissimo
2305 999 2841 1080 peritissimoque
2874 997 3015 1062 viro
3051 998 3336 1060 Antonio
3390 998 3557 1060 Zan-

265 1097 453 1165 netti,
493 1091 846 1156 Alexandri
871 1093 1032 1168 ﬁlio,
1054 1095 1326 1158 custode
1357 1094 1786 1160 bibliotheca.
1829 1097 1948 1161 lnil

1882 1097 2101 1161 litium
2139 1107 2238 1162 est
2273 1121 2287 1160 :
2317 1106 2576 1161 Φιλοθέου
2606 1105 2883 1176 βασιλίδος
2935 1104 3030 1160 καὶ
3061 1102 3352 1175 φιλολόγοι)
3421 1102 3565 1174 πλη-

263 1187 379 1258 ρῶν
435 1188 741 1260 ἐπίταγμα,
766 1189 828 1244 τδ
853 1189 913 1244 δὲ
942 1190 1008 1260 ἢν
1037 1193 1102 1245 ἐκ
1123 1191 1234 1246 τῶν
1281 1193 1363 1256 εις
1409 1193 1536 1257 τοὺς
1593 1196 1882 1266 προφήτας
1905 1197 2069 1254 πάλα·
2099 1195 2548 1269 ταταόληθεισῶν
2578 1195 2901 1266 ἐξηγήσεων
2961 1192 3295 1263 συντάγμιτι
3366 1190 3560 1245 θέσθαι

265 1287 747 1360 συνοπτικώτερον
775 1289 912 1360 ὁμοῦ
945 1290 1042 1344 καὶ
1073 1291 1434 1364 σαφέστερον,
1453 1294 1837 1366 παραιτοῦμαι
1864 1309 1876 1323 ·
1910 1284 1948 1344 ι

1866 1284 2023 1348 -Dei
2050 1293 2110 1346 et
2138 1283 2505 1346 litterarum
2557 1281 2830 1343 amantis
2889 1279 3328 1369 imperatricis
3374 1296 3549 1338 man-

262 1376 868 1457 datumadimplens,
897 1380 1227 1444 utscilicet
1262 1401 1343 1444 ea:
1372 1383 1863 1447 Commentariis
1895 1384 1965 1445 in
1991 1381 2343 1463 prophetas
2374 1380 2514 1460 jam
2545 1379 2735 1460 factis
2767 1377 3117 1439 breviorem
3132 1383 3189 1438 et
3223 1375 3562 1437 clariorem

263 1474 656 1552 conﬁcerem,
691 1495 830 1551 oro,
870 1485 994 1540 etc.
1028 1481 1105 1542 Et
1138 1478 1306 1543 infra
1339 1490 1443 1545 :Et
1472 1493 1572 1563 μιν
1599 1492 1693 1547 οὖν
1716 1491 1946 1563 ﬁsus-rat

1876 1491 1947 1547 βαι
1967 1508 2024 1545 τι
2054 1489 2191 1561 πρὸς
2216 1487 2278 1542 τὸ
2310 1486 2562 1559 βούλημα
2607 1489 2708 1558 τῆς
2737 1485 2905 1556 καλῆς
2945 1485 3150 1555 ταύτης
3189 1485 3245 1538 ἐν
3285 1483 3559 1553 γυναιξὶν,

262 1563 329 1642 ᾖς
356 1571 408 1623 ol
441 1571 718 1643 ὀφθαλμοὶ
769 1574 865 1628 καὶ
898 1575 932 1644 ἡ
962 1577 1126 1648 νοερὰ
1155 1576 1234 1642 ὡς
1257 1583 1616 1652 περιστερὰς,
1677 1585 1774 1636 καὶ
1824 1581 1920 1635 τοῦ
1969 1579 2289 1650 πνεύματος
2339 1575 2531 1647 σαφῶς
2561 1575 2778 1641 ἐνθέου,
2806 1575 3016 1646 ταύτης
3051 1574 3280 1640 σκόπου,
3321 1574 3416 1627 καὶ
3460 1575 3560 1642 τῆς

263 1667 504 1733 πίστεως
533 1670 594 1723 τὸ
624 1671 959 1744 κατόρθωμα
982 1689 998 1706 ο
1024 1664 1098 1728 ιςί
1140 1665 1292 1746 quid
1319 1668 1523 1748 igitur
1537 1671 1892 1751 perfectum
1923 1672 1946 1748 1

1876 1688 1892 1730 ι
1923 1669 2126 1748 fuerit
2155 1667 2360 1748 juxta
2399 1664 2794 1726 voluntatem
2823 1665 3014 1745 hujus
3073 1663 3416 1724 mulierum
3449 1678 3559 1738 op-

262 1756 652 1838 tima:(cujus
685 1760 854 1822 oculi
888 1771 1128 1822 etmens
1157 1764 1325 1825 sicut
1351 1764 1779 1848 columba),id
1807 1766 1929 1830 erit
1948 1765 2222 1846 spiritus
2241 1765 2382 1846 ejus
2400 1763 2591 1843 plane
2623 1761 2854 1836 divini,
2897 1761 3304 1832 intentionis,
3327 1766 3385 1820 et
3415 1755 3563 1836 ﬁdei

263 1869 445 1932 opus-
480 1853 779 1934 Integros
830 1856 1349 1924 Commentarios
1373 1861 1562 1937 istos,
1597 1881 1676 1926 ex
1707 1861 2158 1945 antiquiorum
2199 1863 2462 1924 Patrum
2517 1859 2967 1923 monumentis
3003 1859 3376 1935 decerptos,
3414 1871 3562 1934 spe-

262 1951 442 2012 rabat
469 1953 658 2016 Joan.
713 1952 1021 2018 Albertus
1077 1957 1507 2022 Fabriciusin
1541 1959 1939 2024 Bibliotheca
1989 1960 2235 2036 Graeca,
2278 1958 2406 2023 vol.
2469 1959 2609 2033 VII,
2658 1975 2801 2040 pag.
2841 1958 2986 2031 765,
3021 1955 3204 2019 brevi
3242 1957 3306 2017 in
3347 1953 3560 2016 lucem

258 2047 554 2111 edendos
589 2046 633 2111 α’
660 2049 728 2112 C.
756 2052 830 2114 V.
866 2053 1119 2116 Joanne
1173 2056 1457 2120 Henrico
1492 2059 1862 2136 Lederlino,
1889 2059 2262 2140 linguarum
2297 2057 2744 2122 Orientalium
2778 2058 2846 2118 in
2875 2055 3207 2118 academia
3243 2056 3566 2132 Argento-

257 2145 504 2207 ratensi
535 2146 927 2224 professore,
962 2149 1080 2228 qui
1111 2150 1263 2215 illos
1294 2171 1378 2216 ex
1408 2156 1630 2220 Graeco
1654 2157 1878 2220 codice
1911 2157 2326 2220 bibliothecas
2357 2154 2638 2235 publica;
2662 2153 2849 2217 illius
2882 2152 3066 2215 urbis
3096 2151 3558 2226 descripserat,

256 2248 320 2302 et
356 2248 632 2322 utraque
674 2242 899 2324 lingua
927 2245 1343 2327 vulgaturum
1380 2261 1738 2332 receperat.
1770 2258 1926 2319 Data
1956 2254 2118 2318 ﬁdes
2155 2254 2223 2317 in
2257 2253 2518 2317 irritum
2569 2252 2730 2317 abiit
2766 2275 2780 2315 :
2817 2251 3288 2333 prmstebitque
3312 2249 3561 2310 Veneta

257 2336 466 2402 editio
513 2341 682 2420 quod
726 2339 1038 2406 hactenus
1070 2345 1346 2413 obtineri
1386 2365 1515 2413 non
1548 2350 1782 2429 potuit.

1665 2520 1887 2594 [xxu]
1920 2528 2089 2590 xm.
2159 2506 2162 2507 ί

259 2668 564 2770 Un‘defim
620 2674 910 2770 Homiliw
934 2677 1296 2770 in'totidem
1357 2679 2035 2770 euangeliamatutina
2074 2679 2929 2770 illesurrectionisﬂumini,~
2959 2672 3426 2770 ΤῙιεοΡῘξυῖίὲἒτο
3458 2681 3565 2770 ᾳίέ

338 2749 720 2842 tribuuntur
751 2755 820 2816 in
850 2755 1214 2842 codicibus.
1247 2760 1410 2842 Sunt
1440 2749 1588 2842 vero
1623 2760 1814 2842 iidem
1849 2764 2103 2823 omnino
2135 2761 2343 2840 ipsius
2381 2749 3340 2842 Theopliylacti_Comme'nt6rii
3370 2769 3566 2842 super

339 2828 573 2927 δί’,ἀειπ
607 2835 971 2912 evangeliis.
992 2848 1319 2927 postre_ma
1364 2839 1637 2927 homilice
1667 2839 2014 2902 undecima:
2048 2828 2233 2920 par'te
2265 2828 2564 2917 excepta:
2603 2828 2981 2927 fosterior_
3008 2834 3270 2927 Graecus
3326 2828 3564 2927 aliquis

335 2907 612 3000 videtur,
639 2907 1174 3000 tuin-postremam
1205 2918 1364 2980 hanc
1395 2918 1696 3000 adjecisse
1716 2931 1992 2999 partem,
2037 2907 2168 2981 tum
2202 2907 2687 2982 commentarios
2740 2914 3200 2994 Theophylacti
3234 2914 3302 2975 in
3329 2907 3564 2987 pardi-

341 2998 476 3049 etas
497 2990 814 3054 Homilias
847 2993 1184 3075 redegisse.

338 3130 442 3194 E9.
474 3132 618 3195 Alia
643 3143 795 3198 sunt
850 3138 1018 3200 sacri
1068 3141 1436 3220 argumenti
1497 3155 1719 3220 Opera,
1751 3158 1787 3203 a
1839 3138 2329 3221 TheOphylacto
2378 3140 2728 3204 elaborata.
2788 3136 3106 3203 Homilias
3163 3133 3461 3197 undecim
3498 3131 3567 3201 in

256 3228 521 3292 totidem
559 3234 884 3314 evangelia
915 3236 1130 3319 Ofﬁcii
1158 3241 1462 3304 matutini
1485 3239 2001 3304 Resurrectiom’s
2034 3226 2296 3303 Domini
2325 3237 2594 3303 exhibet
2642 3238 2847 3341 codex
2883 3228 3567 3341 Caesareo-Vindobo-

256 3327 510 3403 nensis,
575 3347 769 3411 quem
816 3335 1200 3400 Lambecius
1245 3338 1412 3402 libro
1447 3359 1480 3401 ν
1521 3346 1822 3404 recenset
1882 3355 2062 3403 num.
2124 3339 2270 3402 263.
2304 3337 2533 3402 Vocari
2569 3336 2787 3400 solent
2829 3335 3142 3399 undecim
3212 3329 3562 3410 evangelia

253 3436 629 3509 ἀναστάσιμα,
684 3431 928 3511 quibus
995 3437 1312 3499 memoria
1382 3437 1918 3502 Resurrectionis
1987 3436 2255 3500 Domini
2320 3436 2689 3500 celebratur
2749 3458 2762 3497 :
2821 3451 2892 3497 ac
2969 3431 3568 3510 etiamidicuntur

255 3523 480 3591 ἑωθινά,
509 3528 662 3604 quia
694 3526 761 3589 in
795 3526 1025 3593 Ofﬁcio
1076 3533 1414 3598 matutino
1439 3550 1516 3597 ea
1546 3535 1772 3615 legunt
1827 3533 2059 3598 Grasci.
2094 3536 2257 3598 Sunt
2306 3550 2462 3597 vero
2517 3534 2861 3610 desumpta
2896 3549 2909 3593 :
2950 3530 3237 3611 primum
3275 3546 3356 3592 ex
3401 3529 3564 3590 Mat-

259 3615 451 3714 lhaeo,
509 3625 876 3688 secundum
918 3633 981 3690 et
1011 3629 1279 3692 tertium
1312 3649 1398 3694 ex
1425 3633 1666 3706 Marco,
1701 3650 1783 3696 ex
1815 3635 1987 3697 Luca
2025 3639 2360 3714 quartum,
2394 3632 2736 3713 quintum,
2805 3637 3110 3702 sextum;
3146 3635 3209 3690 et
3259 3627 3563 3707 quinque

259 3712 513 3798 reliqua
563 3738 643 3784 ex
679 3723 952 3789 Joanne.

336 3813 614 3880 Initium
658 3836 888 3884 eorum
910 3829 974 3886 et
1005 3823 1198 3887 finem
1228 3841 1310 3887 ex
1343 3823 1530 3888 libris
1562 3827 1938 3890 Griecorum
1996 3827 2183 3892 affert
2249 3827 2528 3892 Goarius
2555 3828 2622 3891 in
2651 3826 3056 3908 Euchologio
3091 3841 3234 3906 pag.
3275 3825 3396 3888 722
3424 3823 3567 3886 edi-

257 3911 461 3976 tionis
493 3917 781 3984 Venetaa.
807 3922 1132 3987 Nimirum
1159 3942 1444 4005 primum
1474 3927 1684 4006 capite
1707 3946 1924 3991 xxvur
1972 3925 2259 3991 Mattliaai
2286 3924 2521 4005 incipit
2554 3930 2587 4000 7
2624 3926 2701 3987 16
2732 3947 2747 3987 :
2784 3923 3085 3988 Undecim
3113 3931 3324 3985 autem
3369 3923 3570 3986 disci-

253 4010 400 4090 puli
428 4015 724 4080 abierunt
755 4020 824 4081 in
846 4019 1216 4092 Galilaeam:
1247 4039 1322 4086 ac
1351 4023 1592 4086 desinit
1624 4029 1683 4099 7.
1717 4027 1822 4099 20,
1847 4043 2043 4107 usque
2078 4024 2162 4087 ad
2190 4025 2800 4087 consummationem
2831 4020 3074 4085 saeculi.

335 4110 710 4176 Secundum
753 4119 962 4196 capite
1005 4137 1120 4182 xvs
1156 4119 1353 4184 Marci
1385 4137 1421 4184 a
1454 4127 1488 4195 7
1525 4123 1556 4188 1
1599 4122 1799 4187 :Cum
1829 4125 2166 4186 transisset
2200 4119 2568 4196 Sabbatum,
2601 4120 2677 4183 ad
2713 4125 2770 4195 7.
2807 4118 2866 4193 8,
2903 4118 3232 4182 Timebant
3277 4135 3439 4179 eum.

337 4207 542 4271 Tertii
592 4213 820 4275 eodem
879 4215 1090 4296 capite
1146 4216 1411 4282 initium
1445 4223 1500 4284 7.
1533 4220 1614 4283 9:
1647 4219 1935 4301 Surgens
1965 4231 2179 4283 autem
2209 4237 2390 4280 mane
2449 4221 2660 4297 prima
2697 4216 3160 4284 Sabbatorum;
3194 4215 3342 4278 ﬁnis
3371 4221 3430 4288 7.
3465 4215 3566 4286 20,

256 4306 662 4386 sequentibus
683 4310 908 4390 signis.

340 4404 578 4483 Incipit
613 4415 914 4488 quartum
943 4410 1153 4491 capite
1185 4429 1344 4478 xxiv
1369 4414 1559 4478 Luem
1589 4421 1645 4490 7.
1681 4419 1712 4478 1
1755 4440 1770 4478 :
1812 4419 1948 4481 Una
1976 4427 2184 4480 autem
2219 4416 2482 4480 Sabbati
2513 4414 2694 4477 valde
2726 4411 3056 4484 diluculo;
3089 4411 3339 4475 desinit
3373 4415 3430 4485 7.
3472 4411 3568 4482 12,

254 4500 438 4564 Abiit
465 4521 672 4566 secum
701 4507 944 4569 mirans
981 4508 1152 4589 quod
1197 4512 1438 4592 factum
1469 4514 1710 4592 fuerat.

334 4600 654 4675 Quintum
676 4603 920 4668 ibidem
966 4611 1024 4671 ὓ.
1050 4609 1126 4671 13
1151 4629 1167 4670 :
1188 4609 1274 4672 Et
1305 4629 1443 4675 ecce
1473 4610 1598 4675 duo
1634 4632 1713 4676 ex
1748 4612 1882 4677 illis
1914 4611 2017 4676 iba

1914 4611 2115 4687 ibant,
2145 4611 2224 4675 ad
2251 4617 2308 4686 7.
2335 4611 2437 4682 35,
2475 4610 2560 4671 Et
2594 4607 2906 4690 quomodo
2964 4617 3402 4687 cognoverunt
3429 4627 3569 4670 eum

255 4701 326 4762 in
349 4699 667 4777 fractione
695 4704 906 4783 panis.
2558 4706 2568 4716 ’

335 4796 603 4860 Sextum
639 4799 884 4864 ibidem
915 4817 952 4863 a
989 4803 1041 4878 §.
1077 4802 1199 4864 36:
1226 4803 1392 4866 Dum
1419 4815 1628 4868 autem
1649 4807 1774 4870 hac
1807 4807 2187 4886 loquuntur,
2218 4808 2398 4871 stetit
2436 4807 2623 4870 Jesus
2648 4809 2716 4870 in
2748 4803 2955 4871 medio
2983 4823 3226 4884 eorum,
3254 4807 3334 4870 ad
3377 4812 3436 4881 7.
3463 4807 3566 4876 53.

257 4891 620 4957 Laudantes
649 4905 704 4958 et
725 4895 1162 4960 benedicentes
1197 4900 1417 4963 Deum.

334 4991 604 5055 [uitium
646 4995 908 5073 septimi
939 4997 1150 5073 capite
1176 5014 1260 5060 xx
1298 5001 1572 5063 Joannis
1606 5006 1664 5071 7.
1704 5005 1733 5064 1
1775 5021 1788 5064 :
1821 5004 1958 5068 Una
2012 5002 2439 5067 Sabbatorum
2471 5005 2687 5067 Maria
2711 5002 3128 5084 Magdalene;
3164 5002 3315 5066 finis
3365 5008 3423 5076 7.
3463 5005 3561 5073 10,

255 5087 568 5154 Abierant
611 5109 760 5172 ergo
793 5094 1025 5156 iterum
1055 5094 1364 5176 discipuli
1393 5096 1476 5159 ad
1498 5102 1895 5182 semetipsos.

337 5188 650 5252 Octavum
697 5189 940 5254 ibidem
975 5208 1010 5254 a
1045 5199 1102 5266 7.
1138 5193 1207 5254 11
1236 5215 1251 5254 :
1278 5194 1496 5257 Maria
1525 5207 1734 5259 autem
1762 5200 1974 5264 stabat
2006 5200 2090 5262 ad
2119 5211 2609 5278 monumentum,
2644 5201 2723 5264 ad
2755 5207 2810 5276 7.
2848 5202 2943 5274 18,
2983 5201 3154 5278 Quia
3182 5202 3319 5265 vidi
3355 5202 3569 5264 Domi-

255 5303 432 5359 num,
467 5295 527 5347 et
559 5286 685 5349 hate
721 5287 894 5376 dixit
911 5291 1095 5354 mihi.

337 5386 594 5448 Nonum
620 5384 850 5464 incipit
883 5386 1128 5452 ibidem
1167 5395 1224 5465 7.
1262 5393 1379 5456 19:
1419 5395 1577 5458 Cum
1613 5414 1762 5476 ergo
1805 5416 1947 5460 sero
1982 5409 2144 5459 esset
2188 5398 2291 5460 die
2341 5396 2492 5470 illo;
2549 5400 2800 5463 desinit
2830 5408 2889 5478 7.
2922 5402 3028 5478 31,
3085 5402 3162 5464 Ut
3211 5401 3566 5468 credentes.

255 5482 452 5544 vitam
493 5481 780 5544 habeatis
796 5483 866 5546 in
893 5487 1146 5548 nomine
1181 5490 1341 5571 ejus.

338 5584 592 5648 Decimi
616 5585 884 5650 initium
905 5590 1115 5668 capite
1150 5607 1287 5666 xxI,
1325 5595 1379 5666 7.
1411 5594 1440 5655 1
1470 5614 1484 5654 :
1510 5593 1739 5656 Postea
1770 5594 2202 5675 manifestaeit
2223 5612 2287 5656 se
2322 5595 2589 5663 iterum;
2620 5596 2768 5658 ﬁnis
2799 5602 2852 5671 7.
2893 5598 2994 5676 1!»,
3032 5599 3165 5659 Hoc
3197 5601 3339 5680 jam
3372 5600 3564 5660 tertio

255 5682 705 5762 manifestatus
735 5693 824 5746 est
859 5686 1045 5748 Jesus
1059 5735 1072 5749 .

337 5779 772 5846 Undecimum
825 5784 1069 5848 ibidem
1119 5803 1150 5850 a
1188 5793 1241 5848 ὖ.
1283 5790 1400 5851 15:
1447 5788 1601 5850 Cum
1649 5807 1796 5870 ergo
1853 5793 2295 5870 prandissent,
2327 5793 2484 5857 dicit
2523 5795 2771 5859 Simoni
2805 5795 3022 5873 Petro,
3067 5797 3146 5860 ad
3197 5804 3251 5873 7.
3288 5799 3391 5873 '25,
3443 5801 3568 5864 Nec

259 5879 465 5953 ipsum
499 5877 789 5944 arbitror
845 5882 1146 5948 mundum
1173 5884 1398 5960 cap'rre
1425 5905 1608 5961 posse
1643 5906 1766 5964 eos,
1796 5888 1908 5968 qui
1951 5891 2277 5955 scribendi
2309 5904 2481 5970 sunt,
2518 5893 2741 5958 libros.
