4262 6432
725 405 786 470 51
1318 359 1322 363 ’
1548 399 1766 464 BERN.
1810 398 2078 460 manu:
2107 397 2217 477 nn
2252 395 2540 458 RUBEIS
2579 392 3080 455 DISSERTATIO
3919 386 3992 451 sa

802 513 1058 590 Quibus
1124 515 1256 573 'nmc
1316 509 1737 573 hebdomadis
1766 521 1843 570 ac:
1871 507 2104 571 diebus
2137 507 2433 587 legantur
2457 503 2817 582 evangelia,
2859 502 3092 565 docent
3123 501 3363 579 Typica
3401 504 3462 562 et
3499 498 3810 561 Canonra.
3847 495 3985 558 Du.-

725 608 1042 674 fresnium
1075 606 1344 674 consule
1374 605 1444 670 in
1459 604 1803 672 Glossario
1838 605 2080 666 Graec.
2122 605 2193 666 In
2228 604 2452 666 eadem
2489 599 2794 664 undecim
2831 596 3193 678 evangelia.
3216 595 3490 659 totidem
3517 594 3708 658 etiam
3731 597 3987 656 exstant

729 705 1015 769 homilim
1044 703 1459 781 TheOphanis
1518 703 1807 765 Ceramei
1845 701 2013 780 apud
2051 697 2566 779 bibliographos.

801 803 905 866 50.
940 804 1087 865 Eme
1117 799 1498 873 scribebam,
1531 816 1679 861 cum
1705 800 1933 862 incidit
1965 800 2032 862 in
2071 814 2301 860 manus
2341 789 3223 860 Cmsareo-Vindobonensis
3247 787 3495 852 codicis
3515 783 3981 867 apographum,

721 901 901 978 quod
940 898 1239 961 undecim
1264 895 1552 977 prmfatas
1580 897 1869 961 continet
1900 898 2024 962 sub
2062 893 2529 975 TheOphylacti
2563 893 2829 956 nomine
2852 889 3182 955 homilias.
3220 886 3512 966 Scriptus
3535 885 3774 964 legitur
3792 891 3985 946 tvtm

725 1003 1225 1074 ἑπτακιτχιλιαστῷ
1255 1004 1472 1074 δεκάτῳ
1495 1005 1755 1080 πέμπτῳ,
1783 1020 1911 1074 μην.
1930 1000 2134 1073 Ἰουνιῳ
2163 1007 2272 1072 κη’,
2295 1008 2408 1053 αηιι

2299 1008 2461 1053 anno
2534 991 2715 1064 7015,
2764 1003 2970 1050 mense
2999 987 3227 1064 lunia,
3281 983 3382 1046 die
3425 984 3531 1052 28.
3569 983 3632 1045 id
3665 989 3764 1064 est
3801 997 3982 1080 anno

729 1091 965 1154 Christi
999 1093 1179 1156 1507.
1213 1092 1392 1156 Illico
1423 1077 1584 1156 facta
1634 1091 1934 1170 diligenti
1973 1108 2119 1154 cum
2171 1087 2634 1168 TheOphylacti
2689 1084 3172 1150 Commentariis
3202 1084 3273 1146 in
3299 1089 3577 1162 quatuor
3646 1077 3986 1179 Evangelia

723 1187 1095 1263 collatione,
1157 1183 1499 1267 perspicue
1545 1196 1855 1267 certoque
1886 1185 2176 1249 innotuit
2221 1201 2302 1248 ex
2342 1184 2446 1247 bis
2483 1185 2564 1246 de
2599 1183 2806 1246 verbo.
2833 1183 2912 1245 ad
2946 1182 3215 1248 verbum
3249 1195 3359 1242 eas
3388 1177 3805 1257 transcriptas
3834 1191 3983 1239 esse

723 1283 1027 1347 homilias
1073 1300 1321 1360 omnes,
1357 1294 1675 1365 postrema
1702 1292 1876 1363 parte
1913 1284 2202 1347 homilite
2222 1283 2582 1346 undecimm
2611 1287 2900 1357 excepta.

799 1383 924 1444 Res
967 1382 1052 1445 ita
1086 1399 1155 1445 se
1181 1383 1390 1446 habet.
1444 1377 1796 1446 Undecima
1853 1382 1964 1444 illa
2030 1381 2306 1447 homilia
2336 1380 2564 1461 incipit
2598 1395 2634 1441 a
2679 1385 2737 1454 7.
2777 1379 2852 1440 15
2909 1374 3142 1456 capitis
3172 1391 3292 1436 ιιι
3321 1368 3800 1446 Joannis,Cum
3831 1383 3982 1451 ergo

715 1477 1152 1556 prandissent,
1209 1479 1364 1542 dicit
1409 1481 1654 1542 Simoni
1687 1479 1876 1541 Petro
1934 1481 2140 1542 Iesus.
2185 1479 2492 1559 Sequitur
2547 1473 3016 1556 TheOpbylacti
3053 1469 3420 1551 Expositio,
3456 1469 3680 1532 eadem
3714 1484 3982 1545 prorsus

717 1593 864 1654 qum
889 1577 952 1638 in
986 1579 1468 1640 Commentario
1515 1580 1600 1640 ad
1644 1596 1855 1658 usque
1882 1584 1935 1652 ᾗ.
1973 1579 2075 1650 23,
2119 1579 2224 1640 Sic
2255 1594 2392 1638 eum
2417 1576 2560 1644 velo
2588 1591 2840 1635 manere
2863 1572 3059 1634 donec
3087 1569 3358 1642 ueniam,
3403 1566 3557 1646 quid
3583 1564 3666 1627 ad
3693 1568 3800 1628 te?
3832 1566 3983 1629 Hinc

718 1689 869 1736 vero
895 1675 960 1735 in
996 1676 1473 1738 Commentario
1505 1675 1599 1738 sic
1649 1676 1894 1738 desinit
1925 1675 2252 1755 expositio
2304 1697 2319 1735 :
2367 1696 2398 1731 α
2423 1672 2552 1735 Alii
2584 1679 2798 1733 autem
2826 1667 3167 1742 afﬁrmat,
3226 1664 3403 1744 quod
3439 1672 3737 1726 mortuus
3773 1661 3980 1726 fuerit

713 1772 1022 1852 (Joannes
1059 1773 1177 1848 :)et
1210 1773 1380 1853 quod
1409 1773 1592 1847 dicit,
1617 1773 1724 1836 Sic
1756 1791 1894 1834 eum
1920 1773 2060 1835 colo
2095 1790 2368 1844 manere,
2424 1767 2797 1847 intelligunt
2828 1767 2997 1829 sicut
3025 1764 3426 1843 interpretati
3459 1777 3708 1825 sumus.
3744 1762 3983 1823 Omnes

715 1867 1067 1944 opiniones
1109 1869 1421 1943 diximus,
1454 1887 1536 1934 ne
1569 1887 1766 1950 quam
1793 1871 2094 1950 ignorent
2127 1869 2431 1932 studiosi.
2467 1865 2667 1929 Nobis
2699 1871 2915 1927 autem
2965 1860 3198 1941 placet,
3237 1866 3309 1922 ut
3341 1861 3552 1920 Donec
3596 1858 3842 1919 ueniam
3878 1856 3985 1919 in-

713 1963 1068 2044 telligatur,
1109 1967 1276 2029 sicut
1313 1966 1795 2048 Chrysostomo,
1832 1968 2056 2030 divino
2087 1975 2147 2029 et
2173 1982 2374 2030 aureo
2405 1964 2504 2026 illi
2536 1963 2659 2036 ori,
2694 1961 2980 2035 videtur,
3012 1975 3143 2021 non
3165 1957 3246 2019 de
3288 1957 3414 2018 vita
3455 1955 3608 2017 :sed
3639 1952 3816 2035 quod
3849 1967 3984 2016 non

712 2062 796 2121 sit
821 2060 1199 2140 jungendus
1234 2065 1443 2126 Petro.
1465 2087 1492 2119 ι
1520 2066 1670 2126 Post
1694 2064 1826 2126 haec
1849 2071 2216 2143 sequuntur
2241 2068 2548 2126 commata
2587 2056 2921 2138 Evangelii
2959 2063 3282 2136 postrema
3311 2054 3467 2128 duo,
3501 2053 3626 2114 Hie
3663 2059 3756 2112 est
3792 2049 3986 2114 disci-

708 2154 906 2236 pulus
936 2159 1206 2236 [XXIII]
1235 2160 1366 2232 ille,
1393 2167 1539 2233 etc.,
1592 2176 1664 2222 ac
1692 2159 1872 2225 hisce
1927 2159 2141 2224 verbis
2199 2159 2429 2238 incipit
2471 2153 2940 2235 Theophylacti
3009 2151 3488 2232 interpretatio,
3525 2150 3793 2225 «Quare
3826 2165 3984 2212 cum

713 2253 936 2316 nullus
966 2255 1506 2334 evangelistarum
1522 2257 1692 2320 alius
1723 2257 1804 2319 de
1829 2275 1900 2319 se
1931 2259 2073 2337 ipso
2098 2256 2459 2335 perhiberet
2482 2252 2953 2324 testimonium,
2985 2249 3093 2313 hic
3110 2249 3190 2312 de
3218 2265 3292 2339 se
3323 2248 3470 2328 ipso
3498 2253 3790 2316 testatur.
3816 2254 3982 2309 etc.»

791 2353 942 2414 Ηωο
983 2369 1132 2415 vero
1167 2363 1486 2432 postrema
1517 2354 2340 2434 Expositionisparslonge
2371 2351 2590 2415 diﬂ‘ert
2621 2350 2688 2412 in
2722 2348 3024 2422 homilia;
3058 2362 3335 2426 eamque
3362 2345 3734 2424 praecedunt
3767 2343 3984 2425 plura,

711 2465 855 2525 qum
886 2451 952 2511 in
984 2450 1459 2514 Commentario
1490 2451 1967 2515 desiderantur.
2003 2452 2100 2515 Ab
2123 2451 2257 2513 illis
2287 2449 2525 2524 verbis,
2560 2447 2694 2508 Alii
2725 2455 2934 2506 autem
2963 2443 3310 2524 afﬁrmant,
3342 2440 3574 2520 incipit
3608 2441 3988 2520 discrepan-

713 2547 819 2606 tia.
843 2548 1311 2626 Nempe,«A|ii
1341 2557 1556 2611 autem
1588 2548 1903 2612 afﬁrmant
1930 2573 1957 2605 ι
1991 2548 2231 2628 (Latina
2264 2547 2562 2609 versione
2596 2553 2764 2616 utor,
2802 2557 2997 2622 quam
3027 2540 3257 2602 doctus
3294 2539 3679 2614 peritusque
3714 2537 3982 2617 lingua-

711 2659 852 2704 rum
883 2644 1326 2720 orientalium,
1356 2646 1722 2709 consodalis
1760 2663 1974 2723 meus,
2003 2644 2374 2708 Bonifacius
2410 2644 2704 2706 Finettus
2727 2638 3086 2717 adornavit)
3131 2661 3160 2695 σι
3188 2655 3336 2700 eum
3373 2638 3631 2716 prOprie
3659 2636 3989 2701 obdormi-

707 2743 879 2803 visse
905 2785 920 2812 ,
960 2758 1080 2803 seu
1113 2751 1437 2806 mortuum
1489 2759 1658 2804 esse.
1699 2743 1952 2806 Etenim
1979 2751 2122 2822 post
2168 2739 2606 2807 Domitianum
2644 2736 2987 2816 imperavit
3044 2737 3252 2797 Nerva
3309 2751 3554 2796 annum
3594 2750 3824 2808 unum,
3865 2736 3985 2816 qui

705 2833 1018 2895 Joannem
1052 2849 1132 2895 ex
1166 2834 1377 2899 insula
1408 2834 1624 2898 Patmo
1669 2845 2060 2910 revocatum,
2093 2837 2388 2916 permisit
2421 2835 2708 2899 habitare
2741 2833 3144 2913 Ephesi.Hic
3173 2845 3322 2895 cum
3352 2829 3534 2894 solus
3560 2847 3642 2894 ex
3674 2832 3984 2896 omnibus

707 2927 1052 3007 discipulis
1088 2937 1421 3007 superstes
1455 2932 1894 3006 remansisset,
1928 2950 2208 3012 cumque
2257 2934 2623 3014 scripsisset
2683 2930 3138 3012 Evangelium,
3167 2930 3235 2992 in
3273 2945 3425 3008 pace
3455 2928 3732 3009 quievit.
3775 2951 3805 2987 ι
3839 2931 3982 3006 Qua

707 3033 786 3092 de
827 3047 893 3092 re
931 3030 1194 3092 Eusebii
1245 3030 1689 3093 testimonium
1719 3031 2065 3094 adducitur
2096 3033 2162 3095 in
2193 3033 2500 3095 Historia
2535 3030 2776 3094 Eccles.
2807 3027 2977 3092 libro
3012 3046 3103 3103 ιιι,
3142 3027 3350 3106 capite
3384 3027 3415 3087 1
3452 3034 3515 3088 et
3545 3027 3648 3102 31,
3692 3026 3983 3109 itemque

704 3124 1060 3204 Polycratis
1090 3126 1523 3205 Ephesiorum
1558 3128 1847 3206 episcopi
1888 3125 2057 3206 apud
2083 3128 2296 3206 ipsum
2330 3128 2691 3193 Eusebium
2732 3124 2900 3190 libro
2934 3135 2997 3202 v',
3032 3126 3242 3205 capite
3269 3123 3372 3198 2h,
3408 3139 3482 3187 ac
3512 3123 3775 3189 demum
3811 3124 3978 3206 Hip-

706 3223 912 3301 polyti
951 3225 1250 3295 Romani,
1313 3243 1429 3287 seu
1465 3225 1868 3298 Portuensis,
1904 3225 1970 3286 in
2000 3225 2318 3303 opusculo
2345 3223 2435 3287 De
2461 3224 2922 3306 praedicatione
2968 3233 3028 3287 et
3082 3222 3262 3286 obitu
3292 3221 3758 3302 apostolorum,
3802 3221 3982 3302 quod

706 3321 995 3401 vulgavit
1030 3323 1338 3402 notisque
1365 3323 1720 3386 illustravit
1743 3323 2126 3386 Franciscus
2161 3323 2604 3388 Combeﬁsius.
2651 3324 2728 3385 Hi
2771 3338 2996 3386 omnes
3031 3320 3151 3382 vita
3179 3318 3416 3398 Ephesi
3455 3320 3768 3401 migrasse
3789 3322 3985 3384 Joan-

707 3435 851 3479 nem
886 3426 1228 3481 testantur.

782 3515 929 3576 Hmc
991 3515 1185 3576 trium
1221 3515 1482 3576 testium
1541 3516 1711 3578 dicta
1765 3515 2012 3578 ibidem
2045 3515 2110 3577 in
2145 3514 2413 3578 humilia
2475 3515 2718 3595 excipit
2758 3513 3312 3594 interpretatioin
3362 3513 3702 3594 Evangelii
3733 3513 3977 3588 locum,

703 3609 887 3687 Quod
916 3612 1125 3672 sieum
1154 3612 1294 3672 colo
1325 3629 1595 3684 manere,
1628 3627 1775 3689 qum
1815 3611 2127 3674 tribuitur
2158 3611 2456 3685 Cmsario,
2479 3612 2777 3692 Gregorii
2815 3611 3207 3675 Nazianzeni
3256 3609 3461 3686 fratri,
3493 3613 3555 3672 in
3587 3611 3978 3687 Quaslioni-

702 3709 817 3770 bus
848 3709 984 3769 sive
1016 3707 1296 3788 Dialogt's
1329 3727 1391 3772 IV
1411 3707 1681 3771 derebus
1710 3709 2037 3788 gravibus.
2068 3710 2360 3771 Prostant
2393 3710 2458 3772 hi
2505 3710 2573 3772 in
2611 3711 3034 3791 Lugdunensi
3063 3710 3460 3772 Bibliotheca
3496 3711 3776 3785 Patrum,
3813 3717 3860 3772 t.
3896 3711 3974 3772 V.

702 3808 770 3870 in
824 3808 950 3868 ﬁne
1009 3805 1249 3883 dialogi
1305 3823 1374 3868 ιιι
1422 3807 1551 3869 hmc
1607 3808 1927 3869 habentur
1960 3848 1977 3882 ,
2035 3823 2181 3886 qum
2229 3815 2378 3868 sunt
2427 3809 2653 3870 eadem
2719 3806 2784 3868 in
2844 3807 3115 3869 homilia
3151 3832 3164 3868 :
3205 3831 3230 3863 α
3274 3808 3616 3881 Quomodo
3669 3809 3854 3870 Petro
3896 3807 3978 3870 de

699 3906 948 3965 Joanne
1011 3903 1409 3983 evangelista
1439 3905 1594 3967 dicit
1633 3904 1977 3978 Dominus,
2035 3902 2221 3980 Quod
2260 3906 2318 3966 si
2345 3906 2604 3966 voluero
2631 3906 2837 3985 ipsum
2872 3923 3144 3980 manere,
3191 3904 3387 3966 donec
3420 3906 3687 3978 veniam,
3711 3903 3867 3984 quid
3896 3903 3984 3966 ad

700 4004 801 4065 te?
826 4002 884 4062 id
925 4003 1096 4081 quod
1124 4003 1386 4078 indicat,
1415 4005 1628 4082 ipsum
1665 4005 1880 4067 vivere
1910 4020 2120 4083 usque
2143 4004 2219 4066 ad
2258 4000 2474 4065 smculi
2501 4001 3150 4063 consummationem.
3184 4001 3374 4061 Resp.
3421 4000 3561 4077 Ipse
3591 4001 3873 4064 Joannes
3905 3999 3977 4064 in

709 4101 1061 4178 Evangelio
1097 4118 1217 4161 suo
1253 4101 1315 4162 id
1354 4103 1519 4163 circa
1555 4102 1747 4163 finem
1777 4101 2150 4172 declaravit,
2210 4100 2436 4162 dicens
2470 4118 2483 4160 :
2518 4099 2762 4161 Etcum
2798 4098 3177 4172 dixissetsi,
3211 4097 3332 4160 hoc
3355 4106 3446 4159 est
3476 4099 3686 4170 Petro,
3721 4117 3979 4179 sequere

699 4215 789 4255 me
827 4218 843 4255 :
877 4214 1214 4257 conversus
1244 4207 1452 4258 autem
1483 4199 1734 4272 Petrus,
1770 4207 1928 4260 etc.:
1968 4198 2502 4278 quandoquidem
2529 4197 2705 4259 enim
2734 4198 2912 4276 ipsos
2942 4195 3263 4275 piscantes
3299 4196 3679 4271 oﬂ'enderat,
3717 4199 3975 4260 Petrum

698 4297 1035 4354 admonuit
1101 4301 1169 4355 ut
1208 4311 1276 4355 sc
1317 4303 1721 4374 sequeretur.
1774 4295 2275 4357 Volebatautem
2308 4295 2422 4355 ille
2460 4302 2521 4356 et
2555 4292 3081 4373 condiscipulum
3115 4308 3243 4354 una
3268 4292 3596 4370 cumipsis
3628 4293 3974 4371 proﬁcisci,

698 4389 984 4469 dicitque
1019 4390 1096 4452 ad
1131 4393 1355 4453 Jesum
1403 4417 1416 4454 :
1458 4393 1748 4467 Domine,
1814 4391 1914 4453 hic
1946 4402 2155 4453 autem
2209 4390 2403 4470 quid?
2431 4392 2638 4464 Quem
2687 4387 2982 4451 indicare
3044 4387 3267 4450 volens
3290 4390 3509 4462 Jesus,
3543 4389 3780 4452 debere
3800 4391 3974 4468 apud

699 4504 868 4550 mare
904 4504 1163 4550 manere
1199 4488 1284 4568 (in
1324 4489 1701 4569 piscatione)
1731 4489 1944 4567 inquit
1993 4491 2100 4550 :Si
2130 4488 2389 4551 voluero
2415 4489 2622 4568 ipsum
2645 4505 2895 4550 manere
2930 4486 3030 4567 (ad
3065 4485 3476 4568 piscantium)
3503 4486 3699 4551 donec
3730 4489 3981 4552 ueniam

697 4587 858 4648 (sive
888 4589 1012 4648 huc
1060 4587 1392 4667 revertar),
1423 4588 1574 4666 quid
1601 4590 1685 4649 ad
1719 4591 1862 4650 te?»

780 4710 1029 4788 Dialogi
1067 4713 1204 4772 loco
1268 4711 1458 4772 citato
1495 4712 1558 4773 in
1602 4712 1997 4774 Bibliotheca
2034 4716 2286 4773 Patrum
2320 4709 2598 4773 Caesario
2632 4709 3038 4778 tribuuntur,
3095 4724 3276 4788 «quo
3315 4718 3604 4791 tempore
3636 4729 3668 4775 a
3703 4709 3978 4776 secretis

698 4817 854 4882 erat,
889 4815 950 4869 et
975 4808 1539 4884 Constantinopoli
1575 4809 1814 4871 docens
1859 4809 2089 4888 viginti
2117 4822 2322 4869 annos
2354 4804 2895 4878 commorabatur.
2924 4825 2951 4856 »
2978 4802 3047 4861 In
3092 4799 3367 4865 homilia
3391 4805 3486 4868 sic
3518 4804 3756 4885 legitur
3784 4827 3799 4866 :
3825 4816 3974 4870 Και-

699 4919 884 4986 σάριος
917 4914 1217 4986 ἐρωτηθεὶς
1239 4916 1296 4966 ὲν
1327 4913 1904 4970 Κωνσταντινουπόλιι
1944 4917 2036 4969 ἐπὶ
2075 4914 2343 4984 συκρέτου
2381 4937 2382 4948 ι

2294 4929 2343 4964 >υ
2381 4908 2693 4979 (σεκρέτου)
2734 4908 2864 4978 περὶ
2893 4908 3109 4975 τούτου,
3145 4903 3462 4966 Caesarius
3535 4906 3977 4982 interrogatus

695 5006 764 5067 de
790 5008 902 5067 hoc
933 5004 1236 5083 privatim
1270 5012 1327 5062 et
1356 5003 1786 5082 familiariter,
1810 5002 2163 5083 respondit.
2189 5005 2378 5063 Voce:

2295 5017 2394 5063 ces
2430 4998 2558 5066 illm
2592 5009 2964 5078 ὲπισικρίτου,
2996 5017 3114 5069 seu
3153 5012 3542 5082 ὲπισεκρέτου,
3574 5002 3978 5082 conjunctim

696 5112 993 5180 sumptae,
1019 5100 1572 5172 sccretarium,vel
1610 5121 1645 5159 α
1690 5103 1944 5162 secretis
1984 5101 2348 5179 signiﬁcant
2389 5110 2494 5162 :at
2522 5111 2742 5165 nostro
2776 5104 2837 5165 i1
2891 5102 3115 5168 codice
3142 5104 3522 5184 disjunctim
3570 5101 3977 5173 scribuntur,

694 5219 764 5261 ac
800 5198 1165 5277 signiﬁcant
1216 5206 1484 5269 secreto,
1518 5215 1630 5258 seu
1656 5198 1987 5276 privatim,
2022 5207 2082 5258 et
2120 5199 2552 5277 fantitiariter,
2579 5199 2926 5262 scitismme
2979 5202 3330 5264 adnotante
3393 5202 3582 5262 Petro
3636 5196 3980 5260 Lambecio

698 5296 862 5356 libro
897 5314 985 5366 iv,
1023 5313 1165 5373 pag.
1199 5294 1300 5362 3‘7,
1340 5294 1448 5354 ubi
1487 5303 1734 5362 caetera,
1770 5312 1912 5372 qua:
1951 5304 2342 5374 sequuntur,
2397 5296 2588 5357 verba
2619 5297 2929 5377 corrigit:
2963 5315 3035 5361 ac
3060 5315 3229 5375 opus
3278 5297 3470 5372 illud,
3505 5295 3704 5359 veluti
3739 5290 3985 5375 genui-

695 5411 848 5455 num
890 5393 1145 5455 Caesarii
1177 5392 1402 5463 fetum,
1431 5391 1628 5452 multa
1654 5392 2345 5453 vindicateruditione.

771 5494 869 5554 51.
906 5496 1004 5554 An
1050 5508 1200 5554 vero
1267 5492 1396 5552 hmc
1432 5492 1959 5570 TheOphylactus
1999 5492 2460 5554 Commentario
2505 5508 2626 5554 suo
2653 5493 2720 5554 in
2749 5495 3057 5556 Joannem
3087 5493 3371 5555 secunda
3398 5508 3591 5553 manu
3625 5489 3977 5566 addiderit,

693 5604 1098 5669 suorumque
1119 5591 1742 5653 Commentariorum
1785 5591 1850 5652 in
1896 5591 2237 5671 Evangelia
2280 5603 2490 5671 partes
2523 5594 2691 5667 illas,
2735 5593 2799 5656 in
2835 5594 3078 5674 quibus
3107 5594 3319 5673 agitur
3356 5594 3436 5656 de
3495 5590 3977 5654 resurrectione

692 5687 979 5754 Domini.
1012 5689 1077 5748 in
1115 5689 1417 5750 undecim
1469 5689 1803 5765 prmdictas
1866 5687 2168 5752 homilias
2205 5691 2568 5770 redegerit?
2595 5692 2844 5751 Pronus
2877 5689 3050 5752 feror
3083 5699 3149 5752 ut
3176 5691 3496 5769 judicem,
3543 5688 3977 5768 posteriorem

689 5783 1064 5864 quempiam
1098 5787 1390 5849 Graecum
1448 5793 1583 5848 tum
1618 5788 1933 5848 Homilies
1969 5788 2032 5848 in
2054 5788 2344 5850 undecim
2381 5790 2700 5868 euangelio
2737 5791 3052 5850 matutina
3085 5790 3599 5851 Resurrectionis
3638 5805 3719 5858 ex
3751 5786 3979 5848 Theo.

687 5878 971 5963 phylacti
1031 5882 1531 5947 Commentariis
1587 5887 2102 5966 transcripsisse,
2152 5898 2285 5951 tum
2338 5898 2724 5968 postremam
2763 5886 3103 5953 invect'ain
3141 5888 3436 5967 ejusdem
3487 5885 3961 5966 Theoiihvlacti
