4262 6432
242 428 316 494 ss
1068 419 1169 484 os
1207 414 1804 486 THEOPHYLACTI
1835 411 2111 477 assus
2150 410 2249 474 ar
2291 405 2665 472 SCRIPTIS.
3444 376 3580 462 ~st'

246 540 464 601 locum
499 532 1004 616 interpolatione
1057 532 1350 595 auxisse.
1381 531 1501 594 Pro
1541 544 1720 592 more
1755 541 1876 590 suo
1923 527 2245 608 Bulgarus
2280 518 2822 616 archiepiscopus
2852 513 3063 616 varias
3092 510 3378 616 aliorum
3421 513 3561 591 Opi-

246 637 484 699 niones
539 609 732 702 refert
780 633 847 696 in
877 629 1380 704 Commentario,
1411 645 1486 692 ac
1521 624 1774 706 praefert
1804 622 1903 685 eis
1948 620 2223 685 Joannis
2255 613 2709 698 Chrysostomi
2760 611 3273 691 expositionem.
3320 609 3556 672 Contra

249 748 496 796 morem
523 730 697 795 hunc
733 729 1040 800 inseruit,
1075 744 1146 790 ac
1181 725 1459 800 addidit,
1493 722 1745 788 scilicet
1770 719 2222 794 interpolator,
2253 711 2633 778 testimonia
2665 708 2966 780 Eusebii,
2989 715 3052 771 et
3075 706 3460 787 Polycratis,
3501 715 3562 768 et

250 828 589 909 Hippolyti
623 827 702 889 de
737 832 942 888 morte
996 823 1269 885 Joannis
1330 818 1758 900 evangelista
1796 837 1812 878 :
1853 831 2223 901 novamque
2281 811 2533 877 invexit
2587 807 2851 909 Cmsarii
2907 803 3555 909 interpretationem.

247 899 416 988 Tum
459 899 612 988 vero
640 922 1155 988 conﬁrmationis
1201 921 1343 984 loco
1380 899 1641 982 adnotat
1681 938 1696 977 :
1735 915 1804 979 in
1836 911 2064 976 multis
2095 899 2346 990 pluries
2379 923 2634 974 errasse
2667 901 3036 982 discipulos
3077 901 3250 961 circa
3284 899 3565 959 interro-

245 1024 539 1104 gationes
585 1021 832 1086 Christi
865 1027 923 1080 et
954 1019 1428 1098 responsiones.
1456 1017 1669 1096 Atque
1726 1014 1996 1076 demum
2053 1007 2441 1087 opinionem
2498 1005 2703 1074 illam,
2735 1017 2951 1104 quam
2988 997 3322 1104 superius
3356 995 3568 1104 Theo-

250 1090 596 1200 phylactus
635 1090 1127 1190 memoraverat,
1165 1121 1228 1176 et
1258 1113 1322 1175 in
1371 1090 1586 1178 medio
1619 1109 1998 1190 reliquerat,
2045 1107 2125 1170 de
2167 1105 2419 1168 Joanne
2475 1099 2884 1200 evangelista
2923 1096 3001 1159 ad
3033 1090 3567 1157 annuntiandum

252 1197 495 1278 Christi
553 1215 904 1278 adventum
963 1228 1112 1276 cum
1181 1208 1452 1272 Henoch
1478 1216 1540 1271 et
1567 1207 1708 1270 Elia
1755 1205 1927 1268 inter
1962 1206 2146 1268 vivos
2201 1207 2560 1270 asservato,
2598 1206 2787 1266 vocat,
2808 1197 2886 1259 ad
2929 1211 3206 1258 examen
3244 1207 3567 1268 :eamque

253 1311 498 1376 refellit
535 1313 744 1392 ipsius
789 1311 1062 1374 Joannis
1103 1307 1576 1372 testimonioin
1610 1303 2004 1386 Apocalypsi
2042 1301 2256 1380 capite
2311 1318 2405 1373 xi,
2437 1303 2496 1373 ᾗ.
2531 1297 2569 1359 3
2607 1304 2670 1358 et
2705 1310 2923 1375 seqq.,
2988 1291 3104 1392 ubi
3147 1289 3426 1392 duos-uin
3462 1303 3570 1348 so-

255 1385 594 1479 lummodo
628 1409 884 1470 testium
934 1405 1184 1469 mentio
1223 1412 1341 1468 est.
1383 1405 1530 1471 Hmc
1560 1385 1716 1465 sane
1755 1385 2189 1464 methoduma
2217 1395 2712 1476 TheOphylacto
2762 1388 3298 1455 constantissime
3333 1385 3567 1448 obser-

254 1515 463 1570 vatam
500 1506 772 1568 minime
806 1504 1098 1582 sapiunt.

333 1605 661 1666 Postrema
695 1579 1067 1683 sequuntur
1099 1598 1446 1681 Evangelii
1478 1598 1846 1662 secundum
1871 1597 2188 1658 Joannem
2222 1593 2541 1652 commata
2559 1585 2694 1683 duo
2723 1607 2738 1645 :
2783 1585 2907 1646 Hic
2926 1592 3016 1644 est
3052 1579 3415 1683 discipulus
3437 1579 3570 1683 ille,

250 1699 366 1782 qui
405 1676 833 1763 testimonium
857 1699 1150 1779 perhibet
1172 1695 1246 1759 de
1266 1676 1391 1772 his,
1423 1705 1548 1762 etc.
1573 1693 1828 1765 Gravis,
1864 1710 1936 1756 ac
1967 1688 2202 1760 solida,
2238 1692 2300 1748 et
2327 1683 2644 1782 historica
2675 1681 2746 1744 in
2784 1676 3574 1782 commentario-legitur

252 1775 705 1880 interpretatio
740 1819 756 1858 :
800 1775 1119 1866 Joannem
1152 1799 1232 1864 de
1262 1796 1486 1874 seipso
1539 1791 1888 1874 perhibere
1930 1782 2413 1856 testimonium,
2442 1797 2597 1880 cum
2625 1778 2687 1843 id
2711 1780 2985 1880 [XXIV]
3009 1775 3575 1880 evangelistarum

252 1874 668 1973 aliusvegerit
695 1911 887 1956 nemo
924 1912 938 1957 :
987 1900 1391 1975 postremum
1434 1890 1670 1963 fuisse,
1709 1886 1828 1970 qui
1858 1881 2294 1963 Evangelium
2326 1879 2670 1954 scriberet,
2697 1894 2732 1940 a
2770 1878 3032 1942 Christo
3070 1874 3426 1975 excitatum
3463 1894 3480 1935 :
3511 1880 3576 1935 et

254 1989 422 2054 hanc
453 1991 538 2054 ob
572 2008 835 2070 causam
887 1973 1058 2072 saepe
1110 1990 1490 2054 dilectionis
1535 1986 1946 2056 meminisse.
1980 1975 2362 2061 quaipsum
2406 1976 2680 2039 divinus
2731 1973 3337 2072 Magisterr‘atio'ne
3371 1988 3576 2072 pecu-

253 2085 403 2150 liari
457 2088 766 2168 dignatus
811 2069 1052 2152 fuerat.
1108 2088 1255 2151 Alia
1289 2095 1390 2151 est
1438 2085 1771 2167 expositio
1803 2082 1873 2156 in
1910 2075 2189 2144 bomilia
2248 2092 2396 2155 quas
2442 2072 2728 2137 violenta
2772 2072 2962 2134 satis
3017 2070 3321 2133 videtur:
3361 2069 3576 2148 «Ego,

254 2183 631 2263 discipulus
671 2184 779 2248 ille
813 2202 847 2247 a
878 2185 1158 2247 Domino
1191 2177 1497 2258 dilectus,
1535 2189 1598 2244 et
1629 2182 1743 2262 qui
1779 2177 2081 2246 recubuit
2106 2190 2310 2254 super
2343 2181 2570 2254 pectus
2624 2172 3072 2242 Dominicum,
3128 2169 3448 2232 conﬁrmo
3477 2184 3578 2229 me

255 2295 406 2340 esse
437 2277 824 2342 moriturum
857 2279 1046 2361 juxta
1088 2285 1336 2344 naturas
1390 2279 1624 2358 legem.
1651 2277 1771 2340 Vel
1809 2277 2000 2340 aliter
2050 2293 2062 2337 :
2109 2272 2225 2335 Ille
2253 2272 2332 2334 ab
2363 2271 2685 2350 apostolis
2751 2268 3168 2348 prmdicatus,
3231 2267 3411 2347 quod
3448 2281 3587 2328 non

256 2383 434 2438 esset
485 2377 863 2452 moriturus,
901 2377 954 2438 is
981 2377 1122 2457 ipse.
1160 2383 1282 2453 est,
1317 2377 1432 2457 qui
1483 2375 1932 2445 testimonium
1992 2369 2295 2456 perhibet
2331 2367 2411 2432 de
2465 2365 2596 2430 his.
2637 2390 2666 2424 ιο
2706 2363 3281 2446 Interpretationis
3344 2379 3584 2425 convc-

257 2471 578 2536 nientiam
615 2490 807 2537 nemo
830 2473 1042 2537 videat
1071 2474 1294 2541 ullam.
1332 2475 1578 2560 Cretera
1611 2481 1765 2536 sunt
1795 2474 1864 2535 in
1898 2468 2372 2538 commentario
2409 2467 2673 2549 egregie
2695 2465 2981 2540 dicta,‘et
3014 2463 3245 2534 latiore
3275 2479 3585 2527 sermone

259 2570 582 2650 exposita.
621 2572 786 2634 Sunt
837 2587 992 2634 vero
1026 2570 1230 2650 levia,
1261 2590 1408 2652 quas
1439 2571 1763 2635 habentur
1797 2571 1860 2634 in
1907 2569 2206 2641 bomilia,
2242 2583 2315 2630 ac
2369 2565 2555 2628 humi
2610 2571 2874 2644 repunt,
2935 2580 3298 2645 pauensque
3362 2561 3591 2626 verbis

260 2668 936 2748 comprehenduntur.
971 2666 1208 2732 Fetura
1237 2669 1442 2732 Graeci
1489 2670 1831 2750 cujusdam
1871 2666 2289 2743 recentioris,
2325 2666 2390 2729 ni
2421 2662 2639 2740 fallor,
2678 2663 2961 2726 maxime
3002 2670 3295 2743 apparet.

1836 2841 1996 2905 XIV.

265 3004 619 3070 Ilomiliam
643 3005 714 3066 in
741 3003 1182 3066 adorationem
1206 3002 1578 3065 veneranda
1601 3003 1813 3064 crucis
1847 2999 2050 3064 medio
2087 3000 2502 3081 Jejuniorum
2545 3009 2829 3081 tempore
2853 2997 3070 3081 Grece
3098 3007 3155 3081 et
3194 2995 3423 3081 Latine
3441 2995 3588 3081 cul-

350 3087 525 3166 gavit
563 3083 840 3166 Iacobus
900 3083 1248 3166 Gretserug
1282 3106 1295 3145 :
1324 3084 1457 3146 alia
1479 3082 1816 3166 inlsanctw
1848 3081 2078 3166 Μανίᾳ
2105 3073 2690 3166 -ξτωξεηεαιίρὴηθηὶ
2713 3083 2782 3142 in
2811 3078 3043 3154 templo
3087 3076 3313 3166 Latine
3351 3073 3522 3138 edita
3552 3095 3591 3166 (ξ

353 3156 702 3228 Τναητίεοο
755 3162 1577 3243 ϐοπιὸθβείοεῐναθηιοηια
1625 3160 1912 3242 epistola:
1953 3159 2036 3221 ad
2092 3159 2435 3222 Nicolaum
2483 3158 2827 3243 diaconum
2853 3168 2930 3243 _et
2968 3157 3387 3243 constrisium
3407 3156 3588 3243 apud

353 3243 806 3306 Leunclavium
829 3245 896 3306 in
923 3237 1084 3305 lure
1127 3237 1676 3306 Graeco-Romano
1734 3264 1753 3302 :
1789 3243 2041 3320 integra
2071 3257 2222 3299 vero
2253 3248 2465 3301 exstat
2490 3240 2560 3301 in
2596 3239 2811 3320 codice
2848 3237 3380 3320 VVindobonensis
3407 3237 3585 3299 Vocis

352 3326 791 3467 zeanstrisii-
826 3322 1202 3464 cfplicatio.
1242 3323 1323 3384 In
1357 3323 1568 3384 eadem
1627 3315 2041 3383 continentur
2067 3321 2251 3381 varia
2296 3338 2431 3398 quae
2489 3319 2665 3408 apud
2697 3319 3185 3397 bibliographos
3221 3315 3591 3395 distingue-

393 3413 590 3467 antur
619 3421 862 3467 onuscu
891 3422 950 3463 a.

393 3413 590 3467 antur
619 3413 950 3484 opuscula.

353 3551 456 3614 52.
498 3548 590 3612 Ad
619 3549 769 3626 alia,
813 3567 962 3631 qum
991 3550 1154 3612 sacri
1188 3550 1558 3628 argumenti
1583 3556 1738 3612 sunt
1763 3546 2112 3628 Opuscula,
2148 3545 2554 3608 recensendo
2597 3563 2972 3608 sermonem
3008 3551 3346 3607 converto.
3379 3545 3601 3606 Homi-

274 3649 430 3712 Iiam
463 3647 533 3708 in
559 3645 998 3709 adorationem
1033 3645 1406 3708 veneranda
1443 3647 1656 3708 crucis
1680 3645 1884 3707 medio
1915 3646 2331 3727 Jejuniorum
2364 3649 2672 3724 tempore,
2730 3643 3088 3724 descripsit
3125 3661 3206 3706 ex
3254 3643 3598 3705 Bavaricov

272 3743 725 3809 Monacbiensi
755 3745 976 3807 codice
1030 3744 1314 3808 Jacobus
1375 3745 1757 3819 Gretserus,
1827 3743 2054 3805 Latine
2093 3742 2312 3818 vertit,
2357 3741 2785 3822 vulgavitque
2819 3743 3041 3804 Graece
3069 3747 3133 3803 et
3166 3740 3392 3802 Latine
3421 3748 3598 3801 tomo

273 3844 332 3906 Il
369 3844 454 3904 De
485 3851 708 3904 sancta
769 3859 979 3916 cruce,
1011 3859 1081 3903 ac
1113 3843 1314 3904 etiam
1359 3842 1534 3905 notis
1585 3840 1960 3904 illustravit.
1997 3841 2285 3903 Adnotat
2321 3840 2494 3902 idem
2553 3840 2910 3907 Gretserus
2951 3839 3123 3901 libro
3155 3857 3199 3913 ι,
3237 3840 3446 3918 capite
3479 3840 3582 3910 67,

278 3941 472 4002 tertia
499 3940 831 4002 Dominica
878 3937 1390 4018 Quadragesimw
1430 3956 1621 4019 agere
1646 3941 1903 4003 Grmcos
1936 3939 2111 4003 diem
2149 3939 2418 4016 festum,
2447 3957 2581 4020 quo
2614 3956 2876 4004 crucem
2913 3939 3317 4002 adorandam
3357 3954 3600 4018 prOpo-

279 4048 447 4101 nunt
478 4054 556 4101 eo
587 4035 720 4100 fere
778 4041 972 4100 modo
1038 4054 1170 4117 quo
1214 4039 1420 4100 Latini
1464 4056 1723 4102 crucem
1764 4040 1842 4100 ad
1875 4039 2335 4102 adorationem
2376 4039 2522 4117 ipso
2581 4039 3043 4102 secretissimae
3076 4039 3470 4100 ParaSreves
3496 4038 3604 4100 die

279 4144 644 4216 exponunt.
697 4136 990 4199 Bituales
1041 4137 1417 4199 Graecorum
1481 4137 1682 4201 libros
1736 4139 1945 4212 affert,
1973 4137 2242 4211 Librum
2281 4139 2507 4201 Sancti
2537 4137 2714 4201 Sabae
2764 4147 2825 4199 et
2876 4139 3216 4200 Triodium
3249 4159 3268 4198 :
3316 4139 3605 4218 citatque

280 4238 640 4316 Georgium
677 4237 999 4300 Codinum
1029 4235 1494 4316 cnropalatam,
1532 4246 1592 4299 et
1626 4241 1845 4300 Patres
1883 4253 2170 4316 quorum
2209 4235 2506 4300 bomiliee
2537 4236 2606 4298 in
2643 4235 2765 4298 hoc
2802 4235 3047 4298 festum
3073 4243 3354 4310 exstant,
3401 4234 3610 4314 Chry-

281 4343 674 4407 sostomum,
710 4334 1178 4413 SOphronium,
1209 4336 1629 4398 Theodorum
1672 4337 2020 4409 Studitam,
2075 4338 2477 4399 Germanum
2537 4335 2972 4416 patriarcham
3003 4336 3606 4416 Constantinopol.,

283 4433 726 4506 Pbilotheum,
753 4425 1198 4513 Xiphilinum,
1224 4432 1810 4513 Theophylactum.
1852 4433 2148 4513 Simplici
2174 4450 2332 4497 voce
2364 4432 2732 4513 appellatur
2772 4437 2949 4514 apud
2982 4432 3311 4497 Codinum
3369 4459 3608 4514 σταυροο

283 4543 688 4612 προσκύνηςις.
724 4533 858 4593 Hoc
895 4546 1066 4592 anno
1099 4532 1254 4592 1753
1310 4531 1679 4593 celebratur
1729 4533 1838 4594 die
1893 4533 1966 4594 1’4
2002 4532 2248 4610 Martii,
2284 4533 2458 4614 stylo
2491 4533 2744 4597 scilicet
2780 4535 3021 4607 veteri;
3051 4537 3242 4614 juxta
3260 4535 3611 4616 Gregorio-

285 4649 436 4694 nam
478 4650 634 4696 vero
667 4630 1172 4697 correctionem.
1208 4630 1314 4692 die
1355 4631 1434 4691 25
1467 4630 1766 4709 ejusdem
1823 4632 2093 4693 mensis.

365 4731 653 4794 Homilia
682 4731 752 4792 in
789 4740 1020 4791 sancta:
1052 4730 1276 4791 Mariae
1311 4729 1883 4790 Prwsentationem
1910 4731 1975 4790 in
2002 4729 2259 4810 templo,
2298 4732 2524 4796 Latine
2573 4731 2908 4805 translata,
2950 4739 3168 4794 exstat
3208 4733 3384 4812 apud
3421 4734 3577 4796 Com

286 4828 791 4890 beﬁsiumtomo
822 4829 970 4889 Vlll
1001 4826 1408 4889 Bibliotheca:
1441 4827 1939 4888 concionatorice
1983 4829 2047 4889 in
2081 4830 2417 4894 mantissa.
2450 4834 2518 4894 ln
2559 4831 2912 4911 opusculo,
2947 4831 3053 4894 cui
3089 4831 3610 4905 titulus,Recen-

286 4929 402 4990 siti
433 4935 726 4987 auctores
760 4924 1164 4987 Bibliotheca:
1197 4925 1468 4986 Patrum
1495 4925 2013 4999 concionutorice,
2059 4926 2246 4988 edito
2315 4928 2587 4991 Parisiis
2625 4929 2805 5002 1662,
2843 4927 2940 4990 sic
2963 4929 3052 4991 ait
3088 4928 3390 4991 laudatus
3425 4932 3616 4992 Com-

289 5026 601 5088 beﬁsius:
661 5026 942 5086 «Praeter
998 5025 1258 5102 vulga‘ta
1292 5022 1763 5102 'l‘heophylacti
1806 5023 2022 5101 Opera
2064 5024 2243 5088 venit
2281 5026 2349 5088 in
2386 5043 2646 5095 manus.
2695 5043 2844 5089 cum
2905 5043 3071 5106 pene
3109 5029 3184 5087 ad
3225 5026 3615 5090 umbilicum

290 5131 589 5203 vergeret
623 5122 1016 5186 Bibliotheca
1047 5124 1182 5187 hmc
1217 5123 1483 5184 Patrum
1513 5122 2020 5195 concionatorin,
2057 5139 2136 5183 ex
2172 5140 2292 5184 ms.
2359 5125 2584 5186 codice
2624 5126 2700 5184 V.
2739 5125 2820 5186 cl.
2875 5124 3228 5203 llaphaelis
3286 5122 3618 5186 Dufresne

294 5231 392 5286 τοῦ
429 5230 759 5304 μακαρίτου,
787 5223 992 5283 oratio
1022 5221 1204 5284 illius
1233 5221 1486 5283 erudita
1513 5219 1750 5298 pieque
1782 5219 2111 5280 insanctm
2143 5220 2370 5282 Mariae
2418 5225 2980 5299 prasentationem’
3002 5226 3068 5285 in
3103 5224 3360 5302 templo,
3391 5223 3618 5288 multis

298 5336 380 5382 eo
408 5326 791 5399 argumento
827 5321 1059 5394 merito
1110 5319 1532 5397 praeferenda,
1568 5335 1762 5397 quam
1821 5323 2153 5394 postremo
2189 5334 2302 5395 per
2329 5319 2706 5380 mantissam
2764 5322 3362 5397 reprmsentandam
3417 5321 3616 5383 duxi-

292 5434 468 5482 mus.
494 5441 523 5474 »
547 5417 704 5495 Ejus
731 5416 923 5479 etiam
955 5417 1144 5478 verba
1179 5434 1305 5479 non
1351 5416 1961 5496 prmterierim,qum
1985 5414 2270 5496 legimus
2299 5415 2364 5478 in
2401 5417 2904 5481 Praefatiuncula
2937 5422 3011 5481 ad
3056 5420 3432 5482 mantissam
3459 5421 3615 5482 tom?

298 5515 440 5577 VIII
474 5514 882 5576 Bibliotheca:
922 5516 1441 5589 concionatorioe,
1478 5539 1507 5574 α
1537 5517 1718 5587 Sero,
1765 5514 2162 5594 inquientis,
2219 5516 2512 5576 advectis
2551 5534 2630 5576 ex
2684 5517 2892 5591 Italia,
2963 5519 3085 5582 viri
3125 5519 3206 5582 cl.
3262 5519 3618 5598 Raphaelis

298 5611 628 5677 Tronchet
663 5611 1013 5685 Dufresne,
1055 5612 1582 5693 Burdvgalensis,
1616 5621 1711 5676 τοῦ
1751 5622 2088 5693 μακαρίτου,
2132 5613 2310 5674 curis
2343 5631 2412 5674 ac
2449 5614 2740 5690 solertia,
2765 5634 2922 5679 mss.
2960 5619 3204 5680 Graecis
3252 5618 3619 5693 codicibus,

303 5728 429 5776 nec
459 5711 705 5790 paucis,
741 5728 859 5773 nec
895 5712 1321 5788 spernendis;
1357 5729 1431 5775 ac
1460 5713 1615 5776 dum
1644 5715 1788 5792 ejus
1828 5712 2251 5774 bibliothecae
2285 5709 2634 5773 licitationi
2663 5715 2997 5795 catalogus
3032 5718 3207 5794 typis
3246 5720 3616 5790 mandatur,

303 5810 652 5874 immatura
714 5806 1028 5871 hactenus
1105 5809 1287 5870 libris
1351 5811 1679 5874 teneriore
1740 5810 1955 5892 ipsius
1985 5809 2166 5890 prole
2201 5827 2215 5882 ;
2253 5808 2414 5871 facta
2483 5814 2909 5891 prOpensius,
2946 5831 3291 5893 generosae
3321 5816 3626 5897 conjugis

316 5907 719 5970 humanitate
750 5907 1102 5971 aclibcrali
1168 5907 1420 5982 indole,
1477 5925 1705 5973 eorum
1750 5909 2066 5988 tantisper
2114 5906 2324 5987 cOpia,
2375 5909 2658 5973 occurrit
2696 5912 2862 5974 intcr
2900 5913 3046 5975 alia.
3090 5961 3102 5976 .
3145 5961 3159 5975 .
3200 5961 3213 5975 .
3258 5957 3271 5972 .
3327 5913 3629 5989 luculen-
