4262 6432
717 397 789 459 95
1542 392 1765 451 BERN.
1810 391 2077 453 MARI/E
2120 392 2217 451 DE
2262 391 2547 454 RUBEIS
2591 391 3099 454 DISSERTATIO
3902 391 3973 455 56

715 515 820 568 tus
858 504 1010 566 satis
1038 501 1390 579 multisque
1424 513 1499 560 eo
1530 503 1912 577 argumento
1941 497 2269 574 productis
2309 498 2567 576 gravior
2607 503 3043 578 undequaque
3073 500 3373 558 tractatus
3407 496 3498 578 (in
3516 499 3970 561 Prasentatio-

713 622 848 663 nem
885 600 1160 676 Virginis
1190 599 1477 676 Deipara
1498 597 1567 656 in
1585 595 1861 673 templo).
1897 595 2215 673 libuitque
2277 595 2374 655 vel
2415 612 2527 672 per
2572 594 2973 668 mantissam,
3008 593 3301 655 omnium
3352 595 3644 670 cumulo,
3691 594 3964 675 jamque

711 697 787 760 ad
821 695 1202 757 umbilicum
1238 693 1538 770 perducta
1569 690 1964 754 Bibliotheca
1996 706 2132 752 mea
2163 689 2671 768 concionatoria],
2706 689 2810 749 hic
2845 690 3191 751 reddere.»

789 793 890 854 53.
928 791 1059 853 Sub
1105 787 1568 866 archiepiscOpi
1637 787 2082 866 Theophylacti
2140 784 2406 847 nomine
2454 792 2660 848 exstat
2699 787 2766 847 in
2827 785 3220 848 bibliotheca
3288 785 3962 850 Casareo-Vindobo-

717 888 902 950 nensi
938 885 1108 962 apud
1138 884 1546 946 Lambecium
1581 883 1747 945 libro
1778 883 1918 956 v,in
1951 883 2171 944 codice
2199 879 2343 953 224,
2372 889 2400 940 ῑ

2287 879 2343 953 4,
2372 889 2686 960 Προσλαλιὰ
2715 890 2824 943 τινὶ
2845 889 2953 943 τῶν
2981 890 3147 944 αὐτοῦ
3200 891 3465 961 ὀμιλιτῶν
3518 891 3648 964 περὶ
3677 886 3756 946 ὧν
3793 895 3964 960 ἐγκα-

709 993 926 1045 λουνται
948 989 1192 1050 Λατίνοι,
1230 981 1604 1042 Dissertatio
1650 979 1790 1058 (seu
1823 976 2227 1058 Alloquium)
2270 977 2352 1036 ad
2383 977 2703 1057 quemdam
2734 997 2996 1038 suorum
3031 979 3456 1057 familiarium
3488 980 3561 1042 de
3580 981 3662 1042 iis
3686 980 3874 1042 rebus
3889 979 3964 1040 ob

707 1097 858 1156 quas
888 1077 1103 1138 Latini
1131 1076 1429 1136 aGracis
1485 1072 2054 1153 reprehenduntur.
2103 1095 2131 1128 α
2167 1072 2490 1145 Meminit,
2535 1072 2752 1150 inquit
2794 1072 3200 1148 Lambecius,
3229 1073 3427 1154 hujus
3466 1075 3963 1137 Dissertationis

711 1176 836 1236 Leo
856 1173 1129 1234 Allatius
1151 1172 1316 1234 libro
1340 1190 1384 1231 ιι
1402 1172 1483 1230 De
1508 1170 1806 1231 Ecclesia
1823 1166 2249 1231 Occidentalis
2265 1177 2322 1229 et
2337 1167 2686 1229 Orientalis
2705 1178 3038 1247 perpetua
3059 1170 3496 1242 consensione,
3517 1172 3722 1248 capite
3742 1173 3835 1245 10,
3855 1173 3960 1247 92,

705 1269 805 1330 his
853 1269 1065 1329 verbis
1101 1286 1114 1328 :
1155 1264 1654 1344 Theophylactus
1697 1265 2016 1342 Bulgaria
2053 1264 2580 1342 archiepiscopus
2735 1265 2995 1342 scripsit
3022 1264 3104 1324 ad
3139 1265 3473 1327 Nicolaum
3529 1265 3864 1326 diaconum
3903 1279 3962 1326 et

702 1374 1116 1430 castrensem.
1177 1362 1290 1442 qui
1349 1369 1568 1440 postea
1615 1359 1738 1423 fuit
1794 1361 2143 1423 Melesoba
2186 1360 2557 1436 episc0pus,
2620 1361 2985 1421 Tractatum
3046 1359 3120 1421 de
3182 1360 3508 1422 erroribus
3549 1361 3952 1423 Latinorum.

704 1461 1006 1538 Ejusdem
1039 1456 1428 1537 Colloquium
1449 1459 1686 1534 [XXV]
1710 1463 1915 1518 exstat
1948 1456 2020 1516 de
2051 1453 2562 1517 accusationibus
2590 1453 2961 1516 Latinorum
2986 1456 3052 1517 in
3083 1455 3473 1533 bibliotheca
3497 1457 3794 1519 Bavarica
3822 1504 3835 1517 .
3878 1503 3891 1518 .
3939 1503 3958 1521 .

701 1559 796 1616 An
855 1555 1032 1616 aliud
1075 1553 1160 1615 sit
1188 1553 1266 1616 ab
1307 1572 1410 1628 eo,
1451 1571 1646 1633 quem
1677 1551 1758 1613 ad
1802 1551 2137 1616 Nicolaum
2188 1550 2450 1628 scripsit
2507 1558 2843 1614 tractatum
2903 1553 3254 1631 expedient
3285 1551 3473 1616 illius
3536 1553 3957 1616 bibliotheca

698 1664 1049 1713 curatores.
1081 1673 1108 1706 ι

775 1749 1081 1828 Epistola
1110 1748 1192 1809 ad
1221 1748 1552 1811 Nicolaum
1583 1747 1918 1809 diaconum
1954 1747 2305 1827 fragmenta
2340 1744 2668 1809 nonnulla
2707 1747 2900 1810 refert
2931 1749 3297 1811 Demetrius
3357 1755 3816 1825 utiomatonus,
3849 1767 3951 1812 ar-
3985 1769 3996 1779 ·

698 1844 1149 1922 cbiepiscopus
1186 1843 1521 1922 Bulgaria,
1547 1843 1611 1904 in
1639 1843 1777 1905 suis
1808 1844 2349 1923 Responsionibus
2381 1843 2462 1904 ad
2491 1845 2979 1907 Constantinum
3002 1845 3380 1922 Cabasilam,
3413 1846 3962 1926 archiepiscopum

695 1941 1062 2017 Dyrrachii,
1098 1941 1266 2020 apud
1303 1938 1765 2002 Leunclavium
1816 1941 1882 2000 in
1921 1942 2082 2000 Jure
2106 1940 2322 2001 Graco
2352 1942 2655 2014 Romano,
2726 1941 2892 2004 libro
2954 1959 3014 2016 ν,
3047 1960 3187 2022 pag.
3231 1940 3371 2002 318.
3414 1944 3565 2004 Hac
3627 1954 3801 2005 vero‘
3829 1942 3964 2006 fra-

695 2046 952 2114 gmenta
985 2037 1214 2096 iisdem
1250 2053 1318 2096 ac
1340 2035 1606 2096 totidem
1634 2036 1844 2096 verbis
1871 2035 1935 2096 in
1971 2035 2266 2112 pradicta
2292 2038 2760 2100 Dissertatione
2788 2038 3130 2101 habentur.
3153 2041 3370 2102 Grace
3399 2040 3962 2118 inscribiturnpoe-

695 2139 877 2205 λαλιὰ,
905 2131 1290 2211 Atloquium,
1326 2149 1445 2193 seu
1470 2130 1860 2210 Colloquium
1897 2152 1918 2192 :
1965 2132 2136 2192 unde
2167 2133 2246 2194 ab
2287 2148 2364 2194 eo
2403 2149 2533 2195 non
2571 2133 2809 2207 diﬂ'ert,
2835 2136 3010 2213 quod
3043 2135 3340 2197 Bavarica
3374 2135 3766 2198 bibliotheca
3803 2135 3956 2199 Col-

695 2226 973 2306 loquium
1005 2234 1246 2289 servat.
1289 2229 1435 2288 Hac
1467 2226 1780 2288 discimus
1814 2227 2030 2288 omnia
2063 2244 2142 2288 ex
2181 2229 2548 2308 apograpbo
2583 2238 2945 2308 pranotata
2975 2232 3483 2308 Dissertationis,
3524 2233 3699 2313 quod
3733 2251 3813 2295 ex
3845 2248 3960 2296 co-

695 2326 834 2386 dice
875 2325 1368 2387 V'indobonensi
1409 2325 1834 2402 descriptum,
1866 2326 2448 2407 transmissumque
2483 2326 2813 2399 Venetias,
2860 2327 3141 2390 vidimus
3176 2335 3235 2389 et
3265 2329 3720 2407 expendimus.

772 2424 871 2485 5ῑι.
905 2426 1118 2486 Graca
1151 2424 1370 2502 operis
1400 2422 1742 2501 inscriptio
1777 2424 1948 2501 apud
2014 2425 2455 2486 Chomatenun

2274 2441 2507 2496 .enum,
2556 2422 2692 2484 hac
2723 2431 2819 2484 est
2858 2445 2873 2484 :
2925 2431 3069 2501 Πρὸς
3103 2430 3371 2484 Νικόλαον
3391 2430 3665 2497 διάκονθν,
3700 2430 3795 2485 καὶ
3827 2449 3957 2486 καν-

695 2531 954 2599 στρίσιον.
998 2521 1262 2582 Latinus
1297 2521 1617 2599 interpres
1662 2521 1878 2596 vertit,
1911 2519 1993 2580 ad
2024 2519 2355 2583 Nicolaum
2389 2519 2722 2580 diaconum
2773 2527 2830 2578 et
2862 2529 3266 2591 castrensem,
3300 2526 3625 2596 postrema
3648 2519 3764 2581 hac
3800 2537 3954 2583 voce

694 2618 1163 2696 maleetinepte
1188 2617 1511 2680 translata.
1541 2619 1766 2680 Petrus
1781 2618 2065 2680 Pithaus
2102 2617 2164 2679 in
2195 2618 2660 2678 Dissertatione
2680 2615 2752 2676 de
2779 2617 3049 2678 historia
3066 2618 3510 2678 controversia
3525 2618 3955 2695 prccessionis

686 2716 970 2794 Spiritus
993 2715 1224 2789 sancti,
1255 2713 1637 2775 vertendum
1668 2713 1969 2775 admonet
1994 2757 2010 2787 ,
2047 2714 2523 2775 canistrarium.
2556 2713 2732 2774 Verti
2792 2713 2982 2773 etiam
3037 2719 3267 2790 potest,
3310 2714 3743 2787 canstrisium,
3782 2719 3953 2774 recte

692 2822 962 2890 utroque
985 2809 1196 2872 modo.
1233 2809 1416 2888 Apud
1456 2809 1773 2872 Codinum
1798 2809 1964 2872 inter
1991 2810 2421 2873 ecclesiastica
2441 2807 2670 2881 oﬂicia,
2699 2810 2763 2870 in
2789 2809 3077 2870 secundo
3095 2809 3396 2888 quinario
3422 2809 3690 2871 habetur
3725 2819 3753 2870 ὀ
3816 2835 3953 2870 καν-

690 2918 954 2987 στρίσιος,
981 2919 1062 2980 εἰς
1093 2917 1154 2969 τὸ
1185 2915 1502 2986 κανστρῖον,
1534 2914 1629 2968 καὶ
1654 2915 1734 2978 εἰς
1759 2915 1820 2967 τὸ
1858 2915 2150 2969 ἀλλάσσειν
2175 2915 2269 2968 τὸν
2302 2915 2373 2983 ἀρ

2268 2937 2269 2952 ι
2302 2915 2596 2985 ἀρχιερέα,
2634 2905 3025 2966 Canstrisius
3062 2907 3342 2966 canistro
3365 2907 3710 2986 prafectus
3742 2913 3856 2980 est,
3890 2915 3951 2967 et

688 3004 1070 3082 patriarcha.
1094 3003 1240 3063 dum
1278 3013 1475 3063 vestes
1505 3011 1730 3078 mutat,
1763 3005 1978 3065 servit.
2014 3006 2084 3065 In
2119 3004 2289 3065 notis
2328 3003 2515 3065 docet
2548 3003 2728 3080 plura
2795 3003 3070 3064 Goarius
3107 3025 3122 3064 :
3160 3027 3188 3059 et
3225 3012 3611 3082 Κανστρήσιος
3647 3018 3935 3082 quoque,

690 3117 939 3163 necnon
977 3108 1352 3179 καστρίνσιος,
1385 3109 1444 3162 et
1480 3108 1846 3179 καστρήνσιος
1875 3099 2188 3178 scriptum
2223 3114 2373 3175 repe

2268 3099 2530 3175 aperies,
2565 3107 2628 3159 et
2664 3114 2778 3176 pro
2813 3098 3006 3159 variis
3038 3100 3277 3162 Gracis
3310 3097 3810 3169 characteribus,
3845 3116 3951 3158 va-

689 3197 780 3258 rie
812 3213 1076 3278 quoque
1111 3197 1333 3258 Latine
1369 3196 1689 3258 redditum
1720 3197 2155 3276 (canstresius,
2187 3196 2592 3268 castrinsius,
2651 3195 3090 3275 castrensius).
3127 3197 3370 3258 Sensus
3403 3194 3796 3273 requiratur,
3835 3192 3947 3255 ubi

688 3293 788 3354 vix
821 3293 1003 3373 juvat
1027 3293 1372 3354 character.
1401 3301 1768 3371 Κανστρῑσιον
1798 3299 2018 3355 ἀπὸτοῦ
2052 3299 2341 3368 κανστρίου

2268 3299 2341 3352 Eou
2374 3291 2616 3352 dictum
2658 3289 2849 3352 video
2886 3290 3152 3372 :(quod)
3191 3294 3384 3371 panis
3437 3290 3750 3353 benedicti
3816 3291 3951 3351 lan-

687 3409 835 3464 cem,
887 3390 984 3452 vel
1025 3390 1241 3467 potius
1264 3391 1470 3452 thuris
1492 3390 1797 3463 arculam,
1829 3392 1926 3452 vel
1961 3389 2245 3469 denique
2274 3387 2624 3449 canistrum
2656 3388 3050 3466 recipiendis
3078 3387 3451 3467 patriarcha
3485 3388 3774 3450 vestibus
3807 3387 3954 3450 ido-

686 3505 884 3549 neum
924 3487 1331 3566 interpretor.
1377 3513 1402 3543 ››

766 3584 995 3646 Utilem
1049 3584 1216 3647 addo
1254 3584 1474 3647 Jacobi
1530 3585 1814 3647 Gretseri
1860 3584 2380 3647 observationem
2425 3607 2505 3645 τι
2543 3585 2916 3647 Bonelidius
2973 3592 3036 3647 in
3075 3588 3225 3647 Jure
3304 3603 3425 3647 suo
3478 3583 3793 3648 Orientali
3847 3601 3955 3645 vo-

685 3693 782 3745 cat
820 3692 1221 3756 castrensem,
1252 3682 1438 3744 male.
1475 3683 1643 3744 Nihil
1687 3682 1858 3746 enim
1894 3682 2016 3743 loci
2051 3686 2394 3742 castrensis
2431 3683 2492 3743 in
2534 3683 2818 3745 Ecclesia
2863 3692 2924 3746 et
2975 3683 3438 3746 ecclesiasticis
3472 3682 3726 3745 ofﬁciis.
3767 3682 3950 3744 Dici-

684 3790 791 3840 tur
826 3795 980 3858 ergo
1018 3781 1423 3854 canstrisius,
1459 3779 1646 3859 quasi
1680 3780 2023 3852 canistrius
2056 3793 2088 3839 a
2120 3779 2423 3840 canistro.
2467 3780 2584 3838 Jus
2638 3779 2695 3840 ei
2729 3789 2860 3842 erat
2921 3790 3002 3853 εἰς
3040 3788 3100 3841 τὸ
3129 3789 3450 3861 κάνστριον,
3485 3779 3698 3858 inquit
3754 3778 3948 3840 Cedi-

683 3895 832 3945 nus.
869 3878 935 3938 in
968 3879 1318 3940 canistrum
1349 3887 1443 3940 καὶ
1478 3887 1558 3948 εἰς
1585 3884 1644 3939 τὸ
1671 3885 1963 3940 ἀλλάσσειν
1986 3883 2075 3936 τὸν
2106 3883 2366 3955 ἀρχιερέα

2272 3883 2372 3953 ρέα
2399 3891 2413 3906 °
2452 3875 2643 3936 etiam
2680 3893 2919 3938 munus
2955 3882 3112 3950 erat,
3143 3875 3588 3954 patriarcham,
3637 3891 3754 3935 seu
3809 3875 3948 3952 epi-

682 3990 972 4050 sc0pum,
1008 3975 1270 4054 quando
1297 3981 1510 4036 vestes
1543 3974 1609 4034 in
1653 3991 1719 4035 re
1758 3973 1978 4034 divina
2011 3971 2376 4050 peragenda
2433 3971 2760 4034 mutanda
2796 3984 3000 4048 erant,
3032 3974 3334 4053 adjuvare
3369 3983 3429 4035 et
3488 3971 3786 4042 induere,
3824 3988 3951 4033 una

680 4086 824 4130 cum
855 4070 1352 4131 hieromemnone
1388 4071 1541 4147 [alio
1577 4069 1857 4142 oliiciali,
1895 4069 2221 4129 canstrisii
2248 4070 2588 4149 adjutore].
2631 4073 2852 4150 Itaque
2889 4073 3216 4133 canstrion
3251 4070 3412 4132 nihil
3458 4069 3636 4132 aliud
3695 4068 3952 4131 videtur

683 4163 786 4226 bic
819 4182 992 4240 esse,
1026 4182 1217 4246 quam
1275 4167 1671 4238 vestiarium,
1708 4182 1825 4226 seu
1863 4165 2041 4226 locus
2096 4165 2373 4228 vestium
2421 4183 2746 4229 sacrarum
2783 4188 2799 4226 :
2836 4175 2898 4230 et
2934 4167 3077 4246 ipse
3131 4167 3510 4228 canstrisius
3552 4164 3716 4227 nihil
3771 4164 3945 4227 aliud

680 4280 874 4342 quam
918 4263 973 4324 is
1007 4263 1121 4340 qui
1157 4263 1327 4324 inter
1368 4262 1680 4340 palatinas
1711 4261 2060 4339 dignitates
2091 4261 2453 4338 appellatur
2481 4264 2846 4323 vestiarius.

753 4361 852 4422 55.
890 4361 958 4421 In
995 4361 1218 4422 eadem
1252 4359 1334 4420 ad
1355 4358 1689 4422 Nicolaum
1713 4357 2047 4419 diaconum
2078 4368 2136 4419 et
2173 4361 2582 4420 canstrisium
2619 4359 2939 4438 Epistola,
2966 4360 3104 4421 sive
3136 4360 3621 4432 Dissertatione,
3655 4358 3794 4418 sitio
3827 4356 3947 4416 Al-

679 4457 1014 4528 locutione,
1047 4457 1185 4519 sive
1219 4455 1572 4535 Colloquio,
1607 4455 1690 4515 iis
1715 4455 1982 4518 omnino
2015 4472 2325 4532 expressa
2365 4455 2578 4518 verbis
2628 4453 2939 4534 leguntur
2967 4455 3356 4536 Argumenta
3387 4453 3605 4516 omnia
3644 4452 3947 4513 adversus

676 4554 1139 4629 processionem
1167 4553 1449 4630 Spiritus
1481 4551 1686 4612 sancti
1724 4569 1803 4611 ea
1834 4551 2023 4612 Patre
2052 4550 2368 4629 Filioque,
2394 4570 2540 4630 qua
2570 4549 2752 4612 all'ert
2783 4567 2929 4612 cum
2952 4551 3090 4612 suis
3109 4549 3634 4614 Refutationibus
3657 4550 3944 4610 Joannes

683 4653 944 4722 Beccus,
983 4649 1334 4728 patriarcha
1367 4647 2148 4726 ConstantinOpolitanus,
2179 4650 2248 4709 in
2300 4646 2602 4708 Oratione
2641 4649 2667 4705 1
2709 4647 2782 4707 de
2807 4648 3040 4708 unione
3065 4645 3519 4720 Ecclesiarum,
3562 4647 3734 4724 apud
3769 4643 3942 4703 Alla-

681 4747 842 4808 tium
879 4755 1049 4808 tomo
1084 4747 1106 4807 l
1146 4746 1400 4807 Gracia
1431 4743 1821 4819 orthodoxa,
1867 4762 1900 4806 a
1933 4761 2074 4822 pag.
2114 4745 2254 4806 215.
2297 4743 2464 4805 Hinc
2506 4741 2774 4804 minime
2820 4743 3248 4805 dubitandum
3307 4751 3418 4805 aut
3474 4741 3941 4820 suSpicandum

679 4846 1106 4920 imposterum
1157 4841 1235 4902 de
1271 4842 1515 4903 unitate
1546 4839 1789 4918 Operis,
1828 4841 2000 4920 quod
2035 4839 2346 4902 hactenus
2386 4841 2468 4900 ob
2506 4840 2715 4900 varios
2751 4840 3089 4918 pradictos
3135 4840 3386 4914 titulos,
3422 4838 3754 4919 Epistola,
3789 4839 3942 4900 Dis-

674 4940 1065 5013 sertationis,
1110 4948 1164 4999 et
1205 4938 1523 5018 Colloquii
1553 4938 1619 5000 in
1655 4937 1837 5016 plura
1876 4940 2196 5017 Opuscula
2243 4936 2776 5000 distribuebatur.

2241 5113 2352 5173 XV-

677 5282 698 5303 ιι
742 5255 931 5344 Regia
964 5253 1296 5352 [Institutio
1341 5252 1485 5352 lia‘d'
1513 5255 1994 5352 constantinum
2029 5259 2647 5352 Porphyrogenituni
2687 5261 2900 5352 Graec
2937 5271 2996 5352 et
3024 5260 3244 5350 Latine
3277 5259 3441 5352 edita
3477 5259 3738 5352 a_l"etra
3773 5259 3934 5352 {fos-

749 5335 911 5418 sino,
955 5342 1006 5418 et
1043 5332 1263 5418 0_ratio
1295 5331 1376 5418 ad
1405 5333 1702 5418 Aleaium
1741 5335 2119 5418 Qomnenum
2151 5331 2596 5418 imperatorem
2623 5340 2689 5400 in
2712 5341 2922 5400 codice
2943 5339 3746 5401 Bavarico-Monachiensi.
3776 5340 3941 5399 Caro

749 5413 916 5471 mina
954 5409 1190 5471 inedita
1223 5422 1277 5470 et
1317 5411 1623 5491 Epistola
1663 5431 1702 5472 a
1735 5414 2012 5478 Baronio
2049 5429 2104 5478 et
2135 5409 2418 5480 Meursio
2458 5419 2748 5498 vulgata.
2789 5418 2996 5496 Opera
3027 5418 3220 5479 dubia
3251 5429 3308 5478 et
3331 5419 3773 5496 supposititia.

751 5563 848 5622 56.
903 5566 992 5622 Ad
1029 5563 1434 5624 humanioris
1473 5567 1846 5630 litteratura
1874 5570 2142 5633 classem
2174 5581 2486 5652 spectant,
2518 5591 2664 5652 qua
2693 5581 3082 5653 sequuntur,
3120 5573 3585 5651 'l‘heopliylacti
3629 5573 3931 5636 lucubra-

667 5661 904 5715 tiones.
941 5657 1151 5717 Primo
1185 5658 1324 5719 loco
1355 5659 1611 5737 Regium
1641 5662 2113 5726 Institutionem
2149 5684 2456 5733 recenseo
2489 5671 2570 5732 ad
2605 5672 3093 5734 Constantinum
3127 5669 3775 5749 Porphyrogenitum,
3818 5673 3938 5730 Mi-

665 5751 907 5814 chaelis
940 5755 1021 5815 IV
1065 5757 1252 5818 Duca
1287 5758 2034 5837 imperatoris,et.\laria
2066 5785 2141 5829 ex
2173 5768 2501 5830 lbercrum
2537 5770 2858 5844 sanguine
2908 5770 3092 5848 regio
3122 5777 3274 5831 sata
3315 5769 3543 5830 ﬁlium.
3581 5768 3938 5829 Praelaris-

673 5852 911 5915 simum
947 5869 1108 5933 Opus
1143 5858 1388 5932 primus
1427 5859 1492 5921 in
1536 5858 1747 5924 lucem
1777 5867 1989 5924 emisit
2034 5865 2256 5928 Petrus
2291 5868 2602 5932 Pessinus
2633 5887 2709 5932 ex
2745 5868 3131 5933 bibliotheca
3180 5867 3560 5930 Florentina
3619 5868 3930 5942 Medicee,
