4262 6432
261 393 332 456 51
1090 393 1190 455 DE
1228 389 1817 456 THEOPHYLACTI
1852 389 2126 452 GESTIS
2157 389 2254 449 ET
2294 387 2666 452 SCRIPTIS.
3459 377 3553 440 .53

265 515 335 568 ut
365 505 669 568 admonet
704 503 772 564 in
807 504 1095 582 Epistola
1125 502 1603 581 nuncupatoria
1633 502 1712 564 ad
1776 497 2180 560 Ludovicum
2215 500 2355 560 XIV
2395 495 2618 558 Gallia:
2642 500 2705 554 et
2772 495 3074 555 Navarraa
3119 504 3338 567 regem
3384 485 3567 548 Clll‘l‘

263 600 764 673 stianissimum,
800 597 973 678 typis
1003 598 1227 680 Regiis
1259 598 1744 661 Parisiensibus
1779 596 1958 664 1651,
1997 594 2160 655 in-ls.
2200 596 2421 655 Latina
2451 592 2669 654 versio
2702 591 2948 669 prodiit
2989 590 3056 650 in
3094 584 3563 666 Lugdunensis

277 696 696 758 Bibliotheca
725 698 982 758 Patrum
1019 703 1192 758 tomo
1225 695 1468 769 XVIII,
1502 709 1772 772 eamque
1813 693 2045 754 iterum
2082 708 2228 753 cum
2268 690 2489 751 Grceco
2523 694 2706 750 textu
2743 685 3032 765 vulgavit
3090 682 3462 746 Bandurius
3494 682 3564 740 in

259 794 542 874 Imperio
581 791 922 855 Orientali.
959 793 1132 854 Duas
1164 791 1234 853 in
1268 800 1480 872 partes
1511 790 1820 853 tribuitur
1852 806 2042 867 opus,
2068 787 2527 866 Panegyricum
2559 786 2867 863 priorem,
2900 783 3162 845 alteram
3199 779 3555 840 Parameti-

259 908 420 951 cam.
468 891 612 963 Quo
645 899 940 968 tempore
974 905 1113 950 eam
1143 889 1674 969 Theophylactus
1717 885 2081 964 scripserit,
2109 885 2398 946 diximus
2448 900 2628 944 num.
2667 882 2728 942 8.

339 987 608 1062 [XXVI]
634 985 965 1047 Orationis
993 984 1075 1045 ad
1100 985 1396 1047 Atearium
1423 985 1804 1047 Comnenum
1838 985 2274 1060 imperatorem
2296 980 2588 1041 meminit
2609 977 2873 1038 Latinus
2897 975 3194 1036 Latinius
3222 973 3284 1033 in
3312 972 3563 1033 Biblio-

232 1084 439 1146 theca
483 1101 672 1144 sacra
735 1087 1036 1164 profana,
1076 1084 1185 1146 ubi
1222 1084 1302 1145 de
1338 1083 1821 1163 TheOphylacto
1856 1082 2012 1160 agit,
2053 1079 2154 1140 his
2194 1077 2408 1137 verbis
2444 1099 2457 1137 :
2505 1099 2533 1131 α
2573 1077 2792 1137 Exstat
2828 1073 2969 1151 ejus
3005 1071 3226 1133 Oratio
3259 1071 3334 1130 ad
3374 1085 3564 1130 eum-

253 1181 402 1241 dem
447 1179 752 1241 Alexium
791 1197 804 1240 :
840 1190 1040 1260 atque
1103 1182 1189 1241 ita
1249 1180 1644 1242 Laurentius
1706 1177 1994 1240 Sifanius
2032 1191 2113 1237 ex
2144 1175 2393 1234 Joanne
2430 1173 2748 1233 Sambuco
2783 1168 3046 1246 scripsit
3083 1169 3145 1227 in
3185 1165 3561 1244 prml'atione

257 1276 867 1338 Commentariorum
898 1275 1361 1355 Theophylacti
1400 1277 1469 1337 in
1500 1275 1659 1335 Acta
1688 1273 2149 1356 apostolorum.
2179 1294 2206 1326 ι›
2234 1270 2698 1348 Apographum
2737 1273 2868 1343 prae
2907 1262 3205 1324 manibus
3233 1261 3462 1332 habeo,
3485 1276 3565 1320 ex

255 1373 481 1435 codice
518 1371 1312 1435 Bavarico-Monachiensi
1355 1373 1776 1451 descriptum,
1812 1369 1985 1452 quod
2034 1368 2257 1429 Latine
2281 1366 2473 1427 vertit
2508 1363 2806 1425 laudatus
2860 1357 3255 1431 consodalis,
3300 1356 3561 1418 Bonifa-

256 1468 402 1530 cius
434 1468 758 1528 Finettus.

338 1563 722 1640 Composuit
757 1561 1209 1642 panegyricum
1246 1560 1408 1622 hanc
1442 1559 1818 1622 Orationem
1845 1566 2068 1621 auctor
2098 1566 2239 1638 post
2279 1557 2521 1619 bellum
2560 1556 2963 1635 Scythicum,
2995 1553 3351 1633 plliresque
3381 1551 3445 1610 in
3484 1565 3561 1609 eo

254 1665 612 1738 reportatas
645 1657 724 1719 ab
757 1658 987 1719 Alexio
1016 1657 1406 1736 imperatore
1438 1655 1768 1717 victorias.
1810 1656 1960 1717 Late
2008 1655 2318 1718 describit
2369 1654 2533 1715 illud
2597 1658 2783 1714 Anna
2835 1653 3168 1713 Comnena
3215 1655 3350 1710 toto
3396 1646 3562 1706 libro

253 1776 345 1819 vn
377 1755 750 1826 Alexiados,
791 1772 863 1816 ac
889 1754 1013 1816 sub
1055 1755 1319 1816 initium
1354 1752 1765 1832 insequentis
1803 1752 1945 1813 libri
1980 1772 2115 1826 vur,
2167 1753 2275 1813 ubi
2305 1753 2582 1830 Augusti
2637 1751 3012 1827 ingressum
3049 1748 3316 1824 Regiam
3355 1744 3420 1804 in
3457 1761 3565 1803 ur-

252 1856 402 1918 bem
433 1854 654 1928 refert,
692 1877 720 1909 ‹ι
768 1853 944 1914 omni
1002 1852 1221 1913 laetitia
1259 1859 1319 1914 et
1376 1849 1814 1929 gratulatione
1851 1872 1880 1906 ››
1915 1852 2333 1912 celebratum.
2373 1849 2616 1910 Eodem
2670 1847 2735 1908 in
2787 1845 2956 1906 libro
3011 1863 3098 1904 vu
3134 1843 3443 1921 legimus,
3483 1840 3562 1900 ad

254 1952 595 2024 Alexium,
629 1950 738 2028 qui
777 1948 1078 2029 augendo
1112 1956 1331 2010 contra
1359 1945 1627 2026 Scythas
1652 1946 1970 2008 exercitui
2007 1963 2267 2024 Operam
2303 1945 2516 2019 dabat,
2554 1944 2815 2006 venisse
2845 1967 2871 1999 α
2903 1942 3226 2005 Flandrizc
3257 1939 3560 2000 comitem

253 2051 642 2122 Robel‘lum,
675 2057 734 2122 ἐξ
777 2054 1175 2126 Ἱεροσολύμων
1201 2053 1667 2124 ἐπανερχόμενον,
1697 2046 1928 2105 Jeroso

1880 2041 2131 2121 ;olymis
2160 2049 2618 2102 revertentem.
2660 2064 2690 2097 ιο
2735 2039 3048 2101 Hancille
3084 2034 3563 2113 peregrinatio-

256 2161 406 2205 nem
445 2151 822 2223 susceperat
853 2143 1176 2205 decennio
1212 2149 1358 2204 ante
1401 2158 1612 2203 sacras
1642 2139 2122 2218 expeditiones,
2156 2153 2327 2197 anno
2360 2136 2612 2197 scilicet
2649 2137 2829 2210 1085,
2873 2154 2904 2196 a
2939 2152 3065 2214 qua
3109 2133 3402 2194 nondum
3457 2149 3559 2190 re.-

255 2239 491 2299 ducein
523 2236 730 2300 fuisse
760 2254 930 2298 anno
960 2238 1114 2300 1089
1146 2246 1369 2299 auctor
1398 2244 1494 2297 est
1530 2234 1813 2313 Majerus
1846 2233 2011 2295 libro
2040 2252 2136 2306 ιιι,
2171 2234 2343 2312 apud
2380 2231 2810 2295 Dufresnium
2855 2232 2924 2294 in
2975 2233 3145 2294 notis
3205 2230 3281 2292 ad
3325 2228 3566 2288 librum

255 2352 348 2398 vu
378 2333 750 2396 Alexiados.
787 2335 1012 2412 Itaque
1046 2341 1190 2412 post
1233 2349 1478 2394 annum
1520 2333 1676 2394 1089
1729 2332 1922 2394 ﬁnem
1985 2331 2210 2394 habuit
2277 2330 2521 2392 bellum
2580 2330 2982 2409 Scythicum,
3020 2347 3230 2409 eoque
3270 2335 3562 2404 tempore

257 2432 502 2509 scripta
534 2429 891 2510 Panegyris
929 2446 962 2490 a
997 2429 1510 2508 TbeOphylacto.

341 2529 414 2590 In
482 2546 556 2590 ea
608 2530 742 2590 haec
791 2529 932 2608 ejus
980 2527 1169 2590 verba
1210 2537 1364 2589 sunt
1401 2549 1414 2588 :
1447 2537 1510 2590 Τί
1540 2537 1617 2608 μὴ
1640 2537 1730 2590 τὸν
1768 2537 2024 2607 βασιλέα

1888 2537 1998 2592 nea
2023 2537 2139 2590 υἱὸν
2167 2535 2261 2590 καὶ
2291 2534 2522 2606 βασιλέα
2561 2536 2878 2606 γνωρίζεις,
2916 2543 3033 2585 cur
3101 2541 3310 2602 regem
3369 2520 3571 2598 ﬁlium

255 2645 391 2688 non
427 2628 759 2688 renuntias
785 2644 1013 2704 regem,
1057 2634 1200 2688 ἀλλὰ
1233 2633 1444 2704 ἀναδύη
1478 2634 1578 2701 τὴν
1611 2635 1938 2707 ποθουμένηι

1894 2653 1960 2707 ην
1990 2634 2339 2706 ἀνάρῤησιν;
2385 2623 2496 2685 sed
2524 2623 2947 2687 desideratam
2988 2623 3300 2683 detractas
3341 2636 3574 2678 renun—

260 2727 591 2787 tiationem
614 2726 678 2786 in
713 2741 928 2804 regem
954 2728 982 2784 ?
1013 2724 1179 2786 Satis
1214 2723 1346 2786 huic
1379 2724 1665 2784 indicant
1697 2725 2015 2785 Joannem
2072 2723 2364 2783 nondum
2397 2739 2430 2782 a
2459 2729 2634 2799 patre
2659 2722 2887 2783 Alexio
2919 2730 3331 2797 assumptum
3364 2716 3572 2780 fuisse

259 2821 331 2880 in
365 2818 767 2881 consortium
809 2816 1093 2892 imperii.
1127 2817 1198 2878 Id
1234 2832 1384 2878 vero
1416 2814 1653 2876 factum
1686 2832 1858 2878 anno
1900 2819 2079 2891 1091,
2112 2827 2181 2881 ut
2215 2817 2408 2880 habet
2443 2817 2701 2897 Pagius,
2736 2834 2882 2878 cum
2915 2826 3195 2894 quatuor
3232 2815 3340 2876 ille
3368 2832 3575 2877 annos

262 2925 455 2978 natus
490 2923 660 2979 esset
701 2940 714 2978 :
750 2914 925 2979 unde
955 2931 1125 2978 anno
1157 2913 1417 2978 circiter
1453 2913 1610 2977 1090
1640 2915 1946 2980 encomio
1984 2932 2107 2980 suo
2133 2915 2434 2978 Alexium
2461 2915 2923 2995 imperatorem
2971 2913 3325 2976 celebravit
3354 2911 3578 2973 Theo-

264 3013 634 3092 phylactus.

341 3113 443 3174 57.
483 3115 670 3188 Apud
708 3109 1033 3172 Labbeum
1069 3109 1134 3172 in
1166 3110 1346 3175 Nova
1378 3111 1776 3177 Bibliotheca
1804 3132 1953 3174 mss.
1990 3121 2169 3193 parte
2204 3130 2291 3185 iv,
2331 3128 2476 3192 pag.
2504 3112 2645 3186 137,
2683 3111 2890 3173 codex
2917 3111 3164 3187 Regius
3194 3115 3578 3169 recensetur

259 3226 412 3272 cum
453 3206 900 3290 Theophylacti
928 3207 1250 3288 Bulgaria:
1283 3210 1761 3294 archiepiscopi
1789 3211 2077 3274 versibus
2129 3209 2584 3271 consolatoriis
2619 3209 2690 3270 in
2741 3206 3131 3269 calamitate.
3200 3204 3578 3267 Carminum

259 3306 521 3388 utique,
555 3324 699 3388 quas
749 3307 888 3384 ipse
949 3307 1282 3379 cecinerit,
1354 3310 1658 3370 meminit
1725 3310 1792 3371 in
1851 3327 1942 3386 ep;

1895 3309 2127 3386 pistola
2192 3308 2365 3369 inter
2415 3307 2823 3368 Meursianas
2856 3306 2936 3366 20
2963 3312 3330 3382 εἮμυνάμην
3374 3310 3578 3380 στίχοις

263 3416 538 3487 ιαμσείοις
569 3413 767 3476 πολλὰς
799 3413 1047 3480 ἐλεγείας
1078 3410 1210 3486 ᾆσαι
1242 3414 1309 3466 δι’
1338 3414 1464 3467 ὅλου
1501 3416 1750 3469 ἐναντίου
1787 3434 1854 3486 με
1890 3436 1946 3472 κο

1890 3419 2434 3488 καταναγκάσαντος,
2471 3408 2849 3488 propulsavi
2878 3405 3264 3467 carminibus
3293 3403 3573 3465 iambicis

259 3505 494 3564 multas
530 3505 759 3582 elegias
784 3521 906 3582 per
949 3521 1187 3563 annum
1221 3521 1445 3564 canere
1477 3514 1759 3566 coactus.

339 3600 782 3680 Epistolarum
829 3601 1119 3679 denique
1153 3601 1412 3662 codices
1441 3601 1574 3661 duo
1604 3601 1740 3662 noti
1773 3609 1951 3676 sunt,
1985 3602 2334 3663 Vaticanus
2367 3609 2435 3663 et
2470 3602 2900 3664 Florentinus
2933 3600 3296 3663 Mediceus.
3323 3600 3417 3658 Ex
3455 3599 3576 3659 isto

261 3697 732 3776 Theophylacti
773 3696 1082 3775 Epistolas
1113 3698 1194 3758 75
1261 3698 1480 3760 Graece
1509 3699 1921 3777 prodierunt,
1953 3707 2222 3761 curante
2283 3702 2536 3762 Joanne
2573 3700 2888 3773 Meursio,
2926 3697 3233 3777 Lugduni
3301 3697 3572 3757 Batavo-

259 3812 404 3855 rum
438 3795 616 3868 1617,
656 3792 816 3866 in-h,
846 3811 916 3854 ac
948 3793 1176 3856 Latine
1210 3795 1280 3855 in
1305 3794 1690 3858 Coloniensi
1729 3804 1790 3857 et
1819 3797 2246 3875 Lugdunensi
2273 3801 2530 3860 Patrum
2554 3797 3009 3871 Bibliothecis,
3037 3799 3393 3875 interprete
3425 3795 3582 3856 Vin-

259 3893 480 3955 centio
516 3892 894 3961 Marinerio,
940 3890 1315 3953 Valentino.
1356 3893 1664 3954 Vaticano
1703 3896 1767 3954 in
1797 3895 2020 3955 codice
2054 3903 2335 3968 exstant,
2361 3897 2639 3957 Baronio
2673 3903 2859 3966 teste,
2896 3895 3207 3972 Epistulae
3239 3895 3572 3973 quinqua-

257 3994 437 4074 ginta
475 4007 731 4062 novem,
762 4008 907 4069 qum
934 3990 1268 4053 Latinitate
1305 4007 1340 4052 a
1362 3991 1600 4053 Jacobo
1633 3992 1979 4054 Sirmondo
2011 3995 2264 4055 donatae
2294 3995 2588 4056 nondum
2627 3994 2840 4055 lucem
2870 3995 3204 4064 viderunt,
3229 3991 3570 4070 aliquibus

259 4097 323 4151 et
355 4089 729 4168 aliquarum
761 4085 1139 4166 fragmentis
1171 4088 1487 4166 exceptis,
1534 4107 1683 4169 quas
1708 4088 2025 4152 Baronius
2063 4089 2249 4152 aIIert
2297 4091 2375 4152 ad
2405 4107 2653 4154 annum
2689 4092 2840 4153 1071
2864 4100 2923 4154 et
2954 4092 3133 4152 1073.
3159 4089 3393 4152 Recole
3428 4106 3574 4168 quae

261 4185 572 4263 superius
601 4184 770 4246 dicta
801 4193 951 4246 sunt
985 4202 1167 4247 num.
1205 4183 1244 4244 ἂ
2095 4263 2098 4266 ἢ

342 4281 682 4345 Pollicitus
713 4280 927 4343 fuerat
959 4281 1256 4344 Labbeus
1291 4282 1359 4344 in
1390 4283 1572 4347 Nova
1617 4283 2016 4346 Bibliotheca
2069 4303 2218 4348 mss.
2266 4283 2580 4348 librorum
2621 4290 2798 4364 parte
2834 4304 2932 4359 III,
2965 4300 3108 4362 pag.
3149 4284 3291 4354 102,
3326 4307 3354 4339 ‹‹
3391 4299 3556 4343 com-

262 4389 638 4459 paraturum
668 4396 738 4440 se
771 4379 1054 4440 Grmcam
1087 4379 1453 4446 editionem
1481 4382 2137 4460 Lugduno-Batavam
2171 4385 2444 4446 Joannis
2473 4385 2751 4447 Meursii
2809 4400 2958 4446 cum
3018 4400 3139 4444 ms.
3179 4381 3430 4454 codice,
3475 4390 3570 4441 at-

261 4493 392 4557 que
421 4475 1024 4553 interpretationem
1053 4476 1384 4538 editurum
1416 4495 1451 4540 a
1477 4480 1551 4539 R.
1588 4483 1656 4540 P.
1691 4481 1931 4545 Jacobo
1977 4482 2324 4544 Sirmondo
2376 4483 2507 4561 jam
2573 4481 2729 4543 olim
2791 4480 3244 4543 concinnatam
3279 4504 3294 4551 ;
3337 4501 3364 4533 »
3401 4479 3576 4557 quod

262 4577 406 4653 ipse
433 4579 542 4635 aut
575 4580 775 4634 morte
809 4580 1200 4651 prteventus,
1243 4579 1355 4636 aut
1384 4575 1793 4655 gravioribus
1833 4580 2115 4659 negotiis
2158 4577 2519 4658 implicitus
2554 4579 2827 4641 minime
2861 4576 3189 4657 praestitit.
3225 4576 3482 4637 Utinam
3511 4574 3575 4636 id

266 4670 484 4751 perﬁci
519 4669 871 4750 aliquando
911 4677 1130 4749 queat.
2048 4685 2057 4694 ο

344 4792 447 4854 58.
480 4793 551 4852 Iu
595 4797 896 4853 veterum
930 4791 1186 4852 Patrum
1221 4789 1642 4854 Bibliothccis
1674 4792 2111 4872 fragmentum
2149 4799 2390 4872 prostat
2423 4793 2548 4856 sub
2589 4792 2858 4855 nomine
2922 4791 3421 4870 Theophylacti,
3479 4791 3580 4853 in-

261 4891 576 4970 scriptum
619 4890 707 4949 De
738 4891 880 4949 risu
904 4897 959 4946 et
997 4888 1585 4966 vociferationibus.
1621 4893 1874 4952 Prmstat
1926 4892 2090 4952 illud
2159 4891 2619 4970 Lugdunensis
2654 4890 3056 4953 Bibliotheca
3110 4890 3370 4952 Patrum
3413 4900 3455 4951 t.
3498 4891 3573 4958 ν,

264 5005 410 5069 pag.
464 4986 639 5047 1211i.
675 4988 942 5064 Nempe,
977 5007 1006 5041 «
1039 4985 1216 5058 Quin
1267 4994 1331 5046 et
1384 4985 1558 5047 hunc
1610 5004 1853 5048 morem
1913 4990 2306 5063 introduxit,
2338 4991 2452 5070 qui
2520 4989 2716 5051 hodie
2751 4989 3028 5060 obtinet,
3057 4986 3232 5066 quod
3271 4988 3338 5047 in
3363 4985 3580 5063 splen-

263 5088 438 5150 didis
471 5097 660 5165 atque
693 5083 1100 5146 solemnibus
1143 5083 1608 5146 festivitatibus
1643 5087 1776 5148 Deo
1813 5095 1876 5148 et
1907 5095 2279 5148 sanctorum
2311 5087 2746 5150 recordationi
2775 5088 2840 5148 ﬁt
2879 5086 3277 5148 contumelia
3313 5101 3424 5162 per
3453 5082 3570 5146 fue-
3640 5104 3646 5109 ·

264 5186 378 5246 das
407 5185 788 5257 cantilenas,
815 5191 876 5244 et
903 5182 1098 5256 risus,
1129 5191 1189 5243 et
1216 5183 1479 5244 insanos
1514 5183 1850 5255 clamores,
1887 5185 2130 5263 quibus
2167 5186 2482 5247 adhibitis
2510 5185 2717 5247 sancti
2769 5183 2996 5264 hymni
3031 5189 3398 5244 cantantur.
3425 5181 3577 5243 Plii-

267 5284 489 5360 lippus
533 5280 827 5342 Labbeus
875 5281 950 5341 in
978 5296 1094 5342 sua
1127 5281 1201 5341 ad
1237 5279 1706 5341 Bellarminum
1736 5281 1816 5343 de
1848 5283 2284 5359 scriptoribus
2339 5281 2809 5344 ecclesiasticis
2871 5281 3185 5342 historica
3253 5280 3576 5340 Disserta-

267 5381 446 5440 tione
480 5378 575 5439 sic
611 5378 698 5439 ait
735 5399 747 5438 :
797 5375 837 5433 «⁷
866 5379 1021 5457 Ejus
1052 5377 1535 5455 [Theophylacti
1559 5378 1884 5462 Bulgaria:
1930 5381 2430 5458 archiepiscOpi]
2483 5378 2839 5440 alteriusve
2873 5377 3375 5457 TheOpbylacti,
3410 5374 3576 5438 forte

264 5480 658 5546 Simocattw,
715 5474 1067 5536 dicendum
1103 5475 1187 5535 sit
1227 5472 1658 5552 fragmentum
1695 5476 1780 5535 Dc
1813 5479 1953 5538 risu
1981 5487 2038 5536 et
2070 5477 2645 5556 voriferationibus
2680 5475 2964 5537 infestis
3001 5483 3406 5542 sanctorum,
3439 5491 3577 5532 am-

265 5575 441 5652 bigo.
487 5597 514 5628 ››
548 5576 637 5634 De
671 5571 1158 5650 TlieOphyIacto
1192 5571 1529 5634 Simocatta
1599 5574 1987 5652 diligentius
2040 5575 2169 5652 agit
2212 5577 2403 5635 Joan.
2441 5574 2748 5635 Albertus
2806 5572 3146 5634 Fabricius
3210 5571 3273 5629 in
3338 5568 3578 5629 Biblio-

265 5677 441 5733 theca
471 5670 692 5733 Graeca
725 5669 1061 5731 volumine
1091 5671 1201 5744 VI,
1239 5677 1547 5747 notatque
1616 5671 1920 5733 ﬂoruisse
1981 5673 2200 5749 ipsum
2257 5674 2559 5732 extremis
2618 5672 2912 5734 Heraclii
2959 5668 3373 5749 imperatoris
3427 5674 3578 5726 tem-

263 5769 534 5848 poribus
557 5788 628 5830 ac
662 5768 977 5847 deinceps.
1039 5769 1156 5829 Pro
1193 5766 1689 5846 διύῒιίθυὶδυοιιο
1725 5769 1988 5830 demum
2017 5767 2338 5846 Bulgaria)
2363 5769 2692 5848 judicium
2750 5773 2875 5834 fert
2924 5768 3232 5830 laudatus
3284 5763 3577 5825 Labbeus

267 5875 331 5931 in
367 5869 769 5945 Addcttdis,«
800 5867 1312 5948 Archieplscopo
1337 5865 1702 5931 Arhridano
1740 5868 1977 5947 potius,
2019 5865 2355 5947 inquiens,
2392 5887 2587 5949 quam
2619 5871 2868 5936 caneris
2889 5864 3418 5949 Tlieophyldcliss
3448 5862 3578 5925 ΓΜ·
