4262 6432
689 446 761 514 59
1532 430 1765 495 BERN.
1805 425 2073 491 MARIB
2114 424 2212 490 DE
2251 422 2372 486 ΒΗ]

2267 419 2539 486 RUBEIS
2578 410 3090 483 DISSBRTATIO
3874 399 3950 471 ω

690 561 1019 638 gmentum
1052 549 1216 614 illud
1264 546 1771 628 adjudicandum
1816 558 2083 614 censeo,
2118 540 2295 618 quod
2347 538 2413 598 in
2468 532 2884 638 Bibliothecis
2941 529 3266 601 Veterum,
3308 526 3566 587 Patrum
3618 518 3948 586 occurrit:

690 628 863 731 διάη
893 658 948 710 et
995 649 1157 710 hunc
1191 664 1423 707 morem
1459 640 1829 705 introduxit
1870 664 1899 698 ι
1932 646 2051 702 etc.
2084 640 2113 700 J
2127 634 2418 697 udicium
2448 647 2567 712 ego
2596 628 3018 707 suspendam.

771 747 1080 807 Memorat
1112 742 1280 803 idem
1308 739 1599 805 Labbeus
1631 737 2061 817 fragmentum
2091 730 2269 793 aliud
2303 726 2769 808 TbeOphylacti
2824 724 2898 785 de
2928 721 3305 817 Nicephorog
3335 718 3713 817 confessore,
3748 713 3950 776 veluti

690 840 1108 905 Bibliothecis
1146 841 1395 899 Patrum
1429 810 1798 897 inscrtum':
1830 830 1997 912 quod
2059 829 2169 909 (ait
2205 825 2541 889 Fabricius
2592 824 2658 885 in
2717 818 3200 900 Theophylacto
3226 810 3610 912 .Simocatta)
3645 829 3955 912 nusquam

694 939 965 1017 reperio.
1007 939 1306 997 Sanctum
1341 932 1777 1011 Nicephorum
1806 906 2224 1006 patriarcham
2264 918 3048 997 Constantinopolitanum
3101 906 3417 1017 intellige,
3461 910 3579 990 qui
3611 909 3693 971 ob
3732 924 3938 969 sacra-

694 1006 831 1098 ru-m
868 1034 1224 1112 imaginum
1258 1006 1605 1095 cultum—in
1645 1027 1948 1091 exsilium
1981 1022 2237 1103 pulsus,
2266 1020 2389 1083 vita
2420 1016 2718 1112 migravit
2750 1012 3253 1112 [XXVAIllanno
3283 1006 3549 1112 82B._I?e
3578 1006 3722 1112 ipso
3750 1008 3956 1112 agunt

692 1099 1489 1193 Bollandicontinuatores
1529 1127 1605 1187 ad
1648 1125 1823 1187 diem
1860 1099 2209 1184 xui-Martii
2242 1138 2258 1191 ;
2292 1131 2507 1193 neque
2538 1110 2827 1173 indicant
2850 1107 3189 1188 quidpiam
3224 1102 3398 1184 quod
3431 1099 3955 1179 Theophylactus

688 1225 765 1284 de
789 1239 867 1283 eo
905 1218 1261 1284 scribserit.

789 1242 867 1283 eo
905 1242 1024 1283 scr:
1060 1242 1261 1282 iserit.

771 1242 1162 1379 Possevijius
1212 1314 1354 1393 ejus
1390 1314 1601 1391 Opera
1639 1312 1705 1373 in
1733 1310 2070 1391 Apparatu
2098 1323 2280 1367 sacro
2314 1318 2665 1366 recensens
2698 1308 2874 1363 tomo
2906 1300 2990 1372 ll,
3037 1297 3136 1360 sic
3185 1297 3274 1359 ait
3310 1313 3323 1357 :
3360 1318 3389 1352 α
3418 1290 3871 1356 Commentarii
3890 1304 3957 1349 et

691 1413 1145 1477 Enarrationes
1173 1385 1634 1490 in'propltetas,
1662 1385 1883 1488 juncta
1917 1402 2351 1483 explicatione
2384 1400 2451 1460 in
2480 1398 2862 1461 Psalterium
2897 1392 3186 1470 Davidis,
3215 1398 3395 1455 erant
3431 1406 3585 1451 mss.
3623 1387 3688 1448 in
3726 1385 3965 1448 biblio-

692 1514 869 1575 theca
902 1487 1500 1589 imperialiVien—naa
1518 1487 1857 1570 Austrim.»
1878 1506 1967 1566 Ne
1995 1502 2297 1578 cuiquam
2329 1494 2549 1557 fucum
2584 1495 2715 1556 hac
2738 1491 2971 1555 faciant
2994 1490 3187 1553 verba
3212 1534 3229 1563 ,
3262 1487 3771 1551 animadvertere
3793 1497 3960 1559 opus

689 1614 809 1679 cst,
858 1578 1128 1667 indicari
1154 1578 1441 1665 codicem
1466 1604 1584 1663 216
1612 1602 1783 1679 apud
1822 1596 2231 1662 Lambecium
2266 1590 2434 1654 libro
2470 1610 2525 1662 v,
2570 1591 2638 1655 in
2678 1604 2812 1669 quo
2871 1587 3082 1667 primo
3117 1592 3467 1649 occurrunt
3516 1578 3966 1679 Bulgariaa_ar-

584 1782 589 1789 ἱ
688 1673 1085 1779 chiepiscopi
1117 1698 1583 1775 TbeOphylacti
1621 1673 2084 1776 Expositione:
2121 1692 2192 1752 in
2221 1688 2493 1789 quinque
2518 1688 2890 1769 prophetas,
2930 1684 3163 1763 utique
3222 1682 3519 1752 minores,
3550 1675 3792 1789 Useam,
3825 1673 3962 1735 Ha-

683 1771 903 1872 bacuc,
936 1771 1185 1868 Ionam,
1220 1771 1466 1857 Nahum
1504 1803 1561 1854 et
1595 1771 1941 1855 Micbatam.
1976 1795 2219 1853 Prostat
2280 1782 2518 1848 deinde
2560 1802 2594 1847 a
2622 1784 2741 1847 fol.
2774 1781 2920 1857 218,
2970 1779 3318 1859 Nicephori
3362 1771 3721 1872 Blemmidw
3762 1787 3963 1872 eis-po-

684 1895 834 1955 sitio
963 1863 1347 1954 Psalterium
1370 1892 1671 1959 Davidis;
1700 1898 1762 1953 et
1783 1906 1819 1952 a
1838 1888 1950 1951 fol.
1982 1889 2123 1964 356,
2152 1885 2444 1970 ejusdem
2470 1880 2825 1943 Blemmidte
2870 1878 3187 1959 expositio
3224 1878 3293 1938 in
3321 1870 3748 1980 Appendicem
3778 1863 3966 1980 Ps‘al-

687 1992 837 2052 terii
856 1976 1168 2061 Davidici,
1207 2004 1436 2065 nempe
1477 1989 1546 2051 in
1583 1958 1868 2052 Cantica.
1903 1958 2136 2051 Caveat
2174 1958 2355 2066 ergo,
2399 1980 2515 2067 qui
2569 1975 2905 2040 Possevini
2952 1958 3143 2037 verba
3187 1971 3441 2052 legerit,
3483 1958 3576 2030 'ne
3619 1961 3967 2042 TbeoPhy-

687 2088 851 2149 iacto
885 2095 1107 2149 nostro
1140 2086 1335 2146 ullam
1365 2087 1433 2146 in
1455 2085 1736 2146 Psalmos
1771 2088 1851 2165 (a)
1887 2097 1949 2148 et
1973 2086 2237 2149 Cantica
2274 2076 2749 2161 expositionem
2786 2071 3085 2134 ascribat.

772 2186 839 2246 In
872 2186 1113 2246 Veneta
1147 2184 1356 2244 Sancti
1392 2183 1586 2245 Marci
1644 2156 2038 2246 Bibliotheca
2079 2185 2291 2246 codex
2348 2156 2557 2241 exstat
2588 2186 2767 2235 num.
2816 2168 2897 2230 26
2959 2167 3027 2229 in
3089 2181 3220 2245 quo
3252 2169 3396 2243 post
3442 2156 3960 2224 Commentarios

693 2280 1156 2360 TheOphylacti
1195 2280 1262 2339 in
1300 2281 1575 2358 quinque
1611 2282 1961 2359 prophetas
2002 2282 2295 2349 minores,
2344 2293 2376 2354 p

2279 2326 2295 2349 ,
2344 2269 2604 2354 prostat,
2633 2277 2882 2347 Νικήτου
2910 2271 3215 2326 ἐπισκόπου
3250 2262 3771 2360 τῆς-μητροπρλεως
3806 2258 3962 2360 iuu-

691 2389 900 2443 πάκτου
924 2390 1233 2458 σύνταγμα,
1296 2347 1530 2442 Νἰεείω
1611 2347 1894 2457 bnis-copi
1962 2347 2374 2454 metropoleos

2283 2347 2378 2435 eos
2437 2366 2761 2447 Naupacti
2809 2364 3152 2441 Syntagma
3198 2357 3270 2418 in
3335 2352 3748 2432 Ecangelium
3795 2347 3966 2411 Mat-

694 2483 858 2553 thwi,
897 2449 1231 2544 collectum
1292 2482 1610 2562 pracipue
1640 2449 1719 2541 ea:
1754 2449 2391 2558 interpretationibus
2453 2466 2887 2548 Chrysostomi
2934 2461 3329 2562 aliorumque
3376 2455 3792 2562 diversorum.
3830 2449 3955 2557 sed

694 2596 903 2657 neque
959 2545 1427 2658 Chrysostoini,
1490 2545 1703 2656 neque
1758 2545 2054 2638 veterum
2119 2574 2395 2637 aliorum
2453 2545 2877 2645 interpretum
2924 2557 3189 2623 nomina
3242 2552 3724 2632 exprimuntur,
3772 2554 3841 2609 ut
3894 2545 3967 2608 in

692 2654 946 2739 Catenis
1018 2654 1153 2738 ﬁeri
1180 2677 1365 2738 solet.
1434 2654 1819 2737 Prommium
1892 2672 2161 2750 incipit:
2201 2678 2349 2732 Ἔδει

2280 2678 2349 2732 5st
2388 2676 2483 2747 μιν
2523 2674 2670 2745 ἡμᾶς
2710 2671 2785 2741 μὴ
2811 2665 3022 2722 δεῖσθαι
3050 2661 3154 2734 τῆς
3317 2657 3429 2713 τῶν
3452 2654 3963 2750 γραμμάτων-βίη-

691 2778 860 2843 θειας.
910 2772 1087 2833 Idem
1146 2780 1240 2833 est
1299 2786 1442 2833 cum
1486 2787 1564 2832 eo
1604 2768 1776 2849 quod
1810 2746 2064 2830 Catena;
2118 2746 2485 2828 sanctorum
2517 2763 2773 2822 Patrum
2812 2756 2880 2818 in
2921 2748 3350 2831 Evangelium
3402 2746 3762 2849 secundum
3808 2746 3971 2810 Mat-

690 2870 925 2933 thmum
968 2871 1364 2947 praemissum
1403 2842 1641 2947 legitur
1674 2867 1735 2927 in
1762 2866 2086 2946 Symbolis
2127 2866 2495 2927 Graecorum
2528 2864 2781 2922 Patrum
2807 2871 2839 2917 a
2872 2856 3058 2917 Petro
3093 2846 3367 2947 Possino
3402 2842 3683 2924 vulgatis
3718 2852 3890 2907 tomo
3914 2845 3966 2913 ι.

703 2968 823 3030 Sed
872 2942 1017 3047 qua;
1078 2967 1314 3028 Catena
1362 2942 1494 3026 hoc
1521 2964 1661 3025 loco
1698 2942 2036 3041 sequitur,
2068 2962 2335 3023 omnino
2358 2959 2566 3021 differt
2598 2973 2632 3018 a
2670 2956 3109 3034 Syntagmate.
3151 2948 3222 3009 In
3252 2943 3529 3024 hujusce
3580 2942 3774 3004 initio
3805 2959 3974 3008 nou-

694 3064 871 3124 nulla
897 3042 1273 3135 occurrunt,
1307 3078 1450 3141 quae
1479 3068 1630 3121 sunt
1661 3074 1926 3137 prorsus
1954 3058 2179 3122 eadem
2219 3074 2363 3119 cum
2393 3052 2877 3133 TheOpbylacti
2911 3043 3420 3110 Commentario.
3454 3042 3601 3116 Quo
3624 3057 3695 3106 se
3728 3059 3830 3105 res
3858 3042 3977 3108 ba-

691 3160 835 3223 beat
866 3164 1077 3230 modo,
1117 3139 1407 3237 patefacit
1435 3164 1578 3219 nota
1612 3157 1829 3219 Graece
1860 3155 2095 3233 scripta
2128 3154 2195 3215 in
2237 3154 2533 3232 ejusdem
2568 3149 2818 3214 codicis
2855 3144 3018 3211 folio
3048 3143 3150 3215 ϐίω,
3178 3158 3402 3223 quam,
3435 3140 3640 3203 veluti
3670 3141 3837 3203 scitu
3870 3139 3975 3204 di-

691 3262 1088 3338 gnissimam,
1119 3259 1336 3320 Grmce
1374 3262 1434 3318 et
1472 3255 1687 3316 Latine
1715 3253 1883 3334 juris
1912 3252 2152 3330 publici
2184 3249 2394 3314 fecere
2420 3251 2666 3313 clariss.
2700 3246 2985 3310 editores
3019 3240 3253 3306 erctc
3304 3239 3451 3301 Divi
3481 3239 3685 3302 Marci
3717 3237 3970 3306 Biblio-

691 3336 878 3418 theca:
908 3357 969 3417 in
1019 3355 1162 3434 ejus
1192 3353 1435 3416 codicis
1471 3351 1874 3413 recensione.
1906 3349 2125 3410 Latina
2156 3348 2606 3426 interpretatio
2636 3352 2777 3407 est:
2818 3344 2895 3406 In
2946 3339 3079 3406 alio
3116 3337 3279 3400 libro
3336 3336 3548 3399 inveni
3599 3338 3972 3414 prementem

692 3428 1153 3531 expositionem
1183 3450 1294 3511 sub
1316 3450 1565 3511 nomine
1591 3447 1907 3525 Bulgaria
1946 3446 2248 3525 episcopi,
2282 3444 2522 3505 scilicet
2576 3441 2817 3503 domini
2865 3434 3317 3516 Theophylacti
3350 3454 3369 3494 :
3402 3451 3534 3512 qua!
3558 3428 3769 3493 autem
3833 3440 3975 3494 erat

692 3528 900 3612 iniillo
934 3549 1120 3620 libro,
1156 3567 1291 3607 cum
1322 3548 1433 3606 hac
1459 3545 1860 3607 conveniebat
1893 3544 2080 3605 initio
2110 3542 2439 3621 praecipue
2469 3561 2489 3601 :
2517 3554 2871 3617 progressu
2926 3551 3079 3596 vero
3124 3528 3555 3611 discrepabat.
3620 3528 3831 3606 Quare
3864 3546 3975 3590 ar-

643 3661 647 3666 ‘
692 3647 923 3719 bitror,
956 3647 1115 3706 hanc
1147 3645 1465 3722 Naupacti
1518 3644 1810 3722 episcopo
1837 3640 2288 3722 adjudicatam,
2336 3638 2444 3715 qui
2491 3636 2685 3714 plura
2716 3640 3040 3693 mutuatus
3072 3630 3201 3709 fuit
3243 3648 3281 3690 α
3320 3630 3371 3691 Τ
3373 3625 3811 3707 heophylacto,
3844 3626 3973 3687 sive

695 3744 1141 3823 Chrysostomo
1182 3764 1201 3802 :
1234 3739 1733 3820 quandoquidem
1773 3749 1831 3799 et
1867 3738 2192 3817 posterior
2228 3743 2503 3811 tempore
2531 3731 2662 3810 fuit
2697 3725 3187 3806 Theopbylacto.
3223 3726 3363 3786 Jam
3388 3730 3595 3823 patet,
3632 3722 3971 3802 aliquibus

697 3841 777 3907 in,
803 3818 1151 3903 codicibus
1178 3818 1633 3920 Expositiones
1664 3846 1953 3915 prostare
1988 3834 2111 3897 sub
2144 3832 2404 3895 nomine
2431 3824 2925 3906 'l‘heonylacti,
2952 3837 3281 3901 perperam
3310 3819 3561 3883 scilicet
3582 3818 3793 3881 eidem
3820 3836 3979 3896 sup.

694 3950 959 4019 posuas.

778 4040 1021 4099 Auctor
1050 4037 1483 4115 Syntagmatis
1521 4036 1582 4097 in
1625 4040 1772 4095 nota
1806 4032 2043 4094 dicitur
2080 4029 2336 4093 Nicetas
2370 4025 2702 4102 episcopus
2729 4014 3147 4095 metropoleos
3168 4012 3516 4094 Naupacti.
3545 4014 3734 4092 Apud
3761 4014 3975 4077 Mont-

692 4133 1066 4196 fauconium
1101 4112 1172 4195 in
1218 4112 1611 4195 Bibliotheca
1639 4131 2179 4193 Bibliothecarum
2208 4142 2355 4185 mss.
2403 4128 2577 4184 tomo
2612 4121 2661 4194 l,
2697 4134 2844 4196 pag.
2872 4118 2973 4188 27,
3013 4116 3135 4176 col.
3178 4114 3239 4186 2,
3276 4130 3565 4193 sequens
3596 4112 3837 4193 legitur
3870 4114 3973 4177 in-

694 4231 962 4307 scriptio
997 4232 1164 4291 inter
1208 4230 1464 4291 codices
1497 4228 1735 4306 reginae
1766 4227 2010 4288 Suecite
2044 4226 2108 4284 in
2153 4224 2455 4285 Vaticana
2490 4242 2502 4280 :
2545 4218 2782 4281 Nicetw
2846 4212 3126 4292 episcopi
3164 4211 3521 4288 nuncupati
3556 4211 3875 4289 expositio
3907 4212 3979 4275 in

689 4337 968 4407 quatuor
996 4326 1400 4405 Evangelia;
1450 4326 1559 4387 ubi
1605 4340 1823 4386 vocem
1858 4321 2213 4400 nuncupati
2248 4319 2517 4397 positam
2550 4330 2663 4392 pro
2696 4310 3041 4389 Naupacti,
3088 4307 3429 4369 verisimili
3462 4308 3837 4386 conjectura
3857 4309 3975 4370 ad-

696 4404 915 4488 notant
953 4404 1579 4486 laudatiMarciantc
1612 4420 1849 4481 Venette
1886 4416 2289 4479 Bibliotheca:
2323 4414 2636 4477 editores.
2689 4408 2978 4488 Hujusce
3032 4404 3271 4467 Nicette
3316 4404 3750 4481 metropoleos
3808 4407 3980 4468 Nau-
4028 4468 4034 4476 ,

695 4525 855 4605 pacti
892 4522 1176 4601 episcopi
1215 4521 1452 4583 mentio
1488 4519 1660 4581 nulla
1692 4517 1863 4596 apud
1898 4516 2273 4579 Michaelem
2310 4510 2713 4592 Lequienum
2774 4506 2841 4567 in
2901 4503 3156 4565 Oriente
3217 4500 3609 4576 Christiano,
3657 4511 3829 4565 tomo
3890 4502 3975 4578 ll,

697 4600 819 4684 col.
848 4624 961 4683 198
991 4629 1049 4682 et
1079 4638 1261 4698 seqq.
1296 4618 1362 4679 in
1390 4619 1611 4679 eadem
1644 4617 1948 4694 Naupacti
1980 4615 2263 4676 Ecclesia
2298 4630 2310 4672 :
2349 4626 2559 4688 neque
2599 4605 2863 4674 mirum,
2902 4617 3051 4663 cum
3103 4600 3311 4661 series
3347 4617 3574 4663 eorum
3634 4602 3977 4679 episcopo-

704 4736 843 4779 rum
879 4720 1122 4793 integra
1159 4714 1594 4775 desideretur.
1631 4712 2115 4789 TbeOphylarto
2141 4708 2551 4789 synchronus
2590 4703 2859 4765 ﬂorebat
2891 4700 3147 4762 Nicetes
3188 4698 3549 4773 Serrarum,
3591 4708 3813 4777 postea
3845 4701 3977 4763 He-

705 4815 947 4885 raclea,
986 4814 1357 4889 episcOpus.
1394 4810 1486 4872 Ad
1522 4809 1694 4871 hunc
1724 4809 1865 4870 data
1892 4817 1986 4869 est
2013 4802 2789 4886 ejusdemTheOpbylacti
2827 4814 3009 4861 nona.
3033 4796 3203 4858 inter
3232 4797 3638 4860 Meursianas
3666 4797 3973 4877 epistola,

703 4912 972 4983 scilicet,
1010 4919 1099 4988 Τῷ
1128 4918 1437 4988 διδασκάλῳ
1466 4918 1641 4987 κυρίῳ
1666 4916 1900 4986 Νικήτᾳ,
1923 4914 2000 4985 τῷ
2028 4913 2135 4967 τῶν
2156 4912 2386 4984 Σερρὦι

2293 4912 2397 4965 ὦν,
2430 4902 2492 4965 13
2552 4906 2648 4963 est
2716 4898 2828 4979 qui
2880 4893 3128 4957 scholia
3187 4894 3447 4973 scripsit
3508 4897 3571 4957 in
3632 4896 3976 4967 Orationes

699 5005 1223 5083 sanctiGregorii
1270 5003 1682 5066 Nazianzeni.
1736 5005 2032 5066 Laudatus
2075 5002 2368 5080 epistolte

2296 5002 2368 5063 Ite
2429 4998 2633 5079 prima
2693 4995 2887 5058 verba
2930 5000 3086 5057 sunt
3122 5016 3134 5058 :
3170 5006 3329 5059 Καὶό
3372 5001 3469 5055 τοῦ
3500 5001 3846 5069 Εὑαγγελὶου
3877 5002 3979 5070 τῆς

703 5113 962 5183 ἀληθείας
998 5112 1300 5182 ἐξηγητὴς,
1334 5104 1545 5163 Etiam
1582 5116 1671 5176 tu,
1707 5105 1817 5183 qui
1845 5101 2175 5181 Evangelii
2248 5099 2383 5160 veri

2291 5097 2537 5159 eritatis
2589 5098 2905 5171 interpres
2964 5096 3203 5173 fueras,
3254 5089 3582 5153 mendacio
3643 5093 3974 5151 convictus

706 5222 793 5271 es,
830 5210 950 5261 etc.
995 5203 1084 5261 An
1122 5217 1273 5278 ergo
1322 5201 1868 5262 Commentarium
1897 5197 1995 5259 vel
2030 5198 2327 5260 Catenam
2359 5194 2426 5255 in
2462 5190 2813 5270 Evangelia
2866 5190 3254 5268 scripserit?
3286 5188 3591 5251 Catenam
3658 5186 3977 5247 Possinus

704 5296 762 5357 ei
800 5296 1103 5367 attribuit,
1140 5312 1329 5373 quam
1358 5296 1423 5355 in
1464 5296 1781 5375 Symbolis
1815 5294 2099 5373 vulgavit
2132 5302 2306 5354 tomo
2340 5293 2420 5352 Il.
2449 5294 2528 5352 At
2572 5288 2817 5368 primus
2853 5289 3055 5363 enim,
3088 5287 3204 5367 qui
3231 5286 3296 5346 in
3334 5284 3565 5347 eodem
3620 5299 3816 5359 opere
3880 5300 3981 5346 re-

705 5403 1005 5453 censctur
1050 5395 1217 5455 inter
1239 5402 1534 5456 auctores
1565 5406 1841 5472 quorum
1866 5392 2206 5454 sententias
2230 5390 2651 5463 deﬂorantur,
2705 5386 2957 5448 Nicetas
2985 5392 3102 5447 est.
3132 5380 3530 5463 Hujusmodi
3589 5379 3977 5443 Catenarum

705 5491 1154 5568 compilatores
1186 5490 1596 5569 frequentius
1631 5490 1888 5552 obscuri
1926 5498 2101 5553 sunt.

785 5590 1019 5650 Mirum
1053 5605 1179 5651 non
1212 5589 1432 5658 fuerit,
1476 5593 1535 5648 in
1571 5590 1981 5665 Syntagmate
2017 5586 2325 5664 superius
2356 5588 2549 5650 citato
2609 5600 2953 5647 occurrere
3018 5598 3148 5645 non
3208 5598 3433 5661 pauca,
3485 5596 3633 5659 qua)
3672 5595 3817 5642 cum
3868 5595 3983 5660 ge-

711 5689 911 5747 nuino
951 5687 1414 5766 'l‘heopbylacti
1454 5686 1926 5749 Commentario
1956 5685 2354 5746 conveniunt
2388 5702 2401 5745 :
2445 5684 2547 5747 vel
2581 5683 2755 5746 enim
2777 5680 3337 5761 TheOphylactum
3383 5680 3763 5758 decerpebat
3796 5678 3985 5741 Nice-

776 5841 1233 5914 (ﬂljbeophylacli
1277 5845 1691 5914 CtlTplenlaJltiﬂt
1736 5841 2107 5914 _i_nediti_ir_n____in
2145 5842 2375 5914 fsalmgs
2420 5844 2665 5893 memorat
2696 5838 2748 5892 C.
2796 5838 2853 5890 B.
2890 5836 3073 5891 Haslus
3120 5837 3179 5889 ad
3223 5833 3437 5889 Paulum
3479 5830 3751 5885 [iamnnm
3800 5842 3847 5894 p.
3888 5829 3983 5884 ‘39

714 5905 792 5971 (in
816 5903 1033 5958 editione
1056 5903 1219 5959 nostra
1247 5908 1461 5968 col.889,
1493 5914 1594 5959 not.
1632 5908 1707 5958 55.
1736 5907 1875 5959 Tom.
1903 5906 2115 5970 CXVII).
2142 5906 2280 5958 Enn.
2320 5903 2471 5956 Pun.
