4262 6432
730 417 800 483 63
1579 414 1803 476 BERN.
1849 413 2115 475 MARLE
2159 411 2256 472 DE
2297 409 2584 472 RUBEIS
2627 401 3135 470 DISSERTATIO
3909 389 3983 456 64

728 527 1066 592 ferendum
1098 534 1314 590 censet
1347 528 1536 589 ritum
1561 525 2050 587 consecrationis
2081 523 2146 584 in
2166 525 2556 603 fermentata.
2592 522 2668 579 At
2693 518 2951 580 demum
2977 538 3005 572 α
3036 512 3364 591 reliquum
3399 518 3518 583 est,
3548 510 3617 569 ut
3640 506 3986 603 admonea-

729 642 897 698 mus,
924 624 1160 702 inquit,
1193 624 1484 702 vulgares
1507 630 1758 684 nostros
1788 620 2109 692 homines,
2130 601 2446 698 quotquot
2477 615 2687 678 zelum
2730 612 2993 692 quidem
3024 609 3299 708 habent,
3314 606 3428 667 sed
3459 619 3586 708 non
3621 601 3988 708 secundum

727 699 1101 792 scientiam;
1138 699 1352 796 quive,
1385 718 1554 796 quod
1589 716 1850 794 gravius
1884 722 2004 788 est,
2027 732 2105 776 ex
2133 729 2299 774 caeco
2330 712 2662 774 suiamore
2684 707 2929 802 Christi
2950 721 3183 802 corpus
3215 702 3586 802 dilacerant.
3615 721 3644 753 ι
3673 699 3983 802 Aitetiam

726 814 991 887 [XXIX]
1036 831 1048 872 :
1087 789 1109 870 ἰ
1154 789 1284 873 Non
1319 789 1510 888 igitur
1542 789 1754 890 neque
1803 818 2060 888 propter
2099 823 2346 886 azyma,
2379 824 2590 887 neque
2631 809 2890 884 pr0pter
2909 800 3267 881 jejunium,
3295 795 3529 861 durius
3565 809 3686 856 nos
3723 789 3986 854 habebi-

727 924 866 966 tuus
902 925 1046 984 erga
1090 901 1516 966 inflexibilem‘
1539 907 1747 982 gentis
1781 904 2217 981 pertinaciam.
2244 925 2270 957 η

811 983 1174 1062 Pervicaces
1237 1001 1376 1061 suis
1423 1001 1485 1060 in
1530 1001 1763 1061 ritibus
1795 1000 2056 1061 Latinos
2111 998 2440 1076 appellat:
2487 1015 2701 1077 neque
2749 1005 2960 1060 tamen
3011 997 3250 1058 Graacm
3297 988 3509 1070 gentis
3550 983 3863 1048 duritiem
3899 983 3967 1046 in

727 1113 835 1158 eos
871 1096 1201 1173 approbat.
1234 1097 1380 1156 Haec
1419 1095 1536 1156 alia
1577 1096 1720 1174 ejus
1757 1095 1945 1156 verba
1983 1094 2191 1156 refero
2241 1117 2254 1155 :
2298 1116 2326 1149 α
2356 1097 2576 1172 Neque
2611 1092 2886 1154 multum
2923 1090 3142 1162 refert,
3177 1088 3256 1149 de
3293 1083 3544 1148 caneris
3576 1078 3979 1144 enumeratis

728 1187 1034 1271 (ritibus),
1091 1206 1254 1268 quos
1326 1190 1446 1265 ipsi
1485 1189 1504 1268 (
1549 1189 1778 1268 Latini)
1812 1208 1880 1251 se
1931 1191 2270 1251 observare
2324 1189 2630 1259 fatentes,
2694 1187 2955 1267 (praeter
2996 1185 3455 1265 auﬂ'ocatorum
3502 1195 3672 1239 csum
3717 1196 3737 1235 :
3781 1175 3982 1255 hujus

726 1287 897 1346 eniiu
935 1303 1011 1346 ne
1042 1301 1270 1345 nomen
1310 1287 1580 1361 quidem
1639 1285 2174 1363 prudentioribus
2209 1284 2458 1346 Latinis
2491 1283 2837 1347 ferendum
2873 1282 3241 1351 videtur...)
3285 1275 3508 1338 multis
3539 1271 3978 1334 irremissibi-

726 1381 874 1440 liter
910 1396 1165 1458 peccare
1201 1379 1842 1460 videntur.Quorum
1875 1380 2289 1442 sermonibus
2324 1396 2452 1442 non
2484 1380 2826 1447 assentire,
2860 1376 3146 1439 hominis
3179 1381 3296 1446 est,
3330 1379 3401 1436 ut
3446 1376 3628 1450 puto,
3675 1367 3743 1429 in
3774 1365 3983 1430 eccle-

725 1477 977 1535 siastica
1027 1474 1296 1536 historia
1346 1463 1728 1548 exerciia’fi?
1765 1477 1874 1554 qui
1942 1477 2137 1552 probe
2177 1477 2378 1551 novit,
2449 1493 2578 1540 non
2643 1491 2881 1538 omnen
2944 1471 3489 1536 consuetudinem
3548 1467 3627 1530 ad
3658 1464 3981 1529 Ecclesias

722 1571 1104 1633 scindendas
1139 1572 1348 1634 valere
1407 1565 1568 1634 :sed
1624 1574 1684 1634 id
1749 1582 2017 1647 tantum,
2062 1573 2236 1652 quod
2298 1573 2614 1651 dogmatis
2673 1570 3120 1633 diversitatem
3194 1564 3414 1628 infert.
3457 1561 3979 1628 Consuetudines

721 1674 934 1727 autem
971 1668 1281 1740 diversas,
1325 1676 1432 1730 aut
1489 1669 1677 1729 etiam
1728 1685 1873 1746 qum
1902 1669 2068 1744 apud
2110 1666 2446 1747 praeclaros
2498 1667 2615 1730 hos
2642 1665 2897 1746 judices
2963 1664 3238 1745 (Graecos
3299 1657 3693 1723 morosiores
3749 1654 3978 1739 carpit)

724 1769 925 1823 errata
968 1770 1134 1835 sunt,
1173 1771 1340 1824 ortas
1381 1781 1524 1826 esse
1577 1765 1734 1824 alias
1768 1781 1845 1825 ex
1894 1764 2131 1841 pietate
2166 1771 2228 1824 et
2282 1763 2629 1845 religione,
2672 1769 2744 1825 ut
2778 1777 2956 1825 sacra
2996 1760 3363 1839 pavimenta
3415 1753 3698 1819 osculari
3735 1753 3978 1833 (neque

723 1857 895 1917 enim
933 1859 1283 1919 Satanicam
1329 1857 1502 1919 illam
1562 1857 1948 1920 calumniam
1983 1858 2417 1934 admittimus,
2465 1856 2639 1937 quod
2696 1854 2903 1918 Latini
2940 1853 3302 1932 imaginum
3353 1847 3843 1912 venerationem
3879 1864 3981 1909 re-

721 1952 1024 2028 spuant);
1085 1952 1241 2015 alias
1296 1971 1448 2015 vero
1492 1972 1571 2016 ex
1631 1955 1897 2032 provida
1961 1955 2238 2036 quadam
2306 1951 2791 2034 dispensatione
2857 1950 2940 2013 ob
2997 1947 3460 2017 infirmitatem,
3495 1941 3774 2005 fortasse
3822 1941 3981 2022 qui-

719 2046 866 2106 dem
925 2047 1176 2124 animaa,
1236 2049 1350 2111 sed
1407 2058 1577 2112 certe
1638 2050 1972 2130 corporis;
2047 2059 2118 2114 ut
2174 2051 2350 2131 quod
2417 2045 2714 2112 monachi
2774 2047 2843 2109 in
2914 2041 3399 2107 inﬁrmitatibus
3467 2053 3695 2102 carnes
3757 2053 3978 2101 come-

719 2140 891 2202 dant.
945 2163 974 2195 »

798 2253 898 2314 61.
948 2254 1345 2320 Calumniam
1395 2257 1598 2332 illam,
1653 2275 1845 2338 quam
1905 2259 2281 2322 Satanicam
2317 2265 2517 2331 vocat,
2553 2253 2941 2333 excogitavit
2988 2251 3371 2331 invexitque
3446 2250 3840 2311 Cerularius.
3873 2240 3972 2304 Ad

718 2349 1174 2413 sufi’ocatorum
1199 2371 1379 2421 esum
1401 2356 1572 2434 quod
1602 2356 1851 2430 attinet,
1884 2356 2308 2430 Humbertus,
2334 2355 2527 2416 Silvas
2578 2352 2881 2416 Candidas
2908 2351 2970 2413 S.
2991 2351 3066 2411 It.
3101 2350 3174 2410 Ε.
3207 2344 3581 2419 cardinalis,
3613 2342 3848 2407 Leonis
3875 2339 3970 2402 IX

723 2463 898 2523 papas
949 2449 1578 2528 ConstantinOpolim
1637 2452 1932 2531 legatus,
1992 2453 2284 2530 ejusdem
2336 2449 2653 2514 Cerularii
2696 2455 3012 2524 tempore,
3045 2443 3398 2506 testabatur
3443 2443 3632 2522 juxta
3671 2442 3975 2502 Romanas

722 2542 1026 2604 Ecclesiae
1108 2545 1544 2623 disciplinam,
1609 2570 1638 2603 α
1717 2565 1972 2627 gravem
2041 2546 2480 2626 paenitentiam
2561 2543 2808 2624 imponi
2874 2542 2958 2603 iis
3032 2541 3148 2621 qui
3201 2539 3448 2619 absque
3509 2545 3803 2600 extremo
3867 2551 3981 2612 pe-

717 2637 926 2699 riculo
982 2641 1146 2713 vitae,
1200 2641 1515 2719 sanguine
1585 2645 2031 2716 vescebantur,
2098 2642 2197 2704 vel
2255 2659 2654 2722 quocunque
2714 2637 3079 2711 morticino,
3146 2643 3255 2697 aut
3320 2632 3680 2714 prmfocato.
3721 2655 3749 2688 io
3807 2630 3978 2693 Hinc

715 2732 1237 2812 TheOphylactus
1294 2736 1526 2810 aiebat,
1577 2737 2041 2800 sutfocatorum
2104 2755 2184 2801 ne
2240 2737 2505 2817 quidem
2581 2751 2817 2799 nomen
2865 2731 3403 2812 prudentioribus
3456 2729 3710 2793 Latinis
3749 2727 3976 2790 feren-

714 2827 870 2890 dum
935 2831 1162 2891 videri.

792 2928 842 2986 A
877 2926 1148 3002 pristino
1198 2928 1410 3006 rigore
1451 2947 1777 2993 recessum
1830 2940 1927 2993 est
1967 2954 1982 2993 :
2021 2933 2329 3012 quoniam
2373 2952 2403 2989 α
2447 2928 2556 2992 ubi
2595 2926 2880 2990 Ecclesia
2930 2925 3219 3006 gentium
3269 2925 3368 3006 (ut
3424 2924 3515 2988 ait
3547 2921 3961 3002 Augustinus

711 3015 876 3080 libro
918 3038 1106 3079 xxxu
1136 3022 1371 3082 Contra
1401 3025 1708 3085 Faustum
1745 3027 2188 3101 Manichwum,
2224 3029 2431 3105 capite
2469 3027 2564 3103 13)
2605 3024 2751 3087 talis
2783 3024 3007 3086 effecta
3041 3029 3160 3097 est,
3201 3022 3363 3084 utin
3406 3038 3478 3084 ea
3513 3020 3737 3083 nullus
3761 3019 3975 3081 Israe-

713 3111 820 3174 lita
854 3116 1127 3178 carnalis
1157 3119 1638 3197 appareat;jam
1674 3121 1795 3183 hoc
1828 3123 2236 3186 Christianus
2278 3139 2405 3185 non
2440 3122 2736 3183 observat
2775 3119 2973 3200 (quod
3013 3118 3242 3198 utique
3297 3118 3375 3180 ad
3417 3125 3676 3195 tempus
3705 3114 3970 3194 jussum

706 3207 965 3288 fuerat),
1003 3222 1072 3272 ut
1104 3215 1347 3286 turdos,
1392 3216 1486 3277 vel
1524 3215 1906 3280 minutiores
1961 3219 2244 3282 aviculas
2277 3235 2402 3282 non
2426 3218 2714 3297 attingat,
2748 3216 2879 3278 nisi
2936 3231 3211 3295 quarum
3234 3213 3507 3294 sanguis
3541 3212 3792 3275 effusus
3823 3219 3967 3274 est:

707 3309 816 3364 aut
852 3302 1132 3380 leporem
1175 3322 1298 3366 non
1335 3307 1504 3382 edat,
1538 3310 1592 3370 si
1630 3326 1823 3372 manu
1852 3327 1887 3373 a
1911 3313 2161 3375 cervice
2199 3330 2571 3391 percussus,
2607 3312 2790 3376 nullo
2823 3318 3092 3374 cruento
3132 3311 3403 3374 vulnere
3452 3309 3707 3373 occisus
3737 3318 3836 3370 est
3883 3327 3898 3368 :
3934 3329 3967 3364 ι

709 3396 1065 3474 Scriptores
1103 3399 1452 3476 polemicos
1484 3402 1600 3465 hac
1631 3405 1709 3466 de
1736 3423 1802 3467 re
1827 3405 2234 3470 luculentius
2268 3418 2610 3473 tractantes
2637 3410 2933 3474 consule.

785 3495 886 3555 62.
931 3495 1215 3556 Gentiles
1277 3514 1429 3558 suos
1490 3501 1698 3579 pergit
1757 3502 2002 3566 ibidem
2059 3504 2591 3586 TheOphylactus
2655 3506 2868 3568 latiori
2933 3521 3236 3568 sermone
3289 3503 3646 3578 adhortari,
3688 3509 3757 3566 ut
3814 3503 3969 3567 odia

708 3589 1032 3668 deponant
1075 3609 1144 3653 ac
1194 3593 1455 3656 nimiam
1509 3597 1843 3675 duritiem,
1880 3601 2195 3663 unitatem
2258 3604 2534 3680 diligant
2567 3602 2900 3665 catholicas
2933 3602 3260 3670 Ecclesiae,
3309 3617 3582 3679 eamque
3613 3615 3742 3661 non
3801 3599 3968 3663 dila-

706 3694 925 3747 cerent
971 3688 1052 3748 ob
1085 3688 1379 3751 innoxias
1409 3691 1849 3770 discrepantes
1882 3698 2425 3774 consuetudines,
2463 3701 2561 3762 vel
2596 3701 2785 3763 etiam
2831 3699 2914 3762 ob
2953 3715 3229 3773 errores,
3263 3699 3321 3760 si
3352 3698 3466 3777 qui
3498 3708 3750 3770 essent,
3797 3715 3966 3777 quos

709 3783 1056 3844 condonari
1105 3792 1303 3846 satius
1361 3798 1478 3849 est.
1516 3791 1702 3852 Mens
1733 3791 1959 3854 eadem
2014 3794 2173 3856 olim
2205 3794 2415 3857 fuerat
2471 3796 2639 3857 Petri
2696 3790 3085 3857 Antiocheni
3127 3793 3524 3874 patriarchas,
3563 3793 3633 3855 in
3685 3793 3966 3872 epistola

709 3879 786 3938 ad
844 3878 1219 3940 Michaelem
1286 3882 1897 3966 Cerularium,quas
1953 3890 2170 3951 Greece
2202 3906 2273 3950 ac
2331 3893 2555 3954 Latine
2609 3899 2814 3954 exstat
2868 3893 3041 3970 apud
3078 3890 3477 3954 Cotelerium
3540 3889 3606 3951 in
3656 3889 3962 3956 Ecclesiae

705 3971 938 4035 Greece:
970 3975 1418 4053 Monumentis,
1455 3987 1606 4044 tom.
1651 3984 1730 4044 Il.
1766 3984 2103 4047 lucusatos
2143 3987 2508 4050 Latinorum
2546 3989 2707 4052 ritus
2734 3987 3067 4068 expendit,
3105 3995 3166 4049 et
3207 3986 3296 4049 ait
3327 4003 3507 4049 num.
3548 3986 3629 4049 VI
3669 4008 3684 4048 :
3727 4011 3753 4043 α
3788 3989 3964 4062 Quid

704 4069 876 4130 enim
909 4071 984 4131 ad
1021 4088 1159 4144 nos,
1195 4073 1249 4134 si
1297 4076 1629 4152 pontifices
1667 4079 1923 4142 barbam
1960 4081 2212 4158 radant,
2269 4091 2330 4146 et
2378 4085 2444 4147 in
2501 4086 2762 4164 signum
2825 4083 3353 4162 desponsationis
3386 4098 3533 4145 cum
3589 4090 3811 4146 sancta
3846 4085 3962 4146 Dei

706 4165 989 4227 Ecclesia
1027 4179 1247 4245 gerant
1290 4174 1659 4236 annulum?
1691 4179 1818 4239 Nos
1860 4194 2123 4258 quoque
2175 4197 2371 4259 supra
2422 4191 2613 4260 caput
2672 4182 2980 4244 Gcraram
3041 4178 3393 4261 (coronam)
3449 4178 3803 4244 facimus...
3840 4182 3966 4245 Sed

703 4269 763 4322 et
822 4262 945 4338 ipsi
1011 4279 1242 4325 aurum
1300 4277 1649 4346 gestamus,
1715 4273 1830 4351 qui
1885 4273 2099 4338 amicti
2155 4275 2361 4340 simus
2417 4277 2834 4350 chirothecis,
2905 4274 3259 4356 manipulis
3299 4283 3365 4339 et
3421 4275 3611 4339 stolis
3647 4293 3810 4341 auro
3869 4277 3968 4341 in-

702 4358 1018 4417 tertextis.
1085 4382 1114 4415 »
3021 4390 3023 4396 ·
3092 4370 3098 4376 ·
3185 4396 3192 4403 ›

731 4365 1018 4420 ertextis.
1085 4382 1114 4415 »

781 4473 926 4550 Agit
965 4491 1140 4535 num.
1175 4477 1285 4538 VII
1315 4478 1393 4540 de
1429 4481 1716 4546 carnium
1757 4503 1873 4549 esu
1915 4489 2087 4567 apud
2115 4488 2460 4553 monachos

2280 4488 2460 4551 ichos
2497 4506 2511 4546 :
2550 4509 2578 4542 α
2613 4484 2802 4560 Quod
2832 4479 3074 4557 autem,
3107 4482 3364 4563 inquit,
3396 4484 3648 4564 polluta
3685 4486 3963 4552 mandu-

701 4577 843 4630 cent
877 4569 1392 4652 ipsi,eorumque
1424 4579 1717 4641 monachi
1749 4583 1941 4645 edant
1972 4602 2252 4658 carnem,
2286 4585 2539 4662 adipem
2568 4583 2906 4661 porcinum
2939 4597 2957 4657 ;
2987 4581 3100 4665 illa
3123 4595 3390 4665 quoque
3420 4581 3742 4659 invenias,
3771 4585 3964 4650 modo

700 4661 1132 4740 indagaveris,
1161 4672 1327 4745 apud
1361 4673 1674 4749 quosdam
1713 4693 1746 4738 e
1773 4680 2008 4740 nostris
2045 4681 2206 4742 fieri.
2256 4703 2284 4736 ι
2403 4661 2411 4662 ί
3062 4663 3068 4668 ’
3141 4661 3186 4690 κ’
3217 4750 3221 4753 ,

779 4760 897 4820 Pro
947 4759 1326 4831 fermentato
1377 4784 1537 4846 pane
1583 4772 1894 4835 acerrime
1938 4782 2334 4854 pugnaverat
2366 4793 2436 4838 ιη
2475 4779 2754 4855 epistola
2803 4774 2882 4836 ad
2950 4773 3367 4865 Dominicum
3404 4776 3805 4842 Gradensem
3846 4795 3962 4859 pa-

697 4855 1056 4931 triarcham,
1094 4876 1236 4939 quas
1277 4860 1418 4924 loco
1450 4864 1641 4927 citato
1691 4871 1860 4946 apud
1904 4870 2300 4935 Cotelerium
2338 4881 2606 4952 prostat.
2664 4872 2737 4934 ln
2799 4869 2916 4934 hac
2943 4886 3094 4958 vero
3151 4854 3230 4933 ad
3265 4873 3679 4951 Cerularium
3734 4854 3963 4940 sicvait

697 4967 875 5013 num.
909 4953 1025 5014 XV
1067 4977 1080 5017 :
1141 4978 1170 5014 α
1219 4957 1506 5030 Quaastio
1539 4962 1618 5024 de
1667 4966 1993 5045 azymis...
2035 4986 2261 5032 eversa
2296 4971 2583 5057 est,lnisi
2620 4965 2935 5057 canonico
2970 4953 3138 5050 ‘huic
3188 4968 3381 5032 effato
3418 4968 3681 5052 (Latini)
3715 4971 3959 5049 innixi,

702 5051 913 5111 Visum
953 5062 1040 5113 est
1095 5055 1377 5116 omnibus
1421 5060 1720 5121 utendum
1774 5082 1902 5126 esse
1951 5069 2233 5149 antiquis
2284 5051 2888 5142 consuetudinibus,
2926 5064 3264 5148 antiquam
3325 5067 3502 5146 apud
3555 5084 3626 5129 se
3662 5051 3962 5133 asserunt

691 5163 1066 5226 azymorum
1103 5150 1539 5216 traditionem.
1577 5179 1605 5214 ιο
1645 5157 1848 5231 Quam
1887 5164 2110 5245 utique
2157 5160 2477 5256 vetustam
2530 5183 2676 5229 esse
2728 5165 2938 5228 Latini
2985 5164 3282 5245 probant,
3341 5181 3412 5226 ac
3446 5165 3656 5247 ipsius
3692 5163 3958 5231 Domini

693 5245 1078 5345 nostri-Jesu
1115 5247 1349 5310 Christi
1376 5252 1674 5332 exemplo
1700 5256 2033 5323 firmatam.
2059 5264 2137 5329 ‘ld
2173 5245 2578 5326 inﬁciabatur
2613 5261 3056 5324 Antiochenus
3094 5277 3385 5345 ggverum
3420 5245 3485 5322 id
3524 5261 3758 5325 lubens
3803 5263 3963 5327 fate»-

691 5339 1375 5450 tur.Theo_phj:lactus,
1419 5356 1487 5409 ut
1548 5350 1716 5414 infra
1769 5355 2145 5423 dicendum.
2205 5364 2312 5425 Ait
2362 5356 2481 5424 ille
2536 5361 2801 5423 demum
2860 5376 3039 5420 num.
3094 5339 3262 5420 XVII
3305 5383 3318 5421 :
3357 5382 3386 5416 α
3428 5360 3620 5434 Vide,
3679 5361 3957 5425 honora-

691 5437 935 5497 tissime
976 5437 1256 5513 domine,
1291 5446 1624 5550 quomodo
1665 5465 1918 5526 eorum,
1955 5472 2100 5534 quas
2132 5474 2167 5519 a
2224 5460 2468 5522 nostris
2533 5465 2900 5538 peccantur,
2947 5472 3076 5519 non
3127 5458 3560 5531 attendentes,
3618 5466 3729 5520 aut
3758 5461 3955 5523 etiam

685 5539 1145 5609 conniventes;
1184 5539 1405 5618 majori
1440 5539 1955 5611 cura'smnones
2003 5569 2198 5615 vanos
2229 5557 2610 5629 serimus,et
2639 5556 2847 5617 aliena
2882 5555 3137 5617 curiose
3170 5562 3652 5633 perscrutamur
3688 5578 3703 5616 :
3743 5579 3774 5614 ι
3805 5574 3958 5638 qua)

687 5627 781 5690 vel
820 5630 1099 5735 innoxiae
1126 5642 1273 5694 sunt
1311 5645 1573 5733 vetusta:
1599 5647 2115 5710 consuetudines
2153 5655 2302 5736 :1ch
2339 5657 2388 5717 si
2426 5627 2583 5736 quid
2625 5655 2762 5716 vitii
2792 5652 3254 5726 contraxerint,
3291 5669 3419 5714 non
3458 5651 3619 5714 illud
3659 5671 3950 5736 unquam

681 5725 1251 5887 admlisigllomana
1285 5740 1390 5792 aut
1428 5718 1865 5806 Ocﬁidentalis
1920 5718 2226 5812 Ecclesia.
2270 5718 2865 5818 Prudentissimum
2903 5750 3070 5813 Petri
3125 5748 3480 5813 consilium
3537 5718 3793 5816 utinam
3827 5771 3956 5832 praet

681 5838 804 5889 Ocu
840 5822 892 5886 is
983 5828 1121 5889 τωδὶ
1163 5828 1474 5891 habeant!

679 5838 892 5889 OCUHS
924 5838 1121 5889 ϋτῶυι
1163 5838 1432 5892 habeant
