4262 6432
276 405 356 469 65
1138 402 1239 464 DE
1277 398 1860 464 THEOPHYLACTI
1899 399 2174 477 GESTIS
2211 403 2309 465 ET
2350 404 2720 470 SCRIPTIS.
3472 434 3484 448 ’
3514 390 3609 476 ὅδ’

359 511 600 576 Eadem
628 510 755 573 fuit
793 510 1109 575 Demetrii
1166 511 1572 583 Chomateni,
1608 508 2037 572 Achridensis
2102 511 2168 572 in
2209 512 2512 592 Bulgaria
2548 514 3057 595 archiepiscopi,
3126 514 3455 579 sententia
3509 517 3577 580 in

277 609 561 689 epistola
590 610 666 672 ad
711 609 1209 673 Constantinum
1259 606 1621 670 Cabasilam
1670 605 2243 685 archiepisc0pum
2286 610 2672 688 metrOpolis
2728 611 3094 687 Dyrrachii,
3132 614 3364 689 [XXX]
3400 612 3575 690 apud

274 705 744 769 Leunclavium
782 705 846 768 in
885 708 1046 767 lure
1096 704 1316 767 Greco
1353 705 1656 777 Romano,
1697 702 1864 763 libro
1896 721 1959 764 ν.
1991 704 2345 765 Εοοιετδίθη]
2380 722 2565 766 suam
2597 707 3097 768 administrabat
3132 709 3580 771 Chomatenus

273 802 468 863 tertio
517 803 773 865 decimo
823 801 1085 864 saeculo.
1130 802 1191 863 ls
1234 809 1331 862 est
1362 802 1477 879 qui
1524 798 1869 861 Theodoro
1923 799 1982 859 ll
2015 800 2290 877 Angela,
2343 801 2759 879 imperatoria
2804 804 3091 882 insignia
3147 813 3292 882 post
3324 814 3575 884 captam

267 915 304 960 a
346 901 592 963 Latinis
628 900 1157 963 Thessalonicam
1188 898 1552 977 arripienti,
1587 911 1757 958 anno
1787 896 1968 971 1222,
2000 897 2297 960 diadema
2338 899 2684 977 imposuit,
2725 917 2841 978 pro
2871 919 3006 963 suae
3039 902 3348 964 Ecclesiae
3385 911 3578 965 auto-

267 998 565 1076 cephalia
606 998 731 1059 sibi
773 998 883 1077 jus
936 997 1262 1059 asciscens
1312 994 1669 1075 quoslibet,
1728 992 2135 1073 ubicunque,
2182 995 2277 1056 vel
2324 999 2856 1077 quandocunque
2920 1016 3108 1077 reges
3164 1000 3259 1060 vel
3298 999 3579 1079 impera-

271 1103 451 1158 tores
485 1096 801 1171 ungendi.
854 1094 1258 1173 Lequienum
1312 1092 1583 1155 consule
1649 1090 1712 1151 in
1762 1088 2291 1168 ArchiepiSCOpis
2357 1091 2899 1157 Achridensibus.
2939 1096 3575 1174 luterrogationibus

268 1192 578 1254 Cabasilaa
607 1192 769 1254 circa
807 1192 1181 1253 Latinorum
1216 1196 1418 1252 errata
1458 1186 1810 1263 respondet
1844 1186 1953 1245 ille
1984 1186 2169 1264 juxta
2232 1198 2517 1251 mentem
2580 1190 3082 1271 'l‘heOphylacti.
3120 1192 3331 1255 Verba
3366 1204 3518 1255 sunt
3552 1219 3569 1257 δ

267 1311 297 1343 κ
336 1291 428 1349 Ex
464 1289 781 1351 sententia
816 1289 1005 1369 hujus
1058 1287 1519 1366 sapientissimi
1581 1285 1814 1362 scripti
1845 1279 2043 1360 (quod
2098 1290 2199 1345 est
2252 1285 2725 1363 TheOpliylacti
2773 1287 3050 1364 epistola
3102 1287 3179 1348 ad
3226 1289 3565 1349 Nicolaum

263 1383 616 1446 diaconum
664 1393 725 1444 et
756 1383 1199 1457 canstrisium,
1232 1382 1418 1459 cujus
1458 1380 1675 1460 aliqua
1727 1377 2093 1441 afferuntur
2125 1379 2506 1461 fragmenta)
2542 1383 2765 1443 videre
2813 1392 2909 1443 est
2946 1405 2961 1443 :
3002 1384 3065 1444 in
3124 1384 3303 1445 omni
3346 1392 3566 1463 gente,

262 1498 414 1559 quas
468 1480 702 1543 Christi
770 1480 1293 1554 praedicationem
1350 1479 1735 1556 susceperit,
1765 1487 1841 1551 ὡς
1894 1485 2178 1556 ἐλάχιστα,
2225 1495 2418 1558 quam
2461 1478 2729 1541 minime
2784 1497 3035 1542 morum
3095 1479 3393 1558 ipsorum
3449 1487 3569 1543 de-

260 1579 475 1640 fectus
511 1578 583 1659 (si
620 1579 732 1657 qui
766 1576 1011 1659 essent)
1044 1578 1486 1641 observandos
1527 1595 1752 1639 esse...
1786 1575 2327 1655 quandoquidem
2358 1592 2561 1635 mores
2598 1594 2727 1636 non
2767 1594 2896 1636 eam
2934 1578 3059 1638 vim
3098 1577 3327 1637 habent
3367 1578 3443 1638 ab
3478 1579 3562 1639 iis

262 1674 610 1737 dieellendi
640 1692 826 1754 quam
846 1675 1145 1753 dogmata
1192 1692 1519 1753 perversa.
1563 1673 1746 1735 Unde
1799 1689 2015 1752 neque
2062 1680 2433 1734 consecrata
2498 1688 2532 1733 a
2595 1674 2842 1733 Latinis
2882 1689 3133 1751 azyma,
3171 1690 3386 1751 neque
3426 1673 3561 1736 haac

261 1770 699 1849 suscipientia
744 1776 807 1832 et
836 1768 1154 1832 sacriﬁcio
1204 1768 1556 1831 servientia
1616 1784 1844 1830 eorum
1898 1785 2069 1842 vasa,
2135 1774 2197 1829 et
2260 1775 2754 1846 consequenter
2802 1786 3017 1848 neque
3074 1786 3289 1831 sacras
3331 1786 3561 1832 eorum

259 1864 491 1942 stolas,
522 1883 738 1947 neque
761 1864 1145 1946 bujusmodi
1179 1865 1545 1945 quidpiam,
1578 1868 1992 1929 immundum
2028 1865 2489 1946 pollutamque
2524 1864 3076 1929 existimabimus.
3126 1890 3157 1924 ιι

1795 2049 1987 2116 XVII.

252 2205 519 2269 Sacram
554 2203 1031 2287 Eucharistiam
1064 2205 1133 2266 in
1154 2221 1382 2287 azyma
1412 2222 1582 2287 pane
1615 2202 2064 2287 institutam_a
2099 2202 2355 2265 Christo
2386 2205 2687 2287 Domino,
2739 2216 2915 2287 aocet
2951 2208 3457 2287 Theophylactus
3491 2211 3558 2271 in

341 2282 618 2365 epistola
647 2284 729 2344 ad
762 2283 1095 2365 Nicolaum
1127 2282 1491 2365 diaconum.
1528 2284 1806 2365 Itemque
1842 2282 1940 2365 in_
1967 2282 2455 2365 Commentariis
2501 2284 2584 2346 ad
2612 2286 2982 2346 Matthceum
3017 2298 3077 2349 et
3112 2282 3363 2350 Lucam.
3412 2291 3560 2352 Non

337 2360 721 2443 adversatur
766 2365 835 2425 in
866 2362 1330 2443 Commentario
1376 2363 1466 2443 ad_
1486 2360 1840 2443 Joannem,
1870 2360 1997 2443 ubi
2044 2360 2371 2424 Christum
2426 2383 2609 2425 suum
2633 2368 3011 2443 prwvenisse
3074 2368 3319 2430 Pascha
3347 2366 3553 2434 docet.

335 2442 549 2528 Locus
585 2442 895 2528 Matthwi_
911 2453 1263 2528 corruptus
1300 2442 1370 2502 in
1402 2439 1727 2528 aliquibus
1768 2438 2092 2501 codicibus
2138 2461 2159 2499 :
2207 2438 2654 2523 corruptionis
2695 2448 2903 2524 origo.
2946 2446 3312 2528 Corruptus
3369 2450 3557 2511 etiam

334 2524 614 2601 fortasse
648 2522 824 2583 locus
858 2522 1067 2585 Marci
1100 2518 1129 2581 5
1151 2522 1261 2601 qui
1294 2518 1922 2581 tamen'vindicatur.

342 2672 447 2736 63.
497 2674 570 2735 In
606 2688 679 2735 ea
719 2656 1105 2753 quaastidne,
1140 2688 1289 2751 qum
1316 2672 1573 2733 Graecos
1621 2670 1790 2734 inter
1821 2686 1893 2733 ac
1930 2670 2197 2734 Latinos
2245 2669 2480 2751 agitur,
2508 2687 2658 2730 num
2708 2687 2939 2731 canam
2978 2669 3237 2750 legalem
3272 2672 3554 2751 legitimo

256 2778 540 2848 tempore
593 2767 890 2832 Christus
947 2767 1255 2828 Dominus
1309 2768 1654 2848 peregerit,
1714 2787 1787 2829 ac
1836 2768 2208 2846 mysterium
2270 2767 2767 2828 eucharisticum
2804 2768 3157 2846 confecerit
3206 2770 3277 2830 in
3335 2788 3556 2847 azyma

251 2884 448 2948 parte,
486 2866 726 2927 Grmcis
776 2865 915 2928 suis
978 2864 1359 2927 adversatur
1429 2865 1981 2945 Theophylactus,
2031 2860 2337 2942 favetque
2393 2861 2665 2923 Latinis.
2722 2864 2881 2924 Jesu
2935 2864 3199 2939 Christi,
3248 2881 3553 2943 azymum

252 2963 324 3026 in
357 2979 592 3041 corpus
642 2977 837 3023 suum
886 2960 1399 3035 transmutantis,
1464 2960 1858 3040 exemplum,
1910 2977 2044 3040 quo
2092 2978 2289 3023 suum
2344 2959 2555 3022 Latini
2604 2959 2801 3021 ritum
2864 2960 3226 3037 vindicant,
3290 2963 3372 3025 iis
3423 2964 3553 3025 eri-

256 3076 411 3137 pere
467 3057 670 3121 Grmci
750 3058 1150 3120 conabantur
1222 3056 1420 3131 olim,
1487 3056 1817 3137 hodieque
1892 3064 2258 3133 conantur,
2318 3057 2522 3119 variis
2599 3072 2716 3133 pro
2785 3057 2984 3134 genio
3058 3059 3553 3137 Opinationibus

252 3155 561 3218 invectis.

339 3252 647 3315 Meletius
685 3250 953 3331 quidam
988 3250 1054 3313 in
1102 3265 1405 3313 sermone
1444 3251 1534 3311 De
1563 3270 1833 3331 azymis,
1870 3252 1981 3332 qui
2017 3251 2141 3314 sub
2174 3252 2443 3313 nomine
2479 3250 2752 3313 Joannis
2804 3252 3187 3316 Damasceni
3221 3254 3393 3334 apud
3431 3258 3551 3317 Le-

250 3350 853 3431 quienumprostat,
888 3356 1063 3411 tomo
1085 3350 1137 3422 l,
1164 3350 1521 3422 contendit,
1557 3371 1587 3407 α
1619 3354 1873 3429 Agnum
1901 3347 2643 3429 paschalemicomedere
2668 3349 2914 3429 absque
2942 3352 3219 3427 panibus
3243 3351 3550 3417 fermenti

251 3446 635 3520 expertibus
667 3447 925 3508 Judeeos
975 3447 1425 3521 consuevisse,
1466 3470 1494 3502 n
1529 3462 1927 3528 azymosqae
1991 3446 2394 3526 ejuscemodi
2441 3463 2639 3523 panes
2702 3463 2833 3508 non
2894 3448 3225 3509 adhibitos
3279 3467 3426 3511 esse
3460 3452 3539 3512 ad

255 3561 549 3606 mensam
584 3566 614 3601 α
651 3551 798 3606 ante
832 3544 1148 3605 decimam
1181 3544 1476 3622 quintam
1516 3546 1713 3617 diem,
1754 3567 1782 3599 »
1827 3562 1881 3604 v.
1916 3562 1977 3622 g.
2011 3562 2044 3605 θ
2075 3543 2284 3605 media
2322 3552 2507 3603 nocte
2541 3550 3002 3621 computatam,
3037 3546 3285 3607 mensis
3324 3547 3541 3625 primi.

250 3642 321 3703 In
356 3641 532 3704 hunc
565 3641 834 3721 impegit
865 3658 1175 3712 errorem,
1213 3643 1513 3704 Mosaicae
1562 3642 1724 3721 legis
1775 3640 2149 3719 praescripto
2183 3638 2327 3699 sine
2356 3640 2583 3701 'dubio
2626 3642 3001 3716 adversum,
3048 3642 3277 3703 Petrus
3315 3644 3545 3705 Antio;

252 3739 503 3801 chenus
542 3738 898 3818 patriarcha
934 3739 998 3801 in
1027 3738 1301 3817 epistola
1331 3740 1408 3801 ad
1445 3738 1861 3801 Dominicum
1913 3737 2314 3799 Gradensem
2364 3736 2537 3814 apud
2574 3735 2972 3799 Cotelerium
3017 3740 3079 3799 in
3119 3740 3549 3803 Monumentis

249 3835 560 3897 Ecclesia:
587 3835 843 3905 Grecae,
882 3845 1054 3897 tomo
1086 3838 1165 3898 ll.
1203 3835 1345 3897 Alia
1376 3836 1532 3898 inita
1572 3835 1697 3911 via,
1728 3835 1865 3898 bini
1888 3842 2187 3897 auctores
2219 3833 2556 3913 anonymi,
2590 3851 2757 3913 quos
2791 3834 2857 3895 in
2890 3834 3291 3897 Bibliotheca
3329 3855 3552 3900 recen-

250 3942 349 3996 set
382 3933 653 3995 Photius
693 3933 835 3994 cod.
871 3934 1038 3996 CXV
1071 3941 1135 3995 et
1163 3933 1382 4007 CXVI,
1420 3932 1749 4011 putabant,
1787 3956 1815 3988 «
1849 3932 2181 3995 Christum
2216 3930 2571 3993 Dominum
2614 3931 2683 3992 in
2715 3940 3005 3994 extrema
3056 3933 3166 3993 illa
3201 3952 3379 3996 ccena
3414 3953 3547 3997 non

251 4028 620 4091 comedisse
669 4028 911 4091 Pascha
970 4027 1362 4107 legitimum.
1417 4051 1447 4086 ιν
1482 4028 1648 4090 Hinc
1679 4029 1817 4089 sive
1852 4027 1991 4103 ille,
2024 4028 2166 4089 sive
2222 4028 2330 4089 isti
2388 4028 2510 4088 sibi
2548 4028 2857 4089 videntur
2905 4030 3300 4092 concludere
3353 4047 3549 4110 posse

251 4140 487 4205 panem
517 4122 731 4198 illum,
765 4141 962 4203 quem
1002 4125 1069 4186 in
1094 4142 1269 4187 cmna
1308 4124 1580 4204 mystica
1616 4124 1914 4188 Christus
1962 4126 2287 4200 adhibuit,
2322 4143 2627 4206 azymum
2662 4143 2791 4188 non
2824 4126 3060 4189 fuisse.
3098 4129 3396 4210 Fuerunt
3431 4130 3545 4192 alii

247 4224 541 4295 demum,
576 4237 743 4301 quos
778 4220 1168 4301 Euthymius
1203 4222 1567 4302 Zigabenus
1604 4231 1868 4284 secutus
1902 4232 2001 4287 est
2034 4247 2049 4286 :
2084 4225 2440 4299 Christum,
2478 4224 2881 4305 inquientes,
2936 4246 2964 4281 α
3003 4241 3133 4286 uno
3168 4226 3274 4285 die
3310 4226 3549 4290 Pascha

249 4317 599 4379 Iudaicum
639 4318 1094 4389 antevertisse,
1140 4338 1170 4372 ν
1233 4318 1475 4397 dieque
1540 4319 1735 4379 tertia
1782 4318 2048 4397 decima,
2096 4340 2225 4382 non
2290 4333 2521 4402 quarta
2576 4320 2843 4395 decima,
2878 4321 3247 4400 pasclialem
3301 4339 3543 4400 agnum

249 4429 526 4491 vespere
562 4413 991 4475 manducasse
1047 4429 1195 4475 cum
1253 4413 1522 4475 lactucis
1556 4416 1948 4494 agrestibus,
1985 4426 2047 4480 et
2108 4420 2383 4499 azymis,
2420 4436 2490 4481 ac
2537 4420 2792 4491 stando,
2839 4425 2901 4479 et
2957 4417 3222 4480 baculos
3259 4422 3547 4483 tenendo

246 4526 383 4587 prae
423 4509 763 4583 manibus;
808 4526 935 4589 qua
970 4526 1146 4572 caena
1198 4518 1473 4589 peracta,
1530 4528 1949 4576 communem
1998 4533 2259 4594 panem,
2319 4536 2436 4578 seu
2485 4518 2937 4597 fermentatum
2990 4516 3215 4579 denuo
3266 4516 3537 4583 allatum

246 4622 443 4679 esse;
483 4628 512 4662 α
549 4606 616 4667 in
652 4622 865 4686 eoque
899 4606 1402 4668 eucharisticum
1439 4609 1827 4688 mysterium
1871 4612 2272 4675 instituisse.
2325 4637 2352 4669 ››

328 4705 480 4766 Htec
509 4704 719 4783 rejicit
753 4706 971 4766 omnia
1011 4704 1536 4785 TheOphylactus
1568 4705 1635 4767 in
1676 4705 1931 4770 laudata
1958 4712 2033 4771 ad
2081 4710 2420 4772 Nicolaum
2453 4710 2803 4772 diaconum
2851 4714 2912 4771 et
2944 4709 3364 4772 canstrisium
3405 4712 3547 4792 epi-

244 4802 435 4865 stola.
470 4800 1020 4864 Luculentissima
1081 4804 1226 4881 ejus
1287 4806 1477 4867 verba
1509 4814 1702 4867 sunt:
1742 4829 1771 4863 ex
1822 4807 2009 4879 Quod
2055 4806 2287 4869 attinet
2342 4806 2422 4869 ad
2486 4807 2791 4879 Latinos;
2827 4821 2955 4867 non
3010 4821 3130 4867 nos
3177 4806 3308 4869 illis
3350 4826 3543 4887 prave

242 4899 828 4978 interpretabimur
879 4900 1163 4978 primum
1206 4900 1380 4962 diem
1422 4903 1821 4979 Azymorum
1859 4925 1873 4963 :
1923 4902 2217 4965 dicentes
2272 4921 2414 4965 eam
2447 4922 2595 4967 esse
2646 4904 2965 4966 decimam
3005 4904 3276 4979 mensis,
3314 4907 3379 4967 in
3415 4923 3545 4986 qua

244 4996 627 5058 sumebatur
650 4997 1215 5077 aguus.Novimus
1241 4998 1415 5060 enim
1455 5015 1487 5061 a
1526 4999 1669 5079 lege
1696 5000 1969 5078 primam
1998 5001 2401 5079 Azymorum
2435 5002 2636 5074 diem,
2664 5011 2765 5083 τὴν
2805 5007 2867 5062 ιε’
2904 5010 3120 5081 ἡμέραν
3144 5056 3159 5080 ,
3198 5003 3372 5064 diem
3413 5004 3542 5065 diri

244 5093 535 5171 quintam
585 5092 927 5158 decimam:
978 5093 1043 5155 in
1080 5112 1201 5172 qua
1240 5093 1492 5157 scilicet
1536 5094 1865 5159 illucescit
1905 5108 2034 5155 nox
2067 5094 2490 5156 comestionis
2532 5096 2875 5175 paschalis,
2913 5108 3009 5174 νὺξ
3053 5109 3368 5178 ὲπιφὼσκει
3429 5108 3533 5178 τῆς

243 5194 344 5249 τοῦ
381 5196 571 5267 πάσχα
602 5196 883 5267 βρώσεως.
920 5214 949 5247 ι
980 5191 1299 5253 Nimirum
1351 5208 1646 5271 vespera,
1679 5200 1788 5255 aut
1823 5206 1926 5254 no:

1855 5206 1954 5253 ιοι
1998 5199 2120 5267 est,
2157 5211 2305 5273 quas
2337 5195 2509 5257 diem
2545 5207 2839 5276 quartam
2883 5202 3201 5264 decimam
3233 5202 3538 5277 complet,

244 5292 308 5345 et
341 5284 601 5345 inchoat
621 5284 935 5373 decimam
965 5287 1487 5369 quintam,juxta
1515 5305 1766 5353 morem
1798 5287 1941 5351 dies
1973 5293 2396 5371 computandi
2432 5310 2466 5354 a
2496 5312 2762 5374 vespera
2793 5300 2868 5361 ad
2905 5315 3265 5378 vesperam.
3300 5319 3328 5353 α
3359 5297 3541 5359 Unde

242 5388 308 5441 et
337 5381 604 5461 quidam
654 5398 735 5443 ex
768 5383 970 5445 sacris
1032 5385 1273 5448 nostris
1336 5385 1721 5457 doctoribus
1758 5384 1892 5466 (qui
1942 5386 2021 5449 ab
2074 5387 2220 5467 ipso
2264 5391 2458 5452 etiam
2497 5391 2959 5473 Chrysostomo
2991 5396 3057 5457 in
3116 5412 3237 5457 suo
3267 5395 3343 5455 ad
3378 5396 3543 5455 Mat-

242 5478 482 5541 thmum
537 5480 1023 5543 Commentario
1058 5481 1419 5559 laudatur),
1454 5500 1794 5563 exponens
1821 5500 1985 5557 eam,
2027 5502 2174 5564 quae
2204 5489 2285 5551 ab
2337 5491 2739 5569 evangelista
2773 5493 3014 5555 dicitur
3041 5494 3255 5573 prima
3285 5510 3540 5570 azymo-

237 5594 409 5649 rum,
443 5576 556 5654 ait,
594 5577 861 5657 primam
894 5595 1270 5659 azymorum
1294 5598 1330 5643 a
1360 5580 1660 5644 Matthaao
1690 5580 2006 5663 appellari
2067 5583 2266 5659 diem,
2303 5603 2452 5665 quae
2495 5589 2734 5667 Azyma
2784 5591 3107 5667 praecedit,
3139 5592 3406 5668 [XXXI]
3433 5600 3542 5668 πρὸ

238 5680 635 5753 τῶνἋζύμων
662 5723 678 5748 ,
738 5676 951 5737 sciens
1000 5676 1265 5756 quidem
1296 5677 1404 5739 cui
1435 5676 1570 5740 diei
1605 5694 1843 5742 nomen
1898 5683 2073 5745 istud
2132 5682 2235 5745 lex
2270 5684 2662 5763 imponeret,
2701 5696 2761 5750 at
2802 5689 3144 5752 insinuans
3176 5708 3347 5753 novo
3377 5708 3540 5771 quo-

238 5774 391 5834 dem
433 5786 637 5834 sensu
679 5771 799 5836 hoc
834 5772 914 5835 ab
943 5774 1347 5853 evangelista
1383 5776 1627 5838 dictum
1661 5794 1832 5841 esse.

320 5888 354 5927 ι
408 5869 637 5949 Neque
694 5886 846 5941 vero
880 5887 999 5934 nos
1052 5870 1517 5937 aﬂirmabimus
1554 5891 1567 5935 :
1605 5873 1936 5943 Christum
1986 5884 2093 5941 aut
2130 5880 2338 5959 legale
2372 5880 2608 5959 pascha
2651 5898 2781 5946 non
2839 5882 3216 5963 perfecisse,
3273 5899 3338 5949 ut
3383 5887 3537 5951 inde
