4262 6432
225 419 302 481 69
1094 409 1194 472 DE
1232 409 1335 471 ΤΗ
1344 403 1826 470 EOPHYLACTI
1861 400 1906 462 G

1861 400 2135 463 GESTIS
2178 402 2276 463 ET
2314 403 2686 468 SCRIPTIS.
3393 409 3404 422 '
3448 403 3513 467 70

221 529 305 593 ab
346 543 421 592 ea
450 522 822 590 Grecorum
855 520 1238 601 Opinatione
1283 518 1365 580 de
1413 515 1668 580 Christo
1717 514 2075 593 legitimum
2124 511 2357 590 pascha
2409 512 2873 592 prtereniente,
2907 527 2978 573 ac
3009 514 3088 573 ad
3143 526 3342 588 panes
3390 510 3490 573 fer

225 631 546 691 mentatos
589 631 733 702 post
784 621 925 700 ejus
973 616 1484 682 celebrationem
1542 613 1890 675 redeunte.
1954 610 2088 669 lmo
2140 609 2432 688 legitimo
2486 619 2778 687 tempore
2821 609 3055 686 pascha
3097 625 3293 670 suum
3347 608 3502 672 cele-

223 722 435 786 bravit
459 719 574 782 ille
607 726 901 796 tempore
963 715 1137 793 quod
1169 712 1380 776 ,ἰυᾱωὶ
1410 711 1512 773 vel
1537 725 1766 773 eorum
1803 705 2134 786 pontiﬁces
2167 721 2238 767 ac
2272 705 2588 794 primores
2625 721 2751 768 non
2788 714 3132 767 servarunt
3166 729 3180 766 :
3214 707 3513 782 adeoque

225 820 411 882 locus
474 832 604 879 non
643 824 777 878 erat
831 821 901 875 ut
938 811 1016 874 ad
1066 807 1491 871 fermentatos
1546 822 1744 884 panes
1806 804 2048 865 rediret
2111 802 2435 866 Christus.
2494 803 2826 864 Posterior
2870 803 3007 864 hmo
3049 803 3514 878 interpretatio

227 914 434 995 magis
466 913 788 992 placuisse
819 906 1306 984 TheOphylacto
1341 903 1622 966 videtur.
1658 903 1810 963 Eam
1837 901 1961 980 jam
2012 899 2357 962 tradiderat
2387 900 2456 963 in
2489 898 2975 962 Commentario
3007 900 3089 960 ad
3120 901 3512 976 Matthaum,

225 1013 436 1091 capite
479 1029 662 1084 xxvi,
715 1029 773 1071 v.
812 1010 914 1070 39.
953 1030 980 1063 ι
1031 1005 1127 1067 Ad
1184 1001 1498 1082 Caipham
1529 1002 1779 1063 ducunt
1815 1002 2070 1073 Jesum,
2108 1000 2443 1080 inquiens,
2479 1017 2623 1062 nam
2680 999 2790 1060 ille
2847 1007 2980 1060 erat
3019 997 3310 1075 pontifex
3358 1001 3516 1061 anni

227 1112 415 1174 illius
451 1126 466 1168 τ
503 1109 610 1172 ubi
643 1114 708 1170 et
758 1105 997 1186 reliqui
1050 1101 1530 1182 pernoctabant,
1562 1105 1638 1178 μὴ
1660 1107 1910 1174 φάγοντε‹

1839 1122 1930 1164 τες
1962 1105 2087 1157 τότε
2115 1106 2176 1158 τὸ
2210 1107 2419 1177 πάσχα,
2452 1116 2580 1158 ηοη
2614 1094 3003 1158 comedentes
3051 1106 3203 1157 tunc
3228 1098 3472 1175 pascha
3498 1119 3517 1166 ,-

227 1209 348 1269 sed
407 1212 857 1286 exspectantes
926 1208 997 1264 ut
1043 1199 1412 1262 occiderent
1479 1197 1870 1266 Dominum,

1855 1238 1870 1266 ,
1922 1204 2017 1256 καὶ
2078 1203 2436 1274 παραϐάντες
2486 1206 2580 1257 τὸν
2640 1205 2833 1276 νόμον,
2894 1206 2955 1256 et
3015 1198 3524 1275 pravaricantes-

226 1303 418 1384 legem
470 1354 483 1367 .
529 1314 557 1365 ὁ
591 1313 690 1382 μὲν
719 1311 830 1380 γὰρ
865 1307 1071 1379 Κύριιος
1099 1304 1244 1358 κατὰ
1273 1303 1364 1356 τὸν
1397 1301 1793 1372 νενομισμένον
1834 1299 2029 1371 καιρὸν
2070 1299 2303 1369 ἐφαγεν;
2345 1303 2544 1355 ἐκεῖνοι
2573 1302 2652 1365 δὲ,
2703 1303 2790 1355 ἵνα
2831 1303 2994 1372 μόνον
3022 1302 3393 1355 ἀποκτείνωσι
3422 1301 3525 1354 τὸν

235 1410 465 1480 Κύριον,
499 1405 905 1479 καταφρονοῦσι
960 1403 1057 1456 καὶ
1097 1401 1194 1455 τοῦ
1231 1400 1430 1469 νόμου,
1466 1389 1783 1450 Dominus
1845 1405 1918 1449 en

1845 1388 2020 1449 enim
2075 1386 2222 1467 ipso
2267 1389 2544 1468 legitimo
2598 1401 2876 1469 tempore
2929 1388 3281 1450 comederat
3338 1409 3356 1447 :
3414 1388 3524 1448 illi

235 1513 391 1559 vero
423 1502 838 1558 contemnunt
869 1492 1086 1569 legem,
1133 1489 1326 1550 modo
1364 1487 1663 1549 occidant
1696 1484 2048 1548 Christum.
2090 1509 2117 1542 ››
2154 1488 2344 1547 Suam
2404 1485 2701 1564 patefacit
2757 1494 3037 1547 mentem
3088 1486 3337 1562 absque
3385 1485 3515 1546 ulla

233 1595 526 1673 ambage.

308 1691 412 1752 66.
461 1689 533 1750 In
570 1703 673 1758 eo.
714 1702 910 1766 quem
940 1681 1405 1763 expendimus,
1445 1678 1589 1742 loco
1628 1679 2093 1742 Commentarii
2142 1679 2212 1739 in
2245 1680 2612 1741 Matthaum
2645 1681 2932 1741 enormis
2966 1678 3247 1743 occurrit
3284 1678 3520 1752 depra-

221 1789 402 1849 vatio
448 1789 511 1848 in
567 1784 904 1863 aliquibus
950 1779 1316 1853 codicibus,
1356 1787 1420 1840 et
1469 1778 1539 1838 in
1579 1785 1754 1838 textu
1815 1777 2032 1836 Romae
2085 1792 2157 1838 ac
2192 1776 2460 1838 Parisiis
2518 1777 2719 1838 edito.
2757 1801 2785 1832 (ι
2821 1777 3100 1838 Primam
3140 1777 3529 1854 Azymorum

230 1885 408 1946 diem
458 1889 658 1954 vocat,
704 1897 853 1959 quae
901 1879 1076 1941 diem
1131 1879 1528 1955 Azymorum
1559 1873 1883 1952 prmcedit.
1929 1874 2004 1936 Ut
2035 1873 2318 1953 exempli
2360 1876 2560 1954 gratia
2617 1875 2824 1937 dicam
2861 1899 2876 1937 :
2911 1886 2988 1956 Τῇ
3046 1883 3381 1954 παρασκευῆ
3429 1881 3522 1934 ἑσ-

231 1993 406 2062 πέρας
451 1987 681 2061 ἔμελλόν
707 1987 908 2039 ἐκεῖνοι
945 1985 1140 2053 φαγεῖν
1184 1981 1246 2034 τὸ
1275 1979 1485 2052 πάσχα,
1517 1971 1866 2033 Parasceve
1908 1993 1914 2023 τ

1840 1989 1866 2029 e
1908 1988 2165 2049 vespere
2195 1969 2650 2032 manducaturi
2708 1982 2889 2034 erant
2946 1975 3208 2053 pascha,
3244 1981 3339 2035 καὶ
3382 1980 3523 2052 αὕτη

231 2089 485 2144 tuideo
520 2086 630 2139 τῶν
661 2084 940 2155 ’Δζύμων,
977 2083 1030 2135 et
1070 2073 1210 2152 ipsa
1240 2068 1690 2149 appellabatur
1736 2067 2138 2147 Azymorum.
2178 2069 2496 2128 Dominus
2542 2069 2740 2146 igitur
2791 2071 2984 2130 mittit
3031 2069 3391 2148 discipulos
3427 2068 3528 2130 die

230 2179 479 2258 quinto,
528 2189 723 2254 quem
781 2169 1070 2235 nominat
1113 2166 1515 2245 evangelista
1564 2165 1844 2244 primum
1906 2217 1913 2226 .

1840 2208 1844 2220 ,
1906 2165 2312 2244 Azymorum,
2363 2173 2431 2226 ut
2463 2167 2577 2246 qui
2620 2177 2728 2246 πρὸ
2767 2175 2869 2245 ’ἑῆς
2918 2177 3309 2247 Παρασκευῆς,
3375 2175 3523 2227 ante

232 2272 628 2334 Parascwen
661 2278 820 2332 esset
861 2288 880 2330 :
918 2275 1056 2332 καθ’
1086 2274 1156 2346 ἣν
1195 2271 1561 2344 Παραηευῆν
1595 2271 1662 2341 τῆ
1697 2272 1908 2344 ἑσπέρᾳ

1841 2291 1928 2344 pq,
1964 2283 2085 2344 qua
2113 2264 2458 2324 Parasceve
2491 2281 2745 2342 vespere
2775 2265 3177 2327 comedebant
3207 2283 3448 2344 azyma.
3497 2287 3524 2318 »

230 2368 528 2432 lmmane
571 2366 804 2429 vitium
845 2363 996 2444 quis
1027 2377 1158 2426 non
1211 2361 1462 2425 videat?
1498 2359 1913 2436 Ineptissima
1955 2379 2109 2422 sane
2153 2359 2263 2422 illa
2322 2362 2510 2434 ratio,
2560 2359 2724 2422 diem
2766 2362 3059 2442 quintum
3100 2363 3249 2424 ideo
3286 2361 3526 2440 appel-

234 2465 437 2530 latum
489 2465 770 2545 primum
825 2462 1230 2541 Azymorum,
1264 2459 1417 2538 quia
1467 2457 1568 2518 die
1621 2465 1803 2517 sexto
1831 2501 1848 2530 ,
1882 2475 2000 2520 seu
2045 2460 2416 2528 Parasceve,
2447 2475 2703 2538 vespere
2754 2477 2973 2539 azyma
3020 2457 3526 2521 comedebantur.

231 2564 476 2628 Vocem
506 2563 887 2625 Parasceves
916 2559 1069 2640 quis
1100 2573 1228 2620 non
1263 2554 1707 2636 deprehendat
1751 2563 1994 2620 temere
2027 2557 2391 2620 invectam?

315 2684 488 2746 Huic
519 2683 900 2747 adversatur
928 2675 1194 2742 lectioni
1226 2677 1410 2740 locus
1431 2675 1900 2755 TheOpbylacti
1930 2677 1994 2736 in
2023 2676 2453 2754 Evangelium
2487 2675 2677 2736 Luem
2700 2678 2906 2756 capite
2939 2695 3105 2750 xxn,
3141 2695 3198 2738 ν.
3232 2681 3270 2737 ’1
3305 2700 3317 2737 :
3358 2683 3533 2755 Ἡμέ-

237 2811 342 2870 ραν
373 2791 471 2846 οὖν
511 2791 764 2861 Ἀζυμων
793 2789 943 2857 λέγει
983 2785 1082 2858 τὴν
1112 2785 1391 2856 πέμπτην,
1415 2778 1485 2857 ἦς
1512 2785 1579 2855 τῇ
1614 2783 1826 2855 ἑσπέρᾳ
1859 2782 1920 2854 Ep

1859 2780 2082 2854 εμελλον
2114 2781 2262 2852 θύειν
2295 2786 2355 2838 τὸ
2414 2787 2604 2858 πάσχα
2642 2796 2657 2811 ’
2692 2776 2856 2839 diem
2895 2775 3102 2854 igitur
3153 2777 3537 2854 Azymorum

235 2882 398 2944 dicit
440 2882 754 2962 quintum,
795 2877 877 2938 ad
943 2877 1125 2958 cujus
1180 2892 1506 2954 vesperam
1553 2873 1790 2953 pascha
1836 2871 2287 2935 immolandum
2321 2885 2482 2936 erat.
2548 2876 2778 2938 Eidem
2825 2872 3088 2935 lectioni
3153 2875 3536 2934 adversatur

239 2980 507 3042 Grmcus
559 2978 807 3045 codex,
864 2990 1005 3053 quo,
1049 2987 1212 3035 usus
1258 2978 1356 3033 est
1421 2968 1994 3049 OEcolampadius.
2041 2970 2486 3036 Adversantur
2522 2973 2715 3036 etiam
2778 2971 3053 3035 Romani
3120 2970 3198 3032 ab
3250 2971 3538 3032 Arcudio

238 3080 406 3138 libro
441 3077 494 3137 ΙΙ
533 3077 620 3135 De
672 3079 1063 3152 sacramento
1113 3068 1566 3140 Eucharistiae,
1603 3066 1810 3144 capite
1845 3066 1905 3139 5,
1942 3074 2004 3128 et
2041 3069 2441 3133 Parisienses
2500 3080 2535 3133 a
2590 3069 2929 3150 Lequieno
2965 3068 3438 3131 Dissertatione
3474 3083 3539 3129 vt

237 3172 734 3249 Damascenica},
765 3186 942 3231 num.
1007 3167 1235 3240 XLIII,
1289 3164 1676 3244 diligentius
1716 3163 2014 3240 inspecti,
2052 3164 2118 3226 in
2161 3167 2405 3246 quibus
2460 3168 2548 3230 ita
2586 3167 2825 3249 legitur
2866 3189 2881 3228 :
2920 3168 2998 3229 Ut
3037 3167 3131 3228 sic
3176 3165 3405 3240 dicam,
3467 3177 3536 3246 τῇ

239 3272 476 3341 πέμπτη
504 3270 748 3340 ἑσπέρας
772 3266 1002 3339 ἔμελλον
1033 3265 1240 3319 ἐκεῖνοι
1269 3266 1467 3334 φαγεῖν
1491 3262 1553 3316 τὸ
1586 3262 1774 3332 πάσχα
1799 3276 1812 3291 ⁸
1848 3259 1950 3331 μεθ
1969 3261 1982 3282 ⁹
2006 3263 2072 3331 ἢν
2095 3263 2404 3333 ἐπιφώσκει
2433 3267 2466 3337 ἠ
2494 3263 2832 3336 Παρασκευῆ
2869 3305 2882 3319 .
2925 3264 3127 3335 Πρώτη
3165 3263 3276 3316 τῶν
3308 3262 3540 3331 ἀζύμων

236 3360 486 3414 ἐκαλεῖτο
537 3359 692 3429 παρὰ
747 3356 827 3425 τῷ
885 3357 1062 3425 νόμῳ,
1111 3347 1202 3407 οἷα
1271 3351 1337 3425 δὴ
1377 3351 1479 3422 τῆς
1534 3351 1728 3422 ἑορτῆς
1782 3349 2094 3421 ἀρχομένης
2157 3353 2266 3406 ἀπὸ
2323 3353 2425 3424 τῆς
2493 3353 2776 3424 ἑσπέρας,
2841 3351 2976 3406 καθ’
3043 3351 3111 3422 ἢν
3157 3351 3413 3421 ἡσθίοντο
3472 3353 3543 3406 τὰ

236 3459 475 3529 ἄζυμα·
515 3448 756 3524 Quinta
799 3447 964 3527 feria
1019 3461 1278 3523 vespere
1332 3440 1783 3502 manducaturi
1849 3451 2028 3501 erant
2079 3443 2341 3520 pascha,
2395 3455 2540 3524 post
2599 3463 2784 3525 quam
2840 3443 3107 3505 lucescit
3165 3443 3537 3507 Parasceve.

237 3545 462 3611 Prima
523 3544 904 3622 Azymorum
961 3539 1318 3603 vocabatur
1364 3540 1433 3601 in
1476 3539 1629 3617 lege,
1685 3557 1755 3598 eo
1804 3537 1974 3619 quod
2020 3539 2251 3619 festum
2305 3540 2686 3622 inciepiebat
2731 3561 2768 3601 a
2810 3559 3098 3620 vespera,
3147 3557 3271 3620 qua
3318 3559 3544 3619 azyma

238 3643 752 3707 comedebantur.
825 3641 1102 3720 Egregie
1162 3645 1524 3701 consonant
1595 3638 1838 3699 omnia.
1901 3637 2228 3699 Laudatus
2291 3640 2672 3720 Lequienus
2738 3640 2880 3702 loco
2941 3641 3136 3700 citato
3203 3639 3538 3711 observat,

241 3742 525 3822 Regium
570 3738 1006 3802 Parisiensem
1062 3735 1355 3798 codicem
1399 3749 1594 3815 quem
1646 3732 1946 3808 contulit,
1998 3757 2028 3789 α
2073 3735 2150 3796 ad
2183 3737 2470 3799 auctoris
2512 3745 2762 3800 aetatem
2826 3736 3329 3816 quamproxime
3359 3753 3542 3798 acce-

239 3839 420 3902 dere.
466 3862 496 3894 in
533 3837 708 3898 inter
742 3835 997 3898 codices
1035 3834 1300 3895 Venetas
1328 3831 1670 3894 Marcianas
1694 3830 2105 3896 bibliothecaa
2138 3849 2354 3896 veram
2389 3833 2738 3899 lectionem
2772 3834 3008 3896 habent
3042 3835 3198 3908 duo,
3234 3835 3314 3895 29
3349 3843 3410 3896 et
3437 3835 3538 3907 30,

244 3935 671 4014 vitiatumque
702 3939 951 3993 textum
989 3937 1242 4009 prmstat
1274 3929 1478 3992 codex
1511 3929 1610 3990 31.

322 4058 587 4122 Similes
621 4055 889 4119 fortasse
940 4060 1158 4116 textus
1205 4052 1650 4132 interpolatori
1689 4071 1908 4116 ansam
1952 4055 2275 4130 dederint,
2312 4073 2478 4138 quos
2533 4057 2598 4118 in
2647 4056 2796 4118 aliis
2854 4055 3132 4117 Malthmi
3183 4052 3542 4133 expositio-

241 4155 468 4230 nibus,
528 4160 637 4217 aut
690 4150 948 4216 Catenis
1002 4150 1266 4230 legeret,
1309 4157 1376 4213 ut
1442 4150 1911 4232 TheOphylacti
1979 4153 2194 4216 locum
2244 4156 2648 4233 depravaret.
2704 4157 2774 4216 ln
2815 4172 2889 4216 ea
2950 4155 3181 4232 utique
3247 4153 3540 4232 ejusdem

244 4252 664 4333 evangelista
712 4248 1150 4329 expositione,
1209 4265 1355 4326 quae
1417 4248 1483 4310 in
1541 4250 1764 4312 codice
1821 4252 1902 4312 26
1965 4253 2232 4314 Venetae
2275 4255 2488 4316 Sancti
2544 4254 2737 4316 Marci
2773 4251 3186 4314 bibliotheca:
3230 4252 3543 4314 tribuitur

242 4351 481 4417 Nicette
540 4349 835 4428 episcopo
897 4343 1314 4424 metropoleos
1378 4345 1723 4426 Naupacti,
1779 4365 1851 4410 ac
1908 4350 2102 4411 etiam
2147 4351 2640 4432 TheOphylacto
2699 4349 3034 4430 aliquibus
3076 4349 3140 4410 in
3203 4348 3542 4411 codicibus

245 4448 488 4510 tributa
547 4445 812 4518 dicitur,
876 4450 948 4504 ut
1006 4444 1462 4506 adnotavimus
1514 4461 1694 4505 num.
1745 4446 1846 4520 58,
1887 4447 2111 4508 cadem
2167 4448 2304 4511 fere
2340 4452 2534 4512 verba
2589 4450 2894 4528 leguntur
2939 4471 2953 4514 :
3006 4461 3240 4530 Ιῐρώτην
3293 4455 3388 4512 οὖν
3433 4457 3544 4511 τῶν

255 4546 512 4616 Ἀζύμων
548 4541 787 4597 ινταῦθα
832 4541 968 4612 φησὶ
994 4543 1022 4594 ὁ
1053 4539 1338 4604 Ματθαῖος
1369 4541 1468 4612 τὴν
1514 4542 1622 4612 πρὸ
1658 4543 1767 4596 τῶν
1831 4541 2088 4612 Ἀζύμων
2141 4546 2361 4618 ἡμέραν
2398 4547 2518 4618 (τὴν
2555 4550 3019 4621 τρισκαιδεκάτην
3055 4552 3154 4620 μὲν
3202 4551 3296 4602 τοῦ
3349 4547 3541 4618 μηνὸς,

243 4636 509 4705 πέμπτην
556 4633 656 4701 τῆς
702 4629 1043 4701 ἑϐδομάδος).
1077 4625 1204 4683 Οἷον
1227 4648 1280 4683 τι
1325 4630 1491 4698 λέγω,
1518 4634 1584 4700 τῇ
1623 4633 1956 4705 Παρασκευῇ
1995 4634 2238 4703 ἑσπέρας
2263 4635 2488 4706 ἔμελλον
2512 4637 2561 4689 οἱ
2620 4639 2866 4692 Ἰουδαῖοι
2891 4643 3086 4708 φαγεῖν
3115 4639 3177 4692 τὸ
3202 4639 3410 4708 πάσχα,
3451 4636 3544 4689 καὶ

243 4736 392 4808 αὕτη
437 4732 688 4787 tralato
722 4728 832 4784 τῶν
874 4729 1145 4800 Ἀζύμων.
1182 4720 1460 4780 Primam
1484 4721 1865 4798 Azymorum
1896 4724 1926 4785 ll

1860 4749 1865 4779 ι
1896 4724 2012 4785 hoc
2056 4724 2192 4783 loco
2242 4723 2398 4785 dicit
2435 4726 2794 4800 Matthaeus,
2832 4746 2966 4808 qua:
2993 4726 3295 4806 praecedit
3325 4744 3543 4804 azyma

243 4826 526 4909 (tertiam
579 4821 880 4883 decimam
919 4819 1174 4890 mensis,
1227 4819 1516 4897 quintam
1563 4817 1963 4882 hebdomadw
2021 4820 2235 4901 diem).
2298 4823 2372 4884 Ut
2405 4824 2499 4883 ita
2557 4825 2764 4884 dicam
2803 4825 3222 4898 :Parasceve,
3262 4841 3540 4902 vespere,

238 4921 455 4987 Judaei
488 4916 941 4980 manducaturi
988 4925 1171 4977 erant
1213 4919 1483 4996 pascha,
1528 4926 1583 4978 et
1634 4919 1778 4996 ipsa
1825 4918 2274 4999 appellabatur
2326 4922 2736 4998 Azymorum.
2790 4923 2942 4984 Sine
2982 4922 3183 4984 dubio
3218 4921 3544 4984 sententia

241 5035 474 5085 eorum
510 5017 642 5079 haec
674 5025 794 5087 est,
831 5015 945 5094 qui
972 5013 1299 5077 ChriStum
1336 5033 1462 5076 una
1509 5016 1614 5077 die
1650 5016 2013 5096 legitimum
2053 5019 2446 5096 prmvenisse
2486 5019 2747 5090 Pascha,
2785 5020 3136 5098 ipsumque
3178 5017 3543 5080 celebrasse

241 5117 352 5180 die
388 5115 575 5178 tertia
607 5113 861 5176 decima
903 5110 1231 5173 tenebant.
1273 5113 1516 5174 Eadem
1553 5129 1744 5191 porro
1791 5113 1913 5177 hoc
1945 5115 2016 5177 in
2052 5115 2193 5178 loco
2225 5116 2416 5177 verba
2452 5124 2626 5189 sunt,
2658 5135 2804 5196 qua:
2833 5117 3163 5194 [XXXIII]
3194 5123 3544 5178 occurrunt

242 5214 309 5276 in
349 5213 572 5275 vitiato
597 5219 778 5273 textu
811 5207 1305 5289 'l‘beOphylacti.
1342 5210 1530 5272 Haud
1564 5210 1893 5273 absimilia
1924 5213 2204 5294 legimus
2236 5215 2302 5276 in
2351 5216 2558 5292 prima
2596 5217 2768 5294 apud
2825 5215 3170 5277 Possinum
3205 5217 3440 5277 Catena
3475 5215 3541 5275 in

242 5313 616 5374 Matthaaum
660 5327 672 5370 :
711 5331 741 5365 α
789 5309 1063 5385 Primam
1097 5310 1494 5386 Azymorum
1522 5307 1703 5380 dicit,
1737 5325 1883 5388 qum
1926 5309 2230 5386 praecedit
2266 5318 2651 5387 Azymorum
2693 5309 2864 5371 diem
2902 5311 3198 5387 primam.
3236 5309 3535 5370 Consue-

244 5417 483 5472 verunt
523 5407 699 5471 enim
734 5406 968 5481 Judaei,
1019 5425 1050 5466 a
1095 5423 1367 5486 vespera
1424 5424 1771 5469 numerare
1805 5407 1947 5469 dies
1988 5427 2003 5468 :
2041 5415 2105 5470 et
2138 5407 2280 5487 ejus
2314 5407 2474 5482 diei,
2506 5408 2573 5469 in
2623 5406 2790 5469 festo
2825 5408 3080 5469 Pascha;
3112 5408 3540 5478 recensendo,

244 5507 483 5570 habere
549 5506 894 5579 rationem,
963 5521 1094 5584 qua
1147 5505 1272 5566 sub
1333 5522 1675 5586 veSperam
1739 5506 1979 5584 paratis
2029 5505 2277 5584 azymis
2341 5521 2548 5584 agnus
2602 5505 3104 5568 sacriﬁcabatur.
3147 5529 3174 5562 ι
3211 5505 3543 5566 Hactenus

240 5605 642 5670 conveniunt
675 5605 917 5668 omnia.
953 5603 1263 5684 Sequitur
1293 5611 1510 5665 textus
1547 5627 1563 5669 :
1617 5613 1710 5668 Ἐν
1755 5613 1863 5686 γὰρ
1889 5632 1918 5668 τ

1889 5617 1960 5684 τῆ
2010 5613 2352 5686 Παρασκευῇ
2408 5614 2657 5683 ἑσπέρας
2712 5613 2942 5686 ἔμελλον
2992 5614 3191 5666 ἐκεῖνοι
3234 5614 3433 5683 φαγεῖν
3484 5611 3546 5664 τὸ

242 5715 454 5787 πάσχα,
494 5703 843 5764 Parasceve
892 5701 1052 5763 enim
1082 5718 1340 5782 vespera
1368 5702 1830 5767 manducaturi
1879 5712 2061 5765 erant
2120 5704 2390 5766 Pascha.
2425 5705 2518 5766 En
2575 5707 2814 5766 iterum
2851 5702 3048 5767 verba
3081 5704 3147 5764 in
3181 5701 3541 5782 Theophy-

246 5801 397 5868 lacti
457 5799 672 5864 locum
732 5798 1008 5863 invecta.
1054 5799 1336 5861 Audacis
1382 5801 1869 5881 interpolatoris
1932 5804 2288 5866 consilium
2337 5802 2546 5865 fuisse
2604 5803 2950 5882 perspicue
3001 5808 3194 5881 patet,
3229 5809 3298 5865 ut
3351 5799 3547 5864 verba

246 5897 726 5979 TbeOphylacti
765 5897 831 5960 in
860 5913 1000 5960 eam
1038 5895 1411 5962 Graacorum
1447 5901 1865 5977 sententiam,
1908 5902 2331 5980 corruptione
2381 5900 2664 5975 inveCta,
2701 5899 3104 5975 deﬂecteret,
3140 5917 3286 5981 quea
3316 5902 3544 5965 Jesum
