  <div class='ocr_page' id='page_1' title='image "/cluster/home/n/w/nwhite01/storage/ocr_20150623/123/nnc1.0046979670/043.png"; bbox 0 0 4262 6432; ppageno 0'>
   <div class='ocr_carea' id='block_1_1' title="bbox 720 365 2403 473">
    <p class='ocr_par' dir='ltr' id='par_1_1' title="bbox 720 385 2393 473">
     <span class='ocr_line' id='line_1_1' title="bbox 720 385 2393 473; baseline -0.016 0"><span class='ocrx_word' id='word_1_1' title='bbox 720 410 781 473; x_wconf 87' lang='grc'><strong>71</strong></span> <span class='ocrx_word' id='word_1_2' title='bbox 1565 393 1792 456; x_wconf 81' lang='lat' dir='ltr'><strong>BERN.</strong></span> <span class='ocrx_word' id='word_1_3' title='bbox 1832 391 2098 453; x_wconf 65' lang='grc' dir='ltr'><strong>ΜΑΒΙΕ</strong></span> <span class='ocrx_word' id='word_1_4' title='bbox 2140 387 2237 449; x_wconf 85' lang='lat' dir='ltr'><strong>DE</strong></span> <span class='ocrx_word' id='word_1_5' title='bbox 2285 385 2393 448; x_wconf 75' lang='grc' dir='ltr'><strong>ΒΗ</strong></span> 
     </span>
    </p>
   </div>
   <div class='ocr_carea' id='block_1_2' title="bbox 2281 365 3964 473">
    <p class='ocr_par' dir='ltr' id='par_1_2' title="bbox 2285 365 3964 448">
     <span class='ocr_line' id='line_1_2' title="bbox 2285 365 3964 448; baseline -0.011 0"><span class='ocrx_word' id='word_1_6' title='bbox 2285 384 2572 448; x_wconf 77' lang='lat' dir='ltr'><strong>BUBEIS</strong></span> <span class='ocrx_word' id='word_1_7' title='bbox 2611 376 3120 443; x_wconf 84' lang='lat' dir='ltr'><strong>DISSERTATIO</strong></span> <span class='ocrx_word' id='word_1_8' title='bbox 3891 365 3964 430; x_wconf 80' lang='grc'><strong>72</strong></span> 
     </span>
    </p>
   </div>
   <div class='ocr_carea' id='block_1_3' title="bbox 705 485 3960 582">
    <p class='ocr_par' dir='ltr' id='par_1_3' title="bbox 705 485 3960 582">
     <span class='ocr_line' id='line_1_3' title="bbox 705 485 3960 582; baseline -0.011 -1"><span class='ocrx_word' id='word_1_9' title='bbox 705 518 1030 582; x_wconf 86' lang='lat' dir='ltr'><strong>Christum</strong></span> <span class='ocrx_word' id='word_1_10' title='bbox 1089 515 1263 571; x_wconf 87' lang='lat' dir='ltr'><strong>tenet</strong></span> <span class='ocrx_word' id='word_1_11' title='bbox 1320 521 1444 569; x_wconf 82' lang='lat' dir='ltr'><strong>una</strong></span> <span class='ocrx_word' id='word_1_12' title='bbox 1487 503 1592 564; x_wconf 90' lang='lat' dir='ltr'><strong>die</strong></span> <span class='ocrx_word' id='word_1_13' title='bbox 1655 501 1885 581; x_wconf 82' lang='lat' dir='ltr'><strong>pascha</strong></span> <span class='ocrx_word' id='word_1_14' title='bbox 1936 499 2299 578; x_wconf 89' lang='lat' dir='ltr'><strong>legitimum</strong></span> <span class='ocrx_word' id='word_1_15' title='bbox 2359 495 2809 566; x_wconf 89' lang='lat' dir='ltr'><strong>antevertisse,</strong></span> <span class='ocrx_word' id='word_1_16' title='bbox 2869 509 2940 554; x_wconf 90' lang='lat' dir='ltr'><strong>ac</strong></span> <span class='ocrx_word' id='word_1_17' title='bbox 2979 491 3344 554; x_wconf 75' lang='lat' dir='ltr'><strong>celebrasse</strong></span> <span class='ocrx_word' id='word_1_18' title='bbox 3389 488 3554 550; x_wconf 90' lang='lat' dir='ltr'><strong>illud</strong></span> <span class='ocrx_word' id='word_1_19' title='bbox 3605 487 3714 550; x_wconf 88' lang='lat' dir='ltr'><strong>die</strong></span> <span class='ocrx_word' id='word_1_20' title='bbox 3775 485 3960 548; x_wconf 90' lang='lat' dir='ltr'><strong>tertia</strong></span> 
     </span>
    </p>
   </div>
   <div class='ocr_carea' id='block_1_4' title="bbox 707 584 3959 682">
    <p class='ocr_par' dir='ltr' id='par_1_4' title="bbox 707 584 3959 682">
     <span class='ocr_line' id='line_1_4' title="bbox 707 584 3959 682; baseline -0.011 -3"><span class='ocrx_word' id='word_1_21' title='bbox 707 615 955 678; x_wconf 89' lang='lat' dir='ltr'><strong>decima</strong></span> <span class='ocrx_word' id='word_1_22' title='bbox 1002 627 1067 671; x_wconf 85' lang='lat' dir='ltr'><strong>In</strong></span> <span class='ocrx_word' id='word_1_23' title='bbox 1115 607 1339 670; x_wconf 85' lang='lat' dir='ltr'><strong>feriam</strong></span> <span class='ocrx_word' id='word_1_24' title='bbox 1407 603 1696 682; x_wconf 81' lang='lat' dir='ltr'><strong>quintam</strong></span> <span class='ocrx_word' id='word_1_25' title='bbox 1759 598 2087 659; x_wconf 80' lang='lat' dir='ltr'><strong>incidente</strong></span> <span class='ocrx_word' id='word_1_26' title='bbox 2123 618 2139 655; x_wconf 88' lang='lat'><strong>:</strong></span> <span class='ocrx_word' id='word_1_27' title='bbox 2169 594 2427 655; x_wconf 68' lang='lat' dir='ltr'><strong>Judaaos</strong></span> <span class='ocrx_word' id='word_1_28' title='bbox 2461 605 2613 652; x_wconf 87' lang='lat' dir='ltr'><strong>vero</strong></span> <span class='ocrx_word' id='word_1_29' title='bbox 2669 589 3002 668; x_wconf 81' lang='lat' dir='ltr'><strong>peregisse</strong></span> <span class='ocrx_word' id='word_1_30' title='bbox 3061 585 3228 648; x_wconf 89' lang='lat' dir='ltr'><strong>illud</strong></span> <span class='ocrx_word' id='word_1_31' title='bbox 3285 585 3393 648; x_wconf 89' lang='lat' dir='ltr'><strong>die</strong></span> <span class='ocrx_word' id='word_1_32' title='bbox 3441 584 3691 646; x_wconf 89' lang='lat' dir='ltr'><strong>decima</strong></span> <span class='ocrx_word' id='word_1_33' title='bbox 3729 587 3959 682; x_wconf 83' lang='lat' dir='ltr'><strong>quarta</strong></span> 
     </span>
    </p>
   </div>
   <div class='ocr_carea' id='block_1_5' title="bbox 699 679 3962 778">
    <p class='ocr_par' dir='ltr' id='par_1_5' title="bbox 699 679 3962 778">
     <span class='ocr_line' id='line_1_5' title="bbox 699 679 3962 778; baseline -0.011 -5"><span class='ocrx_word' id='word_1_34' title='bbox 699 711 1064 778; x_wconf 70' lang='lat' dir='ltr'><strong>desinente,</strong></span> <span class='ocrx_word' id='word_1_35' title='bbox 1105 722 1175 765; x_wconf 90' lang='lat' dir='ltr'><strong>ac</strong></span> <span class='ocrx_word' id='word_1_36' title='bbox 1229 679 1610 764; x_wconf 77' lang='lat' dir='ltr'><strong>Parasceves</strong></span> <span class='ocrx_word' id='word_1_37' title='bbox 1670 714 1785 757; x_wconf 91' lang='lat' dir='ltr'><strong>seu</strong></span> <span class='ocrx_word' id='word_1_38' title='bbox 1843 693 2020 756; x_wconf 65' lang='lat' dir='ltr'><strong>ferias</strong></span> <span class='ocrx_word' id='word_1_39' title='bbox 2050 697 2247 752; x_wconf 68' lang='lat' dir='ltr'><strong>sextae</strong></span> <span class='ocrx_word' id='word_1_40' title='bbox 2304 689 2680 768; x_wconf 88' lang='lat' dir='ltr'><strong>vespertino</strong></span> <span class='ocrx_word' id='word_1_41' title='bbox 2741 696 3056 766; x_wconf 83' lang='lat' dir='ltr'><strong>tempore,</strong></span> <span class='ocrx_word' id='word_1_42' title='bbox 3117 703 3150 748; x_wconf 90' lang='lat' dir='ltr'><strong>a</strong></span> <span class='ocrx_word' id='word_1_43' title='bbox 3211 700 3347 764; x_wconf 89' lang='lat' dir='ltr'><strong>quo</strong></span> <span class='ocrx_word' id='word_1_44' title='bbox 3406 682 3761 761; x_wconf 88' lang='lat' dir='ltr'><strong>incipiebat</strong></span> <span class='ocrx_word' id='word_1_45' title='bbox 3802 679 3962 778; x_wconf 79' lang='lat' dir='ltr'><strong>dies</strong></span> 
     </span>
    </p>
   </div>
   <div class='ocr_carea' id='block_1_6' title="bbox 700 776 3965 882">
    <p class='ocr_par' dir='ltr' id='par_1_6' title="bbox 700 776 3965 882">
     <span class='ocr_line' id='line_1_6' title="bbox 700 776 3965 882; baseline -0.011 -12"><span class='ocrx_word' id='word_1_46' title='bbox 700 808 931 870; x_wconf 82' lang='lat' dir='ltr'><strong>festiva</strong></span> <span class='ocrx_word' id='word_1_47' title='bbox 968 776 1353 882; x_wconf 68' lang='lat' dir='ltr'><strong>azymorum</strong></span> <span class='ocrx_word' id='word_1_48' title='bbox 1377 795 1602 874; x_wconf 90' lang='lat' dir='ltr'><strong>quinta</strong></span> <span class='ocrx_word' id='word_1_49' title='bbox 1647 792 1920 864; x_wconf 88' lang='lat' dir='ltr'><strong>decima,</strong></span> <span class='ocrx_word' id='word_1_50' title='bbox 1959 790 2022 850; x_wconf 93' lang='lat' dir='ltr'><strong>in</strong></span> <span class='ocrx_word' id='word_1_51' title='bbox 2058 788 2398 850; x_wconf 89' lang='lat' dir='ltr'><strong>Sabbatum</strong></span> <span class='ocrx_word' id='word_1_52' title='bbox 2447 786 2748 847; x_wconf 86' lang='lat' dir='ltr'><strong>incidens</strong></span> <span class='ocrx_word' id='word_1_53' title='bbox 2782 786 3106 862; x_wconf 82' lang='lat' dir='ltr'><strong>passionis</strong></span> <span class='ocrx_word' id='word_1_54' title='bbox 3140 781 3378 846; x_wconf 81' lang='lat' dir='ltr'><strong>Christi</strong></span> <span class='ocrx_word' id='word_1_55' title='bbox 3413 797 3606 882; x_wconf 75' lang='lat' dir='ltr'><strong>anno.</strong></span> <span class='ocrx_word' id='word_1_56' title='bbox 3643 776 3818 882; x_wconf 59' lang='lat' dir='ltr'><strong>l‘lihil</strong></span> <span class='ocrx_word' id='word_1_57' title='bbox 3863 781 3965 836; x_wconf 90' lang='lat' dir='ltr'><strong>est</strong></span> 
     </span>
    </p>
   </div>
   <div class='ocr_carea' id='block_1_7' title="bbox 699 876 3964 976">
    <p class='ocr_par' dir='ltr' id='par_1_7' title="bbox 699 876 3964 976">
     <span class='ocr_line' id='line_1_7' title="bbox 699 876 3964 976; baseline -0.01 -9"><span class='ocrx_word' id='word_1_58' title='bbox 699 921 854 966; x_wconf 87' lang='lat' dir='ltr'><strong>vero</strong></span> <span class='ocrx_word' id='word_1_59' title='bbox 920 876 1384 976; x_wconf 84' lang='lat' dir='ltr'><strong>Theophylacti</strong></span> <span class='ocrx_word' id='word_1_60' title='bbox 1438 891 1636 953; x_wconf 92' lang='lat' dir='ltr'><strong>menti</strong></span> <span class='ocrx_word' id='word_1_61' title='bbox 1696 889 1894 967; x_wconf 90' lang='lat' dir='ltr'><strong>magis</strong></span> <span class='ocrx_word' id='word_1_62' title='bbox 1978 899 2369 963; x_wconf 86' lang='lat' dir='ltr'><strong>repugnans,</strong></span> <span class='ocrx_word' id='word_1_63' title='bbox 2440 882 2555 962; x_wconf 89' lang='lat' dir='ltr'><strong>qui</strong></span> <span class='ocrx_word' id='word_1_64' title='bbox 2605 881 2887 960; x_wconf 78' lang='lat' dir='ltr'><strong>singulis</strong></span> <span class='ocrx_word' id='word_1_65' title='bbox 2965 883 3034 943; x_wconf 91' lang='lat' dir='ltr'><strong>in</strong></span> <span class='ocrx_word' id='word_1_66' title='bbox 3081 876 3580 944; x_wconf 79' lang='lat' dir='ltr'><strong>Commentariis</strong></span> <span class='ocrx_word' id='word_1_67' title='bbox 3639 877 3726 976; x_wconf 76' lang='lat' dir='ltr'><strong>in</strong></span> <span class='ocrx_word' id='word_1_68' title='bbox 3768 890 3964 976; x_wconf 75' lang='lat' dir='ltr'><strong>evan-</strong></span> 
     </span>
    </p>
   </div>
   <div class='ocr_carea' id='block_1_8' title="bbox 713 970 3963 1069">
    <p class='ocr_par' dir='ltr' id='par_1_8' title="bbox 713 970 3963 1069">
     <span class='ocr_line' id='line_1_8' title="bbox 713 970 3963 1069; baseline -0.009 -10"><span class='ocrx_word' id='word_1_69' title='bbox 713 1001 1002 1069; x_wconf 66' lang='lat' dir='ltr'><strong>gelistas,</strong></span> <span class='ocrx_word' id='word_1_70' title='bbox 1063 970 1124 1055; x_wconf 78' lang='lat' dir='ltr'><strong>et</strong></span> <span class='ocrx_word' id='word_1_71' title='bbox 1193 970 1258 1052; x_wconf 80' lang='lat' dir='ltr'><strong>in</strong></span> <span class='ocrx_word' id='word_1_72' title='bbox 1327 987 1598 1068; x_wconf 88' lang='lat' dir='ltr'><strong>epistola</strong></span> <span class='ocrx_word' id='word_1_73' title='bbox 1634 985 1710 1048; x_wconf 88' lang='lat' dir='ltr'><strong>ad</strong></span> <span class='ocrx_word' id='word_1_74' title='bbox 1769 983 2100 1046; x_wconf 83' lang='lat' dir='ltr'><strong>Nicolaum</strong></span> <span class='ocrx_word' id='word_1_75' title='bbox 2161 979 2505 1040; x_wconf 83' lang='lat' dir='ltr'><strong>diaconum</strong></span> <span class='ocrx_word' id='word_1_76' title='bbox 2575 987 2637 1039; x_wconf 91' lang='lat' dir='ltr'><strong>et</strong></span> <span class='ocrx_word' id='word_1_77' title='bbox 2689 977 3109 1039; x_wconf 92' lang='lat' dir='ltr'><strong>canstrisium</strong></span> <span class='ocrx_word' id='word_1_78' title='bbox 3158 976 3346 1038; x_wconf 81' lang='lat' dir='ltr'><strong>docet</strong></span> <span class='ocrx_word' id='word_1_79' title='bbox 3413 970 3963 1042; x_wconf 88' lang='lat' dir='ltr'><strong>constantissime,</strong></span> 
     </span>
    </p>
   </div>
   <div class='ocr_carea' id='block_1_9' title="bbox 714 1062 3962 1172">
    <p class='ocr_par' dir='ltr' id='par_1_9' title="bbox 714 1062 3962 1172">
     <span class='ocr_line' id='line_1_9' title="bbox 714 1062 3962 1172; baseline -0.009 -15"><span class='ocrx_word' id='word_1_80' title='bbox 714 1062 1073 1172; x_wconf 72' lang='lat' dir='ltr'><strong>legitimum</strong></span> <span class='ocrx_word' id='word_1_81' title='bbox 1117 1062 1439 1149; x_wconf 84' lang='lat' dir='ltr'><strong>Paschatis</strong></span> <span class='ocrx_word' id='word_1_82' title='bbox 1480 1093 1735 1158; x_wconf 73' lang='lat' dir='ltr'><strong>tempus</strong></span> <span class='ocrx_word' id='word_1_83' title='bbox 1783 1097 1818 1142; x_wconf 92' lang='lat' dir='ltr'><strong>a</strong></span> <span class='ocrx_word' id='word_1_84' title='bbox 1875 1079 2128 1142; x_wconf 88' lang='lat' dir='ltr'><strong>Christo</strong></span> <span class='ocrx_word' id='word_1_85' title='bbox 2179 1081 2536 1148; x_wconf 89' lang='lat' dir='ltr'><strong>servatum,</strong></span> <span class='ocrx_word' id='word_1_86' title='bbox 2585 1075 2842 1140; x_wconf 71' lang='lat' dir='ltr'><strong>Judceos</strong></span> <span class='ocrx_word' id='word_1_87' title='bbox 2875 1089 3026 1136; x_wconf 89' lang='lat' dir='ltr'><strong>vero</strong></span> <span class='ocrx_word' id='word_1_88' title='bbox 3077 1072 3282 1150; x_wconf 84' lang='lat' dir='ltr'><strong>legem</strong></span> <span class='ocrx_word' id='word_1_89' title='bbox 3320 1068 3765 1172; x_wconf 67' lang='lat' dir='ltr'><strong>prmvaricatos</strong></span> <span class='ocrx_word' id='word_1_90' title='bbox 3797 1083 3962 1172; x_wconf 71' lang='lat' dir='ltr'><strong>esse.</strong></span> 
     </span>
    </p>
   </div>
   <div class='ocr_carea' id='block_1_10' title="bbox 785 1163 3965 1263">
    <p class='ocr_par' dir='ltr' id='par_1_10' title="bbox 785 1163 3965 1263">
     <span class='ocr_line' id='line_1_10' title="bbox 785 1163 3965 1263; baseline -0.008 -12"><span class='ocrx_word' id='word_1_91' title='bbox 785 1163 882 1251; x_wconf 62' lang='lat' dir='ltr'><strong>d7.</strong></span> <span class='ocrx_word' id='word_1_92' title='bbox 919 1191 1224 1263; x_wconf 78' lang='lat' dir='ltr'><strong>Superest</strong></span> <span class='ocrx_word' id='word_1_93' title='bbox 1255 1177 1712 1258; x_wconf 82' lang='lat' dir='ltr'><strong>&#39;l‘heOphylacti</strong></span> <span class='ocrx_word' id='word_1_94' title='bbox 1746 1174 2270 1246; x_wconf 88' lang='lat' dir='ltr'><strong>commentarius,</strong></span> <span class='ocrx_word' id='word_1_95' title='bbox 2305 1188 2496 1249; x_wconf 85' lang='lat' dir='ltr'><strong>quem</strong></span> <span class='ocrx_word' id='word_1_96' title='bbox 2527 1170 2998 1247; x_wconf 83' lang='lat' dir='ltr'><strong>expendamus,</strong></span> <span class='ocrx_word' id='word_1_97' title='bbox 3024 1169 3101 1232; x_wconf 89' lang='lat' dir='ltr'><strong>ad</strong></span> <span class='ocrx_word' id='word_1_98' title='bbox 3137 1175 3328 1243; x_wconf 89' lang='lat' dir='ltr'><strong>caput</strong></span> <span class='ocrx_word' id='word_1_99' title='bbox 3361 1184 3464 1228; x_wconf 87' lang='lat' dir='ltr'><strong>xIv</strong></span> <span class='ocrx_word' id='word_1_100' title='bbox 3527 1163 3752 1237; x_wconf 90' lang='lat' dir='ltr'><strong>Marci,</strong></span> <span class='ocrx_word' id='word_1_101' title='bbox 3778 1181 3839 1225; x_wconf 90' lang='lat' dir='ltr'><strong>v.</strong></span> <span class='ocrx_word' id='word_1_102' title='bbox 3864 1163 3965 1224; x_wconf 79' lang='lat' dir='ltr'><strong>t2.</strong></span> 
     </span>
    </p>
   </div>
   <div class='ocr_carea' id='block_1_11' title="bbox 701 1262 3966 1348">
    <p class='ocr_par' dir='ltr' id='par_1_11' title="bbox 701 1262 3966 1348">
     <span class='ocr_line' id='line_1_11' title="bbox 701 1262 3966 1348; baseline -0.008 -2"><span class='ocrx_word' id='word_1_103' title='bbox 701 1287 918 1346; x_wconf 86' lang='lat' dir='ltr'><strong>Latina</strong></span> <span class='ocrx_word' id='word_1_104' title='bbox 960 1262 1172 1342; x_wconf 88' lang='lat' dir='ltr'><strong>versio</strong></span> <span class='ocrx_word' id='word_1_105' title='bbox 1229 1284 1323 1338; x_wconf 91' lang='lat' dir='ltr'><strong>est</strong></span> <span class='ocrx_word' id='word_1_106' title='bbox 1373 1297 1386 1336; x_wconf 91' lang='lat'><strong>:</strong></span> <span class='ocrx_word' id='word_1_107' title='bbox 1424 1299 1450 1330; x_wconf 92' lang='lat'>«</span> <span class='ocrx_word' id='word_1_108' title='bbox 1481 1274 1761 1335; x_wconf 86' lang='lat' dir='ltr'><strong>Primam</strong></span> <span class='ocrx_word' id='word_1_109' title='bbox 1789 1271 1950 1332; x_wconf 89' lang='lat' dir='ltr'><strong>diem</strong></span> <span class='ocrx_word' id='word_1_110' title='bbox 1977 1269 2378 1348; x_wconf 80' lang='lat' dir='ltr'><strong>Azymorum,</strong></span> <span class='ocrx_word' id='word_1_111' title='bbox 2414 1269 2584 1328; x_wconf 92' lang='lat' dir='ltr'><strong>diem</strong></span> <span class='ocrx_word' id='word_1_112' title='bbox 2625 1268 2937 1344; x_wconf 80' lang='lat' dir='ltr'><strong>quintum,</strong></span> <span class='ocrx_word' id='word_1_113' title='bbox 2977 1265 3154 1336; x_wconf 89' lang='lat' dir='ltr'><strong>dicit,</strong></span> <span class='ocrx_word' id='word_1_114' title='bbox 3181 1264 3296 1342; x_wconf 85' lang='lat' dir='ltr'><strong>qui</strong></span> <span class='ocrx_word' id='word_1_115' title='bbox 3331 1268 3466 1324; x_wconf 88' lang='lat' dir='ltr'><strong>erat</strong></span> <span class='ocrx_word' id='word_1_116' title='bbox 3493 1270 3639 1324; x_wconf 89' lang='lat' dir='ltr'><strong>ante</strong></span> <span class='ocrx_word' id='word_1_117' title='bbox 3674 1262 3915 1338; x_wconf 86' lang='lat' dir='ltr'><strong>Azyma</strong></span> <span class='ocrx_word' id='word_1_118' title='bbox 3949 1280 3966 1318; x_wconf 90' lang='lat'><strong>:</strong></span> 
     </span>
    </p>
   </div>
   <div class='ocr_carea' id='block_1_12' title="bbox 698 1367 2381 1460">
    <p class='ocr_par' dir='ltr' id='par_1_12' title="bbox 698 1368 2381 1460">
     <span class='ocr_line' id='line_1_12' title="bbox 698 1368 2381 1460; baseline -0.011 -17"><span class='ocrx_word' id='word_1_119' title='bbox 698 1399 916 1460; x_wconf 60' lang='lat' dir='ltr'><strong>azyma</strong></span> <span class='ocrx_word' id='word_1_120' title='bbox 966 1379 1138 1440; x_wconf 83' lang='lat' dir='ltr'><strong>enim</strong></span> <span class='ocrx_word' id='word_1_121' title='bbox 1175 1376 1273 1436; x_wconf 83' lang='lat' dir='ltr'><strong>die</strong></span> <span class='ocrx_word' id='word_1_122' title='bbox 1305 1374 1678 1433; x_wconf 83' lang='lat' dir='ltr'><strong>Parasceves</strong></span> <span class='ocrx_word' id='word_1_123' title='bbox 1711 1368 2148 1432; x_wconf 79' lang='lat' dir='ltr'><strong>comedebant.</strong></span> <span class='ocrx_word' id='word_1_124' title='bbox 2186 1369 2381 1427; x_wconf 60' lang='lat' dir='ltr'><strong>Graec:</strong></span> 
     </span>
    </p>
   </div>
   <div class='ocr_carea' id='block_1_13' title="bbox 2288 1367 3971 1460">
    <p class='ocr_par' dir='ltr' id='par_1_13' title="bbox 2288 1367 3971 1442">
     <span class='ocr_line' id='line_1_13' title="bbox 2288 1367 3971 1442; baseline -0.004 -16"><span class='ocrx_word' id='word_1_125' title='bbox 2288 1381 2441 1426; x_wconf 66' lang='lat' dir='ltr'><strong>ecus</strong></span> <span class='ocrx_word' id='word_1_126' title='bbox 2478 1371 2692 1424; x_wconf 89' lang='lat' dir='ltr'><strong>textus</strong></span> <span class='ocrx_word' id='word_1_127' title='bbox 2729 1385 2742 1421; x_wconf 88' lang='lat'><strong>:</strong></span> <span class='ocrx_word' id='word_1_128' title='bbox 2781 1371 3015 1442; x_wconf 85' lang='grc' dir='ltr'><strong>Πρώτην</strong></span> <span class='ocrx_word' id='word_1_129' title='bbox 3047 1371 3262 1440; x_wconf 70' lang='grc' dir='ltr'><strong>ἡμέραν</strong></span> <span class='ocrx_word' id='word_1_130' title='bbox 3283 1367 3674 1440; x_wconf 76' lang='grc' dir='ltr'><strong>τῶνἊζύμων</strong></span> <span class='ocrx_word' id='word_1_131' title='bbox 3696 1367 3796 1438; x_wconf 83' lang='grc' dir='ltr'><strong>τὴν</strong></span> <span class='ocrx_word' id='word_1_132' title='bbox 3831 1367 3971 1437; x_wconf 83' lang='grc' dir='ltr'><strong>πέμ.-</strong></span> 
     </span>
    </p>
   </div>
   <div class='ocr_carea' id='block_1_14' title="bbox 701 1451 2384 1552">
    <p class='ocr_par' dir='ltr' id='par_1_14' title="bbox 701 1451 2384 1552">
     <span class='ocr_line' id='line_1_14' title="bbox 701 1451 2384 1552; baseline -0.008 -14"><span class='ocrx_word' id='word_1_133' title='bbox 701 1451 841 1552; x_wconf 40' lang='grc' dir='ltr'><strong>πτῆν</strong></span> <span class='ocrx_word' id='word_1_134' title='bbox 887 1484 1054 1549; x_wconf 83' lang='grc' dir='ltr'><strong>λέγει,</strong></span> <span class='ocrx_word' id='word_1_135' title='bbox 1081 1483 1203 1551; x_wconf 76' lang='grc' dir='ltr'><strong>ἥτις</strong></span> <span class='ocrx_word' id='word_1_136' title='bbox 1254 1479 1359 1548; x_wconf 74' lang='grc' dir='ltr'><strong>πρὸ</strong></span> <span class='ocrx_word' id='word_1_137' title='bbox 1401 1477 1508 1531; x_wconf 80' lang='grc' dir='ltr'><strong>τῶν</strong></span> <span class='ocrx_word' id='word_1_138' title='bbox 1548 1476 1800 1545; x_wconf 75' lang='grc' dir='ltr'><strong>’Λζύμων</strong></span> <span class='ocrx_word' id='word_1_139' title='bbox 1829 1471 1896 1544; x_wconf 78' lang='grc' dir='ltr'><strong>ἦν</strong></span> <span class='ocrx_word' id='word_1_140' title='bbox 1921 1491 1934 1505; x_wconf 74' lang='grc'><strong><em>³</em></strong></span> <span class='ocrx_word' id='word_1_141' title='bbox 1970 1475 2038 1527; x_wconf 74' lang='grc' dir='ltr'><strong>τὰ</strong></span> <span class='ocrx_word' id='word_1_142' title='bbox 2069 1476 2175 1543; x_wconf 69' lang='grc' dir='ltr'><strong>γὰρ</strong></span> <span class='ocrx_word' id='word_1_143' title='bbox 2205 1469 2384 1540; x_wconf 75' lang='grc' dir='ltr'><strong>ἄζυμα</strong></span> 
     </span>
    </p>
   </div>
   <div class='ocr_carea' id='block_1_15' title="bbox 2284 1451 3967 1552">
    <p class='ocr_par' dir='ltr' id='par_1_15' title="bbox 2284 1455 3967 1541">
     <span class='ocr_line' id='line_1_15' title="bbox 2284 1455 3967 1541; baseline -0.004 -18"><span class='ocrx_word' id='word_1_144' title='bbox 2284 1489 2394 1540; x_wconf 81' lang='grc' dir='ltr'><strong>υμα</strong></span> <span class='ocrx_word' id='word_1_145' title='bbox 2427 1472 2495 1541; x_wconf 80' lang='grc' dir='ltr'><strong>τῇ</strong></span> <span class='ocrx_word' id='word_1_146' title='bbox 2535 1471 2869 1540; x_wconf 77' lang='grc' dir='ltr'><strong>Παρασκευῇ</strong></span> <span class='ocrx_word' id='word_1_147' title='bbox 2907 1469 3176 1538; x_wconf 80' lang='grc' dir='ltr'><strong>ὴσοιόντο.</strong></span> <span class='ocrx_word' id='word_1_148' title='bbox 3205 1458 3470 1521; x_wconf 89' lang='lat' dir='ltr'><strong>Laudati</strong></span> <span class='ocrx_word' id='word_1_149' title='bbox 3510 1455 3780 1518; x_wconf 82' lang='lat' dir='ltr'><strong>Arcudii</strong></span> <span class='ocrx_word' id='word_1_150' title='bbox 3849 1473 3967 1516; x_wconf 86' lang='lat' dir='ltr'><strong>su-</strong></span> 
     </span>
    </p>
   </div>
   <div class='ocr_carea' id='block_1_16' title="bbox 701 1552 3970 1647">
    <p class='ocr_par' dir='ltr' id='par_1_16' title="bbox 701 1552 3970 1647">
     <span class='ocr_line' id='line_1_16' title="bbox 701 1552 3970 1647; baseline -0.006 -15"><span class='ocrx_word' id='word_1_151' title='bbox 701 1571 904 1647; x_wconf 69' lang='grc' dir='ltr'><strong>δμὶρὶο</strong></span> <span class='ocrx_word' id='word_1_152' title='bbox 943 1579 1063 1639; x_wconf 90' lang='lat' dir='ltr'><strong>est,</strong></span> <span class='ocrx_word' id='word_1_153' title='bbox 1112 1575 1481 1644; x_wconf 89' lang='lat' dir='ltr'><strong>corruptum</strong></span> <span class='ocrx_word' id='word_1_154' title='bbox 1518 1564 1726 1625; x_wconf 91' lang='lat' dir='ltr'><strong>locum</strong></span> <span class='ocrx_word' id='word_1_155' title='bbox 1761 1579 1925 1624; x_wconf 86' lang='lat' dir='ltr'><strong>esse.</strong></span> <span class='ocrx_word' id='word_1_156' title='bbox 1960 1560 2166 1622; x_wconf 90' lang='lat' dir='ltr'><strong>Prima</strong></span> <span class='ocrx_word' id='word_1_157' title='bbox 2201 1575 2478 1636; x_wconf 85' lang='lat' dir='ltr'><strong>namque</strong></span> <span class='ocrx_word' id='word_1_158' title='bbox 2508 1558 2650 1620; x_wconf 91' lang='lat' dir='ltr'><strong>dies</strong></span> <span class='ocrx_word' id='word_1_159' title='bbox 2690 1561 3082 1635; x_wconf 79' lang='lat' dir='ltr'><strong>Azymorum</strong></span> <span class='ocrx_word' id='word_1_160' title='bbox 3116 1572 3288 1617; x_wconf 93' lang='lat' dir='ltr'><strong>anno</strong></span> <span class='ocrx_word' id='word_1_161' title='bbox 3323 1571 3454 1634; x_wconf 90' lang='lat' dir='ltr'><strong>quo</strong></span> <span class='ocrx_word' id='word_1_162' title='bbox 3489 1552 3781 1615; x_wconf 89' lang='lat' dir='ltr'><strong>Christus</strong></span> <span class='ocrx_word' id='word_1_163' title='bbox 3817 1567 3970 1630; x_wconf 83' lang='lat' dir='ltr'><strong>pas-</strong></span> 
     </span>
    </p>
   </div>
   <div class='ocr_carea' id='block_1_17' title="bbox 699 1650 3973 1741">
    <p class='ocr_par' dir='ltr' id='par_1_17' title="bbox 699 1650 3973 1741">
     <span class='ocr_line' id='line_1_17' title="bbox 699 1650 3973 1741; baseline -0.006 -14"><span class='ocrx_word' id='word_1_164' title='bbox 699 1686 807 1728; x_wconf 84' lang='lat' dir='ltr'><strong>sus</strong></span> <span class='ocrx_word' id='word_1_165' title='bbox 843 1674 962 1737; x_wconf 86' lang='lat' dir='ltr'><strong>est,</strong></span> <span class='ocrx_word' id='word_1_166' title='bbox 1001 1663 1346 1741; x_wconf 83' lang='lat' dir='ltr'><strong>incipiebat</strong></span> <span class='ocrx_word' id='word_1_167' title='bbox 1378 1678 1409 1722; x_wconf 88' lang='lat' dir='ltr'><strong>a</strong></span> <span class='ocrx_word' id='word_1_168' title='bbox 1446 1660 1622 1721; x_wconf 70' lang='lat' dir='ltr'><strong>feriae</strong></span> <span class='ocrx_word' id='word_1_169' title='bbox 1652 1659 1894 1738; x_wconf 59' lang='lat' dir='ltr'><strong>quintae</strong></span> <span class='ocrx_word' id='word_1_170' title='bbox 1926 1671 2187 1734; x_wconf 84' lang='lat' dir='ltr'><strong>vespera</strong></span> <span class='ocrx_word' id='word_1_171' title='bbox 2233 1661 2338 1716; x_wconf 90' lang='lat' dir='ltr'><strong>:et</strong></span> <span class='ocrx_word' id='word_1_172' title='bbox 2363 1655 2495 1715; x_wconf 68' lang='lat' dir='ltr'><strong>hmo</strong></span> <span class='ocrx_word' id='word_1_173' title='bbox 2526 1661 2832 1716; x_wconf 77' lang='lat' dir='ltr'><strong>eratante</strong></span> <span class='ocrx_word' id='word_1_174' title='bbox 2875 1654 3294 1723; x_wconf 82' lang='lat' dir='ltr'><strong>Parasceven,</strong></span> <span class='ocrx_word' id='word_1_175' title='bbox 3320 1667 3468 1730; x_wconf 66' lang='lat' dir='ltr'><strong>quas</strong></span> <span class='ocrx_word' id='word_1_176' title='bbox 3507 1650 3651 1710; x_wconf 89' lang='lat' dir='ltr'><strong>dies</strong></span> <span class='ocrx_word' id='word_1_177' title='bbox 3690 1650 3973 1726; x_wconf 82' lang='lat' dir='ltr'><strong>Azymo-</strong></span> 
     </span>
    </p>
   </div>
   <div class='ocr_carea' id='block_1_18' title="bbox 702 1742 3973 1829">
    <p class='ocr_par' dir='ltr' id='par_1_18' title="bbox 702 1742 3973 1829">
     <span class='ocr_line' id='line_1_18' title="bbox 702 1742 3973 1829; baseline -0.006 -8"><span class='ocrx_word' id='word_1_178' title='bbox 702 1780 841 1822; x_wconf 87' lang='lat' dir='ltr'><strong>rum</strong></span> <span class='ocrx_word' id='word_1_179' title='bbox 876 1761 1227 1820; x_wconf 81' lang='lat' dir='ltr'><strong>dicebatur.</strong></span> <span class='ocrx_word' id='word_1_180' title='bbox 1255 1756 1598 1829; x_wconf 88' lang='lat' dir='ltr'><strong>Quomodo</strong></span> <span class='ocrx_word' id='word_1_181' title='bbox 1632 1754 1954 1829; x_wconf 78' lang='lat' dir='ltr'><strong>verodies</strong></span> <span class='ocrx_word' id='word_1_182' title='bbox 1988 1753 2098 1812; x_wconf 92' lang='lat' dir='ltr'><strong>illa</strong></span> <span class='ocrx_word' id='word_1_183' title='bbox 2129 1752 2349 1828; x_wconf 83' lang='lat' dir='ltr'><strong>quinta</strong></span> <span class='ocrx_word' id='word_1_184' title='bbox 2385 1752 2595 1812; x_wconf 89' lang='lat' dir='ltr'><strong>vocari</strong></span> <span class='ocrx_word' id='word_1_185' title='bbox 2633 1751 2919 1829; x_wconf 89' lang='lat' dir='ltr'><strong>potuerit</strong></span> <span class='ocrx_word' id='word_1_186' title='bbox 2964 1749 3179 1828; x_wconf 85' lang='lat' dir='ltr'><strong>prima</strong></span> <span class='ocrx_word' id='word_1_187' title='bbox 3208 1747 3341 1809; x_wconf 85' lang='lat' dir='ltr'><strong>dies</strong></span> <span class='ocrx_word' id='word_1_188' title='bbox 3373 1747 3780 1825; x_wconf 75' lang='lat' dir='ltr'><strong>Azymorum,</strong></span> <span class='ocrx_word' id='word_1_189' title='bbox 3813 1742 3973 1822; x_wconf 83' lang='lat' dir='ltr'><strong>quia</strong></span> 
     </span>
    </p>
   </div>
   <div class='ocr_carea' id='block_1_19' title="bbox 699 1828 3968 1934">
    <p class='ocr_par' dir='ltr' id='par_1_19' title="bbox 699 1828 3968 1934">
     <span class='ocr_line' id='line_1_19' title="bbox 699 1828 3968 1934; baseline -0.004 -18"><span class='ocrx_word' id='word_1_190' title='bbox 699 1873 919 1934; x_wconf 84' lang='lat' dir='ltr'><strong>azyma</strong></span> <span class='ocrx_word' id='word_1_191' title='bbox 965 1855 1070 1914; x_wconf 91' lang='lat' dir='ltr'><strong>die</strong></span> <span class='ocrx_word' id='word_1_192' title='bbox 1132 1828 1507 1914; x_wconf 77' lang='lat' dir='ltr'><strong>Parasceves</strong></span> <span class='ocrx_word' id='word_1_193' title='bbox 1535 1828 2085 1910; x_wconf 71' lang='lat' dir='ltr'><strong>comedebantur?</strong></span> <span class='ocrx_word' id='word_1_194' title='bbox 2112 1847 2468 1909; x_wconf 89' lang='lat' dir='ltr'><strong>Vocabatur</strong></span> <span class='ocrx_word' id='word_1_195' title='bbox 2503 1848 2876 1925; x_wconf 84' lang='lat' dir='ltr'><strong>imOprima</strong></span> <span class='ocrx_word' id='word_1_196' title='bbox 2909 1845 3287 1923; x_wconf 82' lang='lat' dir='ltr'><strong>Azymorum</strong></span> <span class='ocrx_word' id='word_1_197' title='bbox 3320 1845 3489 1917; x_wconf 90' lang='lat' dir='ltr'><strong>dies,</strong></span> <span class='ocrx_word' id='word_1_198' title='bbox 3518 1849 3582 1904; x_wconf 91' lang='lat' dir='ltr'><strong>ut</strong></span> <span class='ocrx_word' id='word_1_199' title='bbox 3621 1843 3710 1903; x_wconf 91' lang='lat' dir='ltr'><strong>ait</strong></span> <span class='ocrx_word' id='word_1_200' title='bbox 3748 1840 3968 1902; x_wconf 88' lang='lat' dir='ltr'><strong>Theo-</strong></span> 
     </span>
    </p>
   </div>
   <div class='ocr_carea' id='block_1_20' title="bbox 702 1936 3973 2030">
    <p class='ocr_par' dir='ltr' id='par_1_20' title="bbox 702 1936 3973 2030">
     <span class='ocr_line' id='line_1_20' title="bbox 702 1936 3973 2030; baseline -0.004 -18"><span class='ocrx_word' id='word_1_201' title='bbox 702 1952 1041 2030; x_wconf 74' lang='lat' dir='ltr'><strong>phylactus</strong></span> <span class='ocrx_word' id='word_1_202' title='bbox 1076 1947 1157 2007; x_wconf 91' lang='lat' dir='ltr'><strong>ad</strong></span> <span class='ocrx_word' id='word_1_203' title='bbox 1215 1948 1582 2008; x_wconf 71' lang='lat' dir='ltr'><strong>Matthmum</strong></span> <span class='ocrx_word' id='word_1_204' title='bbox 1613 1952 1672 2006; x_wconf 93' lang='lat' dir='ltr'><strong>et</strong></span> <span class='ocrx_word' id='word_1_205' title='bbox 1707 1943 1790 2003; x_wconf 87' lang='lat' dir='ltr'><strong>ad</strong></span> <span class='ocrx_word' id='word_1_206' title='bbox 1825 1943 2056 2003; x_wconf 82' lang='lat' dir='ltr'><strong>Lucam</strong></span> <span class='ocrx_word' id='word_1_207' title='bbox 2081 1986 2099 2014; x_wconf 94' lang='lat'><strong>,</strong></span> <span class='ocrx_word' id='word_1_208' title='bbox 2139 1959 2217 2005; x_wconf 92' lang='lat' dir='ltr'><strong>eo</strong></span> <span class='ocrx_word' id='word_1_209' title='bbox 2246 1943 2400 2022; x_wconf 85' lang='lat' dir='ltr'><strong>quia</strong></span> <span class='ocrx_word' id='word_1_210' title='bbox 2426 1964 2454 1997; x_wconf 74' lang='grc' dir='ltr'><strong><em>α</em></strong></span> <span class='ocrx_word' id='word_1_211' title='bbox 2490 1941 2728 2004; x_wconf 82' lang='lat' dir='ltr'><strong>festum</strong></span> <span class='ocrx_word' id='word_1_212' title='bbox 2768 1941 3118 2020; x_wconf 88' lang='lat' dir='ltr'><strong>incipiebat</strong></span> <span class='ocrx_word' id='word_1_213' title='bbox 3165 1958 3198 2002; x_wconf 89' lang='lat' dir='ltr'><strong>a</strong></span> <span class='ocrx_word' id='word_1_214' title='bbox 3233 1957 3496 2018; x_wconf 88' lang='lat' dir='ltr'><strong>vespera</strong></span> <span class='ocrx_word' id='word_1_215' title='bbox 3527 1938 3660 2000; x_wconf 91' lang='lat' dir='ltr'><strong>diei</strong></span> <span class='ocrx_word' id='word_1_216' title='bbox 3697 1936 3973 2017; x_wconf 61' lang='lat' dir='ltr'><strong>quinta,</strong></span> 
     </span>
    </p>
   </div>
   <div class='ocr_carea' id='block_1_21' title="bbox 703 2038 3975 2126">
    <p class='ocr_par' dir='ltr' id='par_1_21' title="bbox 703 2038 3975 2126">
     <span class='ocr_line' id='line_1_21' title="bbox 703 2038 3975 2126; baseline -0.003 -19"><span class='ocrx_word' id='word_1_217' title='bbox 703 2065 825 2126; x_wconf 90' lang='lat' dir='ltr'><strong>qua</strong></span> <span class='ocrx_word' id='word_1_218' title='bbox 858 2045 1064 2106; x_wconf 65' lang='lat' dir='ltr'><strong>Judaei</strong></span> <span class='ocrx_word' id='word_1_219' title='bbox 1091 2044 1514 2105; x_wconf 85' lang='lat' dir='ltr'><strong>vescebantur</strong></span> <span class='ocrx_word' id='word_1_220' title='bbox 1534 2039 1803 2121; x_wconf 87' lang='lat' dir='ltr'><strong>azymis,</strong></span> <span class='ocrx_word' id='word_1_221' title='bbox 1842 2063 1870 2096; x_wconf 79' lang='lat'><strong>»</strong></span> <span class='ocrx_word' id='word_1_222' title='bbox 1907 2045 1970 2100; x_wconf 88' lang='lat' dir='ltr'><strong>et</strong></span> <span class='ocrx_word' id='word_1_223' title='bbox 2010 2039 2232 2101; x_wconf 90' lang='lat' dir='ltr'><strong>eadem</strong></span> <span class='ocrx_word' id='word_1_224' title='bbox 2267 2041 2608 2102; x_wconf 87' lang='lat' dir='ltr'><strong>comedere</strong></span> <span class='ocrx_word' id='word_1_225' title='bbox 2641 2041 2989 2120; x_wconf 82' lang='lat' dir='ltr'><strong>pergebant</strong></span> <span class='ocrx_word' id='word_1_226' title='bbox 3018 2047 3266 2118; x_wconf 90' lang='lat' dir='ltr'><strong>septem</strong></span> <span class='ocrx_word' id='word_1_227' title='bbox 3299 2039 3558 2102; x_wconf 92' lang='lat' dir='ltr'><strong>diebus.</strong></span> <span class='ocrx_word' id='word_1_228' title='bbox 3601 2038 3767 2099; x_wconf 84' lang='lat' dir='ltr'><strong>Hinc</strong></span> <span class='ocrx_word' id='word_1_229' title='bbox 3790 2044 3975 2117; x_wconf 86' lang='lat' dir='ltr'><strong>putat</strong></span> 
     </span>
    </p>
   </div>
   <div class='ocr_carea' id='block_1_22' title="bbox 702 2134 2385 2213">
    <p class='ocr_par' dir='ltr' id='par_1_22' title="bbox 702 2134 2362 2213">
     <span class='ocr_line' id='line_1_22' title="bbox 702 2134 2362 2213; baseline -0.005 -10"><span class='ocrx_word' id='word_1_230' title='bbox 702 2141 1054 2212; x_wconf 82' lang='lat' dir='ltr'><strong>Arcudius,</strong></span> <span class='ocrx_word' id='word_1_231' title='bbox 1137 2155 1364 2200; x_wconf 87' lang='lat' dir='ltr'><strong>verum</strong></span> <span class='ocrx_word' id='word_1_232' title='bbox 1387 2145 1630 2199; x_wconf 89' lang='lat' dir='ltr'><strong>textum</strong></span> <span class='ocrx_word' id='word_1_233' title='bbox 1667 2137 1881 2213; x_wconf 89' lang='lat' dir='ltr'><strong>potius</strong></span> <span class='ocrx_word' id='word_1_234' title='bbox 1921 2134 2251 2207; x_wconf 89' lang='lat' dir='ltr'><strong>habuisse,</strong></span> <span class='ocrx_word' id='word_1_235' title='bbox 2291 2135 2362 2188; x_wconf 84' lang='grc' dir='ltr'><strong>τὰ</strong></span> 
     </span>
    </p>
   </div>
   <div class='ocr_carea' id='block_1_23' title="bbox 2293 2134 3976 2213">
    <p class='ocr_par' dir='ltr' id='par_1_23' title="bbox 2293 2134 3976 2208">
     <span class='ocr_line' id='line_1_23' title="bbox 2293 2134 3976 2208; baseline 0.001 -21"><span class='ocrx_word' id='word_1_236' title='bbox 2293 2135 2362 2188; x_wconf 81' lang='grc' dir='ltr'><strong>τὰ</strong></span> <span class='ocrx_word' id='word_1_237' title='bbox 2387 2137 2496 2208; x_wconf 80' lang='grc' dir='ltr'><strong>γὰρ</strong></span> <span class='ocrx_word' id='word_1_238' title='bbox 2536 2136 2722 2205; x_wconf 78' lang='grc' dir='ltr'>ἄζυμα</span> <span class='ocrx_word' id='word_1_239' title='bbox 2753 2138 2970 2208; x_wconf 77' lang='grc' dir='ltr'><strong>ἑσπέρᾳ</strong></span> <span class='ocrx_word' id='word_1_240' title='bbox 3020 2137 3120 2206; x_wconf 85' lang='grc' dir='ltr'><strong>τῆς</strong></span> <span class='ocrx_word' id='word_1_241' title='bbox 3147 2137 3412 2206; x_wconf 79' lang='grc' dir='ltr'><strong>πέμπτης</strong></span> <span class='ocrx_word' id='word_1_242' title='bbox 3443 2134 3719 2205; x_wconf 77' lang='grc' dir='ltr'><strong>ἡσθίοντο,</strong></span> <span class='ocrx_word' id='word_1_243' title='bbox 3747 2150 3976 2208; x_wconf 73' lang='lat' dir='ltr'><strong>azyma</strong></span> 
     </span>
    </p>
   </div>
   <div class='ocr_carea' id='block_1_24' title="bbox 701 2231 2941 2313">
    <p class='ocr_par' dir='ltr' id='par_1_24' title="bbox 701 2231 2941 2313">
     <span class='ocr_line' id='line_1_24' title="bbox 701 2231 2941 2313; baseline -0.002 -13"><span class='ocrx_word' id='word_1_244' title='bbox 701 2239 873 2300; x_wconf 88' lang='lat' dir='ltr'><strong>enim</strong></span> <span class='ocrx_word' id='word_1_245' title='bbox 921 2253 1189 2313; x_wconf 87' lang='lat' dir='ltr'><strong>vespera</strong></span> <span class='ocrx_word' id='word_1_246' title='bbox 1231 2234 1408 2296; x_wconf 66' lang='lat' dir='ltr'><strong>ferite</strong></span> <span class='ocrx_word' id='word_1_247' title='bbox 1445 2232 1692 2312; x_wconf 62' lang='lat' dir='ltr'><strong>quinta;</strong></span> <span class='ocrx_word' id='word_1_248' title='bbox 1721 2231 2248 2303; x_wconf 91' lang='lat' dir='ltr'><strong>comedebantur,</strong></span> <span class='ocrx_word' id='word_1_249' title='bbox 2283 2231 2378 2293; x_wconf 92' lang='lat' dir='ltr'><strong>vel</strong></span> <span class='ocrx_word' id='word_1_250' title='bbox 2411 2233 2660 2312; x_wconf 90' lang='lat' dir='ltr'><strong>aliquid</strong></span> <span class='ocrx_word' id='word_1_251' title='bbox 2697 2232 2941 2296; x_wconf 88' lang='lat' dir='ltr'><strong>simile.</strong></span> 
     </span>
    </p>
   </div>
   <div class='ocr_carea' id='block_1_25' title="bbox 781 2326 3982 2421">
    <p class='ocr_par' dir='ltr' id='par_1_25' title="bbox 781 2326 3982 2421">
     <span class='ocr_line' id='line_1_25' title="bbox 781 2326 3982 2421; baseline 0 -29"><span class='ocrx_word' id='word_1_252' title='bbox 781 2333 1034 2393; x_wconf 79' lang='lat' dir='ltr'><strong>Addere</strong></span> <span class='ocrx_word' id='word_1_253' title='bbox 1081 2330 1238 2391; x_wconf 91' lang='lat' dir='ltr'><strong>mihi</strong></span> <span class='ocrx_word' id='word_1_254' title='bbox 1267 2329 1478 2403; x_wconf 88' lang='lat' dir='ltr'><strong>liceat,</strong></span> <span class='ocrx_word' id='word_1_255' title='bbox 1513 2330 1930 2407; x_wconf 91' lang='lat' dir='ltr'><strong>depravatum</strong></span> <span class='ocrx_word' id='word_1_256' title='bbox 1968 2326 2247 2388; x_wconf 74' lang='lat' dir='ltr'><strong>Matthmi</strong></span> <span class='ocrx_word' id='word_1_257' title='bbox 2279 2326 2487 2389; x_wconf 89' lang='lat' dir='ltr'><strong>locum</strong></span> <span class='ocrx_word' id='word_1_258' title='bbox 2527 2329 2714 2421; x_wconf 79' lang='lat' dir='ltr'><strong>longe</strong></span> <span class='ocrx_word' id='word_1_259' title='bbox 2746 2330 3073 2392; x_wconf 88' lang='lat' dir='ltr'><strong>diversum</strong></span> <span class='ocrx_word' id='word_1_260' title='bbox 3131 2347 3276 2391; x_wconf 90' lang='lat' dir='ltr'><strong>esse</strong></span> <span class='ocrx_word' id='word_1_261' title='bbox 3323 2346 3358 2392; x_wconf 90' lang='lat' dir='ltr'><strong>a</strong></span> <span class='ocrx_word' id='word_1_262' title='bbox 3401 2330 3540 2393; x_wconf 94' lang='lat' dir='ltr'><strong>loco</strong></span> <span class='ocrx_word' id='word_1_263' title='bbox 3580 2328 3803 2392; x_wconf 88' lang='lat' dir='ltr'><strong>Marci.</strong></span> <span class='ocrx_word' id='word_1_264' title='bbox 3846 2329 3982 2392; x_wconf 84' lang='lat' dir='ltr'><strong>Ha-</strong></span> 
     </span>
    </p>
   </div>
   <div class='ocr_carea' id='block_1_26' title="bbox 703 2423 3978 2508">
    <p class='ocr_par' dir='ltr' id='par_1_26' title="bbox 703 2423 3978 2508">
     <span class='ocr_line' id='line_1_26' title="bbox 703 2423 3978 2508; baseline -0.001 -17"><span class='ocrx_word' id='word_1_265' title='bbox 703 2431 806 2491; x_wconf 81' lang='lat' dir='ltr'><strong>bet</strong></span> <span class='ocrx_word' id='word_1_266' title='bbox 838 2430 944 2490; x_wconf 91' lang='lat' dir='ltr'><strong>ille</strong></span> <span class='ocrx_word' id='word_1_267' title='bbox 981 2446 993 2487; x_wconf 92' lang='lat'>:</span> <span class='ocrx_word' id='word_1_268' title='bbox 1033 2451 1060 2483; x_wconf 79' lang='grc' dir='ltr'>α</span> <span class='ocrx_word' id='word_1_269' title='bbox 1101 2427 1405 2508; x_wconf 90' lang='lat' dir='ltr'><strong>Quintam</strong></span> <span class='ocrx_word' id='word_1_270' title='bbox 1460 2423 1682 2486; x_wconf 85' lang='lat' dir='ltr'><strong>feriam</strong></span> <span class='ocrx_word' id='word_1_271' title='bbox 1720 2424 2006 2486; x_wconf 76' lang='lat' dir='ltr'><strong>nominat</strong></span> <span class='ocrx_word' id='word_1_272' title='bbox 2036 2425 2430 2502; x_wconf 85' lang='lat' dir='ltr'><strong>evangelista</strong></span> <span class='ocrx_word' id='word_1_273' title='bbox 2463 2424 2729 2500; x_wconf 90' lang='lat' dir='ltr'><strong>primam</strong></span> <span class='ocrx_word' id='word_1_274' title='bbox 2767 2429 3186 2505; x_wconf 81' lang='lat' dir='ltr'><strong>Azymorum,</strong></span> <span class='ocrx_word' id='word_1_275' title='bbox 3221 2427 3374 2505; x_wconf 90' lang='lat' dir='ltr'><strong>quia</strong></span> <span class='ocrx_word' id='word_1_276' title='bbox 3402 2434 3548 2488; x_wconf 87' lang='lat' dir='ltr'><strong>ante</strong></span> <span class='ocrx_word' id='word_1_277' title='bbox 3581 2427 3978 2490; x_wconf 84' lang='lat' dir='ltr'><strong>Parasceven</strong></span> 
     </span>
    </p>
   </div>
   <div class='ocr_carea' id='block_1_27' title="bbox 703 2520 3975 2603">
    <p class='ocr_par' dir='ltr' id='par_1_27' title="bbox 703 2520 3975 2603">
     <span class='ocr_line' id='line_1_27' title="bbox 703 2520 3975 2603; baseline -0 -17"><span class='ocrx_word' id='word_1_278' title='bbox 703 2536 835 2587; x_wconf 85' lang='lat' dir='ltr'><strong>erat</strong></span> <span class='ocrx_word' id='word_1_279' title='bbox 874 2545 889 2594; x_wconf 89' lang='lat'><strong>;</strong></span> <span class='ocrx_word' id='word_1_280' title='bbox 927 2541 1051 2603; x_wconf 93' lang='lat' dir='ltr'><strong>qua</strong></span> <span class='ocrx_word' id='word_1_281' title='bbox 1079 2526 1421 2584; x_wconf 83' lang='lat' dir='ltr'><strong>Parasceve</strong></span> <span class='ocrx_word' id='word_1_282' title='bbox 1458 2537 1724 2599; x_wconf 86' lang='lat' dir='ltr'><strong>vespere</strong></span> <span class='ocrx_word' id='word_1_283' title='bbox 1767 2520 2186 2582; x_wconf 87' lang='lat' dir='ltr'><strong>comedebant</strong></span> <span class='ocrx_word' id='word_1_284' title='bbox 2218 2537 2460 2601; x_wconf 81' lang='lat' dir='ltr'><strong>azyma.</strong></span> <span class='ocrx_word' id='word_1_285' title='bbox 2498 2543 2527 2576; x_wconf 80' lang='lat'>»</span> <span class='ocrx_word' id='word_1_286' title='bbox 2562 2521 2762 2583; x_wconf 86' lang='lat' dir='ltr'><strong>Habet</strong></span> <span class='ocrx_word' id='word_1_287' title='bbox 2792 2521 2914 2584; x_wconf 91' lang='lat' dir='ltr'><strong>iste</strong></span> <span class='ocrx_word' id='word_1_288' title='bbox 2948 2540 2964 2578; x_wconf 89' lang='lat'>:</span> <span class='ocrx_word' id='word_1_289' title='bbox 2995 2545 3023 2578; x_wconf 85' lang='grc'><strong>‹‹</strong></span> <span class='ocrx_word' id='word_1_290' title='bbox 3061 2523 3335 2584; x_wconf 85' lang='lat' dir='ltr'><strong>Primam</strong></span> <span class='ocrx_word' id='word_1_291' title='bbox 3365 2523 3541 2584; x_wconf 88' lang='lat' dir='ltr'><strong>diem</strong></span> <span class='ocrx_word' id='word_1_292' title='bbox 3575 2524 3975 2602; x_wconf 82' lang='lat' dir='ltr'><strong>Azymorum</strong></span> 
     </span>
    </p>
   </div>
   <div class='ocr_carea' id='block_1_28' title="bbox 693 2617 3977 2697">
    <p class='ocr_par' dir='ltr' id='par_1_28' title="bbox 693 2617 3977 2697">
     <span class='ocr_line' id='line_1_28' title="bbox 693 2617 3977 2697; baseline 0 -15"><span class='ocrx_word' id='word_1_293' title='bbox 693 2623 860 2689; x_wconf 83' lang='lat' dir='ltr'><strong>dicit</strong></span> <span class='ocrx_word' id='word_1_294' title='bbox 897 2620 1068 2681; x_wconf 92' lang='lat' dir='ltr'><strong>diem</strong></span> <span class='ocrx_word' id='word_1_295' title='bbox 1103 2619 1428 2697; x_wconf 90' lang='lat' dir='ltr'><strong>quintum,</strong></span> <span class='ocrx_word' id='word_1_296' title='bbox 1464 2617 1578 2695; x_wconf 90' lang='lat' dir='ltr'><strong>qui</strong></span> <span class='ocrx_word' id='word_1_297' title='bbox 1611 2624 1743 2678; x_wconf 91' lang='lat' dir='ltr'><strong>erat</strong></span> <span class='ocrx_word' id='word_1_298' title='bbox 1776 2625 1920 2678; x_wconf 88' lang='lat' dir='ltr'><strong>ante</strong></span> <span class='ocrx_word' id='word_1_299' title='bbox 1949 2620 2186 2696; x_wconf 84' lang='lat' dir='ltr'><strong>Azyma</strong></span> <span class='ocrx_word' id='word_1_300' title='bbox 2222 2639 2237 2678; x_wconf 88' lang='lat'><strong>:</strong></span> <span class='ocrx_word' id='word_1_301' title='bbox 2285 2635 2505 2697; x_wconf 86' lang='lat' dir='ltr'><strong>azyma</strong></span> <span class='ocrx_word' id='word_1_302' title='bbox 2547 2620 2719 2680; x_wconf 91' lang='lat' dir='ltr'><strong>enim</strong></span> <span class='ocrx_word' id='word_1_303' title='bbox 2763 2619 2867 2680; x_wconf 90' lang='lat' dir='ltr'><strong>die</strong></span> <span class='ocrx_word' id='word_1_304' title='bbox 2897 2623 3278 2681; x_wconf 86' lang='lat' dir='ltr'><strong>Parasceves</strong></span> <span class='ocrx_word' id='word_1_305' title='bbox 3307 2619 3759 2691; x_wconf 86' lang='lat' dir='ltr'><strong>comedebant;</strong></span> <span class='ocrx_word' id='word_1_306' title='bbox 3799 2643 3828 2677; x_wconf 86' lang='grc'><strong>››</strong></span> <span class='ocrx_word' id='word_1_307' title='bbox 3858 2619 3977 2683; x_wconf 88' lang='lat' dir='ltr'><strong>ubi</strong></span> 
     </span>
    </p>
   </div>
   <div class='ocr_carea' id='block_1_29' title="bbox 703 2715 3982 2797">
    <p class='ocr_par' dir='ltr' id='par_1_29' title="bbox 703 2715 3982 2797">
     <span class='ocr_line' id='line_1_29' title="bbox 703 2715 3982 2797; baseline -0.001 -16"><span class='ocrx_word' id='word_1_308' title='bbox 703 2736 830 2781; x_wconf 91' lang='lat' dir='ltr'><strong>non</strong></span> <span class='ocrx_word' id='word_1_309' title='bbox 863 2736 1117 2797; x_wconf 83' lang='lat' dir='ltr'><strong>vespere</strong></span> <span class='ocrx_word' id='word_1_310' title='bbox 1153 2717 1561 2788; x_wconf 81' lang='lat' dir='ltr'><strong>Parasceves,</strong></span> <span class='ocrx_word' id='word_1_311' title='bbox 1596 2715 1709 2777; x_wconf 92' lang='lat' dir='ltr'><strong>sed</strong></span> <span class='ocrx_word' id='word_1_312' title='bbox 1740 2715 1838 2776; x_wconf 84' lang='lat' dir='ltr'><strong>die</strong></span> <span class='ocrx_word' id='word_1_313' title='bbox 1869 2716 2244 2777; x_wconf 86' lang='lat' dir='ltr'><strong>Parasceves</strong></span> <span class='ocrx_word' id='word_1_314' title='bbox 2265 2716 2572 2777; x_wconf 87' lang='lat' dir='ltr'><strong>dicuntur</strong></span> <span class='ocrx_word' id='word_1_315' title='bbox 2593 2732 2816 2793; x_wconf 79' lang='lat' dir='ltr'><strong>azyma</strong></span> <span class='ocrx_word' id='word_1_316' title='bbox 2844 2716 3150 2778; x_wconf 90' lang='lat' dir='ltr'><strong>debuisse</strong></span> <span class='ocrx_word' id='word_1_317' title='bbox 3176 2716 3451 2777; x_wconf 92' lang='lat' dir='ltr'><strong>comedi.</strong></span> <span class='ocrx_word' id='word_1_318' title='bbox 3479 2717 3675 2777; x_wconf 90' lang='lat' dir='ltr'><strong>Porro</strong></span> <span class='ocrx_word' id='word_1_319' title='bbox 3713 2733 3982 2796; x_wconf 82' lang='lat' dir='ltr'><strong>vespera</strong></span> 
     </span>
    </p>
   </div>
   <div class='ocr_carea' id='block_1_30' title="bbox 701 2810 3986 2889">
    <p class='ocr_par' dir='ltr' id='par_1_30' title="bbox 701 2810 3986 2889">
     <span class='ocr_line' id='line_1_30' title="bbox 701 2810 3986 2889; baseline -0.001 -13"><span class='ocrx_word' id='word_1_320' title='bbox 701 2816 1073 2876; x_wconf 82' lang='lat' dir='ltr'><strong>Parusceves</strong></span> <span class='ocrx_word' id='word_1_321' title='bbox 1108 2814 1300 2875; x_wconf 90' lang='lat' dir='ltr'><strong>obvio</strong></span> <span class='ocrx_word' id='word_1_322' title='bbox 1333 2829 1527 2874; x_wconf 88' lang='lat' dir='ltr'><strong>sensu</strong></span> <span class='ocrx_word' id='word_1_323' title='bbox 1565 2812 1802 2873; x_wconf 87' lang='lat' dir='ltr'><strong>indicat</strong></span> <span class='ocrx_word' id='word_1_324' title='bbox 1826 2823 2156 2889; x_wconf 84' lang='lat' dir='ltr'><strong>vesperam</strong></span> <span class='ocrx_word' id='word_1_325' title='bbox 2190 2811 2318 2873; x_wconf 91' lang='lat' dir='ltr'><strong>diei</strong></span> <span class='ocrx_word' id='word_1_326' title='bbox 2345 2810 2654 2876; x_wconf 80' lang='lat' dir='ltr'><strong>naturalis</strong></span> <span class='ocrx_word' id='word_1_327' title='bbox 2681 2813 3088 2884; x_wconf 89' lang='lat' dir='ltr'><strong>Parasceves,</strong></span> <span class='ocrx_word' id='word_1_328' title='bbox 3121 2829 3238 2874; x_wconf 91' lang='lat' dir='ltr'><strong>seu</strong></span> <span class='ocrx_word' id='word_1_329' title='bbox 3265 2811 3395 2874; x_wconf 89' lang='lat' dir='ltr'><strong>diei</strong></span> <span class='ocrx_word' id='word_1_330' title='bbox 3429 2818 3650 2886; x_wconf 63' lang='lat' dir='ltr'><strong>sexta),</strong></span> <span class='ocrx_word' id='word_1_331' title='bbox 3677 2812 3986 2876; x_wconf 85' lang='lat' dir='ltr'><strong>desinen-</strong></span> 
     </span>
    </p>
   </div>
   <div class='ocr_carea' id='block_1_31' title="bbox 702 2907 3980 2987">
    <p class='ocr_par' dir='ltr' id='par_1_31' title="bbox 702 2907 3980 2987">
     <span class='ocr_line' id='line_1_31' title="bbox 702 2907 3980 2987; baseline 0 -16"><span class='ocrx_word' id='word_1_332' title='bbox 702 2911 784 2972; x_wconf 86' lang='lat' dir='ltr'><strong>tis</strong></span> <span class='ocrx_word' id='word_1_333' title='bbox 817 2936 829 2972; x_wconf 89' lang='lat'><strong>:</strong></span> <span class='ocrx_word' id='word_1_334' title='bbox 865 2923 923 2973; x_wconf 88' lang='lat' dir='ltr'><strong>at</strong></span> <span class='ocrx_word' id='word_1_335' title='bbox 957 2911 1088 2972; x_wconf 85' lang='lat' dir='ltr'><strong>dies</strong></span> <span class='ocrx_word' id='word_1_336' title='bbox 1122 2911 1521 2980; x_wconf 84' lang='lat' dir='ltr'><strong>Parasceves,</strong></span> <span class='ocrx_word' id='word_1_337' title='bbox 1557 2925 1673 2969; x_wconf 86' lang='lat' dir='ltr'><strong>seu</strong></span> <span class='ocrx_word' id='word_1_338' title='bbox 1707 2907 1846 2969; x_wconf 89' lang='lat' dir='ltr'><strong>dies</strong></span> <span class='ocrx_word' id='word_1_339' title='bbox 1874 2915 2080 2983; x_wconf 90' lang='lat' dir='ltr'><strong>sexta,</strong></span> <span class='ocrx_word' id='word_1_340' title='bbox 2109 2908 2302 2970; x_wconf 89' lang='lat' dir='ltr'><strong>obvio</strong></span> <span class='ocrx_word' id='word_1_341' title='bbox 2333 2924 2596 2986; x_wconf 88' lang='lat' dir='ltr'><strong>quoque</strong></span> <span class='ocrx_word' id='word_1_342' title='bbox 2629 2924 2831 2970; x_wconf 89' lang='lat' dir='ltr'><strong>sensu</strong></span> <span class='ocrx_word' id='word_1_343' title='bbox 2864 2908 3199 2986; x_wconf 89' lang='lat' dir='ltr'><strong>complecti</strong></span> <span class='ocrx_word' id='word_1_344' title='bbox 3226 2915 3434 2987; x_wconf 90' lang='lat' dir='ltr'><strong>potest</strong></span> <span class='ocrx_word' id='word_1_345' title='bbox 3471 2924 3806 2986; x_wconf 85' lang='lat' dir='ltr'><strong>vesperam</strong></span> <span class='ocrx_word' id='word_1_346' title='bbox 3840 2907 3980 2972; x_wconf 89' lang='lat' dir='ltr'><strong>diei</strong></span> 
     </span>
    </p>
   </div>
   <div class='ocr_carea' id='block_1_32' title="bbox 705 3002 3980 3085">
    <p class='ocr_par' dir='ltr' id='par_1_32' title="bbox 705 3002 3980 3085">
     <span class='ocr_line' id='line_1_32' title="bbox 705 3002 3980 3085; baseline -0.001 -17"><span class='ocrx_word' id='word_1_347' title='bbox 705 3008 1016 3068; x_wconf 87' lang='lat' dir='ltr'><strong>naturalis</strong></span> <span class='ocrx_word' id='word_1_348' title='bbox 1071 3006 1314 3085; x_wconf 72' lang='lat' dir='ltr'><strong>quintte</strong></span> <span class='ocrx_word' id='word_1_349' title='bbox 1341 3003 1730 3076; x_wconf 87' lang='lat' dir='ltr'><strong>desinentis,</strong></span> <span class='ocrx_word' id='word_1_350' title='bbox 1762 3018 1796 3064; x_wconf 90' lang='lat' dir='ltr'><strong>a</strong></span> <span class='ocrx_word' id='word_1_351' title='bbox 1833 3018 1958 3081; x_wconf 88' lang='lat' dir='ltr'><strong>qua</strong></span> <span class='ocrx_word' id='word_1_352' title='bbox 1991 3003 2334 3064; x_wconf 83' lang='lat' dir='ltr'><strong>exordium</strong></span> <span class='ocrx_word' id='word_1_353' title='bbox 2378 3002 2673 3065; x_wconf 89' lang='lat' dir='ltr'><strong>sumebat</strong></span> <span class='ocrx_word' id='word_1_354' title='bbox 2709 3005 2936 3084; x_wconf 80' lang='lat' dir='ltr'><strong>festum</strong></span> <span class='ocrx_word' id='word_1_355' title='bbox 2966 3003 3345 3083; x_wconf 84' lang='lat' dir='ltr'><strong>Azymorum</strong></span> <span class='ocrx_word' id='word_1_356' title='bbox 3373 3004 3436 3064; x_wconf 92' lang='lat' dir='ltr'><strong>in</strong></span> <span class='ocrx_word' id='word_1_357' title='bbox 3468 3005 3618 3082; x_wconf 89' lang='lat' dir='ltr'><strong>agni</strong></span> <span class='ocrx_word' id='word_1_358' title='bbox 3657 3002 3980 3082; x_wconf 80' lang='lat' dir='ltr'><strong>paschalis</strong></span> 
     </span>
    </p>
   </div>
   <div class='ocr_carea' id='block_1_33' title="bbox 704 3097 3981 3180">
    <p class='ocr_par' dir='ltr' id='par_1_33' title="bbox 704 3097 3981 3180">
     <span class='ocr_line' id='line_1_33' title="bbox 704 3097 3981 3180; baseline -0.001 -15"><span class='ocrx_word' id='word_1_359' title='bbox 704 3104 1126 3166; x_wconf 86' lang='lat' dir='ltr'><strong>comestione.</strong></span> <span class='ocrx_word' id='word_1_360' title='bbox 1180 3101 1571 3180; x_wconf 86' lang='lat' dir='ltr'><strong>Legitimum</strong></span> <span class='ocrx_word' id='word_1_361' title='bbox 1602 3115 1757 3179; x_wconf 90' lang='lat' dir='ltr'><strong>ergo</strong></span> <span class='ocrx_word' id='word_1_362' title='bbox 1794 3099 2026 3161; x_wconf 87' lang='lat' dir='ltr'><strong>habere</strong></span> <span class='ocrx_word' id='word_1_363' title='bbox 2059 3114 2324 3161; x_wconf 86' lang='lat' dir='ltr'><strong>sensum</strong></span> <span class='ocrx_word' id='word_1_364' title='bbox 2358 3107 2563 3176; x_wconf 91' lang='lat' dir='ltr'><strong>potest</strong></span> <span class='ocrx_word' id='word_1_365' title='bbox 2597 3101 2775 3162; x_wconf 91' lang='lat' dir='ltr'><strong>locus</strong></span> <span class='ocrx_word' id='word_1_366' title='bbox 2805 3097 3000 3163; x_wconf 85' lang='lat' dir='ltr'><strong>Marci</strong></span> <span class='ocrx_word' id='word_1_367' title='bbox 3038 3123 3052 3162; x_wconf 89' lang='lat'><strong>:</strong></span> <span class='ocrx_word' id='word_1_368' title='bbox 3089 3118 3205 3163; x_wconf 87' lang='lat' dir='ltr'><strong>nec</strong></span> <span class='ocrx_word' id='word_1_369' title='bbox 3247 3098 3462 3178; x_wconf 91' lang='lat' dir='ltr'><strong>ipsum</strong></span> <span class='ocrx_word' id='word_1_370' title='bbox 3495 3098 3820 3162; x_wconf 91' lang='lat' dir='ltr'><strong>immutari</strong></span> <span class='ocrx_word' id='word_1_371' title='bbox 3859 3115 3981 3162; x_wconf 85' lang='lat' dir='ltr'><strong>ne-</strong></span> 
     </span>
    </p>
   </div>
   <div class='ocr_carea' id='block_1_34' title="bbox 703 3193 3982 3276">
    <p class='ocr_par' dir='ltr' id='par_1_34' title="bbox 703 3193 3982 3276">
     <span class='ocr_line' id='line_1_34' title="bbox 703 3193 3982 3276; baseline -0.001 -17"><span class='ocrx_word' id='word_1_372' title='bbox 703 3214 882 3260; x_wconf 87' lang='lat' dir='ltr'><strong>cesse</strong></span> <span class='ocrx_word' id='word_1_373' title='bbox 913 3205 1031 3268; x_wconf 90' lang='lat' dir='ltr'><strong>est,</strong></span> <span class='ocrx_word' id='word_1_374' title='bbox 1074 3198 1198 3259; x_wconf 90' lang='lat' dir='ltr'><strong>nisi</strong></span> <span class='ocrx_word' id='word_1_375' title='bbox 1229 3197 1526 3259; x_wconf 89' lang='lat' dir='ltr'><strong>codicum</strong></span> <span class='ocrx_word' id='word_1_376' title='bbox 1549 3197 1733 3258; x_wconf 54' lang='lat' dir='ltr'><strong>bonas</strong></span> <span class='ocrx_word' id='word_1_377' title='bbox 1757 3201 1926 3258; x_wconf 68' lang='lat' dir='ltr'><strong>notua</strong></span> <span class='ocrx_word' id='word_1_378' title='bbox 1952 3193 2121 3257; x_wconf 91' lang='lat' dir='ltr'><strong>varia</strong></span> <span class='ocrx_word' id='word_1_379' title='bbox 2159 3194 2349 3257; x_wconf 88' lang='lat' dir='ltr'><strong>lectio</strong></span> <span class='ocrx_word' id='word_1_380' title='bbox 2380 3204 2780 3275; x_wconf 79' lang='lat' dir='ltr'><strong>exposceret.</strong></span> <span class='ocrx_word' id='word_1_381' title='bbox 2819 3196 3019 3276; x_wconf 83' lang='lat' dir='ltr'><strong>Atqui</strong></span> <span class='ocrx_word' id='word_1_382' title='bbox 3053 3196 3118 3257; x_wconf 91' lang='lat' dir='ltr'><strong>in</strong></span> <span class='ocrx_word' id='word_1_383' title='bbox 3153 3213 3280 3258; x_wconf 89' lang='lat' dir='ltr'><strong>una</strong></span> <span class='ocrx_word' id='word_1_384' title='bbox 3307 3195 3438 3269; x_wconf 91' lang='lat' dir='ltr'><strong>illa,</strong></span> <span class='ocrx_word' id='word_1_385' title='bbox 3473 3212 3665 3276; x_wconf 90' lang='lat' dir='ltr'><strong>quam</strong></span> <span class='ocrx_word' id='word_1_386' title='bbox 3702 3194 3982 3257; x_wconf 88' lang='lat' dir='ltr'><strong>adduxi-</strong></span> 
     </span>
    </p>
   </div>
   <div class='ocr_carea' id='block_1_35' title="bbox 706 3275 3982 3373">
    <p class='ocr_par' dir='ltr' id='par_1_35' title="bbox 706 3275 3982 3373">
     <span class='ocr_line' id='line_1_35' title="bbox 706 3275 3982 3373; baseline 0 -19"><span class='ocrx_word' id='word_1_387' title='bbox 706 3275 872 3366; x_wconf 54' lang='lat' dir='ltr'><strong>mu&#39;s,</strong></span> <span class='ocrx_word' id='word_1_388' title='bbox 912 3294 1182 3363; x_wconf 88' lang='lat' dir='ltr'><strong>lectione</strong></span> <span class='ocrx_word' id='word_1_389' title='bbox 1214 3300 1568 3355; x_wconf 89' lang='lat' dir='ltr'><strong>consonant</strong></span> <span class='ocrx_word' id='word_1_390' title='bbox 1599 3293 1826 3366; x_wconf 82' lang='lat' dir='ltr'><strong>codex,</strong></span> <span class='ocrx_word' id='word_1_391' title='bbox 1859 3307 1990 3372; x_wconf 91' lang='lat' dir='ltr'><strong>quo</strong></span> <span class='ocrx_word' id='word_1_392' title='bbox 2043 3308 2203 3353; x_wconf 90' lang='lat' dir='ltr'><strong>usus</strong></span> <span class='ocrx_word' id='word_1_393' title='bbox 2233 3298 2332 3354; x_wconf 91' lang='lat' dir='ltr'><strong>est</strong></span> <span class='ocrx_word' id='word_1_394' title='bbox 2363 3293 2934 3373; x_wconf 89' lang='lat' dir='ltr'><strong>OEcolampadius,</strong></span> <span class='ocrx_word' id='word_1_395' title='bbox 2967 3311 3037 3355; x_wconf 91' lang='lat' dir='ltr'><strong>ac</strong></span> <span class='ocrx_word' id='word_1_396' title='bbox 3061 3299 3274 3356; x_wconf 91' lang='lat' dir='ltr'><strong>textus</strong></span> <span class='ocrx_word' id='word_1_397' title='bbox 3308 3275 3566 3356; x_wconf 61' lang='lat' dir='ltr'><strong>Gracus</strong></span> <span class='ocrx_word' id='word_1_398' title='bbox 3596 3293 3814 3354; x_wconf 62' lang='lat' dir='ltr'><strong>Romae</strong></span> <span class='ocrx_word' id='word_1_399' title='bbox 3837 3292 3982 3355; x_wconf 83' lang='lat' dir='ltr'><strong>edi-</strong></span> 
     </span>
    </p>
   </div>
   <div class='ocr_carea' id='block_1_36' title="bbox 704 3388 3981 3469">
    <p class='ocr_par' dir='ltr' id='par_1_36' title="bbox 704 3388 3981 3469">
     <span class='ocr_line' id='line_1_36' title="bbox 704 3388 3981 3469; baseline 0 -19"><span class='ocrx_word' id='word_1_400' title='bbox 704 3400 806 3450; x_wconf 81' lang='lat' dir='ltr'><strong>tus</strong></span> <span class='ocrx_word' id='word_1_401' title='bbox 851 3412 865 3448; x_wconf 89' lang='lat'><strong><em>:</em></strong></span> <span class='ocrx_word' id='word_1_402' title='bbox 909 3390 1146 3469; x_wconf 85' lang='lat' dir='ltr'><strong>hisque</strong></span> <span class='ocrx_word' id='word_1_403' title='bbox 1187 3390 1436 3451; x_wconf 81' lang='lat' dir='ltr'><strong>similes</strong></span> <span class='ocrx_word' id='word_1_404' title='bbox 1473 3389 1742 3450; x_wconf 92' lang='lat' dir='ltr'><strong>omnino</strong></span> <span class='ocrx_word' id='word_1_405' title='bbox 1779 3397 1929 3451; x_wconf 92' lang='lat' dir='ltr'><strong>sunt</strong></span> <span class='ocrx_word' id='word_1_406' title='bbox 1960 3388 2187 3451; x_wconf 88' lang='lat' dir='ltr'><strong>Veneti</strong></span> <span class='ocrx_word' id='word_1_407' title='bbox 2229 3396 2359 3451; x_wconf 89' lang='lat' dir='ltr'><strong>tres</strong></span> <span class='ocrx_word' id='word_1_408' title='bbox 2391 3391 2650 3452; x_wconf 72' lang='lat' dir='ltr'><strong>codices</strong></span> <span class='ocrx_word' id='word_1_409' title='bbox 2689 3390 3100 3452; x_wconf 67' lang='lat' dir='ltr'><strong>bibliotheca)</strong></span> <span class='ocrx_word' id='word_1_410' title='bbox 3137 3389 3500 3458; x_wconf 67' lang='lat' dir='ltr'><strong>Marcianaz,</strong></span> <span class='ocrx_word' id='word_1_411' title='bbox 3528 3406 3599 3451; x_wconf 91' lang='lat' dir='ltr'><strong>ac</strong></span> <span class='ocrx_word' id='word_1_412' title='bbox 3629 3388 3981 3451; x_wconf 88' lang='lat' dir='ltr'><strong>Patavinus</strong></span> 
     </span>
    </p>
   </div>
   <div class='ocr_carea' id='block_1_37' title="bbox 706 3484 3980 3566">
    <p class='ocr_par' dir='ltr' id='par_1_37' title="bbox 706 3484 3980 3566">
     <span class='ocr_line' id='line_1_37' title="bbox 706 3484 3980 3566; baseline 0 -19"><span class='ocrx_word' id='word_1_413' title='bbox 706 3502 876 3547; x_wconf 89' lang='lat' dir='ltr'><strong>unus</strong></span> <span class='ocrx_word' id='word_1_414' title='bbox 929 3485 1094 3564; x_wconf 84' lang='lat' dir='ltr'><strong>apud</strong></span> <span class='ocrx_word' id='word_1_415' title='bbox 1133 3486 1373 3547; x_wconf 65' lang='lat' dir='ltr'><strong>Sanctae</strong></span> <span class='ocrx_word' id='word_1_416' title='bbox 1419 3485 1692 3546; x_wconf 67' lang='lat' dir='ltr'><strong>Justinm</strong></span> <span class='ocrx_word' id='word_1_417' title='bbox 1724 3485 2067 3547; x_wconf 86' lang='lat' dir='ltr'><strong>monachos</strong></span> <span class='ocrx_word' id='word_1_418' title='bbox 2100 3485 2540 3559; x_wconf 81' lang='lat' dir='ltr'><strong>Cassinenscs,</strong></span> <span class='ocrx_word' id='word_1_419' title='bbox 2587 3485 2698 3566; x_wconf 88' lang='lat' dir='ltr'><strong>qui</strong></span> <span class='ocrx_word' id='word_1_420' title='bbox 2732 3498 3026 3548; x_wconf 90' lang='lat' dir='ltr'><strong>accurato</strong></span> <span class='ocrx_word' id='word_1_421' title='bbox 3065 3484 3286 3547; x_wconf 84' lang='lat' dir='ltr'><strong>studio</strong></span> <span class='ocrx_word' id='word_1_422' title='bbox 3317 3484 3594 3564; x_wconf 92' lang='lat' dir='ltr'><strong>inspecti</strong></span> <span class='ocrx_word' id='word_1_423' title='bbox 3624 3484 3980 3566; x_wconf 85' lang='lat' dir='ltr'><strong>collatique</strong></span> 
     </span>
    </p>
   </div>
   <div class='ocr_carea' id='block_1_38' title="bbox 706 3590 882 3643">
    <p class='ocr_par' dir='ltr' id='par_1_38' title="bbox 706 3590 882 3643">
     <span class='ocr_line' id='line_1_38' title="bbox 706 3590 882 3643; baseline -0.006 0"><span class='ocrx_word' id='word_1_424' title='bbox 706 3590 882 3643; x_wconf 90' lang='lat' dir='ltr'><strong>sunt.</strong></span> 
     </span>
    </p>
   </div>
   <div class='ocr_carea' id='block_1_39' title="bbox 783 3675 3986 3756">
    <p class='ocr_par' dir='ltr' id='par_1_39' title="bbox 783 3675 3986 3756">
     <span class='ocr_line' id='line_1_39' title="bbox 783 3675 3986 3756; baseline -0 -17"><span class='ocrx_word' id='word_1_425' title='bbox 783 3679 1058 3739; x_wconf 91' lang='lat' dir='ltr'><strong>Sensum</strong></span> <span class='ocrx_word' id='word_1_426' title='bbox 1091 3675 1445 3738; x_wconf 89' lang='lat' dir='ltr'><strong>indicatum</strong></span> <span class='ocrx_word' id='word_1_427' title='bbox 1475 3676 1852 3738; x_wconf 85' lang='lat' dir='ltr'><strong>conﬁrmare</strong></span> <span class='ocrx_word' id='word_1_428' title='bbox 1909 3675 2212 3739; x_wconf 88' lang='lat' dir='ltr'><strong>videntur</strong></span> <span class='ocrx_word' id='word_1_429' title='bbox 2236 3675 2700 3756; x_wconf 88' lang='lat' dir='ltr'><strong>TheOphylacti</strong></span> <span class='ocrx_word' id='word_1_430' title='bbox 2741 3677 2928 3738; x_wconf 87' lang='lat' dir='ltr'><strong>verba</strong></span> <span class='ocrx_word' id='word_1_431' title='bbox 2955 3677 3020 3738; x_wconf 91' lang='lat' dir='ltr'><strong>in</strong></span> <span class='ocrx_word' id='word_1_432' title='bbox 3053 3675 3327 3755; x_wconf 87' lang='lat' dir='ltr'><strong>epistola</strong></span> <span class='ocrx_word' id='word_1_433' title='bbox 3357 3677 3433 3738; x_wconf 90' lang='lat' dir='ltr'><strong>ad</strong></span> <span class='ocrx_word' id='word_1_434' title='bbox 3465 3675 3806 3739; x_wconf 88' lang='lat' dir='ltr'><strong>Nicolaum</strong></span> <span class='ocrx_word' id='word_1_435' title='bbox 3838 3675 3986 3738; x_wconf 87' lang='lat' dir='ltr'><strong>dia-</strong></span> 
     </span>
    </p>
   </div>
   <div class='ocr_carea' id='block_1_40' title="bbox 705 3771 3981 3852">
    <p class='ocr_par' dir='ltr' id='par_1_40' title="bbox 705 3771 3981 3852">
     <span class='ocr_line' id='line_1_40' title="bbox 705 3771 3981 3852; baseline 0 -18"><span class='ocrx_word' id='word_1_436' title='bbox 705 3788 938 3834; x_wconf 88' lang='lat' dir='ltr'><strong>conum</strong></span> <span class='ocrx_word' id='word_1_437' title='bbox 982 3780 1044 3833; x_wconf 90' lang='lat' dir='ltr'><strong>et</strong></span> <span class='ocrx_word' id='word_1_438' title='bbox 1103 3773 1543 3844; x_wconf 90' lang='lat' dir='ltr'><strong>canstrisium,</strong></span> <span class='ocrx_word' id='word_1_439' title='bbox 1580 3793 1610 3828; x_wconf 77' lang='grc' dir='ltr'>ι</span> <span class='ocrx_word' id='word_1_440' title='bbox 1644 3771 1922 3846; x_wconf 90' lang='lat' dir='ltr'><strong>Quidam</strong></span> <span class='ocrx_word' id='word_1_441' title='bbox 1953 3789 2030 3833; x_wconf 91' lang='lat' dir='ltr'><strong>ex</strong></span> <span class='ocrx_word' id='word_1_442' title='bbox 2057 3773 2258 3835; x_wconf 91' lang='lat' dir='ltr'><strong>sacris</strong></span> <span class='ocrx_word' id='word_1_443' title='bbox 2308 3773 2545 3836; x_wconf 91' lang='lat' dir='ltr'><strong>nostris</strong></span> <span class='ocrx_word' id='word_1_444' title='bbox 2576 3773 2974 3848; x_wconf 90' lang='lat' dir='ltr'><strong>doctoribus,</strong></span> <span class='ocrx_word' id='word_1_445' title='bbox 3016 3771 3399 3852; x_wconf 89' lang='lat' dir='ltr'><strong>inquientis,</strong></span> <span class='ocrx_word' id='word_1_446' title='bbox 3427 3789 3763 3850; x_wconf 86' lang='lat' dir='ltr'><strong>exponens</strong></span> <span class='ocrx_word' id='word_1_447' title='bbox 3804 3788 3981 3848; x_wconf 86' lang='lat' dir='ltr'><strong>eam,</strong></span> 
     </span>
    </p>
   </div>
   <div class='ocr_carea' id='block_1_41' title="bbox 703 3867 3980 3950">
    <p class='ocr_par' dir='ltr' id='par_1_41' title="bbox 703 3867 3980 3950">
     <span class='ocr_line' id='line_1_41' title="bbox 703 3867 3980 3950; baseline 0.001 -22"><span class='ocrx_word' id='word_1_448' title='bbox 703 3886 848 3945; x_wconf 69' lang='lat' dir='ltr'><strong>qua:</strong></span> <span class='ocrx_word' id='word_1_449' title='bbox 871 3867 948 3927; x_wconf 91' lang='lat' dir='ltr'><strong>ab</strong></span> <span class='ocrx_word' id='word_1_450' title='bbox 977 3867 1374 3946; x_wconf 89' lang='lat' dir='ltr'><strong>evangelista</strong></span> <span class='ocrx_word' id='word_1_451' title='bbox 1409 3868 1649 3929; x_wconf 89' lang='lat' dir='ltr'><strong>dicitur</strong></span> <span class='ocrx_word' id='word_1_452' title='bbox 1673 3869 1888 3946; x_wconf 87' lang='lat' dir='ltr'><strong>prima</strong></span> <span class='ocrx_word' id='word_1_453' title='bbox 1913 3867 2316 3947; x_wconf 81' lang='lat' dir='ltr'><strong>Azymorum,</strong></span> <span class='ocrx_word' id='word_1_454' title='bbox 2349 3868 2474 3931; x_wconf 89' lang='lat' dir='ltr'><strong>ait:</strong></span> <span class='ocrx_word' id='word_1_455' title='bbox 2506 3867 2778 3931; x_wconf 86' lang='lat' dir='ltr'><strong>Primam</strong></span> <span class='ocrx_word' id='word_1_456' title='bbox 2819 3871 3208 3949; x_wconf 86' lang='lat' dir='ltr'><strong>Azymorum</strong></span> <span class='ocrx_word' id='word_1_457' title='bbox 3242 3889 3280 3929; x_wconf 89' lang='lat' dir='ltr'><strong>a</strong></span> <span class='ocrx_word' id='word_1_458' title='bbox 3309 3869 3624 3940; x_wconf 73' lang='lat' dir='ltr'><strong>Matthwo,</strong></span> <span class='ocrx_word' id='word_1_459' title='bbox 3661 3868 3980 3950; x_wconf 83' lang='lat' dir='ltr'><strong>(itemque</strong></span> 
     </span>
    </p>
   </div>
   <div class='ocr_carea' id='block_1_42' title="bbox 707 3964 3986 4045">
    <p class='ocr_par' dir='ltr' id='par_1_42' title="bbox 707 3964 3986 4045">
     <span class='ocr_line' id='line_1_42' title="bbox 707 3964 3986 4045; baseline 0.001 -20"><span class='ocrx_word' id='word_1_460' title='bbox 707 3983 740 4025; x_wconf 88' lang='lat' dir='ltr'><strong>a</strong></span> <span class='ocrx_word' id='word_1_461' title='bbox 774 3964 1030 4043; x_wconf 81' lang='lat' dir='ltr'><strong>Marco,)</strong></span> <span class='ocrx_word' id='word_1_462' title='bbox 1061 3964 1371 4042; x_wconf 87' lang='lat' dir='ltr'><strong>appellari</strong></span> <span class='ocrx_word' id='word_1_463' title='bbox 1398 3965 1567 4026; x_wconf 91' lang='lat' dir='ltr'><strong>diem</strong></span> <span class='ocrx_word' id='word_1_464' title='bbox 1592 3983 1772 4045; x_wconf 72' lang='lat' dir='ltr'><strong>,quaa</strong></span> <span class='ocrx_word' id='word_1_465' title='bbox 1808 3965 2038 4045; x_wconf 76' lang='lat' dir='ltr'><strong>Azyma</strong></span> <span class='ocrx_word' id='word_1_466' title='bbox 2061 3965 2387 4044; x_wconf 68' lang='lat' dir='ltr'><strong>praecedit.</strong></span> <span class='ocrx_word' id='word_1_467' title='bbox 2421 3965 2821 4028; x_wconf 73' lang='lat' dir='ltr'><strong>Prmmiserat</strong></span> <span class='ocrx_word' id='word_1_468' title='bbox 2854 3982 3006 4028; x_wconf 90' lang='lat' dir='ltr'><strong>vero</strong></span> <span class='ocrx_word' id='word_1_469' title='bbox 3040 3966 3368 4045; x_wconf 90' lang='lat' dir='ltr'><strong>quomodo</strong></span> <span class='ocrx_word' id='word_1_470' title='bbox 3399 3967 3539 4026; x_wconf 91' lang='lat' dir='ltr'><strong>dies</strong></span> <span class='ocrx_word' id='word_1_471' title='bbox 3571 3965 3703 4027; x_wconf 69' lang='lat' dir='ltr'><strong>haec</strong></span> <span class='ocrx_word' id='word_1_472' title='bbox 3743 3983 3986 4044; x_wconf 75' lang='lat' dir='ltr'><strong>praece-</strong></span> 
     </span>
    </p>
   </div>
   <div class='ocr_carea' id='block_1_43' title="bbox 707 4059 3982 4143">
    <p class='ocr_par' dir='ltr' id='par_1_43' title="bbox 707 4059 3982 4143">
     <span class='ocr_line' id='line_1_43' title="bbox 707 4059 3982 4143; baseline 0.001 -23"><span class='ocrx_word' id='word_1_473' title='bbox 707 4060 859 4121; x_wconf 89' lang='lat' dir='ltr'><strong>dere</strong></span> <span class='ocrx_word' id='word_1_474' title='bbox 892 4061 1140 4121; x_wconf 88' lang='lat' dir='ltr'><strong>dicatur</strong></span> <span class='ocrx_word' id='word_1_475' title='bbox 1170 4065 1485 4140; x_wconf 73' lang='lat' dir='ltr'><strong>Azymaza</strong></span> <span class='ocrx_word' id='word_1_476' title='bbox 1519 4061 1830 4125; x_wconf 88' lang='lat' dir='ltr'><strong>Novimus</strong></span> <span class='ocrx_word' id='word_1_477' title='bbox 1853 4059 2491 4143; x_wconf 88' lang='lat' dir='ltr'><strong>enim,inquieus,in</strong></span> <span class='ocrx_word' id='word_1_478' title='bbox 2522 4061 2663 4140; x_wconf 89' lang='lat' dir='ltr'><strong>lege</strong></span> <span class='ocrx_word' id='word_1_479' title='bbox 2694 4061 2962 4140; x_wconf 84' lang='lat' dir='ltr'><strong>primam</strong></span> <span class='ocrx_word' id='word_1_480' title='bbox 2986 4062 3378 4138; x_wconf 76' lang='lat' dir='ltr'><strong>Azymorum</strong></span> <span class='ocrx_word' id='word_1_481' title='bbox 3401 4059 3717 4122; x_wconf 89' lang='lat' dir='ltr'><strong>dicidiem</strong></span> <span class='ocrx_word' id='word_1_482' title='bbox 3773 4060 3982 4140; x_wconf 86' lang='lat' dir='ltr'><strong>quin-</strong></span> 
     </span>
    </p>
   </div>
   <div class='ocr_carea' id='block_1_44' title="bbox 707 4155 3982 4237">
    <p class='ocr_par' dir='ltr' id='par_1_44' title="bbox 707 4155 3982 4237">
     <span class='ocr_line' id='line_1_44' title="bbox 707 4155 3982 4237; baseline 0.001 -22"><span class='ocrx_word' id='word_1_483' title='bbox 707 4162 830 4216; x_wconf 90' lang='lat' dir='ltr'><strong>tam</strong></span> <span class='ocrx_word' id='word_1_484' title='bbox 866 4157 1202 4228; x_wconf 91' lang='lat' dir='ltr'><strong>decimam,</strong></span> <span class='ocrx_word' id='word_1_485' title='bbox 1241 4158 1305 4218; x_wconf 90' lang='lat' dir='ltr'><strong>in</strong></span> <span class='ocrx_word' id='word_1_486' title='bbox 1346 4175 1473 4237; x_wconf 91' lang='lat' dir='ltr'><strong>qua</strong></span> <span class='ocrx_word' id='word_1_487' title='bbox 1504 4159 1753 4220; x_wconf 90' lang='lat' dir='ltr'><strong>scilicet</strong></span> <span class='ocrx_word' id='word_1_488' title='bbox 1782 4158 2109 4222; x_wconf 88' lang='lat' dir='ltr'><strong>illucescit</strong></span> <span class='ocrx_word' id='word_1_489' title='bbox 2146 4175 2274 4222; x_wconf 86' lang='lat' dir='ltr'><strong>nox</strong></span> <span class='ocrx_word' id='word_1_490' title='bbox 2304 4157 2724 4220; x_wconf 90' lang='lat' dir='ltr'><strong>comestionis</strong></span> <span class='ocrx_word' id='word_1_491' title='bbox 2755 4155 3098 4236; x_wconf 84' lang='lat' dir='ltr'><strong>paschalis.</strong></span> <span class='ocrx_word' id='word_1_492' title='bbox 3137 4179 3164 4213; x_wconf 78' lang='grc' dir='ltr'><strong><em>ιο</em></strong></span> <span class='ocrx_word' id='word_1_493' title='bbox 3188 4158 3347 4230; x_wconf 68' lang='lat' dir='ltr'><strong>Qum</strong></span> <span class='ocrx_word' id='word_1_494' title='bbox 3370 4174 3496 4218; x_wconf 91' lang='lat' dir='ltr'><strong>nox</strong></span> <span class='ocrx_word' id='word_1_495' title='bbox 3519 4173 3692 4219; x_wconf 90' lang='lat' dir='ltr'><strong>anno</strong></span> <span class='ocrx_word' id='word_1_496' title='bbox 3723 4159 3982 4235; x_wconf 84' lang='lat' dir='ltr'><strong>passio-</strong></span> 
     </span>
    </p>
   </div>
   <div class='ocr_carea' id='block_1_45' title="bbox 709 4251 3982 4333">
    <p class='ocr_par' dir='ltr' id='par_1_45' title="bbox 709 4251 3982 4333">
     <span class='ocr_line' id='line_1_45' title="bbox 709 4251 3982 4333; baseline 0.002 -22"><span class='ocrx_word' id='word_1_497' title='bbox 709 4251 808 4313; x_wconf 90' lang='lat' dir='ltr'><strong>nis</strong></span> <span class='ocrx_word' id='word_1_498' title='bbox 862 4252 1098 4314; x_wconf 89' lang='lat' dir='ltr'><strong>Christi</strong></span> <span class='ocrx_word' id='word_1_499' title='bbox 1161 4253 1333 4315; x_wconf 90' lang='lat' dir='ltr'><strong>diem</strong></span> <span class='ocrx_word' id='word_1_500' title='bbox 1369 4255 1662 4333; x_wconf 90' lang='lat' dir='ltr'><strong>quintam</strong></span> <span class='ocrx_word' id='word_1_501' title='bbox 1702 4253 2121 4319; x_wconf 61' lang='lat' dir='ltr'><strong>hebdomadas</strong></span> <span class='ocrx_word' id='word_1_502' title='bbox 2151 4255 2504 4319; x_wconf 89' lang='lat' dir='ltr'><strong>naturalem</strong></span> <span class='ocrx_word' id='word_1_503' title='bbox 2537 4254 2921 4333; x_wconf 88' lang='lat' dir='ltr'><strong>complebat,</strong></span> <span class='ocrx_word' id='word_1_504' title='bbox 2953 4253 3428 4333; x_wconf 87' lang='lat' dir='ltr'><strong>inchoabatque</strong></span> <span class='ocrx_word' id='word_1_505' title='bbox 3483 4252 3781 4316; x_wconf 87' lang='lat' dir='ltr'><strong>festivam</strong></span> <span class='ocrx_word' id='word_1_506' title='bbox 3804 4254 3982 4316; x_wconf 87' lang='lat' dir='ltr'><strong>diem</strong></span> 
     </span>
    </p>
   </div>
   <div class='ocr_carea' id='block_1_46' title="bbox 705 4349 3982 4432">
    <p class='ocr_par' dir='ltr' id='par_1_46' title="bbox 705 4349 3982 4432">
     <span class='ocr_line' id='line_1_46' title="bbox 705 4349 3982 4432; baseline 0.003 -25"><span class='ocrx_word' id='word_1_507' title='bbox 705 4349 1098 4426; x_wconf 68' lang='lat' dir='ltr'><strong>Azymorum</strong></span> <span class='ocrx_word' id='word_1_508' title='bbox 1130 4351 1421 4427; x_wconf 86' lang='lat' dir='ltr'><strong>primam,</strong></span> <span class='ocrx_word' id='word_1_509' title='bbox 1457 4368 1600 4430; x_wconf 65' lang='lat' dir='ltr'><strong>quae</strong></span> <span class='ocrx_word' id='word_1_510' title='bbox 1629 4351 1694 4413; x_wconf 89' lang='lat' dir='ltr'><strong>in</strong></span> <span class='ocrx_word' id='word_1_511' title='bbox 1729 4353 2119 4416; x_wconf 89' lang='lat' dir='ltr'><strong>Parasceven</strong></span> <span class='ocrx_word' id='word_1_512' title='bbox 2150 4352 2407 4416; x_wconf 90' lang='lat' dir='ltr'><strong>incidit.</strong></span> <span class='ocrx_word' id='word_1_513' title='bbox 2430 4353 2608 4415; x_wconf 85' lang='lat' dir='ltr'><strong>Hanc</strong></span> <span class='ocrx_word' id='word_1_514' title='bbox 2631 4358 2789 4432; x_wconf 87' lang='lat' dir='ltr'><strong>puto</strong></span> <span class='ocrx_word' id='word_1_515' title='bbox 2824 4350 2948 4413; x_wconf 87' lang='lat' dir='ltr'><strong>loci</strong></span> <span class='ocrx_word' id='word_1_516' title='bbox 2985 4351 3155 4430; x_wconf 87' lang='lat' dir='ltr'><strong>apud</strong></span> <span class='ocrx_word' id='word_1_517' title='bbox 3178 4351 3463 4414; x_wconf 89' lang='lat' dir='ltr'><strong>Marcum</strong></span> <span class='ocrx_word' id='word_1_518' title='bbox 3495 4351 3982 4432; x_wconf 89' lang='lat' dir='ltr'><strong>interpretatio-</strong></span> 
     </span>
    </p>
   </div>
   <div class='ocr_carea' id='block_1_47' title="bbox 709 4447 1591 4511">
    <p class='ocr_par' dir='ltr' id='par_1_47' title="bbox 709 4447 1591 4511">
     <span class='ocr_line' id='line_1_47' title="bbox 709 4447 1591 4511; baseline 0.001 -5"><span class='ocrx_word' id='word_1_519' title='bbox 709 4464 852 4508; x_wconf 89' lang='lat' dir='ltr'><strong>nem</strong></span> <span class='ocrx_word' id='word_1_520' title='bbox 885 4447 1591 4511; x_wconf 81' lang='lat' dir='ltr'><strong>convenientissimam.</strong></span> 
     </span>
    </p>
   </div>
   <div class='ocr_carea' id='block_1_48' title="bbox 1990 4591 2558 4666">
    <p class='ocr_par' dir='ltr' id='par_1_48' title="bbox 1990 4591 2558 4666">
     <span class='ocr_line' id='line_1_48' title="bbox 1990 4591 2558 4666; baseline -0.012 0"><span class='ocrx_word' id='word_1_521' title='bbox 1990 4591 2285 4666; x_wconf 83' lang='lat' dir='ltr'><strong>[xxxwl</strong></span> <span class='ocrx_word' id='word_1_522' title='bbox 2331 4597 2558 4660; x_wconf 82' lang='lat' dir='ltr'><strong>XVIII.</strong></span> 
     </span>
    </p>
   </div>
   <div class='ocr_carea' id='block_1_49' title="bbox 709 4750 3984 4834">
    <p class='ocr_par' dir='ltr' id='par_1_49' title="bbox 709 4750 3984 4834">
     <span class='ocr_line' id='line_1_49' title="bbox 709 4750 3984 4834; baseline 0.002 -26"><span class='ocrx_word' id='word_1_523' title='bbox 709 4750 972 4834; x_wconf 74' lang='lat' dir='ltr'><strong>Pugnat</strong></span> <span class='ocrx_word' id='word_1_524' title='bbox 1012 4757 1287 4808; x_wconf 78' lang='lat' dir='ltr'><strong>attamen</strong></span> <span class='ocrx_word' id='word_1_525' title='bbox 1317 4765 1436 4834; x_wconf 79' lang='lat' dir='ltr'><strong>pro</strong></span> <span class='ocrx_word' id='word_1_526' title='bbox 1464 4751 1693 4834; x_wconf 48' lang='lat' dir='ltr'><strong>Graeco</strong></span> <span class='ocrx_word' id='word_1_527' title='bbox 1733 4751 2390 4834; x_wconf 68' lang='lat' dir='ltr'><strong>riti_t_consecrationis</strong></span> <span class='ocrx_word' id='word_1_528' title='bbox 2424 4752 2494 4811; x_wconf 82' lang='lat' dir='ltr'><strong>in</strong></span> <span class='ocrx_word' id='word_1_529' title='bbox 2504 4753 2911 4834; x_wconf 67' lang='lat' dir='ltr'><strong>fermentata.</strong></span> <span class='ocrx_word' id='word_1_530' title='bbox 2949 4753 3289 4834; x_wconf 74' lang='lat' dir='ltr'><strong>Lenissima</strong></span> <span class='ocrx_word' id='word_1_531' title='bbox 3315 4754 3448 4834; x_wconf 88' lang='lat' dir='ltr'><strong>ejus</strong></span> <span class='ocrx_word' id='word_1_532' title='bbox 3477 4763 3847 4834; x_wconf 86' lang='lat' dir='ltr'><strong>argumenta</strong></span> <span class='ocrx_word' id='word_1_533' title='bbox 3871 4774 3984 4816; x_wconf 80' lang='lat' dir='ltr'><strong>va-</strong></span> 
     </span>
    </p>
   </div>
   <div class='ocr_carea' id='block_1_50' title="bbox 787 4753 3982 4921">
    <p class='ocr_par' dir='ltr' id='par_1_50' title="bbox 787 4753 3982 4921">
     <span class='ocr_line' id='line_1_50' title="bbox 789 4753 3982 4834; baseline 0.003 -27"><span class='ocrx_word' id='word_1_534' title='bbox 789 4760 968 4823; x_wconf 76' lang='lat' dir='ltr'><strong>tgnat</strong></span> <span class='ocrx_word' id='word_1_535' title='bbox 1012 4757 1287 4808; x_wconf 78' lang='lat' dir='ltr'><strong>attamen</strong></span> <span class='ocrx_word' id='word_1_536' title='bbox 1317 4765 1436 4826; x_wconf 86' lang='lat' dir='ltr'><strong>pro</strong></span> <span class='ocrx_word' id='word_1_537' title='bbox 1481 4753 1693 4812; x_wconf 69' lang='grc' dir='ltr'><strong>σταισο</strong></span> <span class='ocrx_word' id='word_1_538' title='bbox 1733 4753 1866 4812; x_wconf 83' lang='lat' dir='ltr'><strong>ritu</strong></span> <span class='ocrx_word' id='word_1_539' title='bbox 1896 4753 2390 4811; x_wconf 78' lang='lat' dir='ltr'><strong>consecrationis</strong></span> <span class='ocrx_word' id='word_1_540' title='bbox 2424 4753 2494 4811; x_wconf 82' lang='lat' dir='ltr'><strong>in</strong></span> <span class='ocrx_word' id='word_1_541' title='bbox 2551 4762 2911 4815; x_wconf 84' lang='lat' dir='ltr'><strong>ermentato.</strong></span> <span class='ocrx_word' id='word_1_542' title='bbox 2949 4753 3289 4816; x_wconf 74' lang='lat' dir='ltr'><strong>Lenissima</strong></span> <span class='ocrx_word' id='word_1_543' title='bbox 3315 4754 3448 4834; x_wconf 86' lang='lat' dir='ltr'><strong>ejus</strong></span> <span class='ocrx_word' id='word_1_544' title='bbox 3477 4763 3847 4831; x_wconf 86' lang='lat' dir='ltr'><strong>argumenta</strong></span> <span class='ocrx_word' id='word_1_545' title='bbox 3871 4774 3982 4816; x_wconf 80' lang='lat' dir='ltr'><strong>va-</strong></span> 
     </span>
     <span class='ocr_line' id='line_1_51' title="bbox 787 4753 3982 4921; baseline 0.003 -34"><span class='ocrx_word' id='word_1_546' title='bbox 787 4830 906 4889; x_wconf 87' lang='lat' dir='ltr'><strong>ria.</strong></span> <span class='ocrx_word' id='word_1_547' title='bbox 943 4831 1099 4918; x_wconf 80' lang='lat' dir='ltr'><strong>Item</strong></span> <span class='ocrx_word' id='word_1_548' title='bbox 1141 4837 1358 4887; x_wconf 83' lang='lat' dir='ltr'><strong>contra</strong></span> <span class='ocrx_word' id='word_1_549' title='bbox 1377 4829 1694 4921; x_wconf 59' lang='lat' dir='ltr'><strong>jejunium</strong></span> <span class='ocrx_word' id='word_1_550' title='bbox 1751 4828 2041 4921; x_wconf 51' lang='lat' dir='ltr'><strong>Sabpati.</strong></span> <span class='ocrx_word' id='word_1_551' title='bbox 2070 4828 2410 4908; x_wconf 81' lang='lat' dir='ltr'><strong>Perperam</strong></span> <span class='ocrx_word' id='word_1_552' title='bbox 2443 4753 2632 4921; x_wconf 58' lang='lat' dir='ltr'><strong>a/{ert</strong></span> <span class='ocrx_word' id='word_1_553' title='bbox 2664 4831 2949 4893; x_wconf 84' lang='lat' dir='ltr'><strong>Canones</strong></span> <span class='ocrx_word' id='word_1_554' title='bbox 2977 4832 3435 4921; x_wconf 59' lang='lat' dir='ltr'><strong>apostolorum.</strong></span> <span class='ocrx_word' id='word_1_555' title='bbox 3489 4833 3732 4921; x_wconf 55' lang='grc' dir='ltr'><strong>δρέποάὶ</strong></span> <span class='ocrx_word' id='word_1_556' title='bbox 3781 4846 3982 4921; x_wconf 68' lang='lat' dir='ltr'><strong>sexta</strong></span> 
     </span>
    </p>
   </div>
   <div class='ocr_carea' id='block_1_51' title="bbox 751 4907 3980 5044">
    <p class='ocr_par' dir='ltr' id='par_1_51' title="bbox 751 4907 3980 5044">
     <span class='ocr_line' id='line_1_52' title="bbox 751 4907 3980 5044; baseline 0.003 -78"><span class='ocrx_word' id='word_1_557' title='bbox 751 4908 1168 5044; x_wconf 51' lang='lat' dir='ltr'><strong>&#39;celcumenica:</strong></span> <span class='ocrx_word' id='word_1_558' title='bbox 1209 4907 1557 4968; x_wconf 80' lang='lat' dir='ltr'><strong>auctoritas</strong></span> <span class='ocrx_word' id='word_1_559' title='bbox 1584 4908 1749 4986; x_wconf 82' lang='lat' dir='ltr'><strong>falso</strong></span> <span class='ocrx_word' id='word_1_560' title='bbox 1808 4907 2106 4979; x_wconf 80' lang='lat' dir='ltr'><strong>adducta,</strong></span> <span class='ocrx_word' id='word_1_561' title='bbox 2140 4907 2273 4987; x_wconf 68' lang='lat' dir='ltr'><strong>quae</strong></span> <span class='ocrx_word' id='word_1_562' title='bbox 2333 4907 2610 4970; x_wconf 79' lang='lat' dir='ltr'><strong>sumitur</strong></span> <span class='ocrx_word' id='word_1_563' title='bbox 2684 4929 2804 4990; x_wconf 82' lang='lat' dir='ltr'><strong>pro</strong></span> <span class='ocrx_word' id='word_1_564' title='bbox 2861 4907 3100 4992; x_wconf 56' lang='lat' dir='ltr'><strong>syno&#39;do</strong></span> <span class='ocrx_word' id='word_1_565' title='bbox 3157 4910 3486 4972; x_wconf 84' lang='lat' dir='ltr'><strong>Trullana.</strong></span> <span class='ocrx_word' id='word_1_566' title='bbox 3539 4907 3790 4991; x_wconf 72' lang='lat' dir='ltr'><strong>lapsus</strong></span> <span class='ocrx_word' id='word_1_567' title='bbox 3840 4915 3980 4994; x_wconf 68' lang='lat' dir='ltr'><strong>eﬁrs</strong></span> 
     </span>
     <span class='ocr_line' id='line_1_53' title="bbox 784 5003 3778 5044; baseline 0.003 0"><span class='ocrx_word' id='word_1_568' title='bbox 784 5005 820 5044; x_wconf 82' lang='grc' dir='ltr'>ῃ</span> <span class='ocrx_word' id='word_1_569' title='bbox 857 5003 1019 5044; x_wconf 87' lang='lat' dir='ltr'><strong>ures.</strong></span> <span class='ocrx_word' id='word_1_570' title='bbox 3771 5031 3778 5037; x_wconf 90' lang='lat'><strong>-</strong></span> 
     </span>
    </p>
   </div>
   <div class='ocr_carea' id='block_1_52' title="bbox 781 5003 3778 5063">
    <p class='ocr_par' dir='ltr' id='par_1_52' title="bbox 781 5003 3778 5063">
     <span class='ocr_line' id='line_1_54' title="bbox 781 5003 3778 5063; baseline -0.002 -19"><span class='ocrx_word' id='word_1_571' title='bbox 781 5003 1019 5063; x_wconf 77' lang='lat' dir='ltr'><strong>plures.</strong></span> <span class='ocrx_word' id='word_1_572' title='bbox 3771 5031 3778 5037; x_wconf 93' lang='lat'><strong>.</strong></span> 
     </span>
    </p>
   </div>
   <div class='ocr_carea' id='block_1_53' title="bbox 782 5132 3974 5221">
    <p class='ocr_par' dir='ltr' id='par_1_53' title="bbox 782 5132 3974 5221">
     <span class='ocr_line' id='line_1_55' title="bbox 782 5132 3974 5221; baseline 0.003 -27"><span class='ocrx_word' id='word_1_573' title='bbox 782 5133 880 5194; x_wconf 85' lang='lat'><strong>68.</strong></span> <span class='ocrx_word' id='word_1_574' title='bbox 917 5132 1195 5192; x_wconf 90' lang='lat' dir='ltr'><strong>Tametsi</strong></span> <span class='ocrx_word' id='word_1_575' title='bbox 1223 5149 1369 5194; x_wconf 92' lang='lat' dir='ltr'><strong>cum</strong></span> <span class='ocrx_word' id='word_1_576' title='bbox 1409 5133 1649 5194; x_wconf 89' lang='lat' dir='ltr'><strong>Latinis</strong></span> <span class='ocrx_word' id='word_1_577' title='bbox 1681 5132 1955 5196; x_wconf 81' lang='lat' dir='ltr'><strong>fateatur</strong></span> <span class='ocrx_word' id='word_1_578' title='bbox 1987 5134 2534 5215; x_wconf 74' lang='lat' dir='ltr'><strong>&#39;I‘heophylactus,</strong></span> <span class='ocrx_word' id='word_1_579' title='bbox 2597 5139 2922 5201; x_wconf 91' lang='lat' dir='ltr'><strong>Christum</strong></span> <span class='ocrx_word' id='word_1_580' title='bbox 2957 5140 3308 5210; x_wconf 88' lang='lat' dir='ltr'><strong>Dominum</strong></span> <span class='ocrx_word' id='word_1_581' title='bbox 3351 5148 3492 5217; x_wconf 90' lang='lat' dir='ltr'><strong>post</strong></span> <span class='ocrx_word' id='word_1_582' title='bbox 3515 5156 3756 5203; x_wconf 66' lang='lat' dir='ltr'><strong>coenam</strong></span> <span class='ocrx_word' id='word_1_583' title='bbox 3790 5139 3974 5221; x_wconf 88' lang='lat' dir='ltr'><strong>lega-</strong></span> 
     </span>
    </p>
   </div>
   <div class='ocr_carea' id='block_1_54' title="bbox 708 5229 3979 5315">
    <p class='ocr_par' dir='ltr' id='par_1_54' title="bbox 708 5229 3979 5315">
     <span class='ocr_line' id='line_1_56' title="bbox 708 5229 3979 5315; baseline 0.005 -27"><span class='ocrx_word' id='word_1_584' title='bbox 708 5229 856 5300; x_wconf 88' lang='lat' dir='ltr'><strong>lem,</strong></span> <span class='ocrx_word' id='word_1_585' title='bbox 883 5229 1063 5309; x_wconf 87' lang='lat' dir='ltr'><strong>justo</strong></span> <span class='ocrx_word' id='word_1_586' title='bbox 1089 5234 1373 5305; x_wconf 88' lang='lat' dir='ltr'><strong>tempore</strong></span> <span class='ocrx_word' id='word_1_587' title='bbox 1403 5239 1742 5308; x_wconf 91' lang='lat' dir='ltr'><strong>peractam,</strong></span> <span class='ocrx_word' id='word_1_588' title='bbox 1784 5232 2170 5310; x_wconf 89' lang='lat' dir='ltr'><strong>mysterium</strong></span> <span class='ocrx_word' id='word_1_589' title='bbox 2203 5235 2623 5296; x_wconf 71' lang='lat' dir='ltr'><strong>Eucharistiaa</strong></span> <span class='ocrx_word' id='word_1_590' title='bbox 2657 5237 3017 5300; x_wconf 90' lang='lat' dir='ltr'><strong>instituisse</strong></span> <span class='ocrx_word' id='word_1_591' title='bbox 3052 5237 3115 5298; x_wconf 92' lang='lat' dir='ltr'><strong>in</strong></span> <span class='ocrx_word' id='word_1_592' title='bbox 3165 5252 3392 5315; x_wconf 87' lang='lat' dir='ltr'><strong>azymo</strong></span> <span class='ocrx_word' id='word_1_593' title='bbox 3427 5254 3631 5315; x_wconf 87' lang='lat' dir='ltr'><strong>pane:</strong></span> <span class='ocrx_word' id='word_1_594' title='bbox 3667 5260 3697 5294; x_wconf 73' lang='grc' dir='ltr'><strong><em>α</em></strong></span> <span class='ocrx_word' id='word_1_595' title='bbox 3730 5239 3979 5304; x_wconf 88' lang='lat' dir='ltr'><strong>Verum</strong></span> 
     </span>
    </p>
   </div>
   <div class='ocr_carea' id='block_1_55' title="bbox 707 5320 3979 5415">
    <p class='ocr_par' dir='ltr' id='par_1_55' title="bbox 707 5320 3979 5415">
     <span class='ocr_line' id='line_1_57' title="bbox 707 5320 3979 5415; baseline 0.004 -29"><span class='ocrx_word' id='word_1_596' title='bbox 707 5343 835 5386; x_wconf 88' lang='lat' dir='ltr'><strong>non</strong></span> <span class='ocrx_word' id='word_1_597' title='bbox 887 5325 1104 5386; x_wconf 90' lang='lat' dir='ltr'><strong>studio</strong></span> <span class='ocrx_word' id='word_1_598' title='bbox 1138 5324 1370 5386; x_wconf 86' lang='lat' dir='ltr'><strong>factum</strong></span> <span class='ocrx_word' id='word_1_599' title='bbox 1407 5333 1504 5387; x_wconf 89' lang='lat' dir='ltr'><strong>est</strong></span> <span class='ocrx_word' id='word_1_600' title='bbox 1558 5326 1800 5406; x_wconf 90' lang='lat' dir='ltr'><strong>(inquit</strong></span> <span class='ocrx_word' id='word_1_601' title='bbox 1832 5329 1898 5390; x_wconf 88' lang='lat' dir='ltr'><strong>in</strong></span> <span class='ocrx_word' id='word_1_602' title='bbox 1947 5328 2223 5408; x_wconf 91' lang='lat' dir='ltr'><strong>epistola</strong></span> <span class='ocrx_word' id='word_1_603' title='bbox 2256 5331 2334 5391; x_wconf 91' lang='lat' dir='ltr'><strong>ad</strong></span> <span class='ocrx_word' id='word_1_604' title='bbox 2363 5320 2697 5394; x_wconf 81' lang='lat' dir='ltr'><strong>Nicolaum</strong></span> <span class='ocrx_word' id='word_1_605' title='bbox 2731 5333 3077 5395; x_wconf 92' lang='lat' dir='ltr'><strong>diaconum</strong></span> <span class='ocrx_word' id='word_1_606' title='bbox 3123 5343 3185 5394; x_wconf 90' lang='lat' dir='ltr'><strong>et</strong></span> <span class='ocrx_word' id='word_1_607' title='bbox 3215 5333 3656 5415; x_wconf 90' lang='lat' dir='ltr'><strong>canstrisium)</strong></span> <span class='ocrx_word' id='word_1_608' title='bbox 3687 5343 3756 5397; x_wconf 89' lang='lat' dir='ltr'><strong>ut</strong></span> <span class='ocrx_word' id='word_1_609' title='bbox 3792 5337 3979 5413; x_wconf 88' lang='lat' dir='ltr'><strong>panis</strong></span> 
     </span>
    </p>
   </div>
   <div class='ocr_carea' id='block_1_56' title="bbox 708 5420 3977 5510">
    <p class='ocr_par' dir='ltr' id='par_1_56' title="bbox 708 5420 3977 5510">
     <span class='ocr_line' id='line_1_58' title="bbox 708 5420 3977 5510; baseline 0.004 -30"><span class='ocrx_word' id='word_1_610' title='bbox 708 5420 812 5482; x_wconf 90' lang='lat' dir='ltr'><strong>ille</strong></span> <span class='ocrx_word' id='word_1_611' title='bbox 866 5439 1130 5499; x_wconf 83' lang='lat' dir='ltr'><strong>azymus</strong></span> <span class='ocrx_word' id='word_1_612' title='bbox 1159 5429 1329 5482; x_wconf 90' lang='lat' dir='ltr'><strong>esset</strong></span> <span class='ocrx_word' id='word_1_613' title='bbox 1367 5443 1380 5482; x_wconf 89' lang='lat'><strong>:</strong></span> <span class='ocrx_word' id='word_1_614' title='bbox 1413 5423 1525 5484; x_wconf 89' lang='lat' dir='ltr'><strong>sed</strong></span> <span class='ocrx_word' id='word_1_615' title='bbox 1564 5422 1727 5501; x_wconf 88' lang='lat' dir='ltr'><strong>legis</strong></span> <span class='ocrx_word' id='word_1_616' title='bbox 1769 5425 2121 5487; x_wconf 90' lang='lat' dir='ltr'><strong>necessitas</strong></span> <span class='ocrx_word' id='word_1_617' title='bbox 2160 5425 2361 5488; x_wconf 89' lang='lat' dir='ltr'><strong>alium</strong></span> <span class='ocrx_word' id='word_1_618' title='bbox 2396 5435 2547 5490; x_wconf 92' lang='lat' dir='ltr'><strong>tunc</strong></span> <span class='ocrx_word' id='word_1_619' title='bbox 2579 5447 2723 5491; x_wconf 90' lang='lat' dir='ltr'><strong>esse</strong></span> <span class='ocrx_word' id='word_1_620' title='bbox 2762 5447 2990 5508; x_wconf 87' lang='lat' dir='ltr'><strong>panem</strong></span> <span class='ocrx_word' id='word_1_621' title='bbox 3049 5446 3176 5491; x_wconf 93' lang='lat' dir='ltr'><strong>non</strong></span> <span class='ocrx_word' id='word_1_622' title='bbox 3214 5431 3699 5508; x_wconf 78' lang='lat' dir='ltr'><strong>permittebat.»</strong></span> <span class='ocrx_word' id='word_1_623' title='bbox 3736 5432 3977 5510; x_wconf 87' lang='lat' dir='ltr'><strong>Legem</strong></span> 
     </span>
    </p>
   </div>
   <div class='ocr_carea' id='block_1_57' title="bbox 708 5517 3978 5607">
    <p class='ocr_par' dir='ltr' id='par_1_57' title="bbox 708 5517 3978 5607">
     <span class='ocr_line' id='line_1_59' title="bbox 708 5517 3978 5607; baseline 0.005 -31"><span class='ocrx_word' id='word_1_624' title='bbox 708 5517 956 5578; x_wconf 81' lang='lat' dir='ltr'><strong>scilicet</strong></span> <span class='ocrx_word' id='word_1_625' title='bbox 987 5518 1298 5592; x_wconf 89' lang='lat' dir='ltr'><strong>excludit,</strong></span> <span class='ocrx_word' id='word_1_626' title='bbox 1333 5537 1523 5599; x_wconf 92' lang='lat' dir='ltr'><strong>quam</strong></span> <span class='ocrx_word' id='word_1_627' title='bbox 1577 5520 1962 5597; x_wconf 86' lang='lat' dir='ltr'><strong>imposuerit</strong></span> <span class='ocrx_word' id='word_1_628' title='bbox 1999 5522 2318 5595; x_wconf 89' lang='lat' dir='ltr'><strong>Christus,</strong></span> <span class='ocrx_word' id='word_1_629' title='bbox 2371 5525 2927 5588; x_wconf 89' lang='lat' dir='ltr'><strong>consecrationem</strong></span> <span class='ocrx_word' id='word_1_630' title='bbox 2976 5526 3348 5589; x_wconf 91' lang='lat' dir='ltr'><strong>celebrandi</strong></span> <span class='ocrx_word' id='word_1_631' title='bbox 3407 5527 3475 5589; x_wconf 90' lang='lat' dir='ltr'><strong>in</strong></span> <span class='ocrx_word' id='word_1_632' title='bbox 3519 5544 3749 5607; x_wconf 88' lang='lat' dir='ltr'><strong>azymo</strong></span> <span class='ocrx_word' id='word_1_633' title='bbox 3787 5545 3978 5606; x_wconf 91' lang='lat' dir='ltr'><strong>pane.</strong></span> 
     </span>
    </p>
   </div>
   <div class='ocr_carea' id='block_1_58' title="bbox 705 5615 3982 5704">
    <p class='ocr_par' dir='ltr' id='par_1_58' title="bbox 705 5615 3982 5704">
     <span class='ocr_line' id='line_1_60' title="bbox 705 5615 3982 5704; baseline 0.004 -29"><span class='ocrx_word' id='word_1_634' title='bbox 705 5617 852 5676; x_wconf 75' lang='lat' dir='ltr'><strong>Hmc</strong></span> <span class='ocrx_word' id='word_1_635' title='bbox 880 5615 1066 5678; x_wconf 91' lang='lat' dir='ltr'><strong>etiam</strong></span> <span class='ocrx_word' id='word_1_636' title='bbox 1109 5619 1345 5678; x_wconf 62' lang='lat' dir='ltr'><strong>Latina)</strong></span> <span class='ocrx_word' id='word_1_637' title='bbox 1399 5618 1701 5681; x_wconf 79' lang='lat' dir='ltr'><strong>Ecclesiae</strong></span> <span class='ocrx_word' id='word_1_638' title='bbox 1731 5621 2056 5683; x_wconf 88' lang='lat' dir='ltr'><strong>sententia</strong></span> <span class='ocrx_word' id='word_1_639' title='bbox 2095 5629 2219 5694; x_wconf 87' lang='lat' dir='ltr'><strong>est,</strong></span> <span class='ocrx_word' id='word_1_640' title='bbox 2255 5637 2401 5702; x_wconf 66' lang='lat' dir='ltr'><strong>quae</strong></span> <span class='ocrx_word' id='word_1_641' title='bbox 2431 5639 2549 5685; x_wconf 89' lang='lat' dir='ltr'><strong>sua</strong></span> <span class='ocrx_word' id='word_1_642' title='bbox 2603 5623 2908 5702; x_wconf 84' lang='lat' dir='ltr'><strong>mysteria</strong></span> <span class='ocrx_word' id='word_1_643' title='bbox 2947 5624 3008 5685; x_wconf 92' lang='lat' dir='ltr'><strong>in</strong></span> <span class='ocrx_word' id='word_1_644' title='bbox 3035 5641 3262 5704; x_wconf 85' lang='lat' dir='ltr'><strong>azymo</strong></span> <span class='ocrx_word' id='word_1_645' title='bbox 3296 5626 3568 5704; x_wconf 89' lang='lat' dir='ltr'><strong>peragit,</strong></span> <span class='ocrx_word' id='word_1_646' title='bbox 3602 5642 3726 5688; x_wconf 92' lang='lat' dir='ltr'><strong>non</strong></span> <span class='ocrx_word' id='word_1_647' title='bbox 3760 5626 3824 5687; x_wconf 90' lang='lat' dir='ltr'><strong>in</strong></span> <span class='ocrx_word' id='word_1_648' title='bbox 3855 5627 3982 5690; x_wconf 79' lang='lat' dir='ltr'><strong>eb-</strong></span> 
     </span>
    </p>
   </div>
   <div class='ocr_carea' id='block_1_59' title="bbox 703 5711 3977 5802">
    <p class='ocr_par' dir='ltr' id='par_1_59' title="bbox 703 5711 3977 5802">
     <span class='ocr_line' id='line_1_61' title="bbox 703 5711 3977 5802; baseline 0.005 -32"><span class='ocrx_word' id='word_1_649' title='bbox 703 5711 1009 5788; x_wconf 88' lang='lat' dir='ltr'><strong>sequium</strong></span> <span class='ocrx_word' id='word_1_650' title='bbox 1054 5714 1197 5775; x_wconf 71' lang='lat' dir='ltr'><strong>Iatai</strong></span> <span class='ocrx_word' id='word_1_651' title='bbox 1253 5731 1288 5776; x_wconf 89' lang='lat' dir='ltr'><strong>a</strong></span> <span class='ocrx_word' id='word_1_652' title='bbox 1322 5713 1575 5780; x_wconf 88' lang='lat' dir='ltr'><strong>Christo</strong></span> <span class='ocrx_word' id='word_1_653' title='bbox 1605 5715 1790 5796; x_wconf 90' lang='lat' dir='ltr'><strong>legis,</strong></span> <span class='ocrx_word' id='word_1_654' title='bbox 1832 5735 2054 5781; x_wconf 89' lang='lat' dir='ltr'><strong>verum</strong></span> <span class='ocrx_word' id='word_1_655' title='bbox 2089 5719 2164 5782; x_wconf 89' lang='lat' dir='ltr'><strong>ad</strong></span> <span class='ocrx_word' id='word_1_656' title='bbox 2201 5718 2626 5800; x_wconf 88' lang='lat' dir='ltr'><strong>insigniorem</strong></span> <span class='ocrx_word' id='word_1_657' title='bbox 2654 5720 2964 5785; x_wconf 88' lang='lat' dir='ltr'><strong>duntaxat</strong></span> <span class='ocrx_word' id='word_1_658' title='bbox 2996 5723 3281 5800; x_wconf 87' lang='lat' dir='ltr'><strong>exempli</strong></span> <span class='ocrx_word' id='word_1_659' title='bbox 3318 5721 3462 5802; x_wconf 88' lang='lat' dir='ltr'><strong>ejus</strong></span> <span class='ocrx_word' id='word_1_660' title='bbox 3505 5739 3977 5800; x_wconf 82' lang='lat' dir='ltr'><strong>commemora-</strong></span> 
     </span>
    </p>
   </div>
   <div class='ocr_carea' id='block_1_60' title="bbox 704 5807 969 5870">
    <p class='ocr_par' dir='ltr' id='par_1_60' title="bbox 704 5807 969 5870">
     <span class='ocr_line' id='line_1_62' title="bbox 704 5807 969 5870; baseline 0.004 -2"><span class='ocrx_word' id='word_1_661' title='bbox 704 5807 969 5870; x_wconf 87' lang='lat' dir='ltr'><strong>tionem.</strong></span> 
     </span>
    </p>
   </div>
  </div>
