4262 6432
234 413 305 475 τ3
1091 399 1193 460 DE
1234 385 1828 458 THEOPEYLACT-l
1865 379 2143 444 GESTIS
2182 379 2280 440 ET
2320 374 2707 440 SCR‘IPHS.
3449 359 3529 421 ,74
3583 361 3585 364 ⁴

315 519 880 598 Quemadmodum
930 532 1080 576 vero
1109 515 1228 575 lata
1267 513 1406 589 lege
1434 524 1550 569 nec
1583 515 1885 582 azymum
1917 489 2500 598 pr-zescr'ipsitAille,
2556 482 3166 598 nec‘fermentatum
3201 475 3529 598 rejecitgac

239 571 642 682 vic‘euver‘sa:
678 571 934 676 ita‘ﬁcri
963 571 1682 687 potui—tSabreligiou-is
1723 571 2280 658 initio—Ecclesias
2318 581 2804 648 Occidentalem
2838 589 2900 687 et
2927 572 3340 679 Orientalem.
3366 571 3532 687 ritus

237 717 544 780 habuisse
596 714 893 775 diversos
953 665 1018 770 irn
1078 665 1506 768 Eucharistiz;
1543 691 2006 760 celebratione.
2053 688 2330 752 Sanctus
2387 683 2675 744 Irenaeus
2725 675 2795 738 in
2832 673 3206 780 fragmento
3238 665 3537 780 epistolas

1053 765 1377 864 Vibislor.
1419 793 1693 892 Ecclcs.,
1757 787 1966 861 capite
2000 782 2104 852 Ωιι,
2145 783 2342 892 refert
2376 801 2391 839 :
2492 779 2760 892 Beatum
2795 765 3536 892 Ρῗ1)·υθιξιζιιιιι;.ιὶηιίῗίιξ

240 861 877 987 piipmtemporibus,
915 904 1176 962 Romam
1212 898 1467 960 venisse
1505 910 1519 952 :
1551 907 1622 952 ac
1656 889 1828 953 inter
1855 897 1967 943 eos
1999 895 2148 944 cum
2180 879 2260 940 dc
2289 874 2617 983 Paschate,
2651 881 2794 987 tum
2836 870 2918 932 de
2956 865 3351 987 quib'usdam
3385 861 3536 924 aliis

227 963 478 1066 ritibus
515 963 832 1063 modicam
861 963 1068 1060 inisse
1094 989 1606 1057 controversiam
1647 1005 1660 1044 :
1695 1000 1768 1044 ac
1785 978 1999 1041 statim
2031 981 2258 1058 mutuo
2290 972 2466 1052 pacis
2486 968 2713 1036 osculo
2740 983 2887 1029 sese
2919 963 3329 1050 complexos,
3363 975 3540 1022 com-

240 1101 609 1161 municasse
641 1097 770 1158 sibi
828 1094 1136 1158 invicem.
1168 1113 1196 1146 ι)
1230 1092 1391 1151 Ecce
1452 1080 1960 1146 vetustissimam
2004 1075 2250 1134 rituum
2303 1063 2752 1143 diver'sitatem
2788 1067 2856 1128 in
2891 1073 3168 1143 utraque
3220 1060 3534 1160 Ecclesia.

240 1199 373 1257 Cur
401 1197 580 1256 locus
607 1195 1000 1270 conjectum
1031 1203 1158 1250 non
1182 1185 1404 1256 fuerit,
1439 1180 1608 1244 inter
1641 1172 2004 1240 istosritus
2026 1169 2378 1231 discrimen
2402 1165 2619 1228 fuisse
2655 1163 2840 1242 panis
2871 1154 3313 1231 eucharistii-i,
3343 1171 3543 1236 quem

242 1300 522 1371 utraque
555 1257 840 1352 Ecclesia
872 1287 1207 1349 diversum
1237 1278 1658 1344 adhibuerit?
1693 1265 2299 1371 Ita-prmclarissimi
2333 1263 2452 1371 viri
2487 1262 2659 1365 inter
2702 1258 2967 1361 Latirws
2996 1257 3353 1363 scriptores
3383 1269 3542 1315 sen-

243 1352 467 1448 tiunt':
503 1396 782 1460 quorum
824 1383 1147 1442 momenta
1187 1375 1538 1443 rationum,
1576 1384 1724 1448 qua
1755 1361 2035 1444 plurima
2069 1367 2248 1432 sunt.
2284 1358 2551 1437 sapiens
2583 1356 2775 1419 némo
2811 1352 3210 1431 dﬁpexerit.

323 1482 488 1540 Sunt
519 1447 630 1540 alii
667 1472 1202 1555 veroqui,prohe
1237 1487 1382 1532 eum
1413 1447 1715 1530 noverint
1747 1460 1990 1524 nullam
2023 1457 2140 1525 hac
2158 1457 2240 1519 de
2277 1454 2566 1520 relatam
2596 1469 2633 1514 a
2657 1453 2819 1513 Jesu
2843 1449 3106 1518 Christo
3132 1449 3366 1526 legem,
3402 1447 3546 1526 opi-

243 1582 506 1644 nantur,
535 1572 761 1650 primis
789 1544 1098 1634 Ecclesia
1129 1565 1537 1644 temporibus
1572 1558 2016 1640 promiscuum
2042 1554 2252 1619 fuisse
2287 1555 2472 1633 panis
2506 1567 2698 1614 usum
2731 1549 2828 1612 vel
2867 1548 3108 1627 azymi,
3137 1547 3238 1609 vel
3263 1544 3547 1621 fermen-

243 1671 356 1732 tati
383 1641 500 1749 pro
525 1641 668 1731 data
701 1667 1041 1742 occasione
1083 1687 1100 1727 :
1135 1641 1342 1727 donec
1364 1659 1635 1726 tandem
1667 1670 2043 1734 azymorum
2071 1650 2485 1714 consuetudo
2521 1650 2584 1710 in
2615 1645 2905 1710 Ecclesia
2929 1645 3331 1707 Occidentali
3369 1641 3546 1704 obti-

243 1739 411 1841 nuit;
469 1739 852 1845 vigebatque
903 1763 1045 1824 sine
1079 1760 1280 1822 dubio
1333 1768 1481 1824 ante
1510 1755 1829 1819 Photiana
1881 1757 2198 1827 tempore.
2263 1748 2416 1809 Hmc
2464 1744 2692 1810 eadem
2751 1750 2887 1806 erat
2924 1741 3250 1804 sententia
3281 1739 3545 1804 Nicetes.

246 1836 678 1942 tinetrojiolitm
729 1836 1280 1930 ﬁlicomediensi-s,
1332 1855 1404 1918 in
1439 1850 1820 1932 Colloquio,
1880 1846 2058 1928 quod
2084 1845 2301 1924 prima
2333 1841 2556 1907 seaculi
2585 1838 2964 1904 (luodecimi
2998 1837 3348 1900 medietate
3376 1836 3549 1897 inter

249 1932 475 2039 ipsum
506 1959 800 2043 habitum
832 1955 958 2018 fuit
983 1964 1043 2016 et
1070 1953 1454 2018 Anselmum
1484 1948 2078 2024 Havelbergensem
2111 1940 2498 2019 episcopum
2519 1936 2598 1999 'in
2639 1935 2801 2000 urbe
2863 1935 3043 2013 regia
3085 1932 3553 1996 Constantino-

236 2031 403 2134 poli.
444 2035 739 2132 Ingenue
768 2053 1016 2131 quippe
1049 2049 1264 2112 fassus
1312 2055 1411 2110 est
1443 2045 1721 2117 Nicetas,
1756 2051 1824 2104 ut
1858 2039 2132 2108 habetur
2164 2037 2330 2102 libro
2363 2054 2435 2099 ut
2478 2035 2774 2115 ejusdem
2811 2031 3170 2110 Colloquii,
3203 2031 3415 2110 capite
3443 2031 3550 2104 ιι,

241 2129 412 2230 apud
455 2129 693 2215 Lucam
747 2129 1140 2212 Dacberium
1195 2165 1210 2204 :
1253 2164 1290 2202 «ν
1324 2141 1674 2222 Apostolos
1725 2154 1843 2200 nec
1893 2135 2380 2209 fermentatum,
2436 2150 2556 2195 nec
2607 2148 2913 2212 azymum
2985 2131 3284 2192 studiose
3357 2129 3551 2192 nimis

243 2226 664 2328 qhaasivisse;
704 2254 767 2309 et
821 2242 1146 2325 quidquid
1189 2241 1268 2303 ad
1321 2255 1554 2302 manus
1586 2234 2077 2307 inveniebatur,
2131 2233 2272 2296 sive
2326 2232 2474 2307 hoc,
2507 2231 2647 2293 sive
2677 2229 2870 2304 illud,
2913 2226 3374 2293 indifferenter
3400 2245 3549 2294 cum

244 2325 962 2415 devotione-obtulisse.
990 2344 1347 2403 Romanam
1372 2335 1729 2400 Ecolesiam
1753 2331 2059 2412 paulatim
2088 2331 2364 2394 alterum
2385 2328 2806 2408 deposuisse,
2835 2326 3089 2390 scilicet
3118 2325 3553 2402 fermentum;

244 2446 307 2502 et
335 2440 727 2504 Orientalem
761 2451 1028 2518 quoque
1062 2433 1421 2518 Ecclegia‘m
1453 2446 1762 2512 azymum
1793 2427 2152 2518 dimisisse.
2191 2452 2221 2487 π
2247 2429 2406 2491 Cum
2450 2427 2661 2506 legem
2695 2425 2813 2488 hac
2839 2424 2919 2505 de
2949 2441 3016 2489 re
3033 2423 3293 2489 nullam
3323 2425 3555 2489 condi-

247 2536 744 2600 deritChristus
776 2512 1126 2608 immitius,
1166 2512 1330 2594 rith
1348 2528 1515 2592 oriri
1554 2526 1766 2592 varios
1806 2512 2126 2606 potuisse,
2157 2522 2492 2586 fatendum
2526 2531 2650 2584 est.

329 2635 822 2711 Supervacaneo
857 2630 1102 2705 labore,
1159 2636 1228 2692 ut
1263 2627 1428 2690 hanc
1457 2641 1596 2688 non
1654 2630 1910 2688 exstare
1937 2620 2158 2698 legem
2191 2619 2518 2710 ostendat,
2547 2617 3212 2681 animadvertendum
3248 2619 3559 2699 proponit

250 2731 571 2808 Bulgarus
634 2727 1193 2807 archiepiscopus,
1231 2727 1358 2786 neu
1391 2737 1623 2785 omnes
1679 2717 2202 2782 circumstantias
2239 2716 2410 2788 illas,
2446 2714 2688 2794 quibus
2744 2731 2989 2780 omnem
3046 2733 3235 2780 suam
3287 2715 3560 2795 perfecit

247 2828 597 2898 Dominus,
636 2831 714 2888 ad
750 2823 1052 2903 prmcepti
1089 2822 1217 2883 vim
1260 2819 1468 2898 redigi
1507 2834 1745 2894 posse:
1784 2835 1844 2879 ν.
1877 2833 1940 2896 g.
1982 2813 2501 2886 discumbentes,
2534 2821 2646 2874 aut
2687 2813 2970 2892 supinos
3012 2814 3236 2889 edere,
3267 2815 3560 2881 similes-

252 2937 409 2998 que.
451 2921 557 2980 Ait
585 2920 776 2980 etiam
815 2939 829 2979 :
870 2915 1222 2978 Verisimile
1253 2931 1406 2987 esse,
1463 2928 1693 2991 panem
1734 2910 1937 2983 illum,
1974 2929 2171 2992 quem
2207 2913 2274 2974 in
2326 2927 2524 2973 suum
2555 2926 2796 2989 corpus
2826 2913 3292 2973 transmutavit
3323 2913 3559 2988 .Jesus,

252 3016 506 3078 mitioris
558 3013 892 3093 qualitatis
920 3013 1146 3092 fuisse,
1204 3029 1278 3072 ac
1319 3011 1592 3091 fortasse
1640 3006 2078 3072 hordeaceam.
2125 3010 2255 3070 lies
2296 3004 2392 3069 .ita'
2423 3023 2494 3069 se
2534 3005 2728 3070 habet
2763 3028 2780 3072 :
2813 3007 3112 3088 adeoque
3135 3009 3214 3071 ad
3249 3009 3564 3074 Ecclesia

254 3114 702 3176 auctoritatem
739 3118 980 3188 spectat
1022 3108 1544 3188 circumstantias
1599 3105 1900 3176 deﬁnire,
1940 3123 2090 3186 quin
2123 3105 2312 3185 juxta
2376 3119 2734 3183 perennem
2769 3104 3188 3168 traditionem
3237 3107 3560 3169 autadiao

250 3213 475 3290 pham
504 3207 959 3278 existimandus
988 3208 1142 3280 sint,
1175 3212 1286 3272 aut
1320 3203 1415 3266 rei
1438 3203 1868 3268 substantiam
1909 3202 2356 3266 conﬁcientes.
2392 3201 2586 3265 Nulla
2619 3217 2773 3264 vero
2815 3201 3564 3282 Theopbylacto-pmsto

259 3308 426 3370 ratio
445 3307 670 3379 fuerit,
697 3321 826 3386 qua
856 3303 1220 3371 verisimile
1244 3299 1507 3374 efﬁciat,
1535 3300 1972 3363 hordeaceum
1997 3299 2203 3364 fuisse
2231 3317 2489 3380 panem,
2525 3316 2659 3381 quo
2703 3296 3001 3364 Christus
3033 3302 3106 3364 in
3131 3302 3566 3381 Eucharistim

258 3377 676 3469 institutione
713 3377 871 3467 usus
897 3408 1018 3462 est.
1050 3398 1410 3463 Triticeum
1444 3397 1523 3459 ab
1554 3398 1746 3460 initio
1775 3398 2116 3476 religionis
2147 3377 2448 3462 adhibuit
2491 3377 2764 3477 utraque
2788 3397 3075 3461 Ecclesia
3107 3417 3377 3481 tneque
3407 3377 3569 3466 sub-

259 3503 514 3562 tiliores
545 3499 998 3578 theologorum
1023 3497 1104 3561 de
1135 3497 1357 3560 schola
1389 3495 1510 3558 hoc
1541 3496 1662 3558 loci
1699 3497 2050 3576 Opiniones
2081 3497 2156 3557 ad
2197 3511 2471 3557 examen
2507 3495 2819 3557 vocandas
2841 3502 3019 3557 sunt.

340 3620 444 3679 69.
479 3623 637 3692 Quae
666 3633 779 3695 pro
808 3614 1194 3677 fermentata
1219 3629 1382 3692 pane
1407 3612 1701 3688 instruit,
1727 3623 2106 3695 argumenta
2133 3614 2395 3694 profero
2421 3625 2482 3678 et
2507 3615 2737 3678 refello
2764 3638 2779 3678 :
2803 3624 2962 3679 sunt
2985 3619 3166 3681 enim
3198 3619 3564 3694 levissima:

264 3738 295 3772 ιι
331 3717 632 3776 Fortasse
659 3724 718 3776 et
750 3712 1106 3792 quis-piam,
1128 3711 1380 3790 inquit,
1407 3711 1687 3772 audiens
1727 3711 1790 3772 in
1822 3713 1989 3775 libro
2020 3716 2298 3775 Actuum
2315 3713 2760 3791 apostolorum
2785 3732 2955 3794 saepe
2996 3717 3404 3782 mentionem
3427 3720 3568 3785 ﬂeri

263 3811 606 3874 {rat-tionis
636 3811 842 3890 penis,
892 3808 1371 3887 inveniensque
1392 3805 1512 3869 hoc
1547 3807 1718 3870 idem
1752 3815 1814 3869 et
1843 3811 2014 3887 apud
2045 3807 2346 3886 Paulum,
2368 3809 2802 3888 vtalem'fuisse
2826 3810 3065 3874 exinde
3095 3813 3357 3895 colligat
3388 3835 3568 3892 eum,

262 3911 376 3989 qui
405 3917 554 3972 tunc
580 3910 848 3987 mystice
870 3907 1311 3986 frangebatur,
1367 3904 1585 3985 qual-i-s
1654 3906 1707 3966 is
1758 3909 1868 3985 qui
1925 3908 2000 3968 ad
2068 3905 2435 3984 simplicem
2484 3906 2955 3971 romestionem
3016 3911 3082 3971 in
3123 3929 3354 3976 mensa
3416 3931 3580 3993 pro-.

264 4004 853 4068 stabat:edebatur
913 4020 1063 4066 vero
1123 4001 1347 4082 procul
1400 4001 1604 4068 dubio
1669 4005 1874 4080 panis,
1930 4020 2059 4065 non
2124 4021 2429 4084 azymus;
2491 4002 2598 4067 hic
2656 4005 2834 4068 enim
2895 4006 3294 4086 quibusdam
3335 4011 3570 4075 diebus

263 4121 335 4168 ac
389 4102 704 4165 sacriﬁcio
765 4101 954 4163 unice
1013 4100 1376 4162 destinatus
1440 4106 1595 4160 erat.
1654 4100 1795 4162 'Etsi
1855 4116 2004 4162 vero
2054 4099 2203 4162 haec
2254 4101 2618 4164 necessaria
2666 4118 2792 4164 non
2847 4103 3001 4177 sint,
3063 4120 3207 4167 nam
3274 4108 3571 4189 [XXXV]

265 4227 330 4269 et
394 4209 462 4268 in
521 4208 789 4267 alteram
846 4211 1084 4282 partem
1141 4203 1514 4264 inclinant:
1567 4209 1843 4263 attamen
1911 4201 2062 4265 lanx
2116 4203 2262 4282 plus
2317 4204 2474 4266 mihi
2543 4203 2804 4280 tribuit;
2852 4209 3029 4286 quod
3085 4211 3162 4270 ad
3231 4213 3570 4280 victoriam

265 4305 423 4368 satis
478 4311 598 4366 est.
655 4306 682 4358 ἡ
735 4302 1029 4364 Gentiles
1090 4319 1245 4362 suos
1313 4301 1568 4372 refellit,
1630 4300 2012 4363 Michaelem
2075 4301 2521 4375 Cerularium,
2590 4305 2872 4366 Leonem
2938 4306 3566 4386 Achridanum,Ni-

265 4409 470 4465 cetam
527 4404 936 4463 Pectoratum
990 4398 1405 4472 monachum,
1474 4401 1734 4460 Petrum
1788 4397 2302 4471 Antiochenam,
2348 4398 2698 4480 aliosque:
2733 4417 3020 4482 quorum
3097 4413 3195 4468 cst
3244 4410 3565 4488 Opinatio,

269 4517 502 4580 panem
536 4498 1000 4561 fermentatum
1037 4497 1104 4558 in
1147 4495 1574 4558 Eucharistiae
1601 4497 2014 4558 institutione
2050 4494 2420 4557 adhibitum
2455 4512 2491 4557 a
2521 4496 2804 4568 Christo,
2840 4501 2902 4560 et
2937 4498 3116 4564 hunc
3148 4504 3570 4574 solummodo

267 4614 493 4658 verum
527 4595 656 4657 dici
695 4610 951 4672 panem.
984 4594 1134 4655 Hmc
1164 4591 1259 4653 illi
1300 4599 1368 4654 ut
1393 4600 1786 4666 astruerent,
1818 4608 2121 4656 enormes
2158 4590 2470 4653 invehere
2511 4592 2889 4656 debuerunt
2927 4614 3209 4672 errores,
3245 4613 3353 4664 aut
3384 4605 3568 4669 Chri-

267 4702 441 4754 stum
505 4691 710 4769 legale
766 4689 1001 4750 Pascha
1053 4705 1179 4749 non
1224 4689 1614 4762 celebrasse,
1649 4696 1760 4750 aut
1811 4687 1976 4751 illud
2035 4705 2165 4752 non
2224 4687 2577 4767 perfecisse
2627 4688 2924 4769 legitimo
2977 4701 3291 4774 tempore,
3350 4705 3568 4769 autin

267 4805 450 4851 coena
489 4787 676 4865 legali
726 4803 914 4846 usum
951 4803 1078 4847 non
1109 4785 1320 4846 fuisse
1363 4803 1524 4864 pane
1556 4802 1812 4865 azymo,
1860 4794 1928 4847 ut
1963 4786 2423 4849 adnotavimus
2464 4803 2648 4849 num.
2696 4787 2798 4861 03.
2836 4791 3179 4854 'Peracturn
3218 4813 3247 4856 θ
3287 4799 3572 4866 Domino

276 4886 486 4961 legale
551 4883 788 4945 Pascha
860 4893 1152 4961 tempore
1198 4883 1404 4962 justo,
1472 4889 1533 4944 et
1618 4880 2088 4944 Eucharistiam
2149 4881 2216 4944 in
2277 4881 2525 4963 azymis
2612 4885 3007 4963 institutam,
3041 4890 3573 4975 Theophylertus

267 4991 470 5042 tenet.
530 4983 735 5042 Tenet
793 4981 1013 5050 etiam,
1077 4982 1555 5055 Scripturarum
1625 4977 1786 5041 Ionis
1857 4996 1938 5040 ex
1992 4979 2264 5042 Actibus
2325 4981 2800 5058 apostolorum,
2860 4993 2922 5045 et
3004 4986 3190 5050 Pauli
3253 4993 3571 5072 Epistolis

267 5078 640 5234 tleslumptis
711 5077 878 5138 haud
935 5079 1311 5138 necessario
1363 5075 1613 5148 confici,
1683 5076 2146 5140 Eucharistiam
2207 5077 2280 5140 -in
2345 5078 2736 5143 fermentata
2789 5100 2956 5160 pane
3007 5088 3374 5152 celebrasse
3419 5110 3574 5174 apo-

267 5187 368 5234 sto
399 5192 494 5234 os.
2961 5204 2970 5210 .
3117 5206 3123 5211 .

266 5187 494 5237 SlOIOS.
2961 5204 2970 5210 .
3117 5206 3123 5211 .

354 5272 504 5332 Suis
556 5278 832 5365 attamen
879 5270 1236 5349 gentilibus
1279 5271 1472 5342 favet,
1533 5295 1560 5326 α
1606 5271 1775 5345 lanx,
1819 5273 2158 5351 inquiens,
2222 5275 2368 5351 plus
2431 5275 2588 5335 mihi
2641 5276 2896 5338 tribuit.
2960 5304 2984 5334 υ
3028 5281 3374 5355 Quodnam
3418 5307 3572 5352 vero

265 5367 468 5431 fuerit
509 5377 933 5438 momentum,
962 5373 1135 5449 quod
1178 5370 1422 5431 lancem
1470 5369 1537 5431 in
1576 5379 1748 5443 tuam
1789 5379 2031 5448 partem
2077 5374 2580 5448 praeponderare
2602 5371 2991 5438 eﬂiciatY-ln
3032 5382 3209 5442 Actis
3243 5389 3575 5461 apostolo-

270 5484 438 5540 rum,
473 5467 680 5542 capite
709 5485 776 5535 ιι,
818 5468 1001 5538 v.1t2,
1043 5466 1231 5545 primi
1283 5466 1641 5529 Christiani
1677 5467 1988 5529 dicuntur
2027 5481 2520 5545 perseverantes
2575 5473 2643 5530 ιή
2677 5470 2976 5535 doctrina
3009 5480 3478 5556 apostolorum,
3515 5502 3579 5551 ει

269 5566 704 5625 communione
768 5565 1109 5645 fractionis
1169 5566 1382 5644 panis,
1430 5575 1498 5644 τῇ
1532 5574 1724 5628 κλάσει
1777 5573 1871 5627 τοῦ
1910 5574 1952 5644 ἄλ

1910 5574 2102 5646 ἄρτου.
2168 5567 2342 5628 Paria
2413 5567 2726 5632 adhibent
2789 5572 2982 5634 verba
3027 5530 3572 5655 ervangelisig’

272 5661 693 5724 eucharistici
741 5661 1038 5740 mysterii
1079 5663 1488 5750 institutione
1524 5687 1537 5726 :
1573 5664 1831 5742 Accepit
1878 5665 2091 5747 Iesus,
2130 5665 2535 5744 inquiehtes,
2577 5674 2668 5732 τὸν
2703 5677 2894 5748 ἄρτον,
2933 5651 3279 5750 ραηειη,ἐι
3315 5651 3577 5747 benedi-

268 5775 448 5863 tiens,
499 5758 725 5863 (regit,
749 5765 1002 5863 εξλαςςεί
1029 5757 1144 5863 qui
1201 5759 1408 5863 panis,
1444 5768 1510 5822 ut
1543 5760 1689 5863 ipse
1727 5761 1946 5863 doces,
1981 5778 2252 5841 azymus
2284 5760 2434 5825 fuit.
2485 5764 2592 5826 Ait
2627 5766 2822 5840 etiam
2859 5767 3103 5831 Paulus
3133 5777 3474 5852 apostolus
3506 5781 3578 5848 in

269 5853 562 5933 Epistula
593 5855 616 5914 l
650 5853 728 5914 a'l
761 5853 1134 5916 Corinthios
1165 5856 1374 5933 capite
1415 5876 1480 5932 x,
1512 5875 1569 5919 v.
1620 5857 1732 5919 16:
1768 5857 1952 5922 Panis

1898 5859 1987 5935 iis,
2022 5877 2202 5938 quem
2226 5861 2612 5941 frangimus,
2646 5874 2739 5928 τὸν
2789 5873 2958 5947 ἄρτον
2990 5875 3050 5932 ὃν
3086 5877 3334 5950 κλῶμεν,
3369 5892 3581 5945 nonne

498 5955 774 6016 pmoe.
816 5956 935 6020 Gn.
1000 5921 1296 6022 cxxui.
1465 5921 1479 5932 ’
1970 5921 2052 5938 ”
2226 5921 2240 5940 ’
2302 5921 2325 5922 η
2994 5921 3045 5932 ﬂ
3087 5921 3334 6036 “"5"
