4262 6432
720 408 795 474 ἰδ
1567 401 1793 463 BERN.
1836 402 2102 462 MARI/E
2138 403 2236 463 DE
2275 403 2569 463 RUBEIS
2608 403 3118 465 DISSEBTATIO
3912 405 3989 471 ’16

720 522 1139 602 participatio
1182 516 1476 597 corporis
1528 513 1772 577 Christi
1803 518 1947 575 cst?
1988 516 2106 575 Sed
2168 516 2397 577 eodem
2444 516 2637 576 modo
2673 516 2839 602 idern
2876 515 3221 593 Apostolus
3280 514 3487 593 rapite
3521 532 3615 588 ιι,
3657 533 3714 580 v.
3753 516 3855 589 ΞΒ,
3896 518 3985 577 ait

719 600 1042 680 Christum
1081 615 1443 691 instituisse
1468 613 2378 691 Eucharistiam,accipientem
2405 629 2652 690 panem,
2681 620 2736 669 et
2751 600 2991 688 gratias
3014 618 3314 688 agentem,
3341 619 3402 669 et
3418 612 3833 693 frangentem,
3854 619 3982 673 ελα-

720 726 814 775 6sv
846 724 1047 793 ἄρτον,
1074 724 1171 776 καὶ
1206 719 1609 791 εὐχαριστήσας
1644 717 1879 784 ἔκλασι;
1922 724 2114 787 quem
2149 715 2213 768 tu
2249 724 2403 785 pane

1501 734 1609 783 ισας
1644 717 1879 784 ἔκλασι;
1922 724 2114 787 quem
2149 715 2213 768 tu
2249 724 2477 785 panem
2504 706 2827 789 intelligis
2862 723 3184 784 azymum.

744 862 749 866 .
804 810 985 871 Vetat
1022 825 1171 870 vero
1219 806 1406 883 nihil,
1454 806 1807 886 quominus
1864 804 2193 866 communi
2244 803 2319 866 in
2386 802 2812 877 comestione,
2857 803 2972 863 ubi
3022 801 3409 864 sacriﬁcium
3469 804 3980 875 eucharisticnm

723 906 937 986 peragi
963 906 1389 987 contingeret,
1426 903 1617 967 modo
1668 902 1849 979 panis
1888 900 2314 971 fermentatus
2364 898 2796 968 inveniretur,
2831 898 3025 960 modo
3056 914 3351 978 azymus,
3386 906 3457 961 ut
3497 901 3750 963 Nicetas
3783 902 3977 965 Nico-

727 1002 1082 1065 nrediensis
1138 1000 1373 1073 aiebat,
1441 1005 1631 1077 prout
1665 997 1992 1075 hospitum
2034 1008 2146 1058 aut
2173 993 2933 1058 comedentiumferebat
2967 995 3286 1068 voluntas,
3320 996 3835 1077 exposcebatque
3866 1007 3991 1082 aut,

719 1113 857 1158 sora
882 1112 1108 1158 eorum
1149 1094 1522 1167 mediocris,
1546 1101 1653 1160 aut
1686 1092 2093 1155 consuetudo
2125 1090 2484 1163 delicatior,
2512 1098 2623 1151 aut
2652 1090 2960 1167 temporis
2992 1090 3503 1153 circumstantia.
3569 1092 3743 1156 Nihil
3779 1095 3976 1158 etiam

720 1201 883 1252 venit
971 1186 1327 1269 quominus
1398 1189 1473 1250 ad
1542 1186 1823 1263 exempli
1883 1186 2117 1248 Christi
2177 1188 2861 1251 commemorationem
2926 1204 3190 1264 azymus
3254 1187 3439 1265 panis
3497 1188 3577 1250 ad
3632 1178 3975 1265 consecra-

715 1288 953 1349 tionem
991 1288 1355 1357 aﬂerretur,
1402 1284 1515 1363 qui
1558 1282 1775 1346 subito
1811 1284 2016 1361 parari
2070 1290 2338 1358 poterat.
2394 1300 2480 1344 ac.
2519 1281 2719 1345 veluti
2779 1299 2857 1344 ex
2895 1291 3210 1360 tempore.
3282 1285 3637 1363 Utrumque
3693 1303 3975 1367 namque

713 1400 907 1444 sacra
982 1384 1326 1459 Scriptura
1389 1396 1643 1457 panem,
1699 1388 1883 1457 ἄρτον,
1949 1386 2194 1441 vocant.
2272 1380 2423 1441 Hac
2480 1396 2652 1447 vero.
2687 1396 2833 1457 qua
2882 1394 3001 1439 nos
3045 1387 3324 1442 attamen
3383 1380 3450 1443 in
3500 1384 3716 1447 medio
3769 1384 3977 1450 relin-

712 1480 999 1557 quimus,
1037 1480 1185 1539 satis
1216 1484 1387 1547 sunt,
1428 1484 1498 1537 ut
1536 1479 1921 1549 innotescat,
1960 1491 2085 1535 non
2123 1474 2369 1540 lancem
2406 1475 2547 1551 plus
2580 1476 2866 1538 tribuere
2899 1474 3139 1537 Gracis
3172 1492 3363 1554 quam
3399 1478 3672 1541 Latinis.

778 1600 823 1632 κα
874 1582 951 1636 At
978 1575 1151 1653 quod
1185 1575 1387 1651 magis
1426 1571 1814 1649 persuadere
1846 1580 1903 1632 te
1939 1569 2127 1637 debet
2160 1572 2271 1631 (ait
2295 1571 2840 1651 TheOphylactus)
2869 1579 2963 1632 est
2998 1571 3350 1634 multitudo
3381 1574 3814 1637 Orientalium
3851 1578 3969 1640 Dei

708 1672 1149 1744 sacerdotum,
1192 1680 1255 1733 et
1306 1668 1606 1731 Ecclesia
1636 1665 2241 1745 Hierosolymitana
2307 1667 2613 1745 dignitas.
2671 1668 2850 1728 Adde
2910 1666 3127 1741 Indos,
3199 1667 3963 1751 EthiOpes,JEgyptum,

710 1769 929 1846 Libya
976 1776 1207 1844 partes.
1249 1790 1277 1821 ν
1315 1764 1775 1827 Auctoritatem
1814 1772 1875 1825 et
1914 1778 2124 1823 mores
2176 1762 2609 1824 Orientalium
2660 1762 3168 1825 Christianorum
3204 1779 3334 1825 non
3366 1765 3763 1843 despicimus
3800 1790 3815 1829 :
3852 1785 3973 1834 cur

709 1879 859 1922 vero
914 1872 977 1924 tu
1034 1879 1246 1922 mores
1284 1869 1343 1921 et
1376 1862 1817 1921 auctoritatem
1853 1859 2371 1922 Occidentalium
2408 1859 2865 1931 Ecclesiarum,
2892 1860 3311 1938 maximeque
3357 1862 3658 1924 Romana
3689 1862 3967 1942 insuper

708 1960 942 2019 habes?
974 1962 1110 2020 .lam
1160 1959 1637 2029 adnotavimus,
1690 1952 2057 2017 Orientales
2120 1955 2290 2017 inter
2340 1963 2403 2017 et
2460 1954 2938 2028 Occidentales,
2998 1957 3237 2017 saculo
3291 1956 3595 2019 Ecclesia
3649 1960 3965 2035 secundo,

708 2056 958 2120 Aniceti
994 2072 1166 2133 papa
1200 2063 1485 2131 tempore
1532 2071 1603 2115 ac
1638 2054 1972 2131 Polycarpi
2004 2054 2480 2130 Smyrnaorum
2516 2051 2830 2128 episc0pi,
2868 2060 3002 2111 tum
3042 2055 3120 2112 de
3166 2051 3497 2125 Paschate,
3530 2062 3665 2115 tum
3696 2060 3776 2117 de
3808 2056 3970 2135 qui-

705 2156 977 2216 busdam
1010 2152 1158 2212 aliis
1198 2151 1456 2222 ritibus,
1488 2168 1558 2211 ac
1593 2166 1747 2211 sane
1778 2150 1855 2209 de
1895 2166 2055 2228 pane
2100 2149 2557 2217 eucliaristico,
2598 2154 2664 2207 nt
2696 2147 3241 2208 verisimillimum
3278 2162 3399 2220 est,
3429 2150 3714 2229 aliquam
3733 2150 3966 2229 fuisse,

705 2258 862 2311 teste
902 2249 1168 2318 Irenao,
1203 2246 1497 2324 ejusdem
1529 2244 1747 2307 saculi
1788 2245 1993 2315 Patre,
2033 2244 2490 2305 differentiam.
2540 2246 2715 2304 Hanc
2763 2243 3031 2305 silentio
3088 2246 3320 2319 premit
3380 2246 3697 2325 Bulgarus
3752 2251 3968 2314 archi-

703 2347 1077 2425 epiSCOpus.
1124 2343 1349 2415 Quid?
1394 2342 1567 2420 quod
1608 2340 1878 2402 Michael
1916 2342 2289 2402 Cerularius
2348 2341 2411 2401 in
2449 2339 2723 2417 epistola
2750 2342 2940 2401 citata
2998 2341 3075 2401 ad
3131 2344 3387 2403 Petrum
3450 2346 3960 2423 Antiochenum.

702 2460 884 2504 num.
924 2440 1009 2513 X,
1054 2438 1267 2509 refert,
1310 2460 1339 2493 α
1372 2455 1439 2499 se
1473 2437 1826 2508 audivisse,
1860 2438 2030 2516 quod
2061 2438 2344 2516 pradicti
2392 2438 2523 2497 duo
2562 2437 2933 2512 patriarcha
2966 2437 3471 2516 (Alexandrinus
3506 2448 3566 2501 et
3625 2441 3963 2523 Jerosoly-

705 2539 1012 2615 mitanus)
1047 2552 1176 2596 non
1217 2533 1431 2595 solum
1483 2533 1646 2595 alios
1700 2534 1946 2611 azymis
1998 2542 2330 2594 vescentes
2374 2532 2699 2609 recipiunt
2735 2553 2749 2591 :
2788 2532 2904 2593 sed
2943 2541 3004 2592 et
3041 2532 3165 2609 ipsi
3224 2534 3581 2612 aliquando
3613 2537 3678 2598 in
3712 2542 3961 2617 azymis

705 2649 960 2695 sacrum
1022 2630 1373 2695 conﬁciunt
1421 2628 1833 2690 sacriﬁcium.
1884 2652 1913 2685 ι
1976 2629 2103 2689 Leo
2158 2628 2349 2691 etiam
2390 2628 2797 2690 Acliridanus
2840 2627 2905 2688 in
2959 2628 3363 2708 Fragmentis
3416 2633 3585 2709 apud
3648 2632 3961 2699 Allatium

702 2730 870 2791 libro
898 2741 967 2789 in
1010 2729 1098 2788 De
1139 2725 1573 2798 consensione,
1612 2725 1818 2801 capite
1852 2724 1948 2797 ιιι,
1988 2725 2114 2795 ait,
2166 2742 2213 2781 ι
2246 2727 2580 2786 .Armenos
2615 2733 2675 2784 et
2724 2724 3087 2802 Egyptios'
3114 2742 3258 2787 cum
3299 2726 3552 2789 Judais
3607 2730 3963 2796 convenire

701 2834 961 2904 propter
999 2821 1401 2885 oblationem
1445 2835 1821 2899 azymorum
1862 2840 1877 2878 :
1917 2842 1947 2876 ι
1979 2834 2107 2898 qua
2136 2821 2216 2881 de
2277 2837 2345 2882 re
2384 2820 2515 2898 egit
2554 2821 3040 2882 accuratissime
3086 2821 3471 2900 Lequienus
3506 2824 3570 2887 in
3628 2824 3961 2892 Disserta-

699 2922 874 2983 tione
906 2921 1076 2980 inter
1109 2916 1623 2990 Damascenicas,
1658 2916 1741 2975 De
1768 2916 2033 2993 azymis.

778 3020 1040 3078 Factum
1086 3012 1293 3075 refero
1324 3026 1467 3089 ego.
1515 3013 1689 3090 quod
1749 3020 2008 3072 narrant
2058 3011 2430 3074 Cerularius
2479 3020 2541 3074 et
2601 3012 3011 3075 Achridanus
3048 3031 3061 3073 :
3095 3014 3247 3077 hinc
3307 3032 3459 3077 vero
3511 3016 3961 3083 deductam

697 3111 937 3175 Judaei:
969 3109 1425 3181 convenientia,
1460 3106 1781 3169 calumnia
1824 3116 1946 3169 est.
1985 3130 2013 3163 κ
2044 3108 2357 3193 Alioquin
2394 3110 2449 3171 si
2482 3126 2707 3189 azyma
2738 3110 3101 3191 (inquiebat
3134 3113 3535 3177 Humbertus
3567 3115 3947 3194 cardinelis,

703 3206 1059 3269 Leonile
1112 3202 1384 3283 legatus)
1420 3218 1533 3281 per
1586 3201 1914 3263 Christum
1975 3210 2035 3263 et
2086 3202 2227 3281 ejus
2304 3206 2725 3284 Evangelium
2765 3206 3036 3271 fuerunt
3107 3207 3472 3284 maledicta,
3526 3211 3864 3289 reprobate
3890 3222 3958 3279 et

699 3302 1045 3375 derelicta;
1087 3308 1149 3363 et
1188 3300 1340 3361 ideo
1393 3297 1705 3376 deinceps
1758 3314 1886 3359 non
1932 3297 2211 3361 debeant
2244 3301 2461 3363 offerri
2523 3302 2591 3365 in
2632 3303 2946 3366 sacriﬁcio
2990 3303 3469 3385 Domini,-quia
3516 3324 3633 3387 per
3661 3309 3956 3389 Moysen)

696 3400 1045 3462 constituta
1083 3404 1234 3459 sunt
1277 3395 1523 3458 Judais
1562 3416 1577 3456 :
1618 3394 1863 3469 sciatis,
1911 3412 2023 3472 per
2058 3392 2193 3473 ΜΟ)
2214 3412 2350 3457 sem
2402 3414 2665 3478 quoque
2726 3400 3181 3462 fermentatum
3220 3401 3648 3469 constitutum
3704 3404 3953 3473 Judaia

697 3495 902 3557 Levit.
944 3510 1051 3561 νυ,
1093 3510 1151 3552 v.
1189 3491 1285 3566 13,
1320 3498 1381 3552 et
1420 3508 1611 3564 XXIII,
1650 3508 1710 3551 v.
1747 3491 1953 3551 17.....
1989 3489 2397 3569 Quapropter
2437 3493 2490 3553 si
2529 3511 2563 3553 a
2616 3492 2805 3554 nobis
2838 3510 2965 3555 non
2999 3493 3480 3559 debentotferri
3514 3515 3762 3579 azyma,
3794 3502 3955 3581 quia

693 3590 975 3653 Mosaica
997 3596 1148 3649 sunt
1191 3608 1205 3647 :
1256 3603 1374 3648 nec
1424 3602 1457 3647 a
1491 3586 1673 3647 vobis
1726 3586 1961 3647 debent
2000 3586 2219 3647 oﬂ'erri
2282 3587 2668 3649 fermentum
2718 3598 2783 3651 et
2811 3591 2926 3661 sal,
2962 3591 3118 3670 quia
3157 3607 3342 3671 aque
3375 3595 3659 3658 Mosaica
3713 3605 3949 3662 sunt...

692 3690 1007 3764 Azymum
1040 3682 1552 3771 Christianorum
1605 3682 1795 3762 longe
1834 3682 2025 3743 distat
2070 3682 2149 3743 ab
2195 3700 2425 3763 azymo
2478 3686 2831 3747 carnalium
2910 3687 3312 3763 Judaorum,
3375 3707 3541 3768 quos
3617 3694 3953 3774 [XXXVI]

688 3784 766 3843 ad
804 3780 1090 3843 umbram
1125 3779 1412 3841 veritatis
1445 3778 1910 3841 observandam
1944 3788 2006 3840 et
2045 3780 2420 3856 captandam
2452 3780 2584 3843 sola
2623 3782 2968 3859 promissio
2998 3790 3278 3847 terrena
3332 3784 3667 3851 felicitatis
3700 3789 3948 3852 invita-

688 3878 790 3939 bat
820 3900 833 3939 :
874 3894 991 3939 nos
1026 3893 1178 3939 vero
1210 3893 1447 3955 corpus
1483 3876 1773 3938 veritatis
1815 3894 1893 3939 ex
1924 3884 2152 3955 azymo
2184 3885 2246 3937 et
2272 3878 2338 3938 in
2376 3894 2602 3958 azymo
2626 3879 2745 3941 rite
2774 3888 3157 3942 venerantes
3189 3892 3383 3960 atque
3416 3884 3796 3959 retinentes,
3831 3902 3948 3953 ore

688 3985 748 4038 et
779 3976 969 4039 corde
1006 3984 1466 4054 pragustamus
1486 3975 1642 4054 jam,
1677 3991 1868 4055 quam
1910 3974 2128 4036 suavis
2160 3982 2258 4036 est
2307 3975 2662 4048 Dominus;
2698 3992 2904 4037 unum
2950 3982 3241 4055 petentes
3284 3978 3363 4040 ab
3395 3976 3562 4057 ipso,
3598 3988 3661 4043 et
3700 3981 3822 4047 hoc
3846 4000 3949 4047 re-

685 4074 1039 4154 quirentes,
1072 4081 1141 4134 ut
1187 4088 1557 4134 maneamus
1590 4072 1655 4133 in
1682 4082 1791 4145 'eo,
1831 4081 1891 4134 et
1932 4072 2071 4150 ipse
2110 4070 2177 4132 in
2231 4070 2419 4132 nobis
2458 4070 2524 4131 in
2556 4080 2893 4134 aternum.
2930 4095 2958 4129 ι
2988 4074 3191 4135 Multa
3241 4076 3307 4137 in
3357 4092 3517 4138 nova
3574 4079 3712 4158 lege
3759 4096 3951 4147 usuro

688 4160 847 4249 pari,
871 4186 1017 4248 qua
1047 4169 1113 4229 in
1156 4168 1352 4231 veteri
1404 4176 1608 4239 erant,
1643 4167 2061 4245 perSpicuum
2096 4174 2193 4227 est
2228 4188 2244 4227 :
2278 4167 2391 4227 sed
2440 4184 2569 4227 non
2600 4168 2825 4229 eodem
2862 4169 3007 4242 ﬁne,
3048 4172 3202 4249 quia
3234 4172 3554 4251 quidquid
3589 4174 3665 4235 ad
3698 4174 3946 4241 cultum

685 4267 799 4327 Dei
840 4274 1021 4327 vetus
1050 4264 1159 4325 ille
1195 4263 1472 4342 p0pulus
1512 4264 1765 4325 calitus
1804 4270 2155 4340 acceperat,
2185 4264 2263 4323 ad
2303 4279 2543 4325 novum
2586 4281 2695 4341 per
2726 4265 3051 4327 Christum
3099 4260 3472 4328 translatum
3517 4277 3611 4331 est
3647 4292 3661 4331 :
3692 4272 3769 4332 ab
3806 4291 3948 4333 um-

683 4360 791 4423 bra
815 4361 894 4426 ad
930 4359 1285 4431 veritatem,
1317 4374 1351 4419 a
1384 4358 1590 4436 signis
1620 4359 1699 4420 ad
1760 4374 1955 4433 res,.a
1989 4357 2218 4419 timore
2264 4359 2341 4419 ad
2374 4375 2683 4435 amorem,
2714 4376 2747 4422 a
2799 4361 3111 4425 servitute
3164 4364 3241 4425 ad
3302 4365 3687 4441 libertatem,
3720 4384 3752 4429 a
3789 4369 3944 4431 ﬁliis
4004 4420 4006 4422 τ

680 4458 795 4520 ira
826 4457 905 4520 ad
938 4456 1101 4518 ﬁlios
1132 4455 1372 4533 gratia.
1628 4516 1629 4519 η

761 4576 790 4610 ε
845 4552 968 4615 Sed
1003 4560 1063 4614 et
1118 4550 1597 4614 Corinthiorum
1655 4548 1959 4613 Ecclesia
2011 4565 2239 4629 panem
2303 4555 2665 4627 considera,
2716 4570 2909 4635 quam
2952 4570 3107 4618 sane
3160 4573 3287 4618 non
3340 4560 3695 4633 accusabis,
3751 4565 3943 4643 quasi

682 4650 1055 4711 traditiones
1108 4666 1236 4709 non
1296 4656 1655 4709 servantem
1697 4664 1710 4705 :
1745 4646 1802 4708 is
1859 4646 2057 4720 enim,
2097 4648 2210 4726 qui
2256 4651 2620 4710 traditionis
2668 4660 2762 4712 est
2792 4662 3014 4713 auctor
3057 4653 3416 4735 (apostolus
3468 4657 3755 4737 Paulus),
3796 4676 3940 4723 eam

681 4755 746 4807 ut
793 4753 1158 4806 servantem
1224 4742 1799 4806 commendavit....
1859 4744 2089 4817 Audis,
2138 4758 2265 4804 non
2319 4744 2569 4817 dubito,
2604 4754 2665 4807 et
2705 4748 2936 4808 Sardos
2998 4758 3166 4825 tuos,
3216 4752 3663 4815 testimonium
3726 4756 3944 4835 perhi-

680 4843 901 4902 bentes
958 4850 1178 4902 contra
1258 4855 1632 4918 azymorum
1695 4834 2115 4905 oblatiOnem.
2154 4861 2185 4895 »
2245 4842 2431 4903 Panis
2488 4840 2852 4905 fermentati
2920 4863 3109 4906 usum
3165 4862 3445 4926 agnosco
3512 4850 3579 4912 in
3650 4834 3939 4918 Ecclesia

678 4936 1159 4999 Corinthiorum
1198 4936 1429 4997 :ritum
1453 4932 1958 5014 azymorumab
2002 4932 2111 5006 iis,
2146 4936 2256 5013 qui
2292 4955 2430 5000 eam
2478 4940 3035 5017 administrarunt,
3074 4945 3481 5021 sapientibus
3536 4949 3938 5013 antistitibus

677 5039 1011 5115 rejectum.
1064 5053 1334 5115 eamque
1392 5034 1475 5098 oh
1529 5050 1791 5096 causam
1872 5032 2302 5112 reprehensos
2362 5036 2811 5099 Occidentales
2868 5055 2993 5100 non
3056 5040 3281 5102 habeo.
3328 5045 3729 5105 ’Servantem
3794 5064 3937 5110 eam

674 5138 1047 5199 traditiones
1101 5135 1319 5197 laudat
1376 5134 1721 5214 Apostolus
1771 5152 1784 5193 :
1844 5133 2073 5213 quidni
2138 5150 2287 5194 vero
2351 5134 2574 5209 primis
2639 5136 3041 5213 temporibus
3094 5156 3207 5215 pro
3272 5139 3613 5203 traditione
3680 5157 3939 5222 accepta

672 5235 955 5294 oblatum
1009 5229 1204 5293 fuerit
1247 5247 1481 5309 corpus
1537 5230 1949 5292 Dominicum
1994 5228 2059 5289 in
2130 5246 2355 5308 czymo
2395 5231 2767 5309 aliquando,
2800 5234 2957 5295 alias
2994 5234 3059 5294 in
3118 5234 3551 5299 fermentato?
3596 5240 3937 5314 Quodnam

671 5330 755 5391 sit
789 5330 948 5390 illud
988 5327 1292 5391 Ecclesia
1322 5327 1761 5391 Sardiniensis
1794 5326 2237 5389 testimonium
2281 5337 2497 5389 contra
2532 5329 2925 5389 oblationem
2982 5348 3382 5409 azymorum,
3445 5333 3707 5412 probata
3757 5338 3936 5402 nulla

670 5425 864 5488 refert
902 5424 1200 5487 historia.

754 5526 881 5585 Cur
915 5538 1067 5583 vero
1112 5520 1593 5585 Corinthiorum
1640 5520 1945 5583 Ecclesia
1980 5528 2039 5579 et
2079 5520 2380 5583 Ecclesia
2424 5522 2773 5581 Sardorum
2830 5522 3174 5599 specialem
3230 5528 3478 5606 ingerat
3534 5530 3934 5593 mentionem

670 5619 1240 5699 TheOphylactus?
1272 5620 1540 5679 Causam
1582 5626 1737 5693 puto
1795 5636 1894 5679 me
1944 5618 2546 5693 comprehendisse.
2611 5621 2847 5693 Nempe
2900 5637 3103 5681 canon
3154 5633 3247 5682 est
3283 5626 3633 5688 Trullanus
3688 5630 3753 5688 tl
3796 5644 3929 5706 quo

624 5758 625 5761 η
665 5730 957 5791 cavetur,
1006 5742 1033 5775 ι
1072 5736 1151 5781 ne
1183 5718 1401 5780 ﬁdeles
1441 5719 1813 5778 Judrcorum
1870 5732 2089 5792 algmn
2128 5714 2489 5784 comedent,
2542 5729 2661 5773 nec
2703 5713 2896 5772 ullam
2950 5732 3094 5776 cum
3140 5717 3236 5773 eis
3280 5715 3779 5780 familiaritatem
3815 5720 3931 5779 ha-

672 5816 882 5881 beant.
932 5818 1027 5880 vel
1080 5819 1144 5880 in
1190 5815 1429 5879 morbis
1487 5830 1594 5877 eos
1656 5822 2003 5877 accersunt.
2048 5837 2074 5868 ν
2111 5814 2295 5874 Hunc
2334 5829 2665 5882 canoncm,
2710 5811 2909 5872 veluti
2970 5812 3307 5874 conditum
3362 5829 3395 5875 a
3446 5818 3698 5895 synodo
3746 5829 3933 5879 sexta
