4262 6432
233 381 302 448 77
1095 376 1199 440 DE
1236 369 1826 438 'I‘EEOPHYLACTI
1869 366 2150 430 GESTIS
2188 366 2289 429 ET
2327 362 2698 429 SCRIPTIS.
3463 350 3541 415 .78
3595 352 3600 359 ’

238 493 667 566 ωωωρηίω,
707 491 840 573 jam
885 487 1044 552 olim
1073 503 1451 566 opposuere
1476 480 1682 546 Graeci
1706 486 1929 542 contra
1961 475 2879 575 eucharisticumIatiqorum
2913 469 3114 575 ritum
3143 489 3158 529 :
3192 465 3539 575 eidemque

236 561 1062 654 auctoritatem'arcessunt
1095 561 1185 648 ex
1237 580 1581 663 praesentia
1617 578 1979 658 legatorum
2011 574 2191 638 sedis
2242 571 2623 652 apostolica)
2670 571 3000 666 Romanae,
3041 561 3544 666 Corinthi-erunt

239 689 552 770 episcopi,
584 697 645 750 et
677 685 965 769 episcopi
1010 654 1314 746 Ecclesia
1361 680 1432 741 in
1481 654 2072 741 insula'Sardint’w.
2108 673 2189 770 At
2247 668 2469 770 fabula
2500 667 2636 770 hanc
2676 681 2833 770 (ξεί...
2864 662 3116 770 multis.
3140 676 3220 770 ex
3252 654 3545 770 Afa—bellis

239 754 640 859 conﬁcimut
674 754 820 849 mox
873 754 1104 845 latiore
1151 778 1506 844 dicendum
1552 780 1651 837 est
1703 773 2024 836 oratione.
2088 768 2187 831 Ad
2248 767 2414 829 hanc
2471 763 2618 827 sine
2677 762 2882 826 dubio
2938 757 3272 859 alludebat
3324 754 3544 859 Theo-

243 850 616 964 phylactus.
675 880 948 945 Interim
1015 893 1169 941 vero
1229 889 1582 957 germanus
1669 868 1850 934 allati
1922 883 2196 964 canonis
2242 881 2479 928 sensus
2567 861 2854 964 minime
2908 854 3215 964 sacriﬁcii
3260 850 3548 964 “eucha-

243 949 458 1041 ἧς»ἶίσὶ
523 979 720 1042 ritum
781 982 1052 1058 spectat,
1125 949 1265 1038 sed.
1300 969 1845 1042 communionem
1894 974 1960 1030 et
2017 963 2399 1027 societatem
2450 976 2600 1023 cum
2647 957 2897 1021 Iudaeis
2962 951 3306 1018 interdicit
3365 949 3553 1013 Chri-

245 1076 470 1138 tianis.

327 1175 432 1235 70.
488 1171 804 1251 Sequitur
828 1169 1166 1251 jejunium
1201 1164 1482 1240 Sabbati,
1525 1163 1609 1226 de
1649 1176 1784 1242 quo
1821 1156 2295 1238 TheOphylacti
2347 1154 2484 1218 hinc
2522 1160 2622 1218 est
2670 1150 2996 1251 sententia
3031 1165 3045 1209 :
3093 1170 3123 1205 α
3151 1144 3225 1251 Si
3257 1149 3552 1251 vestrum

245 1270 444 1331 etiam
478 1269 551 1330 in
575 1236 1190 1348 Sabbotoj'ejum'um
1218 1236 1521 1327 severius
1561 1236 1893 1324 discutere
1938 1236 2130 1316 nobis
2173 1252 2426 1326 liceret,
2478 1249 2980 1348 ostenderemus
3027 1242 3319 1323 profecto
3383 1236 3554 1346 illud

245 1383 470 1447 neque
505 1343 981 1444 apostolorum,
1015 1378 1233 1442 neque
1261 1356 1867 1424 Patrum‘doctrinm
1891 1368 2037 1416 esse
2067 1355 2610 1449 consentaneum.
2646 1343 2962 1449 AApostoli
3003 1350 3230 1406 contra
3263 1354 3404 1449 eos,
3438 1343 3553 1449 qui

246 1443 593 1526 Dominica
628 1461 724 1522 vel
761 1459 1061 1532 Sabbato,
1095 1473 1231 1521 uno
1269 1464 1574 1538 excepto,
1615 1452 1945 1534 jejunant,
1991 1450 2390 1548 decernunt,
2430 1446 2485 1508 si
2515 1444 2662 1507 laici
2710 1443 3561 1548 sunt,_ex_communicatio—

251 1575 431 1634 nem,
475 1559 532 1620 si
574 1556 820 1632 clerici,
879 1555 1396 1635 depositionem.
1446 1554 1676 1632 Neque
1727 1564 1881 1612 vero
1933 1544 2322 1624 illegitimos
2356 1541 2520 1604 istos
2571 1556 2865 1603 canones
2891 1539 3300 1635 judicaveri‘s
3335 1551 3349 1596 :
3386 1547 3558 1614 quos

252 1631 436 1719 sexta
460 1658 759 1734 synodus
791 1631 1094 1716 venerata
1145 1660 1268 1722 est.
1306 1650 1418 1715 cui
1452 1652 1750 1731 dogmata
1806 1643 2128 1710 sancienti
2174 1639 2370 1722 legati
2396 1639 2616 1739 vestri
2667 1636 3035 1739 Agathonis
3067 1631 3559 1739 interfuerunt?

254 1731 543 1814 canones
580 1759 798 1815 autem
836 1749 1076 1814 ferenti
1129 1747 1338 1812 adfuit
1385 1746 1693 1810 incitator
1755 1743 2040 1807 Basilius
2095 1739 2259 1803 adeo
2317 1731 2657 1812 assiduus,
2717 1742 2789 1798 ut
2840 1731 3562 1834 nulli-congregationi

256 1849 392 1914 {aut
417 1849 699 1912 sessioni
736 1850 805 1911 in
837 1846 1093 1927 synodo
1125 1841 1330 1926 sexta)
1362 1850 1602 1908 nostra
1648 1843 1936 1907 deesset.
1980 1839 2219 1902 Verum
2269 1849 2332 1899 et
2394 1834 2790 1938 Laodicenis
2825 1830 3068 1938 synodi
3109 1831 3357 1901 Patres,
3386 1841 3567 1938 quos

259 1949 458 2008 etiam
501 1953 683 2009 sexta
714 1922 1012 2028 synodus
1052 1922 1320 2007 summo
1365 1942 1437 2006 in
1479 1941 1728 2006 honore
1758 1937 2020 2012 habuit,
2077 1940 2447 1998 sanxerunt
2479 1930 2549 1994 in
2604 1926 3311 2035 Quadragesimanen
3338 1922 3568 2035 offerri

258 2058 518 2119 panem,
577 2019 1004 2122 praeterquam
1052 2041 1122 2104 in
1170 2041 1447 2104 Sabbato
1493 2046 1559 2103 et
1619 2035 2000 2111 Dominira;
2032 2033 2210 2114 quod
2253 2047 2412 2094 sane
2465 2045 2599 2093 non
2651 2026 3063 2100 statuissent,
3104 2021 3165 2086 si
3212 2019 3564 2085 Sabbatum

254 2139 494 2220 jejunii
529 2141 712 2203 diem
759 2138 1246 2219 cognovissent,
1285 2159 1315 2194 ι
1348 2144 1473 2199 etc.
2187 2221 2189 2223 ι

339 2237 606 2300 Mendis
643 2252 715 2300 ac
751 2217 1008 2300 fabellis
1057 2234 1197 2298 haec
1239 2243 1442 2298 scatet
1485 2230 1998 2313 argumentatio.
2037 2221 2341 2293 Fabellas
2403 2234 2629 2303 postea
2678 2223 2922 2306 adjecit
2967 2221 3132 2315 alias
3193 2217 3565 2292 Balsamon,

257 2331 828 2397 schismaticorum
862 2342 1203 2413 patronus,
1243 2332 1312 2394 in
1346 2333 1873 2394 Nomocanonem
1930 2326 2142 2391 Photii
2187 2343 2202 2388 :
2241 2323 2570 2405 prtedictis
2603 2321 2970 2387 canonibus
3000 2334 3310 2382 asserens
3344 2340 3374 2372 ι
3413 2319 3571 2378 sub-

257 2428 610 2506 scripsisse
636 2430 1073 2492 Bavennatem
1103 2427 1462 2491 antistitem
1498 2424 1739 2506 synodi
1777 2427 2084 2488 Romanas
2118 2425 2694 2504 vicemgerentem,
2719 2429 2784 2486 et
2821 2419 3173 2502 episcOpos
3210 2415 3570 2479 Thessalo-

260 2524 433 2588 nica
461 2531 524 2587 et
555 2525 887 2601 Sardinia),
924 2525 1255 2588 Heraclea)
1300 2531 1365 2588 et
1400 2521 1722 2598 Corinthi,
1761 2523 1882 2604 qui
1929 2532 2088 2588 tunc
2124 2530 2314 2587 erant
2358 2522 2554 2605 legati
2591 2520 2946 2604 pontiﬁcis.
3006 2539 3039 2574 ι
3087 2512 3571 2598 Theophylacti

262 2619 438 2684 dicta
460 2621 596 2702 jam
627 2638 787 2685 voco
811 2622 888 2686 ad
919 2638 1217 2685 examen.
1929 2699 1932 2702 g

345 2721 452 2782 71.
500 2721 774 2783 Causam
812 2720 1041 2801 incipit
1075 2736 1377 2800 perorare
1409 2717 1985 2801 pseudepigrapho
2015 2724 2469 2793 monumento,
2502 2717 2684 2799 quod
2733 2725 2836 2781 est
2892 2730 3106 2779 canon
3145 2714 3227 2778 65
3256 2713 3432 2778 inter
3462 2727 3577 2777 eos

266 2815 388 2897 qui
441 2817 903 2897 Apostolorum
955 2818 1301 2881 dicuntur.
1345 2818 1717 2882 Peritiores
1767 2817 2021 2898 quique
2082 2816 2206 2879 viri
2283 2816 2365 2878 de
2416 2813 2848 2896 supposititio
2889 2811 3032 2877 fetu
3086 2827 3220 2876 non
3251 2809 3578 2875 dubitant.

271 2916 442 2978 Num
485 2929 640 2977 vero
669 2914 750 2977 de
791 2914 1052 2995 jejunio
1085 2915 1149 2978 in
1185 2914 1487 2990 Sabbato,
1533 2931 1766 2990 necne,
1801 2913 2005 2978 fuerit
2033 2912 2380 2995 quidpiam
2412 2913 2493 2976 ab
2533 2909 2854 2993 apostolis
2911 2909 3394 2990 praescriptum,
3428 2908 3584 2970 dili-

269 3011 665 3091 gentissime
719 3011 1116 3092 perquisivit
1181 3013 1626 3093 Augustinus.
1665 3012 1782 3093 qui
1847 3011 2117 3075 demum
2176 3009 2515 3074 concludit
2563 3011 2636 3073 in
2689 3007 2971 3088 epistola
3025 3007 3106 3072 ad
3155 3005 3586 3074 Casulanum.

275 3131 309 3166 ι
351 3109 910 3173 interminabilem
949 3127 1097 3173 esse
1139 3110 1331 3173 istem
1369 3111 1827 3190 quaestionem,
1864 3115 2288 3190 generantem
2323 3108 2504 3184 lites,
2545 3123 2669 3170 nec
2703 3103 3047 3170 ﬁnientem
3081 3105 3516 3187 quaestiones.
3553 3127 3584 3162 ι

276 3206 579 3270 Canones
635 3205 790 3268 illos
851 3206 1026 3269 inter
1078 3206 1450 3287 apocrypha
1508 3206 1878 3270 amandavit
1926 3223 2051 3270 suo
2105 3205 2174 3269 in
2222 3204 2659 3269 celeberrimo
2707 3204 2977 3268 decreto
3036 3201 3422 3276 Gelasiusl,
3464 3203 3590 3265 Ito-

277 3319 512 3366 manus
547 3302 841 3382 pontifex
869 3325 885 3366 :
920 3320 1171 3384 eosque
1197 3302 1430 3384 primis
1461 3304 1675 3367 tribus
1708 3303 2018 3368 Ecclesia
2056 3303 2318 3366 seculis
2352 3318 2470 3384 pro
2508 3300 2678 3366 datis
2711 3301 3228 3366 circumstantiis
3260 3301 3590 3371 conditos.

274 3399 835 3466 verisimillimum
907 3408 1029 3465 est.
1088 3401 1372 3467 Consule
1420 3401 1855 3468 Guillelmum
1932 3397 2394 3482 Beveregium,
2463 3399 2665 3464 hocce
2727 3399 2810 3462 de
2872 3409 3262 3481 argumento
3325 3399 3591 3480 egregie

280 3498 746 3562 disserentem.

362 3613 468 3676 72.
516 3611 626 3675 Sin
661 3612 881 3676 minus
914 3630 995 3676 ex
1031 3613 1317 3695 origine,
1350 3614 1931 3679 auctoritatemhis
1954 3613 2308 3681 conciliare
2349 3613 2886 3695 TheOphylactus
2914 3614 3141 3679 studet
3167 3613 3414 3678 saltem
3444 3635 3477 3672 ι
3511 3631 3593 3679 ex

283 3710 544 3791 synodo
606 3719 810 3784 sexta,
874 3727 1023 3790 quas
1072 3711 1226 3775 illos
1272 3719 1578 3775 venerata
1635 3720 1735 3774 est
1778 3713 1928 3776 :cui
1994 3713 2296 3792 dogmata
2345 3711 2668 3775 sancienti
2729 3712 2926 3794 legati
2976 3714 3178 3802 vestri
3233 3713 3596 3794 Agathonis

281 3804 648 3882 [XXXVII]
696 3805 1143 3870 interfuerunt
1182 3825 1197 3868 :
1255 3823 1542 3871 canones
1608 3815 1826 3872 autem
1868 3807 2107 3874 ferenti
2140 3808 2349 3875 adfuit
2395 3809 2684 3874 Basilius
2729 3811 2896 3882 adeo
2932 3810 3270 3889 assiduus,
3328 3820 3400 3877 ut
3430 3812 3594 3878 nulli

283 3906 777 3985 congregationi
804 3907 1089 3970 deesset.
1128 3931 1159 3966 ι
1192 3910 1414 3972 Errata
1459 3907 1670 3989 plura.
2947 3989 2949 3992 ,

369 4003 676 4079 Synodus
709 4005 1112 4068 mcumenica
1152 4013 1334 4068 sexta
1399 4005 1829 4070 confunditur
1859 4022 2008 4069 cum
2049 4004 2386 4079 Trullana,
2416 4023 2565 4088 quas
2603 4005 2843 4088 synodi
2903 4008 3334 4071 mcumenicaa
3368 4015 3598 4070 aucto-

287 4098 479 4160 ritate
512 4113 640 4161 non
680 4102 953 4180 potitur.
987 4101 1106 4164 Illa
1141 4102 1490 4166 adversum
1519 4103 2105 4166 Monothelitarum
2134 4102 2440 4168 haeresim
2474 4119 2650 4167 anno
2680 4103 2803 4168 680
2827 4102 3048 4166 habita
3075 4102 3228 4196 fuit,
3256 4104 3600 4185 Agathone

286 4195 648 4257 Romanam
673 4197 895 4259 sedem
963 4206 1251 4274 tenente,
1292 4207 1354 4261 et
1398 4199 1754 4278 imperium
1787 4197 2288 4263 administrante
2345 4200 2780 4265 Constantino
2850 4195 3222 4282 Pogonato:
3258 4203 3328 4266 in
3379 4220 3596 4285 eaque

289 4307 574 4355 canones
635 4295 712 4355 ad
766 4310 984 4356 mores
1017 4303 1079 4358 et
1140 4294 1561 4375 disciplinam
1612 4304 1986 4376 spectantes
2035 4297 2289 4359 conditi
2345 4312 2482 4360 non
2526 4296 2839 4361 fuerunt.
2893 4298 3226 4373 Quoniam
3270 4317 3429 4363 vero
3484 4318 3603 4363 nec

290 4390 591 4468 synodus
650 4393 1052 4455 mcumenica
1082 4394 1337 4473 quinta,
1369 4411 1586 4474 neque
1617 4408 1796 4457 sexta
1834 4410 2120 4457 canones
2154 4393 2540 4475 liujusmodi
2573 4393 2964 4469 condidere;
3013 4397 3433 4461 Iustinianus
3458 4407 3467 4415 '
3490 4401 3602 4462 Ju-

295 4485 446 4548 nior
480 4488 819 4565 Augustus
849 4490 1236 4569 congregari
1289 4492 1616 4571 synodum
1667 4492 1872 4570 jussit
1930 4490 2529 4572 Constantinomli,
2576 4508 2724 4572 qua)
2765 4500 2989 4572 ageret
3021 4493 3104 4557 de
3161 4496 3606 4562 ecclesiastica

291 4583 653 4662 disciplina
683 4587 898 4666 deque
965 4603 1222 4649 morum
1282 4585 1768 4656 reformatione.
1804 4587 2037 4651 Habita
2070 4597 2365 4652 estanno
2393 4589 2536 4661 692,
2563 4587 2752 4670 juxta
2783 4590 3219 4669 probatiorem
3255 4593 3608 4660 chronolo-

290 4679 488 4756 giam,
520 4681 740 4743 Romus
804 4682 1078 4746 sedente
1129 4683 1358 4762 Sergio
1389 4685 1441 4747 l.
1477 4684 1658 4747 Hanc
1726 4701 1881 4748 vero
1932 4685 2274 4750 Balsamon
2344 4685 2629 4768 appellat
2684 4687 3170 4769 quinisextam;
3232 4705 3463 4756 vocant
3491 4696 3607 4758 alii

290 4776 694 4852 'I‘rullanam,
726 4786 948 4858 utpote
1005 4781 1389 4844 celebratam
1425 4782 1492 4845 in
1523 4781 1753 4844 Trullo
1788 4784 2008 4860 magni
2044 4783 2292 4865 palatii.
2746 4852 2750 4856 .

372 4874 527 4937 Haec
556 4877 1088 4956 Tlieophylactus
1154 4886 1264 4940 aut
1316 4878 1680 4956 ignorabat,
1731 4886 1843 4941 aut
1893 4871 2069 4944 certe
2119 4882 2478 4946 simulavit.
2538 4883 2954 4965 Suscipiendi
2997 4902 3246 4950 canone
3284 4889 3350 4950 11
3433 4890 3608 4954 indi-

288 4981 551 5042 cuntur,
613 4973 726 5050 qui
767 4975 977 5035 vocari
1011 4975 1224 5036 solent
1256 4974 1541 5038 Canones
1576 4973 2047 5057 apostolorum,
2085 4979 2309 5042 critica
2333 4979 2415 5042 de
2464 4981 2725 5062 origine
2786 4998 3017 5046 eorum
3079 5000 3215 5046 non
3301 4987 3604 5052 discussa

290 5070 684 5145 quastione,
711 5072 1024 5153 nullaque
1055 5074 1361 5136 Romane:
1390 5075 1700 5137 Ecclesiae
1729 5075 1986 5139 ratione
2028 5074 2270 5153 habita,
2299 5093 2443 5156 qute
2465 5093 2698 5141 omnes
2729 5078 2883 5144 illos
2914 5082 3208 5160 probavit
3235 5101 3603 5164 nunquam.

368 5167 473 5228 73.
501 5170 686 5232 Plura
720 5179 1094 5252 sequuntur
1115 5172 1279 5235 circa
1297 5172 1691 5252 legationem
1713 5173 1890 5236 sedis
1913 5172 2287 5251 apostolica)
2305 5181 2512 5237 errata
2535 5175 3033 5257 'I‘lteophylacti.
3055 5179 3335 5242 ln'Actis
3359 5182 3600 5263 synodi

289 5275 491 5328 sextae
528 5271 945 5332 mcumenicm
968 5269 1321 5349 subscripti
1359 5269 1701 5348 leguntur:
1736 5293 1766 5328 at
1798 5270 2192 5333 Theodorus
2254 5269 2531 5333 humilis
2595 5274 2939 5354 presbyter
2998 5287 3236 5339 sanctae
3294 5270 3605 5344 Romanas

296 5363 620 5435 Ecclesiae,
656 5371 721 5427 et
750 5356 964 5429 locum
995 5385 1230 5446 gerens
1272 5369 1676 5447 Agathonis;
1738 5368 2064 5445 Georgius
2101 5367 2371 5430 humilis
2404 5370 2749 5451 presbyter
2779 5380 3017 5435 sanctm
3047 5375 3352 5439 Romanae
3381 5379 3607 5442 Eccle-

290 5460 428 5525 siae.
467 5469 527 5521 et
552 5461 762 5523 locum
788 5480 1024 5542 gerens
1087 5466 1472 5546 Agathonis.
1508 5511 1525 5527 .
1560 5509 1574 5528 .
1625 5467 1916 5530 Joannes
1970 5465 2252 5530 humilis
2292 5468 2617 5532 diaconus
2679 5471 2990 5534 Romanae
3030 5473 3344 5549 Ecclesiae
3425 5487 3486 5540 et
3517 5477 3609 5541 lo-

289 5574 438 5618 cum
483 5575 721 5638 gerens
775 5560 1136 5640 Agathonis
1165 5611 1180 5626 .
1213 5611 1228 5627 .
1270 5611 1283 5626 .
1324 5611 1339 5628 .
1370 5611 1385 5624 .
1417 5566 1708 5626 Joannes
1739 5563 2192 5627 misericordia
2221 5565 2343 5626 Dei
2410 5567 2760 5646 episcopus
2827 5569 3468 5647 'I‘hessalonicensis,
3532 5587 3598 5639 et

287 5654 667 5735 apostolicm
719 5658 895 5722 sedis
952 5660 1170 5724 Romae
1219 5661 1471 5742 legatus
1505 5708 1519 5722 .
1559 5707 1574 5722 .
1615 5709 1629 5724 .
1700 5660 2089 5724 Theodorus
2167 5661 2438 5724 humilis
2502 5668 2842 5744 presbyter
2902 5679 3144 5732 sanctae
3198 5672 3593 5738 Ravennatis

285 5751 626 5828 Ecclesiae,
656 5763 718 5817 et
757 5756 973 5819 locum
1010 5774 1246 5839 gerens
1305 5760 1633 5822 Theodori
1669 5760 2184 5840 archiepiscopi;
2246 5761 2534 5823 Joannes
2587 5762 2901 5844 indignus
2956 5768 3307 5849 episcopus
3367 5783 3604 5838 sanctre

285 5852 672 5918 Portucnsis
704 5854 1035 5945 Ecclesiae,
1099 5857 1349 5936 legatus
1394 5858 1596 5922 totius
1661 5858 1928 5923 concilii
1973 5867 2212 5924 sancte
2247 5858 2426 5923 sedis
2479 5861 2863 5941 apostolicae
2933 5865 3194 5945 Romae;
3230 5869 3599 5936 Stephanus
