4262 6432
695 391 814 525 )δ
1594 414 1802 475 BERN
1870 412 2138 473 MANE
2180 413 2289 525 ne
2316 413 2378 472 It

2322 411 2602 474 HUBEIS
2645 413 3151 476 DISSERTATIO
3932 415 4005 478 80

740 530 1179 595 misericordia
1251 531 1358 589 Dei
1414 529 1761 607 episcOpus
1794 527 2112 597 Corinthi,
2151 533 2209 586 et
2245 522 2488 605 legatus
2546 527 2914 603 apostolica
2958 530 3134 592 sedis
3178 532 3461 611 a;.tiqna
3509 535 3754 594 Roma.
3823 531 3998 592 Basi-

744 629 866 688 lius
915 625 1353 687 misericordia
1388 625 1497 686 Dei
1568 626 1940 703 epiSCOjIUS,
1970 632 2032 683 et
2082 623 2484 700 metmpolita
2535 623 2815 684 civitatis
2883 626 3189 706 Gortyna
3257 627 3492 690 insura
3525 631 3746 696 Creta,
3784 632 3850 689 et
3907 624 4002 687 Ie-

740 731 922 800 gatus
957 723 1149 784 totius
1213 721 1468 782 concilii
1531 721 1900 800 apostolica
1942 716 2315 798 principalis
2347 719 2522 779 sedis
2568 719 2850 798 antiqua
2927 722 3161 783 Roma.
3221 722 3677 784 Abundantius
3726 720 3999 783 humilis

740 823 1085 900 episcopus
1132 826 1364 880 sancta
1420 819 1720 900 Ecclesia
1753 820 2124 893 Tempsana
2156 813 2643 894 (Paternensis),
2677 816 2930 896 legatus
2971 805 3170 880 totius
3209 819 3468 881 concilii
3507 826 3742 880 sancta
3815 819 3991 879 sedis

742 917 1112 994 apostolica
1170 916 1434 989 Roma;
1465 917 1746 976 Joannes
1809 913 2114 990 indiguus
2177 911 2518 988 episc0pus
2552 921 2786 974 sancta
2826 913 3131 975 Ecclesia
3162 915 3559 992 R'hegitana,
3605 914 3854 992 legatus
3891 921 3992 974 to-

742 1013 869 1072 tius
892 1010 1146 1072 concilii
1178 1019 1410 1073 sancta
1433 1011 1602 1073 sedis
1617 1008 1976 1089 apostolica
1993 1007 2226 1066 Roma.
2249 1027 2278 1062 »
2300 1005 2780 1082 Animadverte,
2799 1008 3210 1086 legatosalios
3231 1025 3373 1072 esse
3393 1028 3469 1073 ex
3490 1009 3660 1072 clero
3684 1009 3997 1080 Romano,

738 1111 896 1169 alios
930 1111 1118 1172 Italiae
1150 1111 1246 1171 vel
1279 1113 1339 1171 in
1377 1111 1729 1172 Occidente
1761 1107 2136 1185 episc0pos:
2173 1119 2243 1164 ac
2297 1103 2397 1163 his
2432 1103 2791 1179 adjunctos,
2823 1105 3490 1179 Thessalonicensem,
3542 1104 3978 1175 Corinthium,

737 1206 1289 1285 ctGOrtyttensem
1333 1208 1394 1266 in
1427 1207 1628 1267 Creta.
1707 1205 1842 1264 Mos
1889 1209 2022 1264 erat
2050 1200 2317 1272 scilicet,
2363 1207 2429 1260 ut
2494 1201 2828 1262 Romanus
2878 1200 3163 1278 pontifex
3192 1203 3270 1264 ad
3303 1202 3591 1282 synodos
3624 1203 3686 1262 in
3729 1199 3999 1261 Oriente

737 1301 981 1362 habit-is
1037 1304 1274 1380 legatos
1307 1303 1562 1380 aliquos
1612 1317 1756 1361 cum
1811 1299 2072 1377 speciali
2107 1298 2511 1376 delegatione
2551 1298 3060 1359 transmitteret:
3094 1306 3312 1360 essent
3363 1298 3473 1359 alii
3513 1297 3701 1376 legati
3735 1298 3994 1374 synodi,

737 1415 882 1474 qua
944 1399 1120 1473 prius
1165 1398 1467 1458 celebrari
1506 1400 1720 1458 Roma
1774 1402 2232 1458 consueverat:
2271 1393 2504 1471 hisque
2535 1393 3046 1469 adjungereutnr
3107 1437 3124 1463 ,
3166 1394 3538 1472 quioicarii
3570 1392 3669 1455 vel
3727 1407 3995 1469 respon-

732 1493 896 1553 sales
955 1497 1170 1556 Romae
1202 1495 1374 1554 sedis
1414 1495 1481 1554 in
1539 1496 1806 1556 Oriente
1870 1511 1981 1571 pro
2013 1500 2302 1568 tempore
2334 1489 2916 1550 constituebantur.
2948 1491 3224 1552 Basilius
3264 1491 3380 1552 ille
3440 1487 3874 1570 Gortynensis
3929 1488 3984 1548 is

733 1599 831 1650 est
863 1607 1053 1670 quem
1089 1590 1606 1669 'l‘lieophylactus
1677 1600 1978 1650 memorat
2011 1589 2164 1650 adeo
2202 1585 2559 1655 assiduum,
2602 1595 2674 1645 ut
2718 1584 2889 1647 nulli
2945 1586 3449 1666 congregationi,
3504 1596 3612 1650 aut
3687 1583 3999 1655 sessioni,

733 1688 831 1750 vel
874 1688 1111 1750 actioni
1149 1687 1426 1748 deesset:
1464 1688 1765 1749 omnibus
1801 1687 2039 1766 quippe
2073 1693 2275 1746 sexta
2304 1684 2536 1762 synodi
2575 1684 2749 1742 Actis
2774 1682 3246 1762 subscripsisse
3288 1684 3545 1762 legitur.

812 1810 949 1870 Non
985 1810 1067 1868 ita
1109 1827 1178 1870 se
1209 1827 1309 1870 res
1338 1808 1560 1869 habuit
1591 1809 1656 1870 in
1689 1807 1942 1886 synodo
1974 1805 2301 1876 Trullana.
2336 1805 2552 1864 Vacua
2569 1809 2629 1877 et
2662 1819 2814 1880 pura
2838 1809 3004 1880 patet
3033 1791 3271 1873 charta,
3306 1803 3417 1866 ubi
3437 1803 3706 1865 Romani
3741 1800 4009 1882 pontiﬁ-

734 1908 826 1966 cis
889 1905 1359 1966 subscribentis
1421 1906 1596 1966 focus
1650 1914 1784 1966 erat
1844 1919 1986 1966 cum
2055 1902 2156 1963 his
2187 1899 2436 1962 verbis:
2482 1905 2737 1972 «Τόπος,
2778 1898 2956 1961 locus
3015 1897 3408 1982 sanctissimi
3467 1916 3642 1978 papa
3672 1901 3932 1974 Roma;
3968 1919 3999 1954 ι

732 2003 912 2073 item,
939 2011 1186 2072 αΤὸπος,
1220 2003 1397 2062 locus
1429 2000 2018 2062 'I‘ltessaloniccnsis
2050 2020 2067 2072 ;
2105 2022 2132 2054 in
2169 1999 2452 2077 itemque
2487 2017 2515 2052 α
2548 2002 2749 2068 Τόπος,
2792 1997 2970 2057 locus
3000 1995 3481 2068 Heracleensis,
3517 1993 3986 2067 Sardiniensis,

730 2099 1141 2167 Ravennatis,
1200 2096 1600 2158 Corinthii.»
1639 2100 1798 2157 Tum
1837 2114 1984 2158 vero
2022 2119 2036 2157 :
2074 2118 2102 2151 oi
2139 2094 2417 2156 Basilius
2452 2093 2796 2173 episcopus
2827 2093 3289 2174 Gortyniorum
3352 2094 3732 2174 metropolis
3794 2091 4004 2154 Creta

740 2196 1002 2269 insula,
1043 2204 1101 2255 et
1132 2193 1347 2255 locum
1391 2203 1618 2254 tenens
1651 2195 1846 2253 totius
1885 2193 2118 2272 synodi
2151 2199 2385 2252 sancta
2433 2189 2740 2253 Ecclesia
2785 2191 3114 2252 Romana.
3165 2211 3196 2248 In
3250 2191 3468 2270 Legati
3499 2198 3734 2253 sancta
3785 2189 3998 2260 sedis,

725 2290 838 2368 qui
877 2291 1182 2352 mandato
1217 2289 1479 2369 Speciali
1519 2289 1796 2350 instituti
1830 2287 2097 2359 fuerint,
2124 2292 2492 2365 comparent
2546 2283 2731 2344 nulli.
2793 2285 3016 2346 Roma
3085 2286 3468 2348 celebratam
3527 2285 3649 2349 hoc
3705 2293 3999 2365 tempore

723 2387 933 2447 fuisse
965 2390 1319 2465 synodum,
1378 2403 1568 2464 quam
1619 2385 1826 2465 aliqui
1861 2384 2049 2463 legati
2092 2382 2274 2444 missi
2340 2389 2896 2459 reprasentarent,
2944 2381 3124 2444 nulla
3203 2383 3424 2462 prodit
3471 2382 3768 2446 historia.
3825 2383 3997 2447 Hinc

726 2483 964 2544 Basilio
1018 2483 1414 2561 Gortynensi
1471 2498 1801 2560 perperam
1837 2480 2099 2542 ecfalso
2148 2479 2380 2540 titulus
2441 2476 2754 2537 tribuitur
2815 2498 2844 2532 α
2883 2475 3096 2539 locum
3147 2479 3431 2540 tenentis
3489 2479 3690 2541 totius
3754 2479 3995 2560 synodi

725 2591 956 2639 sancta
997 2577 1304 2639 Ecclesiae
1339 2579 1648 2640 Romana
1688 2600 1755 2650 ι),
1783 2593 1918 2655 quo
1958 2576 2204 2642 scilicet
2244 2575 2383 2653 ipse
2433 2572 2680 2651 pridem
2715 2572 2780 2632 in
2806 2580 2984 2635 sexta
3021 2575 3274 2654 synodo
3296 2575 3694 2638 acumenica
3747 2577 3997 2655 potitus

629 2732 637 2734 _
723 2672 951 2735 fuerat.
1036 2676 1154 2736 Sed
1247 2674 1441 2752 hujus
1542 2683 1816 2735 attamen
1905 2672 2288 2751 legationem
2362 2673 2606 2737 indicat
2707 2673 3258 2754 ThOOj'hyIBCtUS,
3349 2674 3693 2753 depravata
3740 2668 3996 2737 scilicet

723 2770 1197 2849 subscriptione
1238 2769 1574 2846 deceptus.
3034 2760 3038 2764 ”

802 2897 967 2956 Suos
1005 2894 1070 2955 in
1105 2894 1372 2957 Oriente
1410 2893 1528 2953 hoc
1586 2893 1776 2953 etiam
1841 2902 2124 2972 tempore
2166 2892 2466 2968 vicariae,
2535 2904 2644 2954 aut
2676 2891 3100 2971 responsoin,
3159 2900 3271 2955 aut
3320 2893 3560 2974 legatos
3626 2890 3992 2955 ordinario:

717 2989 1071 3051 Romanam
1139 2991 1359 3051 sedem
1417 2988 1745 3060 habuisse,
1780 3005 1907 3048 non
1941 2988 2190 3051 dubito.
2225 2989 2305 3050 Hi
2339 3005 2618 3069 namque
2653 2989 3142 3069 emergentibus
3196 2991 3266 3053 in
3299 2989 3580 3071 negotiis
3639 3005 3991 3070 personam

724 3087 1042 3161 pontiﬁcis
1085 3085 1651 3164 reprasentabant,
1692 3083 2241 3165 insinuabantque
2279 3086 2558 3166 principi
2592 3105 2735 3166 quae
2768 3089 3128 3151 necessaria
3163 3089 3568 3163 videbantur,
3606 3087 3733 3167 ipsi
3777 3093 3992 3148 tamen

722 3183 1006 3261 pontifici
1047 3182 1436 3243 decernendi
1478 3186 1784 3258 potestate
1821 3192 2139 3242 reservata
2166 3182 2240 3243 ad
2277 3181 2487 3261 ipsius
2528 3183 2922 3261 reSponsaIis
2957 3183 3364 3247 relationem.
3396 3184 3530 3246 Hac
3563 3184 3641 3245 de
3679 3200 3743 3243 re
3796 3180 3990 3244 dacto

718 3279 1046 3340 diSSC:UiIl
1083 3282 1305 3340 Petrus
1342 3280 1417 3339 de
1473 3279 1680 3338 Marco
1723 3283 1784 3338 et
1854 3279 2172 3340 Antonius
2237 3280 2469 3358 Pagius
2503 3284 2576 3342 ad
2612 3295 2852 3342 annum
2899 3282 3040 3342 69:2.
3088 3283 3357 3345 Fuerint
3408 3297 3586 3361 ergo,
3662 3278 3993 3359 Trullana

718 3376 951 3454 synpdi
997 3387 1302 3453 tempore,
1327 3375 1515 3452 legati
1556 3373 1898 3446 ordinarii,
1947 3374 2237 3453 episcopi
2286 3375 2726 3438 Sardiniensis
2760 3387 2822 3438 et
2852 3379 3221 3457 Ravennas,
3261 3374 3872 3440 Thessalonicensis
3921 3383 3988 3438 et

718 3470 1136 3532 Corinthius:
1181 3473 1294 3531 sed
1339 3473 1441 3530 isti
1503 3470 1802 3531 absentes
1858 3477 2060 3542 erant,
2146 3479 2321 3533 utex
2355 3473 2493 3534 loco
2562 3488 2762 3535 vacuo
2799 3483 3010 3552 patet:
3068 3481 3378 3536 autcerte
3439 3472 3801 3536 canonibus
3852 3472 3988 3535 illis

717 3568 1017 3628 assentiri
1049 3567 1428 3628 noluerunt.
1495 3567 1672 3628 Unus
1725 3566 1972 3644 legitur
2003 3567 2285 3629 Basilius
2317 3569 2780 3650 Gortynensis.
2848 3571 3072 3634 Fuerit
3106 3572 3230 3632 iste
3263 3571 3511 3650 legatus
3570 3571 3986 3633 ordinarius:

719 3676 777 3725 at
813 3667 952 3743 ejus
1017 3664 1357 3742 prasentia
1403 3655 2054 3726 nullam‘ranonibus
2101 3666 2426 3730 Trullanis
2475 3671 2923 3732 auctoritatem
2973 3670 3300 3740 conciliat,
3336 3667 3718 3732 absentibus
3758 3669 3989 3748 legatis

714 3763 885 3835 aliis,
912 3770 1018 3824 aut
1048 3761 1556 3842 repugnantibus

792 3882 1180 3959 [XXXVIII]
1238 3880 1376 3941 Alia
1428 3881 1634 3956 plura,
1694 3899 1840 3960 qua
1869 3882 2192 3959 synodum
2229 3880 2832 3958 hanclabefactant,
2874 3884 3187 3963 expendit
3218 3885 3594 3964 Lequienus
3653 3885 3720 3947 in
3766 3884 3985 3948 Pano-

707 3979 845 4058 plia
877 3989 1097 4039 contra
1127 3977 1811 4051 schismaGracorum,
1865 3977 2104 4039 saeculo
2141 3995 2248 4050 vu,
2281 3981 2489 4058 capite
2531 3982 2591 4040 2.
2622 3981 2693 4041 In
2711 3989 2946 4042 vectam
2992 3997 3122 4044 non
3153 3982 3569 4061 pratermitto
3593 3981 3985 4062 legationem

713 4077 997 4154 cpisc0pi
1063 4075 1544 4148 Heracleensis,
1579 4077 1685 4152 qui
1737 4075 2020 4152 probatis
2076 4076 2141 4136 in
2202 4079 2641 4139 monumentis
2699 4079 2997 4156 nuspiam
3075 4081 3396 4158 reperitur
3441 4079 3639 4140 hocce
3712 4097 3986 4143 munere

711 4171 1059 4245 aliquando
1119 4166 1404 4230 functus.
1463 4163 1873 4228 Anastasium
1941 4168 2510 4234 Bibliotheca-ium
2547 4175 2736 4250 addo,
2775 4175 2888 4253 qui
2923 4173 2990 4235 in
3042 4176 3184 4236 Vita
3215 4174 3483 4255 Sergiil
3514 4175 3752 4237 diserte
3792 4183 3984 4238 testa-

713 4275 813 4326 tnr
881 4268 1156 4344 legatum
1220 4262 1679 4340 apostolicum,
1728 4265 1841 4342 qui
1897 4263 2094 4326 fuerit
2141 4267 2422 4348 Basilius
2467 4268 2576 4330 ille
2609 4264 3430 4349 GortynensishTrullanis
3462 4269 3825 4332 canonibus
3877 4270 3984 4332 deo

708 4373 952 4442 ceptum
977 4361 1473 4439 subscripsisse.
1511 4361 1731 4434 Quid?
1758 4363 1930 4440 quod
1967 4362 2262 4424 laudatus
2295 4364 2556 4440 Sergius
2588 4365 2914 4424 Romanus
2951 4364 3241 4443 pontifex
3281 4388 3308 4420 α
3337 4366 3674 4443 pradictos
3697 4383 3980 4428 canones

708 4461 977 4537 respuit,
1013 4466 1204 4537 atque
1243 4457 1460 4535 rejecit
1494 4457 1746 4536 (eodem
1779 4464 1939 4518 teste
1985 4458 2367 4536 Anastasio),
2405 4457 2654 4536 eligens
2707 4459 2924 4537 potius
2960 4460 3124 4521 mori
3186 4477 3378 4540 quam
3413 4454 3767 4523 novitatum
3798 4477 3977 4524 erro-

712 4558 892 4616 ribus
925 4554 1313 4616 conscntire.
1349 4575 1378 4610 ››
1422 4554 1594 4628 Hac,
1640 4554 1891 4614 tametsi
1923 4556 2281 4629 notissima,
2326 4555 2473 4616 silet
2509 4562 2782 4616 attamen
2832 4555 3381 4636 Theophylactus.
3425 4557 3583 4620 Silet
3631 4558 3824 4621 etiam
3856 4561 3979 4621 Ju-

709 4669 735 4711 s
773 4652 1060 4711 inianum
1141 4651 1474 4709 Juniorem
1515 4653 1652 4728 qui,
1693 4659 1832 4726 post
1871 4651 2203 4711 Tiberium
2232 4653 2635 4712 Absimarum
2667 4646 2730 4712 et
2765 4653 3102 4714 Leontium
3141 4653 3511 4729 Patricium,
3547 4655 3777 4715 iterum
3805 4671 3979 4719 anno

703 4751 821 4810 705
865 4740 1144 4808 obtinuit
1176 4747 1544 4823 imperium,
1583 4747 1768 4807 irrito
1830 4755 1976 4806 νοτο
2031 4761 2321 4819 curasse,
2353 4749 2731 4807 utJoannes
2790 4765 2948 4827 papa
3008 4751 3122 4810 VII
3172 4751 3431 4812 eosdem
3477 4768 3758 4814 canones
3821 4754 3980 4815 reci-

706 4853 907 4924 peret.
959 4842 1143 4915 Silet,
1187 4841 1690 4903 Constantinum
1736 4843 2114 4921 ρηοδιυηυί
2158 4842 2787 4921 ConstantinOpolim
2821 4861 2993 4906 anno
3038 4847 3158 4907 710
3179 4855 3481 4910 evocatus
3525 4847 3757 4922 fuerat,
3807 4849 3978 4932 Lipso

702 4954 974 5021 urgente
1008 4941 1383 5002 Iustiniano
1428 4939 1840 5017 imperatore,
1895 4957 2004 5001 eos
2037 4941 2346 5002 duntaxat
2393 4942 2736 5003 Trullanos
2769 4944 3160 5021 approbasse
3189 4963 3494 5020 canones,
3521 4947 3631 5026 qui
3667 4948 3976 5008 Romana

703 5038 1006 5100 Ecclesia
1034 5039 1306 5098 decretis
1344 5052 1471 5097 non
1503 5035 2021 5097 advarsarentur.
2106 5039 2750 5118 Perperaindenique
2795 5041 3117 5119 synodum
3176 5043 3604 5105 Laodicenam
3674 5042 3741 5104 in
3792 5051 3977 5105 sexta

700 5133 1098 5198 acumenica
1132 5134 1383 5210 synodo
1416 5131 1821 5209 approbatam
1867 5141 2129 5194 narrat~z
2167 5136 2442 5214 ejusque
2478 5154 2758 5198 canones
2800 5141 3071 5218 opponit
3107 5158 3270 5202 vano
3301 5145 3562 5215 conatu,
3603 5139 3846 5220 quibus
3877 5141 3972 5200 ri-

702 5239 804 5292 tus
838 5231 1088 5309 aliquos
1118 5230 1421 5291 Ecclesia
1441 5231 1674 5290 Graca
1704 5231 1964 5292 indicari
2005 5231 2312 5294 fatemur:
2343 5234 2506 5294 ritus
2531 5235 2689 5296 alios
2725 5230 3156 5298 Occidentalis
3188 5245 3300 5299 aut
3333 5238 3641 5299 Romana
3667 5235 3976 5299 Ecclesia

699 5327 876 5405 rejici
926 5327 1156 5386 dixerit
1217 5343 1432 5399 nemo,
1481 5325 1603 5388 nisi
1637 5325 1977 5404 insipiens.
2012 5329 2189 5391 Hanc
2229 5330 2351 5390 sibi
2409 5333 2849 5395 auctoritatem
2912 5335 3216 5396 Trulluna
3281 5339 3571 5416 synodus
3612 5336 3973 5412 adrogavit,

700 5423 827 5484 lato
855 5437 1098 5482 canone
1134 5424 1212 5484 55
1255 5438 1386 5504 quo
1435 5423 1762 5504 jejunium
1822 5419 2070 5486 Sabbati
2105 5426 2170 5488 in
2205 5428 2484 5490 Romana
2546 5429 2827 5491 Ecclesia
2883 5431 3260 5508 damnatur;
3318 5431 3431 5495 sed
3482 5449 3623 5495 eam
3681 5431 3974 5514 legitima

697 5520 1069 5583 destitutam
1106 5519 1308 5584 fuisse
1344 5524 1728 5586 auctoritate
1753 5523 1882 5602 jam
1917 5523 2350 5587 ostendimus.
3549 5520 3554 5524 ’

3136 5707 3163 5729 Δ
