4262 6432
252 414 343 480 81.
1119 405 1217 470 DE
1254 400 1846 468 THEOPHYLAETI
1883 396 2160 463 GESTIS
2201 397 2300 461 ET
2339 396 2738 462 SCRIPTIS..
3472 390 3610 459 ,δι’

1780 548 1942 612 ΧΙΧ.

339 697 662 763 Audacius
697 696 1018 758 invehitur
1051 701 1278 753 contra
1334 691 1816 771 processinnemr
1859 687 2150 771 Spiritus
2190 685 2398 771 sancti
2414 703 2498 771 ea:
2541 682 2734 771 Patre
2765 680 3084 771 ilioque.
3125 678 3564 771 Argumenta:

255 756 896 869 rum‘veﬂjusrefutatio
919 773 1194 869 Joannis
1225 756 1410 834 Becci
1439 791 1578 869 cu'm
1610 770 1851 869 no'stris
1882 756 2542 857 animadversionibus
2568 780 2586 819 :
2619 760 2730 869 ubi
2758 759 2882 820 late
2926 758 3000 820 de
3030 756 3373 869 temporali
3428 758 3580 869 Sp!-

255 841 428 920 ritus
452 841 675 918 'sancti
716 854 1019 916 missione
1064 850 1432 914 disseritur.
1469 850 1634 910 Nam
1669 846 2044 908 Latinorum
2076 845 2342 910 erroris,
2370 852 2442 902 ut
2478 842 2684 920 aiunt.
2719 858 3023 920 summam
3046 841 3387 920 redegerit
3432 845 3577 920 tan-

256 915 421 1000 de);
456 915 964 1013 Theophylactus
991 930 1074 992 ad
1131 929 1331 992 solam
1360 932 1559 1002 vocis,
1607 931 1938 999 FILIOQUE,
2013 921 2406 984 additionem
2449 919 2533 981 ad
2581 917 2974 1000 Symbolum.
3031 919 3136 979 Ita
3217 915 3580 979 sentiebant

255 1020 633 1080 Grece-orum
660 1014 885 1092 aliqui.

338 1138 446 1200 Ἧι.
482 1139 550 1197 In
618 1153 687 1198 ea
733 1133 1203 1207 controversia,
1243 1152 1390 1215 quae
1428 1142 1730 1197 aeternam
1764 1148 1836 1193 ac
1885 1125 2382 1190 substantialem
2431 1136 2493 1189 et
2525 1125 2995 1206 hypostaticam
3053 1123 3332 1200 Spiritus
3374 1122 3578 1185 sancti

256 1235 584 1312 originem
619 1239 889 1311 spectat,
922 1233 1251 1294 communi
1298 1250 1442 1293 cum
1477 1230 1834 1306 gentilibus
1860 1226 1999 1290 suis
2037 1225 2420 1306 prmjudicio
2469 1229 2852 1300 occupatus,
2880 1221 3202 1282 audacius
3238 1239 3437 1299 quam
3471 1237 3583 1301 par

256 1346 383 1407 est,
417 1331 706 1410 Spiritus
738 1332 946 1391 sancti
1000 1329 1471 1408 processionem
1521 1325 2051 1406 Theoiihylactus
2103 1323 2504 1397 insequitur,
2562 1341 2600 1382 a
2631 1321 2826 1382 Patre
2859 1328 2917 1381 et
2951 1339 2989 1379 a
3036 1319 3236 1382 Filio.
3303 1320 3437 1382 Hac
3500 1319 3582 1382 de

257 1446 328 1490 re
381 1427 593 1489 tribus
656 1425 791 1505 agit
837 1425 901 1485 in
936 1424 1095 1486 locis
1159 1425 1713 1501 pertinacissime.

338 1525 439 1586 Ad
490 1531 678 1603 caput
699 1540 772 1583 ιιι
808 1523 1102 1594 Joannis,
1145 1540 1204 1584 v.
1251 1522 1353 1588 35.
1395 1520 1488 1582 sic
1528 1521 1650 1582 ait:
1691 1521 1881 1582 «Non
1910 1517 2454 1595 intempestivum
2493 1523 2712 1577 autem
2741 1514 2944 1576 fuerit
2973 1513 3094 1575 hoc
3153 1512 3293 1574 loco
3333 1515 3581 1586 dicere,

257 1621 570 1705 quomodo
629 1621 855 1684 habeat
905 1618 1115 1681 Filius
1147 1620 1491 1702 Spiritum,
1537 1627 1596 1680 et
1630 1617 1965 1696 quomodo
1999 1617 2250 1678 dicatur
2281 1615 2570 1694 Spiritus
2604 1612 2790 1676 Filii.
2832 1613 3001 1674 Dicit
3050 1613 3229 1674 enim
3277 1619 3341 1673 et
3402 1617 3581 1690 Apo-

258 1719 475 1783 stolus
508 1717 748 1797 (Galat.
788 1714 870 1800 iv)
912 1717 1272 1796 :Spiritum
1303 1717 1460 1778 Filii
1491 1716 1596 1776 sui
1625 1715 1693 1776 in
1716 1713 1910 1776 corda
1938 1724 2150 1776 vestra
2180 1713 2351 1773 misit
2392 1711 2787 1784 clamantem,
2842 1709 3041 1781 Abba,
3097 1719 3308 1791 pater.
3369 1712 3441 1770 Et
3475 1709 3588 1770 ile-

261 1837 408 1883 rum
471 1817 675 1900 (Rom.
711 1815 884 1898 vni):
931 1817 1004 1880 Si
1050 1827 1259 1883 autem
1309 1818 1451 1896 quis
1480 1816 1798 1894 Spiritum
1831 1814 2074 1878 Christi
2106 1830 2237 1873 non
2295 1810 2616 1879 habuerit,
2644 1809 2748 1871 hic
2780 1826 2911 1869 non
2937 1817 3026 1868 est
3059 1809 3213 1887 ejus.
3253 1809 3420 1868 Sane
3464 1807 3585 1867 La-

259 1918 384 1978 tini
416 1917 580 1980 male
623 1915 757 1978 haec
789 1923 1220 1994 exponentes,
1251 1921 1311 1976 et
1345 1915 1566 1976 minus
1623 1920 1794 1975 recte
1829 1911 2273 1990 intelligentes
2325 1907 2586 1976 dicunt,
2661 1906 2835 1985 quod
2892 1904 3176 1983 Spiritus
3251 1905 3444 1966 etiam
3507 1921 3589 1965 ex

258 2013 433 2076 Filio
476 2012 799 2092 procedat.
838 2015 968 2075 Nos
1022 2017 1238 2074 autem
1298 2011 1569 2092 quidem
1607 2009 1891 2089 primum
1927 2006 2213 2070 dicimus
2247 2005 2324 2067 a-l
2364 2021 2524 2073 eos:
2577 2004 2758 2083 quod
2812 2001 2995 2064 aliud
3037 2003 3121 2062 sit
3148 2021 3379 2062 esseea:
3412 2019 3576 2081 quo-

258 2112 439 2191 piam
492 2117 554 2171 et
583 2110 762 2172 aliud
815 2128 942 2170 esse
966 2107 1327 2190 cujusdam:
1369 2108 1752 2187 utSpiritus
1799 2107 1884 2168 sit
1933 2106 2204 2185 quiilem
2237 2103 2529 2182 Spiritus
2581 2103 2752 2165 Filii
2800 2101 3049 2178 absque
3075 2101 3304 2166 dubio.
3367 2108 3431 2161 et
3497 2097 3578 2159 ab

263 2209 447 2268 omni
499 2207 830 2286 Scriptura
852 2206 1320 2284 approbatum:
1355 2214 1660 2269 caeterum
1696 2223 1828 2265 esse
1863 2222 1944 2264 ex
1965 2201 2166 2271 Filio,
2200 2199 2381 2262 nulla
2408 2201 2740 2279 Scriptura
2775 2206 3076 2271 testatur,
3114 2215 3194 2260 ne
3231 2196 3355 2258 duo
3387 2197 3582 2276 prin-

263 2302 442 2382 cipia
497 2304 781 2381 Spiritus
837 2303 1359 2378 introducamus,
1397 2306 1664 2367 Patrem
1722 2309 1782 2366 et
1838 2301 2111 2364 Filium.
2161 2297 2486 2372 Profecto,
2538 2297 2900 2374 inquiunt:
2936 2314 3083 2359 nam
3137 2296 3352 2376 (Joan.
3387 2296 3493 2365 xxi
3527 2303 3589 2356 et

263 2402 615 2481 inspiravit
649 2400 1049 2485 (insuﬂlavit)
1098 2400 1461 2480 discipulis,
1494 2407 1556 2463 et
1585 2400 1787 2463 dixit:
1825 2399 1946 2461 Acc

1907 2397 2110 2476 :cipite
2131 2395 2450 2476 Spiritum
2482 2402 2799 2456 sanctum.
2839 2393 2893 2457 ξ)
2939 2394 3402 2472 άοείρῖριιιὶοιη
3439 2393 3454 2453 ι
3525 2390 3590 2453 Si

266 2510 425 2560 tunc
449 2500 624 2561 dedit
668 2498 1022 2577 discipulis
1063 2499 1413 2578 Spiritum,
1450 2498 1719 2580 quando
1754 2493 2142 2567 insufﬂavit,
2185 2489 2520 2573 quomodo
2571 2500 2793 2570 postea
2851 2491 3022 2552 dixit
3079 2490 3179 2552 eis
3229 2490 3476 2568 (Actor.
3517 2490 3590 2568 ι),

266 2595 621 2674 Accipietis
669 2594 972 2656 virtutem
1002 2597 1516 2676 supervenientis
1552 2595 1842 2675 Spiritus
1875 2591 2084 2653 sancti
2153 2606 2351 2668 super
2381 2605 2516 2661 vos,
2551 2605 2683 2647 non
2747 2595 2896 2666 post
2952 2584 3188 2647 multos
3225 2587 3339 2648 hos
3398 2585 3530 2647 dies
3563 2585 3592 2644 ?

268 2693 390 2754 Vel
440 2694 774 2773 quomodo
828 2683 1158 2756 credimus
1193 2694 1259 2754 in
1289 2697 1670 2758 Pentecoste
1725 2690 1963 2757 factum
2002 2687 2394 2749 descensum
2439 2681 2750 2759 Spiritus,
2812 2682 3146 2762 siquidem
3190 2682 3256 2744 in
3318 2699 3592 2760 vespera

270 2791 781 2852 resurrectionis
841 2791 1021 2854 dedit
1064 2790 1304 2852 illum?
1335 2793 1516 2851 Tunc
1577 2788 1754 2851 enim
1812 2781 2179 2864 inspiravit.
2241 2783 2320 2841 At
2348 2779 2482 2842 ὴωο
2517 2780 2790 2860 quidem
2820 2781 3004 2843 valde
3042 2779 3344 2842 ridicula.
3374 2779 3591 2842 Mani-

270 2885 514 2949 festum
544 2888 746 2959 enim,
789 2891 964 2967 quod
1004 2893 1160 2950 tunc
1212 2887 1345 2948 illis
1381 2887 1695 2966 Spiritum
1732 2879 2028 2952 sanctum
2069 2896 2197 2944 non
2256 2879 2557 2943 dederit:
2606 2881 2722 2942 sed
2767 2881 3016 2943 donum
3056 2896 3261 2942 unum
3304 2879 3594 2959 Spiritus

274 2983 510 3056 sancti,
574 2984 1038 3046 remissionem
1077 2983 1329 3044 scilicet
1365 2982 1634 3061 peccati.
1672 2980 1890 3045 Statim
1927 2981 2106 3050 enim
2129 2981 2351 3053 subdit
2376 2998 2389 3042 :
2417 2979 2704 3056 Quorum
2735 2980 3120 3042 remiseritis
3147 2989 3415 3061 peccata
3470 2982 3598 3044 Ha-

275 3080 385 3142 bet
443 3088 661 3143 autem
729 3081 1045 3158 Spiritum
1092 3080 1304 3142 Filius
1343 3078 1885 3152 substantialiter,
1930 3087 2002 3143 ut
2033 3078 2662 3144 consubstantialem
2721 3079 2892 3142 sibi:
2930 3096 3061 3142 non
3106 3096 3142 3141 a
3180 3096 3314 3158 quo
3367 3098 3598 3158 opera-

272 3178 520 3241 tionem
581 3178 874 3255 recipiat,
916 3178 1088 3241 sicut
1147 3177 1501 3258 prophetas.
1553 3177 1805 3240 Dicitur
1850 3185 2066 3241 autem
2106 3175 2390 3255 Spiritus
2439 3195 2568 3237 esse
2617 3174 2802 3250 Filii,
2847 3177 3214 3239 secundum
3276 3178 3452 3256 quod
3486 3197 3593 3239 vc-

276 3275 444 3336 ritas
479 3285 568 3336 est
601 3276 836 3345 Filius,
869 3284 927 3337 et
956 3277 1166 3337 vi’rtus
1201 3284 1260 3336 et
1286 3276 1644 3355 sapientia:
1683 3276 1964 3354 Spiritus
2004 3282 2220 3338 autem
2263 3283 2529 3337 sanctus
2593 3281 2654 3335 et
2709 3275 3029 3346 veritatis,
3071 3283 3126 3335 et
3158 3273 3594 3354 fortitudinis,

281 3381 341 3432 et
397 3371 727 3450 sapientia:
763 3371 1052 3451 Spiritus
1104 3370 1184 3432 ab
1227 3370 1391 3431 Isaia
1423 3371 1661 3450 (capite
1715 3371 1782 3452 ιι)
1818 3372 2238 3436 describitur.
2274 3373 2350 3434 Et
2386 3373 2618 3435 aliter:
2658 3372 2814 3452 quia
2869 3389 2988 3451 per
3035 3371 3272 3433 Filium
3315 3373 3596 3434 homini-

276 3464 396 3527 bus
437 3464 672 3534 datur;
709 3475 1048 3545 propterea
1110 3465 1273 3528 Filii
1325 3465 1590 3528 dicitur.
1644 3466 1850 3528 Crede
1905 3467 2112 3548 igitur
2167 3478 2259 3544 tu,
2292 3471 2612 3551 Spiritum
2653 3490 2692 3531 a
2723 3471 2916 3532 Patre
2947 3469 3199 3550 quidem
3245 3471 3596 3550 proficisci,

275 3580 399 3642 per
432 3561 667 3625 Filium
704 3570 920 3624 autem
943 3563 1092 3625 dari
1127 3572 1462 3628 creatum.
1513 3564 1727 3644 Atque
1764 3563 1867 3626 hic
1925 3566 2010 3628 sit
2042 3567 2158 3629 tibi
2214 3585 2423 3630 canon
2467 3567 2851 3631 orthodoxae
2880 3566 3259 3629 doctrinm.»

366 3662 575 3723 Locus
632 3660 792 3722 alter
811 3667 1021 3723 exstat
1076 3668 1154 3724 ad
1197 3660 1500 3741 ejusdem
1557 3661 1828 3722 Joannis
1858 3670 2049 3741 caput
2090 3683 2192 3740 xv,
2233 3683 2292 3726 v.
2334 3665 2416 3727 2'6
2458 3687 2473 3726 :
2513 3688 2541 3722 α
2571 3665 2769 3742 Quem
2831 3684 2943 3746 ego
3001 3667 3250 3727 mittam
3310 3667 3489 3729 vobis
3564 3689 3604 3730 a

279 3757 499 3820 Patre.
531 3760 668 3820 Jam
694 3759 870 3837 quod
898 3758 1081 3832 dicit,
1123 3775 1302 3838 quem
1331 3777 1438 3838 ego
1471 3758 1742 3827 mittam,
1766 3759 2201 3840 mqualitatem
2231 3781 2383 3843 erga
2407 3766 2660 3826 Patrem
2689 3764 3036 3844 signiﬁcat.
3078 3767 3409 3842 [XXXIX]
3445 3771 3601 3829 Nam

279 3856 413 3918 alio
450 3855 590 3918 loco
623 3856 700 3916 de
738 3858 922 3918 Patre
965 3857 1154 3929 dixit,
1195 3856 1371 3936 quod
1395 3857 1608 3927 mittat
1639 3855 1994 3937 Spiritum:
2027 3858 2150 3921 hoc
2185 3868 2404 3922 autem
2469 3859 2642 3932 loco,
2677 3861 2856 3940 quod
2901 3861 3039 3941 ipse
3070 3863 3332 3933 mittat,-
3367 3865 3602 3942 utique

283 3969 445 4016 sane
508 3952 949 4032 aequalitatem
1011 3952 1404 4031 significant.
1436 3954 1526 4016 'Ut
1564 3961 1783 4016 autem
1817 3972 1898 4016 ne
1935 3955 2234 4018 videatur
2284 3956 2605 4020 obluctari
2640 3958 2837 4032 Patri,
2899 3961 3088 4038 quasi
3126 3959 3208 4022 ab
3232 3960 3360 4023 alia
3439 3960 3600 4024 sub-

282 4049 518 4113 stantia
570 4050 776 4113 mittat
809 4050 1147 4128 Spiritum,
1192 4051 1473 4126 addidit,
1513 4071 1552 4111 a
1582 4051 1801 4112 Patre.
1835 4053 1993 4115 Nam
2037 4063 2099 4116 et
2143 4053 2281 4132 ipse
2314 4053 2584 4134 quidem
2635 4054 2926 4117 mittam:
2971 4056 3084 4118 sed
3119 4076 3158 4116 a
3194 4058 3413 4132 Patre,
3485 4060 3607 4121 hoc

282 4155 406 4222 est,
442 4141 841 4227 apprObante
880 4151 1060 4210 Patre
1110 4155 1175 4210 et
1208 4148 1405 4211 simul
1458 4149 1777 4213 mittente.
1837 4151 1979 4210 Non
2017 4150 2190 4212 enim
2227 4168 2309 4212 ex
2337 4150 2602 4230 proprio
2628 4153 2783 4214 sinu
2825 4153 2966 4230 ipse
3005 4153 3193 4233 prius
3230 4154 3447 4217 mitto:
3475 4156 3595 4220 sed

278 4263 313 4310 α
342 4247 528 4309 Patre
571 4263 682 4326 per
717 4262 816 4308 me
848 4245 1324 4325 suppeditatur.
1357 4248 1516 4310 Cum
1548 4251 1764 4309 autem
1801 4245 2116 4320 audieris,
2147 4249 2324 4328 quod
2389 4259 2775 4329 ἐκπορεύεται,
2810 4249 3127 4330 procedit.
3157 4269 3238 4314 ne
3275 4252 3606 4331 intelligas

281 4353 602 4422 ἀποςτολὴν
651 4353 752 4424 τὴν
789 4354 1144 4426 ὲκπὸρευσιν,
1185 4346 1550 4406 missionem
1572 4362 1696 4424 per
1723 4363 1964 4424 proccs:

1923 4346 2222 4420 ssionem,
2251 4349 2430 4426 quali
2470 4349 2866 4412 emittuntur
2908 4350 3370 4414 ministratorii
3400 4352 3603 4421 Spiri-

286 4449 441 4515 tus;
471 4441 588 4503 sed
615 4440 931 4503 naturalis
970 4440 1400 4504 subsistentia
1440 4440 1725 4519 Spiritus
1754 4451 1816 4502 et
1867 4448 2226 4518 processio.
2271 4469 2290 4504 ι

369 4538 628 4601 Latiore
681 4554 1010 4605 sermone.
1045 4555 1118 4600 ac
1150 4538 1350 4600 nimia
1385 4537 1779 4615 praeﬁdentia
1822 4537 1987 4601 hanc
2035 4544 2235 4620 agitat
2267 4545 2792 4609 controversiam
2826 4544 2892 4607 in
2924 4563 3097 4624 saepe
3133 4545 3392 4609 laudata
3465 4546 3610 4626 epi-

283 4635 449 4697 stnla
475 4633 558 4695 ad
587 4634 921 4698 Nicolaum
952 4633 1292 4696 diaconum
1332 4643 1391 4696 et
1423 4634 1863 4698 canstrisium.
1917 4639 2128 4714 Quam
2163 4641 2492 4706 infensum
2531 4650 2712 4726 gerat
2775 4642 3098 4718 animum,
3133 4643 3352 4706 statim
3389 4645 3609 4724 prodit

285 4734 414 4795 sub
443 4732 734 4795 initium.
791 4742 982 4796 Ἔστιν
1005 4736 1106 4796 οὖν
1137 4741 1201 4796 τὸ
1265 4741 1533 4810 μέγιστον
1587 4741 1769 4794 ἱκεῖνο
1796 4743 2047 4817 σφάλμα,
2084 4749 2176 4803 καὶ
2224 4748 2384 4804 τοῦτο
2410 4751 2476 4822 δὴ
2512 4751 2572 4805 τὸ
2609 4749 2705 4804 τοῦ
2739 4748 3119 4820 Σολομῶντος,
3162 4750 3293 4823 ᾅδου
3322 4750 3608 4824 πεταύρου

289 4839 481 4894 ποιοῦν
514 4841 809 4913 σῠνσντᾷν,
841 4841 875 4908 ἡ
907 4840 968 4893 ὲν
997 4839 1076 4909 τῷ
1096 4840 1200 4910 τῆς
1237 4839 1479 4905 πίστεως
1507 4838 1776 4911 Συμϐόλῳ
1801 4844 2152 4914 καινοτομία,
2188 4846 2256 4916 ἦν
2292 4847 2648 4917 ἐποιήσαντο,
2708 4849 3201 4922 ἀνακηρύττοντες
3253 4848 3319 4903 τὸ
3377 4848 3608 4918 Πνεῦμα

283 4939 352 4990 ὲκ
377 4936 474 4991 τοῦ
506 4938 725 5009 Harpe;
763 4939 867 4992 ’καὶ
921 4940 985 4992 ἐκ
1005 4938 1103 4991 τοῦ
1144 4939 1278 4992 Υἱοῦ
1315 4939 1747 5011 ἐκπορεύεσθαι.
1803 4954 1832 4989 α
1871 4933 1966 4994 Ma

1929 4934 2197 4997 eximus
2232 4934 2436 5015 igitur
2467 4937 2579 4998 ille
2650 4954 2857 5010 error,
2921 4933 3175 5019 quique
3205 4936 3394 5016 juxta
3431 4938 3612 5000 Salo-

287 5025 505 5092 monis
539 5027 808 5098 dictum,
841 5027 908 5089 in
933 5026 1194 5090 inferni'
1219 5031 1530 5109 laqueum
1568 5029 1906 5092 incurrere
1941 5029 2115 5101 facit,
2159 5040 2258 5095 est
2309 5033 2646 5096 innovatio
2696 5052 2889 5115 quam
2927 5035 2990 5096 in
3031 5033 3416 5114 Symbolum
3454 5036 3608 5098 ﬁdei

285 5121 719 5196 induxerunt,
746 5120 1186 5198 enuntiantes,
1225 5125 1533 5204 Spiritum
1585 5134 1879 5188 sanctum
1939 5144 2017 5189 ex
2089 5132 2273 5192 Patre
2341 5137 2401 5193 et
2435 5149 2510 5192 ex
2571 5132 2744 5194 Filio
2788 5133 3144 5211 procedere
3174 5179 3188 5194 .
3231 5180 3245 5193 .
3282 5179 3299 5195 .
3328 5141 3508 5196 Τοῦτο
3535 5143 3611 5214 μὴ

284 5221 630 5301 διορθώσεως
647 5229 972 5303 ἀξιούμενον
999 5232 1304 5305 συγχωρῶν
1325 5234 1748 5310 ἀσυγχώρητος,
1769 5232 1906 5294 Hoc
1940 5244 1967 5308 q

1940 5228 2054 5308 qui
2077 5244 2202 5290 non
2239 5228 2507 5309 dignum
2527 5230 2934 5294 correctione
2957 5229 3397 5304 concesserit;
3418 5231 3608 5295 venia

289 5319 630 5399 indignus.
654 5343 683 5376 υ
837 5392 848 5403 ο
953 5348 960 5353 -

375 5416 558 5478 Docti
588 5425 649 5479 et
699 5416 938 5480 eruditi
979 5421 1332 5500 caelat-equi
1393 5425 1872 5508 archiepiscOpi
1937 5426 2070 5489 hinc
2131 5426 2404 5488 minime
2441 5436 2503 5488 te
2561 5431 2902 5488 morentur
2958 5424 3152 5488 dicta.
3219 5449 3248 5482 α
3287 5428 3610 5505 Tempore

295 5528 580 5591 namque
612 5512 986 5576 schismatis
1019 5516 1327 5578 inclaruit
1390 5519 1530 5597 ipse
1591 5519 1789 5603 (quod
1830 5523 2101 5586 Michael
2147 5524 2529 5586 Cerularius
2568 5522 3074 5600 instauraverat)
3132 5525 3430 5601 adeoque
3477 5541 3610 5585 non

291 5609 491 5672 multa
523 5611 1053 5676 consideratione
1114 5615 1314 5693 digna
1347 5616 1657 5681 videntur
1690 5621 1855 5684 dicta
1892 5622 2038 5701 ejus
2076 5621 2601 5684 existimanda.»
2638 5620 2742 5682 Sic
2781 5619 2940 5681 οιὶιο
2989 5621 3612 5683 censebatJoannes

298 5707 541 5768 Beccus
604 5708 671 5769 in
703 5724 904 5787 Opere
948 5719 1167 5773 contra
1232 5713 1551 5777 Camateri
1603 5717 2125 5793 observationes,
2189 5721 2300 5783 ubi
2367 5719 2671 5798 superior
2722 5717 3073 5779 adducitur
3133 5717 3610 5799 Thcoiibylacti

294 5799 476 5866 locus
525 5805 600 5868 ad
635 5814 933 5886 caputxv
966 5809 1260 5884 Joannis,
1298 5817 1477 5875 torno
1513 5815 1569 5875 ll
1621 5815 1796 5893 apud
1840 5816 2154 5880 Allatium
2219 5818 2291 5880 in
2320 5817 2569 5881 Gracia
2615 5813 2978 5877 orthodoxa
3015 5831 3157 5894 pag.
3195 5817 3337 5878 519.
3396 5824 3609 5896 Argu-

301 5907 514 5966 menta
549 5922 695 5985 qua:
755 5904 998 5986 profert
1055 5923 1288 5972 novam
1324 5911 1402 5974 ad
1453 5911 1759 5978 incudem
1801 5914 2100 5997 redigere
2169 5915 2450 5996 pretium
2490 5931 2707 5995 Opera)
2744 5911 2968 5987 inerit,
3005 5914 3341 5992 Oppositus
3409 5913 3608 5978 ctiam
