4262 6432
719 407 800 473 .8
1573 406 1799 477 BERN.
1839 404 2108 471 MAR”!
2148 411 2245 471 DE
2284 404 2573 473 RUBEIS
2610 402 3118 471 DISSERTATIO
3903 398 3977 466 δι

725 518 908 581 Becci
942 517 1355 579 refutationes
1408 515 1740 589 adhibere,
1783 534 1927 595 qua
1966 518 2279 579 habentur
2334 516 2399 577 in
2440 516 2728 579 oratione
2772 515 2860 575 De
2898 515 3131 575 unione
3180 510 3613 571 Ecclesiarum
3644 505 3811 581 apud
3859 508 3976 569 Al-

733 616 957 678 latium
1032 621 1205 676 tomo
1268 614 1318 688 Ι,
1399 630 1543 692 pag.
1607 612 1753 683 215,
1827 615 2215 691 easdemque
2274 628 2388 688 pro
2451 612 2623 677 virili
2680 606 3361 673 animadversionibus
3439 602 3683 667 nostris
3742 604 3973 667 conﬂrv

727 728 921 773 mare.

802 808 903 869 75.
926 806 1489 885 (i)Argumentum
1515 807 1826 884 primum:
1848 806 2032 867 Iesus
2066 804 2355 867 Christus
2389 791 2568 863 docet
2600 801 2673 864 de
2705 810 2970 881 cognato
2994 802 3119 864 sibi
3147 798 3425 879 Spiritu,
3452 812 3529 856 ea:
3557 810 3703 873 quo,
3743 802 3802 854 et
3826 811 3973 873 quo-

722 902 904 963 modo
940 918 1070 960 esse
1099 899 1356 962 habeat:
1391 910 1449 961 et
1484 904 1598 975 ait,
1624 901 1793 982 quod
1814 899 2105 979 procedit
2129 920 2168 961 a
2196 900 2411 962 Patre.
2445 898 2519 960 Si
2550 899 2736 958 etiam
2763 918 2801 957 a
2832 898 2884 959 F
2888 898 3000 959 ilio
3027 895 3346 978 procedit,
3380 890 3533 972 quid
3557 887 3808 951 vetabat
3839 907 3983 949 eum

719 995 946 1069 dicere,
971 1000 1127 1074 quia
1151 994 1337 1057 Patre
1352 1006 1405 1055 et
1421 996 1859 1076 ameprocedit
1876 998 1904 1055 i’
1921 996 2219 1058 Hincsibi
2242 996 2501 1057 videtur
2520 994 2991 1073 colligendum:
3016 990 3355 1072 procedere
3371 988 3686 1068 Spiritum
3707 998 3774 1050 tu
3815 994 3981 1065 μόνον

716 1092 811 1147 τοῦ
842 1094 1076 1162 natm.
1101 1112 1179 1153 ea:
1211 1093 1343 1152 solo
1373 1092 1581 1153 Patre.
1619 1092 1799 1153 Becci
1830 1091 1970 1153 loco
2003 1092 2189 1154 citato
2219 1091 2515 1153 refutatio
2535 1098 2629 1151 est
2669 1092 2977 1152 num.69:
3010 1112 3039 1148 α
3080 1090 3221 1151 Non
3250 1087 3370 1149 alia
3395 1088 3640 1149 ratione
3673 1084 3967 1155 Latinus,

718 1188 925 1251 eidem
964 1191 1241 1254 reddens
1273 1189 1465 1249 verba
1504 1204 1642 1259 sua,
1667 1186 1869 1269 dicet:
1905 1186 1968 1247 Si
2006 1206 2085 1249 ea:
2115 1186 2247 1248 solo
2280 1184 2471 1247 Patre
2492 1184 3108 1264 proceditSpiritus,
3150 1184 3310 1260 quid
3354 1183 3825 1261 impedimento
3857 1176 3986 1240 fuit

717 1286 969 1348 Christo
1035 1305 1115 1350 ne
1159 1286 1421 1357 diceret,
1455 1282 1581 1360 Qui
1611 1302 1691 1344 ea:
1719 1285 1852 1344 solo
1880 1284 2073 1345 Patre
2126 1282 2461 1363 procedit?
2486 1285 2557 1343 Et
2587 1299 2734 1344 cum
2779 1279 3357 1359 (Theophylactusl
3394 1280 3740 1357 exprobrat
3792 1274 3980 1347 Italo,

718 1384 986 1460 vestigia
1027 1380 1285 1452 Christi,
1338 1396 1690 1457 pauperum
1731 1379 2159 1455 evangelista,
2204 1395 2331 1439 non
2381 1383 2566 1458 sequi
2604 1381 2778 1455 quod
2812 1378 3229 1454 superaddat,
3264 1390 3327 1439 et
3360 1393 3441 1437 ea:
3484 1375 3690 1449 Filio,
3734 1371 3978 1435 iisdem

718 1486 777 1539 et
804 1478 938 1554 ipse
995 1474 1611 1554 exprobrationibus
1669 1474 1994 1536 obnoxius
2048 1476 2194 1548 erit,
2228 1476 2404 1555 quod
2437 1473 2851 1551 superaddat,
2887 1491 2968 1533 ea:
3007 1472 3169 1533 solo.
3200 1494 3229 1529 ι

795 1574 997 1633 Tenet
1041 1589 1114 1634 ac
1144 1574 1327 1633 docet
1366 1571 1644 1636 Romana
1676 1580 1736 1631 et
1772 1570 1990 1632 Latina
2031 1572 2333 1646 Ecclesia,
2366 1572 2674 1651 Spiritum
2724 1578 3019 1633 sanctum
3085 1587 3165 1633 ex
3223 1576 3504 1651 utroque
3560 1569 3915 1646 procedere
3955 1585 3973 1629 :

714 1676 849 1729 tum
896 1668 1053 1747 quia
1106 1691 1134 1725 α
1170 1665 1548 1746 regulariter
1603 1667 1954 1729 tenendum
1994 1674 2087 1729 est
2120 1668 2360 1747 (verbis
2399 1676 2544 1730 utor
2581 1667 2783 1729 sancti
2818 1666 3082 1728 Thoma
3147 1683 3207 1745 p.
3239 1684 3261 1725 ι
3302 1684 3418 1746 qu.
3464 1682 3684 1735 xxxvs,
3717 1671 3835 1726 art.
3870 1665 3973 1736 11,

713 1764 788 1825 ad
827 1764 907 1842 1),
942 1764 1007 1824 in
1033 1780 1208 1826 sacra
1263 1764 1609 1839 Scriptura,
1641 1762 1813 1842 quod
1855 1763 1917 1823 id
1952 1763 2123 1842 quod
2163 1764 2241 1825 de
2266 1768 2444 1827 Patre
2479 1765 2733 1837 dicitur,
2768 1765 3113 1842 Oportetde
3158 1764 3330 1826 Filio
3369 1761 3674 1841 intelligi,
3716 1762 3973 1823 etiamsi

713 1856 913 1917 dictio
963 1856 1293 1920 exclusiva
1342 1854 1636 1928 addatur,
1691 1854 1819 1915 nisi
1852 1855 2065 1917 solum
2109 1854 2174 1916 in
2223 1856 2357 1919 illis
2429 1862 2495 1921 in
2560 1861 2805 1941 quibus
2868 1861 3053 1922 Pater
3082 1866 3143 1921 et
3180 1858 3394 1922 Filius
3464 1857 3827 1923 secundum
3862 1873 3978 1935 0p-

714 1952 957 2029 positas
979 1950 1323 2013 relationes
1344 1951 1855 2028 distinguuntur.
1884 1953 2042 2013 Cum
2080 1955 2255 2015 enim
2282 1955 2599 2018 Dominus
2638 1956 2917 2019 Matthai
2940 1974 3005 2017 xi
3042 1955 3199 2018 dicit
3229 1974 3243 2011 :
3285 1954 3476 2018 Nemo
3516 1954 3694 2015 novit
3715 1953 3985 2026 Filium,

712 2048 839 2108 nis‘i
867 2048 1081 2120 Pater,
1129 2064 1258 2111 non
1311 2047 1707 2121 excluditur,
1740 2048 1901 2128 quin
1944 2048 2158 2111 Filius
2193 2051 2483 2130 seipsum
2537 2064 2904 2133 cognoscat.
2945 2053 3050 2115 Sic
3080 2053 3283 2133 igitur
3315 2068 3459 2113 cum
3504 2050 3765 2124 dicitur,
3802 2049 3980 2129 quod

713 2145 990 2221 Spiritus
1030 2152 1287 2205 sanctus
1328 2160 1361 2205 a
1393 2146 1574 2205 Patre
1609 2146 1933 2223 procedit;
1994 2146 2245 2209 etiamsi
2306 2149 2678 2223 adderetur,
2732 2150 2912 2230 quod
2944 2167 2980 2213 a
3030 2148 3172 2212 solo
3234 2152 3416 2211 Patre
3458 2147 3792 2227 procedit,
3846 2162 3980 2209 non

714 2240 1085 2303 excluditur
1139 2241 1290 2303 inde
1350 2242 1579 2305 Filius.
1644 2242 1809 2316 Quia
1850 2251 2163 2321 quantum
2205 2244 2282 2305 ad
2316 2244 2463 2319 hoc,
2502 2247 2677 2325 quod
2713 2254 2811 2307 est
2849 2263 2995 2308 esse
3022 2245 3415 2325 principium
3442 2244 3725 2322 Spiritus
3763 2242 3978 2305 sancti

715 2354 842 2400 non
878 2347 1298 2418 Opponuntur
1322 2340 1503 2401 Pater
1532 2337 1861 2401 etFilius:
1916 2340 2025 2402 sed
2064 2340 2275 2402 solum
2313 2350 2627 2418 quantum
2687 2343 2763 2405 ad
2794 2342 2940 2417 hoc,
2974 2342 3149 2422 quod
3216 2341 3320 2403 hic
3378 2350 3477 2401 est
3530 2342 3716 2402 Pater
3765 2349 3825 2401 et
3867 2338 3985 2401 ille

713 2422 987 2497 Filius.»
1056 2438 1219 2496 Tum
1260 2436 1412 2513 quia
1449 2435 1689 2496 divinis
1732 2434 1799 2497 in
1847 2436 2130 2515 eloquiis
2178 2437 2399 2501 insunt
2446 2440 2641 2501 verba
2686 2456 2833 2516 qua
2871 2438 3273 2517 processioni
3330 2454 3409 2497 ex
3470 2436 3666 2509 Filio,
3700 2445 3809 2497 aut
3864 2452 3988 2515 per

715 2532 976 2598 Filium,
1010 2531 1277 2593 omnino
1326 2530 1772 2608 aquipollcnt.
1826 2532 2256 2609 Frequentius
2292 2551 2563 2613 persona
2608 2535 2893 2615 Spiritus
2950 2534 3153 2596 sancti
3201 2533 3442 2595 dicitur
3471 2533 3761 2612 Spiritus
3792 2531 3983 2601 Filii,

715 2636 777 2689 et
806 2627 1047 2689 Christi
1116 2627 1368 2687 Domini
1395 2628 1708 2705 Spiritus,
1735 2634 1798 2687 et
1832 2627 2116 2704 Spiritus
2164 2630 2479 2699 veritatis,
2516 2647 2664 2708 qua
2703 2630 2999 2693 Christus
3034 2640 3131 2691 est
3162 2649 3176 2687 :
3204 2630 3432 2708 utique
3461 2644 3538 2691 eo
3577 2645 3805 2701 sensu,
3843 2644 3979 2706 quo

714 2724 906 2785 etiam
954 2731 1220 2785 vocatur
1249 2723 1534 2802 Spiritus
1571 2723 1815 2784 Patris.
1855 2724 1953 2785 Ait
1994 2724 2188 2785 etiam
2250 2725 2389 2802 ipse
2444 2726 2765 2789 Dominus
2817 2727 2897 2787 de
2928 2725 3175 2803 Spiritu
3213 2742 3372 2787 suo:
3410 2720 3579 2800 Quia
3606 2722 3680 2783 de
3708 2743 3838 2784 meo
3868 2743 3983 2785 ac-

713 2821 927 2888 cipiet.
961 2820 1088 2882 Cur
1114 2821 1305 2881 vero?
1333 2820 1698 2897 Propterea,
1734 2819 1883 2897 quia
1913 2822 2121 2881 omnia
2148 2837 2521 2902 quacunque
2552 2822 2731 2887 habet
2768 2822 2986 2893 Pater,
3016 2842 3149 2881 mea
3178 2830 3351 2883 sunt.
3423 2824 3585 2884 Sunt
3617 2836 3771 2883 vero
3801 2818 3988 2884 Chri-

720 2916 796 2973 sti
828 2918 1166 2989 sapientia,
1202 2918 1506 2995 potentia,
1543 2915 1874 2988 divinitas,
1909 2933 1981 2988 ac
2011 2925 2237 2979 catera
2286 2935 2693 2998 quacunque
2752 2918 3048 2980 absoluta
3088 2916 3394 2979 attributa
3417 2964 3433 2990 ,
3468 2933 3615 2996 qua
3646 2918 3829 2978 Pater
3861 2915 3982 2976 ha-

714 3009 843 3074 bet.
885 3011 1032 3076 Haec
1068 3012 1289 3074 eadem
1317 3011 1459 3073 sine
1492 3011 1692 3074 dubio
1730 3012 2009 3089 Spiritus
2033 3022 2293 3076 sanctus
2324 3015 2513 3077 habet
2544 3032 2579 3077 a
2612 3019 2817 3088 Patre,
2843 3014 3254 3093 procedendo
3287 3014 3365 3075 ab
3396 3014 3534 3091 ipso
3564 3031 3581 3071 :
3616 3012 3727 3074 sed
3754 3011 3983 3073 eadem

713 3108 941 3187 accipit
990 3108 1178 3170 etiam
1236 3123 1268 3169 a
1299 3108 1491 3179 Filio,
1526 3123 1650 3170 non
1685 3107 1813 3169 alio
1871 3116 2039 3169 certe
2070 3109 2283 3179 mcdo,
2319 3110 2439 3173 nisi
2496 3112 2639 3189 ejus
2690 3109 3109 3191 processione
3160 3112 3238 3171 ab
3288 3109 3438 3171 isto.
3503 3112 3633 3172 Nos
3695 3107 3986 3186 denique

712 3206 916 3269 Filius
956 3205 1179 3267 docet:
1213 3203 1608 3266 Paraclitum
1636 3205 1872 3283 ipsum.
1905 3206 2015 3284 qui
2050 3207 2400 3283 procedita
2436 3206 2651 3281 Patre,
2682 3209 2853 3269 mitti
2888 3225 3033 3276 ase,
3067 3216 3125 3267 et
3163 3207 3335 3269 mitti
3365 3226 3404 3267 a
3461 3206 3676 3267 Patre.
3710 3205 3858 3280 Quo
3892 3205 3983 3281 fit,

712 3320 840 3367 non
868 3302 1007 3364 sine
1045 3312 1278 3362 (eterna
1295 3302 1697 3381 processione
1737 3300 2009 3381 intelligi
2056 3318 2245 3380 posse
2273 3305 2675 3365 missionem:
2715 3322 2859 3383 qua
2883 3303 3207 3383 processio
3245 3290 3519 3377 dicitur,
3553 3309 3874 3381 quatenus
3908 3299 3989 3361 ab

713 3405 991 3478 utroque
1050 3398 1328 3474 Spiritus
1386 3396 1638 3474 accipit,
1664 3396 1831 3475 quod
1858 3399 1964 3470 sit,
1993 3406 2069 3471 ,et
2103 3399 2278 3477 quod
2342 3399 2567 3460 valeat
2599 3399 2855 3477 operari
2910 3398 2987 3460 ad
3024 3405 3199 3459 extra
3262 3414 3279 3454 :
3348 3397 3716 3476 diciturque
3766 3394 3986 3457 missio

716 3494 962 3555 ratione
996 3493 1371 3565 efﬁcientia,
1407 3510 1549 3572 qua
1592 3494 1657 3554 fit
1713 3494 1779 3553 in
1842 3501 2152 3573 tempore.
2181 3496 2329 3556 Hac
2384 3495 2743 3575 theologica
2814 3501 2875 3557 et
2944 3493 3301 3558 Christiana
3360 3493 3660 3573 dogmata
3711 3490 3985 3555 uberius

715 3588 877 3652 infra
933 3596 1373 3666 exponentur.

795 3709 961 3786 [XL]
996 3708 1103 3788 (2.)
1134 3707 1307 3769 idem
1362 3726 1443 3769 ea:
1475 3708 1734 3771 silentio
1764 3709 2253 3788 Scripturarum
2278 3709 2565 3789 petitum,
2611 3716 2794 3788 urget
2824 3714 3283 3787 argumentum
3344 3702 3870 3783 Theopbylactus
3914 3701 3982 3765 in

709 3804 1175 3868 commentario
1208 3805 1282 3866 ad
1314 3805 1578 3866 Joannis
1612 3815 1800 3885 caput
1831 3824 1926 3880 ιιι,
1964 3815 2023 3867 et
2055 3812 2331 3868 alterum
2368 3808 2555 3870 etiam
2586 3807 2803 3869 addit:
2837 3829 2866 3862 ι
2897 3823 3042 3868 esse
3074 3822 3143 3866 ex
3195 3803 3385 3877 Filio,
3424 3802 3761 3883 inquiens,
3802 3799 3984 3863 nulla

715 3902 1035 3983 Scriptura
1095 3908 1364 3962 testatur
1400 3922 1416 3961 :
1451 3919 1528 3962 ne
1564 3902 1694 3963 duo
1732 3902 2040 3981 principia
2080 3904 2359 3980 Spiritus
2402 3904 2911 3975 introducamus,
2950 3906 3198 3963 Patrem
3237 3912 3298 3963 et
3336 3900 3598 3963 Filium.
3634 3923 3666 3959 ι
3704 3902 3791 3960 De
3819 3898 3988 3960 Scri-

711 4012 1049 4077 pturarum
1093 3998 1353 4059 silentio
1385 4000 1505 4077 iam
1547 3999 1725 4059 satis.
1756 3998 1847 4061 Ne
1890 3998 2013 4059 duo
2070 4001 2402 4080 principia
2462 4002 2750 4081 Spiritus
2808 3999 3311 4066 introducamus,
3373 3996 3619 4077 inquis.
3675 3996 3986 4075 Trepide:

706 4113 968 4175 nempe,
996 4096 1105 4156 ubi
1136 4094 1357 4156 nullus
1397 4096 1683 4157 timorum
1713 4096 1858 4175 quia
1909 4105 2219 4174 quantum
2260 4099 2334 4158 ad
2367 4096 2507 4167 hor,
2564 4095 2740 4173 quod
2775 4102 2870 4155 est
2920 4110 3063 4154 esse
3098 4092 3491 4170 principium
3527 4090 3809 4168 Spiritus
3840 4105 3983 4151 sane

706 4192 786 4254 cti
819 4195 910 4269 (ut
936 4192 1140 4253 aiebat
1177 4192 1488 4270 Aquinas,
1523 4192 1993 4271 Scripturarum
2026 4195 2401 4256 auctoritate
2437 4199 2498 4253 et
2541 4194 2793 4252 Patrum
2833 4188 3238 4251 documentis
3275 4188 3595 4266 edoctus),
3628 4202 3753 4247 non
3782 4200 3988 4264 oppo-

706 4299 951 4349 nuntur
984 4290 1162 4349 Pater
1188 4297 1248 4348 et
1274 4288 1479 4350 Filius
1510 4310 1525 4351 :
1552 4289 1661 4349 sed
1694 4298 2008 4369 quantum
2034 4292 2111 4350 ad
2134 4290 2276 4357 hoc,
2312 4291 2485 4367 quod
2519 4289 2621 4349 hic
2654 4298 2747 4349 est
2777 4290 2985 4361 Pater,
3014 4294 3075 4348 et
3111 4286 3222 4347 ille
3250 4284 3531 4358 Filius;»
3568 4283 3742 4346 unde
3780 4282 3978 4361 priori

704 4386 766 4445 in
810 4385 1061 4448 ratione
1110 4401 1312 4446 unum
1370 4395 1523 4447 sunt
1564 4402 1634 4447 ac
1679 4386 1878 4459 idem,
1909 4388 2041 4449 duo
2104 4399 2442 4465 supposna
2487 4394 2545 4447 et
2584 4401 2783 4446 unum
2850 4383 3269 4460 principium.
3307 4382 3400 4442 Ad
3441 4398 3571 4442 rem
3614 4379 3761 4441 facit
3790 4377 3980 4441 Becci

704 4482 1181 4546 animadversio
1214 4482 1286 4542 ad
1320 4481 1498 4543 illum
1536 4483 1742 4560 ipsius
1774 4484 2235 4568 Theophylacti
2271 4484 2479 4544 locum
2552 4482 2613 4543 in
2661 4489 2851 4558 caput
2906 4497 2989 4541 xv
3014 4479 3305 4550 Joannis,
3368 4478 3478 4538 ubi
3528 4475 3846 4554 Bulgaria
3874 4491 3984 4536 ar-

702 4578 1157 4656 chiepisc0pus
1190 4577 1406 4637 docet:
1445 4579 1696 4638 Patrem
1721 4580 1969 4640 mittere
1994 4581 2311 4658 Spiritum
2343 4587 2651 4650 sanctum,
2686 4586 2743 4636 et
2786 4577 2949 4636 hunc
2981 4576 3168 4636 etiam
3204 4594 3241 4633 a
3274 4574 3443 4635 Filio
3476 4574 3670 4645 mitti,
3698 4580 3975 4650 propter

701 4670 894 4731 istius
947 4667 1363 4747 aquatitatem
1400 4686 1544 4746 erga
1599 4669 1881 4731 Patrem.
1938 4670 2046 4730 «Si
2073 4688 2152 4729 ea:
2176 4671 2368 4729 Patre
2395 4682 2450 4733 et
2484 4672 2655 4733 Filio
2706 4672 2994 4731 mittitur
3052 4670 3326 4748 Spiritus
3381 4676 3642 4730 sanctus
3699 4667 3984 4747 (reponit

704 4764 991 4845 Beccus),
1012 4772 1282 4847 propter
1305 4765 1722 4843 aquatitatem
1743 4765 1902 4826 Filii
1931 4784 2078 4844 erga
2094 4764 2384 4837 Patrem;
2418 4786 2547 4831 non
2573 4770 2664 4831 uti
2690 4788 2769 4829 ea:
2801 4767 3044 4842 duobus
3063 4767 3352 4838 mittitur,
3371 4783 3495 4846 qua
3528 4764 3703 4827 enim
3728 4764 3978 4827 ratione

702 4868 869 4924 esset
900 4878 1067 4951 unus
1087 4860 1490 4930 etindivisus,
1510 4860 1563 4922 si
1599 4878 1724 4923 non
1761 4862 1959 4923 veluti
1987 4881 2067 4923 ex
2095 4881 2224 4923 una
2248 4882 2437 4925 causa
2468 4865 2940 4940 missionis,sed
2982 4861 3076 4925 vel
3088 4863 3178 4925 uti
3210 4882 3293 4923 ea:
3322 4861 3564 4924 duabus
3597 4862 3805 4922 causis
3832 4862 3988 4921 mis-

702 4959 927 5030 sionis,
964 4957 1165 5019 Patris
1198 4965 1259 5017 et
1294 4957 1468 5029 Filii,
1505 4955 1916 5019 mitteretur?
1981 4960 2117 5021 Pari
2151 4976 2418 5040 quoque
2471 4963 2745 5037 ratione,
2807 4959 3185 5022 naturaliter
3218 4968 3280 5021 et
3317 4958 3757 5021 essentialiter
3789 4958 3971 5019 exsi-

700 5065 869 5116 stens
894 5073 973 5115 ea:
1018 5056 1209 5115 Patre
1242 5063 1299 5114 et
1322 5055 1513 5128 Filio,
1552 5071 1678 5117 non
1707 5056 1797 5116 uti
1828 5075 1907 5117 ea:
1955 5056 2224 5131 duobus,
2283 5058 2397 5120 sed
2433 5062 2522 5121 uti
2560 5080 2640 5123 ea:
2673 5078 2797 5121 uno
2843 5058 3001 5131 Deo,
3042 5058 3417 5119 naturaliter
3446 5064 3507 5118 et
3540 5054 3980 5119 essentialiter

702 5152 976 5214 exsistit.
1017 5175 1044 5206 ι

783 5264 1038 5343 (3.)Sed
1065 5268 1378 5345 scriptum
1409 5276 1499 5327 est
1526 5264 1741 5346 (verba
1788 5277 1935 5329 sunt
1973 5271 2035 5330 in
2076 5271 2346 5349 epistola
2383 5271 2457 5332 al
2503 5273 2833 5335 Nicolaum
2890 5266 3279 5341 diaconum)
3316 5290 3332 5331 :
3366 5267 3657 5347 Spiritus
3711 5266 3872 5329 Filii
3920 5275 3987 5328 et

698 5367 981 5446 Spiritus
1029 5363 1293 5426 Christi.
1330 5363 1416 5424 Et
1472 5383 1582 5444 ego
1634 5364 1931 5427 concedo.
2018 5366 2541 5446 Quandoquidem
2588 5380 2645 5431 et
2680 5372 2967 5448 Spiritus
3009 5368 3327 5437 veritatis,
3368 5375 3425 5426 et
3481 5364 3772 5443 Spiritus
3836 5364 3986 5427 citas

704 5474 817 5523 est.
860 5460 1125 5529 Addam,
1163 5472 1219 5519 et
1258 5462 1608 5540 sapientia,
1645 5472 1700 5523 et
1729 5463 2161 5542 fortitudinis.
2210 5466 2288 5526 At
2318 5484 2469 5533 non,
2536 5468 2709 5546 quod
2753 5466 2957 5530 veluti
3002 5486 3081 5529 ea:
3150 5484 3218 5525 eo
3264 5465 3584 5543 provenit,
3638 5468 3697 5536 ἐξ
3758 5471 3983 5526 txetvou

703 5571 931 5641 πριιῖὼν,
979 5559 1088 5621 sed
1116 5557 1284 5640 quod
1303 5562 1618 5639 proprius
1658 5564 1836 5624 illius
1881 5573 1971 5623 est
2013 5564 2341 5643 (cognatus
2372 5565 2535 5625 enim
2594 5574 2707 5637 est,
2738 5584 2867 5626 non
2891 5564 3284 5635 extraneas},
3328 5563 3397 5621 in
3434 5580 3497 5620 eo
3558 5560 3980 5639 conquiescit.

703 5667 790 5723 Ac
815 5664 1000 5721 etiam
1034 5661 1183 5739 quia
1236 5659 1311 5719 ab
1346 5661 1483 5739 ipso
1510 5659 1594 5722 ad
1629 5681 1727 5721 eos
1770 5664 1878 5741 qui
1909 5662 2089 5742 digni
2118 5674 2287 5735 sunt,
2322 5662 2626 5734 mittitur,
2657 5664 2862 5741 eisque
2890 5661 3318 5724 distribuitur
3352 5668 3407 5719 et
3438 5657 3631 5717 datur

790 5784 817 5816 α
852 5759 1003 5820 Mihi
1032 5758 1303 5831 videtur,
1346 5759 1434 5819 ait
1464 5760 1727 5832 Beccus',
1758 5759 1821 5820 in
1864 5777 2003 5823 eam
2036 5761 2423 5822 sententiam
2482 5760 2810 5840 accepisse
2871 5758 3425 5839 TbeOphylaclum
3472 5756 3630 5817 illud
3683 5764 3779 5834 οὐχ
3808 5764 3883 5827 ὡς
3916 5763 3984 5832 ιε

700 5868 913 5922 txetvou
948 5864 1173 5930 προῖὼν,
1232 5876 1361 5919 non
1411 5856 1609 5920 veluti
1669 5877 1747 5919 ea:
1776 5876 1841 5918 eo
1905 5862 2324 5927 m'oveniens;
2376 5877 2383 5917 ι

2308 5880 2324 5927 ;
2376 5874 2447 5921 ac
2517 5857 2573 5922 si
2627 5858 2925 5931 dixisset,
2958 5868 3058 5933 οὐχ
3098 5869 3177 5929 ὡς
3221 5865 3280 5932 ἐξ
3334 5864 3547 5919 ἐκεῖνον
3601 5860 3978 5936 ἐκπορευόμε-
