4262 6432
235 416 326 480 .85
1115 406 1216 466 DE
1249 398 1846 465 THEOPHYLACTI
1887 397 2166 459 GESTIS
2208 399 2305 459 ET
2344 399 2719 461 SCRIPTIS.
3465 394 3604 457 .86'

250 553 366 597 νον,
406 541 530 583 non
583 519 779 582 veluti
833 537 914 580 ex
975 535 1042 577 eo
1080 512 1458 595 procedens.
1520 513 1655 574 [Ioc
1706 510 1884 572 enim
1960 509 2115 571 satis
2153 509 2739 581 intlicatinductio,
2772 508 2834 569 in
2903 526 3027 586 qua
3079 512 3201 568 ait:
3261 507 3376 566 sed
3417 513 3566 564 tan-

247 642 435 707 quam
491 621 601 701 qui
641 617 718 679 ab
776 618 916 697 ipso
973 613 1192 694 dignis
1221 613 1530 683 mittitur,
1564 607 2023 707 suppeditatur
2052 616 2108 668 et
2141 605 3074 707 communicatur-rhmeenim
3090 602 3312 707 omnia
3344 617 3376 662 a
3400 617 3567 707 pro-

249 697 726 798 cedente—(juxta
757 710 1350 793 TheOphylaclum)
1375 703 2316 786 distinguuntur...Quomodo
2333 718 2489 782 ergo
2517 702 2750 782 poterit
2776 701 3095 798 Bulgarus
3118 697 3294 798 Italis
3325 703 3584 759 contra-

247 819 463 880 dicere
495 794 967 882 asserentibus,
1000 806 1309 886 Spiritum
1340 804 1697 883 procedere
1729 820 1810 864 ex
1827 799 2018 870 Filio,
2050 799 2104 860 si
2141 815 2262 861 nos
2301 798 2814 872 ostenderimus,
2843 798 3014 859 inter
3039 794 3388 872 theologos
3412 806 3575 868 prm-

251 913 486 990 cipuos
510 917 572 971 et
603 903 1066 970 celeberrimos
1094 910 1318 982 aperte
1350 911 1410 964 et
1438 900 1648 980 palam
1699 896 2084 968 asseverari,
2142 895 2478 975 Spiritum
2511 898 2856 975 provenire
2893 915 2976 956 ea:
3007 895 3208 963 Filio,
3237 903 3300 955 τὸ
3328 897 3559 968 Πνεῦμα

251 1012 465 1083 προϊὼν
496 1008 557 1075 te
593 1006 766 1061 Υιοῦτ
801 1001 1255 1062 Verumtamen
1303 994 1624 1073 Spiritum
1677 993 2019 1071 provenire
2059 1013 2098 1055 a
2145 993 2344 1067 Filio,
2379 995 2538 1056 satis
2572 1011 2605 1056 a
2653 1012 2758 1056 me
2832 1002 3019 1055 antea
3052 993 3574 1053 demonstratum

259 1101 350 1178 (in
401 1099 698 1162 oratione
732 1100 816 1160 De
857 1098 1094 1158 unione
1130 1092 1586 1162 Ecclesiarum,
1619 1089 1684 1151 in
1714 1089 2139 1170 Epigrophis,
2167 1091 2459 1171 etalibi.)
2599 1091 2881 1166 Quidam
2926 1090 3103 1152 enim
3150 1106 3228 1150 ex
3279 1085 3578 1148 Patribus

251 1195 588 1274 inquiunt,
638 1214 678 1255 a
741 1194 907 1256 Filio
936 1188 1165 1254 habere
1199 1207 1329 1249 esse
1350 1187 1671 1265 Spiritum
1696 1231 1710 1247 .
1745 1231 1760 1246 .
1798 1228 1812 1240 .
1839 1185 2029 1258 alius,
2067 1206 2147 1248 ea:
2179 1189 2352 1249 Filio
2387 1207 2513 1248 esse
2547 1209 2567 1248 :
2614 1187 2727 1248 ille
2763 1203 2943 1261 vero,
2989 1205 3069 1247 ea:
3109 1182 3280 1246 Filio
3312 1191 3582 1242 natura-

255 1291 408 1353 liter
437 1302 495 1352 et
515 1288 944 1353 essentialiter
958 1284 1407 1356 esse:etalins,
1432 1301 1612 1344 suam
1639 1283 2033 1363 hypostasim
2049 1283 2274 1345 habere
2307 1304 2390 1344 ex
2423 1287 2696 1346 essentia
2717 1286 2879 1345 Filii
2895 1306 2911 1350 :
2938 1299 3251 1362 quorum,
3283 1281 3578 1358 inquam,

255 1387 607 1450 verborum
635 1386 876 1449 nullam
899 1376 1039 1462 ipse
1065 1369 1649 1461 [Theophylactus]
1681 1379 2078 1445 mentionem
2102 1378 2274 1440 facit.
2302 1403 2330 1436 η
2357 1381 2508 1442 Haec
2538 1380 2721 1442 Becci
2743 1379 3422 1442 refutationissumma
3457 1383 3579 1438 est.

339 1483 452 1562 (ὃ.)
501 1485 680 1546 Hanc
722 1499 905 1545 suam
962 1482 1082 1542 hoc
1115 1481 1260 1542 loco
1292 1477 1611 1547 traditam,
1649 1475 2102 1554 profertetiam
2137 1477 2459 1556 Bulgarus
2493 1478 2857 1539 doctrinam
2891 1478 2952 1538 in
2989 1473 3465 1538 commentario
3499 1473 3577 1532 ad

258 1587 450 1655 caput
486 1597 563 1641 ιιι
624 1579 933 1642 Joannis:
967 1577 1100 1640 Nos
1135 1574 1432 1656 (fuimus,
1466 1574 1804 1653 inquiens,
1832 1572 2001 1652 quod
2018 1572 2200 1635 aliud
2234 1576 2322 1636 sit
2363 1593 2494 1634 esse
2539 1595 2620 1637 ea:
2655 1576 2958 1655 quopiam
2988 1583 3045 1634 et
3071 1572 3255 1633 aliud
3290 1590 3424 1632 esse
3476 1591 3584 1630 cu-

252 1666 588 1755 jusdam...
624 1675 830 1737 Habet
872 1682 1080 1734 autem
1100 1671 1420 1750 Spiritum
1456 1671 1669 1757 Filius
1715 1669 2232 1733 substantialiter
2264 1681 2320 1731 et
2356 1671 2984 1733 consubstantialem
3011 1670 3162 1730 sibi.
3199 1670 3489 1747 Utroque
3521 1668 3583 1727 in

267 1773 409 1834 luco
437 1773 842 1834 invehuntur
882 1770 1093 1851 plura,
1147 1785 1294 1847 qua)
1330 1768 1394 1829 in
1425 1775 1640 1848 partes
1669 1767 1911 1829 tributa
1961 1767 2382 1845 diligentiore
2416 1768 2640 1829 studio
2695 1767 3115 1828 discutienda
3145 1776 3322 1827 sunt.
3402 1768 3587 1825 Invo-

262 1878 428 1932 ctam
473 1868 969 1932 distinctionem
1031 1865 1320 1946 proﬂigat
1382 1865 1642 1927 Manuel
1708 1864 1934 1927 Caleca
2000 1865 2066 1927 in
2124 1866 2284 1928 libro
2343 1877 2572 1927 contra
2618 1866 2877 1928 Graecos
2909 1866 3116 1942 capite
3167 1866 3272 1936 2'2,
3311 1864 3423 1925 ubi
3471 1863 3592 1925 hoc

265 1964 500 2043 probat
551 1966 838 2046 egregie,
897 1981 1028 2026 non
1055 1980 1246 2043 posse
1322 1963 1444 2024 ista
1477 1964 1629 2037 dici,
1656 1963 1975 2043 Spiritum
2005 1973 2295 2024 sanctum
2328 1981 2458 2022 esse
2496 1964 2655 2025 Filii
2708 1964 3054 2041 Spiritum,
3080 1962 3177 2022 vel
3247 1963 3592 2041 proprium

268 2062 453 2136 Filii,
481 2062 612 2125 nisi
643 2064 960 2142 principii
996 2067 1060 2124 et
1108 2060 1244 2140 ejus
1261 2058 1435 2138 quod
1462 2061 1678 2123 oritur
1704 2058 2113 2139 aprincipio,
2159 2057 2330 2118 inter
2360 2058 2575 2118 ambos
2621 2056 2974 2119 intercedat
3020 2057 3220 2115 ratio.

347 2183 376 2214 ι
409 2159 722 2234 Primum,
789 2161 1033 2240 inquit,
1073 2163 1224 2242 quia
1264 2166 1644 2240 ἀναφορικῶς,
1675 2157 1739 2218 id
1774 2164 1870 2219 est
1894 2155 2240 2216 secundum
2268 2155 2668 2226 relationem,
2701 2172 2777 2215 us
2796 2161 3118 2227 urpantur
3172 2153 3330 2212 ista:
3369 2160 3428 2211 at
3484 2170 3597 2212 re—

269 2253 427 2318 latio
484 2256 666 2319 nulla
715 2265 814 2318 est
864 2257 929 2320 in
952 2259 1219 2334 divinis,
1257 2259 1386 2322 nisi
1437 2257 1787 2334 exorigine
1829 2252 2050 2332 petita.
2090 2249 2366 2324 Deinde,
2401 2269 2550 2311 cum
2580 2269 2771 2310 unum
2794 2251 3065 2310 alterius
3100 2249 3255 2320 dici,
3324 2249 3424 2311 vel
3480 2250 3596 2311 hoc

265 2351 460 2432 hujus
505 2354 875 2432 proprium,
916 2354 980 2415 in
1027 2354 1267 2417 divinis
1312 2353 1576 2435 (rejecta
1619 2350 1867 2412 scilicet
1918 2349 2210 2418 materia,
2266 2357 2328 2409 et
2365 2348 2441 2408 iis
2476 2347 2732 2426 rejectis
2785 2365 2934 2424 qua:
2972 2347 3310 2408 materiam
3357 2363 3596 2409 conse-

268 2450 617 2529 quuntur),
655 2466 872 2530 neque
916 2461 1215 2530 tanquam
1241 2449 1586 2513 membrum
1655 2463 1872 2527 neque
1911 2453 1982 2508 ut
2029 2446 2370 2523 possessio,
2435 2464 2651 2525 neque
2717 2449 2973 2508 ratione
3027 2447 3307 2528 alicujus
3377 2446 3594 2506 excel-

269 2541 502 2618 lentia,
538 2551 635 2608 vel
673 2544 945 2611 alterius
975 2550 1365 2630 cujuspiam,
1398 2545 1697 2609 aliirmari
1730 2552 1926 2624 queat
1960 2563 1976 2600 :
2009 2545 2123 2605 sed
2149 2545 2402 2606 ratione
2431 2547 2567 2604 sola
2603 2547 2946 2624 principii,
2981 2556 3038 2606 et
3076 2547 3209 2627 ejus
3241 2544 3410 2623 quod
3442 2553 3532 2604 est
3565 2565 3603 2603 η

262 2643 621 2722 principio,
653 2646 717 2705 in
751 2661 884 2724 quo
922 2663 1125 2709 unum
1157 2646 1238 2708 ab
1259 2647 1462 2708 altero
1492 2641 1779 2705 discerni
1815 2642 2434 2718 comprehendimus
2465 2665 2481 2713 ;
2511 2643 2938 2723 perspicuum
2981 2652 3100 2713 ist,
3127 2660 3276 2702 cum
3317 2641 3603 2702 dicimus

265 2738 587 2816 Spiritum
624 2750 913 2802 sanctum
937 2743 1281 2822 proprium
1331 2760 1460 2802 esse
1525 2740 1709 2811 Filii,
1740 2737 1804 2800 id
1827 2738 1964 2800 sola
1989 2737 2096 2800 illa
2132 2740 2458 2818 principii
2487 2741 2746 2801 ratione
2781 2738 3345 2818 dictumintelligi
3383 2757 3598 2816 posse.

271 2836 417 2897 Non
452 2837 624 2898 enim
662 2838 901 2902 idcirco
933 2840 1017 2901 ita
1045 2839 1378 2919 loquimur
1395 2839 1571 2920 quod
1593 2837 1727 2899 sint
1760 2836 2040 2898 invicem
2077 2843 2382 2915 ὁμοοῦσιοι,
2416 2836 2481 2898 id
2515 2843 2636 2910 est,
2671 2835 2945 2918 ejusdem
2975 2837 3388 2899 substantias:
3416 2838 3600 2916 quia,

275 2930 334 2992 si
369 2949 522 2994 vera
586 2933 718 2997 haec
760 2945 936 2998 esset
965 2937 1148 3013 ratio,
1187 2953 1316 3000 non
1345 2938 1559 2998 minus
1606 2935 1820 2997 Filius
1874 2935 2000 2998 dici
2043 2943 2267 3013 posset
2325 2952 2459 2995 esse
2493 2933 2784 3015 Spiritus
2817 2936 3056 3011 sancti,
3103 2935 3202 2998 vel
3265 2935 3402 3016 ejus
3438 2953 3604 3014 pro-

274 3032 492 3109 prius,
546 3049 740 3112 quam
785 3033 888 3096 hic
942 3034 1361 3115 illius;quod
1383 3042 1480 3096 est
1517 3032 1915 3095 inauditum.
1950 3056 1981 3091 »

357 3103 586 3192 Sancti.
637 3133 850 3193 Patres
888 3103 1396 3210 Graece-lingua:
1433 3129 1650 3193 favent
1692 3103 2133 3209 apertissime.
2198 3128 2601 3192 Athanasius
2645 3130 2710 3191 in
2777 3129 3058 3208 epistola
3114 3133 3142 3190 1
3183 3129 3261 3191 ad
3300 3129 3607 3208 Serapio-

280 3243 455 3302 nem,
497 3244 677 3290 num.
699 3229 782 3292 25
804 3248 820 3287 :
845 3252 874 3286 α
897 3232 1092 3293 Porro
1112 3229 1167 3292 si
1190 3229 1427 3304 Filius,
1463 3227 1703 3309 inquit,
1723 3227 1875 3306 quia
1902 3233 1999 3290 est
2031 3245 2107 3288 ex
2126 3231 2334 3302 Patre,
2355 3227 2627 3309 prOpius
2651 3228 2893 3291 idcirco
2914 3228 3208 3308 ejusdem
3234 3229 3433 3306 [XLI]
3457 3231 3614 3290 sub-

281 3324 539 3386 stantia
570 3336 712 3388 est:
779 3342 1048 3389 necesse
1109 3333 1208 3388 est
1261 3325 1570 3389 similiter
1610 3324 1955 3405 Spiritum,
2001 3326 2112 3405 qui
2140 3344 2216 3388 ex
2266 3329 2402 3388 Deo
2453 3343 2598 3388 esse
2637 3325 2915 3401 dicitur,
2957 3324 3297 3405 proprium
3340 3343 3611 3406 quoque

282 3420 429 3482 Filii
475 3437 620 3484 esse
652 3421 1017 3484 secundum
1060 3422 1516 3486 substantiam.
1554 3445 1584 3478 »
1614 3424 1792 3484 Sicut
1818 3420 2026 3484 Filius
2057 3423 2363 3503 preprius
2403 3432 2501 3485 est
2536 3423 2740 3485 Patris
2775 3425 3142 3485 secundum
3176 3423 3610 3485 substantiam

280 3518 439 3598 quia
465 3537 544 3581 ex
577 3521 756 3582 Patre
804 3527 922 3587 est.
973 3519 1060 3582 ita
1092 3519 1367 3600 Spiritus
1402 3520 1692 3600 procedit
1725 3536 1802 3601 ex
1835 3517 2026 3594 Filio,
2059 3519 2208 3600 quia
2244 3520 2552 3601 proprius
2609 3538 2879 3600 quoque
2935 3519 3084 3582 Filii
3117 3529 3214 3581 est
3243 3522 3610 3582 secundum

284 3615 738 3678 substantiam.
794 3618 872 3679 Et
901 3618 1186 3698 Spiritus
1224 3618 1497 3698 quidem
1543 3617 1788 3679 dicitur
1810 3636 1891 3677 ex
1921 3618 2052 3679 Deo
2088 3637 2255 3680 esse:
2289 3619 2406 3680 sed
2434 3621 2619 3680 Pater
2649 3627 2709 3679 et
2741 3618 2955 3680 Filius
2994 3617 3063 3680 in
3097 3610 3466 3680 divinitatis
3511 3636 3613 3681 ra-

291 3714 475 3777 tione
530 3723 685 3777 sunt
725 3733 928 3779 unum
962 3739 977 3793 ;
1012 3715 1233 3797 itaque
1272 3716 1552 3796 Spiritus
1579 3735 1658 3780 ex
1707 3718 1890 3779 Patre
1925 3725 2048 3790 est,
2103 3705 2396 3796 itemque
2425 3735 2506 3779 ex
2542 3715 2741 3779 Filio.

377 3832 443 3893 ln
489 3830 653 3896 hanc
691 3835 1084 3897 sententiam
1126 3833 1579 3896 illustrandam
1625 3840 1801 3893 totus
1835 3839 1931 3893 est
1966 3830 2256 3910 Cyrillus
2289 3829 2809 3894 Alexandrinus.
2859 3823 3130 3894 Dec'imo
3181 3832 3244 3893 in
3293 3834 3617 3894 Joannem

292 3927 464 3992 libro
503 3947 644 4010 pag.
677 3932 823 4001 910,
853 3932 942 3992 ait
975 3954 990 3994 :
1034 3955 1063 3989 ι
1101 3934 1263 3995 Ecce
1297 3949 1442 3994 cum
1474 3929 1744 4011 (Filius)
1780 3929 2098 4009 Spiritum
2135 3928 2536 4000 veritatis,id
2570 3937 2668 3991 est
2703 3918 2927 4002 suum,
2994 3928 3398 3991 Paracletum
3436 3930 3622 4008 dixe-

294 4029 404 4100 rit,
432 4046 468 4090 a
507 4033 690 4093 Patre
720 4030 857 4110 ipse
885 4030 974 4092 ait
1011 4031 1390 4110 procedere.
1430 4032 1610 4108 Sicut
1637 4031 1815 4092 enim
1851 4028 2156 4107 prOprius
2186 4037 2285 4090 est
2323 4027 2477 4089 Filii
2514 4026 2805 4106 Spiritus
2848 4028 3258 4101 naturaliter,
3297 4029 3452 4089 etin
3481 4028 3623 4104 ipso

289 4128 648 4201 exsistens,
681 4128 941 4183 διἀὑτοῦ
973 4127 1204 4201 προῖὼν,
1251 4147 1361 4208 ρει·
1407 4129 1625 4207 ipsum
1667 4127 1972 4206 provenie

1946 4143 2065 4188 ens
2101 4125 2234 4206 (aut
2267 4124 2681 4205 procedens),
2719 4125 2802 4187 ita
2828 4125 3021 4186 etiam
3067 4125 3296 4187 Patris.
3335 4149 3361 4180 υ
3392 4127 3624 4205 Agitur

291 4225 438 4288 sine
465 4225 667 4288 dubio
707 4227 788 4288 de
833 4227 1083 4305 Spiritu
1126 4225 1512 4289 naturaliter
1550 4225 1701 4287 Filii
1735 4225 2024 4305 prOprio,
2060 4231 2124 4284 et
2160 4224 2228 4285 in
2267 4225 2412 4301 ipso
2449 4223 2810 4286 exsistenle
2850 4241 2862 4282 :
2919 4222 3219 4302 adeoque
3277 4224 3497 4302 agitur
3547 4226 3626 4288 de

293 4325 602 4396 naturali,
637 4343 708 4388 ac
750 4338 1021 4399 mterna,
1085 4334 1147 4388 et
1211 4325 1634 4389 substantiali
1676 4325 1820 4405 ejus
1881 4341 1917 4386 a
1977 4325 2160 4384 Patre
2202 4318 2625 4399 processione
2674 4339 2785 4398 per
2818 4319 3092 4381 Filium.
3145 4323 3220 4380 Et
3260 4339 3405 4400 pag.
3443 4322 3567 4383 925
3611 4345 3624 4383 :

295 4445 327 4479 ε
374 4421 656 4502 Spiritus
688 4430 953 4486 sanctus
995 4423 1178 4486 nullo
1213 4426 1408 4486 modo
1445 4423 1525 4486 ab
1554 4422 1895 4503 Unigeniti
1929 4419 2294 4484 substantia
2333 4416 2597 4481 alienus
2633 4418 3064 4497 intelligitur.
3100 4418 3224 4480 Sed
3280 4409 3500 4489 ’πρόεισι
3528 4437 3630 4488 φυ-

301 4519 476 4584 σικῶς
502 4520 564 4585 ἐξ
590 4520 789 4592 αὐτῆς.
825 4539 900 4585 ex
939 4539 1014 4585 ea
1049 4522 1440 4584 naturaliter
1472 4524 1777 4602 provenit
1810 4522 1916 4601 (ex
1965 4538 1984 4583 ε

1965 4537 2066 4592 ea,
2143 4518 2390 4598 inquit,
2447 4517 2791 4591 Unigeniti
2846 4517 3259 4578 substantia:
3304 4520 3479 4596 quod
3534 4525 3632 4583 est

296 4619 476 4681 idem
513 4628 710 4698 atque
742 4637 827 4680 ex
855 4618 1002 4699 ipso
1037 4619 1444 4701 Unigenito),
1510 4621 1852 4681 identitate
1911 4627 2166 4681 natura:
2222 4617 2405 4679 aliud
2442 4614 2608 4677 nihil
2654 4617 2734 4677 ah
2775 4617 2918 4695 ipso
2951 4616 3311 4690 exsistens,
3353 4619 3502 4677 lit-ct
3563 4619 3628 4678 in

299 4715 560 4796 prOpria
599 4733 876 4794 persona
909 4715 1270 4780 subsistere
1300 4717 1729 4798 intelligatur.
1770 4743 1797 4773 »
1847 4715 1967 4779 Ubi
2004 4716 2544 4797 praepositionem
2605 4733 2724 4794 per
2795 4714 2936 4776 loco
2988 4714 3207 4793 priore
3241 4714 3628 4785 adhibitam,

301 4822 506 4877 mutat
546 4815 641 4888 in,
677 4832 784 4889 ex,
827 4815 1174 4895 posteriori
1226 4814 1348 4877 hoc
1383 4815 1449 4877 in
1498 4817 1638 4876 loco
2738 4895 2742 4900 '
3016 4804 3018 4809 ’

384 4910 495 4992 (5.)
525 4911 691 4988 Quia
707 4929 826 4991 per
846 4913 1082 4974 Filium
1114 4911 1478 4975 hominibus
1497 4913 1988 4992 duturSpiritus
2015 4921 2674 4993 sanctus,proplerea
2697 4912 2988 4990 Spiritus
3027 4912 3181 4973 Filii
3229 4920 3292 4973 et
3319 4912 3634 4989 prsprius

300 5009 488 5084 Filii,
527 5009 795 5073 dicitur.
833 5011 983 5072 Han:
1022 5011 1148 5072 alia
1185 5011 1658 5091 ειΊιρομιιγὴιειὶ
1692 5012 2150 5092 interpretatio
2180 5026 2305 5084 est,
2368 5011 2855 5090 Scripturarum
2895 5010 3087 5073 verba
3139 5011 3213 5071 ad
3269 5012 3637 5070 missionem

303 5107 740 5187 temporalem,
776 5126 894 5172 seu
936 5110 1402 5172 charismatum
1471 5110 1890 5191 largitionem
1953 5111 2417 5191 detorquentis
2477 5109 2545 5172 in
2593 5111 2789 5171 citato
2823 5110 2898 5171 ad
2933 5110 3256 5170 Joannem
3295 5123 3633 5170 cmnmen~

300 5205 490 5269 tario.
540 5231 568 5262 α
630 5207 752 5268 Sed
800 5208 920 5269 hoc
970 5217 1139 5271 stare
1202 5226 1331 5272 non
1395 5219 1607 5290 poteSt
1664 5208 1952 5289 (reponit
2011 5211 2238 5271 doctor
2270 5209 2567 5298 aquiiias
2606 5206 2935 5288 opusculo
2969 5226 2992 5267 ι
3043 5207 3293 5269 Contra
3328 5206 3634 5281 (Ira-cost.

302 5304 472 5366 Dicit
501 5303 676 5366 enim
705 5305 994 5385 Cyrillus
1027 5324 1230 5386 super
1257 5309 1583 5370 Joannem
1628 5330 1643 5369 :
1672 5309 1998 5387 Proprias
2033 5320 2126 5369 est
2153 5297 2448 5388 Spiritus
2484 5318 2748 5369 sanctus
2791 5297 2908 5368 Dei
2942 5306 3164 5370 Patris
3189 5329 3209 5368 :
3242 5307 3353 5368 sed
3395 5326 3522 5368 non
3550 5318 3641 5368 cst

298 5403 510 5465 minus
545 5402 664 5464 Dei
693 5393 888 5473 Filii;
922 5422 1052 5465 non
1078 5415 1378 5485 tanquam
1418 5406 1585 5467 alius
1632 5416 1705 5482 .et
1774 5405 1944 5467 alius
1978 5407 2269 5488 Spiritus
2326 5416 2614 5469 sanctus.
2682 5404 2861 5466 Idem
2902 5405 3060 5466 dicit
3096 5406 3159 5465 in
3191 5404 3637 5465 exhortatoria

302 5501 621 5562 Sermone
654 5500 734 5562 ad
775 5500 1224 5567 Theodosium
1258 5503 1721 5583 imperatorem
1760 5506 2100 5584 :Spiritus
2155 5513 2443 5579 sanctus,
2510 5506 2681 5565 sicut
2744 5509 2837 5563 est
2873 5503 3188 5582 proprius
3242 5502 3489 5573 Patris,
3545 5503 3636 5561 sic

301 5607 362 5660 et
428 5601 500 5662 in
557 5601 829 5662 reritate
875 5609 970 5663 est
1023 5602 1234 5681 ipsius
1308 5601 1492 5667 Filii.
1549 5603 1986 5685 (Testimonia
2044 5601 2260 5666 recole
2316 5600 2636 5683 superius
2691 5600 3024 5681 allegata.)
3081 5602 3144 5661 Si
3203 5616 3365 5678 ergo
3419 5599 3641 5660 Patris

301 5705 421 5767 est,
489 5712 622 5759 non
685 5695 903 5760 solum
959 5697 1116 5778 quia
1159 5699 1239 5762 ab
1292 5699 1440 5779 ipso
1498 5702 1950 5782 temporaliter
2011 5705 2202 5764 datur
2234 5710 2295 5765 et
2352 5702 2658 5774 mittitur,
2703 5700 2823 5763 sed
2886 5701 3081 5761 etiam
3135 5703 3291 5779 quia
3351 5701 3430 5761 ab
3498 5701 3640 5777 ipso

297 5793 692 5857 mternaliter
725 5795 1021 5871 exsistit;
1058 5797 1282 5860 eadem
1303 5799 1494 5861 etiam
1525 5800 1778 5862 ratione
1812 5808 1874 5863 et
1901 5801 2059 5863 Filii
2114 5801 2264 5872 erit,
2290 5801 2481 5882 quasi
2530 5800 2612 5862 ab
2642 5816 2722 5862 eo
2771 5798 3187 5861 mtcrnaliter
3211 5798 3560 5862 assistens.
3608 5826 3636 5857 υ

383 5892 496 5974 (6.)
527 5893 610 5955 Et
645 5911 756 5974 ego
782 5892 1056 5958 concedo
1091 5896 1332 5978 (inquit
1365 5897 1902 5980 'l‘h00phylaclus
1959 5902 2024 5962 in
2055 5901 2338 5982 epistola
2371 5902 2452 5964 ad
2506 5900 2848 5964 Nicolaum
2888 5899 3270 5978 diaconum)
3325 5917 3457 5960 esse
3511 5901 3650 5977 Spi-
