4262 6432
748 399 818 462 87
1031 402 1038 409 ’
1179 377 1182 380 Δ
1599 402 1823 463 BERN.
1867 403 2134 462 MARl/E
2175 404 2271 464 DE
2305 403 2590 466 RUBEIS
2622 401 3127 464 DISSERTATIO
3937 389 4010 456 83

747 514 940 573 ritum
984 511 1162 584 Filii,
1206 520 1259 572 et
1290 514 1577 573 veritatis
1613 521 1671 573 et
1698 515 1863 574 vita.
1917 513 2157 573 Addam
2208 525 2263 574 et
2294 515 2619 589 sapientia:
2648 524 2705 574 et
2737 512 3170 593 fortitudinis.
3219 506 3389 583 Quid
3440 504 3591 566 inde
3654 499 4009 565 extundat?

749 606 1201 684 colligendum
1241 623 1476 685 nempe
1535 615 1780 673 censet,
1813 609 1912 685 agi
1978 610 2056 669 de
2113 609 2601 670 charismatibus
2652 611 2841 682 datis,
2889 608 3094 669 veluti
3147 603 3508 683 sapientite,
3570 597 4002 672 fortitudinis,

748 701 998 761 timoris
1069 702 1351 770 Domini,
1417 701 1719 777 aliisque.
1792 704 1976 763 Plura
2040 714 2188 764 sunt
2246 704 2837 775 animadvertenda,
2899 719 3044 779 quae
3094 695 3598 777 ignorabalille,
3652 700 3763 753 aut
3794 693 4006 766 simu-2

751 796 934 856 labat.
998 799 1087 857 Ac
1142 797 1412 869 primum
1459 798 1743 858 Joannes
1795 799 2315 877 Chrysostomus,
2367 799 2462 859 vel
2500 809 2721 860 auctor
2779 797 3051 857 homilite
3089 795 3164 854 de
3191 791 3447 870 Spiritu
3501 796 3718 848 sancto
3757 788 4005 847 nusz

751 891 1009 951 nomina
1065 891 1359 969 ejusdem
1406 893 1709 968 .Spiritus-
1752 893 2182 953 discernenda
2232 898 2415 955 docet

2320 903 2415 955 cet
2473 918 2488 956 :
2549 905 2611 956 et
2663 912 2807 956 esse
2839 894 3102 973 quidem
3138 890 3384 959 ὀνόματα
3436 890 3535 957 τῆς
3579 883 3866 954 ἀφράστου
3899 881 4003 949 φύς

748 1002 910 1048 σεως.
960 989 1216 1048 nomina
1259 987 1604 1067 ineffabilia
1660 998 1926 1058 naturae,
1985 989 2300 1066 Spiritum
2357 993 2494 1062 Dei,
2552 994 2869 1070 Spiritum
2921 991 3194 1062 Domini,
3227 987 3541 1065 Spiritum
3587 981 3828 1050 Patris,
3859 979 4006 1057 Spi-

745 1084 945 1143 ritum
977 1085 1161 1154 Filii,
1217 1087 1530 1163 Spiritum
1561 1085 1829 1157 Christi,
1855 1085 2171 1162 Spiritum
2233 1089 2396 1161 vita,
2433 1089 2749 1165 Spiritum
2779 1088 3073 1147 veritatis
3107 1105 3126 1144 :
3160 1101 3306 1145 esse
3350 1096 3504 1142 vero
3551 1091 3761 1140 creata
3811 1075 4004 1144 dona,

745 1179 1044 1255 spiritum
1072 1182 1362 1253 virtutis,
1395 1182 1697 1259 spiritum
1729 1182 2089 1254 charitatis,
2120 1184 2421 1258 spiritum
2470 1183 2918 1261 temperantia},
2953 1181 3255 1259 spiritum
3286 1173 3758 1254 promissionis,
3807 1170 4008 1246 spiri-

746 1284 878 1334 tum
906 1274 1334 1349 reuelationis,
1362 1279 1661 1354 spiritum
1676 1276 2045 1354 adoptionis
2068 1279 2367 1354 ﬁliorum.
2405 1281 2532 1340 Cur
2551 1289 2708 1355 ergo
2731 1277 2860 1338 haec
2887 1277 3150 1336 nomina
3187 1274 3411 1334 miscet
3451 1265 4006 1345 Theoiihylactus?

748 1371 874 1430 Cur
907 1369 972 1430 in
1003 1371 1352 1447 Scripturis
1378 1371 1894 1449 exprimentibus
1923 1373 2234 1450 Spiritum
2267 1374 2781 1453 Filii.Spiritum
2808 1374 2972 1441 citte,
2995 1371 3309 1450 Spiritum
3339 1367 3653 1438 veritatis,
3683 1361 4006 1439 intelligat

745 1465 913 1525 dona
947 1475 1150 1526 creata
1176 1468 1204 1525 ?
2867 1524 2869 1526 .

825 1562 986 1622 Sane
1046 1578 1192 1622 cum
1250 1563 1489 1624 dicitur
1533 1563 1820 1641 Spiritus
1888 1565 2071 1636 Filii,
2133 1571 2241 1624 aut
2295 1565 2584 1641 Spiritus
2635 1566 2876 1626 Christi
2963 1573 3020 1622 et
3072 1562 3346 1634 Domini,
3406 1575 3540 1622 non
3605 1555 3732 1617 alia
3788 1553 4005 1614 locum

749 1655 933 1716 habet
995 1658 1424 1734 intelligentia
1482 1668 1676 1731 recta,
1729 1660 1857 1721 nisi
1903 1677 2048 1738 quas
2106 1659 2418 1738 Spiritum
2481 1667 2804 1738 comparat
2859 1659 2934 1720 ad
3000 1657 3272 1727 Filium,
3329 1654 3508 1717 velut
3565 1652 3710 1731 ejus
3762 1645 4006 1728 princi-

747 1751 951 1828 pium.
990 1753 1112 1814 Sed
1155 1755 1345 1814 etiam
1381 1772 1526 1816 cum
1572 1757 1736 1818 dicis
1785 1757 2094 1833 Spiritum
2137 1756 2489 1833 sapientiae,
2547 1763 2610 1815 et
2659 1757 2976 1834 Spiritum
3031 1753 3464 1834 fortitudinis,
3502 1749 3698 1812 obvio
3738 1741 4004 1825 aptissi-

750 1861 985 1923 meque
1039 1865 1237 1909 sensu
1289 1849 1600 1926 Spiritum
1661 1861 1944 1910 sanctum
2011 1849 2344 1928 exprimis,
2412 1849 2608 1909 veluti
2663 1869 2934 1919 causam,
2988 1865 3134 1927 quae
3179 1846 3589 1924 sapientiam,
3625 1849 3689 1904 et
3745 1839 4007 1910 {Or-tilu-

748 1939 1012 2012 dinem,
1074 1959 1145 2004 ac
1206 1943 1449 2004 similia
1505 1944 1885 2008 charismata
1943 1946 2008 2006 in
2086 1945 2272 2007 nobis
2324 1945 2534 2007 efﬁcit.
2624 1948 2909 2010 Prteterit
2977 1946 3113 2008 haec
3190 1944 3410 2006 omnia
3470 1938 4007 2017 archiepiscopus

739 2034 1090 2112 ‘B-ilgarus.

831 2131 995 2193 Hinc
1032 2150 1180 2193 vero
1251 2134 1579 2212 colligitur
1631 2135 1898 2196 nomina
1955 2136 2085 2206 illa,
2144 2137 2430 2214 Spiritus
2495 2139 2849 2215 sapientia,
2896 2138 3183 2214 Spiritus
3234 2131 3664 2215 fortitudinis,
3719 2128 4008 2204 itemque

743 2227 1128 2306 prudentia,
1166 2229 1446 2304 consilii,
1487 2233 1786 2304 scientiae,
1817 2233 2099 2310 pietatis,
2136 2233 2382 2292 timoris
2416 2231 2694 2305 Domini,
2731 2250 2862 2294 non
2920 2232 3131 2294 solum
3169 2231 3551 2294 charismata
3588 2225 3772 2287 nobis
3828 2239 4005 2285 com-

751 2326 1075 2387 municata
1114 2327 1507 2405 signiﬁcare,
1543 2335 1614 2389 ut
1650 2329 2110 2390 innuitauctor
2144 2328 2433 2390 homilim
2465 2331 2694 2401 citatas,
2736 2347 2955 2390 verum
2993 2329 3185 2389 etiam
3221 2327 3499 2405 Spiritus
3531 2323 3739 2382 sancti
3783 2321 4005 2399 perso-

748 2435 892 2478 nam
926 2442 944 2480 :
980 2438 1194 2499 neque
1243 2422 1408 2483 hanc
1438 2424 1880 2496 solummodo,
1919 2424 2118 2485 veluti
2151 2443 2402 2484 causam
2434 2426 2764 2498 donorum,
2797 2433 2866 2489 ut
2905 2426 3278 2488 dicebamus
3324 2445 3337 2482 :
3397 2422 3506 2482 sed
3539 2418 3759 2490 etiam,
3806 2415 4009 2476 veluti

750 2532 895 2593 quae
925 2516 1220 2594 ipsorum
1255 2519 1710 2580 charismatum
1753 2521 2000 2582 ratione
2027 2519 2298 2582 efﬁcitur
2330 2521 2396 2582 in
2444 2523 2630 2584 nobis
2661 2542 2820 2583 novo
2880 2523 3060 2583 modo
3093 2537 3400 2600 praesens,
3432 2533 3503 2579 ac
3538 2514 3729 2576 etiam
3764 2510 4011 2572 inhabi-

751 2622 894 2672 tans
931 2625 1227 2693 tanquam
1256 2617 1323 2676 in
1367 2614 1616 2691 templo,
1652 2633 1794 2697 cum
1829 2616 2079 2677 scilicet
2109 2617 2302 2681 donat
2336 2617 2706 2679 charitatem
2744 2615 3272 2678 sanctiticantem.
3331 2613 3510 2672 Hanc
3545 2624 3664 2670 nos
3703 2621 4009 2666 vocamus

745 2710 1107 2770 missionem
1140 2710 1419 2782 Spiritus
1453 2711 1657 2772 sancti
1689 2715 1954 2791 proprie
1991 2713 2246 2786 dictam,
2279 2731 2424 2793 quae
2482 2721 2618 2775 tum
2654 2712 3138 2791 processionem
3176 2709 3318 2788 ejus
3350 2706 3554 2770 etiam
3590 2721 3623 2765 a
3657 2701 3826 2792 Filio
3859 2716 4012 2761 con-

747 2806 1075 2884 sequitur,
1132 2813 1264 2866 tum
1327 2807 1792 2887 Theophylaeti
1851 2818 1910 2870 et
1967 2811 2336 2873 Crtecorum
2392 2821 2826 2873 commentum
2867 2807 3135 2869 omnino
3172 2804 3376 2866 elidit.
3414 2805 3553 2877 Qua
3587 2801 3665 2862 de
3699 2815 3764 2860 re
3797 2796 4012 2858 adhuc

747 2900 1042 2962 inferius.

830 2995 941 3078 (7.)
976 2998 1230 3060 Addere
1264 3000 1448 3061 aliam
1474 3000 1668 3060 etiam
1701 3000 1884 3061 liceat
1915 3001 2286 3063 Graecorum
2320 3003 2943 3081 interpretationem,
2973 3000 3202 3075 utique
3229 2998 3538 3075 ineptam.
3563 2993 3776 3070 [XLII]
3807 2988 4010 3052 Aﬂ‘ert

747 3109 884 3156 eam
919 3094 1208 3172 Aquinas
1247 3095 1389 3156 loco
1420 3096 1612 3156 citato
1655 3118 1668 3155 :
1707 3117 1736 3150 α
1772 3097 1986 3157 Potest
2019 3097 2258 3176 aliquis
2292 3097 2533 3167 dicere,
2576 3097 2745 3172 quod
2781 3097 2862 3155 sit
2893 3095 3184 3172 Spiritus
3218 3090 3497 3152 Christi:
3560 3088 3742 3166 quasi
3791 3087 3855 3146 in
3891 3086 4010 3146 ho-

747 3191 909 3251 mine
940 3190 1194 3252 Christo
1241 3193 1528 3269 plenarie
1598 3192 1986 3269 inhabitans,
2031 3194 2374 3255 secundum
2425 3191 2589 3254 illud
2628 3191 2810 3251 Lucae
2838 3207 2900 3250 ιν
2936 3211 2948 3247 :
2982 3191 3169 3250 Iesus
3194 3185 3420 3266 plenus
3477 3183 3730 3262 Spiritu
3762 3190 4009 3252 sancto,

745 3305 1073 3366 regressus
1114 3297 1205 3348 est
1234 3307 1270 3346 a
1303 3289 1586 3350 Iordane
1611 3309 1630 3348 :
1662 3287 1734 3348 de
1766 3291 1948 3370 cujus
1970 3288 2375 3368 plenitudine
2408 3308 2522 3350 nos
2569 3307 2778 3349 omnes
2828 3288 3209 3364 accepimus,
3244 3292 3314 3342 ut
3358 3281 3599 3341 dicitur
3650 3279 3923 3339 Joannis
3964 3293 4008 3340 ι.

747 3386 895 3446 Htec
925 3394 1137 3447 autem
1170 3387 1507 3464 responsio
1541 3388 1857 3448 sustineri
1906 3406 2037 3450 non
2064 3394 2314 3468 potest;
2358 3397 2425 3449 ut
2455 3387 2700 3447 scilicet
2731 3386 2843 3445 hac
2873 3395 3117 3441 tantum
3147 3380 3397 3440 ratione
3434 3377 3714 3455 Spiritus
3748 3382 4013 3435 sanctus

747 3480 1001 3542 dicatur
1044 3481 1330 3560 Spiritus
1373 3481 1640 3544 Christi.
1678 3484 2020 3546 Invenitur
2079 3483 2252 3545 enim
2311 3499 2346 3544 a
2391 3481 2766 3543 doctoribus
2820 3480 3188 3538 Graecorum
3225 3475 3465 3536 dictum
3514 3471 3687 3551 quod
3723 3471 4015 3549 Spiritus

747 3587 1003 3638 sanctus
1039 3586 1127 3638 est
1161 3579 1479 3640 naturalis
1525 3581 1816 3658 Spiritus
1866 3581 2046 3642 Filii.
2102 3581 2489 3660 (Aliquae:
2555 3576 2905 3636 Athanasio
2981 3583 3039 3634 et
3075 3591 3155 3634 ex
3207 3569 3476 3649 Cyrillo,
3546 3567 4015 3628 Alexandrinis

748 3673 1099 3752 episcotiis,
1134 3674 1504 3738 testimonia
1543 3678 1851 3754 superius
1890 3678 2306 3751 adduximus,
2357 3693 2428 3736 ac
2485 3672 2663 3752 plura
2700 3689 2846 3751 quae
2897 3670 3076 3750 paria
3111 3676 3285 3740 sunt,
3348 3667 3412 3725 in
3474 3673 3748 3742 utroque
3797 3679 4022 3724 occur-

751 3770 951 3853 runt.)
987 3772 1268 3851 Spiritus
1303 3780 1518 3836 autem
1549 3793 1679 3834 non
1724 3785 1815 3836 est
1863 3774 2180 3838 naturalis
2237 3775 2408 3836 Filio
2441 3767 2776 3830 secundum
2815 3768 3286 3837 humanitatem,
3328 3762 3480 3843 quia
3545 3779 3670 3824 non
3735 3761 4020 3838 pertinet

747 3871 821 3931 ad
860 3879 1148 3932 naturam
1185 3870 1607 3934 humanitatis
1645 3890 1657 3932 :
1695 3873 1806 3934 sed
1840 3874 2040 3951 gratis
2081 3892 2119 3932 a
2143 3873 2270 3932 Deo
2305 3872 2373 3931 in
2399 3875 2634 3928 natura
2665 3868 2934 3928 humana
2969 3861 3345 3944 effunditur.
3410 3862 3550 3922 Non
3582 3873 3742 3937 ergo
3805 3864 4021 3937 potest

749 3973 1014 4045 propter
1038 3965 1158 4027 hoc
1193 3966 1319 4028 dici
1359 3969 1645 4048 Spiritus
1684 3967 1867 4044 Filii,
1906 3969 2062 4048 quia
2125 3969 2447 4031 Christum
2501 3965 2898 4028 excellenter
2962 3961 3237 4042 replevit
3304 3959 3667 4020 secundum
3707 3953 4017 4018 humani-

751 4071 963 4121 tatem.
995 4084 1022 4117 ι)
1544 4061 1557 4072 ”
1636 4083 1639 4085 ·

833 4157 996 4219 Illud
1031 4158 1222 4220 etiam
1257 4159 1646 4239 diligentius
1677 4161 2325 4225 animadvertendum
2359 4171 2478 4235 est,
2502 4162 2586 4223 ita
2623 4161 2930 4237 Spiritum
2963 4166 3256 4218 sanctum
3292 4151 3649 4239 replevisse
3685 4150 4022 4212 hominem

752 4253 1114 4326 Christum,
1150 4261 1220 4316 ut
1247 4238 1627 4318 nonisolum
1661 4256 2042 4319 charismata
2074 4258 2141 4318 in
2179 4257 2396 4337 ipsum
2423 4259 2627 4320 eﬂ‘usa
2663 4256 3060 4319 considerari
3096 4256 3372 4314 debeant
3398 4238 3416 4313 ἐ
3476 4253 3585 4312 sed
3645 4250 3788 4330 ipsa
3821 4249 4020 4310 etiarn

753 4351 1033 4428 Spiritus
1055 4354 1254 4414 sancti
1298 4371 1598 4431 persona,
1632 4371 1779 4434 quas
1823 4355 1898 4416 ad
1928 4355 2283 4428 Christum,
2320 4363 2388 4417 ut
2437 4357 2629 4417 homo
2663 4362 2782 4425 est,
2817 4353 3059 4414 dicitur
3092 4353 3306 4422 missa,
3347 4348 3743 4424 praecipuum
3805 4353 4027 4407 teneat

753 4447 992 4510 locum.
1023 4449 1206 4511 Unde
1250 4449 1487 4511 frustra
1515 4450 1643 4530 jam
1680 4452 1878 4514 Grteci
1915 4461 2088 4525 sunt,
2127 4453 2241 4531 qui
2274 4455 2336 4513 in
2395 4453 2691 4512 missione
2747 4451 3034 4527 Spiritus
3085 4447 3291 4508 sancti
3347 4446 3509 4506 nihil
3574 4460 3718 4505 esse
3777 4441 4024 4503 deinde

755 4545 1171 4618 arbitrantur,
1206 4547 1333 4608 nisi
1361 4548 1517 4608 doni
1555 4549 1750 4609 creati
1816 4548 2250 4610 eﬂicientiam.
2309 4548 2591 4624 Intelligi
2650 4548 2840 4606 etiam
2893 4546 3083 4604 debet
3127 4558 3405 4620 persona
3466 4540 3680 4617 ipsius
3736 4538 4024 4616 Spiritus

754 4643 953 4702 sancti
995 4666 1007 4700 :
1044 4649 1112 4701 ut
1147 4642 1276 4703 haec
1316 4659 1445 4702 non
1479 4644 1607 4705 alio
1641 4644 1929 4722 denique
1958 4646 2148 4706 modo
2180 4646 2350 4705 mitti
2381 4644 2659 4712 dicatur,
2702 4642 2824 4702 nisi
2867 4658 2973 4716 iter
3005 4647 3304 4699 trternam
3340 4637 3841 4712 processionem,
3876 4650 4030 4714 quae

756 4737 1167 4801 efﬁcientiam
1214 4739 1534 4801 donorum
1573 4739 1761 4802 habet
1792 4741 1856 4801 in
1894 4751 2204 4819 tempore.
2232 4740 2659 4802 Christianam
2688 4755 2760 4800 ac
2797 4736 3224 4814 theologicam
3259 4732 3618 4794 doctrinam
3646 4730 3775 4809 jam
3823 4746 4030 4810 expo-

758 4854 909 4898 nere
942 4855 1013 4898 ac
1045 4835 1376 4898 vindicare
1409 4854 1633 4916 pergo.

835 4952 939 5027 (8.)
974 4951 1400 5022 Existimatis,
1435 4951 1772 5029 procedere
1811 4952 2076 5029 perinde
2111 4972 2239 5012 esse
2269 4972 2341 5012 ac
2375 4951 2830 5012 communicari
2856 4959 2912 5008 et
2945 4948 3176 5008 donari
3211 4944 3424 5022 (verba
3442 4955 3592 5006 sunt
3632 4943 3696 5004 in
3746 4942 4025 5018 epistola

753 5048 825 5107 ad
867 5032 1194 5107 Nicolaum
1229 5046 1620 5126 diaconum).
1673 5048 1762 5108 Et
1823 5051 2118 5126 quoniam
2161 5051 2514 5128 reperitur,
2565 5050 2853 5126 Spiritus
2922 5067 2959 5105 a
3006 5047 3176 5106 Iv‘itio
3232 5044 3400 5104 mitti
3435 5064 3452 5110 ;
3484 5059 3590 5100 vos
3647 5057 3861 5099 errare
3891 5057 4031 5102 non

756 5145 997 5221 putatis
1025 5142 1309 5214 dicendo,
1351 5163 1486 5202 eum
1521 5155 1576 5204 et
1616 5164 1650 5202 a
1688 5146 1856 5206 Filio
1889 5147 2258 5223 procedere.
2301 5147 2524 5207 Verum
2552 5165 2680 5205 non
2713 5149 2805 5206 ita
2846 5165 2907 5204 se
2963 5163 3061 5204 res
3095 5143 3296 5204 habet.
3335 5142 3492 5203 Nam
3522 5138 3862 5218 prooedere
3909 5139 4022 5199 de-

761 5241 958 5300 ilarut
990 5239 1233 5301 modum
1267 5260 1387 5319 quo
1438 5241 1728 5321 Spiritus
1767 5260 1892 5302 esse
1917 5243 2204 5304 hubet....
2257 5265 2328 5304 ac
2356 5246 2526 5305 mitti
2580 5244 2900 5322 signiﬁcat
2935 5239 3356 5301 abundantem
3387 5237 3698 5297 donorum
3731 5235 4028 5314 largitio-

754 5357 912 5408 nem,
948 5357 1052 5396 seu
1089 5337 1455 5415 effusionem
1517 5339 1874 5407 bonitatis;
1933 5359 2066 5420 quae
2124 5361 2161 5399 a
2193 5343 2383 5402 Patre
2421 5341 2673 5421 quidem
2710 5351 2824 5412 est,
2857 5339 2966 5400 sed
2995 5358 3032 5397 a
3067 5339 3230 5399 Filio
3274 5337 3342 5397 in
3375 5353 3474 5394 eos
3503 5335 3611 5415 qui
3644 5332 3826 5410 digni
3869 5342 4027 5395 sunt

756 5434 1132 5514 effunditur,
1158 5434 1378 5513 quibus
1414 5445 1470 5495 et
1498 5453 1615 5514 per
1660 5437 1899 5497 Filium
1930 5439 2370 5515 monifestatus
2431 5437 2696 5500 dicitur.
2753 5440 2842 5499 Ita
2881 5435 3432 5514 The0pbylactus,
3488 5432 3600 5510 qui
3645 5430 4028 5492 Latinorum

756 5533 1112 5593 doctrinam
1149 5537 1365 5612 inepte
1393 5534 1682 5610 exponit.
1720 5536 1860 5596 Non
1901 5536 2078 5596 enim
2143 5537 2591 5600 existimamus
2650 5554 2799 5606 nos,
2833 5534 3174 5614 procedere
3223 5531 3490 5612 perinde
3542 5549 3692 5602 esse,
3760 5529 4028 5608 proprii.

753 5639 821 5690 ut
848 5646 953 5706 [.ar
979 5636 1071 5689 est
1104 5628 1156 5688 si
1195 5629 1368 5706 loqui
1410 5629 1714 5698 velimus.
1741 5650 1813 5690 ac
1848 5631 2102 5702 donari,
2129 5637 2606 5709 communicari,
2629 5635 2837 5695 mitti:
2864 5634 3117 5696 tametsi
3151 5632 3440 5693 divinam
3473 5643 3816 5709 personam
3855 5625 4029 5688 mitti

757 5731 1037 5803 nequeat
1072 5724 1352 5804 intelligi
1380 5726 1525 5788 sine
1555 5735 1791 5788 aeterna
1827 5731 2270 5805 processione.

835 5823 973 5882 Duo
1014 5822 1240 5884 docent
1272 5823 1500 5899 Latini,
1539 5825 1601 5887 in
1640 5826 1995 5888 missionem
2037 5832 2303 5905 proprie
2343 5830 2571 5893 dictam
2622 5844 3008 5892 concurrere
3048 5848 3062 5886 :
3097 5825 3394 5895 alterum,
3435 5824 3606 5901 qum!
3671 5828 3764 5886 est
3797 5818 4032 5898 sempi-
