4262 6432
280 366 354 429 89
1140 361 1240 424 DE
1273 358 1857 424 TBEOPHYLACTI
1896 354 2170 420 GESTIS
2207 352 2304 414 ET
2347 344 2713 414 SCRIPTIVS.
3495 337 3588 415 .90

284 496 473 548 terna
501 479 825 561 processio
851 496 1163 559 personae,
1203 495 1348 555 qua:
1381 476 1702 543 mittitur;
1750 480 1810 534 et
1862 473 2160 540 alterum,
2227 467 2402 547 quod
2439 475 2534 527 est
2595 474 2862 526 externa
2939 461 3156 538 aliqua
3217 455 3584 561 efﬁcientia,

285 581 429 642 sive
471 552 710 639 incidat
745 552 871 639 sub
903 593 1166 647 sensus,
1202 552 1270 635 ut
1309 590 1456 634 cum
1495 573 1774 632 Verbum
1811 568 2204 630 humanitate
2259 573 2560 640 suscepta
2625 560 2926 640 apparuit
2981 555 3384 624 hominibus,
3446 552 3586 613 sive

285 673 569 737 interius
602 673 685 734 sit
717 680 776 732 et
817 689 942 733 non
974 668 1365 748 aspectabile
1398 669 1570 746 quod
1606 665 1843 744 agitur,
1881 673 1946 724 ut
1983 681 2130 724 cum
2183 662 2463 739 Spiritus
2494 667 2757 720 sanctus
2809 657 2882 716 ad
2915 654 3204 716 ﬁdelium
3274 650 3415 711 sive
3471 648 3583 727 jn-

283 778 534 832 storum
575 785 902 846 quemque
944 745 1220 827 mittitur
1285 745 1447 824 Hinc
1479 763 1688 829 Pater,
1725 761 1838 838 qui
1903 776 2031 820 non
2087 757 2273 818 habet
2331 774 2362 816 a
2399 772 2528 834 quo
2589 754 2913 829 procedat,
2969 763 3293 824 nusquam
3353 745 3588 803 missus

285 866 560 936 dicitur;
590 838 662 926 ac
697 838 875 924 missi
907 865 1216 924 dicuntur
1245 859 1450 921 Filius
1484 869 1536 919 et
1567 858 1855 935 Spiritus
1888 864 2172 925 sanctus,
2230 854 2384 930 quia
2451 851 2832 927 procedunt.
2872 849 3155 907 Rursum
3185 841 3429 912 missio,
3481 838 3592 900 do-

283 963 491 1022 natio.
530 961 1017 1022 communicatio
1057 958 1503 1019 auctoritatem
1536 971 1606 1015 ac
1638 958 2013 1031 potestatem
2043 949 2422 1026 exprimunt
2455 947 2518 1005 in
2554 946 2862 1015 mittente,
2904 950 2959 1001 et
2993 941 3293 1009 donante,
3336 946 3391 995 et
3428 952 3592 994 com-

286 1059 679 1119 municante.
711 1057 996 1133 Ecquam
1036 1070 1190 1114 vero
1232 1060 1607 1129 potestatem
1669 1048 2196 1110 aut-toritatemve
2251 1045 2446 1105 Pater
2512 1041 2697 1103 habet
2747 1041 2815 1099 in
2873 1037 3135 1107 Filium,
3191 1042 3250 1092 et
3309 1031 3504 1092 Pater
3538 1037 3592 1088 et

286 1155 504 1214 Filius
531 1155 600 1213 in
629 1128 949 1231 Spiritum
999 1128 1313 1220 sanctum,
1359 1149 1482 1209 nisi
1521 1148 1682 1209 hanc
1715 1164 1858 1221 qum
1900 1151 1994 1206 est
2023 1143 2348 1219 principii
2389 1138 2565 1201 notio
2599 1148 2661 1198 et
2702 1136 3031 1215 originis?
3066 1134 3289 1210 Itaque
3353 1128 3594 1189 Filium

287 1252 467 1311 mitti
500 1270 537 1308 a
577 1251 762 1308 Patre
795 1257 888 1310 est
919 1245 1355 1325 gigniFilium
1385 1253 1676 1305 naturam
1709 1240 1993 1302 hominis
2015 1245 2532 1313 assumpturum,
2557 1242 2624 1294 et
2649 1250 2771 1294 suo
2803 1241 3090 1308 tempore
3120 1234 3591 1294 assumentem,

289 1355 351 1406 et
396 1348 569 1406 mitti
601 1320 1238 1423 Spiritum'sanctum
1275 1348 1374 1401 est
1407 1339 1754 1414 procedere
1789 1337 2003 1414 ipsum
2058 1351 2204 1395 cum
2258 1331 2602 1393 eﬂicientia
2663 1327 2915 1390 externi
2981 1325 3224 1403 operis,
3281 1321 3458 1401 quod
3518 1320 3587 1380 in

292 1450 581 1516 tempore
619 1419 947 1519 impletur.
973 1443 1109 1501 Jam
1136 1442 1383 1500 constat
1416 1435 1746 1515 quomodo
1769 1433 2164 1512 sempiterna
2202 1431 2533 1510 processio
2560 1431 2622 1490 in
2651 1428 3032 1489 missionem
3059 1421 3318 1503 preprie
3350 1419 3582 1481 dictam

289 1547 657 1598 concurrat.

373 1640 450 1692 At
478 1633 824 1711 procedere
849 1631 1132 1693 declarat
1175 1629 1467 1701 modum,
1533 1628 1787 1708 inquis,
1834 1644 1969 1707 quo
2023 1628 2312 1706 Spiritus
2371 1645 2495 1686 esse
2528 1625 2733 1687 habet.
2793 1624 2884 1683 Ita
2933 1620 3209 1688 scilicet,
3244 1625 3313 1678 ut
3343 1627 3601 1711 preces:-

290 1728 476 1790 sione
511 1729 796 1806 Spiritus
833 1729 1060 1789 haheat
1095 1745 1264 1798 esse,
1314 1744 1434 1788 seu
1493 1707 1780 1786 divinam
1849 1716 2120 1801 accipiat
2169 1725 2521 1784 essentiam
2560 1743 2574 1780 :
2619 1730 2685 1781 et
2743 1719 2810 1780 id
2860 1718 3052 1779 etiam
3087 1713 3386 1791 accipiat,
3423 1707 3599 1788 quod

292 1830 390 1884 est
455 1804 707 1884 efﬁcere
767 1834 1032 1883 externa
1116 1824 1579 1884 charismatum
1636 1838 1855 1899 opera.
1930 1822 2006 1882 At
2075 1819 2270 1890 mitti,
2331 1819 2543 1888 addis,
2612 1814 3045 1877 abundantem
3093 1809 3421 1890 signiﬁcat
3478 1804 3615 1864 do-'

291 1937 523 1978 norum
593 1920 1019 1997 largitionem.
1083 1923 1324 1996 Nempe
1375 1919 1708 1996 processio
1765 1918 2163 1994 sempiterna
2234 1916 2358 1976 sub
2418 1914 2690 1975 nomine
2751 1929 2823 1972 ac
2871 1917 3172 1987 respectu
3249 1903 3599 1973 missionis,

293 2017 579 2092 quodam
621 2012 828 2076 'modu
903 2014 1266 2092 completur
1323 2027 1588 2077 externa
1639 2013 1984 2077 eﬂicientia
2046 2015 2182 2074 sive
2235 2012 2476 2076 actuali
2527 2012 2853 2073 donorum
2896 2005 3251 2085 largitione
3325 2003 3390 2062 in
3441 2008 3601 2060 tem-

294 2131 476 2192 pore.

377 2212 558 2271 Hanc
607 2209 1013 2271 efﬁcientiam
1091 2215 1444 2276 externam,
1480 2208 1534 2268 si
1591 2224 1897 2285 per'sese
1944 2217 2198 2286 sumpta
2264 2226 2334 2268 ac
2381 2207 2579 2269 veluti
2625 2205 2919 2284 sejuncta
2977 2218 3006 2262 a
3049 2213 3346 2278 persona:
3385 2193 3601 2255 missae

296 2308 721 2384 processione
755 2307 1237 2377 consideretur,
1286 2304 1660 2382 Seripturm,
1723 2307 1960 2378 Patres,
2004 2305 2290 2382 theologi
2353 2313 2576 2366 vocant
2631 2302 2994 2362 missionem
3053 2298 3264 2356 minus
3337 2292 3603 2370 proprie

290 2403 532 2463 dictam
561 2425 578 2470 ;
607 2419 737 2481 quo
774 2404 1004 2480 utique
1038 2401 1378 2462 missionis
1419 2401 1777 2474 inlellectu,
1812 2403 2058 2463 dictum
2095 2402 2484 2479 reperimus,
2519 2401 2690 2460 mitti
2729 2398 2968 2458 Filium
2999 2414 3038 2454 α
3067 2394 3322 2472 Spiritu
3354 2397 3600 2462 sancto,

295 2517 370 2560 ac
408 2498 650 2559 Filium
705 2507 761 2559 et
797 2499 1116 2577 Spiritum
1164 2508 1452 2558 sanctum
1497 2499 1749 2559 mittere
1781 2502 2045 2579 seipsos.
2099 2501 2241 2560 Duo
2276 2505 2488 2558 tamen
2524 2495 2992 2562 animadverte,
3059 2507 3206 2570 quas
3275 2490 3393 2548 hoc
3463 2485 3604 2548 loco

294 2597 626 2676 praecipua
702 2605 905 2657 sunt:
967 2613 1038 2656 ac
1100 2595 1312 2673 primo
1353 2595 1774 2674 impropriam
1832 2615 1906 2659 ac
1952 2599 2144 2658 nimis
2204 2598 2393 2658 latam
2438 2597 2599 2657 hanc
2649 2612 2794 2656 esse
2837 2589 3162 2653 missionis
3219 2588 3605 2657 notionem;

295 2693 543 2753 deinde
580 2693 644 2753 in
682 2694 913 2753 eodem
947 2693 1316 2770 impropriis
1348 2693 1669 2754 missionis
1703 2711 1944 2771 genere
1984 2694 2284 2772 nuspiam
2329 2695 2395 2755 in
2428 2692 2802 2771 Scripturis,
2871 2708 2943 2752 ac
3005 2689 3110 2750 vix
3183 2685 3376 2746 etiam
3433 2680 3608 2761 apud

294 2789 519 2849 Patres
553 2789 809 2849 missum
851 2788 978 2866 legi
1017 2789 1298 2849 Patrem.
1335 2788 1515 2849 Adeo
1548 2790 1858 2851 nimirum
1917 2810 2031 2870 pro
2054 2803 2386 2868 comperto
2423 2791 2641 2852 haberi
2671 2789 2887 2860 debet,
2940 2787 3306 2845 missionem
3337 2780 3607 2860 proprie

293 2884 530 2946 dictam
558 2885 764 2959 redigi
811 2884 1050 2945 debere
1099 2885 1174 2946 ad
1245 2885 1708 2962 sempiternam
1769 2891 2022 2964 [XLIII]
2075 2891 2312 2949 divinae
2368 2904 2660 2966 personae
2725 2883 3239 2963 processionem.
3277 2879 3405 2941 Cur
3432 2877 3610 2937 enim

296 2985 606 3061 nu5piam
645 2983 843 3043 Pater
906 2983 1077 3043 mitti
1109 2983 1400 3043 dicatur?
1445 2984 1529 3044 Ea
1573 2985 1801 3063 utique
1841 2986 2114 3059 ratione,
2152 2987 2305 3065 quia
2339 3005 2370 3047 a
2407 2985 2592 3047 nullo
2625 2983 2944 3063 procedit.
2973 2980 3295 3043 Corticem
3337 2974 3425 3036 rei
3465 2993 3610 3050 spe-

296 3079 506 3144 ctabat
541 3079 1101 3158 TheOphylactus,
1135 3080 1448 3142 doctrinae
1482 3081 1784 3142 sublimis
1818 3081 2167 3144 medullam
2205 3097 2334 3141 non
2367 3081 2608 3159 attigit.

382 3175 497 3256 (9.)
533 3175 882 3254 Insuf/larc
947 3177 1264 3253 Spiritum
1325 3185 1612 3236 sanctum
1672 3187 1817 3256 post
1844 3182 2377 3241 resurrectionem
2410 3180 2716 3239 Dominus
2755 3175 3002 3238 dicitur
3031 3195 3051 3234 :
3081 3190 3210 3232 non
3259 3187 3410 3232 vero
3443 3167 3613 3248 quod

295 3273 666 3354 productor
691 3276 822 3354 ejus
851 3275 1040 3335 sit....
1096 3274 1182 3334 Et
1238 3274 1400 3334 alias
1436 3293 1632 3354 neque
1661 3287 1809 3336 tunc
1853 3286 2024 3337 totus
2059 3277 2248 3338 datus
2296 3293 2410 3349 est,
2446 3275 2555 3337 sed
2586 3275 2849 3334 unicum
2883 3272 3202 3332 charisma
3234 3287 3344 3328 seu
3377 3268 3622 3326 donum.

298 3372 702 3432 remissionis
725 3381 1129 3450 peccatorum
1159 3393 1178 3431 :
1211 3370 1644 3431 tantummodo
1669 3373 1858 3443 enim,
1896 3384 1962 3434 ut
1994 3376 2398 3436 Pentecostes
2425 3384 2705 3452 tempore
2739 3370 3032 3438 daretur,
3065 3368 3386 3428 decretum
3415 3374 3613 3426 est....

297 3469 369 3531 Si
396 3468 652 3527 Domini
706 3467 1064 3546 insit/[latio
1119 3469 1185 3527 in
1223 3466 1579 3545 discipulos
1640 3489 1768 3549 non
1831 3473 1958 3550 fuit
1990 3474 2183 3532 unius
2244 3481 2491 3532 tantum
2521 3464 3298 3537 charismatis,sedtotius
3326 3463 3620 3542 Spiritus-

299 3569 512 3627 sancti
534 3565 796 3625 donatio
832 3586 850 3624 :
884 3566 1089 3642 igitur
1118 3564 1522 3624 Paracletum
1557 3576 1707 3626 tunc
1745 3570 1832 3627 eis
1861 3567 2058 3630 dedit.
2091 3569 2420 3644 Quomodo
2453 3570 2659 3648 igitur
2691 3585 2755 3626 se
2784 3565 2967 3626 habet
3004 3561 3167 3624 illud
3200 3581 3218 3618 :
3251 3562 3322 3623 Si
3356 3578 3462 3640 ego
3487 3577 3618 3620 non

299 3652 542 3734 abiero,
589 3660 964 3722 Paracietus
1008 3680 1137 3721 non
1199 3664 1403 3722 veniet
1443 3663 1525 3722 ad
1566 3666 1722 3723 vos?
1759 3667 2109 3726 Descensus
2141 3667 2210 3726 in
2262 3666 2629 3726 Pentecoste
2677 3665 2735 3724 si
2777 3661 3054 3745 ejusdem
3117 3659 3409 3737 Spiritus
3455 3658 3619 3739 fuit,

300 3771 436 3822 erat
461 3758 826 3839 superﬂuus
860 3780 877 3820 :
913 3761 971 3821 si
1000 3778 1145 3820 vero
1175 3757 1476 3828 alterius,-
1504 3761 1678 3832 cedo,
1713 3764 1853 3840 quis
1890 3763 2015 3835 ille,
2067 3763 2396 3842 qualisque
2417 3763 2616 3843 fuerit
2638 3762 2667 3822 l’
2703 3762 2856 3823 Hmc
2889 3761 2956 3820 in
2991 3757 3264 3837 epistola
3305 3757 3384 3817 ad
3418 3756 3610 3817 Nico-

305 3857 480 3920 laum
519 3857 900 3919 diaconum.
2755 3876 2760 3880 '
3597 3913 3602 3916 .

383 3956 563 4016 Paria
637 3963 790 4015 sunt
849 3953 915 4014 in
973 3955 1444 4016 commentario
1504 3956 1581 4016 ad
1643 3964 1834 4033 caput
1887 3975 1955 4017 ιιι
2011 3958 2284 4020 Joannis
2323 3982 2338 4020 :
2381 3981 2410 4014 α
2449 3955 2743 4019 Profecto
2780 3955 3100 4034 inquiunt
3145 3974 3160 4012 :
3203 3969 3349 4013 nam
3387 3951 3617 4028 (Joan-

300 4054 404 4114 nis
443 4055 557 4130 ιι)
592 4059 654 4112 et
691 4052 1036 4129 inspiravit
1068 4051 1429 4126 discipulis,
1466 4065 1528 4113 et
1568 4052 1733 4113 dixit
1773 4055 2100 4133 :Accipite
2157 4056 2477 4135 Spiritum
2543 4065 2861 4115 sanctum.
2925 4053 2979 4112 Ο
3013 4051 3516 4127 desipientiaml
3551 4047 3619 4110 Si

304 4162 459 4212 tunc
507 4149 684 4209 dedit
749 4148 1096 4226 discipulis
1137 4149 1477 4226 Spiritum,
1518 4151 1780 4226 quando
1869 4149 2249 4224 insuﬂ‘lavit,
2282 4153 2615 4230 quomodo
2652 4158 2871 4228 postea
2905 4149 3071 4208 dixit
3101 4148 3196 4209 eis
3227 4146 3474 4225 (Actor.
3518 4145 3560 4226 ι)
3602 4168 3616 4207 :

302 4248 657 4326 Accipietis
687 4249 990 4306 virtutem
1030 4249 1539 4326 supervenientis
1593 4250 1882 4326 Spiritus
1921 4253 2128 4312 sancti
2187 4268 2386 4329 super
2423 4269 2561 4317 vos.
2628 4268 2764 4309 non
2808 4257 2961 4327 post
3008 4246 3245 4306 multos
3278 4245 3389 4304 hos
3437 4244 3621 4306 dies?

306 4348 421 4410 γει
461 4343 795 4422 quomodo
828 4344 1185 4418 credimus,
1215 4343 1279 4405 in
1319 4349 1698 4408 Pentecoste
1758 4346 1995 4409 factum
2032 4350 2426 4410 descensum
2462 4346 2788 4426 Spiritus;
2824 4347 2877 4406 si
2929 4343 3201 4423 quidem
3247 4343 3312 4402 in
3355 4358 3624 4418 vespera

306 4441 810 4504 resurrectionis
884 4441 1068 4502 dedit
1141 4442 1376 4503 illum?
1458 4445 1643 4504 'l‘unc
1713 4444 1887 4505 enim
1963 4447 2333 4524 inspiravit.
2389 4447 2471 4507 At
2535 4443 2672 4508 haec
2725 4444 2998 4522 quidem
3063 4440 3249 4501 valde
3314 4438 3616 4500 ridicula.

304 4537 726 4601 Manifestum
761 4540 964 4614 enim,
1004 4541 1175 4615 quod
1214 4548 1363 4600 tunc
1423 4539 1558 4600 illis
1616 4543 1936 4619 Spiritum
1990 4551 2280 4603 sanctum
2338 4558 2467 4603 non
2529 4540 2815 4612 dederit,
2856 4539 2974 4602 sed
3050 4535 3285 4596 donum
3333 4535 3626 4614 Spiritus
3705 4595 3711 4608 ,

304 4638 554 4706 sancti,
613 4635 1070 4696 remissionem
1126 4637 1377 4698 scilicet
1432 4638 1697 4714 peccati.
1763 4639 1988 4699 Statim
2053 4641 2228 4702 enim
2297 4638 2526 4700 subdit
2596 4659 2609 4698 :
2679 4637 2972 4713 Quorum
3033 4634 3420 4695 remiseritis
3473 4652 3627 4712 pec-

304 4745 474 4802 cata,
512 4757 538 4789 ιο
587 4741 707 4794 etc.

390 4831 525 4892 Imo
562 4829 835 4890 ridicula
875 4827 1347 4908 TheOphylacti
1377 4833 1857 4908 argumentatio
1915 4842 2012 4895 est
2050 4853 2062 4894 :
2121 4851 2328 4913 seque
2394 4831 2747 4899 ridiculum
2786 4829 3048 4908 praebet,
3086 4829 3402 4890 doctrinm
3436 4847 3596 4907 repu

306 4944 516 5008 gnans
555 4943 750 5006 quam
814 4927 1008 4987 tradit
1059 4928 1345 5005 Cyrillus
1409 4929 1576 4990 inter
1628 4931 1910 5003 Grmcos,
1978 4940 2039 4994 et
2082 4929 2497 5009 Augustinus
2556 4929 2730 4990 inter
2768 4929 3057 4999 Latinos,
3093 4926 3626 5004 prmstantissimi

308 5027 552 5088 Patres.
617 5026 718 5086 Sic
767 5023 957 5085 habet
1004 5024 1142 5085 -iste
1191 5024 1357 5087 libro
1410 5045 1476 5095 ιι,
1546 5027 1709 5088 alias
1768 5047 1862 5098 ιιι,
1911 5030 2156 5092 Contra
2191 5030 2645 5091 Maximinum.
2684 5049 2713 5083 α
2781 5027 2872 5088 De
2913 5027 3096 5088 Patre
3130 5031 3227 5085 est
3262 5024 3504 5095 Filius,
3549 5024 3630 5084 de

310 5125 493 5184 Patre
525 5129 624 5183 est
652 5120 934 5199 Spiritus
959 5113 1266 5194 sanctus;
1301 5125 1410 5184 sed
1441 5124 1549 5183 ille
1589 5125 1878 5202 genitus,
1920 5127 2042 5188 iste
2085 5109 2492 5204 prooedens:
2533 5124 2684 5185 ideo
2721 5123 2832 5184 ille
2862 5121 3075 5183 Filius
3106 5128 3204 5183 est
3261 5121 3493 5188 Patris,
3549 5119 3630 5180 de

320 5239 453 5301 quo
487 5222 750 5300 genitus
781 5230 913 5292 est;
954 5221 1072 5282 iste
1104 5232 1317 5281 autem
1357 5223 1647 5301 Spiritus
1686 5227 2045 5305 utriusque,
2081 5223 2396 5302 quoniam
2429 5221 2503 5282 de
2563 5230 2836 5299 utroque
2878 5205 3202 5300 procedit.
3269 5220 3390 5279 Sed
3453 5218 3626 5289 ideo,

310 5333 457 5380 cum
505 5319 587 5377 de
636 5316 752 5376 illo
810 5316 1022 5377 Filius
1057 5318 1461 5393 loqueretur,
1498 5319 1580 5378 ait
1649 5319 1722 5379 de
1767 5321 1960 5381 Patre
1995 5319 2298 5400 procedit
2334 5342 2353 5380 :
2389 5320 2704 5399 quoniam
2743 5320 2924 5380 Pater
2961 5316 3409 5402 processionis
3483 5314 3629 5393 ejus

310 5421 407 5477 est
439 5422 684 5482 auctor,
714 5414 826 5491 qui
856 5413 1044 5474 talem
1086 5415 1327 5475 Filium
1369 5418 1628 5494 genuit,
1656 5427 1716 5478 et
1749 5418 2063 5495 gignendo
2099 5421 2155 5480 ei
2194 5419 2389 5488 dedit,
2427 5426 2498 5478 ut
2525 5418 2714 5477 etiam
2745 5416 2818 5476 de
2852 5415 2991 5493 ipso
3029 5412 3416 5493 procederet
3467 5414 3626 5492 Spi-

310 5514 482 5575 ritus
513 5523 795 5572 sanctus.
832 5514 987 5572 Nam
1035 5515 1160 5571 nisi
1218 5515 1595 5589 procederet
1629 5525 1692 5577 et
1732 5520 1810 5577 de
1849 5519 2015 5593 ipso,
2047 5534 2174 5577 non
2207 5516 2453 5575 diceret
2508 5512 2858 5591 discipulis
2899 5529 2911 5572 :
2958 5511 3252 5591 Accipite
3307 5512 3628 5598 Spiritum

310 5620 639 5677 sanctum;
675 5624 958 5687 eumque
986 5609 1377 5688 insit/ﬂando
1404 5613 1608 5684 daret,
1655 5622 1722 5675 ut
1753 5633 1790 5672 a
1824 5634 1886 5673 se
1918 5633 2162 5694 quoque
2187 5614 2532 5691 procedere
2567 5611 3212 5691 signiﬁcans,apertc
3245 5610 3627 5672 Ostenderet

310 5706 551 5786 ﬂando,
589 5707 763 5786 quod
796 5705 1108 5784 spirando
1139 5707 1329 5767 dabat
1358 5709 1637 5770 occulte.
1679 5734 1707 5771 ν

393 5805 668 5867 Gemina
728 5811 879 5864 sunt
930 5820 1078 5889 quae
1133 5802 1396 5864 disserit
1448 5805 1734 5882 Cyrillus
1809 5808 2304 5872 Alexandrinus.
2354 5809 2518 5870 libro
2574 5826 2662 5868 xu
2724 5809 2795 5869 In
2837 5809 3208 5869 Joannem:
3247 5805 3481 5866 Statim
3529 5821 3629 5866 eos
