4262 6432
714 403 787 466 91
1562 388 1786 450 BERN.
1830 386 2097 447 MARHI
2136 385 2231 444 DE
2273 381 2556 445 RUBEIS
2596 376 3101 441 DISSERTATIO
3881 376 3960 438 92

712 511 1112 590 sanctiﬁcat,
1157 508 1483 583 mnifesto
1542 502 1878 581 insufﬂat-u
1931 500 2241 576 Spiritum
2279 500 2366 559 eis
2414 492 2728 573 largiens;
2781 500 2857 590 ut
2905 499 2967 551 et
3023 506 3140 590 nos
3173 485 3453 590 lirtuiter
3514 485 3964 590 credere-inus,

712 579 997 673 alienum
1044 622 1168 667 non
1229 579 1373 664 esse
1430 617 1462 661 a
1521 579 1698 660 Filio
1753 597 2090 674 Spiritum,
2124 594 2229 653 sed
2260 597 2315 653 ei
2353 613 2395 653 ci

2296 597 2315 653 i
2353 588 2979 656 consubstantialem,
3017 595 3073 645 et
3115 583 3185 634 δι’
3218 580 3387 641 αὑτοῦ
3439 580 3645 651 προῖὼν
3685 582 3745 634 τὸ
3773 583 3838 633 ἐκ
3869 579 3970 634 τοῦ

717 704 954 774 Πατρδς.
1002 717 1118 779 per
1164 701 1369 776 ipsum
1407 713 1486 755 ea:
1540 694 1730 755 Patre
1779 692 2236 772 procedentem.
2276 689 2350 748 Et
2392 686 2554 747 libro
2586 680 2660 744 ix
2713 680 3113 779 prmcedente
3146 680 3221 740 a.l
3255 687 3442 755 catiut
3475 695 3585 739 xxv
3637 680 3908 779 Joannis
3949 702 3967 740 :

719 799 971 861 Idcirco
1003 775 1206 856 enim,
1239 793 1528 854 Christus
1586 790 1940 870 insufﬂarit
1986 782 2448 865 corporaliter,
2511 777 2839 839 ostendens
2888 775 3055 855 quod
3133 778 3300 836 sicut
3371 794 3451 834 ex
3507 792 3614 835 ore
3690 776 3973 836 humano

719 895 989 975 spiritus
1016 892 1238 969 prodit
1259 887 1705 965 corporaliter,
1733 888 1825 946 sic
1856 902 1935 955 ea:
1981 883 2197 943 divina
2242 878 2624 975 substantia,
2676 876 2911 975 Deitati
2949 873 3424 975 convenienter1
3454 874 3741 941 προχεῖται
3775 871 3971 975 ,τὸ-εξ

719 967 907 1055 aii-:06,
942 967 1224 1062 Spiritus
1254 986 1363 1063 qui
1406 1002 1483 1042 ea:
1530 1000 1598 1042 eo
1650 981 1864 1062 (Filio)
1896 988 2008 1051 est,
2037 974 2481 1057 profunditur.
2518 972 2659 1034 Alia
2716 971 2902 1032 habet
2947 969 3157 1036 lectio.
3197 968 3257 1033 ἐξ
3291 968 3486 1037 αὐτῆς,
3543 986 3621 1028 ea:
3651 988 3719 1027 ea
3750 967 3975 1028 divina

718 1082 1095 1151 substantia,
1133 1081 1359 1158 utique
1385 1078 1557 1139 Filii.
1593 1076 1934 1153 Perspicue
1964 1077 2174 1135 Patres
2205 1072 2267 1131 hi
2301 1070 2454 1139 duo,
2477 1068 2869 1147 quibuscum
2894 1064 3413 1143 'l‘heOphylactus
3447 1066 3804 1145 comparari
3837 1082 3970 1125 non

720 1186 953 1256 potest,
990 1192 1117 1237 non
1153 1174 1363 1235 solum
1395 1176 1561 1233 dona
1594 1180 1797 1232 creata
1855 1170 1921 1231 in
1958 1168 2268 1231 missione
2306 1165 2585 1242 Spiritus
2635 1162 2840 1224 sancti
2894 1178 2930 1223 a
2977 1162 3145 1222 Filio
3197 1161 3531 1235 distribui,
3587 1162 3699 1222 sed
3758 1162 3971 1239 ipsam

717 1274 910 1334 etiam
944 1274 1173 1333 docent
1206 1270 1488 1329 divinam
1515 1266 1715 1328 sancti
1753 1265 2031 1342 Spiritus
2067 1277 2402 1341 personam
2437 1262 2573 1321 dari
2614 1281 2629 1321 :
2687 1259 2982 1338 adeoque
3024 1258 3293 1338 probant
3330 1276 3407 1321 ex
3442 1256 3898 1337 consequenti,
3935 1272 3974 1317 α

719 1370 886 1431 Filio
921 1378 1158 1430 mterna
1193 1365 1606 1445 processione
1640 1362 1949 1443 Spiritum
1992 1368 2285 1422 sanctum
2323 1357 2600 1435 prodire.

802 1464 943 1542 (10.)
975 1464 1053 1523 In
1104 1481 1176 1523 ea
1220 1460 1681 1538 insui/latione,
1739 1458 1951 1537 inquit
1998 1457 2129 1527 ille,
2187 1457 2378 1516 unius
2412 1462 2656 1513 tantum
2686 1451 3083 1512 charismatis
3119 1450 3248 1529 fuit
3281 1450 3566 1523 donatio,
3599 1465 3734 1507 non
3765 1448 3975 1508 totius

713 1559 996 1637 Spiritus
1026 1560 1252 1618 sancti.
1286 1556 1590 1634 Alioquin
1625 1553 1931 1634 quomodo
1981 1572 2046 1614 se
2082 1552 2335 1613 haberet
2369 1549 2531 1611 illud
2564 1570 2583 1609 :
2614 1548 2834 1609 Sinon
2884 1546 3124 1617 abiero,
3162 1544 3533 1604 Paracletus
3593 1561 3723 1602 non
3768 1544 3978 1603 veniet

715 1653 795 1713 ad
836 1656 993 1715 vos?
1053 1652 1337 1714 Nimium
1408 1667 1621 1712 crasse
1684 1658 1747 1711 et
1787 1649 2079 1711 ridicule.
2133 1648 2404 1721 Quoties
2463 1661 2743 1723 namque
2810 1642 3085 1704 mittitur
3152 1642 3471 1715 daturque
3510 1639 3793 1715 Spiritus
3825 1655 3981 1701 san-

717 1758 881 1822 ctus,
953 1750 1137 1810 datur
1188 1765 1257 1809 ac
1329 1747 1604 1808 mittitur
1654 1753 1864 1816 totus,
1925 1762 2071 1807 cum
2122 1746 2206 1806 sit
2252 1759 2423 1806 unus
2485 1750 2548 1803 et
2591 1739 3145 1817 simplicissimus.
3203 1736 3298 1797 Ad
3354 1737 3732 1798 charismata
3795 1737 3981 1797 redi-

716 1847 891 1925 gitur
949 1844 1286 1905 diversitas
1340 1852 1464 1903 tota
1531 1863 1546 1903 :
1604 1858 1722 1905 nec
1780 1838 1950 1902 enim
2030 1841 2339 1907 cuilibet,
2397 1854 2468 1898 ac
2524 1852 2779 1913 semper
2835 1834 3054 1896 omnia
3115 1832 3497 1895 charismata
3558 1832 3700 1912 ejus
3744 1832 3976 1892 distri-

718 1943 1033 2010 buuntur;
1072 1957 1289 2001 verum
1318 1942 1469 2007 inec,
1506 1946 1720 1998 etnon
1778 1937 1924 2009 alia,
1959 1953 2030 1998 ac
2086 1937 2283 2013 magis
2316 1935 2662 2012 minusque
2715 1933 3097 2009 prmstantia,
3137 1948 3249 2008 pro
3275 1928 3552 2009 gratuito
3578 1929 3691 1991 Dei
3730 1927 3981 1991 favore.

798 2038 1345 2116 Supervacaneum
1379 2034 1577 2095 infers
1611 2033 1946 2113 adventum
1972 2034 2260 2110 Spiritus
2294 2032 2499 2091 sancti
2552 2031 2623 2090 in
2674 2029 2774 2090 die
2825 2031 3242 2090 Pentecostes.
3302 2052 3330 2085 α
3380 2027 3523 2088 Haec
3573 2027 3797 2088 dicens
3845 2044 3977 2088 non

727 2134 928 2205 novit,
956 2148 1024 2191 ea
1058 2131 1475 2191 contentiosa)
1498 2131 1730 2190 montis
1762 2146 1905 2190 esse
1935 2138 2291 2190 commenta
2325 2127 2540 2207 (verba
2560 2130 2995 2191 suntJoannis
3027 2127 3204 2187 Becci
3240 2143 3419 2187 num.
3442 2126 3566 2207 68).
3592 2124 3774 2186 Unde
3800 2124 3981 2183 enim

720 2225 932 2295 habet,
964 2226 1065 2287 die
1095 2228 1513 2297 Pentecostes,
1542 2226 1827 2303 Spiritus
1857 2225 2210 2293 adventum,
2233 2224 2292 2284 si
2321 2220 2596 2304 ejusdem
2641 2226 2770 2303 fuit
2793 2224 3107 2302 Spiritus,
3154 2240 3699 2300 supervacaneum.
3723 2222 3925 2299 fuisse
3949 2221 3982 2280 ἲ

720 2329 1003 2403 Namqu
1038 2323 1092 2388 si
1126 2322 1225 2386 die
1249 2322 1645 2386 Pentecostes
1673 2323 2021 2381 adventum
2055 2336 2608 2396 supervacaneum
2655 2320 2970 2392 decernit,
3003 2320 3060 2381 si
3087 2316 3362 2399 ejusdem
3391 2327 3478 2378 est
3511 2318 3799 2398 Spiritus
3831 2326 3985 2378 ante

719 2421 1127 2483 Pentecosten
1158 2421 1499 2501 insit/ﬂeti,
1560 2421 1776 2481 multm
1801 2418 2090 2497 ejusdem
2130 2416 2408 2495 Spiritus
2446 2420 2892 2481 redundantia:
2916 2416 3402 2493 comparebunt,
3434 2415 3609 2495 quod
3672 2421 3987 2476 extremm

718 2522 1131 2582 absurditatis
1162 2528 1281 2580 est.
1313 2522 1398 2580 Ex
1432 2536 1561 2598 quo
1585 2520 1756 2578 enim
1800 2516 2079 2596 primum
2112 2524 2322 2577 creato
2354 2516 2597 2577 homini
2634 2518 2704 2578 in
2737 2516 3008 2576 animam
3050 2516 3357 2576 viventem
3418 2510 3782 2572 insulﬂatus
3842 2520 3982 2587 est;

719 2614 990 2677 diversis
1022 2616 1393 2677 adventibus
1434 2616 1839 2693 postmodum
1899 2615 1975 2675 ad
2038 2613 2271 2693 dignos
2340 2613 2708 2687 descendit;
2748 2618 2826 2685 et
2885 2610 3319 2671 nihilominus
3379 2610 3527 2670 licet
3555 2610 3630 2669 ad
3668 2607 3887 2687 plures
3921 2618 3986 2670 et
4026 2657 4040 2665 .

719 2714 956 2791 sumius
988 2714 1420 2786 descenderit,
1484 2728 1818 2789 nunquam
1882 2719 2092 2771 tamen
2166 2710 2338 2772 ullus
2373 2709 2551 2770 illius
2602 2710 2921 2769 adventus
2952 2724 3457 2785 supervacaneus
3490 2714 3823 2783 reputatus
3858 2715 3982 2768 est.

719 2809 974 2886 {XLIV}
1007 2809 1245 2868 Verum
1282 2808 1620 2886 Bulgarus,
1662 2808 1714 2867 si
1749 2808 1919 2883 quod
1960 2816 2105 2866 ante
2128 2805 2543 2866 Pentecoste-n
2572 2802 2942 2883 insufﬂatus
2970 2812 3083 2876 est,
3112 2803 3465 2865 adventum
3502 2801 3688 2863 illius
3715 2804 3781 2863 in
3821 2803 3985 2863 Pen-

722 2913 949 2964 tecoste
977 2911 1083 2965 aut
1134 2921 1665 2981 supervacaneum
1700 2904 1834 2963 vult
1894 2904 2136 2974 dicere,
2198 2911 2310 2962 aut
2353 2902 2620 2961 alterius
2649 2901 2937 2978 Spiritus
2970 2900 3317 2961 adventum
3351 2918 3365 2961 :
3412 2919 3537 2964 non
3573 2904 3785 2963 solum
3848 2908 3987 2960 tum

723 3019 1196 3079 supervacanee
1227 3000 1563 3062 aﬂirmabit
1593 2999 2010 3060 descendisse
2045 3000 2353 3076 Spiritum
2387 2996 2756 3073 discipulis,
2794 2996 2905 3056 sed
2957 3003 3019 3057 et
3052 3004 3199 3057 ante
3234 2996 3299 3058 in
3337 2998 3716 3058 Pentecoste
3748 2997 3993 3057 adven-

724 3108 898 3172 tum;
934 3110 994 3160 et
1026 3116 1169 3160 cum
1200 3099 1347 3161 huic
1390 3098 1484 3158 vel
1523 3097 1712 3157 alteri
1738 3098 2214 3175 prophetarum,
2255 3094 2382 3156 alio
2407 3105 2591 3175 atque
2638 3095 2765 3157 alio
2793 3106 3093 3170 tempore,
3131 3105 3190 3157 et
3239 3096 3443 3157 modis
3475 3097 3743 3158 diversis
3794 3098 3992 3158 adve-

725 3196 935 3267 niens,
970 3197 1327 3255 associatus
1387 3204 1506 3253 est.
1550 3195 1701 3254 Nam
1747 3192 1799 3251 si
1835 3208 2008 3252 nunc
2041 3191 2104 3252 in
2162 3193 2368 3269 forma
2402 3194 2748 3271 ignitarum
2800 3194 3190 3272 linguarum,
3251 3202 3387 3255 tum
3426 3205 3579 3255 vero
3618 3210 3743 3256 non
3782 3194 3987 3257 simili

725 3291 974 3353 ratione
1018 3291 1498 3368 acceptantibus
1530 3289 1909 3350 adveniebat
1949 3307 1963 3345 :
2014 3288 2441 3349 nihilominus
2476 3290 2634 3350 idem
2664 3287 3033 3350 adveniebat
3061 3289 3370 3369 Spiritus,
3409 3296 3473 3351 et
3504 3291 3726 3351 nullus
3770 3291 3988 3352 vario-

727 3404 865 3449 rum
903 3386 1181 3465 Spiritus
1204 3386 1596 3447 adventuum
1629 3403 2130 3462 supervacaneus
2166 3385 2649 3462 nuncupabitur
2680 3388 2759 3446 ab
2796 3385 2926 3447 illis
2972 3386 3085 3464 qui
3124 3403 3237 3465 per
3272 3392 3475 3447 rectas
3509 3386 3990 3464 Scripturarum

721 3484 984 3546 semitas
1019 3483 1281 3563 prOpria
1316 3483 1585 3561 vestigia
1624 3482 1937 3559 dirigunt.
1985 3505 2013 3538 ι»

803 3580 1152 3656 Quomodo,
1208 3580 1461 3657 reponit
1508 3579 1641 3649 ille,
1668 3598 1731 3638 se
1771 3579 1932 3639 illud
1958 3578 2142 3641 habet
2178 3600 2198 3639 :
2243 3581 2315 3645 Si
2371 3598 2479 3659 ego
2522 3600 2651 3643 non
2694 3582 2956 3643 abiero?
2991 3589 3111 3643 etc.
3158 3602 3188 3637 α
3246 3581 3395 3643 Haec
3450 3582 3746 3644 enuntiat
3780 3583 3993 3663 (Becci

722 3677 1064 3754 respcnsio
1098 3676 1243 3755 est),
1280 3678 1586 3753 ignorans
1611 3678 1677 3736 in
1699 3695 2006 3753 corporea
2035 3678 2237 3755 specie
2274 3677 2625 3755 ignitarum
2682 3676 3045 3756 linguarum
3098 3677 3380 3756 Spiritus
3428 3678 3775 3740 adventum
3833 3666 3991 3758 pm-

723 3774 993 3835 missum
1088 3772 1293 3835 fuisse
1378 3772 1718 3851 discipulis
1809 3790 1843 3833 a
1931 3777 2290 3835 Servatore.
2360 3774 2542 3849 Opus
2634 3775 2808 3835 enim
2897 3782 3056 3847 erat,
3120 3792 3267 3836 cum
3348 3775 3650 3837 Servator
3718 3792 4015 3854 corpore'

725 3872 1065 3932 nobiscum
1096 3878 1385 3932 versatus
1432 3869 1690 3944 fuisset,
1735 3871 2046 3948 Spiritum
2094 3873 2286 3932 etiam
2326 3889 2597 3951 corpore
2649 3888 3050 3950 comparere,
3080 3871 3398 3934 utverbis
3424 3872 3640 3952 Magni
3686 3874 3991 3949 Gregorii

724 3976 891 4031 utar.
932 3992 960 4025 ››
985 3971 1164 4032 Adde
1194 3970 1729 4033 abundantiorem
1762 3969 2217 4031 charismatum
2266 3969 2699 4048 largitionem,
2736 3984 2927 4048 quam
2956 3969 3022 4030 in
3061 3972 3438 4032 Pentecoste
3458 3968 3673 4031 attulit
3707 3969 3992 4049 Spiritus

724 4067 1103 4130 adveniens.

803 4162 1089 4240 Hujusce
1131 4164 1389 4225 demum
1414 4166 1733 4226 missionis
1766 4164 1929 4225 hanc
1966 4164 2198 4225 habeto
2245 4163 2583 4225 clariorem
2616 4162 3120 4239 expositionem.
3176 4163 3396 4223 Rebus
3449 4161 3758 4223 omnibus
3805 4164 3995 4224 adest

724 4257 954 4320 intime
982 4262 1152 4321 Deus
1186 4278 1306 4338 per
1359 4262 1713 4331 essentiam,
1768 4268 1830 4320 et
1897 4261 2313 4338 prwsentiam,
2363 4267 2425 4321 et
2451 4260 2802 4339 potentiam
2836 4258 3089 4337 :‘idque
3123 4258 3313 4319 habet
3343 4275 3375 4320 a
3417 4260 3551 4320 Deo
3577 4259 3757 4321 Patre
3817 4261 3995 4321 Deus

723 4355 960 4428 Filius,
1019 4364 1078 4417 et
1134 4356 1318 4417 habet
1352 4373 1384 4417 a
1432 4359 1609 4418 Patre
1666 4366 1726 4418 et
1782 4356 1951 4418 Filio
2024 4360 2198 4418 Deus
2237 4357 2516 4433 Spiritus
2550 4363 2840 4418 sanctus.
2880 4357 2996 4415 Per
3029 4354 3495 4416 charismatum
3532 4355 3995 4433 elargitionem

727 4469 933 4515 novus
966 4455 1256 4529 exsurgit
1293 4455 1466 4516 velut
1502 4457 1853 4532 prmsentim
1888 4456 2117 4516 modus
2154 4477 2167 4515 :
2202 4455 2313 4533 qui
2348 4453 2549 4530 magis
2578 4452 2925 4530 minusque
2974 4452 3280 4529 Specialis
3322 4462 3417 4513 est
3458 4469 3569 4530 pro
3601 4453 3726 4513 dati
3777 4453 3993 4514 chari-

726 4550 948 4610 smatis
978 4552 1351 4612 conditione
1385 4562 1447 4612 et
1477 4552 1857 4628 prmstantia.
1882 4552 2045 4611 Hinc
2076 4552 2352 4627 Spiritus
2396 4556 2680 4621 sanctus,
2704 4568 2738 4611 a
2776 4552 2956 4612 Patre
2984 4558 3045 4609 et
3068 4549 3292 4611 aFilio
3319 4550 3583 4620 missus,
3610 4566 3777 4611 novo
3798 4553 3996 4612 modo

726 4642 1011 4705 absolute
1048 4659 1103 4706 et
1129 4645 1526 4725 simpliciter,
1564 4656 1633 4707 ut
1669 4647 1998 4723 inquiunt,
2038 4648 2269 4707 adesse
2304 4646 2567 4715 dicitur,
2615 4658 2677 4705 et
2711 4645 3071 4707 inhabitare
3108 4647 3168 4706 in
3224 4646 3307 4707 iis
3363 4648 3473 4725 qui
3512 4648 3731 4726 gratim
3765 4649 4001 4708 sancti-

724 4740 973 4803 ﬁcantis
1006 4742 1319 4804 charisma
1354 4742 1721 4819 recipiunt:
1763 4742 1877 4803 sed
1916 4744 2107 4802 etiam
2137 4757 2302 4802 novo
2337 4742 2560 4821 aliquo
2590 4741 2781 4801 modo
2816 4760 2925 4819 per
2980 4744 3168 4805 iidem
3207 4745 3653 4817 peccatoribus
3689 4745 3992 4807 ﬁdelibus

727 4838 1080 4912 inexsistit,
1140 4847 1200 4899 et
1258 4838 1722 4917 paenitentibus
1779 4856 1889 4915 per
1924 4837 2367 4911 dilectionem,
2400 4838 2745 4899 secundum
2802 4838 2955 4916 quid
2989 4848 3047 4897 et
3077 4838 3468 4918 imperfecte.
3516 4841 3676 4914 Qum
3725 4843 3995 4903 demunt

727 4934 945 4995 omnia
977 4935 1063 4996 ita
1114 4934 1433 5015 intellige,
1462 4943 1531 4997 ut
1586 4953 1729 4998 eum
1763 4937 1901 5014 ipso
1937 4936 2185 5013 Spiritu
2238 4945 2482 5007 sancto,
2534 4935 2645 5013 qui
2703 4935 3005 5002 mittitur.
3042 4950 3455 4997 communem
3484 4936 3761 4998 habeant
3808 4939 3996 4999 Pater

724 5032 918 5093 etiam
957 5038 1020 5093 et
1069 5032 1273 5094 Filius
1310 5050 1533 5095 novam
1575 5034 1778 5112 ipsam
1830 5034 2251 5110 praesentiam,
2297 5042 2360 5095 et
2394 5032 2929 5094 inhabitationem
2963 5033 3213 5094 ratione
3239 5034 3391 5095 doni
3452 5037 3775 5105 concessi,
3808 5036 3990 5113 quod

727 5128 916 5190 simul
964 5130 1039 5191 ad
1066 5137 1243 5192 extra
1285 5138 1411 5193 tota
1462 5140 1768 5207 operatur
1798 5133 2196 5193 sanctissima
2222 5130 2502 5192 Trinitas
2537 5150 2552 5192 :
2588 5147 2659 5191 ac
2701 5137 3004 5209 prmterea
3043 5130 3105 5191 in
3147 5147 3219 5192 ea
3254 5149 3365 5209 per
3398 5132 3667 5209 gratiam
3702 5133 3994 5194 sanctiﬁ-

727 5232 975 5286 cantem
1027 5226 1226 5303 justis
1291 5229 1357 5287 in
1407 5226 1787 5288 hominibus
1819 5227 2315 5300 inhabitatione,
2358 5227 2694 5305 quidpiam
2750 5228 3123 5288 inveniatur
3175 5229 3351 5306 quod
3423 5229 3629 5305 ipsius
3698 5246 3998 5305 personm

729 5320 1009 5398 Spiritus
1048 5322 1247 5383 sancti
1284 5323 1616 5399 proprium
1650 5323 1755 5395 sit,
1787 5325 1986 5384 veluti
2029 5324 2329 5400 specialis
2368 5325 2661 5403 quasdam
2696 5323 2990 5402 ejusdem
3050 5341 3343 5403 personae
3373 5326 3449 5387 ad
3488 5326 3767 5386 animam
3826 5326 3997 5405 justi

724 5418 1095 5497 applicatio.
1133 5420 1221 5479 ita
1252 5418 1667 5499 frequentius
1729 5422 1939 5482 Latini
1991 5422 2335 5500 scriptores
2392 5423 2647 5485 docent.
2686 5424 3073 5502 Aquinatem
3131 5425 3545 5503 potissimum
3598 5426 3895 5509 consule,
3933 5435 4002 5489 et

729 5518 1083 5587 Patavium,
1120 5524 1182 5577 et
1214 5518 1625 5578 Franciscum
1666 5519 1987 5596 Sylvium.

812 5612 959 5693 (11.)
995 5616 1127 5673 Alia
1180 5613 1459 5691 profero,
1522 5633 1666 5693 quae.
1702 5617 1763 5676 in
1790 5616 2066 5691 epistola
2120 5616 2197 5678 ad
2250 5615 2587 5678 Nicolaum
2642 5617 2987 5679 diaconum
3042 5618 3573 5698 TheOphylactus
3632 5618 4002 5682 accumulat

727 5720 1107 5789 argumenta
1138 5729 1151 5766 :
1188 5712 1286 5785 Id,
1308 5711 1474 5791 quod
1501 5713 1583 5773 ad
1616 5712 2045 5774 exsistendum
2074 5732 2232 5792 opus
2263 5714 2445 5775 habet
2497 5712 2741 5775 duobus
2774 5716 3141 5795 principiis,
3206 5716 3303 5777 vel
3335 5716 3538 5796 majus
3577 5724 3667 5775 est
3702 5734 3769 5775 co
3829 5716 4002 5793 quod

726 5807 801 5869 ab
840 5826 963 5869 uno
984 5810 1307 5889 principio
1341 5823 1450 5883 est,
1516 5812 1612 5873 vel
1646 5811 2017 5891 wquale,vel
2040 5813 2269 5876 minus.
2297 5809 2417 5873 Sed
2460 5810 2692 5889 tremule
2727 5828 2855 5869 esse
2885 5830 3011 5870 non
3042 5814 3297 5891 potest:
3329 5814 3497 5893 foret
3546 5811 3708 5872 enim
3760 5811 3837 5872 ab
3869 5828 3999 5871 uno
