  <div class='ocr_page' id='page_1' title='image "/cluster/home/n/w/nwhite01/storage/ocr_20150623/123/nnc1.0046979670/054.png"; bbox 0 0 4262 6432; ppageno 0'>
   <div class='ocr_carea' id='block_1_1' title="bbox 287 365 3589 441">
    <p class='ocr_par' dir='ltr' id='par_1_1' title="bbox 287 365 3589 441">
     <span class='ocr_line' id='line_1_1' title="bbox 287 365 3589 441; baseline -0.003 0"><span class='ocrx_word' id='word_1_1' title='bbox 287 370 365 441; x_wconf 63' lang='grc' dir='ltr'><strong>π</strong></span> <span class='ocrx_word' id='word_1_2' title='bbox 1151 377 1251 440; x_wconf 79' lang='grc' dir='ltr'>ΒΕ</span> <span class='ocrx_word' id='word_1_3' title='bbox 1287 370 1878 439; x_wconf 71' lang='lat' dir='ltr'><strong><em>THEOPHYLACTI</em></strong></span> <span class='ocrx_word' id='word_1_4' title='bbox 1917 371 2194 438; x_wconf 83' lang='lat' dir='ltr'><strong><em>GESTIS</em></strong></span> <span class='ocrx_word' id='word_1_5' title='bbox 2226 372 2329 435; x_wconf 82' lang='lat' dir='ltr'><strong>ET</strong></span> <span class='ocrx_word' id='word_1_6' title='bbox 2360 373 2742 436; x_wconf 81' lang='lat' dir='ltr'><strong><em>SCRIPTIS.</em></strong></span> <span class='ocrx_word' id='word_1_7' title='bbox 3488 365 3589 432; x_wconf 63' lang='lat'><strong><em>.94</em></strong></span> 
     </span>
    </p>
   </div>
   <div class='ocr_carea' id='block_1_2' title="bbox 284 485 3589 573">
    <p class='ocr_par' dir='ltr' id='par_1_2' title="bbox 284 485 3589 573">
     <span class='ocr_line' id='line_1_2' title="bbox 284 485 3589 573; baseline -0.003 -20"><span class='ocrx_word' id='word_1_8' title='bbox 284 493 642 573; x_wconf 76' lang='lat' dir='ltr'><strong><em>principio,</em></strong></span> <span class='ocrx_word' id='word_1_9' title='bbox 678 500 737 554; x_wconf 93' lang='lat' dir='ltr'><strong><em>et</em></strong></span> <span class='ocrx_word' id='word_1_10' title='bbox 766 509 892 554; x_wconf 92' lang='lat' dir='ltr'><strong><em>non</em></strong></span> <span class='ocrx_word' id='word_1_11' title='bbox 923 490 1136 554; x_wconf 99' lang='lat' dir='ltr'><strong><em>aliter.</em></strong></span> <span class='ocrx_word' id='word_1_12' title='bbox 1177 491 1592 570; x_wconf 75' lang='lat' dir='ltr'><strong><em>Relinquitur</em></strong></span> <span class='ocrx_word' id='word_1_13' title='bbox 1635 506 1784 564; x_wconf 86' lang='lat' dir='ltr'><strong><em>ergo</em></strong></span> <span class='ocrx_word' id='word_1_14' title='bbox 1818 501 1947 548; x_wconf 87' lang='lat' dir='ltr'><strong><em>esse</em></strong></span> <span class='ocrx_word' id='word_1_15' title='bbox 1969 490 2200 568; x_wconf 85' lang='lat' dir='ltr'><strong><em>majus,</em></strong></span> <span class='ocrx_word' id='word_1_16' title='bbox 2235 485 2336 548; x_wconf 81' lang='lat' dir='ltr'><strong><em>vel</em></strong></span> <span class='ocrx_word' id='word_1_17' title='bbox 2365 489 2654 548; x_wconf 90' lang='lat' dir='ltr'><strong><em>minus...</em></strong></span> <span class='ocrx_word' id='word_1_18' title='bbox 2719 485 2939 564; x_wconf 77' lang='lat' dir='ltr'><strong><em>Igitur</em></strong></span> <span class='ocrx_word' id='word_1_19' title='bbox 3000 485 3293 564; x_wconf 89' lang='lat' dir='ltr'><strong><em>Spiritus</em></strong></span> <span class='ocrx_word' id='word_1_20' title='bbox 3329 493 3589 544; x_wconf 82' lang='lat' dir='ltr'><strong><em>sanctus</em></strong></span> 
     </span>
    </p>
   </div>
   <div class='ocr_carea' id='block_1_3' title="bbox 286 583 3592 669">
    <p class='ocr_par' dir='ltr' id='par_1_3' title="bbox 286 583 3592 669">
     <span class='ocr_line' id='line_1_3' title="bbox 286 583 3592 669; baseline -0.002 -19"><span class='ocrx_word' id='word_1_21' title='bbox 286 589 412 650; x_wconf 88' lang='lat' dir='ltr'><strong><em>erit</em></strong></span> <span class='ocrx_word' id='word_1_22' title='bbox 441 591 648 669; x_wconf 87' lang='lat' dir='ltr'><strong><em>major</em></strong></span> <span class='ocrx_word' id='word_1_23' title='bbox 675 589 845 650; x_wconf 86' lang='lat' dir='ltr'><strong><em>Filio</em></strong></span> <span class='ocrx_word' id='word_1_24' title='bbox 875 589 1013 666; x_wconf 89' lang='lat' dir='ltr'><strong><em>(qui</em></strong></span> <span class='ocrx_word' id='word_1_25' title='bbox 1047 587 1128 648; x_wconf 89' lang='lat' dir='ltr'><strong><em>ab</em></strong></span> <span class='ocrx_word' id='word_1_26' title='bbox 1157 585 1357 669; x_wconf 85' lang='lat' dir='ltr'><strong><em>uno);</em></strong></span> <span class='ocrx_word' id='word_1_27' title='bbox 1394 595 1458 648; x_wconf 91' lang='lat' dir='ltr'><strong><em>et</em></strong></span> <span class='ocrx_word' id='word_1_28' title='bbox 1489 603 1639 648; x_wconf 87' lang='lat' dir='ltr'><strong><em>ecce</em></strong></span> <span class='ocrx_word' id='word_1_29' title='bbox 1698 600 1930 647; x_wconf 87' lang='lat' dir='ltr'><strong><em>novam</em></strong></span> <span class='ocrx_word' id='word_1_30' title='bbox 1966 585 2384 663; x_wconf 75' lang='lat' dir='ltr'><strong><em>impietatem.</em></strong></span> <span class='ocrx_word' id='word_1_31' title='bbox 2414 585 2530 644; x_wconf 83' lang='lat' dir='ltr'><strong><em>Vel</em></strong></span> <span class='ocrx_word' id='word_1_32' title='bbox 2567 593 2663 645; x_wconf 88' lang='lat' dir='ltr'><strong><em>est</em></strong></span> <span class='ocrx_word' id='word_1_33' title='bbox 2699 585 2912 645; x_wconf 91' lang='lat' dir='ltr'><strong><em>minor</em></strong></span> <span class='ocrx_word' id='word_1_34' title='bbox 2953 583 3148 658; x_wconf 80' lang='lat' dir='ltr'><strong><em>Filio,</em></strong></span> <span class='ocrx_word' id='word_1_35' title='bbox 3171 584 3388 660; x_wconf 87' lang='lat' dir='ltr'><strong><em>sicque</em></strong></span> <span class='ocrx_word' id='word_1_36' title='bbox 3420 583 3592 642; x_wconf 85' lang='lat' dir='ltr'><strong><em>revi-</em></strong></span> 
     </span>
    </p>
   </div>
   <div class='ocr_carea' id='block_1_4' title="bbox 282 678 3588 764">
    <p class='ocr_par' dir='ltr' id='par_1_4' title="bbox 282 678 3588 764">
     <span class='ocr_line' id='line_1_4' title="bbox 282 678 3588 764; baseline -0.002 -18"><span class='ocrx_word' id='word_1_37' title='bbox 282 686 475 747; x_wconf 79' lang='lat' dir='ltr'><strong><em>oiscit</em></strong></span> <span class='ocrx_word' id='word_1_38' title='bbox 496 685 987 748; x_wconf 73' lang='lat' dir='ltr'><strong><em>Macedonius...</em></strong></span> <span class='ocrx_word' id='word_1_39' title='bbox 1027 685 1099 747; x_wconf 94' lang='lat' dir='ltr'><strong><em>Si</em></strong></span> <span class='ocrx_word' id='word_1_40' title='bbox 1120 684 1293 745; x_wconf 89' lang='lat' dir='ltr'><strong><em>Filio</em></strong></span> <span class='ocrx_word' id='word_1_41' title='bbox 1320 684 1527 764; x_wconf 85' lang='lat' dir='ltr'><strong><em>major</em></strong></span> <span class='ocrx_word' id='word_1_42' title='bbox 1559 690 1649 742; x_wconf 88' lang='lat' dir='ltr'><strong><em>est</em></strong></span> <span class='ocrx_word' id='word_1_43' title='bbox 1685 681 1882 742; x_wconf 90' lang='lat' dir='ltr'><strong><em>Pater</em></strong></span> <span class='ocrx_word' id='word_1_44' title='bbox 1910 683 1980 742; x_wconf 92' lang='lat' dir='ltr'><strong><em>in</em></strong></span> <span class='ocrx_word' id='word_1_45' title='bbox 2031 700 2123 754; x_wconf 90' lang='lat' dir='ltr'><strong><em>eo,</em></strong></span> <span class='ocrx_word' id='word_1_46' title='bbox 2157 679 2328 759; x_wconf 91' lang='lat' dir='ltr'><strong><em>quod</em></strong></span> <span class='ocrx_word' id='word_1_47' title='bbox 2358 699 2554 742; x_wconf 88' lang='lat' dir='ltr'><strong><em>causa</em></strong></span> <span class='ocrx_word' id='word_1_48' title='bbox 2586 683 2720 764; x_wconf 86' lang='lat' dir='ltr'><strong><em>ejus</em></strong></span> <span class='ocrx_word' id='word_1_49' title='bbox 2755 691 2847 741; x_wconf 88' lang='lat' dir='ltr'><strong><em>est</em></strong></span> <span class='ocrx_word' id='word_1_50' title='bbox 2881 702 2900 741; x_wconf 89' lang='lat'><strong><em>:</em></strong></span> <span class='ocrx_word' id='word_1_51' title='bbox 2930 690 2989 741; x_wconf 88' lang='lat' dir='ltr'><strong><em>et</em></strong></span> <span class='ocrx_word' id='word_1_52' title='bbox 3018 683 3155 758; x_wconf 88' lang='lat' dir='ltr'><strong><em>ipse</em></strong></span> <span class='ocrx_word' id='word_1_53' title='bbox 3209 678 3423 740; x_wconf 85' lang='lat' dir='ltr'><strong><em>Filius</em></strong></span> <span class='ocrx_word' id='word_1_54' title='bbox 3467 679 3588 739; x_wconf 90' lang='lat' dir='ltr'><strong><em>erit</em></strong></span> 
     </span>
    </p>
   </div>
   <div class='ocr_carea' id='block_1_5' title="bbox 281 773 3589 865">
    <p class='ocr_par' dir='ltr' id='par_1_5' title="bbox 281 773 3589 865">
     <span class='ocr_line' id='line_1_5' title="bbox 281 773 3589 865; baseline -0.003 -23"><span class='ocrx_word' id='word_1_55' title='bbox 281 785 494 865; x_wconf 83' lang='lat' dir='ltr'><strong><em>mnjor</em></strong></span> <span class='ocrx_word' id='word_1_56' title='bbox 518 785 773 863; x_wconf 75' lang='lat' dir='ltr'><strong><em>Spiritu</em></strong></span> <span class='ocrx_word' id='word_1_57' title='bbox 791 792 1009 844; x_wconf 88' lang='lat' dir='ltr'><strong><em>sancto</em></strong></span> <span class='ocrx_word' id='word_1_58' title='bbox 1050 784 1260 843; x_wconf 89' lang='lat' dir='ltr'><strong><em>eadem</em></strong></span> <span class='ocrx_word' id='word_1_59' title='bbox 1291 782 1614 842; x_wconf 75' lang='lat' dir='ltr'><strong><em>ratione...</em></strong></span> <span class='ocrx_word' id='word_1_60' title='bbox 1651 777 1768 840; x_wconf 88' lang='lat' dir='ltr'><strong><em>Ubi</em></strong></span> <span class='ocrx_word' id='word_1_61' title='bbox 1802 779 2105 840; x_wconf 77' lang='lat' dir='ltr'><strong><em>invenisti</em></strong></span> <span class='ocrx_word' id='word_1_62' title='bbox 2127 779 2368 840; x_wconf 88' lang='lat' dir='ltr'><strong><em>Filium</em></strong></span> <span class='ocrx_word' id='word_1_63' title='bbox 2409 777 2539 840; x_wconf 90' lang='lat' dir='ltr'><strong><em>dici</em></strong></span> <span class='ocrx_word' id='word_1_64' title='bbox 2582 780 2889 858; x_wconf 89' lang='lat' dir='ltr'><strong><em>majorem</em></strong></span> <span class='ocrx_word' id='word_1_65' title='bbox 2919 778 3224 856; x_wconf 83' lang='lat' dir='ltr'><strong><em>Spiritu?</em></strong></span> <span class='ocrx_word' id='word_1_66' title='bbox 3257 773 3589 850; x_wconf 85' lang='lat' dir='ltr'><strong><em>Quomodo</em></strong></span> 
     </span>
    </p>
   </div>
   <div class='ocr_carea' id='block_1_6' title="bbox 284 874 1759 960">
    <p class='ocr_par' dir='ltr' id='par_1_6' title="bbox 284 874 1759 960">
     <span class='ocr_line' id='line_1_6' title="bbox 284 874 1759 960; baseline -0.005 -19"><span class='ocrx_word' id='word_1_67' title='bbox 284 878 537 941; x_wconf 89' lang='lat' dir='ltr'><strong><em>tandem</em></strong></span> <span class='ocrx_word' id='word_1_68' title='bbox 560 881 934 960; x_wconf 86' lang='lat' dir='ltr'><strong><em>proprietas</em></strong></span> <span class='ocrx_word' id='word_1_69' title='bbox 972 879 1317 940; x_wconf 80' lang='lat' dir='ltr'><strong><em>communis</em></strong></span> <span class='ocrx_word' id='word_1_70' title='bbox 1349 895 1478 938; x_wconf 84' lang='lat' dir='ltr'><strong><em>esse</em></strong></span> <span class='ocrx_word' id='word_1_71' title='bbox 1502 874 1759 952; x_wconf 79' lang='lat' dir='ltr'><strong><em>potest?</em></strong></span> 
     </span>
    </p>
   </div>
   <div class='ocr_carea' id='block_1_7' title="bbox 367 967 3590 1055">
    <p class='ocr_par' dir='ltr' id='par_1_7' title="bbox 367 967 3590 1055">
     <span class='ocr_line' id='line_1_7' title="bbox 367 967 3590 1055; baseline -0.004 -17"><span class='ocrx_word' id='word_1_72' title='bbox 367 979 463 1038; x_wconf 80' lang='lat' dir='ltr'><strong><em>Ad</em></strong></span> <span class='ocrx_word' id='word_1_73' title='bbox 500 981 902 1054; x_wconf 79' lang='lat' dir='ltr'><strong><em>postremum</em></strong></span> <span class='ocrx_word' id='word_1_74' title='bbox 958 981 1414 1055; x_wconf 77' lang='lat' dir='ltr'><strong><em>argumentum</em></strong></span> <span class='ocrx_word' id='word_1_75' title='bbox 1451 971 1698 1034; x_wconf 87' lang='lat' dir='ltr'><strong><em>solutio</em></strong></span> <span class='ocrx_word' id='word_1_76' title='bbox 1735 968 1919 1032; x_wconf 85' lang='lat' dir='ltr'><strong><em>Becci</em></strong></span> <span class='ocrx_word' id='word_1_77' title='bbox 1963 980 2061 1030; x_wconf 89' lang='lat' dir='ltr'><strong><em>est</em></strong></span> <span class='ocrx_word' id='word_1_78' title='bbox 2114 968 2289 1031; x_wconf 89' lang='lat' dir='ltr'><strong><em>inter</em></strong></span> <span class='ocrx_word' id='word_1_79' title='bbox 2324 969 2757 1032; x_wconf 88' lang='lat' dir='ltr'><strong><em>refutationes</em></strong></span> <span class='ocrx_word' id='word_1_80' title='bbox 2792 969 2998 1032; x_wconf 85' lang='lat' dir='ltr'><strong><em>Photii</em></strong></span> <span class='ocrx_word' id='word_1_81' title='bbox 3037 971 3100 1030; x_wconf 91' lang='lat' dir='ltr'><strong><em>in</em></strong></span> <span class='ocrx_word' id='word_1_82' title='bbox 3153 970 3380 1030; x_wconf 84' lang='lat' dir='ltr'><strong><em>eadem</em></strong></span> <span class='ocrx_word' id='word_1_83' title='bbox 3423 967 3590 1027; x_wconf 72' lang='lat' dir='ltr'><strong><em>Oru-</em></strong></span> 
     </span>
    </p>
   </div>
   <div class='ocr_carea' id='block_1_8' title="bbox 285 1067 3592 1146">
    <p class='ocr_par' dir='ltr' id='par_1_8' title="bbox 285 1067 3592 1146">
     <span class='ocr_line' id='line_1_8' title="bbox 285 1067 3592 1146; baseline -0.002 -12"><span class='ocrx_word' id='word_1_84' title='bbox 285 1074 460 1134; x_wconf 81' lang='lat' dir='ltr'><strong><em>tione</em></strong></span> <span class='ocrx_word' id='word_1_85' title='bbox 488 1072 564 1132; x_wconf 88' lang='lat' dir='ltr'><strong><em>de</em></strong></span> <span class='ocrx_word' id='word_1_86' title='bbox 598 1074 834 1134; x_wconf 87' lang='lat' dir='ltr'><strong><em>unione</em></strong></span> <span class='ocrx_word' id='word_1_87' title='bbox 860 1073 1315 1143; x_wconf 83' lang='lat' dir='ltr'><strong><em>Ecclesiarum,</em></strong></span> <span class='ocrx_word' id='word_1_88' title='bbox 1357 1085 1538 1132; x_wconf 87' lang='lat' dir='ltr'><strong><em>num.</em></strong></span> <span class='ocrx_word' id='word_1_89' title='bbox 1571 1067 1689 1130; x_wconf 63' lang='lat'><strong><em>1&amp;2:</em></strong></span> <span class='ocrx_word' id='word_1_90' title='bbox 1730 1089 1760 1125; x_wconf 84' lang='grc'><strong>«</strong></span> <span class='ocrx_word' id='word_1_91' title='bbox 1792 1067 1996 1137; x_wconf 87' lang='lat' dir='ltr'><strong><em>Dicis,</em></strong></span> <span class='ocrx_word' id='word_1_92' title='bbox 2057 1067 2121 1129; x_wconf 89' lang='lat' dir='ltr'><strong><em>Si</em></strong></span> <span class='ocrx_word' id='word_1_93' title='bbox 2156 1068 2506 1129; x_wconf 90' lang='lat' dir='ltr'><strong><em>communis</em></strong></span> <span class='ocrx_word' id='word_1_94' title='bbox 2539 1076 2630 1128; x_wconf 93' lang='lat' dir='ltr'><strong><em>est</em></strong></span> <span class='ocrx_word' id='word_1_95' title='bbox 2660 1068 2883 1129; x_wconf 81' lang='lat' dir='ltr'><strong><em>Patris</em></strong></span> <span class='ocrx_word' id='word_1_96' title='bbox 2912 1078 2970 1129; x_wconf 89' lang='lat' dir='ltr'><strong><em>et</em></strong></span> <span class='ocrx_word' id='word_1_97' title='bbox 3004 1069 3164 1129; x_wconf 86' lang='lat' dir='ltr'><strong><em>Filii</em></strong></span> <span class='ocrx_word' id='word_1_98' title='bbox 3215 1068 3592 1146; x_wconf 84' lang='lat' dir='ltr'><strong><em>proprietas</em></strong></span> 
     </span>
    </p>
   </div>
   <div class='ocr_carea' id='block_1_9' title="bbox 284 1167 3587 1250">
    <p class='ocr_par' dir='ltr' id='par_1_9' title="bbox 284 1167 3587 1250">
     <span class='ocr_line' id='line_1_9' title="bbox 284 1167 3587 1250; baseline -0.003 -19"><span class='ocrx_word' id='word_1_99' title='bbox 284 1170 637 1250; x_wconf 73' lang='lat' dir='ltr'><strong><em>productio</em></strong></span> <span class='ocrx_word' id='word_1_100' title='bbox 667 1171 948 1249; x_wconf 88' lang='lat' dir='ltr'><strong><em>Spiritus</em></strong></span> <span class='ocrx_word' id='word_1_101' title='bbox 980 1169 1208 1243; x_wconf 78' lang='lat' dir='ltr'><strong><em>sancti,</em></strong></span> <span class='ocrx_word' id='word_1_102' title='bbox 1260 1169 1594 1247; x_wconf 88' lang='lat' dir='ltr'><strong><em>quomodo</em></strong></span> <span class='ocrx_word' id='word_1_103' title='bbox 1637 1182 1963 1226; x_wconf 89' lang='lat' dir='ltr'><strong><em>commune</em></strong></span> <span class='ocrx_word' id='word_1_104' title='bbox 1999 1167 2119 1227; x_wconf 90' lang='lat' dir='ltr'><strong><em>erit</em></strong></span> <span class='ocrx_word' id='word_1_105' title='bbox 2164 1167 2597 1246; x_wconf 80' lang='lat' dir='ltr'><strong><em>proprietas?</em></strong></span> <span class='ocrx_word' id='word_1_106' title='bbox 2634 1170 2764 1246; x_wconf 84' lang='lat' dir='ltr'><strong><em>Ego</em></strong></span> <span class='ocrx_word' id='word_1_107' title='bbox 2819 1184 3010 1245; x_wconf 90' lang='lat' dir='ltr'><strong><em>porro</em></strong></span> <span class='ocrx_word' id='word_1_108' title='bbox 3061 1168 3254 1228; x_wconf 87' lang='lat' dir='ltr'><strong><em>dico:</em></strong></span> <span class='ocrx_word' id='word_1_109' title='bbox 3308 1181 3587 1243; x_wconf 73' lang='lat' dir='ltr'><strong><em>quianam</em></strong></span> 
     </span>
    </p>
   </div>
   <div class='ocr_carea' id='block_1_10' title="bbox 285 1261 3590 1343">
    <p class='ocr_par' dir='ltr' id='par_1_10' title="bbox 285 1261 3590 1343">
     <span class='ocr_line' id='line_1_10' title="bbox 285 1261 3590 1343; baseline -0.002 -15"><span class='ocrx_word' id='word_1_110' title='bbox 285 1265 540 1329; x_wconf 79' lang='lat' dir='ltr'><strong><em>ratione</em></strong></span> <span class='ocrx_word' id='word_1_111' title='bbox 581 1268 850 1328; x_wconf 78' lang='lat' dir='ltr'><strong><em>maxime</em></strong></span> <span class='ocrx_word' id='word_1_112' title='bbox 883 1266 1238 1328; x_wconf 86' lang='lat' dir='ltr'><strong><em>absurdum</em></strong></span> <span class='ocrx_word' id='word_1_113' title='bbox 1273 1265 1387 1325; x_wconf 91' lang='lat' dir='ltr'><strong><em>tibi</em></strong></span> <span class='ocrx_word' id='word_1_114' title='bbox 1419 1264 1698 1330; x_wconf 87' lang='lat' dir='ltr'><strong><em>videtur.</em></strong></span> <span class='ocrx_word' id='word_1_115' title='bbox 1731 1280 1876 1324; x_wconf 88' lang='lat' dir='ltr'><strong><em>esse</em></strong></span> <span class='ocrx_word' id='word_1_116' title='bbox 1921 1263 2175 1343; x_wconf 89' lang='lat' dir='ltr'><strong><em>aliquid</em></strong></span> <span class='ocrx_word' id='word_1_117' title='bbox 2232 1282 2564 1325; x_wconf 86' lang='lat' dir='ltr'><strong><em>commune</em></strong></span> <span class='ocrx_word' id='word_1_118' title='bbox 2601 1265 2768 1326; x_wconf 91' lang='lat' dir='ltr'><strong><em>Patri</em></strong></span> <span class='ocrx_word' id='word_1_119' title='bbox 2807 1272 2872 1326; x_wconf 90' lang='lat' dir='ltr'><strong><em>et</em></strong></span> <span class='ocrx_word' id='word_1_120' title='bbox 2933 1265 3130 1336; x_wconf 83' lang='lat' dir='ltr'><strong><em>Filio,</em></strong></span> <span class='ocrx_word' id='word_1_121' title='bbox 3193 1264 3465 1342; x_wconf 86' lang='lat' dir='ltr'><strong><em>proprie</em></strong></span> <span class='ocrx_word' id='word_1_122' title='bbox 3526 1261 3590 1322; x_wconf 92' lang='lat' dir='ltr'><strong><em>in</em></strong></span> 
     </span>
    </p>
   </div>
   <div class='ocr_carea' id='block_1_11' title="bbox 283 1358 3594 1440">
    <p class='ocr_par' dir='ltr' id='par_1_11' title="bbox 283 1358 3594 1440">
     <span class='ocr_line' id='line_1_11' title="bbox 283 1358 3594 1440; baseline -0.002 -16"><span class='ocrx_word' id='word_1_123' title='bbox 283 1362 452 1440; x_wconf 82' lang='lat' dir='ltr'><strong><em>ipsis</em></strong></span> <span class='ocrx_word' id='word_1_124' title='bbox 489 1363 651 1425; x_wconf 89' lang='lat' dir='ltr'><strong><em>solis</em></strong></span> <span class='ocrx_word' id='word_1_125' title='bbox 696 1363 1207 1433; x_wconf 86' lang='lat' dir='ltr'><strong><em>consideratum,</em></strong></span> <span class='ocrx_word' id='word_1_126' title='bbox 1251 1363 1429 1440; x_wconf 89' lang='lat' dir='ltr'><strong><em>quod</em></strong></span> <span class='ocrx_word' id='word_1_127' title='bbox 1478 1376 1607 1422; x_wconf 91' lang='lat' dir='ltr'><strong><em>non</em></strong></span> <span class='ocrx_word' id='word_1_128' title='bbox 1645 1360 1728 1420; x_wconf 90' lang='lat' dir='ltr'><strong><em>sit</em></strong></span> <span class='ocrx_word' id='word_1_129' title='bbox 1762 1377 2086 1421; x_wconf 89' lang='lat' dir='ltr'><strong><em>commune</em></strong></span> <span class='ocrx_word' id='word_1_130' title='bbox 2114 1359 2451 1440; x_wconf 78' lang='lat' dir='ltr'><strong><em>Spiritui?</em></strong></span> <span class='ocrx_word' id='word_1_131' title='bbox 2517 1363 2626 1422; x_wconf 84' lang='lat' dir='ltr'><strong><em>Est</em></strong></span> <span class='ocrx_word' id='word_1_132' title='bbox 2657 1361 2834 1422; x_wconf 89' lang='lat' dir='ltr'><strong><em>enim</em></strong></span> <span class='ocrx_word' id='word_1_133' title='bbox 2909 1376 3260 1422; x_wconf 90' lang='lat' dir='ltr'><strong><em>commune</em></strong></span> <span class='ocrx_word' id='word_1_134' title='bbox 3316 1358 3481 1420; x_wconf 85' lang='lat' dir='ltr'><strong><em>Patri</em></strong></span> <span class='ocrx_word' id='word_1_135' title='bbox 3531 1364 3594 1419; x_wconf 88' lang='lat' dir='ltr'><strong><em>et</em></strong></span> 
     </span>
    </p>
   </div>
   <div class='ocr_carea' id='block_1_12' title="bbox 282 1457 3588 1538">
    <p class='ocr_par' dir='ltr' id='par_1_12' title="bbox 282 1457 3588 1538">
     <span class='ocr_line' id='line_1_12' title="bbox 282 1457 3588 1538; baseline -0.002 -18"><span class='ocrx_word' id='word_1_136' title='bbox 282 1458 488 1532; x_wconf 86' lang='lat' dir='ltr'><strong><em>Filio,</em></strong></span> <span class='ocrx_word' id='word_1_137' title='bbox 519 1459 694 1538; x_wconf 83' lang='lat' dir='ltr'><strong><em>quod</em></strong></span> <span class='ocrx_word' id='word_1_138' title='bbox 730 1459 997 1536; x_wconf 90' lang='lat' dir='ltr'><strong><em>Spiritui</em></strong></span> <span class='ocrx_word' id='word_1_139' title='bbox 1034 1474 1385 1518; x_wconf 89' lang='lat' dir='ltr'><strong><em>commune</em></strong></span> <span class='ocrx_word' id='word_1_140' title='bbox 1428 1473 1556 1517; x_wconf 92' lang='lat' dir='ltr'><strong><em>non</em></strong></span> <span class='ocrx_word' id='word_1_141' title='bbox 1611 1464 1707 1516; x_wconf 85' lang='lat' dir='ltr'><strong><em>est</em></strong></span> <span class='ocrx_word' id='word_1_142' title='bbox 1742 1477 1757 1516; x_wconf 89' lang='lat'><strong>:</strong></span> <span class='ocrx_word' id='word_1_143' title='bbox 1791 1465 1854 1517; x_wconf 91' lang='lat' dir='ltr'><strong><em>et</em></strong></span> <span class='ocrx_word' id='word_1_144' title='bbox 1889 1457 2064 1535; x_wconf 80' lang='lat' dir='ltr'><strong><em>quod</em></strong></span> <span class='ocrx_word' id='word_1_145' title='bbox 2099 1472 2227 1518; x_wconf 92' lang='lat' dir='ltr'><strong><em>non</em></strong></span> <span class='ocrx_word' id='word_1_146' title='bbox 2263 1457 2489 1530; x_wconf 84' lang='lat' dir='ltr'><strong><em>unius,</em></strong></span> <span class='ocrx_word' id='word_1_147' title='bbox 2525 1457 2638 1516; x_wconf 88' lang='lat' dir='ltr'><strong><em>sed</em></strong></span> <span class='ocrx_word' id='word_1_148' title='bbox 2671 1459 2948 1517; x_wconf 88' lang='lat' dir='ltr'><strong><em>duarum</em></strong></span> <span class='ocrx_word' id='word_1_149' title='bbox 2996 1471 3425 1534; x_wconf 86' lang='lat' dir='ltr'><strong><em>personarum</em></strong></span> <span class='ocrx_word' id='word_1_150' title='bbox 3466 1461 3588 1525; x_wconf 88' lang='lat' dir='ltr'><strong><em>est,</em></strong></span> 
     </span>
    </p>
   </div>
   <div class='ocr_carea' id='block_1_13' title="bbox 287 1550 3590 1631">
    <p class='ocr_par' dir='ltr' id='par_1_13' title="bbox 287 1550 3590 1631">
     <span class='ocr_line' id='line_1_13' title="bbox 287 1550 3590 1631; baseline -0.001 -17"><span class='ocrx_word' id='word_1_151' title='bbox 287 1553 413 1616; x_wconf 87' lang='lat' dir='ltr'><strong><em>hoc</em></strong></span> <span class='ocrx_word' id='word_1_152' title='bbox 436 1571 784 1616; x_wconf 79' lang='lat' dir='ltr'><strong><em>commune</em></strong></span> <span class='ocrx_word' id='word_1_153' title='bbox 813 1553 1078 1624; x_wconf 87' lang='lat' dir='ltr'><strong><em>dicitur,</em></strong></span> <span class='ocrx_word' id='word_1_154' title='bbox 1114 1562 1174 1613; x_wconf 90' lang='lat' dir='ltr'><strong><em>et</em></strong></span> <span class='ocrx_word' id='word_1_155' title='bbox 1207 1563 1337 1626; x_wconf 86' lang='lat' dir='ltr'><strong><em>est;</em></strong></span> <span class='ocrx_word' id='word_1_156' title='bbox 1396 1554 1571 1631; x_wconf 84' lang='lat' dir='ltr'><strong><em>quod</em></strong></span> <span class='ocrx_word' id='word_1_157' title='bbox 1632 1568 1784 1613; x_wconf 85' lang='lat' dir='ltr'><strong><em>vero</em></strong></span> <span class='ocrx_word' id='word_1_158' title='bbox 1838 1552 2099 1630; x_wconf 88' lang='lat' dir='ltr'><strong><em>proprie</em></strong></span> <span class='ocrx_word' id='word_1_159' title='bbox 2136 1553 2204 1614; x_wconf 90' lang='lat' dir='ltr'><strong><em>in</em></strong></span> <span class='ocrx_word' id='word_1_160' title='bbox 2241 1552 2374 1615; x_wconf 86' lang='lat' dir='ltr'><strong><em>illis</em></strong></span> <span class='ocrx_word' id='word_1_161' title='bbox 2405 1553 2885 1625; x_wconf 67' lang='lat' dir='ltr'><strong><em>consideratur,</em></strong></span> <span class='ocrx_word' id='word_1_162' title='bbox 2943 1555 3004 1613; x_wconf 88' lang='lat' dir='ltr'><strong><em>et</em></strong></span> <span class='ocrx_word' id='word_1_163' title='bbox 3044 1550 3228 1612; x_wconf 85' lang='lat' dir='ltr'><strong><em>illius</em></strong></span> <span class='ocrx_word' id='word_1_164' title='bbox 3271 1551 3590 1628; x_wconf 82' lang='lat' dir='ltr'><strong><em>particeps</em></strong></span> 
     </span>
    </p>
   </div>
   <div class='ocr_carea' id='block_1_14' title="bbox 215 1647 3589 1732">
    <p class='ocr_par' dir='ltr' id='par_1_14' title="bbox 215 1647 3589 1732">
     <span class='ocr_line' id='line_1_14' title="bbox 215 1647 3589 1732; baseline -0.002 -18"><span class='ocrx_word' id='word_1_165' title='bbox 215 1695 222 1704; x_wconf 68' lang='grc' dir='ltr'><strong>ρ</strong></span> <span class='ocrx_word' id='word_1_166' title='bbox 289 1668 422 1714; x_wconf 90' lang='lat' dir='ltr'><strong><em>non</em></strong></span> <span class='ocrx_word' id='word_1_167' title='bbox 454 1660 549 1715; x_wconf 83' lang='lat' dir='ltr'><strong><em>est</em></strong></span> <span class='ocrx_word' id='word_1_168' title='bbox 589 1652 896 1732; x_wconf 86' lang='lat' dir='ltr'><strong><em>Spiritus.</em></strong></span> <span class='ocrx_word' id='word_1_169' title='bbox 933 1651 1176 1713; x_wconf 88' lang='lat' dir='ltr'><strong><em>dicitur</em></strong></span> <span class='ocrx_word' id='word_1_170' title='bbox 1207 1667 1438 1712; x_wconf 91' lang='lat' dir='ltr'><strong><em>eorum</em></strong></span> <span class='ocrx_word' id='word_1_171' title='bbox 1481 1650 1865 1728; x_wconf 81' lang='lat' dir='ltr'><strong><em>proprietas.</em></strong></span> <span class='ocrx_word' id='word_1_172' title='bbox 1897 1651 2142 1728; x_wconf 78' lang='lat' dir='ltr'><strong><em>Nempe</em></strong></span> <span class='ocrx_word' id='word_1_173' title='bbox 2182 1657 2251 1711; x_wconf 90' lang='lat' dir='ltr'><strong><em>ut</em></strong></span> <span class='ocrx_word' id='word_1_174' title='bbox 2281 1665 2360 1712; x_wconf 90' lang='lat' dir='ltr'><strong><em>eo</em></strong></span> <span class='ocrx_word' id='word_1_175' title='bbox 2391 1649 2833 1728; x_wconf 81' lang='lat' dir='ltr'><strong><em>distinguatur</em></strong></span> <span class='ocrx_word' id='word_1_176' title='bbox 2899 1648 2976 1709; x_wconf 90' lang='lat' dir='ltr'><strong><em>ab</em></strong></span> <span class='ocrx_word' id='word_1_177' title='bbox 3034 1649 3167 1708; x_wconf 86' lang='lat' dir='ltr'><strong><em>illis</em></strong></span> <span class='ocrx_word' id='word_1_178' title='bbox 3196 1647 3536 1724; x_wconf 68' lang='lat' dir='ltr'><strong><em>Spiritus.</em></strong></span> <span class='ocrx_word' id='word_1_179' title='bbox 3571 1691 3589 1708; x_wconf 95' lang='lat'><strong><em>.</em></strong></span> 
     </span>
    </p>
   </div>
   <div class='ocr_carea' id='block_1_15' title="bbox 287 1743 3592 1828">
    <p class='ocr_par' dir='ltr' id='par_1_15' title="bbox 287 1743 3592 1828">
     <span class='ocr_line' id='line_1_15' title="bbox 287 1743 3592 1828; baseline -0.003 -16"><span class='ocrx_word' id='word_1_180' title='bbox 287 1751 630 1828; x_wconf 80' lang='lat' dir='ltr'><strong><em>Nyssenus</em></strong></span> <span class='ocrx_word' id='word_1_181' title='bbox 694 1748 961 1809; x_wconf 89' lang='lat' dir='ltr'><strong><em>homilia</em></strong></span> <span class='ocrx_word' id='word_1_182' title='bbox 1036 1750 1105 1809; x_wconf 92' lang='lat' dir='ltr'><strong><em>in</em></strong></span> <span class='ocrx_word' id='word_1_183' title='bbox 1168 1747 1538 1809; x_wconf 87' lang='lat' dir='ltr'><strong><em>Orationem</em></strong></span> <span class='ocrx_word' id='word_1_184' title='bbox 1601 1747 2019 1815; x_wconf 89' lang='lat' dir='ltr'><strong><em>Dominicam,</em></strong></span> <span class='ocrx_word' id='word_1_185' title='bbox 2077 1743 2419 1808; x_wconf 82' lang='lat' dir='ltr'><strong><em>manifeste</em></strong></span> <span class='ocrx_word' id='word_1_186' title='bbox 2485 1746 2547 1808; x_wconf 91' lang='lat' dir='ltr'><strong><em>id</em></strong></span> <span class='ocrx_word' id='word_1_187' title='bbox 2605 1747 2836 1808; x_wconf 89' lang='lat' dir='ltr'><strong><em>astruit</em></strong></span> <span class='ocrx_word' id='word_1_188' title='bbox 2897 1745 3106 1807; x_wconf 87' lang='lat' dir='ltr'><strong><em>:Cum</em></strong></span> <span class='ocrx_word' id='word_1_189' title='bbox 3163 1745 3328 1805; x_wconf 88' lang='lat' dir='ltr'><strong><em>enim</em></strong></span> <span class='ocrx_word' id='word_1_190' title='bbox 3386 1743 3592 1804; x_wconf 84' lang='lat' dir='ltr'><strong><em>Filius</em></strong></span> 
     </span>
    </p>
   </div>
   <div class='ocr_carea' id='block_1_16' title="bbox 287 1841 3590 1924">
    <p class='ocr_par' dir='ltr' id='par_1_16' title="bbox 287 1841 3590 1924">
     <span class='ocr_line' id='line_1_16' title="bbox 287 1841 3590 1924; baseline -0.002 -18"><span class='ocrx_word' id='word_1_191' title='bbox 287 1864 370 1906; x_wconf 75' lang='lat' dir='ltr'><strong><em>ea:</em></strong></span> <span class='ocrx_word' id='word_1_192' title='bbox 408 1845 603 1906; x_wconf 86' lang='lat' dir='ltr'><strong><em>Patre</em></strong></span> <span class='ocrx_word' id='word_1_193' title='bbox 641 1847 865 1915; x_wconf 77' lang='lat' dir='ltr'><strong><em>exivit,</em></strong></span> <span class='ocrx_word' id='word_1_194' title='bbox 903 1856 958 1905; x_wconf 91' lang='lat' dir='ltr'><strong><em>et</em></strong></span> <span class='ocrx_word' id='word_1_195' title='bbox 991 1846 1282 1924; x_wconf 84' lang='lat' dir='ltr'><strong><em>Spiritus</em></strong></span> <span class='ocrx_word' id='word_1_196' title='bbox 1345 1863 1424 1904; x_wconf 68' lang='lat' dir='ltr'><strong><em>ex</em></strong></span> <span class='ocrx_word' id='word_1_197' title='bbox 1463 1844 1591 1903; x_wconf 90' lang='lat' dir='ltr'><strong><em>Deo</em></strong></span> <span class='ocrx_word' id='word_1_198' title='bbox 1637 1852 1693 1905; x_wconf 91' lang='lat' dir='ltr'><strong><em>et</em></strong></span> <span class='ocrx_word' id='word_1_199' title='bbox 1729 1843 1921 1904; x_wconf 80' lang='lat' dir='ltr'><strong><em>Patre</em></strong></span> <span class='ocrx_word' id='word_1_200' title='bbox 1963 1842 2281 1922; x_wconf 86' lang='lat' dir='ltr'><strong><em>procedit.</em></strong></span> <span class='ocrx_word' id='word_1_201' title='bbox 2322 1841 2449 1904; x_wconf 90' lang='lat' dir='ltr'><strong><em>Sed</em></strong></span> <span class='ocrx_word' id='word_1_202' title='bbox 2485 1841 3014 1922; x_wconf 87' lang='lat' dir='ltr'><strong><em>quemadmodum</em></strong></span> <span class='ocrx_word' id='word_1_203' title='bbox 3035 1844 3173 1903; x_wconf 86' lang='lat' dir='ltr'><strong><em>sine</em></strong></span> <span class='ocrx_word' id='word_1_204' title='bbox 3202 1860 3396 1907; x_wconf 76' lang='lat' dir='ltr'><strong><em>causa</em></strong></span> <span class='ocrx_word' id='word_1_205' title='bbox 3437 1860 3590 1911; x_wconf 80' lang='lat' dir='ltr'><strong><em>esse,</em></strong></span> 
     </span>
    </p>
   </div>
   <div class='ocr_carea' id='block_1_17' title="bbox 288 1938 3595 2020">
    <p class='ocr_par' dir='ltr' id='par_1_17' title="bbox 288 1938 3595 2020">
     <span class='ocr_line' id='line_1_17' title="bbox 288 1938 3595 2020; baseline -0.002 -15"><span class='ocrx_word' id='word_1_206' title='bbox 288 1960 432 2005; x_wconf 88' lang='lat' dir='ltr'><strong><em>cum</em></strong></span> <span class='ocrx_word' id='word_1_207' title='bbox 456 1942 765 2003; x_wconf 88' lang='lat' dir='ltr'><strong><em>sitsolius</em></strong></span> <span class='ocrx_word' id='word_1_208' title='bbox 805 1942 1048 2011; x_wconf 87' lang='lat' dir='ltr'><strong><em>Patris,</em></strong></span> <span class='ocrx_word' id='word_1_209' title='bbox 1089 1943 1258 2002; x_wconf 85' lang='lat' dir='ltr'><strong><em>Filio</em></strong></span> <span class='ocrx_word' id='word_1_210' title='bbox 1295 1950 1350 2001; x_wconf 91' lang='lat' dir='ltr'><strong><em>et</em></strong></span> <span class='ocrx_word' id='word_1_211' title='bbox 1375 1941 1664 2019; x_wconf 89' lang='lat' dir='ltr'><strong><em>Spiritui</em></strong></span> <span class='ocrx_word' id='word_1_212' title='bbox 1689 1938 1995 2020; x_wconf 86' lang='lat' dir='ltr'><strong><em>adoptari</em></strong></span> <span class='ocrx_word' id='word_1_213' title='bbox 2022 1942 2244 2020; x_wconf 87' lang='lat' dir='ltr'><strong><em>nequit</em></strong></span> <span class='ocrx_word' id='word_1_214' title='bbox 2269 1961 2288 2002; x_wconf 91' lang='lat'><strong><em>:</em></strong></span> <span class='ocrx_word' id='word_1_215' title='bbox 2317 1943 2408 2002; x_wconf 87' lang='lat' dir='ltr'><strong><em>sic</em></strong></span> <span class='ocrx_word' id='word_1_216' title='bbox 2466 1951 2718 2008; x_wconf 91' lang='lat' dir='ltr'><strong><em>contra.</em></strong></span> <span class='ocrx_word' id='word_1_217' title='bbox 2761 1959 2891 2002; x_wconf 84' lang='lat' dir='ltr'><strong><em>esse</em></strong></span> <span class='ocrx_word' id='word_1_218' title='bbox 2925 1960 3005 2002; x_wconf 70' lang='lat' dir='ltr'><strong><em>ea:</em></strong></span> <span class='ocrx_word' id='word_1_219' title='bbox 3044 1959 3260 2009; x_wconf 85' lang='lat' dir='ltr'><strong><em>causa,</em></strong></span> <span class='ocrx_word' id='word_1_220' title='bbox 3304 1941 3474 2018; x_wconf 89' lang='lat' dir='ltr'><strong><em>quod</em></strong></span> <span class='ocrx_word' id='word_1_221' title='bbox 3505 1949 3595 1999; x_wconf 87' lang='lat' dir='ltr'><strong><em>est</em></strong></span> 
     </span>
    </p>
   </div>
   <div class='ocr_carea' id='block_1_18' title="bbox 290 2033 3597 2118">
    <p class='ocr_par' dir='ltr' id='par_1_18' title="bbox 290 2033 3597 2118">
     <span class='ocr_line' id='line_1_18' title="bbox 290 2033 3597 2118; baseline -0.001 -18"><span class='ocrx_word' id='word_1_222' title='bbox 290 2039 450 2100; x_wconf 83' lang='lat' dir='ltr'><strong><em>Filii</em></strong></span> <span class='ocrx_word' id='word_1_223' title='bbox 481 2049 536 2100; x_wconf 93' lang='lat' dir='ltr'><strong><em>et</em></strong></span> <span class='ocrx_word' id='word_1_224' title='bbox 569 2033 857 2118; x_wconf 84' lang='lat' dir='ltr'><strong><em>Spiritus</em></strong></span> <span class='ocrx_word' id='word_1_225' title='bbox 885 2040 1248 2118; x_wconf 89' lang='lat' dir='ltr'><strong><em>proprium,</em></strong></span> <span class='ocrx_word' id='word_1_226' title='bbox 1285 2038 1359 2099; x_wconf 91' lang='lat' dir='ltr'><strong><em>de</em></strong></span> <span class='ocrx_word' id='word_1_227' title='bbox 1381 2037 1571 2098; x_wconf 85' lang='lat' dir='ltr'><strong><em>Patre</em></strong></span> <span class='ocrx_word' id='word_1_228' title='bbox 1604 2037 2007 2099; x_wconf 88' lang='lat' dir='ltr'><strong><em>considerari</em></strong></span> <span class='ocrx_word' id='word_1_229' title='bbox 2039 2039 2324 2099; x_wconf 89' lang='lat' dir='ltr'><strong><em>alienum</em></strong></span> <span class='ocrx_word' id='word_1_230' title='bbox 2381 2048 2473 2100; x_wconf 90' lang='lat' dir='ltr'><strong><em>est</em></strong></span> <span class='ocrx_word' id='word_1_231' title='bbox 2505 2058 2544 2098; x_wconf 94' lang='lat' dir='ltr'><strong><em>a</em></strong></span> <span class='ocrx_word' id='word_1_232' title='bbox 2578 2049 2843 2100; x_wconf 88' lang='lat' dir='ltr'><strong><em>natura.</em></strong></span> <span class='ocrx_word' id='word_1_233' title='bbox 2880 2039 3036 2102; x_wconf 86' lang='lat' dir='ltr'><strong><em>Cum</em></strong></span> <span class='ocrx_word' id='word_1_234' title='bbox 3079 2056 3227 2099; x_wconf 82' lang='lat' dir='ltr'><strong><em>vero</em></strong></span> <span class='ocrx_word' id='word_1_235' title='bbox 3271 2056 3597 2098; x_wconf 87' lang='lat' dir='ltr'><strong><em>commune</em></strong></span> 
     </span>
    </p>
   </div>
   <div class='ocr_carea' id='block_1_19' title="bbox 289 2134 3601 2216">
    <p class='ocr_par' dir='ltr' id='par_1_19' title="bbox 289 2134 3601 2216">
     <span class='ocr_line' id='line_1_19' title="bbox 289 2134 3601 2216; baseline -0.001 -20"><span class='ocrx_word' id='word_1_236' title='bbox 289 2137 379 2197; x_wconf 85' lang='lat' dir='ltr'><strong><em>sit</em></strong></span> <span class='ocrx_word' id='word_1_237' title='bbox 435 2135 608 2196; x_wconf 84' lang='lat' dir='ltr'><strong><em>Filio</em></strong></span> <span class='ocrx_word' id='word_1_238' title='bbox 666 2145 722 2195; x_wconf 93' lang='lat' dir='ltr'><strong><em>et</em></strong></span> <span class='ocrx_word' id='word_1_239' title='bbox 767 2135 1052 2213; x_wconf 88' lang='lat' dir='ltr'><strong><em>Spiritui</em></strong></span> <span class='ocrx_word' id='word_1_240' title='bbox 1099 2143 1317 2195; x_wconf 88' lang='lat' dir='ltr'><strong><em>sancto</em></strong></span> <span class='ocrx_word' id='word_1_241' title='bbox 1357 2153 1488 2194; x_wconf 92' lang='lat' dir='ltr'><strong><em>non</em></strong></span> <span class='ocrx_word' id='word_1_242' title='bbox 1531 2151 1660 2194; x_wconf 84' lang='lat' dir='ltr'><strong><em>esse</em></strong></span> <span class='ocrx_word' id='word_1_243' title='bbox 1711 2134 1941 2213; x_wconf 82' lang='lat' dir='ltr'><strong><em>absque</em></strong></span> <span class='ocrx_word' id='word_1_244' title='bbox 1987 2148 2174 2203; x_wconf 86' lang='lat' dir='ltr'><strong><em>ortu;</em></strong></span> <span class='ocrx_word' id='word_1_245' title='bbox 2209 2152 2444 2196; x_wconf 87' lang='lat' dir='ltr'><strong><em>rursus</em></strong></span> <span class='ocrx_word' id='word_1_246' title='bbox 2480 2147 2597 2196; x_wconf 80' lang='lat' dir='ltr'><strong><em>est</em></strong></span> <span class='ocrx_word' id='word_1_247' title='bbox 2621 2135 2834 2216; x_wconf 80' lang='lat' dir='ltr'><strong><em>facile,</em></strong></span> <span class='ocrx_word' id='word_1_248' title='bbox 2871 2135 3302 2215; x_wconf 75' lang='lat' dir='ltr'><strong><em>diﬂ‘erentiam</em></strong></span> <span class='ocrx_word' id='word_1_249' title='bbox 3358 2152 3494 2213; x_wconf 79' lang='lat' dir='ltr'><strong><em>qute</em></strong></span> <span class='ocrx_word' id='word_1_250' title='bbox 3533 2134 3601 2194; x_wconf 91' lang='lat' dir='ltr'><strong><em>in</em></strong></span> 
     </span>
    </p>
   </div>
   <div class='ocr_carea' id='block_1_20' title="bbox 287 2231 3594 2312">
    <p class='ocr_par' dir='ltr' id='par_1_20' title="bbox 287 2231 3594 2312">
     <span class='ocr_line' id='line_1_20' title="bbox 287 2231 3594 2312; baseline -0 -19"><span class='ocrx_word' id='word_1_251' title='bbox 287 2251 510 2294; x_wconf 91' lang='lat' dir='ltr'><strong><em>eorum</em></strong></span> <span class='ocrx_word' id='word_1_252' title='bbox 539 2232 1048 2312; x_wconf 89' lang='lat' dir='ltr'><strong><em>proprietatibus</em></strong></span> <span class='ocrx_word' id='word_1_253' title='bbox 1087 2242 1202 2300; x_wconf 89' lang='lat' dir='ltr'><strong><em>est.</em></strong></span> <span class='ocrx_word' id='word_1_254' title='bbox 1231 2233 1542 2311; x_wconf 89' lang='lat' dir='ltr'><strong><em>reperire.</em></strong></span> <span class='ocrx_word' id='word_1_255' title='bbox 1600 2232 1886 2294; x_wconf 86' lang='lat' dir='ltr'><strong><em>Adverte</em></strong></span> <span class='ocrx_word' id='word_1_256' title='bbox 1943 2231 2346 2293; x_wconf 71' lang='lat' dir='ltr'><strong><em>animum...</em></strong></span> <span class='ocrx_word' id='word_1_257' title='bbox 2382 2234 2718 2312; x_wconf 81' lang='lat' dir='ltr'><strong><em>quomodo</em></strong></span> <span class='ocrx_word' id='word_1_258' title='bbox 2775 2234 3244 2312; x_wconf 82' lang='lat' dir='ltr'><strong><em>proprietatem</em></strong></span> <span class='ocrx_word' id='word_1_259' title='bbox 3311 2233 3594 2292; x_wconf 84' lang='lat' dir='ltr'><strong><em>duarum</em></strong></span> 
     </span>
    </p>
   </div>
   <div class='ocr_carea' id='block_1_21' title="bbox 287 2329 3596 2412">
    <p class='ocr_par' dir='ltr' id='par_1_21' title="bbox 287 2329 3596 2412">
     <span class='ocr_line' id='line_1_21' title="bbox 287 2329 3596 2412; baseline -0 -19"><span class='ocrx_word' id='word_1_260' title='bbox 287 2337 541 2393; x_wconf 88' lang='lat' dir='ltr'><strong><em>tantum</em></strong></span> <span class='ocrx_word' id='word_1_261' title='bbox 579 2345 1000 2406; x_wconf 88' lang='lat' dir='ltr'><strong><em>personarum</em></strong></span> <span class='ocrx_word' id='word_1_262' title='bbox 1058 2329 1304 2391; x_wconf 90' lang='lat' dir='ltr'><strong><em>vocavit</em></strong></span> <span class='ocrx_word' id='word_1_263' title='bbox 1365 2347 1447 2390; x_wconf 79' lang='lat' dir='ltr'><strong><em>ea:</em></strong></span> <span class='ocrx_word' id='word_1_264' title='bbox 1477 2347 1672 2389; x_wconf 84' lang='lat' dir='ltr'><strong><em>causa</em></strong></span> <span class='ocrx_word' id='word_1_265' title='bbox 1716 2346 1818 2390; x_wconf 88' lang='lat' dir='ltr'><strong><em>eas</em></strong></span> <span class='ocrx_word' id='word_1_266' title='bbox 1853 2345 1984 2389; x_wconf 90' lang='lat' dir='ltr'><strong><em>esse</em></strong></span> <span class='ocrx_word' id='word_1_267' title='bbox 2029 2351 2049 2390; x_wconf 89' lang='lat'><strong><em>:</em></strong></span> <span class='ocrx_word' id='word_1_268' title='bbox 2091 2336 2153 2392; x_wconf 91' lang='lat' dir='ltr'><strong><em>et</em></strong></span> <span class='ocrx_word' id='word_1_269' title='bbox 2187 2332 2520 2410; x_wconf 84' lang='lat' dir='ltr'><strong><em>quomodo</em></strong></span> <span class='ocrx_word' id='word_1_270' title='bbox 2550 2331 3062 2412; x_wconf 77' lang='lat' dir='ltr'><strong><em>repraesentavit,</em></strong></span> <span class='ocrx_word' id='word_1_271' title='bbox 3091 2348 3417 2392; x_wconf 88' lang='lat' dir='ltr'><strong><em>commune</em></strong></span> <span class='ocrx_word' id='word_1_272' title='bbox 3448 2346 3596 2392; x_wconf 89' lang='lat' dir='ltr'><strong><em>esse</em></strong></span> 
     </span>
    </p>
   </div>
   <div class='ocr_carea' id='block_1_22' title="bbox 287 2427 2014 2504">
    <p class='ocr_par' dir='ltr' id='par_1_22' title="bbox 287 2427 2014 2504">
     <span class='ocr_line' id='line_1_22' title="bbox 287 2427 2014 2504; baseline -0.003 -16"><span class='ocrx_word' id='word_1_273' title='bbox 287 2427 529 2488; x_wconf 87' lang='lat' dir='ltr'><strong><em>iisdem</em></strong></span> <span class='ocrx_word' id='word_1_274' title='bbox 567 2427 822 2488; x_wconf 89' lang='lat' dir='ltr'><strong><em>duabus</em></strong></span> <span class='ocrx_word' id='word_1_275' title='bbox 853 2427 1147 2504; x_wconf 87' lang='lat' dir='ltr'><strong><em>personis</em></strong></span> <span class='ocrx_word' id='word_1_276' title='bbox 1177 2427 1421 2504; x_wconf 86' lang='lat' dir='ltr'><strong><em>absque</em></strong></span> <span class='ocrx_word' id='word_1_277' title='bbox 1460 2435 1608 2486; x_wconf 92' lang='lat' dir='ltr'><strong><em>ortu</em></strong></span> <span class='ocrx_word' id='word_1_278' title='bbox 1631 2445 1766 2486; x_wconf 91' lang='lat' dir='ltr'><strong><em>non</em></strong></span> <span class='ocrx_word' id='word_1_279' title='bbox 1797 2443 1952 2487; x_wconf 91' lang='lat' dir='ltr'><strong><em>esse.</em></strong></span> <span class='ocrx_word' id='word_1_280' title='bbox 1985 2447 2014 2482; x_wconf 71' lang='grc' dir='ltr'><strong><em>ι</em></strong></span> 
     </span>
    </p>
   </div>
   <div class='ocr_carea' id='block_1_23' title="bbox 369 2521 3598 2603">
    <p class='ocr_par' dir='ltr' id='par_1_23' title="bbox 369 2521 3598 2603">
     <span class='ocr_line' id='line_1_23' title="bbox 369 2521 3598 2603; baseline -0 -17"><span class='ocrx_word' id='word_1_281' title='bbox 369 2526 591 2603; x_wconf 78' lang='lat' dir='ltr'><strong>[XLV]</strong></span> <span class='ocrx_word' id='word_1_282' title='bbox 653 2525 891 2587; x_wconf 65' lang='lat' dir='ltr'><strong><em>Cretera</em></strong></span> <span class='ocrx_word' id='word_1_283' title='bbox 967 2533 1038 2586; x_wconf 90' lang='lat' dir='ltr'><strong><em>ut</em></strong></span> <span class='ocrx_word' id='word_1_284' title='bbox 1099 2523 1312 2586; x_wconf 91' lang='lat' dir='ltr'><strong><em>locum</em></strong></span> <span class='ocrx_word' id='word_1_285' title='bbox 1367 2524 1680 2585; x_wconf 89' lang='lat' dir='ltr'><strong><em>haberent</em></strong></span> <span class='ocrx_word' id='word_1_286' title='bbox 1740 2531 2151 2603; x_wconf 87' lang='lat' dir='ltr'><strong><em>argumenta,</em></strong></span> <span class='ocrx_word' id='word_1_287' title='bbox 2191 2521 2688 2602; x_wconf 83' lang='lat' dir='ltr'><strong><em>TheOphylocto</em></strong></span> <span class='ocrx_word' id='word_1_288' title='bbox 2755 2525 3397 2588; x_wconf 90' lang='lat' dir='ltr'><strong><em>comminiscendum</em></strong></span> <span class='ocrx_word' id='word_1_289' title='bbox 3433 2529 3598 2598; x_wconf 88' lang='lat' dir='ltr'><strong><em>erat,</em></strong></span> 
     </span>
    </p>
   </div>
   <div class='ocr_carea' id='block_1_24' title="bbox 290 2619 3602 2700">
    <p class='ocr_par' dir='ltr' id='par_1_24' title="bbox 290 2619 3602 2700">
     <span class='ocr_line' id='line_1_24' title="bbox 290 2619 3602 2700; baseline -0 -17"><span class='ocrx_word' id='word_1_290' title='bbox 290 2623 542 2683; x_wconf 83' lang='lat' dir='ltr'><strong><em>Patrem</em></strong></span> <span class='ocrx_word' id='word_1_291' title='bbox 576 2629 640 2682; x_wconf 89' lang='lat' dir='ltr'><strong><em>et</em></strong></span> <span class='ocrx_word' id='word_1_292' title='bbox 694 2621 936 2683; x_wconf 90' lang='lat' dir='ltr'><strong><em>Filium</em></strong></span> <span class='ocrx_word' id='word_1_293' title='bbox 992 2621 1115 2682; x_wconf 90' lang='lat' dir='ltr'><strong><em>duo</em></strong></span> <span class='ocrx_word' id='word_1_294' title='bbox 1173 2619 1484 2682; x_wconf 79' lang='lat' dir='ltr'><strong><em>constitui</em></strong></span> <span class='ocrx_word' id='word_1_295' title='bbox 1521 2619 1724 2681; x_wconf 86' lang='lat' dir='ltr'><strong><em>sancti</em></strong></span> <span class='ocrx_word' id='word_1_296' title='bbox 1769 2620 2051 2697; x_wconf 88' lang='lat' dir='ltr'><strong><em>Spiritus</em></strong></span> <span class='ocrx_word' id='word_1_297' title='bbox 2087 2621 2424 2700; x_wconf 89' lang='lat' dir='ltr'><strong><em>principia</em></strong></span> <span class='ocrx_word' id='word_1_298' title='bbox 2461 2643 2479 2682; x_wconf 93' lang='lat'><strong><em>:</em></strong></span> <span class='ocrx_word' id='word_1_299' title='bbox 2514 2639 2660 2682; x_wconf 93' lang='lat' dir='ltr'><strong><em>cum</em></strong></span> <span class='ocrx_word' id='word_1_300' title='bbox 2696 2640 2730 2685; x_wconf 93' lang='lat' dir='ltr'><strong><em>e</em></strong></span> <span class='ocrx_word' id='word_1_301' title='bbox 2767 2631 3014 2695; x_wconf 89' lang='lat' dir='ltr'><strong><em>contra,</em></strong></span> <span class='ocrx_word' id='word_1_302' title='bbox 3073 2623 3244 2683; x_wconf 89' lang='lat' dir='ltr'><strong><em>sicut</em></strong></span> <span class='ocrx_word' id='word_1_303' title='bbox 3298 2625 3483 2683; x_wconf 85' lang='lat' dir='ltr'><strong><em>Pater</em></strong></span> <span class='ocrx_word' id='word_1_304' title='bbox 3539 2629 3602 2683; x_wconf 88' lang='lat' dir='ltr'><strong><em>et</em></strong></span> 
     </span>
    </p>
   </div>
   <div class='ocr_carea' id='block_1_25' title="bbox 290 2715 3607 2798">
    <p class='ocr_par' dir='ltr' id='par_1_25' title="bbox 290 2715 3607 2798">
     <span class='ocr_line' id='line_1_25' title="bbox 290 2715 3607 2798; baseline 0 -19"><span class='ocrx_word' id='word_1_305' title='bbox 290 2718 529 2790; x_wconf 87' lang='lat' dir='ltr'><strong><em>Filius,</em></strong></span> <span class='ocrx_word' id='word_1_306' title='bbox 556 2726 858 2796; x_wconf 89' lang='lat' dir='ltr'><strong><em>quantum</em></strong></span> <span class='ocrx_word' id='word_1_307' title='bbox 890 2716 972 2778; x_wconf 89' lang='lat' dir='ltr'><strong><em>ad</em></strong></span> <span class='ocrx_word' id='word_1_308' title='bbox 1008 2719 1124 2779; x_wconf 77' lang='lat' dir='ltr'><strong><em>hoc</em></strong></span> <span class='ocrx_word' id='word_1_309' title='bbox 1148 2715 1316 2798; x_wconf 91' lang='lat' dir='ltr'><strong><em>quod</em></strong></span> <span class='ocrx_word' id='word_1_310' title='bbox 1346 2727 1438 2778; x_wconf 90' lang='lat' dir='ltr'><strong><em>est</em></strong></span> <span class='ocrx_word' id='word_1_311' title='bbox 1474 2736 1612 2777; x_wconf 91' lang='lat' dir='ltr'><strong><em>esse</em></strong></span> <span class='ocrx_word' id='word_1_312' title='bbox 1635 2717 2040 2796; x_wconf 85' lang='lat' dir='ltr'><strong><em>principium</em></strong></span> <span class='ocrx_word' id='word_1_313' title='bbox 2078 2718 2369 2796; x_wconf 83' lang='lat' dir='ltr'><strong><em>Spiritus</em></strong></span> <span class='ocrx_word' id='word_1_314' title='bbox 2401 2720 2635 2792; x_wconf 90' lang='lat' dir='ltr'><strong><em>sancti,</em></strong></span> <span class='ocrx_word' id='word_1_315' title='bbox 2674 2735 2800 2780; x_wconf 91' lang='lat' dir='ltr'><strong><em>non</em></strong></span> <span class='ocrx_word' id='word_1_316' title='bbox 2837 2727 3272 2798; x_wconf 83' lang='lat' dir='ltr'><strong><em>Opponuntur</em></strong></span> <span class='ocrx_word' id='word_1_317' title='bbox 3305 2742 3320 2778; x_wconf 90' lang='lat'><strong>:</strong></span> <span class='ocrx_word' id='word_1_318' title='bbox 3355 2721 3440 2779; x_wconf 90' lang='lat' dir='ltr'><strong><em>ita</em></strong></span> <span class='ocrx_word' id='word_1_319' title='bbox 3485 2717 3607 2779; x_wconf 87' lang='lat' dir='ltr'><strong><em>mi-</em></strong></span> 
     </span>
    </p>
   </div>
   <div class='ocr_carea' id='block_1_26' title="bbox 293 2814 3608 2895">
    <p class='ocr_par' dir='ltr' id='par_1_26' title="bbox 293 2814 3608 2895">
     <span class='ocr_line' id='line_1_26' title="bbox 293 2814 3608 2895; baseline 0 -17"><span class='ocrx_word' id='word_1_320' title='bbox 293 2815 476 2878; x_wconf 91' lang='lat' dir='ltr'><strong><em>nime</em></strong></span> <span class='ocrx_word' id='word_1_321' title='bbox 518 2815 1030 2894; x_wconf 74' lang='lat' dir='ltr'><strong><em>distinguantur,</em></strong></span> <span class='ocrx_word' id='word_1_322' title='bbox 1065 2815 1178 2878; x_wconf 84' lang='lat' dir='ltr'><strong><em>sed</em></strong></span> <span class='ocrx_word' id='word_1_323' title='bbox 1227 2814 1360 2877; x_wconf 74' lang='lat' dir='ltr'><strong><em>sint</em></strong></span> <span class='ocrx_word' id='word_1_324' title='bbox 1392 2814 1526 2876; x_wconf 88' lang='lat' dir='ltr'><strong><em>duo</em></strong></span> <span class='ocrx_word' id='word_1_325' title='bbox 1559 2814 1899 2893; x_wconf 81' lang='lat' dir='ltr'><strong><em>supposita</em></strong></span> <span class='ocrx_word' id='word_1_326' title='bbox 1936 2831 2079 2876; x_wconf 91' lang='lat' dir='ltr'><strong><em>cum</em></strong></span> <span class='ocrx_word' id='word_1_327' title='bbox 2110 2831 2238 2877; x_wconf 88' lang='lat' dir='ltr'><strong><em>una</em></strong></span> <span class='ocrx_word' id='word_1_328' title='bbox 2271 2814 2635 2894; x_wconf 89' lang='lat' dir='ltr'><strong><em>eademque</em></strong></span> <span class='ocrx_word' id='word_1_329' title='bbox 2677 2816 2995 2895; x_wconf 87' lang='lat' dir='ltr'><strong><em>Spiritum</em></strong></span> <span class='ocrx_word' id='word_1_330' title='bbox 3026 2824 3325 2878; x_wconf 89' lang='lat' dir='ltr'><strong><em>sanctum</em></strong></span> <span class='ocrx_word' id='word_1_331' title='bbox 3361 2815 3608 2894; x_wconf 84' lang='lat' dir='ltr'><strong><em>produ-</em></strong></span> 
     </span>
    </p>
   </div>
   <div class='ocr_carea' id='block_1_27' title="bbox 293 2912 805 2974">
    <p class='ocr_par' dir='ltr' id='par_1_27' title="bbox 293 2912 805 2974">
     <span class='ocr_line' id='line_1_27' title="bbox 293 2912 805 2974; baseline 0 0"><span class='ocrx_word' id='word_1_332' title='bbox 293 2913 488 2974; x_wconf 89' lang='lat' dir='ltr'><strong><em>cendi</em></strong></span> <span class='ocrx_word' id='word_1_333' title='bbox 542 2912 805 2974; x_wconf 90' lang='lat' dir='ltr'><strong><em>virtute.</em></strong></span> 
     </span>
    </p>
   </div>
   <div class='ocr_carea' id='block_1_28' title="bbox 370 3007 3602 3090">
    <p class='ocr_par' dir='ltr' id='par_1_28' title="bbox 370 3007 3602 3090">
     <span class='ocr_line' id='line_1_28' title="bbox 370 3007 3602 3090; baseline 0.001 -21"><span class='ocrx_word' id='word_1_334' title='bbox 370 3007 525 3090; x_wconf 74' lang='lat'><strong><em>(12.)</em></strong></span> <span class='ocrx_word' id='word_1_335' title='bbox 558 3010 784 3070; x_wconf 85' lang='lat' dir='ltr'><strong><em>Fuerit</em></strong></span> <span class='ocrx_word' id='word_1_336' title='bbox 832 3025 988 3083; x_wconf 88' lang='lat' dir='ltr'><strong><em>ergo</em></strong></span> <span class='ocrx_word' id='word_1_337' title='bbox 1042 3008 1281 3082; x_wconf 87' lang='lat' dir='ltr'><strong><em>Filius,</em></strong></span> <span class='ocrx_word' id='word_1_338' title='bbox 1341 3007 1590 3088; x_wconf 87' lang='lat' dir='ltr'><strong><em>inquis,</em></strong></span> <span class='ocrx_word' id='word_1_339' title='bbox 1633 3008 1896 3088; x_wconf 89' lang='lat' dir='ltr'><strong><em>Spiritu</em></strong></span> <span class='ocrx_word' id='word_1_340' title='bbox 1943 3017 2165 3070; x_wconf 90' lang='lat' dir='ltr'><strong><em>sancto</em></strong></span> <span class='ocrx_word' id='word_1_341' title='bbox 2219 3009 2478 3090; x_wconf 80' lang='lat' dir='ltr'><strong><em>major?</em></strong></span> <span class='ocrx_word' id='word_1_342' title='bbox 2519 3031 2546 3065; x_wconf 80' lang='grc' dir='ltr'><strong><em>α</em></strong></span> <span class='ocrx_word' id='word_1_343' title='bbox 2611 3007 2994 3078; x_wconf 87' lang='lat' dir='ltr'><strong><em>Considera,</em></strong></span> <span class='ocrx_word' id='word_1_344' title='bbox 3043 3009 3302 3088; x_wconf 87' lang='lat' dir='ltr'><strong><em>reponit</em></strong></span> <span class='ocrx_word' id='word_1_345' title='bbox 3359 3010 3602 3071; x_wconf 89' lang='lat' dir='ltr'><strong><em>Beccus</em></strong></span> 
     </span>
    </p>
   </div>
   <div class='ocr_carea' id='block_1_29' title="bbox 293 3106 3602 3186">
    <p class='ocr_par' dir='ltr' id='par_1_29' title="bbox 293 3106 3602 3186">
     <span class='ocr_line' id='line_1_29' title="bbox 293 3106 3602 3186; baseline -0.001 -16"><span class='ocrx_word' id='word_1_346' title='bbox 293 3123 482 3170; x_wconf 80' lang='lat' dir='ltr'><strong><em>num.</em></strong></span> <span class='ocrx_word' id='word_1_347' title='bbox 517 3108 620 3180; x_wconf 85' lang='lat'><strong><em>67,</em></strong></span> <span class='ocrx_word' id='word_1_348' title='bbox 669 3125 749 3170; x_wconf 91' lang='lat' dir='ltr'><strong><em>ne</em></strong></span> <span class='ocrx_word' id='word_1_349' title='bbox 781 3106 900 3168; x_wconf 88' lang='lat' dir='ltr'><strong><em>tibi</em></strong></span> <span class='ocrx_word' id='word_1_350' title='bbox 928 3106 1059 3169; x_wconf 64' lang='lat' dir='ltr'><strong><em>haec</em></strong></span> <span class='ocrx_word' id='word_1_351' title='bbox 1083 3106 1406 3170; x_wconf 86' lang='lat' dir='ltr'><strong><em>dubitatio</em></strong></span> <span class='ocrx_word' id='word_1_352' title='bbox 1439 3106 1505 3168; x_wconf 91' lang='lat' dir='ltr'><strong><em>in</em></strong></span> <span class='ocrx_word' id='word_1_353' title='bbox 1534 3108 1963 3186; x_wconf 87' lang='lat' dir='ltr'><strong><em>opprobrium</em></strong></span> <span class='ocrx_word' id='word_1_354' title='bbox 2004 3113 2318 3179; x_wconf 87' lang='lat' dir='ltr'><strong><em>vertatur,</em></strong></span> <span class='ocrx_word' id='word_1_355' title='bbox 2346 3107 2401 3168; x_wconf 91' lang='lat' dir='ltr'><strong><em>si</em></strong></span> <span class='ocrx_word' id='word_1_356' title='bbox 2430 3106 2630 3169; x_wconf 78' lang='lat' dir='ltr'><strong><em>Italus</em></strong></span> <span class='ocrx_word' id='word_1_357' title='bbox 2655 3123 2964 3185; x_wconf 86' lang='lat' dir='ltr'><strong><em>magnum</em></strong></span> <span class='ocrx_word' id='word_1_358' title='bbox 3013 3107 3130 3168; x_wconf 90' lang='lat' dir='ltr'><strong><em>tibi</em></strong></span> <span class='ocrx_word' id='word_1_359' title='bbox 3172 3106 3602 3168; x_wconf 86' lang='lat' dir='ltr'><strong><em>Athanasium</em></strong></span> 
     </span>
    </p>
   </div>
   <div class='ocr_carea' id='block_1_30' title="bbox 294 3203 3603 3284">
    <p class='ocr_par' dir='ltr' id='par_1_30' title="bbox 294 3203 3603 3284">
     <span class='ocr_line' id='line_1_30' title="bbox 294 3203 3603 3284; baseline 0 -19"><span class='ocrx_word' id='word_1_360' title='bbox 294 3206 610 3284; x_wconf 86' lang='lat' dir='ltr'><strong><em>producet</em></strong></span> <span class='ocrx_word' id='word_1_361' title='bbox 635 3206 926 3266; x_wconf 86' lang='lat' dir='ltr'><strong><em>oratione</em></strong></span> <span class='ocrx_word' id='word_1_362' title='bbox 960 3203 1324 3266; x_wconf 82' lang='lat' dir='ltr'><strong><em>iAdversus</em></strong></span> <span class='ocrx_word' id='word_1_363' title='bbox 1358 3205 1632 3265; x_wconf 80' lang='lat' dir='ltr'><strong><em>Arianos</em></strong></span> <span class='ocrx_word' id='word_1_364' title='bbox 1666 3207 1877 3283; x_wconf 88' lang='lat' dir='ltr'><strong><em>(num.</em></strong></span> <span class='ocrx_word' id='word_1_365' title='bbox 1909 3205 2009 3284; x_wconf 86' lang='lat'><strong><em>50)</em></strong></span> <span class='ocrx_word' id='word_1_366' title='bbox 2047 3205 2178 3266; x_wconf 73' lang='lat' dir='ltr'><strong><em>hmo</em></strong></span> <span class='ocrx_word' id='word_1_367' title='bbox 2211 3203 2579 3267; x_wconf 87' lang='lat' dir='ltr'><strong><em>tradentem</em></strong></span> <span class='ocrx_word' id='word_1_368' title='bbox 2621 3225 2638 3267; x_wconf 89' lang='lat'><strong>:</strong></span> <span class='ocrx_word' id='word_1_369' title='bbox 2685 3204 3050 3284; x_wconf 87' lang='lat' dir='ltr'><strong><em>Discipulis</em></strong></span> <span class='ocrx_word' id='word_1_370' title='bbox 3087 3205 3397 3269; x_wconf 86' lang='lat' dir='ltr'><strong><em>Dominus</em></strong></span> <span class='ocrx_word' id='word_1_371' title='bbox 3460 3204 3603 3266; x_wconf 86' lang='lat' dir='ltr'><strong><em>dei-</em></strong></span> 
     </span>
    </p>
   </div>
   <div class='ocr_carea' id='block_1_31' title="bbox 291 3297 3606 3382">
    <p class='ocr_par' dir='ltr' id='par_1_31' title="bbox 291 3297 3606 3382">
     <span class='ocr_line' id='line_1_31' title="bbox 291 3297 3606 3382; baseline 0 -20"><span class='ocrx_word' id='word_1_372' title='bbox 291 3308 486 3364; x_wconf 72' lang='lat' dir='ltr'><strong><em>tatem</em></strong></span> <span class='ocrx_word' id='word_1_373' title='bbox 516 3308 575 3362; x_wconf 88' lang='lat' dir='ltr'><strong><em>et</em></strong></span> <span class='ocrx_word' id='word_1_374' title='bbox 606 3301 1105 3380; x_wconf 83' lang='lat' dir='ltr'><strong><em>magnitudinem</em></strong></span> <span class='ocrx_word' id='word_1_375' title='bbox 1129 3319 1309 3361; x_wconf 89' lang='lat' dir='ltr'><strong><em>suam</em></strong></span> <span class='ocrx_word' id='word_1_376' title='bbox 1344 3297 1703 3374; x_wconf 86' lang='lat' dir='ltr'><strong><em>ostendens,</em></strong></span> <span class='ocrx_word' id='word_1_377' title='bbox 1734 3318 1865 3360; x_wconf 90' lang='lat' dir='ltr'><strong><em>non</em></strong></span> <span class='ocrx_word' id='word_1_378' title='bbox 1895 3301 2205 3360; x_wconf 88' lang='lat' dir='ltr'><strong><em>minorem</em></strong></span> <span class='ocrx_word' id='word_1_379' title='bbox 2236 3301 2644 3380; x_wconf 86' lang='lat' dir='ltr'><strong><em>semetipsum</em></strong></span> <span class='ocrx_word' id='word_1_380' title='bbox 2675 3301 2958 3379; x_wconf 86' lang='lat' dir='ltr'><strong><em>Spiritu,</em></strong></span> <span class='ocrx_word' id='word_1_381' title='bbox 3028 3300 3138 3360; x_wconf 84' lang='lat' dir='ltr'><strong><em>sed</em></strong></span> <span class='ocrx_word' id='word_1_382' title='bbox 3193 3304 3496 3382; x_wconf 88' lang='lat' dir='ltr'><strong><em>majorem</em></strong></span> <span class='ocrx_word' id='word_1_383' title='bbox 3546 3311 3606 3363; x_wconf 91' lang='lat' dir='ltr'><strong><em>et</em></strong></span> 
     </span>
    </p>
   </div>
   <div class='ocr_carea' id='block_1_32' title="bbox 291 3395 3607 3478">
    <p class='ocr_par' dir='ltr' id='par_1_32' title="bbox 291 3395 3607 3478">
     <span class='ocr_line' id='line_1_32' title="bbox 291 3395 3607 3478; baseline -0.001 -18"><span class='ocrx_word' id='word_1_384' title='bbox 291 3396 594 3476; x_wconf 72' lang='lat' dir='ltr'><strong><em>aqualem</em></strong></span> <span class='ocrx_word' id='word_1_385' title='bbox 640 3416 770 3457; x_wconf 91' lang='lat' dir='ltr'><strong><em>esse</em></strong></span> <span class='ocrx_word' id='word_1_386' title='bbox 802 3396 1202 3476; x_wconf 80' lang='lat' dir='ltr'><strong><em>significans,</em></strong></span> <span class='ocrx_word' id='word_1_387' title='bbox 1233 3395 1525 3456; x_wconf 87' lang='lat' dir='ltr'><strong><em>tradebat</em></strong></span> <span class='ocrx_word' id='word_1_388' title='bbox 1557 3396 1902 3474; x_wconf 88' lang='lat' dir='ltr'><strong><em>Spiritum,</em></strong></span> <span class='ocrx_word' id='word_1_389' title='bbox 1949 3395 2318 3475; x_wconf 83' lang='lat' dir='ltr'><strong><em>dicebatque</em></strong></span> <span class='ocrx_word' id='word_1_390' title='bbox 2353 3418 2373 3456; x_wconf 88' lang='lat'><strong><em>:</em></strong></span> <span class='ocrx_word' id='word_1_391' title='bbox 2406 3398 2543 3474; x_wconf 83' lang='lat' dir='ltr'><strong><em>Ego</em></strong></span> <span class='ocrx_word' id='word_1_392' title='bbox 2600 3397 2784 3458; x_wconf 80' lang='lat' dir='ltr'><strong><em>illum</em></strong></span> <span class='ocrx_word' id='word_1_393' title='bbox 2842 3401 3052 3470; x_wconf 89' lang='lat' dir='ltr'><strong><em>mitto,</em></strong></span> <span class='ocrx_word' id='word_1_394' title='bbox 3089 3408 3145 3458; x_wconf 87' lang='lat' dir='ltr'><strong><em>et</em></strong></span> <span class='ocrx_word' id='word_1_395' title='bbox 3185 3400 3321 3478; x_wconf 84' lang='lat' dir='ltr'><strong><em>ipse</em></strong></span> <span class='ocrx_word' id='word_1_396' title='bbox 3347 3419 3439 3458; x_wconf 91' lang='lat' dir='ltr'><strong><em>me</em></strong></span> <span class='ocrx_word' id='word_1_397' title='bbox 3469 3397 3607 3478; x_wconf 89' lang='lat' dir='ltr'><strong><em>glo-</em></strong></span> 
     </span>
    </p>
   </div>
   <div class='ocr_carea' id='block_1_33' title="bbox 295 3489 3608 3572">
    <p class='ocr_par' dir='ltr' id='par_1_33' title="bbox 295 3489 3608 3572">
     <span class='ocr_line' id='line_1_33' title="bbox 295 3489 3608 3572; baseline 0.001 -18"><span class='ocrx_word' id='word_1_398' title='bbox 295 3492 606 3571; x_wconf 84' lang='lat' dir='ltr'><strong><em>rificabit,</em></strong></span> <span class='ocrx_word' id='word_1_399' title='bbox 657 3500 715 3553; x_wconf 87' lang='lat' dir='ltr'><strong><em>et</em></strong></span> <span class='ocrx_word' id='word_1_400' title='bbox 756 3509 1138 3572; x_wconf 66' lang='lat' dir='ltr'><strong><em>quacunque</em></strong></span> <span class='ocrx_word' id='word_1_401' title='bbox 1188 3489 1428 3564; x_wconf 88' lang='lat' dir='ltr'><strong><em>audiet,</em></strong></span> <span class='ocrx_word' id='word_1_402' title='bbox 1483 3490 1800 3569; x_wconf 90' lang='lat' dir='ltr'><strong><em>loquetur.</em></strong></span> <span class='ocrx_word' id='word_1_403' title='bbox 1846 3511 1881 3545; x_wconf 56' lang='grc' dir='ltr'><strong><em>»ί</em></strong></span> <span class='ocrx_word' id='word_1_404' title='bbox 1909 3493 1976 3552; x_wconf 90' lang='lat' dir='ltr'><strong><em>In</em></strong></span> <span class='ocrx_word' id='word_1_405' title='bbox 2015 3493 2373 3556; x_wconf 76' lang='lat' dir='ltr'><strong><em>Parisiensi</em></strong></span> <span class='ocrx_word' id='word_1_406' title='bbox 2441 3494 2923 3555; x_wconf 83' lang='lat' dir='ltr'><strong><em>Montfauconii</em></strong></span> <span class='ocrx_word' id='word_1_407' title='bbox 2972 3494 3264 3557; x_wconf 87' lang='lat' dir='ltr'><strong><em>editione</em></strong></span> <span class='ocrx_word' id='word_1_408' title='bbox 3300 3514 3446 3568; x_wconf 86' lang='lat' dir='ltr'><strong><em>vox,</em></strong></span> <span class='ocrx_word' id='word_1_409' title='bbox 3489 3497 3608 3567; x_wconf 78' lang='grc' dir='ltr'><strong><em>μεί-</em></strong></span> 
     </span>
    </p>
   </div>
   <div class='ocr_carea' id='block_1_34' title="bbox 296 3587 3608 3674">
    <p class='ocr_par' dir='ltr' id='par_1_34' title="bbox 296 3587 3608 3674">
     <span class='ocr_line' id='line_1_34' title="bbox 296 3587 3608 3674; baseline 0.004 -30"><span class='ocrx_word' id='word_1_410' title='bbox 296 3590 452 3674; x_wconf 73' lang='lat' dir='ltr'><strong><em>(ova.</em></strong></span> <span class='ocrx_word' id='word_1_411' title='bbox 487 3591 810 3670; x_wconf 83' lang='lat' dir='ltr'><strong><em>majorem,</em></strong></span> <span class='ocrx_word' id='word_1_412' title='bbox 843 3589 1270 3650; x_wconf 89' lang='lat' dir='ltr'><strong><em>desideratur.</em></strong></span> <span class='ocrx_word' id='word_1_413' title='bbox 1324 3587 1572 3648; x_wconf 83' lang='lat' dir='ltr'><strong><em>Habent</em></strong></span> <span class='ocrx_word' id='word_1_414' title='bbox 1610 3587 1783 3648; x_wconf 80' lang='lat' dir='ltr'><strong><em>illam</em></strong></span> <span class='ocrx_word' id='word_1_415' title='bbox 1819 3590 2140 3652; x_wconf 90' lang='lat' dir='ltr'><strong><em>editiones</em></strong></span> <span class='ocrx_word' id='word_1_416' title='bbox 2166 3591 2335 3660; x_wconf 71' lang='lat' dir='ltr'><strong><em>alim,</em></strong></span> <span class='ocrx_word' id='word_1_417' title='bbox 2367 3608 2439 3653; x_wconf 84' lang='lat' dir='ltr'><strong><em>ac</em></strong></span> <span class='ocrx_word' id='word_1_418' title='bbox 2473 3608 2630 3654; x_wconf 90' lang='lat' dir='ltr'><strong><em>mss.</em></strong></span> <span class='ocrx_word' id='word_1_419' title='bbox 2695 3593 2954 3654; x_wconf 91' lang='lat' dir='ltr'><strong><em>codices</em></strong></span> <span class='ocrx_word' id='word_1_420' title='bbox 2991 3592 3227 3671; x_wconf 85' lang='lat' dir='ltr'><strong><em>aliqui.</em></strong></span> <span class='ocrx_word' id='word_1_421' title='bbox 3260 3595 3356 3655; x_wconf 85' lang='lat' dir='ltr'><strong><em>Ad</em></strong></span> <span class='ocrx_word' id='word_1_422' title='bbox 3429 3594 3608 3658; x_wconf 90' lang='lat' dir='ltr'><strong><em>hunc</em></strong></span> 
     </span>
    </p>
   </div>
   <div class='ocr_carea' id='block_1_35' title="bbox 295 3684 3606 3770">
    <p class='ocr_par' dir='ltr' id='par_1_35' title="bbox 295 3684 3606 3770">
     <span class='ocr_line' id='line_1_35' title="bbox 295 3684 3606 3770; baseline 0.002 -22"><span class='ocrx_word' id='word_1_423' title='bbox 295 3685 515 3749; x_wconf 88' lang='lat' dir='ltr'><strong><em>locum</em></strong></span> <span class='ocrx_word' id='word_1_424' title='bbox 550 3687 854 3748; x_wconf 89' lang='lat' dir='ltr'><strong><em>admonet</em></strong></span> <span class='ocrx_word' id='word_1_425' title='bbox 887 3686 1183 3746; x_wconf 86' lang='lat' dir='ltr'><strong><em>laudatus</em></strong></span> <span class='ocrx_word' id='word_1_426' title='bbox 1223 3684 1459 3750; x_wconf 86' lang='lat' dir='ltr'><strong><em>editor,</em></strong></span> <span class='ocrx_word' id='word_1_427' title='bbox 1488 3685 1550 3745; x_wconf 89' lang='lat' dir='ltr'><strong><em>in</em></strong></span> <span class='ocrx_word' id='word_1_428' title='bbox 1599 3685 1888 3764; x_wconf 82' lang='lat' dir='ltr'><strong><em>margine</em></strong></span> <span class='ocrx_word' id='word_1_429' title='bbox 1920 3687 2165 3748; x_wconf 83' lang='lat' dir='ltr'><strong><em>codicis</em></strong></span> <span class='ocrx_word' id='word_1_430' title='bbox 2194 3687 2592 3749; x_wconf 89' lang='lat' dir='ltr'><strong><em>Basileensis</em></strong></span> <span class='ocrx_word' id='word_1_431' title='bbox 2653 3688 2784 3750; x_wconf 76' lang='lat' dir='ltr'><strong><em>inec</em></strong></span> <span class='ocrx_word' id='word_1_432' title='bbox 2815 3691 3156 3751; x_wconf 79' lang='lat' dir='ltr'><strong><em>adnotari:</em></strong></span> <span class='ocrx_word' id='word_1_433' title='bbox 3219 3690 3393 3764; x_wconf 74' lang='lat' dir='ltr'><strong><em>Vide,</em></strong></span> <span class='ocrx_word' id='word_1_434' title='bbox 3450 3710 3606 3770; x_wconf 85' lang='lat' dir='ltr'><strong><em>quo-</em></strong></span> 
     </span>
    </p>
   </div>
   <div class='ocr_carea' id='block_1_36' title="bbox 292 3781 3606 3872">
    <p class='ocr_par' dir='ltr' id='par_1_36' title="bbox 292 3781 3606 3872">
     <span class='ocr_line' id='line_1_36' title="bbox 292 3781 3606 3872; baseline 0.002 -28"><span class='ocrx_word' id='word_1_435' title='bbox 292 3781 478 3844; x_wconf 86' lang='lat' dir='ltr'><strong><em>modo</em></strong></span> <span class='ocrx_word' id='word_1_436' title='bbox 511 3783 719 3843; x_wconf 83' lang='lat' dir='ltr'><strong><em>Filius</em></strong></span> <span class='ocrx_word' id='word_1_437' title='bbox 743 3783 999 3862; x_wconf 66' lang='lat' dir='ltr'><strong><em>aqualis</em></strong></span> <span class='ocrx_word' id='word_1_438' title='bbox 1037 3792 1093 3843; x_wconf 89' lang='lat' dir='ltr'><strong><em>et</em></strong></span> <span class='ocrx_word' id='word_1_439' title='bbox 1120 3782 1324 3863; x_wconf 87' lang='lat' dir='ltr'><strong><em>major</em></strong></span> <span class='ocrx_word' id='word_1_440' title='bbox 1357 3783 1441 3842; x_wconf 91' lang='lat' dir='ltr'><strong><em>sit</em></strong></span> <span class='ocrx_word' id='word_1_441' title='bbox 1479 3782 1740 3860; x_wconf 84' lang='lat' dir='ltr'><strong><em>Spiritu</em></strong></span> <span class='ocrx_word' id='word_1_442' title='bbox 1767 3803 1787 3842; x_wconf 92' lang='lat'><strong><em>:</em></strong></span> <span class='ocrx_word' id='word_1_443' title='bbox 1826 3784 2084 3863; x_wconf 66' lang='lat' dir='ltr'><strong><em>aequalis</em></strong></span> <span class='ocrx_word' id='word_1_444' title='bbox 2110 3783 2362 3864; x_wconf 81' lang='lat' dir='ltr'><strong><em>quidem</em></strong></span> <span class='ocrx_word' id='word_1_445' title='bbox 2392 3786 2740 3848; x_wconf 89' lang='lat' dir='ltr'><strong><em>secundum</em></strong></span> <span class='ocrx_word' id='word_1_446' title='bbox 2766 3787 3199 3863; x_wconf 82' lang='lat' dir='ltr'><strong><em>divinitatem,</em></strong></span> <span class='ocrx_word' id='word_1_447' title='bbox 3219 3791 3424 3872; x_wconf 86' lang='lat' dir='ltr'><strong><em>major</em></strong></span> <span class='ocrx_word' id='word_1_448' title='bbox 3456 3808 3606 3851; x_wconf 85' lang='lat' dir='ltr'><strong><em>vero</em></strong></span> 
     </span>
    </p>
   </div>
   <div class='ocr_carea' id='block_1_37' title="bbox 294 3879 3610 3967">
    <p class='ocr_par' dir='ltr' id='par_1_37' title="bbox 294 3879 3610 3967">
     <span class='ocr_line' id='line_1_37' title="bbox 294 3879 3610 3967; baseline 0.003 -29"><span class='ocrx_word' id='word_1_449' title='bbox 294 3880 548 3940; x_wconf 83' lang='lat' dir='ltr'><strong><em>ratione</em></strong></span> <span class='ocrx_word' id='word_1_450' title='bbox 572 3896 796 3953; x_wconf 73' lang='lat' dir='ltr'><strong><em>causa,</em></strong></span> <span class='ocrx_word' id='word_1_451' title='bbox 827 3888 900 3939; x_wconf 91' lang='lat' dir='ltr'><strong><em>ut</em></strong></span> <span class='ocrx_word' id='word_1_452' title='bbox 933 3888 987 3939; x_wconf 89' lang='lat' dir='ltr'><strong><em>et</em></strong></span> <span class='ocrx_word' id='word_1_453' title='bbox 1012 3880 1203 3939; x_wconf 88' lang='lat' dir='ltr'><strong><em>Pater</em></strong></span> <span class='ocrx_word' id='word_1_454' title='bbox 1234 3880 1373 3958; x_wconf 90' lang='lat' dir='ltr'><strong><em>ipso</em></strong></span> <span class='ocrx_word' id='word_1_455' title='bbox 1424 3879 1616 3940; x_wconf 76' lang='lat' dir='ltr'><strong><em>l‘erbo</em></strong></span> <span class='ocrx_word' id='word_1_456' title='bbox 1652 3888 1744 3939; x_wconf 82' lang='lat' dir='ltr'><strong><em>est</em></strong></span> <span class='ocrx_word' id='word_1_457' title='bbox 1785 3882 2011 3960; x_wconf 91' lang='lat' dir='ltr'><strong><em>major.</em></strong></span> <span class='ocrx_word' id='word_1_458' title='bbox 2064 3884 2306 3961; x_wconf 83' lang='lat' dir='ltr'><strong><em>Nempe</em></strong></span> <span class='ocrx_word' id='word_1_459' title='bbox 2335 3900 2530 3946; x_wconf 83' lang='lat' dir='ltr'><strong><em>unam</em></strong></span> <span class='ocrx_word' id='word_1_460' title='bbox 2573 3901 2699 3946; x_wconf 90' lang='lat' dir='ltr'><strong><em>vox</em></strong></span> <span class='ocrx_word' id='word_1_461' title='bbox 2748 3885 2863 3947; x_wconf 89' lang='lat' dir='ltr'><strong><em>illa</em></strong></span> <span class='ocrx_word' id='word_1_462' title='bbox 2931 3885 3322 3967; x_wconf 85' lang='lat' dir='ltr'><strong><em>dignitatem</em></strong></span> <span class='ocrx_word' id='word_1_463' title='bbox 3361 3888 3610 3950; x_wconf 91' lang='lat' dir='ltr'><strong><em>indicat</em></strong></span> 
     </span>
    </p>
   </div>
   <div class='ocr_carea' id='block_1_38' title="bbox 295 3975 889 4053">
    <p class='ocr_par' dir='ltr' id='par_1_38' title="bbox 295 3975 889 4053">
     <span class='ocr_line' id='line_1_38' title="bbox 295 3975 889 4053; baseline -0.005 -14"><span class='ocrx_word' id='word_1_464' title='bbox 295 3976 552 4039; x_wconf 80' lang='lat' dir='ltr'><strong><em>ratione</em></strong></span> <span class='ocrx_word' id='word_1_465' title='bbox 586 3975 889 4053; x_wconf 80' lang='lat' dir='ltr'><strong><em>originis.</em></strong></span> 
     </span>
    </p>
   </div>
   <div class='ocr_carea' id='block_1_39' title="bbox 373 4070 3602 4161">
    <p class='ocr_par' dir='ltr' id='par_1_39' title="bbox 373 4070 3602 4161">
     <span class='ocr_line' id='line_1_39' title="bbox 373 4070 3602 4161; baseline 0.004 -30"><span class='ocrx_word' id='word_1_466' title='bbox 373 4073 480 4133; x_wconf 85' lang='lat'><strong><em>&#39;16.</em></strong></span> <span class='ocrx_word' id='word_1_467' title='bbox 539 4070 1122 4134; x_wconf 80' lang='lat' dir='ltr'><strong><em>Animadversione</em></strong></span> <span class='ocrx_word' id='word_1_468' title='bbox 1177 4071 1562 4158; x_wconf 83' lang='lat' dir='ltr'><strong><em>dignissima</em></strong></span> <span class='ocrx_word' id='word_1_469' title='bbox 1638 4077 2008 4152; x_wconf 90' lang='lat' dir='ltr'><strong><em>sequuntur</em></strong></span> <span class='ocrx_word' id='word_1_470' title='bbox 2067 4073 2539 4155; x_wconf 81' lang='lat' dir='ltr'><strong><em>Theophylaeti</em></strong></span> <span class='ocrx_word' id='word_1_471' title='bbox 2619 4077 2808 4140; x_wconf 90' lang='lat' dir='ltr'><strong><em>verba</em></strong></span> <span class='ocrx_word' id='word_1_472' title='bbox 2862 4080 2929 4141; x_wconf 90' lang='lat' dir='ltr'><strong><em>in</em></strong></span> <span class='ocrx_word' id='word_1_473' title='bbox 3003 4080 3283 4159; x_wconf 89' lang='lat' dir='ltr'><strong><em>epistola</em></strong></span> <span class='ocrx_word' id='word_1_474' title='bbox 3357 4081 3602 4161; x_wconf 65' lang='lat' dir='ltr'><strong><em>saepius</em></strong></span> 
     </span>
    </p>
   </div>
   <div class='ocr_carea' id='block_1_40' title="bbox 294 4167 3605 4257">
    <p class='ocr_par' dir='ltr' id='par_1_40' title="bbox 294 4167 3605 4257">
     <span class='ocr_line' id='line_1_40' title="bbox 294 4167 3605 4257; baseline 0.003 -28"><span class='ocrx_word' id='word_1_475' title='bbox 294 4175 648 4229; x_wconf 86' lang='lat' dir='ltr'><strong><em>memorata</em></strong></span> <span class='ocrx_word' id='word_1_476' title='bbox 705 4169 782 4228; x_wconf 87' lang='lat' dir='ltr'><strong><em>ad</em></strong></span> <span class='ocrx_word' id='word_1_477' title='bbox 842 4167 1182 4229; x_wconf 82' lang='lat' dir='ltr'><strong><em>Nicolaum</em></strong></span> <span class='ocrx_word' id='word_1_478' title='bbox 1246 4168 1594 4230; x_wconf 88' lang='lat' dir='ltr'><strong><em>diaconum</em></strong></span> <span class='ocrx_word' id='word_1_479' title='bbox 1657 4178 1718 4230; x_wconf 91' lang='lat' dir='ltr'><strong><em>et</em></strong></span> <span class='ocrx_word' id='word_1_480' title='bbox 1778 4171 2196 4234; x_wconf 79' lang='lat' dir='ltr'><strong><em>canstrisium</em></strong></span> <span class='ocrx_word' id='word_1_481' title='bbox 2250 4195 2265 4234; x_wconf 89' lang='lat'><strong>:</strong></span> <span class='ocrx_word' id='word_1_482' title='bbox 2320 4174 2392 4235; x_wconf 89' lang='lat' dir='ltr'><strong><em>Si</em></strong></span> <span class='ocrx_word' id='word_1_483' title='bbox 2449 4173 2702 4236; x_wconf 74' lang='lat' dir='ltr'><strong><em>dixeris</em></strong></span> <span class='ocrx_word' id='word_1_484' title='bbox 2764 4187 2822 4237; x_wconf 91' lang='lat' dir='ltr'><strong><em>te</em></strong></span> <span class='ocrx_word' id='word_1_485' title='bbox 2888 4177 3215 4256; x_wconf 80' lang='lat' dir='ltr'><strong><em>afﬁrmare</em></strong></span> <span class='ocrx_word' id='word_1_486' title='bbox 3277 4179 3605 4257; x_wconf 84' lang='lat' dir='ltr'><strong><em>Spiritum</em></strong></span> 
     </span>
    </p>
   </div>
   <div class='ocr_carea' id='block_1_41' title="bbox 297 4263 3602 4354">
    <p class='ocr_par' dir='ltr' id='par_1_41' title="bbox 297 4263 3602 4354">
     <span class='ocr_line' id='line_1_41' title="bbox 297 4263 3602 4354; baseline 0.004 -31"><span class='ocrx_word' id='word_1_487' title='bbox 297 4279 383 4324; x_wconf 77' lang='lat' dir='ltr'><strong><em>ea:</em></strong></span> <span class='ocrx_word' id='word_1_488' title='bbox 439 4263 610 4325; x_wconf 84' lang='lat' dir='ltr'><strong><em>Filio</em></strong></span> <span class='ocrx_word' id='word_1_489' title='bbox 643 4264 1012 4342; x_wconf 88' lang='lat' dir='ltr'><strong><em>procedere,</em></strong></span> <span class='ocrx_word' id='word_1_490' title='bbox 1068 4273 1378 4343; x_wconf 87' lang='lat' dir='ltr'><strong><em>quatenus</em></strong></span> <span class='ocrx_word' id='word_1_491' title='bbox 1427 4265 1503 4326; x_wconf 93' lang='lat' dir='ltr'><strong><em>ab</em></strong></span> <span class='ocrx_word' id='word_1_492' title='bbox 1558 4284 1626 4326; x_wconf 89' lang='lat' dir='ltr'><strong><em>eo</em></strong></span> <span class='ocrx_word' id='word_1_493' title='bbox 1691 4265 2112 4329; x_wconf 86' lang='lat' dir='ltr'><strong><em>distribuitur</em></strong></span> <span class='ocrx_word' id='word_1_494' title='bbox 2164 4278 2222 4329; x_wconf 92' lang='lat' dir='ltr'><strong><em>et</em></strong></span> <span class='ocrx_word' id='word_1_495' title='bbox 2277 4269 2550 4332; x_wconf 88' lang='lat' dir='ltr'><strong><em>datur...</em></strong></span> <span class='ocrx_word' id='word_1_496' title='bbox 2581 4282 2639 4332; x_wconf 90' lang='lat' dir='ltr'><strong><em>et</em></strong></span> <span class='ocrx_word' id='word_1_497' title='bbox 2669 4270 2755 4332; x_wconf 90' lang='lat' dir='ltr'><strong><em>ad</em></strong></span> <span class='ocrx_word' id='word_1_498' title='bbox 2808 4274 2902 4334; x_wconf 90' lang='lat' dir='ltr'><strong><em>ita</em></strong></span> <span class='ocrx_word' id='word_1_499' title='bbox 2937 4274 3322 4347; x_wconf 87' lang='lat' dir='ltr'><strong><em>loquendum</em></strong></span> <span class='ocrx_word' id='word_1_500' title='bbox 3361 4277 3504 4354; x_wconf 87' lang='lat' dir='ltr'><strong><em>cogi</em></strong></span> <span class='ocrx_word' id='word_1_501' title='bbox 3543 4285 3602 4337; x_wconf 92' lang='lat' dir='ltr'><strong><em>te</em></strong></span> 
     </span>
    </p>
   </div>
   <div class='ocr_carea' id='block_1_42' title="bbox 288 4359 3602 4451">
    <p class='ocr_par' dir='ltr' id='par_1_42' title="bbox 288 4359 3602 4451">
     <span class='ocr_line' id='line_1_42' title="bbox 288 4359 3602 4451; baseline 0.004 -32"><span class='ocrx_word' id='word_1_502' title='bbox 288 4360 571 4438; x_wconf 88' lang='lat' dir='ltr'><strong><em>penuria</em></strong></span> <span class='ocrx_word' id='word_1_503' title='bbox 599 4378 846 4431; x_wconf 81' lang='lat' dir='ltr'><strong><em>uocum,</em></strong></span> <span class='ocrx_word' id='word_1_504' title='bbox 879 4361 1237 4438; x_wconf 62' lang='lat' dir='ltr'><strong><em>Latinisque</em></strong></span> <span class='ocrx_word' id='word_1_505' title='bbox 1267 4359 1501 4440; x_wconf 64' lang='lat' dir='ltr'><strong><em>lingua;-</em></strong></span> <span class='ocrx_word' id='word_1_506' title='bbox 1538 4373 2000 4443; x_wconf 87' lang='lat' dir='ltr'><strong><em>paupertate...</em></strong></span> <span class='ocrx_word' id='word_1_507' title='bbox 2031 4385 2140 4446; x_wconf 87' lang='lat' dir='ltr'><strong><em>ego</em></strong></span> <span class='ocrx_word' id='word_1_508' title='bbox 2160 4369 2407 4430; x_wconf 79' lang='lat' dir='ltr'><strong><em>veniam</em></strong></span> <span class='ocrx_word' id='word_1_509' title='bbox 2445 4370 2639 4449; x_wconf 83' lang='lat' dir='ltr'><strong><em>facile</em></strong></span> <span class='ocrx_word' id='word_1_510' title='bbox 2692 4369 2880 4442; x_wconf 89' lang='lat' dir='ltr'><strong><em>dabo,</em></strong></span> <span class='ocrx_word' id='word_1_511' title='bbox 2911 4382 2982 4432; x_wconf 94' lang='lat' dir='ltr'><strong><em>ut</em></strong></span> <span class='ocrx_word' id='word_1_512' title='bbox 3023 4372 3092 4431; x_wconf 89' lang='lat' dir='ltr'><strong><em>in</em></strong></span> <span class='ocrx_word' id='word_1_513' title='bbox 3142 4373 3291 4434; x_wconf 88' lang='lat' dir='ltr'><strong><em>aliis</em></strong></span> <span class='ocrx_word' id='word_1_514' title='bbox 3325 4373 3602 4451; x_wconf 89' lang='lat' dir='ltr'><strong><em>quidem,</em></strong></span> 
     </span>
    </p>
   </div>
   <div class='ocr_carea' id='block_1_43' title="bbox 289 4457 3590 4540">
    <p class='ocr_par' dir='ltr' id='par_1_43' title="bbox 289 4457 3590 4540">
     <span class='ocr_line' id='line_1_43' title="bbox 289 4457 3590 4540; baseline 0.003 -20"><span class='ocrx_word' id='word_1_515' title='bbox 289 4458 410 4520; x_wconf 76' lang='lat' dir='ltr'><strong><em>hoc</em></strong></span> <span class='ocrx_word' id='word_1_516' title='bbox 467 4467 583 4526; x_wconf 88' lang='lat' dir='ltr'><strong><em>est,</em></strong></span> <span class='ocrx_word' id='word_1_517' title='bbox 629 4457 1086 4531; x_wconf 81' lang='lat' dir='ltr'><strong><em>communibus,</em></strong></span> <span class='ocrx_word' id='word_1_518' title='bbox 1131 4477 1204 4518; x_wconf 90' lang='lat' dir='ltr'><strong><em>ac</em></strong></span> <span class='ocrx_word' id='word_1_519' title='bbox 1275 4460 1458 4519; x_wconf 89' lang='lat' dir='ltr'><strong><em>etiam</em></strong></span> <span class='ocrx_word' id='word_1_520' title='bbox 1518 4463 1962 4525; x_wconf 84' lang='lat' dir='ltr'><strong><em>ecclesiasticis</em></strong></span> <span class='ocrx_word' id='word_1_521' title='bbox 2000 4465 2421 4538; x_wconf 86' lang='lat' dir='ltr'><strong><em>sermonibus,</em></strong></span> <span class='ocrx_word' id='word_1_522' title='bbox 2465 4466 2523 4527; x_wconf 91' lang='lat' dir='ltr'><strong><em>si</em></strong></span> <span class='ocrx_word' id='word_1_523' title='bbox 2577 4467 2755 4540; x_wconf 73' lang='lat' dir='ltr'><strong><em>velis,</em></strong></span> <span class='ocrx_word' id='word_1_524' title='bbox 2808 4467 3068 4528; x_wconf 83' lang='lat' dir='ltr'><strong><em>vocibus</em></strong></span> <span class='ocrx_word' id='word_1_525' title='bbox 3115 4470 3328 4528; x_wconf 86' lang='lat' dir='ltr'><strong><em>utaris</em></strong></span> <span class='ocrx_word' id='word_1_526' title='bbox 3361 4479 3434 4528; x_wconf 90' lang='lat' dir='ltr'><strong><em>ut</em></strong></span> <span class='ocrx_word' id='word_1_527' title='bbox 3468 4468 3590 4531; x_wconf 86' lang='lat' dir='ltr'><strong><em>tibi</em></strong></span> 
     </span>
    </p>
   </div>
   <div class='ocr_carea' id='block_1_44' title="bbox 289 4551 3594 4644">
    <p class='ocr_par' dir='ltr' id='par_1_44' title="bbox 289 4551 3594 4644">
     <span class='ocr_line' id='line_1_44' title="bbox 289 4551 3594 4644; baseline 0.004 -32"><span class='ocrx_word' id='word_1_528' title='bbox 289 4551 516 4630; x_wconf 80' lang='lat' dir='ltr'><strong><em>lingua</em></strong></span> <span class='ocrx_word' id='word_1_529' title='bbox 551 4552 837 4613; x_wconf 88' lang='lat' dir='ltr'><strong><em>concedit</em></strong></span> <span class='ocrx_word' id='word_1_530' title='bbox 876 4575 894 4613; x_wconf 91' lang='lat'><strong><em>:</em></strong></span> <span class='ocrx_word' id='word_1_531' title='bbox 921 4556 1250 4632; x_wconf 65' lang='lat' dir='ltr'><strong><em>praemissa</em></strong></span> <span class='ocrx_word' id='word_1_532' title='bbox 1287 4564 1488 4616; x_wconf 88' lang='lat' dir='ltr'><strong><em>tamen</em></strong></span> <span class='ocrx_word' id='word_1_533' title='bbox 1519 4561 1921 4628; x_wconf 81' lang='lat' dir='ltr'><strong><em>convenienti</em></strong></span> <span class='ocrx_word' id='word_1_534' title='bbox 1969 4558 2430 4636; x_wconf 90' lang='lat' dir='ltr'><strong><em>declaratione,</em></strong></span> <span class='ocrx_word' id='word_1_535' title='bbox 2455 4581 2537 4623; x_wconf 89' lang='lat' dir='ltr'><strong><em>ne</em></strong></span> <span class='ocrx_word' id='word_1_536' title='bbox 2571 4565 2684 4644; x_wconf 92' lang='lat' dir='ltr'><strong><em>qui</em></strong></span> <span class='ocrx_word' id='word_1_537' title='bbox 2711 4562 3017 4639; x_wconf 86' lang='lat' dir='ltr'><strong><em>audiunt,</em></strong></span> <span class='ocrx_word' id='word_1_538' title='bbox 3047 4566 3345 4643; x_wconf 86' lang='lat' dir='ltr'><strong><em>ignorent</em></strong></span> <span class='ocrx_word' id='word_1_539' title='bbox 3377 4565 3594 4644; x_wconf 86' lang='lat' dir='ltr'><strong><em>dupli-</em></strong></span> 
     </span>
    </p>
   </div>
   <div class='ocr_carea' id='block_1_45' title="bbox 287 4651 3606 4740">
    <p class='ocr_par' dir='ltr' id='par_1_45' title="bbox 287 4651 3606 4740">
     <span class='ocr_line' id='line_1_45' title="bbox 287 4651 3606 4740; baseline 0.005 -30"><span class='ocrx_word' id='word_1_540' title='bbox 287 4666 421 4710; x_wconf 88' lang='lat' dir='ltr'><strong><em>cem</em></strong></span> <span class='ocrx_word' id='word_1_541' title='bbox 451 4667 578 4710; x_wconf 92' lang='lat' dir='ltr'><strong><em>esse</em></strong></span> <span class='ocrx_word' id='word_1_542' title='bbox 609 4651 781 4711; x_wconf 82' lang='lat' dir='ltr'><strong><em>vocis</em></strong></span> <span class='ocrx_word' id='word_1_543' title='bbox 811 4651 1299 4730; x_wconf 84' lang='lat' dir='ltr'><strong><em>intelligentiam</em></strong></span> <span class='ocrx_word' id='word_1_544' title='bbox 1351 4654 1868 4731; x_wconf 87' lang='lat' dir='ltr'><strong><em>(processionem</em></strong></span> <span class='ocrx_word' id='word_1_545' title='bbox 1926 4659 2201 4734; x_wconf 87' lang='lat' dir='ltr'><strong><em>scilicet,</em></strong></span> <span class='ocrx_word' id='word_1_546' title='bbox 2259 4661 2629 4723; x_wconf 85' lang='lat' dir='ltr'><strong><em>secundum</em></strong></span> <span class='ocrx_word' id='word_1_547' title='bbox 2702 4663 2878 4740; x_wconf 90' lang='lat' dir='ltr'><strong><em>quod</em></strong></span> <span class='ocrx_word' id='word_1_548' title='bbox 2930 4679 2962 4722; x_wconf 77' lang='grc' dir='ltr'><strong>δ</strong></span> <span class='ocrx_word' id='word_1_549' title='bbox 3006 4663 3148 4723; x_wconf 90' lang='lat' dir='ltr'><strong><em>solo</em></strong></span> <span class='ocrx_word' id='word_1_550' title='bbox 3183 4665 3363 4724; x_wconf 90' lang='lat' dir='ltr'><strong><em>Patre</em></strong></span> <span class='ocrx_word' id='word_1_551' title='bbox 3413 4663 3606 4726; x_wconf 87' lang='lat' dir='ltr'><strong><em>habet</em></strong></span> 
     </span>
    </p>
   </div>
   <div class='ocr_carea' id='block_1_46' title="bbox 288 4745 3609 4840">
    <p class='ocr_par' dir='ltr' id='par_1_46' title="bbox 288 4745 3609 4840">
     <span class='ocr_line' id='line_1_46' title="bbox 288 4745 3609 4840; baseline 0.005 -32"><span class='ocrx_word' id='word_1_552' title='bbox 288 4763 460 4819; x_wconf 86' lang='lat' dir='ltr'><strong><em>esse,</em></strong></span> <span class='ocrx_word' id='word_1_553' title='bbox 497 4754 557 4807; x_wconf 90' lang='lat' dir='ltr'><strong><em>et</em></strong></span> <span class='ocrx_word' id='word_1_554' title='bbox 591 4745 983 4808; x_wconf 63' lang='lat' dir='ltr'><strong><em>effusionem</em></strong></span> <span class='ocrx_word' id='word_1_555' title='bbox 1020 4748 1119 4810; x_wconf 90' lang='lat' dir='ltr'><strong><em>vel</em></strong></span> <span class='ocrx_word' id='word_1_556' title='bbox 1146 4751 1808 4815; x_wconf 85' lang='lat' dir='ltr'><strong><em>communicationem</em></strong></span> <span class='ocrx_word' id='word_1_557' title='bbox 1846 4755 2182 4839; x_wconf 87' lang='lat' dir='ltr'><strong><em>Spiritus).</em></strong></span> <span class='ocrx_word' id='word_1_558' title='bbox 2218 4759 2300 4820; x_wconf 80' lang='lat' dir='ltr'><strong><em>At</em></strong></span> <span class='ocrx_word' id='word_1_559' title='bbox 2332 4776 2480 4820; x_wconf 77' lang='lat' dir='ltr'><strong><em>vero</em></strong></span> <span class='ocrx_word' id='word_1_560' title='bbox 2513 4760 2582 4821; x_wconf 86' lang='lat' dir='ltr'><strong><em>in</em></strong></span> <span class='ocrx_word' id='word_1_561' title='bbox 2626 4759 2927 4840; x_wconf 85' lang='lat' dir='ltr'><strong><em>Symbolo</em></strong></span> <span class='ocrx_word' id='word_1_562' title='bbox 3000 4760 3288 4838; x_wconf 81' lang='lat' dir='ltr'><strong><em>exprime</em></strong></span> <span class='ocrx_word' id='word_1_563' title='bbox 3339 4779 3609 4840; x_wconf 80' lang='lat' dir='ltr'><strong><em>proces-</em></strong></span> 
     </span>
    </p>
   </div>
   <div class='ocr_carea' id='block_1_47' title="bbox 285 4841 1005 4905">
    <p class='ocr_par' dir='ltr' id='par_1_47' title="bbox 285 4841 1005 4905">
     <span class='ocr_line' id='line_1_47' title="bbox 285 4841 1005 4905; baseline 0.003 -2"><span class='ocrx_word' id='word_1_564' title='bbox 285 4841 529 4903; x_wconf 83' lang='lat' dir='ltr'><strong><em>sionem</em></strong></span> <span class='ocrx_word' id='word_1_565' title='bbox 553 4861 592 4902; x_wconf 93' lang='lat' dir='ltr'><strong><em>a</em></strong></span> <span class='ocrx_word' id='word_1_566' title='bbox 621 4842 755 4902; x_wconf 91' lang='lat' dir='ltr'><strong><em>solo</em></strong></span> <span class='ocrx_word' id='word_1_567' title='bbox 789 4843 1005 4905; x_wconf 91' lang='lat' dir='ltr'><strong><em>Patre.</em></strong></span> 
     </span>
    </p>
   </div>
   <div class='ocr_carea' id='block_1_48' title="bbox 371 4940 3602 5035">
    <p class='ocr_par' dir='ltr' id='par_1_48' title="bbox 371 4940 3602 5035">
     <span class='ocr_line' id='line_1_48' title="bbox 371 4940 3602 5035; baseline 0.006 -35"><span class='ocrx_word' id='word_1_568' title='bbox 371 4940 560 5002; x_wconf 80' lang='lat' dir='ltr'><strong><em>Hunc</em></strong></span> <span class='ocrx_word' id='word_1_569' title='bbox 594 4942 736 5001; x_wconf 90' lang='lat' dir='ltr'><strong><em>sine</em></strong></span> <span class='ocrx_word' id='word_1_570' title='bbox 769 4940 973 5004; x_wconf 88' lang='lat' dir='ltr'><strong><em>dubio</em></strong></span> <span class='ocrx_word' id='word_1_571' title='bbox 1013 4940 1230 5010; x_wconf 85' lang='lat' dir='ltr'><strong><em>locum</em></strong></span> <span class='ocrx_word' id='word_1_572' title='bbox 1275 4943 1600 5006; x_wconf 89' lang='lat' dir='ltr'><strong><em>indicabat</em></strong></span> <span class='ocrx_word' id='word_1_573' title='bbox 1659 4947 1944 5009; x_wconf 86' lang='lat' dir='ltr'><strong><em>Joannes</em></strong></span> <span class='ocrx_word' id='word_1_574' title='bbox 1977 4950 2220 5014; x_wconf 88' lang='lat' dir='ltr'><strong><em>Beccus</em></strong></span> <span class='ocrx_word' id='word_1_575' title='bbox 2259 4953 2429 5014; x_wconf 92' lang='lat' dir='ltr'><strong><em>inter</em></strong></span> <span class='ocrx_word' id='word_1_576' title='bbox 2461 4953 2763 5033; x_wconf 88' lang='lat' dir='ltr'><strong><em>ejusdem</em></strong></span> <span class='ocrx_word' id='word_1_577' title='bbox 2797 4953 3277 5035; x_wconf 82' lang='lat' dir='ltr'><strong><em>Theophylacti</em></strong></span> <span class='ocrx_word' id='word_1_578' title='bbox 3349 4955 3602 5019; x_wconf 81' lang='lat' dir='ltr'><strong><em>refuta-</em></strong></span> 
     </span>
    </p>
   </div>
   <div class='ocr_carea' id='block_1_49' title="bbox 287 5036 3604 5132">
    <p class='ocr_par' dir='ltr' id='par_1_49' title="bbox 287 5036 3604 5132">
     <span class='ocr_line' id='line_1_49' title="bbox 287 5036 3604 5132; baseline 0.004 -31"><span class='ocrx_word' id='word_1_579' title='bbox 287 5036 529 5112; x_wconf 84' lang='lat' dir='ltr'><strong><em>tiones,</em></strong></span> <span class='ocrx_word' id='word_1_580' title='bbox 570 5055 750 5100; x_wconf 88' lang='lat' dir='ltr'><strong><em>num.</em></strong></span> <span class='ocrx_word' id='word_1_581' title='bbox 785 5040 907 5100; x_wconf 86' lang='lat'><strong><em>66:</em></strong></span> <span class='ocrx_word' id='word_1_582' title='bbox 947 5061 974 5094; x_wconf 76' lang='grc' dir='ltr'>α</span> <span class='ocrx_word' id='word_1_583' title='bbox 1007 5042 1140 5120; x_wconf 88' lang='lat' dir='ltr'><strong><em>Ego</em></strong></span> <span class='ocrx_word' id='word_1_584' title='bbox 1170 5041 1431 5103; x_wconf 90' lang='lat' dir='ltr'><strong><em>interim</em></strong></span> <span class='ocrx_word' id='word_1_585' title='bbox 1465 5044 1698 5121; x_wconf 88' lang='lat' dir='ltr'><strong><em>gratias</em></strong></span> <span class='ocrx_word' id='word_1_586' title='bbox 1731 5045 1847 5106; x_wconf 89' lang='lat' dir='ltr'><strong><em>tibi</em></strong></span> <span class='ocrx_word' id='word_1_587' title='bbox 1874 5046 2436 5128; x_wconf 84' lang='lat' dir='ltr'><strong><em>(Theophylacte),</em></strong></span> <span class='ocrx_word' id='word_1_588' title='bbox 2473 5065 2595 5130; x_wconf 89' lang='lat' dir='ltr'><strong><em>ago</em></strong></span> <span class='ocrx_word' id='word_1_589' title='bbox 2626 5049 2706 5112; x_wconf 89' lang='lat' dir='ltr'><strong><em>de</em></strong></span> <span class='ocrx_word' id='word_1_590' title='bbox 2734 5051 2904 5113; x_wconf 91' lang='lat' dir='ltr'><strong><em>bona</em></strong></span> <span class='ocrx_word' id='word_1_591' title='bbox 2940 5059 3203 5127; x_wconf 89' lang='lat' dir='ltr'><strong><em>mente;</em></strong></span> <span class='ocrx_word' id='word_1_592' title='bbox 3247 5054 3512 5132; x_wconf 90' lang='lat' dir='ltr'><strong><em>quando</em></strong></span> <span class='ocrx_word' id='word_1_593' title='bbox 3542 5063 3604 5115; x_wconf 84' lang='lat' dir='ltr'><strong><em>te</em></strong></span> 
     </span>
    </p>
   </div>
   <div class='ocr_carea' id='block_1_50' title="bbox 285 5137 3605 5228">
    <p class='ocr_par' dir='ltr' id='par_1_50' title="bbox 285 5137 3605 5228">
     <span class='ocr_line' id='line_1_50' title="bbox 285 5137 3605 5228; baseline 0.004 -28"><span class='ocrx_word' id='word_1_594' title='bbox 285 5137 573 5216; x_wconf 77' lang='lat' dir='ltr'><strong><em>reperio,</em></strong></span> <span class='ocrx_word' id='word_1_595' title='bbox 606 5139 920 5200; x_wconf 87' lang='lat' dir='ltr'><strong><em>unionem</em></strong></span> <span class='ocrx_word' id='word_1_596' title='bbox 965 5139 1268 5201; x_wconf 69' lang='lat' dir='ltr'><strong><em>Ecclesia)</em></strong></span> <span class='ocrx_word' id='word_1_597' title='bbox 1299 5141 1500 5203; x_wconf 73' lang='lat' dir='ltr'><strong><em>veluti</em></strong></span> <span class='ocrx_word' id='word_1_598' title='bbox 1528 5159 1561 5203; x_wconf 87' lang='lat' dir='ltr'><strong><em>a</em></strong></span> <span class='ocrx_word' id='word_1_599' title='bbox 1600 5143 1850 5216; x_wconf 88' lang='lat' dir='ltr'><strong><em>subtili,</em></strong></span> <span class='ocrx_word' id='word_1_600' title='bbox 1880 5143 2058 5223; x_wconf 86' lang='lat' dir='ltr'><strong><em>quod</em></strong></span> <span class='ocrx_word' id='word_1_601' title='bbox 2096 5146 2310 5216; x_wconf 90' lang='lat' dir='ltr'><strong><em>aiunt,</em></strong></span> <span class='ocrx_word' id='word_1_602' title='bbox 2362 5145 2468 5223; x_wconf 78' lang='lat' dir='ltr'><strong><em>ﬁlo</em></strong></span> <span class='ocrx_word' id='word_1_603' title='bbox 2498 5147 2900 5224; x_wconf 87' lang='lat' dir='ltr'><strong><em>appendisse</em></strong></span> <span class='ocrx_word' id='word_1_604' title='bbox 2935 5149 3000 5209; x_wconf 89' lang='lat' dir='ltr'><strong><em>in</em></strong></span> <span class='ocrx_word' id='word_1_605' title='bbox 3057 5148 3218 5225; x_wconf 88' lang='lat' dir='ltr'><strong><em>illis,</em></strong></span> <span class='ocrx_word' id='word_1_606' title='bbox 3265 5167 3411 5228; x_wconf 68' lang='lat' dir='ltr'><strong><em>quae</em></strong></span> <span class='ocrx_word' id='word_1_607' title='bbox 3443 5150 3605 5214; x_wconf 83' lang='lat' dir='ltr'><strong><em>Italo</em></strong></span> 
     </span>
    </p>
   </div>
   <div class='ocr_carea' id='block_1_51' title="bbox 281 5234 3600 5326">
    <p class='ocr_par' dir='ltr' id='par_1_51' title="bbox 281 5234 3600 5326">
     <span class='ocr_line' id='line_1_51' title="bbox 281 5234 3600 5326; baseline 0.003 -28"><span class='ocrx_word' id='word_1_608' title='bbox 281 5235 590 5298; x_wconf 84' lang='lat' dir='ltr'><strong><em>insinuas</em></strong></span> <span class='ocrx_word' id='word_1_609' title='bbox 627 5252 640 5294; x_wconf 94' lang='lat'>:</span> <span class='ocrx_word' id='word_1_610' title='bbox 671 5235 754 5295; x_wconf 86' lang='lat' dir='ltr'><strong><em>In</em></strong></span> <span class='ocrx_word' id='word_1_611' title='bbox 795 5234 945 5296; x_wconf 87' lang='lat' dir='ltr'><strong><em>aliis</em></strong></span> <span class='ocrx_word' id='word_1_612' title='bbox 975 5234 1226 5314; x_wconf 88' lang='lat' dir='ltr'><strong><em>quidem</em></strong></span> <span class='ocrx_word' id='word_1_613' title='bbox 1262 5237 1532 5299; x_wconf 78' lang='lat' dir='ltr'><strong><em>concedo</em></strong></span> <span class='ocrx_word' id='word_1_614' title='bbox 1564 5239 1702 5310; x_wconf 89' lang='lat' dir='ltr'><strong><em>tibi,</em></strong></span> <span class='ocrx_word' id='word_1_615' title='bbox 1739 5259 1947 5302; x_wconf 87' lang='lat' dir='ltr'><strong><em>vocem</em></strong></span> <span class='ocrx_word' id='word_1_616' title='bbox 1979 5240 2421 5321; x_wconf 87' lang='lat' dir='ltr'><strong><em>usurpandam</em></strong></span> <span class='ocrx_word' id='word_1_617' title='bbox 2451 5245 2747 5324; x_wconf 88' lang='lat' dir='ltr'><strong><em>Spiritus</em></strong></span> <span class='ocrx_word' id='word_1_618' title='bbox 2783 5264 2863 5307; x_wconf 77' lang='lat' dir='ltr'><strong><em>ea:</em></strong></span> <span class='ocrx_word' id='word_1_619' title='bbox 2901 5245 3093 5306; x_wconf 86' lang='lat' dir='ltr'><strong><em>Patre</em></strong></span> <span class='ocrx_word' id='word_1_620' title='bbox 3127 5255 3186 5307; x_wconf 92' lang='lat' dir='ltr'><strong><em>et</em></strong></span> <span class='ocrx_word' id='word_1_621' title='bbox 3229 5245 3403 5308; x_wconf 87' lang='lat' dir='ltr'><strong><em>Filio</em></strong></span> <span class='ocrx_word' id='word_1_622' title='bbox 3433 5265 3600 5326; x_wconf 90' lang='lat' dir='ltr'><strong><em>pro-</em></strong></span> 
     </span>
    </p>
   </div>
   <div class='ocr_carea' id='block_1_52' title="bbox 285 5332 3605 5420">
    <p class='ocr_par' dir='ltr' id='par_1_52' title="bbox 285 5332 3605 5420">
     <span class='ocr_line' id='line_1_52' title="bbox 285 5332 3605 5420; baseline 0.005 -26"><span class='ocrx_word' id='word_1_623' title='bbox 285 5333 616 5405; x_wconf 89' lang='lat' dir='ltr'><strong><em>cessionis,</em></strong></span> <span class='ocrx_word' id='word_1_624' title='bbox 655 5342 728 5392; x_wconf 91' lang='lat' dir='ltr'><strong><em>ut</em></strong></span> <span class='ocrx_word' id='word_1_625' title='bbox 763 5332 883 5396; x_wconf 89' lang='lat' dir='ltr'><strong><em>tibi</em></strong></span> <span class='ocrx_word' id='word_1_626' title='bbox 914 5335 1136 5410; x_wconf 85' lang='lat' dir='ltr'><strong><em>lingua</em></strong></span> <span class='ocrx_word' id='word_1_627' title='bbox 1161 5337 1482 5419; x_wconf 86' lang='lat' dir='ltr'><strong><em>permittit</em></strong></span> <span class='ocrx_word' id='word_1_628' title='bbox 1521 5358 1543 5399; x_wconf 91' lang='lat'><strong><em>:</em></strong></span> <span class='ocrx_word' id='word_1_629' title='bbox 1573 5339 1639 5399; x_wconf 88' lang='lat' dir='ltr'><strong><em>in</em></strong></span> <span class='ocrx_word' id='word_1_630' title='bbox 1670 5341 2109 5402; x_wconf 88' lang='lat' dir='ltr'><strong><em>communibus</em></strong></span> <span class='ocrx_word' id='word_1_631' title='bbox 2137 5344 2358 5420; x_wconf 89' lang='lat' dir='ltr'><strong><em>nempe</em></strong></span> <span class='ocrx_word' id='word_1_632' title='bbox 2389 5343 2792 5404; x_wconf 86' lang='lat' dir='ltr'><strong><em>sermonibus</em></strong></span> <span class='ocrx_word' id='word_1_633' title='bbox 2831 5343 3290 5407; x_wconf 89' lang='lat' dir='ltr'><strong><em>ecclesiasticis</em></strong></span> <span class='ocrx_word' id='word_1_634' title='bbox 3355 5357 3412 5407; x_wconf 90' lang='lat' dir='ltr'><strong><em>et</em></strong></span> <span class='ocrx_word' id='word_1_635' title='bbox 3468 5346 3605 5408; x_wconf 86' lang='lat' dir='ltr'><strong><em>col-</em></strong></span> 
     </span>
    </p>
   </div>
   <div class='ocr_carea' id='block_1_53' title="bbox 284 5429 3602 5521">
    <p class='ocr_par' dir='ltr' id='par_1_53' title="bbox 284 5429 3602 5521">
     <span class='ocr_line' id='line_1_53' title="bbox 284 5429 3602 5521; baseline 0.005 -31"><span class='ocrx_word' id='word_1_636' title='bbox 284 5429 541 5508; x_wconf 88' lang='lat' dir='ltr'><strong><em>loquiis,</em></strong></span> <span class='ocrx_word' id='word_1_637' title='bbox 577 5431 633 5492; x_wconf 92' lang='lat' dir='ltr'><strong><em>si</em></strong></span> <span class='ocrx_word' id='word_1_638' title='bbox 663 5430 1048 5500; x_wconf 86' lang='lat' dir='ltr'><strong><em>allubescat;</em></strong></span> <span class='ocrx_word' id='word_1_639' title='bbox 1085 5433 1154 5493; x_wconf 91' lang='lat' dir='ltr'><strong><em>in</em></strong></span> <span class='ocrx_word' id='word_1_640' title='bbox 1182 5431 1480 5510; x_wconf 85' lang='lat' dir='ltr'><strong><em>Symbolo</em></strong></span> <span class='ocrx_word' id='word_1_641' title='bbox 1517 5451 1666 5493; x_wconf 82' lang='lat' dir='ltr'><strong><em>vero</em></strong></span> <span class='ocrx_word' id='word_1_642' title='bbox 1699 5436 1859 5509; x_wconf 86' lang='lat' dir='ltr'><strong><em>solo,</em></strong></span> <span class='ocrx_word' id='word_1_643' title='bbox 1894 5455 2026 5497; x_wconf 91' lang='lat' dir='ltr'><strong><em>non</em></strong></span> <span class='ocrx_word' id='word_1_644' title='bbox 2058 5436 2416 5499; x_wconf 88' lang='lat' dir='ltr'><strong><em>concedam.</em></strong></span> <span class='ocrx_word' id='word_1_645' title='bbox 2454 5440 2822 5502; x_wconf 81' lang='lat' dir='ltr'><strong><em>Exosculor</em></strong></span> <span class='ocrx_word' id='word_1_646' title='bbox 2846 5441 3048 5503; x_wconf 89' lang='lat' dir='ltr'><strong><em>animi</em></strong></span> <span class='ocrx_word' id='word_1_647' title='bbox 3094 5443 3186 5504; x_wconf 89' lang='lat' dir='ltr'><strong><em>tui</em></strong></span> <span class='ocrx_word' id='word_1_648' title='bbox 3223 5443 3602 5521; x_wconf 82' lang='lat' dir='ltr'><strong><em>candorem,</em></strong></span> 
     </span>
    </p>
   </div>
   <div class='ocr_carea' id='block_1_54' title="bbox 283 5529 2143 5607">
    <p class='ocr_par' dir='ltr' id='par_1_54' title="bbox 283 5529 2143 5607">
     <span class='ocr_line' id='line_1_54' title="bbox 283 5529 2143 5607; baseline 0.002 -19"><span class='ocrx_word' id='word_1_649' title='bbox 283 5533 351 5588; x_wconf 86' lang='lat' dir='ltr'><strong><em>et</em></strong></span> <span class='ocrx_word' id='word_1_650' title='bbox 379 5543 666 5606; x_wconf 84' lang='lat' dir='ltr'><strong><em>agnosco</em></strong></span> <span class='ocrx_word' id='word_1_651' title='bbox 707 5529 936 5590; x_wconf 90' lang='lat' dir='ltr'><strong><em>unioni</em></strong></span> <span class='ocrx_word' id='word_1_652' title='bbox 974 5537 1035 5590; x_wconf 91' lang='lat' dir='ltr'><strong><em>te</em></strong></span> <span class='ocrx_word' id='word_1_653' title='bbox 1073 5545 1379 5607; x_wconf 86' lang='lat' dir='ltr'><strong><em>magnum</em></strong></span> <span class='ocrx_word' id='word_1_654' title='bbox 1416 5531 1673 5604; x_wconf 89' lang='lat' dir='ltr'><strong><em>pondus</em></strong></span> <span class='ocrx_word' id='word_1_655' title='bbox 1707 5533 2070 5596; x_wconf 87' lang='lat' dir='ltr'><strong><em>addidisse.</em></strong></span> <span class='ocrx_word' id='word_1_656' title='bbox 2113 5557 2143 5591; x_wconf 82' lang='grc'>»</span> 
     </span>
    </p>
   </div>
   <div class='ocr_carea' id='block_1_55' title="bbox 361 5626 3602 5731">
    <p class='ocr_par' dir='ltr' id='par_1_55' title="bbox 361 5626 3602 5731">
     <span class='ocr_line' id='line_1_55' title="bbox 361 5626 3602 5731; baseline 0.004 -43"><span class='ocrx_word' id='word_1_657' title='bbox 361 5626 516 5731; x_wconf 57' lang='lat' dir='ltr'><strong><em>llaec</em></strong></span> <span class='ocrx_word' id='word_1_658' title='bbox 565 5627 846 5690; x_wconf 89' lang='lat' dir='ltr'><strong><em>invicem</em></strong></span> <span class='ocrx_word' id='word_1_659' title='bbox 900 5627 1056 5731; x_wconf 82' lang='lat' dir='ltr'><strong><em>duo,</em></strong></span> <span class='ocrx_word' id='word_1_660' title='bbox 1110 5644 1257 5706; x_wconf 77' lang='lat' dir='ltr'><strong><em>qum</em></strong></span> <span class='ocrx_word' id='word_1_661' title='bbox 1313 5629 1502 5690; x_wconf 87' lang='lat' dir='ltr'><strong><em>tradit</em></strong></span> <span class='ocrx_word' id='word_1_662' title='bbox 1560 5632 1698 5694; x_wconf 92' lang='lat' dir='ltr'><strong><em>loco</em></strong></span> <span class='ocrx_word' id='word_1_663' title='bbox 1731 5628 1927 5695; x_wconf 84' lang='lat' dir='ltr'><strong><em>citato</em></strong></span> <span class='ocrx_word' id='word_1_664' title='bbox 1957 5630 2510 5719; x_wconf 83' lang='lat' dir='ltr'><strong><em>Theophylactus,</em></strong></span> <span class='ocrx_word' id='word_1_665' title='bbox 2548 5651 2777 5713; x_wconf 70' lang='lat' dir='ltr'><strong><em>quaeve</em></strong></span> <span class='ocrx_word' id='word_1_666' title='bbox 2811 5636 3059 5698; x_wconf 84' lang='lat' dir='ltr'><strong><em>Beccus</em></strong></span> <span class='ocrx_word' id='word_1_667' title='bbox 3101 5636 3602 5731; x_wconf 53' lang='lat' dir='ltr'><strong><em>animadvertit,</em></strong></span> 
     </span>
    </p>
   </div>
   <div class='ocr_carea' id='block_1_56' title="bbox 282 5723 3607 5816">
    <p class='ocr_par' dir='ltr' id='par_1_56' title="bbox 282 5723 3607 5816">
     <span class='ocr_line' id='line_1_56' title="bbox 282 5723 3607 5816; baseline 0.005 -31"><span class='ocrx_word' id='word_1_668' title='bbox 282 5723 509 5786; x_wconf 86' lang='lat' dir='ltr'><strong><em>minus</em></strong></span> <span class='ocrx_word' id='word_1_669' title='bbox 552 5743 836 5790; x_wconf 89' lang='lat' dir='ltr'><strong><em>consona</em></strong></span> <span class='ocrx_word' id='word_1_670' title='bbox 871 5726 1180 5787; x_wconf 88' lang='lat' dir='ltr'><strong><em>videntur</em></strong></span> <span class='ocrx_word' id='word_1_671' title='bbox 1215 5747 1230 5784; x_wconf 86' lang='lat'><strong>:</strong></span> <span class='ocrx_word' id='word_1_672' title='bbox 1268 5742 1482 5805; x_wconf 88' lang='lat' dir='ltr'><strong><em>neque</em></strong></span> <span class='ocrx_word' id='word_1_673' title='bbox 1519 5728 1729 5806; x_wconf 87' lang='lat' dir='ltr'><strong><em>primo</em></strong></span> <span class='ocrx_word' id='word_1_674' title='bbox 1753 5739 2022 5810; x_wconf 80' lang='lat' dir='ltr'><strong><em>aspectu</em></strong></span> <span class='ocrx_word' id='word_1_675' title='bbox 2081 5730 2309 5791; x_wconf 91' lang='lat' dir='ltr'><strong><em>bonam</em></strong></span> <span class='ocrx_word' id='word_1_676' title='bbox 2362 5741 2631 5793; x_wconf 91' lang='lat' dir='ltr'><strong><em>mentem</em></strong></span> <span class='ocrx_word' id='word_1_677' title='bbox 2676 5733 2993 5796; x_wconf 90' lang='lat' dir='ltr'><strong><em>exhibent</em></strong></span> <span class='ocrx_word' id='word_1_678' title='bbox 3027 5736 3221 5796; x_wconf 88' lang='lat' dir='ltr'><strong><em>verba</em></strong></span> <span class='ocrx_word' id='word_1_679' title='bbox 3264 5753 3334 5798; x_wconf 91' lang='lat' dir='ltr'><strong><em>ar</em></strong></span> <span class='ocrx_word' id='word_1_680' title='bbox 3356 5723 3607 5816; x_wconf 58' lang='lat' dir='ltr'><strong><em>chiepi;</em></strong></span> 
     </span>
    </p>
   </div>
   <div class='ocr_carea' id='block_1_57' title="bbox 282 5821 3594 5911">
    <p class='ocr_par' dir='ltr' id='par_1_57' title="bbox 282 5821 3594 5911">
     <span class='ocr_line' id='line_1_57' title="bbox 282 5821 3594 5911; baseline 0.004 -26"><span class='ocrx_word' id='word_1_681' title='bbox 282 5821 494 5888; x_wconf 70' lang='lat' dir='ltr'><strong><em>5000i.</em></strong></span> <span class='ocrx_word' id='word_1_682' title='bbox 528 5823 848 5885; x_wconf 86' lang='lat' dir='ltr'><strong><em>Docuerat</em></strong></span> <span class='ocrx_word' id='word_1_683' title='bbox 880 5838 1138 5900; x_wconf 79' lang='lat' dir='ltr'><strong><em>nempe,</em></strong></span> <span class='ocrx_word' id='word_1_684' title='bbox 1168 5824 1607 5901; x_wconf 85' lang='lat' dir='ltr'><strong><em>processionis</em></strong></span> <span class='ocrx_word' id='word_1_685' title='bbox 1638 5830 1890 5892; x_wconf 89' lang='lat' dir='ltr'><strong><em>nomine</em></strong></span> <span class='ocrx_word' id='word_1_686' title='bbox 1942 5826 2267 5891; x_wconf 83' lang='lat' dir='ltr'><strong><em>declarari</em></strong></span> <span class='ocrx_word' id='word_1_687' title='bbox 2300 5827 2552 5891; x_wconf 86' lang='lat' dir='ltr'><strong><em>modum</em></strong></span> <span class='ocrx_word' id='word_1_688' title='bbox 2581 5848 2703 5911; x_wconf 92' lang='lat' dir='ltr'><strong><em>quo</em></strong></span> <span class='ocrx_word' id='word_1_689' title='bbox 2759 5831 3052 5911; x_wconf 89' lang='lat' dir='ltr'><strong><em>Spiritus</em></strong></span> <span class='ocrx_word' id='word_1_690' title='bbox 3085 5833 3271 5895; x_wconf 85' lang='lat' dir='ltr'><strong><em>habet</em></strong></span> <span class='ocrx_word' id='word_1_691' title='bbox 3296 5853 3429 5897; x_wconf 88' lang='lat' dir='ltr'><strong><em>esse</em></strong></span> <span class='ocrx_word' id='word_1_692' title='bbox 3461 5857 3482 5896; x_wconf 89' lang='lat'><em>:</em></span> <span class='ocrx_word' id='word_1_693' title='bbox 3521 5852 3594 5899; x_wconf 88' lang='lat' dir='ltr'><strong><em>ac</em></strong></span> 
     </span>
    </p>
   </div>
  </div>
