4262 6432
730 403 798 466 95
1574 399 1798 463 BERN.
1837 398 2103 463 MANE
2139 400 2238 461 DE
2277 397 2564 464 RUBEIS
2604 401 3109 466 DISSERTATIO
3913 399 3992 462 98

729 518 1049 585 missionis
1087 535 1292 580 vocem
1343 517 1701 595 signiﬁcare
1737 512 2158 576 hbundantem
2195 515 2505 576 donorum
2564 515 2987 597 largitionem,
3050 535 3185 596 qua:
3223 536 3260 575 a
3317 518 3510 578 Patre
3543 519 3816 598 quidem'
3856 529 3977 585 est,

731 615 838 675 sed
867 634 905 676 a
947 615 1112 675 Filio
1149 614 1215 674 in
1246 631 1346 672 eos
1374 614 1483 690 qui
1511 611 1691 690 digni
1714 623 1887 684 sunt,
1918 612 2296 691 e/funditur.
2338 614 2500 671 Tum
2541 613 2859 686 Latinum,
2895 613 2990 674 vel
3027 611 3253 673 Italum
3307 612 3585 685 inducit,
3620 613 3681 674 id
3755 613 3989 691 utique

731 710 1038 778 cientem,
1078 715 1142 768 et
1180 707 1608 768 nihilominus
1640 705 2083 789 afﬁrmantem,
2114 705 2427 784 Spiritum
2457 725 2536 767 ea:
2567 707 2736 768 Filio
2763 708 3132 784 procedere,
3169 717 3475 787 quatenus
3511 708 3587 770 ab
3641 727 3710 768 eo
3761 708 3989 772 distri-

731 804 954 865 buitur
979 823 1051 865 ac
1083 802 1296 876 datur,
1339 803 1536 864 veluti
1573 803 1648 864 ad
1685 803 1769 864 ita
1811 803 2209 880 loquendum
2247 804 2518 878 penuria
2550 812 2834 863 coactum
2880 823 3100 864 vocum
3136 804 3488 882 Latinaeque
3543 805 3775 882 lingua
3822 822 3990 882 pau-

729 912 1000 980 pertate.
1037 901 1483 962 Commentum
1516 899 1758 960 scilicet
1791 897 2082 958 obtrudit
2114 894 2657 973 Τὴοορὴγιδριυε.
2721 899 2913 960 Italus
2959 897 3132 959 enim
3175 905 3285 959 aut
3339 900 3606 961 Latinus
3663 901 3856 963 hocce
3913 901 3987 961 in

736 1005 1120 1073 argumento
1156 995 1480 1056 incusavit
1541 993 1760 1056 nullus
1829 1008 2110 1071 unquam
2171 991 2409 1067 linguai
2469 1010 2605 1055 sum
2647 995 2885 1056 latinas
2918 1002 3353 1074 paupertatem
3399 1011 3471 1054 ac
3505 1011 3733 1057 vocum
3769 1012 3983 1066 penu-

741 1094 924 1163 riam,
987 1108 1203 1169 neque
1264 1097 1466 1167 potest
1507 1091 1829 1151 incusare.
1895 1089 2022 1150 Bac
2084 1105 2236 1150 vero
2295 1090 2762 1166 prmsupposita
2833 1091 3073 1168 lingum
3138 1098 3535 1166 paupertate,
3594 1090 3847 1151 veniam
3911 1106 3987 1153 se

739 1189 1041 1250 datumm
1079 1188 1305 1248 Latino
1340 1187 1427 1247 ait
1461 1185 1797 1261 Bulgarus,
1849 1187 1929 1256 si,
1973 1197 2237 1262 excepto,
2283 1184 2599 1263 Symbolo,
2633 1184 2700 1244 in
2734 1185 2884 1246 aliis
2941 1184 3398 1259 familiaribus,
3427 1193 3488 1246 et
3519 1186 3986 1248 ecclesiasticis

729 1284 924 1345 etiam
966 1283 1341 1358 colloquiis,
1373 1283 1683 1359 Spiritum
1713 1291 2000 1352 sanctum
2033 1301 2070 1342 a
2104 1282 2290 1342 Patre
2342 1290 2400 1342 et
2426 1282 2596 1343 Filio
2623 1277 3065 1360 procedentem
3103 1289 3346 1342 asserat
3381 1304 3398 1342 :
3451 1299 3520 1344 ea
3563 1290 3776 1343 tamen
3827 1299 3988 1345 «au-

731 1379 905 1440 tione
935 1379 1240 1450 adhibita,
1277 1378 1654 1456 utejusdem
1675 1379 1955 1454 Spiritus
1986 1378 2384 1453 intelligatur
2403 1376 2640 1446 missio,
2673 1374 2956 1447 donatio,
2991 1374 3362 1436 distributio
3389 1392 3498 1451 per
3525 1375 3988 1437 charismatum

733 1474 1207 1550 elargitionem.
1247 1475 1388 1536 Hmc
1428 1475 1728 1534 videntur
1754 1474 2078 1543 evincere,
2115 1472 2380 1532 minime
2410 1470 2872 1550 Theophylacti
2909 1479 3187 1534 mentem
3247 1471 3478 1544 fuisse,
3533 1480 3600 1534 ut
3651 1473 3727 1534 ad
3779 1475 3986 1535 solam

730 1572 926 1643 vocis,
948 1570 1672 1650 Filioque,additionem
1703 1571 1778 1631 ad
1813 1570 2216 1649 Symbolum,
2243 1575 2351 1632 aut
2383 1567 2805 1629 omissionem
2840 1569 2901 1629 in
2930 1587 3030 1642 co,
3060 1567 3262 1647 redigi
3294 1569 3986 1647 possiteontroversim

728 1681 1001 1728 summa.

807 1785 880 1844 Ut
918 1793 988 1845 ut
1021 1801 1165 1846 sese
1199 1802 1298 1846 res
1335 1784 1590 1854 habeat,
1625 1784 1812 1845 boum
1847 1782 2057 1862 frugis
2093 1783 2341 1863 aliquid
2375 1783 2438 1843 in
2475 1783 2970 1860 archiepiscopo
3010 1785 3398 1862 agnoscebat
3435 1787 3673 1848 Beccus
3712 1807 3726 1848 :
3759 1793 3984 1864 utpote

732 1879 843 1955 qui
876 1880 1100 1941 Latino
1145 1883 1568 1958 permitteret,
1595 1881 1910 1958 Spiritum
1944 1887 2236 1941 sanctum
2268 1881 2717 1957 procedentem
2750 1896 2784 1941 a
2841 1881 3020 1942 Patre
3076 1881 3378 1960 Filioque
3431 1880 3745 1945 afﬁrmare
3803 1889 3985 1946 extra

731 1977 1144 2055 Symbolum;
1179 1996 1322 2040 cum
1354 1998 1384 2039 e
1419 1988 1634 2040 contra
1665 1980 2031 2040 Grteoorum
2072 1976 2365 2054 plerique
2403 1975 2798 2035 locutionem
2845 1974 3029 2048 hanc,
3062 1975 3259 2036 veluti
3295 1993 3504 2054 angue
3543 1979 3754 2055 pejus,
3787 1995 3982 2040 exse-

730 2084 1092 2134 craren'ur.
1129 2075 1289 2134 Illud
1333 2077 1520 2134 etiam
1558 2083 1691 2135 erat
1723 2073 2136 2136 emolumenti
2175 2094 2189 2132 :
2225 2072 2395 2150 quod
2431 2087 2573 2131 cum
2607 2070 2894 2148 Spiritus
2944 2071 3207 2132 sanctia
3243 2071 3434 2132 Patre
3464 2081 3521 2133 et
3550 2091 3590 2132 a
3621 2073 3791 2135 Filio
3824 2091 3986 2153 pro-

728 2171 1062 2230 cessiouem
1112 2169 1395 2249 intelligi
1453 2177 1512 2230 et
1581 2171 1778 2246 accipi
1832 2170 2230 2248 permitteret
2297 2181 2410 2244 pro
2443 2167 2649 2244 ipsius
2679 2167 2973 2231 missione
3007 2183 3120 2244 per
3148 2167 3468 2230 donorum
3496 2169 3983 2249 elargitione'm,

728 2265 893 2325 viam
928 2267 1180 2343 parabat
1212 2266 1286 2326 ad
1319 2282 1525 2327 veram
1560 2263 1852 2346 ejusdem
1876 2267 2198 2326 missionis
2231 2261 2752 2341 intelligentiam,
2787 2279 2978 2341 quam
3015 2263 3151 2324 sine
3185 2272 3420 2325 aeterna
3453 2282 3739 2343 persona
3780 2268 3992 2330 missa

725 2362 1126 2440 processione
1151 2362 1224 2423 ab
1256 2362 1460 2421 altera
1488 2378 1616 2422 non
1649 2362 2031 2434 consistere,
2061 2362 2189 2440 jam
2222 2357 2463 2435 smpius
2507 2359 2986 2419 adnotavimus.

3108 2430 3124 2453 ο

805 2481 1056 2556 [XLVI]
1078 2483 1174 2540 77.
1211 2482 1860 2558 Fueruntraeteroqui
1896 2463 2035 2561 ejus
2057 2480 2254 2542 natalis
2288 2477 2585 2539 doctores
2618 2479 2842 2550 Grmci,
2871 2479 2980 2556 qui
3009 2495 3119 2540 eos
3151 2478 3321 2542 inter
3350 2497 3420 2542 ac
3439 2482 3694 2544 Latinos
3725 2489 3986 2545 contro-

737 2577 959 2637 versiae
993 2584 1382 2636 momentum
1423 2576 1790 2653 redigerent
1840 2579 1913 2636 ad
1940 2594 2128 2638 unam
2169 2576 2364 2648 vocis,
2403 2573 2712 2653 Filioque,
2738 2575 3133 2638 additionem
3168 2577 3244 2658 ad
3279 2577 3682 2655 Symbolum.
3719 2579 3988 2657 lncepto

727 2671 961 2732 smvulo
1021 2671 1404 2733 duodecimo
1437 2671 2076 2733 Thessalonicensem
2100 2671 2507 2748 metropolim
2542 2671 2797 2748 regebat
2821 2671 3091 2744 Nicetas,
3115 2672 3226 2752 qui
3265 2672 3541 2750 primum
3567 2675 3883 2735 Maronem
3913 2673 3983 2737 in

725 2765 1347 2844 Thraciaepiscopus
1366 2767 1506 2829 fuit.
1528 2768 1854 2829 Prolixum
1877 2767 2014 2845 ejus
2034 2768 2239 2827 locum
2263 2786 2338 2828 ex
2361 2767 2543 2828 libris
2561 2784 2721 2844 quos
2743 2769 3148 2830 concinnavit
3167 2770 3244 2829 de
3271 2769 3682 2848 processione
3703 2771 3986 2848 Spiritus

726 2862 953 2934 sancti,
996 2864 1228 2940 promit
1268 2864 1390 2924 Leo
1429 2863 1699 2923 Allatius
1735 2863 1975 2924 Contra
2025 2865 2472 2939 Hottingcrum
2531 2881 2677 2942 pag.
2719 2863 2858 2938 1467,
2904 2864 3011 2925 ubi
3048 2865 3434 2943 diligentius
3467 2866 3762 2928 discussa
3801 2885 3982 2946 quae-

728 2957 967 3025 stione,
1004 2958 1092 3017 sic
1125 2976 1260 3017 eam
1301 2959 1582 3034 denique
1612 3019 1616 3022 ,
1645 2959 1920 3019 absolvit
1957 2982 1969 3019 :
2006 2981 2032 3013 α
2069 2958 2374 3019 Dictionis
2417 2960 2752 3042 (Filioque)
2793 2960 3178 3022 additionem
3239 2961 3506 3025 silentio
3547 2980 3658 3025 vos
3717 2981 3985 3044 quoque

728 3053 1062 3124 involvite,
1105 3072 1315 3132 neque
1349 3056 1416 3115 in
1449 3055 1742 3132 Symbolo
1782 3057 2205 3131 imposterum
2247 3057 2698 3132 pronuntiate:
2737 3059 2846 3119 sed
2873 3059 2963 3119 uti
3004 3060 3239 3131 Patres,
3278 3057 3359 3120 ita
3396 3059 3734 3121 nobiscum
3762 3061 3981 3134 dicite,

729 3145 856 3223 Qui
879 3167 960 3210 ex
990 3150 1182 3211 Patre
1206 3150 1519 3228 procedit,
1555 3153 1663 3231 qui
1686 3171 1822 3211 cum
1859 3151 2048 3211 Patre
2081 3162 2136 3212 et
2171 3153 2338 3212 Filio
2370 3153 2557 3213 simul
2584 3154 3022 3232 gloriﬁcatur;
3059 3158 3229 3234 quod
3253 3158 3407 3217 satis
3448 3158 3766 3236 utrisque,
3795 3159 3985 3220 nobis

725 3253 786 3303 et
819 3247 1023 3313 vobis,
1060 3264 1173 3325 per
1231 3248 1507 3324 Spiritus
1558 3249 1755 3308 sancti
1816 3249 2107 3327 gratiam,
2169 3264 2452 3308 amorem
2514 3249 2929 3325 conciliabit;
2966 3269 3110 3313 cum
3177 3250 3452 3314 invicem
3489 3255 3986 3327 concordemus,

729 3358 872 3401 cum
909 3342 1187 3405 dicimus
1225 3352 1284 3405 et
1323 3345 1716 3423 profitemur,
1760 3364 1836 3405 ex
1866 3346 2053 3406 Patre
2080 3363 2195 3424 per
2234 3344 2471 3406 Filium
2512 3345 3017 3421 processionem.
3078 3369 3106 3402 >-

810 3466 988 3524 Mens
1025 3462 1246 3522 eadem
1283 3460 1485 3523 fuisse
1519 3462 1775 3523 videtur
1805 3461 1972 3521 Petri
2012 3461 2395 3523 Antiocheni
2428 3463 2494 3521 in
2528 3460 2802 3538 epistola
2844 3464 2920 3523 ad
2976 3462 3353 3526 Michaelem
3388 3465 3820 3540 Cerularium,
3875 3465 3990 3528 ubi

727 3577 907 3621 num.
945 3559 1029 3620 XI
1065 3557 1294 3616 malum
1329 3566 1384 3619 et
1419 3559 1726 3618 malorum
1757 3558 2094 3638 pessimum
2129 3567 2306 3620 vocat
2335 3556 2749 3638 adjectionem
2783 3557 2866 3617 ad
2891 3569 3176 3620 sanctum
3205 3559 3562 3638 Symbolum
3601 3585 3616 3622 :
3654 3573 3711 3625 et
3750 3561 3992 3626 nihilo-

729 3658 942 3716 minus
975 3671 1156 3716 num.
1196 3654 1370 3714 XXII
1415 3676 1429 3715 :
1465 3656 1537 3716 Si
1567 3655 1633 3718 in
1664 3654 1990 3716 additione
2017 3655 2298 3733 Symboli
2331 3659 2768 3732 corrigantur,
2802 3655 2914 3729 ait,
2950 3656 3114 3716 nihil
3141 3666 3451 3734 prmterea
3508 3657 3990 3736 postulaverim.

729 3751 1154 3812 Levissimum
1183 3750 1310 3830 jam
1345 3751 1523 3811 vides
1562 3751 1942 3829 quaestionis
1987 3758 2409 3813 momentum.
2447 3752 2567 3811 Res
2599 3757 2726 3810 tota
2785 3751 3101 3829 redigitur
3131 3752 3208 3812 ad
3256 3751 3718 3817 ecclesiasticm
3784 3755 3991 3817 disci-

727 3848 919 3926 plina;
950 3855 1163 3926 caput,
1201 3848 1267 3908 in
1301 3865 1431 3927 quo
1465 3847 1661 3909 nimia
1706 3847 1900 3910 fuerit
1932 3847 2196 3910 audacia
2255 3847 2526 3908 Romani
2593 3847 2912 3926 pontiﬁcis
2946 3857 3005 3910 et
3043 3849 3345 3912 Ecclesia;
3392 3851 3837 3914 Occidentalis
3874 3869 3996 3914 au-

724 3945 1079 4006 ctoritatem
1119 3949 1202 4004 ita
1236 3952 1582 4016 coarctare,
1643 3952 1706 4005 ut
1742 3960 1853 4021 pro
1895 3945 2280 4021 urgentibus
2339 3943 2835 4004 circumstantiis
2896 3960 3022 4005 non
3060 3943 3330 4007 valuerit
3369 3964 3495 4009 una
3529 3965 3682 4010 voce
3717 3948 3989 4027 Symbo-

727 4039 857 4100 lum
891 4057 1126 4118 augere
1161 4040 1363 4118 :quod
1401 4039 1626 4117 utique
1659 4055 1691 4099 a
1726 4039 2058 4100 Graecisin
2095 4039 2362 4099 Oriente
2392 4038 2628 4100 factum
2656 4039 2719 4100 in
2749 4040 2955 4118 prima
2977 4042 3228 4119 synodo
3250 4043 3990 4123 Constantinopolitano.

727 4141 813 4201 De
859 4138 971 4199 hac
1002 4136 1365 4208 Additione,
1427 4139 1638 4212 deque
1710 4137 1852 4212 ipso
1909 4136 2210 4214 Dogmata
2270 4138 2537 4198 consule
2596 4135 3096 4198 Dissertationes
3125 4145 3374 4198 nostras
3415 4141 3603 4209 duas,
3668 4156 3831 4217 quas
3870 4133 3994 4204 hoc

722 4251 892 4298 anno
929 4235 1080 4296 1753
1111 4251 1253 4295 cum
1296 4236 1432 4295 Vita
1463 4232 1745 4309 Georgii.
1773 4251 1883 4292 seu
1915 4231 2215 4310 Gregorii
2278 4231 2530 4311 Cyprii,
2589 4231 2981 4310 patriarcha:
3042 4231 3770 4313 Constantinopolitani,
3821 4235 3996 4316 typis

723 4331 1134 4410 vulgavimus
1173 4329 1341 4407 apud
1376 4330 1558 4389 Joan.
1596 4327 1940 4406 Baptistam
1970 4327 2416 4407 Pasqualium.

2250 4501 2380 4562 XX.

719 4653 1039 4717 Fidelium
1076 4652 1407 4733 suffragia
1436 4670 1772 4733 perperam
1801 4670 1873 4733 ac
1925 4649 2090 4733 falso
2122 4651 2825 4733 _docet,_defunctorum
2850 4651 3168 4733 aliquibus
3188 4652 3511 4732 prodesse,
3547 4657 3656 4733 qui
3695 4657 3998 4733 gravibus

801 4733 1119 4811 inquinati
1154 4729 1440 4811 peccatis
1479 4729 1562 4791 sai
1577 4732 1714 4811 hac
1768 4729 2564 4811 vita'dece‘duntnﬁLatini
2628 4729 2920 4792 nonnulli
2953 4729 3270 4811 doctores
3345 4729 3577 4797 notati.
3642 4729 3999 4796 Ritssorum

802 4805 1113 4901 confessio
1143 4805 1292 4890 fidei
1345 4810 1730 4891 expenditur
1761 4829 1833 4871 ac
1884 4805 2228 4887 refellitur.
2285 4810 2558 4873 Erroris
2606 4829 2820 4873 causa.
2892 4810 3205 4873 Doctrina
3236 4811 3486 4874 illibata
3521 4814 3768 4876 Thoma:
3797 4816 3998 4895 Aqui-

800 4900 993 4950 natis.

797 5058 899 5119 78.
921 5055 1214 5118 Alienam
1253 5071 1289 5116 a
1331 5053 1640 5116 catholica
1671 5053 1793 5115 [ide
1818 5055 2299 5129 sententiam,si
2326 5055 2512 5118 verba
2535 5061 2928 5133 spectentur,
2951 5053 3480 5132 'l‘heOphylactus
3515 5055 3751 5132 promit
3773 5055 3834 5115 iu
3856 5071 3996 5134 cap.

725 5175 818 5216 xu
857 5157 1034 5216 Luca;
1063 5172 1119 5214 v.
1156 5153 1215 5222 5,
1241 5152 1316 5212 ad
1352 5169 1423 5213 ea
1443 5153 1632 5213 verba
1667 5173 1682 5212 :
1719 5152 1950 5213 Timete
1983 5171 2142 5226 eum,
2167 5154 2276 5231 qui
2292 5162 2630 5232 postquam
2669 5152 2998 5223 occiderit,
3037 5150 3223 5213 habet
3251 5159 3628 5230 potestatem
3649 5153 3897 5213 mittere
3931 5155 3996 5214 in

724 5250 1314 5330 gehennam.\'erba
1337 5248 1476 5328 ejus
1511 5255 1700 5309 sunt:
1735 5271 1763 5305 α
1794 5248 2018 5318 Vides,
2054 5251 2230 5329 quod
2265 5266 2395 5312 non
2430 5251 2618 5319 dixit.
2646 5252 2948 5311 Metuatis
2983 5267 3142 5320 eum,
3170 5250 3280 5327 qui
3301 5259 3637 5328 postquam
3662 5249 3996 5320 occiderit.

723 5349 923 5409 mittit
955 5349 1020 5408 in
1056 5347 1394 5424 gehennam
1419 5368 1438 5407 :
1476 5347 1616 5419 sed,
1643 5346 1968 5408 habentem
2009 5355 2384 5426 potestatem
2430 5348 2746 5410 mittendi.
2783 5349 2923 5408 Non
2956 5347 3131 5408 enim
3165 5362 3448 5425 semper,
3481 5348 3531 5400 οἱ
3552 5345 3999 5416 ἀποθνήσκοντες

728 5445 1051 5516 ἀμαρτολοί,
1080 5442 1194 5523 qui
1261 5446 1629 5506 moriuntur
1690 5452 2079 5523 peccatores,
2145 5447 2491 5510 mittuntur
2522 5449 2589 5510 in
2617 5450 2982 5528 gehennam
3021 5464 3034 5507 :
3069 5447 3182 5509 sed
3215 5454 3368 5508 sunt
3402 5447 3470 5507 in
3501 5453 3818 5524 potestate
3851 5448 3997 5516 Dei,

728 5556 798 5603 ut
844 5542 1033 5603 etiam
1102 5541 1338 5602 dimitti
1386 5541 1655 5618 possint.
1725 5542 1860 5602 Hoc
1889 5548 2106 5602 autem
2141 5543 2286 5605 dico
2313 5555 2584 5625 propter
2615 5544 2965 5606 oblationes
2997 5553 3057 5605 et
3101 5543 3619 5617 distributiones,
3657 5560 3793 5623 qua
3834 5544 4002 5621 fiunt

728 5656 848 5718 pro
916 5637 1282 5716 defunctis;
1337 5655 1482 5718 qum
1546 5656 1674 5701 non
1766 5655 1989 5717 parum
2052 5639 2411 5702 conducunt

2322 5650 2420 5702 Jnt
2479 5643 2671 5704 etiam
2727 5640 2872 5710 hi5,
2933 5651 3048 5712 τοῖς
3085 5647 3180 5704 καὶ
3231 5651 3293 5702 ἐν
3380 5650 3681 5720 ἁμαρτίαις
3751 5648 4005 5720 βαρείαις

733 5735 1126 5800 ἁποθάνουσιν,
1188 5737 1298 5811 qui
1323 5736 1388 5796 in
1416 5735 1716 5813 gravibus
1747 5738 2024 5816 peccatis
2073 5738 2313 5798 mortui
2349 5744 2521 5798 sunt.
2559 5737 2696 5798 Non
2731 5735 3000 5796 omnino
3030 5734 3257 5813 igitur,
3335 5743 3673 5815 postquam
3733 5734 3999 5808 occidit,

734 5831 924 5894 mittit
960 5831 1024 5894 in
1066 5830 1424 5912 gehennam
1461 5853 1475 5892 :
1513 5832 1624 5896 sed
1659 5840 2035 5911 potestatem
2069 5832 2254 5895 habet
2287 5831 2610 5897 mittendi.
2637 5834 2730 5894 Ne
2767 5831 2968 5911 igitur
2997 5830 3356 5906 cessemus,
3396 5850 3508 5911 per
3547 5831 4003 5912 eleemosynas
