4262 6432
229 414 300 476 91
1096 399 1195 461 DE
1235 387 1833 459 THEOPII'ILACTI
1873 385 2148 446 GESTIS
2186 384 2284 445 ET
2323 383 2698 448 SCRIPTIS.
3419 351 3571 442 θεέ

232 534 295 584 et
321 518 831 584 intercessiones
868 511 1224 592 prOpitium
1265 505 1540 566 reddere
1569 517 1749 574 eum,
1782 497 1896 579 qui
1927 505 2307 576 potestatem
2333 493 2516 558 habet
2541 491 2858 566 mittendi,
2879 507 3007 554 non
3037 508 3295 569 semper
3319 496 3536 561 autem

233 623 347 683 hac
377 624 688 698 potestate
721 620 1036 674 utentem:
1070 607 1187 668 sed
1222 613 1285 666 et
1322 602 1642 693 valentem
1711 597 2044 698 remittere
2078 594 2417 698 quiddam.
2456 616 2484 650 ι

322 685 415 778 Ad
453 715 582 776 hmo
652 711 844 772 verba
898 708 963 768 in
1020 704 1309 766 editione
1368 691 1657 776 Philippi
1709 693 1995 756 Montani
2066 690 2419 769 apponitur
2453 707 2486 751 e
2551 689 2813 767 regione
2876 685 3213 747 adnotatio
3249 705 3263 742 :
3302 685 3543 763 Defun-

239 825 492 876 ctorum
525 808 810 880 auxilia,
845 801 1222 884 purgatorii
1285 796 1580 857 assertio.
1638 792 1879 854 Eodem
1943 787 2376 849 Bellarminus
2421 785 2622 845 utitur
2655 783 3034 846 testimonio
3068 780 3540 884 TheOphylaeti

239 912 315 971 ad
374 907 754 969 catholicam
797 878 893 964 de
951 878 1329 978 purgatorio
1385 893 1720 955 veritatem
1779 887 2282 949 confirmandam
2320 885 2537 944 libro:
2590 884 2679 942 De
2738 883 3155 961 purgatorio,
3189 878 3540 978 capitem.

245 1002 831 1066 Veruinenimvero
863 975 1171 1058 catholica
1210 993 1444 1054 veritas
1479 997 1599 1062 est,
1643 990 1785 1066 ipso
1852 987 2140 1046 tradente
2170 983 2566 1044 Bellarmino
2601 981 2766 1042 libro
2817 999 2886 1053 ιι,
2923 980 3132 1054 capite
3173 979 3229 1048 1,
3291 976 3356 1036 in
3391 975 3542 1048 ﬁne,

245 1104 706 1179 Purgatorium
735 1114 859 1175 pro
907 1093 985 1154 iis
1019 1101 1264 1151 tantum
1298 1107 1451 1160 esse,
1505 1087 1614 1166 qui
1671 1103 1810 1146 cum
1861 1079 2216 1142 venialibus
2276 1078 2485 1156 culpis
2540 1079 2954 1138 moriuntur:
2991 1074 3067 1134 a'c
3117 1090 3377 1134 rursum
3419 1089 3546 1151 pro

243 1170 511 1276 illis'qui
539 1170 848 1254 decedunt
875 1209 1011 1251 cum
1033 1196 1218 1248 reatu
1250 1203 1466 1265 poema,
1525 1182 1734 1260 culpis
1752 1181 1890 1260 jam
1923 1179 2230 1239 remissis.
2297 1180 2472 1237 lnter
2509 1176 2669 1236 istos
2703 1175 2854 1253 quis
2912 1189 3027 1234 eos
3064 1179 3392 1243 numeret,
3429 1170 3545 1250 qui

235 1267 433 1374 juxta
453 1290 1014 1369 Theophylaetum
1054 1287 1123 1346 in
1150 1283 1453 1362 gravibus
1501 1281 1786 1359 peccatis
1828 1277 2073 1336 mortui
2097 1275 2303 1333 sunt?
2360 1272 2516 1332 illos
2575 1272 2793 1342 etiam,
2865 1270 3110 1330 divinae
3170 1267 3448 1348 justitim
3483 1273 3550 1327 ut

245 1366 670 1454 satisfaciant,
706 1366 772 1446 in
819 1385 1029 1446 locum
1089 1395 1448 1459 poenarum,
1508 1377 1896 1456 quicunque
1971 1375 2092 1434 iste
2154 1372 2264 1443 sit,
2331 1381 2391 1431 et
2425 1387 2836 1448 qumcunque
2877 1369 3003 1428 sint
3047 1366 3196 1440 illm,
3230 1367 3433 1426 mittit
3478 1380 3551 1424 ac

251 1485 506 1564 proiicit
537 1486 712 1544 Deus
748 1504 763 1542 :
799 1490 859 1542 et
891 1496 1018 1542 non
1055 1481 1269 1540 solum
1307 1483 1723 1556 potestatem
1790 1470 1979 1533 habet
2043 1468 2370 1539 mittendi,
2437 1483 2566 1544 qua
2606 1482 2735 1526 non
2770 1482 3032 1543 semper
3065 1463 3300 1535 utitur,
3339 1472 3407 1523 ut
3463 1461 3551 1521 ait

248 1582 598 1660 Bulgarus.
1300 1618 1303 1622 -

330 1676 637 1738 Pervium
679 1673 805 1735 loci
836 1689 1101 1734 sensum
1140 1677 1539 1748 exposuerat
1579 1665 1690 1727 ille
1717 1665 1793 1725 ad
1829 1664 2106 1726 Matthaei
2157 1671 2348 1741 caput
2381 1683 2449 1736 ι,
2489 1681 2549 1722 v.
2588 1663 2710 1724 ‘28:
2763 1661 2959 1720 Docet
2993 1669 3054 1718 et
3085 1668 3350 1718 mortem
3397 1676 3555 1717 con-

252 1769 646 1833 temnendam
686 1791 704 1830 :
740 1767 1099 1831 terribilius
1138 1770 1325 1838 enim,
1365 1767 1596 1844 inquit,
1629 1765 1922 1842 gehennae
1981 1761 2372 1840 supplicium
2408 1769 2526 1821 est.
2565 1758 2692 1834 Qui
2755 1759 2918 1817 enim
2962 1753 3286 1824 occidunt,
3350 1753 3554 1814 solum

252 1887 492 1947 corpus
519 1867 858 1928 destruunt
906 1887 924 1926 :
959 1867 1186 1926 anima?
1215 1873 1423 1924 autem
1451 1863 1753 1943 fortassis
1791 1858 2158 1937 beneficium
2180 1858 2453 1936 faciunt.
2492 1857 2656 1915 Deus
2689 1863 2897 1914 autem
2928 1853 3001 1912 in
3033 1852 3377 1930 gehennam
3397 1868 3555 1928 pro-

239 1968 500 2049 jicicns,
540 1976 594 2026 et
625 1965 897 2025 animam
926 1973 1234 2041 etcorpus
1262 1962 1479 2039 punit.
1507 1959 1873 2020 Gebennam
1910 1965 2120 2014 autem
2149 1972 2290 2014 cum
2320 1952 2502 2026 dicit,
2540 1952 2866 2032 signiﬁcat
2894 1959 3264 2029 perpetuam
3284 1964 3552 2025 poenam.

250 2045 545 2125 Potestas
568 2051 716 2134 illa,
778 2078 923 2139 quae
953 2061 1125 2136 apud
1162 2060 1394 2118 Lucam
1431 2057 1562 2115 Deo
1595 2054 1928 2126 tribuitur,
1957 2054 2070 2133 jus
2108 2052 2584 2130 complectitur,
2625 2051 2754 2111 vim
2787 2059 2845 2109 et
2881 2045 3313 2128 efﬁcientiam.
3369 2046 3441 2106 In
3476 2062 3556 2108 eo

253 2160 508 2240 positus
545 2171 640 2221 est
674 2157 1142 2236 Theotihylacti
1183 2171 1384 2224 error,
1418 2154 1589 2233 quod
1622 2150 1702 2212 ab
1747 2159 1892 2212 actu
1925 2166 2068 2211 eam
2102 2149 2393 2228 seiungit
2424 2148 2709 2223 [XLVII]
2768 2150 3150 2222 potestatem
3186 2163 3202 2200 :
3257 2158 3560 2240 excesse-

253 2259 498 2338 ritque,
526 2256 981 2320 defunctorum
1015 2253 1464 2317 conditionem
1495 2251 1859 2328 assignans,
1893 2249 2136 2326 quibus
2173 2245 2466 2308 tideliom
2501 2244 2815 2322 suffragia
2851 2243 3161 2322 prodesse
3201 2239 3449 2318 possint
3481 2241 3558 2302 ad

253 2359 556 2420 salutem.

335 2455 434 2518 79.
481 2455 606 2518 Sua
656 2463 862 2516 tamen
936 2460 1001 2514 ut
1052 2450 1432 2513 confirment
1494 2447 1696 2509 Grmci
1758 2449 2142 2514 commenta,
2216 2440 2308 2502 uti
2368 2437 3090 2519 solentTheOphylacti
3144 2437 3558 2500 auctoritate.

258 2554 648 2633 Expendere
679 2552 797 2611 hoc
845 2551 982 2610 loc‘o
1018 2549 1296 2628 pretium
1328 2556 1424 2608 est
1462 2563 1703 2625 operte,
1739 2546 1914 2623 quod
1959 2541 2231 2602 habetur
2265 2542 2327 2600 in
2370 2538 2752 2605 Orthodoxa
2785 2538 3206 2618 Confessione
3240 2535 3566 2598 catholicas

254 2662 443 2730 atque
488 2648 853 2729 apostolica:
903 2647 1202 2707 Ecclesia:
1258 2643 1628 2705 Orientalis.
1684 2644 1858 2702 llam:
1919 2656 2037 2719 pro
2092 2636 2381 2699 Ecclesia
2438 2639 2801 2698 ltussnrum
2854 2637 3276 2698 concinnavit
3339 2637 3564 2720 Petrus

261 2748 527 2824 Mogula,
567 2743 974 2823 mett‘Opolita
1014 2741 1434 2815 Kioviensis,‘
1489 2743 1849 2817 eademque
1896 2740 2112 2798 Graece
2176 2743 2239 2796 et
2301 2735 2522 2795 Latine
2585 2736 2760 2813 typis
2822 2734 3067 2812 prodiit
3110 2730 3569 2799 Wrastislaviaz

258 2841 438 2922 apud
497 2843 688 2902 Joan.
747 2839 1056 2902 Jacobum
1094 2839 1280 2899 Korn
1330 2838 1653 2900 MDCCLI.
1707 2837 1881 2896 Duas
1926 2836 1990 2896 in
2057 2842 2271 2913 partes
2328 2834 2667 2904 tribuitur,
2721 2849 2794 2895 ac
2845 2834 2910 2895 in
2943 2833 3172 2907 altera
3223 2833 3318 2894 sic
3377 2831 3571 2892 habet

260 2939 540 3017 quaestio
578 2957 766 2999 LXIV:
815 2937 1045 2997 Annon
1079 2944 1136 2996 et
1177 2937 1377 3014 aliqui
1416 2936 1507 2996 sic
1553 2934 1714 2994 diem
1752 2951 1930 2994 suam
1955 2932 2209 3004 obeunt,
2253 2940 2326 2990 ut
2386 2931 2711 2992 beatorum
2759 2931 3327 3009 damnatorumgue
3379 2923 3572 2990 medii

261 3038 448 3098 sint?
521 3035 924 3115 Responsio:
971 3057 999 3090 κ
1041 3031 1426 3111 Huiusmodi
1510 3031 1812 3116 homines
1869 3031 2031 3090 nulli
2111 3031 2553 3108 reperiuntur.
2631 3031 2709 3088 At
2769 3028 2936 3089 illud
3002 3029 3202 3106 probe
3279 3036 3568 3100 constat,

267 3135 610 3196 sceleratos
637 3134 913 3194 homines
957 3129 1354 3212 (ἁμαρτολούς)
1393 3148 1520 3189 non
1558 3130 1784 3208 paucis
1826 3129 1899 3190 de
1943 3125 2080 3187 orci
2115 3125 2415 3186 claustris
2451 3126 2638 3203 eripi,
2680 3136 2868 3205 atque
2913 3123 3232 3187 liberari:
3288 3141 3420 3186 non
3457 3142 3574 3186 sua

231 3225 540 3311 quidem
571 3232 859 3308 ipsorum
896 3228 1268 3308 pmnitentia
1302 3228 1440 3288 sive
1483 3227 1980 3289 confessione...
2017 3240 2243 3284 verum
2286 3223 2410 3298 piis
2445 3225 2878 3298 superstitum
2907 3221 3140 3282 oﬂiciis
3172 3233 3233 3283 et
3260 3223 3574 3284 Eoclesim

275 3345 392 3403 pro
428 3327 587 3405 ipsis
621 3324 1223 3404 deprecationibus,
1257 3324 1577 3402 praecipue
1607 3340 1760 3385 vero
1804 3339 1916 3401 per
1951 3322 2367 3382 incruentum
2403 3321 2822 3381 sacriﬁcium.
2859 3343 2887 3375 to
3153 3331 3155 3333 ‘

349 3425 644 3498 Qumstio
678 3443 832 3484 va.
874 3420 1045 3497 Quid
1110 3423 1314 3500 igitur
1344 3421 1735 3482 sentiendum
1767 3419 1840 3480 de
1872 3420 2279 3496 eleemosynis
2313 3419 2565 3496 piisque
2616 3419 2869 3496 ofﬁciis,
2896 3436 3030 3497 qua:
3057 3419 3124 3478 in
3161 3418 3578 3497 refrigerium

271 3532 669 3584 mortuorum
707 3523 1141 3602 praestantur?
1191 3521 1579 3599 Responsio.
1619 3543 1646 3574 ι(
1694 3522 1774 3580 Ea
1810 3519 1890 3582 de
1947 3536 2014 3579 re
2055 3518 2588 3598 Theophylactus
2626 3517 2692 3578 in
2729 3527 2922 3596 caput
2973 3537 3068 3579 xu
3137 3521 3349 3591 Luem,
3385 3534 3578 3595 expo-

274 3637 439 3682 nens
496 3620 680 3682 verba
725 3618 964 3681 Christi
999 3636 1060 3679 γ.
1092 3619 1230 3679 5....
1264 3619 1350 3678 ita
1403 3624 1899 3678 commentatur.
1941 3617 2313 3697 (Superiora
2352 3616 2509 3695 ejus
2538 3675 2544 3682 ,
2573 3615 2764 3678 verba
2817 3617 3238 3696 aiieruntur.)
3295 3616 3502 3694 Igitur
3540 3632 3576 3676 τι

273 3717 568 3780 doctrina
611 3718 813 3778 Patris
865 3716 1062 3795 hujus
1098 3716 1265 3778 illud
1300 3717 1694 3778 deducimus
1750 3738 1763 3775 :
1816 3726 2118 3792 oportere
2152 3716 2425 3777 omnino
2477 3732 2510 3777 a
2560 3717 2751 3778 nobis
2809 3734 3034 3795 preces
3075 3733 3189 3796 pro
3243 3715 3579 3777 defunctis

274 3816 558 3893 concipi,
596 3823 790 3894 atque
853 3813 1074 3875 offerri
1113 3814 1452 3876 incruenta
1494 3801 1829 3886 sacrificia,
1868 3813 2220 3892 Spargique
2257 3811 2516 3874 liberali
2560 3827 2757 3890 manu
2815 3815 3320 3894 eleemosynas;
3366 3814 3581 3894 siqui-

276 3914 422 3974 dem
462 3914 566 3990 pia
613 3911 994 3992 hujusmodi
1029 3928 1250 3990 opera,
1285 3930 1402 3973 sua
1451 3927 1667 3984 causa,
1711 3911 1975 3988 ipsimet
2011 3919 2312 3988 prmstare
2346 3927 2476 3972 non
2513 3920 2813 3987 possunt.
2868 3936 2895 3967 υ

361 4010 659 4070 Absurde
696 4009 881 4087 plura
926 4017 1335 4086 promuntur.
1381 4010 1509 4070 Cur
1552 4008 1645 4068 illi
1682 4008 1795 4087 qui
1833 4025 1978 4068 cum
2025 4007 2390 4069 venialibus
2433 4009 2744 4070 duntaxat
2782 4010 3020 4088 culpis,
3064 4018 3174 4071 aut
3206 4027 3352 4071 cum
3399 4023 3582 4070 reatu

280 4123 488 4186 pmnm
539 4105 940 4184 temporalis,
990 4105 1202 4183 culpis
1232 4104 1362 4183 jam
1400 4105 1718 4179 remissis,
1749 4106 2090 4182 ﬁlecedunt
2120 4125 2196 4167 ex
2244 4107 2360 4168 hac
2388 4107 2542 4181 vita,
2577 4125 2978 4188 quocunque
3012 4109 3278 4170 demum
3334 4109 3398 4169 in
3440 4109 3582 4171 loco

276 4203 520 4264 divinm
588 4202 983 4264 satisfaciant
1025 4201 1322 4280 justitim,
1373 4203 1584 4265 beatos
1644 4204 1814 4263 inter
1869 4221 1942 4264 ac
1989 4202 2320 4263 damnatos
2410 4221 2539 4266 non
2616 4205 2863 4267 fuerint
2913 4205 3162 4266 medii?
3224 4205 3584 4268 Sceleratth

279 4299 612 4374 homines,
652 4299 1041 4380 gravibusqu
1117 4301 1185 4362 in
1221 4303 1503 4380 peccatis
1535 4300 1926 4362 decedentes
1972 4320 2119 4366 cum
2176 4304 2297 4376 ais,
2330 4322 2458 4364 non
2488 4323 2731 4384 paucos
2767 4305 3060 4367 ﬁdelium
3097 4301 3459 4382 suffragiis,
3505 4304 3584 4364 de

281 4401 420 4457 orci
464 4397 766 4456 claustris
805 4399 968 4474 eripi
1006 4417 1036 4456 a
1129 4396 1417 4472 liberari,
1454 4399 1518 4459 in
1570 4414 1855 4458 errorem
1904 4397 2142 4462 incidis
2182 4401 2516 4480 Origenis,
2545 4403 2676 4481 qui
2718 4404 2923 4481 pcenis
2959 4401 3201 4467 inferni
3239 4403 3430 4464 finem
3468 4402 3590 4463 ali-

279 4495 545 4572 quando
582 4494 873 4554 futurum
935 4495 1168 4556 aieoat.
1209 4495 1496 4573 Hujusce
1547 4496 1896 4556 commenti
1947 4497 2168 4576 aliqua
2233 4498 2296 4559 in
2335 4499 2797 4560 ecclesiasticis
2825 4501 3201 4562 Graecorum
3254 4500 3439 4561 libris
3482 4518 3590 4559 ve-

279 4591 473 4666 s'tigia
517 4590 812 4667 reperiri,
850 4591 988 4652 sive
1021 4591 1567 4670 Urigenistarum,
1603 4595 1740 4654 sive
1775 4595 2053 4657 aliorum
2090 4593 2316 4658 fraude
2359 4595 2594 4658 factum
2635 4597 2742 4671 sit,
2777 4597 3109 4659 adnotavit
3143 4599 3266 4659 Leo
3303 4596 3584 4659 Allatius
3666 4649 3668 4652 .

279 4685 741 4747 dissertatione
791 4705 835 4746 ιι
881 4689 964 4747 De
997 4687 1179 4749 libris
1219 4690 1660 4751 ecclesiasticis
1688 4691 2077 4760 Graecorum.

365 4783 487 4843 Sed
523 4784 787 4863 inquies
843 4801 992 4846 cum
1030 4786 1539 4866 Theophylacto,
1577 4788 1925 4852 sceleratos
1962 4793 2136 4864 illos,
2165 4795 2276 4874 qui
2326 4796 2644 4858 liberandi
2687 4803 2866 4870 sunt,
2909 4814 3038 4858 non
3085 4815 3232 4858 esse
3267 4815 3300 4858 a
3337 4799 3470 4859 Deo
3518 4797 3588 4860 in

282 4881 648 4960 gehennam
707 4882 1064 4961 projectos;
1113 4885 1217 4944 sed
1261 4885 1376 4946 hoc
1413 4903 1556 4944 esse
1586 4889 1651 4945 in
1693 4897 2007 4965 potestate
2035 4894 2151 4955 Dei
2195 4895 2412 4963 situm,
2449 4896 2615 4955 sicut
2650 4903 2708 4954 et
2756 4895 3002 4955 veniam
3062 4894 3195 4956 illis
3223 4892 3473 4974 largiri.
3513 4899 3592 4958 At

287 4979 450 5039 tides
486 4978 797 5070 catholica
832 4989 1144 5060 repugnat
1169 4981 1241 5041 in
1278 4984 1532 5061 synodo
1572 4985 1943 5048 Florentina
1985 4990 2332 5051 con5tituta
2366 4990 2430 5051 in
2467 4992 2728 5052 decreto
2777 4990 3076 5064 Unionis,
3104 4991 3214 5052 ubi
3251 4993 3593 5054 deﬁnitum

289 5075 573 5154 legimus
611 5097 624 5136 :
658 5071 932 5137 Illorum
984 5079 1234 5138 animos
1280 5083 1390 5157 qui
1442 5081 1507 5141 in
1531 5084 1774 5145 actuali
1805 5085 2066 5146 mortali
2119 5097 2406 5164 peccato,
2441 5089 2573 5148 sire
2617 5087 2925 5165 originali
2973 5086 3302 5158 decedunt,
3344 5108 3494 5150 mox
3527 5091 3595 5149 in

285 5172 610 5250 infernum
646 5172 1044 5249 descendere,
1101 5185 1223 5236 etc.
1267 5177 1566 5250 Quonam
1629 5197 1784 5242 vero
1828 5182 2310 5263 Scripturarum
2361 5194 2472 5247 aut
2531 5186 2789 5247 Patrum
2838 5187 3206 5248 traditionis
3262 5197 3594 5248 momento

288 5273 588 5344 innixus,
619 5284 993 5352 potestatem
1028 5277 1143 5340 Dei
1176 5279 1468 5340 mittendi
1512 5281 1574 5341 in
1611 5281 1977 5359 gehennam
2020 5283 2316 5362 seiungis
2379 5285 2457 5344 ab
2518 5287 2716 5345 actu?
2777 5284 3006 5346 Aiebat
3059 5284 3359 5345 Christus
3410 5287 3597 5345 ante

289 5372 502 5449 capite
534 5390 598 5446 v,
633 5391 694 5432 ν.
728 5371 834 5436 Ἅι.
875 5377 951 5437 Ut
983 5385 1191 5436 autem
1249 5379 1469 5438 sciatis
1515 5381 1660 5458 quia
1705 5379 1917 5440 Filius
1949 5379 2223 5441 hominis
2261 5380 2444 5441 habet
2478 5390 2860 5460 potestatem
2907 5383 2977 5442 in
3015 5391 3190 5443 terra
3235 5381 3598 5442 dimittendi

291 5478 579 5549 peccata,
621 5471 713 5531 ait
740 5472 1104 5552 paralytico
1137 5495 1155 5533 :
1198 5475 1316 5537 tibi
1352 5475 1520 5547 dico,
1555 5478 1779 5556 Surge.
1819 5479 1982 5539 Nutu
2029 5495 2183 5558 ergo
2224 5479 2438 5558 reipsa
2481 5495 2608 5541 non
2646 5478 2977 5544 dimiserit
3015 5482 3320 5558 peccata?
3353 5481 3597 5541 Verum

294 5585 356 5628 γ.
391 5567 471 5628 20
497 5566 750 5630 dixerat
797 5590 810 5629 :
848 5571 1078 5645 Homo,
1115 5574 1540 5634 remittuntur
1569 5574 1685 5636 tibi
1719 5594 1978 5655 peccata
2003 5586 2134 5640 tua.

368 5665 474 5727 80.
522 5666 682 5729 Cum
754 5667 887 5732 haec
946 5669 1474 5752 TheOphylactns
1523 5678 1864 5748 scriberet,
1929 5675 2073 5754 ejus
2123 5671 2398 5736 fortasse
2461 5674 2679 5738 animo
2731 5677 3250 5739 obversabantur
3319 5675 3604 5753 vulgatm

287 5761 543 5826 fabella:
578 5763 658 5825 de
694 5766 950 5845 Trajani
1001 5766 1382 5831 liberatione
1425 5772 1504 5833 ab
1545 5773 1794 5849 inferis,
1845 5783 1905 5835 et
1948 5771 2344 5846 Falconillaa,
2397 5765 2491 5835 ac'
2521 5772 2866 5854 TheOphili
2929 5772 3373 5852 imperatoris,
3408 5771 3600 5833 simi-

289 5859 547 5942 lesque.
589 5861 798 5926 Nolim
844 5881 966 5945 ego
1005 5866 1068 5927 in
1124 5865 1205 5928 iis
1257 5867 1633 5932 refellendis
1670 5879 1925 5952 tempus
1975 5880 2034 5935 et
2095 5888 2357 5950 Operam
2406 5873 2705 5952 perdere,
2767 5891 2931 5955 quas
2994 5874 3261 5937 invictis
3316 5872 3603 5953 rejecere
