4262 6432
742 394 813 456 99
1591 395 1823 457 BERN.
1858 392 2125 463 MARIB
2164 392 2263 454 DE
2302 391 2596 453 RUBEIS
2627 390 3133 473 DISSERTATIO
3902 385 4015 452 too

741 508 1140 587 argumentis
1172 509 1292 571 viri
1328 509 1495 570 docti
1522 508 1761 586 plures.
1794 507 2073 570 Consule
2107 504 2411 568 Allatium
2440 505 2534 567 De
2560 512 2871 584 perpetua
2900 503 3307 565 consensione
3345 503 3413 564 in
3435 499 3720 578 dogmate
3750 517 4008 581 purga-

743 604 920 672 torii,
959 604 1241 666 Natalem
1275 603 1714 666 Alexandrum
1769 602 2006 665 saeculo
2036 621 2108 673 ii,
2132 601 2608 665 'Dissertatione
2638 620 2683 676 ι,
2710 606 2773 662 et
2803 599 3182 663 Michaelem
3216 597 3625 678 Lequienum
3669 597 3997 661 Disserta-

740 699 917 760 tione
952 718 981 760 ν
1024 700 1192 762 inter
1226 703 1731 763 Damascenlcas.
2832 700 2837 702 ⁷

819 794 923 856 81.
974 796 1243 857 Sanctus
1278 794 1553 857 Thomas
1601 797 1919 875 Aquinas,
1972 795 2147 857 hisce
2187 794 2351 856 datis
2390 790 2844 871 disputationis
2892 807 3085 854 causa
3141 788 3529 864 historiolis,
3578 804 3740 869 quas
3768 786 4008 853 critico

740 903 869 948 non
905 890 1303 969 expendeth
1345 891 1668 963 examine,
1706 892 1928 952 modos
1956 890 2213 967 aliquos
2244 888 2637 968 probabiles,
2684 904 2756 950 ac
2786 903 2956 949 same
2986 902 3311 949 consonos
3343 886 3705 965 theologia),
3741 884 4007 964 excogi-

744 984 919 1057 tavit,
952 990 1138 1061 queis
1177 984 1429 1060 vulgata
1459 994 1857 1061 peccatorum
1892 985 2231 1047 hominum
2273 986 2351 1045 ab
2382 984 2612 1047 inferis
2651 983 2952 1046 liberatio
2983 981 3262 1061 intelligi
3301 989 3543 1062 posset.
3578 982 3818 1045 Locum
3850 980 4005 1059 eius

740 1078 937 1141 aﬂ‘ero
969 1097 1049 1141 ex
1094 1082 1558 1160 Supplemeuto
1608 1084 1812 1145 tertias
1862 1082 2056 1161 partis
2102 1100 2212 1161 qu.
2251 1098 2431 1153 Lxxt,
2474 1086 2592 1142 art.
2631 1080 2672 1142 5
2703 1080 2780 1141 ad
2812 1081 2894 1142 5:
2930 1101 2959 1136 α
3000 1080 3089 1140 De
3114 1076 3581 1163 facto‘Trajani
3616 1077 3741 1141 hoc
3795 1077 3999 1143 modo

740 1181 948 1251 potest
986 1176 1420 1253 probabiliter
1467 1179 1793 1252 aestimari,
1832 1176 2006 1258 quod
2047 1178 2352 1256 precibus
2386 1176 2555 1239 beati
2598 1175 2901 1253 Gngorii
2936 1172 3019 1235 ad
3062 1175 3254 1240 vitam
3286 1174 3485 1254 fuerit
3527 1182 3901 1244 revocatus:
3930 1181 4004 1239 et

737 1272 824 1332 ita
856 1274 1122 1351 gratiam
1170 1282 1558 1337 consecutus
1608 1277 1715 1348 sit,
1749 1293 1865 1353 per
1914 1292 2097 1353 quam
2139 1272 2566 1334 remissionem
2600 1280 3012 1350 peccatorum
3041 1268 3285 1344 habuit,
3317 1276 3376 1331 et
3424 1286 3538 1348 per
3580 1286 4001 1350 consequens

736 1366 1214 1430 immunitatem
1256 1386 1288 1431 a
1350 1386 1551 1448 pmna.
1605 1371 1784 1432 Sicut
1820 1370 2015 1432 etiam
2071 1376 2335 1446 apparet
2370 1367 2438 1429 in
2496 1368 2805 1429 omnibus
2850 1364 3013 1438 illis,
3042 1366 3176 1444 qui.
3217 1363 3486 1427 fuerunt
3542 1364 3930 1429 mlraculose
3959 1383 4000 1453 a

738 1464 1010 1524 mortuis
1044 1466 1654 1543 suscitati,quorum
1689 1468 1908 1544 plures
1925 1472 2168 1526 constat
2199 1461 2568 1525 idololatras
2599 1470 2661 1524 et
2690 1459 3275 1523 damnatos’fuisse.
3300 1462 3389 1521 De
3418 1459 3723 1541 omnibus
3756 1460 4002 1523 talibus

738 1558 911 1619 enim
942 1558 1068 1618 dici
1105 1568 1379 1635 Oportet,
1414 1561 1585 1637 quod
1616 1579 1744 1621 non
1774 1569 1953 1621 erant
1989 1560 2060 1621 in
2086 1559 2336 1638 inferno
2355 1556 2637 1638 ﬁnaliter
2671 1555 2962 1635 deputati
2997 1576 3017 1615 :
3055 1556 3170 1616 sed
3210 1556 3571 1617 secundum
3610 1566 4003 1634 prmsentem

738 1656 1149 1733 propriorum
1204 1660 1586 1721 meritorum
1627 1659 1971 1737 justitiam.
2024 1658 2395 1720 Secundum
2432 1668 2647 1717 autem
2685 1652 3048 1732 superiores
3082 1669 3327 1726 causas,
3381 1651 3623 1730 quibus
3675 1653 3999 1732 prmvide-

734 1750 969 1815 bantur
1010 1753 1086 1813 ad
1134 1754 1326 1815 vitam
1361 1756 1761 1834 revolandi,
1808 1764 1939 1815 erat
1991 1753 2178 1815 aliter
2240 1753 2319 1814 de
2378 1753 2475 1813 eis
2529 1750 3012 1827 disponendum
3067 1748 3182 1809 Vel
3236 1748 3582 1810 dicendum
3634 1749 3999 1833 secundum

735 1852 1067 1924 quostta'm,
1112 1851 1286 1927 quod
1342 1850 1552 1912 anima
1593 1850 1855 1930 Traiani
1892 1866 2019 1912 non
2077 1848 2201 1911 fuit
2245 1846 2627 1925 simpliciter
2679 1860 2714 1905 a
2754 1852 2930 1905 reatu
2991 1858 3195 1921 pmnm
3221 1850 3477 1905 internas
3505 1840 3797 1905 absoluta
3834 1859 3849 1903 :
3880 1842 3999 1904 sed

739 1940 881 2019 ejus
920 1959 1102 2021 paena
1138 1946 1454 2021 [XLVIII]
1488 1944 1610 2006 fuit
1660 1963 1979 2024 suspensa
2036 1946 2112 2007 ad
2155 1953 2433 2021 tempus,
2467 1940 2715 2003 scilicet
2748 1956 2959 2018 usque
3000 1939 3078 2000 ad
3110 1938 3283 2000 diem
3324 1937 3559 2018 judicii
3592 1960 3605 1999 :
3634 1955 3752 2001 nec
3783 1946 4001 2001 tamen

733 2046 989 2113 Oportet
1022 2040 1195 2117 quod
1233 2042 1351 2102 hoc
1370 2041 1471 2101 ﬁat
1494 2042 1907 2101 communiter
1940 2059 2055 2119 per
2076 2041 2391 2121 suffragia
2410 2060 2429 2099 :
2454 2038 2611 2118 quia
2641 2037 2767 2100 alia
2793 2044 2969 2109 sunt,
2995 2050 3143 2114 qum
3173 2033 3302 2113 lege
3336 2036 3651 2097 communi
3670 2035 4004 2113 accidunt,

734 2143 797 2199 et
829 2135 1132 2217 aliaqum
1160 2138 1579 2217 singulariter
1602 2148 1663 2201 et
1694 2158 1774 2201 ea:
1801 2138 2138 2219 priuilegio
2174 2138 2503 2218 aliquibus
2537 2134 3008 2197 conceduntur.
3042 2153 3073 2189 ι
3318 2200 3387 2221 ἐν
3905 2169 3909 2172 ~

813 2233 1028 2309 Longe
1082 2233 1300 2297 diﬂert
1362 2235 1497 2300 huic
1550 2236 1817 2299 Thomae
1878 2236 2172 2298 doctrina
2237 2252 2273 2297 a
2332 2230 2717 2297 commentis
2772 2229 3163 2293 Graecorum.
3233 2226 3352 2290 Vel
3431 2226 3607 2290 enim
3670 2227 3742 2291 in
3815 2226 4003 2292 hisce

728 2326 985 2389 casibus
1045 2330 1157 2407 qui
1207 2333 1287 2393 ad
1346 2330 1555 2411 legem
1609 2348 2020 2395 communem
2074 2348 2201 2395 non
2258 2330 2629 2409 pertinent,
2685 2323 2865 2387 nulla
2931 2330 3028 2386 est
3080 2320 3541 2403 suffragion
3581 2322 3675 2385 vis
3705 2330 3816 2385 aut
3874 2323 4008 2386 uti-

731 2417 920 2494 litas;
952 2423 1051 2487 vel
1085 2426 1201 2505 qui
1235 2425 1593 2489 liberantur
1623 2433 2017 2506 peccatores,
2050 2428 2125 2490 ad
2163 2426 2356 2490 vitam
2402 2425 2676 2488 redeunt
2709 2420 3072 2501 mortalem,
3111 2418 3554 2500 pmnitentiam
3600 2436 3714 2499 pro
3742 2418 4004 2484 delictis

730 2520 953 2582 acturi.

2243 2675 2405 2737 XXI.

729 2821 991 2884 Piorum
1019 2822 1336 2911 hominum
1365 2828 1664 2911 spiritus,
1701 2829 1811 2908 qui
1840 2849 2111 2911 corpore
2133 2830 2329 2892 soluti
2352 2831 2490 2911 jam
2528 2827 2728 2911 rnulla_
2756 2836 2948 2911 egent
2965 2827 3373 2911 purgatione,
3409 2826 3501 2911 in_
3528 2844 3794 2911 regnum,
3819 2828 4009 2911 calo-

807 2918 945 2986 rum
978 2903 1202 2986 recipi,
1249 2903 2065 2986 Iheopltglacti'sententia
2108 2921 2226 2970 est.
2280 2903 2384 2969 An
2446 2910 2634 2969 etiam
2686 2903 2999 2979 docuerit,
3039 2903 3261 2969 divina
3305 2925 3408 2967 eos
3460 2903 4005 2986 donarioisione,

811 2980 1189 3068 inquiritur.
1246 2980 1818 3068 Virgi'ui'Dgipnrw
1857 2990 2262 3068 privilegium
2288 2988 2706 3050 immunitatis
2737 2986 2813 3048 ab
2846 2986 3017 3048 omni
3044 2986 3257 3065 culpa,
3292 2987 3480 3049 etiam
3512 2985 3653 3062 levi,
3682 2980 4008 3057 detrahit}

805 3056 974 3135 quod
1002 3058 1148 3119 aliis
1176 3056 1554 3139 quibusdam
1583 3056 1881 3128 Ecclesité
1911 3056 2213 3129 Patri'bus
2248 3084 2589 3127 commune.

805 3203 905 3265 82.
960 3206 1052 3266 De
1102 3204 1444 3283 spiritibus
1473 3207 1729 3285 piorum
1780 3208 2142 3282 hominum,
2177 3209 2289 3287 qui
2339 3206 2439 3269 vel
2488 3205 2731 3269 nullam
2766 3204 3009 3285 peccati
3053 3203 3371 3268 maculam
3401 3203 3821 3269 incurrerunt
3861 3215 4005 3285 post

727 3308 1101 3377 susceptum
1136 3300 1482 3379 baptisma,
1507 3303 1603 3363 vel
1640 3311 2029 3366 contractam
2062 3313 2171 3367 aut
2211 3306 2279 3366 in
2327 3320 2599 3381 corpore
2639 3303 2957 3378 viventes,
2994 3310 3103 3366 aut
3155 3310 3297 3380 post
3326 3310 3597 3364 mortem
3628 3303 4004 3379 expiarunt,

727 3395 935 3455 varias
967 3396 1333 3459 Grmcorum
1371 3401 1793 3478 qumstiones,
1822 3401 1897 3461 ad
1931 3416 2154 3462 eorum
2194 3409 2430 3462 statum
2459 3401 2635 3479 quod
2662 3401 2916 3474 attinet,
2948 3399 3198 3477 ignorat
3229 3414 3444 3461 nemo.
3478 3398 3735 3479 Ineptas
3763 3400 4001 3479 opina-

726 3490 937 3553 tiones
972 3491 1191 3569 plures
1225 3492 1436 3573 reiicit
1459 3495 1979 3575 Theoithylactus
2033 3516 2046 3557 :
2094 3497 2493 3574 eosdemque
2522 3494 2793 3573 spiritus
2820 3496 2888 3557 in
2918 3512 3188 3575 regnum
3216 3498 3522 3559 cmlorum
3556 3495 3781 3574 recipi,
3812 3501 4005 3561 docet

727 3585 1280 3649 luculentissime.
1323 3589 1610 3667 Insignis
1647 3592 1826 3655 locus
1858 3601 1951 3654 est
2002 3593 2079 3654 ad
2111 3600 2305 3671 caput
2352 3611 2521 3653 xxm
2558 3595 2765 3667 Luca),
2799 3610 2857 3653 ν.
2896 3592 2975 3653 1ι3
3004 3614 3018 3653 :
3049 3592 3361 3654 Memento
3398 3594 3539 3665 mei,
3574 3610 3715 3655 cum
3736 3596 3994 3657 veneris

725 3683 791 3744 in
817 3702 1078 3762 regnum
1108 3697 1359 3749 tuum...
1402 3687 1609 3750 Hodie
1638 3708 1872 3750 mecum
1904 3692 2029 3751 eris
2060 3692 2128 3752 in
2152 3690 2486 3770 paradiso.

806 3780 1269 3861 Tlicophylacti
1308 3782 1496 3845 verba
1527 3794 1679 3847 sunt
1720 3803 1733 3844 :
1768 3809 1795 3841 α
1830 3787 2146 3859 Qu‘aarunt
2187 3794 2401 3849 autem
2436 3786 2725 3857 cuidam,
2759 3786 3087 3865 quomodo
3116 3784 3369 3847 dicente
3400 3786 3678 3849 Domino
3711 3788 3943 3851 latroni
3977 3812 3995 3852 :

726 3875 931 3938 Hodie
986 3896 1219 3938 mecum
1258 3881 1381 3940 eris
1438 3880 1506 3939 in
1538 3882 1865 3959 paradiso,
1911 3881 2146 3943 Paulus
2201 3881 2366 3944 dixit
2424 3883 2523 3965 (ad
2561 3886 2869 3948 Hebrmos
2928 3887 3135 3962 capite
3190 3902 3280 3957 ιι,
3320 3902 3375 3944 v.
3416 3886 3519 3963 39)
3558 3888 3729 3963 quod
3772 3886 4001 3955 uultus

725 3982 1099 4034 sanctorum
1147 3977 1459 4059 receperit
1505 3977 2042 4054 promissionem?
2073 3980 2147 4040 Et
2199 3982 2463 4057 quidam
2502 3981 2967 4059 dicuntyquod
3032 3980 3379 4057 Apostolus
3428 3998 3559 4042 non
3606 3981 3677 4043 de
3710 3983 4002 4045 omnibus

723 4070 963 4129 sanctis
1000 4082 1267 4145 asserat,
1308 4072 1479 4149 quod
1526 4089 1655 4133 non
1710 4072 2066 4151 receperint
2106 4076 2606 4154 promissidnem
2643 4094 2656 4136 :
2687 4079 2800 4139 sed
2853 4078 2935 4139 de
2973 4077 3071 4139 his
3111 4095 3265 4157 quos
3306 4079 3441 4156 ipse
3474 4078 3679 4138 solum
3733 4097 3995 4140 enume-

723 4166 891 4225 ravit
950 4168 1440 4247 (Abrahamum,
1509 4168 1919 4239 Henocbum,
1983 4173 2137 4246 Noe,
2197 4172 2345 4252 etc.)
2389 4174 2810 4236 Enumeravit
2872 4184 3087 4236 autem
3144 4175 3307 4235 alios
3365 4174 3630 4253 quidem
3688 4176 3928 4240 multos
3984 4196 4000 4243 :

726 4262 996 4322 latri-nis
1029 4273 1243 4323 autem
1294 4280 1423 4325 non
1456 4265 1783 4328 meminit.
1820 4267 1990 4327 Audi
2024 4267 2199 4329 enim
2248 4269 2411 4348 quid
2442 4269 2610 4329 dicat
2660 4286 2673 4329 :
2720 4271 2787 4331 hi
2831 4288 3061 4340 omnes,
3097 4272 3604 4332 demonstrando
3646 4289 3782 4343 eos,
3824 4291 3996 4353 quos

723 4374 937 4421 sermo
964 4373 1302 4424 enumerat
1338 4379 1352 4422 :
1393 4362 1637 4440 quibus
1666 4363 1837 4425 latro
1872 4374 2376 4428 connumeratus
2409 4379 2537 4425 non
2571 4371 2688 4432 est.
2726 4387 2753 4421 ι
2788 4366 2935 4427 Haec
2964 4365 3166 4441 prima
3194 4366 3665 4445 interpretatio,
3696 4386 3839 4449 qua:
3864 4386 3998 4433 non

722 4471 970 4529 omnes,
1006 4457 1120 4519 sed
1158 4457 1412 4538 aliquos
1448 4468 1698 4521 tantum
1738 4467 2004 4523 sanctos
2040 4461 2108 4521 in
2131 4460 2513 4540 paradisum
2544 4472 2843 4541 receptos
2877 4464 3278 4526 admittebat.

876 4552 1001 4612 Alii
1042 4564 1255 4615 autem
1292 4556 1603 4618 dixerunt
1644 4574 1658 4617 :
1702 4556 1877 4635 quod
1902 4554 2080 4629 latro
2108 4560 2390 4620 nondum
2416 4558 2689 4620 sortitus
2726 4558 2814 4621 sit
2840 4561 2909 4621 in
2936 4560 3240 4639 paradiso
3275 4562 3816 4623 conversationem
3852 4561 4001 4645 (seu

722 4650 1327 4728 transportationem
1376 4652 1443 4711 in
1500 4653 1899 4729 paradisum,
1953 4654 2278 4734 διαγωγῆς).
2332 4657 2453 4717 Sed
2505 4656 2668 4733 quia
2717 4656 3125 4719 invariabilis
3170 4662 3278 4729 sit,
3313 4667 3374 4721 et
3418 4662 3999 4744 mentiri-nequeat

723 4746 981 4808 Domini
1021 4746 1393 4824 promissio,
1452 4747 1607 4811 ideo
1656 4751 1901 4813 dictum
1954 4768 2096 4812 esse
2134 4766 2149 4812 :
2186 4749 2394 4811 Hodie
2442 4767 2680 4812 mecum
2726 4752 2848 4813 eris
2908 4754 2979 4813 in
3024 4754 3353 4833 paradiso.
3394 4758 3506 4818 Est
3538 4758 3709 4819 enim
3756 4768 3818 4821 et
3862 4761 4000 4823 hmo

720 4843 971 4919 species
1008 4842 1315 4921 phraseos
1348 4845 1410 4904 in
1446 4846 1666 4933 verbis
1709 4847 2096 4921 Dominicis,
2144 4856 2210 4909 ut
2266 4848 2345 4907 de
2393 4844 2633 4907 futuris
2688 4845 3020 4927 loquatur,
3089 4854 3395 4926 tanquam
3429 4852 3509 4913 de
3549 4850 3651 4913 bis
3693 4858 3838 4931 quae
3859 4853 3996 4933 jam

722 4944 894 5003 llant.
927 4942 1002 5002 Ut
1040 4960 1182 5003 cum
1219 4940 1377 5003 dicit
1408 4930 1703 5021 (Joannis
1731 4944 1938 5022 capite
1968 4962 2067 5017 ιιι,
2104 4964 2159 5004 v.
2191 4943 2481 5025 18),'Qui
2510 4961 2642 5005 non
2670 4939 2895 5016 credit,
2910 4944 3395 5025 jamjudiratus
3418 4957 3530 5011 est.
3569 4970 3600 5007 ι
3625 4930 3772 5011 Haec
3795 4930 3996 5013 altera

722 5039 1168 5117 interpretatio
1214 5052 1587 5102 sanctorum
1629 5040 2026 5115 beatitatem,
2060 5051 2168 5104 aut
2202 5041 2601 5120 paradisum,
2644 5056 2773 5102 non
2807 5050 3079 5121 excepto
3108 5052 3333 5107 sancto
3380 5046 3654 5122 latrone,
3690 5046 3998 5111 differen-

721 5138 872 5197 tium
915 5136 1121 5215 jubet.
2587 5195 2596 5203 .

801 5254 829 5286 α
882 5231 1005 5291 Alii
1049 5238 1354 5308 torquent
1409 5232 1702 5304 verbum,
1748 5241 2057 5311 punctum
2113 5232 2427 5299 facientes
2464 5245 2608 5316 post
2655 5236 2863 5300 hodie.
2916 5239 2995 5301 Ut
3045 5238 3131 5300 sit
3194 5240 3247 5301 is
3299 5256 3532 5304 sensus
3568 5242 3721 5303 dicti
3753 5258 3766 5302 :
3797 5244 3996 5305 Amen

727 5334 870 5396 Jico
929 5332 1065 5393 tibi.
1104 5332 1308 5393 hodie.
1346 5329 1622 5404 Deinde,
1672 5332 1919 5393 Mecum
1964 5332 2089 5392 eris
2119 5334 2187 5393 in
2214 5330 2549 5412 paradiso,
2577 5332 2985 5412 adjicieutes.
3040 5358 3070 5391 ι
3117 5336 3267 5397 Eme
3299 5338 3489 5399 etiam
3542 5336 3993 5415 interpretatio

729 5434 910 5494 ttrtia
956 5432 1320 5508 garadisum
1351 5430 1424 5490 ad
1456 5427 1751 5491 futurum
1788 5438 2043 5507 tempus
2078 5428 2318 5491 differt.

802 5529 1169 5589 Paradisum
1209 5547 1238 5588 a
1277 5544 1475 5604 regno
1505 5528 1811 5591 caelorum
1847 5526 2195 5603 distinguit
2225 5536 2446 5606 quarta
2482 5550 2494 5589 :
2532 5527 3030 5609 beatitatemque
3064 5531 3402 5592 constituit
3439 5532 3501 5592 in
3553 5549 3750 5611 regno
3793 5531 3993 5596 melo-

718 5643 879 5692 rum.
909 5628 1081 5704 quod
1115 5626 1435 5687 differtur.
1479 5649 1507 5680 α
1545 5626 1817 5698 Quidam
1857 5642 2031 5697 vero,
2061 5624 2171 5703 qui
2214 5626 2493 5687 maxime
2525 5645 2789 5688 sensum
2824 5630 3083 5707 assequi
3120 5630 3243 5690 visi
3280 5638 3459 5702 sunt,
3488 5632 3578 5691 sic
3599 5642 3935 5711 exponunt
3975 5654 3989 5695 :

718 5723 1113 5799 ncpromissa
1138 5722 1321 5781 nobis
1362 5722 1523 5782 bona
1554 5742 1681 5783 non
1714 5734 1862 5783 sunt
1897 5725 2223 5801 ingressus
2272 5724 2342 5782 in
2389 5724 2786 5799 paradisum,
2822 5724 2917 5784 vel
2955 5744 3279 5800 ascensus,
3351 5729 3459 5789 sed
3510 5746 3766 5806 regnum
3804 5727 3993 5790 caelo-

714 5837 878 5880 rum.
908 5820 1083 5883 Unde
1114 5829 1173 5882 et
1206 5836 1490 5893 oramus,
1540 5821 1747 5881 l'eniat
1774 5838 2032 5897 regnum
2057 5829 2230 5879 tuum
2262 5840 2279 5879 :
2314 5836 2465 5893 non,
2507 5822 2904 5882 conversatio
2944 5823 3056 5885 illa
3083 5828 3145 5886 in
3180 5826 3509 5904 paradiso.
3550 5828 3771 5906 Neque
3807 5826 3988 5889 enim
