4262 6432
215 403 308 466 101
1079 409 1180 473 DE
1216 407 1800 470 'BHEOPUYLACTl
1837 409 1898 468 G.

1841 407 2110 468 GESTIS
2149 404 2246 464 ΕΤ
2285 402 2662 468 SCRIPTIS.
3410 396 3524 460 102

216 524 373 585 mihi
419 523 863 604 dicat°aliquis
904 544 918 587 :
953 527 1126 606 quod
1160 527 1321 589 idem
1353 527 1438 588 sit
1472 524 1815 603 paradisus
1873 533 1932 584 et
1967 539 2250 600 regnum.
2286 523 2460 582 Bona
2497 519 2673 582 enim
2729 516 2910 595 regni
2949 533 3143 594 neque
3175 517 3357 576 auris
3397 533 3518 576 au-

219 620 408 694 divit,
443 639 644 700 neque
695 624 919 684 oculus
953 621 1143 695 vidit,
1191 641 1390 699 neque
1429 623 1495 681 in
1538 639 1650 681 cor
1689 619 1962 681 hominis
2009 619 2293 680 ascendit
2327 617 2541 694 (lsaim
2575 610 2786 693 capite
2822 632 3001 686 wa,
3044 632 3102 674 ν.
3150 612 3211 685 5,
3269 621 3331 673 et
3373 614 3398 674 Ι
3435 614 3519 674 ad

211 718 592 780 Corinthios
623 719 833 798 capite
876 739 943 793 ιι,
983 739 1040 783 v.
1074 720 1162 798 9).
1199 717 1583 779 Paradisum
1615 725 1830 779 autem
1858 725 1921 779 et
1963 718 2196 779 oculus
2232 716 2387 778 Adin
2418 715 2605 789 vidit,
2644 711 2912 775 etauris
2944 711 3199 774 audivit
3231 710 3312 773 de
3357 725 3518 774 eo...

211 815 405 875 Latro
442 816 664 893 itaque
699 815 1087 894 paradisum
1109 815 1377 876 sortitus
1411 821 1508 877 est
1542 835 1557 876 :
1585 830 1715 876 non
1745 820 1963 876 autem
1999 820 2340 875 assecutus
2367 820 2462 873 est
2492 827 2781 890 regnum.
2809 811 3232 887 .Assequetur
3262 813 3513 882 autem,

210 913 477 991 quando
511 913 708 974 etiam
742 929 996 986 omnes,
1047 927 1214 991 quos
1261 912 1498 974 Paulus
1557 913 1988 972 enumeravit.
2047 913 2235 974 Hunc
2291 918 2532 978 autem.
2597 909 2718 972 hoc
2769 916 3086 980 tempore,
3136 908 3520 986 paradisum

212 1011 432 1083 habet,
465 1011 577 1089 qui
617 1017 714 1072 est
746 1028 900 1090 pars
931 1008 1298 1089 spiritualis
1315 1009 1576 1089 quietis.
1612 1008 1763 1071 Hinc
1815 1008 2084 1086 quidem
2119 1009 2308 1070 multi
2346 1021 2806 1083 smpenumero
2837 1005 3175 1068 dixerunt.
3219 1027 3252 1062 ι
3301 1005 3518 1066 Inter-

210 1115 430 1184 pretes
477 1107 586 1167 isti
632 1117 880 1183 partem
922 1108 1199 1186 aliquam
1229 1105 1553 1186 spiritalis
1577 1106 1808 1184 quietis
1843 1105 2020 1168 illico
2056 1112 2197 1182 post
2233 1116 2503 1164 mortem
2555 1101 2799 1164 sanctis
2845 1102 3145 1174 concedi,
3180 1100 3516 1165 fatentur:

208 1213 270 1262 et
308 1205 375 1264 in
413 1203 727 1282 paradiso
785 1205 1047 1281 quidem
1100 1206 1417 1273 terrestri,
1450 1212 1520 1266 ut
1551 1212 1737 1265 aiunt
1784 1201 2112 1266 nonnulli.
2159 1202 2454 1276 Regnum
2487 1199 2800 1262 cmlorum
2849 1196 2924 1260 ad
2959 1199 3182 1261 seaculi
3215 1215 3522 1263 consum-

211 1300 568 1373 mationem
596 1299 873 1371 diﬂ‘erri,
915 1300 1349 1360 contendunt.
1623 1351 1626 1354 .

295 1396 439 1456 Non
485 1396 571 1456 ita
607 1395 1161 1477 TbeOphylaetus.
1201 1419 1229 1452 α
1266 1396 1388 1457 Sed
1439 1395 1796 1459 dicendum
1841 1397 1978 1474 estl

1841 1403 1940 1459 est
1966 1393 2233 1476 (ianit)
2264 1405 2346 1457 ὅτι
2376 1403 2544 1458 εἶκαὶ
2574 1403 2778 1458 σεαυτόν
2801 1405 2918 1458 ἐστι
2961 1402 3210 1473 βασιλεία
3243 1402 3515 1474 οὐρανῶν.

205 1501 301 1553 καὶ
342 1501 703 1570 παράδεισος,
771 1493 948 1571 quod
1008 1493 1257 1554 etiamsi
1292 1493 1455 1553 idem
1490 1495 1575 1554 sit
1632 1511 1898 1572 regnum
1964 1492 2262 1553 caelorum
2303 1501 2361 1553 et
2419 1491 2792 1571 paradisus,
2841 1491 3005 1552 nihil
3080 1491 3409 1568 prohibet,
3454 1496 3519 1554 et

204 1589 560 1650 Dominum
609 1604 756 1649 vera
809 1589 1054 1664 dicere,
1118 1598 1179 1650 et
1231 1589 1525 1651 Paulum.
1586 1591 1744 1651 Nam
1811 1590 1974 1650 latro
2019 1589 2290 1668 quidem
2326 1597 2424 1649 est
2473 1589 2738 1664 [XLIX]
2794 1589 2858 1649 in
2895 1587 3228 1666 paradiso,
3269 1587 3392 1649 hoc
3416 1597 3517 1650 est

202 1703 450 1764 regno:
490 1696 552 1748 et
596 1704 723 1748 non
775 1686 1196 1762 solum-ipse,
1254 1689 1367 1748 sed
1401 1687 1595 1749 etiam
1649 1703 1879 1750 omnes
1933 1700 2100 1764 quos
2147 1695 2444 1745 numerat
2496 1685 2762 1746 Paulus.
2821 1687 3022 1763 Atqui
3079 1703 3206 1746 non
3269 1685 3518 1748 fruitur

201 1786 493 1863 perfecta
550 1782 864 1844 bonorum
917 1784 1444 1862 participatione,
1478 1793 1578 1862 τῆς
1617 1793 1839 1855 τελείας
1873 1811 1884 1828 ι

1832 1791 1985 1853 ῖτῶν
2019 1789 2248 1859 ἀγαθῶν
2286 1789 2648 1862 κληρουχίας.
2703 1801 2720 1832 ι
2788 1783 3182 1859 Exemplum
3243 1783 3515 1846 adducit

202 1879 790 1951 condemnatorum,
825 1883 934 1961 qui
971 1883 1038 1942 in
1064 1880 1259 1958 regiis
1291 1898 1420 1940 non
1441 1892 1618 1958 sunt,
1648 1879 1759 1941 sed
1788 1881 1858 1943 in
1887 1880 2197 1943 custodiis
2232 1880 2438 1941 clausi
2467 1889 2767 1942 tenentur
2799 1881 2868 1940 in
2900 1880 3227 1960 deputatis
3258 1884 3461 1959 pomis
3495 1901 3518 1942 :

201 1993 351 2038 cum
385 1977 791 2042 honorabiles
822 1988 875 2039 et
905 1979 973 2038 in
1005 1978 1216 2055 regias
1253 1977 1714 2055 ingrediuntur
1746 1986 1805 2037 et
1834 1979 1902 2038 in
1928 1980 2020 2039 eis
2051 1986 2428 2044 versantur;
2459 1985 2519 2035 et
2554 1994 2694 2037 cum
2721 1979 2968 2038 venerit
2999 1988 3245 2054 tempus
3273 1977 3506 2038 distri-

200 2073 490 2134 butionis
509 2075 823 2152 regalium
838 2074 1170 2147 donorum,
1191 2073 1305 2135 illa
1334 2083 1785 2152 assequuntur.
1831 2097 1859 2130 α
1891 2074 1979 2134 Ita
2011 2084 2075 2134 et
2106 2070 2341 2146 sancti,
2363 2073 2606 2152 inquit,
2638 2073 2890 2134 tametsi
2926 2071 3210 2132 nondum
3241 2076 3522 2155 perfecte

201 2176 385 2236 bonis
408 2179 885 2257 fruantur,jam
908 2185 1118 2239 tamen
1143 2183 1480 2237 versantur
1516 2175 1583 2236 in
1620 2173 1779 2236 locis
1806 2169 2042 2236 lucidis
2075 2177 2138 2230 et
2174 2167 2635 2250 fragrantibus,
2663 2178 2724 2230 et
2759 2169 2955 2248 regiis
2987 2169 3277 2250 denique
3311 2171 3519 2232 taber-

204 2273 485 2346 naculis,
523 2273 776 2335 etiamsi
812 2275 1100 2336 nondum
1145 2271 1683 2333 distributionem
1748 2271 2077 2349 regiorum
2123 2270 2447 2332 bonorum
2488 2268 2772 2350 perfecte
2824 2281 3290 2350 assequautur.
3328 2273 3420 2334 Ita
3457 2281 3519 2335 et

201 2366 371 2430 latro
406 2371 468 2430 in
501 2371 810 2451 paradiso
849 2372 1003 2451 fuit,
1068 2370 1319 2434 etiamsi
1351 2366 1634 2428 nondum
1668 2369 1950 2447 perfecte
1988 2368 2334 2447 acceperit,
2370 2377 2442 2430 ut
2479 2384 2609 2431 non
2662 2368 2911 2447 absque
2958 2368 3152 2429 nobis
3189 2366 3518 2448 perfectus

205 2467 316 2539 Sil,
382 2476 471 2529 ἵνα
531 2481 606 2548 μὴ
665 2478 836 2549 χωρὶς
905 2478 1065 2548 ἡμῶν
1128 2474 1424 2544 τελειωθῇ,
1485 2468 1561 2527 Ει
1621 2465 1742 2526 ὺοιτ
1816 2480 1888 2542 0f

1835 2463 2056 2542 )pinor
2121 2463 2541 2526 verissimum
2587 2465 2916 2526 omnium.
2981 2487 3010 2521 »
3086 2466 3518 2542 Apertissima

203 2567 531 2626 sententia
565 2575 686 2636 est.
732 2567 1104 2644 paradisum
1161 2577 1223 2630 et
1277 2585 1550 2648 regnum
1613 2582 1758 2628 esse
1817 2562 1989 2621 idem
2033 2579 2049 2619 :
2087 2574 2159 2620 ac
2215 2567 2472 2621 sanctos
2540 2561 2607 2621 in
2642 2576 2919 2640 regnum
2959 2560 3271 2623 c'mlorum
3339 2578 3521 2625 rece-

249 2669 350 2720 tos
388 2661 652 2723 degere.

249 2677 350 2720 tos
388 2677 466 2721 ue
519 2680 652 2723 ere.

203 2677 245 2738 Ρ
287 2680 770 2832 Tumgparadisi
817 2754 1306 2820 distinctionem
1341 2775 1375 2821 a
1410 2772 1610 2836 regno
1644 2752 1987 2817 admittere
2031 2752 2311 2827 videtur,
2357 2757 2543 2833 regni
2591 2753 2860 2817 nomine
2914 2755 3299 2836 intelligens
3345 2758 3519 2819 inte-

200 2865 387 2926 grain
436 2850 843 2930 felicitatem,
899 2868 973 2914 ac
1011 2855 1360 2932 perfectam
1417 2854 1740 2916 bonorum
1795 2851 2091 2916 omnium
2125 2852 2788 2926 assecutionem;sed
2824 2855 2898 2914 ad
2961 2854 3246 2917 priorem
3301 2855 3520 2918 statim

204 2945 380 3006 redit
434 2945 1071 3025 interpretationem,
1124 2967 1272 3030 quae
1323 2965 1438 3029 pro
1487 2949 1720 3015 eodem
1757 2949 1950 3011 habet
2001 2958 2382 3032 utrumque.
2423 2956 2454 3008 ἀ
2499 2953 2571 3014 Ut
2606 2969 2688 3015 ne
2739 2952 2976 3024 dicam,
3032 2951 3285 3033 inquit,
3339 2955 3520 3034 quod

200 3052 573 3103 sanctorum
613 3046 838 3122 gratiis
862 3046 927 3107 in
961 3047 1374 3126 quotidianis
1406 3046 1874 3110 miraculorum
1909 3048 2433 3126 Operationibus,
2466 3047 2819 3128 paradisus
2857 3050 3090 3111 merito
3124 3051 3340 3112 dictus
3379 3052 3462 3113 sit
3499 3071 3518 3115 :

203 3146 269 3196 et
303 3153 535 3200 omnes
575 3141 808 3216 sancti,
839 3151 1165 3224 quotquot
1192 3146 1549 3225 participes
1585 3145 1748 3219 facti
1776 3157 1927 3205 sunt
1971 3146 2413 3224 spiritualium
2451 3146 2791 3219 donorum,
2843 3155 2904 3209 et
2938 3147 3053 3226 qui
3101 3148 3523 3210 arrhabonem

204 3233 441 3296 habent
482 3236 790 3315 Spiritus,
843 3240 907 3302 in
938 3241 1252 3320 paradiso
1297 3243 1460 3317 sint;
1505 3241 1762 3305 etiamsi
1803 3240 2084 3302 nondum
2130 3245 2408 3324 perfecti
2427 3244 2700 3324 fuerint,
2738 3253 2794 3304 et
2826 3261 3093 3320 regnum
3126 3247 3519 3324 acceperint,

203 3331 378 3394 sicut
411 3332 570 3395 dicit
611 3338 961 3414 Apostolus
994 3337 1059 3400 in
1110 3338 1389 3416 epistola
1428 3339 1507 3402 ad
1555 3337 1864 3401 Hebraeos
1906 3361 1921 3398 :
1955 3339 2233 3402 Etiai‘nsi
2268 3339 2551 3402 nondum
2585 3342 3077 3420 promissionem
3128 3347 3517 3423 acceperint.

203 3430 721 3497 Promissionem
755 3435 931 3496 enim
960 3437 1269 3509 dicendo,
1299 3444 1360 3497 τὸ
1386 3445 1707 3517 ὁλόκληρον,
1743 3437 2060 3516 integram
2110 3436 2544 3499 hareditatem
2594 3439 2738 3516 (seu
2767 3437 3176 3519 felicitatem)
3225 3441 3518 3502 declara-

205 3531 320 3592 vit.
357 3533 436 3592 At
478 3530 656 3592 illam
702 3535 993 3595 nondum
1046 3533 1366 3613 integram
1405 3545 1822 3613 acceperunt.
1862 3539 1934 3597 Et
1967 3547 2117 3596 sunt
2152 3539 2218 3598 in
2250 3555 2470 3616 regno,
2505 3546 2564 3599 et
2590 3535 2925 3617 paradiso,
2962 3549 3072 3600 εισὶ
3107 3548 3297 3618 μέντοι
3330 3549 3427 3602 καὶ
3458 3549 3521 3603 tv

202 3634 456 3708 βασιλείᾳ
487 3638 584 3690 καὶ
611 3638 670 3689 ὲν
701 3636 782 3707 τῷ
817 3637 1174 3709 παραδείσῳ;
1212 3653 1240 3686 υ
1277 3631 1370 3692 Ad
1408 3631 1690 3710 priorem
1715 3649 1785 3693 se
1817 3651 1885 3695 re

1059 3653 1174 3708 atp;
1212 3653 1240 3686 υ
1277 3631 1370 3692 Ad
1408 3631 1690 3710 priorem
1715 3649 1785 3693 se
1817 3634 2070 3695 reducit
2103 3634 2736 3712 interpretationem.

279 3725 386 3792 83.
419 3725 630 3795 Dices,
663 3726 805 3789 Non
834 3729 1128 3807 sequitur
1157 3749 1177 3788 :
1223 3731 1434 3791 sancti
1463 3739 1613 3790 sunt
1654 3728 1723 3789 in
1755 3727 1930 3802 caelo,
1985 3748 2132 3808 ergo
2163 3729 2383 3791 vident
2430 3732 2651 3795 Deum.
2705 3733 3196 3797 Nonnullorum
3229 3735 3515 3816 objectio

202 3833 301 3888 est
334 3824 507 3905 apud
535 3823 1004 3888 Bellarminum
1038 3826 1204 3891 libro
1237 3846 1258 3888 ι
1294 3829 1384 3889 De
1418 3837 1786 3890 sanctorum
1817 3825 2236 3902 beatitudine,
2271 3828 2483 3906 capite
2513 3829 2575 3892 3.
2609 3830 2898 3909 Repenit
2930 3831 3048 3893 ille
3081 3849 3096 3893 :
3134 3855 3163 3889 ε
3193 3834 3387 3896 Recte
3419 3850 3524 3897 se-

200 3925 356 4004 qui;
394 3940 543 3986 nam
586 3941 700 4002 per
732 3921 954 3984 calum
998 3923 1436 4005 intelligimus
1469 3927 1718 3998 sedem,
1752 3931 1816 3987 et
1847 3924 2042 4004 quasi
2074 3924 2289 3986 aulam
2327 3925 2570 4004 regiam
2606 3928 2750 4001 Dei,
2801 3928 2916 3990 ubi
2949 3931 3114 3990 Deus
3147 3948 3394 4009 semper
3421 3930 3522 3992 oi-

200 4020 472 4084 detur...
502 4021 784 4082 Tametsi
820 4019 998 4084 enim
1036 4023 1213 4083 Deus
1248 4022 1495 4102 ubique
1527 4023 1641 4097 sit,
1677 4030 1893 4084 tamen
1932 4022 2195 4100 proprie
2227 4023 2293 4082 in
2322 4021 2485 4084 cmlo
2512 4022 2779 4094 dicitur,
2815 4023 2973 4103 quia
3013 4041 3126 4104 per
3157 4028 3262 4087 sui
3287 4026 3513 4087 mani-

200 4117 623 4182 festatiouem
675 4119 816 4181 il'lic
870 4137 942 4180 se
996 4125 1382 4197 prasentem
1433 4119 1756 4194 ostendit;
1807 4126 1869 4183 et
1917 4119 2213 4182 cernitur
2246 4119 2326 4182 ab
2361 4121 2444 4182 iis
2476 4122 2590 4202 qui
2641 4122 2823 4202 digni
2884 4133 3039 4187 sunt
3098 4128 3350 4190 cmlesti
3405 4127 3518 4190 illa

196 4219 379 4280 sede.
426 4239 441 4275 ι

280 4315 594 4387 Quaenam
630 4328 784 4375 vero
814 4311 1014 4375 fuerit
1045 4331 1228 4378 mens
1265 4313 1734 4395 'l‘heOphylacti
1760 4317 1789 4374 τ
1827 4313 2410 4378 Verisimillimum
2447 4326 2632 4397 puto,
2667 4319 2888 4400 ipsum
2937 4323 3384 4401 existimasse,
3424 4324 3521 4386 vi-

200 4405 394 4469 sione
431 4407 543 4468 Dei
585 4407 713 4469 frui
748 4415 1008 4469 sanctos
1039 4407 1106 4469 in
1145 4423 1349 4486 regno
1382 4405 1719 4470 cmlorum.
1754 4407 2145 4474 Paradisum
2179 4415 2294 4478 ille
2323 4417 2497 4478 idem
2533 4434 2680 4479 esse
2719 4419 2910 4480 docet
2941 4436 3012 4480 ac
3046 4438 3314 4499 regnum
3347 4420 3528 4482 calo-

194 4521 368 4576 rum,
404 4505 581 4585 quod
616 4505 1070 4585 interpretatio
1103 4515 1332 4586 quarta
1364 4505 1832 4585 distinguebat.
1870 4510 2068 4590 Atqui
2104 4509 2269 4573 bona
2299 4514 2484 4591 regni
2516 4529 2589 4575 ea
2623 4513 2961 4591 dicuntur,
2999 4534 3150 4597 qum
3178 4535 3378 4597 neque
3407 4539 3524 4580 au-

196 4605 293 4666 ris
325 4603 598 4678 audivit,
631 4623 829 4684 neque
864 4605 1087 4666 oculus
1113 4603 1299 4678 vidit,
1334 4623 1530 4684 neque
1565 4605 1632 4665 in
1661 4623 1773 4665 cor
1812 4603 2087 4665 hominis
2125 4603 2502 4667 ascendunt.
2538 4607 2706 4679 Quis
2743 4626 2898 4670 vero
2945 4609 3119 4670 inter
3176 4611 3310 4672 hinc
3353 4612 3520 4672 bona

196 4704 411 4780 regni,
454 4704 523 4765 in
558 4720 690 4781 quo
722 4704 960 4782 degere
995 4709 1254 4764 sanctos
1286 4701 1814 4790 T_he0phylactus
1847 4700 1958 4773 ait,
1995 4719 2124 4765 non
2160 4713 2503 4766 enumeret
2536 4703 2703 4781 illud
2744 4705 3173 4787 prmeipuum,
3209 4711 3389 4789 quod
3422 4719 3523 4772 est

197 4799 372 4862 clara
416 4801 576 4863 visio
610 4800 779 4863 Dei?
813 4801 1265 4863 Disertissime
1298 4799 1592 4873 afﬁrmat,
1627 4798 1941 4860 bonorum
1963 4799 2474 4878 participatione
2509 4818 2625 4863 eos
2651 4800 2782 4864 frui
2819 4803 2887 4864 in
2940 4821 3142 4884 regno
3181 4805 3520 4881 cmlorum,

197 4897 482 4958 nondum
521 4908 731 4958 tamen
760 4899 1074 4979 perfecta;
1098 4913 1243 4977 qum
1279 4899 1470 4960 Verba
1504 4914 1616 4976 par
1649 4904 1745 4958 est
1778 4896 1866 4959 ita
1899 4895 2299 4976 intelligere,
2340 4907 2406 4959 ut
2438 4914 2594 4962 sane
2631 4901 2837 4962 Deum
2888 4902 3015 4982 ipsi
3049 4903 3335 4978 videant,
3371 4923 3516 4983 per-

197 4995 433 5057 fectum
467 4996 792 5060 donorum
818 4997 1357 5059 distributionem
1391 4997 1750 5074 accepturi,
1787 5004 2127 5073 resumpto
2160 5013 2436 5074 corpore
2467 5009 2614 5076 post
2641 4997 2973 5077 judicium
3008 5001 3073 5061 in
3103 5017 3519 5067 consumma-

200 5093 384 5155 tione
414 5094 660 5156 smculi.
697 5095 979 5156 Maxime
1011 5091 1182 5155 favet
1209 5110 1439 5156 eorum
1491 5092 1897 5178 exemplum,
1933 5092 2111 5172 quod
2167 5094 2461 5170 aﬂ'ertur,
2517 5098 2630 5174 qui
2669 5098 2740 5158 in
2780 5093 2993 5178 regias
3030 5102 3518 5181 ingrediuntur,

204 5201 261 5251 et
297 5193 363 5251 in
398 5193 486 5252 eis
518 5203 881 5254 versantur.
921 5195 1018 5253 An
1072 5192 1176 5252 isti
1217 5207 1554 5271 nunquam
1612 5190 1900 5252 viderint
1927 5190 2201 5269 regem?
2237 5193 2373 5253 lmo
2424 5193 2694 5268 vident;
2727 5206 2954 5258 etcum
2994 5202 3240 5262 venerit
3271 5210 3518 5279 tempus

200 5288 688 5351 distributionis
712 5290 1027 5369 regalium
1062 5288 1397 5361 donorum,
1433 5286 1913 5350 consummatio
1949 5288 2200 5349 scilicet
2234 5291 2485 5356 saeculi.
2522 5302 2582 5353 et
2617 5311 2963 5372 corporum
2993 5298 3412 5371 resurrectio,
3451 5317 3520 5358 ea

197 5390 478 5467 [)Prft't‘lc
561 5396 996 5466 assequentur.
1048 5387 1198 5446 Data
1237 5402 1387 5446 vero
1439 5385 1623 5463 regni
1654 5382 1951 5444 calorum
2032 5386 2458 5450 distinctione
2505 5407 2537 5450 a
2587 5393 2929 5468 paradiso,-
2984 5396 3147 5458 illud
3206 5396 3520 5476 intelligit

202 5486 737 5565 'l‘heOphylactus
789 5487 1102 5563 integram
1141 5482 1542 5561 felicitatem;
1579 5491 1641 5544 et
1680 5484 1899 5552 istum,
1934 5483 2307 5562 felicitatem
2340 5489 2635 5566 quidem,
2690 5492 2804 5552 sed
2841 5510 2967 5554 non
3005 5496 3286 5572 plenam,
3321 5497 3519 5574 ερίνξ-

204 5588 479 5648 tualium
512 5605 752 5667 quoque
785 5585 1100 5646 donorum
1145 5583 1709 5662 participationem
1759 5591 1815 5642 et
1852 5581 2275 5642 arrhabonem
2318 5587 2651 5664 Spiritus;
2692 5590 2928 5652 claram
2981 5594 3119 5654 sine
3178 5594 3384 5655 dubio
3421 5595 3518 5654 vi-

204 5689 466 5749 sionem
503 5688 644 5748 Dei.
685 5687 938 5748 Addere
973 5683 1188 5744 locum
1219 5684 1360 5759 ejus
1409 5682 1596 5743 liceat
1647 5681 1723 5743 arl
1757 5694 1950 5762 caput
1987 5703 2004 5743 ι
2044 5684 2354 5762 Epistolm
2385 5689 2461 5749 ad
2504 5691 2991 5772 Philippenscs,
3023 5714 3081 5756 ν.
3113 5696 3182 5756 21
3223 5720 3234 5756 :
3272 5720 3298 5750 σ
3354 5698 3517 5760 Mihi

203 5791 367 5848 enim
397 5788 605 5846 vivere
639 5787 936 5846 Christus
975 5791 1092 5856 est,
1131 5793 1182 5840 et
1222 5783 1387 5841 mori
1419 5779 1689 5843 lucrum.
1731 5783 1894 5845 Mori
1933 5789 2147 5845 autem
2189 5783 2444 5848 lucrum
2478 5798 2600 5864 cst,
2639 5793 2793 5869 quia
2848 5804 3001 5855 tunc
3049 5794 3338 5869 apertius
3370 5809 3518 5856 cum

207 5889 353 5966 ipso
389 5884 696 5964 (Christo,
734 5883 902 5946 Filio
938 5882 1077 5944 Dci‘
1115 5879 1441 5940 versabar.
1502 5905 1525 5934 υ
