4262 6432
731 436 832 502 tos
1580 424 1808 486 anan.
1848 421 2119 483 usam
2157 420 2254 481 ns
2296 417 2581 481 RUBEIS
2612 413 3126 476 DlSSERTATiO
3345 386 3348 390 ’
3877 403 3990 469 106

800 544 901 605 81s.
945 540 1177 604 ﬂavus
1211 541 1308 596 est
1340 533 1405 593 in
1442 521 1898 610 'l‘heOphylacti
1936 529 2225 592 doctrina
2256 528 2330 589 ad
2357 533 2544 605 caput
2575 543 2670 586 xu
2712 524 3021 596 Matthaii,
3057 544 3115 586 ν.
3179 520 3254 582 ιιϐ
3293 542 3306 581 :
3341 517 3557 580 Adhuc
3596 533 3662 577 eo
3695 514 3987 610 loquente

724 637 812 700 ad
842 636 1084 707 turbas,
1117 649 1253 693 ecce
1287 630 1492 691 Mater
1530 629 1664 706 ejus
1696 607 1754 688 et
1790 628 2027 702 fratres
2068 624 2316 685 stabant
2347 621 2534 698 foris,
2568 623 2914 697 querentes
2940 617 3113 697 loqui
3151 617 3228 677 ei.
3263 615 3442 676 Hanc
3477 610 3584 673 ille
3619 607 3984 707 expositio-

721 702 1188 809 nemappingit
1215 745 1228 787 :
1257 702 1672 802 «’Avopibnivov
1700 748 1778 793 τι,
1808 724 2174 782 Humanum
2210 716 2386 796 quid,
2424 714 2677 777 volebat
2708 715 3052 774 ostendere
3076 714 3308 784 Mater,
3339 708 3518 809 quod
3551 713 3620 768 ut
3647 706 3708 809 in
3728 702 3986 809 Filium

724 798 1362 906 potestalem'babeat
1398 798 1615 880 :vnibil
1659 817 1835 878 enim
1869 832 2169 893 magnum
2204 814 2412 875 adhuc
2439 813 2518 873 de
2553 827 2632 872 eo
2665 809 3096 906 intelligebat.
3129 810 3400 906 _Propt_er
3428 802 3574 874 hoc,
3603 798 3985 906 δόμα-ξρξο

723 892 1060 1002 loquente,
1100 917 1346 980 volebat
1389 915 1465 976 ad
1503 931 1572 976 se
1627 914 1810 975 illum
1867 892 2204 982 attrahere,
2253 914 2708 986 φιλοτιμουμένη,
2760 905 2943 983 quasi
2973 901 3402 973 ambitiosula,
3438 905 3615 1002 tanto
3646 893 3776 956 sibi
3811 892 3985 1002 Filio

724 993 1010 1079 subdito.
1047 1037 1075 1069 ο
1126 1014 1197 1072 ν.
1226 1012 1348 1072 50:
1385 1010 1755 1087 Quicunque
1781 1008 2001 1086 fecerit
2046 1004 2432 1065 voluntatem
2461 1005 2677 1066 Patris
2725 1004 2870 1075 mei,
2905 1003 3015 1081 qui
3044 1003 3112 1063 in
3138 1000 3309 1061 culis
3334 1009 3448 1070 est,
3480 996 3614 1074 ipse
3642 1011 3809 1052 meus
3839 993 3984 1071 [rae

722 1121 840 1183 ter,
871 1119 930 1170 et
959 1125 1170 1180 soror,
1199 1116 1258 1167 et
1288 1116 1487 1166 mater
1518 1113 1633 1163 est.
1666 1126 1694 1158 α
1723 1105 1860 1164 Non
1897 1101 2135 1181 injuria
2163 1099 2444 1162 alliciens
2472 1102 2766 1171 Matrem,
2808 1099 2928 1160 hoc
2958 1099 3120 1159 dix’it
3153 1096 3304 1157 :sed
3340 1092 3981 1172 corrigens-mentem

724 1208 867 1288 ejus
897 1206 1124 1286 glorias
1154 1205 1431 1276 avidam,
1467 1211 1532 1263 et
1566 1202 1934 1271 humanam,
1972 1210 2073 1278 τὴν
2104 1205 2383 1276 φιλόδοξον

1754 1217 1934 1271 unam,
1972 1210 2073 1278 τὴν
2104 1205 2383 1276 φιλόδοξον
2407 1207 2580 1276 αὐτῆς
2607 1207 2702 1258 καὶ
2726 1204 3078 1274 ἀνθρωπίνην
3107 1199 3354 1272 γνώμην.
3407 1211 3437 1288 lt

804 1282 930 1366 Sua
963 1304 1029 1364 in
1065 1302 1353 1362 editione
1402 1303 1588 1362 Joan.
1634 1297 2176 1374 OEcolampadius
2217 1298 2630 1357 adnotaverat
2689 1292 2758 1354 in
2804 1291 3091 1369 margine
3127 1311 3145 1350 :
3175 1288 3370 1349 Caute
3409 1286 3559 1364 lege,
3600 1283 3741 1344 vide
3774 1282 3984 1360 ﬁnem.

720 1401 793 1462 In
825 1399 997 1462 calce
1027 1398 1529 1462 Enarrationum
1562 1395 1634 1455 in
1669 1393 2014 1472 Evangelia
2045 1393 2139 1453 sic
2169 1393 2258 1453 ait
2290 1391 2525 1468 :Quod
2565 1391 2634 1451 in
2670 1391 2759 1451 eis
2811 1387 3152 1448 excesserit
3180 1384 3414 1446 verbis.
3449 1383 3547 1459 [L]
3585 1382 3654 1442 In
3697 1377 3988 1440 editione

720 1497 1002 1577 Philippi
1039 1496 1323 1559 Montani
1360 1494 1493 1555 hinc
1542 1492 1916 1554 adduntur:
1963 1514 1989 1545 α
2031 1491 2266 1551 Eadem
2303 1486 2436 1548 fere
2472 1486 2974 1564 Cbrysostomus
3008 1482 3098 1545 ait
3141 1481 3212 1543 in
3247 1496 3396 1542 eum
3447 1478 3692 1549 locum;
3754 1482 3986 1535 notans

721 1591 1274 1672 importunitatem
1334 1589 1550 1652 Matris
1589 1596 1650 1648 et
1694 1586 1985 1648 fratrum.
2020 1586 2200 1660 Quos
2253 1585 2443 1646 etiam
2490 1599 2570 1645 ex
2619 1580 3000 1652 ambitione,
3048 1589 3110 1640 et
3155 1576 3581 1640 ostentatione
3629 1577 3989 1672 commotos

721 1668 905 1751 dicit.
949 1712 975 1743 ν
1002 1689 1165 1749 Tum
1191 1686 1409 1764 primo
1438 1699 1775 1745 censuram
1815 1682 2045 1755 inurit,
2089 1691 2223 1742 tum
2256 1680 2492 1741 deinde
2523 1678 2816 1756 benigna
2845 1675 3378 1754 interpretatione
3410 1669 3681 1732 Joannis
3705 1668 3991 1764 Cbryso-

725 1783 918 1844 stomi
954 1783 1142 1844 verba
1179 1758 1446 1859 exponit
1481 1777 2026 1856 prudentissimus
2059 1778 2280 1838 doctor
2311 1773 2599 1853 Aquinas
2638 1792 2696 1850 p.
2731 1789 2829 1845 ut,
2861 1789 2973 1850 qu.
3004 1788 3206 1844 xxvu,
3239 1776 3355 1830 art.
3388 1785 3451 1827 ιν
3483 1769 3559 1827 ad
3590 1764 3652 1824 3.
3683 1784 3713 1819 α
3746 1758 3988 1859 Dicen-

719 1879 898 1948 dum,
927 1879 1104 1956 quod
1123 1878 1197 1937 in
1232 1855 1608 1938 illisrverbis
1646 1874 2137 1951 Chrysostomus
2170 1873 2461 1935 emcessit.
2495 1874 2773 1935 Possunt
2803 1877 3012 1930 tamen
3045 1867 3306 1944 exponi,
3337 1872 3407 1926 ut
3439 1860 3884 1938 intelligatur:
3919 1855 3991 1917 in

723 1993 795 2035 ea
831 1975 1128 2053 (Virgine
1166 1971 1472 2051 Deipara)
1512 1971 1859 2032 Dominum
1897 1968 2278 2032 cohibuisse
2313 1985 2441 2030 non
2477 1965 2921 2027 inordinatum
2951 1962 3166 2025 inanis
3212 1961 3438 2042 gloriae
3465 1965 3739 2031 malum,
3781 1970 3987 2034 quan-

723 2081 852 2129 tum
876 2069 955 2128 ad
982 2071 1218 2147 ipsam;
1250 2068 1366 2128 sed
1402 2067 1468 2127 id
1501 2065 1678 2142 quod
1709 2063 1784 2123 ab
1819 2062 1966 2124 aliis
1998 2072 2220 2142 posset
2253 2065 2579 2139 aestimari.
2619 2085 2648 2119 ι

799 2166 899 2230 85.
937 2165 1203 2227 Veteres
1239 2160 1542 2224 nonnulli
1576 2159 1787 2232 fuere,
1841 2160 1980 2220 sive
2012 2159 2214 2220 Grteci
2269 2158 2404 2220 sive
2435 2159 2647 2220 Latini
2693 2156 3064 2234 scriptores,
3112 2153 3229 2234 qni
3270 2151 3433 2214 levis
3475 2149 3753 2228 alicujus
3804 2160 3994 2208 next!)

715 2274 976 2332 naevum
1017 2258 1301 2335 Deiparaa
1350 2256 1739 2325 tribuerunt,
1806 2254 2200 2325 imbrosius,
2227 2253 2548 2314 Arnobius
2590 2254 2846 2324 Iunior,
2895 2257 3120 2314 auctor
3153 2249 3588 2324 Quintianum
3624 2244 3856 2306 Veteris
3929 2249 3990 2302 et

719 2354 885 2418 Novi
936 2352 1320 2419 Testamenti
1358 2351 1478 2410 sub
1509 2348 1854 2428 Augustini
1881 2348 2168 2422 nomine,
2199 2347 2512 2426 Origenes
2533 2366 2603 2411 ac
2634 2349 2928 2412 laudatus
2954 2347 3476 2428 Chrysostomus.
3511 2345 3749 2405 Eorum
3806 2338 3991 2401 aﬂcrt

722 2451 888 2512 dicta
929 2457 990 2512 et
1015 2447 1322 2525 expendit
1358 2447 1579 2507 Sixtus
1626 2443 1946 2505 Senensis
1981 2443 2144 2504 libro
2176 2463 2221 2504 ιι
2247 2444 2652 2507 Bibliotheca
2686 2457 2938 2520 sancta,
2967 2461 3148 2507 num.
3177 2444 3298 2505 103
3327 2451 3388 2504 et
3423 2443 3562 2516 151,
3602 2456 3674 2501 ac
3709 2437 3872 2500 libro
3899 2452 3989 2506 νιν

728 2562 910 2617 num.
953 2534 1051 2616 56,
1082 2545 1226 2614 138,
1264 2545 1409 2616 139,
1439 2542 1552 2602 illo
1585 2549 1646 2601 et
1683 2542 1820 2615 185,
1855 2540 1962 2601 ubi
2017 2541 2230 2602 Patres
2265 2558 2427 2620 quos
2477 2551 2788 2604 memorat
2824 2541 2922 2602 vel
2954 2542 3171 2620 aliqua
3223 2547 3449 2617 purgat
3488 2531 3992 2613 benigniori'in-

726 2639 1204 2714 terpretatiune,
1247 2640 1344 2699 vel
1382 2646 1552 2698 certe
1585 2636 1822 2695 fatetur
1858 2636 2218 2696 excessisse
2251 2659 2265 2696 :
2304 2659 2334 2694 α
2369 2655 2446 2698 ne
2484 2641 2818 2718 Deiparam
2852 2640 3186 2718 Virginem
3222 2636 3316 2717 (ut
3349 2636 3433 2698 ait
3482 2634 3643 2695 libro
3678 2650 3741 2693 γι
3773 2631 3989 2703 citato.

727 2751 905 2796 num.
941 2734 1040 2811 68)
1071 2733 1314 2812 insigni
1353 2733 1464 2791 illo
1495 2747 1629 2792 sum
1662 2732 2057 2807 integritatis
2085 2731 2425 2813 privilegio
2456 2732 2853 2807 fraudemus,
2889 2734 3062 2813 quod
3097 2735 3153 2795 ei
3189 2730 3584 2793 Tridentinis:
3611 2726 3846 2806 synodi
3875 2741 3988 2788 ca-

726 2846 853 2892 non
884 2829 1170 2890 attribuit
1203 2828 1397 2907 (Sess.
1427 2844 1513 2898 Vl,
1556 2826 2121 2906 Dejusti/icatione
2153 2844 2291 2889 can.
2323 2831 2424 2909 25)
2463 2847 2474 2888 :
2511 2832 2579 2891 Si
2610 2831 2748 2908 quis
2779 2832 3085 2890 hominem
3132 2828 3320 2890 semel
3343 2826 3772 2907 justiﬁcatum
3800 2822 3992 2884 diae-

726 2927 1050 3003 rit,posse
1087 2925 1148 2983 in
1189 2934 1321 2983 tota
1364 2925 1493 2984 vita
1525 2933 1920 3000 sua.peccala
1959 2925 2188 2993 omnia,
2222 2927 2404 2985 etiam
2436 2926 2708 2986 venialia
2743 2928 2969 2995 vitare,
3000 2927 3128 2987 nisi
3159 2925 3426 3004 speciali
3450 2925 3570 2985 ﬂei
3599 2918 3990 3002 privilegio,

723 3017 1240 3104 quemadmodum
1267 3019 1339 3078 de
1370 3019 1551 3080 beata
1607 3020 1856 3097 l'irgine
1885 3019 2096 3080 Maria
2127 3027 2287 3081 tenet
2323 3021 2643 3089 Ecclesia;
2672 3023 2998 3082 anathema
3030 3024 3137 3083 sit.
3172 3044 3200 3080 ιο
3237 3019 3661 3099 Theologicas
3693 3015 3994 3097 egregias

727 3117 910 3177 all'ert
946 3116 1224 3176 rationes
1261 3118 1555 3177 laudatus
1588 3114 1878 3192 Aquinas
1920 3113 2061 3175 loco
2094 3115 2312 3189 citato,
2349 3118 2454 3178 ubi
2497 3119 2877 3180 Franciscus
2908 3118 3169 3196 Sylvius
3201 3119 3269 3179 in
3301 3112 3802 3185 Commentario,
3833 3108 3981 3171 'l'ri-

727 3215 1065 3276 dentinum
1100 3229 1412 3275 canonem
1457 3211 1863 3291 expendens,
1894 3213 2352 3276 animadvertit
2388 3237 2402 3276 :
2438 3239 2465 3270 α
2511 3217 2684 3277 Licet
2719 3233 3024 3292 expresse
3061 3231 3187 3276 non
3221 3213 3508 3284 deﬁniat,
3537 3208 3894 3274 Ecclesiam
3924 3204 3996 3268 id

730 3319 947 3372 tenere
983 3321 1287 3389 tanquam
1322 3311 1551 3390 dogma
1582 3309 1755 3383 ﬁdei,
1801 3326 1873 3371 ac
1909 3311 2183 3388 proinde
2222 3329 2339 3375 nec
2369 3315 2761 3374 sententiam
2793 3312 3183 3374 contrariam
3215 3310 3476 3372 damnet
3507 3316 3576 3372 ut
3602 3305 3992 3378 bmreticam,

731 3413 800 3466 ut
836 3405 1178 3469 minimum
1221 3415 1430 3468 tamen
1463 3415 1764 3486 tanquam
1793 3407 2199 3467 temerariam
2230 3409 2644 3487 rejiciendam
2682 3425 2850 3472 esse.
2894 3432 2924 3466 ι

2263 3574 2455 3634 XXII.

733 3731 819 3790 De
854 3727 1150 3787 electione
1182 3725 1422 3805 divina,
1455 3743 1528 3786 ac
1559 3725 2141 3805 prcedestinatione,
2181 3735 2239 3786 et
2271 3727 2496 3805 gratias
2531 3724 2901 3784 necessitate
2930 3722 3233 3805 perplexe
3265 3731 3325 3782 et
3341 3720 3650 3805 _ambig_ue
3693 3722 3985 3805 disserit.

812 3803 1351 3884 0Ecolampadius
1380 3814 1435 3865 et
1466 3800 1789 3867 Simonius
1819 3805 2052 3884 notati.
2083 3800 2324 3884 Regula
2350 3801 2585 3882 prima,
2615 3801 3056 3884 quamstatuit
3083 3800 3307 3884 Sixtus
3324 3801 3638 3884 Senensis,
3669 3804 4001 3884 Theophy-

811 3886 968 3946 lacti
1011 3878 1198 3944 dictis
1252 3885 1642 3962 applicatur.
1702 3884 1897 3962 Hanc
1930 3878 2215 3962 illustrat
2256 3878 2585 3962 Petavius.
2624 3878 2925 3962 Ejusdem
2966 3881 3258 3962 Senensis
3307 3880 3541 3962 regula
3569 3878 3860 3962 secunda:
3911 3878 4001 3942 De

812 3963 1207 4044 pratscientia
1243 3955 1491 4044 divina,
1518 3979 1701 4040 quam
1730 3959 2076 4044 admittunt
2101 3960 2310 4044 (ἴῃ-ωςί
2340 3955 3080 4044 Patres_script_oresque,
3121 3955 3694 4020 animadversiones
3722 3961 3996 4022 Petavii.

814 4037 984 4104 Cura
1008 4042 1333 4119 pracipua
1365 4037 1724 4118 ipsis—erat,
1751 4037 2016 4099 liberum
2045 4039 2385 4099 arbitrium
2415 4038 2583 4098 tueri
2617 4057 2636 4096 :
2665 4038 2841 4098 notio
2875 4038 3030 4114 ejus.

817 4183 917 4243 86.
952 4177 1256 4240 Ecclesiae
1282 4180 1514 4241 Graaraa
1543 4177 1832 4239 Patribus
1853 4174 2059 4239 ferme
2095 4181 2488 4250 communia,
2522 4180 2600 4240 ab
2625 4180 2766 4255 ipso
2795 4179 2986 4241 etiam
3016 4179 3497 4259 TheOphylarto
3529 4182 3767 4258 passim
3808 4200 4002 4244 usur-

737 4288 904 4357 pata,
940 4278 1016 4337 ad
1050 4289 1324 4341 examen
1360 4274 1642 4336 vocanda
1682 4284 1860 4347 sunt,
1898 4275 2066 4336 d‘cta
2100 4291 2226 4336 non
2267 4293 2466 4354 pauca
2499 4274 2572 4334 de
2601 4275 2896 4336 electione
2929 4274 3181 4344 divina,
3215 4291 3288 4336 ac
3319 4276 3903 4355 pradestinatione,
3942 4285 4006 4340 et

733 4375 957 4452 gratia!
991 4369 1385 4442 necessitate,
1425 4368 1646 4430 minus
1683 4370 1913 4448 utique
1965 4379 2255 4432 accurata
2285 4372 2493 4448 primo
2531 4379 2818 4446 aspectu,
2854 4371 3159 4449 perplexa
3199 4381 3259 4432 et
3299 4373 3625 4451 ambigua.
3670 4376 3766 4437 Ad
3819 4383 4012 4454 caput

735 4490 774 4530 ι
797 4480 876 4530 tu
920 4465 1223 4541 Matthaii,
1258 4483 1320 4527 ν.
1358 4464 1431 4526 iis
1464 4487 1478 4525 :
1523 4466 1718 4528 Multi
1760 4477 1907 4528 sunt
1933 4469 2173 4541 vocati,
2206 4471 2398 4546 pauci
2428 4486 2572 4527 vero
2608 4466 2806 4542 electi,
2841 4471 2933 4529 sic
2965 4468 3052 4532 ait
3082 4467 3399 4545 Bulgariaa
3428 4470 3953 4548 archiepisCOpus
3988 4493 4009 4534 :

737 4565 939 4626 Pauci
974 4565 1136 4624 enim
1187 4561 1294 4640 qui
1346 4559 1701 4635 salvantur,
1741 4572 1801 4623 et
1851 4565 1960 4644 qui
1991 4563 2172 4643 digni
2214 4573 2287 4625 ut
2327 4563 2645 4642 eligantur
2678 4583 2716 4623 a
2747 4565 2880 4624 Deo
2911 4584 2931 4623 :
2961 4565 3054 4625 ita
3096 4572 3169 4623 ut
3199 4563 3325 4625 .Dei
3352 4563 3602 4642 quidem
3627 4565 3726 4626 .sit
3751 4583 4010 4641 vocare,

740 4665 964 4720 e’ectos
994 4669 1198 4718 autem
1243 4658 1406 4736 ﬁeri,
1437 4657 1536 4718 vel
1582 4675 1737 4732 non,
1793 4669 2083 4721 nostrum
2116 4662 2228 4732 sit,
2263 4669 2323 4721 τὸ
2353 4669 2409 4721 δὲ

2353 4669 2409 4721 δὲ
2436 4667 2726 4729 ἐκλεκτοὺς
2753 4666 3009 4734 γενέσθαι
3047 4667 3080 4736 ἢ
3107 4668 3205 4736 μὴ,
3232 4667 3503 4738 ἡμέτερόν
3530 4669 3671 4722 ἐστι.
3699 4661 3801 4722 .Ad
3843 4660 4013 4724 illud

739 4755 914 4818 Pauli
965 4753 1241 4831 apostoli
1282 4756 1347 4813 in
1384 4753 1668 4831 Epistola
1709 4756 1786 4814 ad
1834 4757 2160 4816 Romanos
2193 4757 2398 4832 capite
2430 4769 2539 4811 νηι
2575 4774 2587 4812 :
2617 4753 2785 4826 Quos
2827 4755 3169 4831 praecinit,
3218 4765 3276 4813 et
3317 4753 3829 4832 prwdestinavil,
3880 4757 4017 4819 btet;

740 4853 883 4931 ejus
913 4849 1234 4910 sententia
1294 4857 1437 4910 est:
1477 4849 1968 4928 Pracognoscit,
2015 4851 2386 4929 velprwscit
2425 4849 2587 4909 Deus
2637 4867 2740 4906 eos
2787 4850 2895 4926 qui
2916 4850 3245 4909 vocatione
3305 4849 3485 4928 digni
3529 4862 3736 4915 sunt:
3781 4853 4016 4915 deinde

738 4951 829 5010 sic
852 4945 1290 5026 pra-destinat.
1333 4944 1530 5006 Prior
1560 4940 1770 5024 itaque
1797 4955 1884 5005 est
1907 4947 2329 5024 prwscientia,
2354 4957 2579 5024 postea
2613 4947 2899 5026 sequitur
2924 4949 3436 5026 praedestinatio.
3481 4949 3969 5014 Priedestinatio
3989 4984 4014 5001 ο

736 5064 873 5107 nem
918 5053 1122 5103 autem
1161 5041 1475 5120 intelliges
1523 5042 2089 5120 impermutabilem
2119 5044 2236 5104 Dei
2272 5042 2493 5103 bonam
2520 5040 2929 5103 voluntatem.
2970 5044 3292 5106 Promovit
3323 5048 3558 5125 itaque,
3609 5046 3881 5109 Paulum
3910 5068 4023 5111 vo-

739 5143 982 5203 catione
1015 5138 1341 5214 Evangelii
1373 5137 1628 5213 dignum
1663 5155 1790 5196 esse
1819 5158 1836 5197 :
1867 5139 2076 5215 sicque
2088 5138 2455 5217 prceﬁnivit,
2479 5159 2587 5199 seu
2602 5138 3108 5219 praedestinavit,
3134 5143 3250 5204 hoc
3280 5153 3393 5216 est,
3421 5144 4022 5221 impermutabiliter

741 5236 1052 5301 decrevit;
1086 5234 1355 5312 adeoque
1387 5235 1851 5294 statuitvocare
1890 5233 2118 5310 ipsum.
2153 5237 2328 5296 Paria
2362 5243 2514 5296 sunt
2551 5235 2617 5298 in
2649 5238 2789 5315 ejus
2821 5239 3317 5300 Commentariis
3355 5239 3564 5316 plura.
3598 5240 4019 5305 Innotescere

747 5333 998 5393 videtur
1041 5334 1122 5408 1.)
1173 5328 1397 5389 liberis
1439 5328 1804 5390 actionibus
1841 5329 2306 5406 prinscientiam
2345 5333 2544 5394 tribui
2580 5356 2594 5394 ε
2631 5334 3268 5412 praadestinationem
3307 5335 3392 5397 iis
3430 5352 3578 5416 quae
3633 5336 3837 5399 libero
3885 5356 4020 5401 non

744 5425 1018 5488 subsunt
1046 5426 1352 5498 arbitrio;
1385 5426 1471 5502 2.)
1499 5423 1664 5500 Eligi
1692 5441 1725 5485 a
1761 5427 1914 5496 Deo,
1951 5426 2061 5502 qui
2090 5426 2219 5504 jam
2251 5429 2426 5509 digni
2462 5444 2615 5492 sunt
2647 5449 2718 5493 ac
2752 5432 2993 5505 devoti,
3020 5441 3126 5494 aut
3173 5443 3667 5511 prtnnoscuntur
3699 5434 3890 5507 tales;
3928 5435 4021 5516 3.)

742 5523 916 5584 Fieri
947 5525 1202 5600 dignos,
1240 5522 1533 5600 adeoque
1573 5529 1634 5581 et
1671 5521 1934 5594 θΙρί-ιοε,
1975 5531 2262 5584 nostrum
2297 5544 2442 5589 esse
2483 5550 2497 5588 :
2535 5529 2655 5590 hoc
2691 5537 2809 5599 est,
2852 5529 3037 5590 liberi
3068 5530 3317 5591 arbitrii
3363 5547 3554 5609 Opus,
3606 5547 3736 5591 non
3775 5533 4021 5610 gratias.

824 5617 920 5679 87.
957 5620 1236 5678 Joannes
1287 5615 1839 5695 Olicolampadius
1893 5616 1958 5678 in
1997 5620 2169 5679 calce
2211 5622 2700 5686 Enarrat;onutn
2759 5626 2966 5704 ipsius
3010 5627 3478 5707 Th’eophylacli
3526 5629 3593 5690 in
3643 5628 4029 5706 Evangelia,

748 5713 841 5776 sic
865 5715 1313 5777 animadvertit
1351 5732 1363 5773 :
1402 5736 1430 5769 α
1464 5713 1786 5786 Quoniam
1821 5714 2083 5775 electum
2124 5717 2263 5796 ﬁeri
2297 5721 2567 5800 intelligi
2624 5731 2834 5801 potest
2877 5737 2994 5802 pro
3039 5721 3176 5798 ipsa
3207 5722 3445 5784 divinae
3490 5721 3830 5787 electionis
3862 5742 4039 5806 pra)-

747 5809 1289 5874 destination'sve
1341 5809 1730 5889 impletione,
1766 5828 1913 5890 quin
1961 5830 2375 5894 nequaquam
2428 5818 2492 5880 lit
2529 5821 2696 5880 citra
2731 5819 3001 5881 hominis
3039 5822 3574 5898 cooperationem,
3617 5820 3804 5900 juxta
3853 5820 4035 5889 illud
