4262 6432
218 431 326 499 105
1077 415 1177 478 DE
1207 403 1796 476 THEOPIIYLACTI
1836 355 2114 465 casrts
2149 399 2247 460 ET
2288 393 2659 458 SCRIPTIS.
3433 365 3571 437 toe'

215 488 358 600 divi
394 532 559 597 Petri
590 553 605 593 :
635 528 946 610 Satagite,
985 534 1058 588 ut
1107 541 1227 605 per
1256 523 1423 591 bona
1453 535 1652 599 opera
1683 521 1918 575 certam
1961 518 2241 574 vestram
2283 506 2679 568 vocationem
2729 507 2785 560 et
2829 495 3200 558 electionem
3236 488 3529 610 faciatis,

222 637 572 713 eapropter
597 626 766 690 illud
792 584 884 688 ’ab
912 584 1175 686 ductoie
1207 584 1553 685 assertum,
1591 611 1818 674 electos
1858 610 2002 691 fieri
2031 607 2131 670 vel
2163 624 2344 713 nam-
2363 607 2808 713 nostrum-est,
2845 610 3000 657 eum
3051 597 3262 696 potest
3310 584 3539 713 stt‘bit'c

215 682 512 792 sensum.
553 749 582 782 ι
618 721 1014 786 Catholicum
1063 733 1331 780 sensum
1378 682 1871 792 amplectimur;
1920 709 2006 769 At
2057 706 2127 767 in
2176 701 2558 766 Praefationo
2607 683 2686 786 ad
2735 697 3074 757 Lectorem
3131 686 3228 748 sic
3273 682 3535 792 aiebat:

219 779 1734 904 :vaiygoslto'mumsequiturTlteOphvlactus.
1781 803 1862 865 de
1907 805 2110 867 libero
2162 799 2432 865 arbitrio
2482 814 2556 858 ac
2599 782 2749 867 ﬁde,
2800 798 2865 853 et
2901 785 3300 904 quibusdam
3331 779 3482 844 aliis
3520 800 3537 840 :

221 884 589 1001 et—pro’inde
617 919 685 979 in
719 884 1118 997 quibusdam
1152 884 1666 986 interpretandis
1701 900 2058 964 violentior
2087 900 2214 978 [LI]
2241 906 2364 959 est.
2395 893 2587 970 Quod
2629 888 2939 961 dixerim,
2977 896 3044 946 ut
3080 885 3147 944 in
3189 884 3310 942 hoc
3349 888 3540 1001 trum

220 974 536 1084 sdbibeas
561 974 920 1097 judidium,
946 1010 1065 1091 qui
1101 1017 1160 1071 te
1185 974 1348 1094 solis
1380 1002 1717 1066 canonicis
1747 974 2110 1078 Scripturis
2142 974 2474 1059 addictum
2511 989 2709 1054 nosti.
2754 1011 2784 1046 ι
2821 985 3002 1047 Solos
3052 981 3326 1044 advocat
3359 974 3537 1040 Scri-

220 1129 450 1202 pturas
479 1083 850 1186 canonicas,
905 1083 1344 1172 traditionem
1369 1101 1622 1184 scilicet
1655 1101 1914 1164 Patrum
1944 1094 2286 1175 rejiciens,
2321 1091 2734 1153 heterodoxo
2768 1083 3067 1146 imbutus
3099 1093 3358 1147 errore;
3409 1088 3541 1154 quo

1370 1199 1464 1202 -.κ
1739 1194 1749 1202 .
1832 1193 1873 1202 ι.
1924 1194 1935 1202 .
2028 1188 2038 1202 Δ
2461 1187 2499 1202 υ·
2578 1185 2723 1202 τοι-.
2773 1182 2878 1202 ,2..-
2924 1175 3163 1202 .l:--:_:-
3212 1173 3538 1202 ..-ζ-...ιηης

220 1173 422 1281 letiam
456 1217 1012 1295 prmoccupatum,
1052 1181 1416 1266 universali
1441 1201 1703 1261 Patrum
1728 1193 1985 1275 judicio
2019 1173 2092 1254 in
2123 1187 2541 1270 exponendis
2578 1182 2882 1274 Eloquiis
2916 1175 3165 1241 divinis
3212 1173 3540 1255 privatum

223 1269 536 1394 prmierlre
575 1269 900 1390 cujusque
926 1302 1256 1384 judicium
1296 1315 1532 1362 ausum
1571 1311 1741 1364 esse,
1792 1291 2130 1354 adnotavit
2159 1285 2526 1350 Richardus
2566 1270 2909 1345 Simonius
2961 1279 3031 1339 in
3069 1272 3370 1337 Historia
3407 1269 3542 1332 cri-

221 1389 355 1475 tica
388 1414 455 1472 in
489 1407 570 1474 Ν.
605 1389 703 1482 T.,
739 1413 916 1467 tomo
948 1402 1058 1473 IV,
1097 1398 1306 1478 capite
1332 1397 1437 1471 28,
1471 1411 1618 1476 pag.
1654 1392 1797 1454 395.
1863 1405 1865 1407 ‘

1556 1392 1865 1472 3.395.‘
2047 1405 2050 1410 '
2368 1479 2479 1482 *γ
2858 1475 2994 1482 __
3126 1389 3235 1482 n‘

303 1509 425 1570 Sed
468 1508 605 1587 ipse
641 1473 976 1564 Simonius
1009 1473 1866 1575 The‘ophylactidoctrinam
1893 1485 1966 1546 de
2000 1484 2298 1546 electione
2345 1479 2567 1542 divina
2594 1496 2668 1540 ac
2693 1473 3257 1558 praedestinatione
3307 1478 3362 1530 et
3394 1479 3546 1548 gra-

238 1568 336 1668 tia
371 1620 444 1666 ea
489 1568 735 1664 ratione
771 1596 1084 1658 vindicat:
1137 1568 1314 1673 quod
1353 1596 1651 1652 veterem.
1694 1584 1998 1647 Ecclesia)
2039 1585 2275 1646 Graiae
2317 1581 2512 1642 fidem
2556 1575 2879 1657 Bulgarus
2936 1573 3194 1644 afferat,
3239 1568 3547 1631 dissitam

224 1704 495 1786 quidem
531 1700 611 1763 ab
671 1693 1018 1775 Augustini
1065 1669 1502 1757 documentis,
1560 1694 1624 1749 et
1677 1682 2042 1762 Pelagianis
2082 1683 2275 1742 etiam
2306 1679 2644 1740 adversam
2705 1672 3042 1736 erroribus
3088 1687 3103 1725 :
3150 1669 3544 1744 doceatque,

223 1764 600 1881 generalem
645 1764 1003 1855 voca‘iionis
1036 1787 1306 1867 gratiam
1343 1783 1623 1848 conferri
1659 1799 1693 1844 a
1725 1783 1887 1854 Deo,
1921 1794 2048 1860 qua
2086 1778 2258 1840 bona
2292 1775 2507 1837 omnis
2537 1772 2604 1834 in
2635 1770 3019 1832 hominibus
3054 1764 3435 1844 dispositio,
3476 1777 3551 1823 ac

226 1867 538 1963 voluntas
572 1889 871 1956 salutaris
906 1886 1306 1967 praevenitur
1355 1903 1370 1942 :
1419 1891 1481 1945 et
1511 1881 1674 1944 hanc
1711 1878 1869 1942 satis
1904 1893 2072 1948 esse,
2101 1890 2232 1953 qua
2264 1871 2544 1932 liberum
2582 1867 2927 1932 arbitrium
2964 1870 3392 1945 praeventum,
3432 1875 3548 1920 vo-

227 1996 402 2062 canti
440 1963 1032 2069 Deo,c00peret—ur.
1059 1984 1429 2046 Simonium
1474 1981 1564 2042 ita
1609 1981 1866 2041 Graacos
1907 1981 2200 2037 vetustos
2261 1971 2480 2032 Patres
2504 1965 3030 2030 committentem
3075 1978 3273 2023 .rum.
3313 1963 3547 2038 Augu-

235 2099 438 2166 stino,
465 2059 902 2168 «Augustini
934 2080 1293 2145 doctrinam
1316 2077 1520 2141 veluti
1548 2091 1785 2138 novam
1812 2073 2284 2144 traducentem,
2316 2069 2446 2149 jam
2497 2066 2608 2128 alii
2639 2065 3042 2144 castigarunt
3093 2059 3548 2136 theologorum

228 2187 622 2256 doctissimi.
3268 2223 3273 2230 τ

308 2291 412 2353 88.
447 2283 828 2349 Ludovicus
865 2275 1342 2344 Thomassinus
1377 2271 1830 2342 consulendus
1863 2275 1988 2346 est,
2022 2266 2138 2348 qui
2189 2263 2358 2328 libro
2411 2281 2484 2324 ix
2510 2262 2602 2324 De
2662 2260 2794 2322 Deo
2841 2260 3081 2338 Deique
3123 2255 3550 2338 proprietati-

231 2387 372 2460 bus,
409 2381 730 2446 latissime
767 2390 830 2441 et
859 2375 1126 2458 egregie
1156 2373 1427 2436 disserit
1459 2371 1532 2434 de
1555 2369 1919 2434 necessaria
1966 2367 2340 2431 Gracorum
2385 2362 2890 2446 Latinorumque
2941 2359 3236 2430 Patrum,
3267 2356 3379 2438 qui
3417 2355 3554 2416 Au-

228 2454 561 2566 gustinum
586 2454 1077 2558 praeesserunt,
1104 2470 1451 2535 concordia
1482 2489 1623 2532 cum
1655 2467 1868 2530 eodem
1893 2465 2255 2546 Augustino
2290 2465 2547 2545 ejusque
2611 2457 3040 2521 sectatoribus
3071 2459 3141 2519 in
3174 2454 3553 2534 theologicis

230 2551 307 2642 de
337 2551 905 2661 prwdestinatione
935 2581 993 2633 et
1014 2571 1228 2651 gratia
1258 2565 1854 2648 disceptationibus.
1886 2564 2058 2626 Hinc
2090 2560 2642 2643 prudentissimas
2673 2575 2744 2620 ac
2789 2573 2944 2619 sane
2991 2562 3323 2617 accuratas
3371 2551 3552 2613 Tho-

239 2648 577 2739 massinus
627 2671 794 2751 ipse,
845 2677 905 2730 et
943 2648 1131 2730 antea
1173 2666 1537 2748 Dionysius
1583 2656 1889 2725 Petavius
1954 2661 2122 2723 libro
2163 2678 2234 2722 ιχ
2262 2660 2356 2720 De
2403 2655 3000 2740 pradestinatione,
3048 2668 3237 2731 capp.
3282 2651 3344 2724 3,
3387 2648 3448 2722 Is,
3490 2651 3554 2719 5,

235 2747 781 2855 prmscripserunt
814 2768 1099 2845 regulas,
1131 2766 1210 2827 ad
1243 2747 1498 2826 veter’os
1527 2763 1805 2825 maxime
1836 2761 2094 2822 Grmcos
2126 2758 2327 2819 hocce
2363 2756 2428 2818 in
2457 2761 2845 2835 argumento
2873 2753 2995 2812 rite
3024 2747 3556 2826 interpretandos

233 2836 532 2952 apprime
586 2866 807 2929 utiles.
851 2836 970 2925 llis
1031 2836 1308 2926 anteivit
1373 2860 1599 2924 Sixtus
1658 2857 1972 2923 Senensis
2026 2857 2094 2918 in
2154 2850 2557 2918 Bibliotheca
2607 2858 2855 2923 sancta,
2913 2847 3082 2910 libro
3140 2865 3232 2921 vr,
3289 2836 3559 2908 adnota-

236 2943 418 3030 tione
444 2966 590 3035 251,
623 2963 740 3042 qui
774 2960 898 3023 sibi
932 2960 1166 3023 ducem
1192 2960 1258 3022 in
1283 2958 1410 3021 hac
1439 2959 1540 3020 via
1579 2957 1869 3019 ineunda
1894 2955 2533 3018 sanctum-Thomam
2575 2948 2971 3030 Aquinatem
3018 2943 3385 3026 prOposuit.
3423 2945 3563 3006 'Do-

234 3067 688 3132 ctissimorum
721 3059 1005 3122 virorum
1030 3065 1092 3121 et
1115 3073 1234 3138 ego
1265 3055 1542 3137 vestigia
1577 3056 1915 3134 insequor.

321 3161 488 3226 Sixti
516 3158 829 3223 Senensis
868 3157 1062 3220 verba
1094 3161 1249 3218 sunt
1283 3158 1304 3216 :'
1324 3155 1406 3217 In
1449 3151 1753 3234 operibus
1779 3153 2208 3225 electorum,.a
2238 3147 2460 3210 divina
2485 3143 3061 3228 prwdestinatione
3084 3142 3408 3223 pravisis,
3438 3139 3560 3202 du-

236 3259 474 3342 plicem
509 3274 710 3318 causa:
753 3255 1069 3316 rationem
1112 3252 1403 3332 spectari
1429 3269 1639 3332 posse,
1688 3249 2087 3311 meritoriam
2118 3247 2364 3308 scilicet
2407 3255 2464 3306 et
2512 3244 2789 3323 ﬁnalem.
2835 3242 3005 3304 Hinc
3046 3239 3274 3320 regula
3330 3239 3563 3318 prima.

244 3382 276 3416 ει
313 3359 379 3420 Si
423 3373 683 3417 causam
725 3352 1124 3414 meritoriam
1173 3350 1689 3429 inspexerimus,
1733 3363 1930 3410 nosse
1976 3352 2258 3424 oportet,
2301 3343 2598 3405 ordinem
2645 3341 2891 3403 divinas
2933 3338 3363 3419 providentiae
3414 3355 3568 3418 erga

244 3457 494 3518 electos
515 3451 765 3533 gemina
800 3447 1117 3528 graduum
1136 3448 1447 3509 varietate
1478 3445 1835 3521 distingui:
1864 3458 2148 3533 quorum
2184 3441 2292 3503 alii
2321 3432 2702 3521 praecedunt
2719 3437 3143 3517 gratificantis
3166 3435 3393 3514 gratim
3423 3453 3574 3497 sus-

245 3571 318 3616 ce
330 3531 648 3631 ptionem,
682 3564 804 3609 ceu
830 3545 1110 3620 dilectio,
1135 3542 1381 3617 electio,
1415 3542 1835 3622 consoriptio,
1855 3531 2361 3621 prwdestinatio,
2384 3537 2659 3607 vacatio,
2677 3534 3176 3617 justiﬁcalionis
3201 3534 3572 3601 inchoatio:

244 3651 362 3714 alii
405 3664 558 3709 vero
590 3644 1010 3727 gratiﬁcantis
1038 3643 1260 3724 gratim
1278 3641 1768 3720 susceptionem
1794 3643 2169 3719 sequuntur,
2206 3634 2436 3716 quales
2467 3640 2623 3695 sunt
2651 3633 2880 3714 gratia:
2910 3631 3149 3706 auctio,
3170 3632 3456 3715 justitice
3479 3633 3576 3694 in.

245 3754 656 3817 crementum,
683 3759 739 3805 et
776 3755 1020 3803 (eterna
1045 3739 1380 3820 felicitatis
1418 3738 1698 3816 adeptio.
1738 3737 1804 3798 Si
1837 3734 2036 3814 igitur
2054 3743 2408 3814 quaaratur,
2452 3732 2556 3792 An
2578 3747 2843 3811 operum
2867 3740 3242 3792 nostrorum
3269 3733 3572 3812 prwvtsio

247 3847 337 3906 sit
370 3861 565 3906 causa
605 3839 947 3902 meritoria
995 3835 1502 3918 peredenlium
1537 3835 1878 3914 graduum,
1907 3833 2284 3912 negandum
2334 3838 2435 3894 est
2475 3846 2772 3911 prorsus,
2823 3847 2906 3893 ne
2959 3830 3308 3894 videamur
3334 3833 3591 3907 ,connis

246 3961 401 4006 vere
444 3937 812 4020 Pelagianis
846 3935 1251 4008 dicentibus,
1309 3935 1509 3994 Deum
1544 3934 1775 3993 merita
1805 3939 2030 3992 nostra
2064 3931 2129 3991 in
2164 3947 2281 3989 sua
2305 3928 2713 4007 prwscientiu
2759 3927 3044 4007 elegisse.
3074 3928 3151 3989 Et
3177 3928 3368 4009 juxta
3410 3929 3576 3994 hanc

251 4037 648 4102 sententiam
700 4030 1173 4112 interpretandi
1219 4039 1375 4093 sunt
1411 4045 1643 4092 omnes
1676 4029 1917 4102 Patres,
1951 4027 2066 4108 qui
2102 4036 2412 4112 aeternam
2447 4026 2567 4089 Dei
2602 4025 3003 4089 electionem
3038 4045 3111 4090 ac
3138 4029 3576 4107 prmdestina-

253 4137 506 4199 tionem
563 4151 641 4194 ea:
663 4131 803 4192 sola
843 4130 960 4192 Dei
994 4128 1236 4208 gratia,
1270 4127 1472 4220 nullis
1507 4126 1804 4216 praevisis
1835 4126 2111 4200 meritis,
2141 4123 2492 4188 deﬁniunt.
2519 4123 2584 4187 Si
2620 4141 2777 4188 vero
2811 4125 3177 4207 interroget
3212 4126 3574 4208 quispiam,

261 4235 488 4298 Utrum
536 4237 864 4310 sequentes
912 4226 1123 4288 divini
1164 4223 1416 4286 ordinis
1454 4223 1696 4304 gradus
1742 4224 1814 4284 in
1857 4220 2078 4283 divina
2115 4222 2506 4302 praecisione
2537 4225 2796 4284 causam
2831 4221 3110 4285 habeant
3152 4223 3576 4294 meritoriam,

261 4329 488 4410 procul
532 4327 735 4390 dubio
769 4323 1308 4404 respondendum
1355 4331 1476 4396 est,
1513 4323 1721 4384 Deum
1753 4321 1832 4383 ab
1857 4315 2105 4383 interno
2137 4320 2515 4383 decrevisse
2544 4320 2849 4384 daturum
2885 4337 2956 4384 se
3007 4321 3415 4385 incrementa
3444 4306 3583 4386 am-

265 4428 496 4506 pltoris
546 4427 770 4505 gratiae
819 4423 915 4484 bis
949 4415 1066 4503 qui
1102 4421 1269 4482 bene
1318 4418 1505 4482 usuri
1559 4417 2042 4499 essentprimo
2072 4416 2510 4498 ~justiﬁcan’tis
2553 4417 2779 4498 gratim
2816 4416 3037 4480 dono:
3081 4434 3156 4481 ac
3219 4420 3462 4483 deinde
3497 4422 3583 4485 ob

262 4525 490 4587 merita
525 4523 696 4585 bene
728 4515 1300 4600 servatmjustitiaa
1332 4518 1857 4580 redditurumse
1897 4517 1996 4579 eis
2047 4520 2379 4594 perpetuas
2413 4513 2841 4578 beatitudinis
2877 4531 3218 4578 coronam.
3255 4520 3471 4598 Atque
3504 4521 3585 4581 ad

260 4621 441 4685 hunc
483 4637 757 4684 sensum
793 4617 1203 4690 conabimur,
1235 4616 1449 4696 quoad
1488 4615 1626 4678 fieri
1669 4615 1931 4694 poterit,
1973 4613 2466 4678 accommodare
2505 4612 2765 4695 aliquas
2805 4629 2886 4676 ex
2931 4615 3289 4693 prmmissis
3320 4617 3587 4679 Patrum

262 4719 645 4793 sententiis,
678 4733 826 4798 quae
863 4713 1240 4795 praevisioni
1277 4714 1659 4776 meritorum
1690 4712 2019 4776 ascribere
2055 4713 2362 4775 videntur
2394 4712 2786 4776 electionem
2820 4721 2882 4775 et
2909 4712 3584 4795 prmdestinationem,
3652 4745 3654 4747 >

267 4819 392 4884 hoc
441 4828 542 4883 est
585 4814 1186 4899 pradestinationis
1219 4823 1278 4875 et
1314 4814 1642 4876 electionis
1695 4810 2240 4893 complementum,
2289 4810 2429 4872 sive
2455 4821 2785 4891 sequentes
2836 4820 2894 4873 et
2921 4812 3317 4892 posteriores
3347 4812 3590 4891 gradus

262 4913 473 4976 divini
505 4911 779 4974 ordinis.
817 4911 1004 4984 Quod
1043 4908 1376 4970 interdum
1411 4910 1656 4982 Patres,
1703 4914 1910 4983 totum
1943 4925 1978 4971 a
2020 4917 2201 4989 parte
2245 4907 2783 4984 de'nominantes,
2827 4908 3224 4973 electionem
3277 4911 3376 4971 vel
3429 4930 3596 4993 pra:-

265 5012 776 5074 destinationem
808 5005 1165 5087 appellant.
1186 5019 1242 5062 ἰν
1747 5083 1751 5087 ἓ
2661 5007 2663 5014 ·

351 5105 444 5169 Ad
481 5108 660 5170 hunc
703 5104 990 5169 revocari
1027 5103 1428 5170 catholicum
1456 5103 1728 5167 sensum
1766 5103 2081 5169 facillime
2117 5115 2396 5185 possunt
2429 5105 2910 5187 Theophylacti
2955 5109 3307 5173 sententia
3346 5108 3593 5188 plures.

268 5205 366 5267 Ad
397 5213 591 5285 caput
623 5221 764 5266 xm
802 5190 1112 5277 Mattbmi,
1149 5201 1247 5275 ιιι,
1285 5203 1373 5264 ait
1423 5223 1439 5264 :
1479 5201 1714 5264 Gratia
1747 5205 1912 5273 enim
1941 5202 2081 5266 sola
2111 5221 2322 5265 omnes
2345 5205 2558 5266 vocati
2580 5223 2821 5281 sumus,
2849 5210 2988 5267 tam
3014 5205 3170 5269 bon’i
3197 5226 3385 5290 quam
3415 5209 3591 5269 mult.

270 5305 343 5364 In
381 5305 584 5382 prima
611 5302 978 5387 vocatione,
1039 5316 1188 5380 quas
1234 5299 1442 5378 posita
1480 5309 1576 5363 est
1616 5301 1680 5363 in
1707 5309 1887 5364 motu
1935 5303 2138 5365 animi
2185 5303 2514 5377 interiori,
2558 5305 2700 5366 sive
2747 5305 2830 5365 sit
2875 5302 3284 5369 illuminatio
3332 5312 3594 5376 mentis,

275 5404 417 5465 sive
446 5401 665 5465 cordis
697 5398 1378 5476 iut]ammatio,solum
1405 5401 1759 5480 gratuitum
1786 5401 1989 5484 fulget
2020 5402 2136 5464 Dei
2173 5401 2625 5482 donum,quin
2655 5402 2789 5465 ulla
2805 5420 2885 5465 ex
2914 5410 3091 5482 parte
3107 5411 3328 5468 nostra
3351 5417 3596 5485 princp-

270 5503 378 5565 dat
404 5503 572 5565 bona
600 5500 804 5563 libera
833 5498 1136 5561 salutaris
1160 5498 1532 5578 dispositio.
1571 5500 1694 5562 Sed
1717 5509 1995 5563 attamen
2029 5502 2124 5565 sic
2155 5501 2243 5563 ait
2275 5499 2386 5564 ille
2411 5501 2490 5563 ad
2532 5510 2724 5580 caput
2757 5520 2875 5564 vm
2907 5502 2986 5566 ad
3018 5504 3386 5567 Romanos:
3429 5504 3598 5579 Pro:-

273 5603 394 5664 scit
444 5602 616 5662 Deus
648 5617 751 5697 eos
787 5599 896 5679 qui
924 5598 1255 5697 vocatione
1300 5597 1482 5697 digni
1517 5609 1690 5660 sunt.
1727 5598 1891 5663 Alite
1913 5609 2073 5662 sunt
2106 5599 2419 5662 nimirum
2466 5599 2841 5662 vocationes
2871 5601 2951 5662 ad
3006 5600 3324 5682 ampliora
3376 5601 3597 5665 chari-

274 5707 520 5761 smata:
563 5712 628 5759 et
667 5694 797 5759 hinc
835 5713 870 5759 a
899 5697 1033 5757 Deo
1066 5694 1647 5773 iis-conferuntur,
1678 5714 1847 5778 quos
1883 5699 2057 5762 bono
2090 5697 2603 5779 priorisgratiaa
2643 5715 2770 5760 usu
2808 5698 3091 5778 .dignos,
3145 5707 3208 5761 et
3263 5708 3473 5778 aptos,
3525 5718 3599 5765 ac

277 5796 635 5876 dispositos
663 5793 1027 5872 prmnoscit.
2147 5783 2244 5829 κί’

359 5893 554 5958 Hunc
587 5893 869 5956 reddunt
901 5908 1201 5967 sensum,
1237 5910 1388 5973 quae
1421 5893 1700 5977 legimus
1727 5895 1918 5960 verba
1948 5897 2279 5988 adi/caput,
2303 5915 2364 5957 γι
2395 5894 2666 5959 Joannis
2700 5913 2757 5958 v.
2792 5894 2904 5959 37:
2941 5894 3350 5960 «Ostendens
3377 5901 3599 5959 autem
3647 5917 3653 5923 ·

609 6001 884 6061 Ρηιοῐ..
935 6000 1054 6062 Gtt.
1097 5998 1372 6062 CXXIII.

3222 6011 3258 6067 4
