4262 6432
747 414 847 481 m
1595 409 1822 472 BERN.
1868 407 2136 471 MARLE
2172 406 2271 468 DE
2305 405 2595 468 RUBEIS
2636 406 3146 469 DISSERTATIO
3907 405 4017 472 tae

743 529 919 589 Deus
950 521 1123 603 quod
1146 521 1301 601 ﬁdes
1328 537 1462 602 quae
1482 520 1551 583 in
1579 517 1926 591 Christum,
1954 533 2081 579 non
2120 514 2399 595 vulgaris
2429 514 2747 594 qumpiam
2781 533 2887 579 res
2917 515 3027 591 sit,
3072 514 3186 578 sed
3239 514 3469 577 donum
3499 514 3640 589 Dei,
3682 512 3903 591 dignis
3945 521 4015 578 ct

741 621 936 685 rectis
960 618 1158 684 corde
1196 634 1232 681 a
1274 619 1457 680 Patre
1484 615 1732 689 datum,
1758 615 1918 676 dicit
1956 613 2131 693 quod
2168 630 2345 687 omne
2393 611 2560 690 quod
2602 612 2712 674 dat
2735 613 2893 674 mihi
2922 612 3139 685 Pater,
3172 610 3253 672 ad
3299 628 3391 672 me
3430 611 3659 684 veniet,
3725 607 3850 674 hoc
3882 616 4012 687 est,

738 718 837 778 illi
863 716 1131 779 credent
1167 713 1235 776 in
1267 729 1394 787 me,
1418 726 1585 791 quos
1620 709 1728 772 dat
1760 710 1921 771 mihi
1946 711 2150 777 Pater.
2185 708 2315 768 Vos
2349 708 2509 785 [LII]
2541 716 2781 787 autem,
2817 708 3045 780 Judmi,
3077 724 3225 771 cum
3261 707 3513 788 indigni
3546 706 3718 782 sitis,
3742 720 3875 777 non
3896 705 4011 770 αι.

735 813 901 875 mini
946 810 1106 874 mihi
1140 826 1175 872 a
1203 814 1422 871 Patre:
1453 813 1795 887 propterea
1829 823 2043 885 neque
2081 803 2320 867 venitis
2356 805 2435 866 ad
2463 822 2590 879 me,
2618 822 2831 885 neque
2855 804 3108 867 habetis
3140 813 3387 866 rectum
3418 820 3562 879 cor,
3597 812 3668 866 ut
3700 820 3816 867 vos
3850 800 4009 875 dili—

741 926 901 989 gens
933 910 1105 969 Deus
1139 920 1199 968 et
1236 904 1637 969 Pater'ducat
1668 911 1744 967 ad
1779 918 1991 966 meam
2029 902 2241 963 ﬁdem.
2275 923 2309 957 τι
2340 902 2575 981 Agitur
2606 903 2685 965 de
2735 903 3038 979 prmclaro
3072 900 3219 981 ﬁdei
3250 901 3463 963 dono:
3512 901 3692 983 quod
3723 899 4007 965 maxime

738 1005 971 1065 donum
999 1002 1117 1064 Dei
1152 1000 1534 1080 appellatur.
1572 1002 1807 1063 Verum
1840 997 2013 1069 istud
2043 1012 2171 1058 non
2203 996 2394 1059 datur
2424 998 2555 1059 nisi
2588 996 2800 1077 dignis
2834 1007 2892 1060 et
2922 998 3113 1081 rectis
3145 997 3357 1071 corde,
3408 995 3538 1057 illis
3576 1013 3810 1075 nempe
3850 1012 4008 1078 quos

736 1101 847 1162 dat
878 1099 1093 1172 Pater,
1126 1096 1405 1178 aliisque
1440 1094 1957 1178 prmcedentibus
1993 1091 2217 1173 gratim
2245 1092 2517 1157 auxiliis
2555 1094 2783 1174 dignos
2810 1096 2967 1177 facit
2999 1104 3058 1156 et
3086 1102 3293 1156 rectos
3319 1093 3532 1167 corde,
3560 1095 3683 1157 hoc
3698 1100 3807 1155 est
3836 1091 4006 1157 bene

740 1196 1120 1274 dispositos.
1196 1196 1199 1197 ⁷

830 1298 915 1358 Ad
960 1314 1018 1356 v.
1057 1295 1138 1357 39
1164 1294 1261 1357 sic
1289 1294 1483 1356 ait”
1510 1296 1665 1356 Nam
1713 1292 1767 1354 si
1794 1294 1993 1354 .Pater
2016 1298 2144 1365 dat,
2180 1300 2249 1352 ut
2284 1306 2588 1368 magnum
2643 1292 2980 1371 quiddam,
3015 1292 3274 1371 dignam
3319 1290 3384 1352 in
3429 1288 3754 1379 Christum
3787 1288 4008 1361 fidem,

738 1393 868 1475 ipsi
901 1399 1117 1453 autem
1150 1389 1324 1452 illam
1354 1406 1482 1453 non
1517 1389 1779 1462 habent,
1838 1388 2251 1450 manifestum
2284 1395 2379 1448 est
2414 1388 2591 1467 quod
2625 1389 2799 1450 dono
2835 1388 2954 1451 Dei
3018 1386 3407 1459 exciderint.
3445 1407 3475 1442 »
3530 1387 3784 1447 Donum
3830 1383 4011 1471 scili-

736 1487 1117 1566 cetDei,|vel
1148 1485 1941 1566 receptumincredulitate
1974 1485 2372 1563 rejecerunt:
2403 1483 2495 1544 vel
2523 1483 3110 1562 quominus‘ipsum
3134 1480 4007 1563 reciperent,impeditnenta

732 1600 1130 1664 apposuere,
1181 1580 1696 1660 pamcedentibus
1733 1581 1951 1659 gratim
1981 1578 2297 1641 subsidiis
2334 1578 2695 1641 abutentes.

813 1684 892 1748 Et
920 1682 998 1744 ad
1020 1701 1076 1742 v.
1102 1683 1177 1743 loli
1194 1683 1381 1745 verba
1399 1688 1587 1744 sunt:
1614 1705 1643 1739 ι
1663 1680 1895 1744 Nullus
1905 1690 2117 1760 potest
2135 1678 2216 1739 ad
2229 1697 2319 1739 me
2342 1681 2716 1757 venire,nisi
2731 1678 2920 1740 Pater
2944 1678 3223 1742 traxerit
3244 1696 3401 1740 eum.
3424 1678 3559 1740 Hoc
3583 1685 3797 1739 autem
3816 1675 4004 1751 dicit,

733 1788 962 1844 nonut
1002 1778 1362 1842 libertatem
1398 1780 1577 1842 tollat
1600 1778 1890 1841 arbitrii:
1921 1778 2120 1851 absit;
2152 1778 2266 1839 sed
2300 1785 2370 1839 ut
2401 1794 2416 1838 ί

2321 1785 2370 1839 1t
2401 1780 2718 1851 ostendat,
2749 1786 2832 1839 ὅτι
2863 1785 3069 1853 πολλῆς
3094 1784 3271 1838 δεῖται
3323 1786 3645 1857 συνεργείας
3688 1782 3840 1852 παρὰ
3864 1784 4004 1839 Θεοῦ

734 1893 764 1945 ὁ
794 1889 1008 1960 μέλλων
1035 1888 1350 1953 πιστεύσαι,
1377 1878 1549 1959 quod
1568 1877 1769 1939 multa
1790 1877 2016 1939 habeat
2037 1892 2202 1954 opus
2226 1894 2417 1955 coope

2318 1877 2672 1955 iperationc
2699 1893 2732 1939 a
2762 1878 2892 1938 Deo
2919 1875 2982 1937 is
2998 1875 3110 1955 qui
3135 1876 3507 1945 crediturus
3532 1880 3651 1935 est.
3680 1874 3753 1933 Et
3774 1872 4001 1960 aliter:

740 1958 887 2043 lllos
930 1980 1119 2042 trahit
1161 1980 1367 2049 Pater,
1416 1974 1530 2055 qui
1572 1974 1807 2036 habent
1836 1972 2181 2034 voluntatis
2217 1974 2672 2051 aptitudinem;
2711 1990 2827 2036 eos
2869 1981 3083 2049 autem
3120 1972 3237 2052 qui
3268 1971 3524 2053 seipsos
3574 1985 3705 2033 non
3754 1958 4006 2039 faciunt

734 2079 1031 2152 idoneos,
1066 2092 1194 2139 non
1229 2073 1418 2135 trahit
1446 2074 1522 2134 ad
1563 2073 1772 2133 tidem.
1804 2094 1833 2128 ι
1866 2072 1981 2131 His
2007 2070 2240 2131 donum
2268 2069 2530 2131 sublime
2559 2070 2707 2149 ﬁdei
2735 2072 3147 2144 conceditur,
3177 2069 3292 2149 qui
3325 2088 3389 2129 se
3416 2067 3675 2134 idoneos
3722 2068 4009 2146 faciunt:

734 2178 848 2238 sed
878 2175 1009 2238 hmc
1044 2173 1273 2253 prmvia
1308 2170 1606 2250 aptitudo
1634 2187 1707 2231 ac
1740 2168 1938 2232 libera
1966 2178 2027 2231 et
2059 2168 2225 2229 bona
2258 2168 2608 2245 dispositio
2672 2169 2909 2229 adsunt
2947 2168 3030 2228 iis
3056 2167 3165 2247 qui
3200 2166 3527 2247 prioribus
3550 2166 3770 2245 gratim
3796 2165 3995 2228 donis

734 2274 898 2336 bene
921 2280 1235 2344 utuntur;
1276 2270 1446 2330 unde
1477 2264 1804 2327 creditura
1834 2262 2093 2326 multum
2138 2282 2296 2343 opus
2328 2281 2457 2325 esse
2477 2282 2517 2323 a
2541 2264 2667 2324 Deo
2698 2265 3239 2343 cooperationem,
3267 2262 3537 2343 egregie
3562 2262 3748 2327 docet
3781 2260 4004 2324 Theo-

733 2366 1093 2448 phylactus,
1136 2374 1270 2427 tum
1335 2379 1483 2444 qum
1526 2361 1713 2425 ﬁdem
1784 2362 1992 2441 ipsam
2043 2359 2439 2440 impertitur,
2480 2368 2614 2421 tum
2652 2375 2801 2440 qum
2845 2357 2952 2437 pia
3007 2355 3331 2422 desideria
3374 2357 3679 2439 inspirat,
3720 2373 3794 2421 ac
3830 2356 4004 2421 bene

731 2463 1022 2541 disponit
1058 2462 1371 2523 animum.

808 2558 1111 2623 89.11am:
1155 2559 1420 2637 primam
1459 2570 1497 2618 a
1541 2556 1724 2619 Sixto
1764 2554 2033 2616 Senensi
2069 2551 2487 2615 constitutam
2537 2550 2823 2632 regulam
2878 2549 3180 2629 pluribus
3232 2549 3519 2613 illustrat
3564 2550 3868 2613 Petavius
3912 2550 3999 2613 li-

718 2662 847 2723 bro
885 2678 955 2722 ix
986 2660 1208 2731 citato,
1256 2666 1319 2719 et
1377 2658 1505 2718 alia
1565 2652 1875 2718 nonnulla
1909 2650 2378 2731 TlieOphylacti
2417 2649 2584 2711 dicta
2629 2648 2920 2727 exponit.
2957 2648 3173 2712 All‘ero
3221 2649 3415 2712 verba
3459 2646 3593 2722 illa,
3626 2665 3773 2727 qum
3819 2650 4000 2727 capi-

728 2770 787 2820 te
817 2758 858 2818 Ιι
890 2756 1231 2833 habentur,
1262 2769 1441 2815 num.
1467 2753 1506 2814 8
1535 2768 1547 2812 :
1586 2775 1615 2813 α
1648 2753 1788 2813 Non
1818 2764 1958 2813 raro
1986 2756 2255 2821 veteres,
2292 2763 2437 2809 cum
2472 2746 2551 2807 de
2594 2744 2807 2823 gratia
2845 2744 3230 2827 loquuntur,
3256 2743 3514 2822 plenam
3555 2752 3613 2804 et
3650 2746 3998 2824 perfectam

727 2853 1139 2932 intelligunt,
1176 2866 1303 2913 non
1338 2849 1691 2910 inchoatam
1719 2864 1791 2907 ac
1822 2846 2063 2918 rudem,
2098 2862 2242 2924 qum
2271 2844 2480 2923 prima
2511 2840 2909 2915 nominamr,
2946 2840 3135 2920 cujus
3167 2840 3555 2920 plerumque
3598 2843 3999 2905 mentionem

726 2968 859 3013 non
892 2949 1209 3010 habent...
1244 2947 1500 3006 Certum
1541 2952 1638 3005 est
1677 2952 1918 3017 autem,
1962 2941 2057 3004 uti
2089 2943 2360 3021 primam
2394 2938 2668 3019 gratiam
2702 2937 2874 2998 nulla
2902 2937 2984 2998 ob
3031 2939 3258 2998 merita
3296 2937 3517 3011 tribui,
3545 2938 3643 3000 sic
3686 2942 4002 3000 accessio-

715 3064 863 3107 .nem
902 3042 1078 3107 illius
1101 3050 1163 3106 et
1202 3042 1705 3112 incrementum,
1742 3057 1814 3101 ac
1846 3040 2100 3117 plenam
2134 3038 2421 3126 denique
2465 3033 2971 3111 possessionem,
3007 3034 3388 3096 meritorum
3414 3050 3486 3095 ac
3522 3034 3815 3097 laborum
3855 3053 4001 3113 pre-

736 3143 827 3205 tio
856 3138 1290 3220 comparari...
1314 3139 1502 3200 Hunc
1542 3135 1777 3199 habere
1809 3151 2077 3199 sensum
2100 3134 2205 3195 illa
2248 3133 2616 3195 Grmcorum
2648 3131 2784 3192 loca
2815 3131 3141 3205 videntur,
3172 3146 3318 3210 qum
3348 3131 3542 3190 Deum
3568 3130 4001 3209 impertiendos

722 3239 946 3319 gratia:
972 3254 1099 3297 sua
1134 3252 1352 3315 capere
1412 3233 1799 3295 occasionem
1835 3230 2265 3310 demongﬂygt
2311 3247 2414 3291 ea;
2453 3227 2661 3303 nobis,
2717 3237 2775 3287 et
2838 3237 3091 3300 conatu,
3151 3245 3224 3287 ac
3266 3229 3596 3307 proposito
3636 3236 3892 3288 nostro:
3928 3233 3999 3289 ut

723 3334 1203 3407 Theodoretus,
1243 3330 1535 3404 Photius,
1570 3327 2015 3400 (Ecumenius,
2045 3327 2598 3406 Theophylactus,
2645 3332 2837 3403 atque
2873 3324 3012 3401 ipse
3047 3330 3325 3403 quoque
3349 3323 3993 3404 Chrysostomus.....

723 3430 861 3497 Non
895 3433 1067 3495 enim
1114 3430 1395 3509 primum
1421 3427 1770 3491 voluntatis
1802 3433 2049 3488 motum
2088 3433 2149 3485 et
2189 3425 2485 3498 rationis,
2513 3424 2578 3485 in
2614 3426 2818 3502 gratia
2846 3429 3212 3495 numerant,
3268 3419 3465 3483 veluti
3504 3423 3608 3499 pia
3640 3422 3995 3496 desideria,

724 3529 968 3611 quibus
998 3528 1075 3589 ad
1115 3525 1474 3605 pleniorem
1514 3524 1925 3604 qumrendam
1964 3520 2196 3601 (ﬁdem)
2230 3538 2303 3583 ac
2334 3522 2455 3583 Dei
2486 3518 2780 3582 notitiam
2823 3526 2883 3578 et
2917 3533 3202 3579 amorem
3238 3516 3635 3593 excitamur;
3672 3534 3817 3597 qum
3840 3526 3996 3581 sunt

723 3625 1178 3689 excellentiora
1201 3622 1421 3702 gratim
1448 3634 1741 3693 munera,
1776 3618 2179 3698 proindeque
2207 3619 2427 3696 gratim
2462 3632 2693 3678 nomen
2728 3632 2800 3675 ac
2830 3613 3092 3675 titulum
3130 3614 3452 3691 praecipue
3486 3624 3843 3677 merentur.
3881 3638 3910 3671 ι

805 3722 1228 3785 Verissimam
1275 3728 1431 3798 puto
1473 3718 1596 3782 viri
1651 3714 2009 3779 doctissimi
2057 3713 2718 3781 animadversionem,
2776 3725 2922 3789 qum
2972 3707 3213 3787 legitur
3244 3725 3429 3770 num.
3470 3711 3530 3782 1,
3588 3708 3689 3769 his
3728 3708 3993 3773 verbis:

722 3847 750 3879 α
791 3823 1176 3900 Plerumque
1201 3818 1591 3882 vetustiores
1626 3816 1803 3890 illos,
1836 3831 1987 3879 cum
2040 3815 2118 3877 de
2164 3813 2377 3893 gratia
2413 3810 2529 3871 Dei
2559 3816 2615 3868 et
2645 3806 2971 3867 vocatione
3009 3813 3233 3881 agunt,
3261 3822 3386 3866 non
3424 3811 3547 3865 tam
3585 3804 3663 3867 de
3692 3805 3995 3867 interiori

717 3916 914 3976 animi
953 3924 1148 3987 motu,
1181 3930 1254 3976 ac
1313 3914 1453 3975 sive
1487 3911 1922 3974 illustratione
1980 3912 2237 3983 mentis,
2277 3909 2417 3970 sive
2447 3904 2952 3966 inﬂammatione
2995 3903 3350 3964 voluntatis
3403 3902 3611 3981 loqui,
3654 3920 3844 3983 quam
3909 3905 3992 3966 de

722 4023 983 4072 externo
1024 4012 1234 4090 aliquo
1272 4010 1564 4089 beneﬁcio
1598 4007 1737 4082 Dei,
1779 4007 1971 4071 veluti
2000 4005 2329 4086 Evangelii
2366 4003 2843 4083 prmdicatione,
2877 4008 2984 4063 aut
3018 4007 3185 4063 statu
3218 4000 3442 4080 aliquo
3478 4000 3647 4074 vitm,
3677 4000 3753 4062 ad
3790 4018 3989 4081 quem

719 4111 976 4171 occulto
1008 4110 1245 4169 deinde
1283 4107 1487 4169 animi
1516 4106 1827 4168 instinctu
1865 4104 2287 4167 trahuntur...
2320 4104 2468 4164 Haec
2522 4117 2669 4162 vero
2712 4099 2909 4178 hujus
2946 4099 3209 4179 generis
3251 4097 3563 4160 beneﬁcia
3624 4105 3984 4176 promereri

720 4208 953 4284 pietate
979 4222 1049 4266 ac
1087 4204 1323 4265 virtute
1348 4219 1464 4265 sua
1498 4210 1707 4264 certos
1750 4201 2072 4274 homines,
2118 4201 2524 4264 verissimum
2552 4204 2669 4259 est.
2706 4198 2897 4269 »Quo
2936 4212 3138 4256 sensu
3172 4194 3251 4256 de
3286 4194 3489 4256 Paulo
3523 4194 3742 4256 scribit
3772 4196 3982 4258 Theo-

719 4300 1057 4379 phylactus
1092 4301 1169 4361 ad
1205 4306 1392 4376 caput
1436 4316 1550 4361 vm
1606 4298 1910 4377 Epistolm
1941 4299 2017 4360 ad
2045 4300 2389 4369 Romanos,
2426 4294 2652 4357 habere
2684 4294 2893 4371 ipsum
2928 4293 3217 4370 potuisse
3248 4292 3498 4362 merita,
3532 4309 3661 4351 non
3694 4291 3988 4353 absoluta

718 4400 1073 4479 etperfecta
1112 4397 1205 4475 (ut
1253 4396 1495 4459 ibidem
1531 4403 1795 4459 annotat
1826 4396 2121 4459 Petavius
2153 4412 2333 4457 num.
2370 4393 2453 4473 lt),
2492 4392 2598 4453 sed
2630 4389 2932 4473 ejusmodi
2971 4400 3197 4463 tamen,
3232 4408 3367 4471 gum
3398 4398 3589 4464 tante:
3630 4393 3986 4453 rocationis

720 4496 1035 4572 (videlicet
1074 4492 1501 4573 apostolatus)
1534 4494 1758 4553 elicere
1788 4511 2016 4553 munus
2032 4501 2291 4571 possent
2315 4511 2353 4550 a
2384 4490 2601 4552 divina
2624 4491 2928 4551 bonitate.
2968 4488 3193 4551 Virum
3219 4487 3656 4552 clarissimum
3680 4493 3981 4566 consule,

718 4595 795 4652 de
836 4591 963 4651 alio
996 4589 1457 4667 TheOphylacti
1496 4589 1638 4649 loco
1670 4589 1930 4668 egregie
1970 4590 2395 4650 disserentem
2425 4605 2597 4649 num.
2636 4586 2693 4647 3.

795 4688 891 4746 90.
932 4688 1235 4763 Regulam
1274 4685 1535 4745 atteram
1572 4682 1673 4743 his
1703 4686 2003 4762 preponit
2030 4685 2239 4745 verbis
2272 4685 2491 4746 Sixtus
2524 4682 2869 4745 Senensis:
2908 4706 2937 4741 α
2978 4683 3261 4744 Rursum
3304 4682 3362 4744 si
3398 4699 3515 4745 nos
3560 4683 3637 4746 ad
3684 4692 3982 4748 contem-

716 4782 1062 4859 plationem
1100 4780 1312 4858 ﬁnali:
1356 4798 1559 4840 causa?
1583 4789 2066 4856 convertemus,
2102 4788 2266 4842 recte
2294 4780 2558 4859 quidem
2604 4778 2920 4841 aliirmare
2948 4779 3324 4857 poterimus
3354 4781 3799 4859 praevisionem
3827 4801 3984 4863 ope-

710 4900 851 4941 rum
908 4878 1416 4958 subsequentium
1439 4876 1669 4939 divinae
1735 4880 1961 4957 gratia:
2012 4878 2461 4957 receptionem,
2489 4895 2617 4937 esse
2643 4894 2893 4937 causam
2928 4876 3252 4937 electionis
3292 4887 3347 4939 et
3393 4877 3981 4958 prcedestinationis

706 4976 973 5057 ﬁnalem.
1002 4977 1175 5036 Deus
1206 4976 1406 5050 enim,
1448 4985 1517 5039 ut
1544 4975 1783 5037 Paulus
1818 4976 1927 5049 ait,
1958 4974 2135 5055 elegit
2166 4993 2279 5035 nos
2319 4984 2463 5034 ante
2518 4971 2739 5035 mundi
2784 4973 3343 5049 constitutionem,
3392 4984 3449 5036 et
3492 4960 3980 5055 prmdestinaeit

706 5088 818 5129 nos
843 5078 909 5127 ut
946 5086 1206 5127 essemus
1242 5070 1447 5129 sancti
1478 5079 1533 5128 et
1563 5068 1950 5130 t'mmacuiati
1975 5087 2184 5129 coram
2222 5087 2289 5128 eo
2326 5072 2394 5131 in
2426 5069 2668 5132 laudem
2689 5068 2911 5151 gloria
2937 5070 3161 5149 gratia
3195 5072 3348 5151 ejus.
3381 5073 3517 5135 Hoc
3552 5084 3675 5151 est,
3703 5092 3821 5137 nos
3849 5077 3976 5139 sibi

708 5171 785 5229 ab
813 5178 1052 5229 mterno
1085 5165 1312 5230 ascivit
1340 5166 1404 5228 in
1447 5184 1625 5240 suos,
1652 5177 1713 5228 et
1750 5168 2119 5245 praeparavit
2160 5168 2343 5229 nobis
2386 5169 2746 5231 vocationis
2789 5166 3357 5246 etjustiﬁcationis
3394 5171 3690 5247 gratiam,
3727 5172 3789 5234 in
3822 5192 3975 5237 eum

710 5270 1008 5329 videlicet
1039 5266 1256 5338 ﬁnem,
1296 5274 1469 5326 utea
1512 5263 1679 5326 bene
1712 5273 2067 5340 uteremur,
2107 5276 2167 5328 et
2198 5286 2275 5329 ex
2316 5268 2456 5346 ejus
2500 5265 2667 5328 bono
2717 5281 2842 5326 usu
2878 5265 3148 5342 gloriam
3183 5266 3598 5343 sempiternm
3636 5266 3973 5333 felicitatis

706 5365 1237 5443 adipisceremur.
1320 5364 1446 5423 Nec
1492 5361 1767 5423 dubium
1820 5372 1939 5437 est,
1972 5362 2225 5443 aliquos
2260 5383 2344 5425 ex
2384 5364 2704 5441 prmdictis
2737 5361 3033 5423 Patribus
3086 5361 3426 5423 secundum
3478 5366 3645 5427 hunc
3680 5366 3979 5447 loquendi

705 5462 953 5523 modum
994 5458 1481 5539 pronuntiasse,
1525 5477 1719 5539 opera
1750 5470 1971 5520 nostra
1995 5480 2031 5519 a
2054 5461 2180 5521 Deo
2211 5464 2481 5540 prmeisa
2514 5479 2765 5524 causam
2793 5479 2920 5520 esse
2967 5458 3195 5521 divina:
3232 5462 3823 5541 prmdestinationis
3849 5511 3866 5543 ,
3902 5470 3975 5530 li-

702 5559 909 5620 nalt-m
942 5557 1230 5635 quidem,
1260 5573 1388 5617 non
1421 5567 1634 5618 autem
1670 5559 2151 5620 meritoriam.»
3876 5574 3879 5578 ‘

779 5658 964 5717 Hunc
982 5653 1200 5715 subire
1220 5670 1483 5715 sensum
1503 5658 1811 5734 superius
1832 5658 2106 5719 adducta
2134 5655 2597 5734 Theophvlacti
2628 5656 2812 5717 verba
2838 5665 3131 5734 possunt.
3160 5659 3228 5718 In
3269 5661 3346 5721 iis
3373 5660 3642 5740 quippe,
3678 5660 3788 5742 qui
3826 5678 3968 5721 cum

705 5752 889 5827 [Llll]
918 5750 1095 5829 digni
1120 5751 1247 5810 sint
1302 5768 1372 5812 ac
1407 5754 1567 5830 apti,
1616 5764 1927 5817 vocantur
1960 5756 2035 5818 ad
2066 5756 2277 5829 ﬁdem,
2318 5755 2472 5833 ﬁdos
2523 5758 2685 5834 ipsa,
2722 5772 2790 5816 ac
2822 5755 3011 5816 etiam
3047 5754 3209 5815 bona.
3241 5759 3440 5819 libera
3473 5760 3838 5840 dispositio,
3867 5758 3967 5821 vel

699 5845 894 5907 bonus
918 5848 1267 5909 vocationis
1298 5856 1353 5909 et
1390 5850 1616 5927 gratiae
1645 5870 1819 5927 usus,
1863 5852 2335 5931 prmvide'oatur
2366 5870 2400 5917 a
2449 5856 2606 5929 Deo,
2646 5866 2941 5933 tanquam
2990 5853 3173 5933 linis;
3212 5866 3271 5919 et
3305 5859 3381 5919 ad
3427 5859 3597 5923 hunc
3625 5860 3819 5923 ﬁnem
3859 5876 3969 5924 as-
