4262 6432
229 405 336 472 109
1084 403 1184 466 DE
1222 399 1807 463 TIIEOPIIYLACTI
1846 399 2122 461 GESTIS
2161 399 2257 460 ET
2296 397 2666 461 SCRIPTIS.
3425 389 3528 451 lit)
3573 370 3578 377 1

233 518 651 599 sequendum
681 517 949 599 gratiam
984 516 1362 596 praeparavit
1399 509 1608 595 ipsius
1646 513 2028 577 vocationis.
2062 515 2200 576 Jam
2237 514 2456 597 vides,
2481 509 2862 590 tumprimm
2899 504 3258 571 vocationis
3284 503 3526 612 gratim.

223 621 366 678 tum
402 616 676 678 aliarum
719 614 1128 689 uberiorum,
1165 628 1423 676 causam
1481 611 1687 676 fuisse
1749 609 1994 674 bonum
2055 611 2332 674 liberum
2397 609 2772 671 earumdem
2825 623 3043 679 usuin,
3100 620 3229 666 non
3299 609 3529 680 utique

219 713 647 788 meritoriam,
677 713 787 774 sed
822 711 1095 791 finalem.

308 808 551 870 Sede:
593 808 788 870 hocce
818 806 1198 887 bujusmodi
1234 807 1642 870 locutionum
1699 822 1926 882 sensu,
1968 808 2436 870 documentum
2477 802 2834 881 colligitur,
2877 799 3055 881 quod
3090 805 3187 861 est
3225 795 3527 859 animad-

227 908 534 969 versione
559 905 1027 987 dignissimum
1063 928 1079 969 :
1109 907 1356 970 auxilia
1383 906 1624 970 divinas
1646 906 1870 986 gratias
1897 923 1933 968 a
1962 903 2200 971 Graecis
2224 901 2520 966 Patribus
2548 901 2636 962 ita
2666 897 2876 962 fuisse
2909 896 3264 968 intellecta,
3300 902 3368 956 ut
3395 909 3529 955 non

227 1000 448 1064 solum
485 1002 977 1081 possibilitatem
1011 1002 1370 1078 conferant,
1400 1004 1514 1066 sed
1547 1004 1739 1066 etiam
1771 1002 2037 1072 virtute,
2071 999 2331 1080 energia
2362 1012 2425 1060 et
2452 996 2734 1060 efficacia
2771 995 2916 1057 sine
2953 992 3157 1057 dubio
3186 1009 3220 1054 a
3255 993 3389 1054 Deo
3420 989 3535 1052 de-

229 1099 585 1161 scendente
619 1099 751 1162 sint
776 1099 1079 1180 prmdita;
1111 1111 1424 1180 certoque
1457 1102 1518 1163 et
1545 1099 1982 1163 infallibiliter
2007 1101 2244 1162 ducant
2273 1096 2353 1160 ad
2375 1096 2569 1158 ﬁnem
2603 1111 2635 1157 a
2668 1095 2806 1157 Deo
2836 1092 3213 1172 praevisum,
3249 1104 3531 1168 quemve

230 1192 375 1272 ipse
409 1194 572 1257 vult.
609 1197 765 1258 Rem
808 1196 1348 1275 splendidissime
1402 1196 1695 1276 patefacit
1738 1199 1803 1261 S.
1846 1197 2126 1259 Thomas
2164 1214 2307 1276 ip.,
2345 1213 2460 1274 qu.
2497 1211 2692 1262 χχιιι,
2725 1201 2841 1254 art.
2880 1211 2916 1254 v
2954 1214 2968 1251 :
3009 1191 3368 1252 «.Fuerunt
3417 1188 3529 1250 alii

228 1290 346 1368 qui
394 1292 726 1366 dixerunt,
758 1293 930 1372 quod
958 1295 1187 1357 merita
1217 1295 1546 1375 sequentia
1572 1292 2166 1374 predestinationis
2196 1290 2487 1372 effectum
2529 1285 3033 1370 (velsequentia
3067 1284 3361 1363 gratiam,
3386 1296 3536 1361 qum

229 1385 430 1450 sicuti
467 1406 500 1450 a
533 1391 668 1452 Deo
695 1392 908 1463 datur,
945 1391 1030 1453 ita
1065 1391 1518 1470 prmdestinata
1547 1398 1640 1456 est
1681 1409 1752 1454 ac
1782 1385 2374 1471 prtedestinationis
2422 1384 2692 1449 eﬂ'ectus
2749 1381 2881 1445 dici
2914 1380 3127 1460 debet)
3160 1387 3310 1440 sunt
3359 1377 3531 1438 ratio

222 1483 834 1563 prwdestinationis.
871 1488 960 1550 Ita
999 1496 1066 1550 ut
1095 1487 1522 1567 intelligatur,
1553 1489 1726 1568 quOd
1766 1489 1905 1551 ideo
1941 1489 2110 1549 Deus
2140 1487 2248 1548 dat
2277 1485 2554 1564 gratiam
2603 1483 2827 1552 alicui,
2869 1490 2930 1561 et
2975 1477 3434 1559 praeordinavit
3463 1494 3533 1538 se

227 1580 289 1643 ei
331 1583 658 1649 daturum.
694 1586 846 1663 quia
873 1587 1206 1664 prcescivit
1236 1605 1374 1646 eum
1404 1585 1554 1646 bene
1596 1605 1890 1648 usurum.
1923 1585 2101 1647 Sicut
2133 1583 2189 1644 si
2234 1600 2359 1644 'rex
2401 1582 2510 1644 det
2541 1579 2742 1643 alicui
2804 1577 3001 1638 militi
3035 1592 3305 1655 equum,
3338 1589 3534 1653 quem

230 1679 350 1739 scil
386 1696 465 1741 eo
496 1680 662 1743 bene
697 1699 998 1744 usurum.
1042 1683 1163 1744 Sed
1202 1684 1307 1744 isti
1345 1684 1654 1744 videntur
1687 1683 2071 1745 distinxisse
2122 1682 2294 1759 inter
2344 1679 2409 1739 id
2443 1677 2612 1758 quod
2647 1685 2739 1737 est
2772 1695 2852 1737 ex
2879 1676 3118 1754 gratia,
3169 1681 3231 1736 et
3269 1672 3332 1734 id
3369 1670 3540 1751 quod

231 1786 324 1836 est
361 1794 444 1837 ex
486 1775 683 1839 libero
715 1779 1014 1852 arbitrio,
1077 1779 1262 1860 quas’i
1291 1797 1419 1843 non
1457 1781 1658 1860 possit
1684 1797 1826 1842 esse
1858 1777 2033 1840 idem
2068 1792 2148 1838 ex
2185 1781 2492 1852 utroque.
2533 1771 2954 1833 Manifestum
2990 1776 3088 1829 est
3115 1775 3331 1828 autem
3359 1769 3536 1845 quod

230 1869 298 1932 id
333 1873 508 1951 quod
536 1884 629 1936 est
666 1894 744 1937 ea:
784 1878 997 1956 gratia
1029 1877 1114 1957 (et
1150 1893 1277 1940 non
1313 1876 1522 1940 solum
1560 1877 1699 1958 ipsa
1730 1877 1932 1958 gratia
1960 1875 2240 1955 ejusque
2272 1869 2555 1950 collatio)
2591 1878 2684 1930 est
2731 1865 3332 1948 prcedestinationis
3391 1863 3543 1945 επε-

232 1975 398 2030 ctus.
445 1972 519 2032 Et
548 1971 668 2055 hoc
705 1991 831 2036 non
873 1984 1081 2048 potest
1123 1975 1275 2052 poni
1330 1983 1400 2037 ut
1426 1977 1595 2036 ratio
1629 1971 2221 2055 prwdestinationis
2268 1969 2409 2048 (seu
2465 1983 2656 2030 causa
2709 1964 3063 2044 meritoria)
3095 1980 3241 2025 cum
3276 1963 3392 2023 hoc
3425 1960 3540 2023 sub

227 2053 796 2146 prqdestinatione
823 2071 1262 2133 concludatur.
1301 2072 1365 2135 Si
1399 2072 1600 2152 igitur
1627 2053 1880 2153 aliquid
1911 2068 2090 2133 aliud
2127 2086 2207 2129 ea:
2235 2074 2421 2147 parte
2448 2076 2673 2126 nostra
2703 2063 2787 2123 sit
2820 2061 2981 2124 ratio
3018 2059 3542 2138 prmdestinatio-

233 2161 356 2236 nis,
382 2163 505 2226 hoc
536 2167 657 2228 erit
693 2177 920 2247 prmter
951 2169 1253 2231 eﬂ'ectum
1290 2169 1901 2248 prmdestinationis.
1945 2169 2084 2230 Non
2127 2172 2223 2228 est
2251 2171 2470 2226 autem
2499 2161 2882 2225 distinctum
2915 2157 3084 2239 quod
3109 2166 3197 2219 est
3238 2175 3319 2218 ea:
3344 2157 3543 2219 libero

230 2259 509 2324 arbitrio
542 2272 604 2325 et
638 2253 1320 2345 ex'prcedestinatione,
1355 2266 1524 2329 sicut
1566 2283 1694 2329 non
1727 2272 1824 2328 est
1852 2264 2234 2328 distinctum
2258 2261 2434 2342 quod
2465 2268 2561 2324 est
2594 2277 2673 2321 ex
2700 2274 2894 2321 causa
2927 2256 3215 2319 secunda
3253 2262 3317 2316 et
3350 2270 3542 2316 causa

238 2357 479 2435 prima;
517 2359 735 2423 divina
783 2362 958 2424 enim
984 2364 1398 2425 Providentia
1433 2362 1732 2442 producit
1769 2361 2042 2426 eﬂ'ectus
2065 2377 2192 2445 per
2221 2357 2665 2438 Operationem
2707 2370 3049 2420 causarum
3079 2351 3541 2415 secundarum.

234 2455 420 2518 Unde
456 2465 518 2518 et
548 2458 605 2519 id
634 2458 802 2538 quod
829 2469 918 2521 est
953 2477 1069 2538 per
1098 2459 1362 2521 liberum
1391 2458 1736 2522 arbitri-um
1778 2467 1871 2520 est
1899 2479 1983 2521 ea:
2035 2455 2867 2539 prcedestinatione.»Unde
2901 2453 3101 2521 bonus
3137 2470 3292 2512 usus
3319 2449 3546 2531 gratiae

233 2557 580 2632 praseitus
643 2555 739 2636 (ut
803 2557 1047 2620 dicitur
1104 2563 1180 2628 ad
1237 2559 1295 2639 1)
1330 2577 1460 2620 non
1520 2566 1611 2620 est
1671 2557 1842 2620 ratio
1907 2555 2276 2636 collationis
2329 2554 2580 2635 gratia,
2636 2552 2770 2616 nisi
2821 2547 3176 2612 secundum
3229 2549 3548 2610 rationem

233 2668 444 2712 causa
470 2653 714 2733 ﬁnalis.
983 2662 987 2666 ’
2260 2695 2262 2698 μ

314 2751 463 2825 Quo
497 2751 730 2816 iterum
764 2769 988 2827 sensu,
1025 2752 1270 2818 auxilia
1301 2754 1524 2836 gratias
1549 2771 1696 2836 quae
1713 2756 2025 2834 prmparat
2057 2748 2420 2826 Deus,talia
2451 2758 2605 2810 sunt
2638 2748 2702 2810 in
2730 2747 2846 2810 Dei
2881 2746 3317 2827 prmscientia,
3346 2755 3420 2808 ut
3451 2743 3553 2806 in-

233 2844 600 2912 fallibiliter
631 2851 707 2914 ad
741 2851 1236 2916 exsecutionem
1266 2853 1420 2916 boni
1449 2853 1635 2916 liberi
1669 2852 1888 2932 operis
1914 2851 2177 2921 ducant,
2205 2846 2380 2928 quod
2424 2844 2504 2908 ab
2531 2852 2776 2907 aeterno
2807 2843 3012 2907 veluti
3066 2844 3258 2906 ﬁnem
3296 2843 3552 2922 prmscit

235 2962 312 3008 ac
339 2947 477 3008 vult
513 2949 711 3011 Deus.
739 2949 892 3012 Haec
917 2967 1070 3013 vero
1103 2951 1501 3029 praescientia
1535 2967 1662 3014 non
1695 2949 1913 3012 diﬂ‘ert
1942 2962 1976 3008 a
2015 2941 2613 3023 praedestinatione,
2647 2957 2842 3019 quam
2869 2943 3102 3004 docent
3135 2939 3551 3019 Augustinus

239 3053 304 3104 et
335 3042 658 3119 Thomas;
693 3054 756 3108 et
788 3045 924 3109 hmc
954 3047 1181 3128 paucis
1216 3055 1544 3113 contracta
1578 3047 1927 3127 utriusque
1964 3043 2278 3106 doctrinae
2310 3058 2567 3103 summa
2607 3047 2730 3104 est.

321 3141 425 3202 91.
461 3142 631 3203 Nihil
693 3142 901 3205 obstat
922 3158 1086 3207 vero
1123 3145 1483 3225 quominus
1518 3161 1645 3206 non
1683 3160 1902 3223 panem
1930 3143 2299 3205 Grmcorum
2363 3141 2622 3202 Patrum
2682 3138 3027 3202 sententiae
3075 3137 3307 3200 eodem
3346 3137 3559 3198 sensu.

242 3248 681 3316 exponentur.
716 3242 916 3303 Vocat
945 3258 1052 3304 eas
1081 3243 1160 3304 ad
1198 3259 1468 3305 examen
1501 3228 1804 3305 Petairius
1839 3240 2006 3303 libro
2049 3259 2116 3301 ix
2154 3239 2372 3306 citato.
2402 3238 2610 3315 capite
2640 3239 2700 3311 3,
2737 3255 2917 3299 num.
2950 3238 3012 3310 9,
3040 3253 3111 3298 ac
3146 3236 3331 3315 plura
3369 3233 3557 3298 colli-

243 3336 340 3415 git
377 3337 543 3399 scitu
578 3339 801 3416 digna,
842 3338 1188 3411 Videlicet,
1224 3338 1354 3420 1.):
1381 3340 1527 3402 Non
1555 3341 1951 3402 existimasse
1974 3348 2211 3398 veteres
2245 3335 2486 3398 eosdem
2524 3335 2779 3410 Patres,
2815 3335 2967 3414 eligi
2995 3332 3374 3414 adprimam
3413 3349 3559 3412 gra-

245 3433 404 3492 tiam
427 3435 708 3495 homines
724 3444 994 3514 propter
1006 3435 1234 3497 merita
1252 3434 1556 3515 quedam,
1571 3444 1629 3496 et
1647 3436 1840 3497 initia
1860 3433 2036 3495 bonw
2049 3434 2425 3504 voluntatis,
2443 3442 2513 3494 ut
2529 3431 2967 3494 Massilienses
2988 3430 3244 3509 opinati
3266 3439 3417 3490 sunt
3433 3429 3556 3507 :2.)

247 3548 467 3609 neque
502 3531 634 3592 illis
664 3531 938 3611 impingi
970 3531 1251 3594 aliorum
1284 3549 1566 3593 errorem
1599 3549 1816 3610 posse,
1838 3531 1977 3594 ideo
2005 3532 2286 3611 primam
2321 3529 2685 3594 hominibus
2716 3529 2990 3608 gratiam
3024 3527 3374 3590 decrevisse
3405 3526 3560 3588 dare

247 3629 473 3701 Deum,
511 3627 680 3708 quod
705 3628 851 3692 illos
883 3629 1032 3691 bene
1055 3649 1301 3692 usuros
1336 3630 1550 3710 gratia
1577 3648 1693 3690 sua
1720 3626 2145 3710 praeviderat;
2185 3645 2256 3689 ac
2287 3627 2702 3688 si'meritoria
2735 3625 3029 3704 quaedam
3059 3641 3254 3687 causa
3285 3625 3413 3686 dici
3447 3624 3561 3686 de-

249 3724 397 3788 beat
432 3726 746 3804 prmvisus
780 3726 1001 3805 gratias
1029 3727 1238 3790 bonus
1275 3744 1474 3801 usus;
1500 3726 1589 3807 3.)
1637 3744 1832 3806 neque
1851 3725 1935 3788 ad
1973 3746 2128 3801 eam,
2160 3743 2344 3805 quam
2375 3731 2625 3798 vocant,
2665 3721 3170 3785 conditionatam
3200 3722 3557 3794 scientiam,

250 3824 615 3902 confugisse
644 3823 894 3898 Patres,
930 3831 1227 3903 tanquam
1249 3825 1425 3886 haud
1453 3823 1740 3886 absolute
1760 3826 2053 3905 futurum
2085 3822 2316 3885 bonum
2347 3820 2643 3904 aﬁ'ectum
2671 3821 2895 3899 animi,
2928 3829 3040 3880 aut
3074 3819 3345 3881 liberum
3363 3819 3578 3909 meri-g

253 3929 391 3982 tum
427 3920 806 4000 prwviderit
829 3941 849 3981 :
873 3919 984 3982 sed
1021 3922 1115 3984 ita
1143 3919 1408 3997 demum,
1443 3922 1502 3984 si
1530 3924 1953 3984 necessariam
1989 3919 2071 3982 ad
2101 3920 2169 3983 id
2199 3939 2377 4001 opem
2410 3921 2701 4001 conferre
2737 3917 3128 3986 decreverit;
3158 3916 3246 3996 lt.)
3278 3912 3395 3980 Sed
3423 3916 3560 3979 uti-

251 4035 384 4098 que
417 4035 496 4081 eo
529 4019 673 4099 ipso
703 4019 1004 4083 homines
1035 4020 1347 4083 constitui
1377 4019 1657 4094 .electos,
1698 4036 1769 4082 ac
1806 4019 2071 4099 dignos,
2106 4026 2168 4081 et
2197 4025 2380 4096 aptos
2410 4038 2426 4091 ;
2460 4017 2636 4098 quod
2664 4017 2841 4078 Deus
2874 4033 3004 4076 non
3040 4014 3248 4075 solum
3287 4012 3357 4076 id
3390 4032 3565 4094 pra:-

251 4116 450 4190 videt,
483 4116 653 4196 quod
684 4136 900 4179 eorum
928 4119 1256 4180 voluntate
1317 4120 1650 4199 confertur
1699 4118 1967 4198 (bonum
2017 4114 2238 4195 gratim
2267 4130 2482 4189 usum,
2516 4130 2588 4176 ac
2633 4114 2881 4175 bonum
2938 4113 3217 4176 liberum
3279 4111 3565 4175 salutare

253 4214 617 4293 0pus,)tsed
676 4218 953 4296 gratiam
1003 4233 1252 4296 quoque
1299 4215 1611 4296 prwvidet
1681 4232 1886 4289 suam,
1941 4231 2065 4293 qua
2121 4209 2270 4274 illos
2330 4210 2590 4292 adjuvat
2648 4228 2896 4291 eosque
2957 4208 3194 4290 dignOs
3255 4218 3320 4274 et
3380 4217 3566 4290 aptos

253 4311 446 4387 facit;
499 4329 572 4375 ac
639 4330 866 4377 eorum
931 4312 1102 4376 bona
1148 4323 1455 4393 Operatur
1524 4329 1744 4392 opera,
1805 4319 1868 4373 et
1927 4309 2174 4372 bonum
2237 4307 2432 4371 efﬁcit
2490 4325 2682 4371 usum
2747 4311 3011 4388 gratim;
3069 4310 3158 4387 5.)
3223 4308 3389 4374 hanc
3450 4310 3569 4374 de-

257 4426 435 4473 mum
494 4410 964 4489 prtescientiam
1023 4408 1380 4473 absolutam
1412 4428 1581 4486 esse,
1618 4429 1690 4472 ac
1746 4411 1846 4472 rei
1878 4406 2050 4470 haud
2088 4407 2282 4469 aliter
2305 4411 2516 4486 ’quam
2549 4407 2892 4488 praesentis
2925 4417 2983 4470 et
3016 4408 3389 4472 exsistentis
3421 4425 3565 4471 cer-

257 4515 383 4566 tam
415 4508 733 4570 notitiam.

335 4607 816 4671 Prtescientiam
843 4608 1257 4690 distinguere
1290 4610 1505 4674 solent
1537 4620 1790 4675 veteres
1822 4610 1922 4674 illi
1944 4612 2162 4674 Patres
2188 4626 2222 4673 a
2254 4610 2815 4691 praedestinatione
2852 4633 2873 4674 :
2906 4622 2970 4676 et
3002 4611 3180 4675 illam
3209 4611 3288 4676 ad
3321 4612 3571 4677 liberos

262 4713 447 4768 actus
478 4705 750 4779 referre,
783 4709 974 4770 istam
1017 4709 1094 4771 ad
1129 4724 1202 4771 ea
1236 4725 1385 4788 quas
1416 4708 1623 4772 libero
1655 4725 1787 4772 non
1819 4707 2106 4772 subsunt
2135 4707 2430 4783 arbitrio,
2464 4708 2669 4772 veluti
2701 4696 2975 4791 p‘rimam
3007 4711 3232 4792 gratim
3269 4711 3569 4776 collatio-

262 4818 439 4878 nem,
473 4819 546 4865 ac
585 4803 1085 4867 retributionem
1120 4807 1560 4884 prmmiorum.
1586 4807 1980 4888 Loquuntur
2002 4803 2279 4880 scilicet,
2331 4822 2533 4869 sensu
2559 4808 2843 4887 quodam
2876 4809 3160 4871 nimium
3187 4808 3413 4872 stricto
3438 4811 3570 4872 cir-

257 4909 793 4981 cumspectoque,
827 4902 908 4964 de
943 4919 1158 4965 rerum
1193 4920 1416 4966 earum
1445 4904 2008 4984 prcedestinatione
2032 4920 2192 4984 quas
2215 4903 2364 4966 facit
2403 4905 2586 4967 solus
2618 4906 2795 4969 Deus
2822 4907 2966 4970 sine
2997 4906 3211 4970 nobis.
3239 4911 3318 4970 At
3343 4925 3575 4970 eorum

256 5000 686 5078 praescientia,
724 5007 792 5061 ut
825 5007 1077 5071 vocant,
1104 5017 1249 5080 qum
1281 5018 1399 5063 nos
1430 5002 1623 5063 etiam
1651 5001 1853 5065 libere
1874 5001 2176 5076 facimus,
2209 5018 2358 5064 cum
2387 5001 2473 5063 sit
2503 5000 2827 5075 absoluta,
2858 5003 3211 5084 asquivalet
3241 5003 3578 5085 pradesti-

259 5099 536 5171 nationi,
579 5105 647 5158 ut
679 5098 1072 5178 Aquinatem
1129 5099 1394 5179 egregie
1425 5101 1766 5162 docentem
1801 5099 2202 5165 audivimus.
2247 5102 2376 5181 Ipsi
2410 5116 2680 5182 quoque
2717 5101 3024 5164 videntur
3051 5105 3292 5176 Patres,
3318 5102 3578 5182 praede-

261 5197 676 5257 stinationem
698 5195 779 5256 ad
806 5196 1085 5276 gloriam
1120 5215 1201 5258 ea:
1255 5198 1626 5258 meritorum
1644 5199 2031 5276 prtevisione
2061 5199 2398 5268 statuisse;
2435 5217 2582 5280 qum
2615 5200 2883 5263 levioris
2916 5200 3232 5264 momenti
3279 5200 3404 5263 hoc
3436 5201 3580 5262 loco

261 5293 542 5375 quaestio
559 5302 679 5366 est,
699 5296 1050 5382 dummodo
1063 5294 1548 5374 prwdestinatia
1572 5296 1950 5360 admittatur
1970 5294 2053 5357 ad
2071 5297 2353 5378 gratiam
2384 5305 2443 5358 et
2462 5295 2544 5358 ad
2563 5299 2792 5378 gratia
2811 5296 3125 5380 effectum,
3153 5300 3266 5380 qui
3295 5306 3394 5362 est
3417 5299 3584 5362 liber

265 5392 617 5454 voluntatis
639 5407 1028 5467 consensus,
1047 5401 1154 5454 aut
1177 5392 1342 5455 liber
1357 5394 1578 5473 gratim
1607 5396 1768 5458 datm
1791 5395 2003 5458 bonus
2034 5412 2218 5459 usus.
2247 5395 2514 5459 Tliomm
2538 5395 2900 5462 doctrinam
2927 5414 3060 5477 prm
3081 5398 3294 5460 oculis
3320 5397 3582 5459 habeto.

348 5491 540 5569 [LIV]
571 5493 776 5553 Aiunt
838 5490 1129 5570 denique
1163 5491 1406 5554 laudati
1469 5495 1685 5555 Patres
1714 5510 1787 5555 ac
1818 5492 2347 5574 TheOpbylactus
2386 5509 2519 5557 non
2579 5509 2727 5558 raro
2763 5515 2780 5555 :
2815 5511 2930 5558 eos
2996 5494 3300 5559 homines
3338 5497 3585 5578 eligere

269 5592 508 5660 Deum,
553 5604 709 5669 quos
743 5590 1073 5668 praseivit
1104 5588 1338 5652 divina:
1370 5590 1695 5652 vocationi
1731 5594 2082 5672 morigeros
2119 5610 2193 5653 ae
2226 5591 2638 5666 tractabiles;
2670 5593 2964 5674 itemque
3001 5613 3428 5658 consensuros
3467 5598 3588 5660 hoc

265 5689 367 5751 vel
412 5688 526 5752 illo
562 5699 839 5770 tempore
889 5708 964 5751 ac
1015 5691 1086 5752 in
1117 5691 1261 5752 istis
1292 5689 1392 5752 vel
1428 5688 1564 5753 illis
1610 5691 2140 5754 circumstantiis.
2173 5691 2363 5752 Dicta
2398 5688 2782 5772 hujusmodi
2824 5709 2956 5756 non
3009 5693 3376 5774 intelligas,
3407 5711 3482 5758 ac
3529 5698 3588 5757 si

272 5787 677 5869 prmscientia
711 5789 931 5851 divina
967 5806 1044 5852 ex
1086 5788 1191 5851 his
1223 5789 1565 5852 hominum
1597 5789 1877 5854 internis
1901 5786 2477 5867 exterioribusque
2503 5788 3021 5855 circumstantiis
3056 5789 3343 5873 aliquam
3377 5802 3594 5856 sumat

270 5904 344 5952 ac
373 5894 635 5967 praestet
667 5885 911 5952 divinas
940 5887 1283 5952 electionis
1330 5896 1396 5951 et
1451 5887 2053 5970 prmdestinationis
2096 5901 2359 5949 causam
2391 5893 2456 5950 et
2487 5885 2838 5953 rationem.
2875 5889 3066 5954 Juxta
3099 5891 3461 5956 secundam
3495 5908 3596 5954 rc-
