4262 6432
247 423 351 488 113
1106 417 1210 480 DE
1243 409 1836 501 THEOPBYLACTI
1873 378 2159 471 casus
2191 406 2288 468 ET
2325 401 2692 466 scnir'rts.
3426 390 3486 457 ιιι
3507 391 3541 454 ιτ
3590 380 3594 388 ’

238 537 412 619 quod
447 535 654 616 ipsum
682 550 917 614 corpus
968 530 1230 594 Domini
1264 535 1360 593 est
1414 527 1622 611 panis,
1651 523 2081 589 sanctificatus
2108 521 2175 582 in
2196 517 2445 588 altario,
2473 520 2537 577 et
2575 529 2705 619 non
2739 511 2959 619 ﬁgura;
2990 505 3547 619 Non‘enimtlixit,

237 604 379 696 ᾖσε
413 604 508 695 est
547 634 769 712 figura,
798 604 945 704 sed,
969 631 1106 693 Hoc
1141 638 1231 690 est
1256 604 1490 709 corpus
1514 644 1741 686 meum.
1775 619 2094 684 Iueﬂ'abili
2137 619 2310 680 enim
2344 611 2723 694 Operatione
2752 605 3263 712 transformatur,
3305 604 3552 712 etiamsi

240 732 431 794 nobis
495 701 783 793 videatur
845 701 1063 809 panis;
1096 701 1400 807 quoniam
1441 722 1674 786 infirmi
1717 737 1960 791 sumus,
2012 725 2080 788 et
2134 714 2555 777 abhorremus
2614 705 2846 809 crudas
2901 719 3126 766 carnes
3181 701 3549 809 comedere,

242 829 524 890 maxime
561 798 858 890 hominis
876 798 1134 889 carnem
1174 842 1188 886 :
1229 831 1293 886 et
1326 824 1476 885 ideo
1499 821 1688 902 panis
1718 816 1966 899 quidem
1997 815 2178 877 nobis
2203 818 2496 892 apparet,
2531 806 2643 872 sed
2666 821 2889 868 revera
2917 820 3064 865 caro
3099 809 3257 863 est.»
3291 798 3552 878 Perspi-

241 943 368 988 cue
413 925 607 1006 patet,
654 940 881 1005 panem
940 929 1003 985 et
1047 922 1265 985 vinum
1323 938 1454 984 non
1489 901 1624 983 ﬁeri
1643 917 1863 980 solum
1895 915 2109 978 verbis
2143 907 2656 977 consecrationis
2687 915 2985 1006 ἀντίψπα,
3019 901 3556 982 reprmentantia

241 1040 487 1104 corpus
517 1029 579 1085 et
605 1021 990 1103 sanguinem
1023 1019 1305 1095 Domini,
1335 1019 1445 1081 sed
1479 1018 1546 1080 in
1583 1018 1789 1096 ipsum
1821 1029 2056 1093 corpus
2087 1007 2497 1073 transmutari
2536 1014 2599 1068 et
2635 1005 3043 1104 sanguinein.

323 1098 597 1183 domina
628 1098 796 1192 sunt,
833 1136 1038 1199 eaque
1070 1116 1507 1189 disertissima,
1548 1131 1692 1195 quas
1727 1111 2048 1174 habentur
2075 1107 2154 1172 ad
2173 1111 2364 1188 caput
2394 1124 2460 1167 vr
2491 1103 2778 1173 Joannis,
2819 1121 2880 1165 v.
2911 1101 3040 1199 52A:
3083 1123 3111 1156 «
3146 1098 3346 1160 Panis
3374 1114 3555 1176 quem

243 1232 358 1295 ego
390 1215 574 1288 dabo,
605 1233 754 1277 caro
785 1233 918 1275 mea
932 1197 1033 1276 est
1055 1232 1182 1294 pro
1202 1212 1424 1275 mundi
1447 1214 1604 1275 vita.
1640 1209 1978 1273 Manifesta
2008 1214 2220 1271 autem
2251 1204 2443 1268 nobis
2467 1203 2588 1266 hoc
2617 1202 2760 1265 loco
2791 1197 3040 1262 dicitde
3078 1198 3352 1295 mystica
3382 1212 3556 1256 comr-

242 1292 546 1372 munione
568 1314 864 1392 corporis
903 1292 1084 1374 sui":
1120 1310 1396 1373 Attende
1427 1317 1672 1384 autem,
1704 1307 1882 1389 quod
1909 1308 2127 1386 panis,
2165 1304 2280 1386 qui
2324 1320 2360 1365 a
2400 1301 2594 1364 nobis
2622 1300 2690 1362 in
2745 1296 3074 1377 mysteriis
3108 1292 3553 1363 manducatur,

244 1424 377 1469 non
417 1416 512 1471 est
542 1417 790 1470 tantum
812 1409 1119 1489 ﬁguratio
1151 1408 1432 1489 quaedam
1458 1409 1672 1470 carnis
1708 1407 1927 1490 Domin

1875 1405 1984 1478 ini,
2026 1403 2136 1464 sed
2173 1403 2312 1482 ipsa
2343 1417 2492 1462 caro
2525 1399 2806 1470 Domini,
2843 1407 2944 1460 οὐκ
2973 1403 3272 1460 ἀντιτυπόν
3310 1404 3430 1455 ἐστι
3459 1401 3558 1469 τῆς

242 1510 343 1564 τοῦ
381 1509 592 1580 Κυρίου
620 1509 847 1580 σαρκὸς,
873 1509 986 1568 ἀλλ’
1014 1509 1158 1579 αὑτὴ
1178 1512 1212 1579 ἡ
1240 1509 1336 1564 τοῦ
1367 1509 1578 1579 Κυρίου
1601 1507 1759 1578 σάρξ.
1796 1507 1925 1568 Non

1876 1523 1936 1567 in
1967 1505 2142 1567 enim
2172 1502 2346 1574 dicit,
2383 1501 2583 1563 Panis
2623 1517 2805 1578 quem
2838 1518 2949 1579 ego
3002 1498 3162 1560 dabo
3228 1499 3427 1575 tigura
3462 1503 3559 1555 est

247 1610 487 1685 carnis,
521 1611 633 1671 sed
686 1609 853 1672 Caro
903 1627 1040 1669 mea
1095 1617 1212 1670 est.
1251 1605 1772 1670 Transformatur
1809 1603 2008 1675 enim,
2048 1611 2454 1682 μεταποιεῖται,
2491 1599 2738 1661 art-anis
2776 1598 3013 1671 verbis,
3068 1597 3249 1674 panis
3309 1593 3417 1656 ille
3453 1610 3564 1670 per

247 1703 586 1785 mysticam
627 1705 1154 1769 benedictionem
1196 1712 1259 1767 et
1313 1705 1750 1768 accessionem
1805 1699 2008 1765 sancti
2066 1699 2371 1780 Spiritus,
2412 1716 2481 1758 in
2509 1714 2761 1756 carnem
2817 1695 3101 1757 Domini.
3151 1693 3236 1754 Et
3269 1711 3345 1752 ne
3382 1709 3562 1770 quem

247 1803 608 1877 conturbet,
643 1803 821 1884 quod
853 1802 1204 1864 credendus
1230 1805 1317 1864 sit
1344 1804 1534 1883 panis
1559 1820 1732 1866 caro.
1764 1799 2016 1864 Etenim
2049 1807 2110 1860 et
2142 1801 2204 1860 in
2231 1815 2420 1859 carne
2453 1796 2825 1857 ambulante
2849 1795 3152 1866 Domino,
3188 1799 3251 1853 et
3288 1809 3364 1853 ex
3399 1808 3565 1869 pano

246 1899 628 1963 alimoniam
661 1909 983 1975 sumente,
1017 1900 1208 1980 panis
1239 1900 1350 1962 ille
1417 1901 1528 1981 qui
1576 1897 2104 1965 manducabat‘ur.
2142 1896 2211 1958 in
2259 1909 2500 1975 corpus
2538 1893 2674 1974 ejus
2703 1891 3097 1963 mutabatur,
3148 1897 3208 1951 et
3263 1889 3566 1952 similiter

249 1997 444 2060 ﬂebat
486 2004 721 2073 sanctas
751 1999 887 2076 ejus
925 1998 1160 2071 carnis,
1189 2005 1252 2060 et
1282 1997 1347 2058 in
1379 2004 1802 2077 augmentum
1837 2005 1902 2059 et
1965 1995 2501 2057 sustentationem
2539 1991 2915 2054 conferebat
2966 1989 3153 2070 juxta
3215 1988 3566 2073 humanum

247 2101 521 2156 morem.
557 2095 765 2175 Igitur
797 2103 856 2156 et
885 2113 1056 2158 nunc
1077 2095 1267 2174 panis
1301 2096 1370 2156 in
1421 2112 1674 2156 carnem
1709 2094 1966 2154 Domini
1993 2100 2301 2153 mutatur.
2356 2093 2432 2152 Et
2473 2088 2806 2170 quomodo,
2846 2089 3089 2167 inquis,
3141 2106 3272 2148 non
3298 2095 3572 2165 apparet

247 2193 436 2255 nobis
468 2210 640 2268 caro,
669 2192 776 2255 sed
821 2194 1010 2272 panis
1036 2195 1066 2254 ?
1098 2194 1175 2256 Ut
1208 2208 1334 2254 non
1369 2191 1836 2255 abhorreamus
1882 2190 1958 2252 ab
2016 2190 2152 2272 ejus
2185 2208 2317 2250 esu.
2353 2182 2514 2251 Nam
2541 2189 2591 2251 si
2651 2189 2920 2267 quidem
2956 2203 3103 2248 caro
3135 2184 3568 2266 apparuisset,

247 2291 609 2353 ihsuaviter
663 2291 874 2353 affecti
934 2306 1228 2352 essemus
1299 2307 1452 2369 erga
1524 2288 2081 2352 communionem.
2135 2291 2320 2351 Nunc
2361 2297 2600 2359 autem,
2665 2284 3228 2349 condescendente
3290 2282 3574 2346 Domino

250 2396 491 2451 nostras
523 2389 902 2463 inﬁrmitati,
941 2387 1084 2450 talis
1123 2392 1388 2465 apparet
1438 2387 1622 2450 nobis
1650 2387 1960 2467 mysticus
1991 2385 2168 2449 cibus
2190 2431 2206 2460 ,
2232 2385 2538 2467 qualibus
2569 2384 2814 2466 alioqui
2848 2383 3095 2446 assueti
3131 2399 3387 2444 sumus.
3421 2405 3449 2437 »

335 2484 435 2546 94.
473 2485 784 2551 Claudius
823 2484 1191 2553 Salmasius,
1223 2485 1342 2545 sub
1373 2484 1638 2546 nomine
1664 2483 1986 2564 Simplicii
2021 2484 2254 2557 Verini,
2293 2484 2358 2545 in
2390 2500 2586 2563 Opere
2621 2484 2705 2543 De
2740 2481 3465 2544 transsubstantiatione
3498 2479 3574 2539 ﬂii

253 2583 508 2646 Justum
541 2585 803 2646 Parium
839 2592 1061 2647 contra
1091 2585 1435 2662 Hugonem
1469 2582 1792 2656 Grotium,
1827 2578 2302 2659 TlieOphylacti
2347 2581 2738 2642 sententiam
2774 2581 3184 2660 expendens,
3237 2577 3576 2640 veritatem

253 2676 338 2740 ab
367 2694 447 2740 eo
478 2677 778 2742 traditam
807 2679 960 2741 vidit
995 2675 1245 2758 primo;
1273 2676 1499 2739 oculos
1523 2675 1763 2738 deinde
1796 2675 2050 2748 clausit,
2085 2692 2165 2737 ne
2196 2675 2441 2738 videret
2474 2694 2639 2739 eam.
2680 2675 2885 2736 Verba
2918 2680 3070 2735 sunt
3103 2673 3244 2754 ejus
3270 2689 3418 2754 pag.
3458 2670 3532 2734 10
3563 2693 3577 2730 :

253 2772 330 2839 Si
346 2778 562 2857 panis,
598 2786 796 2839 exuta
825 2778 1101 2859 propria
1147 2776 1532 2845 substantia,
1568 2773 1855 2836 induerit
1901 2773 2326 2838 substantiam
2349 2775 2644 2854 corporis
2681 2773 2951 2847 Christi,
2987 2790 3114 2834 non
3143 2773 3420 2853 amplius
3448 2771 3580 2854 ejus

255 2874 468 2952 figura
490 2873 619 2936 dici
646 2884 938 2953 posset...
979 2873 1152 2937 Unde
1187 2882 1244 2933 et
1275 2873 1376 2934 illi
1405 2874 1515 2950 qui
1571 2872 2005 2949 crediderunt,
2033 2878 2258 2956 panem
2311 2886 2371 2938 et
2405 2876 2625 2936 vinum
2655 2873 3090 2938 Eucharistia:
3115 2876 3186 2938 in
3244 2890 3484 2952 corpus
3522 2884 3583 2934 et

257 2973 636 3049 sanguinem
667 2973 932 3048 Christi,
968 2971 1340 3033 substantia:
1375 2970 1822 3039 demutatione,
1853 2974 2171 3041 converti;
2217 2973 2536 3053 negarunt
2600 2989 2828 3051 panem
2875 2980 2934 3034 et
2983 2975 3204 3034 vinum
3239 2990 3370 3032 esse
3409 2969 3584 3024 τύπον

260 3072 362 3133 vel
387 3072 684 3124 ἀντίτυπον
708 3074 999 3151 corporis
1039 3079 1098 3132 et
1135 3070 1470 3149 sanguinis
1506 3069 1774 3142 Christi,
1809 3078 1879 3130 ut
1914 3069 2448 3150 Theophylactus.
2489 3071 2726 3132 Locum
2762 3069 2906 3148 ejus
2937 3070 3005 3130 in
3040 3071 3331 3133 Marcum
3380 3075 3581 3140 notat,

262 3167 348 3231 de
403 3186 536 3249 quo
587 3168 776 3231 infra.
821 3170 970 3230 Haec
1035 3167 1193 3230 ﬁdes
1253 3173 1346 3228 est
1420 3165 1723 3228 Ecclesiae
1760 3164 2110 3229 catholicas.
2144 3169 2294 3231 Hmc
2334 3168 2476 3230 sine
2517 3166 2723 3229 dubio
2788 3166 3053 3248 Bulgari
3104 3151 3582 3248 archiepisc'Opi

263 3270 613 3331 sententia.
673 3267 840 3341 Quid
917 3269 1110 3329 vero?
1150 3262 1724 3346 Splendidissimae
1779 3261 2132 3325 Salmasius
2196 3265 2324 3327 luci
2388 3265 2698 3327 claudens
2756 3265 3009 3339 oculos,
3040 3274 3232 3328 sectae
3269 3266 3585 3347 prmjudi-

263 3366 370 3428 cio
425 3366 758 3444 abreptus,
789 3364 952 3427 nihil
1001 3362 1176 3427 aliud
1244 3361 1644 3426 intellexisse
1702 3360 2261 3442 'l‘thphylactum
2327 3363 2439 3437 ait,
2476 3362 2606 3423 nisi
2639 3360 2971 3442 quamdam
3027 3363 3295 3424 virtutis
3366 3376 3584 3425 trans-

264 3464 706 3526 mutationem.

344 3562 527 3622 Hanc
578 3577 771 3622 unam
807 3559 886 3621 ab
919 3575 997 3623 eo
1027 3558 1248 3622 doceri
1300 3558 1637 3622 contendit
1690 3558 2083 3621 Edmundus
2123 3558 2504 3622 Albertinus
2572 3559 2664 3619 De
2707 3558 3134 3620 Eucharistiae
3165 3569 3586 3630 sacramento,

265 3656 788 3737 suffragiumque
835 3657 965 3735 peti
1027 3675 1218 3737 posse
1250 3657 1589 3719 contendit
1640 3673 1720 3718 ex
1754 3658 2224 3732 commentario
2253 3657 2320 3719 in
2355 3652 2549 3736 caput
2582 3674 2692 3720 xiv
2728 3657 2954 3731 Marci,
2993 3677 3050 3718 v.
3083 3658 3163 3717 22
3205 3680 3215 3718 ;
3257 3681 3285 3714 «
3325 3659 3464 3719 Hoc
3500 3670 3594 3720 est

267 3773 506 3834 corpus
532 3774 752 3816 meum.
796 3756 945 3827 Hoc,
978 3757 1276 3834 inquam,
1313 3755 1490 3836 quod
1526 3753 1810 3818 sumitis.
1846 3753 1993 3818 Non
2025 3755 2189 3814 enim
2256 3755 2467 3834 ﬁgura
2534 3762 2591 3815 et
2624 3753 2954 3834 exemplar
2996 3753 3310 3836 quoddam
3365 3756 3591 3819 Domi-

268 3855 406 3915 nici
443 3854 738 3933 corporis
763 3855 956 3934 panis
1001 3862 1118 3928 est,
1151 3855 1265 3916 sed
1295 3855 1362 3914 in
1389 3853 1555 3915 illud
1587 3854 1795 3933 ipsum
1832 3851 2231 3913 convertitur
2271 3870 2507 3932 corpus
2528 3851 2796 3916 Christi.
2829 3853 3156 3915 Dominus
3187 3854 3364 3916 enim
3394 3854 3590 3917 dicit:

266 3953 466 4018 Panis
504 3968 684 4033 quem
714 3932 824 4030 ego
852 3932 1038 4024 dabo,
1073 3969 1223 4013 caro
1262 3971 1396 4011 mea
1435 3961 1548 4012 est.
1581 3932 1721 4014 Non
1747 3949 1941 4023 dixit,
1977 3950 2219 4029 Figura
2268 3958 2363 4012 est
2409 3952 2624 4014 carnis
2661 3970 2844 4026 mem,
2879 3954 3019 4029 sed,
3061 3953 3228 4016 Caro
3269 3974 3408 4017 mea
3475 3967 3590 4018 est.

268 4055 347 4116 Et
382 4054 616 4115 iterum
647 4075 661 4113 :
697 4053 842 4116 Nisi
872 4049 1132 4113 ederitis
1181 4070 1435 4113 carnem
1468 4051 1630 4114 Filii
1668 4049 1968 4112 hominis.
2020 4049 2096 4107 Et
2127 4047 2485 4126 quomodo,
2530 4047 2780 4129 inquis,
2839 4069 2988 4112 caro
3018 4070 3149 4112 non
3185 4051 3494 4116 videtur?
3538 4056 3593 4118 Ο

271 4151 490 4224 homo,
529 4157 789 4232 prepter
821 4155 1106 4211 nostram
1169 4147 1601 4211 inﬁrmitatem
1638 4145 1813 4209 istud
1875 4145 1964 4207 fit.
1996 4146 2160 4222 Quia
2219 4147 2394 4208 enim
2441 4149 2627 4229 panis
2660 4148 2929 4230 quidem
2986 4158 3048 4214 et
3098 4153 3325 4215 vinum
3358 4171 3437 4217 ex
3494 4154 3594 4216 his

271 4256 451 4320 sunt,
481 4249 666 4326 [LVI]
701 4246 942 4328 quibus
1001 4245 1441 4320 assuevimus,
1489 4262 1562 4307 ea
1609 4260 1738 4306 non
1780 4241 2232 4306 abhorremus.
2271 4245 2661 4325 Sanguinem
2688 4264 2841 4310 vero
2867 4251 3213 4329 proprium
3247 4259 3307 4313 et
3340 4270 3596 4313 carnem

269 4347 594 4421 videntes,
657 4363 785 4408 non
823 4344 1164 4419 ferremus,
1215 4345 1328 4424 sed
1374 4343 1898 4407 abhorreremus.
1934 4343 2183 4406 Idcirco
2249 4345 2615 4408 misericors
2687 4349 2890 4424 Deus,
2921 4356 3169 4412 nostrai
3229 4351 3591 4414 inﬁrmitati

272 4445 830 4518 condescendens,
865 4444 1134 4524 speciem
1164 4442 1413 4523 quidem
1437 4445 1631 4523 panis
1666 4451 1725 4503 et
1755 4443 1890 4503 vini
1927 4451 2140 4504 servat
2183 4464 2201 4504 :
2233 4444 2303 4505 in
2333 4443 2638 4505 virtutem
2669 4454 2879 4506 autem
2911 4449 3127 4510 carnis
3153 4457 3211 4510 et
3256 4451 3596 4529 sanguini.-

271 4541 816 4617 transelementat,
874 4553 1299 4623 μεταστοιχειοί.
1336 4564 1367 4596 ι
1402 4543 1590 4615 Ecce,
1631 4539 1968 4619 inquiunt,
2035 4541 2548 4620 transformatio,
2589 4545 2947 4617 conversio,
2985 4547 3593 4614 transelemcntatio.

273 4658 472 4720 quam
499 4639 1027 4721 TheOphylactus
1080 4643 1288 4712 docet,
1328 4640 1396 4701 in
1425 4639 1730 4700 virtutem
1779 4638 1956 4701 scilic

1913 4638 2029 4699 icet
2086 4638 2303 4699 carnis
2355 4647 2414 4700 et
2477 4640 2837 4718 sanguinis,
2873 4642 2954 4705 sic
2996 4641 3231 4715 δύναμιν
3265 4646 3473 4714 σαρκὸς
3503 4650 3596 4700 καὶ

271 4737 534 4807 αἳματος.
571 4739 750 4800 Hanc
781 4739 975 4801 etiam
1002 4739 1346 4818 amplexus
1379 4742 1478 4798 est
1503 4735 2405 4814 interpretationemJoannes
2446 4735 2759 4799 Claudius
2795 4737 2859 4799 in
2904 4738 3041 4800 suis
3083 4740 3158 4800 ad
3185 4739 3598 4821 Perpetuita-

271 4845 399 4897 tem
420 4834 568 4913 ﬁdei
601 4835 899 4898 Ecclesiae
939 4834 1510 4914 responsionibus.
2741 4883 2744 4886 .

362 4936 807 5007 Levissimam,
847 4953 917 4998 ac
972 4935 1255 5005 futilem,
1292 4941 1352 4996 et
1414 4933 1709 5013 iniquam
1779 4933 2380 5012 interpretationem
2417 4939 2822 5018 amplissimo
2863 4941 3093 5004 refellit
3128 4960 3430 5008 sermone
3477 4951 3598 5008 Ar-

277 5033 514 5096 naldus
539 5035 763 5096 tomo!
798 5035 888 5094 De
919 5035 978 5095 la
1002 5030 1365 5114 perpe’tuité
1414 5030 1488 5091 de
1521 5032 1583 5092 Ia
1613 5033 1736 5093 Foi
1763 5031 1836 5092 de
1870 5030 2158 5112 l’Eglise,
2219 5034 2383 5098 libro
2416 5055 2486 5108 ιι,
2523 5039 2732 5116 capite
2775 5039 2843 5115 2,
2869 5047 2943 5102 et
2985 5050 3161 5103 tomo
3194 5044 3271 5116 ll,
3311 5045 3475 5107 libro
3511 5067 3599 5120 ιν,

279 5130 491 5210 capite
523 5132 584 5193 5.
619 5132 888 5193 Fuerint
919 5133 1251 5194 enimvero
1285 5136 1606 5206 postrema
1646 5128 1754 5190 illa
1792 5129 2264 5210 TheOphylacti
2317 5133 2511 5196 verba
2570 5135 2636 5196 in
2678 5137 2963 5199 Marcum
3011 5155 3140 5201 non
3201 5141 3287 5202 ita
3339 5141 3509 5205 clara
3541 5156 3601 5204 et

279 5226 769 5306 quodammodo
798 5229 1145 5306 ambigua;
1177 5245 1469 5308 qumnam
1503 5226 1773 5304 aequitas
1829 5223 1948 5301 es't,
1986 5237 2220 5291 rectam
2256 5248 2481 5294 eorum
2549 5228 3058 5313 intelligentiam
3085 5254 3164 5299 ex
3201 5238 3282 5301 iis
3318 5257 3447 5302 non
3483 5259 3598 5304 ex-

280 5323 576 5402 culpere,
610 5341 759 5404 quae
818 5325 1060 5396 ibidem
1124 5335 1184 5388 et
1217 5325 1372 5387 alibi
1431 5325 1798 5387 clarissima
1846 5341 1918 5386 ac
1981 5326 2417 5392 disertissima
2469 5329 2816 5404 habentur,
2853 5335 2968 5396 sed
3013 5335 3150 5398 iliBC
3195 5338 3598 5418 amplissima

284 5420 486 5483 unius
519 5423 717 5493 vocis,
750 5421 812 5483 id
845 5430 939 5484 est
976 5425 1261 5497 virtutis,
1298 5421 1742 5500 ambiguitate,
1782 5423 1838 5484 si
1873 5441 1996 5503 qua
2026 5432 2236 5487 tamen
2272 5433 2393 5502 est,
2421 5426 2746 5491 infuscare
2771 5433 2798 5489 ?
2826 5430 2888 5493 Si
2957 5439 3088 5496 tota
3119 5438 3596 5498 transmutatio.

283 5537 435 5600 quae
467 5519 534 5580 in
572 5520 969 5582 Eucharistia
1003 5521 1273 5581 traditur
1311 5537 1345 5582 a
1377 5520 1893 5600 'l‘heOphylacto,
1931 5539 2003 5584 ea
2036 5525 2121 5584 sit
2158 5523 2474 5588 duntaxat
2536 5531 2991 5590 transmutatio
3049 5531 3340 5606 virtutis,
3373 5541 3484 5596 aut
3535 5539 3598 5594 ir

281 5618 589 5678 virtutem
614 5619 908 5697 corporis
947 5624 1007 5678 et
1035 5617 1376 5695 sanguinis
1412 5616 1695 5692 Christi;
1733 5618 1792 5679 id
1841 5619 2006 5680 nihil
2041 5620 2214 5682 aliud
2249 5622 2375 5684 erit
2409 5640 2602 5702 quam
2643 5625 2794 5705 pani
2821 5634 2883 5689 et
2911 5628 3064 5690 vino
3101 5633 3499 5695 consecratis
3544 5649 3598 5694 (-l

283 5714 652 5778 benedictis
687 5716 988 5778 tributam
1018 5732 1052 5777 a
1090 5717 1227 5776 Deo
1265 5715 1464 5777 fuisse
1507 5716 1809 5777 virtutem
1845 5718 2142 5797 corporis
2175 5726 2233 5779 et
2260 5719 2606 5797 sanguinis
2647 5722 2936 5799 Domini,
2981 5743 3099 5788 seu
3133 5726 3436 5791 virtutem
3472 5748 3598 5793 nu-

289 5812 526 5874 trieudi
563 5819 626 5876 et
667 5814 1032 5876 vivilirandi
1075 5831 1186 5892 per
1219 5814 1492 5893 gratiam
1528 5814 1932 5893 spiritualem
1968 5815 2255 5877 ﬁdelium
2304 5816 2580 5880 animas.
2616 5820 2753 5882 Erit
2788 5840 2943 5901 ergo
2977 5824 3460 5889 eucharisticus
3498 5849 3605 5909 pu~

293 5909 418 5985 ui<,
458 5920 516 5971 et
554 5913 771 5976 vinum
808 5911 1314 5975 «)urltarislitrum
1342 5913 1614 5992 simplex
1654 5913 1882 5992 ﬁgura,
1925 5915 2224 5976 virtutem
2267 5913 2509 5979 habens
2545 5921 2835 5995 corporis
2866 5929 2924 5985 et
2963 5924 3305 6004 sanguinis
3346 5924 3546 5985 Clu-ist
3596 5983 3600 5992 ,
