4262 6432
733 417 839 484 115
1585 413 1811 474 BERN.
1858 412 2127 474 MARUE
2166 414 2265 474 DE
2302 410 2589 473 RUBEIS
2630 407 3141 471 DISSERTATIO
3886 400 4007 467 116

730 548 857 595 non
880 530 1091 610 ipsum
1117 528 1456 591 continens
1481 526 1736 591 Domini
1769 541 2002 607 corpus
2028 534 2090 588 et
2111 525 2516 605 sanguinem.
2542 522 2672 586 Cur
2698 538 2855 601 ergo
2887 528 3011 584 tam
3043 518 3321 585 sollicite
3355 519 3665 613 Bulgarus
3694 516 4001 582 animati-

732 629 917 690 vertit
983 643 1112 688 non
1166 626 1409 687 dixisse
1463 624 1885 693 Dominum,»
1922 624 2061 686 Hoc
2125 633 2221 684 est
2293 622 2520 700 ﬁgura,
2581 622 2719 692 sed,
2798 620 2938 682 Hoc
3021 628 3112 680 est
3167 636 3395 697 corpus
3476 636 3678 679 meum
3735 624 3799 678 et
3842 635 4000 678 caro

731 726 909 785 mea?
948 723 1077 786 Cur
1118 728 1376 802 urgeat,
1419 738 1640 800 panem
1696 723 1983 783 converti
2032 722 2101 783 in
2139 720 2346 803 ipsum
2390 734 2623 797 corpus
2670 715 2953 789 Christi,
3002 726 3056 777 et
3110 714 3561 795 transformari
3619 715 3689 775 in
3743 730 4003 774 carnem

734 820 1005 881 Domini.
3842 807 3845 810 ’

808 917 957 979 Hec
989 914 1263 979 audiens
1290 914 1584 978 turbatur
1606 914 1767 977 ratio
1790 930 1864 976 ac
1892 928 2128 977 sensus
2152 910 2508 974 hominum.
2542 914 2786 975 Verum
2812 930 2888 973 ne
2906 910 3227 977 turbetur.
3253 928 3365 972 cur
3396 909 3479 970 ad
3514 926 3750 971 arcana
3776 908 4000 977 verba,

728 1011 806 1073 ad
830 1010 1273 1074 accessionem
1306 1010 1586 1089 Spiritus
1614 1009 1839 1084 sancti,
1862 1007 1944 1069 ad
1972 1007 2351 1090 ineﬂ‘abilem
2380 1010 2836 1089 operationem,
2862 1024 3009 1087 qua)
3040 1015 3444 1079 transmutat,
3480 1014 3540 1068 et
3563 1006 3999 1085 trans/armet,

729 1116 789 1168 et
825 1108 1353 1184 tramelementet,
1387 1105 1893 1187 confugiendum
1924 1104 2184 1168 fuerat?
2220 1106 2348 1169 Cur
2371 1108 2595 1171 eadem
2631 1108 3107 1181 transmutatio,
3141 1105 3359 1185 aliquo
3389 1112 3457 1175 ut
3491 1102 4005 1185 modopossibi-

733 1203 813 1264 Iis
842 1205 975 1266 Deo
1007 1196 1422 1283 intelligatur,
1479 1202 1836 1280 comparari
1878 1202 2179 1265 debuerit
2208 1219 2355 1265 cum
2386 1222 2554 1288 pane
2582 1205 2695 1267 illo
2726 1205 2835 1282 qui
2875 1224 2915 1264 a
2942 1204 3205 1265 Domino
3254 1200 3617 1263 ambulante
3647 1200 4006 1263 manduca-

729 1298 941 1373 liatur,
974 1307 1036 1361 et
1092 1300 1236 1379 ejus
1285 1301 1349 1361 in
1394 1315 1629 1377 corpus
1688 1298 2075 1371 mutabatur,
2128 1299 2445 1379 ﬁebatqne
2508 1299 2743 1364 similis
2786 1317 2904 1381 per
2960 1300 3450 1363 conversionem
3503 1294 4001 1360 substantialem

731 1395 1025 1476 ejusdem
1050 1397 1269 1460 carni?
1506 1394 1511 1399 ⁷

803 1493 926 1557 Sed
961 1492 1173 1555 adhuc
1199 1492 1473 1555 humana
1500 1493 1662 1554 ratio
1690 1500 1756 1555 et
1788 1492 2120 1554 hominum
2156 1509 2392 1556 sensus
2422 1495 2670 1559 resistit
2704 1518 2719 1557 :
2743 1493 2891 1559 Non
2918 1503 3192 1575 apparet
3218 1492 3403 1555 nobis
3432 1484 3628 1563 caro,
3660 1489 4001 1569 inquiens,

732 1589 845 1653 mi
866 1592 1079 1670 panis.
1112 1592 1175 1652 Si
1210 1599 1533 1654 remaneat
1560 1591 1920 1653 substantia
1957 1591 2166 1670 panis,
2198 1599 2260 1654 et
2295 1607 2487 1655 unam
2519 1591 2745 1655 subeat
2773 1591 3183 1652 mutationem
3211 1586 3624 1665 virtutis,.vel
3660 1602 3693 1650 a
3730 1588 3864 1649 Deo
3887 1584 4005 1647 ob-

728 1689 926 1749 tineat
960 1688 1262 1748 virtutem
1292 1687 1654 1749 vivificandi
1692 1688 1963 1761 animas,
1998 1704 2193 1767 quam
2228 1688 2416 1767 panis
2439 1688 2713 1768 ejusque
2742 1687 3106 1749 substantia
3139 1704 3255 1766 per
3278 1702 3423 1749 sese
3457 1701 3589 1747 non
3632 1683 3848 1754 habet,
3884 1699 4008 1744 our

725 1782 1366 1847 animadvertendum
1413 1782 1625 1849 fuerat
1681 1800 1801 1851 nos
1840 1784 2032 1846 edere
2062 1800 2131 1846 ac
2155 1792 2372 1862 potare
2401 1786 2469 1846 in
2500 1783 2904 1849 Eucharistia
2935 1798 3171 1861 corpus
3201 1795 3263 1845 et
3294 1782 3685 1861 sanguinem
3731 1779 4004 1853 Christi,

726 1893 855 1940 non
882 1894 1108 1941 eorum
1132 1878 1718 1959 duntaxatﬂguram
1750 1879 2053 1943 sumere?
2082 1882 2445 1945 Abhorrere
2476 1898 2594 1944 nos
2620 1880 2847 1960 utique
2880 1897 2915 1942 a
2945 1878 3162 1942 crudte
3191 1879 3406 1941 carnis
3449 1879 3751 1940 humanae
3792 1892 4009 1940 come-

725 1974 961 2046 stione,
990 1992 1062 2036 ac
1100 1982 1253 2055 potu
1289 1977 1631 2057 sanguinis
1657 1977 1957 2040 humani:
1985 1978 2101 2041 sed
2129 1986 2367 2041 nostra)
2392 1976 2729 2057 indulgere
2752 1976 3075 2040 infimitati
3110 1977 3313 2037 Deum
3341 1975 3654 2037 voluisse.
3684 1976 3771 2036 Ita
3806 1986 4007 2053 porro

724 2086 981 2132 carnem
1024 2079 1087 2131 et
1118 2071 1501 2151 sanguinem
1529 2091 1720 2135 suum
1749 2090 2001 2152 parasse
2037 2075 2225 2137 nobis
2249 2075 2466 2139 cibum
2500 2080 2562 2137 et
2594 2082 2843 2152 potum,
2877 2080 2948 2135 ut
2971 2072 3122 2153 pani
3163 2090 3234 2134 ac
3263 2072 3443 2146 vino,
3480 2073 3719 2151 quibus
3752 2068 4004 2134 assueti

726 2182 981 2240 sumus,
1014 2179 1395 2246 apparerent
1420 2169 1710 2250 similia?
1746 2172 2058 2251 Adeoque
2082 2188 2315 2251 panem
2354 2153 2619 2257 quidem
2674 2168 2862 2231 nobis
2898 2184 3208 2247 apparere
3234 2178 3294 2230 et
3327 2168 3579 2257 vinum,
3620 2168 3734 2230 sed
3776 2182 4007 2227 revera

725 2280 975 2323 carnem
1002 2281 1132 2323 esse
1171 2273 1229 2325 et
1250 2266 1616 2342 sanguinem
1638 2268 1668 2325 γ
1708 2266 2023 2329 Videlicet
2055 2268 2318 2330 demum
2345 2259 2613 2347 speciem
2632 2266 2825 2347 panis
2852 2273 2909 2325 et
2930 2265 3066 2326 vini
3088 2282 3395 2339 servasse,
3429 2272 3491 2326 at
3523 2278 3756 2344 panem
3783 2263 4000 2341 ipsum

724 2366 786 2418 et
818 2358 1037 2420 vinum
1070 2360 1133 2421 in
1176 2378 1430 2423 carnem
1464 2371 1523 2424 et
1550 2362 1931 2447 sanguinem
1976 2368 2482 2428 transmutasse?

801 2456 966 2528 Quid
996 2463 1118 2531 est,
1173 2458 1347 2536 quod
1389 2458 1657 2537 objicias
1692 2459 1935 2521 dictum
1983 2476 2014 2521 a
2049 2460 2556 2542 Theophylacto,
2600 2463 2827 2525 factam
2887 2460 3636 2524 transelementationem
3687 2458 3893 2521 fuisse
3934 2460 4002 2519 in

721 2551 1020 2613 virtutem
1052 2556 1343 2633 corporis
1368 2564 1423 2615 et
1454 2557 1783 2635 sanguinis
1814 2557 2114 2618 Domini?
2154 2558 2222 2619 ld
2259 2560 2484 2639 utique
2519 2560 2585 2622 in
2617 2560 2737 2623 hoc
2770 2560 2847 2621 ad
2880 2567 3173 2623 sanctum
3198 2561 3480 2620 Marcum
3508 2558 3646 2619 loco
3678 2557 3765 2617 ait
3790 2556 4006 2617 Theo-

724 2647 1087 2729 Dbylactus,
1127 2652 1299 2731 quod
1343 2653 1419 2713 ad
1446 2664 1736 2715 sanctum
1767 2654 2136 2717 Matthaeum
2170 2664 2230 2717 et
2258 2658 2574 2720 Joannem
2609 2658 2817 2732 docet,
2844 2672 3072 2734 panem
3119 2651 3369 2734 quidem
3423 2653 3602 2715 nobis
3643 2669 3989 2731 apparere.

720 2747 835 2809 sed
866 2764 1086 2807 revera
1115 2766 1369 2808 carnem
1390 2768 1518 2808 esse
1546 2770 1569 2809 :
1606 2757 1664 2809 et
1697 2752 2148 2830 transformari
2174 2756 2429 2817 arcanis
2460 2752 2666 2815 verbis
2714 2771 2939 2831 panem
2972 2751 3177 2825 illum,
3212 2752 3461 2812 etiamsi
3490 2750 3672 2811 nobis
3702 2749 4005 2810 videatur

714 2847 931 2923 panis,
965 2848 1033 2907 in
1065 2866 1313 2907 carnem
1345 2848 1599 2910 Domini
1626 2870 1646 2909 :
1677 2858 1734 2911 et
1766 2867 1989 2927 panem
2048 2853 2116 2912 in
2172 2869 2423 2913 carnem
2470 2849 2725 2910 Domini
2756 2848 3016 2915 mutari,
3050 2847 3198 2909 licet
3244 2844 3393 2908 talis
3452 2845 3633 2907 nobis
3692 2853 4005 2923 appareat

721 2944 1025 3020 mysticus
1058 2943 1256 3017 cibus,
1288 2944 1579 3023 qualibus
1635 2945 1876 3025 alioqui
1906 2948 2142 3007 assueti
2189 2966 2425 3010 sumus.
2460 2950 2617 3010 Rem
2654 2947 2818 3009 hanc
2856 2944 3154 3026 patefacit
3206 2946 3273 3007 in
3310 2945 3537 3007 eodem
3594 2944 3669 3005 ad
3712 2952 4003 3004 sanctum

724 3039 1007 3101 Marcum
1040 3038 1180 3101 loco
1241 3048 1603 3102 contextus.
1640 3042 1807 3103 Dicit
1840 3043 2013 3104 enim
2047 3042 2575 3123 archiepiscopus
2612 3062 2836 3123 panem
2878 3062 3006 3103 non
3039 3062 3165 3104 esse
3221 3044 3490 3123 ﬁguram
3562 3051 3617 3103 et
3675 3039 4007 3120 exemplar

721 3134 1032 3216 quoddam
1073 3137 1391 3198 Dominici
1445 3140 1757 3217 corporis,
1790 3140 1927 3209 sed,
1961 3141 2032 3201 in
2060 3140 2265 3220 ipsum
2300 3141 2580 3202 converti
2618 3158 2848 3219 corpus
2882 3139 3150 3202 Christi.
3187 3140 3382 3201 Addit
3412 3139 3549 3215 ille,
3581 3157 3831 3199 carnem
3863 3139 4008 3217 qui-

722 3232 859 3293 dem
887 3250 1013 3291 non
1051 3233 1275 3303 videri,
1321 3235 1432 3293 sed
1465 3246 1738 3312 propter
1764 3246 2048 3296 nostram
2075 3237 2505 3315 inﬁrmitatem
2535 3237 2711 3298 istud
2742 3237 2901 3308 ﬁeri,
2936 3238 3244 3317 quoniam
3276 3236 3356 3298 ab
3396 3253 3513 3297 esu
3546 3236 3757 3297 carnis
3792 3236 4006 3297 homi-

723 3329 824 3389 nis
852 3336 911 3391 et
940 3330 1277 3407 sanguis-is
1316 3338 1464 3407 potu
1494 3332 1941 3392 abhorremus.
1983 3333 2279 3410 Denique
2311 3332 2671 3407 concludit,
2708 3336 2979 3414 speciem
3011 3336 3197 3415 panis
3230 3344 3289 3395 et
3318 3335 3453 3394 vini
3483 3334 3748 3406 servari,
3775 3333 3886 3395 sed
3929 3334 4004 3393 in

721 3428 1022 3485 virtutem
1054 3428 1265 3485 carnis
1294 3436 1345 3485 et
1376 3429 1701 3502 sanguinis
1725 3430 2266 3492 transelemmtari
2286 3448 2511 3510 panem
2543 3440 2600 3490 et
2630 3434 2863 3493 vinum.
2897 3432 3061 3505 Quis
3092 3431 3257 3493 hanc
3286 3434 3583 3492 virtutem
3609 3429 4008 3493 intellexerit

721 3523 979 3583 veritati
1009 3524 1365 3601 Oppositum
1394 3526 1420 3581 ‘2

799 3620 937 3681 lmo
971 3621 1235 3699 speciem
1256 3622 1442 3698 panis
1481 3630 1535 3681 et
1569 3622 1725 3693 vini,
1761 3624 2014 3700 reponit
2045 3622 2448 3699 Albertinus,
2475 3629 2544 3688 in
2572 3626 3097 3687 virtutemcarnis
3128 3632 3183 3687 et
3208 3626 3764 3705 sanguinis,juxta
3794 3624 4002 3687 Theo-

724 3714 1117 3795 phylactum,
1161 3715 1711 3780 transelementari
1743 3740 1761 3779 :
1793 3737 1938 3798 qum
1974 3736 2098 3781 non
2135 3720 2259 3782 alia
2293 3728 2413 3794 est,
2448 3720 2573 3782 nisi
2613 3723 2897 3796 virtutis,
2942 3729 3060 3784 aut-
3079 3723 3147 3783 in
3179 3723 3479 3783 virtutem
3517 3723 3998 3783 transmutatio.

720 3816 856 3876 lmo
890 3815 966 3877 de
997 3815 1333 3875 subtantia:
1402 3816 1589 3894 panis
1660 3824 1722 3879 et
1780 3818 1909 3879 vini
1974 3815 2629 3881 transelementatione
2686 3820 3123 3882 disertissime
3162 3837 3353 3902 agere
3415 3820 4002 3899 TheOphylactum,

718 3911 951 3992 inquio
1016 3930 1177 3991 ego,
1241 3916 1647 3976 consentient
1740 3916 1891 3976 boni
1952 3932 2188 3977 sensus
2249 3916 2462 3993 [LVII]
2551 3932 2804 3979 omnes.
2894 3916 3390 3996 ArchiepiscOpi
3462 3934 3768 3997 namque,
3848 3934 4001 3977 sana

719 4018 930 4071 mente
964 4011 1017 4070 si
1056 4010 1241 4071 verba
1276 4011 1415 4091 ejus
1452 4014 1923 4091 expendantur,
1966 4012 2290 4075 sententia
2344 4020 2442 4074 est
2474 4037 2487 4074 :
2525 4014 2777 4089 Panem,
2814 4032 2993 4095 quem
3050 4014 3359 4074 Dominus
3398 4014 3668 4075 daturus
3722 4020 3835 4086 est,
3874 4031 4005 4072 non

719 4124 845 4165 esse
874 4106 1142 4185 ﬁguram
1168 4110 1379 4168 carnis
1420 4112 1577 4191 ejus,
1603 4110 1709 4169 sed
1741 4114 1871 4191 ejus
1905 4129 2115 4169 veram
2152 4128 2434 4178 carnem;
2467 4130 2716 4172 carnem
2760 4110 3011 4191 quidem
3064 4128 3195 4170 non
3234 4109 3465 4182 videri,
3492 4110 3787 4189 quoniam
3820 4109 4004 4186 inﬁr-

716 4206 926 4265 mitati
958 4215 1212 4278 nostra,
1248 4226 1383 4267 cum
1408 4208 1481 4269 ab
1514 4228 1621 4268 esu
1653 4208 1863 4269 crudae
1888 4210 2101 4269 carnis
2129 4217 2186 4269 et
2209 4209 2539 4288 sanguinis
2571 4210 2825 4271 humani
2848 4219 3040 4286 potus
3074 4208 3548 4279 abhorreamus,
3587 4206 3919 4283 indulgens
3945 4217 4005 4267 et

717 4301 1215 4364 condescendens
1249 4305 1574 4378 Dominus,
1620 4310 1889 4385 speciem
1910 4305 2159 4385 quidem
2190 4308 2376 4386 panis
2399 4319 2465 4368 .et
2507 4307 2642 4367 vini
2679 4314 2913 4379 servat,
2947 4305 3057 4366 sed
3088 4307 3155 4366 in
3182 4306 3486 4366 virtutem
3518 4304 3730 4364 carnis
3762 4312 3819 4363 et
3846 4322 4002 4363 san-

714 4403 927 4475 guinis
959 4421 1183 4481 panem
1222 4405 1429 4480 ipsum
1477 4416 1534 4464 et
1594 4407 1808 4465 vinum
1848 4405 2381 4466 transelementat.
2419 4403 2702 4466 Dubium
2758 4402 2935 4464 enim
2980 4402 3385 4475 movebatur,
3447 4409 3788 4480 propterea
3822 4402 4003 4480 quod

715 4516 859 4560 raro
894 4515 1022 4561 non
1063 4500 1415 4577 videretur,
1451 4513 1512 4565 et
1572 4504 1755 4582 panis
1805 4503 2174 4583 apparebat.
2224 4502 2391 4563 Hinc
2438 4516 2593 4561 vero
2648 4498 2894 4560 solutio
2935 4522 2947 4560 :
2982 4516 3239 4561 carnem
3302 4515 3435 4561 non
3485 4498 3720 4573 videri,
3761 4500 3825 4560 in
3862 4515 4003 4560 eam

718 4598 1154 4660 nihilominus
1188 4618 1414 4677 panem
1454 4603 2044 4676 transelementari,
2084 4608 2331 4663 servata
2365 4599 2586 4675 specie
2620 4596 2831 4674 panis.

795 4700 923 4762 Cur
953 4718 1131 4778 ergo,
1197 4713 1521 4780 reponunt
1574 4702 1978 4774 heterodoxi,
2016 4720 2264 4775 vocem,
2298 4700 2580 4771 virtutis,
2626 4697 2924 4760 adhibeat
2995 4699 3058 4760 in
3094 4698 3324 4761 eodem
3365 4698 3444 4760 ad
3481 4699 3769 4759 Marcum
3822 4714 4006 4759 com-

715 4796 1092 4857 mentario?
1125 4798 1437 4860 Nimirum
1488 4806 1554 4859 ut
1584 4800 1807 4863 doceat
1848 4800 2008 4862 hanc
2069 4798 2207 4862 fieri
2242 4796 2989 4867 transelementationem,
3052 4805 3116 4857 et
3172 4797 3818 4877 trans/ormationem,
3881 4814 4005 4858 seu

718 4896 1311 4955 transmutationem
1346 4897 1408 4957 in
1446 4913 1681 4973 corpus
1724 4897 1981 4970 Christi,
2037 4897 2276 4958 virtute
2317 4895 2580 4975 plenum
2608 4940 2625 4970 ,
2666 4904 2725 4957 et
2764 4913 2881 4957 nos
2942 4896 3298 4958 viviﬁcans.
3378 4897 3535 4957 Rem
3596 4894 3758 4957 hanc
3818 4896 4004 4957 lucu-

713 4991 1081 5055 lentissime
1138 4994 1449 5055 exclamat
1483 4994 1548 5055 in
1582 5002 1793 5071 caput,
1822 5014 1882 5054 vr
1934 4993 2202 5057 Joannis
2239 5011 2254 5051 :
2297 5014 2328 5049 «
2363 4995 2548 5056 Nunc
2580 5000 2797 5057 autem
2832 4993 3400 5056 condescendente
3435 4993 3715 5054 Domino
3767 5004 4006 5056 nostras

715 5090 1093 5162 infirmitati,
1138 5092 1283 5152 talis
1322 5100 1586 5169 apparet
1650 5092 1963 5170 mysticus
2002 5092 2211 5165 cibus,
2258 5091 2565 5171 qualibus
2593 5091 2737 5153 alioi
2794 5090 2839 5151 ii
2875 5089 3120 5151 assueti
3160 5105 3417 5150 sumus.
3466 5086 3595 5147 Pro
3637 5088 3857 5149 mundi
3886 5108 4007 5149 au-

716 5199 830 5246 tem
863 5190 995 5249 vita
1034 5206 1282 5249 carnem
1312 5208 1488 5249 suam
1524 5199 1577 5249 et
1634 5200 1891 5251 mortem
1932 5188 2471 5253 deditam-infra
2516 5211 2531 5250 :
2590 5212 2617 5245 ι
2651 5189 2856 5250 ,ἰυαωί
2906 5204 3056 5249 cum
3095 5186 3436 5247 audissent
3497 5185 3570 5246 de
3629 5204 3735 5245 esu
3786 5189 4002 5248 carnis

720 5284 919 5357 illius,
950 5286 1375 5349 discedunt...
1405 5288 1549 5365 Ipse
1599 5288 1823 5351 volens
1859 5288 1979 5351 hoc
2020 5289 2393 5362 ostendere,
2427 5285 2596 5368 quod
2618 5306 2745 5347 non
2764 5288 2846 5349 sit
2910 5284 3321 5363 impossibile,
3364 5285 3476 5345 sed
3551 5284 3746 5347 etiam
3813 5284 4001 5347 valde

719 5383 1185 5456 necessarium,
1227 5385 1313 5446 ait
1343 5403 1360 5441 :
1410 5385 1557 5448 Non
1573 5394 1781 5464 potest
1801 5387 1991 5447 aliter
2022 5386 2243 5449 haberi
2277 5389 2431 5461 vita,
2465 5388 2593 5448 nisi
2622 5404 2819 5445 meam
2882 5401 3132 5443 carnem
3162 5381 3575 5443 comedetis...
3628 5382 3769 5443 Non
3827 5382 4002 5443 enim

718 5478 869 5540 nudi
889 5479 1160 5542 hominis
1196 5496 1342 5544 caro
1373 5488 1491 5555 est,
1528 5498 1675 5563 qum
1715 5485 2137 5546 manducatur
2178 5506 2192 5544 :
2262 5486 2379 5546 sed
2416 5485 2556 5557 Dei,
2588 5494 2649 5546 et
2708 5502 2843 5564 quas
2875 5482 3165 5561 deiﬁcare
3195 5480 3387 5552 valet,
3438 5489 3668 5555 utpote
3700 5486 3997 5543 contem-

722 5588 930 5652 perata
960 5580 1261 5642 deitati...
1294 5580 1535 5643 lterum
1562 5580 1723 5643 nudi
1752 5582 2022 5644 hominis
2052 5599 2199 5646 caro
2230 5579 2393 5645 nihil
2432 5580 2741 5661 prodesse
2790 5586 2999 5659 potest
3040 5597 3054 5635 :
3096 5579 3207 5641 sed
3241 5578 3397 5658 quia
3421 5581 3592 5641 Deus
3629 5575 3842 5640 univit
3870 5576 4001 5639 sibi

719 5692 972 5738 iarnem
1009 5678 1365 5739 secundum
1403 5678 1800 5741 ineﬂahilem
1846 5680 2531 5757 contemperationem,
2560 5682 2811 5745 viviﬁca
2848 5688 2942 5742 est
2972 5696 3139 5743 caro.
3181 5705 3210 5738 υ

798 5774 1073 5836 Sensum
1104 5777 1408 5850 exprimit
1443 5777 1842 5854 ipsissimum
1884 5776 2275 5857 Euthymius
2308 5780 2376 5841 in
2411 5782 2778 5843 Mattheeum
2814 5804 2826 5841 :
2863 5778 3391 5855 Quemadmodum
3410 5776 4005 5858 supernaturaliter

715 5889 745 5926 α
768 5882 1096 5951 τιυηνρταιη
1132 5890 1377 5933 carnem
1410 5872 1723 5954 deiﬁcavit
1758 5893 1773 5931 :
1812 5886 1865 5935 et
1900 5876 2022 5935 hac
2051 5874 2304 5955 (panem
2346 5888 2405 5941 et
2450 5878 2695 5959 vinum)
2759 5886 3137 5941 transmutat
3163 5879 3229 5941 in
3271 5878 3477 5957 ipsum
3504 5877 3815 5958 viviﬁcum
3850 5893 3999 5938 cor-
