4262 6432
255 382 363 457 111
1114 385 1216 447 ne
1253 365 1796 446 meorumnam
1837 366 2113 444 GESTIS
2145 380 2244 442 nr
2283 379 2659 443 SCRIPTIS.
3465 353 3608 452 mi:

248 514 399 578 pus,
433 507 491 573 et
523 500 592 563 in
621 499 828 579 ipsum
855 497 1210 576 pretiosum
1237 497 1634 578 sanguinem,
1714 502 1773 557 et
1812 495 1883 556 in
1940 489 2215 571 gratiam
2246 490 2564 572 ipsorum.’
2592 491 2810 570 Nugas
2889 487 3146 570 aliquot
3203 487 3366 552 alias
3453 507 3570 568 0p-

251 595 441 673 ponit
511 594 982 677 nugacissimas
1037 595 1329 658 Ioannes
1412 591 1757 666 Claudius,
1796 605 1960 670 quas
1985 587 2249 670 egregie
2282 587 2524 652 refellit
2579 585 2902 650 Arnaldus
2939 587 3211 660 tomoll,
3246 584 3415 667 libro
3485 606 3597 649 in-

252 693 469 770 capite
499 695 560 758 5.

1768 929 1784 939 ,
1798 872 1849 932 Χ
1861 869 2006 945 XIV.

248 1030 830 1112 OEcolampadium
865 1046 1129 1101 accusat
1201 1036 1583 1116 Passerinus
1619 1036 1696 1100 de
1724 1031 2426 1116 locisdepravatisjubi
2445 1031 2803 1116 privatarum.
2825 1029 3035 1091 sancti
3064 1026 3245 1116 ξεῖνε
3275 1024 3578 1116 tradebat

351 1105 895 1200 theop'hylactus.
946 1117 1228 1200 Egregia
1267 1115 1466 1200 plura
1509 1126 1773 1200 ere-stant
1803 1105 2208 1200 testimonia._
2235 1105 2590 1200 Philippus
2620 1110 2949 1200 Marsaeus
2983 1110 3356 1200 repetatur;
3370 1105 3580 1200 aecus

341 1185 1106 1277 ejusdsm'Tlteophgla'cti
1119 1185 1514 1277 impenditur
1529 1198 1602 1277 in
1619 1196 1894 1277 epistola
1909 1191 2356 1277 adﬂicolaum
2375 1185 2716 1277 diaconum
2738 1198 2805 1277 _et
2834 1185 3278 1277 constrisium.
3301 1185 3381 1247 Pi
3386 1186 3583 1277 thteus

341 1212 624 1275 quedam
645 1212 682 1258 1
693 1212 1107 1338 Reiz-agmen
1125 1212 1514 1289 expenauour
1529 1214 1598 1258 sn
1611 1212 1894 1290 .eptstota
1909 1212 1992 1256 aa

333 1273 1304 1418 ε’ἕῖῖίέῗὲἷῂῖηεέῗῧεέἒεῗιῗῖί
1335 1291 1506 1354 "‘9‘
1525 1273 2016 1356 """°““"'°‘"‘

1909 1212 1992 1256 aa
2018 1212 2356 1255 ﬂuctuum
2375 1212 2716 1252 ataconum
2745 1212 2805 1250 es
2834 1212 3278 1268 constratum.
3301 1212 3582 1248 ruimus

1900 1268 2227 1355 'ophetiam
2258 1271 2597 1334 adversum
2623 1265 2908 1344 Iudaeos,
2926 1277 3000 1331 ut
3027 1276 3369 1348 perperam
3397 1272 3583 1325 nota-

332 1370 428 1416 ου
459 1370 695 1415 μείνω
718 1370 943 1416 υαηισι
976 1370 1275 1416 ﬂuuius.

299 1496 438 1563 ‘95.
471 1498 786 1574 Quasnam
834 1498 1040 1562 fuerit
1070 1501 1396 1564 sententia
1469 1498 1945 1580 TbeOphylacti
2002 1497 2079 1560 de
2162 1496 2449 1578 primatu
2502 1493 2713 1561 sancti
2769 1491 2953 1554 Petri
2998 1485 3585 1570 intermpostolos,

252 1593 487 1672 paucis
527 1594 1041 1674 “pendendum
1074 1604 1197 1659 est.
1229 1596 1562 1660 Antonius
1613 1594 2017 1660 Possevinus
2086 1595 2159 1657 in
2190 1593 2533 1676 Apparatu
2563 1607 2751 1674 sacro
2785 1597 2965 1653 tomo
3000 1588 3108 1663 -ΙΙ,
3141 1583 3583 1676 admonet,.in

250 1663 762 1761 Commentariis
793 1691 1271 1774 TbeOphylacti
1291 1692 1562 1776 [altatae
1581 1695 1782 1777 fuisse
1799 1692 1878 1757 ab
1935 1693 2025 1776 eis
2045 1663 2602 1777 ,(mcolempadio
2632 1671 2697 1752 et
2723 1687 3048 1751 Lonicero
3075 1663 3585 1763 interpretibus)

254 1783 455 1860 locos,
486 1789 599 1868 qui
630 1787 716 1850 ad
737 1797 1116 1870 potestatem
1135 1794 1364 1856 summi
1380 1786 2061 1875 pontiﬁcis'speetant.
2121 1788 2439 1855 Criminis
2488 1787 2793 1869 hujusce,
2841 1785 3193 1853 adnotante
3255 1779 3582 1854 Simonio,

254 1883 698 1950 beterodoxos
727 1885 883 1952 illos
919 1887 1316 1969 interpretes
1352 1905 1485 1954 non
1516 1884 1780 1954 accusat
1815 1889 2165 1970 Philippus
2194 1889 2575 1963 Montanus,
2609 1885 2726 1967 qui
2772 1885 3011 1963 solum
3079 1882 3175 1947 ait
3209 1881 3281 1946 in
3351 1878 3586 1946 Prefa-

254 1983 442 2046 tione
472 1983 552 2046 ad
577 1984 1099 2053 Commentarios
1134 1985 1202 2049 in
1251 1987 1627 2067 Evangelia,
1684 1989 1917 2052 menda
1977 1984 2258 2066 plurima
2291 1984 2360 2048 in
2403 1983 2604 2047 editis
2649 1998 3026 2056 occurrere,
3087 1999 3223 2063 qua
3280 1978 3586 2043 scribane

254 2084 370 2137 aut
403 2076 830 2158 tgpographo,
888 2097 977 2140 an
1042 2079 1392 2160 interpreti
1442 2080 2003 2164 (OEcoIampadio)
2053 2080 2360 2146 mutilove
2416 2079 2630 2153 codici
2690 2077 3072 2162 imputanda
3118 2079 3275 2153 sint,
3308 2075 3590 2140 aliorum

257 2181 390 2235 esto
407 2172 756 2254 judicium.
779 2177 854 2237 Et
885 2174 952 2238 in
989 2175 1372 2255 prmfatione
1420 2179 1495 2242 ad
1561 2177 1888 2257 Epistolas
1961 2178 2192 2243 Pauli:
2230 2179 2330 2241 Ea
2385 2163 2823 2260 potissimum,
2887 2175 3132 2257 inquit,
3204 2174 3587 2237 mutavimus

254 2269 356 2348 [in
389 2270 695 2334 Loniceri
735 2273 1064 2351 versione]
1123 2293 1260 2354 qua
1293 2274 1756 2356 Theophylaeti
1781 2285 2056 2339 mentem
2085 2286 2199 2340 aut
2224 2295 2358 2339 non
2387 2275 2646 2357 assequi
2689 2273 3089 2346 viderentur,
3115 2281 3232 2334 aut
3259 2290 3389 2334 non
3429 2271 3588 2332 satis

257 2365 690 2447 explicarent.
720 2368 822 2430 Ad
839 2371 991 2440 hac,
1033 2373 1320 2451 margini
1347 2370 1570 2435 multis
1623 2373 1694 2434 in
1723 2372 1897 2435 locis
1946 2374 2230 2455 quaedam
2284 2371 2675 2443 addidimus,
2702 2371 2841 2433 sine
2864 2369 3095 2451 quibus
3117 2369 3352 2432 Latina
3379 2369 3586 2448 legens

255 2463 374 2524 vix
401 2481 703 2542 unquam,
742 2463 898 2544 quid
924 2465 1053 2529 sibi
1098 2468 1251 2530 velit
1284 2468 1794 2549 Theophylactus
1827 2469 2185 2551 intelligere
2219 2482 2406 2553 queat
2441 2492 2461 2532 :
2528 2469 2680 2532 dum
2725 2468 3022 2531 videlicet
3060 2476 3175 2528 aut
3206 2467 3418 2530 Graci
3448 2483 3586 2527 ser-

255 2560 466 2622 monis
495 2563 740 2624 variam
765 2565 1034 2643 attingit
1063 2566 1418 2642 lectionem,
1451 2577 1565 2628 aut
1586 2567 1821 2632 Greece
1836 2566 2142 2631 dictionis
2170 2568 2722 2650 compositionem,
2756 2576 2869 2629 aut
2901 2565 3222 2629 diversam
3255 2561 3583 2644 signiﬁca-

260 2658 524 2734 tionem,
555 2659 808 2723 aliudve
843 2659 1187 2744 quidquam
1211 2664 1602 2747 hujusmodi.
2336 2722 2342 2728 .

342 2757 593 2820 Verum
625 2758 969 2821 e‘nimvero
1023 2772 1156 2846 non
1201 2760 1368 2824 adeo
1435 2760 1637 2824 fuerit
1694 2762 1911 2826 audax
1969 2763 2559 2842 OEeolampadius,
2622 2769 2706 2828 ut.
2774 2762 3074 2824 Graecum
3115 2756 3608 2839 Theopbylacti.

258 2859 518 2917 textum
565 2853 796 2918 volens
858 2857 1038 2921 Latio
1066 2857 1323 2921 dederit
1354 2875 1501 2922 cum
1539 2861 1848 2924 vit?o:in
1898 2878 1976 2925 eo
2033 2871 2248 2925 tamen
2305 2860 2580 2933 lacunas,
2644 2875 2794 2940 qum
2821 2857 2897 2920 ad
2930 2863 3122 2937 caput
3149 2873 3260 2918 xu
3316 2854 3590 2918 Joannis

262 2969 326 3014 ν.
361 2953 423 3026 1,
450 2951 518 3014 in
552 2950 698 3033 ejus
742 2951 970 3017 codice
1015 2954 1296 3033 patebat,
1335 2956 1829 3038 supplemento,
1856 2961 2205 3040 primatum
2250 2957 2600 3032 Petri,'de
2649 2971 2783 3038 quo
2831 2955 3165 3018 disserere
3225 2951 3589 3033 oportebat,

259 3050 577 3113 intactum
637 3052 1067 3132 prmtermiltit
1116 3070 1135 3113 :
1179 3054 1308 3117 imo
1345 3071 1419 3118 ea
1449 3054 1738 3133 disserit,
1796 3075 1943 3139 qure
1976 3063 2375 3137 repugnant.
2414 3055 2622 3118 Verba
2666 3060 2823 3118 sunt
2861 3074 2876 3113 :
2913 3074 2945 3111 α
2975 3053 3196 3129 Quare
3267 3050 3592 3126 Christus,

263 3150 725 3230 quiscrutator
752 3152 1549 3236 estcordium,_nibilque
1587 3159 1867 3236 ignorat,
1903 3154 2313 3235 interrogat?
2356 3152 2620 3234 (Diligis
2675 3170 2795 3228 me,
2843 3169 3019 3213 amas
3068 3146 3234 3231 me?)
3267 3150 3411 3212 Non
3469 3147 3594 3212 hoc

261 3244 419 3310 facit
450 3255 521 3312 ut
556 3249 783 3325 discat,
822 3249 993 3314 sicut
1025 3267 1147 3314 nos
1183 3271 1202 3314 ε
1232 3252 1348 3315 sed
1398 3259 1469 3313 ut
1502 3253 1754 3330 doceat,
1787 3263 1849 3317 et
1882 3249 2258 3316 manifeslet
2301 3250 2580 3313 aliorum
2617 3249 2832 3313 ﬁdem.
2875 3249 3060 3312 Sicut
3091 3253 3157 3311 et
3211 3263 3361 3310 cum
3389 3246 3595 3313 inter-

267 3352 518 3424 rogat:
551 3344 749 3424 Quem
779 3345 1007 3410 dicunt
1055 3349 1342 3411 homines
1379 3367 1510 3411 esse
1539 3350 1782 3413 Filium
1820 3349 2145 3414 hominis?
2177 3364 2373 3429 quam
2408 3347 2602 3411 ﬁdem
2670 3343 3299 3426 confessionemque
3331 3361 3365 3407 a
3404 3344 3596 3407 nobis

264 3441 576 3522 requirit,
630 3443 900 3508 indicat.
946 3446 1034 3508 Ita
1074 3444 1184 3509 hic
1220 3443 1493 3508 daturus
1525 3447 1668 3509 orbi
1695 3449 2039 3528 magistros
2067 3467 2140 3510 ac
2184 3449 2504 3522 doctores,
2544 3447 2777 3528 quales
2817 3444 2970 3509 illos
3015 3463 3162 3509 esse
3199 3445 3381 3520 velit,
3413 3451 3610 3507 terna-

265 3537 779 3620 interrOgatione
810 3541 977 3606 bene
1007 3542 1316 3607 inculcat.
1349 3544 1428 3606 Et
1463 3545 1734 3608 videtur
1768 3546 1953 3620 mihi,
2028 3566 2253 3610 amare
2275 3547 2628 3621 Christum,
2681 3555 2746 3609 et
2797 3562 2875 3610 ea
2933 3561 3081 3626 quae
3138 3542 3382 3608 Christi
3443 3553 3612 3608 sunt.

267 3636 527 3711 sectari,
545 3645 734 3704 antea
753 3640 1078 3706 insinuari
1095 3644 1350 3722 [LVIII]
1374 3659 1489 3722 per
1514 3643 1900 3708 missionem
1922 3646 2079 3709 retis
2106 3646 2174 3707 in
2200 3650 2374 3708 mare
2398 3661 2412 3707 :
2430 3662 2701 3726 pascere
2725 3632 2974 3718 autem,
2998 3641 3610 3724 perinventionem

266 3744 331 3797 et
363 3743 722 3816 capturam.
769 3738 1038 3803 Interim
1074 3741 1358 3816 Petrum,
1399 3741 1515 3821 qui
1575 3742 1898 3822 prmaliis
1949 3742 2317 3806 crediderat
2383 3741 2792 3823 majorisque
2842 3748 3017 3804 esset
3057 3739 3359 3809 fervoris,
3398 3748 3460 3802 et
3492 3738 3597 3802 di-

268 3848 442 3911 gnus
532 3836 646 3898 cui
726 3836 1009 3916 amplius
1098 3838 1528 3902 concredatur
1603 3839 2083 3914 ministerium,
2146 3838 2734 3919 comprobaturus,
2811 3845 2913 3901 ter
2988 3837 3256 3918 proprio
3329 3835 3598 3901 nomine

270 3938 482 4007 vacat,
554 3942 630 3995 ut
683 3951 817 3997 non
866 3935 1118 3999 dubitet
1155 3938 1423 4000 remissa
1477 3937 1605 4002 sibi
1653 3946 1944 4020 peccata.
1980 3960 2010 3995 ι
2058 3937 2210 4000 Haec
2268 3935 2382 3999 ille
2434 3943 2498 4000 et
2556 3934 2686 4000 alia
2740 3953 2889 4018 quae
2941 3952 3233 4001 consona
3296 3949 3602 4018 sequun-

271 4037 405 4093 illl'.

350 4127 452 4191 96.
490 4128 697 4203 Quam
730 4127 964 4194 dissita
1026 4146 1181 4193 vero
1230 4139 1412 4207 sunt,
1472 4149 1623 4213 qum
1655 4150 1735 4196 ex
1801 4135 2026 4198 Grasco
2085 4138 2270 4195 textu
2325 4130 2801 4211 Theophylacti
2862 4132 3085 4197 Romae
3147 4130 3329 4194 edito
3378 4130 3607 4195 Latina

266 4223 468 4292 vertit
514 4226 903 4289 Montanus!
941 4249 972 4286 α
1008 4226 1166 4291 Cum
1198 4229 1564 4308 prandendi
1598 4231 1782 4311 ﬁnem
1807 4232 1949 4313 fecit

1926 4233 2086 4306 ’κατ’
2116 4229 2198 4304 τῷ
2225 4229 2425 4301 Πέτρῳ
2456 4229 2560 4301 τὴν
2587 4227 2940 4304 προστασίαν
2985 4227 3098 4284 τῶν
3147 4228 3253 4300 τῆς
3274 4229 3609 4302 οἰκουμένης

270 4321 572 4394 προϐάτων
597 4321 922 4394 incipiat,
949 4325 1054 4379 οὐκ
1075 4324 1226 4398 ἄλλῳ
1250 4326 1331 4393 δὲ,
1366 4326 1507 4383 ἀλλὰ
1534 4327 1714 4400 τούτῳ
1730 4330 1936 4400 ταυτὴν
1956 4328 2165 4383 δίδωσι.
2230 4325 2458 4398 Πρῶτον
2484 4325 2607 4396 μὲν,
2639 4326 2724 4380 ὅτι
2753 4326 2976 4381 πάντων
2998 4324 3279 4398 ἔκκριτος,
3312 4328 3407 4382 καὶ
3429 4328 3609 4399 στόμα

269 4411 371 4467 τοῦ
399 4411 566 4483 χοροῦ
599 4412 824 4474 παντός.
861 4413 1084 4477 Totius
1116 4413 1291 4478 orbis
1323 4423 1648 4481 terrarum
1689 4420 1948 4500 pne/eet

1925 4426 2138 4482 turam
2201 4419 2388 4481 Petro
2451 4416 2784 4480 commisit
2817 4432 2986 4480 :non
3041 4422 3260 4481 autem
3295 4417 3436 4494 alii,
3491 4421 3607 4483 sed

271 4505 431 4571 huic
459 4508 679 4572 tradit.
717 4509 1006 4572 Primum
1039 4510 1341 4591 quidem,
1378 4513 1534 4594 quia
1584 4529 1815 4577 omnes
1851 4515 2287 4596 prmeellebat,
2349 4524 2414 4579 et
2476 4514 2681 4577 totius
2735 4520 2941 4578 castus
2988 4530 3063 4577 os
3127 4524 3306 4591 erat;
3361 4518 3610 4584 deinde

271 4605 631 4669 ostendens
697 4605 824 4686 ipsi
876 4608 1180 4672 ﬁduciam
1244 4626 1390 4674 esse
1448 4612 1862 4686 sumendam,
1916 4613 2271 4694 negatione
2297 4612 2506 4674 veluti
2563 4609 2782 4674 deleta
2835 4618 2900 4674 et
2930 4610 3253 4676 oblivioni
3295 4614 3605 4681 tradita...

273 4705 404 4766 Ter
468 4713 684 4768 autem
755 4707 1314 4790 euminterrogat,
1357 4709 1557 4772 simul
1593 4711 1864 4790 quidem
1897 4710 2262 4787 declarans,
2305 4716 2615 4791 quantam
2655 4708 3067 4772 credentium
3099 4726 3323 4774 curam
3354 4713 3607 4780 babeat-z

274 4807 342 4864 et
383 4805 560 4883 quod
595 4820 808 4884 usque
833 4805 998 4868 adeo
1038 4821 1199 4868 oves
1222 4806 1480 4888 diligat,
1513 4817 1586 4871 ut
1616 4807 1991 4873 dilectionis
2023 4825 2178 4890 erga
2207 4827 2274 4873 se
2299 4807 2424 4872 hoc
2463 4813 2663 4888 ponat
2689 4804 3050 4890 iudicium,
3084 4810 3143 4872 si
3163 4810 3614 4876 oviumcura‘m

273 4904 614 4983 suscipiat.
647 4925 677 4961 ι

359 5000 637 5078 Egregia
697 5003 1062 5088 prosancti
1121 5001 1293 5066 Petri
1322 5004 1632 5082 primatu,
1661 5021 1781 5069 seu
1823 5005 2023 5068 totius
2049 5005 2225 5068 orbis
2283 5005 2496 5067 ovium
2528 5003 2941 5084 prafeetura,
3011 5007 3363 5071 sententia.
3427 5009 3612 5073 Paria

279 5105 456 5172 sunt,
524 5115 674 5178 quas
707 5107 1119 5180 sequuntur:
1161 5100 1536 5174 Ἐνεγχιιριζι
1595 5103 1700 5173 μὲν
1789 5103 1892 5176 τὴν
1941 5121 1962 5158 1

1941 5103 2196 5158 navews
2235 5101 2346 5156 τῶν
2379 5102 2593 5156 πιστῶν
2661 5101 3035 5173 προστασίαν.
3065 5105 3131 5162 El
3185 5106 3297 5178 γὰρ
3353 5109 3450 5163 καὶ
3498 5108 3613 5164 τῶν

290 5193 694 5265 Ἰεροσολύμων
731 5199 758 5250 ὁ
801 5196 1070 5262 Ἰάκωϐος
1101 5198 1198 5252 τὸν
1241 5198 1434 5272 θρόνον
1485 5199 1701 5266 ἔλασιν,
1731 5201 1868 5256 ἀλλὰ
1897 5202 2112 5274 Πέτρος
2141 5204 2243 5274 τῆς
2272 5199 2608 5272 οἰκουμένης
2637 5198 2883 5268 ἁπάσης.
2945 5201 3309 5267 —Commisit
3365 5206 3616 5286 quidem

279 5289 475 5352 Petro
514 5290 815 5378 ﬁdelium
851 5295 1130 5357 omnium
1153 5299 1630 5378 prafecturam.
1672 5297 1978 5376 Quamvis
2004 5300 2167 5362 enim
2193 5298 2476 5362 Iacobus
2497 5298 2706 5361 sedem
2761 5300 3236 5380 Hierosolymis
3268 5307 3610 5384 acceperit,

281 5389 393 5460 sed
418 5392 655 5454 Petrus
689 5394 888 5454 totius
948 5403 1269 5458 terrarum
1299 5399 1496 5461 orbis.
1540 5400 1618 5462 Et
1662 5397 1828 5462 infra
1863 5418 1878 5457 :
1914 5397 2118 5480 Opus,
2152 5397 2398 5478 inquit,
2442 5395 2614 5479 quod
2634 5395 2754 5460 tibi
2811 5397 3252 5462 concreditum
3281 5411 3398 5476 est,
3455 5422 3608 5484 per-

278 5490 406 5565 ﬁce.
450 5511 471 5550 :
531 5499 862 5570 etsequere
928 5513 1053 5565 me,
1127 5498 1239 5576 qui
1321 5498 1514 5560 educo
1568 5507 1626 5560 te
1691 5497 1775 5560 ad
1842 5516 1961 5579 pra

1934 5498 2390 5571 dedicationem,
2457 5498 2557 5558 κω.
2598 5496 2704 5567 τὴν
2766 5495 3102 5569 οἰκουμένην
3158 5496 3384 5556 ἃπασαν
3434 5503 3617 5570 ἐγχει-

288 5586 518 5659 phiam.
580 5597 642 5651 et
671 5599 875 5650 totum
931 5591 1143 5655 orbem
1201 5595 1270 5656 in
1316 5606 1460 5658 tuas
1507 5614 1733 5658 manus
1797 5596 2007 5660 trado.
2049 5594 2243 5659 Illum
2263 5603 2476 5657 autem
2527 5593 2894 5675 (Joannem)
2924 5596 2982 5658 si
3027 5593 3214 5658 velim
3257 5615 3509 5660 manere
3550 5602 3620 5662 in

286 5696 404 5760 hoc
427 5695 590 5766 loco,
633 5695 902 5759 Galil’aza
950 5700 1223 5774 scilicet,
1253 5711 1312 5765 et
1341 5721 1472 5764 non
1506 5705 1760 5767 mittere
1785 5711 2014 5779 tecum,
2051 5704 2208 5786 quid
2241 5704 2324 5766 ad
2356 5712 2415 5767 te
2441 5704 2472 5764 ἵ

371 5799 538 5859 Num
571 5795 924 5875 haereseos,
964 5801 1287 5885 primatui
1325 5803 1637 5873 adversm.
1678 5802 1892 5884 ingeri
1918 5802 2218 5882 suspicio
2259 5808 2460 5884 queat
2490 5818 2572 5864 ex
2632 5800 2844 5878 capite
2896 5818 3007 5862 me
3061 5803 3269 5878 Lucre,
3348 5821 3380 5866 a
3416 5822 3612 5890 vvers.

293 5890 372 5957 13
404 5893 480 5956 ad
533 5908 706 5957 vers.
735 5893 839 5970 ‘29,
880 5895 993 5960 ubi
1025 5915 1172 5962 cum
1202 5900 1425 5963 Petrus
1459 5909 1521 5963 cl
1575 5900 1814 5967 I'aulus
1856 5911 2140 5982 quatuor
2177 5902 2434 5984 vicibus
2476 5919 2514 5967 a
2584 5895 3077 5977 Theolihylaeto
3143 5907 3618 5980 memorentur,
