4262 6432
693 395 804 464 ιιθ
1546 394 1773 458 BERN.
1814 394 2081 457 MANE
2119 395 2216 455 DE
2259 394 2544 455 RUBEIS
2583 393 3090 456 DISSERTATIO
3849 384 3960 452 120

697 523 780 567 ae
800 508 1024 567 Petrus
1059 504 1198 582 ipse
1232 504 1298 566 in
1325 511 1503 568 textu
1538 505 1757 568 ϐρωεο
1792 523 2050 585 semper
2080 508 2278 569 Paulo
2312 509 2695 586 prmpositus
2765 513 3091 581 occurrat;
3145 505 3245 567 bis
3301 502 3502 566 Paulo
3534 505 3816 574 Petrum,
3883 518 3964 565 ac

694 602 797 664 bis
829 602 1015 664 Petro
1041 601 1310 662 Paulum
1335 601 1768 678 antepositum
1825 619 1941 664 sua
1987 601 2380 682 expresserit
2432 603 2496 664 in
2564 604 2866 666 versione
2931 601 3523 678 OEcolampadius?
3588 597 3740 660 Mali
3796 595 3968 658 nihil

693 696 1004 776 suspicati
1052 703 1205 759 sunt
1244 697 1589 760 Montanus
1613 713 1687 760 ac
1745 698 1952 762 editor
2000 698 2636 782 Parisiensis:quod
2699 707 3003 772 attamen,
3060 699 3117 759 si
3175 697 3350 776 quod
3431 703 3601 757 esset
3660 693 3728 756 in
3787 692 3969 754 hete-

693 795 943 856 rodoxo
981 794 1356 870 interprete,
1399 793 1678 857 innuere
1713 794 1875 857 mihi
1929 795 2145 858 libuit.
2200 797 2511 859 Caeterum
2546 798 2714 860 Petri
2747 798 3092 870 primatum
3168 792 3694 856 luculentissime
3750 790 3970 852 Theo-

692 889 1032 969 phylactus
1093 887 1279 953 oﬂ‘ert
1327 889 1389 951 in
1446 889 1673 953 eodem
1733 893 1809 955 ad
1861 892 2286 971 Evangelium
2348 895 2534 956 Luraa
2587 893 3061 966 Commentario
3103 892 3308 970 capite
3373 909 3526 962 un,
3583 889 3692 949 Ea:
3737 904 3856 965 quo
3905 894 3969 947 te

691 985 1159 1063 discipulorum
1217 987 1581 1067 principem
1633 988 1826 1050 habeo
1851 1034 1870 1063 ,
1919 999 2251 1069 postquam
2286 998 2511 1068 negato
2547 1009 2638 1050 me
2664 990 2942 1070 ﬂeveris,
3006 1000 3058 1050 et
3082 989 3168 1050 ad
3206 987 3654 1069 panitentiam
3685 983 3962 1053 veneris,

692 1080 991 1159 conﬁrma
1027 1090 1308 1144 caeteros.
1371 1083 1510 1145 Hoc
1549 1085 1712 1144 enim
1761 1093 1819 1144 te
1872 1084 2079 1158 decet,
2107 1097 2379 1166 προσήκει
2414 1114 2520 1161 σοι,
2555 1089 2670 1165 qui
2689 1098 2844 1166 post
2900 1105 2994 1147 me
3038 1085 3340 1149 Ecclesia
3385 1092 3570 1162 petra
3619 1098 3705 1151 es,
3731 1088 3789 1140 et
3841 1078 3964 1157 ﬁr-

689 1188 1087 1238 mamentum.
1142 1176 1239 1240 Ad
1296 1176 1476 1264 aliud
1535 1187 1990 1254 argumentum
2035 1182 2441 1246 difficultates
2491 1182 2840 1261 pertinent,
2894 1199 3058 1262 quas
3121 1180 3456 1244 Launoius
3515 1177 3784 1257 ingerit,
3846 1174 3969 1237 ad-

686 1289 918 1334 versus
971 1273 1436 1336 Bellarminum
1479 1273 1812 1337 disserens
1865 1276 2284 1354 epistularum
2343 1287 2520 1360 parte
2586 1297 2644 1355 ν,
2682 1279 2962 1359 epistola
3009 1279 3050 1339 2
3079 1278 3156 1342 ad
3193 1276 3545 1340 Antonium
3579 1271 3968 1344 Varillaum,

687 1385 868 1430 num.
903 1369 984 1432 55
1013 1375 1075 1432 et
1128 1387 1310 1448 seqq.

770 1465 871 1526 97.
936 1466 1123 1528 lrrito
1176 1474 1347 1529 certe
1405 1474 1554 1528 voto
1614 1469 2079 1548 Theolihylacti
2156 1473 2345 1536 verba
2412 1472 2730 1552 objiceres
2788 1473 2867 1536 ad
2930 1485 3121 1552 caput
3189 1490 3224 1534 ι
3285 1469 3593 1544 Mattbiei,
3662 1482 3830 1530 vers.
3905 1465 3970 1526 3.

688 1562 1031 1623 Enumerat
1061 1574 1291 1634 autem,
1347 1563 1742 1644 inquientis,
1789 1568 2232 1644 apostolorum
2272 1571 2528 1632 nomina
2552 1579 2825 1650 propter
2848 1567 3424 1650 pseudoapostolos
3457 1587 3475 1626 :
3511 1564 3828 1646 praeponit
3859 1582 3980 1622 au-

691 1669 812 1717 tem
845 1656 1105 1718 Petrum
1145 1667 1202 1720 et
1230 1658 1566 1720 Andream.
1640 1662 1794 1737 ideo
1828 1679 2131 1742 namque,
2180 1681 2391 1746 eoque
2422 1682 2620 1727 sensu
2667 1664 2834 1727 duos
2861 1664 3008 1727 illos
3054 1664 3176 1728 hoc
3219 1666 3361 1728 loco
3414 1661 3796 1743 praepositos
3848 1660 3967 1733 ait,

690 1754 987 1833 quoniam
1029 1764 1087 1816 et
1107 1757 1383 1835 primum
1409 1769 1592 1821 erant
1620 1759 1852 1820 vocati.
1885 1761 2229 1839 Temporis
2249 1764 2410 1827 ordo
2445 1770 2564 1838 est,
2602 1779 2730 1825 non
2763 1762 3120 1842 dignitatis.

772 1849 1112 1930 Philippus
1169 1854 1493 1916 Mornazus
1529 1856 1595 1919 in
1628 1855 1926 1918 Historia
1951 1866 2256 1936 papatus,
2296 1859 2537 1922 saeculo
2572 1875 2768 1931 nono,
2809 1859 3023 1936 ipsum
3052 1855 3611 1935 TheOpbylactum
3662 1852 3965 1932 Opponit,

693 1964 890 2026 quem
942 1948 1006 2009 in
1065 1949 1419 2027 Epistulam
1476 1952 1552 2013 ad
1613 1951 1865 2016 Galatas
1927 1953 2132 2032 capite
2193 1973 2238 2015 ll
2285 1957 2588 2018 aientem
2624 1955 2877 2017 inducit
2927 1953 3246 2017 :Paulum
3321 1951 3646 2013 ostendere
3669 1968 3732 2009 se
3781 1948 3978 2010 Petro

688 2043 981 2123 aqualem
1015 2063 1167 2108 esse.
1225 2047 1583 2110 Lonicerus
1626 2049 1836 2122 vertit,
1870 2068 1934 2110 se
1963 2051 2234 2132 ejusdem
2271 2070 2399 2112 esse
2424 2069 2562 2112 cum
2626 2050 2816 2111 Petro
2874 2051 3072 2131 pretii
3119 2050 3175 2112 et
3235 2045 3981 2126 honoris.AgitibiBul-

691 2141 884 2217 gariae
913 2141 1447 2221 archiepiscopus
1503 2143 1582 2206 de
1637 2162 1905 2210 munere
1943 2148 2365 2226 apostolatus,
2446 2148 2659 2226 deque
2707 2147 3163 2228 praedicatione
3213 2146 3384 2226 apud
3447 2145 3754 2207 Hebraeos
3789 2161 3984 2220 pecu-

687 2235 837 2297 liari
896 2236 1089 2299 modo
1169 2238 1536 2302 commissae
1589 2241 1802 2314 Petro,
1861 2250 1922 2302 et
1997 2244 2170 2319 apud
2244 2254 2471 2322 gentes
2525 2244 2751 2306 Paulo.
2810 2246 2954 2317 Qun
3023 2243 3457 2305 nihilominus
3528 2241 3660 2318 pari
3726 2239 3979 2302 honore

689 2331 896 2408 salvo,
927 2332 1364 2401 disertissima
1421 2333 1743 2400 sententia
1788 2337 1932 2417 ejus
1961 2347 2080 2412 est,
2147 2341 2345 2402 totius
2368 2339 2539 2402 orbis
2568 2342 2778 2401 ovium
2817 2341 3289 2420 praferturam,
3316 2357 3446 2400 non
3483 2338 3626 2411 alii,
3661 2335 3978 2399 sedPetro

691 2428 994 2491 traditam
1035 2446 1068 2492 a
1123 2431 1426 2492 Domino.
1457 2432 1799 2509 Apostolus
1849 2450 2077 2499 attines
2131 2451 2316 2512 pares
2359 2435 2589 2510 fuisse,
2635 2437 3098 2500 catholicorum
3132 2453 3323 2498 nemo
3366 2435 3720 2508 inficiatur,
3755 2434 3974 2513 quoad

686 2527 1086 2606 apostolatus
1118 2536 1510 2605 potestatem,
1552 2545 1744 2605 quam
1777 2530 2186 2591 intrinsecam
2235 2542 2290 2592 et
2326 2535 2720 2596 essentialem
2775 2541 3004 2596 vocant
3055 2533 3190 2606 alii,
3249 2532 3497 2611 aliique
3525 2529 3980 2591 extraordina-

685 2625 891 2692 riam.-
927 2629 1038 2687 sed
1071 2628 1186 2684 uni
1220 2623 1433 2695 Petro,
1475 2623 1766 2686 collatam
1832 2624 2086 2700 docent,
2121 2645 2266 2706 quae
2311 2629 2548 2694 dicitur
2596 2630 2952 2702 ordinaria,
2999 2646 3070 2692 ac
3128 2627 3329 2690 veluti
3392 2626 3649 2690 muneri
3714 2635 3980 2704 aposto-

690 2724 856 2784 latus
897 2723 1196 2802 adjuncta
1253 2741 1266 2777 :
1337 2721 1398 2783 et
1445 2722 1641 2784 hocce
1677 2723 1740 2784 in
1773 2724 2090 2802 regimine
2122 2728 2461 2790 credentes
2507 2747 2764 2801 omnes,
2800 2729 3107 2807 ipsosque
3138 2725 3471 2806 apostolos
3530 2732 3757 2788 tenent
3785 2725 3978 2786 Petro

685 2819 1062 2882 inferiores.

769 2918 961 2980 Addit
1007 2918 1327 2981 Mornmus
1386 2915 1625 2978 nullam
1663 2920 1945 2998 episcopi
1986 2921 2254 2983 Romani
2321 2923 2420 2984 his
2458 2925 2524 2987 in
2579 2925 2737 2987 locis
2774 2925 3150 2987 mentionem
3198 2923 3478 2986 habitam
3541 2941 3576 2985 a
3623 2922 3980 3000 TbeOphy-

689 3013 879 3078 lacto.
925 3015 1052 3077 Cur
1084 3030 1230 3076 vero
1292 3013 1689 3075 mentionem
1737 3014 2111 3092 ingesserit,
2167 3015 2278 3077 ubi
2316 3033 2528 3095 neque
2577 3018 2783 3091 locus,
2862 3035 3077 3095 neque
3123 3016 3253 3080 ulla
3281 3014 3476 3084 causa
3516 3015 3912 3097 exposcebat
3945 3017 3977 3076 τ

686 3114 768 3174 At
828 3111 1137 3190 inquiunt
1187 3107 1485 3172 catholici
1525 3109 1876 3173 Ecclesiam
1928 3111 2242 3174 fundasse
2295 3113 2620 3177 Christum
2695 3115 2765 3177 in
2810 3124 3122 3178 aeternum
3193 3116 3595 3189 duraturam,
3678 3116 3976 3194 adeoque

685 3216 1069 3290 perpetuam
1123 3207 1461 3288 regiminis
1488 3205 1757 3272 formam
1793 3209 1872 3270 ab
1903 3226 1980 3273 eo
2023 3209 2419 3286 institutam,
2477 3230 2622 3292 quas
2667 3229 2801 3276 non
2860 3212 3072 3275 solum
3127 3211 3194 3274 in
3266 3209 3487 3275 sancto
3556 3214 3776 3285 Petro,
3825 3228 3973 3272 cum

688 3309 885 3370 totius
917 3307 1089 3370 orbis
1131 3307 1337 3368 ovium
1361 3308 1807 3387 praefecturam
1859 3309 1986 3387 ipsi
2015 3309 2296 3372 tradidit
2328 3309 2672 3383 Dominus,
2711 3296 2940 3372 verum
2971 3309 3162 3370 etiam
3202 3309 3270 3370 in
3303 3309 3799 3371 successoribus
3836 3309 3969 3369 Ro-

692 3403 902 3466 manis
935 3402 1348 3482 pontiﬁcibus
1387 3403 1694 3466 eluceret.
1728 3404 1794 3464 Id
1824 3420 1971 3488 vero
2003 3405 2273 3483 perenni
2299 3414 2362 3469 et
2393 3405 2918 3469 constantissime
2964 3405 3349 3468 saeculorum
3413 3404 3710 3470 omnium
3769 3404 3975 3466 tradi-

685 3502 865 3565 tione
917 3501 1269 3562 evincitur.

765 3599 870 3661 98.
905 3599 1422 3661 lmmoderatiori
1460 3600 1745 3678 profecto
1776 3600 2172 3663 conﬁdentia
2213 3603 2536 3664 Mornreus
2567 3601 2813 3681 aliique
2840 3601 3223 3664 heterodoxi
3256 3601 3467 3663 locum
3502 3599 3972 3679 Theophylacti

685 3697 1171 3774 Opposuissent,
1217 3696 1331 3774 qui
1395 3696 1665 3759 habetur
1709 3699 1850 3777 ejus
1912 3699 1980 3761 in
2011 3698 2285 3775 epistula
2342 3695 2418 3756 ad
2471 3694 3208 3765 Nicolaun‘iediaconum
3264 3704 3324 3753 et
3379 3693 3820 3754 canstrisium.
3865 3692 3978 3754 Ait

681 3795 830 3854 ille:
888 3795 1182 3872 «Itaque
1231 3794 1285 3854 si
1346 3793 1791 3856 Occidentales
1844 3795 2010 3856 circa
2079 3793 2344 3872 aliquod
2399 3792 2628 3871 dogma
2692 3799 2930 3865 errent,
2992 3790 3162 3869 quod
3241 3793 3492 3852 Patrum
3543 3789 3732 3851 ﬁdem
3793 3789 3978 3866 [LIX]

682 3894 975 3969 impetat,
1009 3890 1364 3972 cujusmodi
1409 3901 1523 3966 est,
1572 3891 1739 3972 quod
1794 3891 2088 3971 Symbolo
2148 3891 2222 3952 de
2275 3891 2528 3969 Spiritu
2558 3896 2775 3949 sancto
2833 3886 3242 3961 addiderunt,
3280 3887 3389 3948 ubi
3447 3886 3812 3965 periculum
3876 3892 3976 3948 est

685 3989 1082 4062 maximum;
1118 3987 1239 4049 hoc
1272 3989 1536 4067 qainon
1575 3989 1990 4050 emendatum
2027 3989 2370 4060 condonet,
2412 3987 2476 4049 id
2509 3987 2601 4048 illi
2641 3988 2996 4049 condonari
3043 4003 3172 4048 non
3214 3995 3455 4066 potest:
3485 3987 3605 4047 etsi
3630 4005 3709 4046 ex
3739 3987 3972 4048 throno

687 4084 1060 4164 loquantur,
1094 4103 1289 4165 quem
1341 4085 1691 4148 sublimem
1754 4085 2073 4155 sublimes
2113 4093 2531 4163 proponunt:
2569 4085 2690 4146 etsi
2721 4086 2898 4146 Petri
2929 4086 3388 4164 confessionem
3432 4082 3758 4163 proferant
3793 4101 3808 4139 :
3845 4083 3970 4145 etsi

696 4183 1153 4245 beatitudinem
1198 4182 1546 4256 adducant,
1579 4199 1657 4244 ex
1719 4183 1827 4244 illa
1856 4182 2318 4261 (confessione)
2343 4185 2670 4245 obtentam
2706 4202 2720 4240 :
2755 4179 2873 4244 etsi
2903 4182 3106 4242 claves
3157 4183 3342 4260 regni
3391 4182 3685 4242 caelorum
3749 4187 3976 4242 contra

681 4296 801 4342 nos
835 4278 1186 4357 quatiendo
1222 4278 1504 4353 vibrent,
1558 4279 1801 4357 quibus
1848 4288 2162 4358 quantum
2215 4281 2531 4341 honorare
2574 4279 2794 4355 ipsum
2853 4286 3103 4357 putant,
3173 4287 3418 4340 tantum
3486 4279 3740 4355 seipsos
3772 4277 3977 4340 deho-

681 4382 970 4450 norant;
1030 4391 1176 4438 cum
1234 4391 1310 4437 ea
1382 4392 1527 4454 quae
1596 4373 2048 4454 ille-(Petrus)
2116 4377 2478 4449 constituit,
2541 4375 2669 4452 ipsi
2749 4375 3133 4446 dissolvant,
3209 4375 3666 4455 subruantque
3739 4373 3983 4437 fundae

684 4481 898 4534 menta
967 4473 1299 4548 Ecclesiae,
1356 4491 1492 4553 quae
1547 4472 1649 4536 illi
1691 4472 2064 4535 sustinenda
2127 4473 2492 4535 concredita
2548 4480 2698 4536 sunt
2786 4473 2920 4534 Hac
2983 4473 3048 4534 in
3100 4489 3166 4533 re
3231 4473 3285 4532 si
3341 4474 3490 4552 quis
3563 4489 3713 4535 es...
3752 4488 3975 4550 punge

681 4587 754 4629 ac
831 4569 978 4644 feri,
1025 4580 1329 4650 tanquam
1404 4570 1604 4633 levita
1677 4588 1750 4633 ac
1819 4573 1934 4635 Dei
2001 4571 2323 4646 minister,
2401 4587 2510 4634 eos
2576 4571 2690 4650 qui
2760 4567 2991 4632 bellum
3071 4579 3301 4648 gerunt
3354 4586 3474 4647 pro
3547 4585 3812 4628 suarum
3865 4586 3975 4628 co-

685 4668 1071 4745 gitationum
1121 4669 1470 4746 ﬁgmentis,
1529 4676 1590 4728 et
1614 4677 1803 4745 caput
1852 4670 2155 4730 attollunt
2187 4669 2772 4741 in--adorationem,
2827 4674 2888 4728 et
2930 4683 3157 4730 omnes
3195 4665 3555 4728 submissos
3581 4665 3808 4727 volunt
3863 4665 3974 4727 sui

678 4764 1597 4843 principatusamplitudini.io
2232 4779 2235 4783 ’
2345 4760 2427 4847 ⁷.

759 4867 832 4927 ln
879 4866 1011 4929 haec
1047 4865 1264 4942 verba,
1296 4885 1443 4947 quas
1495 4886 1580 4930 ex
1610 4867 2174 4948 Responsionibus
2235 4869 2545 4931 Demetrii
2591 4867 2966 4931 Chomateni
3033 4865 3216 4927 affert
3270 4867 3492 4926 Petrus
3549 4862 3838 4927 Pithceus
3900 4865 3969 4929 in
4075 4899 4079 4902 ί

674 4965 969 5027 Historia
992 4966 1430 5026 controversia:
1447 4964 1520 5026 de
1541 4967 1941 5045 processione
1965 4966 2250 5045 Spiritus
2271 4968 2500 5040 sancti,
2520 4965 2614 5028 sic
2630 4965 3086 5029 animadvertit
3105 4985 3117 5024 :
3134 4962 3283 5038 Qua:
3304 4962 3610 5034 convicia,
3634 4961 3974 5041 inquiens,

678 5063 746 5120 in
776 5061 1110 5123 Nicolaum
1140 5062 1358 5141 potius
1394 5060 1496 5140 (ad
1529 5079 1725 5141 quem
1757 5061 2096 5139 scribebat)
2137 5081 2323 5143 quam
2367 5066 2435 5126 in
2465 5064 2662 5125 alium
2707 5063 3040 5142 quemlibet
3093 5061 3358 5134 directa,
3392 5063 3533 5139 quis
3567 5078 3696 5120 non
3737 5060 3909 5121 videt
3941 5064 3975 5123 ἵ

679 5158 820 5218 lmu
854 5157 1084 5219 viderit
1119 5174 1331 5220 nemo.
1385 5159 1508 5220 Aio
1557 5160 1835 5236 primum
1869 5178 1992 5239 ego
2029 5183 2042 5222 :
2087 5163 2301 5224 Sancti
2337 5161 2507 5224 Petri
2546 5160 2922 5238 primatum,
2957 5176 3030 5220 ac
3069 5159 3339 5219 Romani
3391 5158 3594 5218 etiam.
3618 5157 3968 5234 pontiﬁcis,

676 5258 847 5317 Petri
878 5255 1098 5316 sedem
1127 5256 1436 5328 tenentis,
1476 5254 1598 5317 hoc
1630 5256 1695 5317 in
1736 5257 1871 5319 loco
1917 5260 2173 5337 agnosci
2217 5277 2250 5321 a
2305 5257 2790 5336 TheOphylacto
2824 5280 2838 5317 :
2890 5275 2960 5319 ac
2998 5273 3151 5317 sane
3196 5257 3608 5335 fundamenta
3645 5255 3971 5331 Ecclesia,

680 5354 816 5415 sive
866 5352 1184 5432 dogmata,
1238 5352 1604 5416 concredita
1639 5355 1860 5433 fuisse,
1898 5357 2124 5418 eodem
2152 5365 2437 5431 auctore,
2473 5355 2639 5417 Petri
2676 5354 2848 5428 sedi,
2885 5363 2956 5414 ut
2992 5355 3485 5413 sustinerentur.
3540 5354 3661 5414 Aio
3699 5354 3970 5428 deinde,

678 5450 858 5512 hisce
895 5451 1207 5528 primatus
1245 5451 1607 5529 privilegiis
1645 5452 1820 5513 abuti
1853 5451 2197 5531 Bulgarum
2232 5452 2798 5530 archiepisc0pum
2841 5474 2852 5511 :
2911 5452 3270 5529 eademque
3323 5449 3753 5511 conviciantis
3789 5467 3968 5512 more

676 5547 744 5605 in
782 5548 1033 5608 Latinos
1067 5549 1317 5627 projici,
1349 5565 1420 5610 ac
1447 5549 1500 5609 si
1539 5551 2026 5628 processionem
2053 5551 2329 5629 Spiritus
2355 5548 2556 5610 sancti
2587 5565 2619 5610 a
2653 5549 2830 5608 Patre
2863 5547 3162 5626 Filioque
3195 5546 3526 5617 docentes,
3553 5544 3970 5626 fundamenta

679 5643 978 5704 Ecclesia?
1010 5652 1398 5706 everterent.
1438 5644 1612 5706 Adeo
1644 5662 1922 5722 namque
1966 5648 2254 5725 pertinax
2293 5657 2424 5714 erat
2459 5648 2733 5708 adverso
2778 5645 2844 5706 in
2881 5647 3201 5724 dogmate,
3246 5652 3316 5705 ut
3363 5644 3761 5704 contrarium
3803 5660 3960 5706 sen-

681 5740 914 5799 tientes
971 5750 1222 5818 putaret
1257 5759 1445 5819 agere
1499 5749 1716 5803 contra
1770 5745 1949 5805 Petri
1993 5744 2209 5806 throni
2255 5748 2728 5812 auctoritatem,
2781 5752 3001 5805 contra
3057 5744 3513 5822 confessionem
3559 5743 3693 5824 ejus
3725 5758 3761 5806 a
3803 5743 3962 5804 Jesu

679 5835 929 5897 Christo
974 5840 1500 5913 commendatam,
1540 5851 1754 5903 contra
1792 5844 1969 5921 regni
2002 5842 2297 5906 caelorum
2334 5846 2534 5908 claves
2574 5845 2832 5904 traditae
2871 5842 3105 5904 eidem.
3144 5841 3340 5904 Addit
3382 5842 3570 5904 etiam
3609 5840 3738 5906 bile
3783 5857 3958 5904 com-
