  <div class='ocr_page' id='page_1' title='image "/cluster/home/n/w/nwhite01/storage/ocr_20150623/123/nnc1.0046979670/068.png"; bbox 0 0 4262 6432; ppageno 0'>
   <div class='ocr_carea' id='block_1_1' title="bbox 263 380 3620 485">
    <p class='ocr_par' dir='ltr' id='par_1_1' title="bbox 263 380 3620 485">
     <span class='ocr_line' id='line_1_1' title="bbox 263 380 3620 485; baseline -0 -3"><span class='ocrx_word' id='word_1_1' title='bbox 263 412 369 485; x_wconf 81' lang='lat' dir='ltr'><strong>tst</strong></span> <span class='ocrx_word' id='word_1_2' title='bbox 1130 416 1230 478; x_wconf 84' lang='lat' dir='ltr'><strong>DE</strong></span> <span class='ocrx_word' id='word_1_3' title='bbox 1270 414 1855 479; x_wconf 75' lang='lat' dir='ltr'><strong>THEOPHYLAC’I‘I</strong></span> <span class='ocrx_word' id='word_1_4' title='bbox 1897 416 2174 478; x_wconf 69' lang='lat' dir='ltr'><strong>casus</strong></span> <span class='ocrx_word' id='word_1_5' title='bbox 2214 417 2313 478; x_wconf 90' lang='lat' dir='ltr'><strong>ET</strong></span> <span class='ocrx_word' id='word_1_6' title='bbox 2350 417 2725 481; x_wconf 82' lang='lat' dir='ltr'><strong>SCRIPTIS.</strong></span> <span class='ocrx_word' id='word_1_7' title='bbox 3459 413 3568 481; x_wconf 60' lang='grc' dir='ltr'><strong>τῇ</strong></span> <span class='ocrx_word' id='word_1_8' title='bbox 3616 380 3620 389; x_wconf 66' lang='grc'><em>’</em></span> 
     </span>
    </p>
   </div>
   <div class='ocr_carea' id='block_1_2' title="bbox 260 520 3565 607">
    <p class='ocr_par' dir='ltr' id='par_1_2' title="bbox 260 520 3565 607">
     <span class='ocr_line' id='line_1_2' title="bbox 260 520 3565 607; baseline -0 -17"><span class='ocrx_word' id='word_1_9' title='bbox 260 533 482 590; x_wconf 88' lang='lat' dir='ltr'><strong>motus</strong></span> <span class='ocrx_word' id='word_1_10' title='bbox 516 520 812 587; x_wconf 88' lang='lat' dir='ltr'><strong>convicia</strong></span> <span class='ocrx_word' id='word_1_11' title='bbox 847 522 1168 586; x_wconf 82' lang='lat' dir='ltr'><strong>adversus</strong></span> <span class='ocrx_word' id='word_1_12' title='bbox 1208 523 1662 601; x_wconf 82' lang='lat' dir='ltr'><strong>expeditiones</strong></span> <span class='ocrx_word' id='word_1_13' title='bbox 1709 540 1952 599; x_wconf 87' lang='lat' dir='ltr'><strong>sacras,</strong></span> <span class='ocrx_word' id='word_1_14' title='bbox 1985 542 2135 605; x_wconf 64' lang='lat' dir='ltr'><strong>qua)</strong></span> <span class='ocrx_word' id='word_1_15' title='bbox 2171 542 2250 589; x_wconf 93' lang='lat' dir='ltr'><strong>eo</strong></span> <span class='ocrx_word' id='word_1_16' title='bbox 2290 534 2586 607; x_wconf 89' lang='lat' dir='ltr'><strong>tempore</strong></span> <span class='ocrx_word' id='word_1_17' title='bbox 2630 526 3191 606; x_wconf 87' lang='lat' dir='ltr'><strong>suscipiebantur,</strong></span> <span class='ocrx_word' id='word_1_18' title='bbox 3245 527 3565 590; x_wconf 78' lang='lat' dir='ltr'><strong>Romanis</strong></span> 
     </span>
    </p>
   </div>
   <div class='ocr_carea' id='block_1_3' title="bbox 262 612 3569 706">
    <p class='ocr_par' dir='ltr' id='par_1_3' title="bbox 262 612 3569 706">
     <span class='ocr_line' id='line_1_3' title="bbox 262 612 3569 706; baseline 0.001 -23"><span class='ocrx_word' id='word_1_19' title='bbox 262 621 680 700; x_wconf 81' lang='lat' dir='ltr'><strong>pontificibus</strong></span> <span class='ocrx_word' id='word_1_20' title='bbox 738 619 1273 699; x_wconf 79' lang='lat' dir='ltr'><strong>approbantibus.</strong></span> <span class='ocrx_word' id='word_1_21' title='bbox 1332 621 1483 682; x_wconf 69' lang='lat' dir='ltr'><strong>Haac</strong></span> <span class='ocrx_word' id='word_1_22' title='bbox 1522 637 1827 699; x_wconf 84' lang='lat' dir='ltr'><strong>germana</strong></span> <span class='ocrx_word' id='word_1_23' title='bbox 1880 621 2349 702; x_wconf 73' lang='lat' dir='ltr'><strong>TheOphylacti</strong></span> <span class='ocrx_word' id='word_1_24' title='bbox 2389 643 2597 700; x_wconf 88' lang='lat' dir='ltr'><strong>mens,</strong></span> <span class='ocrx_word' id='word_1_25' title='bbox 2650 624 3048 706; x_wconf 61' lang='lat' dir='ltr'><strong>prejuiliciis</strong></span> <span class='ocrx_word' id='word_1_26' title='bbox 3082 612 3311 705; x_wconf 87' lang='lat' dir='ltr'><strong>utique</strong></span> <span class='ocrx_word' id='word_1_27' title='bbox 3343 632 3569 687; x_wconf 86' lang='lat' dir='ltr'><strong>contra</strong></span> 
     </span>
    </p>
   </div>
   <div class='ocr_carea' id='block_1_4' title="bbox 265 715 2633 792">
    <p class='ocr_par' dir='ltr' id='par_1_4' title="bbox 265 715 2633 792">
     <span class='ocr_line' id='line_1_4' title="bbox 265 715 2633 792; baseline 0.003 -15"><span class='ocrx_word' id='word_1_28' title='bbox 265 720 524 778; x_wconf 76' lang='lat' dir='ltr'><strong>Larinas</strong></span> <span class='ocrx_word' id='word_1_29' title='bbox 558 727 887 792; x_wconf 81' lang='lat' dir='ltr'><strong>occupata,</strong></span> <span class='ocrx_word' id='word_1_30' title='bbox 930 715 1045 777; x_wconf 87' lang='lat' dir='ltr'><strong>sed</strong></span> <span class='ocrx_word' id='word_1_31' title='bbox 1084 716 1461 778; x_wconf 90' lang='lat' dir='ltr'><strong>hominibus</strong></span> <span class='ocrx_word' id='word_1_32' title='bbox 1496 717 1915 778; x_wconf 86' lang='lat' dir='ltr'><strong>heterodoxis</strong></span> <span class='ocrx_word' id='word_1_33' title='bbox 1965 720 2239 779; x_wconf 87' lang='lat' dir='ltr'><strong>nimium</strong></span> <span class='ocrx_word' id='word_1_34' title='bbox 2274 721 2573 783; x_wconf 80' lang='lat' dir='ltr'><strong>adversa.</strong></span> <span class='ocrx_word' id='word_1_35' title='bbox 2624 729 2633 739; x_wconf 91' lang='lat'><strong>&#39;</strong></span> 
     </span>
    </p>
   </div>
   <div class='ocr_carea' id='block_1_5' title="bbox 340 812 3565 893">
    <p class='ocr_par' dir='ltr' id='par_1_5' title="bbox 340 812 3565 893">
     <span class='ocr_line' id='line_1_5' title="bbox 340 812 3565 893; baseline 0 -18"><span class='ocrx_word' id='word_1_36' title='bbox 340 815 439 875; x_wconf 86' lang='lat'><strong>99.</strong></span> <span class='ocrx_word' id='word_1_37' title='bbox 476 816 803 893; x_wconf 82' lang='lat' dir='ltr'><strong>Insignem</strong></span> <span class='ocrx_word' id='word_1_38' title='bbox 836 814 1014 876; x_wconf 84' lang='lat' dir='ltr'><strong>illam</strong></span> <span class='ocrx_word' id='word_1_39' title='bbox 1052 812 1331 876; x_wconf 69' lang='lat' dir='ltr'><strong>Mirhmae</strong></span> <span class='ocrx_word' id='word_1_40' title='bbox 1365 813 1794 891; x_wconf 77' lang='lat' dir='ltr'><strong>prophetiam,</strong></span> <span class='ocrx_word' id='word_1_41' title='bbox 1835 816 1915 876; x_wconf 90' lang='lat' dir='ltr'><strong>de</strong></span> <span class='ocrx_word' id='word_1_42' title='bbox 1951 816 2071 875; x_wconf 88' lang='lat' dir='ltr'><strong>viri</strong></span> <span class='ocrx_word' id='word_1_43' title='bbox 2103 814 2384 877; x_wconf 79' lang='lat' dir='ltr'><strong>illustris</strong></span> <span class='ocrx_word' id='word_1_44' title='bbox 2417 826 2564 880; x_wconf 91' lang='lat' dir='ltr'><strong>ortu</strong></span> <span class='ocrx_word' id='word_1_45' title='bbox 2602 819 2667 879; x_wconf 92' lang='lat' dir='ltr'><strong>in</strong></span> <span class='ocrx_word' id='word_1_46' title='bbox 2711 819 2971 881; x_wconf 84' lang='lat' dir='ltr'><strong>civitate</strong></span> <span class='ocrx_word' id='word_1_47' title='bbox 3002 816 3407 888; x_wconf 77' lang='lat' dir='ltr'><strong>Bethlehem,</strong></span> <span class='ocrx_word' id='word_1_48' title='bbox 3446 815 3565 877; x_wconf 86' lang='lat' dir='ltr'><strong>de-</strong></span> 
     </span>
    </p>
   </div>
   <div class='ocr_carea' id='block_1_6' title="bbox 257 908 3569 997">
    <p class='ocr_par' dir='ltr' id='par_1_6' title="bbox 257 908 3569 997">
     <span class='ocr_line' id='line_1_6' title="bbox 257 908 3569 997; baseline 0.002 -30"><span class='ocrx_word' id='word_1_49' title='bbox 257 919 488 971; x_wconf 87' lang='lat' dir='ltr'><strong>tortam</strong></span> <span class='ocrx_word' id='word_1_50' title='bbox 524 908 734 973; x_wconf 87' lang='lat' dir='ltr'><strong>fuisse</strong></span> <span class='ocrx_word' id='word_1_51' title='bbox 764 911 847 971; x_wconf 90' lang='lat' dir='ltr'><strong>ad</strong></span> <span class='ocrx_word' id='word_1_52' title='bbox 880 910 1325 973; x_wconf 88' lang='lat' dir='ltr'><strong>Zorobabelem</strong></span> <span class='ocrx_word' id='word_1_53' title='bbox 1354 927 1387 972; x_wconf 93' lang='lat' dir='ltr'><strong>a</strong></span> <span class='ocrx_word' id='word_1_54' title='bbox 1425 910 1933 997; x_wconf 77' lang='lat' dir='ltr'><strong>TheOphylacto,</strong></span> <span class='ocrx_word' id='word_1_55' title='bbox 1959 912 2249 992; x_wconf 84' lang='lat' dir='ltr'><strong>itemque</strong></span> <span class='ocrx_word' id='word_1_56' title='bbox 2283 930 2318 975; x_wconf 92' lang='lat' dir='ltr'><strong>a</strong></span> <span class='ocrx_word' id='word_1_57' title='bbox 2348 913 2817 994; x_wconf 83' lang='lat' dir='ltr'><strong>Chrysostomo</strong></span> <span class='ocrx_word' id='word_1_58' title='bbox 2857 924 2919 975; x_wconf 91' lang='lat' dir='ltr'><strong>et</strong></span> <span class='ocrx_word' id='word_1_59' title='bbox 2959 913 3337 990; x_wconf 81' lang='lat' dir='ltr'><strong>Euthymio,</strong></span> <span class='ocrx_word' id='word_1_60' title='bbox 3385 919 3569 973; x_wconf 82' lang='lat' dir='ltr'><strong>nota-</strong></span> 
     </span>
    </p>
   </div>
   <div class='ocr_carea' id='block_1_7' title="bbox 262 998 3591 1091">
    <p class='ocr_par' dir='ltr' id='par_1_7' title="bbox 262 998 3591 1091">
     <span class='ocr_line' id='line_1_7' title="bbox 262 998 3591 1091; baseline 0 -23"><span class='ocrx_word' id='word_1_61' title='bbox 262 1007 351 1068; x_wconf 89' lang='lat' dir='ltr'><strong>vit</strong></span> <span class='ocrx_word' id='word_1_62' title='bbox 388 1010 613 1070; x_wconf 88' lang='lat' dir='ltr'><strong>Petrus</strong></span> <span class='ocrx_word' id='word_1_63' title='bbox 640 1008 869 1070; x_wconf 87' lang='lat' dir='ltr'><strong>Daniel</strong></span> <span class='ocrx_word' id='word_1_64' title='bbox 899 1010 1180 1071; x_wconf 83' lang='lat' dir='ltr'><strong>Huetins</strong></span> <span class='ocrx_word' id='word_1_65' title='bbox 1212 1010 1279 1071; x_wconf 86' lang='lat' dir='ltr'><strong>in</strong></span> <span class='ocrx_word' id='word_1_66' title='bbox 1310 1008 1861 1069; x_wconf 88' lang='lat' dir='ltr'><strong>Demonstratione</strong></span> <span class='ocrx_word' id='word_1_67' title='bbox 1894 1011 2273 1088; x_wconf 88' lang='lat' dir='ltr'><strong>evangelica,</strong></span> <span class='ocrx_word' id='word_1_68' title='bbox 2296 1010 2751 1091; x_wconf 85' lang='lat' dir='ltr'><strong>propositione</strong></span> <span class='ocrx_word' id='word_1_69' title='bbox 2788 1030 2922 1078; x_wconf 79' lang='lat' dir='ltr'><strong>VIII.</strong></span> <span class='ocrx_word' id='word_1_70' title='bbox 2963 1027 3145 1072; x_wconf 90' lang='lat' dir='ltr'><strong>num.</strong></span> <span class='ocrx_word' id='word_1_71' title='bbox 3184 1027 3365 1070; x_wconf 79' lang='lat' dir='ltr'><strong>xxvr.</strong></span> <span class='ocrx_word' id='word_1_72' title='bbox 3405 998 3556 1070; x_wconf 71' lang='lat' dir='ltr'><strong>Heec</strong></span> <span class='ocrx_word' id='word_1_73' title='bbox 3590 1072 3591 1075; x_wconf 33' lang='grc' dir='ltr'><strong>η</strong></span> 
     </span>
    </p>
   </div>
   <div class='ocr_carea' id='block_1_8' title="bbox 259 1105 3567 1183">
    <p class='ocr_par' dir='ltr' id='par_1_8' title="bbox 259 1105 3567 1183">
     <span class='ocr_line' id='line_1_8' title="bbox 259 1105 3567 1183; baseline -0 -16"><span class='ocrx_word' id='word_1_74' title='bbox 259 1106 544 1168; x_wconf 88' lang='lat' dir='ltr'><strong>aientem</strong></span> <span class='ocrx_word' id='word_1_75' title='bbox 580 1106 966 1179; x_wconf 86' lang='lat' dir='ltr'><strong>dormitasse</strong></span> <span class='ocrx_word' id='word_1_76' title='bbox 997 1107 1208 1168; x_wconf 86' lang='lat' dir='ltr'><strong>virum</strong></span> <span class='ocrx_word' id='word_1_77' title='bbox 1242 1106 1719 1176; x_wconf 80' lang='lat' dir='ltr'><strong>doctissimum,</strong></span> <span class='ocrx_word' id='word_1_78' title='bbox 1758 1108 2004 1183; x_wconf 86' lang='lat' dir='ltr'><strong>primus</strong></span> <span class='ocrx_word' id='word_1_79' title='bbox 2039 1108 2199 1169; x_wconf 90' lang='lat' dir='ltr'><strong>vidit</strong></span> <span class='ocrx_word' id='word_1_80' title='bbox 2230 1116 2291 1169; x_wconf 90' lang='lat' dir='ltr'><strong>et</strong></span> <span class='ocrx_word' id='word_1_81' title='bbox 2322 1109 3043 1171; x_wconf 79' lang='lat' dir='ltr'><strong>admonuitRichardus</strong></span> <span class='ocrx_word' id='word_1_82' title='bbox 3066 1107 3400 1168; x_wconf 88' lang='lat' dir='ltr'><strong>Simonius</strong></span> <span class='ocrx_word' id='word_1_83' title='bbox 3425 1105 3567 1166; x_wconf 95' lang='lat' dir='ltr'><strong>loco</strong></span> 
     </span>
    </p>
   </div>
   <div class='ocr_carea' id='block_1_9' title="bbox 259 1201 3562 1281">
    <p class='ocr_par' dir='ltr' id='par_1_9' title="bbox 259 1201 3562 1281">
     <span class='ocr_line' id='line_1_9' title="bbox 259 1201 3562 1281; baseline -0.001 -16"><span class='ocrx_word' id='word_1_84' title='bbox 259 1220 459 1280; x_wconf 88' lang='lat' dir='ltr'><strong>supra</strong></span> <span class='ocrx_word' id='word_1_85' title='bbox 492 1204 711 1266; x_wconf 92' lang='lat' dir='ltr'><strong>citato.</strong></span> <span class='ocrx_word' id='word_1_86' title='bbox 748 1204 995 1265; x_wconf 72' lang='lat' dir='ltr'><strong>Judmis</strong></span> <span class='ocrx_word' id='word_1_87' title='bbox 1027 1202 1490 1265; x_wconf 85' lang='lat' dir='ltr'><strong>Zorobabelem</strong></span> <span class='ocrx_word' id='word_1_88' title='bbox 1521 1202 2030 1264; x_wconf 90' lang='lat' dir='ltr'><strong>obtrudentibus</strong></span> <span class='ocrx_word' id='word_1_89' title='bbox 2064 1204 2445 1267; x_wconf 79' lang='lat' dir='ltr'><strong>adversatur</strong></span> <span class='ocrx_word' id='word_1_90' title='bbox 2489 1203 2593 1265; x_wconf 89' lang='lat' dir='ltr'><strong>his</strong></span> <span class='ocrx_word' id='word_1_91' title='bbox 2627 1204 2847 1265; x_wconf 82' lang='lat' dir='ltr'><strong>verbis</strong></span> <span class='ocrx_word' id='word_1_92' title='bbox 2897 1202 3439 1281; x_wconf 76' lang='lat' dir='ltr'><strong>archiepiSCOpus</strong></span> <span class='ocrx_word' id='word_1_93' title='bbox 3486 1201 3562 1261; x_wconf 93' lang='lat' dir='ltr'><strong>ad</strong></span> 
     </span>
    </p>
   </div>
   <div class='ocr_carea' id='block_1_10' title="bbox 254 1296 3566 1377">
    <p class='ocr_par' dir='ltr' id='par_1_10' title="bbox 254 1296 3566 1377">
     <span class='ocr_line' id='line_1_10' title="bbox 254 1296 3566 1377; baseline -0.002 -16"><span class='ocrx_word' id='word_1_94' title='bbox 254 1298 540 1361; x_wconf 71' lang='lat' dir='ltr'><strong>Matthmi</strong></span> <span class='ocrx_word' id='word_1_95' title='bbox 573 1308 764 1374; x_wconf 88' lang='lat' dir='ltr'><strong>caput</strong></span> <span class='ocrx_word' id='word_1_96' title='bbox 792 1317 863 1368; x_wconf 81' lang='grc' dir='ltr'><strong>ιι,</strong></span> <span class='ocrx_word' id='word_1_97' title='bbox 905 1300 1137 1360; x_wconf 84' lang='lat' dir='ltr'><strong>Dicunt</strong></span> <span class='ocrx_word' id='word_1_98' title='bbox 1167 1299 1400 1371; x_wconf 67' lang='lat' dir='ltr'><strong>Iudici,</strong></span> <span class='ocrx_word' id='word_1_99' title='bbox 1434 1298 1767 1376; x_wconf 83' lang='lat' dir='ltr'><strong>inquiens,</strong></span> <span class='ocrx_word' id='word_1_100' title='bbox 1801 1297 1971 1376; x_wconf 85' lang='lat' dir='ltr'><strong>quod</strong></span> <span class='ocrx_word' id='word_1_101' title='bbox 2000 1299 2115 1359; x_wconf 92' lang='lat' dir='ltr'><strong>hoc</strong></span> <span class='ocrx_word' id='word_1_102' title='bbox 2156 1299 2534 1377; x_wconf 75' lang='lat' dir='ltr'><strong>pradictum</strong></span> <span class='ocrx_word' id='word_1_103' title='bbox 2565 1302 2651 1361; x_wconf 98' lang='lat' dir='ltr'><strong>sit</strong></span> <span class='ocrx_word' id='word_1_104' title='bbox 2682 1299 2757 1361; x_wconf 90' lang='lat' dir='ltr'><strong>de</strong></span> <span class='ocrx_word' id='word_1_105' title='bbox 2787 1298 3145 1360; x_wconf 82' lang='lat' dir='ltr'><strong>Zorobabel</strong></span> <span class='ocrx_word' id='word_1_106' title='bbox 3190 1318 3211 1368; x_wconf 82' lang='lat'><strong>,-</strong></span> <span class='ocrx_word' id='word_1_107' title='bbox 3250 1296 3360 1357; x_wconf 90' lang='lat' dir='ltr'><strong>sed</strong></span> <span class='ocrx_word' id='word_1_108' title='bbox 3387 1314 3566 1356; x_wconf 82' lang='lat' dir='ltr'><strong>men-</strong></span> 
     </span>
    </p>
   </div>
   <div class='ocr_carea' id='block_1_11' title="bbox 253 1389 3571 1473">
    <p class='ocr_par' dir='ltr' id='par_1_11' title="bbox 253 1389 3571 1473">
     <span class='ocr_line' id='line_1_11' title="bbox 253 1389 3571 1473; baseline -0.001 -21"><span class='ocrx_word' id='word_1_109' title='bbox 253 1394 515 1455; x_wconf 85' lang='lat' dir='ltr'><strong>tiuntur</strong></span> <span class='ocrx_word' id='word_1_110' title='bbox 557 1395 913 1473; x_wconf 84' lang='lat' dir='ltr'><strong>mani/este.</strong></span> <span class='ocrx_word' id='word_1_111' title='bbox 945 1393 1198 1454; x_wconf 81' lang='lat' dir='ltr'><strong>Etenim</strong></span> <span class='ocrx_word' id='word_1_112' title='bbox 1225 1393 1585 1455; x_wconf 87' lang='lat' dir='ltr'><strong>Zorobabel</strong></span> <span class='ocrx_word' id='word_1_113' title='bbox 1613 1411 1743 1454; x_wconf 90' lang='lat' dir='ltr'><strong>non</strong></span> <span class='ocrx_word' id='word_1_114' title='bbox 1766 1393 1838 1454; x_wconf 91' lang='lat' dir='ltr'><strong>in</strong></span> <span class='ocrx_word' id='word_1_115' title='bbox 1868 1393 2231 1456; x_wconf 86' lang='lat' dir='ltr'><strong>Bethlehem</strong></span> <span class='ocrx_word' id='word_1_116' title='bbox 2260 1406 2452 1455; x_wconf 88' lang='lat' dir='ltr'><strong>natus</strong></span> <span class='ocrx_word' id='word_1_117' title='bbox 2487 1405 2580 1456; x_wconf 91' lang='lat' dir='ltr'><strong>est</strong></span> <span class='ocrx_word' id='word_1_118' title='bbox 2621 1418 2641 1464; x_wconf 85' lang='lat'><strong>,-</strong></span> <span class='ocrx_word' id='word_1_119' title='bbox 2673 1394 2783 1456; x_wconf 87' lang='lat' dir='ltr'><strong>sed</strong></span> <span class='ocrx_word' id='word_1_120' title='bbox 2812 1397 2883 1456; x_wconf 89' lang='lat' dir='ltr'><strong>in</strong></span> <span class='ocrx_word' id='word_1_121' title='bbox 2924 1392 3251 1473; x_wconf 80' lang='lat' dir='ltr'><strong>Babylone</strong></span> <span class='ocrx_word' id='word_1_122' title='bbox 3289 1437 3303 1452; x_wconf 93' lang='lat'><strong>.</strong></span> <span class='ocrx_word' id='word_1_123' title='bbox 3396 1439 3411 1455; x_wconf 98' lang='lat'><strong>.</strong></span> <span class='ocrx_word' id='word_1_124' title='bbox 3445 1389 3571 1453; x_wconf 85' lang='lat' dir='ltr'><strong>Sed</strong></span> 
     </span>
    </p>
   </div>
   <div class='ocr_carea' id='block_1_12' title="bbox 257 1490 3564 1572">
    <p class='ocr_par' dir='ltr' id='par_1_12' title="bbox 257 1490 3564 1572">
     <span class='ocr_line' id='line_1_12' title="bbox 257 1490 3564 1572; baseline 0 -22"><span class='ocrx_word' id='word_1_125' title='bbox 257 1502 318 1551; x_wconf 89' lang='lat' dir='ltr'><strong>et</strong></span> <span class='ocrx_word' id='word_1_126' title='bbox 348 1492 691 1570; x_wconf 78' lang='lat' dir='ltr'><strong>prophetia</strong></span> <span class='ocrx_word' id='word_1_127' title='bbox 712 1491 1043 1569; x_wconf 79' lang='lat' dir='ltr'><strong>manifeste</strong></span> <span class='ocrx_word' id='word_1_128' title='bbox 1073 1496 1291 1569; x_wconf 82' lang='lat' dir='ltr'><strong>arguit</strong></span> <span class='ocrx_word' id='word_1_129' title='bbox 1323 1509 1451 1561; x_wconf 89' lang='lat' dir='ltr'><strong>eos,</strong></span> <span class='ocrx_word' id='word_1_130' title='bbox 1486 1490 1737 1551; x_wconf 88' lang='lat' dir='ltr'><strong>dicens:</strong></span> <span class='ocrx_word' id='word_1_131' title='bbox 1771 1512 1801 1547; x_wconf 75' lang='grc' dir='ltr'><strong><em>α</em></strong></span> <span class='ocrx_word' id='word_1_132' title='bbox 1827 1491 2141 1568; x_wconf 75' lang='lat' dir='ltr'><strong>Egressus</strong></span> <span class='ocrx_word' id='word_1_133' title='bbox 2166 1493 2300 1572; x_wconf 85' lang='lat' dir='ltr'><strong>ejus</strong></span> <span class='ocrx_word' id='word_1_134' title='bbox 2328 1512 2367 1552; x_wconf 90' lang='lat' dir='ltr'><strong>a</strong></span> <span class='ocrx_word' id='word_1_135' title='bbox 2394 1493 2753 1571; x_wconf 85' lang='lat' dir='ltr'><strong>principio,</strong></span> <span class='ocrx_word' id='word_1_136' title='bbox 2785 1511 2824 1551; x_wconf 92' lang='lat' dir='ltr'><strong>a</strong></span> <span class='ocrx_word' id='word_1_137' title='bbox 2855 1491 3078 1555; x_wconf 88' lang='lat' dir='ltr'><strong>diebus</strong></span> <span class='ocrx_word' id='word_1_138' title='bbox 3109 1491 3514 1552; x_wconf 71' lang='lat' dir='ltr'><strong>aternitatis.</strong></span> <span class='ocrx_word' id='word_1_139' title='bbox 3538 1513 3564 1543; x_wconf 69' lang='grc' dir='ltr'><strong>η</strong></span> 
     </span>
    </p>
   </div>
   <div class='ocr_carea' id='block_1_13' title="bbox 257 1585 3565 1669">
    <p class='ocr_par' dir='ltr' id='par_1_13' title="bbox 257 1585 3565 1669">
     <span class='ocr_line' id='line_1_13' title="bbox 257 1585 3565 1669; baseline -0.001 -21"><span class='ocrx_word' id='word_1_140' title='bbox 257 1588 458 1668; x_wconf 83' lang='lat' dir='ltr'><strong>Cujus</strong></span> <span class='ocrx_word' id='word_1_141' title='bbox 485 1599 695 1649; x_wconf 87' lang='lat' dir='ltr'><strong>autem</strong></span> <span class='ocrx_word' id='word_1_142' title='bbox 724 1588 995 1650; x_wconf 88' lang='lat' dir='ltr'><strong>alterius</strong></span> <span class='ocrx_word' id='word_1_143' title='bbox 1029 1607 1317 1668; x_wconf 89' lang='lat' dir='ltr'><strong>egressus</strong></span> <span class='ocrx_word' id='word_1_144' title='bbox 1346 1590 1477 1666; x_wconf 83' lang='lat' dir='ltr'><strong>fuit</strong></span> <span class='ocrx_word' id='word_1_145' title='bbox 1500 1588 1577 1649; x_wconf 87' lang='lat' dir='ltr'><strong>ab</strong></span> <span class='ocrx_word' id='word_1_146' title='bbox 1606 1590 1798 1651; x_wconf 81' lang='lat' dir='ltr'><strong>initio</strong></span> <span class='ocrx_word' id='word_1_147' title='bbox 1837 1599 1897 1650; x_wconf 90' lang='lat' dir='ltr'><strong>et</strong></span> <span class='ocrx_word' id='word_1_148' title='bbox 1947 1608 1987 1650; x_wconf 90' lang='lat' dir='ltr'><strong>a</strong></span> <span class='ocrx_word' id='word_1_149' title='bbox 2021 1588 2241 1651; x_wconf 88' lang='lat' dir='ltr'><strong>diebus</strong></span> <span class='ocrx_word' id='word_1_150' title='bbox 2285 1590 2692 1663; x_wconf 64' lang='lat' dir='ltr'><strong>aeternitatis,</strong></span> <span class='ocrx_word' id='word_1_151' title='bbox 2735 1608 2920 1669; x_wconf 89' lang='lat' dir='ltr'><strong>quam</strong></span> <span class='ocrx_word' id='word_1_152' title='bbox 2961 1589 3226 1661; x_wconf 77' lang='lat' dir='ltr'><strong>Christi,</strong></span> <span class='ocrx_word' id='word_1_153' title='bbox 3267 1588 3377 1666; x_wconf 89' lang='lat' dir='ltr'><strong>qui</strong></span> <span class='ocrx_word' id='word_1_154' title='bbox 3405 1585 3565 1647; x_wconf 86' lang='lat' dir='ltr'><strong>duas</strong></span> 
     </span>
    </p>
   </div>
   <div class='ocr_carea' id='block_1_14' title="bbox 254 1683 3564 1767">
    <p class='ocr_par' dir='ltr' id='par_1_14' title="bbox 254 1683 3564 1767">
     <span class='ocr_line' id='line_1_14' title="bbox 254 1683 3564 1767; baseline 0 -22"><span class='ocrx_word' id='word_1_155' title='bbox 254 1704 545 1762; x_wconf 89' lang='lat' dir='ltr'><strong>egressus</strong></span> <span class='ocrx_word' id='word_1_156' title='bbox 558 1684 936 1756; x_wconf 86' lang='lat' dir='ltr'><strong>habuit,hoc</strong></span> <span class='ocrx_word' id='word_1_157' title='bbox 954 1694 1045 1746; x_wconf 90' lang='lat' dir='ltr'><strong>est</strong></span> <span class='ocrx_word' id='word_1_158' title='bbox 1073 1687 1444 1748; x_wconf 78' lang='lat' dir='ltr'><strong>nativitates</strong></span> <span class='ocrx_word' id='word_1_159' title='bbox 1466 1688 1495 1746; x_wconf 69' lang='grc' dir='ltr'><em>ἵ</em></span> <span class='ocrx_word' id='word_1_160' title='bbox 1516 1686 1755 1746; x_wconf 87' lang='lat' dir='ltr'><strong>Dicant</strong></span> <span class='ocrx_word' id='word_1_161' title='bbox 1772 1688 1979 1765; x_wconf 82' lang='lat' dir='ltr'><strong>igitur</strong></span> <span class='ocrx_word' id='word_1_162' title='bbox 1992 1686 2226 1763; x_wconf 76' lang='lat' dir='ltr'><strong>Judcei,</strong></span> <span class='ocrx_word' id='word_1_163' title='bbox 2254 1705 2407 1747; x_wconf 90' lang='lat' dir='ltr'><strong>num</strong></span> <span class='ocrx_word' id='word_1_164' title='bbox 2422 1689 2476 1749; x_wconf 92' lang='grc' dir='ltr'><em>Ζ</em></span> <span class='ocrx_word' id='word_1_165' title='bbox 2481 1687 2783 1749; x_wconf 87' lang='lat' dir='ltr'><strong>orobabel</strong></span> <span class='ocrx_word' id='word_1_166' title='bbox 2799 1686 2879 1748; x_wconf 91' lang='lat' dir='ltr'><strong>ab</strong></span> <span class='ocrx_word' id='word_1_167' title='bbox 2894 1687 3087 1749; x_wconf 85' lang='lat' dir='ltr'><strong>initio</strong></span> <span class='ocrx_word' id='word_1_168' title='bbox 3109 1686 3313 1767; x_wconf 75' lang='lat' dir='ltr'><strong>fuerit</strong></span> <span class='ocrx_word' id='word_1_169' title='bbox 3340 1686 3369 1745; x_wconf 76' lang='grc'><strong><em>7</em></strong></span> <span class='ocrx_word' id='word_1_170' title='bbox 3421 1683 3564 1737; x_wconf 72' lang='grc' dir='ltr'><strong>’Δὶ-λ’</strong></span> 
     </span>
    </p>
   </div>
   <div class='ocr_carea' id='block_1_15' title="bbox 251 1781 1903 1863">
    <p class='ocr_par' dir='ltr' id='par_1_15' title="bbox 251 1781 1903 1863">
     <span class='ocr_line' id='line_1_15' title="bbox 251 1781 1903 1863; baseline 0.005 -23"><span class='ocrx_word' id='word_1_171' title='bbox 251 1782 355 1835; x_wconf 78' lang='grc' dir='ltr'>οὐκ</span> <span class='ocrx_word' id='word_1_172' title='bbox 382 1783 597 1852; x_wconf 76' lang='grc' dir='ltr'><strong>ἔχουσιν</strong></span> <span class='ocrx_word' id='word_1_173' title='bbox 621 1784 819 1847; x_wconf 70' lang='grc' dir='ltr'><strong>εἰπεῖν,</strong></span> <span class='ocrx_word' id='word_1_174' title='bbox 844 1782 969 1844; x_wconf 86' lang='lat' dir='ltr'><strong>Sed</strong></span> <span class='ocrx_word' id='word_1_175' title='bbox 996 1801 1126 1842; x_wconf 89' lang='lat' dir='ltr'><strong>non</strong></span> <span class='ocrx_word' id='word_1_176' title='bbox 1168 1782 1424 1855; x_wconf 83' lang='lat' dir='ltr'><strong>habent,</strong></span> <span class='ocrx_word' id='word_1_177' title='bbox 1464 1781 1903 1863; x_wconf 86' lang='lat' dir='ltr'><strong>quoddicant.</strong></span> 
     </span>
    </p>
   </div>
   <div class='ocr_carea' id='block_1_16' title="bbox 334 1880 3568 1965">
    <p class='ocr_par' dir='ltr' id='par_1_16' title="bbox 334 1880 3568 1965">
     <span class='ocr_line' id='line_1_16' title="bbox 334 1880 3568 1965; baseline -0.001 -18"><span class='ocrx_word' id='word_1_178' title='bbox 334 1887 577 1947; x_wconf 92' lang='lat' dir='ltr'><strong>Eadem</strong></span> <span class='ocrx_word' id='word_1_179' title='bbox 616 1885 895 1965; x_wconf 81' lang='lat' dir='ltr'><strong>legimus</strong></span> <span class='ocrx_word' id='word_1_180' title='bbox 932 1883 1123 1945; x_wconf 89' lang='lat' dir='ltr'><strong>verba</strong></span> <span class='ocrx_word' id='word_1_181' title='bbox 1149 1883 1319 1961; x_wconf 89' lang='lat' dir='ltr'><strong>apud</strong></span> <span class='ocrx_word' id='word_1_182' title='bbox 1360 1883 1675 1944; x_wconf 85' lang='lat' dir='ltr'><strong>Joannem</strong></span> <span class='ocrx_word' id='word_1_183' title='bbox 1719 1882 2260 1961; x_wconf 86' lang='lat' dir='ltr'><strong>Chrysostomum</strong></span> <span class='ocrx_word' id='word_1_184' title='bbox 2296 1889 2357 1945; x_wconf 92' lang='lat' dir='ltr'><strong>et</strong></span> <span class='ocrx_word' id='word_1_185' title='bbox 2392 1882 2823 1963; x_wconf 82' lang='lat' dir='ltr'><strong>Euthymium</strong></span> <span class='ocrx_word' id='word_1_186' title='bbox 2878 1881 2955 1944; x_wconf 90' lang='lat' dir='ltr'><strong>ad</strong></span> <span class='ocrx_word' id='word_1_187' title='bbox 3003 1880 3225 1959; x_wconf 90' lang='lat' dir='ltr'><strong>ipsum</strong></span> <span class='ocrx_word' id='word_1_188' title='bbox 3285 1881 3568 1946; x_wconf 69' lang='lat' dir='ltr'><strong>Matthaai</strong></span> 
     </span>
    </p>
   </div>
   <div class='ocr_carea' id='block_1_17' title="bbox 253 1977 3572 2061">
    <p class='ocr_par' dir='ltr' id='par_1_17' title="bbox 253 1977 3572 2061">
     <span class='ocr_line' id='line_1_17' title="bbox 253 1977 3572 2061; baseline 0.002 -23"><span class='ocrx_word' id='word_1_189' title='bbox 253 1982 493 2044; x_wconf 90' lang='lat' dir='ltr'><strong>locum.</strong></span> <span class='ocrx_word' id='word_1_190' title='bbox 522 1982 754 2057; x_wconf 80' lang='lat' dir='ltr'><strong>Quid?</strong></span> <span class='ocrx_word' id='word_1_191' title='bbox 783 1980 958 2061; x_wconf 89' lang='lat' dir='ltr'><strong>quod</strong></span> <span class='ocrx_word' id='word_1_192' title='bbox 992 1980 1285 2042; x_wconf 89' lang='lat' dir='ltr'><strong>etiamin</strong></span> <span class='ocrx_word' id='word_1_193' title='bbox 1322 1979 1546 2040; x_wconf 88' lang='lat' dir='ltr'><strong>eadem</strong></span> <span class='ocrx_word' id='word_1_194' title='bbox 1579 1979 1917 2057; x_wconf 81' lang='lat' dir='ltr'><strong>prophetia</strong></span> <span class='ocrx_word' id='word_1_195' title='bbox 1958 1997 2086 2043; x_wconf 91' lang='lat' dir='ltr'><strong>non</strong></span> <span class='ocrx_word' id='word_1_196' title='bbox 2123 1981 2353 2055; x_wconf 90' lang='lat' dir='ltr'><strong>alium,</strong></span> <span class='ocrx_word' id='word_1_197' title='bbox 2408 1982 2537 2043; x_wconf 84' lang='lat' dir='ltr'><strong>nisi</strong></span> <span class='ocrx_word' id='word_1_198' title='bbox 2584 1983 2813 2042; x_wconf 90' lang='lat' dir='ltr'><strong>Jesum</strong></span> <span class='ocrx_word' id='word_1_199' title='bbox 2856 1980 3189 2041; x_wconf 89' lang='lat' dir='ltr'><strong>Christum</strong></span> <span class='ocrx_word' id='word_1_200' title='bbox 3237 1977 3572 2043; x_wconf 79' lang='lat' dir='ltr'><strong>intellexit</strong></span> 
     </span>
    </p>
   </div>
   <div class='ocr_carea' id='block_1_18' title="bbox 252 2076 3572 2159">
    <p class='ocr_par' dir='ltr' id='par_1_18' title="bbox 252 2076 3572 2159">
     <span class='ocr_line' id='line_1_18' title="bbox 252 2076 3572 2159; baseline -0.002 -20"><span class='ocrx_word' id='word_1_201' title='bbox 252 2077 782 2159; x_wconf 81' lang='lat' dir='ltr'><strong>Theophylactus</strong></span> <span class='ocrx_word' id='word_1_202' title='bbox 803 2077 870 2141; x_wconf 91' lang='lat' dir='ltr'><strong>in</strong></span> <span class='ocrx_word' id='word_1_203' title='bbox 894 2077 1372 2140; x_wconf 84' lang='lat' dir='ltr'><strong>Commentario</strong></span> <span class='ocrx_word' id='word_1_204' title='bbox 1390 2077 1467 2138; x_wconf 87' lang='lat' dir='ltr'><strong>ad</strong></span> <span class='ocrx_word' id='word_1_205' title='bbox 1482 2076 1931 2151; x_wconf 73' lang='lat' dir='ltr'><strong>Micbteam,ut</strong></span> <span class='ocrx_word' id='word_1_206' title='bbox 1954 2077 2022 2139; x_wconf 91' lang='lat' dir='ltr'><strong>in</strong></span> <span class='ocrx_word' id='word_1_207' title='bbox 2045 2079 2275 2141; x_wconf 87' lang='lat' dir='ltr'><strong>codice</strong></span> <span class='ocrx_word' id='word_1_208' title='bbox 2295 2076 3097 2141; x_wconf 87' lang='lat' dir='ltr'><strong>Bavarico-Monachiensi</strong></span> <span class='ocrx_word' id='word_1_209' title='bbox 3124 2076 3441 2138; x_wconf 87' lang='lat' dir='ltr'><strong>habetur:</strong></span> <span class='ocrx_word' id='word_1_210' title='bbox 3476 2079 3572 2133; x_wconf 81' lang='grc' dir='ltr'><strong>Ἐκ</strong></span> 
     </span>
    </p>
   </div>
   <div class='ocr_carea' id='block_1_19' title="bbox 252 2172 1935 2254">
    <p class='ocr_par' dir='ltr' id='par_1_19' title="bbox 252 2172 1935 2247">
     <span class='ocr_line' id='line_1_19' title="bbox 252 2172 1935 2247; baseline 0.004 -17"><span class='ocrx_word' id='word_1_211' title='bbox 252 2175 349 2230; x_wconf 81' lang='grc' dir='ltr'><strong>σοῦ</strong></span> <span class='ocrx_word' id='word_1_212' title='bbox 378 2178 487 2247; x_wconf 81' lang='grc' dir='ltr'><strong>γὰρ</strong></span> <span class='ocrx_word' id='word_1_213' title='bbox 516 2175 801 2232; x_wconf 72' lang='grc' dir='ltr'><strong>ἐλεύσεται</strong></span> <span class='ocrx_word' id='word_1_214' title='bbox 832 2178 860 2230; x_wconf 82' lang='grc' dir='ltr'><strong>ὁ</strong></span> <span class='ocrx_word' id='word_1_215' title='bbox 894 2175 1154 2246; x_wconf 66' lang='grc' dir='ltr'><strong>Χριστὸς,</strong></span> <span class='ocrx_word' id='word_1_216' title='bbox 1183 2174 1243 2237; x_wconf 82' lang='grc' dir='ltr'><strong>ὃς</strong></span> <span class='ocrx_word' id='word_1_217' title='bbox 1273 2173 1430 2245; x_wconf 80' lang='grc' dir='ltr'>ἄρξει</span> <span class='ocrx_word' id='word_1_218' title='bbox 1458 2172 1554 2227; x_wconf 81' lang='grc' dir='ltr'><strong>τοῦ</strong></span> <span class='ocrx_word' id='word_1_219' title='bbox 1576 2174 1818 2246; x_wconf 77' lang='grc' dir='ltr'><strong>Ἰσραήλ,</strong></span> <span class='ocrx_word' id='word_1_220' title='bbox 1855 2176 1935 2241; x_wconf 66' lang='lat' dir='ltr'><strong>Et</strong></span> 
     </span>
    </p>
   </div>
   <div class='ocr_carea' id='block_1_20' title="bbox 1890 2172 3573 2254">
    <p class='ocr_par' dir='ltr' id='par_1_20' title="bbox 1890 2172 3573 2254">
     <span class='ocr_line' id='line_1_20' title="bbox 1890 2172 3573 2254; baseline -0.004 -19"><span class='ocrx_word' id='word_1_221' title='bbox 1890 2176 1965 2236; x_wconf 66' lang='lat' dir='ltr'><strong>Ea:</strong></span> <span class='ocrx_word' id='word_1_222' title='bbox 2017 2184 2076 2237; x_wconf 89' lang='lat' dir='ltr'><strong>te</strong></span> <span class='ocrx_word' id='word_1_223' title='bbox 2129 2178 2295 2237; x_wconf 91' lang='lat' dir='ltr'><strong>enim</strong></span> <span class='ocrx_word' id='word_1_224' title='bbox 2343 2177 2531 2239; x_wconf 69' lang='lat' dir='ltr'><strong>exist:</strong></span> <span class='ocrx_word' id='word_1_225' title='bbox 2570 2175 2907 2250; x_wconf 83' lang='lat' dir='ltr'><strong>Christus,</strong></span> <span class='ocrx_word' id='word_1_226' title='bbox 2968 2175 3081 2254; x_wconf 89' lang='lat' dir='ltr'><strong>qui</strong></span> <span class='ocrx_word' id='word_1_227' title='bbox 3130 2172 3573 2236; x_wconf 84' lang='lat' dir='ltr'><strong>dominabitur</strong></span> 
     </span>
    </p>
   </div>
   <div class='ocr_carea' id='block_1_21' title="bbox 246 2270 3489 2355">
    <p class='ocr_par' dir='ltr' id='par_1_21' title="bbox 246 2270 3489 2355">
     <span class='ocr_line' id='line_1_21' title="bbox 246 2270 3489 2355; baseline -0.002 -20"><span class='ocrx_word' id='word_1_228' title='bbox 246 2273 477 2338; x_wconf 82' lang='lat' dir='ltr'><strong>Israel.</strong></span> <span class='ocrx_word' id='word_1_229' title='bbox 513 2277 747 2340; x_wconf 68' lang='lat' dir='ltr'><strong>Caetera</strong></span> <span class='ocrx_word' id='word_1_230' title='bbox 785 2273 1145 2355; x_wconf 60' lang='lat' dir='ltr'><strong>prophetia;</strong></span> <span class='ocrx_word' id='word_1_231' title='bbox 1169 2274 1360 2336; x_wconf 86' lang='lat' dir='ltr'><strong>verba</strong></span> <span class='ocrx_word' id='word_1_232' title='bbox 1393 2273 1506 2334; x_wconf 90' lang='lat' dir='ltr'><strong>uni</strong></span> <span class='ocrx_word' id='word_1_233' title='bbox 1537 2274 1694 2336; x_wconf 83' lang='lat' dir='ltr'><strong>Jesu</strong></span> <span class='ocrx_word' id='word_1_234' title='bbox 1719 2272 1976 2338; x_wconf 87' lang='lat' dir='ltr'><strong>Christo</strong></span> <span class='ocrx_word' id='word_1_235' title='bbox 2005 2274 2267 2353; x_wconf 79' lang='lat' dir='ltr'><strong>egregie</strong></span> <span class='ocrx_word' id='word_1_236' title='bbox 2296 2272 2911 2353; x_wconf 16' lang='lat' dir='ltr'><strong>adaptateint‘erpres</strong></span> <span class='ocrx_word' id='word_1_237' title='bbox 2935 2270 3489 2351; x_wconf 84' lang='lat' dir='ltr'><strong>TheOphylactus.</strong></span> 
     </span>
    </p>
   </div>
   <div class='ocr_carea' id='block_1_22' title="bbox 1824 2450 2009 2513">
    <p class='ocr_par' dir='ltr' id='par_1_22' title="bbox 1824 2450 2009 2513">
     <span class='ocr_line' id='line_1_22' title="bbox 1824 2450 2009 2513; baseline 0.016 -3"><span class='ocrx_word' id='word_1_238' title='bbox 1824 2450 2009 2513; x_wconf 83' lang='lat' dir='ltr'><strong>XXV.</strong></span> 
     </span>
    </p>
   </div>
   <div class='ocr_carea' id='block_1_23' title="bbox 246 2602 3575 2695">
    <p class='ocr_par' dir='ltr' id='par_1_23' title="bbox 246 2602 3575 2695">
     <span class='ocr_line' id='line_1_23' title="bbox 246 2602 3575 2695; baseline -0.003 -19"><span class='ocrx_word' id='word_1_239' title='bbox 246 2613 417 2695; x_wconf 76' lang='lat' dir='ltr'><strong>Novi</strong></span> <span class='ocrx_word' id='word_1_240' title='bbox 449 2614 831 2695; x_wconf 63' lang='lat' dir='ltr'><strong>Testamenti</strong></span> <span class='ocrx_word' id='word_1_241' title='bbox 860 2611 1236 2695; x_wconf 72' lang='lat' dir='ltr'><strong>qodea‘,_quo</strong></span> <span class='ocrx_word' id='word_1_242' title='bbox 1255 2602 1763 2695; x_wconf 73' lang='lat' dir='ltr'><strong>Theophglactus</strong></span> <span class='ocrx_word' id='word_1_243' title='bbox 1794 2609 2121 2695; x_wconf 79' lang='lat' dir='ltr'><strong>utebatur,</strong></span> <span class='ocrx_word' id='word_1_244' title='bbox 2154 2609 2402 2695; x_wconf 82' lang='lat' dir='ltr'><strong>integer</strong></span> <span class='ocrx_word' id='word_1_245' title='bbox 2426 2608 2494 2695; x_wconf 81' lang='lat' dir='ltr'><strong>in</strong></span> <span class='ocrx_word' id='word_1_246' title='bbox 2510 2616 2832 2695; x_wconf 79' lang='lat' dir='ltr'><strong>postremo</strong></span> <span class='ocrx_word' id='word_1_247' title='bbox 2866 2606 3075 2695; x_wconf 76' lang='lat' dir='ltr'><strong>sancti</strong></span> <span class='ocrx_word' id='word_1_248' title='bbox 3110 2604 3320 2695; x_wconf 72' lang='lat' dir='ltr'><strong>Marci</strong></span> <span class='ocrx_word' id='word_1_249' title='bbox 3341 2606 3575 2695; x_wconf 71' lang='lat' dir='ltr'><strong>capite.</strong></span> 
     </span>
    </p>
   </div>
   <div class='ocr_carea' id='block_1_24' title="bbox 338 2685 3579 2767">
    <p class='ocr_par' dir='ltr' id='par_1_24' title="bbox 338 2685 3579 2767">
     <span class='ocr_line' id='line_1_24' title="bbox 338 2685 3579 2767; baseline -0.002 -14"><span class='ocrx_word' id='word_1_250' title='bbox 338 2692 606 2754; x_wconf 79' lang='lat' dir='ltr'><strong>Mutilus</strong></span> <span class='ocrx_word' id='word_1_251' title='bbox 646 2692 718 2752; x_wconf 87' lang='lat' dir='ltr'><strong>in</strong></span> <span class='ocrx_word' id='word_1_252' title='bbox 745 2685 1016 2761; x_wconf 74' lang='lat' dir='ltr'><strong>Joanne,</strong></span> <span class='ocrx_word' id='word_1_253' title='bbox 1038 2685 1151 2752; x_wconf 76' lang='lat' dir='ltr'><strong>ubi</strong></span> <span class='ocrx_word' id='word_1_254' title='bbox 1182 2690 1255 2751; x_wconf 88' lang='lat' dir='ltr'><strong>de</strong></span> <span class='ocrx_word' id='word_1_255' title='bbox 1286 2685 1551 2751; x_wconf 69' lang='lat' dir='ltr'><strong>muliere</strong></span> <span class='ocrx_word' id='word_1_256' title='bbox 1568 2689 1865 2751; x_wconf 89' lang='lat' dir='ltr'><strong>adultera</strong></span> <span class='ocrx_word' id='word_1_257' title='bbox 1894 2691 2137 2767; x_wconf 86' lang='lat' dir='ltr'><strong>agitur.</strong></span> <span class='ocrx_word' id='word_1_258' title='bbox 2170 2685 2759 2767; x_wconf 76' lang='lat' dir='ltr'><strong>Interpolationum</strong></span> <span class='ocrx_word' id='word_1_259' title='bbox 2793 2685 3111 2765; x_wconf 83' lang='lat' dir='ltr'><strong>specimen</strong></span> <span class='ocrx_word' id='word_1_260' title='bbox 3133 2704 3208 2745; x_wconf 84' lang='lat' dir='ltr'><strong>ac</strong></span> <span class='ocrx_word' id='word_1_261' title='bbox 3236 2685 3579 2746; x_wconf 85' lang='lat' dir='ltr'><strong>lectionum</strong></span> 
     </span>
    </p>
   </div>
   <div class='ocr_carea' id='block_1_25' title="bbox 330 2768 2809 2851">
    <p class='ocr_par' dir='ltr' id='par_1_25' title="bbox 330 2768 2809 2851">
     <span class='ocr_line' id='line_1_25' title="bbox 330 2768 2809 2851; baseline -0.001 -22"><span class='ocrx_word' id='word_1_262' title='bbox 330 2772 778 2851; x_wconf 85' lang='lat' dir='ltr'><strong>genuinarum.</strong></span> <span class='ocrx_word' id='word_1_263' title='bbox 815 2769 1114 2847; x_wconf 64' lang='lat' dir='ltr'><strong>Quaenam</strong></span> <span class='ocrx_word' id='word_1_264' title='bbox 1147 2770 1385 2832; x_wconf 84' lang='lat' dir='ltr'><strong>codicis</strong></span> <span class='ocrx_word' id='word_1_265' title='bbox 1416 2772 1648 2833; x_wconf 82' lang='lat' dir='ltr'><strong>divisio</strong></span> <span class='ocrx_word' id='word_1_266' title='bbox 1683 2772 1751 2830; x_wconf 89' lang='lat' dir='ltr'><strong>in</strong></span> <span class='ocrx_word' id='word_1_267' title='bbox 1782 2770 1997 2848; x_wconf 83' lang='lat' dir='ltr'><strong>capita</strong></span> <span class='ocrx_word' id='word_1_268' title='bbox 2039 2770 2438 2847; x_wconf 87' lang='lat' dir='ltr'><strong>minoresque</strong></span> <span class='ocrx_word' id='word_1_269' title='bbox 2470 2768 2809 2827; x_wconf 81' lang='lat' dir='ltr'><strong>sectiones.</strong></span> 
     </span>
    </p>
   </div>
   <div class='ocr_carea' id='block_1_26' title="bbox 335 2910 3576 2996">
    <p class='ocr_par' dir='ltr' id='par_1_26' title="bbox 335 2910 3576 2996">
     <span class='ocr_line' id='line_1_26' title="bbox 335 2910 3576 2996; baseline -0.002 -16"><span class='ocrx_word' id='word_1_270' title='bbox 335 2918 474 2981; x_wconf 85' lang='grc'><strong>100.</strong></span> <span class='ocrx_word' id='word_1_271' title='bbox 509 2920 803 2983; x_wconf 66' lang='lat' dir='ltr'><strong>Graecum</strong></span> <span class='ocrx_word' id='word_1_272' title='bbox 837 2920 996 2983; x_wconf 85' lang='lat' dir='ltr'><strong>Novi</strong></span> <span class='ocrx_word' id='word_1_273' title='bbox 1042 2917 1437 2980; x_wconf 74' lang='lat' dir='ltr'><strong>Testamenti</strong></span> <span class='ocrx_word' id='word_1_274' title='bbox 1470 2916 1793 2986; x_wconf 86' lang='lat' dir='ltr'><strong>codicem,</strong></span> <span class='ocrx_word' id='word_1_275' title='bbox 1830 2933 2026 2996; x_wconf 89' lang='lat' dir='ltr'><strong>quem</strong></span> <span class='ocrx_word' id='word_1_276' title='bbox 2065 2914 2206 2977; x_wconf 91' lang='lat' dir='ltr'><strong>suis</strong></span> <span class='ocrx_word' id='word_1_277' title='bbox 2238 2910 2772 2993; x_wconf 84' lang='lat' dir='ltr'><strong>TheOphylactus</strong></span> <span class='ocrx_word' id='word_1_278' title='bbox 2815 2911 3184 2973; x_wconf 87' lang='lat' dir='ltr'><strong>illnstrabat</strong></span> <span class='ocrx_word' id='word_1_279' title='bbox 3221 2914 3576 2975; x_wconf 88' lang='lat' dir='ltr'><strong>Commen-</strong></span> 
     </span>
    </p>
   </div>
   <div class='ocr_carea' id='block_1_27' title="bbox 247 3008 3584 3096">
    <p class='ocr_par' dir='ltr' id='par_1_27' title="bbox 247 3008 3584 3096">
     <span class='ocr_line' id='line_1_27' title="bbox 247 3008 3584 3096; baseline -0.001 -19"><span class='ocrx_word' id='word_1_280' title='bbox 247 3017 460 3090; x_wconf 81' lang='lat' dir='ltr'><strong>tariis,</strong></span> <span class='ocrx_word' id='word_1_281' title='bbox 497 3026 823 3095; x_wconf 81' lang='lat' dir='ltr'><strong>postremo</strong></span> <span class='ocrx_word' id='word_1_282' title='bbox 855 3015 998 3079; x_wconf 90' lang='lat' dir='ltr'><strong>loco</strong></span> <span class='ocrx_word' id='word_1_283' title='bbox 1030 3021 1405 3095; x_wconf 82' lang='lat' dir='ltr'><strong>expendere</strong></span> <span class='ocrx_word' id='word_1_284' title='bbox 1439 3016 1627 3080; x_wconf 80' lang='lat' dir='ltr'><strong>liceat</strong></span> <span class='ocrx_word' id='word_1_285' title='bbox 1687 3015 1963 3096; x_wconf 82' lang='lat' dir='ltr'><strong>ejusque</strong></span> <span class='ocrx_word' id='word_1_286' title='bbox 2005 3022 2219 3073; x_wconf 81' lang='lat' dir='ltr'><strong>notam</strong></span> <span class='ocrx_word' id='word_1_287' title='bbox 2256 3010 2580 3074; x_wconf 84' lang='lat' dir='ltr'><strong>indicare.</strong></span> <span class='ocrx_word' id='word_1_288' title='bbox 2604 3008 2889 3088; x_wconf 85' lang='lat' dir='ltr'><strong>Legebat</strong></span> <span class='ocrx_word' id='word_1_289' title='bbox 2923 3009 3036 3071; x_wconf 91' lang='lat' dir='ltr'><strong>ille</strong></span> <span class='ocrx_word' id='word_1_290' title='bbox 3078 3010 3141 3069; x_wconf 91' lang='lat' dir='ltr'><strong>in</strong></span> <span class='ocrx_word' id='word_1_291' title='bbox 3178 3018 3367 3071; x_wconf 86' lang='lat' dir='ltr'><strong>sexto</strong></span> <span class='ocrx_word' id='word_1_292' title='bbox 3399 3010 3584 3087; x_wconf 58' lang='lat' dir='ltr'><strong>«icci-</strong></span> 
     </span>
    </p>
   </div>
   <div class='ocr_carea' id='block_1_28' title="bbox 249 3109 3578 3192">
    <p class='ocr_par' dir='ltr' id='par_1_28' title="bbox 249 3109 3578 3192">
     <span class='ocr_line' id='line_1_28' title="bbox 249 3109 3578 3192; baseline -0.001 -17"><span class='ocrx_word' id='word_1_293' title='bbox 249 3130 359 3175; x_wconf 87' lang='lat' dir='ltr'><strong>mo</strong></span> <span class='ocrx_word' id='word_1_294' title='bbox 399 3113 593 3175; x_wconf 77' lang='lat' dir='ltr'><strong>Marci</strong></span> <span class='ocrx_word' id='word_1_295' title='bbox 648 3114 858 3189; x_wconf 85' lang='lat' dir='ltr'><strong>capite</strong></span> <span class='ocrx_word' id='word_1_296' title='bbox 921 3131 1159 3175; x_wconf 90' lang='lat' dir='ltr'><strong>comma</strong></span> <span class='ocrx_word' id='word_1_297' title='bbox 1213 3131 1452 3174; x_wconf 89' lang='lat' dir='ltr'><strong>nonum</strong></span> <span class='ocrx_word' id='word_1_298' title='bbox 1505 3129 1650 3174; x_wconf 90' lang='lat' dir='ltr'><strong>cum</strong></span> <span class='ocrx_word' id='word_1_299' title='bbox 1690 3111 2125 3192; x_wconf 89' lang='lat' dir='ltr'><strong>sequentibus</strong></span> <span class='ocrx_word' id='word_1_300' title='bbox 2174 3110 2251 3171; x_wconf 86' lang='lat' dir='ltr'><strong>ad</strong></span> <span class='ocrx_word' id='word_1_301' title='bbox 2306 3110 2500 3172; x_wconf 81' lang='lat' dir='ltr'><strong>ﬁnem</strong></span> <span class='ocrx_word' id='word_1_302' title='bbox 2538 3126 2751 3188; x_wconf 89' lang='lat' dir='ltr'><strong>usque</strong></span> <span class='ocrx_word' id='word_1_303' title='bbox 2792 3131 2806 3169; x_wconf 89' lang='lat'><strong>:</strong></span> <span class='ocrx_word' id='word_1_304' title='bbox 2863 3125 2935 3169; x_wconf 80' lang='lat' dir='ltr'><strong>nc</strong></span> <span class='ocrx_word' id='word_1_305' title='bbox 2969 3125 3041 3169; x_wconf 90' lang='lat' dir='ltr'><strong>ea</strong></span> <span class='ocrx_word' id='word_1_306' title='bbox 3087 3124 3243 3171; x_wconf 87' lang='lat' dir='ltr'><strong>sane</strong></span> <span class='ocrx_word' id='word_1_307' title='bbox 3285 3109 3578 3185; x_wconf 85' lang='lat' dir='ltr'><strong>exponit.</strong></span> 
     </span>
    </p>
   </div>
   <div class='ocr_carea' id='block_1_29' title="bbox 219 3204 3586 3289">
    <p class='ocr_par' dir='ltr' id='par_1_29' title="bbox 219 3204 3586 3289">
     <span class='ocr_line' id='line_1_29' title="bbox 219 3204 3586 3289; baseline -0.001 -17"><span class='ocrx_word' id='word_1_308' title='bbox 219 3208 625 3273; x_wconf 77' lang='lat' dir='ltr'><strong>&#39;Sectionem</strong></span> <span class='ocrx_word' id='word_1_309' title='bbox 657 3208 847 3284; x_wconf 82' lang='lat' dir='ltr'><strong>hanc,</strong></span> <span class='ocrx_word' id='word_1_310' title='bbox 878 3226 997 3271; x_wconf 90' lang='lat' dir='ltr'><strong>seu</strong></span> <span class='ocrx_word' id='word_1_311' title='bbox 1034 3210 1305 3289; x_wconf 87' lang='lat' dir='ltr'><strong>capituli</strong></span> <span class='ocrx_word' id='word_1_312' title='bbox 1330 3218 1571 3288; x_wconf 89' lang='lat' dir='ltr'><strong>partem</strong></span> <span class='ocrx_word' id='word_1_313' title='bbox 1609 3218 1722 3271; x_wconf 88' lang='lat' dir='ltr'><strong>aut</strong></span> <span class='ocrx_word' id='word_1_314' title='bbox 1741 3222 1873 3269; x_wconf 83' lang='lat' dir='ltr'><strong>non</strong></span> <span class='ocrx_word' id='word_1_315' title='bbox 1900 3208 2249 3287; x_wconf 82' lang='lat' dir='ltr'><strong>recipimus</strong></span> <span class='ocrx_word' id='word_1_316' title='bbox 2280 3208 2440 3284; x_wconf 73' lang='lat' dir='ltr'><strong>{LX}</strong></span> <span class='ocrx_word' id='word_1_317' title='bbox 2462 3206 2701 3283; x_wconf 72' lang='lat' dir='ltr'><strong>{aiebat</strong></span> <span class='ocrx_word' id='word_1_318' title='bbox 2723 3204 3176 3286; x_wconf 81' lang='lat' dir='ltr'><strong>Hieronymus</strong></span> <span class='ocrx_word' id='word_1_319' title='bbox 3202 3205 3269 3265; x_wconf 89' lang='lat' dir='ltr'><strong>in</strong></span> <span class='ocrx_word' id='word_1_320' title='bbox 3306 3206 3586 3283; x_wconf 86' lang='lat' dir='ltr'><strong>epistola</strong></span> 
     </span>
    </p>
   </div>
   <div class='ocr_carea' id='block_1_30' title="bbox 251 3295 3585 3389">
    <p class='ocr_par' dir='ltr' id='par_1_30' title="bbox 251 3295 3585 3389">
     <span class='ocr_line' id='line_1_30' title="bbox 251 3295 3585 3389; baseline -0.001 -21"><span class='ocrx_word' id='word_1_321' title='bbox 251 3307 332 3369; x_wconf 89' lang='lat' dir='ltr'><strong>ad</strong></span> <span class='ocrx_word' id='word_1_322' title='bbox 363 3306 769 3389; x_wconf 83' lang='lat' dir='ltr'><strong>Hedibiam,)</strong></span> <span class='ocrx_word' id='word_1_323' title='bbox 804 3305 972 3388; x_wconf 89' lang='lat' dir='ltr'><strong>quod</strong></span> <span class='ocrx_word' id='word_1_324' title='bbox 1000 3306 1069 3368; x_wconf 88' lang='lat' dir='ltr'><strong>in</strong></span> <span class='ocrx_word' id='word_1_325' title='bbox 1098 3308 1299 3369; x_wconf 90' lang='lat' dir='ltr'><strong>variis</strong></span> <span class='ocrx_word' id='word_1_326' title='bbox 1328 3308 1545 3388; x_wconf 82' lang='lat' dir='ltr'><strong>fertur</strong></span> <span class='ocrx_word' id='word_1_327' title='bbox 1592 3295 2269 3384; x_wconf 75' lang='lat' dir='ltr'><strong>evangeliis,omnibus</strong></span> <span class='ocrx_word' id='word_1_328' title='bbox 2297 3304 2558 3368; x_wconf 71' lang='lat' dir='ltr'><strong>Graecia:</strong></span> <span class='ocrx_word' id='word_1_329' title='bbox 2586 3303 2774 3367; x_wconf 83' lang='lat' dir='ltr'><strong>libris</strong></span> <span class='ocrx_word' id='word_1_330' title='bbox 2802 3324 2962 3384; x_wconf 89' lang='lat' dir='ltr'><strong>pene</strong></span> <span class='ocrx_word' id='word_1_331' title='bbox 3000 3324 3131 3365; x_wconf 82' lang='lat' dir='ltr'><strong>non</strong></span> <span class='ocrx_word' id='word_1_332' title='bbox 3159 3304 3539 3366; x_wconf 82' lang='lat' dir='ltr'><strong>habentibus</strong></span> <span class='ocrx_word' id='word_1_333' title='bbox 3564 3333 3585 3374; x_wconf 89' lang='lat'><strong>,-</strong></span> 
     </span>
    </p>
   </div>
   <div class='ocr_carea' id='block_1_31' title="bbox 244 3402 3583 3485">
    <p class='ocr_par' dir='ltr' id='par_1_31' title="bbox 244 3402 3583 3485">
     <span class='ocr_line' id='line_1_31' title="bbox 244 3402 3583 3485; baseline -0.001 -21"><span class='ocrx_word' id='word_1_334' title='bbox 244 3405 611 3485; x_wconf 73' lang='lat' dir='ltr'><strong>prwsertim</strong></span> <span class='ocrx_word' id='word_1_335' title='bbox 675 3423 816 3465; x_wconf 89' lang='lat' dir='ltr'><strong>cum</strong></span> <span class='ocrx_word' id='word_1_336' title='bbox 877 3404 1134 3465; x_wconf 88' lang='lat' dir='ltr'><strong>diversa</strong></span> <span class='ocrx_word' id='word_1_337' title='bbox 1188 3414 1377 3483; x_wconf 86' lang='lat' dir='ltr'><strong>atque</strong></span> <span class='ocrx_word' id='word_1_338' title='bbox 1441 3405 1778 3466; x_wconf 86' lang='lat' dir='ltr'><strong>contraria</strong></span> <span class='ocrx_word' id='word_1_339' title='bbox 1831 3404 2237 3481; x_wconf 83' lang='lat' dir='ltr'><strong>evangelistis</strong></span> <span class='ocrx_word' id='word_1_340' title='bbox 2296 3404 2542 3464; x_wconf 72' lang='lat' dir='ltr'><strong>caeteris</strong></span> <span class='ocrx_word' id='word_1_341' title='bbox 2632 3420 2906 3463; x_wconf 89' lang='lat' dir='ltr'><strong>narrare</strong></span> <span class='ocrx_word' id='word_1_342' title='bbox 2959 3402 3280 3463; x_wconf 89' lang='lat' dir='ltr'><strong>videatur.</strong></span> <span class='ocrx_word' id='word_1_343' title='bbox 3342 3403 3583 3463; x_wconf 84' lang='lat' dir='ltr'><strong>Eadem</strong></span> 
     </span>
    </p>
   </div>
   <div class='ocr_carea' id='block_1_32' title="bbox 256 3498 3588 3581">
    <p class='ocr_par' dir='ltr' id='par_1_32' title="bbox 256 3498 3588 3581">
     <span class='ocr_line' id='line_1_32' title="bbox 256 3498 3588 3581; baseline 0 -20"><span class='ocrx_word' id='word_1_344' title='bbox 256 3508 356 3561; x_wconf 89' lang='lat' dir='ltr'><strong>est</strong></span> <span class='ocrx_word' id='word_1_345' title='bbox 384 3502 461 3562; x_wconf 81' lang='lat' dir='ltr'><strong>ad</strong></span> <span class='ocrx_word' id='word_1_346' title='bbox 489 3516 639 3562; x_wconf 88' lang='lat' dir='ltr'><strong>eum</strong></span> <span class='ocrx_word' id='word_1_347' title='bbox 679 3499 891 3562; x_wconf 89' lang='lat' dir='ltr'><strong>locum</strong></span> <span class='ocrx_word' id='word_1_348' title='bbox 922 3499 2057 3581; x_wconf 69' lang='lat' dir='ltr'><strong>animadversio‘Gregorii,Nysseni</strong></span> <span class='ocrx_word' id='word_1_349' title='bbox 2090 3500 2388 3564; x_wconf 89' lang='lat' dir='ltr'><strong>oratione</strong></span> <span class='ocrx_word' id='word_1_350' title='bbox 2423 3519 2471 3563; x_wconf 88' lang='grc' dir='ltr'>ιι</span> <span class='ocrx_word' id='word_1_351' title='bbox 2501 3499 2573 3561; x_wconf 89' lang='lat' dir='ltr'><strong>de</strong></span> <span class='ocrx_word' id='word_1_352' title='bbox 2598 3500 3111 3575; x_wconf 80' lang='lat' dir='ltr'><strong>Rcsurrectione,</strong></span> <span class='ocrx_word' id='word_1_353' title='bbox 3142 3516 3214 3562; x_wconf 78' lang='lat' dir='ltr'><strong>ac</strong></span> <span class='ocrx_word' id='word_1_354' title='bbox 3244 3498 3588 3580; x_wconf 75' lang='lat' dir='ltr'><strong>Euthymii</strong></span> 
     </span>
    </p>
   </div>
   <div class='ocr_carea' id='block_1_33' title="bbox 255 3599 618 3679">
    <p class='ocr_par' dir='ltr' id='par_1_33' title="bbox 255 3599 618 3679">
     <span class='ocr_line' id='line_1_33' title="bbox 255 3599 618 3679; baseline 0.011 -18"><span class='ocrx_word' id='word_1_355' title='bbox 255 3599 618 3679; x_wconf 83' lang='lat' dir='ltr'><strong>Zygabeni.</strong></span> 
     </span>
    </p>
   </div>
   <div class='ocr_carea' id='block_1_34' title="bbox 333 3719 3567 3804">
    <p class='ocr_par' dir='ltr' id='par_1_34' title="bbox 333 3719 3567 3804">
     <span class='ocr_line' id='line_1_34' title="bbox 333 3719 3567 3804; baseline -0 -20"><span class='ocrx_word' id='word_1_356' title='bbox 333 3719 548 3784; x_wconf 85' lang='lat' dir='ltr'><strong>Satius</strong></span> <span class='ocrx_word' id='word_1_357' title='bbox 576 3719 773 3783; x_wconf 86' lang='lat' dir='ltr'><strong>fuerit</strong></span> <span class='ocrx_word' id='word_1_358' title='bbox 798 3740 945 3785; x_wconf 84' lang='lat' dir='ltr'><strong>cum</strong></span> <span class='ocrx_word' id='word_1_359' title='bbox 973 3725 1222 3787; x_wconf 82' lang='lat' dir='ltr'><strong>Joanne</strong></span> <span class='ocrx_word' id='word_1_360' title='bbox 1259 3723 1471 3787; x_wconf 86' lang='lat' dir='ltr'><strong>Millio</strong></span> <span class='ocrx_word' id='word_1_361' title='bbox 1503 3724 1812 3787; x_wconf 86' lang='lat' dir='ltr'><strong>adnotare</strong></span> <span class='ocrx_word' id='word_1_362' title='bbox 1845 3744 1862 3786; x_wconf 91' lang='lat'><strong>:</strong></span> <span class='ocrx_word' id='word_1_363' title='bbox 1901 3747 1931 3781; x_wconf 75' lang='grc' dir='ltr'><strong><em>α</em></strong></span> <span class='ocrx_word' id='word_1_364' title='bbox 1966 3724 2381 3804; x_wconf 77' lang='lat' dir='ltr'><strong>Exemplaria</strong></span> <span class='ocrx_word' id='word_1_365' title='bbox 2408 3741 2568 3787; x_wconf 90' lang='lat' dir='ltr'><strong>mss.</strong></span> <span class='ocrx_word' id='word_1_366' title='bbox 2608 3722 2674 3785; x_wconf 88' lang='lat' dir='ltr'><strong>ut</strong></span> <span class='ocrx_word' id='word_1_367' title='bbox 2709 3731 2770 3785; x_wconf 86' lang='lat' dir='ltr'><strong>et</strong></span> <span class='ocrx_word' id='word_1_368' title='bbox 2804 3723 3143 3785; x_wconf 88' lang='lat' dir='ltr'><strong>versiones</strong></span> <span class='ocrx_word' id='word_1_369' title='bbox 3174 3721 3567 3798; x_wconf 82' lang='lat' dir='ltr'><strong>nniversim,</strong></span> 
     </span>
    </p>
   </div>
   <div class='ocr_carea' id='block_1_35' title="bbox 255 3820 3591 3907">
    <p class='ocr_par' dir='ltr' id='par_1_35' title="bbox 255 3820 3591 3907">
     <span class='ocr_line' id='line_1_35' title="bbox 255 3820 3591 3907; baseline 0.001 -26"><span class='ocrx_word' id='word_1_370' title='bbox 255 3820 578 3883; x_wconf 69' lang='lat' dir='ltr'><strong>lrenaaum</strong></span> <span class='ocrx_word' id='word_1_371' title='bbox 627 3822 807 3895; x_wconf 90' lang='lat' dir='ltr'><strong>item,</strong></span> <span class='ocrx_word' id='word_1_372' title='bbox 847 3823 1270 3883; x_wconf 83' lang='lat' dir='ltr'><strong>Ammonium</strong></span> <span class='ocrx_word' id='word_1_373' title='bbox 1306 3824 1373 3885; x_wconf 90' lang='lat' dir='ltr'><strong>in</strong></span> <span class='ocrx_word' id='word_1_374' title='bbox 1434 3824 1881 3886; x_wconf 85' lang='lat' dir='ltr'><strong>Monotessaro</strong></span> <span class='ocrx_word' id='word_1_375' title='bbox 1928 3821 2297 3902; x_wconf 87' lang='lat' dir='ltr'><strong>(Tatiannm</strong></span> <span class='ocrx_word' id='word_1_376' title='bbox 2342 3825 2405 3885; x_wconf 91' lang='lat' dir='ltr'><strong>in</strong></span> <span class='ocrx_word' id='word_1_377' title='bbox 2452 3840 2572 3885; x_wconf 89' lang='lat' dir='ltr'><strong>sua</strong></span> <span class='ocrx_word' id='word_1_378' title='bbox 2607 3822 3025 3907; x_wconf 74' lang='lat' dir='ltr'><strong>Harmonia),</strong></span> <span class='ocrx_word' id='word_1_379' title='bbox 3084 3822 3472 3897; x_wconf 80' lang='lat' dir='ltr'><strong>Eusebium,</strong></span> <span class='ocrx_word' id='word_1_380' title='bbox 3520 3832 3591 3884; x_wconf 89' lang='lat' dir='ltr'><strong>ut</strong></span> 
     </span>
    </p>
   </div>
   <div class='ocr_carea' id='block_1_36' title="bbox 256 3918 3586 3998">
    <p class='ocr_par' dir='ltr' id='par_1_36' title="bbox 256 3918 3586 3998">
     <span class='ocr_line' id='line_1_36' title="bbox 256 3918 3586 3998; baseline 0.001 -19"><span class='ocrx_word' id='word_1_381' title='bbox 256 3927 523 3996; x_wconf 87' lang='lat' dir='ltr'><strong>apparet</strong></span> <span class='ocrx_word' id='word_1_382' title='bbox 554 3935 633 3981; x_wconf 86' lang='lat' dir='ltr'><strong>ex</strong></span> <span class='ocrx_word' id='word_1_383' title='bbox 674 3918 945 3980; x_wconf 90' lang='lat' dir='ltr'><strong>Tabulis</strong></span> <span class='ocrx_word' id='word_1_384' title='bbox 976 3919 1342 3993; x_wconf 89' lang='lat' dir='ltr'><strong>Canonum,</strong></span> <span class='ocrx_word' id='word_1_385' title='bbox 1395 3920 1854 3994; x_wconf 83' lang='lat' dir='ltr'><strong>Athanasium,</strong></span> <span class='ocrx_word' id='word_1_386' title='bbox 1903 3921 2380 3997; x_wconf 77' lang='lat' dir='ltr'><strong>Augustinum,</strong></span> <span class='ocrx_word' id='word_1_387' title='bbox 2416 3920 3008 3998; x_wconf 70' lang='lat' dir='ltr'><strong>Theolihylactuin,</strong></span> <span class='ocrx_word' id='word_1_388' title='bbox 3044 3919 3410 3998; x_wconf 83' lang='lat' dir='ltr'><strong>capitulum</strong></span> <span class='ocrx_word' id='word_1_389' title='bbox 3463 3920 3586 3983; x_wconf 85' lang='lat' dir='ltr'><strong>hoc</strong></span> 
     </span>
    </p>
   </div>
   <div class='ocr_carea' id='block_1_37' title="bbox 254 4015 3589 4098">
    <p class='ocr_par' dir='ltr' id='par_1_37' title="bbox 254 4015 3589 4098">
     <span class='ocr_line' id='line_1_37' title="bbox 254 4015 3589 4098; baseline 0.001 -22"><span class='ocrx_word' id='word_1_390' title='bbox 254 4031 653 4093; x_wconf 74' lang='lat' dir='ltr'><strong>agnoscere:</strong></span> <span class='ocrx_word' id='word_1_391' title='bbox 688 4025 760 4077; x_wconf 91' lang='lat' dir='ltr'><strong>ut</strong></span> <span class='ocrx_word' id='word_1_392' title='bbox 795 4016 875 4078; x_wconf 92' lang='lat' dir='ltr'><strong>de</strong></span> <span class='ocrx_word' id='word_1_393' title='bbox 908 4015 1172 4088; x_wconf 76' lang='grc' dir='ltr'><strong>αὐθεντίᾳ</strong></span> <span class='ocrx_word' id='word_1_394' title='bbox 1204 4016 1387 4078; x_wconf 87' lang='lat' dir='ltr'><strong>illius</strong></span> <span class='ocrx_word' id='word_1_395' title='bbox 1424 4035 1551 4080; x_wconf 92' lang='lat' dir='ltr'><strong>non</strong></span> <span class='ocrx_word' id='word_1_396' title='bbox 1620 4019 1705 4079; x_wconf 92' lang='lat' dir='ltr'><strong>sit</strong></span> <span class='ocrx_word' id='word_1_397' title='bbox 1762 4018 1936 4097; x_wconf 91' lang='lat' dir='ltr'><strong>quod</strong></span> <span class='ocrx_word' id='word_1_398' title='bbox 1977 4018 2379 4081; x_wconf 88' lang='lat' dir='ltr'><strong>dubitemus.</strong></span> <span class='ocrx_word' id='word_1_399' title='bbox 2418 4017 2782 4080; x_wconf 66' lang='lat' dir='ltr'><strong>Praesertim</strong></span> <span class='ocrx_word' id='word_1_400' title='bbox 2833 4036 2981 4079; x_wconf 88' lang='lat' dir='ltr'><strong>cum</strong></span> <span class='ocrx_word' id='word_1_401' title='bbox 3016 4019 3207 4092; x_wconf 89' lang='lat' dir='ltr'><strong>ratio,</strong></span> <span class='ocrx_word' id='word_1_402' title='bbox 3258 4018 3343 4081; x_wconf 94' lang='lat' dir='ltr'><strong>ob</strong></span> <span class='ocrx_word' id='word_1_403' title='bbox 3392 4035 3589 4098; x_wconf 85' lang='lat' dir='ltr'><strong>quam</strong></span> 
     </span>
    </p>
   </div>
   <div class='ocr_carea' id='block_1_38' title="bbox 261 4111 3588 4196">
    <p class='ocr_par' dir='ltr' id='par_1_38' title="bbox 261 4111 3588 4196">
     <span class='ocr_line' id='line_1_38' title="bbox 261 4111 3588 4196; baseline 0.001 -23"><span class='ocrx_word' id='word_1_404' title='bbox 261 4113 674 4176; x_wconf 86' lang='lat' dir='ltr'><strong>omitteretur</strong></span> <span class='ocrx_word' id='word_1_405' title='bbox 702 4111 887 4188; x_wconf 91' lang='lat' dir='ltr'><strong>olim,</strong></span> <span class='ocrx_word' id='word_1_406' title='bbox 912 4112 1163 4176; x_wconf 84' lang='lat' dir='ltr'><strong>scilicet</strong></span> <span class='ocrx_word' id='word_1_407' title='bbox 1194 4113 1363 4193; x_wconf 90' lang='lat' dir='ltr'><strong>quod</strong></span> <span class='ocrx_word' id='word_1_408' title='bbox 1389 4114 1647 4177; x_wconf 87' lang='lat' dir='ltr'><strong>diversa</strong></span> <span class='ocrx_word' id='word_1_409' title='bbox 1673 4124 1860 4193; x_wconf 89' lang='lat' dir='ltr'><strong>atque</strong></span> <span class='ocrx_word' id='word_1_410' title='bbox 1891 4116 2222 4177; x_wconf 88' lang='lat' dir='ltr'><strong>contraria</strong></span> <span class='ocrx_word' id='word_1_411' title='bbox 2253 4114 2661 4196; x_wconf 86' lang='lat' dir='ltr'><strong>evangelistis</strong></span> <span class='ocrx_word' id='word_1_412' title='bbox 2681 4118 2926 4179; x_wconf 69' lang='lat' dir='ltr'><strong>caeteris</strong></span> <span class='ocrx_word' id='word_1_413' title='bbox 2957 4135 3235 4177; x_wconf 90' lang='lat' dir='ltr'><strong>narrare</strong></span> <span class='ocrx_word' id='word_1_414' title='bbox 3267 4115 3588 4191; x_wconf 85' lang='lat' dir='ltr'><strong>videatur,</strong></span> 
     </span>
    </p>
   </div>
   <div class='ocr_carea' id='block_1_39' title="bbox 254 4209 3599 4295">
    <p class='ocr_par' dir='ltr' id='par_1_39' title="bbox 254 4209 3599 4295">
     <span class='ocr_line' id='line_1_39' title="bbox 254 4209 3599 4295; baseline 0.001 -24"><span class='ocrx_word' id='word_1_415' title='bbox 254 4210 530 4273; x_wconf 90' lang='lat' dir='ltr'><strong>omnino</strong></span> <span class='ocrx_word' id='word_1_416' title='bbox 560 4209 738 4272; x_wconf 91' lang='lat' dir='ltr'><strong>nulla</strong></span> <span class='ocrx_word' id='word_1_417' title='bbox 762 4212 963 4285; x_wconf 90' lang='lat' dir='ltr'><strong>sit,ut</strong></span> <span class='ocrx_word' id='word_1_418' title='bbox 992 4212 2005 4275; x_wconf 90' lang='lat' dir='ltr'><strong>ostenduntcommentatoresin</strong></span> <span class='ocrx_word' id='word_1_419' title='bbox 2040 4212 2280 4275; x_wconf 86' lang='lat' dir='ltr'><strong>locum.</strong></span> <span class='ocrx_word' id='word_1_420' title='bbox 2329 4235 2359 4270; x_wconf 65' lang='grc' dir='ltr'><strong>η</strong></span> <span class='ocrx_word' id='word_1_421' title='bbox 2396 4217 2835 4293; x_wconf 87' lang='lat' dir='ltr'><strong>Apparentem</strong></span> <span class='ocrx_word' id='word_1_422' title='bbox 2867 4213 3038 4275; x_wconf 91' lang='lat' dir='ltr'><strong>tollit</strong></span> <span class='ocrx_word' id='word_1_423' title='bbox 3075 4215 3212 4293; x_wconf 88' lang='lat' dir='ltr'><strong>ipse</strong></span> <span class='ocrx_word' id='word_1_424' title='bbox 3246 4213 3599 4295; x_wconf 74' lang='lat' dir='ltr'><strong>TheOphy-</strong></span> 
     </span>
    </p>
   </div>
   <div class='ocr_carea' id='block_1_40' title="bbox 253 4304 3597 4392">
    <p class='ocr_par' dir='ltr' id='par_1_40' title="bbox 253 4304 3597 4392">
     <span class='ocr_line' id='line_1_40' title="bbox 253 4304 3597 4392; baseline 0.001 -24"><span class='ocrx_word' id='word_1_425' title='bbox 253 4304 464 4370; x_wconf 81' lang='lat' dir='ltr'><strong>lactus</strong></span> <span class='ocrx_word' id='word_1_426' title='bbox 493 4306 899 4388; x_wconf 83' lang='lat' dir='ltr'><strong>antilogiam.</strong></span> <span class='ocrx_word' id='word_1_427' title='bbox 940 4311 1281 4373; x_wconf 70' lang='lat' dir='ltr'><strong>Matthmus</strong></span> <span class='ocrx_word' id='word_1_428' title='bbox 1313 4309 1523 4389; x_wconf 83' lang='lat' dir='ltr'><strong>capite</strong></span> <span class='ocrx_word' id='word_1_429' title='bbox 1553 4329 1781 4385; x_wconf 86' lang='lat' dir='ltr'><strong>xxvm,</strong></span> <span class='ocrx_word' id='word_1_430' title='bbox 1815 4330 1876 4374; x_wconf 89' lang='lat' dir='ltr'><strong>v.</strong></span> <span class='ocrx_word' id='word_1_431' title='bbox 1911 4310 1968 4382; x_wconf 85' lang='lat'><strong>1,</strong></span> <span class='ocrx_word' id='word_1_432' title='bbox 2010 4311 2108 4372; x_wconf 85' lang='lat' dir='ltr'><strong>sic</strong></span> <span class='ocrx_word' id='word_1_433' title='bbox 2140 4312 2228 4373; x_wconf 83' lang='lat' dir='ltr'><strong>ait</strong></span> <span class='ocrx_word' id='word_1_434' title='bbox 2270 4329 2284 4372; x_wconf 93' lang='lat'>:</span> <span class='ocrx_word' id='word_1_435' title='bbox 2352 4314 2617 4392; x_wconf 78' lang='lat' dir='ltr'><strong>Vespere</strong></span> <span class='ocrx_word' id='word_1_436' title='bbox 2660 4324 2875 4373; x_wconf 87' lang='lat' dir='ltr'><strong>autem</strong></span> <span class='ocrx_word' id='word_1_437' title='bbox 2918 4312 3207 4384; x_wconf 87' lang='lat' dir='ltr'><strong>Sabbati,</strong></span> <span class='ocrx_word' id='word_1_438' title='bbox 3248 4331 3384 4391; x_wconf 70' lang='lat' dir='ltr'><strong>quae</strong></span> <span class='ocrx_word' id='word_1_439' title='bbox 3432 4314 3597 4373; x_wconf 83' lang='lat' dir='ltr'><strong>luce-</strong></span> 
     </span>
    </p>
   </div>
   <div class='ocr_carea' id='block_1_41' title="bbox 254 4402 3590 4488">
    <p class='ocr_par' dir='ltr' id='par_1_41' title="bbox 254 4402 3590 4488">
     <span class='ocr_line' id='line_1_41' title="bbox 254 4402 3590 4488; baseline 0.001 -23"><span class='ocrx_word' id='word_1_440' title='bbox 254 4405 378 4466; x_wconf 85' lang='lat' dir='ltr'><strong>scit</strong></span> <span class='ocrx_word' id='word_1_441' title='bbox 405 4406 477 4468; x_wconf 89' lang='lat' dir='ltr'><strong>in</strong></span> <span class='ocrx_word' id='word_1_442' title='bbox 500 4407 718 4485; x_wconf 89' lang='lat' dir='ltr'><strong>prima</strong></span> <span class='ocrx_word' id='word_1_443' title='bbox 746 4406 1009 4469; x_wconf 90' lang='lat' dir='ltr'><strong>Sabbati</strong></span> <span class='ocrx_word' id='word_1_444' title='bbox 1042 4455 1057 4470; x_wconf 95' lang='lat'><strong>.</strong></span> <span class='ocrx_word' id='word_1_445' title='bbox 1098 4454 1114 4470; x_wconf 96' lang='lat'><strong>.</strong></span> <span class='ocrx_word' id='word_1_446' title='bbox 1157 4455 1171 4470; x_wconf 93' lang='lat'><strong>.</strong></span> <span class='ocrx_word' id='word_1_447' title='bbox 1207 4410 1506 4470; x_wconf 68' lang='lat' dir='ltr'><strong>surrexit</strong></span> <span class='ocrx_word' id='word_1_448' title='bbox 1541 4410 1865 4470; x_wconf 86' lang='lat' dir='ltr'><strong>Christus.</strong></span> <span class='ocrx_word' id='word_1_449' title='bbox 1898 4408 2102 4471; x_wconf 89' lang='lat' dir='ltr'><strong>Marci</strong></span> <span class='ocrx_word' id='word_1_450' title='bbox 2143 4427 2299 4472; x_wconf 90' lang='lat' dir='ltr'><strong>vero</strong></span> <span class='ocrx_word' id='word_1_451' title='bbox 2339 4410 2534 4472; x_wconf 88' lang='lat' dir='ltr'><strong>verba</strong></span> <span class='ocrx_word' id='word_1_452' title='bbox 2566 4418 2719 4472; x_wconf 90' lang='lat' dir='ltr'><strong>sunt</strong></span> <span class='ocrx_word' id='word_1_453' title='bbox 2756 4432 2771 4471; x_wconf 90' lang='lat'><strong>:</strong></span> <span class='ocrx_word' id='word_1_454' title='bbox 2821 4410 3104 4488; x_wconf 87' lang='lat' dir='ltr'><strong>Surgens</strong></span> <span class='ocrx_word' id='word_1_455' title='bbox 3150 4420 3364 4470; x_wconf 88' lang='lat' dir='ltr'><strong>autem</strong></span> <span class='ocrx_word' id='word_1_456' title='bbox 3406 4402 3590 4470; x_wconf 88' lang='lat' dir='ltr'><strong>mane</strong></span> 
     </span>
    </p>
   </div>
   <div class='ocr_carea' id='block_1_42' title="bbox 253 4502 3596 4587">
    <p class='ocr_par' dir='ltr' id='par_1_42' title="bbox 253 4502 3596 4587">
     <span class='ocr_line' id='line_1_42' title="bbox 253 4502 3596 4587; baseline 0.002 -24"><span class='ocrx_word' id='word_1_457' title='bbox 253 4504 471 4581; x_wconf 89' lang='lat' dir='ltr'><strong>prima</strong></span> <span class='ocrx_word' id='word_1_458' title='bbox 499 4502 785 4567; x_wconf 87' lang='lat' dir='ltr'><strong>Sabbati.</strong></span> <span class='ocrx_word' id='word_1_459' title='bbox 817 4506 1441 4584; x_wconf 87' lang='lat' dir='ltr'><strong>Interpretationem</strong></span> <span class='ocrx_word' id='word_1_460' title='bbox 1476 4507 1952 4587; x_wconf 85' lang='lat' dir='ltr'><strong>TheOphylacti</strong></span> <span class='ocrx_word' id='word_1_461' title='bbox 1991 4508 2214 4585; x_wconf 85' lang='lat' dir='ltr'><strong>accipe</strong></span> <span class='ocrx_word' id='word_1_462' title='bbox 2249 4529 2270 4569; x_wconf 91' lang='lat'><strong><em>:</em></strong></span> <span class='ocrx_word' id='word_1_463' title='bbox 2318 4532 2345 4564; x_wconf 75' lang='grc' dir='ltr'><strong><em>α</em></strong></span> <span class='ocrx_word' id='word_1_464' title='bbox 2384 4510 2542 4570; x_wconf 88' lang='lat' dir='ltr'><strong>Cum</strong></span> <span class='ocrx_word' id='word_1_465' title='bbox 2586 4509 2980 4568; x_wconf 77' lang='lat' dir='ltr'><strong>surrexisset</strong></span> <span class='ocrx_word' id='word_1_466' title='bbox 3012 4509 3225 4569; x_wconf 85' lang='lat' dir='ltr'><strong>Jesus.</strong></span> <span class='ocrx_word' id='word_1_467' title='bbox 3269 4509 3409 4569; x_wconf 86' lang='lat' dir='ltr'><strong>Hoc</strong></span> <span class='ocrx_word' id='word_1_468' title='bbox 3450 4507 3596 4571; x_wconf 92' lang='lat' dir='ltr'><strong>loco</strong></span> 
     </span>
    </p>
   </div>
   <div class='ocr_carea' id='block_1_43' title="bbox 262 4603 3601 4686">
    <p class='ocr_par' dir='ltr' id='par_1_43' title="bbox 262 4603 3601 4686">
     <span class='ocr_line' id='line_1_43' title="bbox 262 4603 3601 4686; baseline 0.003 -27"><span class='ocrx_word' id='word_1_469' title='bbox 262 4607 574 4677; x_wconf 88' lang='lat' dir='ltr'><strong>punctum</strong></span> <span class='ocrx_word' id='word_1_470' title='bbox 600 4618 794 4680; x_wconf 89' lang='lat' dir='ltr'><strong>pone.</strong></span> <span class='ocrx_word' id='word_1_471' title='bbox 832 4603 1087 4665; x_wconf 88' lang='lat' dir='ltr'><strong>Deinde</strong></span> <span class='ocrx_word' id='word_1_472' title='bbox 1123 4604 1233 4665; x_wconf 92' lang='lat' dir='ltr'><strong>dic</strong></span> <span class='ocrx_word' id='word_1_473' title='bbox 1268 4626 1283 4664; x_wconf 90' lang='lat'><strong>:</strong></span> <span class='ocrx_word' id='word_1_474' title='bbox 1325 4604 1514 4665; x_wconf 82' lang='lat' dir='ltr'><strong>Mane</strong></span> <span class='ocrx_word' id='word_1_475' title='bbox 1557 4606 1773 4683; x_wconf 87' lang='lat' dir='ltr'><strong>prima</strong></span> <span class='ocrx_word' id='word_1_476' title='bbox 1812 4604 2079 4667; x_wconf 88' lang='lat' dir='ltr'><strong>Sabbati</strong></span> <span class='ocrx_word' id='word_1_477' title='bbox 2112 4607 2427 4686; x_wconf 86' lang='lat' dir='ltr'><strong>apparuit</strong></span> <span class='ocrx_word' id='word_1_478' title='bbox 2478 4607 2711 4668; x_wconf 65' lang='lat' dir='ltr'><strong>Maria:</strong></span> <span class='ocrx_word' id='word_1_479' title='bbox 2756 4606 3178 4685; x_wconf 73' lang='lat' dir='ltr'><strong>Magdalenw.</strong></span> <span class='ocrx_word' id='word_1_480' title='bbox 3231 4608 3371 4669; x_wconf 86' lang='lat' dir='ltr'><strong>Non</strong></span> <span class='ocrx_word' id='word_1_481' title='bbox 3427 4605 3601 4669; x_wconf 87' lang='lat' dir='ltr'><strong>enim</strong></span> 
     </span>
    </p>
   </div>
   <div class='ocr_carea' id='block_1_44' title="bbox 254 4699 3609 4783">
    <p class='ocr_par' dir='ltr' id='par_1_44' title="bbox 254 4699 3609 4783">
     <span class='ocr_line' id='line_1_44' title="bbox 254 4699 3609 4783; baseline 0.003 -26"><span class='ocrx_word' id='word_1_482' title='bbox 254 4699 547 4759; x_wconf 70' lang='lat' dir='ltr'><strong>surrexit</strong></span> <span class='ocrx_word' id='word_1_483' title='bbox 576 4717 779 4760; x_wconf 88' lang='lat' dir='ltr'><strong>mane.</strong></span> <span class='ocrx_word' id='word_1_484' title='bbox 808 4700 973 4773; x_wconf 88' lang='lat' dir='ltr'><strong>Quis</strong></span> <span class='ocrx_word' id='word_1_485' title='bbox 1008 4701 1185 4762; x_wconf 88' lang='lat' dir='ltr'><strong>enim</strong></span> <span class='ocrx_word' id='word_1_486' title='bbox 1222 4702 1408 4772; x_wconf 89' lang='lat' dir='ltr'><strong>vidit,</strong></span> <span class='ocrx_word' id='word_1_487' title='bbox 1452 4702 1719 4780; x_wconf 90' lang='lat' dir='ltr'><strong>quando</strong></span> <span class='ocrx_word' id='word_1_488' title='bbox 1752 4703 2105 4765; x_wconf 82' lang='lat' dir='ltr'><strong>surrexit?</strong></span> <span class='ocrx_word' id='word_1_489' title='bbox 2138 4704 2263 4765; x_wconf 88' lang='lat' dir='ltr'><strong>Sed</strong></span> <span class='ocrx_word' id='word_1_490' title='bbox 2299 4706 2609 4782; x_wconf 88' lang='lat' dir='ltr'><strong>apparuit</strong></span> <span class='ocrx_word' id='word_1_491' title='bbox 2640 4721 2845 4777; x_wconf 89' lang='lat' dir='ltr'><strong>mane,</strong></span> <span class='ocrx_word' id='word_1_492' title='bbox 2879 4703 3216 4765; x_wconf 87' lang='lat' dir='ltr'><strong>Dominica</strong></span> <span class='ocrx_word' id='word_1_493' title='bbox 3248 4703 3389 4777; x_wconf 92' lang='lat' dir='ltr'><strong>die,</strong></span> <span class='ocrx_word' id='word_1_494' title='bbox 3455 4720 3609 4783; x_wconf 69' lang='lat' dir='ltr'><strong>quin</strong></span> 
     </span>
    </p>
   </div>
   <div class='ocr_carea' id='block_1_45' title="bbox 260 4788 3605 4881">
    <p class='ocr_par' dir='ltr' id='par_1_45' title="bbox 260 4788 3605 4881">
     <span class='ocr_line' id='line_1_45' title="bbox 260 4788 3605 4881; baseline 0.002 -25"><span class='ocrx_word' id='word_1_495' title='bbox 260 4802 359 4856; x_wconf 88' lang='lat' dir='ltr'><strong>est</strong></span> <span class='ocrx_word' id='word_1_496' title='bbox 396 4795 601 4873; x_wconf 90' lang='lat' dir='ltr'><strong>prima</strong></span> <span class='ocrx_word' id='word_1_497' title='bbox 654 4797 937 4871; x_wconf 87' lang='lat' dir='ltr'><strong>Sabbati,</strong></span> <span class='ocrx_word' id='word_1_498' title='bbox 1000 4798 1122 4861; x_wconf 91' lang='lat' dir='ltr'><strong>hoc</strong></span> <span class='ocrx_word' id='word_1_499' title='bbox 1152 4806 1250 4861; x_wconf 90' lang='lat' dir='ltr'><strong>est</strong></span> <span class='ocrx_word' id='word_1_500' title='bbox 1295 4799 1744 4863; x_wconf 83' lang='lat' dir='ltr'><strong>hebdomadis.</strong></span> <span class='ocrx_word' id='word_1_501' title='bbox 1794 4822 1822 4855; x_wconf 76' lang='grc' dir='ltr'><strong>ι)</strong></span> <span class='ocrx_word' id='word_1_502' title='bbox 1867 4802 2323 4880; x_wconf 84' lang='lat' dir='ltr'><strong>Augustinum</strong></span> <span class='ocrx_word' id='word_1_503' title='bbox 2382 4801 2748 4881; x_wconf 87' lang='lat' dir='ltr'><strong>Calmetum</strong></span> <span class='ocrx_word' id='word_1_504' title='bbox 2798 4788 3077 4863; x_wconf 87' lang='lat' dir='ltr'><strong>consule</strong></span> <span class='ocrx_word' id='word_1_505' title='bbox 3124 4802 3204 4864; x_wconf 92' lang='lat' dir='ltr'><strong>de</strong></span> <span class='ocrx_word' id='word_1_506' title='bbox 3264 4800 3423 4863; x_wconf 88' lang='lat' dir='ltr'><strong>hora</strong></span> <span class='ocrx_word' id='word_1_507' title='bbox 3464 4818 3605 4881; x_wconf 87' lang='lat' dir='ltr'><strong>qua</strong></span> 
     </span>
    </p>
   </div>
   <div class='ocr_carea' id='block_1_46' title="bbox 259 4891 1364 4959">
    <p class='ocr_par' dir='ltr' id='par_1_46' title="bbox 259 4891 1364 4959">
     <span class='ocr_line' id='line_1_46' title="bbox 259 4891 1364 4959; baseline 0 -3"><span class='ocrx_word' id='word_1_508' title='bbox 259 4891 561 4956; x_wconf 89' lang='lat' dir='ltr'><strong>Christus</strong></span> <span class='ocrx_word' id='word_1_509' title='bbox 592 4911 627 4955; x_wconf 89' lang='lat' dir='ltr'><strong>a</strong></span> <span class='ocrx_word' id='word_1_510' title='bbox 655 4895 933 4957; x_wconf 89' lang='lat' dir='ltr'><strong>mortuis</strong></span> <span class='ocrx_word' id='word_1_511' title='bbox 976 4896 1364 4959; x_wconf 83' lang='lat' dir='ltr'><strong>resurrexit.</strong></span> 
     </span>
    </p>
   </div>
   <div class='ocr_carea' id='block_1_47' title="bbox 347 5011 3604 5098">
    <p class='ocr_par' dir='ltr' id='par_1_47' title="bbox 347 5011 3604 5098">
     <span class='ocr_line' id='line_1_47' title="bbox 347 5011 3604 5098; baseline 0.002 -27"><span class='ocrx_word' id='word_1_512' title='bbox 347 5011 484 5071; x_wconf 90' lang='grc'><strong>101.</strong></span> <span class='ocrx_word' id='word_1_513' title='bbox 526 5011 729 5088; x_wconf 87' lang='lat' dir='ltr'><strong>Caput</strong></span> <span class='ocrx_word' id='word_1_514' title='bbox 760 5013 1059 5090; x_wconf 80' lang='lat' dir='ltr'><strong>Joannis,</strong></span> <span class='ocrx_word' id='word_1_515' title='bbox 1105 5015 1279 5092; x_wconf 82' lang='lat' dir='ltr'><strong>qu&#39;od</strong></span> <span class='ocrx_word' id='word_1_516' title='bbox 1316 5025 1618 5080; x_wconf 89' lang='lat' dir='ltr'><strong>octavum</strong></span> <span class='ocrx_word' id='word_1_517' title='bbox 1654 5025 2058 5090; x_wconf 88' lang='lat' dir='ltr'><strong>numeratur,</strong></span> <span class='ocrx_word' id='word_1_518' title='bbox 2101 5018 2202 5081; x_wconf 89' lang='lat' dir='ltr'><strong>his</strong></span> <span class='ocrx_word' id='word_1_519' title='bbox 2234 5019 2495 5082; x_wconf 90' lang='lat' dir='ltr'><strong>orditur</strong></span> <span class='ocrx_word' id='word_1_520' title='bbox 2529 5020 2748 5082; x_wconf 86' lang='lat' dir='ltr'><strong>verbis</strong></span> <span class='ocrx_word' id='word_1_521' title='bbox 2775 5019 3313 5098; x_wconf 84' lang='lat' dir='ltr'><strong>archiepiscopus</strong></span> <span class='ocrx_word' id='word_1_522' title='bbox 3356 5022 3604 5098; x_wconf 75' lang='lat' dir='ltr'><strong>Buign-</strong></span> 
     </span>
    </p>
   </div>
   <div class='ocr_carea' id='block_1_48' title="bbox 254 5106 3605 5199">
    <p class='ocr_par' dir='ltr' id='par_1_48' title="bbox 254 5106 3605 5199">
     <span class='ocr_line' id='line_1_48' title="bbox 254 5106 3605 5199; baseline 0.002 -29"><span class='ocrx_word' id='word_1_523' title='bbox 254 5108 370 5170; x_wconf 70' lang='grc' dir='ltr'><strong>τίω</strong></span> <span class='ocrx_word' id='word_1_524' title='bbox 403 5130 416 5167; x_wconf 91' lang='lat'>:</span> <span class='ocrx_word' id='word_1_525' title='bbox 450 5106 943 5189; x_wconf 84' lang='lat' dir='ltr'><strong>Responderunt</strong></span> <span class='ocrx_word' id='word_1_526' title='bbox 964 5122 1019 5173; x_wconf 87' lang='lat' dir='ltr'><strong>et</strong></span> <span class='ocrx_word' id='word_1_527' title='bbox 1040 5112 1421 5178; x_wconf 82' lang='lat' dir='ltr'><strong>dixeruntei</strong></span> <span class='ocrx_word' id='word_1_528' title='bbox 1467 5139 1486 5178; x_wconf 92' lang='lat'><em>:</em></span> <span class='ocrx_word' id='word_1_529' title='bbox 1533 5118 1700 5182; x_wconf 89' lang='lat' dir='ltr'><strong>Num</strong></span> <span class='ocrx_word' id='word_1_530' title='bbox 1743 5127 1796 5180; x_wconf 87' lang='lat' dir='ltr'><strong>et</strong></span> <span class='ocrx_word' id='word_1_531' title='bbox 1845 5117 2234 5179; x_wconf 74' lang='lat' dir='ltr'><strong>tuGalilwus</strong></span> <span class='ocrx_word' id='word_1_532' title='bbox 2269 5137 2330 5178; x_wconf 81' lang='lat' dir='ltr'><strong>es</strong></span> <span class='ocrx_word' id='word_1_533' title='bbox 2366 5119 2395 5178; x_wconf 83' lang='lat'><strong><em>?</em></strong></span> <span class='ocrx_word' id='word_1_534' title='bbox 2442 5119 2749 5179; x_wconf 80' lang='lat' dir='ltr'><strong>Scrutare</strong></span> <span class='ocrx_word' id='word_1_535' title='bbox 2774 5129 2830 5180; x_wconf 86' lang='lat' dir='ltr'><strong>et</strong></span> <span class='ocrx_word' id='word_1_536' title='bbox 2865 5117 3006 5181; x_wconf 83' lang='lat' dir='ltr'><strong>vide</strong></span> <span class='ocrx_word' id='word_1_537' title='bbox 3042 5116 3214 5199; x_wconf 84' lang='lat' dir='ltr'><strong>quod</strong></span> <span class='ocrx_word' id='word_1_538' title='bbox 3268 5137 3305 5176; x_wconf 91' lang='lat' dir='ltr'><strong>a</strong></span> <span class='ocrx_word' id='word_1_539' title='bbox 3334 5117 3605 5179; x_wconf 74' lang='lat' dir='ltr'><strong>Galilrra</strong></span> 
     </span>
    </p>
   </div>
   <div class='ocr_carea' id='block_1_49' title="bbox 251 5209 3604 5297">
    <p class='ocr_par' dir='ltr' id='par_1_49' title="bbox 251 5209 3604 5297">
     <span class='ocr_line' id='line_1_49' title="bbox 251 5209 3604 5297; baseline 0.002 -30"><span class='ocrx_word' id='word_1_540' title='bbox 251 5209 575 5288; x_wconf 89' lang='lat' dir='ltr'><strong>propheta</strong></span> <span class='ocrx_word' id='word_1_541' title='bbox 604 5229 735 5270; x_wconf 88' lang='lat' dir='ltr'><strong>non</strong></span> <span class='ocrx_word' id='word_1_542' title='bbox 764 5212 1151 5275; x_wconf 77' lang='lat' dir='ltr'><strong>surrexerit.</strong></span> <span class='ocrx_word' id='word_1_543' title='bbox 1216 5214 1396 5276; x_wconf 88' lang='lat' dir='ltr'><strong>Istud</strong></span> <span class='ocrx_word' id='word_1_544' title='bbox 1430 5234 1677 5279; x_wconf 88' lang='lat' dir='ltr'><strong>comma</strong></span> <span class='ocrx_word' id='word_1_545' title='bbox 1713 5224 1810 5278; x_wconf 87' lang='lat' dir='ltr'><strong>est</strong></span> <span class='ocrx_word' id='word_1_546' title='bbox 1842 5218 1921 5283; x_wconf 75' lang='lat'><strong>52</strong></span> <span class='ocrx_word' id='word_1_547' title='bbox 1966 5218 2029 5278; x_wconf 92' lang='lat' dir='ltr'><strong>in</strong></span> <span class='ocrx_word' id='word_1_548' title='bbox 2069 5216 2347 5297; x_wconf 83' lang='lat' dir='ltr'><strong>vulgatis</strong></span> <span class='ocrx_word' id='word_1_549' title='bbox 2383 5216 2596 5296; x_wconf 83' lang='lat' dir='ltr'><strong>capite</strong></span> <span class='ocrx_word' id='word_1_550' title='bbox 2634 5218 2941 5294; x_wconf 87' lang='lat' dir='ltr'><strong>septimo.</strong></span> <span class='ocrx_word' id='word_1_551' title='bbox 2975 5219 3140 5279; x_wconf 89' lang='lat' dir='ltr'><strong>Tum</strong></span> <span class='ocrx_word' id='word_1_552' title='bbox 3177 5219 3347 5296; x_wconf 78' lang='lat' dir='ltr'><strong>apud</strong></span> <span class='ocrx_word' id='word_1_553' title='bbox 3390 5218 3604 5294; x_wconf 82' lang='lat' dir='ltr'><strong>ipsum</strong></span> 
     </span>
    </p>
   </div>
   <div class='ocr_carea' id='block_1_50' title="bbox 262 5305 3604 5393">
    <p class='ocr_par' dir='ltr' id='par_1_50' title="bbox 262 5305 3604 5393">
     <span class='ocr_line' id='line_1_50' title="bbox 262 5305 3604 5393; baseline 0.002 -28"><span class='ocrx_word' id='word_1_554' title='bbox 262 5305 1209 5389; x_wconf 73' lang='lat' dir='ltr'><strong>Theophylactumsequitur:</strong></span> <span class='ocrx_word' id='word_1_555' title='bbox 1262 5313 1499 5375; x_wconf 90' lang='lat' dir='ltr'><strong>Iterum</strong></span> <span class='ocrx_word' id='word_1_556' title='bbox 1538 5317 1745 5393; x_wconf 87' lang='lat' dir='ltr'><strong>igitur</strong></span> <span class='ocrx_word' id='word_1_557' title='bbox 1790 5316 1879 5376; x_wconf 88' lang='lat' dir='ltr'><strong>eis</strong></span> <span class='ocrx_word' id='word_1_558' title='bbox 1935 5314 2186 5376; x_wconf 83' lang='lat' dir='ltr'><strong>locutus</strong></span> <span class='ocrx_word' id='word_1_559' title='bbox 2221 5326 2313 5376; x_wconf 86' lang='lat' dir='ltr'><strong>est</strong></span> <span class='ocrx_word' id='word_1_560' title='bbox 2359 5318 2550 5377; x_wconf 83' lang='lat' dir='ltr'><strong>Jesus</strong></span> <span class='ocrx_word' id='word_1_561' title='bbox 2580 5337 2598 5376; x_wconf 93' lang='lat'><strong><em>:</em></strong></span> <span class='ocrx_word' id='word_1_562' title='bbox 2628 5314 2768 5393; x_wconf 84' lang='lat' dir='ltr'><strong>Ego</strong></span> <span class='ocrx_word' id='word_1_563' title='bbox 2821 5334 2958 5375; x_wconf 88' lang='lat' dir='ltr'><strong>sum</strong></span> <span class='ocrx_word' id='word_1_564' title='bbox 3013 5316 3131 5375; x_wconf 64' lang='lat' dir='ltr'><strong>lus:</strong></span> <span class='ocrx_word' id='word_1_565' title='bbox 3176 5314 3423 5376; x_wconf 79' lang='lat' dir='ltr'><strong>mundi.</strong></span> <span class='ocrx_word' id='word_1_566' title='bbox 3476 5314 3604 5389; x_wconf 87' lang='lat' dir='ltr'><strong>Qui</strong></span> 
     </span>
    </p>
   </div>
   <div class='ocr_carea' id='block_1_51' title="bbox 262 5405 3601 5492">
    <p class='ocr_par' dir='ltr' id='par_1_51' title="bbox 262 5405 3601 5492">
     <span class='ocr_line' id='line_1_51' title="bbox 262 5405 3601 5492; baseline 0.002 -30"><span class='ocrx_word' id='word_1_567' title='bbox 262 5405 560 5482; x_wconf 87' lang='lat' dir='ltr'><strong>sequitur</strong></span> <span class='ocrx_word' id='word_1_568' title='bbox 620 5425 735 5479; x_wconf 91' lang='lat' dir='ltr'><strong>me,</strong></span> <span class='ocrx_word' id='word_1_569' title='bbox 793 5424 924 5465; x_wconf 87' lang='lat' dir='ltr'><strong>non</strong></span> <span class='ocrx_word' id='word_1_570' title='bbox 970 5407 1328 5472; x_wconf 84' lang='lat' dir='ltr'><strong>ambulabit</strong></span> <span class='ocrx_word' id='word_1_571' title='bbox 1380 5413 1449 5473; x_wconf 81' lang='lat' dir='ltr'><strong>in</strong></span> <span class='ocrx_word' id='word_1_572' title='bbox 1509 5413 1814 5488; x_wconf 82' lang='lat' dir='ltr'><strong>tenebris,</strong></span> <span class='ocrx_word' id='word_1_573' title='bbox 1867 5411 1976 5473; x_wconf 87' lang='lat' dir='ltr'><strong>sed</strong></span> <span class='ocrx_word' id='word_1_574' title='bbox 2022 5412 2276 5474; x_wconf 77' lang='lat' dir='ltr'><strong>habebit</strong></span> <span class='ocrx_word' id='word_1_575' title='bbox 2310 5414 2520 5474; x_wconf 88' lang='lat' dir='ltr'><strong>lumen</strong></span> <span class='ocrx_word' id='word_1_576' title='bbox 2552 5414 2699 5473; x_wconf 60' lang='lat' dir='ltr'><strong>vita’</strong></span> <span class='ocrx_word' id='word_1_577' title='bbox 2736 5435 2752 5481; x_wconf 88' lang='lat'><strong><em>;</em></strong></span> <span class='ocrx_word' id='word_1_578' title='bbox 2792 5413 2968 5492; x_wconf 87' lang='lat' dir='ltr'><strong>quod</strong></span> <span class='ocrx_word' id='word_1_579' title='bbox 3004 5420 3103 5473; x_wconf 86' lang='lat' dir='ltr'><strong>est</strong></span> <span class='ocrx_word' id='word_1_580' title='bbox 3136 5429 3386 5473; x_wconf 82' lang='lat' dir='ltr'><strong>comma</strong></span> <span class='ocrx_word' id='word_1_581' title='bbox 3434 5413 3509 5471; x_wconf 76' lang='lat'><strong>12</strong></span> <span class='ocrx_word' id='word_1_582' title='bbox 3545 5431 3601 5471; x_wconf 75' lang='grc' dir='ltr'><strong>ευ</strong></span> 
     </span>
    </p>
   </div>
   <div class='ocr_carea' id='block_1_52' title="bbox 268 5504 3604 5587">
    <p class='ocr_par' dir='ltr' id='par_1_52' title="bbox 268 5504 3604 5587">
     <span class='ocr_line' id='line_1_52' title="bbox 268 5504 3604 5587; baseline 0.001 -26"><span class='ocrx_word' id='word_1_583' title='bbox 268 5511 498 5563; x_wconf 86' lang='lat' dir='ltr'><strong>octavo</strong></span> <span class='ocrx_word' id='word_1_584' title='bbox 544 5504 779 5582; x_wconf 88' lang='lat' dir='ltr'><strong>capite.</strong></span> <span class='ocrx_word' id='word_1_585' title='bbox 839 5506 1067 5585; x_wconf 83' lang='lat' dir='ltr'><strong>Itaque</strong></span> <span class='ocrx_word' id='word_1_586' title='bbox 1116 5508 1259 5587; x_wconf 87' lang='lat' dir='ltr'><strong>ejus</strong></span> <span class='ocrx_word' id='word_1_587' title='bbox 1306 5510 1373 5570; x_wconf 92' lang='lat' dir='ltr'><strong>in</strong></span> <span class='ocrx_word' id='word_1_588' title='bbox 1429 5513 1655 5575; x_wconf 77' lang='lat' dir='ltr'><strong>codice</strong></span> <span class='ocrx_word' id='word_1_589' title='bbox 1722 5512 2017 5574; x_wconf 82' lang='lat' dir='ltr'><strong>defuisse</strong></span> <span class='ocrx_word' id='word_1_590' title='bbox 2076 5509 2338 5571; x_wconf 86' lang='lat' dir='ltr'><strong>videtur</strong></span> <span class='ocrx_word' id='word_1_591' title='bbox 2390 5527 2638 5571; x_wconf 84' lang='lat' dir='ltr'><strong>comma</strong></span> <span class='ocrx_word' id='word_1_592' title='bbox 2693 5510 2771 5569; x_wconf 81' lang='lat'><strong>53</strong></span> <span class='ocrx_word' id='word_1_593' title='bbox 2832 5526 2965 5587; x_wconf 88' lang='lat' dir='ltr'><strong>quo</strong></span> <span class='ocrx_word' id='word_1_594' title='bbox 3022 5509 3377 5587; x_wconf 81' lang='lat' dir='ltr'><strong>septimum</strong></span> <span class='ocrx_word' id='word_1_595' title='bbox 3416 5519 3604 5584; x_wconf 71' lang='lat' dir='ltr'><strong>caput</strong></span> 
     </span>
    </p>
   </div>
   <div class='ocr_carea' id='block_1_53' title="bbox 269 5600 3603 5689">
    <p class='ocr_par' dir='ltr' id='par_1_53' title="bbox 269 5600 3603 5689">
     <span class='ocr_line' id='line_1_53' title="bbox 269 5600 3603 5689; baseline 0.001 -28"><span class='ocrx_word' id='word_1_596' title='bbox 269 5600 600 5662; x_wconf 86' lang='lat' dir='ltr'><strong>clauditur</strong></span> <span class='ocrx_word' id='word_1_597' title='bbox 634 5618 646 5660; x_wconf 95' lang='lat'>:</span> <span class='ocrx_word' id='word_1_598' title='bbox 689 5601 771 5663; x_wconf 83' lang='lat' dir='ltr'><strong>Et</strong></span> <span class='ocrx_word' id='word_1_599' title='bbox 808 5603 1051 5663; x_wconf 85' lang='lat' dir='ltr'><strong>reversi</strong></span> <span class='ocrx_word' id='word_1_600' title='bbox 1081 5616 1231 5666; x_wconf 84' lang='lat' dir='ltr'><strong>sunt</strong></span> <span class='ocrx_word' id='word_1_601' title='bbox 1264 5611 1697 5689; x_wconf 85' lang='lat' dir='ltr'><strong>unusquisque</strong></span> <span class='ocrx_word' id='word_1_602' title='bbox 1732 5612 1801 5670; x_wconf 90' lang='lat' dir='ltr'><strong>in</strong></span> <span class='ocrx_word' id='word_1_603' title='bbox 1848 5610 2102 5671; x_wconf 87' lang='lat' dir='ltr'><strong>domum</strong></span> <span class='ocrx_word' id='word_1_604' title='bbox 2131 5629 2332 5670; x_wconf 85' lang='lat' dir='ltr'><strong>suam.</strong></span> <span class='ocrx_word' id='word_1_605' title='bbox 2372 5611 2629 5689; x_wconf 77' lang='lat' dir='ltr'><strong>Integra</strong></span> <span class='ocrx_word' id='word_1_606' title='bbox 2668 5624 2839 5675; x_wconf 82' lang='lat' dir='ltr'><strong>vero,</strong></span> <span class='ocrx_word' id='word_1_607' title='bbox 2880 5626 3028 5687; x_wconf 73' lang='lat' dir='ltr'><strong>qua)</strong></span> <span class='ocrx_word' id='word_1_608' title='bbox 3072 5609 3312 5686; x_wconf 69' lang='lat' dir='ltr'><strong>legitur</strong></span> <span class='ocrx_word' id='word_1_609' title='bbox 3364 5607 3603 5666; x_wconf 68' lang='lat' dir='ltr'><strong>illidet&quot;</strong></span> 
     </span>
    </p>
   </div>
   <div class='ocr_carea' id='block_1_54' title="bbox 270 5697 3608 5785">
    <p class='ocr_par' dir='ltr' id='par_1_54' title="bbox 270 5697 3608 5785">
     <span class='ocr_line' id='line_1_54' title="bbox 270 5697 3608 5785; baseline 0.001 -26"><span class='ocrx_word' id='word_1_610' title='bbox 270 5697 341 5759; x_wconf 86' lang='lat' dir='ltr'><strong>in</strong></span> <span class='ocrx_word' id='word_1_611' title='bbox 383 5698 701 5778; x_wconf 84' lang='lat' dir='ltr'><strong>Vulgatis,</strong></span> <span class='ocrx_word' id='word_1_612' title='bbox 741 5702 1040 5764; x_wconf 85' lang='lat' dir='ltr'><strong>Mulieris</strong></span> <span class='ocrx_word' id='word_1_613' title='bbox 1073 5705 1382 5767; x_wconf 72' lang='lat' dir='ltr'><strong>adultera:</strong></span> <span class='ocrx_word' id='word_1_614' title='bbox 1413 5705 1685 5770; x_wconf 83' lang='lat' dir='ltr'><strong>historia</strong></span> <span class='ocrx_word' id='word_1_615' title='bbox 1710 5708 2205 5783; x_wconf 85' lang='lat' dir='ltr'><strong>desiderabatur</strong></span> <span class='ocrx_word' id='word_1_616' title='bbox 2247 5729 2261 5768; x_wconf 91' lang='lat'><strong>:</strong></span> <span class='ocrx_word' id='word_1_617' title='bbox 2299 5714 2359 5770; x_wconf 89' lang='lat' dir='ltr'><strong>et</strong></span> <span class='ocrx_word' id='word_1_618' title='bbox 2414 5709 2577 5769; x_wconf 83' lang='lat' dir='ltr'><strong>hanc</strong></span> <span class='ocrx_word' id='word_1_619' title='bbox 2608 5723 2732 5769; x_wconf 90' lang='lat' dir='ltr'><strong>suo</strong></span> <span class='ocrx_word' id='word_1_620' title='bbox 2774 5723 2906 5768; x_wconf 91' lang='lat' dir='ltr'><strong>non</strong></span> <span class='ocrx_word' id='word_1_621' title='bbox 2961 5707 3233 5785; x_wconf 65' lang='lat' dir='ltr'><strong>exiionit</strong></span> <span class='ocrx_word' id='word_1_622' title='bbox 3270 5721 3608 5766; x_wconf 81' lang='lat' dir='ltr'><strong>commcn-</strong></span> 
     </span>
    </p>
   </div>
   <div class='ocr_carea' id='block_1_55' title="bbox 271 5794 818 5877">
    <p class='ocr_par' dir='ltr' id='par_1_55' title="bbox 271 5794 818 5877">
     <span class='ocr_line' id='line_1_55' title="bbox 271 5794 818 5877; baseline 0.013 -23"><span class='ocrx_word' id='word_1_623' title='bbox 271 5794 440 5856; x_wconf 88' lang='lat' dir='ltr'><strong>tario</strong></span> <span class='ocrx_word' id='word_1_624' title='bbox 474 5795 818 5877; x_wconf 80' lang='lat' dir='ltr'><strong>Bulgarus.</strong></span> 
     </span>
    </p>
   </div>
   <div class='ocr_carea' id='block_1_56' title="bbox 354 5892 3598 5986">
    <p class='ocr_par' dir='ltr' id='par_1_56' title="bbox 354 5892 3598 5986">
     <span class='ocr_line' id='line_1_56' title="bbox 354 5892 3598 5986; baseline 0.003 -32"><span class='ocrx_word' id='word_1_625' title='bbox 354 5892 488 5955; x_wconf 84' lang='lat' dir='ltr'><strong>Hac</strong></span> <span class='ocrx_word' id='word_1_626' title='bbox 541 5894 621 5957; x_wconf 90' lang='lat' dir='ltr'><strong>de</strong></span> <span class='ocrx_word' id='word_1_627' title='bbox 656 5912 722 5958; x_wconf 90' lang='lat' dir='ltr'><strong>re</strong></span> <span class='ocrx_word' id='word_1_628' title='bbox 760 5897 884 5961; x_wconf 88' lang='lat' dir='ltr'><strong>lato</strong></span> <span class='ocrx_word' id='word_1_629' title='bbox 933 5915 1050 5979; x_wconf 80' lang='lat' dir='ltr'><strong>pro</strong></span> <span class='ocrx_word' id='word_1_630' title='bbox 1094 5900 1412 5982; x_wconf 84' lang='lat' dir='ltr'><strong>dignitate</strong></span> <span class='ocrx_word' id='word_1_631' title='bbox 1450 5920 1753 5969; x_wconf 83' lang='lat' dir='ltr'><strong>sermone</strong></span> <span class='ocrx_word' id='word_1_632' title='bbox 1790 5912 1989 5986; x_wconf 80' lang='lat' dir='ltr'><strong>agunt</strong></span> <span class='ocrx_word' id='word_1_633' title='bbox 2026 5922 2223 5971; x_wconf 78' lang='lat' dir='ltr'><strong>sacrae</strong></span> <span class='ocrx_word' id='word_1_634' title='bbox 2255 5904 2607 5985; x_wconf 48' lang='lat' dir='ltr'><strong>Scriptura:</strong></span> <span class='ocrx_word' id='word_1_635' title='bbox 2650 5904 3045 5981; x_wconf 80' lang='lat' dir='ltr'><strong>interpretes</strong></span> <span class='ocrx_word' id='word_1_636' title='bbox 3084 5910 3143 5967; x_wconf 84' lang='lat' dir='ltr'><strong>et</strong></span> <span class='ocrx_word' id='word_1_637' title='bbox 3183 5901 3388 5966; x_wconf 80' lang='lat' dir='ltr'><strong>critici</strong></span> <span class='ocrx_word' id='word_1_638' title='bbox 3429 5900 3598 5964; x_wconf 76' lang='lat' dir='ltr'><strong>scri-</strong></span> 
     </span>
    </p>
   </div>
  </div>
