4262 6432
710 400 816 485 tri
1556 351 1793 470 aena.
1830 404 2103 471 manu;
2139 402 2240 467 ns
2276 400 2568 478 avenis
2603 396 3117 465 DISSERTATIO
3855 389 3965 459 tet

710 526 947 600 ptores.
994 519 1429 598 Quamplures
1478 527 1835 593 memorant
1861 522 2143 584 .Grmcas
2174 519 2460 600 codices,
2508 525 2571 582 et
2622 516 2960 579 versiones
2997 514 3400 577 Armenicam
3431 519 3497 579 et
3527 512 3856 595 Syriacam
3890 514 3963 578 in

710 618 817 689 Pol
825 616 1092 695 yglottis
1123 618 1601 685 Parisiensibus
1638 626 1701 680 et
1734 605 2287 692 Londinensibus,
2318 616 2428 680 ubi
2469 622 2781 679 commata
2813 613 2925 675 illa
2956 612 3350 675 omittuntur
3377 630 3400 687 ς
3437 611 3799 690 eademque
3825 625 3956 673 non

710 722 1048 790 exponunt
1081 714 1429 791 Origenes,
1464 714 1993 795 Chrysostomus,
2021 718 2291 782 Nonnus
2334 720 2398 778 et
2430 713 2565 777 alii.

788 808 1049 871 Mutilos
1068 808 1441 890 hujusmodi
1459 812 1715 874 codices
1745 810 1977 886 fuisse,
2000 811 2377 876 mntilumve
2395 811 2682 873 codicem
2709 802 3196 887 Theophylacti,
3220 821 3337 881 pro
3362 811 3537 867 certo
3565 802 3962 869 habendum.

706 906 952 969 Partem
989 904 1149 969 hanc
1186 915 1435 984 prastat
1465 908 1697 977 Latimt
1717 904 1960 988 vulgati
2014 908 2390 987 interpretis
2418 902 2910 987 versio,qutein
2947 905 3170 966 codice
3195 899 3706 979 Cantabrigensi,
3747 898 3962 961 Millio

705 1000 1075 1075 adnotante,
1106 1010 1500 1078 asservatnr,
1533 1003 1744 1085 qualis
1772 1013 1921 1068 ante
1950 1004 2335 1085 Hieronymi
2376 1006 2867 1085 castigationem
2897 1002 3207 1067 exstabat.
3246 1000 3391 1079 Ipse
3423 1004 3694 1061 testatur
3730 998 3961 1059 Hiero-

703 1111 941 1175 nymus
1001 1096 1168 1161 libro
1236 1118 1284 1160 ιι
1335 1112 1564 1167 contra
1608 1101 2011 1181 Pelagianos,
2061 1119 2245 1167 num.
2290 1101 2391 1177 17,
2428 1103 2500 1167 in
2535 1102 2881 1181 Evangelia
2908 1096 3266 1183 secundum
3306 1098 3615 1159 Joannem
3642 1096 3711 1158 in
3739 1093 3962 1157 multis

701 1190 945 1255 Grecis
980 1202 1039 1255 et
1087 1194 1339 1258 Latinis
1362 1196 1685 1263 codicibus
1713 1198 1990 1264 inueniri
2012 1196 2088 1259 de
2114 1197 2406 1261 adultera
2427 1197 2715 1266 muliere.
2768 1196 2981 1278 Hujus
3033 1192 3369 1258 historiam
3403 1193 3543 1254 suis
3575 1189 3644 1253 in
3679 1192 3962 1254 Harmo-

699 1287 829 1348 niis
866 1288 1240 1369 euangelicis
1283 1292 1706 1357 inseruerunt
1732 1294 2070 1368 Tatianus,
2108 1296 2334 1358 saeculi
2380 1294 2683 1369 secundi,
2729 1300 2794 1357 et
2842 1292 3231 1359 Ammonius
3264 1289 3432 1353 tertii
3473 1288 3774 1366 scriptor.
3807 1288 3961 1351 Eam

701 1380 936 1446 habent
986 1385 1199 1449 Latini
1257 1386 1514 1451 codices
1574 1394 2062 1479 omnes,"quos-
2100 1390 2231 1451 viri
2257 1390 2621 1454 doctissimi
2672 1389 3060 1469 inspexere:
3116 1405 3197 1451 ac
3249 1385 3514 1471 plurimi
3558 1384 3793 1479 habent
3820 1400 3966 1479 eam

702 1478 909 1544 Gratei
937 1479 1218 1556 codices,
1253 1498 1422 1562 quos
1452 1478 1909 1564 expendernnt
1938 1484 2323 1551 Theodorus
2352 1488 2542 1563 Beza,
2568 1484 2905 1552 Bobertus.
2925 1487 3318 1567 Stephanus,
3355 1485 3643 1546 Joannes
3680 1478 3963 1544 Millius.

702 1572 1097 1641 omissionis
1128 1579 1195 1641 in
1234 1579 1570 1660 aliquibus
1598 1599 1859 1651 causam
1886 1582 2097 1661 aperit
2122 1582 2531 1663 Augustinus
2557 1581 2723 1646 libro
2754 1600 2802 1644 ιι
2830 1582 2920 1644 De
2954 1580 3272 1663 eonjugiis
3322 1576 3729 1649 adulterinis,
3751 1573 3966 1655 capite

700 1673 760 1734 ’1.
798 1690 815 1731 :
851 1676 1225 1755 «Nonnulli
1275 1679 1548 1743 modicas
1592 1679 1767 1756 ﬁdei,
1825 1681 2163 1761 inquiens,
2191 1682 2294 1744 vel
2337 1680 2556 1760 potius
2601 1678 2857 1743 inimici
2906 1692 3074 1744 verte
3114 1672 3289 1749 ﬁdei,
3332 1675 3553 1749 credo,
3600 1678 3968 1737 metuentes

698 1771 1005 1847 peccandi
1050 1770 1507 1851 impunitatem
1551 1778 1706 1857 dare
1740 1777 2131 1841 mulieribus
2167 1778 2308 1842 suis
2342 1776 2511 1841 illud
2542 1776 2721 1857 quod
2755 1775 2836 1840 de
2865 1773 3176 1840 adulteras
3205 1770 3614 1851 indulgentia
3644 1769 3968 1833 Dominus

695 1862 872 1937 fecit,
905 1867 1232 1931 auferrent
1264 1870 1346 1935 de
1378 1860 1723 1947 cadicibus-
1747 1876 1915 1939 suis.
1956 1898 1987 1933 ι
2120 1956 2123 1959 δ

777 1962 928 2025 Alia
954 1972 1050 2026 est
1086 1966 1282 2029 Millii
1318 1970 1690 2049 conjectura
1722 1993 1741 2035 :
1774 1994 1803 2029 α
1840 1973 2191 2035 Historiam
2220 1972 2408 2045 hanc,
2440 1972 2647 2054 quod,
2708 1978 2781 2036 ut
2818 1971 3100 2040 videtur,
3142 1967 3453 2049 expedire
3486 1981 3616 2029 non
3664 1970 3969 2044 putarent

702 2064 772 2117 ut
801 2074 1013 2121 coram
1060 2063 1306 2141 p0pulo
1339 2082 1414 2127 ea
1457 2066 1802 2145 legeretur,
1836 2067 2010 2129 obeto
2036 2068 2168 2148 jam
2189 2067 2751 2148 olimjugularunt
2779 2068 2846 2131 in
2878 2067 3065 2129 libris
3090 2066 3442 2143 praesertim
3469 2064 3781 2145 publicis.
3809 2061 3970 2119 ’06s-

698 2152 964 2224 λισμάνην
992 2166 1235 2234 autem,
1265 2178 1475 2241 eoque
1496 2163 1649 2242 ipso.
1670 2182 1790 2227 ceu
1813 2174 2204 2244 suSpectam,
2239 2166 2627 2246 praeteriisse
2662 2183 2809 2231 mox
2843 2164 3167 2237 librarios,
3202 2164 3264 2226 id
3286 2179 3455 2227 vero
3478 2169 3655 2227 extra
3688 2162 3967 2235 dubium

697 2268 847 2316 esse
908 2255 1214 2318 arbitror.
1270 2258 1451 2320 Unde
1497 2273 1617 2321 nec
1672 2260 1934 2332 mirum,
1969 2261 2025 2321 si
2075 2260 2356 2325 defuerit
2397 2262 2465 2324 in
2508 2262 2846 2325 codicibus
2889 2260 3225 2340 aliquibus
3259 2263 3453 2322 etiam
3505 2267 3970 2336 antetempora

697 2349 1081 2432 Hieronymi
1124 2362 1186 2415 et
1218 2354 1282 2414 in
1317 2356 1802 2417 commentariis
1831 2356 2229 2419 Graecorum.
2283 2359 2364 2420 At
2410 2358 2685 2421 dubium
2722 2373 2851 2420 non
2897 2358 2987 2431 ﬁt,
3030 2357 3191 2437 quin
3229 2356 3587 2435 capitulum
3619 2357 3763 2427 hoc,
3800 2358 3971 2419 Ver-

692 2445 900 2507 sionis
934 2446 1207 2526 vulgatae
1253 2456 1312 2511 et
1364 2450 1829 2529 exemplarium
1885 2452 2480 2517 vetustissimorum
2533 2456 2656 2518 fide
2684 2454 3066 2527 stabilitum,
3102 2454 3272 2515 inter
3308 2453 3512 2515 sancti
3542 2452 3814 2516 Joannis
3842 2471 3963 2534 ge-

695 2544 899 2608 nuina
934 2547 1261 2610 recenseri
1292 2548 1589 2610 debeat.»
1628 2550 1848 2624 Ipsum
1880 2549 2075 2612 latius
2114 2552 2543 2615 disserentem
2567 2552 2873 2627 ‘consule,
2906 2557 2971 2615 et
3000 2550 3441 2631 Augustinum
3474 2550 3853 2626 Calmetum,
3903 2556 3970 2614 et

692 2647 953 2709 Petrum
991 2646 1289 2710 Sabatier
1338 2648 1406 2711 in
1444 2666 1563 2711 sua
1593 2650 1799 2711 Veteri
1827 2649 2064 2712 Italica
2099 2651 2415 2712 Versione.

774 2745 911 2807 102.
944 2744 1337 2824 lnterpolata
1369 2762 1441 2807 ac
1472 2744 1690 2808 vitiata
1733 2746 1873 2809 loca
1927 2748 2188 2810 inerant
2214 2745 2444 2809 eodem
2476 2744 2544 2807 in
2582 2745 2831 2819 codice,
2868 2762 3003 2824 quo
3046 2742 3569 2823 Theophylactus
3608 2743 3914 2815 utebatur
3948 2765 3967 2817 ;

689 2838 1079 2922 inerantque
1153 2842 1457 2921 genuinas
1532 2842 1849 2905 lectiones
1895 2888 1913 2917 ,
1990 2860 2025 2905 a
2076 2842 2320 2922 quibus
2396 2843 2638 2905 abeunt
2707 2842 2968 2912 codices
3053 2839 3168 2903 alii
3240 2841 3533 2919 itemque
3607 2840 3963 2904 editiones.

688 2936 1042 3018 Utriusque
1098 2939 1355 3017 generis
1414 2939 1598 3017 plura
1646 2939 1945 3018 exempla
1988 2939 2176 3001 offert
2237 2942 2520 3003 Joannes
2582 2940 2835 3003 Millius
2890 2941 2959 3003 in
3013 2938 3506 3020 Prolegomenis
3569 2939 3647 3001 ad
3704 2939 3962 3002 Novum

692 3035 1172 3096 Testamentum
1210 3037 1501 3100 Grascum
1553 3053 1589 3099 a
1624 3053 1803 3097 num.
1842 3038 2018 3101 1059.
2059 3037 2425 3116 Specimina
2460 3036 2662 3099 adero
2701 3035 3045 3111 nonnulla,
3080 3045 3152 3099 ut
3191 3036 3331 3099 haec
3356 3034 3562 3117 magis
3592 3034 3970 3099 innotescat

689 3128 1189 3191 animadversio.

770 3230 951 3305 [LXI]
988 3230 1057 3292 In
1095 3233 1448 3313 Evangelio
1479 3234 1754 3299 Matthaai
1786 3234 1994 3315 capite
2015 3254 2107 3308 xv,
2146 3254 2203 3297 v.
2235 3235 2339 3311 2b,
2378 3236 2553 3300 inter
2582 3253 2697 3302 eos
2732 3236 2846 3316 qui
2874 3237 3075 3299 variis
3107 3236 3524 3317 languoribus
3558 3236 3770 3300 aﬂ'ecti
3809 3234 3973 3299 male

687 3342 751 3385 se
768 3324 1096 3400 habebant,
1126 3329 1191 3390 in
1221 3331 1520 3393 versione
1556 3333 1803 3410 vulgata
1835 3332 2133 3395 Lunatici
2164 3331 2662 3411 distinguuntur
2687 3332 2768 3394 ab
2790 3332 2871 3394 iis
2904 3328 3021 3413 Qui
3052 3330 3357 3397 daemonia
3388 3333 3721 3397 habebant.
3775 3331 3968 3409 Apud

687 3419 1242 3502 TheOphylactum
1269 3429 1512 3491 mentio
1535 3430 1711 3492 nulla
1747 3439 1857 3493 τῶν
1880 3440 2370 3511 δαιμονιζομένων,

2275 3456 2371 3501 ων,
2394 3430 2508 3491 sed
2542 3445 2656 3509 pro
2690 3428 2791 3490 his
2810 3428 3123 3509 intelligit
3152 3429 3294 3508 ipse
3310 3431 3576 3493 eosdem
3608 3427 3958 3494 lunaticos.

687 3518 1138 3583 Commentarii
1162 3524 1353 3585 verba
1378 3532 1559 3588 sunt:
1587 3526 1930 3590 Lunatisos
1957 3538 2164 3589 autem
2186 3526 2345 3589 dicit
2373 3527 2811 3603 damoniaeos,
2834 3535 2956 3591 etc.
2989 3530 3217 3606 Marci,
3241 3531 3447 3609 capite
3471 3549 3516 3603 ι,
3554 3548 3615 3592 v.
3642 3530 3747 3603 29,
3781 3538 3972 3603 ’Βξςλο

687 3625 797 3680 θὼν
821 3622 1004 3696 ἧλθιν,
1038 3621 1357 3697 egrediens
1387 3625 1579 3697 venit,
1618 3641 1731 3702 pro
1770 3633 2083 3698 ἑξελθόντες
2116 3632 2305 3704 ἦλθον,
2341 3645 2370 3686 e

2291 3673 2305 3699 ,
2341 3624 2726 3703 egredientes
2749 3635 3081 3698 venerunt,
3113 3626 3421 3689 Proxime
3454 3627 3725 3707 quidem
3751 3626 3966 3689 solius

687 3714 920 3776 Christi
973 3715 1216 3778 mentio
1248 3724 1384 3779 est:
1421 3720 1535 3781 sed
1562 3722 1910 3801 respicitur
1958 3724 2035 3786 ad
2068 3726 2411 3801 superiora
2439 3742 2497 3783 v.
2532 3724 2635 3795 2t,
2684 3723 2796 3785 ubi
2840 3724 2920 3783 de
2951 3722 3301 3803 discipulis
3333 3724 3666 3804 simulque
3713 3723 3973 3789 Christo

684 3812 919 3930 agitur.
953 3814 1139 3875 Luca:
1166 3814 1374 3890 capite
1403 3836 1447 3891 ι,
1496 3837 1557 3881 v.
1594 3820 1671 3881 73
1693 3865 1710 3893 ,
1748 3830 1941 3899 ὅρκου,
1960 3820 2319 3930 juramenti
2366 3834 2503 3895 pro,
2529 3820 3199 3899 apxovjuramentum;
3236 3819 3398 3883 illud
3442 3828 3660 3885 autem
3690 3837 3725 3884 a
3756 3821 3974 3885 Theo-

684 3909 983 3988 phylacto
1023 3920 1410 3991 usurpatum
1447 3924 1795 3997 syntaxeos
1820 3909 2044 3998 gratia.
2086 3921 2162 3980 Et
2186 3916 2393 3994 capite
2420 3934 2532 3987 xu,
2562 3936 2621 3980 v.
2650 3917 2753 3990 23,
2780 3926 2991 3993 πλεῖον,
3024 3919 3253 4000 major,
3285 3917 3371 3981 ob
3399 3920 3771 3997 praecedens
3812 3931 3972 4003 ψυχὴ

684 4023 803 4084 pro
853 4025 1007 4071 voce
1052 4022 1260 4088 πλεῖον,
1292 4013 1461 4093 plus.
1489 4016 1759 4077 Joannis
1796 4017 2004 4093 capite
2037 4034 2083 4085 ι,
2117 4034 2179 4075 v.
2230 4016 2329 4086 ιιι,

2284 4016 2329 4086 ι,
2385 4022 2624 4092 πρῶτον,
2674 4016 2977 4092 primum,
3020 4031 3169 4077 cum
3222 4024 3468 4097 πρῶτος,
3502 4018 3781 4095 primus,
3834 4018 3967 4101 legi

684 4103 933 4168 debeat.
990 4113 1059 4171 Et
1089 4115 1296 4181 capite
1331 4134 1394 4185 ι,
1436 4134 1491 4175 v.
1546 4116 1649 4186 33,
1709 4123 1791 4175 ὅτι
1824 4120 1913 4181 σύ,
1950 4112 2193 4174 omisso
2238 4130 2355 4190 καὶ,

2281 4130 2355 4190 ιι,
2395 4126 2453 4178 ει
2488 4115 2639 4192 quia
2684 4123 2775 4173 tu.
2814 4114 2887 4173 Et
2938 4113 3149 4190 capite
3177 4131 3267 4185 XI,
3309 4132 3369 4177 ν.
3407 4117 3509 4189 12,
3591 4120 3761 4179 εἷπον
3795 4120 3964 4183 οὖν...

684 4206 1179 4282 αὑτῴΛίίτενιιηι
1212 4230 1355 4291 ergo
1385 4210 1692 4291 discipuli
1710 4211 1809 4279 ei:
1845 4210 1953 4271 ubi
1987 4220 2136 4290 αὑτῷ
2168 4214 2367 4293 adjecl

2282 4216 2566 4278 ectitium
2593 4217 2713 4272 est.
2752 4209 2933 4270 Paria
2970 4217 3127 4271 sunt
3158 4209 3440 4287 plurima
3463 4212 3532 4273 in
3564 4213 3965 4294 Evangeliis,

684 4300 752 4362 in
789 4305 961 4365 Actis
998 4311 1469 4383 apostolorum,
1509 4312 1579 4371 in
1617 4309 1926 4386 Epistolis
1960 4312 2164 4384 Pauli,
2203 4323 2265 4374 et
2317 4308 2671 4377 Calholicis
2702 4308 2874 4385 apud
2909 4306 3227 4369 Millium.

759 4394 883 4454 Sed
913 4415 1023 4458 nec
1057 4414 1289 4478 parum
1344 4402 1943 4481 lectionum,inquit
1999 4400 2112 4466 ille
2155 4405 2294 4469 loco
2336 4410 2556 4481 citato,
2618 4406 2687 4467 in
2750 4406 3212 4485 Theophylacti
3272 4407 3488 4495 codice
3546 4410 3974 4490 genuinarum

680 4495 984 4555 occurrit.
1024 4499 1257 4559 Paucas
1282 4516 1403 4576 ego
1438 4500 1661 4561 affero.
1700 4500 1981 4562 Matthmi
2013 4503 2219 4577 capite
2271 4521 2452 4573 xxiv,
2491 4521 2551 4562 v.
2580 4500 2643 4569 2,
2692 4499 2761 4560 in
2784 4498 2978 4561 editis
3002 4507 3067 4561 et
3111 4517 3266 4563 mss.
3305 4503 3667 4584 aliquibus,
3719 4514 3797 4568 oo
3830 4513 3960 4584 βλι-
3999 4567 4023 4591 ,

682 4614 835 4664 πετε,
872 4610 1000 4651 non
1039 4591 1299 4653 videtis:
1334 4593 1476 4653 sine
1506 4602 1566 4654 οὺ
1590 4595 1760 4669 apud
1794 4594 2365 4671 TheOphylactum.

2293 4616 2374 4662 m.
2404 4598 2599 4661 Marci
2635 4596 2843 4673 capite
2871 4614 2941 4668 1,,
2972 4615 3033 4657 ν.
3098 4600 3202 4668 38.
3240 4612 3342 4675 Et;
3376 4612 3539 4666 τοῦτο
3568 4614 3679 4681 γὰρ
3708 4612 3970 4681 unm.

679 4688 760 4748 ad
790 4691 903 4751 hoc
935 4692 1093 4748 enim
1124 4708 1262 4749 υεηι
1290 4712 1308 4749 ε
1344 4707 1471 4755 non
1494 4690 1812 4759 ἐξελήλυθα,
1845 4691 1999 4750 exii.
2030 4693 2299 4752 Joannis
2323 4708 2362 4752 Cr

2291 4711 2299 4751 ε
2323 4692 2532 4769 capite
2560 4707 2734 4761 vn,v.
2780 4689 3015 4763 21,22,
3044 4695 3143 4749 'Ev
3172 4695 3336 4766 ἔργον
3358 4698 3617 4766 ὲποῑησα,
3645 4699 3741 4751 καὶ
3765 4698 3974 4763 πάντες

678 4796 991 4866 θαυμάζετε
1017 4797 1105 4850 διὰ
1135 4795 1311 4851 “rabie.
1339 4797 1570 4863 Μωσῆς,
1606 4812 1665 4849 κ.
1828 4786 2039 4847 Unum
2075 4803 2241 4865 opus
2264 4785 2361 4851 fec

2287 4786 2413 4863 'eci,
2440 4795 2745 4850 etomnes
2769 4786 3089 4850 miramini
3118 4796 3384 4865 propter
3400 4786 3539 4847 hoc.
3557 4787 3829 4865 Moyses,
3846 4794 3970 4851 etc.

680 4889 767 4948 Ite
798 4887 1046 4947 scilicet
1082 4886 1486 4964 interpunxit
1514 4883 2067 4963 TheOphylactus,
2104 4888 2526 4967 genuinaque
2562 4902 2692 4950 non
2726 4885 2953 4965 paucis
2989 4885 3181 4948 lectio
3223 4883 3505 4947 videtur.
3564 4884 3971 4966 Reliquasid

675 4997 883 5059 genus
928 4980 1241 5041 lectiones
1319 4979 1466 5040 vide
1512 4980 1683 5057 apud
1719 4978 2030 5041 Millium.

760 5080 971 5141 Salius
1035 5077 1222 5140 nobis
1308 5076 1507 5137 fuerit
1560 5075 1911 5138 nonnullas
1974 5077 2272 5141 attulisse
2326 5077 2671 5155 utriusque
2734 5074 2988 5147 classis,
3036 5081 3109 5137 ut
3167 5072 3357 5136 novis
3418 5074 3482 5137 in
3535 5072 3971 5151 editionibus,

677 5194 823 5255 qua;
880 5186 1291 5249 accurentur,
1344 5176 1467 5237 sibi
1499 5175 1591 5236 fas
1620 5192 1749 5237 non
1797 5194 1943 5237 esse
1972 5174 2681 5255 intelliganteditores,
2718 5172 2819 5234 vel
2859 5188 2973 5249 pro
3008 5172 3205 5252 genio
3254 5170 3653 5234 mutationes
3684 5173 3753 5234 in
3784 5173 3967 5235 Grae-

680 5292 823 5336 cum
867 5284 1109 5337 textum
1167 5275 1501 5347 invehere,
1547 5281 1659 5336 aut
1696 5275 1935 5351 passim
1970 5283 2031 5336 et
2060 5272 2631 5337 indiscriminatim
2668 5271 2733 5331 in
2764 5271 2983 5331 Latina
3036 5270 3343 5333 versione
3372 5270 3777 5333 substituere
3812 5271 3975 5333 Vul-

679 5380 910 5449 gatam.
954 5372 1329 5450 Exemplum
1382 5373 1565 5435 affert
1598 5372 1931 5433 Simonius
1958 5371 2101 5435 loco
2127 5373 2365 5450 saepius
2394 5373 2587 5433 citato
2613 5386 2688 5429 ex
2718 5367 3004 5441 Epistola
3037 5366 3217 5427 Pauli
3262 5369 3339 5428 ad
3399 5367 3723 5445 Ephesios
3756 5368 3973 5446 capite

676 5488 761 5542 iv,
788 5471 1374 5541 v.19,ubiGr:ecus
1407 5481 1617 5533 textus
1650 5473 1819 5548 apud
1855 5472 2359 5550 Theophylactul

2289 5486 2409 5531 Lum
2431 5470 2525 5530 sic
2580 5468 2808 5529 habet:
2844 5478 3065 5539 Οἶτινες
3097 5476 3523 5547 ἀπηλγηκότες,
3566 5465 3972 5529 indolentes:

677 5569 785 5628 sed
809 5570 871 5630 in
898 5574 1196 5631 versione
1226 5571 1507 5648 Philippi
1533 5568 1819 5630 Montani
1850 5570 2089 5647 legitur
2119 5586 2266 5630 cum
2302 5568 2590 5647 Vulgata,
2631 5569 3069 5649 desperantes,
3113 5570 3330 5631 Graece
3366 5573 3787 5645 ἀπηλπηκότες.
3837 5564 3975 5625 Hac

676 5664 755 5727 de
782 5683 846 5726 re
880 5668 976 5728 vel
1007 5667 1146 5746 ipse
1163 5665 1681 5747 Hieronymusin
1706 5667 2187 5730 Commentario
2214 5669 2589 5732 adnotatum
2616 5672 2926 5750 reliquit:
2966 5672 3190 5744 «Quod
3222 5678 3439 5733 autem
3471 5666 3584 5741 ait,
3615 5667 3725 5746 qui
3750 5664 3975 5743 despe-

678 5774 891 5824 rantes
945 5768 1338 5845 semetipsos,
1397 5768 1460 5828 id
1505 5780 1624 5838 est,
1659 5778 2050 5848 ἀπηλγηκότες
2083 5778 2340 5841 ἑαυτοὺς,

2294 5796 2340 5841 ς,
2383 5767 2585 5831 multo
2623 5769 2803 5832 aliud
2839 5770 2903 5832 in
2984 5770 3209 5830 Graeco
3267 5766 3614 5845 significat,
3677 5776 3872 5842 quam
3908 5761 3977 5824 in

676 5864 929 5929 Ial‘uo.
995 5864 1412 5943 Desperantes
1462 5870 1733 5948 quippe,
1784 5876 2180 5950 ἀπηλπηκότες
2232 5884 2359 5932 non

2289 5866 2696 5930 ominantur:
2758 5873 3150 5937 ἄφιλγηκότες
3206 5874 3423 5929 autem
3496 5862 3560 5924 hi
3621 5866 3800 5933 sunt,
3852 5858 3972 5941 qui
