4262 6432
303 391 412 459 res
1155 390 1257 452 DE
1284 385 1888 450 'THEOPHYLACTI'
1919 385 2198 450 GESTIS
2234 388 2334 449 ET
2367 384 2746 454 'scuims.
3351 411 3353 414 ⁴
3492 381 3600 459 Μ

299 514 648 586 postquam
686 503 1110 583 peccaverint,
1143 521 1275 564 non
1330 500 1586 572 dolent,
1622 500 1737 577 qui
1803 517 2213 578 nequaquam
2251 503 2615 564 sentientes
2649 506 2907 579 ruinam
2942 507 3154 582 suam,
3187 508 3496 570 feruntur
3529 509 3598 569 in

294 617 626 681 pronum;
661 609 722 663 et
781 610 1086 682 tanquam
1145 600 1370 662 bestias
1421 597 1665 658 ferrum
1705 595 2005 656 videntes
2037 592 2102 653 in
2144 602 2423 655 mortem
2460 605 2658 656 ruunt
2691 643 2706 658 .
2741 643 2756 658 .
2794 639 2809 652 .
2843 599 3303 675 Exprimamus
3345 599 3411 660 si
3445 614 3600 675 pos-

293 696 512 759 simus
546 699 815 760 verbum
852 700 932 761 de
967 697 1192 769 verbo,
1225 703 1287 757 et
1321 695 1617 758 dicamus
1637 697 2047 772 ἀπηλγηκότες,
2073 690 2335 752 indolen
2351 682 2481 764 tes,
2515 710 2631 754 seu
2666 692 3088 770 indolorios.»
3125 694 3597 774 Theophylarti

292 791 900 871 interpretationem
933 790 1312 854 'sic'Latine
1371 792 1584 853 reddit
1634 792 2035 852 Montanus:
2094 787 2527 864 Desperantes
2559 791 2747 864 enim,
2806 792 3039 871 inquit,
3071 794 3185 854 hoc
3215 800 3309 853 est
3367 809 3591 871 segnes

289 891 479 970 facti,
527 890 815 952 nolentes
841 890 1159 963 laborare,
1193 897 1266 949 ut
1296 887 1625 950 inveniunt
1658 887 1914 955 bonum.
1953 885 2068 946 Ubi
2102 885 2246 946 sine
2285 885 2498 947 dubio
2528 904 2773 948 vocem
2799 894 3196 965 ἀπηλγηκότες
3222 889 3593 952 declarabat

292 985 849 1066 TheOpbylactus,
885 1003 1012 1054 non
1045 995 1463 1068 ἀπηλπηκότες.
1500 983 1708 1046 Verba
1766 988 1920 1043 sunt
1952 998 1975 1043 ε

1914 1001 1920 1040 '.
1952 998 2031 1043 en
2046 982 2058 1040 i
2074 998 2130 1041 m
2163 981 2310 1061 ejus
2337 1003 2369 1042 τ’
2385 991 2776 1064 ἀπηλγηκότες
2791 993 2923 1066 γὰρ,
2942 995 3101 1064 φησὶ,
3122 993 3374 1048 τουτέστι
3396 996 3597 1068 κατιρ-

290 1088 718 1163 ιαῦυμηκότις,
738 1085 854 1147 hoc
900 1095 993 1148 est
1022 1082 1578 1157 desides,inertes,
1614 1079 2005 1158 negligentes
2035 1079 2215 1157 facti.
3287 1135 3292 1141 .

377 1189 519 1251 103.
571 1190 639 1252 In
674 1191 870 1254 editis
895 1190 1371 1272 TbeOphylacti
1409 1189 1474 1250 in
1501 1185 1939 1266 evangelistas
1964 1185 2470 1249 Commentariis
2515 1187 2742 1250 eadem
2770 1188 3280 1268 Evangeliorum
3309 1187 3598 1250 occurrit

288 1282 538 1347 divisio
570 1286 636 1347 in
671 1288 909 1367 capita,
957 1302 1124 1368 quin
1149 1286 1322 1365 apud
1361 1284 1628 1347 Latinos
1663 1281 1998 1360 hodieque
2036 1281 2110 1344 in
2155 1301 2284 1346 usu
2335 1293 2456 1348 est.
2492 1288 2939 1348 Numerantur
2999 1285 3248 1365 quippe
3307 1283 3596 1374 Μαίη]φί

289 1379 502 1458 capita
532 1382 635 1456 28,
661 1384 861 1446 Marci
895 1386 993 1456 1'6,
1028 1386 1220 1447 Luem
1241 1381 1347 1456 ΞΕ,
1383 1389 1446 1443 et
1475 1378 1875 1441 Joannis2i.
1899 1379 2184 1442 Joannes
2216 1381 2451 1442 Croius
2481 1383 2655 1460 apud
2689 1383 3117 1454 Laurentium
3147 1381 3595 1444 Alexandrum

289 1476 687 1557 Zacagninm
718 1479 785 1541 in
817 1479 1194 1560 prtefatione
1219 1479 1299 1541 ad
1323 1475 1729 1540 Colleetanea
1758 1485 2314 1538 monumenton
2331 1487 2616 1560 ceterum
2639 1480 2944 1542 Ecclesia
2972 1475 3207 1542 Graece
3243 1489 3304 1540 et
3324 1479 3593 1554 Latince,

290 1590 474 1636 num.
503 1575 664 1648 LVI,
705 1576 1340 1648 existimabat,‘hanc
1381 1572 1893 1637 vetustissimam
1925 1587 2082 1635 esse
2105 1575 2537 1651 divisionem;
2582 1577 2994 1657 putavitque,
3027 1577 3592 1656 Theophyla‘ctum,

289 1672 405 1751 qui
431 1670 763 1736 undecim
797 1674 1169 1738 Christiano
1239 1671 1470 1735 sarculo
1499 1671 1674 1734 inter
1707 1669 1962 1732 Greco:
1991 1670 2245 1754 ﬂoruit,
2281 1671 2494 1735 eadem
2541 1691 2726 1736 usum
2763 1675 2966 1756 fuisse
3006 1673 3075 1736 in
3109 1673 3319 1752 capita
3362 1673 3592 1735 distri-

294 1766 597 1832 butione.
876 1767 880 1770 “
1064 1790 1074 1799 δ
1189 1792 1191 1794 ·
1475 1815 1478 1818 .

1064 1790 1074 1799 δ
1189 1792 1191 1794 .

367 1865 630 1927 Croium
673 1866 918 1929 refellit
947 1866 1193 1928 ibidem
1226 1864 1588 1946 Zacagnius
1624 1884 1640 1921 :
1676 1883 1708 1918 α
1740 1861 1933 1936 Sane,
1971 1861 2320 1944 inquiens,
2380 1867 2558 1947 quod
2621 1863 3217 1947 ex-Theoph‘ylacti
3267 1866 3339 1926 in
3376 1866 3591 1926 Evan-

284 1961 459 2042 gelia
505 1963 999 2033 Commentariis
1037 1965 1213 2028 idem
1260 1971 1493 2026 auctor
1532 1960 1849 2040 Opponit,
1898 1961 2295 2038 scriptorum
2352 1963 2656 2027 codicum
2708 1965 3094 2025 auctoritate
3152 1962 3389 2026 falsum
3443 1980 3591 2025 esse

287 2060 726 2125 convincitur.
765 2053 1084 2125 VetuStus
1118 2062 1294 2124 enim
1334 2057 1806 2138 TheOphylacti
1837 2059 2192 2135 Vaticanus
2223 2060 2429 2123 Codex
2459 2079 2643 2124 num.
2686 2061 2829 2136 6&5,
2861 2064 3086 2124 eadem
3124 2080 3270 2142 quae
3312 2062 3595 2123 Alexan-

288 2159 524 2241 drinus
565 2167 627 2222 et
678 2160 894 2222 caeteri
929 2160 1434 2239 Evangeliorum
1484 2157 1699 2221 ’Graaci
1751 2155 2032 2228 codices,
2072 2156 2262 2220 habet
2303 2159 2608 2240 capitula.
2648 2151 2678 2218 in
2728 2161 3170 2222 Numerantur
3221 2151 3475 2222 scilicet
3521 2159 3590 2221 in

288 2256 591 2318 Matthmo
623 2256 728 2327 Cn'.
761 2257 862 2327 68,
898 2257 964 2319 in
999 2259 1214 2319 Marco
1260 2263 1374 2329 μη’.
1405 2255 1508 2327 Ιι8,
1547 2254 1616 2316 in
1648 2255 1820 2316 Luca
1852 2259 1968 2324 πγθ,

1906 2259 1968 2324 γ’,
2001 2254 2104 2329 83,
2139 2254 2207 2317 in
2240 2255 2616 2328 Joanne-ur.
2670 2257 2770 2319 18.
2808 2280 2836 2313 α
2885 2256 3063 2318 Idem
3099 2256 3164 2316 in
3197 2256 3329 2318 alio
3361 2255 3589 2318 codice

287 2369 476 2417 num.
512 2356 664 2417 1221
698 2356 996 2435 ejusdem
1028 2355 1442 2418 bibliothecas
1476 2352 1885 2427 observatur,
1914 2355 2239 2432 scripto...
2271 2353 2374 2415 die
2428 2353 2464 2417 3
2507 2352 2758 2434 Aprilis
2815 2355 2973 2415 anni
3024 2354 3202 2425 115b,
3242 2352 3595 2415 indictione

286 2453 570 2516 secunda
639 2458 719 2517 At
750 2455 819 2517 in
850 2455 1072 2519 codice
1109 2472 1292 2518 num.
1324 2454 1468 2525 6151s,
1501 2469 1634 2516 non
1666 2452 2036 2516 Graecorum
2073 2450 2388 2530 capitula,
2421 2450 2536 2514 sed
2573 2451 2852 2524 numeri,
2884 2449 3005 2529 qui
3045 2449 3419 2513 Canonibus
3455 2449 3594 2511 Eu-

286 2549 568 2614 sebianis
617 2551 1015 2628 inserviunt,
1070 2554 1146 2616 ad
1181 2549 1444 2631 singula
1475 2549 1982 2629 Evangeliorum
2021 2550 2158 2609 loca
2192 2564 2224 2606 a
2269 2545 2761 2626 Theophylacto
2808 2547 3132 2624 exposita,
3175 2547 3245 2609 in
3301 2548 3594 2627 margine

286 2656 794 2725 apponuntur...
826 2650 918 2715 Ex
958 2649 1206 2731 quibus
1260 2648 1570 2710 omnibus
1607 2647 1919 2727 colligere
1957 2647 2128 2716 licet,
2166 2642 2764 2723 Theophylactum,
2807 2643 3184 2724 Evangelia,
3213 2664 3346 2706 non
3394 2647 3596 2707 inter-

285 2753 488 2823 rupta
519 2755 735 2808 textus
768 2745 1372 2827 serie,exposuisse
1409 2766 1423 2806 :
1458 2743 1805 2805 divisiones
1840 2759 2018 2818 vero,
2052 2759 2199 2822 quae
2241 2759 2389 2802 cum
2425 2740 2673 2802 eisdem
2713 2743 3201 2803 commentariis
3244 2743 3590 2826 habentur,

285 2857 325 2905 a
362 2842 672 2920 librariis,
713 2851 784 2906 ut
820 2843 1136 2906 lectorum
1173 2840 1618 2905 commoditati
1668 2840 2115 2910 consulerent,
2149 2839 2428 2922 adjectus
2466 2839 2699 2921 fuisse;
2755 2838 3045 2918 denique
3094 2841 3378 2919 Vulgata
3418 2840 3594 2902 Lati-

285 2957 518 3002 norum
545 2939 843 3002 editionis
875 2940 1163 3019 capitula
1191 2938 1266 3014 in
1308 2937 1563 3012 codice,
1595 2937 1711 3017 qui
1742 2936 2215 3020 TheOphylacti
2249 2937 2886 3001 Commentariorum
2936 2937 3308 3000 editoribus
3360 2946 3594 3019 praesto

284 3034 441 3111 fuit,
479 3053 512 3099 a
545 3038 791 3100 recenti
832 3036 1058 3117 aliquo
1087 3035 1359 3098 librario
1392 3034 1682 3096 adhibita
1724 3052 1896 3098 esse.
1935 3059 1966 3093 ιο

371 3136 600 3212 [LXII]
641 3136 792 3198 Haec
831 3133 1096 3197 facilius
1147 3141 1222 3196 ut
1253 3131 1732 3213 intelligantur,
1769 3132 2063 3217 waltoni
2117 3134 2383 3199 demum
2418 3133 2591 3196 addo
2644 3133 3213 3211 prtemnnitionem
3247 3139 3392 3214 quae
3443 3142 3489 3196 t.
3539 3137 3594 3196 V

284 3231 652 3296 Bibliorum
710 3249 1046 3296 sacrorum
1082 3231 1394 3295 habetur:
1427 3254 1455 3287 ι
1500 3231 1774 3293 Graacos
1840 3229 2271 3310 Evangelium
2322 3231 2394 3293 in
2427 3238 2600 3293 certa
2651 3243 2956 3312 κεφάλαια,
2998 3234 3065 3294 id
3094 3241 3192 3296 est
3224 3233 3438 3311 capita
3485 3231 3593 3292 di-

283 3331 636 3405 stinxisse;
671 3331 814 3411 ipsa
861 3347 1018 3394 vero
1061 3331 1272 3411 capita
1310 3330 1381 3392 in
1420 3338 1756 3410 περικοπάς,
1788 3343 1910 3389 seu
1947 3327 2202 3388 minora
2229 3329 2769 3410 segmenta,quasi
2813 3330 2880 3392 in
2941 3327 3171 3410 plures
3241 3323 3593 3403 particulas

285 3430 653 3495 subdivisa.
694 3433 985 3496 Minores
1043 3431 1426 3512 hujusmodi
1494 3431 1822 3494 sectiones
1849 3427 2147 3491 fecerunt
2196 3422 2324 3502 ipsi
2359 3424 2428 3486 in
2483 3425 2718 3488 Sancto
2751 3427 3068 3490 Matthco
3137 3430 3271 3498 τνέ,
3305 3423 3468 3497 355;
3526 3423 3593 3484 in

285 3528 513 3592 Marco
546 3537 696 3605 σλς’,
726 3531 880 3604 236;
916 3530 985 3592 in
1012 3529 1187 3591 Luca
1212 3530 1366 3610 τμβ’,
1420 3529 1577 3603 3&2;
1610 3528 1674 3590 in
1703 3529 1934 3591 Sancto

1911 3544 1934 3586 ο
1980 3522 2230 3584 Joanne
2280 3529 2422 3603 σλβ’,
2473 3522 2621 3586 232.
2654 3525 2849 3586 Juxta
2880 3524 3210 3586 sectiones
3250 3522 3401 3606 istas
3467 3518 3594 3580 mi-

286 3643 482 3689 nores
517 3627 863 3701 Eusebius,
899 3627 1316 3690 Cmsariensis
1349 3625 1722 3705 θρὶεοορυε,
1754 3636 2084 3686 canonesx
2121 3616 2203 3679 ad
2235 3618 2725 3683 concordantias
2787 3620 3301 3699 Evangeliorum
3338 3615 3596 3679 facilius

286 3723 750 3800 inveniendas,
799 3723 1118 3787 confecit:
1176 3741 1460 3804 quorum
1513 3739 1636 3802 Ope
1670 3721 1857 3797 loca,
1895 3721 1962 3781 in
2025 3715 2273 3794 quibus
2315 3716 2472 3790 duo,
2531 3725 2663 3780 tres
2726 3717 2829 3781 vel
2896 3727 3184 3798 quatuor
3249 3711 3593 3792 evangeli-

284 3823 562 3890 starum,
628 3833 761 3878 rem
801 3817 1098 3879 eamdem
1147 3822 1519 3888 tractantes,
1549 3815 1724 3876 inter
1773 3830 1844 3876 se
1886 3815 2327 3888 concordant;
2383 3813 2482 3875 vel
2521 3814 2634 3877 ubi
2666 3813 2914 3899 aliquis
2947 3817 3243 3893 ipsorum
3290 3811 3597 3892 quendam

287 3913 506 3989 habet,
568 3931 714 3991 quae
770 3930 902 3976 non
961 3919 1115 3976 sunt
1161 3913 1230 3975 in
1323 3912 1628 3991 reliquis,
1679 3913 1862 3974 nullo
1919 3911 2182 3991 negotio
2217 3911 2662 3974 inveniantur.
2696 3913 2773 3976 ν.
2811 3931 2884 3992 g.
2923 3912 3207 3979 Matthazi
3243 3910 3457 3989 capite
3491 3924 3586 3977 iu,

286 4030 352 4077 ν.
390 4015 487 4086 11,
532 4019 678 4088 Ἐγὼ
711 4019 810 4092 μὶν
844 4019 1129 4090 βαπτίζω,
1163 4028 1273 4088 ego
1311 4008 1561 4091 quidem
1591 4009 1896 4089 ,bnptixo,
1960 4025 1969 4070 ι

1960 4009 2316 4089 apponitur
2361 4009 2428 4070 in
2463 4010 2756 4090 margine
2786 4011 2924 4074 haec
2953 4018 3106 4072 nota
3160 4012 3253 4082 ia,
3289 4025 3414 4070 una
3448 4023 3595 4067 cum

284 4108 720 4189 asubscripto
761 4128 776 4166 :
823 4110 1001 4188 quod
1039 4109 1118 4171 ad
1177 4126 1478 4169 canonem
1529 4109 1808 4184 primum
1846 4104 2082 4186 (littera
2111 4124 2151 4162 a
2191 4105 2557 4184 subscripta
2595 4105 2979 4187 indicatum)
3014 4106 3326 4169 lectorem
3360 4104 3601 4194 ‘rcmit-

287 4208 387 4270 tit.
452 4209 523 4269 In
575 4224 706 4287 quo
739 4206 1003 4290 (primo)
1037 4225 1127 4267 ca'
1166 4224 1275 4266 one
1333 4203 1573 4266 litteris
1625 4204 1774 4265 istis
1807 4204 2346 4265 numeralibusu‘t
2384 4203 2704 4278 inventis,
2756 4205 2973 4266 statim
3007 4222 3090 4266 ex
3142 4204 3468 4265 diametro
3528 4201 3596 4263 in

285 4306 513 4368 eadem
577 4304 790 4366 tabula
833 4303 1115 4367 exhibeo
1160 4321 1228 4385 ur
1265 4304 1404 4364 loca
1441 4303 1509 4364 in
1547 4301 1829 4381 reliquis
1896 4300 2358 4377 evangelistis,
2412 4317 2560 4380 qum
2588 4318 2738 4363 cum
2797 4300 2921 4364 hoc
2981 4295 3407 4364 concordant:
3464 4300 3601 4362 sci-

285 4401 439 4464 licet
474 4405 598 4462 sub
635 4402 858 4463 Marco
891 4409 972 4475 δ’,
1027 4418 1099 4461 su
1187 4397 1363 4460 Luca
1397 4404 1452 4472 ι’,
1494 4405 1556 4461 et
1586 4397 1712 4460 sub
1741 4398 1990 4457 Joanne
2031 4403 2121 4474 ιβ’.
2159 4420 2186 4452 »

365 4498 592 4574 Neque
628 4503 840 4556 tamen
908 4512 1120 4567 νοουδ,
1158 4503 1434 4572 κεφάλαια
1489 4502 1552 4555 et
1613 4503 1923 4573 περικοπαὶ
1991 4512 2048 4554 u:

1917 4541 1923 4553 .
1991 4512 2119 4554 usu
2149 4493 2710 4571 constantissimo,
2739 4496 3096 4559 adnotaute
3157 4495 3454 4558 Simonio
3527 4495 3600 4558 in

283 4593 586 4655 Historia
640 4592 870 4653 critica
911 4592 979 4653 in
1008 4592 1090 4655 Ν.
1132 4592 1229 4666 1'.,
1275 4600 1451 4655 tomo
1500 4592 1583 4664 Il,
1643 4592 1854 4670 capite
1898 4592 2001 4662 33,
2041 4599 2447 4670 usurpantur
2479 4593 2546 4654 in
2576 4594 2818 4657 Grmcis
2884 4595 3268 4656 codicibus:
3305 4593 3605 4673 quando-

285 4691 556 4770 quidem
588 4697 758 4752 τίτλοι
813 4690 883 4752 iu
921 4689 1255 4769 aliquibus
1307 4689 1751 4768 appellantur.
1791 4692 1854 4750 in
1892 4689 2046 4751 aliis
2075 4689 2400 4768 capitula,-
2445 4699 2506 4753 et
2556 4692 2860 4769 .capitula
2921 4709 3070 4771 quas
3113 4694 3442 4771 pericopa:
3489 4699 3602 4754 aut

288 4786 579 4850 minores
607 4787 961 4850 sccliones.
1024 4788 1174 4849 Huic
1213 4786 1644 4849 addiscuntur
1710 4787 2008 4850 codicum
2057 4786 2497 4865 inspectione.
2530 4789 2778 4849 Verum
2844 4788 3126 4851 occurrit
3158 4788 3354 4850 etiam
3392 4789 3455 4849 in
3490 4788 3595 4849 his

286 4884 507 4947 varius
563 4887 881 4947 minorum
919 4885 1300 4965 hujusmodi
1354 4885 1712 4946 sectionum
1745 4902 2084 4957 numerus,
2121 4884 2480 4962 praesertim
2524 4883 2589 4946 in
2634 4896 2854 4946 sancto
2887 4887 3140 4958 Marco,
3183 4885 3293 4947 ubi
3364 4885 3604 4962 aliqui-

284 4981 500 5047 busin
525 4983 989 5062 manuscriptis
1027 4984 1341 5045 duntaxat
1374 4983 1495 5044 23!;
1532 4991 2043 5046 enumerantur:
2081 4985 2258 5063 quod
2296 4983 2446 5045 ideo
2520 4981 2790 5058 factum,
2854 4992 2926 5046 ut
2961 4982 3231 5047 ibidem
3263 4985 3604 5048 Simonius

284 5082 779 5155 animadvertit,
841 5082 996 5159 quia
1027 5090 1352 5161 postrema
1376 5079 1710 5143 duodecim
1738 5083 1950 5145 Marci
1977 5091 2287 5145 commata
2315 5083 2382 5143 in
2459 5081 2716 5144 eisdem
2790 5082 3277 5147 desiderantur.
3317 5085 3603 5147 Consule

285 5178 458 5241 dicta
535 5195 715 5240 num.
784 5177 920 5241 100.

367 5274 468 5340 Ad
495 5277 660 5338 Acta
685 5275 1124 5362 apostolorum
1153 5272 1467 5356 denique,
1504 5285 1564 5340 et
1597 5277 1926 5356 Epistolas
1964 5273 2178 5353 Pauli,
2208 5286 2422 5362 atque.
2460 5280 2820 5344 Canonicas
2890 5284 3067 5362 quod
3127 5282 3382 5355 attinet,
3443 5282 3609 5344 divi-

285 5377 497 5439 siones
532 5361 867 5438 invaluere
897 5376 1066 5452 apud
1102 5376 1384 5451 Graecos,
1418 5395 1580 5456 quas
1612 5361 2387 5456 excogitavitEuthalius.
2426 5380 2616 5441 Hunc
2654 5361 3005 5441 Diaconum
3039 5387 3270 5441 vocant
3296 5378 3608 5459 frequen-

289 5474 423 5535 tius
480 5473 1363 5554 bibliographi:Sulcensem
1427 5476 1797 5555 episcopum
1883 5479 2269 5555 Zacagnius,
2325 5477 2670 5540 florentem
2707 5496 2880 5541 anno
2943 5479 3089 5548 458,
3130 5495 3266 5556 quo
3295 5478 3602 5539 versibus

288 5572 620 5653 Epistolas
653 5574 840 5640 Pauli
871 5573 1200 5636 distinxit.
1229 5575 1412 5637 Hanc
1445 5582 1716 5637 secutus
1749 5585 1845 5635 est
1899 5573 2296 5634 divisionem
2327 5576 2756 5636 (Ecumenius
2789 5576 2854 5638 in
2897 5575 3042 5639 suis
3069 5575 3601 5648 Commentariis,

287 5686 436 5751 quas
467 5669 539 5732 in
587 5663 795 5732 Ed'itis
828 5681 1077 5733 servata
1104 5679 1230 5733 est.
1297 5673 1480 5735 Hanc
1519 5673 1713 5733 etiam
1750 5679 2015 5732 secutus
2047 5670 2825 5754 fueritTheophylactus,
2887 5676 3000 5755 qui
3064 5684 3288 5754 postea
3352 5675 3602 5736 ﬂoruit.

289 5766 761 5830 Doctissimum
792 5769 1180 5848 Zacagnium
1231 5771 1501 5834 consule
1540 5770 1601 5830 in
1644 5768 2028 5830 Priefatione
2089 5771 2303 5833 citata.
2337 5774 2406 5833 Et
2442 5772 2577 5835 haec
2599 5772 2732 5852 jam
2801 5775 2959 5836 satis
3031 5773 3111 5835 de
3145 5773 3310 5834 Νονὶ
3374 5771 3604 5835 Testa-

295 5866 497 5928 menti
562 5865 787 5930 codice
823 5866 1246 5944 disseruisse,
1307 5885 1440 5948 quo
1476 5867 1647 5932 idem
1682 5867 2215 5947 archiepiscomis
2282 5869 2606 5952 Bulgaria:
2673 5869 3208 5951 Theopliylactus
3274 5869 3596 5932 utebatur.
