4262 6432
691 408 793 474 N7
1477 354 1483 364 '
1521 407 1749 470 BERN.
1794 408 2062 470 MARIIE
2105 406 2201 470 DE
2242 405 2531 468 RUBEIS
2570 405 3081 468 DISSERTA’I‘IO
3867 395 3976 460 128

2232 582 2441 644 XXVI.

1436 763 1526 824 De
1567 764 1790 823 Veneta
1826 780 2083 843 operum
2130 760 2585 840 Theophylacti
2620 727 2898 820 omnium
2943 755 3239 819 editione.

780 910 906 972 ιοιι.
957 911 1048 972 De
1089 910 1332 970 Veneta
1385 924 1658 988 cperum
1703 907 1994 969 omnium
2047 905 2364 978 editione,
2399 918 2546 983 qua
2589 899 2909 978 Bulgarus
2954 898 3488 976 archiepiscOpus
3526 891 3748 958 noster
3783 893 3974 957 lucu-

693 1012 909 1070 brasse
938 1003 1164 1076 fertur,
1201 1004 1454 1066 tametsi
1488 1021 1677 1066 curas
1710 1004 1787 1064 ad
1822 1019 1994 1064 meas
2031 1001 2303 1063 minime
2341 1001 2736 1080 pertinente,
2781 998 3096 1064 rationem
3127 995 3412 1074 aliquam
3449 1000 3778 1072 postremo
3824 993 3971 1052 loco

691 1117 760 1168 ut
809 1103 1017 1164 libens
1070 1102 1438 1178 lubensque
1473 1100 1761 1173 reddam,
1800 1096 2297 1160 Dissertationis
2348 1098 2510 1161 ordo
2547 1093 2869 1174 exposcit,
2908 1093 3257 1172 ipsiusque
3291 1089 3608 1154 editionis
3647 1088 3968 1152 conditio.

691 1202 1018 1263 Hactenus
1072 1198 1260 1276 plura
1297 1196 1750 1261 recensuimus
1801 1195 1944 1274 ejus
1987 1210 2208 1272 opera,
2268 1211 2416 1273 qua
2478 1192 2863 1272 prodierunt
2919 1191 2986 1251 in
3027 1191 3292 1252 lucem:
3338 1188 3557 1250 Grace
3621 1195 3686 1250 et
3745 1187 3973 1249 Latine

690 1296 954 1376 quidem
991 1293 1502 1357 Commentarios
1533 1293 1603 1352 in
1630 1302 1912 1372 quatuor
1939 1290 2311 1368 Evangelia,
2338 1300 2396 1350 et
2427 1292 2495 1349 in
2522 1289 2685 1350 Acta
2712 1286 3181 1368 apostolorum,
3209 1296 3267 1348 et
3293 1286 3362 1348 in
3386 1282 3718 1365 Epistolas
3749 1282 3973 1376 Pauli,

692 1375 982 1470 itemque
1015 1391 1273 1468 Regiam
1307 1389 1812 1462 lnstitutionem,
1833 1405 1906 1450 ac
1942 1386 2288 1448 Homiliam
2319 1388 2389 1447 in
2417 1386 2857 1448 adorationem
2880 1381 3260 1444 veneranda
3293 1382 3525 1450 crucis,
3552 1387 3613 1442 et
3637 1375 3976 1459 Epistolas

690 1492 908 1552 Grace
945 1487 1662 1566 Lugduni-Batavorum
1700 1502 1772 1547 ac
1807 1485 2033 1546 Latine
2069 1485 2132 1544 in
2166 1483 2590 1545 Bibliothecis
2627 1485 2884 1544 Patrum
2919 1499 2935 1542 :
2983 1481 3211 1543 Latine
3261 1487 3476 1542 autem
3532 1477 3973 1549 solummodo,

696 1584 1207 1644 Commentarios
1240 1585 1307 1643 in
1338 1593 1612 1662 quatuor
1634 1581 1978 1660 prophetas
2010 1582 2313 1655 minores,
2347 1587 2410 1642 et
2437 1579 2785 1642 Homiliam
2816 1578 2886 1638 in
2920 1577 3486 1639 Prasentationem
3512 1574 3790 1654 Virginis
3815 1573 3978 1635 Dei-

695 1697 866 1750 parae
898 1684 964 1740 in
996 1677 1254 1758 templo,
1301 1688 1368 1740 ut
1409 1687 1792 1740 memoratas
1838 1685 2214 1758 prateream
2256 1674 3233 1756 superioreselucubrationes,
3284 1689 3447 1755 quas
3501 1672 3694 1735 etiam
3750 1672 3978 1734 Latine

695 1784 942 1838 tantum
973 1777 1212 1854 sapius
1247 1773 1506 1853 repetiti
1543 1791 1925 1853 expressere
1959 1773 2121 1852 typi.
2167 1774 2490 1848 Quoniam
2520 1791 2677 1836 vero
2711 1773 2994 1836 diversis
3038 1776 3107 1835 in
3151 1772 3312 1834 locis
3348 1770 3764 1850 diversisque
3797 1767 3978 1849 typis

693 1890 765 1934 ac
795 1873 1041 1946 formis,
1079 1881 1141 1936 et
1175 1872 1522 1953 sejunctim
1578 1873 1780 1943 etiam.
1804 1872 1976 1934 edita
2004 1877 2158 1932 sunt
2191 1871 2326 1933 hac
2355 1887 2572 1948 Opera.
2605 1871 2846 1940 alicubi
2876 1871 3065 1951 juxta
3107 1868 3305 1950 primi
3339 1868 3720 1948 interpretis
3757 1873 3978 1928 trans-

701 1973 1034 2046 lationem,
1067 1972 1254 2051 juxta
1290 1971 1772 2050 recognitionos
1809 1970 2204 2048 posteriores
2237 1969 2834 2049 castigationesque
2868 1968 3063 2043 alibi;
3115 1983 3428 2048 perquam
3471 1964 3736 2028 diﬂicile
3775 1963 3983 2026 mole-

696 2078 1005 2147 stumque
1047 2069 1376 2147 negotium
1417 2076 1556 2131 erat
1585 2067 2132 2130 bibliothecarum
2186 2065 2690 2128 instructoribus
2750 2065 3135 2144 caterisque
3192 2065 3309 2142 qui
3362 2063 3566 2125 libros
3633 2059 3979 2140 colligunt,

696 2167 931 2226 eadem
954 2182 1352 2244 comparare,
1407 2165 1556 2227 licet
1610 2181 1788 2238 cusa,
1842 2172 1904 2226 et
1963 2163 2328 2245 possidere.
2363 2164 2512 2224 Hac
2566 2162 2766 2225 simul
2828 2162 3098 2225 collecta
3149 2168 3407 2242 prastat
3452 2159 3672 2222 omnia
3728 2160 3984 2221 Veneta

693 2263 927 2337 editio;
974 2271 1037 2325 et
1075 2263 1271 2324 hocce
1316 2262 1627 2341 primum,
1673 2278 1887 2342 neque
1928 2260 2281 2336 modicum,
2317 2261 2600 2339 pretium
2632 2259 2800 2339 ejus.

777 2385 1064 2447 Pretium
1099 2400 1291 2464 quam
1321 2383 1608 2446 maxime
1646 2391 1887 2461 augent
1935 2398 2064 2444 non
2097 2398 2325 2462 pauca,
2361 2400 2516 2446 sane
2551 2382 2851 2464 praclara
2899 2389 2959 2444 et
3020 2382 3456 2460 optatissime,
3501 2379 3977 2462 TheOphylacti

697 2491 1139 2554 monumenta,
1181 2481 1422 2558 scripto
1455 2479 1704 2554 relicta,
1737 2496 1885 2557 qua
1914 2496 2087 2541 nunc
2125 2479 2433 2557 primum,
2467 2487 2578 2543 aut
2609 2481 2826 2542 Grace
2862 2486 2927 2539 et
2971 2478 3213 2551 Latine,
3249 2486 3360 2540 aut
3393 2479 3611 2540 Grace
3650 2475 3875 2538 saltem
3914 2476 3984 2538 in

701 2579 912 2639 lucem
957 2579 1301 2654 prodeunt.
1333 2577 1618 2638 Primum
1654 2581 1773 2645 est,
1810 2575 1987 2654 quod
2027 2574 2163 2652 ipse
2197 2576 2632 2650 concinnavit,
2669 2594 2834 2653 opus
2875 2578 2944 2637 in
2967 2577 3298 2656 Epistolas
3330 2575 3986 2648 canonicas,textmu

698 2676 1158 2752 suppeditante
1197 2671 2028 2737 Casareo-Vindobonensi
2064 2672 2311 2734 codice.
2352 2674 2561 2735 Codex
2620 2673 3459 2737 Bavarico—Monachiensis
3508 2690 3676 2752 opus
3709 2674 3986 2736 alterum

699 2770 953 2842 obtulit,
991 2773 1159 2848 quod
1192 2779 1289 2832 est
1331 2773 1576 2850 integra
1609 2771 1676 2830 in
1716 2767 2044 2830 duodecim
2071 2771 2418 2848 prophetas
2468 2768 2745 2828 minores
2779 2768 3155 2846 Expositio,
3209 2768 3524 2847 promissa
3581 2783 3710 2829 non
3742 2768 3974 2838 semel,

699 2869 816 2928 diu
856 2869 1140 2945 expetita
1177 2867 1379 2928 irritis
1411 2867 1581 2928 votis
1652 2883 1826 2926 nunc
1859 2865 2122 2926 demum
2164 2865 2335 2944 typis
2371 2865 2612 2927 nostris
2645 2882 2911 2937 excusa,
2939 2882 3086 2927 cum
3118 2866 3369 2926 Veneto
3408 2863 3736 2927 Marciano
3758 2863 3986 2926 codice

703 2980 831 3026 non
875 2966 1017 3025 sine
1051 2964 1496 3026 emolumento
1544 2960 1797 3024 collata.
1850 2962 2102 3038 [LXIII]
2149 2964 2528 3039 Fragmenta
2567 2978 2766 3040 pauca
2803 2962 3114 3040 Epistola:
3143 2959 3225 3021 ad
3257 2960 3591 3024 Nicolaum
3645 2959 3988 3022 diaconum

701 3072 758 3121 et
790 3061 1591 3139 canstrisiumlcgebantur
1621 3060 1788 3120 inter
1814 3061 2122 3120 Demetrii
2159 3059 2563 3132 Chomateni,
2597 3059 2918 3135 Bulgaria
2945 3059 3451 3136 archiepiscopi,
3493 3056 3989 3138 Responsiones

704 3159 870 3235 apud
903 3157 1365 3220 Leunclavium
1390 3157 1459 3217 in
1494 3158 1652 3218 Jure
1682 3156 2212 3217 Gnaeo-Romano
2240 3177 2260 3217 :
2282 3173 2609 3234 nemoque
2637 3156 3048 3219 eruditorum
3085 3173 3215 3219 non
3243 3156 3670 3220 vehementer
3700 3155 3986 3236 Optabat,

703 3261 774 3316 ut
813 3255 1057 3333 integra
1089 3253 1334 3316 alicubi
1369 3253 1812 3334 repertajuris
1845 3251 2204 3332 aliquando
2237 3253 2481 3334 publici
2517 3253 2720 3316 ﬁeret.
2755 3254 2937 3316 Votis
2970 3253 3275 3316 omnium
3303 3255 3459 3315 satis
3500 3255 3566 3316 in
3598 3253 3716 3316 hac
3748 3255 3991 3316 editio-

707 3350 886 3414 tione
945 3353 1188 3413 Veneta
1242 3351 1506 3425 factum,
1572 3367 1719 3430 qua
1786 3349 2147 3430 perfectum
2199 3350 2729 3430 completnmque
2777 3349 3177 3429 opusculum
3244 3351 3509 3429 insigne
3562 3358 3842 3430 prastat,
3907 3369 3991 3412 ex

705 3448 928 3509 codice
1005 3448 1828 3510 casareo~Vindobonensi
1889 3455 2222 3527 sumptum
2261 3469 2277 3508 :
2315 3464 2396 3510 ex
2451 3464 2583 3527 quo
2645 3447 2796 3509 licet
2859 3447 3052 3510 etiam
3115 3448 3449 3513 addiscere
3517 3447 3992 3527 TheOphylucti

703 3544 1041 3621 Opuscula,
1090 3562 1234 3624 qua
1269 3544 1469 3606 veluti
1507 3544 1679 3605 varie
1721 3561 1794 3606 ac
1824 3543 2081 3605 diversa
2122 3543 2696 3623 distinguebantur
2726 3545 2900 3623 apud
2954 3544 3476 3625 bibliographos,
3515 3545 3676 3606 nihil
3712 3545 3986 3607 omnino

703 3640 783 3702 ab
815 3658 939 3703 una
965 3640 1077 3702 illa
1121 3641 1399 3719 epistola
1433 3641 1724 3715 diﬂ'erre,
1755 3657 1948 3721 quam
1982 3642 2058 3703 ad
2087 3640 2417 3703 laudatum
2447 3641 2787 3704 Nicolaum
2821 3642 3171 3706 diaconum
3206 3651 3267 3704 et
3299 3630 3716 3704 canstrisium
3751 3642 3993 3703 inscri-

706 3745 872 3817 ptam
919 3755 1333 3800 noveramus.
1364 3733 1744 3800 Recensitas
1784 3740 1911 3800 sub
1947 3739 2215 3800 nomine
2247 3738 2716 3819 TheOphylacti
2749 3740 2923 3818 apud
2974 3741 3239 3806 eosdem
3275 3738 3763 3818 bibliographos
3813 3737 3994 3818 lege-

703 3835 931 3898 bamus
971 3837 1283 3898 Homilias
1316 3834 1611 3897 undecim
1667 3837 1736 3897 in
1786 3834 2046 3897 totidem
2117 3837 2443 3915 evangelia
2493 3837 3009 3898 Resurrectionis
3069 3836 3408 3896 matutina.
3441 3834 3616 3912 Quid
3663 3837 3859 3898 vero?
3895 3837 3990 3904 Ex

701 3933 924 3995 codice
993 3933 1821 3996 Casareo-Vindobonensi
1878 3935 2278 4013 transcripta
2328 3950 2472 3995 cum
2532 3934 2846 3996 attentius
2914 3934 3488 4012 expenderentur,
3545 3933 3875 3996 sententia
3931 3941 3996 4001 et

703 4030 918 4091 varbis
952 4042 1224 4109 reperta
1255 4039 1407 4092 sunt
1437 4034 1679 4093 eadem
1721 4048 1990 4109 prorsus
2024 4049 2170 4093 cum
2205 4031 2415 4112 ipsius
2458 4032 2928 4112 Tlieopliylacti
2968 4032 3468 4096 Commentariis
3500 4050 3698 4111 super
3740 4033 3993 4094 eisdem

704 4127 1088 4207 evangeliis,
1129 4129 1493 4190 undecima
1554 4128 1843 4191 humilia
1905 4136 2229 4206 postrema
2297 4135 2472 4207 parte
2540 4137 2831 4207 excepta,
2917 4145 3110 4208 quam
3192 4128 3523 4207 praestabit
3597 4128 3802 4194 editio
3860 4130 3992 4191 Vc-

705 4235 871 4287 neta.
911 4226 1120 4306 Hujus
1159 4228 1349 4286 etiam
1382 4225 1721 4298 beneficio,
1756 4225 1945 4288 obvia
1972 4226 2320 4288 lectoribus
2347 4226 2781 4304 impasterum
2815 4226 2937 4286 erit
2970 4223 3196 4298 Oratio
3251 4226 3644 4304 panegyrica
3701 4225 3785 4285 ad
3844 4226 3995 4288 Ale-

702 4323 883 4382 :rt'um
953 4322 1360 4395 Conmenum,
1422 4333 1562 4400 post
1628 4323 1872 4384 bellum
1930 4324 2302 4404 Scythicum
2363 4321 2664 4399 pluribus
2729 4322 2946 4385 relatis
3002 4322 3291 4384 victoriis
3349 4322 3853 4397 confectum,ab
3885 4341 4002 4385 eoo

703 4418 848 4478 dem
903 4419 1390 4499 Theophylacto
1453 4419 1852 4495 elucubrata,
1901 4435 1980 4482 ex
2037 4422 2260 4482 codice
2313 4420 3107 4483 Bavarico-‘Monachiensi
3142 4429 3366 4482 eruta:
3432 4438 3504 4483 ac
3554 4421 3741 4483 obvia
3802 4431 3999 4483 erunt

706 4515 1024 4588 Carmina,
1057 4535 1201 4593 qua
1222 4518 1458 4579 cecinit
1484 4518 1644 4596 ipse,
1671 4517 1739 4578 in
1770 4518 2107 4580 codicibus
2134 4518 2355 4598 Regiis
2386 4518 2893 4589 Parisiensibus,
2925 4525 2992 4578 ut
3017 4517 3246 4592 fertur,
3278 4526 3628 4589 asservata,
3655 4535 3733 4579 ex
3766 4518 3997 4598 eisque

709 4631 820 4690 pro
846 4630 942 4685 ea,
970 4631 1115 4692 qua
1146 4631 1395 4674 summa
1422 4614 1562 4675 sine
1603 4614 1806 4675 dubio
1829 4615 2176 4676 adhibetur
2199 4617 2562 4695 diligentia,
2595 4617 2674 4678 ad
2703 4618 2968 4678 Veneta
2993 4617 3270 4697 hujusce
3299 4617 3614 4693 editionis
3641 4635 3997 4680 ornamen-

705 4719 840 4770 tum
867 4710 1328 4787 depromenda.
1355 4712 1512 4771 Cum
1548 4719 1723 4772 textu
1759 4711 1980 4772 Graco
2021 4720 2404 4790 tot0perum,
2438 4713 2932 4794 Tlieophylacli,
2964 4732 3108 4794 qua
3139 4717 3642 4777 memoravimus
3669 4716 3731 4776 in
3769 4715 3999 4785 biblio-

704 4807 906 4867 thecis
940 4807 1246 4869 hactenus
1271 4806 1952 4878 delitescentia,simul
1981 4809 2331 4887 prodibunt
2358 4812 2596 4884 Latina
2620 4810 3195 4888 interpretationes
3216 4858 3230 4883 ,
3255 4811 3599 4872 attentiore
3624 4812 3846 4873 studio
3881 4813 3998 4876 abs

703 4904 863 4964 viris
907 4905 1320 4984 peritissimis
1353 4903 1658 4968 confecta
1699 4926 1713 4966 :
1764 4913 1825 4968 et
1872 4906 2006 4968 vice
2053 4924 2234 4968 versa
2277 4908 2522 4970 Latina
2562 4909 2972 4971 translationi
3004 4909 3303 4971 Homiliw
3333 4910 3400 4969 in
3431 4909 4000 4970 Prwsentationem

707 5005 994 5083 Deipara
1031 5005 1337 5084 Virginis,
1383 5020 1418 5065 a
1464 5004 1808 5066 Francisco
1843 5005 2228 5069 Combefisio
2263 5006 2609 5077 adornata,
2645 5007 2935 5086 adjectus
2988 5005 3275 5084 prodibit
3328 5008 3591 5069 Gracus
3642 5013 3858 5068 textus
3919 5027 4000 5069 ex

705 5104 904 5180 Regio
935 5103 1154 5164 codice
1193 5103 1567 5175 Parisiensi,
1607 5119 1768 5165 nova
1801 5103 1951 5163 item
2002 5104 2145 5164 sine
2178 5103 2381 5166 dubio
2419 5104 2710 5166 nitidiori
2763 5107 3110 5167 accedente
3154 5107 3375 5166 Latina
3423 5104 3993 5184 interpretatione.

786 5204 934 5263 Hac
981 5209 1130 5262 sunt
1168 5202 1487 5278 praecipua
1531 5203 1795 5263 Veneta
1826 5201 2164 5274 editionis,
2220 5210 2312 5264 tot
2365 5203 2700 5283 tantisque
2733 5203 3229 5266 accessionibus
3263 5202 3702 5282 locupletata,
3739 5203 3999 5266 emolu-

709 5311 918 5362 menta
951 5309 1011 5362 et
1046 5309 1441 5362 ornamenta.
1480 5299 1628 5362 Hac
1671 5318 1824 5363 vero
1865 5317 2246 5378 promovere
2289 5301 2530 5372 omnia,
2581 5300 2978 5380 felicemque
3022 5302 3087 5362 in
3141 5301 3392 5363 exitum
3427 5301 3784 5374 deducere,
3820 5320 3999 5364 unus

707 5400 908 5460 valuit
944 5401 1325 5460 Franciseus
1375 5400 1718 5472 Foscarus,
1753 5399 2062 5475 patricius
2109 5399 2419 5472 Venetus,
2479 5399 2931 5477 amplissimus
2999 5407 3286 5474 senator,
3349 5399 3628 5477 publicis
3696 5400 3999 5461 consiliis

708 5499 1017 5573 regundis
1049 5497 1289 5564 sexuir.
1328 5496 1688 5557 litterarum
1725 5496 1959 5565 cultor,
1997 5513 2068 5556 ac
2106 5503 2416 5573 patronus
2450 5499 2564 5578 qui
2596 5515 2734 5558 sua
2768 5498 3120 5575 splendore
3159 5498 3548 5571 nobilitatis,
3583 5514 3654 5558 ac
3687 5498 3997 5575 plurima,

710 5611 832 5673 qua
867 5593 1040 5654 rlnmi
1079 5593 1377 5673 forisque
1430 5594 1809 5654 auctoritate
1847 5594 2072 5671 pollet,
2133 5592 2194 5652 id
2241 5592 2545 5657 facillime
2606 5597 2876 5676 assequi
2949 5599 3181 5675 potuit,
3234 5604 3306 5658 ut
3361 5595 3619 5658 codices
3679 5595 3997 5670 Vaticani,

712 5692 1610 5760 Caesareo—Vindobouenses,
1666 5691 2069 5753 Parisienses
2127 5691 2309 5769 Regii
2344 5734 2369 5766 ,ι
2417 5702 2478 5754 et
2534 5695 3427 5769 Bavarico-Monachienses,
3495 5711 3575 5755 ne
3637 5695 3998 5756 Marcianus

711 5790 992 5851 Venetos
1027 5807 1375 5851 memorem
1435 5807 1505 5851 ac
1557 5791 1934 5852 Patavinum
1975 5790 2217 5851 Sancta
2276 5791 2576 5868 Iustina,
2635 5793 3023 5872 diligentius
3094 5794 3532 5855 lustrarentur
3585 5814 3602 5854 :
3657 5793 3713 5854 si
3771 5811 4002 5874 quave

709 5887 1024 5967 Bulgnzim
1086 5888 1552 5967 archiepiscopi
1623 5885 2084 5969 'I‘liCerliylacti
2149 5896 2475 5951 exstarent
2554 5907 2787 5968 opera,
2852 5909 2883 5954 a
2952 5891 3179 5970 peritis
3244 5891 3624 5970 transcripta
3687 5890 3934 5955 libr“:i
