4262 6432
358 326 468 395 129
1188 323 1285 385 DE
1325 320 1913 384 THEOPHYLACTI
1960 321 2239 383 GESTIS
2279 321 2378 384 ET
2416 322 2792 385 SCRIPTIS.
3546 321 3681 397 ,130

357 434 668 496 \‘enetias
704 433 1077 493 transmissa
1130 448 1201 493 ac
1231 431 1580 492 Latinitate
1612 430 1873 502 donata,
1914 430 2136 492 Graece
2188 429 2449 492 tandem
2511 436 2574 491 et
2616 430 2845 491 Latine
2887 428 3187 492 viderent
3220 429 3464 495 lucem.
3506 435 3669 498 Viro

351 546 635 603 summo,
670 530 783 608 qui
834 527 1265 590 litteratorqu
1306 527 1561 590 nationi
1599 534 1727 589 tam
1756 528 1973 605 ampla
2004 526 2322 589 beneficia
2356 526 2713 606 impendit,
2754 526 2996 606 gratias
3051 543 3244 606 agere
3279 545 3464 606 pares
3516 531 3669 610 quis
3772 573 3786 585 .

358 624 623 688 valeat?

435 725 792 788 Nuni'vero
822 742 1015 805 opera
1080 725 1193 788 illa
1224 723 1721 805 TheOphylacti',
1763 739 1912 803 quas
1941 723 2073 803 jam
2104 720 2302 795 edita,
2348 719 2490 781 sive
2532 722 2752 784 Greece
2806 727 2868 783 et
2927 721 3179 791 Latine,
3239 721 3383 784 sive
3441 722 3665 785 Latine

352 830 630 895 tantum,
677 840 856 885 nunc
897 822 1071 902 typis
1106 823 1374 885 Venetis
1424 822 1858 895 recuduntur,
1898 822 2216 899 prodeant
2250 817 2704 880 accuratiore?
2739 818 3206 879 Perfectiorem
3249 819 3393 880 sine
3435 820 3640 881 dubio

347 920 491 981 sive
527 926 775 981 textum
815 919 1113 981 Graecum
1164 926 1444 998 spectes,
1480 920 1622 981 sive
1672 917 1965 980 Latinam
2005 916 2409 987 versionem,
2449 907 2595 975 fieri
2647 915 3010 976 editionem
3072 933 3290 993 posse,
3326 916 3451 977 viri
3488 918 3671 995 peri-

348 1015 595 1077 tissimi
654 1016 1268 1087 animadverterunt
1326 1036 1341 1076 :
1403 1014 2025 1077 Graecis-nimirum
2100 1010 2480 1084 codicibus,
2530 1011 2647 1090 qui
2693 1022 3042 1073 servantur
3103 1012 3167 1072 in
3223 1012 3664 1083 bibliothecis,

344 1113 742 1193 diligentius
774 1112 1030 1175 collatis
1072 1134 1087 1175 :
1122 1130 1193 1175 ac
1236 1114 1541 1176 versione
1578 1113 1804 1175 Latina
1836 1120 1973 1174 tum
2016 1108 2324 1181 nitidius,
2360 1116 2497 1168 tum
2548 1108 2919 1169 accuratius
2954 1108 3031 1169 ad
3064 1109 3427 1170 veritatem
3481 1112 3663 1171 Grie-

344 1226 576 1272 corum
622 1226 953 1289 expressa.
1012 1209 1535 1293 (Ecolampadius
1569 1208 1794 1272 codice
1843 1208 2038 1270 unice
2073 1205 2280 1268 unico
2320 1204 2543 1266 Graeco
2601 1220 2765 1265 usus
2822 1212 2947 1278 est,
3009 1202 3243 1282 utique
3302 1204 3536 1267 mutilo
3596 1207 3662 1267 in

345 1306 840 1369 Commentariis
882 1305 1411 1386 Evangeliorum,
1449 1323 1569 1369 nec
1616 1306 1819 1368 alium
1862 1304 1992 1366 nisi
2042 1306 2410 1365 Romanum
2446 1301 2610 1363 vidit
2646 1300 2991 1380 Philippus
3032 1303 3381 1363 Montanus
3426 1307 3656 1382 utique

341 1404 855 1485 imperfectum:
900 1405 1257 1484 Latineque
1322 1404 1858 1484 interpretatione
1898 1402 1977 1465 ab
2010 1420 2087 1463 eo
2142 1403 2422 1479 primum
2474 1396 2799 1471 confecta,
2851 1415 2923 1459 ac
2982 1398 3080 1458 bis
3144 1399 3336 1459 etiam
3397 1400 3475 1461 ab
3540 1400 3664 1461 isto

344 1502 708 1582 recognita,
745 1501 1089 1565 meliorem
1126 1510 1351 1579 eptant
1381 1503 1504 1564 viri
1544 1502 1737 1565 docti.
1766 1503 1933 1564 Num
1986 1498 2191 1561 studii
2231 1496 2592 1577 praestitum
2626 1495 2881 1574 aliquid
2944 1497 3009 1555 in
3051 1499 3293 1556 Veneta
3345 1497 3662 1565 editione,

342 1600 535 1677 quod.
558 1599 813 1678 priores
853 1599 1137 1661 maculas
1173 1596 1468 1661 eluerit?
1497 1599 1685 1674 Quod
1727 1613 1849 1676 ego
1908 1596 2089 1668 novi,
2131 1594 2356 1672 paucis
2414 1593 2661 1670 accipe.
2716 1594 2997 1654 Textuiu
3048 1594 3445 1668 Romanum,
3492 1596 3664 1671 prio-

346 1712 621 1776 remque
672 1695 968 1758 Latinam
1036 1695 1646 1774 interpretationem
1688 1696 1927 1756 iterum
1988 1694 2220 1755 excudi
2271 1691 2457 1771 juxta
2526 1690 2934 1752 Parisienses
3001 1703 3243 1770 typos:
3284 1693 3359 1753 ad
3423 1693 3663 1754 calcem

341 1793 505 1853 tomi
559 1793 881 1855 variantes
928 1808 1059 1855 non
1107 1810 1346 1873 paucas
1380 1792 1706 1872 conjectas
1739 1808 1888 1853 esse
1923 1790 2269 1870 lectiones,
2299 1804 2448 1868 quas
2480 1805 2561 1849 ex
2612 1787 2959 1849 Marcianis
3000 1789 3265 1849 Venetis
3321 1790 3662 1852 codicibus

343 1889 750 1968 depromptae
781 1898 937 1951 sunt
966 1910 982 1951 :
1011 1890 1352 1969 suppletas
1379 1887 1577 1952 etiam
1603 1888 1669 1949 in
1700 1888 1926 1950 Latina
1956 1889 2258 1949 versione
2284 1884 2579 1964 plurium
2617 1900 2846 1946 vocum
2883 1884 3308 1960 emissiones,
3338 1888 3662 1949 dictiones

342 1984 509 2046 alios
542 1988 621 2047 ad
655 1984 1031 2049 Graecorum
1070 1986 1408 2048 veritatem
1447 1986 1761 2059 redartas,
1806 1986 2231 2064 integrasque
2287 1982 2594 2061 periodos
2636 1998 2765 2043 non
2811 1999 2954 2043 raro
2991 1983 3343 2045 nitidiores
3405 1984 3662 2045 substi-

346 2087 548 2142 tutas.
584 2083 898 2161 Exempla
953 2082 1274 2145 nonnulla
1318 2081 1617 2144 inferiori
1659 2091 1950 2162 prostant
1984 2079 2053 2142 in
2089 2079 2410 2157 margine,
2448 2080 2595 2156 quae
2630 2078 2919 2141 indicant
2955 2098 3081 2141 non
3121 2093 3246 2143 tam
3286 2082 3661 2143 versionem

346 2177 554 2252 illam,
593 2180 705 2241 ubi
760 2196 929 2259 epus
964 2189 1122 2253 erat,
1157 2180 1531 2261 castigatam
1587 2188 2105 2258 correctamque,
2159 2193 2352 2257 quam
2400 2175 2618 2255 potius
2659 2170 3142 2239 emendatio’nis
3185 2196 3335 2259 quae
3371 2180 3663 2242 curanda

342 2272 540 2350 foret,
579 2275 821 2354 passim
872 2276 1193 2356 indigam.

429 2374 842 2437 Ferebantur
878 2373 1346 2437 Commentarii
1382 2376 1450 2436 in
1486 2374 1819 2457 Epistolas
1848 2377 2061 2437 sancti
2101 2374 2316 2447 Pauli,
2350 2391 2497 2435 cum
2531 2373 2756 2436 Latina
2795 2374 3049 2454 duplici
3088 2376 3422 2451 versione,
3460 2377 3661 2439 altera

345 2469 804 2549 (ὶὶιτὶδῑορὶιοτὶ
837 2474 1142 2535 Perseum
1167 2475 1670 2553 paraphraslica
1699 2494 1771 2535 ac
1811 2475 2080 2534 nimium
2124 2471 2352 2543 libera,
2390 2470 2664 2533 Joannis
2700 2472 3004 2534 Loniceri
3038 2474 3237 2535 altera
3271 2472 3658 2550 slihalmatis

346 2568 597 2646 passim
628 2577 943 2642 scatente,
1000 2577 1063 2632 et
1101 2570 1349 2633 alicubi
1408 2570 1755 2634 tolerabili.
1794 2573 1911 2633 llla
1959 2569 2417 2650 praetermissa,
2477 2568 2911 2647 posteriorem
2978 2571 3383 2648 recognovit,
3440 2571 3661 2632 5|“ch

345 2672 557 2738 textu,
619 2666 735 2744 qui
796 2665 1005 2727 fuerat
1068 2665 1226 2728 olim
1288 2668 1565 2741 Erasuii,
1622 2676 1884 2746 reperto
1946 2684 2399 2747 expensoque,
2467 2666 2814 2744 Philippus
2850 2668 3103 2745 [LXIV]
3158 2670 3511 2730 Montanus
3548 2691 3562 2729 :
3599 2677 3660 2731 et

348 2758 518 2822 hanc
552 2763 906 2840 postremis
940 2762 1118 2825 curis
1150 2765 1561 2827 emendatam
1618 2764 1949 2843 protulere
1984 2766 2050 2826 in
2097 2768 2307 2827 lucem
2348 2764 2813 2828 Londinenses
2862 2764 3178 2833 editores,
3222 2774 3403 2828 textu
3436 2768 3659 2829 ϐίωρο

349 2856 608 2935 adjecto
645 2875 723 2919 ex
758 2860 985 2922 codice
1037 2858 1543 2936 Arundeliiano,
1577 2878 1725 2922 cum
1758 2862 1933 2924 binis
1978 2861 2125 2924 aliis
2184 2860 2684 2933 Oxoniensibus
2742 2860 2999 2922 collato.
3062 2863 3245 2923 Hanc
3297 2863 3657 2925 editionem

348 2954 591 3017 iterum
624 2957 998 3036 expriment
1045 2958 1184 3037 typi
1230 2959 1495 3034 Veneti,
1548 2961 1795 3040 quibus
1840 2960 2105 3022 additur
2141 2958 2446 3021 collectio
2510 2957 2906 3020 variantium
2967 2958 3349 3034 lectionum,
3411 2963 3658 3022 Veneto

344 3053 679 3116 Marciano
709 3054 933 3118 codice
984 3072 1097 3117 eas
1142 3056 1638 3137 suppeditante.
1683 3060 1750 3120 ln
1801 3058 2027 3134 Latina
2056 3057 2516 3138 Ea‘posilionis
2550 3058 2618 3117 in
2652 3058 2815 3118 Acta
2845 3058 3288 3134 apostolorum
3329 3060 3658 3136 interpre-

344 3151 616 3224 tatione,
653 3169 849 3233 quam
886 3151 1174 3215 Sifanius
1209 3154 1520 3230 confecit,
1555 3171 1724 3217 nova
1774 3156 1989 3235 ipsius
2022 3156 2307 3218 occurrit
2360 3156 2578 3217 versio
2610 3156 2777 3217 sacri
2815 3164 3055 3225 textus.
3103 3157 3293 3236 longe
3342 3157 3656 3218 dill‘erens

342 3262 381 3310 α
429 3248 731 3329 Vulgata,
768 3266 897 3329 qua
939 3249 1178 3329 passim
1215 3252 1424 3314 utitur
1471 3251 1765 3314 Ecclesia
1803 3270 1816 3313 :
1857 3252 2177 3335 variaeque
2211 3262 2565 3316 occurrunt
2629 3252 2975 3325 lectiones,
3011 3272 3159 3335 quae
3192 3266 3467 3333 sumptm
3504 3263 3658 3316 sunt

344 3362 425 3408 ex
460 3346 754 3416 Erasmo,
792 3348 1171 3411 Sebastiano
1211 3349 1607 3423 Castalione,
1644 3358 1706 3411 et
1737 3349 2082 3413 Theodoro
2113 3354 2295 3424 Beza,
2327 3352 2655 3430 suSpectis
2688 3351 3074 3413 hominibus
3103 3368 3175 3413 ac
3208 3352 3658 3415 heterodoxis.

342 3443 522 3506 Sacri
555 3452 771 3506 textus
803 3446 1314 3526 Evangeliorum
1351 3447 1926 3527 OEcolampadius,
1985 3458 2048 3511 et
2104 3448 2542 3528 Epistolarum
2596 3450 2804 3510 sancti
2861 3449 3043 3511 Pauli
3087 3448 3476 3520 Lonicerus,
3517 3468 3661 3513 ver-

342 3541 572 3603 siones
607 3542 974 3621 proferunt,
1009 3562 1174 3626 quas
1200 3547 1331 3623 ipsi
1364 3547 1583 3608 Graeco
1617 3547 1824 3609 textui
1858 3546 2337 3609 conformiores
2377 3555 2715 3625 putarunt,
2741 3546 2854 3625 sed
2892 3564 2925 3607 a
2966 3546 3239 3627 Vulgata
3273 3554 3491 3608 nostra
3529 3565 3657 3609 non

344 3639 630 3701 multum
664 3640 1006 3704 abeuntes.
1048 3644 1271 3706 Priore
1304 3642 1373 3705 in
1428 3644 1572 3706 loco
1606 3660 1677 3706 ea
1740 3661 1897 3707 usus
1938 3654 2036 3707 est
2079 3661 2195 3705 sua
2247 3645 2317 3705 in
2367 3642 2849 3721 Recognitione
2906 3642 3251 3723 Philippus
3304 3646 3657 3707 Montanus

345 3738 713 3816 evangelici
754 3747 971 3800 textus
1014 3739 1352 3809 versione,
1389 3756 1585 3820 quam
1629 3742 1877 3819 reperit
1915 3758 1928 3801 :
1970 3740 2313 3820 alteroque
2379 3742 2447 3802 in
2512 3741 2657 3802 loco
2717 3741 3055 3818 vulgarem
3099 3742 3360 3803 Paulini
3410 3752 3655 3813 textus,

344 3831 416 3894 in
453 3833 744 3897 Ecclesia
783 3837 1110 3898 Catholica
1153 3837 1539 3912 adhibitam,
1572 3838 1921 3901 substituit
1952 3855 2024 3900 ac
2058 3837 2362 3912 retinuit,
2405 3836 2536 3900 nisi
2571 3836 2769 3900 sicuti
2811 3837 3292 3919 TheOphylacti
3330 3838 3657 3919 interpre-

343 3930 507 3992 tatio
546 3930 722 3992 illam
762 3932 1109 3995 immutare
1156 3936 1469 4013 coegerit.
1501 3936 1744 3999 Eorum
1796 3938 2131 4019 negotium
2176 3936 2323 4009 erit,
2356 3936 2471 4015 qui
2514 3935 2827 3997 Venetam
2886 3937 3254 3999 editionem
3296 3946 3550 4011 curant,
3591 3944 3661 3997 ut

345 4023 417 4085 in
488 4026 789 4104 praedicta
834 4028 1144 4090 Ac’torum
1183 4029 1628 4110 apostolorum
1678 4051 1845 4098 nova
1885 4034 2212 4109 versione,
2247 4034 2302 4096 si
2332 4034 2493 4115 quid
2532 4040 2632 4097 est
2670 4032 3091 4110 offensionis,
3145 4033 3458 4115 abjiciant
3496 4056 3514 4098 :
3547 4045 3657 4097 aut

345 4119 634 4202 Philippi
678 4124 998 4200 Montani,
1035 4126 1168 4187 imo
1219 4129 1409 4189 etiam
1463 4130 1791 4193 editorum
1854 4131 2378 4194 Londinensium
2442 4128 2799 4193 consilium
2869 4140 3249 4211 sequentes,
3310 4132 3656 4212 Vulgatam

340 4218 774 4296 substituant,
823 4222 981 4283 locis
1016 4224 1333 4304 exceptis,
1380 4224 1493 4286 ubi
1538 4245 1681 4290 eam
1722 4229 2056 4292 immutari
2098 4227 2569 4316 TheOphylacti
2628 4229 3089 4307 interpretatio
3122 4238 3463 4309 exposcat.

431 4317 884 4394 Epistolarum
925 4321 1189 4384 demum
1231 4339 1393 4402 quas
1434 4324 1748 4403 plurimas
1776 4326 2314 4407 archiepisc0pus
2346 4324 2672 4404 Bulgarim
2696 4324 2987 4405 scripsit,
3016 4326 3281 4388 Graecus
3316 4336 3559 4402 textus,
3587 4343 3660 4388 ac

346 4414 576 4477 Latina
616 4415 952 4478 Vincentii
989 4418 1326 4481 Marinerii
1377 4424 1621 4499 versio,
1669 4423 2016 4504 sejunctim
2065 4425 2379 4485 hactenus
2422 4422 2849 4502 prodierunt;
2914 4424 3031 4487 sed
3090 4422 3280 4497 hanc,
3344 4436 3407 4488 et
3469 4424 3657 4487 illum

345 4511 748 4592 conjunctiui
784 4514 1116 4591 praestabit
1162 4518 1416 4579 Veneta
1454 4519 1687 4582 editio.
1740 4522 2173 4585 Doctissimos
2234 4520 2408 4584 viros
2461 4521 2797 4597 novimus,
2852 4524 2970 4604 qui
3022 4524 3398 4587 versionem
3464 4523 3656 4598 hanc,

346 4626 471 4671 ceu
505 4627 725 4671 minus
762 4621 1063 4675 accurate
1096 4612 1486 4690 confectam,
1514 4618 1878 4699 erratisque
1926 4628 2278 4682 scatentem
2328 4617 2557 4681 dolent
2610 4642 2625 4681 :
2669 4635 2927 4699 nosque
2974 4623 3297 4685 nonnulla
3357 4621 3660 4701 exempla

345 4704 654 4768 dedimus
690 4724 873 4770 num.
908 4706 987 4769 25
1019 4718 1081 4771 et
1114 4710 1304 4788 alibi;
1339 4715 1451 4776 sed
1491 4717 1723 4778 Veneti
1757 4717 2045 4779 editores
2096 4714 2263 4779 hanc
2314 4732 2583 4796 quoque
2636 4725 2919 4797 spartam
2975 4718 3411 4781 adornabant.
3462 4719 3655 4782 Plura

344 4803 569 4883 itaque
624 4816 779 4867 sunt
812 4823 959 4887 qum
1000 4808 1314 4872 Venetam
1352 4809 1519 4874 hanc
1551 4814 1915 4876 editionem
1948 4814 2228 4876 maxime
2259 4814 2722 4877 commendant
2753 4837 2771 4878 :
2800 4823 2939 4879 tum
2968 4816 3219 4880 inedita
3251 4834 3382 4882 non
3424 4835 3653 4897 pauca.

343 4915 491 4980 qure
524 4917 701 4964 nunc
751 4902 820 4965 in
860 4903 1070 4966 lucem
1110 4908 1971 4989 prode'unt,"l‘heophylacti
2002 4927 2232 4991 Opera;
2276 4920 2416 4973 tum
2454 4910 2601 4990 ejus
2661 4910 3154 4976 lucubrationes
3204 4929 3462 4989 omnes,
3509 4931 3659 4994 quae

346 5014 497 5059 cum
530 4998 847 5063 hactenus
881 5003 1079 5064 variis
1119 5022 1294 5068 cusm
1324 5006 1500 5087 typis
1530 5024 1603 5070 ac
1653 5008 1973 5087 disperses
2024 5008 2304 5084 abirent,
2370 5026 2549 5071 nunc
2604 5009 2807 5073 simul
2868 5010 3156 5073 collectae
3219 5012 3655 5092 priestantur:
3735 5051 3738 5056 -

344 5101 485 5158 tum
521 5094 667 5159 alim
710 5098 1101 5162 variantium
1165 5102 1557 5181 lectionum,
1592 5122 1742 5185 qum
1773 5122 1853 5168 ex
1903 5107 2242 5182 codicibus
2275 5106 2465 5169 bonas
2508 5115 2679 5169 notua
2714 5097 3657 5187 sumptasuntpamessiones

344 5193 568 5274 plures
606 5212 619 5257 :
655 5203 789 5260 tum
821 5198 1111 5280 denique
1150 5201 1542 5282 diligentior
1581 5205 1661 5267 de
1704 5204 1886 5268 bisce
1922 5206 2238 5284 cperibus
2276 5222 2560 5269 censura
2598 5224 2671 5270 ac
2697 5214 2947 5271 certum
2972 5204 3301 5291 judicium
