4262 6432
676 406 780 475 131
1912 395 2259 463 PHILIPPI
2295 395 2649 458 nouum
3846 366 3953 464 132

690 544 3273 574 ww

1199 714 1829 833 PHILIPPI
1908 709 2584 835 MONTANI
2670 705 3435 825 PBIEFATIO

1163 940 1191 949 ”
1855 956 1980 1047 ΙΝ
2055 938 2785 1047 ΕνΚΝαΕιῐΑ.

748 1297 966 1386 [LXVI]
1001 1310 1075 1365 Ne
1104 1310 1174 1364 ob
1209 1307 1390 1365 varios
1449 1306 1918 1385 typographornm
1956 1302 2320 1377 quorumdam
2380 1305 2601 1371 titulos,
2654 1305 2854 1376 quibus
2908 1305 3092 1361 fucum
3115 1322 3121 1329 ·
3144 1304 3329 1361 facere
3364 1305 3702 1392 emptoribus
3746 1305 3951 1369 solent,

674 1418 799 1458 cum
837 1401 996 1455 nullis
1030 1408 1125 1453 aut
1151 1397 1341 1466 paucis
1382 1398 1677 1451 admodum
1721 1396 1854 1450 locis
1900 1394 2126 1449 mutatis
2153 1403 2207 1447 et
2240 1394 2527 1459 correctis,
2560 1408 2629 1448 ne
2655 1394 2835 1447 dicam
2873 1395 3168 1464 corruptis,
3207 1392 3500 1464 plerosque
3540 1404 3721 1449 tamen
3762 1410 3955 1449 emen-

675 1490 854 1552 datos,
904 1504 1066 1558 qnam
1124 1487 1359 1557 plurima
1395 1484 1647 1540 restituta
1682 1492 1739 1537 et
1768 1483 1975 1546 addita,
2012 1491 2068 1535 et
2107 1482 2413 1550 hujnsmodi
2445 1481 2548 1535 alia
2584 1482 3013 1551 quam-plurima
3058 1482 3345 1551 magniﬁce
3373 1485 3427 1537 in
3461 1484 3697 1553 speciem
3722 1482 3961 1551 iactant,

676 1587 735 1632 ut
762 1587 1034 1645 emptores
1061 1573 1360 1645 splendidis
1396 1572 1704 1638 huiusmodi
1737 1568 1918 1625 verbis
1955 1567 2160 1630 allecti,
2189 1569 2464 1637 iacturam
2494 1569 2598 1638 ipsi
2638 1585 2829 1625 revera
2862 1570 3067 1626 faciant
3100 1587 3115 1624 :
3150 1586 3218 1625 ne
3252 1572 3439 1641 igitur,
3471 1570 3704 1626 candide
3736 1570 3962 1635 Lector,

676 1664 731 1719 in
758 1667 859 1718 hoc
887 1678 1104 1732 quoque
1133 1673 1298 1730 apere
1332 1660 1440 1715 tale
1474 1660 1605 1727 quid
1631 1656 1935 1727 contigisse
1959 1658 2285 1727 suspiceris,
2315 1659 2663 1713 commodum
2692 1673 2815 1714 esse
2845 1659 2993 1725 duxi,
3028 1659 3264 1729 paucula
3296 1660 3545 1728 quaedam
3583 1659 3723 1712 haud
3753 1668 3965 1715 temere

676 1768 707 1807 s
739 1752 896 1806 nobis
928 1760 1157 1813 mutata,
1187 1765 1218 1804 e
1248 1749 1443 1819 primis
1470 1748 1816 1818 p0tissimum
1868 1746 2139 1815 capitibus
2190 1745 2452 1811 indicare,
2481 1762 2510 1800 e
2540 1747 2739 1816 quibus
2768 1747 2835 1801 de
2872 1747 3098 1817 reliquis
3135 1746 3504 1815 coniecturam
3539 1746 3721 1803 facere
3758 1747 3962 1816 possis,

676 1840 721 1894 si
749 1839 890 1894 forte
921 1838 1009 1891 illa
1044 1838 1298 1893 conferre
1346 1836 1614 1907 graveris.
1644 1834 1709 1889 Et
1738 1850 1804 1889 ne
1831 1833 2048 1906 longius
2080 1836 2366 1897 abeamus,
2398 1849 2465 1889 ex
2498 1834 2734 1890 Matthazi
2768 1836 2948 1905 capite
2980 1853 2995 1890 ι
3024 1850 3196 1906 pauca
3229 1836 3709 1908 perstringamus;
3745 1852 3873 1891 nam
3907 1838 3965 1892 in

674 1926 1070 1997 TheOphylacti
1125 1923 1444 1994 praefatione
1476 1925 1633 1991 plura
1666 1922 1971 1990 adiecimus
2004 1937 2166 1991 quam
2194 1937 2316 1991 quae
2356 1928 2649 1980 commode
2685 1924 2776 1979 hic
2812 1924 2978 1980 inseri
3010 1926 3239 1996 possint.
3268 1924 3325 1979 ln
3357 1925 3538 1981 locum
3590 1926 3778 1996 itaque
3807 1926 3966 1981 illum

675 2014 776 2085 filii
827 2013 1117 2078 Abraham,
1173 2013 1252 2067 sic
1291 2012 1526 2066 habebat
1575 2011 1727 2081 prior
1779 2010 1968 2074 editio,
2012 2012 2195 2074 Quare
2241 2013 2485 2080 apposuit
2539 2012 2708 2067 Dauid
2755 2013 2859 2087 ﬁlii
2896 2013 3154 2079 Abrahee,
3210 2026 3334 2068 cum
3370 2012 3653 2069 Romanus
3684 2012 3859 2069 codex
3896 2014 3970 2067 ad

676 2104 822 2157 hunc
854 2102 1076 2157 modum
1117 2102 1334 2167 habeat,
1368 2096 1527 2162 Τίνος
1554 2098 1720 2153 Evam
1761 2096 2034 2170 προέταξε
2066 2097 2157 2151 τὸν
2183 2099 2347 2153 Δαυῒδ

2289 2099 2347 2153 rid
2398 2100 2495 2154 τοῦ
2540 2100 2796 2172 Ἀϐραάμ
2822 2118 2837 2168 ;
2865 2101 2969 2156 hoc
3000 2111 3103 2165 est,
3133 2098 3245 2155 Cur
3295 2102 3467 2168 ipsum
3522 2100 3697 2155 Dauid
3737 2100 3972 2155 Abraha

676 2190 1012 2259 prttposuit?
1041 2199 1201 2259 quam
1236 2190 1531 2244 lectionem
1563 2172 1842 2244 meliorem
1896 2202 2019 2242 esse
2047 2186 2281 2256 probant
2311 2189 2617 2258 sequentia,
2654 2199 2710 2243 et
2738 2202 2862 2258 quae
2897 2189 2950 2242 in
2983 2188 3236 2243 eumdem
3283 2189 3466 2243 locum
3502 2188 3693 2242 scribit
3722 2188 3972 2258 Chryso-

675 2288 911 2334 stomus.
952 2280 1225 2348 luterpres
1254 2276 1453 2347 legisse
1502 2276 1741 2341 videtur,
1790 2275 2120 2345 προσέταξε,
2168 2287 2306 2340 etc.,
2336 2286 2393 2331 et
2425 2276 2589 2345 paulo
2637 2282 2760 2345 pbst
2787 2276 2878 2345 ubi
2912 2274 3203 2331 Mattheus
3236 2275 3430 2330 scribit
3459 2273 3657 2330 ludam
3707 2277 3974 2347 genuisse

677 2367 936 2436 gemellos
966 2368 1109 2433 illos,
1152 2365 1358 2421 Phares
1396 2374 1452 2420 et
1485 2362 1683 2418 Zaram
1730 2365 1799 2419 de
1823 2362 2098 2428 Thamar,
2140 2365 2214 2418 ita
2247 2364 2399 2436 prius
2457 2352 2763 2420 habebatur
2795 2382 2811 2421 :
2849 2363 2913 2418 Et
2968 2366 3107 2419 alius
3166 2366 3316 2435 prior
3384 2376 3544 2420 natus
3602 2364 3806 2420 Phares
3864 2373 3973 2420 est.

678 2456 875 2509 Deinde
904 2457 948 2508 is
980 2456 1066 2523 qui
1099 2462 1315 2507 manum
1347 2452 1672 2523 praedurat
1703 2462 1915 2507 uocatus
1939 2465 2011 2506 est
2042 2450 2265 2520 Phares,
2296 2455 2523 2525 quodest
2555 2444 2803 2508 dissertio
2830 2470 2848 2511 :
2884 2471 2902 2505 s
2938 2453 3090 2508 locus
3122 2455 3287 2507 etiam
3324 2450 3617 2508 manifeste
3653 2464 3979 2524 corruptus.

677 2561 798 2599 cum
860 2546 905 2599 is
949 2545 1039 2612 qui
1087 2557 1305 2597 manum
1361 2542 1702 2612 pmmiserat
1738 2550 1961 2596 vocatus
1980 2542 2050 2596 sit
2073 2540 2233 2609 Zara,
2260 2552 2318 2597 ut
2344 2553 2492 2613 patet
2514 2542 2766 2608 Genesis,
2790 2556 3022 2605 xxxvm,
3054 2553 3249 2597 etmos
3268 2542 3429 2596 etiam
3452 2555 3517 2595 es
3538 2541 3641 2597 hoc
3660 2541 3975 2612 ipsoTheo-

674 2633 950 2703 phylacto.
985 2632 1079 2686 Sic
1125 2631 1308 2700 itaque
1346 2631 1633 2700 legendum
1665 2641 1750 2684 est
1785 2648 1799 2684 :
1831 2628 1902 2683 Et
1934 2630 2074 2683 alius
2106 2633 2254 2699 prior
2280 2644 2437 2687 natus
2483 2641 2583 2697 est,
2632 2630 2822 2685 deinde
2856 2633 2900 2685 is
2932 2632 3021 2701 qui
3054 2646 3269 2684 manum
3318 2630 3671 2699 prwmiserat.
3734 2629 3968 2687 Vocatus

676 2733 751 2777 cst
789 2723 969 2790 itaque
1002 2722 1093 2788 qui
1118 2722 1266 2790 prior
1312 2730 1468 2774 natus
1493 2732 1569 2773 est
1599 2720 1826 2783 Phares,
1870 2720 2009 2789 quod
2040 2729 2117 2773 est
2155 2737 2173 2771 ι
2214 2720 2480 2784 dissertio,
2522 2737 2540 2773 ι
2578 2728 2783 2790 puncto
2812 2718 3027 2773 scilicet
3057 2718 3202 2773 facto
3231 2728 3375 2790 post,
3408 2722 3766 2789 pramiserat,
3799 2731 3857 2773 ut
3893 2720 3968 2775 ibi

677 2820 833 2864 natus
872 2821 945 2865 est
972 2809 1352 2878 subintelligas
1384 2826 1396 2863 :
1425 2818 1479 2863 et
1508 2808 1705 2862 deinde
1738 2807 1998 2873 addatur,
2032 2818 2245 2862 uocatus
2289 2818 2366 2862 est
2396 2810 2592 2876 itaque,
2629 2816 2736 2861 etc.
2788 2805 2921 2860 Item
2965 2821 3072 2860 non
3115 2806 3189 2859 ita
3229 2807 3401 2860 tnulto
3433 2818 3578 2875 p0st,
3606 2806 3735 2870 illic,
3773 2806 3973 2862 Omnes

676 2899 842 2965 igitur
873 2897 1259 2963 generationes,
1292 2906 1426 2960 etc.,
1465 2895 1547 2949 sic
1578 2894 1921 2949 habebatur:
1960 2895 2023 2949 In
2059 2906 2163 2949 tres
2203 2898 2413 2949 ordines
2441 2895 2713 2949 distribuit
2761 2895 3152 2965 generationes,
3185 2906 3242 2947 ut
3278 2906 3556 2960 monstret,
3590 2896 3732 2963 quod
3761 2895 3977 2951 Indicis

681 2985 814 3038 nihil
843 2984 1126 3053 profuerit,
1169 2984 1287 3036 licet
1312 2982 1589 3052 judieibus
1616 2982 1815 3051 fuerint
1851 2983 2050 3036 subditi
2083 3000 2246 3053 usque
2287 2984 2355 3035 ad
2381 2982 2653 3037 Christum
2688 2998 2706 3035 :
2740 2986 2906 3038 etiam
2945 2983 3035 3037 hic
3066 2983 3221 3038 locus
3266 2984 3492 3039 mutilus
3529 2996 3611 3038 est
3644 2999 3708 3039 ac
3739 2985 3974 3040 multum

678 3075 1035 3141 depravati-5,
1072 3070 1511 3138 quandoquidem
1534 3069 1781 3137 judicum
1809 3079 2019 3123 tantum
2054 3071 2385 3126 mentionem
2411 3071 2601 3134 faciat,
2631 3072 2724 3142 qui
2755 3072 2819 3125 ad
2846 3081 2956 3126 tres
2982 3071 3103 3127 illos
3134 3072 3356 3126 ordines
3380 3073 3494 3128 sive
3523 3074 3977 3130 tesseradecades

678 3161 1009 3228 respondere
1044 3176 1149 3213 non
1188 3166 1436 3227 possunt.
1480 3156 1668 3213 Graeca
1714 3168 1896 3211 autem
1935 3160 1989 3213 in
2038 3159 2176 3214 adeo
2215 3162 2524 3217 manifestis
2555 3162 2755 3215 erratis
2791 3161 2880 3215 hic
2917 3160 3198 3216 ascribere
3231 3161 3369 3215 nihil
3398 3177 3535 3230 opus
3567 3177 3687 3219 esse
3714 3174 3868 3235 puto,
3902 3180 3974 3221 ne

679 3250 879 3302 frustra
926 3248 1183 3301 lectorem
1212 3260 1528 3311 oneremus,
1556 3260 1586 3300 e
1616 3246 1817 3315 quibus
1850 3246 1930 3299 sic
1964 3245 2141 3301 locum
2177 3248 2321 3303 hunc
2371 3250 2736 3306 restituimus.
2770 3247 2839 3303 In
2880 3258 2986 3315 tres
3021 3251 3231 3303 ordines
3262 3250 3537 3303 distribuit
3578 3255 3971 3332 generqtiones,

679 3346 737 3389 ut
783 3345 1103 3389 monstraret
1148 3336 1287 3405 quod
1335 3334 1538 3400 Judtzi,
1581 3336 1690 3387 sive
1715 3351 1747 3386 a
1771 3333 2049 3401 judicibus
2100 3334 2542 3405 gubernarentur,
2578 3348 2633 3391 ut
2669 3339 2759 3407 qui
2790 3352 2954 3406 usque
2992 3339 3061 3391 ad
3089 3336 3307 3393 David:
3338 3342 3443 3393 sive
3469 3357 3500 3393 a
3530 3342 3760 3410 regibus,
3796 3350 3853 3395 ut
3882 3342 3975 3411 qui

679 3443 842 3497 usque
873 3428 940 3479 ad
977 3426 1505 3494 transmigrationem
1534 3440 1551 3476 :
1582 3425 1692 3477 sive
1728 3442 1756 3477 a
1782 3425 2171 3490 sacerdotibus,
2204 3435 2261 3478 ut
2288 3428 2377 3495 qui
2429 3443 2590 3496 usque
2619 3427 2687 3478 ad
2725 3425 3001 3481 Christum
3030 3441 3051 3480 :
3080 3425 3211 3479 nihil
3266 3438 3441 3481 tamen
3474 3430 3542 3482 ad
3572 3430 3823 3483 uirtutem
3848 3446 3980 3500 pro-

680 3515 937 3582 fecerunt,
970 3524 1089 3579 etc;
1122 3528 1282 3581 quam
1316 3513 1606 3567 lectionem
1656 3527 1836 3566 veram
1868 3515 2166 3568 ostendunt
2196 3524 2307 3567 tum
2342 3513 2729 3585 prwcedentia,
2762 3514 2906 3582 quod
2930 3513 3027 3579 ait,
3066 3524 3344 3583 propterea
3378 3518 3743 3584 generationes
3770 3522 3825 3572 in
3864 3527 3973 3574 tres

682 3604 893 3655 ordines
929 3603 1265 3665 distributas,
1303 3607 1415 3654 tum
1452 3615 1576 3654 mox
1628 3601 1910 3670 sequentia
1946 3606 2013 3656 de
2044 3618 2176 3657 vero
2233 3614 2285 3656 et
2317 3601 2506 3657 Judice
2556 3613 2611 3656 et
2655 3599 2805 3671 Rege
2849 3612 2904 3655 et
2938 3602 3240 3658 Sacerdote
3290 3603 3533 3660 Christo.
3589 3606 3764 3673 Quam
3804 3606 3972 3661 etiam

680 3696 1010 3748 sententiam
1042 3695 1201 3748 habet
1233 3692 1680 3763 Chrysostonius,
1719 3709 1878 3761 quem
1912 3694 2026 3750 fere
2061 3704 2248 3750 noster
2274 3691 2723 3762 Theophylactus
2745 3692 3014 3761 sequitur.
3048 3690 3252 3747 Eodem
3287 3693 3389 3747 hoc
3419 3693 3595 3762 primo
3628 3694 3829 3765 capite,
3858 3695 3973 3751 ibi:

682 3781 765 3837 Ne
800 3785 1010 3848 timeas,
1042 3799 1106 3838 ex
1142 3798 1247 3837 una
1292 3784 1652 3838 annotatione
1690 3784 1829 3839 duas
1856 3786 2089 3849 faciens,
2132 3795 2186 3841 et
2218 3786 2395 3853 accipe
2431 3798 2530 3853 pro
2575 3782 2812 3849 accipere
2844 3795 3073 3851 ponens,
3115 3784 3449 3837 sententiam
3485 3784 3671 3839 turbat
3703 3790 3890 3854 :quod
3920 3793 3978 3841 et

679 3872 844 3941 paulo
874 3881 995 3941 post
1020 3873 1234 3925 diversa
1265 3872 1480 3926 ratione
1511 3870 1663 3937 facit,
1702 3863 2259 3930 duas'annotationes
2289 3874 2341 3926 in
2375 3886 2539 3925 unam
2576 3871 2931 3925 contrahens.
2970 3869 3037 3924 Ut
3068 3870 3289 3925 interim
3321 3872 3513 3927 sileam
3548 3873 3617 3927 de
3643 3873 3977 3931 dictionibus

680 3959 872 4014 multis
921 3959 1120 4027 passim
1158 3957 1406 4024 omissis,
1446 3968 1501 4013 et
1540 3958 1663 4014 aliis
1696 3975 1803 4014 non
1848 3962 2039 4031 paucis
2084 3961 2316 4015 multum
2356 3960 2711 4030 depravatis;
2763 3972 2886 4029 quae
2940 3956 3103 4013 facile
3157 3957 3533 4029 deprehendet
3563 3961 3656 4030 qui
3688 3959 3773 4017 vel
3804 3976 3975 4016 unum

678 4055 842 4115 caput
871 4047 974 4101 hoc
1023 4048 1257 4118 primum
1291 4055 1347 4100 et
1389 4045 1769 4116 praefationem
1806 4061 1931 4100 cum
1972 4047 2139 4115 priori
2181 4050 2420 4103 editione
2461 4046 2716 4103 conferre
2748 4046 2915 4101 volet.
2970 4044 3164 4117 Capite
3212 4058 3396 4103 autem
3447 4058 3668 4115 octavo,
3713 4050 3812 4116 ibi,
3846 4048 3975 4104 Herc

680 4146 857 4189 autem
911 4137 1139 4203 dicebat,
1172 4137 1327 4205 quasi
1375 4137 1573 4205 pigeret
1617 4150 1733 4188 eum
1772 4136 2050 4191 comitatus
2098 4137 2235 4208 ejus,
2268 4136 2363 4194 Gre

2293 4136 2455 4193 :rmca
2494 4137 2574 4192 sic
2605 4137 2827 4202 habent,
2858 4134 3049 4189 Ταῦτα
3080 4135 3138 4189 δὲ
3167 4133 3357 4204 ἔλεγεν
3396 4136 3474 4199 ὡς
3509 4137 3578 4190 ἂν
3608 4137 3777 4210 πείσῃ
3808 4137 3976 4191 αὑτὸν

686 4222 1107 4295 μεταδληθέντο.
1138 4222 1483 4276 ἀκολουθεῖν.
1522 4221 1635 4277 Hoc
1668 4234 1775 4289 est,
1805 4222 1935 4279 Haec
1967 4236 2142 4279 autem
2171 4226 2369 4280 dicebat

2290 4226 2377 4279 bat
2409 4240 2511 4295 quo
2534 4223 2874 4294 persuaderet
2896 4222 2998 4287 illi,
3032 4233 3089 4276 ut
3120 4225 3341 4277 mutatis
3374 4224 3611 4279 moribus
3645 4236 3973 4297 sequeretur.

692 4313 885 4383 Capite
918 4316 1047 4367 item
1080 4312 1336 4381 sequenti
1385 4313 1554 4367 multa
1586 4322 1743 4368 erant
1772 4314 1995 4380 omissa,
2027 4326 2083 4369 et
2108 4317 2351 4384 quaedam
2402 4314 2544 4369 male
2590 4327 2748 4367 versa
2780 4329 2792 4365 :
2825 4319 2885 4365 ut
2910 4310 3042 4365 illud
3079 4312 3132 4365 in
3167 4310 3273 4366 line
3305 4313 3521 4381 capitis,
3562 4328 3782 4368 messem
3821 4324 3974 4368 uocat

690 4402 1086 4456 multitudinem
1119 4402 1402 4456 ministerii
1431 4419 1535 4472 quo
1570 4404 1807 4473 egebant,
1838 4418 1960 4458 cum
2012 4403 2200 4459 Graeca
2230 4405 2310 4459 sic
2339 4405 2372 4458 ιι

2293 4418 2310 4457 :
2339 4404 2599 4469 habeant,
2648 4400 2911 4472 θερισμὸν
2943 4399 3204 4471 ὀνομάζει
3234 4400 3295 4453 τὸ
3318 4399 3524 4472 πλῆθος
3548 4401 3613 4455 τὸ
3645 4400 3851 4473 χρῇζον
3875 4402 3976 4473 τῆς

682 4489 1005 4562 θεραπείας,
1045 4492 1097 4545 id
1127 4501 1235 4556 est,
1260 4508 1479 4547 messem
1500 4506 1650 4546 uocat
1686 4492 2083 4547 multitudinem
2110 4493 2405 4547 curationis
2436 4500 2691 4561 egentem.
2712 4489 2779 4544 Et
2810 4504 2932 4561 cap.
2964 4505 3057 4553 xv,
3092 4488 3190 4554 ibi,
3213 4491 3296 4543 Ad
3318 4488 3540 4545 Juda'os
3565 4491 3656 4562 qui
3687 4500 3811 4545 sunt
3833 4507 3975 4557 oues,

681 4595 796 4650 qna:
828 4578 1166 4649 perdiderant
1197 4597 1259 4635 ea
1278 4599 1395 4650 qua:
1426 4582 1535 4636 illis
1569 4584 1875 4637 concredita
1898 4594 2068 4649 erant,
2105 4582 2294 4638 Graece
2323 4584 2364 4635 si

2291 4607 2294 4632 ξ
2323 4584 2401 4635 sic
2434 4580 2685 4650 legimus,
2720 4576 2917 4651 [LXX]
2953 4579 3049 4643 Εἰς
3068 4580 3198 4643 τοὺς
3236 4579 3552 4645 Ἰουδαίους,
3581 4580 3632 4634 οἳ
3650 4579 3974 4635 ἀπολωλότα

682 4668 791 4720 εἰσὶ
843 4666 1098 4727 ⁸ἰυόόὸαςιι
1147 4669 1257 4721 ἀπὸ
1313 4670 1517 4731 κακίας
1563 4670 1674 4721 τῶν
1711 4671 2193 4739 ὲμπιστευθέντων
2239 4671 2365 4723 αὺτό

2293 4671 2381 4723 ita
2454 4670 2559 4723 hoc
2602 4679 2709 4732 est,
2745 4670 2823 4722 Ad
2850 4667 3070 4723 Judwos
3099 4670 3188 4738 qui
3224 4680 3347 4724 sunt
3380 4686 3499 4724 oves
3542 4673 3766 4739 perdita:
3794 4688 3976 4726 eorum

683 4756 828 4815 uitio.
886 4754 1076 4826 quibus
1116 4754 1344 4825 {sterant
1380 4757 1695 4811 concredita!
1738 4757 1845 4811 sive
1890 4758 2202 4813 commissae.
2244 4756 2379 4812 Nam
2410 4755 2584 4811 Graeci
2630 4758 3088 4826 quemadmodum
3124 4757 3303 4813 active
3334 4760 3542 4824 dicunt,
3575 4762 3847 4815 committo
3878 4760 3976 4815 tibi

680 4847 816 4898 hanc
845 4860 955 4897 rem
981 4886 996 4910 ,
1042 4844 1123 4898 sic
1158 4854 1212 4899 et
1254 4844 1492 4913 passive,
1532 4852 1587 4897 tu
1619 4862 1671 4899 es
1704 4847 2014 4900 conmissus
2048 4847 2185 4900 hanc
2224 4862 2356 4912 rem,
2398 4860 2496 4916 pro
2522 4848 2858 4900 commissam
2904 4846 3085 4902 habes.
3121 4846 3238 4915 Qua
3270 4848 3438 4903 etiam
3479 4849 3752 4906 locutione
3785 4848 3975 4907 Grata

682 4943 910 4989 utuntur
946 4948 1337 5002 nonnunquam
1370 4946 1546 5003 poetae
1574 4934 1775 5000 Latini,
1819 4943 1877 4986 ut
1904 4932 2200 5012 Horat.de
2224 4935 2451 4991 senibus
2481 4938 2664 4990 avaris
2697 4952 2713 4990 :

1559 5044 1712 5101 Lava
1747 5047 1987 5115 suspensi
2037 5046 2240 5103 loculos
2272 5048 2611 5117 tabulamque
2640 5047 2859 5113 lacerto,

685 5172 787 5233 pro
846 5176 1132 5227 suspensos
1186 5158 1391 5212 loculos
1438 5169 1487 5212 et
1537 5158 1776 5212 tabulam
1827 5175 2138 5227 suspensam
2196 5162 2471 5215 habentes.-
2510 5158 2731 5216 lnhoc
2785 5159 2953 5217 etiam
3011 5162 3212 5231 capite,
3268 5172 3326 5218 ut
3379 5164 3431 5217 in
3482 5163 3605 5221 aliis
3660 5164 3976 5235 preceden-

679 5252 829 5304 tihus
870 5260 923 5304 et
958 5250 1336 5318 sequentibus,
1381 5247 1661 5317 permulta
1704 5251 1917 5302 luerant
1952 5264 2178 5318 prorsus
2212 5250 2436 5317 omissa,
2478 5250 2725 5322 quaedam
2761 5250 2977 5305 inversa
3026 5252 3367 5323 multumque
3406 5253 3721 5322 depravata.

765 5336 870 5392 Sed
899 5339 965 5391 ad
996 5340 1133 5391 alios
1166 5336 1537 5406 et-angelistas
1579 5350 1880 5403 properans
1902 5373 1916 5399 ,
1956 5336 2086 5389 illud
2135 5353 2299 5390 unum
2331 5354 2395 5392 ex
2434 5338 2692 5393 Matthaao
2726 5338 3004 5406 abjicism,
3054 5343 3197 5408 quod
3231 5342 3463 5396 habetur
3503 5343 3682 5411 capite
3712 5340 3977 5398 vicesimo

679 5426 858 5497 primo
873 5430 936 5479 de
964 5425 1137 5479 turbis
1159 5425 1513 5493 simplicibus.
1536 5422 1740 5492 Neque,
1762 5424 1955 5491 inquit,
1978 5426 2272 5479 invidebant
2296 5425 2527 5493 Christo,
2555 5441 2719 5495 neque
2737 5426 3036 5494 opinionem
3058 5428 3330 5498 indignam
3350 5431 3413 5483 de
3434 5429 3646 5485 Christo
3667 5430 3925 5485 habebant
3954 5447 3973 5483 :

679 5516 795 5568 ideo
831 5527 877 5567 et
911 5530 1047 5566 nunc
1100 5512 1407 5581 prophetam
1460 5512 1612 5564 illum
1666 5513 1846 5564 dicunt
1878 5526 1896 5564 :
1931 5528 2199 5579 nunquam
2247 5525 2445 5579 autem,
2476 5517 2521 5569 si
2550 5518 2663 5570 sine
2703 5505 2935 5569 articulo
2978 5517 3215 5582 dicatur,
3252 5529 3400 5580 etc...
3426 5533 3550 5572 cum
3594 5517 3784 5575 Greca
3817 5519 3975 5589 longe

680 5620 841 5659 aecus
878 5605 1113 5659 habeant
1149 5624 1161 5658 :
1198 5617 1254 5657 ut
1278 5602 1405 5656 οὔτε
1452 5603 1717 5671 ἐφθόνουν
1772 5604 1851 5673 τῷ
1882 5604 2131 5674 Χριστῷ,
2168 5604 2314 5657 οὕτε·
2347 5607 2513 5658 πάλιν
2541 5605 2641 5675 τὴν
2680 5606 3071 5675 προσήκουσαν
3118 5606 3250 5675 περὶ
3296 5608 3463 5661 αὑτοῦ
3498 5608 3771 5679 ὑπόληψιν
3800 5610 3971 5681 εἶχον.

683 5694 777 5747 Διὸ
800 5696 896 5747 καὶ
924 5694 1018 5745 νῦν
1051 5694 1345 5763 προφήτην
1386 5693 1551 5745 αὑτὸν
1585 5693 1832 5760 λέγουσι,
1865 5695 2079 5764 μήποτε
2103 5694 2181 5760 δὲ,
2216 5697 2339 5747 ἐπεὶ
2373 5696 2514 5765 μετὰ
2542 5694 2638 5747 τοῦ
2671 5694 2876 5764 ἄρθρου
2917 5697 3083 5765 φασιν
3111 5697 3139 5749 ὁ
3172 5702 3459 5767 προφήτης
3486 5736 3501 5761 ,
3530 5697 3755 5754 δύναται
3776 5700 3977 5769 νοηθῆ-

681 5800 795 5846 ναι,
821 5782 903 5835 ὃτι
934 5778 1087 5844 οὗτός
1124 5784 1273 5835 ἐστιν
1305 5784 1334 5835 ὀ
1361 5781 1815 5853 προσδοκώμενος
1865 5786 2176 5855 προφήτης,
2224 5785 2325 5840 hoc

2288 5801 2325 5840 ω
2367 5795 2454 5840 εει
2482 5805 2493 5839 :
2524 5783 2709 5855 Neque
2749 5785 3059 5838 invidebant
3106 5784 3340 5850 Christo,
3376 5803 3537 5857 neque
3569 5805 3756 5842 rursus
3788 5804 3971 5843 conse-

682 5876 911 5928 nientem
964 5874 1028 5927 de
1082 5873 1196 5942 ipso
1245 5873 1509 5930 habebant
1556 5876 1877 5944 opinionem.
1925 5874 2053 5930 Ideo
2081 5885 2130 5931 et
2164 5892 2302 5931 nunc
2350 5876 2664 5945 prophetam
2732 5875 2903 5944 ipsum
2964 5874 3170 5943 dicunt,
3222 5877 3325 5931 nisi
3372 5876 3509 5946 forte
3545 5877 3973 5943 quandoquidem
