4262 6432
256 389 368 460 ιω
1667 381 1939 446 ΡΜΡΑἾ

1978 381 2080 444 ΙΟ.
3460 372 3566 441 ιθι
3633 419 3661 438 δ

255 527 381 570 eunt
409 504 639 563 articulo
666 503 851 558 dicunt
881 502 910 556 ὁ
935 499 1250 570 προφήτης,
1279 495 1334 549 id
1352 502 1429 550 est
1450 492 1702 562 propheta
1735 492 1850 559 ille,
1880 491 2046 561 possit
2077 485 2300 558 intelligi
2325 487 2466 558 quod
2497 488 2597 541 iste
2625 486 2692 540 sit
2719 485 2812 556 qui
2831 479 3242 554 exspectabatur
3269 487 3554 556 propheta.

259 601 342 654 Ad
370 611 494 668 qua
526 570 756 665 pulchre
782 589 1060 658 quadrant
1101 586 1332 653 reliqua.
1381 580 1595 651 Lapsus
1623 579 1968 668 occasionem
1999 576 2192 668 dodit,_
2213 575 2432 644 opinor,
2474 576 2614 668 quod
2644 574 2862 668 Merere
2891 573 2974 668 et,
3004 575 3259 668 verterit,
3289 589 3562 668 nunquam

257 661 441 741 autent
468 697 490 737 :
520 661 588 735 ad
615 678 761 750 quod
789 685 990 732 caetera
1017 679 1211 744 aptare
1233 670 1482 740 cupiens,
1509 677 1679 724 totam
1704 666 1932 722 invertit
1955 661 2286 720 sententiam
2314 678 2330 727 ;
2369 676 2494 717 cum
2526 661 2744 750 μήποτε
2768 663 2875 750 hoc
2894 661 3017 717 loco
3048 676 3155 716 non
3183 662 3256 717 sit
3284 663 3564 733 negantis,

255 776 353 828 sed
393 749 778 825 addubitanter
807 761 1174 824 decernentis,
1204 773 1302 829 pro
1329 757 1580 826 fortasse,
1614 764 1710 814 aut
1739 754 1842 808 nisi
1885 753 2046 822 forte.
2073 750 2190 818 Qua
2229 752 2287 806 in
2315 749 2726 820 significatione
2757 749 3079 820 frequenter
3126 751 3329 820 accipit
3377 759 3567 806 noster

255 861 348 916 hic
384 855 851 926 'l‘beopbylaetus,
915 859 974 903 ut
1025 847 1207 918 capite
1240 845 1402 915 hujus
1430 859 1553 907 xm,
1579 844 1651 898 ibi
1683 843 1898 913 μήποτε
1922 842 2004 907 δὲ,
2032 841 2308 906 vertebat,
2325 842 2466 895 absit
2497 851 2676 895 autem
2695 856 2860 906 ;cum
2891 841 3123 910 fortasse
3154 853 3351 908 autem,
3379 842 3564 898 dicere

253 947 536 1002 debuisset
574 961 589 997 :
619 941 768 1013 quod
794 940 882 996 bis
911 939 1104 994 eodem
1134 936 1312 1004 capite
1346 931 1500 995 facit,
1533 931 1678 995 male
1717 931 1975 1000 rejiciens
2004 945 2126 1000 qua:
2161 928 2609 1000 Tbeophylactus
2643 929 2906 984 admittit.
2939 927 3184 985 Matthtei
3219 932 3386 984 etiam
3417 946 3559 998 ml.

253 1044 310 1089 et
346 1027 516 1088 κει·ρί
545 1047 636 1095 xv,
668 1041 801 1094 etc.,
835 1028 1030 1084 eodem
1076 1024 1240 1080 modo
1284 1021 1576 1091 accipitur.
1612 1019 1720 1076 Sed
1749 1020 1882 1092 quid
1919 1020 2008 1076 bis
2063 1021 2351 1083 intmoror,
2385 1033 2509 1072 cum
2541 1018 2747 1072 nullum
2779 1018 3007 1072 omnino
3039 1029 3204 1090 caput
3231 1019 3327 1082 sit.
3363 1021 3418 1074 in
3452 1037 3564 1092 quo

253 1138 363 1177 non
392 1120 558 1176 multa
587 1120 699 1174 sint
725 1113 1022 1172 restituta?
1051 1111 1254 1167 Videor
1286 1112 1476 1178 itaque
1503 1125 1571 1164 ne
1602 1111 1657 1165 in
1689 1109 1777 1164 his
1813 1108 2082 1179 prolixior
2118 1107 2315 1164 fuerim
2355 1127 2368 1163 :
2424 1108 2658 1176 ideoque
2684 1123 2749 1162 ex
2790 1108 3017 1178 reliquis
3043 1109 3398 1179 evangelistis
3427 1125 3562 1179 pau-

253 1202 403 1264 ciora
436 1210 830 1277 perstringam.
863 1200 1033 1260 Marci
1075 1201 1253 1271 primo
1279 1196 1500 1255 Judazos
1535 1208 1755 1264 notans,
1786 1198 1876 1267 qui
1912 1197 2229 1268 Scripturas
2262 1195 2633 1266 negligebaut,
2672 1197 2753 1252 sic
2785 1197 2987 1266 inquit,
3033 1197 3174 1251 Ἀλλ’
3204 1183 3562 1272 οὐχ’ἒγεὼρὲ

251 1315 385 1363 γουν
422 1295 599 1359 αὑτὰς
627 1294 752 1348 οὐδὲ
777 1290 1043 1364 ὲρεύνων,
1071 1287 1123 1342 id
1155 1298 1262 1354 est,
1292 1283 1394 1342 Sed
1435 1286 1536 1355 ipsi
1565 1302 1672 1340 non
1702 1288 1934 1340 excolebt

1876 1288 2009 1340 :bant
2039 1303 2127 1341 eos
2156 1303 2249 1340 nec
2276 1291 2692 1352 scrutabantur;
2717 1287 2870 1356 prius
2903 1298 3085 1342 autem
3118 1288 3389 1356 scriptum
3412 1299 3559 1352 erat,

250 1387 343 1439 sed
385 1384 634 1452 nonpipsi
664 1382 908 1437 colebant
943 1394 1124 1449 agros.
1150 1392 1314 1446 neque
1343 1374 1704 1442 inquirebant.
1740 1372 1805 1427 L‘t
1839 1374 2000 1443 paulo
2032 1385 2160 1429 ante
2195 1373 2287 1428 hic
2320 1374 2560 1444 negatio,
2596 1390 2783 1444 neque,
2833 1375 3039 1429 omissa
3068 1391 3294 1431 sensum
3331 1384 3561 1431 eontra-

253 1473 394 1525 rium
427 1469 790 1540 exprimebat.
824 1466 891 1521 Et
919 1481 984 1521 ne
1013 1464 1223 1519 diutius
1272 1463 1558 1524 immorer,
1591 1461 1635 1515 si
1662 1462 1788 1531 quis
1835 1470 2006 1516 totum
2043 1463 2148 1517 hoc
2179 1471 2345 1532 caput
2381 1463 2619 1532 primum
2676 1472 2940 1518 excutere
2994 1465 3152 1528 velut,
3185 1464 3562 1532 deprehendet

251 1560 422 1613 multa
457 1561 688 1624 emissa,
724 1567 780 1612 et
822 1571 931 1610 non
963 1569 1138 1624 pauca
1175 1561 1462 1620 corrupta,
1515 1550 1659 1605 sicut
1683 1559 1738 1604 et
1771 1551 1951 1618 capite
1995 1552 2247 1622 proxime
2278 1552 2557 1619 sequenti,
2592 1560 2652 1604 ut
2695 1568 2761 1606 ex
2802 1553 2992 1608 multis
3028 1553 3294 1620 indicem,
3332 1554 3421 1607 ubi
3460 1553 3558 1617 ait.

249 1651 394 1716 quod
427 1647 599 1702 David
647 1647 858 1718 fugiens
880 1661 911 1696 a
944 1642 1084 1713 facie
1111 1641 1314 1704 Saulis,
1347 1639 1592 1709 gladium
1626 1637 1846 1694 Goliatlt
1893 1640 2134 1693 ablatum
2164 1640 2350 1693 obtulit
2389 1639 2615 1694 Domino
2651 1655 2669 1692 :
2704 1656 2826 1694 cum
2874 1641 3164 1711 legendum
3204 1643 3298 1707 sit,
3323 1643 3563 1713 gladium

249 1737 466 1792 Goliath
504 1738 743 1794 oblatum
783 1733 1030 1797 Domino,
1082 1731 1304 1785 abstulit
1371 1738 1428 1782 ut
1487 1727 1692 1783 habent
1727 1725 1940 1791 Graeca,
1972 1729 2164 1799 eisque
2220 1731 2553 1800 astipulatur
2609 1730 2841 1786 historia
2873 1734 2890 1785 Ι
2922 1733 3056 1803 Reg.
3093 1749 3216 1804 cap.
3256 1749 3371 1788 ut.
3405 1733 3565 1788 lnitio

247 1826 380 1880 item
410 1827 694 1897 sequentis
715 1823 923 1893 capitis
957 1823 1109 1877 locus
1156 1820 1316 1889 plane
1349 1818 1685 1887 depravatus
1718 1818 2054 1871 contrariam
2111 1817 2375 1873 reddebat
2411 1821 2769 1874 sententiam.
2806 1821 2914 1876 Sed
2956 1823 3024 1876 ad
3053 1821 3258 1877 Lucam
3296 1838 3558 1894 propero.

246 1915 411 1984 cujus
441 1921 606 1984 caput
653 1914 890 1984 primum
928 1922 985 1968 et
1013 1910 1317 1968 secundum
1365 1907 1558 1978 multis
1608 1905 1895 1963 scatebant
1945 1905 2184 1972 mendis,
2218 1915 2276 1959 ut
2308 1913 2363 1960 et
2393 1907 2644 1976 proxime
2679 1923 2960 1978 sequens:
3001 1910 3092 1964 ubi
3149 1922 3347 1980 pra-ter
3394 1913 3565 1966 multa

246 2008 483 2072 omissa,
523 2003 765 2058 fortasse
800 2001 1050 2072 quaedam
1091 2000 1312 2054 fuerant
1363 2011 1472 2053 non
1510 1995 1647 2051 satis
1684 1995 1956 2050 intellecta
1997 2013 2011 2050 :
2047 2005 2108 2049 ut
2139 1995 2285 2065 quod
2320 1997 2448 2049 ὅσον
2500 1996 2679 2064 οὔπω,
2724 2009 2926 2064 vertat,
2969 2010 3226 2070 quantum
3266 2015 3563 2069 nunquam.

245 2109 371 2148 cum
413 2093 739 2148 vertendum
768 2100 918 2146 esset
951 2104 1075 2142 mox
1106 2096 1200 2142 aut
1232 2085 1398 2157 paulo
1432 2095 1550 2154 post
1581 2101 1599 2141 :
1630 2094 1690 2138 ut
1729 2098 1928 2138 sensus
1953 2084 2048 2149 sit,
2076 2099 2202 2136 mox
2231 2101 2262 2136 a
2295 2085 2683 2153 pradicatione
2728 2085 2961 2141 Joannis
3005 2089 3424 2156 pradicaturum
3451 2106 3566 2146 esse

254 2178 565 2237 Dominum.
602 2180 804 2234 Eodem
841 2179 992 2247 lapsu
1029 2183 1293 2246 corrupta
1321 2173 1427 2230 fuit
1461 2173 1738 2228 sententia
1779 2186 1902 2241 cap.
1939 2188 2098 2238 xvni,
2132 2173 2222 2227 ubi
2251 2174 2377 2226 ὅσον
2416 2174 2594 2241 obitus,
2639 2185 2880 2230 verterat
2914 2176 3174 2244 nondum,
3207 2193 3332 2233 cum
3363 2193 3565 2235 sensus

255 2270 517 2342 postulet,
548 2279 612 2323 ut
639 2285 784 2333 mox,
815 2266 932 2321 sive
963 2265 1124 2335 paulo
1151 2274 1267 2334 post
1289 2264 1527 2318 dicatur.
1549 2262 1744 2332 Capite
1770 2273 1954 2315 autem
1981 2277 2095 2327 xw,
2126 2263 2217 2317 ubi
2253 2263 2520 2330 declarat,
2547 2279 2645 2335 per
2673 2281 2797 2320 eum
2829 2266 2920 2334 qui
2951 2267 3082 2335 juga
3123 2268 3287 2321 boum
3340 2271 3562 2338 emerit,

247 2360 580 2429 signiﬁcari,
611 2373 736 2415 eum
770 2355 864 2427 qui
898 2357 1046 2411 circa
1100 2363 1315 2410 terrena
1346 2363 1496 2408 esset
1535 2361 1859 2422 occupatus,
1892 2349 2238 2422 spiritualem
2271 2366 2486 2409 cmnam
2521 2352 2828 2424 negligere,
2861 2351 3023 2409 alIett
3057 2353 3340 2424 Sapientis
3368 2367 3561 2410 auctu-

247 2451 471 2502 ritatem
508 2449 587 2506 ad
614 2448 759 2500 hunc
795 2443 1012 2498 modum
1046 2459 1059 2497 :
1094 2441 1239 2508 Quid
1287 2441 1658 2495 calumniatur
1689 2441 1778 2510 qui
1807 2440 1967 2494 alteri
1996 2441 2297 2509 pravalet?
2328 2441 2436 2497 Sed
2464 2443 2621 2512 quid,
2651 2459 2860 2514 quaeso,
2903 2445 3046 2499 istud
3076 2445 3143 2500 ad
3178 2446 3568 2516 propositum?

247 2538 344 2591 ubi
378 2536 568 2591 Graece
599 2537 680 2589 sic
712 2534 935 2599 habent,
967 2531 1033 2585 Τί
1068 2529 1467 2602 σοφισθήσεται
1498 2530 1528 2582 ὁ
1556 2528 1780 2602 κρατῶν
1809 2528 1930 2599 apd

1887 2528 2082 2602 άτρου,
2116 2531 2168 2586 id
2208 2541 2315 2596 est,
2351 2531 2416 2587 In
2446 2549 2550 2603 quo
2583 2536 2796 2602 sapiens
2828 2535 2930 2589 erit
2964 2535 3056 2603 qui
3104 2544 3241 2590 tenet
3276 2546 3519 2591 aratrum
3541 2537 3567 2591 2

249 2625 722 2694 quemadmodum
746 2623 1025 2680 habemus
1059 2619 1434 2676 Ecclesiastici
1486 2634 1720 2682 xxxviii,
1754 2621 2060 2675 secundum
2086 2619 2474 2692 Septuaginta,
2512 2639 2653 2693 quos
2687 2623 2800 2690 hic,
2829 2634 2889 2678 ut
2924 2624 3014 2680 alii
3051 2625 3250 2691 Graeci,
3276 2626 3563 2698 sequitur:

250 2716 396 2784 qtrod
426 2712 650 2782 quidem
694 2712 980 2781 proposito
1018 2709 1249 2780 pulchre
1285 2708 1583 2775 convenit;
1619 2717 1810 2763 aratro
1839 2709 1984 2763 enim
2007 2707 2138 2778 juga
2171 2708 2376 2763 bonum
2411 2711 2797 2767 admoventur.
2831 2713 2923 2768 Sic
2954 2724 3006 2768 et
3036 2728 3157 2783 Cap.
3197 2729 3334 2781 uti,
3365 2730 3570 2770 secun-

249 2802 384 2858 dum
411 2802 770 2872 Septuaginta
820 2801 1108 2870 legendum
1141 2808 1265 2864 est;
1299 2807 1350 2852 et
1377 2798 1694 2851 roborentur
1723 2797 1780 2850 in
1828 2813 1887 2850 eo
1929 2813 2110 2851 omnes
2137 2798 2242 2865 ﬁlii
2293 2796 2670 2866 Dei,,Deuler.
2711 2801 2994 2857 tricesimo
3054 2805 3322 2859 secundo.
3358 2802 3564 2860 Eodem

246 2889 519 2945 vicesimo
545 2891 788 2946 secundo
828 2889 1028 2956 capite,
1084 2887 1256 2941 multa
1291 2886 1457 2941 etiam
1490 2886 1595 2939 alia
1646 2884 1940 2940 emendata
1990 2885 2182 2941 videre
2230 2885 2380 2940 licet.
2419 2885 2668 2957 Denique
2703 2899 2761 2942 ut
2805 2903 2872 2943 ex
2912 2889 3093 2959 primo
3131 2893 3302 2946 etiam
3333 2889 3567 2949 Joannis

252 2980 439 3047 capite
472 2981 720 3047 quedam
754 2978 1167 3046 depromamus,
1200 2975 1296 3041 ibi,
1335 2973 1404 3027 Et
1434 2974 1528 3028 tua:
1560 2977 1615 3028 in
1649 2974 1876 3048 tenebris
1903 2975 2065 3041 lucet,
2093 2976 2384 3031 declarans
2414 2975 2590 3032 lucem
2635 2981 2691 3034 in
2720 2982 2965 3034 tenebris
2999 2982 3202 3036 lucere.
3240 2982 3333 3038 Sic
3359 2999 3566 3054 posue-

249 3079 336 3122 rat
369 3085 382 3121 :
422 3066 564 3120 Nam
593 3077 641 3120 et
664 3068 719 3119 in
745 3076 912 3120 morte
945 3065 1117 3134 {actus
1143 3074 1243 3128 est,
1267 3065 1426 3133 quasi
1460 3064 1643 3142 [uisset
1675 3063 1864 3129 rictus,
1893 3064 1968 3118 ita
1997 3075 2051 3117 ut
2077 3074 2279 3134 cogeret
2300 3064 2587 3119 Itincillum
2613 3067 2897 3136 emigrare,
2927 3079 3034 3123 etc.
3064 3068 3323 3135 Ubinam,
3353 3086 3564 3140 quaso,

249 3157 341 3212 lux
375 3157 430 3210 in
464 3167 642 3210 morte
675 3155 762 3209 hic
787 3156 988 3219 lucere,
1015 3163 1070 3208 et
1093 3153 1236 3206 vires
1259 3169 1386 3206 suas
1412 3165 1668 3206 exserere
1697 3151 1949 3207 dicatur?
1969 3153 2206 3208 Proinde
2226 3156 2306 3208 sic
2332 3155 2396 3209 ad
2427 3156 2709 3226 exemplar
2737 3157 2990 3212 Graecum
3028 3161 3392 3214 restituimus.
3424 3159 3566 3224 Nam

248 3255 296 3299 et
323 3246 432 3314 ipse
457 3255 699 3297 mortuus
722 3244 798 3297 sic
820 3256 1039 3296 mortem
1068 3242 1358 3308 superavit,
1387 3250 1440 3292 ut
1464 3250 1508 3292 et
1536 3256 1624 3291 eos
1648 3256 1776 3307 quos
1796 3241 1942 3307 prius
1968 3245 2332 3314 absorpserat,
2357 3258 2559 3316 coqeret
2583 3249 2752 3316 ipsam
2779 3265 3032 3303 evomere.
3060 3248 3269 3304 Similis
3294 3251 3565 3306 sententia

251 3334 524 3390 habeturl
547 3336 612 3389 ad
634 3333 763 3390 Cor.
785 3349 905 3404 cap.
930 3348 1021 3397 xv,
1045 3333 1140 3396 ibi,
1163 3329 1476 3385 Postremus
1497 3331 1664 3385 hostis
1686 3331 1994 3401 destruetur
2016 3351 2181 3390 mors.
2207 3334 2270 3388 Et
2297 3334 2458 3404 paulo
2479 3347 2600 3406 post
2623 3334 2897 3391 Joannem
2950 3335 3354 3393 Prmenrsorem
3379 3339 3445 3393 de
3468 3356 3565 3394 sua

249 3423 472 3496 [LXXI]
509 3425 796 3478 nativitate
831 3438 1144 3480 sermonem
1179 3421 1408 3486 habere,
1459 3421 1647 3475 dicere
1680 3422 1933 3488 videtur;
1965 3431 2020 3476 et
2063 3422 2230 3476 multa
2268 3425 2374 3477 alia
2411 3424 2526 3478 hoc
2571 3425 2766 3479 eodem
2811 3425 2992 3492 capite
3029 3440 3138 3478 non
3192 3427 3328 3480 satis
3360 3441 3566 3481 conve-

252 3516 484 3569 nientia.
523 3515 683 3569 Initio
715 3515 844 3568 item
875 3514 1099 3568 secundi
1131 3512 1331 3580 capitis
1353 3514 1417 3563 de
1455 3507 1683 3578 Virgine
1722 3509 1898 3565 Matre
1940 3510 2188 3580 loquens,
2223 3513 2298 3566 ait
2336 3529 2350 3565 :
2390 3512 2604 3567 llabens
2637 3514 2941 3581 opinionem
2982 3531 3095 3569 sure
3132 3533 3257 3586 erga
3287 3515 3442 3569 illum
3469 3532 3567 3584 po-

250 3605 480 3658 testatis.
533 3604 660 3658 Haec
700 3604 864 3657 verba
899 3614 1096 3655 sonare
1124 3601 1398 3664 videntur,
1426 3601 1571 3668 quod
1611 3599 1730 3667 ipsa
1776 3598 1876 3651 sibi
1910 3615 2024 3652 eam
2068 3609 2386 3669 potestatem
2425 3616 2538 3655 esse
2561 3606 2615 3654 in
2645 3599 2924 3655 Christum
2957 3602 3334 3668 arbitraretur,
3377 3615 3430 3657 ut
3463 3606 3566 3657 im—

249 3710 436 3760 perare
469 3703 663 3757 posset,
707 3702 763 3744 ut
805 3707 1003 3760 aquam
1036 3692 1090 3743 in
1125 3692 1304 3742 vinum
1342 3698 1660 3741 converteret
1689 3703 1707 3741 :
1743 3702 1866 3740 cum
1898 3685 2086 3745 Graios
2121 3690 2281 3760 longe
2317 3691 2593 3744 diversum
2638 3706 2862 3745 sensum
2900 3707 3011 3759 pra:
3042 3707 3103 3745 se
3131 3692 3332 3758 ferant,
3365 3708 3563 3762 nempe

250 3793 391 3854 quod
442 3782 601 3853 Virgo
639 3799 888 3853 magnam
915 3780 1240 3850 concepisset
1264 3782 1327 3832 de
1351 3776 1552 3831 Christi
1594 3789 1853 3848 potestate
1875 3783 2176 3849 opinionem
2202 3799 2265 3835 ea:
2290 3784 2393 3844 his,
2425 3797 2543 3851 qutt'
2576 3791 2622 3835 et
2655 3783 2709 3834 in
2739 3782 2904 3849 ipsius
2927 3785 3263 3852 conceptione
3299 3794 3347 3836 et
3375 3785 3570 3838 nntiri-

250 3887 358 3928 tate
384 3884 692 3935 evenerant.
736 3884 840 3928 etc.
880 3872 1033 3940 Quod
1075 3884 1259 3925 autem
1295 3871 1365 3923 ibi
1414 3870 1602 3925 statim
1640 3871 1911 3940 sequitur,
1938 3879 1997 3924 ut
2026 3880 2202 3923 oraret
2227 3871 2420 3935 Deum,
2457 3887 2554 3939 pro
2583 3887 2741 3924 orare
2783 3889 2936 3936 eum;
2970 3873 3101 3925 item
3137 3884 3191 3927 et
3226 3890 3290 3927 ex
3345 3875 3566 3939 animo,

252 3980 352 4035 pro
384 3978 436 4018 et
465 3964 730 4029 examine,
761 3975 817 4017 et
851 3959 1162 4031 hujusmodi
1210 3957 1403 4022 multa,
1445 3960 1642 4013 scribae
1677 3961 1858 4028 putius
1908 3971 2001 4015 aut
2039 3962 2379 4030 typograplto
2412 3976 2576 4028 quam
2611 3962 2898 4031 interpreti
2952 3963 3298 4034 imputanda,
3345 3940 3571 4022 lectoris

252 4057 518 4110 industria
563 4052 845 4108 emendari
870 4051 1196 4121 potuissent.
1245 4049 1516 4103 Caeterum
1563 4051 1656 4102 ubi
1692 4064 1836 4105 nono
1863 4051 2044 4120 capite
2090 4052 2252 4104 docet
2301 4065 2397 4120 per
2430 4049 2778 4105 Ezechielem
2807 4051 2996 4108 dicens
3034 4071 3047 4105 :
3083 4051 3272 4107 Patres
3311 4059 3558 4108 comede-

251 4155 400 4207 runt,
434 4156 566 4209 etc.,
599 4142 847 4214 quaedam
874 4140 987 4195 illic
1016 4139 1384 4210 praetermissa
1433 4139 1774 4192 contrariam
1812 4139 2176 4193 admittebant
2201 4137 2568 4206 sententiam;
2604 4149 2660 4191 ut
2710 4149 2764 4193 et
2797 4140 2979 4208 capite
3030 4143 3304 4210 sequenti,
3334 4142 3426 4196 ubi
3460 4158 3566 4211 pro

250 4243 579 4305 cognoscunt
606 4234 746 4288 enim
775 4233 1065 4303 legendum
1091 4241 1194 4296 est,
1225 4246 1327 4283 non
1351 4231 1494 4282 enim
1517 4241 1862 4298 cognoscunt,
1891 4237 1948 4283 ut
1975 4227 2179 4283 habent
2211 4226 2400 4283 Graeca
2436 4245 2448 4281 :
2481 4227 2684 4297 alioqui
2722 4228 2903 4299 glossa
2937 4245 3059 4283 cum
3092 4239 3241 4284 textu
3271 4244 3565 4300 pugnaret.

252 4326 362 4381 Sed
408 4325 552 4394 quod
593 4323 781 4377 eodem
820 4321 1000 4390 capite
1049 4335 1149 4389 pro
1184 4319 1472 4387 apostasia,
1523 4319 1795 4385 apostolos
1842 4318 2202 4382 haberemus;
2238 4316 2367 4370 item
2401 4319 2546 4385 quod
2587 4332 2684 4386 pro
2732 4334 2799 4371 ex
2843 4318 2981 4386 ipso,
3019 4320 3286 4388 scriptum
3322 4332 3469 4375 esset
3504 4337 3569 4374 ex

254 4413 528 4485 igyptu;
561 4413 704 4466 unde
739 4411 905 4466 etiam
937 4409 1189 4477 suspicor
1217 4409 1394 4462 locum
1429 4408 1565 4461 mire
1601 4406 1771 4462 fuisse
1798 4415 2138 4474 corruptum,
2178 4405 2269 4459 ubi
2316 4403 2385 4458 de
2426 4405 2591 4462 malis
2626 4407 2940 4473 pastoribus
2972 4416 3025 4460 et
3064 4409 3246 4461 avaris
3290 4411 3564 4476 quereba-

257 4515 345 4556 tur
379 4519 397 4556 :
438 4500 557 4554 Non
587 4502 748 4566 enim,
802 4498 999 4568 inquit,
1035 4496 1339 4567 qtta'rebant
1388 4496 1664 4548 utilitatem
1711 4513 1776 4548 ea:
1806 4493 2061 4563 Egypto,
2103 4496 2192 4547 sed
2228 4503 2378 4560 turpe
2426 4494 2672 4560 lucrum;
2715 4510 2836 4547 cum
2881 4493 2983 4564 legi
3024 4496 3244 4561 debeat,
3292 4514 3393 4549 non
3434 4501 3568 4550 enim

257 4592 566 4661 qna'reltant
609 4588 795 4659 papuli
836 4588 1142 4650 utilitatem,
1176 4586 1266 4638 sed
1297 4601 1362 4638 ea:
1384 4585 1500 4652 ipso
1532 4595 1682 4651 turpe
1711 4584 1941 4637 lucrum.
1977 4583 2108 4649 Ista,
2140 4585 2387 4652 inquam,
2422 4591 2478 4638 et
2505 4583 2779 4654 ejusmodi
2815 4583 3077 4652 pleraque
3111 4584 3215 4638 alia
3247 4587 3567 4653 impressori

254 4680 440 4750 petius
472 4693 632 4748 quam
669 4676 951 4745 interpreti
981 4674 1182 4730 ascribi
1221 4683 1464 4743 possent.
1498 4671 1653 4738 Quod
1686 4681 1866 4726 autem
1898 4673 2174 4742 plerisque
2202 4673 2256 4725 in
2296 4672 2432 4727 locis
2464 4671 2736 4742 permulta
2775 4671 2982 4727 fuerint
3015 4676 3244 4738 omissa,
3282 4690 3345 4727 ex
3372 4677 3570 4744 quibus

256 4769 542 4838 sequentia
578 4766 913 4836 pendebant,
951 4781 1058 4818 non
1102 4772 1312 4816 tantum
1345 4761 1616 4816 dictiones
1656 4761 1864 4830 aliquot
1900 4763 2043 4826 dico,
2078 4763 2171 4816 sed
2204 4775 2396 4815 versus
2427 4762 2749 4829 permultos,
2782 4771 2946 4829 atque
2977 4761 3113 4816 adeo
3145 4763 3371 4832 paginas
3407 4776 3568 4827 totas,

256 4860 512 4928 quodque
548 4855 875 4927 saepiuscule
915 4853 1135 4924 negatio
1177 4861 1371 4906 contra
1411 4850 1654 4904 auctoris
1694 4866 1936 4904 mentem
1972 4860 2065 4904 aut
2095 4850 2322 4915 omissa,
2352 4859 2445 4903 aut
2484 4849 2680 4917 injecta
2714 4851 3053 4904 contrariam
3087 4851 3313 4905 inducat
3345 4865 3570 4906 senten-

260 4951 426 5014 tiam;
467 4947 755 5010 scriba-ne,
798 4954 895 4999 aut
932 4941 1296 5013 typographo,
1325 4956 1392 4993 an
1428 4939 1747 5018 interpreti,
1782 4939 2046 4994 mutilove
2079 4938 2252 4993 codici
2290 4938 2668 5007 imputandum
2721 4939 2815 5005 sit,
2849 4939 3081 4994 aliorum
3124 4950 3244 4994 esto
3280 4941 3569 5008 judicium.

256 5037 388 5093 Mihi
417 5039 635 5093 abunde
657 5037 792 5092 satis
825 5035 1011 5100 luerit,
1046 5034 1091 5088 si
1128 5030 1348 5087 favente
1370 5030 1654 5084 Altissimo
1685 5028 1961 5100 publicam
2003 5028 2311 5082 studiorum
2356 5027 2649 5083 utilitatem
2682 5043 2783 5097 pro
2811 5037 3000 5084 nostra
3038 5030 3410 5100 qualicunque
3450 5029 3569 5086 me?

258 5128 550 5184 diocritate
603 5114 857 5182 nonnihil
902 5123 1300 5194 adjuverimus.
1338 5118 1619 5189 lnterpres
1656 5118 1876 5188 quidem
1920 5125 2071 5171 certe
2104 5114 2336 5171 doanuis
2391 5116 2585 5171 ultimo
2625 5119 2870 5174 codicem
2902 5133 3066 5173 suum
3115 5119 3367 5174 mutilum
3401 5119 3571 5176 fuisse

258 5218 553 5274 conﬁtetur
586 5236 599 5272 :
637 5216 754 5270 fieri
792 5223 975 5270 tamen
1013 5222 1218 5284 potest,
1249 5218 1310 5264 ut
1336 5210 1500 5266 etiam
1535 5209 1624 5262 ille
1657 5207 1985 5286 quibusdam
2007 5207 2058 5260 in
2081 5205 2218 5284 locis
2244 5216 2434 5260 nostro
2458 5206 2802 5288 etnendatior
2832 5205 2998 5261 fuerit
3029 5204 3298 5278 :ideoque
3320 5209 3569 5277 quaedam

259 5308 466 5363 intacta
502 5307 850 5377 reliquiums,
884 5304 1001 5360 sive
1027 5306 1171 5372 quod
1204 5302 1271 5355 ad
1308 5315 1530 5355 sensum
1569 5299 1706 5353 bene
1733 5299 2097 5367 quadrarent,
2130 5296 2246 5351 sive
2281 5296 2428 5366 quod
2454 5310 2559 5350 non
2602 5298 2785 5368 magni
2814 5307 3000 5352 essent
3034 5301 3321 5363 momenti,
3348 5300 3570 5355 etiamsi

261 5399 331 5454 ad
358 5396 610 5453 Gracum
644 5404 890 5450 nostrum
926 5393 1186 5448 Codicem
1220 5406 1326 5444 non
1360 5391 1585 5445 omnino
1627 5386 2016 5457 respondeant.
2041 5386 2443 5455 Nonnunquam
2485 5396 2670 5439 autem
2711 5386 2941 5457 margini
2974 5387 3248 5442 diversam
3281 5387 3571 5444 lectionem

261 5488 586 5558 adjecimus,
617 5485 781 5555 idque
822 5483 1167 5555 potissimum
1197 5497 1318 5535 cum
1349 5488 1580 5547 utraque
1614 5477 1830 5532 delendi
1863 5485 2046 5545 posset
2079 5493 2091 5528 :
2139 5476 2321 5544 priore
2355 5476 2574 5544 quidem
2618 5475 2672 5528 in
2713 5486 2974 5530 contextu
3010 5477 3223 5541 relicta,
3257 5478 3352 5532 sed
3379 5481 3578 5546 hujus-

261 5577 409 5633 ntudi
442 5573 682 5647 notisj-l
720 5575 949 5634 inclusa,
985 5588 1154 5639 penes
1185 5571 1444 5626 lectorem
1499 5568 1766 5638 judicium
1807 5565 2199 5635 relinquentes,
2237 5574 2420 5620 utrutn
2459 5564 2613 5633 sequi
2659 5564 2831 5620 malit.
2874 5561 2984 5619 Sed
3015 5564 3127 5618 haec
3156 5565 3410 5630 fortasse,
3444 5572 3572 5620 dum

263 5667 502 5722 morosis
534 5679 830 5721 occurrere
865 5664 1175 5726 studemus,
1210 5660 1352 5730 apud
1400 5669 1545 5711 tuam
1583 5656 1910 5710 facilitatem
1954 5656 2183 5708 nimium
2230 5655 2418 5708 multa.
2458 5653 2602 5709 Bene
2645 5655 2786 5720 vale,
2820 5654 3052 5719 candide
3087 5652 3307 5721 Lector,
3354 5663 3410 5709 et
3454 5670 3576 5725 qua:

263 5770 366 5828 pro
399 5766 585 5812 nostra
619 5755 991 5825 qualicunque
1026 5750 1404 5808 mediocritate
1434 5751 1486 5803 in
1521 5748 1796 5817 publicam
1827 5745 2117 5801 utilitatem
2153 5742 2514 5816 proferimus,
2546 5745 2698 5812 boni,
2724 5754 2934 5823 quaeso.
2967 5746 3211 5802 consule.
3251 5744 3481 5802 Lutetia
3505 5761 3574 5802 ex

263 5860 456 5903 musco
491 5855 682 5902 nostro
716 5842 1048 5898 Turnaceusi
1099 5840 1255 5896 l5'i5.
1293 5840 1356 5895 Et
1393 5853 1609 5893 rursum
1649 5836 1808 5892 1359.
