4262 6432
322 404 427 471 m
1497 377 1583 461 tN'
1619 396 1904 462 vanus
1932 392 2381 458 LECTIONES.
3519 389 3624 456 13's
3666 373 3671 380 ’

317 515 480 571 facile
512 529 580 571 ac
615 523 728 569 tuto
763 512 1010 583 quisquis
1045 526 1140 569 eas
1173 510 1438 567 attentius
1464 510 1763 582 expendat,
1801 506 2053 580 judicare
2083 507 2311 578 poterit,
2333 582 2339 587 ι
2363 502 2648 560 abundare
2701 503 2863 568 alias,
2896 503 3223 586 plerumque
3257 504 3618 574 prolixiores,

317 617 497 672 neque
533 603 587 658 in
615 602 806 657 codice
835 599 1249 672 (Ecolampadii
1281 609 1533 670 repertas
1560 613 1683 655 esse
1717 615 1731 653 :
1765 597 2036 668 aliasque,
2073 595 2329 651 videlicet
2355 592 2658 660 breviores,
2707 600 2961 650 exstasse
3008 591 3303 666 plerasque
3342 592 3399 648 in
3431 592 3624 650 eodem

311 689 725 761 (Ecolampadii
754 688 970 755 codice,
1002 696 1193 757 utpote
1220 686 1430 743 Latina
1467 687 1641 759 ipsius
1689 681 2133 754 interpretationi
2169 680 2418 753 apprime
2461 681 2891 747 convenientes;
2935 690 2991 735 et
3042 680 3182 735 alias
3226 683 3445 735 demum
3475 696 3624 751 esse,

311 779 470 851 queis
503 794 610 835 non
651 778 869 834 modico
902 776 1274 833 emolumento
1319 785 1506 832 textus
1541 783 1775 845 uterque
1804 771 2008 842 corrigi
2051 775 2106 825 et
2137 768 2326 839 perlici
2375 769 2495 824 sine
2538 767 2709 823 dubio
2740 777 2946 838 potest.
3004 766 3146 822 Num
3173 782 3304 824 vero
3355 768 3624 826 lectiones

314 868 452 926 istas
484 865 953 939 Theopbylactum
985 866 1190 922 habere
1216 875 1526 938 parentem,
1567 863 1860 919 dicendum
1891 859 2098 916 fuerit?
2128 858 2279 914 Nihil
2319 858 2524 923 obstat,
2554 857 2854 928 quominus
2887 858 3198 926 breviores,
3246 857 3364 914 fere
3407 873 3621 926 omnes,

311 969 504 1011 revera
524 955 814 1025 scripserit
838 954 926 1009 ille
955 971 970 1009 :
1002 968 1193 1008 verum
1225 968 1324 1009 nec
1349 955 1596 1008 abnuere
1624 961 1733 1006 aut~
1756 950 2031 1014 volumus,
2059 955 2158 1002 aut
2204 947 2494 1013 audemus,
2538 947 2672 1016 quin
2703 945 2882 1016 ipsum
2934 945 3266 1015 prolixiores
3297 947 3497 1018 aliqua;
3523 948 3621 1002 de-

309 1052 476 1099 ceant
504 1042 671 1099 veluti
699 1053 1004 1109 auctorem,
1047 1057 1192 1114 quas
1233 1042 1424 1113 utique
1456 1052 1515 1098 et
1563 1049 1856 1096 contextus
1901 1036 2101 1094 alicubi
2134 1037 2430 1093 admittere
2455 1051 2520 1091 ac
2564 1051 2764 1093 sensus
2795 1036 3077 1107 postulare
3110 1037 3348 1093 videtur.
3389 1039 3458 1091 At
3506 1039 3624 1092 viro

307 1127 624 1186 clarissimo
650 1128 941 1200 plerasque
969 1129 1288 1185 tribuendas
1325 1145 1431 1185 non
1461 1142 1802 1195 esse,‘nemo
1838 1142 1944 1183 non
1989 1127 2208 1197 colligat
2236 1143 2301 1182 ex
2333 1128 2449 1196 ipsa
2482 1126 2608 1199 styli
2643 1126 2945 1198 aliquando
2983 1127 3347 1198 discrepantis
3384 1129 3623 1193 ratione,

309 1216 400 1272 vel
424 1217 593 1272 etiam
633 1217 806 1272 nimia
842 1216 1215 1272 enarrationis
1245 1218 1562 1286 prolixitate
1601 1219 1700 1272 abs
1741 1216 1903 1288 genio
1933 1214 2335 1287 Theophylacti
2383 1214 2585 1280 aliena,
2624 1213 2708 1270 vel
2740 1213 2886 1269 nulla
2925 1215 3146 1269 demum
3181 1229 3304 1285 qua:
3335 1227 3622 1282 appareat,

311 1304 608 1360 lectionum
646 1319 770 1360 cum
812 1305 1250 1375 praecedentibus
1285 1314 1340 1359 et
1381 1305 1850 1375 subsequentibus
1882 1303 2248 1359 connexione.
2301 1302 2530 1358 Fuerint
2567 1301 2745 1357 Graeci
2782 1302 3139 1374 posteriores,
3180 1304 3296 1373 qui,
3333 1303 3625 1374 TheOphy-

313 1390 445 1446 lacti
473 1390 726 1455 studiosi,
758 1407 883 1447 cum
910 1406 1049 1461 opus
1078 1392 1197 1462 ejus
1243 1392 1749 1447 animadverterent
1779 1405 1849 1447 ex
1888 1390 2148 1458 aliormn,
2188 1391 2543 1460 maximeque
2594 1390 3001 1462 Chrysostomi,
3038 1390 3199 1446 dictis
3242 1392 3624 1462 compilatum,

311 1479 588 1550 integrum
623 1479 729 1535 sibi
766 1493 890 1535 esse
922 1480 1199 1534 duxerunt
1229 1488 1288 1534 ut
1321 1479 1556 1550 margini
1589 1477 1984 1548 inscriberent,
2016 1494 2136 1548 qua:
2177 1487 2369 1550 postea
2425 1479 2478 1533 in
2528 1487 2738 1534 textum
2791 1478 3086 1548 irrepsere,
3133 1477 3219 1533 vel
3258 1479 3504 1549 propria,
3543 1480 3629 1532 vel

310 1568 535 1624 aliunde
571 1578 788 1639 sumpta
815 1568 1193 1626 additamenta
1229 1588 1242 1624 :
1278 1571 1501 1640 quibus,
1532 1585 1656 1640 qua:
1686 1571 1869 1626 minus
1899 1569 2072 1634 claua,
2104 1578 2196 1623 aut
2230 1575 2385 1623 certe
2411 1567 2682 1623 diminuta
2716 1565 3040 1622 videbantur
3088 1568 3144 1622 in
3175 1566 3628 1631 Commentariis.

310 1655 746 1712 illustrarentur.
781 1655 914 1723 Qua
939 1656 1069 1712 licet
1095 1657 1253 1714 nobis
1296 1659 1537 1714 arrideat
1582 1658 1880 1725 sententia,
1913 1657 2149 1726 pretium
2195 1665 2438 1712 attamen
2471 1671 2653 1727 operae
2696 1655 2825 1720 fuit,
2865 1665 2925 1711 ut
2965 1655 3246 1711 variantes
3283 1654 3626 1726 hujusmodi,

311 1743 432 1800 sive
461 1744 678 1810 breves,
710 1745 828 1800 sive
853 1743 1151 1816 longiores,
1185 1745 1308 1802 luce
1349 1745 1565 1817 publica
1597 1748 1953 1811 donaremus,
1986 1744 2220 1807 eruditis
2265 1743 2570 1810 lectoribus
2614 1743 3011 1813 relinquentes,
3050 1751 3107 1797 ut
3144 1758 3306 1798 suum
3340 1754 3395 1799 et
3429 1744 3532 1814 ipsi
3563 1746 3631 1798 de

314 1831 472 1886 hisce
490 1828 758 1901 judicium
796 1831 998 1899 ferant,
1030 1849 1102 1889 ex
1127 1833 1448 1905 eisdemque
1476 1849 1820 1905 quaecunque
1849 1835 2069 1889 demum
2104 1837 2234 1899 sint,
2272 1834 2658 1905 qualecunque
2694 1847 2894 1904 capere
2925 1831 3360 1889 emolumentum
3390 1833 3631 1889 valeant.

314 1916 512 1973 Varias
553 1918 823 1976 lectiones
856 1933 922 1976 ex
964 1922 1154 1976 codice
1186 1921 1450 1977 Patavino
1477 1921 1901 1992 diligentissime
1950 1922 2303 1992 maximaque
2351 1923 2574 1978 solertia
2632 1922 2853 1990 collegit
2890 1935 3086 1977 omnes
3125 1923 3209 1976 vir
3265 1921 3632 1990 clarissimus,

309 2021 481 2077 quem
524 2009 751 2065 honoris
780 2024 947 2065 causa
989 2012 1363 2077 nominamus,
1408 2011 1470 2065 Ι).
1509 2012 1841 2068 Athanasius
1878 2011 2246 2076 Peristianus,
2281 2011 2527 2082 ejusdem
2569 2020 2777 2066 sancta:
2819 2007 3051 2067 JUSIintB
3084 2010 3390 2066 monachus
3420 2010 3634 2066 ordinis

320 2096 515 2151 Sancti
546 2094 856 2161 Benedicti,
889 2107 944 2154 et
982 2099 1326 2155 bibliotheca:
1366 2109 1556 2156 custos
1589 2117 1604 2154 :
1631 2115 1824 2155 earum
1857 2115 2010 2167 vero,
2045 2116 2182 2171 quas
2214 2101 2303 2156 hic
2333 2101 2552 2166 damus,
2607 2101 2880 2154 delectum
2934 2099 3064 2154 fecit
3095 2098 3159 2155 P.
3197 2099 3512 2156 Bonifacius
3541 2099 3634 2155 Fi-

313 2184 454 2240 netti
503 2185 683 2240 ordiu.
727 2183 960 2242 Prmdic.
998 2187 1073 2242 De
1103 2187 1312 2243 codicis
1359 2186 1518 2256 hujus
1548 2189 1888 2256 praestantia,
1939 2203 2103 2258 quam
2137 2189 2512 2258 peritissimus
2541 2189 2860 2246 Bernartius
2907 2187 3377 2254 Montfauconius,
3421 2190 3636 2246 ordinis

309 2273 372 2329 S.
409 2273 693 2330 Benedicti
727 2285 913 2331 asceta
961 2273 1383 2344 Santnauraaus,
1409 2278 1462 2332 in
1506 2276 1696 2332 Diario
1733 2276 1929 2332 Italico
1978 2286 2212 2334 testatus
2240 2285 2346 2343 est,
2387 2277 2505 2350 lege
2534 2292 2657 2348 qua:
2687 2277 2887 2347 praevia
2940 2277 2996 2332 in
3047 2276 3452 2334 Dissertationc
3487 2274 3634 2334 dicta

311 2373 445 2417 sunt
487 2378 638 2419 num.
679 2362 753 2420 52
792 2361 893 2434 (α).
934 2363 1107 2420 Porro
1153 2362 1274 2433 ejus
1304 2363 1489 2430 varias
1537 2365 1804 2421 lectiones
1857 2366 1929 2421 ita
1960 2363 2171 2422 Latinae
2203 2365 2620 2437 (Ecolampadii
2658 2366 2924 2434 versioni,
2968 2366 3059 2422 ubi
3109 2366 3375 2422 intactam
3413 2368 3639 2438 reliquit

309 2465 436 2505 eant
473 2449 787 2532 Montanus,
820 2453 1027 2523 passim
1049 2453 1411 2519 conveniunt,
1437 2462 1500 2509 ut
1524 2454 1700 2509 codici
1731 2450 1949 2522 Graeco,
1986 2471 2094 2525 quo
2127 2471 2260 2512 usus
2293 2465 2380 2511 cst
2406 2457 2621 2526 primus
2651 2449 2946 2526 interpres,
2983 2448 3427 2522 dici-Patavinus
3450 2458 3637 2514 multis

312 2539 372 2595 in
425 2539 565 2596 locis
607 2540 806 2596 debeat
853 2540 1204 2608 simillimus;
1233 2557 1425 2599 verum
1457 2551 1514 2599 et
1543 2543 1721 2614 ipsum
1760 2543 1960 2599 alicubi
2001 2544 2230 2616 corrigit
2267 2554 2324 2600 et
2364 2544 2605 2614 perlicit.
2651 2543 2834 2601 Unum
2871 2545 3146 2615 superest,
3187 2543 3254 2602 de
3288 2557 3400 2614 quo
3438 2542 3639 2600 Lector

312 2627 619 2684 benevolus
648 2638 926 2699 postremo
963 2629 1085 2684 loco
1116 2629 1498 2686 admonendus
1529 2639 1617 2686 est
1649 2619 2091 2691 {adnotationes
2120 2648 2218 2689 eas
2239 2648 2459 2705 nempe,
2482 2642 2578 2689 aut
2599 2633 3042 2709 emendationes,
3082 2648 3221 2704 quas
3258 2631 3313 2688 in
3343 2631 3642 2689 Commen-

316 2716 476 2773 tariis
515 2718 582 2772 ad
634 2718 937 2790 marginem
979 2719 1298 2776 inferiorem
1337 2720 1623 2791 appositas
1656 2721 1883 2777 exhibet
1913 2724 2082 2778 editio
2123 2720 2357 2786 Veneta,
2398 2724 2549 2778 edito
2597 2722 2855 2778 Romano
2898 2723 3072 2778 textui
3130 2721 3325 2778 Graeco
3361 2737 3641 2779 consonas

313 2819 442 2861 esse
476 2818 492 2865 :
523 2820 827 2878 earumque
867 2821 973 2862 non
1009 2822 1212 2878 paucas
1265 2807 1614 2878 praetermitti
1646 2809 1916 2879 pctuisse,
1964 2825 2091 2868 cum
2137 2811 2332 2866 Latina
2374 2813 2529 2882 prior
2560 2811 2976 2882 interpretatio,
3028 2826 3194 2880 quam
3222 2811 3506 2866 emendari
3545 2820 3646 2866 aut

315 2894 602 2950 meliorem
644 2893 774 2952 fieri.
804 2896 1065 2951 censebat
1098 2897 1414 2964 adnotator,
1454 2898 1673 2952 tametsi
1700 2913 1729 2953 a
1757 2898 2006 2956 Romano
2035 2909 2185 2956 textu
2229 2898 2470 2964 dill'erat,
2522 2899 2864 2958 variantibus
2898 2906 3080 2956 tamen
3113 2899 3465 2966 lectionibus,
3503 2915 3643 2975 quas

319 2983 451 3041 aliis
479 2999 547 3042 ex
589 2984 877 3043 codicibus
898 2985 1106 3045 Graecis
1134 2987 1349 3055 damus,
1382 2987 1707 3058 plerumque
1736 2988 2048 3045 conveniat.

392 3186 479 3263 (tl)
515 3187 1096 3266 Versiculiaequentes
1130 3191 1183 3248 in
1219 3191 1321 3249 hoc
1355 3194 1544 3250 codice
1577 3203 1802 3251 exstant
1841 3203 1968 3251 ante
1991 3193 2464 3253 Commentariun
2496 3195 2552 3250 in
2577 3194 2844 3250 Joannem
2882 3215 2893 3248 :

1233 3322 1562 3390 EﬁJnxtor
1591 3321 1872 3390 ἐξήγημα
1911 3319 2018 3375 τοῦ
2052 3313 2438 3384 Βουλγαρίας

1239 3393 1637 3463 Εὐαγτελίωτ
1667 3395 1790 3448 τῶν
1822 3394 1976 3449 κατὰ
2026 3390 2324 3463 Ἰῳάννηγς
2354 3399 2368 3463 ς

1242 3467 1311 3534 ’ῼ
1349 3457 1567 3531 άᾱτρὶς
1596 3461 1677 3534 ἦν
1707 3467 1961 3529 Εὔϐοια,
1992 3462 2092 3534 καὶ
2117 3457 2473 3534 βίοςνλᾴγοι,

1242 3533 1414 3603 Θεῖος
1445 3535 1515 3590 δέ
1544 3533 1793 3605 κλῆρος,
1812 3535 1926 3592 καὶ
1955 3533 2149 3604 τάφος
2180 3533 2552 3599 Βούλταρία.

1239 3650 1557 3711 Ρηεειαηη
1588 3653 2025 3709 Commentarios
2053 3641 2449 3718 archiepiscopi
2478 3641 2755 3713 Bulgaria

1247 3722 1523 3797 Evangelii
1558 3727 1849 3797 secundum
1883 3723 2147 3797 Joannem
2172 3741 2192 3779 :

1241 3795 1343 3869 Qui
1368 3795 1546 3866 patria
1579 3798 1682 3869 fuit
1719 3796 1938 3869 Euboea,
1966 3798 2075 3869 vita
2101 3796 2314 3869 littere,

1242 3864 1375 3923 sm
1398 3864 1597 3936 divina,
1627 3875 1674 3922 et
1700 3868 2001 3938 sepulcrum
2029 3865 2312 3938 Bulgaria.

397 3976 804 4060 Cum_duhitari
832 3979 921 4034 vix
955 3980 1147 4060 possit,
1175 3993 1274 4060 pro
1299 3977 1470 4060 Εῠρια
1489 3979 1778 4060 legendum
1809 3979 2040 4060 Εὗσοιᾳ,
2069 3982 2080 4034 λ

1964 4000 2040 4060 ta,
2069 3980 2294 4060 Ealiwa,
2322 3993 2380 4039 ut
2407 3983 2461 4039 in
2493 3982 2980 4060 Latina__versione
3003 3997 3242 4060 positum
3260 4001 3386 4060 est;
3420 3992 3547 4049 hinc
3578 4010 3647 4052 ex

325 4048 434 4104 hoc
459 4050 654 4130 codice
701 4045 1315 4130 (praesertim_si'tanta_i
1343 4053 1416 4106 sit
1443 4045 1814 4130 antiquitatis,
1848 4045 2072 4130 quantae
2123 4045 3195 4130 illum'esseputavitMontiauconius).
3236 4045 3652 4120 vindemia}:

323 4129 509 4201 matur
537 4119 837 4185 sententia,
877 4136 998 4191 qua
1025 4119 1500 4201 Theophylactum
1524 4119 1788 4201 Chalcide
1846 4119 2162 4201 i_h_Eu_ba:a,
2188 4138 2311 4201 seu;
2335 4127 2389 4181 iu
2420 4119 2542 4201 alio
2569 4130 2828 4200 quopiam
2857 4146 3025 4201 prope
3062 4119 3334 4199 Euripum
3364 4119 3648 4190 Chalcidi-

322 4207 446 4275 cum
480 4191 619 4255 loco,
659 4201 847 4275 ortum
876 4205 999 4247 esse
1033 4193 1197 4275 tradit
1231 4191 1544 4275 {perquam
1571 4194 1722 4250 enim
1751 4195 2060 4275 _verisimi_le
2087 4207 2192 4263 est,
2222 4196 2382 4275 hujus
2410 4191 2634 4275 Codicis
2662 4191 3016 4275 scriptorem,
3037 4217 3134 4258 seu
3163 4191 3483 4275 quicunque
3503 4209 3651 4264 alius

326 4261 520 4346 horum
543 4262 967 4346 versiculorum
994 4273 1186 4346 auctor
1213 4261 1508 4346 exnstiterit,
1536 4266 1814 4346 memoria:
1867 4261 2228 4346 consigttaBSe
2291 4261 2344 4323 id
2405 4272 2548 4346 quod
2603 4261 3198 4346 pervulgatjum'_erat'
3229 4289 3333 4331 suo
3383 4261 3648 4346 tempore,

321 4345 468 4455 3:3“
491 4331 1082 4458 vxoranil'beophylacli
1146 4336 1322 4404 patria
1377 4344 1508 4392 nota
1562 4336 1789 4393 cuilibet
1835 4351 1959 4394 esse
1993 4331 2156 4397 facile
2190 4331 2570 4412 poteratfH-ac
2603 4331 2694 4399 'de
2753 4331 2831 4399 re'
2854 4343 2978 4402 vide
3020 4331 3478 4404 Dissertationem
3498 4331 3649 4421 prs:

532 5963 810 6028 Parnm.
846 5965 966 6029 (in.
1003 5967 1281 6030 CXXIII.
