4262 6432
267 358 374 425 its
951 357 1405 420 ENAttaATto
1448 356 1530 418 1N
1573 352 2088 425 EVANGELIUM
2125 354 2518 414 MATTILEI.
2565 377 2632 387 —
2674 353 2834 412 car.
2876 352 2920 410 t.
3470 335 3605 410 -146

260 473 360 527 καὶ
390 470 458 524 τὰ
493 470 598 542 ἢθη
635 467 793 540 ἡμῶν
826 468 1197 539 διαφθαρῆναι
1269 468 1537 535 εὐδέκησε
1573 466 1858 539 γραφῆναι
1888 467 1936 526 Δ

1903 467 2145 532 Lopertc
2184 464 2418 533 pretiunt
2475 464 2652 517 visum
2712 472 2837 525 est,
2891 461 2943 530 2
2986 467 3046 514 tit
3075 460 3452 518 scriberentur
3531 472 3586 514 et

258 565 330 619 ταὶ
362 563 672 632 Εύαγγέλια
697 601 714 627 ,
745 562 836 614 ἵνα
866 562 931 613 ὲκ
957 560 1165 614 τούτων
1191 559 1580 630 διδασκόμενοι
1605 560 1708 628 τὴν
1735 559 1870 627 ἀλή-

1977 555 2292 626 Evangclia,
2339 571 2448 626 quo
2501 554 2784 609 discentes
2833 569 2900 608 ex
2952 553 3062 607 illis
3110 552 3421 619 veritatem,
3477 568 3585 606 non

259 639 418 714 θειαν
438 701 452 724 ,
490 656 564 728 μὴ
597 654 1015 726 παρασυρῶμεν
1047 653 1155 707 ὑπὸ
1180 652 1276 706 τοῦ
1309 652 1545 723 ψεύδους
1571 652 1682 705 τῶν
1711 649 1868 721 αἱρέ-

1977 650 2260 705 ltzrreseon
2295 649 2601 704 mendaciis
2635 648 3036 716 deciperentur,
3069 661 3366 716 moresque
3415 647 3586 702 nostri

261 770 427 815 σεων,
457 750 591 821 μηδὲ
619 748 904 808 παντελῶς
929 745 1276 817 διαφθαρῶσι
1299 745 1368 799 τὰ
1394 745 1500 818 ἢθη
1531 747 1711 816 ἡμῶν.
1737 745 1872 798 Τέσ·

1976 756 2083 797 non
2117 757 2340 812 prorsus
2373 742 2862 808 pessundarentur.
2901 739 3149 806 Quatuor
3181 749 3369 793 autem
3420 738 3593 792 Evan-

262 861 408 915 σαρα
444 843 503 896 δὲ
537 842 771 895 δέδωκεν
807 841 942 910 ἡμῖν
978 837 1296 908 Εύαγγέλια
1318 877 1333 900 ,
1370 838 1566 908 τυχὸν,
1603 837 1741 890 διότι
1772 835 1872 900 τας

1977 835 2119 904 gelia
2149 836 2305 890 nobis
2340 834 2512 900 dedit,
2537 833 2790 890 fortassis
2827 833 2970 898 ideo,
2996 835 3123 902 quia
3149 841 3392 903 quatuor
3421 833 3589 889 virtu-

262 935 566 998 καθολικὰς
598 935 876 1004 τέσσαρας
914 929 1116 1000 ἀρετὰς
1155 932 1220 983 ὲκ
1251 929 1460 983 τούτων
1497 928 1871 1000 μανθάνομεν,

1980 946 2061 992 tes
2092 935 2431 991 universales
2465 950 2530 990 ex
2567 934 2648 990 eis
2680 933 2966 996 discimus,
3001 930 3412 996 fortitudinem,
3456 948 3594 1002 pru-

261 1031 366 1102 τὴν
392 1028 672 1101 ἀνδρείαν,
698 1026 799 1096 τὴν
823 1025 1107 1096 φρόνησιν,
1137 1022 1237 1093 τὴν
1260 1020 1627 1092 δικαιοσύνην,
1653 1020 1750 1075 καὶ
1773 1020 1876 1092 τὴν

1979 1029 2244 1094 dentiam,
2277 1027 2547 1099 justitiam
2595 1039 2648 1082 et
2698 1026 3142 1095 temperantiam.
3195 1024 3596 1082 Fortitudinem

266 1122 652 1196 σωφροσύνην.
680 1121 722 1173 Τ
726 1120 792 1190 ὴν
817 1117 918 1190 μὲν
945 1116 1220 1188 ἀνδρείαν,
1251 1117 1381 1169 ὅταν
1411 1115 1548 1187 λέγῃ
1568 1117 1596 1169 ὁ
1627 1113 1832 1188 Κύριος
1856 1129 1873 1146 ·

1981 1122 2227 1192 quidem,
2267 1137 2391 1176 cum
2425 1122 2556 1175 dicit
2592 1122 2853 1177 Dominus
2905 1139 2919 1175 :
2959 1139 2982 1172 ιΔ
3008 1120 3089 1175 Ne
3151 1120 3455 1176 timueritis
3503 1134 3598 1174 eos

269 1236 289 1270 ι
324 1217 422 1287 Μὴ
449 1214 704 1286 φοϐεῖσθε
735 1211 847 1266 ἀπὸ
871 1209 982 1264 τῶν
1007 1207 1445 1263 ἀποκτεινόντων
1471 1208 1533 1260 τὸ
1567 1206 1751 1276 σῶμα,
1775 1207 1876 1276 τὴν

1983 1213 2077 1283 qui
2137 1211 2400 1268 occidunt
2455 1226 2676 1282 corpus,
2753 1211 2992 1264 animam
3067 1218 3252 1264 autem
3347 1207 3599 1262 occidere

263 1310 322 1364 δὲ
357 1309 540 1380 ψυχὴν
575 1307 652 1378 μὴ
686 1303 1006 1375 δυναμένων
1036 1301 1384 1353 ἀποκτείναι.
1429 1319 1446 1350 ι
1485 1298 1598 1369 Τὴν
1644 1299 1701 1351 δὲ
1739 1297 1877 1370 φρό-

1986 1319 2094 1358 non
2141 1304 2408 1373 possunt'
2463 1320 2475 1353 :
2534 1323 2552 1356 ι
2606 1303 2955 1374 prudentiam
3008 1317 3163 1364 vero,
3220 1301 3444 1369 quando
3498 1299 3594 1352 all-

265 1421 449 1474 νησιν,
498 1403 628 1456 ὅταν
677 1399 962 1468 παραινῇ“
1023 1415 1041 1447 ι
1081 1394 1306 1448 Γίνεσθε
1363 1393 1646 1463 φρόνιμοι,
1699 1391 1776 1454 ὡς
1828 1393 1877 1445 oi

1985 1405 2169 1454 monet
2203 1416 2215 1452 :
2250 1417 2268 1449 ι
2300 1398 2490 1452 Estote
2518 1395 2844 1466 prudentes,
2881 1405 2940 1449 ut
2974 1396 3300 1465 serpentes’
3339 1412 3351 1448 :
3388 1413 3406 1444 ι
3434 1393 3599 1460 Ῑιιειὶ-

265 1494 452 1557 ὄφεις.
489 1510 507 1542 ι
538 1491 651 1561 τὴν
675 1489 732 1542 δὲ
763 1485 1140 1554 δικαιοσύνην.
1170 1484 1300 1537 όταν
1325 1482 1590 1554 διδάσκῃο
1630 1501 1646 1534 ι
1679 1481 1879 1544 Καθὼς

1987 1494 2116 1548 tiam
2154 1504 2359 1558 autem,
2406 1490 2629 1561 quando
2647 1492 2807 1546 docet
2835 1511 2847 1544 :
2879 1509 2898 1542 ι
2933 1489 3088 1545 Sicut
3114 1490 3278 1544 vultis
3304 1497 3358 1544 ut
3400 1487 3604 1543 iaciant

276 1581 468 1634 θέλετε
500 1580 586 1633 ἵνα
616 1578 846 1632 ποιῶσιν
873 1578 1006 1647 ύμῖν
1029 1577 1076 1628 al
1109 1574 1410 1645 ἄνθρωποι,
1441 1574 1534 1626 καὶ
1561 1575 1724 1645 ὑμεῖς
1753 1591 1878 1627 ποι-

1986 1585 2142 1640 vobis
2175 1583 2444 1647 homines,
2491 1581 2563 1637 ita
2593 1591 2648 1637 et
2682 1597 2779 1636 vos
2827 1581 2992 1637 facile
3020 1583 3099 1636 eis
3131 1584 3151 1613 ⁸
3183 1599 3196 1636 :
3238 1603 3254 1632 ι
3290 1590 3604 1648 temperan-

268 1676 384 1728 εἴτε
417 1675 603 1734 αὐτοῖς
629 1671 856 1742 ὁμοίως.
893 1689 910 1721 ι
942 1669 1056 1740 Τὴν
1078 1668 1136 1722 δὲ
1168 1667 1557 1738 σωφροσύνην,
1583 1668 1713 1722 ὅταν
1736 1668 1878 1722 ἀπο-

1989 1680 2119 1734 tiam
2151 1692 2390 1748 quoque,
2422 1675 2642 1744 quando
2670 1674 2908 1729 afﬁrmat
2960 1695 2973 1730 ε
3017 1694 3036 1727 ι
3067 1673 3262 1730 Omnis
3283 1673 3375 1742 qui
3438 1689 3600 1739 aspe-

271 1770 568 1840 φαίνηται·
595 1786 612 1819 ι
639 1767 697 1821 '0
724 1765 1006 1837 ἐμϐλέψας
1030 1763 1262 1834 γυκαικὶ
1288 1763 1426 1833 πρὸς
1448 1761 1511 1816 τὸ
1536 1760 1882 1831 ἐπιθυμῆσαι
1917 1818 1954 1840 ἢ

1921 1818 1958 1840 η
1989 1769 2133 1825 xerit
2164 1768 2476 1833 mulierem,
2509 1778 2566 1821 ut
2596 1769 2952 1837 concupiscat
2985 1767 3256 1836 eam,jain
3295 1769 3604 1823 moechatus

271 1818 480 1934 αὐτῆς,
512 1863 615 1933 ήδη
649 1818 1178 1932 ἐμοίχευσενυαύτὴν
1208 1858 1267 1911 ὲν
1297 1818 1363 1928 ei)
1395 1818 1596 1928 καρδίᾳ
1626 1818 1818 1910 αὑτοῦ.
1857 1873 1876 1905 ι
1915 1818 1954 1876 Β

1922 1818 2075 1918 Best
2144 1876 2266 1916 eam
2322 1861 2376 1916 in
2426 1860 2590 1916 corde
2632 1876 2733 1916 suo
2755 1862 2799 1916 ⁸.
2873 1880 2892 1913 ι
2962 1861 3083 1916 Alio
3146 1875 3370 1932 quoque
3426 1861 3605 1914 modo.

272 1957 390 2009 Καὶ
417 1954 594 2018 ἄλλως
616 1953 681 2033 ’δὲ
707 1972 720 1985 ·
767 1952 1029 2023 Τέσσαρὰ
1052 1952 1193 2006 εἰσιν
1229 1950 1568 2020 Εύαγγέλια,
1593 1950 1730 2004 διότι
1759 1947 1886 2002 στύ-

1992 1952 2240 2019 Quatuor
2269 1959 2398 2008 sunt
2428 1951 2745 2024 Evangelia,
2804 1955 2932 2024 quia
2987 1955 3103 2023 ipsa
3161 1964 3288 2009 sunt
3339 1953 3613 2008 columnae

273 2049 362 2103 λοι
396 2049 506 2103 sici
539 2048 716 2103 ταῦτα
750 2045 848 2100 τοῦ
888 2046 1120 2117 κόσμου.
1155 2044 1264 2099 Τοῦ
1299 2044 1356 2098 δὲ
1392 2044 1604 2116 κόσμου
1638 2043 1887 2113 τέσσαρα

1995 2047 2204 2108 mundi.
2233 2045 2372 2101 Cum
2405 2054 2588 2102 autem
2617 2051 2858 2103 mundus
2891 2057 3125 2117 quatuor
3157 2055 3343 2119 partes
3379 2049 3604 2105 haheat.

278 2143 426 2215 μέρη
458 2141 707 2211 Εχοντος,
745 2137 1040 2209 Ἀνατολὴν
1059 2177 1074 2201 ,
1108 2135 1272 2190 Δύσιν
1291 2179 1306 2202 ,
1333 2137 1576 2208 Ἀρκτον
1616 2135 1711 2188 καὶ
1771 2133 1888 2188 Με-

1994 2141 2297 2206 Orientem,
2363 2139 2740 2208 Occidentem,
2798 2144 3267 2212 Septentrionem,
3335 2152 3387 2198 et
3451 2141 3614 2196 Mei-i-

279 2235 586 2306 σημϐρίαν,
615 2233 858 2302 ἔπρεπεν
887 2227 1027 2284 εἶναι
1056 2232 1152 2284 καὶ
1175 2231 1304 2293 τοὺς
1333 2229 1562 2293 στύλους
1588 2229 1886 2299 τέσσαρας.

1994 2234 2138 2289 diem
2166 2234 2267 2306 (a),
2287 2234 2582 2290 decebatet
2611 2236 2895 2292 columnas
2919 2247 3157 2307 quatuor
3195 2251 3340 2291 esse.
3372 2236 3493 2288 Alio
3520 2237 3615 2288 dc-

279 2328 394 2383 Καὶ
428 2325 608 2389 ἄλλως
639 2326 697 2379 δέ
724 2342 740 2358 ·
774 2325 1029 2395 Τέσσαρὰ
1068 2327 1208 2377 εἰσιν
1240 2323 1557 2393 Εὐαγγέλια
1578 2362 1592 2386 ,
1624 2321 1759 2375 διότι
1795 2321 1891 2374 καὶ

1998 2332 2161 2400 nique
2185 2331 2370 2386 modo.
2397 2331 2643 2398 Quatuor
2662 2341 2786 2384 sunt
2807 2329 3122 2400 Evangelia,
3145 2331 3401 2400 quoniam
3429 2340 3476 2383 et
3503 2331 3619 2383 huc

280 2420 529 2490 τέσσαρα
595 2417 771 2472 ταῦτα
816 2418 1098 2489 περιέχει·
1138 2418 1307 2486 ἦγουν
1340 2417 1608 2487 δόγματα,
1646 2414 1892 2481 ἐντολὰς,

1997 2430 2235 2488 quatuor
2263 2421 2586 2476 continent:
2635 2420 2911 2484 videlicet,
2943 2421 3276 2485 doctrinam,
3331 2423 3615 2481 mandata,

281 2513 521 2577 ἀπειλὰς
542 2554 555 2575 ,
592 2511 689 2565 καὶ
725 2510 1065 2579 ἐπαγγελίας
1088 2528 1100 2542 ·
1141 2512 1238 2566 καὶ
1268 2512 1385 2574 τοῖς
1425 2511 1525 2580 μὲν
1559 2507 1892 2561 πιστεύσασι

2001 2513 2202 2578 minas,
2236 2519 2292 2567 et
2325 2512 2754 2582 promissioues;
2787 2524 2840 2569 et
2871 2515 2939 2569 iis
2971 2515 3188 2584 quidem
3230 2517 3321 2583 qui
3357 2516 3619 2569 doctrina:

281 2608 399 2668 τοῖς
423 2605 685 2673 δόγμασι,
713 2605 809 2656 καὶ
833 2604 931 2666 τὰς
960 2603 1184 2668 ἐντολὰς
1208 2605 1505 2675 τηρήσασι,
1532 2602 1600 2656 τὰ
1629 2602 1895 2673 μέλλοντα

2002 2604 2164 2660 [idem
2227 2605 2599 2673 adhibuerim,
2659 2608 2864 2677 quique
2938 2609 3189 2662 mandata
3255 2607 3619 2668 servaverint.

283 2698 471 2766 ἀγαθὰ
516 2695 948 2765 ἐπαγγέλλονται
973 2713 988 2729 ·
1031 2699 1148 2761 τοῖς
1190 2697 1249 2751 δὲ
1293 2696 1371 2768 μὴ
1413 2695 1744 2750 πιστεύσασι
1784 2698 1896 2760 τοῖς

2002 2697 2184 2752 futura
2245 2698 2384 2753 bona
2430 2700 2866 2770 promittuntur:
2913 2703 2980 2757 iis
3021 2718 3150 2757 vero
3205 2703 3295 2772 qui
3356 2703 3623 2757 doctrinm

285 2793 580 2862 δόγμασιν,
607 2790 639 2861 ἢ
666 2791 765 2855 τὰς
797 2790 1018 2855 ὲντολάς
1050 2793 1127 2862 μὴ
1155 2791 1481 2860 φυλάξασιν,
1509 2791 1567 2844 αἱ
1603 2790 1898 2861 μέλλουσαι

2005 2805 2110 2844 non
2143 2789 2495 2854 crediderint,
2544 2805 2645 2844 nec
2695 2793 2952 2846 mandata
3005 2793 3374 2856 servaverint,
3439 2791 3621 2846 futura

288 2884 646 2941 ἀπειλοῦνται
679 2883 954 2948 κολάσεις.
1014 2884 1352 2952 Εὑαγγέλιον
1382 2883 1438 2936 δὲ
1470 2882 1729 2952 λέγεται,
1762 2883 1899 2938 διότι

2011 2887 2361 2941 intentantur
2402 2887 2693 2955 supplicia.
2735 2888 2805 2940 At
2839 2903 2971 2941 vero
2997 2886 3356 2957 Evangelium
3396 2887 3621 2947 dicitur,

287 2980 548 3051 ἀγγέλλει
580 2980 713 3050 ἡμῖν
743 2979 1050 3049 πράγματα
1081 2973 1141 3032 εὖ
1161 2979 1258 3031 καὶ
1279 2977 1463 3043 καλῶς
1494 2977 1711 3049 ἔχοντα,
1740 2995 1900 3032 τοξοτ-

2007 2995 2072 3036 eo
2101 2981 2245 3052 quod
2275 2981 2491 3035 nuntiet
2547 2982 2712 3036 nobis
2767 2996 2854 3036 res
2903 2996 3217 3051 prosperas,
3268 2988 3326 3035 et
3375 2984 3512 3034 bene
3560 2994 3618 3032 se

291 3073 444 3129 ἐστιν
476 3071 661 3142 ἀγαθὰ
683 3113 698 3137 ,
766 3070 966 3142 ἄφεσιν
999 3073 1322 3142 ἁμαρτιῶν,
1354 3071 1678 3138 δικαίωσιν,
1716 3072 1904 3126 ἄνοδον

2009 3074 2295 3140 habentes,
2333 3074 2438 3130 huc
2467 3083 2550 3130 est
2581 3075 2759 3129 bona:
2796 3090 2992 3145 nempe
3022 3074 3403 3130 remissionem
3444 3086 3628 3141 pecca-

295 3167 377 3230 είς
416 3167 720 3237 οὐρανοὺς,
757 3164 1034 3218 υἱοθεσίαν
1068 3165 1231 3222 Θεοῦ.
1269 3166 1555 3236 Ἀγγέλλει
1587 3165 1645 3221 δὲ
1682 3167 1780 3220 καὶ
1817 3167 1900 3220 ὅτι
1927 3178 1972 3243 C

1946 3178 1972 3243 ζ
2010 3179 2212 3234 torum,
2244 3169 2540 3239 justitiam,
2579 3169 2812 3223 reditum
2847 3170 2899 3223 in
2927 3169 3124 3234 cmlos,
3180 3167 3534 3237 adoptionem
3577 3183 3629 3218 ιιι

296 3259 539 3322 εὐκόλως
581 3259 761 3314 ταῦτα
806 3257 1182 3329 λαμϐάνομεν.
1228 3260 1321 3331 Μὴ
1370 3259 1481 3332 γὰρ
1526 3260 1908 3329 ἐκοπιάσαμεν

2018 3262 2158 3318 ﬁlios
2191 3261 2307 3317 Dei.
2347 3262 2576 3318 Nuntiat
2605 3272 2815 3326 autem,
2847 3262 2994 3332 quod
3034 3262 3194 3317 facile
3228 3271 3282 3316 et
3309 3261 3479 3332 gratis
3509 3260 3520 3312 l
3545 3273 3626 3315 at:

296 3356 462 3427 ἡμεῖς
496 3353 590 3405 ἐπὶ
619 3355 687 3424 τῇ
719 3353 912 3423 κτήσει
939 3352 1149 3406 τούτων
1181 3353 1290 3406 τῶν
1322 3352 1568 3422 ἀγαθῶν,
1603 3352 1635 3424 ἢ
1666 3352 1728 3417 ἐξ
1761 3352 1910 3406 ίδίων

2016 3357 2352 3428 accepimus,
2381 3371 2555 3426 neque
2593 3365 2783 3412 nostro
2819 3356 3009 3410 labore
3044 3357 3277 3411 assecuti
3308 3357 3482 3410 simus
3517 3356 3633 3408 lucc

301 3445 756 3519 κατορθωμάτων
783 3445 958 3498 ταῦτα
986 3445 1278 3515 ἒλάϐομεν,
1309 3445 1448 3500 ἀλλὰ
1477 3446 1665 3517 χάριτι
1695 3445 1791 3499 καὶ
1820 3463 1909 3516 φι-

2018 3449 2181 3515 hona,
2212 3464 2391 3518 neque
2415 3462 2480 3504 ea
2512 3463 2578 3504 ex
2614 3449 2818 3504 nostris
2874 3448 3253 3517 acceperimus
3308 3447 3466 3502 bonis
3494 3464 3630 3514 ope-

299 3539 624 3611 λανθρωπία
655 3536 823 3605 Θεοῦ,
856 3537 1201 3608 τηλικούτων
1231 3536 1458 3607 ἀγαθῶν
1489 3531 1832 3609 ἠξιώθημεν.

2018 3542 2192 3611 ribus,
2223 3543 2320 3599 sed
2358 3543 2532 3614 gratia
2594 3553 2650 3598 et
2698 3543 3078 3597 misericordia
3145 3541 3240 3597 Dei
3298 3542 3427 3595 talia
3498 3543 3636 3595 bona

1610 3688 1614 3689 ,
2018 3637 2301 3692 consecuti
2335 3635 2530 3691 simus.

376 3720 540 3776 Κατὰ
575 3717 908 3775 Ματθαῖον.
945 3719 1228 3790 Τέσσαρες
1269 3718 1369 3789 μέν
1403 3719 1544 3773 εἰσιν
1590 3719 1641 3772 οἱ
1680 3720 1914 3789 εὐαγγε-

2091 3729 2390 3785 Secundum
2427 3729 2764 3784 Hatthreum.
2807 3728 3054 3797 Quatuor
3094 3743 3219 3785 sunt
3269 3731 3638 3802 evangelista).

305 3814 491 3870 λισταί
514 3831 528 3845 ο
561 3814 772 3868 τούτων
805 3813 862 3866 δὲ
895 3815 943 3866 οἱ
982 3813 1083 3883 μὲν
1113 3812 1239 3876 δύο,
1275 3812 1558 3877 Ματθαῖος
1597 3814 1692 3870 καὶ
1730 3813 1914 3868 Ἰωάν-

2020 3838 2255 3894 quorum
2285 3825 2418 3888 duo,
2452 3823 2745 3880 Matthacus
2777 3835 2840 3878 et
2886 3823 3151 3886 Joannes,
3199 3842 3262 3877 ex
3315 3839 3546 3879 numero
3590 3835 3645 3877 et

305 3924 428 3979 νης,
458 3903 598 3978 ἦσαν
625 3909 689 3962 ὲκ
715 3906 809 3960 τοῦ
841 3907 1008 3978 χοροῦ
1035 3905 1146 3960 τῶν
1170 3905 1405 3962 δώδεκα.
1436 3907 1502 3960 Οἱ
1530 3906 1588 3962 δὲ
1612 3905 1728 3973 δύο,
1755 3906 1916 3978 Μάρ-

2021 3919 2193 3975 choro
2249 3918 2536 3974 duodecim
2586 3929 2762 3974 sunt:
2807 3920 2896 3972 alii
2958 3934 3088 3973 vero
3149 3922 3281 3981 duo,
3322 3919 3538 3971 Marcus
3592 3928 3645 3970 et

306 4017 406 4063 κος
435 4001 582 4071 φημὶ
615 4002 711 4054 καὶ
740 4001 981 4067 Λουκᾶς,
1015 4000 1080 4053 ἐκ
1109 3999 1220 4054 τῶν
1250 3995 1775 4076 ἑϐδομήκοντα.⁹Ην
1801 4002 1858 4056 δὲ
1888 4002 1918 4054 ὁ

2024 4011 2218 4078 Lucas,
2250 4026 2314 4067 ex
2340 4013 2710 4084 septuaginta.
2747 4012 2881 4068 Erat
2916 4023 3098 4068 autem
3141 4013 3370 4067 Marcus
3403 4011 3644 4080 discipu-

309 4093 413 4164 μὲν
447 4091 676 4164 Μάρκος
712 4092 1006 4155 ἀκόλουθος
1041 4094 1139 4146 καὶ
1178 4093 1431 4164 μαθητὴς
1472 4094 1684 4166 Πέτρου
1710 4113 1724 4127 ο
1793 4095 1822 4148 ό
1858 4094 1918 4148 δὲ

2027 4107 2112 4160 lus
2145 4117 2202 4162 et
2237 4120 2422 4160 centes
2458 4105 2629 4172 Petri,
2678 4105 2855 4161 Lucas
2909 4123 3040 4162 vero
3077 4106 3248 4161 Pauli.
3295 4105 3464 4175 Igitur
3513 4104 3647 4158 Mat-

309 4183 554 4248 Λουκᾶς,
589 4184 826 4239 Παύλου.
858 4185 925 4239 ⁰Ο
951 4183 1132 4239 τοίνυν
1164 4184 1450 4251 Ματθαίος
1471 4227 1486 4252 ,
1521 4187 1742 4259 πρῶτος
1774 4188 1915 4242 πάν-

2026 4199 2199 4254 ιιιεευε
2220 4199 2464 4254 omnium
2497 4198 2706 4269 primus
2729 4200 2954 4268 scripsit
2982 4198 3338 4270 Evangelium
3374 4197 3648 4252 llcbraico

307 4292 420 4330 των
444 4275 652 4346 ἔγραψε
678 4277 739 4329 τὺ
773 4276 1113 4347 Εύαγγέλιον
1136 4278 1379 4348 Ἐϐραΐδι
1408 4281 1562 4351 φωνῇ
1586 4321 1603 4346 ,
1628 4280 1767 4353 πρὸς
1791 4283 1918 4346 τοὺς

2028 4292 2286 4348 idiomate
2312 4294 2379 4346 ad
2409 4308 2503 4348 eos
2532 4293 2627 4362 qui
2690 4309 2757 4348 ex
2812 4292 3058 4348 liebrrcis
3099 4293 3473 4355 crediderant,
3527 4301 3650 4345 orto

311 4367 374 4432 ἐξ
407 4367 679 4436 Ἐϐραίων
716 4367 1146 4435 πιστεύσαντας,
1189 4371 1328 4440 μετὰ
1366 4370 1513 4425 ὀκτὼ
1551 4372 1649 4444 ἐτη
1686 4376 1788 4443 τῆς
1825 4375 1920 4428 τοῦ

2029 4387 2187 4440 annis
2223 4396 2345 4456 post
2402 4397 2740 4456 assumptum
2781 4386 2836 4441 in
2885 4386 3054 4441 cmlos
3113 4385 3420 4440 Christum.
3479 4382 3650 4438 Porro

309 4459 552 4530 Χριστοῦ
588 4460 912 4532 ἀναλήψεως
938 4478 952 4492 ·
994 4463 1304 4533 μετέφρασε
1340 4464 1435 4519 καὶ
1466 4465 1629 4520 τοῦτο
1663 4467 1922 4539 Ἰωάννης

2030 4476 2269 4533 Joannes
2303 4477 2407 4534 hoc
2458 4495 2526 4533 ex
2589 4478 2860 4534 llebraica
2919 4477 3103 4547 lingua
3158 4478 3210 4530 in
3267 4475 3541 4538 Graecam,
3596 4483 3653 4526 ut

312 4553 426 4606 ἀπὸ
465 4553 566 4622 τῆς
601 4552 886 4624 Ἐϐραῖδος
932 4553 1187 4625 γλώττης
1233 4557 1315 4620 είς
1360 4555 1460 4628 τὴν
1497 4557 1802 4629 Ἑλληνίδα,
1851 4559 1928 4624 ὡς
1965 4553 1995 4608 D

1970 4553 2007 4608 D
2039 4568 2245 4631 ferunt,
2275 4569 2675 4639 interpretatus
2706 4579 2810 4624 est.
2844 4567 2914 4622 At
2941 4567 3157 4622 Marcus
3186 4578 3309 4638 post
3338 4567 3527 4622 decem
3553 4582 3653 4619 an-

317 4646 568 4714 λέγουσι.
603 4647 832 4718 Μάρκος
866 4648 922 4700 δὲ
943 4687 958 4711 ,
996 4648 1137 4717 μετὰ
1169 4648 1307 4703 δέκα
1338 4648 1437 4720 ἔτη
1467 4652 1567 4722 τῆς
1601 4651 1926 4723 ἀναλήψεως

2038 4675 2139 4715 nos
2159 4658 2676 4729 assumptiChristi,
2706 4675 2771 4714 ex
2797 4674 2894 4715 ore
2927 4658 3079 4714 Petri
3106 4662 3358 4725 edoctus,
3392 4658 3651 4725 srripsit:

314 4739 558 4810 ἔγραψε,
612 4742 764 4812 παρᾶ
809 4742 903 4795 τοῦ
956 4742 1168 4814 Πέτρου
1215 4743 1512 4814 διδαχθείς.
1565 4746 1785 4810 Λουκᾶς
1835 4746 1925 4811 δὲ,

2038 4753 2215 4810 Lucas
2240 4765 2420 4809 autem
2448 4765 2570 4824 post
2597 4771 2667 4809 xv
2694 4771 2891 4810 annos.
2931 4755 3175 4824 Denique
3199 4752 3444 4808 Joannes
3470 4753 3651 4805 Theo-

318 4835 464 4904 μετα
503 4835 918 4890 πεντεκαίδεκα.
960 4835 1216 4907 Ἰωάννης
1254 4837 1312 4890 δὲ
1351 4839 1380 4891 ό
1422 4839 1888 4908 θεολογικώτατος
1912 4882 1927 4906 ,

2042 4847 2198 4920 lugus
2237 4858 2359 4920 post
2399 4849 2623 4920 triginta
2648 4848 2786 4906 duos
2806 4865 3004 4904 annos.
3027 4848 3293 4903 Rel’erunt
3314 4848 3484 4910 enim,
3509 4844 3653 4913 quod

319 4929 464 4999 μετὰ
487 4930 787 5000 τριάκοντα
815 4929 911 4982 δύο
931 4947 943 4960 ·
977 4931 1199 5000 λέγουσι
1221 4931 1339 5000 ,γὰρ
1366 4932 1448 4985 ὃτι
1483 4932 1623 5004 μετὰ
1646 4934 1740 4987 τὸν
1764 4933 1930 4988 θάνα-

2042 4940 2116 4995 illi
2147 4949 2271 5009 post
2295 4951 2526 4996 mortem
2556 4942 2775 4998 illorum
2801 4944 3084 5012 superstiti
3118 4941 3280 4995 allata
3313 4941 3515 4996 fuerint
3553 4940 3656 4992 tria

314 5039 410 5075 τον
445 5023 673 5076 ἐκείνων
707 5024 1037 5097 ὲπιζήσαντι
1075 5026 1228 5096 αὐτῷ
1251 5066 1266 5091 ,
1303 5028 1657 5100 προσηνέχθη
1694 5028 1762 5082 τὰ
1797 5028 1928 5100 τρία

2041 5033 2356 5102 Evangelia,
2394 5044 2449 5088 ut
2489 5035 2700 5091 videret
2727 5051 2791 5090 ea
2832 5047 2997 5106 atque
3030 5035 3330 5104 iudicaret,
3388 5051 3517 5089 num
3571 5033 3659 5086 illa

319 5113 654 5183 Ε-Σιαγγέλια,
692 5117 780 5170 ἵνα
818 5119 904 5191 ἴδῃ
942 5117 1084 5173 α’ύτὰ
1115 5120 1210 5173 καὶ
1248 5121 1432 5193 κρίνῃ,
1469 5123 1517 5175 εί
1551 5122 1772 5192 ἀληθῶς
1803 5141 1924 5178 συν·

2046 5143 2174 5184 vere
2207 5130 2516 5199 conscripta
2575 5129 2830 5185 fuissent.
2875 5129 3116 5186 Joannes
3143 5141 3350 5195 autem,
3381 5144 3505 5183 Clllll
3546 5128 3660 5182 lucc

319 5208 650 5279 εγράφησαν
671 5227 685 5241 °
718 5214 746 5265 ὁ
774 5212 830 5266 δὲ
861 5213 1119 5283 Ἰωάννης
1158 5214 1286 5268 ἰδὼν
1319 5216 1480 5280 αὐτὰ,
1543 5217 1640 5271 καὶ
1669 5219 1767 5287 τῆς
1798 5218 1932 5291 ἁλη-

2048 5223 2293 5290 vidisset,
2339 5233 2401 5278 ut
2443 5233 2562 5278 erat
2593 5225 2915 5293 ampliorem
2947 5224 3200 5279 veritatis
3227 5223 3462 5292 gtatiatn
3496 5223 3661 5276 sorti-

322 5302 475 5366 θείας
507 5304 669 5376 χάριν
701 5301 1280 5378 ύπεραποδεξάμενος,
1313 5311 1414 5362 ὅσα
1445 5311 1644 5362 ἐκεῖνοι
1673 5313 1935 5381 παρέλει-

2050 5324 2157 5382 tus,
2213 5314 2528 5384 adimplctit
2568 5331 2927 5387 qua'cuinque
2986 5315 3055 5370 ab
3111 5315 3231 5369 aliis
3275 5314 3661 5382 'pi'tutcrinissa

320 5396 434 5466 ψαν
457 5438 472 5464 ,
522 5399 689 5464 αὐτὸς
739 5400 1153 5471 ἀνεπλήρωσεν.
1181 5406 1320 5456 Ὅσα
1346 5421 1402 5456 τε
1437 5405 1723 5475 συντόμως
1773 5402 1934 5461 εἶπον

2050 5409 2290 5478 fuerant,
2325 5423 2376 5465 et
2412 5427 2531 5480 qua!
2555 5411 2891 5467 succinctius
2912 5412 3002 5465 alii
3034 5411 3312 5473 dixerant,
3341 5410 3456 5479 ipse
3491 5408 3663 5462 iusius

404 5559 636 5614 'Mattlt.
675 5577 728 5626 Χ,
757 5562 848 5615 ‘28.
932 5564 949 5592 ’
983 5563 1114 5617 iliid.
1153 5565 1233 5617 i6.
1315 5565 1332 5594 ³
1368 5563 1561 5619 Mttllli.
1594 5582 1689 5628 \tt,
1731 5568 1814 5620 1'2.
1898 5568 1916 5597 ³
1955 5567 2144 5623 Matth.
2177 5586 2230 5633 v,
2263 5569 2356 5622 ‘23.

404 5720 503 5804 (α).
539 5719 678 5774 Ειιίι.
731 5721 854 5776 Litt.
898 5723 1041 5804 Quia
1086 5727 1305 5779 ti-liilcm
1356 5728 1705 5804 stmtmuudi
1736 5738 1943 5804 partes,
2055 5730 2330 5787 Orientem
2365 5775 2378 5800 ,
2445 5733 2822 5797 Οιςίιίίιιεειιι,
2897 5734 3316 5804 Srptrult‘iottcm
3375 5743 3420 5786 cl
3498 5731 3668 5786 Meri-

330 5805 378 5846 (ι
424 5795 706 5855 Culumttw,
745 5797 927 5848 mundi
965 5807 1140 5850 autem
1181 5809 1414 5862 quatitur
1453 5803 1641 5867 pingius
1675 5801 1941 5862 habensi's,
2053 5807 2212 5858 dit'm.

332 5875 567 5935 quatitur
632 5881 839 5936 quoque
885 5885 996 5922 c'se
1059 5869 1334 5924 columnas
1397 5873 1635 5936 diccbat,
1684 5872 1938 5925 nimirum
