4262 6432
703 420 725 484 i
736 419 797 480 6'7
1578 408 1679 468 ΤΗ
1690 402 2165 467 EOPHYLACTI
2208 403 2620 466 BULGARLE
2658 403 3017 465 ARCHIEP.
3853 399 3962 466 148

692 525 746 596 3
780 526 832 578 in
864 535 963 577 suo
995 518 1289 589 Et‘angelio
1350 515 1591 571 tradidit.
1648 514 1917 582 Quocirca
1976 532 2005 569 a
2055 513 2273 571 sublimi
2304 519 2351 576 Α

2304 519 2351 576 Α
2379 515 2600 581 ικείνοι,
2631 514 2796 577 αὐτὸς
2827 511 3128 569 ιπλάτυνεν
3155 512 3214 567 iv
3242 510 3322 584 τῷ
3355 513 3472 585 ἰδίῳ
3503 511 3841 584 Εὐαγγελίῳ.
3870 511 3966 567 Διδ

692 611 1205 683 theologia‘initium
1240 610 1405 677 fecit;
1437 609 1703 677 siquidem
1744 608 1889 663 enim
1923 608 2014 662 alii
2065 608 2263 662 nullam
2373 628 2375 636 ι

2373 605 2468 661 καὶ
2507 605 2614 659 ἀπὸ
2656 606 2937 674 θεολογίας
2974 605 3201 677 ἧρξατο.
3239 604 3393 660 Ἐπεὶ
3432 605 3542 678 γὰρ
3581 608 3631 659 oi
3670 606 3822 661 ἄλλοι
3862 604 3965 660 οὐκ

691 706 934 761 fecerant
975 705 1301 759 mentionem
1360 702 1501 773 quod
1567 702 1803 757 Verbum
1867 702 1959 757 Dei
1998 704 2266 757 exstiterit
2372 726 2374 750 ι

2372 700 2732 771 ιμνήσθησαν
2752 701 2855 771 τῆς
2887 701 2993 772 πρὸ
3014 698 3228 755 αίώνων
3253 700 3541 772 ὑπάρξεως
3567 698 3661 753 τοῦ
3692 699 3829 753 Θεοῦ
3861 700 3965 754 A6-

689 809 816 853 ante
865 797 1082 862 saecula,
1117 796 1231 866 ipse
1253 797 1351 850 hac
1372 796 1440 850 de
1468 810 1526 851 re
1576 796 1758 849 divine
1818 796 2074 861 prodidit,
2112 802 2164 848 ut
2197 809 2266 849 ne
2371 815 2372 822 η

2371 807 2489 862 γου,
2515 791 2675 856 αὐτὸς
2702 792 3027 862 ὶθεολόγησε
3049 792 3180 862 περὶ
3207 792 3433 863 ταύτης,
3461 793 3547 846 ῐνα
3574 794 3660 863 μὴι
3676 793 3963 864 νομισθείη

691 906 909 967 putetur
934 892 1168 948 Verbum
1199 892 1289 946 Dei
1321 906 1489 960 purus
1516 892 1697 959 homo,
1735 890 1837 944 hoc
1900 900 2003 954 est,
2061 890 2265 959 absque
2370 908 2374 932 ε

2370 886 2399 938 6
2434 885 2529 938 τοῦ
2570 884 2705 938 Θεοῦ
2750 885 2945 952 Λόγος,
2984 883 3138 953 ψιλὸς
3176 882 3466 955 ἄνθρωπος
3506 881 3667 949 εἶναι,
3710 886 3962 939 τουτέστι

691 985 892 1041 deitate
945 998 1090 1039 esse.
1147 981 1431 1036 Matthaeus
1480 981 1620 1036 enim
1680 982 1748 1034 de
1799 980 1909 1034 sola
1959 980 2261 1035 substantia

690 1074 893 1131 Christi
923 1074 973 1127 in
1021 1087 1189 1128 carne
1223 1074 1498 1128 disserens
1525 1073 1589 1126 ad
1651 1070 1906 1127 Hebraeos
1967 1072 2259 1137 scribebat,

685 1166 881 1234 quibus
921 1164 1217 1221 suﬂiciebat
1244 1165 1451 1219 discere
1479 1165 1618 1232 quod
1638 1178 1703 1218 cx
1721 1163 1990 1218 Abraham
2014 1174 2069 1216 et
2091 1161 2261 1217 David

687 1266 848 1312 natus
871 1266 1019 1311 esset
1044 1256 1313 1312 Christus.
1338 1255 1469 1309 Nam
1490 1257 1580 1324 qui
1605 1270 1668 1310 ex
1692 1254 1930 1310 Hebraeis
1942 1255 2257 1321 crediderit,

683 1358 968 1403 contentus
1019 1358 1123 1411 est,
1157 1351 1203 1402 si
1240 1348 1440 1402 certior
1466 1347 1556 1402 liat
1588 1361 1652 1401 es
1689 1346 1962 1401 Abraham
1994 1356 2047 1400 et
2092 1344 2258 1401 David

686 1450 869 1493 natum
907 1448 1052 1493 esset
1076 1437 1377 1493 Christum.
1408 1438 1646 1503 Atenim,
1672 1438 1929 1507 numquid
1962 1436 2259 1493 subiciebat

685 1545 827 1586 unus
855 1530 1183 1601 evangelista
1212 1531 1235 1584 ?
1265 1530 1428 1594 Audi,
1462 1530 1758 1586 subiciebat
1788 1532 2026 1599 quidem,
2060 1530 2155 1587 sed
2196 1539 2257 1585 ut

684 1620 903 1675 uberius
938 1623 1142 1677 veritas
1180 1633 1597 1687 monstraretur,
1633 1632 1868 1691 quatuor
1914 1624 2257 1679 conscribere

678 1714 932 1781 permissi
982 1723 1129 1769 sunt.
1153 1713 1285 1769 Nam
1315 1730 1436 1769 cum
1494 1715 1693 1770 videris
1744 1717 1841 1771 bos
1876 1727 2129 1786 quatuor,
2162 1717 2253 1786 qui

682 1819 789 1858 non
820 1805 872 1859 in
898 1822 1060 1860 unum
1078 1808 1253 1861 locum
1277 1816 1666 1873 convenerunt,
1693 1820 1868 1876 neque
1892 1809 2254 1865 consederunt

685 1896 865 1962 simul,
895 1897 1014 1951 aliis
1042 1897 1235 1953 etaliis
1262 1898 1312 1952 in
1333 1898 1466 1953 locis
1492 1898 1654 1951 vitam
1674 1897 1874 1966 egisse,
1896 1906 1949 1953 et
1967 1898 2032 1952 de
2056 1899 2257 1953 eisdem

687 1989 850 2044 rebus
883 1990 1036 2057 quasi
1070 2005 1135 2045 ex
1170 2005 1279 2045 uno
1309 2005 1403 2043 ore
1430 1991 1731 2055 scripsisse,
1762 2006 1873 2048 non
1892 1992 2257 2047 admiraberis

681 2074 960 2144 Evangeiii
989 2077 1294 2139 veritatem,
1329 2078 1421 2131 sed
1468 2077 1745 2145 fateberis,
1778 2081 1923 2147 quod
1948 2096 2015 2134 ex
2051 2080 2258 2150 Spiritu

679 2176 865 2221 sancto
896 2166 1060 2221 locuti
1098 2167 1316 2223 iuerint.
1356 2169 1420 2223 Et
1447 2185 1514 2224 ne
1554 2160 1898 2229 milti'dicas
1957 2175 2099 2244 quod
2150 2191 2255 2231 non

675 2271 977 2316 consonent
1016 2261 1067 2314 in
1101 2261 1374 2317 omnibus.
1410 2262 1543 2318 Vide
1560 2265 1725 2331 enim,
1761 2266 1812 2319 in
1838 2266 2037 2335 quibus
2066 2266 2256 2324 disso-

678 2361 809 2408 nent
838 2370 852 2407 :
882 2370 1009 2408 num
1046 2355 1135 2410 ille
1172 2356 1325 2419 dixit,
1357 2354 1527 2412 Natus
1550 2367 1631 2413 est
1670 2357 1941 2425 Christus,
1988 2360 2127 2416 alius
2160 2377 2256 2416 au-

681 2457 787 2501 tem
815 2445 965 2512 dicit,
1006 2449 1155 2502 non?
1182 2450 1286 2502 Aut
1307 2450 1444 2504 alius
1464 2452 1677 2519 quidem
1708 2453 1849 2522 quod
1872 2456 2253 2522 resurrexerit,

678 2538 814 2593 alius
846 2554 1000 2603 vero,
1032 2556 1138 2595 non
1162 2542 1183 2594 ?
1206 2542 1380 2596 Absit.
1416 2540 1724 2598 Concordes
1754 2546 1896 2599 cnim
1927 2557 2053 2601 sunt
2081 2548 2136 2601 in
2172 2548 2255 2604 his

674 2642 797 2700 quae
852 2632 1023 2703 magis
1068 2636 1371 2688 necessaria
1403 2645 1454 2689 ot
1515 2638 1806 2707 pra'cipuu.
1878 2639 2047 2708 igitur
2096 2641 2141 2694 si
2202 2642 2254 2693 in

674 2726 962 2793 praecipuis
990 2740 1094 2780 non
1133 2738 1260 2781 sunt
1294 2728 1475 2792 divisi,
1514 2729 1643 2796 quid
1677 2730 1919 2795 miraris,
1949 2731 2065 2785 siin
2087 2731 2252 2785 mini-

678 2817 777 2872 mis
806 2816 1095 2873 videantur
1115 2823 1324 2874 variare
1350 2821 1373 2873 ?
1407 2836 1531 2874 nam
1564 2821 1664 2875 hac
1689 2822 1754 2877 de
1780 2836 1942 2877 causa
1971 2825 2114 2893 quod
2144 2837 2250 2878 non

676 2909 729 2962 in
771 2910 1025 2963 omnibus
1055 2920 1379 2975 consonant,
1406 2912 1577 2981 magis
1599 2928 1724 2966 vera
1750 2914 2078 2983 loquuntur:
2107 2914 2253 2968 alio-

676 3000 769 3069 qui
800 3003 1035 3070 suspecti
1072 3003 1253 3057 haberi
1287 3005 1612 3073 potuissent,
1664 3008 1805 3075 quod
1860 3022 1964 3061 non
2019 3009 2158 3063 inter
2194 3023 2253 3064 se

673 3093 1069 3157 consedissent,
1101 3105 1154 3149 et
1186 3095 1373 3151 habito
1406 3097 1632 3151 consitio
1659 3111 1843 3152 mutuo
1860 3099 2249 3168 scripsissent:

2368 978 2491 1049 δίχα
2525 977 2796 1047 θεότητος.
2855 975 3135 1038 Ματθαῖος
3162 976 3272 1045 γὰρ
3303 977 3432 1048 περὶ
3463 976 3563 1045 τῆς
3594 976 3736 1030 κατὰ
3777 977 3962 1049 σάρκα

2372 1076 2542 1145 μόνης
2580 1072 2871 1142 ὑπάρξεως
2900 1073 2995 1126 τοῦ
3029 1070 3268 1144 Χριστοῦ
3299 1073 3609 1142 διαλέγεται
3636 1089 3649 1104 ⁶
3684 1074 3820 1144 πρδς
3851 1074 3963 1145 γὰρ

2378 1167 2665 1237 Ἐϐραίους
2709 1167 2971 1237 ἔγραφεν,
3017 1161 3101 1230 οἷς
3147 1165 3380 1237 ἀρκετὸν
3421 1162 3491 1236 ἦν
3536 1166 3595 1219 τὸ
3641 1166 3832 1236 μαθεῖν
3878 1167 3961 1219 δτι

2367 1260 2477 1312 ἀπὺ
2514 1258 2765 1331 ’Δϐραὰμ
2802 1260 2897 1313 καὶ
2934 1260 3099 1313 Δαυῑδ
3137 1257 3403 1329 ἐγεννήθη
3442 1260 3471 1311 6
3509 1258 3765 1328 Χριστός.
3804 1260 3962 1312 Ἀνα-

2367 1353 2613 1407 παύεταιπ
2634 1353 2743 1423 γὰρ
2768 1353 2796 1405 6
2826 1348 2885 1417 ἐξ
2919 1350 3190 1423 Ἐϐραίων
3219 1352 3518 1415 πιστεύσας
3538 1393 3551 1417 ,
3584 1352 3717 1405 ὅταν
3746 1354 3960 1422 πληρο-

2366 1443 2578 1515 φορηθῇ
2610 1444 2690 1497 ὅτι
2726 1442 2835 1496 ἀπὸ
2863 1442 3029 1494 Δαυῖδ
3063 1443 3215 1496 ἑστιν
3243 1445 3270 1496 6
3303 1440 3539 1512 Χριστός
3566 1459 3579 1473 ·
3613 1442 3748 1495 ἀλλὰ
3779 1442 3962 1509 λέγεις

2366 1555 2479 1608 μοι,
2507 1537 2608 1601 ὅτι,
2636 1537 2735 1591 οὐκ
2762 1537 2922 1607 ἤρκει
2963 1531 3043 1598 εἷς
3073 1535 3502 1606 εὐαγγελιστὴςς
3527 1537 3731 1603 Ἀκουε
3752 1536 3958 1601 τοίνυν,

2362 1631 2442 1684 ὅτι
2469 1631 2632 1702 ἤρκει
2666 1629 2786 1699 μὲν,
2814 1629 2931 1682 ἀλλ’
2954 1629 3041 1681 ἶνα
3069 1628 3257 1701 δειχθῇ
3292 1629 3492 1699 μᾶλλον
3517 1632 3548 1699 ἠ
3582 1629 3835 1700 ἀλήθεια,
3863 1630 3954 1682 διὰ

2360 1723 2519 1776 τοῦτο
2558 1722 2824 1792 τέσσαρες
2865 1720 3321 1791 συνεχωρήθησαν
3359 1720 3586 1790 γράψαι.
3637 1721 3806 1774 Ὀταν
3849 1720 3960 1790 γὰρ

2364 1812 2479 1885 ἴδῃς
2512 1812 2736 1876 τούτους
2770 1812 2897 1875 τοὺς
2932 1809 3239 1881 τέσσαρας,
3280 1813 3356 1881 μὴ
3394 1811 3780 1877 συνελθόντας,
3822 1812 3962 1882 μηδὲ

2293 1878 2333 1937 Β
2364 1878 2813 1973 συγκαθίσαντας
2859 1878 3133 1968 ἀλλήλοις,
3176 1878 3290 1955 ἀλλί
3314 1878 3474 1955 ἀλλον
3522 1902 3755 1970 ἀλλαχοῦ
3784 1878 3957 1967 sm,

2360 1995 2482 2051 εἶτα
2509 1998 2829 2067 γράψαντας
2858 1995 2985 2067 περὶ
3014 1997 3121 2049 τῶν
3147 1996 3328 2049 αὐτῶν
3353 1995 3543 2066 ὥσπερ
3572 1997 3666 2064 ἀφ’
3688 1996 3807 2060 ἑνὸς
3839 1998 3962 2048 στί-

2364 2107 2555 2160 ματος,
2591 2091 2693 2143 οὐκ
2729 2090 2797 2143 ἂν
2832 2089 3144 2158 θαυμάσαις
3179 2088 3281 2157 τὴν
3314 2085 3411 2139 τοῦ
3451 2086 3786 2155 Εὑαγγελίου
3822 2086 3959 2157 ἀλή·

2360 2183 2531 2245 θειαν,
2563 2184 2659 2237 καὶ
2688 2184 2867 2243 εἴποις
2896 2181 2971 2245 ὠς
3003 2184 3070 2234 ὲκ
3105 2179 3423 2250 Πνεύματος
3458 2179 3613 2247 ἁγίου
3646 2178 3955 2249 ἐλάλησανς

2359 2275 2452 2327 καὶ
2488 2274 2562 2343 μή
2602 2290 2693 2340 μοι
2728 2273 2854 2339 λέγε
2888 2274 2973 2326 ὅτι
3003 2274 3103 2342 οὐχ
3133 2270 3513 2341 ὁμοφωνοῦσιν
3545 2271 3603 2323 ἑν
3638 2272 3805 2323 πᾶσιν
3830 2285 3842 2299 υ
3878 2268 3955 2322 ῐδε

2358 2367 2467 2437 γὰρ
2500 2368 2557 2419 ιν
2585 2366 2726 2419 τίσιν
2754 2366 2856 2434 οὐχ
2884 2363 3288 2435 ὁμοφωνοῦσιν.
3325 2358 3472 2432 Ἀρα
3502 2365 3529 2415 6
3559 2363 3661 2431 μὲν
3689 2357 3843 2414 εἷπεν
3872 2362 3958 2414 ὅτι

2359 2457 2622 2527 ἐγεννήθη
2644 2460 2672 2510 6
2704 2458 2960 2529 Χριστὸς,
2992 2457 3020 2508 6
3051 2456 3106 2509 δὲ
3139 2456 3284 2523 λέγει
3318 2456 3398 2509 ὃτι
3429 2453 3522 2521 ob;
3560 2456 3631 2507 Ἦ
3662 2456 3689 2506 6
3725 2455 3841 2525 μὲν,
3873 2454 3960 2508 ὅτι

2356 2552 2580 2622 ἀνέστη,
2614 2555 2642 2605 6
2672 2552 2751 2616 δὲ,
2780 2552 2860 2605 ὅτι
2891 2549 2988 2615 οὓς
3021 2549 3112 2620 Μὴ
3146 2549 3380 2617 γένοιτο.
3418 2546 3509 2600 Ἐν
3540 2548 3651 2616 γὰρ
3680 2550 3790 2609 τοῖς
3825 2547 3962 2601 ἁνα-

2358 2643 2700 2714 γκαιοτόροις
2737 2646 2830 2698 καὶ
2864 2643 3219 2713 κυριωτέροις
3250 2640 3650 2711 όμοφωνοῦσιν.
3684 2642 3743 2694 Ei
3772 2642 3957 2696 τοίνυν

2357 2736 2417 2787 ἐν
2438 2738 2551 2798 τοῖς
2578 2735 2936 2805 κυριωτέροις
2960 2736 3020 2787 οὐ
3043 2734 3428 2804 διηνέχθησαν,
3456 2736 3505 2787 τί
3531 2733 3832 2806 θαυμάζεις
3858 2733 3957 2787 ἑὰν

2355 2830 2412 2880 ἐν
2445 2828 2556 2889 τοῖς
2594 2826 2899 2896 ἐλαχίστοις
2934 2826 3132 2881 δοκῶσι
3170 2826 3539 2891 διαλλάττειν;
3575 2828 3652 2879 Δι’
3681 2825 3812 2879 αὐτὸ
3845 2826 3957 2897 γὰρ

2355 2920 2513 2973 τοῦτο
2548 2920 2750 2990 μᾶλλον
2777 2920 3161 2989 ἀληθεύουσιν,
3190 2920 3275 2973 ὅτι
3308 2920 3386 2992 μὴ
3418 2920 3560 2973 κατὰ
3590 2920 3769 2971 πάντα
3799 2919 3956 2989 ὡμο-

2356 3010 2638 3081 φώνησαν.
2677 3011 3075 3081 Ἐνομίσῦησαν
3113 3011 3224 3080 γὰρ
3264 3010 3353 3075 ἄν,
3399 3012 3482 3063 ὅτι
3522 3009 3958 3077 συγκαθίσαντες

2353 3103 2606 3173 ἀλλήλοις
2637 3103 2735 3157 καὶ
2792 3103 3334 3173 συμϐουλευσάμενοι
3374 3102 3622 3173 ἔγραψαν
3642 3118 3655 3130 ·
3687 3101 3782 3153 νῦν
3809 3099 3896 3166 δὲ,
3926 3099 3958 3153 6

672 3196 817 3237 nunc
852 3194 1031 3237 autem
1065 3200 1186 3239 cum
1224 3183 1366 3255 quod
1390 3186 1743 3256 praetermisit
1770 3188 1877 3253 hic,
1897 3188 2115 3256 scripsit
2140 3188 2250 3257 ille,
2276 3216 2320 3280 Ο

2276 3216 2320 3280 C
2355 3194 2685 3264 παρέλειψεν
2711 3188 2889 3260 οὗτος,
2916 3193 3155 3263 ἔγραψεν
3180 3195 3413 3259 ἐκεῖνος,
3443 3195 3539 3247 καὶ
3568 3192 3658 3245 διὰ
3684 3192 3841 3245 τοῦτο
3868 3191 3955 3245 6o-

670 3275 786 3329 hzc
821 3275 933 3330 sola
961 3288 1045 3330 est
1094 3291 1255 3332 causa
1314 3293 1481 3346 quare
1542 3277 1593 3331 in
1656 3276 1977 3348 quibusdam
2038 3282 2254 3338 variare
2289 3275 2315 3280 ⁷

2289 3275 2315 3280 ⁷
2357 3286 2544 3343 κοῦσιν
2564 3290 2622 3342 ὲν
2643 3286 3113 3343 τισὶδιαλλάττενιν
3133 3302 3146 3315 ·
3176 3286 3272 3341 καλ⁵
3295 3287 3469 3343 ταῦτα
3498 3286 3596 3358 μὲν
3616 3285 3811 3350 οὕτως.
3831 3285 3882 3338 Ἀ
3898 3300 3957 3357 ρ-

671 3367 975 3420 videantur.
1017 3366 1081 3421 Et
1127 3365 1241 3421 haec
1265 3368 1481 3436 quidem
1510 3368 1588 3423 sic
1614 3383 1670 3423 se
1691 3369 1908 3426 habent.
1937 3367 2046 3427 Nos
2070 3381 2252 3426 autem

668 3458 861 3512 seriem
904 3466 1189 3513 cuntextus
1222 3460 1618 3530 aggrediantur.

1306 3595 1537 3651 CAPUT
1570 3596 1610 3651 l.

1093 3709 1169 3765 De
1198 3711 1502 3781 genealogia
1535 3712 1756 3769 Christi.

739 3821 901 3879 Vsus.
943 3823 992 3878 l.
1030 3843 1045 3874 ι
1082 3821 1243 3877 Liber
1270 3825 1659 3894 generationis.
1710 3844 1729 3878 ι
1762 3825 1934 3893 Quam
1994 3829 2065 3883 ob
2123 3845 2255 3885 cau-

670 3929 782 3965 sam
837 3928 941 3967 non
976 3914 1130 3980 dixit,
1169 3914 1327 3981 visio,
1361 3915 1439 3968 vel
1498 3931 1701 3982 sermo,
1760 3920 1906 3973 sicut
1979 3921 2252 3991 proltbeta:

668 4001 759 4069 qui
794 4015 921 4055 suos
959 4002 1123 4057 libros
1147 4003 1224 4058 sic
1254 4003 1860 4074 inscripserunt2Visio
1909 4025 2069 4079 quam
2120 4011 2252 4067 vidit

670 4092 841 4148 lsaias
870 4093 911 4158 ',
943 4105 1015 4155 et,
1053 4096 1245 4148 Sermo
1272 4097 1554 4165 quil‘actus
1580 4107 1666 4153 est
1698 4103 1764 4156 ad
1794 4099 2007 4159 Isaiam.
2040 4101 2249 4171 Quaeris

666 4196 721 4238 ut
758 4186 975 4239 discas?
1004 4184 1288 4253 Propheta:
1325 4187 1688 4257 loquebantur
1714 4193 1780 4247 ad
1817 4193 1981 4250 duros
2004 4196 2166 4251 corde
2194 4207 2250 4253 et

661 4276 1063 4342 fnubedientcs,
1092 4289 1146 4332 et
1177 4279 1295 4333 ideo
1332 4279 1603 4349 dicebant,
1639 4283 1821 4339 divina
1856 4296 1939 4342 est
1980 4289 2140 4357 visio,
2193 4301 2251 4347 et

664 4385 842 4426 sermo
880 4382 960 4426 est
992 4387 1057 4426 ex
1097 4371 1226 4438 Dcu,
1258 4382 1315 4426 ut
1349 4373 1567 4430 timeret
1605 4379 1864 4447 papuius,
1901 4393 2078 4436 etnon
2113 4398 2246 4439 con-

665 4471 929 4517 temnere:
957 4464 1122 4520 dicta.
1153 4464 1435 4522 Matthmus
1457 4477 1658 4537 autem,
1685 4485 1989 4530 sermonem
2014 4475 2247 4535 habebat

2357 3380 2578 3452 ξώμεθα
2606 3381 2661 3433 66
2692 3380 2792 3451 ἥδη
2821 3380 2915 3433 τοῦ
2946 3380 3134 3449 ὕφους.

2968 3606 3195 3660 ΚΕΦΑΛ
3206 3646 3218 3659 .
3262 3603 3341 3659 Α’.

2641 3720 2781 3789 Περὶ
2815 3721 3210 3790 γενεαλογίας
3244 3718 3352 3774 τοῦ
3388 3718 3670 3790 Χριστοῦ.

2433 3855 2451 3887 ε
2484 3833 2676 3900 Βίϐλος
2700 3835 2991 3905 γενέσεως.
3029 3853 3047 3885 ι
3075 3833 3233 3897 Τίνος
3256 3833 3445 3887 ῑνεκεν
3468 3833 3571 3888 οὐκ
3595 3828 3770 3900 εἶπεν,
3817 3832 3951 3904 δρα-

2356 3944 2443 3992 σις
2473 3929 2507 3999 ἢ
2530 3928 2705 3997 λόγος,
2740 3927 2931 3999 ὥσπερ
2962 3928 3010 3981 oi
3044 3927 3363 3997 προφῆται;
3402 3925 3639 3993 Ἐκεῖνοι
3671 3926 3777 3997 γὰρ
3809 3926 3955 3980 οὕτω

2353 4020 2733 4091 προέγραφον
2786 4020 2977 4090 ὅρασις
3006 4017 3075 4089 ἢν
3102 4015 3243 4071 εἶδεν
3266 4019 3517 4085 Ἡσαΐας,
3548 4020 3645 4073 καὶ
3675 4020 3704 4073 6
3732 4019 3890 4088 λόγος
3923 4021 3954 4073 6

2352 4114 2645 4183 γενόμενος
2686 4114 2824 4182 πρὸς
2861 4112 3110 4169 Ἡσαΐαν.
3160 4113 3318 4176 Τίνος
3363 4097 3572 4177 ἕνεκεν,
3616 4111 3798 4183 ζητεῖς
3843 4129 3953 4183 μα-

2351 4204 2493 4273 θεῖν;
2537 4204 2683 4258 Διότι
2731 4206 2780 4257 οἱ
2833 4205 2933 4274 μὲν
2977 4205 3257 4275 προφῆται
3305 4206 3441 4275 πρὸς
3487 4205 3953 4277 σκληροκαρδίους

2350 4297 2654 4364 διελέγοντο
2695 4297 2791 4350 καὶ
2832 4296 3101 4361 ἀπειθεῖς,
3147 4298 3243 4351 καὶ
3285 4298 3375 4351 διὰ
3413 4297 3572 4353 τοῦτο
3616 4298 3823 4366 ἔλεγον,
3868 4299 3953 4352 ὅτι

2351 4389 2542 4458 ὅρασίς
2580 4390 2696 4441 ἐστι
2739 4388 2892 4454 θεία,
2928 4390 3023 4441 καὶ
3055 4390 3137 4441 ὅτι
3174 4389 3331 4457 λόγος
3366 4390 3513 4443 ἐστὶν
3548 4391 3613 4443 ὲκ
3645 4390 3783 4443 Θεοῦ
3812 4408 3825 4421 ·
3865 4390 3953 4445 ἵνα

2352 4480 2562 4552 φοϐηθῇ
2590 4483 2617 4533 6
2644 4480 2772 4543 λαὸς
2789 4517 2808 4544 ,
2834 4482 2929 4533 καὶ
2958 4481 3033 4551 μὴ
3062 4481 3450 4551 καταφρονῶσι
3479 4482 3587 4536 τῶν
3611 4482 3669 4535 λε
3683 4484 3946 4553 γομένων.

666 4554 734 4608 ad
764 4556 1036 4621 credulos,
1098 4569 1281 4627 gratos
1335 4571 1393 4616 et
1451 4563 1791 4628 obedientes.
1856 4584 1909 4623 et
1961 4582 2247 4642 prepterea
2280 4571 2327 4628 D

2280 4571 2327 4628 D
2367 4572 2423 4626 '0
2452 4574 2507 4626 δὲ
2539 4574 2841 4635 Ματθαίος,
2870 4574 3008 4644 πρὸς
3034 4573 3359 4645 ἀνθρώπους
3383 4571 3497 4646 εἶχε
3525 4577 3946 4639 πιστεύσαντας.

665 4647 797 4701 nihil
830 4646 936 4701 tale
969 4650 1240 4716 pradixit,
1267 4655 1425 4721 quale
1466 4657 1760 4723 prophetae.
1792 4658 2015 4717 Possem
2066 4673 2246 4720 autem

2356 4666 2451 4718 xui.
2488 4667 2841 4737 εὐγνώμονας
2876 4668 2973 4721 καὶ
3003 4668 3299 4732 εὐπειθεῖς.
3336 4670 3447 4723 Καὶ
3477 4670 3566 4723 διὰ
3600 4669 3758 4723 τοῦτο
3794 4669 3949 4723 οὺδδν

662 4746 713 4833 et
732 4738 873 4833 aliud
896 4738 1098 4833 dicere,
1116 4742 1261 4811 quod
1282 4747 1555 4814 pr0phetze
1577 4761 1755 4805 mente
1778 4752 2031 4811 videbant
2052 4771 2247 4827 eaquae

2354 4759 2596 4813 τοιοῦτον
2621 4762 2905 4829 προεῖπεν,
2931 4756 3044 4814 οἷον
3066 4763 3116 4816 oi
3144 4764 3425 4833 προφῆται
3447 4779 3459 4794 ⁸
3498 4764 3605 4833 ἔχω
3628 4764 3684 4817 δὲ
3712 4766 3805 4817 καὶ
3830 4764 3950 4817 ιτε-

658 4830 935 4896 videbant,
977 4832 1181 4902 Spiritu
1222 4845 1413 4891 sancto
1451 4840 1841 4908 apparitionem
1898 4845 2150 4913 faciente,
2191 4858 2249 4905 et

2356 4852 2449 4924 96v
2480 4870 2533 4906 τι
2574 4854 2771 4916 εἰπεῖν,
2804 4854 2885 4907 ὄτι
2926 4856 2976 4908 ol
3020 4854 3122 4924 μὶν
3160 4830 3440 4926 προφῆται
3474 4830 3680 4927 νόητῶς
3720 4855 3949 4909 ἔϐλεπον

659 4932 947 4993 propterea
1011 4926 1249 4983 visiones
1281 4931 1571 4987 vocabant.
1606 4933 1891 4993 Mattheus
1922 4950 2101 4997 autem
2134 4958 2239 5000 non

2351 4944 2496 5015 ἅπερ
2539 4945 2805 5011 ἔϐλεπον,
2850 4949 3256 5019 φανταζόμενοι
3296 4948 3474 5003 ταῦτα
3521 4948 3610 5002 διὰ
3648 4948 3741 5002 τοῦ
3786 4948 3948 5016 ἁγίου

658 5017 991 5085 mentaliter,
1032 5028 1087 5074 et
1158 5035 1253 5090 per
1297 5023 1691 5092 apparitionem
1746 5028 2023 5091 Christum
2085 5034 2238 5101 vidit,

658 5109 751 5163 sed
796 5111 1155 5178 corporaliter
1183 5127 1306 5168 cum
1340 5128 1404 5169 eo
1437 5114 1557 5180 fuit,
1589 5125 1639 5171 et
1688 5120 2022 5176 sensibiliter
2072 5125 2246 5181 audiit

656 5217 807 5265 eum,
830 5203 1019 5257 videns
1036 5218 1159 5258 eum
1186 5204 1235 5259 in
1261 5221 1427 5262 carne
1456 5224 1470 5262 :
1498 5217 1551 5262 et
1568 5208 1773 5265 idcirco
1798 5227 1906 5266 non
1928 5214 2080 5283 dicit,
2104 5217 2240 5273 visio

658 5311 822 5365 quam
862 5294 917 5366 Α
951 5298 1079 5361 vidi,
1115 5298 1215 5354 hoc
1240 5307 1345 5365 est,
1369 5300 1656 5371 apparitio,
1700 5305 1818 5370 sed,
1850 5324 1867 5357 ι
1891 5304 2054 5364 Liber
2074 5326 2242 5382 gene-

658 5386 891 5442 rationis
918 5385 1067 5445 issu.
1113 5406 1133 5444 ι
1178 5388 1386 5447 Nomen
1429 5391 1556 5448 Jesu
1590 5409 1695 5449 non
1722 5405 1803 5451 est
1834 5384 2106 5467 Crecum,
2145 5404 2239 5458 sed

656 5472 1009 5542 licbruicun),
1036 5487 1089 5531 et
1117 5480 1534 5551 interpretatur,
1571 5481 1844 5541 Salvator.
1887 5486 2049 5544 Jesua
2096 5493 2240 5547 enim

656 5565 804 5623 salus
864 5570 1008 5639 apud
1068 5570 1324 5628 Hebrznos
1381 5575 1601 5631 dicitur.
1637 5596 1657 5630 ι
1702 5578 1977 5637 Cbristin
2036 5583 2240 5641 Christi

656 5658 979 5716 dicebautur
1004 5676 1160 5735 rcges
1190 5677 1246 5721 et
1267 5670 1604 5727 sacerdotes.
1649 5671 2054 5746 inungebantur
2092 5680 2238 5736 enim

724 5870 747 5903 ⁸
774 5870 885 5929 lsa.
925 5893 980 5945 v,
1000 5876 1089 5933 ει.

2349 5038 2491 5091 Πνεύ
2500 5056 2669 5109 ματος
2691 5056 2705 5069 ο
2737 5039 2819 5093 διὸ
2842 5041 2936 5094 κα)⁵
2957 5040 3177 5111 ὁράσεις
3202 5041 3375 5095 ταῦτα
3403 5041 3590 5110 ελεγον
3614 5058 3625 5071 ’
3653 5044 3682 5095 6
3707 5040 3762 5094 δὲ
3791 5040 3948 5094 Ματ-

2348 5128 2521 5193 Θαῐος,
2562 5129 2623 5181 οὒ
2666 5131 2875 5200 νοητῶς
2914 5127 3022 5184 εἶδε
3063 5130 3156 5184 τὶν
3196 5131 3453 5203 Χριστὸν,
3493 5132 3585 5186 καὶ
3628 5130 3944 5202 ὲφαντάσθη

2347 5220 2543 5288 αὐτὸν,
2597 5220 3013 5292 ἀλλάίσθητῶς
3063 5222 3213 5293 αὐτῷ
3266 5223 3469 5293 συνῆν,
3521 5222 3617 5276 καὶ
3667 5221 3945 5291 αίσθητῶς

2346 5315 2545 5386 ἤκουεν
2572 5313 2757 5381 αὑτοῦ,
2787 5314 3003 5385 βλέπων
3030 5314 3195 5371 αὐτὸν
3224 5316 3284 5367 ὲν
3313 5315 3497 5385 σαρκί.
3526 5316 3625 5367 Διὰ
3650 5314 3811 5367 τοῦτο
3833 5315 3946 5368 τοί-

2344 5424 2438 5460 νυν
2464 5408 2563 5461 οὐκ
2592 5403 2768 5475 εἶπεν,
2800 5408 2991 5477 ὅρασις
3045 5408 3111 5479 ἢν
3148 5404 3308 5473 είδον,
3330 5408 3446 5479 ἦτοι
3469 5407 3760 5476 φαντασία,
3779 5408 3940 5475 ἀλλὰ,

2351 5518 2369 5551 ι
2408 5500 2597 5564 Βίϐλος
2616 5501 2884 5569 γενέσεως
2916 5520 2935 5552 ι
2958 5500 3156 5569 Ἰησοῦ.
3180 5502 3253 5555 Τὸ
3270 5501 3474 5572 Ἰησοῦς
3490 5503 3682 5571 ὄνομα,
3708 5502 3805 5571 οὐχ
3821 5502 3941 5555 Ἐλ-

2342 5593 2563 5663 ληνικὸν
2595 5594 2763 5658 ἔστιν,
2793 5593 2909 5653 ἀλλ’
2944 5593 3236 5664 Ἐϐραῖκόν
3262 5610 3276 5623 ⁶
3311 5594 3680 5667 ἑρμηνεύεται
3708 5593 3786 5659 δὲ,
3820 5595 3941 5649 Σω-

2345 5686 2473 5758 τήρ.
2509 5684 2635 5740 Ἰαὼ
2663 5686 2774 5758 γὰρ
2802 5688 2833 5758 ἡ
2865 5688 3111 5760 σωτηρία
3145 5690 3297 5761 παρὰ
3327 5693 3439 5753 τοῖς
3473 5688 3746 5761 Ἑϐραίοις
3774 5688 3937 5759 λέγει
