4262 6432
742 379 835 445 151

1625 376 2211 441 THEOPHYLACTI
2246 378 2663 441 BULGARIM
2702 380 3063 441 ARCHIEP.

724 504 1003 552 extentam
1031 493 1185 563 pueri
1216 507 1430 547 manum
1462 490 1719 561 signavit,
1760 503 1869 560 quo
1904 490 2148 560 dignosci
2183 506 2305 561 pos-
2332 491 2386 552 Α
2409 491 2511 557 τῆς

3892 370 4002 442 152

2599 494 2794 563 ήτρας,
2826 492 2903 556 ὼς
2940 491 3103 562 δῆθεν
3157 488 3373 560 πρῶτος
3416 488 3855 560 τεχθησόμενοςο
3900 487 4001 542 καὶ

725 598 817 641 set
841 594 899 639 ut
924 583 1317 655 primogenitus
1350 595 1365 641 :
1406 580 1499 637 sed
1542 596 1677 651 puer
1704 596 1924 636 manum
1958 583 2141 635 statim
2176 595 2226 636 ct

2410 584 2447 653 η
2484 577 2619 652 μα’ία
2669 584 2908 655 κοκκίνῳ
2943 582 3193 654 σπαρτίῳ
3237 580 3539 653 ἐσφράγισε
3585 580 3865 649 συντόμως
3898 577 4001 654 τὴν

730 678 904 733 traxit
928 678 1072 733 intra
1099 688 1333 740 uterum,
1361 684 1415 731 et
1445 673 1584 729 alius
1607 673 1758 743 prior
1785 686 1948 729 natus
1976 683 2078 737 est,
2113 673 2226 729 dein

2411 676 2733 743 ἐξελθοῦσαν
2768 675 2863 730 τοῦ
2900 675 3092 739 παιδὸς
3140 676 3321 745 χεῖρα,
3350 676 3429 738 ὡς
3464 674 3533 728 ἂν
3579 671 3921 744 γνωρίζηται
3970 670 4001 726 6

725 770 815 825 ille
852 770 946 840 qui
981 784 1202 826 nanum
1246 767 1601 839 praemiserat.
1636 764 1872 821 Vocatus
1902 774 1987 821 est
2026 764 2187 833 igitur
2211 762 2302 834 qui

724 863 876 929 prior
913 861 1311 924 natusIuerat,
1359 858 1585 923 Phares,
1633 859 1779 930 quod
1830 866 1938 920 est,
1983 856 2298 913 Dissectio:

723 952 986 1008 dissecuit
1018 952 1166 1007 enim
1190 952 1501 1007 naturalem
1530 952 1797 1006 ordinem.
1828 948 1927 1015 Qui
1958 958 2137 1003 autem
2170 962 2305 1003 con-

722 1044 887 1098 traxit
916 1040 1163 1110 insnum,
1198 1042 1339 1100 Zara
1371 1046 1614 1101 dicturus
1654 1053 1773 1099 est:
1796 1040 2081 1111 Signiﬁcat
2115 1050 2296 1097 autem

720 1136 833 1191 haec
885 1136 1115 1190 historia
1169 1146 1570 1193 sacramentum
1619 1133 1911 1205 quoddam.
1970 1132 2105 1188 Nam
2156 1134 2300 1190 sicut

716 1227 854 1283 Zara
877 1230 1115 1284 ostendit
1151 1229 1369 1299 quidem
1399 1229 1633 1298 primum
1673 1242 1891 1282 manum
1948 1237 2002 1282 et
2024 1228 2293 1283 retraxit:

714 1317 787 1372 ita
834 1316 887 1372 in
933 1318 1142 1374 sanctis
1188 1320 1279 1387 qui
1329 1327 1488 1374 erant
1530 1327 1660 1393 apte
1694 1316 1867 1387 lcge'm
1907 1325 1963 1373 et
2005 1316 2297 1380 circumci-

712 1410 957 1473 aionem,
984 1412 1239 1481 apparuit
1274 1411 1380 1465 vita
1412 1408 1753 1467 Christiana.
1788 1410 1990 1467 Omnes
2018 1411 2164 1465 enim
2190 1426 2293 1465 non

713 1519 778 1558 ex
834 1502 1312 1559 observatitinibus
1368 1513 1425 1559 et
1484 1503 1758 1559 mandatis
1822 1502 1956 1575 legis
2013 1502 2291 1574 justilicati

710 1594 949 1661 luerunt,
982 1594 1077 1651 sed
1129 1595 1253 1663 quia
1288 1592 1665 1666 Evangelicam
1702 1597 1870 1651 vitam
1915 1595 2190 1650 vixerunt.
2228 1594 2293 1649 Et

707 1686 938 1740 observa
970 1689 1246 1757 quomodo
1271 1687 1545 1744 Abraham
1580 1696 1789 1759 patrem
1817 1696 1872 1741 et
1893 1686 2113 1741 domum
2150 1701 2291 1757 pro-

703 1786 821 1847 pter
853 1778 1020 1834 Deum
1040 1778 1342 1849 reliquerit,
1368 1787 1686 1836 etnaturam
1706 1778 2077 1849 abnegaverit.
2096 1780 2290 1843 Consi-

703 1867 835 1923 dera
870 1868 993 1935 Job,
1036 1870 1456 1927 Melchisedech.
1500 1872 1599 1929 Ubi
1628 1882 1807 1928 autem
1840 1871 1926 1926 lex
1959 1871 2125 1936 venit,
2155 1885 2281 1926 con-

703 1971 876 2016 tracta
930 1974 1014 2017 est
1066 1962 1186 2019 talis
1218 1964 1347 2017 vita.
1404 1961 1871 2029 Quemadmodum
1924 1971 2103 2017 autem
2170 1961 2283 2017 illic

698 2066 826 2109 nato
859 2053 1090 2120 Phares,
1134 2058 1405 2126 posterior
1438 2060 1632 2112 iterum
1664 2056 1796 2111 exiit
1835 2055 1973 2110 Zara
2016 2075 2025 2110 :
2061 2053 2135 2110 ita
2169 2053 2285 2126 lege

694 2144 845 2211 dcta,
887 2146 1084 2202 iterum
1133 2150 1386 2219 apparuit
1422 2151 1527 2203 vita
1565 2148 1908 2218 Evangelica,
1948 2162 2069 2217 quae
2106 2146 2285 2202 cocci-

696 2254 799 2293 neo
829 2238 1089 2307 funiculo,
1125 2256 1345 2314 nempe
1381 2243 1646 2311 sanguine
1673 2241 1877 2299 Christi
1905 2240 2117 2312 signata
2151 2240 2274 2296 luit.

691 2325 952 2398 Proptera
1001 2342 1053 2386 et
1096 2329 1443 2402 Evangelista
1483 2333 1811 2387 mentionem
1850 2330 1981 2386 fecit
2015 2331 2274 2395 duorum,

690 2422 845 2489 quasi
902 2423 1187 2479 declarans
1237 2424 1573 2479 nativitatem
1635 2423 1856 2478 illorum
1910 2420 2278 2476 sacramentis

688 2512 923 2582 plenam.
975 2514 1041 2568 Et
1082 2514 1241 2569 aliter
1286 2514 1468 2569 dicere
1510 2523 1690 2584 potes,
1751 2494 2083 2568 mentionem
2143 2511 2275 2567 facit

687 2604 943 2671 Thamar,
981 2608 1196 2663 tametsi
1235 2623 1339 2663 non
1384 2607 1652 2663 laudanda
1703 2605 1987 2669 videatur,
2019 2620 2085 2662 eo
2129 2605 2274 2676 quod

683 2698 1003 2754 dormiverit
1028 2714 1151 2754 cum
1182 2715 1373 2755 socero
1410 2719 1422 2754 :
1458 2708 1516 2755 ut
1543 2700 1818 2764 ostendat,
1848 2701 1993 2770 quod
2021 2698 2273 2753 Christus

680 2804 805 2848 enin
838 2794 1139 2863 susceperit
1182 2794 1365 2849 omnia
1399 2801 1620 2865 propter
1653 2809 1757 2851 nos
1801 2811 1816 2849 :
1848 2802 1903 2848 et
1934 2792 2037 2851 hoc
2077 2807 2269 2849 susce-

680 2884 783 2956 pit,
819 2892 878 2940 ut
909 2886 1043 2942 tales
1084 2886 1283 2942 habeat
1330 2888 1705 2957 progenitores
1746 2906 1758 2941 :
1811 2888 1923 2941 imo
1949 2895 2008 2941 ut
2036 2901 2133 2957 per
2168 2886 2271 2941 hoc

681 2977 855 3043 ipsum
889 2980 1032 3047 quod
1063 2994 1125 3035 ex
1160 2980 1240 3033 eis
1270 2990 1429 3036 natus
1454 2989 1538 3035 est
1593 2993 1687 3035 eos
1713 2978 2079 3035 sanctiﬁcaret
2118 2997 2132 3033 :
2165 2993 2268 3033 non

677 3072 1001 3129 enim'venit
1036 3086 1234 3130 vocare
1267 3074 1467 3144 justos,
1509 3075 1604 3131 sed
1633 3084 1971 3144 peccatores.

678 3166 1157 3239 καταδεξάμενος,
1219 3167 1549 3235 κατεδέξατο
1608 3169 1702 3222 καὶ
1752 3166 2033 3232 τοιούτους
2099 3167 2247 3239 ἔχειν
2289 3164 2615 3236 προγόνους.
2683 3166 2905 3221 Μᾶλλον
2956 3168 3044 3223 ίνα
3097 3170 3196 3224 καὶ
3242 3170 3314 3225 δι’
3351 3172 3521 3227 αὑτοῦ
3584 3170 3787 3228 τούτου

2321 1838 2366 1898 Β
2396 1867 2763 1941 εύαγγελικὴν
2821 1838 3127 1924 πολιτείαν.
3184 1838 3350 1940 {fidat
3389 1885 3405 1903 ⁸

2409 764 2627 836 πρῶτος
2655 764 2900 835 τεχθείς·
2944 763 3087 818 ἀλλὰ
3133 763 3445 817 συνέστειλε
3482 762 3583 835 τὴν
3614 764 3771 833 χεῖρα
3808 763 3835 815 6
3863 762 3999 824 παῖς

2408 856 2517 912 εσω
2579 858 2680 929 τῆς
2739 858 2976 928 μήτρας,
3014 856 3114 910 καὶ
3167 855 3366 927 ἐτέχθη
3414 854 3683 926 πρότερον
3723 853 3752 907 6
3804 854 3997 924 ἐτερος

2408 953 2559 1013 παῖς,
2593 947 2694 1004 εἷθ’
2733 949 2906 1014 οὔτως
2931 949 3140 1012 ἐκείνος
3173 951 3202 1004 6
3234 950 3334 1021 τὴν
3360 951 3527 1020 χεῖρα
3555 944 3995 1019 προδαλόμενος·

2405 1040 2612 1112 ἐκλήθη
2638 1035 2732 1095 οὖν
2763 1041 2793 1095 ὁ
2848 1041 2947 1111 μιν
2998 1040 3264 1111 πρότερον
3302 1039 3536 1110 τεχθεὶς,
3559 1036 3757 1110 Φαρὲς,
3799 1039 3829 1092 ὅ
3876 1039 3998 1092 ἐστι

2403 1131 2659 1203 διακοπή·
2698 1132 2918 1203 διέκοψε
2972 1131 3085 1205 γὰρ
3127 1132 3226 1205 τὴν
3294 1132 3534 1202 φυσικὴν
3589 1132 3788 1198 τάξιν·
3844 1132 3874 1184 6
3935 1129 3996 1183 δέ

2407 1225 2696 1291 συστείλας
2741 1227 2842 1295 τὴν
2880 1228 3061 1299 χεῖρα,
3102 1227 3293 1297 Ζαρά·
3348 1224 3610 1297 σημαίνει
3659 1226 3717 1279 δέ
3762 1224 3994 1313 αὓτηηή

2404 1319 2615 1389 ἱστορία
2666 1320 2970 1391 μυστήριόν
3015 1338 3067 1374 τι
3101 1338 3115 1353 ·
3153 1319 3344 1391 ῶσπερ
3399 1319 3511 1390 γάρ
3548 1320 3577 1373 6
3605 1318 3778 1389 ,Ζαρὰ
3823 1316 3994 1382 ἔδειξε

2405 1408 2506 1479 μὲν
2549 1411 2767 1481 πρῶτον
2811 1412 2914 1484 τὴν
2944 1414 3125 1483 χεῖρα,
3159 1411 3462 1481 συνεστάλη
3515 1410 3573 1465 δέ
3620 1410 3807 1477 πάλιν,
3844 1408 3995 1464 οὕτω

2400 1503 2493 1556 καὶ
2540 1502 2576 1575 ἡ
2624 1502 2769 1559 κατὰ
2815 1504 3054 1576 Χριστὸν
3081 1505 3353 1570 πολιτεία,
3412 1504 3586 1574 ἐφάνη
3653 1504 3752 1574 μὲν
3788 1504 3848 1557 ἐν
3875 1505 3993 1567 τοῖς

2399 1594 2509 1664 πρὸ
2558 1594 2655 1649 τοῦ
2704 1596 2871 1667 νόμου
2906 1598 3005 1652 καὶ
3038 1599 3142 1669 τῆς
3175 1597 3482 1670 περιτομῆς
3527 1596 3705 1666 ά,·ίοις
3733 1612 3749 1630 ·
3785 1597 3992 1659 πάντες

2398 1686 2506 1755 γὰρ
2531 1676 2702 1751 οὗτοι,
2732 1687 2835 1741 οὐκ
2877 1688 2942 1742 ἐκ
2989 1687 3100 1743 τῶν
3125 1686 3221 1743 τοῦ
3270 1688 3438 1759 νόμου
3487 1688 3992 1759 παρατηρημάτων

2405 1777 2502 1829 καὶ
2556 1775 2790 1831 ἐντολῶν
2830 1776 3253 1850 ἐδικαιώθησαν,
3288 1777 3406 1832 ἀλλ’
3461 1778 3527 1832 ἐκ
3574 1775 3671 1831 τοῦ
3718 1777 3861 1831 κατά
3888 1778 3991 1847 τὴν

3482 1870 3579 1923 καὶ
3634 1869 3829 1923 σκόπει
3893 1868 3993 1923 τὸν

2394 1960 2667 2031 Ἀδραὰμ,
2701 1961 2794 2015 τὸν
2821 1961 3031 2032 ἀφέντα
3066 1962 3282 2033 πατέρα
3330 1962 3427 2016 καὶ
3454 1962 3637 2018 οἰκίαν
3669 1962 3859 2016 ἐνεκεν
3889 1960 3990 2018 τοῦ

2394 2051 2553 2120 Θεοῦ,
2606 2052 2703 2108 καὶ
2757 2055 3225 2127 ἁπαρνησάμενον
3280 2054 3378 2109 καὶ
3423 2054 3525 2127 τὴν
3560 2054 3746 2126 φύσιν*
3788 2056 3989 2110 σκόπει

2392 2144 2484 2198 τδν
2533 2145 2676 2212 Ίὼὸ,
2716 2148 2811 2201 τὸν
2858 2147 3217 2219 Μελχισεδέκ·
3270 2147 3367 2204 τοῦ
3400 2148 3570 2220 νόμου
3605 2148 3663 2202 δέ
3707 2148 3987 2212 ἐλθόντος.

2388 2237 2692 2309 συνεστάλη
2735 2239 2767 2309 ἡ
2812 2239 3038 2308 τοιαύτη
3091 2239 3359 2295 πολιτείαο
3396 2239 3587 2314 ὥσπερ
3632 2240 3689 2295 δέ
3723 2240 3842 2294 ἐκεῖ
3884 2238 3987 2294 τοῦ

2390 2332 2569 2401 Φαρὲς
2600 2331 2978 2399 γεννηθέντος,
3013 2331 3243 2406 ὕστερον
3274 2334 3438 2389 πάλιν
3468 2332 3695 2402 ἐξῆλθεν
3730 2335 3760 2389 6
3799 2332 3983 2405 Ζαρὰ,

2389 2421 2537 2477 οὕτω
2562 2424 2657 2480 τοῦ
2686 2424 2855 2496 νόμου
2878 2426 3150 2491 δοθέντος,
3194 2426 3423 2498 ὕστερον
3466 2427 3712 2499 ἐλαμψεν
3738 2429 3771 2497 ἡ
3805 2428 3981 2497 εὐαγ-

2390 2513 2585 2587 γελικὴ
2624 2515 2893 2583 πολιτεία,
2927 2517 2960 2587 ή
3014 2516 3094 2588 τῷ
3130 2518 3372 2590 κοκκίνῳ
3412 2518 3687 2590 σπαρτίῳ,
3721 2518 3843 2589 ἦτοι
3898 2517 3982 2591 τῷ

2383 2607 2580 2677 αἵματι
2640 2607 2736 2661 τοῦ
2792 2608 3032 2680 Χριστοῦ
3087 2611 3511 2683 σφραγισθεῖσα·
3561 2611 3651 2667 διὰ
3680 2611 3841 2666 τοῦτο
3863 2610 3980 2683 γάρ

2378 2716 2461 2753 τοι
2494 2700 2589 2753 καὶ
2615 2702 2643 2753 6
2669 2700 3080 2773 Εὑαγγελιστὴς
3111 2704 3489 2775 ἐμνημόνευσε
3509 2704 3618 2761 τῶν
3647 2705 3741 2759 δύο
3766 2706 3978 2760 τούτων

2377 2791 2606 2857 παίδων,
2638 2792 3116 2867 ὠςγμυστηριὼδη
3149 2797 3273 2852 τινὰ
3317 2796 3588 2869 δηλούσης
3640 2800 3741 2870 τῆς
3771 2798 3977 2870 γεννη-

2372 2901 2513 2949 σεως
2547 2885 2752 2940 αὐτῶνθ
2786 2887 2883 2941 καὶ
2928 2887 3108 2954 ἄλλως
3136 2888 3216 2956 δέ,
3250 2890 3585 2962 μνημονεύει
3616 2892 3716 2963 τῆς
3742 2892 3971 2965 Θάμαρ,

2374 2979 2553 3032 καίτοι
2592 2979 2693 3033 οὐκ
2726 2980 3024 3052 ἐπαινετῆς
3074 2982 3364 3055 δοκούσης,
3388 2985 3478 3041 διὰ
3530 2985 3591 3039 τὸ
3629 2986 3859 3057 μιγῆναι
3890 2984 3973 3058 τῷ

2370 3069 2645 3142 πενθερῷ,
2704 3072 2794 3125 ἵνα
2837 3073 2988 3147 δείξῃ
3019 3075 3103 3129 δτι
3135 3078 3164 3132 6
3219 3077 3457 3149 Χριστὸς
3494 3082 3675 3136 πάντα
3717 3080 3783 3134 δι’
3816 3080 3972 3153 ἡμᾶς

3865 3190 3971 3231 του

673 3264 771 3319 ἀπ’
798 3262 976 3319 αὐτῶν
1000 3264 1348 3336 γεννηθῆναι,
1387 3266 1587 3337 ἁγιάσῃ
1624 3265 1821 3327 αὐτούς
1845 3283 1857 3295 ·
1886 3266 1947 3319 οὐ
1974 3250 2085 3337 γὰρ
2120 3258 2253 3337 ἦλθε
2295 3261 2525 3316 καλέσαι
2557 3260 2821 3330 δικαίους,
2854 3263 2989 3319 ἀλλὰ
3023 3264 3410 3338 ἁμαρτωλούς.

743 3360 909 3416 Vns.
941 3361 1065 3416 5-5.
1098 3380 1116 3413 ι
1148 3361 1352 3417 Phares
1384 3372 1564 3417 autem
1595 3363 1790 3433 genuit"
1816 3362 2033 3427 Esro‘m,
2068 3361 2226 3417 ESl'Ol'

2444 3374 2462 3408 ι
2523 3358 2696 3429 Φαρὲς
2746 3356 2802 3412 δέ
2855 3360 3117 3431 ἐγέννησε
3167 3361 3260 3415 τδν
3316 3358 3538 3433 Ἑσρώμ
3568 3376 3581 3391 ·
3637 3360 3860 3433 Ἐσρὼμ
3901 3363 3964 3419 δέ

671 3462 851 3507 autem
874 3454 1059 3524 genuit
1090 3455 1276 3521 Aram,
1308 3454 1472 3510 Aram
1512 3466 1693 3511 autem
1723 3458 1909 3529 genuit
1930 3458 2256 3523 Aminadali,

666 3543 971 3600 Aniinadab
1022 3553 1203 3599 autem
1254 3548 1443 3616 genuit
1489 3545 1704 3603 Naason
1756 3548 2022 3604 :Naason
2075 3561 2257 3605 autem

668 3638 854 3707 genuit
881 3636 1128 3707 Salmon,
1164 3638 1387 3696 Salmon
1424 3651 1604 3698 autem
1654 3642 1843 3712 genuit
1872 3642 2017 3699 Booz
2050 3658 2117 3700 ex
2152 3642 2256 3698 Ra-

666 3730 828 3785 cbab.
864 3749 883 3783 ι
920 3729 1145 3789 Bachab
1172 3734 1366 3805 putant
1402 3734 1621 3805 quidam
1651 3735 1807 3791 Raab
1839 3746 2107 3800 scortum,
2135 3750 2257 3807 qua:

662 3822 1037 3893 exploratores
1066 3822 1381 3881 JesuNave
1424 3827 1693 3897 suscepit,
1744 3829 2095 3897 servavitque
2136 3842 2252 3895 eos,

660 3924 717 3969 et
741 3922 960 3970 servata
996 3923 1078 3970 est
1116 3914 1283 3971 etiam
1325 3917 1461 3986 ipsa.
1509 3917 1841 3973 Mentionem
1888 3927 2072 3973 antem
2120 3917 2253 3975 fecit

656 4020 797 4077 eius.
828 4012 891 4060 ut
918 4004 1226 4061 declararet
1256 4009 1401 4077 qnod
1424 4008 1563 4063 sicut
1589 4009 1705 4078 ipsa
1739 4020 1985 4065 scortum
2018 4008 2141 4078 fuit,
2177 4013 2248 4068 ita

657 4105 711 4149 et
743 4096 986 4166 gentium
1015 4097 1387 4171 congregatio.
1414 4098 1852 4163 Fornicairantur
1875 4103 2020 4156 enim
2052 4103 2104 4157 in
2134 4112 2247 4159 stu-

656 4190 763 4243 diis
795 4189 930 4253 suis,
971 4190 1065 4243 sed
1112 4191 1380 4259 susceptis
1429 4190 1862 4262 exploratoribus
1909 4192 2073 4261 Jcsu,
2116 4210 2249 4266 apo-

654 4280 811 4334 stolis
841 4280 1086 4351 inqnam,
1118 4296 1184 4337 ex
1219 4284 1470 4353 gentibus
1509 4298 1703 4340 omnes
1735 4286 1827 4355 qui
1860 4268 2078 4341 illorum
2122 4302 2245 4343 ere-

652 4371 906 4427 diderunt
941 4373 1318 4439 sermonibus,
1366 4375 1563 4431 salvati
1614 4385 1765 4432 sunt.
1810 4396 1829 4429 ε
1880 4377 2026 4433 Βοοε
2060 4389 2243 4434 autem

651 4462 837 4531 genuit
865 4460 1015 4518 Obed
1044 4478 1111 4517 ca
1154 4461 1322 4519 Ruth.
1358 4482 1377 4516 ι
1419 4461 1565 4519 Ruth
1608 4466 1745 4533 haec,
1780 4467 2083 4537 alienigena
2116 4468 2240 4535 fuit,

648 4555 939 4624 conjuncta
968 4566 1051 4612 cst
1077 4568 1256 4613 tamen
1288 4558 1431 4614 Booz
1466 4578 1480 4615 :
1514 4559 1589 4616 ita
1611 4569 1667 4615 et
1693 4560 1937 4619 Ecclesia
1968 4577 2033 4617 ex
2058 4564 2241 4635 genti-

646 4649 773 4716 bus,
792 4648 1111 4721 alienigena
1134 4653 1429 4718 exsistens,
1464 4662 1519 4708 et
1541 4669 1567 4702 a
1607 4656 1952 4710 testamentis
1975 4660 2238 4725 extraria,

2366 3449 2625 3521 ἐγέννησε
2678 3450 2770 3505 τὸν
2814 3453 3013 3524 ’Δράμο
3060 3452 3241 3524 ’Δρὰμ
3292 3454 3348 3507 δέ
3378 3454 3642 3525 ἐγέννησε
3678 3455 3770 3508 τὸν
3802 3455 3968 3527 Ἀμι-

2364 3542 2553 3596 ναδάδ·
2586 3542 2889 3615 ’Δμιναδάδ
2920 3546 2979 3599 δέ
3011 3547 3273 3619 ἐγέννησε
3305 3548 3397 3601 τὸν
3424 3547 3687 3602 Ναασὼν·
3720 3548 3966 3605 Ναασὼν

2360 3634 2416 3687 δὲ
2436 3636 2699 3708 ἐγέννησε
2748 3639 2841 3693 τὸν
2882 3639 3137 3711 Σαλμών·
3183 3640 3421 3713 Σαλμὼν
3449 3642 3508 3696 δέ
3553 3642 3819 3714 ἐγέννησε
3866 3644 3964 3699 τὸν

2360 3724 2495 3790 Βοδζ
2541 3728 2606 3782 ἐκ
2633 3729 2732 3799 τῆς
2768 3730 2997 3801 Ῥαχάϐ.
3040 3748 3059 3783 ι
3097 3731 3306 3802 Ῥαχὰὸ
3333 3732 3617 3803 νομίζουσί
3645 3752 3791 3799 τινες
3816 3733 3963 3793 εἶναι

2358 3817 2457 3889 τὴν
2493 3819 2665 3874 Ῥαάδ
2698 3822 2919 3893 ἐκείνην
2944 3824 3043 3891 τὴν
3084 3824 3316 3896 πόρνην,
3352 3825 3481 3895 ητις
3518 3828 3645 3891 τοὺς
3680 3829 3961 3883 κατασκόο

2357 3927 2496 3976 πους
2546 3911 2772 3979 ἐδέξατο
2804 3914 2903 3969 τοῦ
2947 3914 3123 3989 Ἰησοῦ
3182 3917 3280 3972 τοῦ
3329 3918 3510 3989 Ναυῆ.
3544 3920 3656 3974 Καὶ
3695 3921 3961 3977 διέσωσεν

2355 4006 2577 4069 αὐτοὺς,
2617 4008 2715 4062 καὶ
2754 4006 2992 4079 διεσώθη
3026 4011 3122 4063 καὶ
3161 4011 3326 4082 αὐτή·
3350 4012 3683 4085 ἐμνήσθηδέ
3719 4015 3957 4083 ταύτης,

2354 4091 2441 4143 ἵνα
2471 4091 2693 4165 δηλώσῃ
2720 4094 2802 4149 ὅτι
2833 4095 3028 4170 ῶσπερ
3064 4098 3207 4171 αὕτη
3243 4100 3421 4173 πόρνη
3472 4098 3563 4174 ἦν,
3610 4103 3757 4158 οὕτω
3790 4105 3887 4160 καὶ
3920 4108 3956 4178 ἡ

2350 4181 2463 4235 τῶν
2523 4182 2698 4238 ἐθνῶν
2746 4191 3082 4260 συναγωγή”
3127 4190 3531 4261 ἐξεπόρνευσαν
3579 4196 3691 4267 γάρ
3733 4196 3794 4250 ἐν
3838 4199 3954 4262 τοις

2350 4274 2785 4347 ἐπιτηδεύμασιν
2843 4279 3047 4335 αὐτῶν.
3117 4282 3282 4337 Ἀλλά
3331 4284 3622 4356 δεξάμενοι
3674 4290 3802 4354 τοὺς
3852 4290 3953 4345 τοῦ

2362 4362 2539 4435 Ἰησοῦ
2597 4370 3009 4441 κατασκόπους,
3071 4374 3192 4445 ἦτοι
3244 4377 3373 4441 τοὺς
3438 4380 3801 4447 ἀποστόλους,
3854 4385 3955 4439 καὶ

2347 4461 2668 4528 πεισθέντες
2700 4467 2813 4529 τοῖς
2840 4465 3018 4536 λόγοις
3041 4470 3290 4537 ἐκείνων,
3330 4472 3627 4545 ἐσώθησαν
3666 4476 3869 4543 πάντες
3899 4479 3954 4533 οι

2345 4552 2405 4618 ἐξ
2464 4554 2657 4610 ἐθνῶν.
2718 4576 2737 4609 ι
2798 4557 2935 4625 Βοὸζ
2962 4560 3019 4615 δέ
3072 4562 3333 4635 ἐγέννησε
3387 4567 3479 4621 τὸν
3538 4567 3699 4639 Ὠὄὴδ
3743 4572 3809 4625 ἐκ
3847 4574 3953 4644 τῆς

2355 4646 2537 4702 Ῥούθ.
2582 4668 2600 4703 ι
2650 4650 2714 4703 'H
2771 4651 2927 4708 Ῥοὺθ
2966 4653 3107 4727 αὕτη
3160 4656 3461 4728 ἀλλόφυλος
3518 4656 3611 4733 ἦν,
3655 4663 3775 4718 ἀλλ’
3795 4665 3950 4736 ὅμως

642 4740 809 4796 oblita
838 4751 922 4797 est
957 4742 1138 4813 populi
1171 4744 1280 4809 sui,
1317 4754 1372 4799 et
1407 4744 1586 4801 cultus
1617 4746 2061 4817 simulacrorum,
2093 4750 2151 4821 Β
2184 4762 2226 4806 ει

2352 4742 2629 4817 συνεζύγη
2665 4747 2745 4818 τῷ
2774 4747 2933 4813 Βοός·
2967 4752 3113 4807 οὕτω
3167 4755 3264 4808 καὶ
3319 4759 3352 4827 ἡ
3387 4757 3447 4825 ἐξ
3503 4758 3678 4814 ἐθνῶν
3712 4759 3950 4834 Ἐκκληο

640 4832 845 4891 diaboli
890 4837 1066 4907 patris
1106 4837 1213 4903 sui,
1264 4838 1349 4893 cui
1380 4838 1569 4907 juncta
1617 4848 1767 4906 erat,
1811 4848 1866 4897 et
1909 4844 2093 4912 nupsit
2123 4845 2237 4900 tilio

639 4928 755 4986 Del.

2349 4838 2464 4905 σία,
2497 4838 2804 4911 ἀλλόφυλος
2835 4838 2996 4910 οὖσα,
3031 4847 3127 4901 καὶ
3150 4848 3258 4915 ἐξω
3281 4850 3391 4905 τῶν
3412 4851 3948 4925 διαθηκῶνμέπελά-

2342 4930 2467 4985 θετο
2512 4932 2607 4987 τοῦ
2652 4934 2781 4989 λαοῦ
2818 4936 3016 5009 αὐτῆς,
3054 4941 3151 4995 καὶ
3182 4942 3295 4997 τῶν
3323 4945 3625 5003 εἱδωλικῶν
3653 4949 3945 5023 σεδασμάο

2234 5069 2239 5073 ,
2339 5042 2471 5121 τῶν,
2501 5030 2597 5082 καὶ
2620 5029 2717 5083 τοῦ
2750 5032 2959 5105 πατρὸς
3009 5035 3181 5107 αὐτῆς
3227 5038 3325 5093 τοῦ
3363 5039 3637 5097 διαϐόλου.
3671 5044 3784 5100 Καὶ
3813 5046 3946 5121 ἐλή-

709 5194 877 5251 Vsas.
907 5196 1024 5253 546.
1060 5216 1078 5249 ι
1114 5196 1265 5254 Obed
1298 5208 1480 5258 autem
1512 5206 1699 5274 genuit
1728 5203 1904 5273 Iesse,
1938 5206 2094 5265 Jesse
2128 5225 2225 5263 au—

628 5293 742 5341 tem
779 5287 969 5355 genuit
1014 5286 1183 5345 David
1237 5306 1443 5363 regem,
1486 5294 1651 5351 David
1691 5307 1870 5353 autem
1901 5312 1995 5354 rex
2038 5304 2224 5371 genuit

627 5374 977 5433 Solomonem
1007 5394 1074 5433 ex
1107 5394 1166 5435 ea
1192 5396 1313 5452 quae
1338 5382 1439 5439 fuit
1471 5382 1633 5441 Urize.
1678 5405 1696 5439 ι
1736 5385 1839 5443 Hic
1866 5404 2080 5460 quoque
2108 5390 2226 5461 eius

626 5482 746 5539 qua
796 5467 899 5525 fuit
959 5470 1099 5527 Uria:
1150 5477 1481 5533 mentionem
1530 5478 1681 5548 facit,
1730 5491 1786 5537 ut
1844 5483 2038 5539 doceat
2078 5486 2222 5555 quod

627 5577 787 5619 nemo
813 5563 1008 5620 debeat
1052 5568 1379 5626 erubescere
1420 5582 1644 5642 propter
1686 5577 2087 5648 progenitores,
2125 5581 2221 5635 sed

624 5655 757 5711 dare
802 5657 976 5725 magis
1011 5672 1051 5686 ’ν
1082 5674 1229 5715 eram
1263 5663 1465 5719 virtute
1512 5682 1608 5722 sua
1644 5666 1766 5725 illos
1808 5670 2073 5727 clariores
2100 5674 2217 5729 clli-

622 5757 837 5812 cere,et
862 5763 977 5819 quo.
1052 5767 1223 5809 .mnes
1251 5756 1458 5826 accepti
1486 5759 1595 5814 sint
1622 5758 1757 5831 Deo,
1789 5763 1953 5820 etiam
1984 5779 2013 5821 e
2034 5776 2217 5824 scorto

616 5838 753 5909 nati,
794 5840 955 5899 modo
989 5842 1183 5903 virtute
1220 5846 1324 5903 sint
1355 5848 1588 5921 praditi.

2340 5119 2449 5189 φθη
2485 5123 2565 5184 εἰς
2594 5123 2775 5195 γάμον
2805 5126 2885 5198 τῷ
2918 5128 3019 5200 υίῷ
3040 5130 3135 5185 τοῦ
3169 5131 3331 5191 Θεοῦ.

2423 5209 2587 5283 Ὠδὴδ
2622 5213 2680 5268 δὲ
2721 5216 2985 5289 ἐγέννησε
3014 5220 3108 5275 τὸν
3158 5222 3381 5279 Ἰεσσαί·
3423 5227 3628 5282 Ἰεσσαὶ
3681 5228 3741 5284 δέ
3770 5232 3937 5300 ἐγέψ⁸

2334 5316 2464 5371 νησε
2524 5306 2619 5360 τὸν
2661 5309 2827 5363 Δαυῖδ
2869 5311 2963 5365 τὸν
3027 5312 3477 5384 βασιλέαὴΔαυῒδ
3525 5320 3583 5376 δέ
3617 5322 3645 5375 ό
3676 5318 3941 5395 βασιλὶὺς

2333 5395 2595 5469 ἐγέννησε
2660 5401 2755 5455 τὸν
2816 5404 3144 5475 Σολομῶντα
3193 5409 3257 5463 ἐκ
3288 5410 3388 5481 τῆς
3418 5411 3515 5468 τοῦ
3560 5415 3784 5486 Οὐρίου.
3821 5418 3937 5475 Καὶ

2330 5488 2499 5584 πάλιν
2526 5494 2628 5565 τῆς
2662 5493 2760 5549 τοῦ
2798 5496 2999 5569 Οὐρίου
3035 5502 3395 5572 μνημονεύει,
3430 5506 3516 5560 ἴνα
3554 5508 3811 5584 ὑποδείξῃ
3846 5514 3932 5569 ὅτι

2325 5582 2387 5634 οὐ
2415 5582 2497 5637 δεῖ
2524 5586 2961 5660 ἐπαισχύνεσθαι
2990 5595 3121 5659 τοὺς
3153 5597 3539 5673 προπάτοραςο
3566 5601 3703 5657 ἀλλὰ
3724 5582 3933 5675 μᾶλλον

2325 5678 2657 5745 σπουδάζειν
2701 5683 2790 5739 διὰ
2837 5686 2934 5756 τῆς
2966 5676 3179 5754 οἰκείας
3220 5692 3425 5762 ἀρετῆς
3456 5693 3804 5769 λαμπρύνειν
3832 5703 3932 5756 κά-

2324 5772 2561 5837 κείνους·
2606 5776 2700 5830 καὶ
2723 5777 2806 5833 ὅτι
2845 5780 3050 5845 πάντες
3084 5782 3266 5838 δεκτοί
3294 5786 3402 5839 είσι
3435 5787 3513 5859 τῷ
3548 5788 3692 5862 Θεῷ,
3721 5792 3826 5848 κᾶν
3858 5794 3928 5853 ἐκ

2326 5864 2533 5938 πόρνης
2568 5872 2893 5943 γεννηθῶσι,
2930 5875 3093 5949 μόνον
3118 5878 3215 5934 ἐὰν
3245 5880 3449 5955 ἀρετὴν
3484 5883 3701 5956 ἔχωσιν.
