4262 6432
742 389 845 455 159

1628 393 2211 461 THEOPHYLACTI
2249 394 2666 457 BULGARIAE
2701 397 3069 460 ARCHIEP.

3911 394 4018 455 160

739 497 972 562 Hebraei,
1023 499 1165 566 quod
1194 514 1299 554 non
1343 500 1613 553 habeatur
1667 500 1720 553 in
1781 502 2079 569 propheta,
2127 500 2391 572 Virgo,A

2340 506 2391 565 Δ
2434 502 2697 573 Ἑϐραῖοι,
2744 504 2911 557 ὅτιού
2950 506 3125 557 κεῖται
3162 504 3219 554 ἑν
3265 501 3343 572 τῷ
3388 503 3669 575 προφήτῃ,
3720 500 4014 571 παρθένος,

738 585 833 641 sed
888 586 1312 641 adolescentula.
1370 588 1449 642 Ad
1509 585 1650 656 quod
1706 587 1998 644 dicendum
2057 590 2201 661 quod
2264 592 2319 645 in

739 676 1020 746 Scriptura
1058 677 1198 733 idem
1248 679 1318 733 sit
1359 678 1761 733 adolescentula
1812 690 1867 735 et
1914 682 2085 752 virgo.
2127 682 2321 738 Adole-

736 770 1037 824 scentulam
1075 773 1219 824 enim
1256 770 1497 823 nominat
1529 771 1923 841 incorruptam,
1959 775 2171 842 deinde,
2216 776 2318 831 nisi

738 862 1036 930 peperisset
1068 860 1228 929 Virgo
1261 879 1274 913 :
1308 864 1577 935 quomodo
1608 863 1846 919 futurum
1877 875 1993 920 erat
2025 868 2235 937 signum
2266 878 2322 923 et

737 953 1089 1006 admirabile?
1120 953 1255 1007 Audi
1289 956 1433 1007 enim
1466 954 1657 1011 lsaiam
1690 959 1994 1013 dicentem:
2042 979 2059 1011 ι
2092 961 2320 1031 Propter

738 1045 839 1097 hoc
878 1045 1028 1098 dabit
1063 1044 1321 1100 Dominus
1358 1047 1475 1117 ipse
1511 1049 1661 1104 vobis
1696 1051 1935 1118 signum.
1973 1071 1992 1103 ι
2033 1053 2097 1107 Ει
2132 1056 2316 1109 statim

736 1135 914 1201 addit,
960 1156 978 1188 ι
1017 1135 1157 1192 Ecce
1199 1139 1388 1205 Virgo,
1435 1160 1452 1190 ι
1479 1150 1595 1215 ,etc.
1624 1142 1835 1212 Alioqui
1872 1146 1916 1198 si
1951 1160 2058 1200 non
2104 1157 2317 1214 pareret

740 1224 935 1297 Virgo,
982 1229 1196 1299 signum
1230 1247 1334 1285 non
1367 1241 1535 1287 esset.
1567 1233 1877 1307 Depravant
1910 1236 2075 1307 igitur
2101 1237 2315 1295 Hebrari

732 1330 827 1371 sua
866 1318 1070 1372 malitia
1108 1320 1474 1389 Scripturam,
1508 1331 1563 1377 et
1595 1340 1693 1395 pro
1729 1324 1970 1398 Virgine,
2003 1327 2316 1384 adolescen-

732 1409 898 1463 tulam
950 1422 1175 1480 ponunt.
1223 1413 1394 1484 igitur
1442 1417 1558 1472 sive
1609 1419 2010 1476 adolescentula
2068 1435 2311 1487 voretur,

733 1500 846 1555 sive
882 1500 1059 1571 Virgo,
1089 1507 1310 1558 omnino
1334 1507 1614 1577 Virginem
1640 1510 1938 1581 intelligere
1962 1524 2173 1584 oportet
2194 1531 2313 1570 eam

731 1606 851 1660 qua:
893 1596 1135 1663 paritura
1167 1609 1332 1663 esset,
1369 1609 1427 1653 ut
1460 1610 1514 1653 et
1553 1602 1656 1656 hoc
1685 1602 1758 1656 sit
1794 1605 2138 1661 miraculum.
2186 1624 2205 1658 ι
2248 1607 2314 1660 Et

732 1685 905 1752 pariet
950 1686 1115 1741 lilium
1140 1729 1155 1753 ,
1205 1698 1259 1743 et
1302 1691 1566 1745 vocabunt
1602 1708 1795 1747 nomen
1825 1695 1941 1765 ejus
1969 1697 2309 1763 Emmanuel,

730 1777 872 1843 quod
918 1778 1329 1850 interpretatur,
1378 1782 1670 1839 Nobiscum
1720 1785 1880 1843 Deus.
1923 1808 1941 1841 ι
1972 1790 2165 1846 Dicunt
2211 1794 2311 1849 He-

730 1866 884 1931 bra’i,
918 1868 1196 1933 Quomodo
1241 1874 1404 1943 igitur
1449 1892 1553 1932 non
1590 1892 1817 1936 vocatus
1850 1892 1933 1937 est
1971 1883 2309 1951 Emmanuel,

730 1960 825 2012 sed
872 1959 1031 2017 Jesus
1081 1964 1383 2022 Christus?
1434 1970 1728 2025 Dicendum
1780 1975 1963 2045 itaque
2009 1978 2151 2047 quod
2206 1995 2313 2034 non

730 2051 867 2106 dixit
898 2052 1152 2120 Vocabis,
1187 2060 1281 2112 sed
1318 2058 1617 2127 Vocabunt,
1656 2065 1709 2119 id
1735 2076 1836 2133 est,
1869 2082 2035 2137 opera
2068 2070 2186 2138 ejus
2220 2075 2313 2127 de-

730 2148 1114 2201 monstrabunt
1150 2165 1271 2204 eum
1306 2152 1473 2207 Deum
1498 2170 1643 2220 esse,
1680 2168 1733 2212 et
1768 2160 2049 2215 nobiscum
2083 2178 2314 2219 conver-

727 2235 856 2288 sari.
906 2236 1096 2291 Divina
1143 2240 1286 2293 enim
1343 2242 1630 2314 Scriptura
1672 2262 1738 2301 ex
1786 2251 2042 2319 Operibus
2085 2254 2313 2322 imponit

728 2324 966 2389 nomina,
998 2329 1139 2381 sicut
1171 2345 1291 2384 eum
1319 2332 1449 2386 dicit
1481 2350 1493 2387 :
1535 2334 1673 2390 Voca
1704 2353 1897 2393 nomen
1927 2343 2065 2410 ejus,
2105 2341 2315 2400 Veloci-

733 2426 811 2469 ter
849 2420 1110 2485 praedare.
1147 2420 1208 2475 Et
1247 2422 1335 2477 ubi
1371 2437 1596 2481 vocatus
1643 2437 1726 2483 est
1762 2433 1884 2500 quis
1930 2434 2018 2487 tali
2053 2438 2313 2492 nomine?

732 2506 868 2572 Quia
901 2511 1063 2564 simul
1095 2523 1154 2565 ut
1181 2525 1339 2569 natus
1362 2527 1445 2569 est
1477 2516 1762 2587 Dominus,
1793 2524 2035 2603 direptus
2060 2537 2115 2580 et
2146 2528 2315 2598 capti-

729 2615 827 2655 vus
868 2602 1129 2657 adductus
1162 2617 1245 2661 est
1279 2622 1456 2671 error,
1500 2611 1579 2664 sic
1613 2612 1814 2669 dicitur
1849 2602 2158 2675 nominatus
2191 2636 2313 2677 esse

727 2693 1142 2763 appellationem
1177 2697 1244 2751 ab
1271 2713 1434 2767 Opere
1476 2712 1692 2757 nactus.

800 2870 963 2925 Vens.
1004 2872 1095 2925 ‘24.
1137 2892 1155 2925 ι
1211 2874 1493 2929 Excitatus
1533 2887 1712 2934 autem
1756 2879 1959 2953 Joseph
2014 2900 2041 2938 a
2093 2902 2309 2953 somno,

728 2955 853 3011 fecit
884 2972 939 3012 ut
976 2960 1283 3027 injunxerat
1310 2965 1413 3017 sibi
1442 2965 1684 3036 Angelus
1718 2969 1951 3028 Domini.
1986 2993 2004 3025 ι
2040 2974 2169 3030 Vide
2194 2977 2312 3031 ani-

727 3066 873 3103 mum
916 3052 1171 3113 alacrem.
1202 3069 1404 3121 quomo
1427 3059 1477 3113 lo
1510 3062 1692 3115 statim
1728 3065 2015 3123 obedierit.
2063 3088 2081 3121 ι
2126 3070 2191 3124 Ει
2226 3088 2311 3127 ac-

2424 598 2581 661 ἀλλὰ,
2607 599 2786 660 νεᾶνις
2806 614 2820 629 ο
2852 598 2990 668 πρὸς
3021 595 3115 659 οὓς
3142 594 3365 649 λεκτέον
3397 597 3479 649 ὅτι
3512 596 3573 648 τὺ
3596 598 3780 657 νεᾶνις
3812 596 3910 647 καὶ
3952 595 4017 647 τὸ

2424 688 2698 759 παρθένος
2740 690 2935 741 ταυτόν
2968 691 3083 742 ἐστι
3118 688 3269 754 παρὰ
3300 690 3367 758 τῇ
3398 688 3590 758 Γραφῇ
3623 704 3636 719 ⁶
3664 687 3880 740 νεάνιδα
3906 686 4017 758 γὰρ

2422 779 2680 848 ὀνομάζει
2702 779 2799 850 τὴν
2824 780 3187 850 ἀδιάφθορον·
3221 778 3437 843 ἔπειτα,
3475 780 3523 831 εί
3573 778 3649 849 μὴ
3682 778 3835 830 ἔτεκε
3874 795 4018 847 παρ-

2424 866 2599 933 θένος,
2631 867 2748 931 πῶς
2779 867 3003 937 ἔμελλεν
3046 862 3187 922 εἶναι
3235 868 3462 937 σημεῖον
3507 868 3604 920 καὶ
3657 864 4013 935 παράδοξονς

2427 961 2625 1013 Ἀκουε
2665 961 2772 1029 γὰρ
2805 958 2899 1013 τοῦ
2940 960 3163 1013 Ἡσαΐου
3216 959 3468 1027 λέγοντος
3492 974 3507 988 ·
3550 977 3569 1010 ‹
3598 958 3697 1011 Διὰ
3725 956 3884 1010 τοῦτο
3909 956 4014 1008 δὼ-

2424 1067 2506 1104 σει
2538 1052 2742 1123 Κύριος
2776 1052 2936 1118 αὐτὸς
2962 1053 3089 1124 ὑμῖν
3114 1053 3369 1123 σημεῖονο
3407 1070 3427 1102 ›
3467 1052 3561 1103 καὶ
3589 1049 3751 1114 εὐθὺς
3773 1051 4017 1118 ἐπάγον-

2420 1160 2511 1206 τος
2537 1159 2550 1173 ⁶
2595 1161 2613 1196 ι
2648 1144 2779 1197 Ἰδοὺ
2805 1146 2837 1214 ἡ
2879 1144 3176 1215 Παρθένος,
3216 1162 3234 1195 ι
3277 1143 3371 1196 καὶ
3397 1142 3467 1196 τὰ
3495 1142 3618 1212 ἑξῆς
3641 1157 3656 1173 ’
3686 1141 3828 1195 ὥστε
3855 1141 3906 1193 εί
3936 1139 4015 1210 μὴ

2422 1235 2613 1304 ἔμελλε
2642 1235 2913 1305 παρθένος
2943 1238 3145 1301 τεκεῖν,
3174 1236 3275 1289 οὐκ
3300 1234 3365 1289 ἂν
3418 1236 3649 1304 σημεῖον
3698 1230 3785 1304 ἦν.
3819 1234 4014 1302 [lapa-

2421 1323 2786 1393 χαράττουσιν
2838 1322 2931 1377 οὖν
2970 1325 3021 1377 oi
3090 1324 3333 1395 Ἑϐραῖοι
3384 1321 3861 1385 ἐθελοκακοῦντες,
3911 1322 4015 1389 τὴν

2421 1418 2667 1487 Γραφήν,
2710 1417 2807 1470 καὶ
2857 1416 2979 1471 ἀντὶ
3008 1418 3105 1470 τοῦ
3154 1417 3449 1488 παρθένος,
3486 1416 3675 1478 νεᾶνις
3732 1414 4013 1467 τιθέασιν*

2420 1513 2528 1565 εἴτε
2553 1512 2608 1565 δὲ
2641 1513 2819 1574 νεᾶνις
2850 1516 3045 1579 κεῖται,
3100 1512 3212 1566 εἴτε
3246 1511 3511 1582 παρθένος
3532 1552 3546 1573 ,
3595 1511 3813 1574 πάντως
3865 1526 4013 1577 πιρ-

2420 1605 2573 1659 θένον
2596 1604 2677 1658 δεῖ
2706 1604 2966 1675 νοηθῆναι
2997 1605 3095 1676 τὴν
3129 1605 3428 1674 μέλλουσαν
3457 1607 3658 1668 τεκεῖν,
3693 1604 3780 1656 ἵνα
3826 1603 3892 1673 δὴ
3918 1602 4014 1656 καὶ

2419 1698 2701 1767 τεράστιον
2731 1698 2817 1767 εἴη
2839 1696 3018 1750 τοῦτο.
3052 1696 3192 1749 «Καὶ
3212 1695 3424 1761 τέξεται
3450 1696 3583 1760 υἱὸν,
3602 1694 3695 1749 καὶ
3718 1693 4012 1746 καλέσουσι

2418 1791 2476 1843 τδ
2510 1790 2680 1860 ὄνομα
2722 1788 2887 1843 αὑτοῦ
2928 1789 3299 1859 Ἐμμανουὴλ,
3331 1790 3358 1842 δ
3386 1790 3500 1841 ἐστι
3530 1786 4013 1857 μεθερμηνευόμε-

2349 1846 2387 1900 B
2416 1898 2527 1941 νον,
2548 1846 2683 1934 Μεθ’
2706 1879 2863 1949 ἡμῶν
2888 1882 2915 1933 ὁ
2940 1846 3101 1942 Θεδςο
3136 1846 3302 1933 Φαᾶιν
3342 1881 3395 1943 pi
3441 1846 3721 1949 'Eﬁ'paiot:
3764 1846 3885 1939 ίῖὦς
3914 1846 4011 1927 οὖν

2418 1972 2517 2025 οὐκ
2544 1971 3132 2043 ἑκλήθηἜμμανουὴλ,
3163 1972 3299 2025 ἀλλὰ
3336 1969 3545 2041 Ἰησοῦς
3578 1968 3849 2052 Χριστός;
3883 1968 4013 2038 Ῥη-

2418 2063 2537 2115 τέον
2572 2059 2666 2116 οὖν
2707 2065 2810 2127 ὅτι,
2863 2064 2963 2117 οὖν
2995 2060 3116 2117 εἷπε
3167 2064 3456 2127 Καλέσεις,
3505 2062 3640 2116 ἀλλὰ
3675 2061 4008 2125 Καλέσουσι,

2420 2156 2718 2221 τουτέστιν,
2751 2156 2892 2209 αὐτὰ
2942 2156 3009 2209 τὰ
3047 2158 3349 2226 πράγματα
3384 2155 3654 2218 δείξουσιν
3684 2153 3847 2206 αὑτὸν
3874 2151 4011 2203 Θεὸν

2416 2246 2566 2309 ὄντα,
2607 2246 2702 2299 καὶ
2755 2247 3052 2318 μεθ’ἡμῶν
3100 2247 3616 2316 ἀναστρεφόμενον
3656 2248 3688 2317 ή
3734 2246 3843 2316 γὰρ
3889 2242 4011 2296 θεία

2416 2337 2606 2408 Γραφὴ
2664 2338 2772 2391 ἀπὸ
2797 2338 2905 2391 τῶν
2940 2339 3118 2410 ἔργων
3171 2339 3355 2410 τίθησι
3386 2340 3452 2394 τὰ
3487 2340 3751 2409 ὀνόματα,
3800 2338 3876 2402 ὡς
3912 2338 4005 2402 τὸ,

2416 2430 2662 2483 Κάλεσον
2694 2430 2754 2483 τὸ
2783 2432 2953 2503 ὄνομα
2990 2430 3176 2495 αὐτοῦ,
3206 2432 3416 2502 ταχέως
3465 2432 3756 2485 σκύλευσον
3779 2448 3790 2460 ·
3828 2432 4007 2484 καίτοι

2416 2522 2520 2574 ποῦ
2552 2522 2758 2592 ἐκλήθη
2808 2541 2891 2587 τις
2914 2524 3139 2594 τοιούτῳ
3169 2525 3432 2594 ὀνόματι;
3495 2523 3635 2577 Ἀλλ’
3669 2524 3859 2594 ἐπειδὴ
3888 2524 4009 2591 ἅμα

2415 2614 2492 2683 τῷ
2515 2614 2839 2686 γεννηθῆναι
2870 2616 2960 2669 τὸν
3001 2616 3225 2686 Κύριον,
3271 2616 3572 2686 ὲσκυλεύθη
3622 2618 3714 2668 καὶ
3744 2615 4009 2686 ᾐχμαλω-

2415 2706 2572 2778 τίσθη
2609 2708 2641 2778 ἡ
2679 2708 2878 2778 πλάνη,
2916 2708 3062 2761 οὕτω
3102 2709 3317 2777 λέγεται
3353 2708 3723 2780 ὀνομασθῆναι
3773 2709 3883 2762 ἀπὸ
3913 2709 4007 2763 τοῦ

2414 2801 2742 2871 πράγματος
2766 2803 2864 2870 την
2888 2802 3082 2871 κλῆσιν
3112 2802 3436 2872 εὑρᾶμενος.

2493 2910 2510 2942 ι
2542 2893 2850 2961 Διεγερθεὶς
2880 2892 2935 2945 δὲ
2963 2894 2989 2946 ὁ
3031 2894 3230 2965 Ἰωσὴφ
3260 2894 3366 2948 ἀπὸ
3387 2894 3482 2949 τοῦ
3511 2894 3704 2957 ὖπνου,
3747 2895 4008 2963 ἐποίησεν

2414 2984 2487 3046 ὼς
2521 2986 2853 3054 προσέταξεν
2900 2987 3049 3059 αὐτῷ
3093 2989 3120 3040 ὁ
3152 2987 3385 3055 ἄγγελος
3410 2987 3637 3055 Κυρίου.
3658 2988 3800 3058 Ὅρα
3828 2987 4008 3055 ψυχὴν

2413 3076 2872 3146 διεγηγερμένην,
2908 3079 3023 3141 πῶς
3059 3078 3287 3147 ἐπείσθη
3305 3080 3535 3147 ταχέως.
3585 3079 3729 3133 «Καὶ
3758 3079 4007 3148 παρέλα-

724 3141 1104 3209 cepituxorem
1130 3161 1301 3199 suam.
1334 3166 1350 3199 ›
1376 3148 1646 3206 Continuo
1668 3168 1785 3209 eam
1815 3160 2059 3215 nominat
2083 3178 2305 3219 uxorem
2339 3187 2377 3243 ε

2339 3187 2377 3243 c
2413 3166 2475 3219 σε
2632 3141 2867 3235 γυναῖκα
2902 3169 3125 3223 αὑτοῦ.)
3166 3171 3414 3238 Συνεχῶς
3450 3172 3505 3223 δὲ
3535 3170 3793 3242 ὀνομάζει
3834 3170 4007 3241 αὐτὴν

721 3230 960 3300 Josephi,
1014 3234 1244 3302 ejiciens
1301 3241 1495 3295 malam
1549 3247 1952 3317 suspicionem,
2003 3263 2059 3307 et
2106 3258 2307 3316 docens
2339 3230 2377 3243 υ

2412 3262 2648 3328 γυναῖκα
2703 3263 2795 3313 τοῦ
2846 3262 3064 3331 Ἰωσὴφ,
3122 3262 3401 3315 ἐκϐάλλων
3436 3266 3535 3332 τὴν
3583 3264 3826 3334 πονηρὰν
3876 3264 4009 3318 ὑπό·

721 3328 863 3395 quod
895 3340 998 3383 non
1041 3331 1286 3398 alterius,
1327 3337 1422 3390 sed
1454 3335 1594 3392 illius
1625 3339 1784 3396 fuerit
1822 3360 1981 3400 uxor.

800 3508 958 3563 \‘tms.
990 3510 1078 3566 25.
1121 3532 1137 3564 ι
1180 3512 1243 3567 Εί
1275 3531 1377 3570 non
1408 3522 1659 3589 cognovit
1689 3540 1831 3590 eam,
1863 3525 2034 3583 donec
2065 3534 2306 3603 peperis-

723 3613 823 3656 set.
869 3622 887 3655 ι
926 3600 1035 3657 Hoc
1070 3616 1184 3669 est,
1234 3623 1337 3661 non
1391 3613 1578 3666 habuit
1625 3631 1859 3685 unquam
1906 3636 2017 3674 rem
2061 3600 2182 3678 cum
2218 3642 2302 3682 ea.

723 3682 832 3749 lloc
862 3698 1007 3750 enim
1041 3698 1160 3752 loco
1188 3703 1433 3767 verbum,
1467 3704 1667 3773 Donec,
1697 3725 1800 3765 non
1837 3711 1939 3768 hoe
1966 3716 2304 3786 manifestat,

719 3789 860 3857 quod
893 3805 998 3843 non
1035 3796 1352 3862 cognoverit
1385 3810 1503 3852 eam
1538 3816 1708 3870 usque
1743 3805 1806 3857 ad
1842 3817 2080 3872 partum,
2119 3821 2304 3879 postea

718 3891 897 3935 autem
922 3888 1256 3953 cognoverit,
1286 3891 1377 3943 sed
1401 3893 1623 3947 omnino
1652 3911 1926 3965 nunquam
1955 3916 2070 3954 eam
2102 3918 2306 3973 cogno-

717 3974 881 4058 verit.
923 3973 1036 4029 Hoc
1086 3978 1227 4031 enim
1278 3981 1436 4037 habet
1488 3983 1785 4055 Scripturze
1838 3994 2165 4061 proprietas.
2213 3995 2305 4053 Sic

717 4078 840 4117 cum
865 4053 1017 4120 dicit.
1059 4086 1076 4118 ι
1110 4067 1225 4122 Non
1256 4087 1509 4126 reversus
1536 4077 1639 4145 ιο
1667 4089 1748 4131 est
1782 4094 1983 4137 corvus
2011 4085 2062 4137 in
2092 4100 2299 4153 arcam,

716 4157 886 4213 donec
924 4173 1196 4215 aresceret
1233 4173 1399 4229 terra,
1443 4184 1459 4216 ›
1499 4182 1675 4236 neque
1711 4171 1858 4224 enim
1896 4184 2082 4242 postea
2116 4178 2297 4232 rediit.

717 4249 807 4305 Sic
834 4260 888 4305 et
916 4252 1021 4307 alio
1054 4253 1191 4308 loco.
1226 4273 1243 4303 ι
1285 4254 1577 4313 Vobiscum
1608 4277 1724 4315 sum
1753 4280 1924 4333 usque
1949 4270 2013 4321 ad
2040 4284 2298 4327 consum-

716 4345 1006 4399 mationem
1043 4348 1224 4400 saeculi
1251 4350 1309 4409 7;
1353 4368 1370 4400 ι
1422 4351 1587 4419 igitur
1616 4366 1735 4420 post
1774 4364 2299 4420 consummationem

716 4451 818 4489 non
848 4438 949 4490 erit
980 4436 1304 4493 vobiscum?
1334 4440 1395 4494 Et
1422 4444 1734 4511 quomodo?
1762 4447 1913 4504 Tunc
1947 4453 2094 4507 enim
2129 4456 2300 4511 multo

2411 3371 2581 3416 νοιαν,
2611 3355 2699 3404 καῖ
2725 3354 2991 3408 διδάσκων
3023 3354 3104 3408 ὅτι
3134 3354 3235 3408 οὐκ
3258 3355 3417 3408 ἄλλου
3435 3355 3576 3419 τινὸς
3605 3357 3822 3424 ἐγένετο
3844 3356 4007 3424 γυνὴ,

2408 3442 2521 3494 ἀλλ’
2560 3442 2722 3495 αὐτοῦ
2750 3438 2834 3513 ἦν.

2482 3536 2591 3588 Καὶ
2622 3537 2721 3589 οὐκ
2752 3536 3051 3604 ἐγίνωσκεν
3103 3537 3275 3607 αὐτὴν
3307 3538 3413 3600 ἕως
3441 3529 3502 3590 οὗ
3538 3536 3726 3591 ἔτεκεν
3760 3554 3775 3570 ·
3808 3538 4011 3592 Τουτέ-

2411 3644 2549 3692 στιν,
2605 3629 2705 3681 οὐκ
2750 3629 2916 3699 ἐμίγη
2950 3630 3087 3699 αὐτῇ
3138 3631 3394 3683 οὐδέποτε
3421 3647 3432 3659 “
3466 3632 3527 3684 τὸ
3576 3634 3685 3699 γὰρ
3716 3632 3883 3696 Ἕως,
3914 3635 4009 3685 ἑν·

2408 3718 2581 3771 ταῦοα
2610 3722 2669 3772 οὑ
2704 3721 2863 3772 τοῦτο
2896 3722 3173 3790 ὲμιραίνει,
3212 3724 3293 3775 ὅτι
3316 3722 3444 3792 ἄχρι
3472 3723 3571 3791 μὲν
3604 3723 3696 3775 τοῦ
3719 3724 3879 3775 τόκου
3907 3726 4010 3777 οὐκ

2410 3808 2569 3877 ἔγνω,
2601 3810 2744 3880 μετὰ
2774 3811 2828 3864 δὲ
2859 3811 3031 3865 ταῦτα
3065 3811 3208 3879 ἔγνω
3232 3830 3245 3841 υ
3280 3812 3415 3866 ἀλλὰ
3452 3812 3711 3879 καθάπαξ
3742 3814 4005 3867 οὐδέποτε

2408 3902 2577 3973 αὐτὴν
2627 3904 2789 3970 ἔγνω.
2840 3905 3055 3974 ’ἰδίωμα
3083 3904 3141 3957 δὲ
3170 3905 3281 3973 ἔχει
3312 3905 3557 3959 τοιοῦτον
3592 3908 3622 3977 ἡ
3656 3907 3847 3976 Γραφή
3883 3924 3895 3937 ·
3931 3908 4007 3971 ὡς

2403 3994 2485 4058 τὸ,
2525 4014 2543 4045 ι
2570 3996 2681 4047 Οὐκ
2709 3995 3043 4065 ἐπέστρεψεν
3071 3997 3098 4048 ὁ
3143 3997 3315 4067 κόραξ
3350 3998 3431 4060 είς
3478 3997 3577 4067 τὴν
3610 3998 3859 4061 κιὸωτδν,
3899 3999 4005 4062 ἕως

2405 4080 2465 4139 οὗ
2497 4086 2769 4156 ἐξηράνθη
2794 4088 2825 4157 ἡ
2857 4088 2961 4157 γῆ·
2999 4088 3121 4139 οὔτε
3154 4089 3261 4157 γὰρ
3286 4090 3427 4159 μετὰ
3456 4090 3631 4142 ταῦτα
3652 4091 3966 4161 ὑπέστρεψε
3992 4108 4005 4120 ·

2403 4183 2497 4233 καὶ
2532 4181 2717 4233 πάλιν·
2753 4202 2769 4231 ι
2798 4180 2935 4234 Μεθ’
2968 4181 3123 4250 ὑμῶν
3155 4184 3269 4252 είμι
3303 4185 3405 4245 ἓως
3438 4184 3537 4253 τῆς
3568 4185 3883 4247 συντελείας
3909 4185 4005 4238 τοῦ

2402 4274 2627 4336 αἰῶνος
2666 4292 2684 4325 ›
2730 4275 2884 4327 Μετὰ
2930 4273 2985 4326 δὲ
3026 4273 3122 4342 τὴν
3155 4275 3468 4328 συντέλειαν
3513 4276 3623 4346 ἆρα.
3656 4276 3755 4330 οὐκ
3805 4278 4003 4342 (erat;

2402 4363 2513 4418 Καὶ
2542 4364 2657 4429 πῶς
2682 4381 2696 4429 ;
2731 4365 2863 4417 Τότε
2895 4366 3003 4435 γὰρ
3035 4366 3235 4435 μᾶλλον
3259 4385 3271 4397 ⁸
3317 4366 3490 4432 οὓτως
3520 4368 3613 4421 οὖν
3647 4369 3740 4422 καὶ
3768 4370 4006 4424 ἐνταῦθα

2402 4453 2485 4517 τὸ,
2515 4454 2657 4515 Ἕως
2684 4449 2745 4508 οὗ
2800 4455 2974 4519 ἔτεκε,
3012 4460 3244 4528 νοήσεις,
3298 4459 3420 4510 ἀντὶ
3460 4458 3576 4522 τοῦ,
3609 4458 3731 4511 οὕτε
3769 4460 3873 4530 πρὸ
3907 4460 4006 4513 τοῦ

714 4529 883 4597 magis
913 4532 1035 4585 erit.
1067 4531 1158 4585 Sic
1190 4532 1355 4601 igitur
1386 4546 1437 4588 et
1467 4536 1568 4591 hoc
1598 4538 1738 4603 loco,
1770 4542 1946 4599 Donec
1970 4550 2293 4618 peperisset,
2332 4546 2375 4601 D

2332 4546 2375 4601 D
2404 4550 2589 4614 τόκου,
2620 4548 2744 4601 οὔτε
2776 4550 2915 4617 μετὰ
2943 4550 3035 4603 τὸν
3062 4552 3221 4604 τόκον
3253 4553 3394 4618 ἔγνω
3423 4554 3617 4623 αὑτήν.
3657 4553 3778 4616 Πῶς
3803 4554 3912 4626 γὰρ
3939 4555 4006 4609 ἂν

714 4619 1013 4690 intelligas,
1040 4623 1142 4677 hoc
1172 4636 1277 4689 est,
1327 4640 1500 4696 neque
1528 4640 1653 4685 ante
1686 4643 1929 4702 partum,
1965 4655 2136 4709 neque
2173 4654 2295 4710 post

714 4723 927 4783 partum
985 4719 1240 4786 cognovit
1291 4735 1429 4773 eam.
1493 4722 1779 4789 Quomodo
1831 4732 1975 4783 enim
2029 4733 2297 4796 attigisset

712 4815 954 4859 sanctam
984 4806 1151 4871 illam,
1185 4819 1468 4878 postquam
1501 4813 1827 4869 inell'abilem
1853 4827 2064 4885 partum
2096 4838 2297 4892 cogno-

712 4899 923 4953 visset?
964 4917 981 4949 ι
1027 4899 1221 4953 Filium
1257 4919 1412 4955 suum
1458 4905 1904 4976 primogenitum.
1949 4930 1966 4962 ι
2001 4911 2115 4965 Νοη
2154 4915 2297 4982 quod

710 4992 815 5046 alio
857 4993 1089 5061 quodam
1142 5003 1271 5049 nato
1308 4997 1465 5051 dicat
1513 5014 1634 5054 eum
1688 5004 2148 5075 primogenitum,
2199 5008 2294 5063 sed

712 5085 1033 5153 simpliciter
1088 5097 1145 5141 ut
1186 5088 1415 5156 primum
1465 5101 1518 5145 et
1568 5095 1740 5149 solum
1792 5109 1999 5153 natum.
2044 5100 2297 5156 Christus

712 5180 854 5230 enim
885 5189 935 5231 et
972 5179 1359 5249 primogenitus
1403 5195 1507 5249 est,
1543 5194 1600 5239 ut
1632 5188 1806 5254 primo
1837 5200 2018 5253 natus,
2090 5203 2143 5245 et
2179 5196 2298 5247 uni-

712 5271 950 5339 genitus,
986 5281 1044 5325 ut
1078 5288 1181 5327 non
1206 5273 1415 5329 habens
1448 5276 1611 5330 alium
1646 5278 1891 5335 fratrem.
1934 5302 1950 5333 ι
1986 5281 2049 5337 Et
2087 5288 2299 5341 vocavit

711 5380 910 5417 nomen
930 5365 1065 5434 ejus,
1095 5365 1299 5422 Jesum.
1333 5387 1350 5421 ι
1381 5368 1635 5427 Ostendit
1662 5374 1763 5428 hoc
1790 5374 1908 5429 loco
1931 5380 2295 5435 obedientiam

708 5454 907 5528 .loscph
932 5501 944 5521 ,
978 5460 1106 5528 quia
1149 5476 1485 5532 qumcunque
1514 5465 1726 5521 dixerat
1756 5468 1804 5522 ci
1839 5470 2063 5540 angelus
2086 5512 2098 5535 ,
2142 5472 2290 5529 fecit.

789 5643 804 5671 ’
848 5642 1031 5699 Matth.
1080 5661 1272 5713 xxvttt,
1331 5647 1421 5701 ‘30.

2404 4640 2580 4708 ἥψατο
2611 4640 2710 4708 τῆς
2744 4640 2906 4705 ἁγίας
2935 4641 3177 4709 ἐκείνης,
3218 4643 3334 4710 μεθ’
3378 4643 3405 4694 δ
3439 4643 3675 4707 μάλιστα
3718 4644 3861 4711 ἔγνω
3907 4647 4003 4699 τὸν

2407 4732 2683 4803 ἄφραστον
2712 4734 2915 4786 ἐκεῖνον
2941 4736 3134 4801 τόκονς
3168 4756 3184 4785 ι
3224 4738 3327 4787 Τὸν
3357 4737 3472 4789 υίδν
3519 4737 3687 4806 αὐτῆς
3720 4737 3812 4791 τὸν
3842 4755 3999 4809 πρω-

2406 4824 2649 4878 τότοκον.
2693 4843 2711 4876 ι
2760 4823 2873 4894 Οὐχ
2903 4826 2976 4889 ὡς
3030 4827 3282 4895 δευτέρου
3332 4829 3477 4892 τινὸς
3524 4832 3807 4898 τεχθέντος
3855 4832 4008 4899 λέγει

2408 4912 2599 4967 τοῦτον
2631 4918 2995 4983 πρωτότοκον,
3022 4918 3136 4969 ἀλλ’
3160 4919 3367 4981 ἁπλῶς,
3394 4920 3469 4982 ὡς
3502 4921 3716 4991 πρῶτον
3740 4920 4008 4991 τεχθέντα

2408 5010 2502 5062 καὶ
2536 5010 2718 5079 μόνον.
2762 5011 2828 5065 '0
2859 5012 2965 5083 γὰρ
3012 5014 3271 5084 Χριστὸς,
3302 5015 3397 5068 καὶ
3443 5017 3791 5085 πρωτότοκος
3828 5018 4005 5081 ἐστιν,

2400 5101 2475 5164 ὡς
2508 5103 2725 5171 πρῶτος
2775 5105 3020 5174 τεχθείς³
3076 5108 3170 5159 καὶ
3234 5108 3549 5177 μονογενὴς,
3615 5108 3690 5171 ὡς
3728 5111 3802 5178 μὴ
3864 5109 4009 5179 ἔχων

2400 5196 2655 5267 δεύτερον
2690 5197 2936 5265 ἀδελφόν.
2996 5219 3013 5250 t
3052 5201 3162 5252 Καὶ
3203 5201 3427 5252 ἐκάλεσε
3458 5201 3518 5253 τὸ
3570 5202 3745 5270 ὄνομα
3800 5202 4002 5269 αὑτοῦ,

2415 5286 2647 5357 Ἰησοῦν.
2696 5309 2711 5339 ι
2760 5292 3010 5347 Δείκνυσι
3064 5295 3344 5349 κάνταῦθα
3400 5297 3497 5367 τὴν
3546 5297 3862 5350 εὐπείθειαν
3904 5299 4002 5352 τοῦ

2417 5384 2639 5457 Ἰωσὴςρ,
2668 5387 2747 5440 ὅτι
2776 5388 2873 5442 ὅσα
2907 5385 3060 5445 εἶπεν
3094 5391 3245 5462 αὐτῷ
3272 5392 3299 5444 ὁ
3330 5393 3583 5461 ἄγγελος,
3624 5392 3903 5462 ἐποίησεν.
