4262 6432
219 388 325 457 Ilii

821 541 1075 596 ΚΕΦΛΛ.
1121 539 1198 592 Β’.

208 641 354 713 Περὶ
375 639 497 695 τῶν
537 635 778 709 Μάγων,
812 635 910 689 καί
937 632 1057 687 τῶν
1085 629 1526 697 ἀναιρεθέντων
1557 624 1812 680 παίδων.

290 799 310 831 ι
345 777 454 831 Τοῦ
484 777 540 831 δέ
583 773 760 845 Ἰησοῦ
788 769 1146 842 γεννηθέντος
1181 768 1240 822 ἐν
1264 766 1518 839 Βηθλεέμ
1543 766 1643 837 τῆς
1679 766 1815 818 Ἰου-

206 871 394 934 δαίας.
436 888 452 920 ι
519 868 773 939 Βηθλεέμ
833 862 1203 935 ἑρμηνεύεται
1256 856 1407 924 οἶκος
1446 861 1637 932 ἄρτου.
1679 859 1817 912 ’1ου-

207 965 339 1020 διία
375 963 458 1026 δὲ,
517 959 932 1031 ἐξομολόγησις.
983 955 1206 1008 Γένοιτο
1238 951 1371 1021 γοῦν
1399 952 1496 1005 καὶ
1534 951 1686 1020 ἡμᾶς
1719 946 1816 1002 νῦν

207 1059 298 1111 διὰ
343 1058 445 1128 τῆς
494 1052 961 1124 ἐξομολογήσεως,
996 1046 1254 1117 γενέσθαι
1305 1041 1456 1098 οἷκον
1506 1043 1676 1115 άρτου
1719 1040 1816 1095 τοῦ

212 1146 614 1216 πνευματικοῦ.
652 1164 670 1198 ι
721 1145 811 1198 Ἑν
871 1141 1112 1215 ἡμέραις
1155 1137 1420 1210 Ἡρώδου.
1449 1157 1466 1189 ι
1520 1135 1817 1207 Μέμνηται

208 1245 304 1299 τοῦ
345 1242 613 1312 Ἡρώδου,
680 1241 770 1294 ἵνα
829 1238 896 1291 σὺ
949 1234 1133 1307 μάθῃς
1180 1235 1263 1287 ὅτι
1328 1232 1579 1298 ἐξέλιπον
1609 1230 1658 1282 οί
1703 1229 1818 1283 άπὸ

211 1339 314 1408 τῆς
359 1336 536 1389 Ἰούδα
568 1333 742 1404 φυλῆς
773 1332 1032 1401 ἄρχοντες
1066 1328 1155 1380 καὶ
1196 1325 1458 1397 βασιλεῖς,
1494 1323 1590 1376 καὶ
1638 1322 1814 1388 άναγ-

211 1425 384 1487 καίως
427 1420 593 1494 ἦλθεν
653 1425 681 1474 ὁ
737 1418 991 1488 Χριστός.
1060 1417 1119 1471 Ὀ
1170 1418 1276 1486 γὰρ
1315 1414 1562 1486 Ἡρώδης
1618 1414 1718 1466 οὐκ
1751 1408 1821 1484 ἦν

222 1519 505 1584 Ἰουδαῖος,
562 1516 678 1569 ἀλλ’
744 1514 1065 1584 Ἰδουμαῖος,
1127 1510 1496 1581 Ἀντιπάτρου
1555 1509 1707 1571 υἱὸς,
1756 1507 1821 1560 ἐκ

212 1608 478 1676 γυναικὸς
535 1604 891 1676 Ἀραδίσσης.
951 1601 1318 1655 Ἐκλιπόντων
1366 1601 1424 1654 δέ
1456 1600 1567 1652 τῶν
1618 1599 1822 1670 ἀρχόν-

213 1720 347 1762 των,
377 1702 410 1770 ἡ
443 1697 742 1770 προσδοκία
773 1694 883 1747 τῶν
914 1693 1085 1747 ἐθνῶν
1116 1688 1308 1764 ἦλθεν,
1341 1692 1415 1756 ὼς
1455 1690 1649 1746 Ἰακὼὸ
1682 1707 1822 1760 προ-

213 1794 539 1861 εφήτευσεν.
598 1808 616 1840 ι
652 1786 761 1840 Τοῦ
815 1786 1104 1858 βασιλέως.
1147 1805 1166 1838 ›
1219 1779 1329 1838 Ἦν
1351 1784 1460 1856 γὰρ
1509 1785 1603 1836 καὶ
1633 1783 1824 1853 ἔτερος

875 380 1332 448 ENARRATIO
1378 379 1458 440 IN
1496 374 2007 440 EVANGEIJUM
2047 369 2440 434 ΜΑΤΤΠιΕΙ.
2465 395 2515 406 -
2551 367 2710 428 C.’.'l‘.
2750 364 2831 425 II.

1845 494 1894 555 Α

3410 320 3546 416 τω

2550 521 2784 582 CAPUT
2825 521 2893 577 Il.

2222 620 2299 676 De
2334 618 2507 688 Magis
2539 630 2586 673 et
2619 616 2883 670 occisione
2907 626 3220 682 puerorum.

2000 757 2162 822 Vsus,
2197 755 2251 812 Ι.
2285 774 2302 806 ι
2343 753 2481 810 Cum
2509 759 2692 806 autem
2725 760 2884 805 natus
2905 759 3051 805 esset
3083 746 3241 803 Iesus
3276 748 3328 801 in
3367 743 3538 801 Beth-

1921 851 2057 907 leem
2106 848 2280 904 Iudae.
2315 866 2334 900 ι
2408 844 2690 902 Bethleem
2745 845 3137 912 interpretatur
3186 843 3381 895 domus
3443 852 3538 909 pa-

1925 945 2043 1008 nis;
2075 940 2262 997 Iudaea
2290 951 2509 1005 autem.
2571 938 2864 993 confessio.
2903 934 3024 989 Fiat
3090 935 3279 1006 igititr,
3315 944 3374 988 ut
3434 947 3539 987 nos

1925 1051 2072 1092 nunc
2126 1050 2226 1106 per
2273 1033 2676 1090 eottfessionem
2711 1030 2906 1085 ﬁamus
2947 1029 3142 1083 domus
3179 1027 3336 1104 panis
3375 1027 3539 1095 spiri-

1926 1129 2107 1184 tualis.
2147 1149 2165 1180 ι
2212 1129 2266 1184 In
2304 1129 2495 1183 diebus
2528 1125 2782 1181 Herodis.
2820 1143 2837 1174 ι
2888 1123 3137 1178 Meminit
3170 1121 3438 1184 lleroais,
3479 1130 3538 1174 ut

1923 1234 1978 1275 tu
2014 1225 2194 1278 discas
2239 1223 2384 1292 quod
2442 1221 2764 1275 deiecerunt
2807 1234 2836 1272 a
2892 1217 3036 1272 tribu
3088 1214 3225 1270 Inda
3280 1231 3438 1284 reges
3485 1223 3540 1269 et

1924 1316 2239 1388 principes,
2305 1323 2362 1368 et
2411 1312 2731 1366 necessario
2784 1309 2927 1364 venit
2969 1309 3244 1363 Christus.
3299 1305 3542 1360 Herodes

1924 1412 2068 1467 enim
2102 1425 2207 1463 non
2240 1418 2358 1463 erat
2392 1405 2610 1462 Iudams
2663 1407 2756 1460 sed
2787 1403 3076 1465 Idumaeos,
3099 1402 3370 1468 Antipatri
3398 1401 3543 1454 ﬁlius

1925 1521 1992 1560 ex
2037 1518 2208 1559 uxore
2246 1500 2446 1554 Arabe.
2482 1501 2616 1554 Cum
2655 1507 2837 1551 autem
2875 1495 3204 1550 defecissent
3241 1493 3539 1562 principes,

1926 1596 2272 1668 exspectatio
2323 1593 2570 1663 gentium
2607 1592 2778 1654 venit,
2812 1591 2956 1644 sicut
2998 1586 3170 1642 Iacob
3219 1585 3538 1656 prmdmit'.

1931 1713 1950 1745 ι
1999 1693 2186 1763 Regis.
2223 1711 2243 1744 ι
2285 1691 2418 1745 Erat
2454 1688 2600 1741 enim
2637 1696 2692 1740 et
2726 1685 2866 1740 alius
2907 1682 3153 1738 Herodes
3197 1679 3494 1734 Tetranha
3527 1696 3539 1732 :

1928 1799 1983 1842 et
2012 1796 2299 1859 propterea
2332 1782 2480 1855 ponit
2508 1780 2829 1851 dignitatem
2865 1779 3028 1847 regis.
3069 1795 3087 1828 r
3125 1773 3269 1830 Ecce
3301 1775 3438 1844 Magi
3473 1776 3541 1828 ab

227 1881 502 1952 Ἡρώδης,
544 1880 570 1931 ὁ
596 1878 906 1950 τετράρχης
929 1895 941 1907 ·
976 1878 1063 1932 διὰ
1093 1877 1256 1932 τοῦτο
1282 1877 1468 1948 τίθησι
1503 1877 1564 1928 τὸ
1605 1875 1824 1945 ἀξίωμα

1941 1881 2159 1936 Driente
2203 1888 2477 1934 venerunt
2516 1874 2919 1942 Hierosolyna.
2986 1889 3006 1922 ι
3056 1869 3239 1936 Quare
3277 1869 3415 1939 Magi
3451 1884 3544 1923 ve-

213 1976 310 2028 τοῦ
339 1974 606 2045 βασιλέως
629 1990 644 2004 ·
686 1990 705 2024 ι
746 1971 880 2024 Ίδοὺ
907 1973 1088 2039 Μάγοι
1123 1971 1230 2023 ἀπὸ
1265 1969 1567 2025 Ἀνατολῶν
1593 1968 1829 2038 παρεγέ-

218 2087 374 2123 νοντο
404 2072 485 2132 είς
528 2066 903 2138 Ἰεροσόλυμα.
937 2085 954 2115 ι
990 2065 1151 2129 Τίνος
1203 2064 1394 2118 ἕνεκεν
1422 2064 1471 2117 οἱ
1508 2065 1692 2130 Μ’άγοι
1738 2063 1829 2133 ἐρ·

219 2179 451 2235 χονται;
487 2163 633 2232 Προς
661 2163 994 2235 κατάκρισιν
1037 2158 1150 2212 τῶν
1205 2159 1496 2212 Ἰουδαίων.
1537 2158 1600 2210 Εἰ
1641 2155 1749 2227 γὰρ
1783 2157 1830 2207 oi

219 2259 434 2326 Μάγοι,
493 2256 779 2325 ἂνθρωποι
814 2254 1230 2326 εἰδωλολάτραι,
1292 2253 1647 2317 ἐπίστευσαν,
1702 2249 1833 2303 ποία

219 2350 493 2416 ἀπολογία
524 2347 714 2401 λοιπον
740 2350 854 2410 τοῖς
901 2343 1211 2411 Ἰουδαίοις
1247 2344 1405 2414 Ἀμα
1439 2343 1517 2407 δὲ,
1552 2342 1647 2396 καὶ
1680 2341 1768 2394 ἴνα
1798 2341 1831 2409 ἡ

218 2442 351 2505 δόξα
378 2440 475 2494 τοῦ
507 2439 746 2508 Χριστοῦ
769 2438 930 2492 πλέον
963 2438 1243 2508 ἐκλάμψῃ,
1267 2434 1696 2510 μαρτυρούντων
1724 2431 1836 2486 τῶν

222 2538 456 2604 Μάγων,
516 2534 628 2588 τῶν
665 2532 904 2604 μάλιστα
958 2534 1073 2593 τοῖς
1118 2531 1371 2600 δαίμοσιν
1425 2528 1834 2598 ὑποκειμένων,

222 2631 321 2684 καὶ
352 2628 567 2700 ἐχθρῶν
599 2628 692 2681 τοῦ
727 2626 883 2680 Θεοῦ.
930 2644 947 2677 ι
968 2626 1104 2679 Ἀπὸ
1150 2624 1505 2678 Ἀνατολῶνδ
1535 2623 1648 2678 Καὶ
1675 2622 1838 2676 τοῦτο

223 2721 364 2791 πρὸς
423 2721 751 2794 κατάκρισιν
808 2719 916 2772 τῶν
984 2717 1278 2788 Ἐϐραίων.
1316 2717 1382 2770 Οἳ
1416 2717 1517 2786 μὲν
1565 2717 1676 2785 γὰρ
1728 2717 1836 2771 ἀπὸ

222 2811 485 2864 τοσούτου
518 2811 886 2879 διαστήματος
933 2805 1122 2881 ἦλθον,
1169 2808 1220 2862 οἱ
1271 2808 1329 2860 δὲ
1372 2807 1616 2880 Ἑϐραῖοι
1657 2807 1828 2860 αὑτοῦ

227 2905 451 2976 ἔχοντες
479 2907 570 2958 τὸν
598 2904 859 2976 Χριστὸν,
895 2903 1145 2958 ἐδίωκον.

305 3001 594 3066 Λέγοντες,
634 2996 744 3051 Ποῦ
779 3001 930 3051 ἐστιν
961 2999 988 3050 ό
1016 2995 1237 3067 τεχθεὶς
1270 2994 1528 3066 βασιλεὺς
1553 2996 1663 3050 τῶν
1704 2997 1839 3049 ’1ου-

226 3089 432 3154 δειιωνς
465 3106 486 3140 ι
509 3089 744 3155 Λέγουσι
768 3088 991 3152 τούτους
1017 3088 1144 3151 τοὺς
1173 3089 1422 3157 Μάγους,
1457 3087 1553 3140 τοῦ
1608 3088 1840 3158 Βαλαὰμ

230 3182 543 3249 ἀπογόνους
573 3169 715 3233 εἶναι
743 3179 837 3232 τοῦ
868 3181 1121 3250 μάντεως
1146 3196 1160 3210 ο
1195 3181 1464 3251 εὑρόντας
1485 3179 1544 3232 δέ
1578 3180 1671 3233 τὸν
1695 3165 1842 3234 ἐκείὲ

232 3290 329 3327 νου
358 3247 630 3345 χρησμὸν,
661 3273 746 3338 τὸ,
785 3247 1068 3325 Ἀνατελεϊ
1099 3247 1302 3344 ἄστρον
1329 3269 1621 3337 ἐξἸακὼδ,
1650 3273 1841 3344 νοῆσαι
1867 3247 1917 3312 C

230 3367 296 3420 τὸ
328 3366 474 3420 κατὰ
503 3366 742 3438 Χριστὸν
792 3366 1120 3437 μυστήριον,
1175 3366 1272 3420 καὶ
1303 3365 1392 3419 διὰ
1429 3366 1594 3420 τοῦτο
1639 3367 1838 3434 ἐλθεῖν,

234 3459 496 3521 θέλοντας
527 3460 655 3512 ίδεῖν
705 3458 766 3511 τὺ
791 3459 1007 3528 τεχθέν.
1062 3478 1080 3510 ι
1124 3458 1356 3527 Εἵδομεν
1399 3457 1510 3529 γὰρ
1548 3458 1721 3525 αὑτοῦ,
1751 3458 1845 3512 τὸν

236 3554 448 3622 ἀστέρα
479 3556 534 3606 ἐν
585 3555 652 3624 τῇ
699 3551 982 3623 Ἀνατολῇ.
1022 3570 1042 3603 ι
1095 3552 1266 3604 Ὅταν
1314 3550 1562 3623 ἀκούσῃς
1613 3552 1842 3623 άστέρσ,

241 3646 319 3718 μὴ
369 3646 601 3716 νομίσης
651 3645 894 3699 τοιοῦτον
953 3640 1096 3699 εἶναι
1126 3646 1361 3710 ἐκεῖνον,
1413 3645 1561 3710 οἴους
1600 3646 1840 3718 ὁρῶμεν,

237 3741 378 3794 ἀλλὰ
401 3740 552 3794 θείαν
577 3739 808 3810 δύναμιν
833 3740 928 3793 καὶ
956 3738 1282 3810 ἀγγελικὴν,
1303 3740 1385 3803 είς
1415 3737 1590 3793 τύπον
1612 3740 1846 3813 ἀστέρος

239 3831 597 3900 φαινομένην.
664 3831 816 3883 Ἐπεὶ
844 3831 953 3901 γὰρ
1000 3831 1049 3882 οἱ
1092 3830 1275 3897 Μάγοι
1303 3831 1631 3903 ἀστρολόγοι
1678 3829 1844 3902 ἦσαν,

236 3922 326 3975 διὰ
355 3921 450 3973 τοῦ
481 3921 751 3992 συνήθους
775 3921 960 3984 αὐτοῖς
994 3921 1387 3992 προσηγάγετο
1417 3923 1618 3985 αὐτοὺς
1667 3923 1696 3976 ὁ
1733 3923 1849 3976 Κύ-

241 4029 381 4086 ριος,
416 4011 604 4082 ὥσπερ
645 4011 740 4064 καὶ
778 4010 872 4063 τὸν
904 4010 1138 4079 Πέτρον,
1200 4009 1359 4064 ἁλιέα
1398 4009 1553 4076 ὄντα,
1588 4011 1698 4066 άπδ
1749 4007 1848 4064 τοῦ

242 4105 489 4174 πλήθους
526 4103 640 4157 τῶν
677 4102 879 4174 ἰχθύων
913 4098 990 4157 ὧν
1052 4104 1424 4175 ἐσαγήνευσεν
1477 4105 1573 4158 ἐπὶ
1620 4104 1698 4175 τῷ
1730 4103 1851 4157 όνό-

241 4214 377 4267 ματι
403 4196 497 4248 τοῦ
525 4193 785 4267 Χριστοῦ,
814 4192 1130 4263 ἐξέπληξεν.
1157 4196 1281 4248 Ὀτι
1308 4195 1365 4248 δὲ
1392 4194 1665 4264 άγγελικὴ
1690 4193 1852 4251 δύνα-

244 4309 338 4361 μις
365 4286 434 4362 ἦν
484 4292 512 4342 ὁ
549 4291 746 4362 ἀστὴρ,
783 4288 947 4359 δῆλον
980 4292 1089 4342 an;
1120 4289 1214 4342 τοῦ
1249 4291 1344 4342 καὶ
1368 4291 1426 4344 ἐν
1453 4291 1642 4362 ἡμέρᾳ
1674 4290 1841 4359 ὕπερ-

240 4385 505 4454 λάμπειν,
540 4383 634 4436 καὶ
660 4383 769 4435 ἀπὸ
805 4381 898 4433 τοῦ
921 4385 1046 4434 κινε
1074 4381 1189 4434 ςθαι
1221 4382 1341 4452 μὲν,
1369 4383 1710 4454 κινουμένων
1744 4381 1853 4436 τῶν

1939 1974 2144 2029 niuut'!
2195 1975 2254 2026 In
2314 1969 2833 2026 condemnationem
2893 1965 3230 2019 Iudmorum.
3296 1960 3432 2016 Nam
3501 1965 3544 2016 si

1936 2068 2099 2138 Magi,
2138 2066 2388 2122 homines
2412 2063 2581 2118 cultui
2618 2061 2887 2116 idolorum
2926 2058 3093 2112 dediti
3120 2097 3133 2120 ,
3173 2057 3546 2116 crediderunt,

1934 2176 2100 2233 quam
2153 2169 2343 2230 postea
2400 2157 2784 2224 defensionem
2851 2161 3158 2222 prmtexent
3213 2147 3430 2204 Iudaei?
3483 2147 3551 2203 Et

1938 2257 2042 2310 alia
2082 2270 2248 2309 causa
2296 2263 2416 2318 est,
2464 2259 2522 2302 ut
2565 2248 2740 2321 gloria
2775 2247 2982 2302 Christi
3029 2245 3203 2312 magis
3243 2243 3549 2312 ell‘ulgeret,

1940 2347 2319 2404 testimonium
2359 2342 2780 2416 perhibentibus
2821 2339 3014 2410 Magis,
3049 2337 3144 2409 qui
3179 2337 3416 2391 maxime
3454 2337 3550 2390 ad-

1940 2442 2173 2498 Versarii
2224 2448 2382 2494 erant
2438 2437 2585 2502 Deo,
2631 2447 2683 2490 et
2719 2434 2941 2489 obnoxii
2995 2430 3358 2486 daemonibus.
3410 2446 3428 2480 ι
3472 2431 3554 2482 Ab

1940 2532 2185 2590 Oriente.
2230 2552 2248 2586 ι
2289 2531 2349 2586 Et
2389 2532 2496 2586 hoc
2527 2530 2594 2584 ad
2631 2524 3148 2583 condemnationem
3196 2521 3552 2577 Hebraeorum

1941 2631 2201 2700 pertinet.
2248 2626 2326 2681 Illi
2368 2624 2513 2680 enim
2556 2638 2652 2693 per
2694 2630 2905 2676 tantum
2959 2617 3202 2690 spatium
3246 2627 3551 2671 venerunt:

1943 2720 2159 2777 Hebraei
2209 2736 2340 2775 vero
2385 2719 2704 2782 Christum,
2751 2730 2912 2785 quem
2958 2715 3102 2784 apud
3151 2728 3210 2768 se
3259 2711 3554 2774 habebant,

1946 2814 2229 2886 persecuti
2263 2823 2413 2870 sunt.

2019 2997 2270 3054 Vnam-2.
2305 3016 2323 3049 ι
2367 2995 2655 3057 Dicentes,
2694 2990 2795 3045 Uht
2828 2997 2942 3053 est,
2976 2988 3068 3058 qui
3114 2996 3272 3041 natus
3317 2995 3400 3040 est
3443 2984 3554 3041 [ιι-κ

1945 3091 2306 3150 Iudaeorum?
2347 3110 2365 3143 ι
2407 3088 2612 3144 Ferunt
2640 3087 2760 3140 illos
2811 3084 2997 3153 Magos
3038 3082 3202 3136 fuisse
3232 3096 3297 3134 ex
3343 3079 3560 3133 Balaam

1950 3187 2264 3254 coniectore
2293 3182 2626 3254 progenitos.
2665 3180 2801 3233 Nam
2834 3189 2888 3232 ut
2918 3179 3246 3231 invenerunt
3275 3174 3559 3229 oraculum

1951 3278 2116 3345 illius,
2147 3275 2375 3334 Orietur
2402 3277 2557 3331 stella
2597 3290 2662 3329 ex
2694 3274 2885 3337 Iacob,
2928 3271 3322 3326 intellexerunt
3355 3279 3565 3340 mystc-

1949 3375 2091 3429 rium
2132 3370 2374 3437 Christi,
2434 3380 2490 3425 et
2541 3370 2746 3426 ideirco
2791 3378 2979 3423 uatum
3052 3369 3206 3421 adire
3252 3366 3566 3422 voluerunt.

1953 3487 1972 3521 ι
2010 3467 2257 3533 Vidimus
2303 3465 2450 3519 enim
2498 3464 2709 3519 stellam
2741 3463 2861 3534 ejus
2903 3463 2956 3516 in
2993 3458 3242 3516 Oriente.
3282 3479 3299 3511 ι
3337 3459 3569 3526 Quando

1947 3562 2110 3618 audis
2162 3559 2402 3624 stellam,
2450 3574 2518 3614 ne
2567 3560 2730 3613 talem
2765 3570 2926 3629 putes
2965 3557 3150 3624 illam,
3195 3556 3385 3624 quales
3417 3557 3571 3610 vide-

1949 3672 2091 3723 mus,
2111 3655 2206 3711 sed
2225 3653 2466 3710 divinam
2492 3652 2752 3708 virtutem
2777 3659 2831 3706 et
2850 3651 3155 3723 angelicam
3183 3649 3236 3705 in
3265 3649 3367 3720 ll
3395 3647 3569 3720 ﬁgura

1951 3752 2153 3810 sideris
2191 3759 2573 3820 apparentem.
2627 3749 2767 3804 Nam
2822 3752 3082 3820 quoniam
3127 3747 3390 3818 astrologi
3427 3745 3568 3817 Magi

1950 3856 2146 3912 erant,
2190 3855 2485 3916 propterea
2522 3844 2784 3900 Dominus
2820 3845 3080 3898 farniliari
3119 3843 3253 3914 ipsis
3282 3843 3442 3911 signo
3473 3854 3570 3894 eos

1955 3940 2222 4004 adduxit,
2259 3941 2404 3994 sicut
2438 3948 2492 3992 et
2529 3937 2753 3994 Petrum
2793 3941 3122 4009 piscatorem
3157 3956 3185 3993 a
3225 3937 3574 3993 multitudine

1953 4039 2222 4110 piscium,
2268 4051 2407 4106 quos
2442 4036 2496 4091 in
2545 4038 2768 4092 nomine
2801 4037 3010 4092 Christi
3057 4046 3312 4104 ceperat,
3382 4046 3572 4102 stupe~

1954 4145 2112 4189 scere
2142 4132 2292 4186 fecit.
2321 4131 2479 4200 Quod
2509 4141 2691 4186 autem
2724 4132 2969 4202 angelica
2999 4132 3174 4185 virtus
3203 4128 3368 4185 fuerit
3393 4126 3572 4190 stella,

1955 4224 2310 4280 manifestum
2357 4237 2424 4278 ex
2455 4237 2555 4288 eo,
2588 4225 2731 4292 quod
2771 4233 2827 4278 et
2863 4223 2915 4277 in
2951 4223 3038 4278 die
3072 4221 3388 4286 relulserit,
3424 4228 3478 4274 et
3508 4219 3577 4274 ad

1958 4327 2164 4370 motum
2203 4315 2486 4386 Magorum
2515 4330 2576 4370 se
2610 4316 2868 4379 moverit,
2903 4328 2956 4369 et
2997 4317 3063 4367 ad
3098 4317 3343 4384 quietem
3382 4327 3573 4366 eorum

1958 4407 2249 4482 quieverit.
2293 4409 2438 4476 Quin
2487 4421 2543 4464 et
2587 4425 2616 4462 a
2661 4408 3079 4480 septentrionali
3113 4419 3299 4477 parte,
3342 4422 3463 4476 qua:
3493 4415 3578 4460 ett

241 4478 474 4546 Μάγων,
519 4474 768 4528 ἵστασθαι
789 4474 865 4538 δὲ,
917 4476 1022 4528 ἀνα
1063 4478 1394 4545 αυομένωνο
1426 4475 1566 4529 ἀλλὰ
1595 4477 1692 4528 καὶ
1744 4474 1838 4529 άπί

1960 4503 2231 4568 Persidis,
2267 4503 2332 4557 ad
2361 4502 2673 4568 meridiem,
2712 4504 2760 4555 in
2803 4518 2906 4572 qua
2938 4513 3021 4556 est
3059 4501 3424 4566 Hierusalem,
3458 4513 3576 4554 mo-

244 4571 340 4626 τοῦ
373 4570 586 4642 βορείου
625 4571 849 4641 μέρους,
893 4570 921 4622 ὃ
953 4571 1074 4622 ἐστι
1099 4569 1201 4639 τῆς
1230 4569 1513 4640 Περσίδος,
1550 4572 1630 4634 είς
1665 4570 1727 4622 τὸ
1763 4569 1855 4624 νό-

242 4635 648 4732 τιονέκινείτο,
745 4666 862 4716 ἐστι
906 4666 1005 4734 τῆς
1056 4635 1442 4734 Ἰερουσαλήμ.
1478 4664 1752 4717 Οὐδέποτε
1797 4663 1856 4716 δὲ
1890 4635 1934 4689 D

245 4760 426 4831 ἀστὴρ
459 4760 568 4812 ἀπ’)
605 4757 698 4810 τοῦ
731 4756 943 4828 βορείου
977 4756 1068 4808 ἐπὶ
1108 4755 1171 4808 τὸ
1193 4757 1370 4809 νότιον
1401 4757 1657 4810 κινεῖται.
1688 4773 1705 4806 ι
1745 4756 1857 4808 Καὶ

1965 4599 2212 4652 vehatur.
2258 4595 2549 4667 Nunquam
2598 4606 2783 4649 autem
2824 4597 2982 4650 stella
3021 4611 3049 4647 a
3090 4593 3466 4663 septentrione
3512 4594 3580 4647 ad

1966 4688 2251 4745 meridiem
2311 4689 2560 4742 vertitur.
2625 4705 2644 4738 ι
2711 4687 2774 4740 Et
2829 4687 3114 4750 venimus,
3170 4695 3227 4738 ut
3289 4685 3582 4740 adoremus

283 4777 426 4868 Ϋξηρ
459 4777 568 4812 am
731 4777 943 4860 P°f""‘°”
977 4777 1171 4865 ετξι-το
1193 4777 1370 4868 νθῖιοξ
1401 4777 1657 4868 κινειταξ
1688 4777 1705 4806 ⁸
1747 4777 1857 4868 Μιξ
1964 4797 2114 4837 eum.
2171 4800 2190 4834 ι
2237 4779 2504 4836 Videntur
2556 4781 2612 4836 bi
2669 4779 2811 4851 Magi
2859 4795 3054 4851 magna
3101 4780 3304 4833 virtute
3348 4777 3582 4848 praditi.

246 4854 486 4926 ήλθομεν
532 4850 916 4922 προσκυνῆσαι
975 4848 1146 4919 αὐτῷ.
1187 4867 1206 4900 ι
1256 4848 1549 4904 Φαίνονται
1597 4848 1744 4903 οὗτοι
1807 4868 1834 4902 ο

1964 4874 2101 4930 Nam
2135 4877 2179 4930 si
2223 4876 2274 4929 in
2319 4875 2494 4928 aliena
2545 4874 2767 4945 regione
2811 4874 3048 4928 adorare
3085 4872 3398 4932 voluerunt,
3444 4885 3585 4936 (tuo-

246 4945 456 5012 Μάγοι,
519 4940 764 5012 μεγάλης
796 4939 1000 5011 ἀρετῆς
1037 4941 1214 5004 ὅντες.
1269 4939 1331 4993 Εἰ
1380 4941 1490 5012 γὰρ
1525 4944 1582 4994 ἐν
1631 4945 1695 5011 τῇ
1730 4940 1838 5014 ξένε

1968 4970 2131 5025 modo
2166 4985 2271 5024 non
2306 4970 2358 5025 in
2389 4968 2615 5024 Perside
2646 4969 2763 5038 ipsa
2794 4983 2989 5037 magna
3030 4967 3287 5022 libertate
3319 4963 3586 5036 praedica-

247 5040 406 5110 χώρᾳ.
440 5037 770 5106 προσκυνεῖν
806 5035 1020 5114 ἢθελον,
1057 5035 1175 5099 πῶς
1211 5036 1314 5089 οὐκ
1345 5034 1411 5089 ἂν
1451 5038 1510 5088 ἐν
1542 5039 1608 5108 τῇ
1636 5037 1858 5107 Περσίδι
1971 5063 2208 5119 verum?

248 5130 738 5202 ἐπαρρησιάσαντο
768 5130 862 5180 καὶ
894 5127 1207 5198 ἐκήρυξανς

330 5243 350 5277 ι
398 5223 662 5286 Ἀκούσας
694 5223 753 5276 δέ
790 5221 1040 5297 Ἡρώδης
1063 5224 1091 5275 ὁ
1116 5221 1396 5292 βασιλεὺς,
1429 5222 1730 5292 ἐταράχθη,
1763 5222 1838 5275 κα⁴

2052 5238 2221 5292 Vens.
2258 5236 2313 5290 5.
2357 5255 2375 5283 α
2422 5234 2674 5293 Herodes
2710 5244 2893 5291 autem
2947 5249 3042 5290 rex
3100 5242 3157 5287 ut
3200 5231 3430 5296 audivit,
3469 5241 3589 5283 tur-

250 5322 405 5373 πᾶσα
475 5317 834 5389 Ἱεροσόλυμα
878 5315 993 5385 μετ’
1050 5314 1241 5370 αὑτοῦ.
1275 5336 1293 5366 ι
1365 5315 1425 5370 Ὀ
1472 5317 1574 5386 μὲν
1612 5314 1838 5388 Ἡρώδης

1972 5330 2135 5385 batus
2186 5339 2293 5395 est,
2329 5338 2386 5385 et
2440 5329 2624 5385 omnis
2681 5327 3060 5398 Hierosolyma
3096 5341 3221 5381 cum
3276 5324 3388 5379 illo.
3424 5344 3442 5376 ι
3481 5323 3590 5377 lle-

251 5413 558 5487 ἐταράχθη,
589 5413 666 5476 ὡς
707 5412 1010 5480 ἀλλόφυλος
1045 5413 1177 5484 περὶ
1223 5413 1320 5484 τῆς
1351 5413 1638 5484 βασιλείας
1685 5414 1828 5468 δεδοι

1970 5423 2134 5478 rodes
2169 5423 2390 5492 quidem
2454 5425 2711 5478 turbatus
2771 5431 2878 5485 est,
2934 5431 2994 5476 ut
3048 5421 3376 5489 alienigena,
3422 5432 3591 5488 regno

253 5508 369 5571 κῶς
396 5524 410 5537 ο
441 5506 712 5574 ἐγίνωσκε
771 5505 884 5575 γὰρ
928 5504 1012 5556 ὅτι
1045 5505 1268 5570 ἀνάξιος
1315 5502 1384 5578 ἦν
1447 5507 1690 5578 ταύτης·
1731 5508 1780 5559 oi
1807 5507 1835 5559 δ

1973 5531 2074 5572 suo
2121 5517 2342 5580 timens,
2376 5516 2590 5572 sciebat
2643 5515 2791 5570 enim
2822 5516 2968 5585 quod
3013 5517 3104 5569 illo
3133 5516 3391 5583 indignus
3421 5519 3590 5566 esset.

265 5599 701 5666 Ἶουδαίοι,τίνος
733 5598 921 5652 ἕνεκεν
955 5600 1358 5670 ταράττονται;
1390 5599 1498 5653 ἔδει
1525 5599 1635 5671 γὰρ
1666 5599 1838 5654 αὑτοῦ

1973 5608 2145 5665 Iudaei
2203 5621 2386 5665 autem
2456 5625 2629 5680 quare
2710 5609 3039 5664 turbantur?
3095 5609 3382 5680 oportebat
3442 5606 3589 5661 enim

260 5695 464 5769 μᾶλλον
501 5693 740 5767 χαίρειν,
772 5694 854 5747 ὅτι
886 5693 1144 5765 βασιλεὺς
1174 5694 1361 5760 αὐτοῖς
1401 5694 1579 5764 ἔσται,
1617 5697 1724 5753 ὑπὸ
1754 5696 1838 5752 τῶ

1976 5702 2215 5773 gaudere
2255 5701 2459 5774 potius,
2493 5701 2640 5775 quod
2687 5717 2872 5774 regem
2923 5702 3026 5774 ipsi
3079 5703 3322 5759 habituri
3376 5712 3588 5764 es:ent,

331 5882 354 5916 ⁸
385 5881 527 5938 Gen.
584 5896 736 5946 XLIX,
773 5882 810 5938 5
857 5896 1012 5952 seqq.
