4262 6432
190 431 298 500 165
325 429 331 434 ’

836 384 1288 496 essentne
1316 432 1401 494 1N
1443 428 1952 495 EVANGELIUM
1982 431 2478 496 narrum..~
2507 431 2670 492 CAP.
2720 429 2804 491 ιι.

3394 427 3499 494 166
3527 383 3529 386 ⁴

191 554 306 628 πρὸ
349 551 546 607 πολλοῦ
574 551 746 623 ιφάνη
780 551 809 605 6
850 548 1048 622 ἀστὴρ,
1077 547 1156 614 ὡς
1209 547 1279 602 ἂν
1330 548 1793 620 προσκυνήσωσιν

1898 546 2078 602 adhuc
2131 545 2184 601 in
2229 545 2417 602 fasciis
2469 545 2770 617 iacentem.
2823 541 3006 614 Aliqui
3053 549 3238 599 autem
3286 541 3494 608 dicunt,

189 643 358 708 αὐτὸν
383 643 464 698 ἔτι
491 645 550 697 ιν
578 646 691 706 τοῖς
741 641 1086 719 σπαργάνοις
1127 639 1278 695 ὄντα.
1330 640 1491 703 Τινὲς
1517 639 1575 693 δὲ
1603 638 1796 708 λέγουο

192 752 306 802 στν,
344 737 430 789 δτι
463 735 580 806 ἅμα
623 734 702 804 τῷ
731 732 1065 804 γεννηθῆναι
1096 730 1188 784 τὸν
1235 731 1500 802 Χριστὸν,
1537 731 1716 800 ἐφάνη
1766 729 1796 782 6

188 828 392 899 ἁπηρ,
421 829 519 880 καὶ
552 827 602 880 oi
635 827 817 896 Μάγοι
841 824 930 879 διὰ
969 823 1068 879 δύο
1100 823 1240 878 ἑτῶν
1263 820 1454 896 ἦλθον,
1489 823 1587 880 καὶ
1607 824 1710 878 οὐκ
1735 825 1795 878 ἓν

194 911 728 991 στοαργάνοιςλεῦρσν
754 917 850 972 τὸν
879 917 1110 990 Κύριον,
1135 915 1258 970 οὐδὲ
1285 917 1344 972 εν
1363 919 1430 990 τῇ
1455 917 1654 991 φάτνῃ,
1677 913 1796 970 ἀλλ’

191 1011 251 1066 ιν
283 1010 435 1083 οἰκία
465 1009 608 1082 μετὰ
632 1010 734 1081 τῆς
779 1011 1012 1082 μητρὸς,
1041 1008 1198 1079 διετῆ
1227 1008 1380 1066 ὄντα.
1427 1009 1592 1065 una
1621 1009 1702 1065 uir
1733 1007 1798 1062 τὸ

193 1101 517 1175 «passus»
537 1100 630 1172 Ιχε
661 1102 937 1173 κρεῖττον.
1324 1089 1330 1096 ’

269 1209 289 1244 t
331 1193 440 1247 Καὶ
460 1192 685 1264 πέμψας
706 1192 904 1256 αὐτοὺς
925 1192 1008 1256 είς
1028 1192 1300 1264 Βηθλεὲμ,
1320 1187 1468 1262 εἷπε,
1482 1193 1793 1267 Πορευθέν-

189 1301 286 1350 τες
310 1284 557 1356 ἀκριϐῶς
579 1286 877 1353 εξετάσατε
906 1286 1036 1356 περὶ
1066 1287 1162 1341 τοῦ
1187 1286 1423 1344 παιδίου.
1465 1309 1484 1341 ι
1523 1288 1638 1342 Οὐκ
1667 1283 1792 1342 εἷπε

193 1377 324 1445 περὶ
349 1373 444 1427 τοῦ
481 1373 767 1445 βασιλέως,
802 1373 940 1429 ἀλλὰ
963 1377 1092 1446 περὶ
1119 1376 1216 1430 τοῦ
1246 1378 1463 1431 παιδίου
1488 1393 1502 1408 ·
1528 1377 1652 1430 οὐδὲ
1682 1378 1792 1450 γὰρ

190 1468 254 1522 τὺ
280 1467 457 1538 δνομα
506 1460 761 1537 ἀνέχεται
784 1483 802 1499 ’
832 1466 962 1522 ὅθεν
991 1468 1230 1524 δεικνύει
1261 1471 1342 1525 δτι
1388 1470 1642 1541 μαίνεται
1670 1471 1793 1524 κατ’

193 1559 387 1613 αὐτοῦ.

269 1671 290 1704 ε
341 1652 514 1707 Ἐπὰν
533 1654 592 1709 δὲ
613 1653 838 1727 εὕρητε,
870 1653 1252 1724 ἀπαγγείλατέ
1288 1672 1402 1727 μοι,
1448 1655 1602 1721 ὅπως
1635 1657 1794 1727 κάγὼ

189 1744 364 1799 ιλθὼν
394 1749 764 1819 προσκυνήσω
794 1748 968 1820 αὐτῷ.
996 1749 1060 1802 01
1084 1748 1166 1816 δὲ,
1199 1749 1539 1813 ἀκούσαντες
1566 1750 1662 1804 τοῦ
1696 1752 1794 1821 βι-

189 1834 388 1900 σιλίως
444 1837 848 1909 επορεύθησαν.
885 1856 905 1889 s
973 1837 1190 1892 Ἀδολοι
1239 1839 1350 1910 γὰρ
1394 1839 1550 1904 ὄντες
1611 1841 1789 1906 αὐτοὶ,

186 1928 446 1996 ἐνόμιζον
473 1931 727 1982 κάκεῖνον
754 1925 958 1992 ἀδόλως
989 1929 1192 1998 λέγειν.
1229 1947 1250 1982 t
1275 1909 1389 1984 Καὶ
1414 1931 1525 1984 ίδοίι
1557 1932 1588 1984 6
1613 1931 1792 2003 ἀστὴρ
1825 1909 1870 1969 Β

184 2017 246 2072 δν
275 2014 424 2075 εῐδον
455 2022 513 2074 ἑν
535 2023 603 2093 τῇ
635 2022 921 2092 ’Δνατολῇ,
950 2022 1196 2093 προῆγεν
1215 2020 1438 2085 αὐτούς.
1460 2041 1482 2074 s
1528 2024 1790 2094 Ἀπεκρύ·

186 2111 256 2179 6η
289 2115 433 2184 πρὸς
467 2113 670 2184 μικρὸν
699 2113 732 2166 6
758 2114 938 2185 ἀστὴρ
965 2112 1350 2185 οἰκονομικῶς,
1384 2112 1474 2168 [να
1499 2114 1792 2186 ερωτήσω-

187 2219 274 2261 σιν
298 2206 454 2260 αὐτοὶ
485 2207 618 2271 τοὺς
660 2205 973 2272 Ἰουδαίους,
1036 2208 1132 2261 καὶ
1161 2205 1414 2278 ταραχθῇ
1449 2209 1478 2261 6
1515 2207 1790 2280 Ἡρώδης.

187 2299 283 2350 καὶ
307 2298 454 2352 οὕτω
485 2299 934 2372 περιφανεστέρα
977 2298 1211 2370 γίνηται
1238 2298 1273 2367 ἡ
1305 2297 1562 2368 ἀλήθεια.
1604 2297 1791 2363 Ἐξελ-

187 2388 344 2444 θοῦσι
371 2390 428 2444 δὲ
458 2392 645 2456 αὐτοις
689 2392 800 2448 ἁπδ
828 2393 929 2464 τῆς
964 2390 1346 2464 Ἰερουσαλὴμ,
1381 2391 1551 2446 πάλιν
1591 2393 1789 2463 ιφάνη,

185 2483 551 2555 χειραγωγῶν
583 2485 805 2549 αὐτούς.
840 2485 1007 2540 Ὅθεν
1052 2485 1216 2558 δῆλον
1250 2487 1336 2540 δτι
1393 2485 1514 2543 θεία
1557 2485 1792 2558 δύναμις

185 2571 254 2648 ἢν
277 2579 304 2629 6
333 2578 540 2649 ἀστήρ.
571 2597 590 2630 ι
616 2578 764 2642 Ἕως
795 2577 968 2633 ἐλθὼν
1001 2577 1136 2650 ιστη
1171 2578 1362 2633 ιπάνω
1390 2573 1455 2633 οὖ
1471 2574 1542 2650 ἦν
1566 2579 1630 2632 τὸ
1659 2595 1792 2635 παι-

184 2666 320 2722 δίον.
366 2687 387 2722 s
422 2663 535 2723 ιιάι
575 2669 735 2724 τοῦτο
769 2667 942 2736 ξένον.
987 2669 1216 2743 Κατίδη
1269 2672 1383 2741 γὰρ
1415 2674 1446 2727 6
1479 2673 1658 2744 ἀστὴρ
1682 2671 1794 2726 ἀπὸ

185 2760 282 2814 τοῦ
343 2760 536 2830 ὕψους,
601 2763 697 2818 καὶ
730 2763 1154 2837 προσγειότερος
1212 2766 1533 2837 γενόμενος,
1590 2765 1795 2831 ἔδειξεν

186 2853 378 2917 αὐτοις
411 2854 506 2908 τὸν
531 2855 720 2910 τόπον.
755 2857 818 2913 El
853 2856 966 2929 γὰρ
996 2856 1056 2925 ιε
1090 2856 1261 2928 ὕψους
1292 2859 1480 2923 αὐτοῖς
1508 2858 1788 2929 ἐφαίνετο,

189 2945 312 3010 πῶς
345 2949 414 3000 ἂν
440 2946 672 3018 ἔμελλον
704 2948 892 3013 ίδικῶς
921 2949 1195 3023 γνωρίσαι
1250 2949 1343 3004 τδν
1371 2950 1538 3006 τόπον
1571 2951 1700 3007 [vlla
1725 2948 1796 3023 ἦν

185 3041 216 3092 6
243 3038 519 3110 Χριστόςς
547 3040 614 3093 οι
648 3041 759 3113 γὰρ
785 3019 1019 3112 ἁστίρίς
1046 3019 1226 3096 πολὺν
1251 3043 1420 3097 τόπον
1449 3019 1799 3114 περιλαμδά-

186 3147 396 3186 νουσιν.
437 3131 599 3185 Ὅθεν
650 3133 749 3186 καὶ
782 3135 846 3188 σὺ
874 3132 1064 3189 δπάνω
1085 3134 1187 3205 τῆς
1224 3136 1326 3207 σῆς
1356 3136 1538 3200 οίκίας
1571 3135 1798 3207 βλέπεις

185 3220 287 3291 τὴν
305 3219 544 3294 σελήνην
570 3223 756 3295 τυχὸν,
773 3225 931 3295 κάγὼ
956 3225 1104 3280 δοκῶ
1130 3225 1339 3300 ταύτην
1360 3227 1624 3300 ἀνωτέρω
1649 3223 1814 3284 εἶναι’

186 3311 286 3382 τῆς
327 3315 474 3384 ἐμῆς
501 3315 682 3380 οίκίας
704 3316 898 3388 μόνης.
924 3319 1035 3372 Καὶ
1065 3318 1280 3384 πάντες
1305 3319 1519 3386 ἁπλῶς,
1543 3313 1796 3405 δοκοῦσιν

185 3402 419 3468 ἔκαστος
442 3405 632 3460 επανω
660 3407 829 3462 αὑτοῦ
863 3410 1029 3478 μόνου
1062 3409 1318 3467 ἵστασθαι
1349 3411 1451 3480 τὴν
1497 3402 1734 3484 σελήνην
1759 3412 1794 3484 ἢ

184 3495 352 3547 ἄλλον
376 3497 604 3567 ἀστέρα.
640 3498 912 3560 Κάκεῖνος
966 3497 1062 3552 οὖν
1110 3499 1140 3551 6
1165 3499 1346 3569 ἀστὴρ
1393 3499 1497 3552 οὐκ
1530 3499 1598 3553 ἂν
1625 3499 1798 3566 ἔδειξε

185 3588 280 3640 τὸν
297 3587 562 3657 Χριστὸν,
589 3592 638 3646 εί
670 3589 748 3662 μὴ
779 3591 1117 3662 συγκατέόη,
1146 3592 1243 3649 καὶ
1283 3593 1574 3662 μονονουχὶ
1608 3580 1798 3647 ιπᾶνω

187 3681 284 3750 τῆς
317 3681 566 3751 κεφαλῆς
597 3682 694 3736 τοῦ
727 3684 944 3738 παιδίου
969 3684 1124 3756 ἔστη.

266 3790 286 3823 s
344 3773 565 3838 Ἰδόντες
596 3774 654 3829 δι
677 3775 770 3828 τὸν
827 3778 1048 3847 ἅστέρα,
1083 3777 1364 3850 ἐχάρησαν
1396 3777 1576 3850 χαρὰν
1620 3779 1799 3850 μεγά-

184 3864 290 3934 λην
321 3864 552 3934 σφόδρα.
591 3883 613 3918 ι
657 3866 744 3930 Ὠς
777 3867 840 3920 οὐ
869 3868 1264 3938 πλανηθέντες,
1313 3868 1428 3924 ἀλλ’
1453 3869 1711 3941 εὑρόντες
1733 3869 1796 3924 τὸ

186 3953 552 4024 ζητούμενον,
586 3957 890 4027 ἐχάρησαν.

264 4064 284 4098 t
325 4048 439 4100 Καὶ
468 4047 717 4111 ἐλθόντες
765 4050 846 4114 είς
876 4050 976 4120 τὴν
1024 4050 1226 4117 οἰκίαν,
1285 4047 1430 4108 εἶδον
1462 4053 1525 4108 τὸ
1579 4053 1796 4108 παιδίον

189 4140 335 4210 μετὰ
377 4140 599 4211 Μαρίας
627 4141 729 4209 τῆς
772 4145 984 4213 μητρὸς
1049 4146 1241 4200 αὐτοῦ.
1281 4165 1301 4199 s
1358 4147 1514 4216 ’Δμα
1563 4147 1664 4216 μὲν
1716 4144 1797 4218 τῷ

184 4233 541 4304 γεννηθῆναι,
580 4234 639 4285 ιν
660 4237 727 4304 τῇ
780 4238 958 4307 φάτνῃ
993 4237 1312 4291 κατέκλινεν
1346 4240 1379 4307 ἡ
1425 4236 1707 4310 Παρθένος
1735 4238 1796 4291 τὸ

189 4324 431 4388 παιδίον,
459 4327 521 4379 ού
541 4328 650 4397 γὰρ
673 4326 934 4398 εὖρισκον
959 4329 1082 4383 τότε
1107 4331 1288 4385 οίκίαν
1311 4347 1326 4362 ο
1368 4332 1509 4402 μετὰ
1534 4331 1711 4386 ταῦτα
1735 4331 1795 4385 δὲ

191 4419 344 4481 εἰκός
378 4421 529 4471 ἐστιν
574 4420 759 4490 εὑρεῖν
816 4421 1016 4489 οίκίαν,
1043 4421 1173 4476 ἔνθα
1218 4425 1314 4476 καὶ
1339 4423 1390 4476 oi
1424 4424 1609 4492 Μάγοι
1634 4416 1796 4496 εὗρον

188 4511 416 4572 αὐτούς.
484 4512 788 4584 ’Δνέόησαν
826 4515 928 4584 μὲν
968 4514 1079 4585 γὰρ
1114 4517 1195 4580 είς
1229 4516 1503 4589 Βηθλεὲμ,
1539 4518 1627 4571 ἶνα
1651 4518 1794 4571 ἀπο-

1899 639 2046 708 quod
2090 653 2215 694 cum
2251 637 2478 694 Christo
2518 647 2649 693 nato
2683 637 3006 708 apparuerit
3053 635 3234 700 stella,
3269 645 3326 692 et
3360 635 3500 707 Magi

1898 747 2000 804 per
2029 731 2318 788 biennium
2359 739 2651 795 venerunt,
2683 739 2739 788 et
2773 745 2877 785 non
2916 729 2971 784 in
3009 727 3250 783 fasciolis
3278 728 3501 785 invene-

1884 832 2026 878 runt
2059 838 2308 894 puerum,
2347 838 2525 894 neque
2555 824 2608 878 in
2643 823 2931 892 prasepio,
2971 821 3069 877 sed
3096 822 3150 875 in
3186 821 3349 876 domo
3376 837 3500 876 cum

1898 922 2076 971 tnatre
2107 915 2340 972 bimum.
2371 914 2478 971 Sed
2507 926 2561 970 ιιι
2591 915 2829 985 priorem
2853 913 3184 970 sententiam
3221 921 3280 967 ut
3310 912 3503 968 melio-

1901 1021 2017 1063 rem
2057 1007 2218 1062 habe.

1969 1179 2139 1237 Vsus.
2169 1180 2223 1236 8.
2255 1197 2276 1234 ι
2314 1181 2382 1236 Et
2414 1178 2598 1236 missis
2620 1177 2700 1234 eis
2729 1179 2781 1234 in
2818 1177 3121 1242 Bethleem,
3153 1179 3312 1247 dixit,
3339 1179 3418 1237 Ite
3448 1190 3504 1236 et

1897 1273 2194 1350 diligente]-
2243 1273 2510 1344 inquirite
2547 1273 2615 1328 de
2660 1287 2837 1343 puero
2873 1272 2996 1327 hoc.
3047 1291 3066 1325 s
3101 1271 3219 1327 Non
3269 1274 3408 1327 dixit
3438 1274 3504 1328 de

1899 1381 2047 1436 rege,
2097 1366 2194 1422 sed
2235 1368 2303 1422 de
2330 1380 2502 1436 puero
2532 1383 2548 1424 :
2580 1358 2758 1436 neque
2810 1367 2956 1420 enim
2992 1381 3194 1421 nomen
3229 1364 3371 1420 l'erre
3401 1381 3499 1437 pn-

1898 1467 2075 1513 terat:
2141 1459 2528 1513 demonstrans
2596 1467 2864 1529 quantum
2944 1467 3137 1511 contra
3205 1455 3358 1511 illum
3416 1457 3501 1511 in-

1897 1553 2123 1608 saniret.

1970 1643 2133 1699 Vna.
2169 1643 2226 1708 8,
2268 1643 2322 1700 9.
2367 1662 2386 1697 ι
2454 1639 2562 1704 Ubi
2601 1658 2733 1700 vero
2786 1645 3131 1714 repereritis,
3192 1641 3504 1698 renmtiatc

1898 1737 2058 1804 mihi,
2087 1746 2148 1792 ut
2177 1745 2232 1792 et
2273 1751 2374 1808 ego
2422 1738 2640 1793 veniam
2679 1747 2736 1802 et
2793 1738 3021 1796 adorem
3065 1737 3241 1792 illum.
3287 1737 3502 1798 Atttlli,

1900 1827 2089 1893 audito
2141 1842 2294 1898 rege.
2347 1827 2581 1898 profecti
2613 1834 2760 1886 sunt.
2801 1844 2820 1879 ι
2874 1827 2985 1897 ipsi
3027 1842 3150 1882 cum
3185 1826 3309 1881 dolo
3350 1841 3507 1882 care-

1901 1929 2046 1981 rent,
2079 1921 2345 1988 putahnnt
2372 1930 2428 1973 et
2453 1917 2606 1989 illum
2632 1919 2842 1988 absque
2870 1919 2995 1975 dolo
3027 1917 3198 1989 loqui.
3233 1937 3252 1970 ι
3286 1919 3351 1974 Et
3377 1933 3504 1974 ecce

1895 2014 2077 2078 stella,
2110 2028 2276 2082 quam
2324 2012 2580 2070 viderant
2614 2013 2668 2066 in
2710 2011 2961 2079 Oriente,
3001 2011 3284 2081 praecessit
3314 2027 3495 2069 eos.~s

1895 2103 2120 2160 Occulta
2166 2113 2289 2160 erat
2337 2102 2406 2159 ad
2458 2115 2688 2172 parvum
2742 2109 2962 2171 tempus
3013 2103 3172 2158 stella
3235 2099 3502 2172 singulari

1894 2198 2333 2269 dispensatione,
2383 2205 2444 2252 ut
2493 2196 2715 2256 Judaeos
2757 2197 3186 2268 interrogarent,
3221 2207 3276 2252 et
3310 2197 3503 2251 turba-

1895 2302 2050 2347 retur
2081 2290 2348 2357 llerodes,
2397 2301 2563 2360 atque
2595 2290 2672 2344 ita
2714 2288 3059 2346 manifestior
3090 2288 3248 2346 ﬂeret
3273 2289 3502 2344 veritas.

1897 2383 1970 2440 Ut
2019 2395 2205 2441 autem
2257 2385 2362 2454 ipsi
2407 2385 2611 2456 egressi
2665 2393 2793 2441 sunt
2837 2399 2864 2438 a
2925 2382 3257 2447 Jerusalem,
3303 2382 3502 2438 iterum

1897 2480 2169 2550 apparuit,
2231 2480 2440 2537 ducens
2499 2492 2616 2536 eos.
2719 2474 2873 2534 Unde
2943 2475 3294 2532 manifestum
3357 2473 3503 2545 quod

1897 2572 2059 2628 stella
2088 2575 2226 2627 erat
2251 2574 2430 2628 virtus
2463 2570 2674 2627 divina.
2713 2589 2733 2621 ι
2775 2570 2963 2626 Donec
3003 2584 3295 2640 progressa
3332 2580 3507 2626 staret

1896 2680 2063 2734 supra
2111 2666 2202 2721 ubi
2263 2675 2389 2721 erat
2437 2680 2594 2735 puer.
2635 2684 2656 2720 ι
2713 2663 2781 2721 Et
2825 2666 2928 2721 hoc
2959 2683 3174 2726 rarum.
3212 2666 3509 2723 Best-endit

1898 2757 2047 2813 enim
2099 2755 2262 2816 Stella
2301 2770 2331 2811 a
2384 2760 2726 2824 summitate,
2773 2769 2830 2815 et
2885 2770 3044 2816 terra:
3075 2763 3302 2833 propior
3338 2763 3506 2826 facta,

1898 2848 2137 2905 ostendit
2165 2847 2247 2905 eis
2277 2849 2484 2909 locum.
2520 2848 2661 2906 Nam
2693 2849 2738 2908 si
2767 2865 2836 2906 ex
2863 2854 3185 2910 summitate
3220 2853 3509 2924 apparuis-

1899 2949 2005 3006 set,
2053 2940 2334 3011 quomodo
2381 2940 2655 2996 certiores
2687 2942 2804 2997 aeri
2842 2945 3154 3013 potuissent
3197 2945 3269 3000 de
3300 2947 3423 3002 loco
3453 2946 3507 3001 in

1898 3047 2009 3104 quo
2062 3041 2211 3089 esset
2266 3031 2568 3090 Christus?
2626 3032 2809 3090 Stellae
2854 3036 3002 3091 enim
3044 3038 3272 3094 multum
3323 3039 3506 3096 locum

1900 3125 2394 3196 comprehendunt.
2431 3124 2596 3182 Unde
2636 3136 2692 3182 tu
2729 3143 2896 3199 supra
2936 3130 3162 3186 domum
3217 3139 3364 3188 tuatn
3403 3131 3511 3205 13

1885 3208 2052 3273 vides
2103 3217 2286 3274 lunam
2337 3217 2503 3284 forte,
2545 3228 2600 3276 et
2652 3234 2754 3292 ego
2803 3225 3055 3278 eamdem
3090 3225 3248 3279 video
3285 3225 3510 3282 nonnisi

1900 3324 2068 3380 supra
2122 3310 2346 3368 domum
2393 3326 2618 3368 meam:
2667 3321 2724 3368 et
2765 3315 3066 3387 unicuique
3113 3318 3332 3373 videtur
3361 3328 3510 3376 stare

1900 3418 2010 3460 non
2048 3403 2152 3458 nisi
2182 3419 2350 3473 supra
2383 3403 2606 3462 domum
2643 3421 2797 3460 suam
2834 3408 3020 3464 lunam
3055 3409 3142 3464 vel
3187 3411 3349 3466 aliam
3379 3411 3514 3470 stel-

1900 3496 2033 3552 lam.
2074 3497 2231 3552 Unde
2269 3507 2327 3553 et
2380 3498 2471 3552 illa
2506 3498 2670 3555 stella
2707 3513 2814 3554 nou
2859 3503 3298 3559 demonstrasset
3350 3505 3513 3561 Chri-

1900 3599 2067 3658 stum,
2100 3591 2203 3651 nisi
2239 3591 2644 3660 descendisset,
2681 3601 2734 3648 et
2767 3602 2983 3650 tantum
3014 3611 3120 3652 non
3153 3612 3320 3668 supra
3346 3607 3513 3671 caput

1899 3684 2055 3755 pueri
2093 3684 2361 3740 stetisset.

1973 3773 2140 3832 Vsus.
2182 3777 2272 3832 io.
2312 3795 2331 3828 ι
2361 3777 2492 3833 Visa
2528 3788 2712 3833 autem
2738 3777 2919 3846 stella,
2945 3781 3120 3851 gavisi
3152 3793 3280 3839 sunt
3304 3784 3512 3854 gaudio

1898 3880 2100 3937 magno
2147 3870 2324 3923 valde.
2368 3885 2388 3919 s
2442 3867 2602 3934 Quod
2635 3883 2744 3923 non
2793 3871 3172 3937 aberrassent,
3213 3873 3311 3929 sed
3354 3873 3512 3930 inve-

1898 3956 2112 4013 nissent
2149 3958 2294 4026 quod
2335 3957 2678 4028 querebant,
2717 3959 2891 4028 gavisi
2920 3971 3070 4017 sunt.

1971 4049 2142 4108 Vsus.
2175 4053 2263 4107 li.
2297 4069 2315 4104 t
2359 4051 2428 4108 Et
2453 4053 2688 4125 ingrcssi
2714 4058 2959 4124 domum,
2993 4057 3250 4115 viderunt
3273 4076 3510 4132 puerum

1899 4160 2028 4203 eum
2069 4147 2237 4203 Maria
2286 4145 2462 4204 Matre
2500 4148 2645 4217 ejus.
2703 4167 2723 4201 ι
2779 4149 2902 4207 Mox
2957 4152 3181 4221 quidem
3234 4165 3294 4209 ut
3348 4165 3513 4214 natus

1897 4239 2023 4307 fuit,
2073 4241 2365 4299 reclinavit
2395 4240 2566 4312 Virgo
2627 4249 2858 4312 piterum
2898 4244 2952 4299 in
3005 4247 3360 4317 praesepium,
3398 4264 3510 4305 non

1898 4332 2048 4390 enim
2113 4343 2243 4389 tunc
2288 4335 2619 4390 invenerant
2663 4335 2910 4392 domum.
2958 4335 3274 4394 Verisimile
3323 4351 3510 4399 autem

1899 4440 1981 4486 est
2013 4439 2202 4501 postea
2251 4445 2346 4488 eos
2382 4431 2662 4489 invenisse
2704 4434 2953 4502 domum,
2997 4434 3090 4496 ubi
3139 4444 3192 4490 et
3233 4435 3376 4510 Magi
3425 4439 3514 4494 in-

1901 4533 2173 4582 venerunt
2219 4538 2336 4580 eos.
2393 4526 2779 4582 Ascenderant
2831 4528 2980 4582 enim
3015 4529 3066 4582 in
3120 4527 3427 4596 Bethleem,
3458 4542 3517 4588 ut

188 4601 484 4670 τραφῶσιν
508 4605 646 4668 ἐκεῖ,
683 4602 830 4658 καθὰ
856 4605 952 4658 καὶ
1000 4607 1218 4670 Λουκᾶς
1276 4609 1449 4677 λέγει.
1483 4607 1687 4663 Πολλοῦ
1735 4609 1794 4664 δι

1900 4628 2324 4674 recenserentur
2347 4617 2481 4687 illic,
2515 4619 2660 4674 sicut
2701 4631 2755 4674 et
2797 4618 2980 4676 Lucas
3029 4621 3183 4680 dicit.
3220 4621 3390 4678 Multa
3419 4636 3522 4678 su-

191 4693 436 4760 πληθους
465 4693 853 4766 συντρέχοντος
875 4694 964 4749 διὰ
985 4695 1086 4768 τὴν
1113 4698 1469 4771 ἀπογραφὴν,
1503 4701 1607 4754 οὐκ
1633 4701 1796 4772 ισχον

189 4787 329 4854 πρὸς
387 4785 581 4856 καιρὸν
634 4787 838 4852 οἰκίαν,
875 4788 993 4841 ἀλλ’
1027 4791 1089 4844 ἑν
1121 4789 1200 4861 τῷ
1235 4791 1492 4862 σπηλαίῳ
1544 4792 1746 4865 ἐτέχθη
1776 4807 1792 4824 ⁶

191 4871 312 4929 εἶτα
335 4877 538 4950 εὑρέθη
568 4878 604 4949 ἡ
634 4878 804 4945 οίκία,
834 4879 965 4936 ινθα
993 4880 1190 4953 ὡράθη
1218 4886 1331 4947 τοῖς
1365 4885 1583 4954 Μάγοις
1615 4887 1645 4938 6
1678 4886 1797 4940 Κύ-

195 4985 331 5038 ριος.
394 4987 412 5021 t
453 4971 567 5024 Καὶ
610 4974 873 5037 πεσόντες
925 4976 1350 5048 προσεκύνησαν
1408 4978 1583 5050 αὐτῷ.
1619 4998 1640 5031 s
1689 4980 1796 5034 Ἴδε

189 5063 368 5134 ψυχῆς
401 5063 692 5136 ελλαμψιν.
727 5067 949 5140 Πένητα
982 5067 1236 5136 ἔϐλεπον,
1268 5071 1364 5125 καὶ
1394 5072 1791 5142 προσεκύνουν.

205 5155 771 5228 Ἐπληρσρορήθησαν
810 5159 922 5230 γὰρ
946 5159 1030 5214 ὅτι
1060 5161 1193 5226 θεός
1225 5164 1366 5230 ἐστι,
1388 5163 1471 5218 διὸ
1495 5165 1590 5217 καὶ
1618 5181 1794 5237 προσ-

189 5249 418 5317 άγουσιν
440 5250 594 5322 αύτῷ
619 5250 790 5324 δῶρα,
815 5252 890 5316 ὼς
906 5252 1027 5325 Θεῷ
1051 5255 1148 5309 καὶ
1175 5255 1250 5320 ὡς
1282 5255 1796 5329 ἁνθρώπῳ.”Ακουε

194 5347 319 5417 γάρ·
363 5365 381 5398 ι
409 5347 522 5400 Καὶ
547 5347 854 5412 ἀνοίξαντες
885 5349 1012 5413 τοὺς
1043 5350 1356 5424 θησαυροὺς
1384 5353 1590 5419 αὐτῶν,
1626 5371 1796 5424 προσ-

190 5440 432 5510 ήνεγκαν
466 5440 620 5512 αὐτῷ
645 5439 816 5511 δῶρα,
848 5445 1074 5512 χρυσὸν,
1093 5447 1188 5498 καὶ
1213 5445 1460 5512 λίϐανον,
1489 5447 1594 5499 καὶ·
1618 5446 1798 5517 σμύρ-

186 5547 307 5587 ναν.
339 5550 360 5583 s
410 5533 519 5586 Τὸν
565 5534 664 5604 μιν
687 5535 911 5605 χρυσὸν,
949 5539 1310 5609 προσήγαγον
1356 5539 1531 5612 αὐτῷ,
1583 5541 1661 5599 ὡς
1697 5541 1796 5611 βα-

191 5625 348 5679 σιλεῖ.
384 5624 466 5696 Τῷ
505 5628 615 5697 γὰρ
647 5626 861 5697 βασιλεῖ
881 5630 1082 5700 χρυσὸν
1115 5631 1380 5702 τελοῦμεν
1411 5634 1461 5686 οἳ
1482 5633 1587 5686 ὑπὸ
1609 5636 1793 5705 χεῖρα.

187 5717 372 5772 Τδνδὲ
401 5719 642 5786 λίῦανον,
681 5723 757 5788 ὠς
785 5725 929 5797 Θεῷ.
987 5727 1081 5798 Τῷ
1119 5730 1231 5800 γὰρ
1281 5728 1406 5802 Θεῷ
1444 5731 1667 5785 λίϐανον
1699 5732 1793 5785 Θυ-

188 5811 428 5884 μιῶμεν.
487 5815 600 5886 Τὴν
633 5815 690 5870 δὲ
735 5820 1010 5891 σμύρναν,
1063 5823 1142 5886 ὡς
1181 5824 1432 5895 μέλλοντι
1484 5824 1790 5894 γεύσασθαι

190 5903 450 5961 θανάτου.
512 5910 669 5966 Μετὰ
719 5915 829 5985 γὰρ
861 5916 959 5986 τῆς
993 5917 1245 5990 σμύρνης
1288 5920 1710 5989 ἐνταφιάξουσιν
1741 5922 1791 5975 oi

1903 4723 2012 4766 tem
2071 4719 2443 4766 concurrente
2485 4711 2838 4769 multitudine
2884 4723 2943 4767 ut
3003 4727 3349 4783 censeretur,
3402 4731 3515 4774 non

1901 4807 2180 4864 habebant
2209 4808 2274 4865 ad
2303 4819 2522 4880 tempus
2553 4809 2803 4873 domum,
2835 4809 2933 4864 sed
2979 4809 3035 4864 in
3059 4811 3322 4880 spelunca
3350 4823 3521 4869 natus

1901 4909 1979 4956 est
2015 4916 2028 4955 :
2061 4901 2257 4957 deinde
2306 4900 2530 4957 inventa
2592 4902 2777 4965 domo,
2829 4901 2980 4956 visus
3012 4901 3086 4956 ibi
3133 4910 3218 4958 est
3259 4919 3289 4958 a
3339 4902 3516 4978 Magis

1900 4993 2186 5049 Dominus.
2250 5013 2270 5046 ι
2345 4993 2413 5050 Et
2475 5009 2603 5051 cum
2671 4993 3066 5066 procidissent,
3139 4998 3513 5052 adoraverunt

1901 5069 2076 5141 illum.
2149 5104 2170 5138 s
2225 5084 2361 5141 Vide
2420 5087 2621 5141 animae
2680 5085 3136 5143 illustrationem.
3203 5087 3510 5159 Pauperetn

1899 5177 2164 5233 videbant
2229 5186 2279 5232 et
2353 5177 2680 5234 adorahant.
2726 5176 2916 5234 Multis
2961 5179 3112 5236 enim
3164 5183 3513 5253 argumentis

1897 5271 2207 5332 didicerant
2229 5270 2375 5342 quod
2411 5283 2558 5328 esset
2589 5269 2756 5339 Deus,
2791 5274 2914 5331 ideo
2946 5284 3001 5330 et
3026 5276 3076 5332 ei
3113 5273 3353 5331 oll‘erunt
3391 5294 3513 5332 mu-

1901 5379 2034 5420 nera
2069 5375 2128 5419 ut
2164 5365 2274 5421 Deo
2331 5374 2386 5420 et
2421 5375 2480 5419 ut
2506 5365 2739 5421 homini.
2775 5367 2916 5422 Audi
2947 5369 3117 5436 enim,
3157 5386 3178 5420 ι
3211 5360 3279 5425 Et
3306 5372 3513 5441 apertis

1902 5461 2178 5516 thesauris
2206 5460 2345 5527 suis,
2377 5461 2696 5517 obtulerunt
2753 5462 2802 5518 ei
2839 5465 3006 5529 dona,
3041 5477 3240 5519 aurum
3292 5474 3347 5521 et
3381 5466 3514 5521 thus

1898 5561 1955 5609 et
1999 5553 2300 5622 myrrham.
2359 5570 2380 5606 ι
2426 5553 2635 5609 Aurum
2685 5555 2912 5624 quidem
2969 5558 3294 5614 obtulerunt
3335 5559 3408 5622 ei,
3454 5567 3516 5614 ut

1900 5647 2038 5718 regi.
2077 5650 2287 5702 Aurum
2329 5648 2477 5703 enim
2511 5636 2720 5704 subditi
2759 5650 2978 5720 regibus
3017 5653 3329 5721 pendimus.
3359 5650 3517 5706 Thus

1899 5755 2107 5810 autem,
2136 5755 2196 5796 ut
2229 5742 2364 5797 Deo.
2392 5741 2505 5798 Deo
2538 5745 2685 5798 enim
2721 5744 2851 5798 thus
2886 5745 3189 5800 adolemus.
3229 5743 3513 5819 Myrrham

1899 5849 2052 5901 vero,
2116 5843 2174 5889 ut
2224 5834 2580 5906 degustatum
2641 5847 2902 5893 mortem.
2961 5835 3100 5891 Nam
3159 5836 3332 5895 Judaei
3383 5855 3513 5896 cum

1899 5927 2124 5997 myrrha
2173 5939 2423 5985 mortuos
2476 5929 2778 5999 scpelinnt,
2825 5942 2883 5987 ut
2923 5946 3129 6002 corpus
3169 5943 3389 5988 maneat
3425 5934 3507 5981 in-
