4262 6432
786 408 809 473 l
823 410 886 471 3'!

1635 394 2221 461 THEOPHYLACTI
2260 388 2677 456 BULGAﬂlﬁ
2719 387 3077 449 ARCHIEP.

785 526 1125 587 corruptum.
1166 509 1383 583 Myrrha
1416 510 1563 569 enim
1600 523 1724 564 cum
1758 509 1905 563 sicca
1941 508 2032 574 sit,
2063 504 2342 562 ar’etacite

2484 499 2751 564 Ἰουδαῖοι,
2801 498 2893 552 διά
2926 498 2988 550 τὸ
3020 498 3207 568 μένειν
3254 496 3316 549 τὸ
3354 495 3515 567 σῶμα
3548 494 3813 566 ἄσηπτον.
3862 496 3929 551 Ἦ
3956 500 4067 568 γάρ

786 610 1026 664 exsiccat
1064 605 1467 665 bumitiitatem.
1500 612 1553 657 et
1584 616 1688 655 non
1725 601 1856 655 sinit
1888 599 2099 655 innasci
2134 611 2362 652 vermes.

788 702 947 756 Vides
970 698 1246 768 Magorum
1285 697 1468 760 (idem,
1500 696 1645 764 quod
1680 702 1737 748 et
1768 709 1797 747 a
1827 691 2117 764 prOphetia
2146 689 2365 743 Balaam

781 792 1085 848 didicerunt
1126 788 1413 842 Dominum
1466 796 1521 841 et
1561 787 1730 841 Deum
1775 796 1830 839 et
1879 798 2063 854 regem
2113 795 2255 843 ease,
2303 793 2367 832 ac

781 902 880 955 pro
931 885 1088 940 nobis
1153 882 1507 936 moriturum.
1550 878 1691 934 Audi
1753 886 1939 932 autem
2001 873 2364 946 prophetiam,

781 978 1085 1041 Becubans,
1119 974 1311 1044 inquit,
1342 974 1607 1043 requievit
1637 979 1694 1023 ut
1728 968 1813 1023 leo
1846 968 1925 1040 (a)
1968 978 2031 1030 et
2054 977 2112 1021 ut
2143 964 2357 1019 catulus

779 1069 950 1123 leonis
971 1068 1035 1120 “.
1068 1066 1205 1119 Ecce
1233 1067 1433 1135 regiam
1464 1063 1782 1134 dignitatem
1820 1076 1915 1130 per
1944 1059 2159 1116 leonem
2195 1058 2365 1126 signi-

778 1155 922 1225 ﬂeat,
962 1160 1353 1215 mortalitatem
1392 1152 1573 1210 autem
1616 1157 1745 1209 dum
1780 1155 1879 1218 ait,
1929 1153 2218 1207 recubans.
2259 1150 2360 1215 Qui

776 1252 1107 1323 benedicunt
1173 1261 1244 1315 te,
1291 1231 1722 1303 benedicentur:
1789 1260 1918 1300 ecce
1974 1255 2029 1299 et
2080 1246 2360 1299 deitatem.

776 1344 900 1398 Sola
944 1346 1090 1396 enim
1125 1341 1219 1395 Dei
1255 1351 1449 1396 natura
1492 1342 1633 1393 banc
1677 1336 2076 1394 benedictionis
2105 1338 2359 1390 virtutem

774 1437 957 1490 liabet.

853 1528 1012 1582 Vens.
1042 1529 1129 1583 l2.
1164 1548 1181 1581 ι
1225 1530 1291 1584 Et
1322 1529 1546 1585 oraculo
1573 1536 1799 1596 accepto
1828 1524 1880 1579 in
1915 1524 2141 1588 somnis,
2181 1536 2246 1577 ne
2273 1536 2361 1576 re-

770 1635 1115 1679 verterentur
1142 1626 1209 1679 ad
1258 1624 1548 1688 llerodem,
1578 1638 1673 1693 per
1711 1622 1872 1675 aliam
1906 1619 2050 1673 viam
2080 1618 2359 1671 redierunt

770 1718 823 1771 iu
854 1718 1132 1787 regionem
1162 1732 1344 1772 suam.
1386 1734 1404 1768 ι
1444 1714 1578 1769 Vide
1603 1709 2079 1781 consequentiam,
2122 1708 2355 1778 primum

771 1811 911 1865 Deus
954 1811 1075 1866 illos
1122 1810 1188 1864 ad
1241 1809 1399 1865 [idem
1445 1824 1543 1878 per
1587 1806 1804 1862 stellam
1851 1804 2108 1858 adduxit:
2160 1800 2353 1855 deinde

767 1916 891 1957 cum
938 1912 1204 1957 venerunt
1267 1902 1318 1955 in
1379 1898 1839 1969 Hierosolymam,
1899 1894 2087 1948 docuit
2116 1906 2210 1947 eos
2256 1905 2355 1961 per

766 1999 1110 2067 prornhetam,
1137 1998 1279 2067 quod
1305 1998 1357 2051 in
1385 1997 1656 2051 Bethleem
1687 2002 1948 2047 nascatur
1977 2008 1990 2044 :
2022 2001 2078 2044 et
2110 1988 2351 2051 tandem,

768 2084 862 2161 per
908 2092 1177 2161 angelum.
1234 2090 1296 2142 Et
1342 2089 1417 2143 illi
1482 2089 1749 2143 obediunt
1800 2083 2045 2145 oraculo,
2098 2082 2201 2135 hoc
2248 2088 2352 2144 est,

766 2186 949 2239 divino
1000 2185 1293 2253 colloquio.
1356 2182 1592 2237 Oraculo
1638 2180 1809 2250 igitur
1840 2187 2089 2245 accepto,
2144 2172 2198 2227 id
2246 2182 2351 2236 est,

764 2278 1099 2332 rerelatione
1150 2292 1177 2330 a
1235 2275 1343 2330 Deo
1376 2276 1584 2337 habita,
1621 2275 1999 2347 imposuerunt
2041 2265 2263 2331 llerodi,
2300 2272 2355 2319 et

762 2383 869 2423 non
922 2369 1220 2423 timuerunt
1268 2382 1335 2422 ne
1380 2367 1519 2421 forte
1568 2355 1956 2428 insectaretur,
2018 2359 2115 2414 sed
2158 2355 2351 2412 conﬁsi

761 2470 891 2515 sunt
924 2462 1124 2517 virtute
1155 2461 1295 2525 nati,
1319 2461 1544 2530 verique
1577 2466 1747 2513 testes
1779 2455 2020 2511 luerunt.

835 2639 1118 2697 Vsns.13.
1162 2658 1181 2691 ι
1223 2639 1494 2709 Digressis
1540 2647 1717 2692 autem
1757 2635 1885 2700 illis,
1950 2648 2079 2689 ecce
2130 2630 2353 2704 angelus

764 2734 977 2789 Domini
1028 2735 1079 2787 in
1127 2735 1335 2788 somnis
1379 2744 1604 2802 apparet
1640 2730 1863 2800 Josepli,
1910 2729 2120 2789 dicens,
2156 2726 2350 2795 Surge,

761 2839 816 2882 et
849 2828 1039 2896 accipe
1087 2841 1316 2895 puerum
1347 2834 1402 2879 et
1439 2836 1668 2879 matrem
1703 2819 1844 2891 ejus.
1889 2839 1911 2874 ι
1950 2818 2141 2875 Vidisti
2185 2833 2349 2889 quam

763 2923 835 2976 ob
884 2919 990 2993 14
1038 2935 1261 2973 causam
1312 2917 1619 2988 permiserit
1651 2914 2156 2984 Deusuesponsari
2188 2912 2351 2983 virgi-

771 3012 937 3068 nem?
972 3012 1073 3066 Hic
1106 3012 1248 3066 enim
1283 3020 1509 3080 apparet
1537 3010 1679 3079 quod
1713 3023 1743 3061 a
1780 3007 1889 3063 Deo
1919 3005 2121 3061 factum
2146 3016 2250 3070 est,
2296 3015 2354 3058 ut

764 3106 1080 3173 diligentem
1125 3102 1244 3173 ejus
1290 3116 1477 3157 curam
1524 3098 1725 3170 Joseph
1766 3109 2005 3171 gereret.
2046 3098 2165 3154 Non
2218 3098 2356 3153 dixit

2471 593 2715 664 σμύρνα,
2748 591 2894 663 ξηρά
2926 590 3085 654 οὖσα,
3112 590 3357 663 ξηραίνει
3386 591 3486 664 τήν
3515 590 3812 663 ὑγρότητα,
3838 593 3936 647 καὶ
3965 594 4066 648 οὐκ

2470 688 2536 759 ἐᾷ
2554 684 2845 755 σκώληκας
2875 685 3194 754 γεννᾶσθαι.
3240 682 3405 755 Ὁρᾷς
3448 683 3561 737 τῶν
3599 687 3810 755 Μάγων
3836 686 3939 758 τήν
3970 688 4067 740 πί-

2470 797 2623 848 στιν;
2670 779 2826 832 Ἐπεὶ
2864 780 2958 833 καὶ
2988 779 3099 833 ἀπὸ
3126 778 3230 849 τῆς
3291 778 3632 852 προφητείας
3685 779 3781 833 τοῦ
3834 780 4068 853 Βαλαάμ

2467 872 2849 942 ἐδιδάχθησαν,
2875 872 2968 927 τὸν
3015 871 3246 941 Κύριον,
3281 873 3376 925 καὶ
3414 872 3549 925 Θεὸν
3592 867 3732 926 εἶναι
3780 875 3875 927 καὶ
3903 872 4066 943 βασι-

2466 966 2583 1029 λέα,
2620 966 2889 1039 καὶ-ὑπὲρ
2918 964 3075 1036 ἡμῶν
3102 966 3523 1038 τεθνηξόμενον.
3564 968 3835 1020 Ἀκουσον
3859 967 3916 1020 δὲ
3967 970 4072 1039 τῆς

2466 1057 2851 1129 προφητείας·
2888 1057 3279 1125 Κατακλιθεὶς,
3336 1056 3528 1126 φησιν,
3586 1057 3939 1112 ἀνεπαύσατο
3991 1056 4068 1120 ώς

2465 1149 2624 1213 λέων,
2660 1152 2754 1203 καὶ
2783 1150 2859 1215 ὡς
2883 1150 3155 1221 σκύμνος.
3216 1148 3348 1203 Ἰδοὺ
3379 1149 3440 1202 τὸ
3469 1148 3774 1219 βασιλικὸν,
3827 1150 3917 1203 διά
3966 1150 4063 1202 τοῦ

2464 1242 2698 1305 λέοντος,
2722 1242 2811 1295 διά
2841 1242 2898 1295 δέ
2930 1242 3049 1308 τοῦ,
3100 1240 3473 1304 κατακλιθεὶς,
3504 1242 3538 1312 ή
3570 1241 3860 1310 νέκρωσις.
3881 1242 3945 1295 Οί
3973 1240 4065 1294 εύ-

2464 1334 2753 1402 λογοῦντές
2791 1350 2876 1399 σε,
2923 1333 3291 1405 ειῖολόγηνται⁸
3326 1332 3491 1402 ίδοὺή
3539 1332 3751 1402 θεότης.
3796 1331 3909 1402 Τὴν
3953 1332 4065 1403 γάρ

2461 1426 2560 1499 τῆς
2592 1427 2841 1497 εὐλογίας
2877 1425 3110 1496 δύναμιν
3134 1425 3272 1496 μόνη
3299 1427 3331 1494 ὴ
3370 1425 3490 1477 θεία
3524 1425 3686 1493 φύσις
3708 1424 3843 1494 ἔχει.

2540 1538 2560 1573 ε
2602 1520 2713 1574 Καὶ
2760 1519 3236 1592 χρηματισθέντες
3279 1520 3398 1573 κατ’
3436 1518 3569 1591 δναρ
3606 1520 3681 1589 μὴ
3734 1516 4064 1588 ἀνακάμψαι

2460 1615 2599 1686 πρὸς
2639 1615 2912 1687 Ἡρώδην,
2957 1614 3027 1669 δι’
3060 1614 3231 1685 άλλης
3268 1614 3389 1668 ὁδοῦ
3433 1613 3794 1683 ἀνεχώρησαν
3827 1612 3908 1674 εἰς
3962 1612 4064 1682 τὴν

2459 1709 2643 1782 χώραν
2673 1708 2874 1766 αὐτῶν.
2911 1729 2930 1762 ι
2964 1710 3071 1764 Ἴδε
3105 1707 3461 1772 ἀκολουθίαν,
3495 1706 3715 1780 πρῶτον
3739 1706 3806 1759 δι’
3828 1705 4065 1777 ἀστέρος

2460 1802 2916 1876 ἐχειραγώγησεν
2964 1801 3218 1865 αὐτοὺςό
3261 1800 3395 1865 Θεὸς
3451 1802 3531 1863 είς
3553 1801 3652 1870 τὴν
3692 1800 3906 1852 πίστιν·
3942 1794 4065 1850 εἶτα

2462 1896 2718 1960 ἐλθόντας
2747 1896 2827 1959 είς
2867 1893 3241 1967 Ἱεροσόλυμα,
3296 1893 3538 1958 ἐδίδαξεν
3592 1891 3793 1955 αὐτοὺς
3822 1889 3911 1944 διά
3965 1889 4062 1943 τοῦ

2463 1990 2769 2062 προφήτου,
2796 1989 2882 2043 δτι
2904 1989 2964 2042 ἐν
3002 1986 3253 2056 Βηθλεέμ
3275 1987 3537 2054 γεννᾶται
3556 2001 3569 2013 ·
3600 1985 3694 2037 καὶ
3724 1984 4063 2048 τελευταῖον,

2461 2083 2551 2137 διὰ
2577 2081 2669 2136 τοῦ
2697 2082 2955 2151 ἀγγέλου.
3006 2082 3071 2135 Ol
3101 2080 3158 2133 δὲ
3210 2079 3493 2133 πείθονται
3546 2078 3624 2149 τῷ
3659 2076 4064 2150 χρηματισμῷ,

2462 2174 2730 2243 τουτέστι,
2771 2177 2840 2246 τῇ
2874 2174 2996 2244 θείᾳ
3024 2174 3233 2244 ὁμιλίᾳ.
3254 2171 3744 2243 Χρηματισθέντες
3793 2170 3911 2237 οῦν,
3943 2172 4065 2241 ἦτοι

2460 2271 2613 2344 παρά
2649 2269 2745 2325 τοῦ
2803 2270 2941 2324 Θεοῦ
3000 2268 3348 2336 ἀποκάλυψιν
3396 2266 3705 2336 δεξάμενοι,
3764 2266 4066 2337 ἠπάτησαν

2471 2363 2721 2436 Ἡρώδην
2745 2382 2760 2396 ο
2790 2364 2885 2418 καὶ
2914 2364 3014 2418 οὐκ
3041 2346 3393 2435 ἐφοϐήθησαν
3418 2363 3615 2432 μήπως
3633 2359 4058 2431 ἐπιδιωχθῶσιν,

2460 2460 2574 2514 ἀλλ’
2623 2458 2940 2530 ἐθάρρησαν
2972 2460 3039 2528 τῇ
3065 2456 3161 2509 τοῦ
3184 2452 3541 2525 γεννηθέντος
3574 2453 3829 2523 δυνάμει,
3877 2450 4060 2517 οὕτω(

2459 2551 2599 2625 ἦσαν
2634 2552 2914 2623 μάρτυρες
2946 2549 3190 2620 ἀληθεῖς.

2538 2664 2557 2698 ι
2594 2643 3100 2714 Ἀναχωρησάντων
3120 2641 3176 2694 δέ
3199 2639 3405 2705 αὐτῶν,
3434 2638 3543 2691 ίδοὺ
3581 2637 3812 2705 ἄγγελος
3849 2634 4060 2706 Κυρίου

2461 2737 2583 2791 κατ’
2625 2737 2760 2805 δναρ
2790 2735 3042 2805 φαίνεται
3074 2733 3151 2805 τῷ
3216 2732 3439 2803 Ἰωσὴφ,
3494 2731 3706 2798 λέγων’
3775 2727 4063 2799 Ἐγερθεὶς

2460 2831 2747 2903 παράλαϐε
2777 2830 2838 2883 τὸ
2860 2829 3073 2883 παιδίον
3109 2827 3206 2881 καὶ
3236 2826 3334 2898 τὴν
3369 2826 3583 2897 μητέρα
3610 2823 3800 2879 αὑτοῦ.
3845 2842 3865 2874 ι
3904 2818 4062 2887 Εἶδες

2459 2925 2547 2980 διὰ
2572 2925 2733 2979 ποίαν
2760 2923 2941 2977 αἰτίαν
2974 2919 3354 2991 συνεχώρησεν
3383 2922 3413 2973 ό
3468 2918 3602 2981 Θεὸς
3656 2914 4060 2988 μηστευθῆναι

2460 3018 2559 3090 τὴν
2582 3016 2857 3087 Παρθένον
2878 3032 2892 3081 ς
2936 3014 3206 3074 Ἐνταῦθα,
3224 3012 3335 3084 γάρ
3358 3009 3722 3083 προφαίνεται
3751 3026 3857 3073 σοι,
3886 3008 3977 3063 διά
3996 3008 4061 3062 τὸ

2461 3109 2839 3180 ἐπιμελεῖσθαι
2872 3109 3078 3179 ταύτης
3102 3109 3197 3160 καὶ
3226 3105 3513 3178 κήδεσθαι.
3539 3104 3655 3159 Οὐκ
3687 3103 3810 3157 εἷπε
3830 3102 3908 3168 δὲ,
3942 3118 4054 3155 πα-

761 3207 963 3260 autem,
1017 3197 1205 3266 accipe
1233 3209 1467 3277 uxorem
1516 3202 1688 3257 tuam,
1738 3193 1835 3246 sed
1893 3202 2121 3246 matrem
2175 3192 2347 3259 pueri.

2464 3202 2662 3272 ράλαϐε
2690 3203 2792 3271 τὴν
2817 3202 3053 3271 γυναῖκά
3081 3218 3199 3268 σου,
3248 3199 3389 3253 ἀλλά
3417 3198 3517 3269 τὴν
3548 3196 3765 3269 μητέρα
3795 3194 3889 3249 τοῦ
3924 3211 4063 3249 παι-

762 3286 897 3340 Nam
945 3288 1202 3355 quoniam
1243 3275 1496 3354 suspicio
1527 3283 1705 3337 soluta
1760 3282 1880 3350 iuit,
1931 3294 1986 3338 et
2028 3283 2213 3353 justus
2257 3297 2347 3349 per

2457 3299 2587 3350 δίου.
2642 3298 2790 3350 Ἐπεὶ
2820 3298 2930 3369 γάρ
2956 3298 2989 3366 ὴ
3018 3295 3227 3365 ὑποψία
3271 3292 3462 3365 ἐλύθη.
3505 3293 3598 3345 καὶ
3624 3289 4057 3361 ἐπληροφορήθη

760 3379 1027 3434 miracula
1056 3379 1109 3433 in
1142 3391 1299 3449 partu
1340 3380 1481 3432 facta
1525 3389 1860 3446 compertum
1900 3378 2089 3432 liabuit
2128 3393 2191 3431 ex
2229 3375 2351 3446 Spi-

762 3473 871 3526 ritu
905 3483 1098 3527 sanelo
1127 3486 1247 3527 esse
1279 3473 1484 3535 omnia,
1528 3488 1634 3526 non
1668 3472 1806 3526 ultra
1858 3486 2081 3525 uxorem
2124 3469 2241 3534 ejus
2281 3467 2348 3521 il-

768 3564 875 3620 lam
928 3565 1194 3619 nominat.
1232 3582 1250 3616 ι
1304 3564 1371 3617 Ει
1420 3564 1543 3636 fuge
1580 3565 1632 3618 in
1664 3564 1980 3636 Egyptum.
2032 3582 2052 3614 ι
2088 3562 2247 3632 Fugit
2295 3570 2351 3613 et

765 3656 1053 3721 Dominus,
1092 3666 1148 3711 ut
1188 3657 1444 3713 credatur
1476 3659 1618 3727 quod
1651 3671 1837 3712 revera
1881 3659 2043 3712 homo
2083 3657 2173 3711 sit.
2208 3653 2347 3707 Nam

760 3751 806 3804 si
856 3750 910 3802 in
948 3765 1141 3803 manus
1182 3750 1462 3805 incidisset
1503 3748 1753 3817 Herodis,
1792 3760 1847 3806 et
1890 3765 2000 3806 non
2032 3747 2225 3804 fuisset
2258 3764 2349 3803 oc-

757 3845 927 3919 cisus,
963 3846 1169 3911 opinati
1201 3844 1432 3898 fuissent
1467 3845 1809 3899 incarnatum
1842 3858 1965 3898 eum
1998 3850 2345 3912 apparenter.

753 3928 811 3983 In
841 3929 1136 4001 Egyptum
1185 3940 1367 3986 autem
1419 3930 1579 4003 fugit,
1626 3944 1685 3987 ut
1729 3942 1783 3987 et
1824 3932 1971 3986 illam
2018 3929 2343 3985 sanetilicet.

757 4022 884 4077 Dua:
921 4027 1065 4079 enim
1114 4037 1241 4081 sunt
1274 4028 1525 4097 regiones
1568 4028 1747 4081 onmis
1794 4024 2051 4094 nequitias
2098 4010 2345 4087 cilicium,

755 4115 997 4187 Babylon
1064 4118 1317 4173 videlicet
1367 4129 1422 4173 et
1483 4119 1775 4190 Egyptus.
1852 4116 2186 4187 Babylonem
2248 4130 2347 4186 per

757 4204 939 4275 Magos
978 4210 1215 4277 suscepit
1263 4211 1619 4263 adorantem:
1676 4207 1974 4280 Egyptum
2020 4216 2201 4262 autem
2247 4221 2344 4262 sua

752 4300 1041 4367 praesentia
1119 4301 1507 4356 sanctilicavit.
1574 4319 1593 4353 ι
1638 4301 1705 4355 Ει
1770 4311 1887 4357 esto
1961 4301 2103 4367 illic,
2171 4302 2344 4356 donec

752 4392 939 4445 dixero
970 4391 1085 4445 tibi.
1126 4409 1144 4444 ι
1182 4390 1310 4446 Esto
1354 4409 1453 4463 pro
1482 4394 1596 4447 eris
1644 4392 1772 4460 illic,
1802 4394 1977 4448 donec
2017 4408 2047 4446 a
2087 4393 2197 4448 Deo
2220 4392 2339 4460 jus.

754 4497 850 4538 sus
884 4482 1072 4537 lueris.
1122 4483 1350 4553 Oportet
1396 4486 1541 4540 enim
1574 4500 1674 4540 nos
1725 4484 1863 4540 nihil
1908 4484 2090 4541 facere
2144 4496 2345 4555 praeter

2453 3394 2481 3444 ό
2507 3391 2717 3453 δίκαιος
2757 3389 2866 3446 ἀπὸ
2924 3389 3035 3441 τῶν
3076 3389 3136 3442 ἐν
3172 3387 3252 3459 τῷ
3300 3387 3448 3458 τόκῳ
3496 3384 3819 3455 θαυμάτων,
3879 3383 3964 3437 ὅτι
3993 3385 4060 3435 ἐκ

2454 3484 2777 3553 Πνεύματος
2809 3483 2969 3550 ἁγίου
3001 3480 3119 3534 ἐστὶ
3150 3480 3349 3545 πάντα,
3383 3480 3484 3533 οὐκ
3511 3479 3595 3533 ἐτι
3626 3479 3861 3547 γυναῖκα
3888 3476 4060 3531 αὐτοῦ

2451 3576 2707 3647 ὀνομάζει
2736 3576 2965 3645 ταύτην.
2997 3594 3016 3625 ι
3041 3575 3152 3627 Καὶ
3183 3573 3354 3643 φεῦγε
3376 3573 3773 3637 ἐίςΔῐγυπτον.
3806 3589 3824 3622 ι
3857 3569 4060 3638 Φεύγει

2453 3670 2546 3720 καὶ
2567 3666 2837 3736 όΚύριος,
2863 3666 2952 3719 ῖνα
2985 3665 3353 3736 πιστώσηται,
3385 3665 3469 3717 δτι
3499 3664 3671 3726 ὅντως
3709 3664 3805 3716 καὶ
3836 3662 4056 3733 ἀνθρω-

2452 3778 2553 3825 πος
2571 3756 2661 3831 ἦν.
2696 3761 2757 3814 Εί
2778 3759 2885 3832 γὰρ
2916 3761 2974 3812 ἐν
3002 3762 3121 3822 ταῖς
3148 3760 3305 3830 χερσὶ
3327 3756 3422 3811 τοῦ
3461 3757 3705 3829 Ἡρώδου
3735 3755 4055 3827 γενόμενος,

2452 3853 2512 3907 οὐ
2539 3853 2845 3923 κατεκόπη,
2876 3852 3055 3933 ξδοξεν
3083 3851 3149 3906 ἂν
3172 3849 3317 3904 κατὰ
3346 3848 3651 3920 φαντασίαν
3674 3848 4054 3921 σαρκωθῆναι.

2453 3946 2548 4010 Είς
2573 3949 2849 4016 Αίγυπτον
2883 3947 2941 4000 δέ
2995 3944 3224 4014 φεύγει,
3263 3945 3350 3997 ἵνα
3410 3947 3506 3997 καὶ
3554 3943 3770 4014 ἐκείνην
3821 3944 4055 4015 ἁγιάσῃ.

2451 4040 2556 4093 Δύο
2582 4041 2692 4110 γὰρ
2731 4036 2869 4110 ἦσαν
2904 4038 3083 4109 χῶραι
3139 4037 3322 4107 πάσης
3357 4036 3560 4101 κακίας
3614 4036 3981 4106 ἐργαστήρια,
4019 4038 4055 4107 ή

2456 4132 2718 4189 Βαϐυλὼν
2769 4135 2864 4187 καὶ
2891 4135 3190 4202 Αἴγυπτος.
3224 4132 3336 4203 Τὴν
3371 4132 3469 4202 μὲν
3490 4130 3584 4184 οὖν
3618 4129 3941 4193 Βαϐυλῶνα,
3964 4130 4058 4185 διὰ

2448 4225 2558 4279 τῶν
2588 4227 2799 4294 Μάγων
2826 4224 3044 4289 ἐδέξατο
3068 4222 3487 4294 προσκυνοῦσαν
3505 4236 3523 4253 ⁶
3556 4220 3656 4292 τὴν
3682 4221 3737 4275 δέ
3751 4222 4054 4289 Αἴγυπτον,

2447 4320 2514 4390 τῇ
2539 4318 2735 4371 ἐαυτοῦ
2763 4320 3039 4388 παρουσίᾳ
3071 4316 3320 4387 ἡγίασεν.
3358 4334 3375 4365 ι
3414 4315 3525 4368 Καὶ
3552 4313 3663 4367 ίσθι
3690 4314 3829 4378 ἐκεῖ,
3852 4314 3960 4377 ἕως
3987 4314 4059 4368 ἂν

2448 4416 2587 4467 εῐπω
2622 4430 2725 4466 σοι.
2769 4432 2787 4465 ι
2849 4412 3010 4475 ’ῐσθι,
3048 4410 3172 4465 ἀντὶ
3200 4408 3295 4464 τοῦ
3346 4409 3439 4463 ἐσο
3471 4412 3611 4471 ἐκεῖ,
3641 4410 3804 4480 ἀχρις
3848 4390 4057 4462 ἀν’ἀπδ

2446 4504 2583 4559 Θεοῦ
2614 4504 2937 4574 ηλευσθῇς.
2968 4505 3058 4556 Δεῖ
3082 4506 3191 4574 γάρ
3230 4502 3381 4573 ἡμᾶς
3414 4501 3581 4573 μηδὲν
3603 4502 3781 4553 ποιεῖν
3816 4497 3925 4563 ἐξω
3949 4499 4056 4569 τῆς

754 4578 993 4632 divinam
1029 4577 1384 4633 voluntatem.
1433 4597 1451 4630 ι
1497 4578 1837 4644 Quaesiturus
1866 4578 2010 4634 enim
2047 4586 2128 4633 est
2167 4578 2341 4633 Hero—

2455 4598 2602 4661 θείας
2639 4598 2879 4667 βουλῆς..
2914 4615 2931 4648 ι
2964 4597 3165 4649 Μέλλει
3190 4596 3301 4665 γὰρ
3334 4594 3584 4665 Ἡρώδης
3609 4594 3798 4663 ζητεῖν
3830 4591 3893 4644 τὸ
3924 4608 4059 4645 παιι

754 4672 849 4726 des
876 4688 1126 4739 puerum,
1160 4682 1218 4727 ut
1249 4674 1437 4742 perdat
1483 4673 1657 4726 illum.
1710 4690 1727 4722 ι
1764 4670 1899 4727 Vide
1933 4673 2345 4741 incogitantiam

756 4767 1015 4831 hominis,
1043 4767 1135 4835 qui
1177 4766 1390 4820 laborat
1419 4775 1475 4819 ut
1505 4765 1745 4819 divinam
1778 4767 1956 4819 vincat
1984 4766 2340 4819 voluntatem.

752 4857 887 4911 Nam
936 4860 979 4911 si
1009 4859 1227 4927 quidem
1268 4872 1375 4911 non
1408 4867 1495 4912 est
1523 4873 1587 4912 ex
1622 4856 1755 4923 Deo,
1785 4858 1915 4927 quid
1944 4856 2138 4913 times?
2166 4857 2248 4911 sin
2276 4871 2342 4911 ex

748 4951 860 5008 Deo
879 4967 981 5019 esu,
1011 4952 1288 5021 quomodo
1329 4953 1525 5023 perdes
1559 4952 1825 5022 puerum?

826 5044 988 5099 Vens.
1024 5048 1109 5111 14,
1143 5046 1230 5102 l5.
1272 5066 1290 5099 ι
1340 5046 1430 5101 Ille
1456 5057 1637 5101 autem
1666 5047 1939 5103 excitatus
1969 5034 2179 5117 accepit
2207 5060 2340 5118 pue-

752 5154 869 5191 rum
898 5150 953 5193 et
983 5150 1210 5193 matrem
1237 5139 1356 5208 ejus
1388 5150 1571 5206 nocte,
1601 5151 1655 5195 et
1682 5144 1907 5196 secessit
1935 5141 1987 5194 in
2020 5139 2340 5213 Egyptum,

752 5242 804 5285 et
833 5230 933 5286 fuit
966 5232 1075 5288 illic
1109 5248 1279 5303 usque
1317 5235 1383 5289 ad
1409 5234 1615 5289 obitum
1649 5234 1907 5293 Herodis;
1934 5247 1993 5290 ut
2028 5239 2345 5308 impleretur

752 5326 894 5393 quod
927 5326 1132 5380 dictum
1179 5337 1262 5382 est
1307 5342 1336 5381 a
1370 5327 1601 5382 Domino
1645 5344 1740 5397 per
1777 5331 2125 5399 prophetam,
2157 5330 2345 5385 dicen-

748 5426 897 5473 tem:
952 5418 1029 5473 Ex
1076 5420 1310 5494 Egypto
1360 5422 1551 5478 vocavi
1583 5407 1799 5477 'Filium
1846 5439 2048 5479 meum.
2081 5444 2098 5477 ι
2151 5425 2347 5482 Dicunt

747 5514 944 5585 Judaai,
986 5521 1132 5591 quod
1182 5531 1407 5593 propter
1460 5524 1714 5594 populum
1750 5521 1953 5577 dictum
1990 5524 2056 5580 sit
2093 5523 2218 5587 hoc,
2252 5525 2343 5593 qui

822 5710 863 5739 “
901 5706 1065 5764 Num.
1137 5725 1290 5777 xxiv,
1349 5710 1402 5764 9.

2449 4692 2583 4758 δίον,
2608 4691 2702 4744 τοῦ
2733 4678 2997 4745 ἀπολέσαι
3026 4692 3180 4747 αὐτό.
3223 4710 3242 4742 ι
3275 4690 3384 4742 Ἴδε
3434 4689 3696 4757 ἀνοησίαν
3730 4686 4053 4758 ἀνθρώπου,

2448 4786 2547 4858 τὴν
2572 4785 2667 4838 τοῦ
2698 4784 2837 4838 Θεοῦ
2860 4782 3056 4856 βουλὴν
3091 4783 3386 4847 σπουδάζει
3412 4782 3657 4850 νικῆσαι.
3693 4782 3756 4834 Ei
3791 4780 3895 4851 μὲν
3939 4780 4057 4849 γάρ

2444 4877 2547 4932 οὐκ
2576 4878 2726 4931 ἐστιν
2755 4880 2818 4930 ὲκ
2848 4877 3006 4939 Θεοῦ,
3035 4878 3087 4929 τί
3111 4877 3251 4947 φοϐῇ
3278 4894 3293 4943 ;
3332 4874 3397 4929 Ei
3420 4875 3479 4929 δέ
3508 4876 3573 4929 ἐκ
3597 4874 3732 4929 Θεοῦ
3765 4877 3905 4940 ἐστι,
3928 4874 4055 4938 πῶς

2447 4974 2739 5033 ἁπολέσεις
2773 4970 2833 5024 τὸ
2861 4971 3077 5025 παιδίον
3098 4990 3113 5036 ;
3692 5034 3695 5037 _

2523 5083 2541 5115 ι
2591 5065 2651 5118 Ὀ
2684 5064 2784 5127 δέ,
2815 5065 3063 5135 ἐγερθεὶς
3105 5062 3389 5133 παρέλαϐε
3436 5061 3500 5115 τὸ
3551 5060 3767 5115 παιδίον
3814 5062 3911 5115 καὶ
3946 5061 4054 5132 τὴν

2446 5157 2658 5228 μητέρα
2687 5155 2852 5209 αὑτοῦ
2886 5156 3104 5221 νυκτδς,
3135 5155 3230 5209 καὶ
3261 5156 3615 5226 ἀνεχώρησεν
3636 5155 3715 5217 είς
3739 5155 4049 5222 Αίγυπτον,

2442 5250 2537 5302 καὶ
2570 5245 2639 5321 ἦν
2673 5248 2913 5324 ἐκεῖέως
2937 5250 3037 5317 τῆς
3060 5247 3319 5316 τελευτῆς
3348 5245 3618 5317 Ἦρώδου’
3653 5246 3742 5299 ἵνα
3776 5246 4051 5319 πληρωθῇ

2441 5343 2503 5396 τὸ
2534 5342 2701 5414 ῥηθὲν
2728 5340 2834 5393 ὑπὸ
2864 5339 2959 5393 τοῦ
3001 5340 3211 5411 Κυρίου
3244 5340 3333 5394 διά
3374 5340 3472 5393 τοῦ
3512 5341 3821 5411 προφήτου,
3855 5339 4052 5409 λέγον·

2440 5451 2563 5499 τος·
2615 5436 2705 5500 Ἐξ
2752 5432 3033 5500 Αίγύπτου
3065 5432 3305 5486 ἐκάλεσα
3357 5433 3448 5485 τὸν
3476 5432 3605 5485 Υίόν
3646 5449 3772 5501 μου.
3811 5451 3832 5485 ι
3877 5433 4055 5487 Φασὶν

2444 5534 2494 5585 oi
2533 5530 2802 5598 Ἰουδαῖοι,
2833 5529 2918 5582 ὃτι
2960 5528 3049 5583 διὰ
3079 5530 3172 5582 τὸν
3221 5528 3353 5583 λαὸν
3378 5528 3582 5600 ἐρρέθη
3618 5527 3779 5583 τοῦτο
3845 5528 3941 5583 τὸν
3982 5528 4056 5583 ἐκ

820 5898 897 5965 (a)
949 5895 1107 5954 Juxta
1171 5898 1483 5955 versionem
1542 5898 1649 5955 τῶν
1701 5901 1778 5956 0'.
1850 5900 2079 5973 Vulgata
2146 5903 2344 5971 habet,
2386 5907 2538 5977 quasi
2576 5907 2759 5961 la'cua.
