4262 6432
761 412 870 478 175

1660 403 2238 466 THEOPHYLACTI
2283 403 2695 466 BULGARIE
2735 361 3071 467 ancntsp

3914 395 4021 469 Πδ

763 538 774 577 ι
805 543 871 587 tr,
898 522 1148 579 similiter
1178 528 1227 572 et
1266 518 1337 571 illi
1392 526 1588 585 patres.
1617 518 1716 569 hoc
1741 525 1843 579 est,
1875 517 2181 585 magistros,
2212 529 2295 583 ιιι-ε

2374 521 2406 576 Α
2437 514 2769 585 ἐξέρχονται,
2801 514 2946 569 οὕτω
3000 514 3093 568 καὶ
3125 508 3270 569 οὗτοι
3307 513 3433 579 τοὺς
3467 514 3730 585 πατέρας,
3776 515 3895 585 ἢτοι
3933 514 4015 567 6:-

760 620 950 682 phctas
988 612 1327 669 occiderunt.
1357 611 1396 663 Λ
1434 610 1613 662 futura
1659 608 1761 672 ira,
1814 608 1865 663 id
1914 620 2018 674 εει,
2049 608 2327 677 εειιεηητε,

760 718 951 771 tnqutt.

830 797 993 850 Vnus.
1032 795 1081 848 8.
1124 814 1141 846 ι
1176 794 1364 847 Facile
1400 793 1559 861 igitur
1596 792 1804 847 fructus
1842 791 2033 862 dignos
2063 789 2329 859 pauiten-

757 890 859 939 tize.
907 906 923 937 ι
961 883 1117 938 Vides
1146 884 1273 950 quid
1304 883 1466 944 dit-at,
1496 881 1751 948 quoniam
1780 894 1884 933 non
1913 887 2128 947 oportet
2157 877 2327 931 solum

754 985 940 1043 Ingere
972 975 1251 1035 malitiam,
1280 975 1372 1025 sed
1400 974 1563 1025 etiam
1606 971 1838 1023 fructum
1876 970 2090 1023 virtutis
2130 968 2325 1022 facere.

760 1090 776 1119 ι
818 1070 1029 1122 Declina
1065 1068 1231 1130 enim,
1265 1068 1460 1135 inquit,
1489 1081 1516 1117 a
1544 1064 1684 1117 malo
1710 1074 1762 1115 et
1791 1060 1875 1115 fac
1914 1063 2132 1115 bonum.
2162 1081 2179 1113 ι

823 1160 988 1214 Vens.
1021 1160 1073 1213 9.
1114 1159 1233 1212 alit
1264 1173 1330 1211 ne
1356 1159 1472 1210 sitis
1513 1157 1612 1209 hac
1638 1163 1837 1217 mente,
1867 1162 1926 1206 ttt
1959 1154 2151 1207 dicatis
2189 1153 2327 1221 apud

759 1256 1021 1322 \‘tlsipSOS,
1054 1250 1267 1304 Patrem
1302 1250 1559 1302 habemus
1597 1246 1888 1301 Abraham.
1934 1263 1952 1295 ι
1986 1243 2119 1297 llinc
2149 1246 2326 1313 perie-

752 1358 898 1407 lllttl,
938 1345 1078 1414 quod
1127 1345 1178 1396 in
1221 1340 1503 1396 nobilitate
1580 1352 1674 1391 sua
1740 1335 2103 1391 conﬁdebant.
2142 1352 2159 1384 ι
2199 1335 2327 1389 Dico

746 1439 890 1491 enim
926 1436 1098 1496 vobis,
1145 1432 1288 1501 quod
1326 1439 1502 1500 potest
1536 1427 1677 1482 Deus
1724 1428 1888 1481 etiam
1925 1440 1991 1479 ex
2028 1427 2109 1479 his
2137 1425 2324 1495 lapidi-

747 1532 843 1583 bus
874 1529 1135 1581 suscitare
1190 1524 1327 1577 ﬁlios
1368 1521 1621 1576 Abrahae.
1662 1539 1679 1571 ι
1731 1519 1828 1573 Per
1873 1518 2077 1588 lapides
2126 1518 2323 1572 intelli-

742 1631 938 1689 guntur
986 1622 1148 1675 etiam
1201 1629 1411 1688 gentes,
1447 1632 1476 1668 e
1509 1617 1706 1684 quibus
1756 1617 1909 1670 multi
1951 1613 2321 1669 crediderunt.

742 1712 1071 1782 Simpliciter
1125 1722 1302 1762 tamen
1357 1708 1574 1760 dicebat
1628 1706 1892 1770 Joannes,
1958 1703 2103 1773 quod
2160 1704 2322 1756 etiam

740 1821 802 1857 ex
859 1803 1125 1868 lapidibus
1187 1802 1355 1869 possit
1429 1798 1569 1851 llcus
1623 1796 1799 1851 facere
1860 1797 1998 1851 ﬁlios
2067 1798 2317 1849 Abrahar.

2435 605 2761 671 δασκάλους,
2796 607 2925 669 τοὺς
2958 606 3271 677 προφήτας,
3302 607 3559 677 ἐφόνευον
3585 621 3598 635 ·
3626 605 3737 660 ἀπὸ
3764 605 3861 676 τῆς
3888 606 4016 677 μελ-

2436 695 2634 767 λούσης
2668 696 2724 750 δὶ
2752 696 2948 766 ὀργῆς,
2982 699 3082 767 τῆς
3105 696 3355 765 γεέννης,
3382 698 3567 768 φησίν.

2515 806 2534 839 ι
2571 782 2844 857 Ποιήσατε
2882 782 2978 841 οὖν
3012 784 3259 857 καρποὺς
3285 785 3472 852 ἀξίους
3499 786 3599 857 τῆς
3634 788 3945 858 μετανοίας.
3988 805 4008 837 ι

2449 880 2617 950 Ὁρᾷς
2649 880 2703 933 τί
2728 879 2902 948 λέγει,
2930 879 3011 932 ὅτι
3039 880 3102 933 οὐ
3130 879 3213 932 δεῖ
3233 878 3641 950 μάνονφεύγειν
3656 878 3755 947 τὴν
3788 878 4013 941 κακίαν,

2430 969 2568 1023 ἀλλά
2602 969 2694 1023 καί
2724 970 2966 1039 καρποὺς
2991 969 3194 1039 ἀρετῆς
3223 970 3419 1022 ποιεῖν.
3465 986 3484 1019 ι
3519 965 3806 1020 Ἕκκλινον
3857 963 3972 1034 γὰρ
3995 1005 4010 1030 ,

2433 1063 2619 1131 φησιν,
2663 1064 2771 1117 ἀπὸ
2803 1060 2999 1126 κακοῦ,
3031 1060 3394 1130 καὶνποίησον
3413 1058 3633 1128 ἀγαθόν.
3686 1076 3704 1110 ι

2508 1171 2526 1203 ι
2568 1154 2677 1205 Καὶ
2710 1151 2785 1223 μὴ
2813 1151 3002 1222 δόξητε
3029 1151 3210 1219 λέγειν
3227 1156 3286 1203 ὲν
3311 1152 3546 1212 ἑαυτοίςο
3575 1149 3794 1218 Πατέρα
3814 1147 4012 1218 ἔχομεν

2430 1245 2521 1299 τὸν
2568 1244 2842 1314 Ἀϐραάμ.
2889 1263 2907 1295 ι
2944 1244 3117 1299 τοῦτο
3145 1240 3213 1315 ἦν
3248 1245 3432 1304 αὐτοῖς
3469 1244 3549 1305 είς
3598 1240 3899 1304 ἀπώλειαν,
3930 1240 4012 1292 ὅτι

2431 1340 2492 1391 ὲν
2524 1336 2779 1408 εὐγενείᾳ
2806 1338 3099 1410 mappam.
3134 1356 3152 1390 ι
3197 1338 3356 1405 Λέγω
3376 1338 3483 1408 γάρ
3521 1337 3649 1407 ύμῖν
3677 1338 3761 1390 ὅτι
3789 1336 4011 1390 δύναται

2428 1431 2456 1482 6
2482 1428 2613 1491 Θεὸς
2645 1430 2738 1481 καὶ
2771 1429 2837 1481 ὲκ
2879 1428 2990 1481 τῶν
3037 1428 3204 1482 λίθων
3232 1428 3441 1481 τούτων
3487 1429 3701 1496 ἐγεῖραι
3737 1427 3905 1480 τέκνα
3930 1426 4012 1495 τῷ

2442 1521 2710 1593 Ἀδραάμ.
2753 1541 2770 1572 ι
2807 1520 2982 1583 Δίθοι,
3010 1520 3255 1575 νοοῦνται
3281 1521 3383 1591 μὲν
3411 1520 3517 1579 καὶ,
3545 1519 3614 1572 τά
3650 1517 3801 1590 ἔθνη,
3838 1518 3901 1582 ἐξ
3933 1513 4010 1571 ὧν

2430 1614 2614 1668 πολλοὶ
2661 1614 3013 1668 ἐπίστευσαν.
3070 1614 3217 1683 Πλὴν
3271 1612 3410 1666 ἀλλά
3459 1614 3554 1666 καὶ
3601 1611 3779 1675 οὕτως
3819 1611 4009 1674 ἁπλῶς

2427 1707 2584 1762 τοῦτο
2613 1707 2761 1776 λέγει
2789 1709 2817 1761 6
2862 1708 3139 1773 Ἰωάννης,
3186 1707 3269 1759 ὅτι
3296 1707 3393 1759 καὶ
3431 1706 3540 1759 ἀπὸ
3578 1705 3743 1759 λίθων
3782 1705 4008 1759 δύναται

2426 1798 2592 1852 τέκνα
2641 1798 2867 1868 ποιῆσαι
2910 1798 2987 1867 τῷ
3030 1787 3304 1867 Ἀδραᾶμ.
3344 1798 3458 1849 Καὶ
3490 1797 3600 1867 γὰρ
3625 1795 3774 1858 λίθος
3810 1792 3881 1866 ἦν
3912 1796 4010 1848 καὶ

743 1900 865 1949 Erat
893 1896 1036 1949 enim
1069 1904 1118 1947 et
1157 1892 1310 1945 Vulva
1340 1892 1486 1945 Sarro
1514 1890 1669 1959 lapis,
1706 1899 1926 1959 pt‘Optcr
1954 1889 2292 1944 sterilitatem

2374 1858 2396 1915 3
2422 1892 2454 1960 ὴ
2494 1890 2675 1960 μήτρα
2704 1857 2799 1959 της
2828 1857 3065 1960 Σάρρας,
3096 1857 3184 1940 διὰ
3206 1857 3304 1959 τήν
3335 1857 3647 1958 στείρωσιν,
3677 1857 3792 1941 ἀλλ’
3818 1857 4009 1941 ista"

741 2001 791 2040 et
822 1987 1172 2040 nihilominus
1221 1984 1451 2053 peperit.
1487 1981 1757 2035 Excitavit
1793 1993 1969 2034 autem
2004 1982 2140 2034 Deus
2184 1981 2318 2032 lilios

740 2082 971 2134 Ahraha:
1009 2093 1072 2131 ex
1108 2076 1373 2144 lapidibus
1404 2093 1419 2127 :
1452 2074 1736 2142 ecquando
1774 2072 1941 2127 vero?
1987 2087 2106 2123 cum
2143 2072 2315 2132 multi,

740 2174 983 2226 tidentes
1040 2168 1357 2222 cruciﬁxum
1390 2177 1443 2219 et
1476 2176 1657 2234 ruptas
1691 2175 1893 2236 petras,
1950 2164 2312 2216 crediderunt.

812 2264 974 2316 Vens.
1009 2262 1095 2315 t0.
1134 2279 1152 2311 ι
1189 2258 1306 2313 Jnm
1337 2274 1462 2313 vero
1483 2268 1536 2313 et
1564 2258 1769 2312 securis
1798 2260 1863 2309 ad
1895 2256 2129 2309 radicem
2155 2253 2314 2307 arbo-

738 2372 854 2410 rum
891 2356 1067 2423 posita
1095 2362 1197 2407 εει.
1238 2369 1255 2402 ι
1288 2351 1534 2405 Securim
1585 2360 1743 2404 vocat
1768 2348 2029 2418 judicium
2062 2347 2267 2400 Domini
2298 2363 2309 2399 :

736 2453 959 2502 arbores
1008 2456 1212 2506 autem,
1255 2444 1499 2513 singulos
1553 2452 1816 2495 nostrum.
1874 2440 2040 2510 Igitur
2086 2440 2178 2507 qui
2209 2455 2311 2491 tton

736 2538 1069 2599 ι-ι-ειιὶύετίι,
1106 2537 1216 2605 jam
1266 2535 1391 2587 hinc
1448 2533 1698 2601 stirpitus
1752 2531 2112 2592 exscinditur,
2165 2540 2219 2582 et
2263 2532 2312 2581 in

735 2634 1036 2703 gehennam
1069 2629 1322 2683 mittitur.
1374 2643 1393 2677 ι
1429 2625 1813 2695 Οωιιίειίεἱιιιι-
1842 2622 2022 2677 arbor.
2062 2640 2081 2671 ι
2111 2621 2315 2675 Etiam-

736 2727 778 2779 si
811 2726 877 2779 ab
919 2723 1193 2777 Abraham
1245 2718 1563 2774 descendat.
1599 2734 1617 2767 ι
1654 2715 1768 2769 Non
1818 2714 2025 2769 faciens
2082 2713 2311 2769 fructum

732 2822 954 2871 bonum.
987 2834 1004 2867 ι
1030 2814 1142 2868 Non
1164 2813 1321 2877 dixit,
1343 2810 1472 2876 Qum
1495 2822 1598 2864 non
1624 2807 1771 2872 iecit,
1792 2806 1908 2873 sed,
1928 2804 2043 2859 Non
2072 2804 2308 2870 faciens;

732 2920 946 2975 semper
976 2906 1120 2959 enim
1159 2911 1372 2971 oportet
1406 2902 1639 2955 fructum
1675 2902 1835 2953 l'erre.
1870 2898 2008 2951 Nam
2046 2898 2170 2951 licet
2194 2897 2309 2951 heri

735 2994 1046 3048 misericors
1089 2993 1279 3078 lueris,
1334 2991 1493 3045 hodie
1539 3000 1719 3045 autem
1770 2989 1971 3055 rapias,
2002 3002 2104 3042 non
2136 2986 2312 3041 bonus

731 3084 857 3135 eris.
901 3100 919 3132 ι
957 3081 1250 3137 Exsecatur
1307 3090 1362 3135 ει
1396 3083 1445 3133 in
1480 3080 1657 3149 ignem
1694 3080 1943 3133 mittitur.
1987 3099 2005 3130 ι
2041 3079 2311 3133 Gchentuc

731 3176 956 3229 at‘iliccl.

808 3267 967 3322 Vsus.
1002 3268 1087 3321 Η.
1131 3285 1149 3318 ι
1196 3266 1309 3336 Ego
1334 3266 1551 3336 quidem
1603 3266 1819 3335 haptizo
1855 3279 1949 3320 vos
1991 3266 2043 3319 in
2073 3278 2209 3331 aqua
2242 3265 2309 3318 ad

730 3360 1101 3430 pmnitentiam
1136 3375 1149 3413 :
1185 3359 1275 3427 qui
1328 3368 1508 3412 autem
1542 3369 1663 3426 post
1687 3372 1773 3411 tne
1802 3357 1971 3419 venit,
1998 3355 2187 3410 fortior
2225 3364 2311 3408 me

728 3464 833 3507 est.
878 3470 894 3502 ι
934 3451 1074 3503 Dixit
1101 3449 1200 3514 eis,
1227 3448 1409 3503 Facite
1439 3447 1698 3502 fructum.
1731 3447 1979 3502 Ostendit
2015 3444 2311 3515 ls'igitur

727 3544 849 3613 quis
909 3542 1139 3605 fructus,
1198 3553 1393 3608 nempe
1447 3542 1667 3594 credere
1717 3538 1769 3593 in
1799 3553 1924 3592 eum
1968 3538 2060 3607 qui
2105 3548 2225 3604 post
2250 3551 2311 3591 se

729 3644 989 3690 venturus
1019 3643 1154 3689 erat.
1203 3633 1358 3687 Venit
1382 3633 1527 3686 enim
1566 3638 1689 3701 post
1717 3645 1842 3686 eum
1868 3630 2136 3685 Christus.
2172 3630 2308 3686 Nam

728 3730 866 3782 sicut
911 3743 1003 3781 sca
1055 3735 1264 3780 tantum
1297 3724 1577 3779 mensibus
1629 3724 1928 3779 secundum
1968 3723 2307 3778 nativitatem

726 3822 996 3890 posterior
1033 3834 1096 3873 eo
1132 3828 1271 3882 crat,
1322 3818 1400 3871 ita
1424 3825 1478 3872 et
1501 3817 1653 3885 juxta
1685 3815 2177 3871 manifestatiOnem
2209 3814 2311 3870 fuit

726 3912 1014 3981 pos-terior.
1047 3910 1425 3964 Manifestatus
1464 3918 1549 3962 est
1590 3909 1732 3963 enim
1772 3909 1923 3977 prius
1958 3904 2305 3961 Praecursor:

723 4005 918 4060 demde
944 4003 1219 4067 Christus,
1255 4002 1349 4071 qui
1384 4000 1452 4055 ab
1483 4016 1550 4057 eo
1591 4002 1963 4056 testimonium
2000 4013 2305 4067 acceperat.

731 4118 749 4147 ι
784 4097 947 4163 Cujus
973 4110 1077 4149 non
1111 4109 1229 4149 sum
1260 4095 1487 4149 idoneus
1516 4092 1888 4148 calceamenta
1918 4102 2150 4163 gestare.
2183 4110 2201 4143 ι
2230 4090 2309 4147 Nc

724 4169 1032 4258 postremus
1069 4187 1309 4252 quidem,
1367 4188 1578 4256 ittquit,
1628 4185 1799 4255 ipsius
1845 4201 1964 4241 sum
2008 4199 2200 4239 servus
2250 4193 2308 4237 ut

724 4290 822 4335 ista
855 4290 1080 4351 gestem.
1106 4276 1207 4332 Pcr
1235 4278 1527 4334 calceamet
1552 4289 1601 4333 ta
1631 4289 1811 4334 autem
1846 4278 2115 4355 intelligas
2141 4284 2304 4337 etiam

722 4373 855 4425 duos
879 4371 1178 4425 descensus
1202 4369 1341 4437 ejus,
1382 4385 1575 4440 nempe
1607 4384 1728 4426 eum
1760 4372 1852 4441 qui
1882 4389 1911 4428 e
1940 4377 2093 4430 cwlis
2125 4378 2175 4429 in
2202 4390 2309 4431 ιρι·-

722 4480 859 4529 ram,
885 4472 939 4516 et
960 4476 1084 4517 eum
1111 4460 1253 4531 quia
1278 4471 1422 4516 terra
1451 4464 1502 4517 in
1536 4463 1831 4519 infernum.
1865 4465 2303 4522 (ialceatnetttunt

720 4555 862 4607 enim
898 4562 976 4609 est
1030 4553 1251 4624 pellicea
1308 4568 1439 4609 caro
1502 4565 1554 4609 ct
1597 4556 1965 4610 mortiﬁcatio.
2004 4558 2108 4612 llos
2144 4560 2306 4628 igitur

722 4647 859 4698 duos
904 4645 1199 4699 descensus
1228 4659 1332 4697 non
1376 4657 1552 4714 petest
1603 4658 1821 4713 portare
1857 4649 2190 4716 Prarcursor,
2227 4653 2305 4705 itt-

722 4739 961 4807 teltigcre
993 4750 1098 4790 non
1131 4736 1316 4791 valens
1363 4740 1637 4805 quomodo
1689 4739 1813 4793 facti
1842 4742 1972 4797 sint.
2012 4761 2030 4793 ι
2063 4742 2182 4811 lpse
2214 4760 2307 4799 vos

720 4830 1016 4898 baptizabit
1038 4831 1089 4883 in
1120 4828 1325 4899 Spiritu
1348 4839 1556 4883 sancto.
1587 4848 1605 4881 ι
1644 4829 1757 4886 Ηοε
1774 4842 1876 4896 est,
1903 4834 2186 4889 inundabit
2213 4852 2306 4889 vos

718 4924 941 5005 lawiter
972 4921 1207 4993 Spiritus
1234 4923 1409 4977 sancti
1448 4923 1662 4989 gratiis,
1687 4925 1811 4992 quia
1852 4940 2054 4991 meum,
2107 4927 2302 4995 inquit,

716 5018 984 5085 baptisma
1034 5031 1138 5070 non
1197 5018 1287 5072 dat
1329 5016 1664 5086 spiritualem
1699 5018 1950 5085 gratiam,
1996 5020 2089 5073 sed
2128 5033 2303 5087 neque

720 5102 1065 5175 peccatorum
1118 5109 1499 5163 remissionem
1542 5126 1556 5161 :
1591 5109 1707 5177 ipse
1741 5120 1921 5164 autem
1963 5122 2016 5165 ct
2066 5115 2302 5168 remittet

720 5202 872 5253 vobis
902 5209 1142 5267 peccata,
1165 5210 1219 5253 et
1244 5199 1508 5267 Spiritum
1544 5200 1845 5256 liberaliter
1873 5202 2040 5256 dabit.

796 5291 955 5345 Vens.
992 5290 1079 5346 12.
1122 5309 1141 5342 ι
1179 5291 1344 5361 Cujus
1392 5292 1756 5348 ventilabrum
1803 5294 1856 5347 itt
1893 5311 2048 5348 manu
2100 5295 2236 5365 ejus.
2272 5316 2290 5348 ι

716 5384 833 5439 Non
868 5382 1102 5438 credatis
1152 5386 1297 5453 quod
1336 5384 1383 5439 si
1418 5385 1679 5455 baptizati
1729 5384 1942 5441 fueritis
1973 5389 2041 5443 ab
2098 5390 2210 5455 illo,
2243 5401 2298 5444 et

717 5476 913 5530 deinde
937 5476 1313 5543 peccaveritis,
1348 5476 1591 5545 ignoscat
1622 5479 1795 5533 vobis.
1830 5476 1965 5533 Nam
1992 5490 2046 5534 ct
2070 5480 2298 5535 ventila-

715 5568 869 5621 btum
922 5569 1103 5633 habet,
1156 5569 1259 5623 hoc
1306 5579 1410 5634 est,
1456 5569 1717 5637 judicium
1758 5582 1813 5626 ει
1867 5572 2293 5642 inquisitionem.

721 5678 740 5710 ι
786 5661 847 5715 Et
880 5662 1189 5733 repurgahit
1216 5676 1396 5717 aream
1420 5679 1599 5719 suam.
1638 5682 1656 5715 ι
1689 5664 1803 5719 Hoc
1836 5675 1936 5730 est,
1971 5666 2293 5730 Ecclesiam,

715 5766 835 5819 qua:
884 5755 1079 5810 multos
1129 5753 1345 5824 quidem
1387 5754 1548 5811 habet
1601 5754 1931 5825 baptizatos,
1986 5758 2125 5814 sicut
2169 5771 2294 5811 area

688 5860 873 5923 _omne
908 5846 1048 5915 quod
1078 5847 1130 5901 in
1162 5861 1291 5918 agro
1320 5846 1524 5904 cultum
1576 5846 1673 5903 fuit
1704 5866 1715 5902 :
1753 5852 1845 5905 sed
1891 5852 2031 5907 inter
2074 5850 2172 5909 hos
2203 5849 2295 5904 alii

2423 1984 2572 2051 ὅμως
2601 1998 2613 2011 ·
2660 1981 2846 2050 ήγειρε
2898 1982 2955 2033 δὲ
2988 1981 3082 2034 καὶ
3114 1981 3284 2033 τέκνα
3312 1979 3393 2050 τῷ
3445 1979 3702 2049 Ἀϐραὰμ
3726 1982 3753 2032 6
3799 1978 4008 2051 Κύριος

2423 2076 2531 2128 ἀπὸ
2577 2074 2683 2128 τῶν
2735 2073 2897 2126 λίθων
2928 2089 2939 2101 ·
2982 2072 3156 2137 πότε;
3211 2072 3301 2125 ὅτε
3362 2072 3777 2141 σταυρουμένου
3810 2067 4004 2134 αὑτοῦ,

2425 2165 2623 2227 ίδὸντες
2659 2165 2845 2217 πολλοὶ
2874 2166 2968 2227 τὰς
3002 2162 3212 2235 πέτρας
3252 2166 3534 2235 ῥαγείσας.
3576 2163 3932 2219 ἐπίστευσαν.

2499 2276 2516 2306 ι
2551 2256 2695 2325 Ἤδη
2730 2256 2786 2308 δὲ
2816 2257 2958 2325 καὶὴ
2989 2255 3144 2324 ἀξίνη
3177 2256 3313 2325 πρὸς
3339 2252 3619 2326 τὴνιρίζαν
3641 2255 3750 2307 τῶν
3766 2254 4005 2325 δένδρων

2419 2351 2616 2403 κεῖται.
2632 2368 2650 2399 ι
2690 2349 2902 2417 ’Λξίνην
2918 2348 3067 2417 λέγει
3084 2348 3183 2417 τὴν
3198 2348 3293 2400 τοῦ
3314 2349 3355 2401 Χ
3367 2346 3554 2418 ριστοῦ
3572 2347 3778 2413 κρίσιν.
3794 2346 4005 2417 Δένδρα

2418 2443 2497 2506 δὲ,
2530 2444 2625 2495 ἕνα
2655 2438 2885 2495 ἕκαστον
2924 2442 3102 2511 ἡμῶν.
3141 2442 3201 2494 Ὀ
3227 2436 3321 2493 οὖν
3356 2441 3430 2511 μὴ
3465 2440 3787 2506 πιστεύσας,
3818 2437 4006 2493 ὲντεῦο

2419 2535 2511 2588 Θεν
2560 2536 2661 2605 ήδη
2716 2534 3042 2605 αύτὸῤῥιζος
3074 2535 3470 2604 ἀποτέμνεται,
3516 2535 3613 2588 καὶ
3661 2534 3740 2597 είς
3773 2534 4004 2602 γέενναν

2418 2629 2768 2697 ἐμϐάλλεται.
2812 2646 2831 2680 ι
2894 2628 3008 2681 Πᾶν
3059 2628 3153 2681 οὖν
3208 2627 3447 2698 δένδρον.
3526 2647 3544 2680 ι
3583 2628 3704 2681 Κάν
3745 2626 3855 2681 ἀπὸ
3904 2625 4002 2679 τοῦ

2428 2718 2679 2787 ’Δ6ραάμ
2715 2719 3043 2787 κατάγηται.
3083 2735 3100 2767 ι
3147 2718 3237 2786 Μὴ
3273 2718 3461 2771 ποιοῦν
3500 2717 3713 2787 καρπὸν
3755 2716 3940 2771 καλῶς
3974 2734 3995 2767 ι

2414 2809 2527 2862 Οὐκ
2560 2805 2707 2871 εἶπε,
2730 2808 2820 2879 Μή
2852 2808 3105 2877 ποιῆσαν,
3158 2809 3316 2875 ἀλλά,
3347 2809 3443 2877 Μὴ
3468 2808 3703 2864 ποιοῦν.
3749 2796 3865 2863 Ἀει
3890 2805 4003 2879 γὰρ

2414 2900 2495 2952 δεῖ
2531 2902 2933 2970 καρποφορεῖν.
2970 2901 3037 2953 El
3075 2905 3183 2970 γὰρ
3214 2901 3339 2969 χυὲς
3362 2890 3626 2971 ήλέησάς,
3670 2902 3913 2972 σήμερον
3939 2900 4002 2953 δὲ

2415 2993 2705 3062 ἀρπάζεις,
2746 2994 2848 3047 οὐκ
2900 2995 3237 3063 εύαρεστείς.
3277 3013 3296 3044 ι
3362 2996 3758 3059 Ἐκκόπτιται,
3797 2994 3891 3047 καὶ
3919 2996 4001 3058 εἰς

2416 3086 2530 3156 πῦρ
2557 3085 2836 3155 βάλλεται.
2880 3105 2898 3139 ι
2936 3088 3011 3140 Τὸ
3048 3087 3147 3157 τῆς
3176 3089 3425 3160 γεέννης.

2493 3287 2511 3319 ι
2557 3265 2700 3336 Ἐγὼ
2721 3268 2820 3337 μὲν
2842 3267 3093 3337 βαπτίζω
3118 3269 3264 3338 ὑμᾶς
3294 3270 3353 3321 ἐν
3378 3268 3532 3323 ὕδατι
3558 3270 3649 3333 είςι
3672 3270 3962 3340 μετάνοιαν
3984 3287 3997 3302 ·

2413 3360 2441 3413 6
2466 3360 2521 3413 δὲ
2561 3359 2739 3413 ὀπίσω
2776 3377 2881 3429 μου
2911 3362 3233 3431 ἐρχόμενος,
3257 3362 3607 3434 ίσχυρότερός
3641 3382 3743 3434 μου
3775 3365 3943 3422 εστίν.
3975 3384 3996 3419 ι

2413 3450 2578 3505 Είπεν
2606 3452 2821 3515 αὐτοῖς·
2857 3455 3129 3525 Ποιήσατε
3161 3455 3395 3525 καρπόν.
3422 3455 3706 3510 Δείκνυσιν
3734 3453 3828 3511 οὖν
3862 3460 3946 3521 τίς
3970 3460 4004 3512 6

2412 3544 2649 3616 καρπὸς,
2681 3547 2766 3599 ἔτι
2793 3546 2856 3598 τὸ
2888 3543 3182 3599 πιστεῦσαι
3212 3547 3293 3608 είς
3325 3545 3420 3598 τὸν
3446 3547 3624 3600 ὀπίσω
3648 3547 3815 3602 αὐτοῦ
3842 3550 4003 3619 ἐρχό-

2417 3656 2599 3709 μενον.
2658 3637 2869 3693 Ὀπίσω
2917 3638 2973 3691 δὲ
3012 3637 3179 3691 αὐτοῦ
3232 3639 3434 3709 ήρχετο
3484 3641 3513 3691 6
3550 3639 3785 3711 Χριστός
3812 3656 3827 3671 ·
3861 3639 4003 3694 καθὸ

2413 3734 2507 3785 καὶ
2540 3732 2767 3801 ὕστερος
2796 3730 2964 3784 αὑτοῦ
2992 3726 3061 3801 ἦν
3096 3730 3241 3784 κατὰ
3269 3730 3369 3800 τὴν
3408 3730 3685 3801 γέννησιν,
3726 3730 3785 3796 ἓξ
3815 3733 3999 3801 μόνοις

2417 3823 2605 3894 μησὶν,
2644 3823 2781 3877 ἀ).λά
2828 3823 2923 3877 καὶ
2960 3824 3105 3876 κατὰ
3140 3824 3241 3893 τὴν
3270 3822 3604 3893 φανέρωσιν.
3641 3822 3998 3894 Ἑφανσρὼοη

2411 3916 2521 3986 γὰρ
2560 3916 2825 3985 πρότερον
2865 3916 2895 3966 6
2945 3913 3288 3983 Πρόδρομος,
3349 3909 3472 3966 εἶτα
3529 3914 3559 3966 6
3597 3915 3853 3984 Χριστὸς,
3902 3914 3999 3967 ὑπ’

2410 4006 2580 4061 αὑτοῦ
2614 4006 3008 4077 μαρτυρηθείς.
3038 4024 3056 4057 ι
3093 3998 3169 4058 Οὒ
3199 4006 3302 4058 οὐκ
3334 4005 3453 4075 είμὶ
3484 4006 3669 4069 ἱκανὸς
3700 4006 3767 4059 τά
3798 4008 4001 4078 ὑποδή-

2412 4115 2558 4167 ματα
2590 4098 2878 4168 βαστάσαι.
2919 4116 2937 4148 ι
2967 4097 3103 4151 Ούδε
3130 4097 3339 4161 δοῦλος,
3374 4100 3561 4169 φησιν,
3581 4100 3807 4170 ἔσχατος
3828 4100 3998 4154 αὑτοῦ

2410 4195 2551 4261 εἰμι,
2580 4189 2721 4243 ὥστε
2744 4190 3035 4259 βαστάζειν
3058 4189 3251 4242 ταῦτα.
3296 4190 3723 4260 ’Υποδήματαδὲ
3756 4195 3998 4260 νοήσεις,

2410 4284 2629 4345 καὶτὰς
2668 4281 2762 4334 δύο
2795 4281 3129 4344 καταϐάσεις
3166 4281 3359 4345 αὐτοῦ,
3409 4284 3508 4350 τήν
3540 4300 3598 4335 τε
3648 4282 3710 4347 ἐξ
3761 4284 3998 4353 ούρανοῦ

2410 4377 2490 4437 είς
2514 4375 2637 4444 γῆν,
2674 4374 2770 4427 καὶ
2799 4373 2900 4443 τήν
2932 4375 2997 4425 ἐκ
3034 4373 3138 4441 γῆς
3183 4374 3264 4436 είς
3304 4373 3401 4425 τὸν
3423 4373 3578 4443 ᾅδην.
3637 4374 4001 4444 ’Υποδήματα

2408 4468 2517 4538 γάρ
2542 4468 2681 4519 εἰσιν
2704 4469 2735 4536 ὴ
2764 4465 3064 4536 δερματίνη
3097 4465 3253 4535 σὰρξ,
3288 4466 3383 4518 καὶ
3406 4467 3438 4534 η
3466 4465 3754 4535 νέκρωσις.
3776 4467 4001 4532 Ταύτας

2338 4542 2381 4596 Ῑ)
2410 4560 2503 4611 οὖν
2552 4562 2649 4622 τάς
2693 4560 2788 4613 δύο
2836 4558 3191 4623 καταϐάσεις,
3253 4560 3316 4612 οὐ
3368 4559 3595 4613 δύναται
3648 4558 3916 4629 βαστάσαι
3965 4562 3998 4613 6

2412 4644 2749 4714 Πρόδρομος,
2809 4647 2883 4715 μὴ
2936 4646 3237 4716 δυνάμενος
3293 4649 3488 4718 νοῆσαι
3542 4647 3658 4711 πῶς
3715 4650 3991 4717 ἐγένοντο.

2415 4754 2433 4785 ι
2480 4737 2649 4800 Αὐτὸς
2698 4736 2841 4805 ὑμᾶς
2870 4736 3123 4819 βαπτίσει
3158 4740 3215 4791 ὲν
3246 4740 3528 4810 Πνεύματι
3561 4741 3723 4813 ἁγίῳ.
3763 4760 3780 4792 ι
3816 4743 3994 4797 Τουτ-

2406 4830 2545 4892 ἐστι,
2605 4829 2954 4883 Κατοκλύσει
2994 4830 3137 4901 ὑμᾶς
3169 4831 3419 4900 ἀφθόνως
3458 4836 3578 4897 ταῖς
3605 4835 3701 4887 τοῦ
3736 4836 3996 4907 Πνεύμα-

2404 4939 2495 4984 τος
2523 4924 2745 4993 χάρισιν
2778 4922 2934 4976 Ἐπεὶ
2964 4924 3024 4976 τὸ
3060 4924 3161 4993 μὲν
3186 4922 3343 4994 ι’μὺν,
3374 4925 3531 4995 φησι,
3572 4924 3881 4997 βάπτισμα,
3923 4931 3991 4983 οὐ

2404 5013 2588 5066 δίδωσι
2636 5014 3017 5085 πνευματικήν
3064 5016 3257 5085 χάριν,
3310 5016 3436 5071 οὐδὲ
3484 5018 3593 5087 γὰρ
3635 5018 3734 5090 τὴν
3790 5021 3994 5089 ἄφεσιν

2405 5108 2726 5177 ἀμαρτιῶνο
2760 5109 2922 5173 αύτὶς
2956 5109 3037 5176 δὲ,
3082 5108 3177 5161 και
3203 5111 3405 5181 ἀφήσει
3436 5110 3584 5181 ὑμῖν,
3642 5112 3739 5167 καὶ
3767 5113 3996 5186 Πνεῦμα
4058 5164 4063 5169 ,

2403 5200 2641 5269 δαψιλῶς
2672 5202 2858 5257 δώσει.

2481 5314 2499 5346 ι
2535 5291 2610 5350 Oh
2641 5298 2703 5351 τὸ
2739 5297 2907 5350 πτύον
2938 5298 2996 5349 ἐν
3030 5298 3094 5367 τῇ
3124 5297 3267 5367 χειρὶ
3297 5296 3487 5353 αὑτοῦ.
3528 5318 3547 5351 ι
3593 5300 3687 5370 Μή
3727 5302 3995 5373 νομίσητε

2400 5390 2483 5444 ὅτι
2523 5391 2619 5444 ὲάν
2655 5389 2993 5459 βαπτισθῆτε
3037 5390 3131 5442 ὑπ’
3170 5392 3403 5457 ἐκείνου,
3441 5388 3562 5446 εἶτα
3606 5394 3993 5467 ἀμαρτάνητε,

2402 5485 2747 5555 συγχωρήσει
2795 5484 2949 5553 ὑμίν.
3001 5482 3165 5537 Ἀλλά
3210 5486 3307 5537 καὶ
3340 5486 3512 5539 πτύον
3538 5486 3676 5555 ἔχει,
3716 5488 3992 5555 τουτέστι,

2400 5576 2580 5644 κρίσιν
2606 5578 2700 5628 καὶ
2732 5575 2999 5640 ἐξέτασιν.
3052 5595 3071 5629 ι
3129 5577 3239 5629 Καὶ
3288 5578 3635 5650 διακαθαριεί
3661 5580 3759 5650 τὴν
3806 5580 3996 5636 ᾰλωα

2401 5666 2587 5721 αὑτοῦ.
2625 5687 2644 5719 ι
2699 5667 2983 5732 Τουτέστι,
3021 5659 3520 5741 τήν”Εκκλησίαν,
3575 5672 3699 5741 ἥτις
3757 5671 3995 5739 πολλοὺς

2402 5760 2500 5830 μὲν
2526 5760 2641 5831 εχει
2687 5759 3174 5831 βεϐαπτισμένους,
3205 5760 3395 5831 ὥσπερ
3444 5760 3503 5814 ἐν
3535 5764 3598 5832 τῇ
3648 5762 3817 5816 ἀλωνι
3877 5764 3996 5816 πᾶν

2380 5850 2461 5903 τὸ
2495 5850 2765 5920 γεώργιον
2788 5868 2801 5883 ο
2838 5850 2955 5905 ἀλλ’
3018 5853 3075 5908 ἐν
3124 5851 3357 5918 τούτοις,
3392 5853 3441 5907 οί
3473 5854 3573 5923 μέν
3614 5856 3753 5907 είσιν
3782 5854 3991 5924 ἄχυρα,
