4262 6432
290 409 394 479 181

973 402 1427 500 sumasne
1461 400 1546 463 IN
1588 393 1898 462 EVANGE

2012 393 2103 456 1M
2137 393 2532 456 ΜΑΤΤΗΑΞΙ.
2549 393 2794 483 ‘-VCAP
2848 392 2947 454 1V.

3497 363 3632 450 iss

281 525 399 581 Καὶ
423 521 532 594 γὰρ
564 521 657 576 καὶ
693 519 743 574 oi
787 517 1055 590 Ἑϐραῖοι,
1087 517 1167 582 τῶ
1203 518 1381 588 μάννα
1415 513 1758 586 ἐτράφησαν,
1791 510 1892 564 οὐκ

2012 521 2104 568 est.
2141 509 2275 564 Nam
2313 520 2366 566 et
2417 508 2634 564 Hebraii
2679 507 2844 563 cibati
2883 517 3010 562 sunt
3045 518 3270 566 manna,
3309 500 3454 574 quod
3507 517 3615 556 non

281 619 438 688 ἄρτῳ
472 617 608 692 δντι,
649 611 815 684 ἁλλὰζ
833 613 922 666 διὰ
972 613 1223 684 ῥήματος
1259 608 1420 673 Θεοῦ,
1467 610 1651 664 πᾶσαν
1697 605 1890 678 χρείαν

278 708 396 764 τῶν
435 708 710 779 Ἐϐραίων
762 705 1081 778 πληροῦντι,
1116 705 1209 758 καὶ⁵
1257 703 1436 758 πάντα
1475 701 1749 773 γινομένῳ
1788 701 1890 752 ὅσα

281 809 354 860 ἂν
385 809 581 877 φαγεῖν
607 823 692 869 τις
731 804 1020 876 ἱπεθῦμει.
1063 803 1188 858 Ehe
1215 803 1324 874 γάρ
1372 800 1577 873 ίχθύοφ,
1610 802 1724 855 εἴτε
1755 797 1891 865 ὼοῦ,

278 899 394 952 εῐτε
436 899 604 971 τυροῦ
639 897 907 968 ἐπεθύμει
957 897 998 972 6’
1045 896 1330 962 Ἰουδαῖος,
1385 894 1649 963 τοιαύτην
1699 891 1892 961 γεῦσιν

281 994 552 1063 παρεῖχεν
580 991 732 1061 αὐτῷ
770 990 831 1044 τὸ
863 992 1063 1060 μάννα.

361 1101 382 1136 ε
440 1083 575 1137 Τότε
627 1083 1050 1154 παραλαμϐάνει
1095 1082 1261 1137 αὑτὸν
1291 1084 1322 1137 ό
1365 1081 1614 1144 διάϐολος
1633 1120 1638 1145 ι,
1665 1083 1745 1144 είς
1789 1081 1889 1152 τὴν

281 1176 450 1247 ἁγίαν
482 1176 658 1240 πόλιν,
687 1179 782 1230 καὶ
812 1176 1025 1245 ἵστησιν
1057 1175 1221 1229 αὑτὸν
1252 1175 1346 1229 ἐπὶ
1372 1176 1432 1229 τὸ
1466 1173 1766 1246 πτερύγιον
1795 1173 1891 1228 τοῦ

279 1267 455 1337 ἱεροῦ.
492 1287 514 1321 1
553 1267 736 1338 Μέρος
759 1286 814 1320 τι
843 1267 938 1320 τοῦ
970 1266 1145 1337 ἱεροῦ.
1177 1259 1266 1319 οἶα
1305 1266 1371 1320 τὰ
1409 1265 1540 1336 παρ’
1570 1268 1708 1337 ήμῐν
1737 1265 1895 1333 λεγόο

283 1379 426 1433 μενα
455 1362 703 1436 δὲῤῥυτα·
738 1359 930 1434 ῶσπερ
958 1361 1068 1432 γὰρ
1093 1361 1369 1431 πτέρυγες
1399 1359 1674 1416 δοκοῦσιν.
1703 1392 1707 1396 ν

360 1475 379 1506 ε
419 1457 530 1509 Καὶ
577 1455 728 1523 λέγει
773 1454 965 1523 αὐτῷ·
1006 1454 1069 1508 Ei
1107 1453 1238 1516 Υίδς
1282 1449 1335 1506 εἷ
1378 1451 1475 1507 τοῦ
1525 1451 1686 1517 Θεοῦ,
1731 1451 1893 1523 βάλλε

278 1547 514 1601 σεαυτὸν
560 1547 736 1603 κάτω.
782 1547 1106 1618 Γέγραπται
1155 1548 1285 1618 γὰρ,
1339 1546 1419 1600 ὅτι
1470 1547 1585 1609 τοῖς
1635 1544 1896 1614 ἀγγέλοις

279 1640 454 1694 αὐτοῦ
486 1640 786 1695 ἐντελεῖται
839 1642 972 1713 περὶ
1005 1639 1125 1704 σοῦ,
1176 1642 1273 1694 καὶ
1315 1640 1410 1692 ini.
1443 1638 1648 1710 χειρῶν
1695 1637 1894 1710 άροῦσί

282 1751 368 1796 σε,
406 1735 621 1805 μήποτε
663 1735 987 1809 προσκόψῃς
1028 1735 1166 1806 πρὸς
1212 1733 1362 1787 λίθον
1389 1733 1481 1787 τὸν
1511 1732 1651 1787 πόδα
1694 1747 1818 1786 σου.
1870 1749 1887 1782 ι

278 1827 344 1882 El
375 1829 502 1891 rte;
533 1825 584 1883 εί
610 1830 704 1884 τοῦ
744 1829 906 1894 Θεοῦ,
941 1831 1230 1900 μονονουχὶ
1269 1828 1433 1882 τοῦτο
1462 1827 1630 1896 λέγει·
1651 1825 1795 1895 Ἐγὼ
1825 1826 1886 1879 οῦ

278 1918 530 1972 πιστεῦω
572 1923 638 1990 τῇ
679 1919 741 1985 ἐξ
785 1919 1036 1993 οὐρανῶν
1090 1923 1244 1991 φωνῇ
1280 1935 1293 1952 ·
1333 1921 1486 1991 ὅμως
1531 1920 1595 1973 σὺ
1622 1961 1637 1984 ,
1680 1921 1728 1972 εί
1754 1917 1887 1984 Υἱὸς

280 2008 333 2064 εί
362 2009 458 2063 τοῦ
492 2009 653 2077 Θεοῦ,
685 2009 1007 2085 δείξόνμοι.
1044 2011 1239 2066 Καίτοι
1269 2027 1355 2080 γε,
1387 2006 1433 2065 ὦ
1463 2011 1653 2082 μιαρὲ,
1689 2011 1738 2064 εί
1769 2009 1895 2074 re;

281 2098 352 2172 ἦν
390 2102 484 2168 τοῦ
533 2101 693 2168 Θεοῦ,
735 2104 1184 2174 κατεκρήμνισεν
1231 2103 1298 2158 ἂν
1341 2104 1575 2169 ἑαυτόν;
1629 2103 1743 2174 Τῆς
1796 2104 1895 2174 σῆς

281 2196 568 2268 ὠμότητος
596 2197 760 2252 τοῦτό
790 2201 928 2266 ἔστι,
959 2195 1019 2254 τὸ
1046 2200 1523 2271 κατακρημνίζειν
1549 2197 1676 2263 τοῦς
1703 2199 1896 2269 δαιμο-

279 2289 490 2352 νῶντας
517 2304 529 2316 ·
566 2289 704 2343 Θεοῦ
738 2291 815 2354 δὲ,
866 2290 927 2344 τδ
959 2290 1178 2356 σώζειν.
1213 2291 1290 2346 Οὐ
1321 2291 1642 2362 γέγραπται
1697 2291 1755 2345 δι
1808 2294 1891 2356 τὸ,

289 2399 310 2432 ε
367 2380 495 2434 Ἐπὶ
524 2382 728 2452 χειρῶν
754 2383 948 2454 άροῦσί
987 2402 1069 2450 σε,
1105 2403 1125 2437 ι
1151 2385 1281 2454 περὶ
1312 2384 1407 2439 τοῦ
1443 2383 1683 2456 Χριστοῦ
1712 2428 1725 2450 ,
1759 2385 1896 2439 ἀλλὰ

282 2473 418 2543 περὶ
447 2475 558 2528 τῶν
584 2476 781 2545 ἁγίων,
805 2477 914 2530 τῶν
941 2477 1213 2550 δεομένων
1271 2477 1525 2551 βοηθείας
1570 2479 1892 2551 άγγελικῆς.

295 2567 358 2621 ὐ
375 2567 432 2622 δὲ
453 2568 692 2638 Χριστος
719 2571 783 2624 οὐ
809 2570 1003 2637 δεῖται,
1027 2571 1160 2635 Θεὸς
1187 2569 1285 2626 ῶν.

399 2679 418 2712 ι
463 2661 607 2732 Ἔφη
662 2662 811 2732 αὐτῷ
847 2666 877 2717 6
917 2649 1148 2735 Ἰησοῦς·
1181 2663 1353 2718 Πάλιν
1409 2679 1744 2735 γεγραπται·
1781 2666 1896 2719 Οὐκ

285 2754 645 2826 έκπειράσεις
681 2757 888 2828 Κύριον
931 2759 1022 2812 τὸν
1065 2757 1200 2812 Θεόν
1233 2775 1349 2812 σου.
1388 2777 1406 2810 ι
1445 2756 1703 2829 Ἢμὲρω,
1727 2758 1896 2811 αὑτὸν

285 2849 663 2917 ἀποκρούεται
717 2851 747 2902 6
790 2850 1066 2920 Χριστὸς,
1116 2850 1387 2908 διδάσκων
1434 2853 1584 2924 ἡμᾶς
1639 2851 1730 2907 διά
1799 2855 1898 2923 τῆς

285 2942 600 3014 πραότητος
648 2946 808 3015 νικᾷ-ι
839 2945 966 3010 τοὺς
1000 2945 1286 3016 δαίμονας.

428 3122 600 3177 Πάλιν
635 3122 1065 3196 παραλαμϐάνει
1115 3125 1280 3182 αὑτὸν
1313 3129 1340 3181 6
1371 3127 1620 3191 διάϐολος
1655 3130 1735 3192 είς
1773 3129 1899 3199 δρος

1998 611 2118 658 erat
2150 603 2328 672 panis.
2378 603 2474 657 sed
2507 615 2604 670 per
2649 600 2876 654 verbum
2934 596 3026 651 Dei
3076 595 3341 665 implebat
3392 607 3614 646 omnem

2000 695 2354 752 llebrzeorum
2388 694 2769 763 indigentiam,
2793 703 2847 746 et
2875 691 3038 744 (iebat
3060 687 3245 743 omnia
3272 696 3618 755 quaecunque

1997 787 2287 842 comedere
2313 785 2607 855 quisquam
2631 783 2921 852 cupiebat:
2952 795 3077 834 nam
3105 779 3221 834 sive
3247 777 3477 846 piscem,
3500 776 3618 830 sive

1997 895 2192 944 ovum,
2247 879 2362 934 sive
2399 891 2622 932 caseum
2677 874 3108 945 concupiscebat
3158 869 3380 925 Iudaeus
3408 908 3423 932 .
3468 867 3618 925 illius

1998 983 2219 1046 gustum
2251 987 2449 1027 manna
2483 974 2532 1027 ei
2553 971 2870 1041 praebebat.

2071 1066 2242 1122 Vsus.
2275 1066 2331 1121 5.
2367 1085 2385 1116 ε
2417 1063 2572 1119 Tunc
2606 1061 2834 1119 assumit
2857 1076 2984 1116 eum
3010 1057 3263 1115 diabolus
3287 1058 3340 1112 in
3370 1061 3617 1112 sanctam

1999 1160 2302 1225 civitatem,
2322 1156 2592 1212 etstatuit
2620 1169 2745 1210 eum
2773 1169 2938 1224 supra
2967 1151 3320 1222 pinnaculum
3353 1149 3555 1218 templi.
3596 1164 3616 1198 1

1999 1253 2136 1309 Pars
2167 1254 2418 1322 quaedam
2462 1250 2648 1319 templi
2678 1259 2794 1304 erat
2824 1290 2837 1311 ,
2876 1248 3022 1304 sicut
3064 1261 3186 1316 qum
3221 1245 3364 1317 apud
3399 1259 3498 1300 nos
3533 1243 3619 1299 di-

1999 1354 2202 1401 cuntur
2230 1343 2462 1417 δίῤῥυτα
2499 1360 2509 1395 :
2549 1343 2806 1396 videntur
2839 1341 2988 1395 enim
3020 1340 3164 1394 sicut
3197 1338 3298 1393 ala:
3325 1351 3471 1393 esse.

2077 1437 2242 1492 Vens.
2271 1437 2324 1491 ϐ.
2364 1456 2382 1489 ι
2435 1435 2501 1490 Et
2521 1436 2654 1491 dicit
2684 1436 2757 1499 ei,
2794 1431 2848 1489 Si
2879 1431 3049 1489 Filius
3089 1431 3182 1486 Dei
3220 1445 3281 1486 es
3309 1442 3387 1494 tu,
3417 1428 3622 1484 mittito

2002 1543 2055 1588 te
2078 1532 2353 1588 deorsum.
2388 1530 2668 1600 Scriptum
2693 1537 2774 1584 est
2797 1526 2970 1590 enim,
2998 1525 3219 1595 Angelis
3245 1523 3362 1579 suis
3391 1519 3623 1578 manda-

2001 1624 2169 1680 bitde
2209 1634 2278 1688 te,
2315 1632 2371 1678 et
2412 1624 2464 1677 in
2501 1621 2755 1676 manibus
2788 1618 3090 1689 portabunt
3130 1627 3203 1678 te,
3242 1631 3308 1670 ne
3337 1614 3480 1670 forte
3513 1611 3623 1668 im-

2002 1719 2195 1790 pingas
2225 1718 2278 1770 in
2312 1715 2545 1786 lapidem
2590 1716 2784 1784 pedem
2825 1723 3001 1766 tuum.
3038 1730 3055 1762 1
3099 1709 3156 1765 Si
3197 1707 3368 1763 Filius
3421 1705 3517 1761 Dei
3561 1719 3623 1760 es

2005 1823 2083 1876 tu,
2122 1812 2291 1882 quasi
2331 1809 2435 1866 hoc
2477 1808 2624 1863 dicat
2659 1826 2673 1861 :
2719 1807 2834 1875 Ego
2866 1820 2973 1860 non
3023 1803 3192 1858 eredo
3241 1799 3358 1857 voci
3404 1801 3626 1857 cmlitus

2009 1907 2190 1962 nuisse
2223 1907 2516 1960 :‘attameu
2547 1914 2624 1967 tu,
2658 1903 2704 1957 si
2741 1900 2912 1956 Filius
2943 1898 3040 1955 Dei
3067 1912 3152 1961 es,
3186 1896 3420 1952 ostende
3465 1891 3621 1948 milii.

2007 2001 2271 2069 Quamvis
2295 1998 2469 2054 Filius
2504 1996 2596 2052 Dei
2626 2004 2770 2059 erat,
2807 2007 2938 2048 num
2962 2034 2978 2059 ,
3011 2007 3045 2046 ο
3079 1989 3394 2054 maledicle,
3421 1988 3623 2059 preci-

2007 2097 2187 2167 pitare
2214 2093 2451 2149 debebat
2481 2087 2764 2160 scipsum?
2797 2085 2928 2141 Tuae
2964 2083 3314 2141 crudelitatis
3344 2092 3449 2144 est,
3485 2097 3627 2150 pra:-

2007 2188 2240 2260 eipitare
2293 2185 2578 2241 daemonio:
2605 2190 2780 2245 actos,
2833 2178 2928 2234 Dei
2982 2186 3167 2233 autem
3214 2176 3454 2232 salvere.
3504 2173 3624 2231 Non

2007 2294 2190 2338 autem
2219 2281 2488 2348 scriptum
2517 2289 2602 2333 est
2633 2275 2801 2339 istud,
2833 2274 2892 2328 In
2931 2273 3185 2328 manibus
3217 2271 3514 2340 portabunt
3549 2281 3623 2332 te,

2009 2386 2230 2445 propter
2254 2373 2563 2434 Christum,
2589 2371 2683 2426 sed
2718 2377 2944 2440 pr0pter
2972 2375 3225 2427 sanctos.
3254 2366 3345 2434 qui
3380 2363 3627 2435 indigent

2008 2468 2256 2540 angelico
2280 2467 2554 2538 praesidio.
2574 2463 2833 2520 Christus
2857 2471 3065 2525 autem,
3085 2459 3178 2530 qui
3211 2456 3352 2514 Deus
3380 2469 3488 2523 est,
3517 2471 3624 2512 non

2009 2577 2146 2634 opus
2171 2561 2262 2616 illo
2297 2561 2483 2615 habet.

2084 2653 2248 2710 Vsus.
2287 2653 2333 2706 7.
2367 2671 2387 2704 ε
2431 2653 2576 2707 Dixit
2605 2649 2875 2707 illiIJesus
2907 2667 2919 2704 :
2950 2649 3188 2704 Rursum
3227 2644 3494 2716 scriptum
3518 2651 3626 2709 est,

2009 2747 2126 2804 Non
2156 2748 2388 2802 tentabis
2419 2745 2706 2802 Dominum
2736 2744 2905 2799 Deum
2941 2758 3115 2798 tuum.
3158 2761 3176 2795 1
3217 2739 3499 2795 Mansuete
3535 2755 3623 2790 rc-

2008 2842 2164 2915 pellit
2211 2859 2335 2896 eum
2369 2842 2661 2904 Christus.
2706 2842 2908 2896 docens
2947 2849 3001 2893 et
3054 2851 3155 2892 nos
3202 2833 3628 2890 mansuetudine

2009 2940 2288 2990 daemones
2318 2935 2556 2988 vincere.
2782 2937 2787 2942 ‘

2088 3117 2252 3175 Vens.
2290 3116 2343 3183 8,
2378 3117 2432 3173 9.
2486 3135 2504 3168 ι
2561 3117 2759 3172 lterum
2804 3117 3037 3179 assumit
3096 3131 3221 3171 etim
3272 3113 3524 3170 diabolus
3574 3113 3628 3167 in

289 3216 500 3286 ὑψηλὸν
541 3215 687 3280 λίαν,
722 3219 817 3272 καὶ
859 3218 1135 3273 δείκνυσιν
1183 3219 1335 3293 αὐτῷ
1363 3221 1553 3286 πάσας
1592 3222 1693 3286 τὰς
1745 3222 1896 3293 βασι-

2014 3220 2254 3266 montem
2287 3210 2566 3266 excelsum
2611 3209 2792 3276 valde,
2834 3219 2892 3264 et
2929 3219 3200 3264 monstrat
3227 3209 3278 3264 ei
3317 3208 3503 3263 omnia
3543 3222 3630 3262 re-

286 3308 443 3374 λείας
476 3307 572 3361 τοῦ
609 3309 842 3380 κόσμου,
874 3313 969 3366 καὶ
1011 3311 1112 3384 τὴν
1138 3312 1301 3378 δόξαν
1349 3313 1555 3376 αὐτῶν,
1607 3315 1701 3369 καὶ
1749 3315 1898 3384 λέγει

2012 3320 2112 3375 gna
2161 3304 2349 3358 mundi
2396 3311 2452 3358 et
2498 3303 2730 3373 gloriam
2789 3304 3050 3368 illorum,
3099 3313 3155 3358 et
3188 3302 3322 3358 dicit
3369 3302 3442 3367 ei,
3500 3300 3630 3358 Hanc

289 3402 465 3470 αὐτῷ·
501 3401 689 3456 Ταῦτα
719 3403 899 3459 πάντα
944 3422 1028 3460 σοι
1060 3405 1244 3467 δώσω,
1280 3407 1379 3460 ἐὰν
1431 3407 1616 3462 πεσὼν
1659 3425 1905 3478 προσκυ-

290 3482 470 3565 ιῖήσῃς
503 3513 613 3566 μοι.
652 3516 670 3548 ι
725 3497 883 3561 Τινὲς
921 3500 1020 3566 μὶν
1065 3496 1386 3568 νομίζουσιν
1415 3499 1540 3572 δρος
1583 3501 1812 3570 ὑψηλὸν,
1844 3505 1906 3556 τὸ

289 3591 394 3656 τῆς
433 3590 878 3661 φιλοχρηματίας
911 3591 1108 3656 πάθος,
1145 3593 1228 3654 είς
1273 3591 1301 3646 6
1343 3592 1644 3660 σπουδάζει
1690 3595 1905 3665 ἀναγα-

289 3686 414 3754 γεῖν
441 3683 535 3738 τὸν
566 3684 774 3755 Ἰησοῦν
795 3685 824 3740 6
855 3683 1080 3757 ἐχθρός·
1117 3686 1235 3739 ἀλλ’
1266 3688 1327 3740 οὐ
1358 3687 1541 3753 καλῶς
1563 3686 1902 3758 νομίζουσιν.

290 3775 585 3845 Δίσοητῶς
616 3777 725 3846 γάρ
765 3776 941 3847 ἐφάνη
997 3776 1151 3847 αὖτῷ
1195 3779 1223 3830 6
1272 3776 1545 3843 διάϐολος·
1599 3778 1904 3851 λογισμοὺς
1932 3825 1945 3828 .-

292 3867 409 3937 γάρ
441 3869 468 3920 6
502 3867 706 3938 Κύριος
757 3869 857 3922 οῦκ
899 3868 1141 3934 ἐδέξατο,
1196 3870 1271 3941 μὴ
1334 3870 1568 3937 γένοιτο.
1620 3871 1904 3938 Αίσθητὼς

292 3957 391 4015 οὖν
424 3961 576 4032 αὑτῷ
613 3961 817 4029 ἔδειξεν
852 3965 909 4016 ὲν
956 3962 1034 4034 τῷ
1074 3964 1193 4034 ὄρει
1229 3964 1412 4029 πάσας
1460 3965 1560 4028 τὰς
1599 3963 1905 4036 βασιλείας,

295 4053 445 4107 κατὰ
496 4053 806 4123 φαντασίαν
861 4055 1179 4125 ὑποστήσας
1227 4055 1380 4127 αὑτῷ
1435 4058 1542 4128 πρὸ
1597 4057 1905 4130 ὀφθαλμῶν

293 4144 528 4211 ταύτας,
559 4147 673 4210 καὶ,
707 4165 725 4198 ι
755 4145 943 4200 Ταῦτα
973 4147 1152 4200 πάντα
1181 4163 1265 4200 σοι
1304 4147 1484 4212 δώσω,
1529 4168 1544 4199 ι
1585 4149 1770 4219 φησίν.
1816 4151 1907 4214 Ὠς

295 4238 410 4312 γάρ
429 4238 560 4293 ίδιον
585 4239 715 4292 ί5ντα
744 4240 838 4292 τὸν
883 4239 1089 4308 κόσμον
1122 4239 1426 4308 λογίζεται,
1462 4241 1566 4294 ὑπὸ
1613 4244 1904 4314 ὑπερηφασ

295 4336 442 4398 via:
479 4335 637 4389 τοῦτο
692 4335 748 4388 δὲ
781 4336 875 4388 καὶ
899 4334 993 4388 νῦν
1029 4335 1181 4403 λέγει
1214 4338 1327 4398 τοίς
1364 4335 1740 4402 π)εονέκταις,
1763 4339 1907 4395 ὥστε

298 4432 348 4484 οἱ
394 4428 829 4501 προσκυνοῦντες
857 4427 1027 4500 αὺτιῖι,
1063 4431 1262 4504 ἐκείνοι
1293 4430 1471 4484 ταῦτα
1513 4431 1751 4502 ἔχουσιν.

379 4543 397 4574 ι
446 4521 580 4575 Τότε
625 4521 776 4589 λέγει
800 4519 952 4590 αὐτῷ
985 4522 1014 4574 6
1059 4520 1288 4591 Ἰησοῦς·
1318 4521 1539 4589 ’Υπαγε
1570 4523 1747 4577 ὁπί;ω
1778 4542 1907 4596 μου,

2009 3399 2196 3454 omnia
2233 3398 2331 3452 tibi
2363 3395 2504 3452 dabo
2527 3439 2542 3461 ,
2577 3397 2619 3450 si
2662 3396 2969 3466 procideris
3010 3406 3063 3451 et
3103 3397 3422 3450 adoraveris
3455 3411 3560 3450 me.
3606 3415 3623 3445 1

2011 3494 2242 3559 Quidam
2271 3502 2463 3561 putant
2491 3501 2734 3546 montem
2757 3490 3036 3545 εχει-Ιςιιιιι
3069 3488 3250 3557 valde,
3281 3487 3629 3544 aﬂeetionem

2011 3585 2331 3641 etsludium
2370 3583 2424 3637 in
2454 3563 2803 3651 possidendis
2830 3582 3039 3654 divitiis
3063 3626 3075 3648 ,
3111 3582 3168 3637 in
3199 3597 3361 3650 quiem
3401 3591 3634 3635 conatur
3709 3575 3714 3580 ’

2011 3679 2270 3736 inimicus
2289 3676 2474 3732 Jesum
2503 3679 2739 3744 ducere;
2771 3677 2866 3733 sed
2902 3691 3009 3731 non
3046 3685 3195 3732 recte
3224 3676 3542 3744 Opinantur.
3574 3674 3632 3730 lu

2014 3773 2261 3828 sensibili
2298 3772 2444 3827 enim
2480 3768 2654 3826 forma
2693 3771 2949 3839 apparuit
2989 3770 3038 3824 ei
3081 3768 3352 3824 diabolus.
3394 3768 3500 3840 al
3536 3769 3635 3822 Cu-

2017 3868 2313 3939 gitationes
2365 3865 2512 3921 enim
2556 3865 2691 3920 tales
2728 3881 2836 3919 non
2884 3865 3076 3919 habuit
3122 3863 3420 3930 Dominus,
3466 3857 3632 3919 absit.

2014 3958 2370 4016 Sensibiliter
2399 3957 2569 4028 igitur
2592 3957 2642 4011 ei
2668 3958 3002 4012 monstravit
3035 3957 3087 4009 in
3125 3965 3312 4010 monte
3339 3955 3524 4009 omnia
3554 3969 3638 4010 re-

2014 4071 2143 4125 gua,
2173 4063 2304 4108 ante
2332 4052 2524 4108 oculos
2548 4065 2610 4106 ea
2631 4063 2898 4119 apparere
2931 4047 3161 4116 iaciens,
3188 4059 3266 4116 ct,
3293 4047 3421 4106 “th
3448 4048 3636 4104 omnia

2017 4149 2118 4204 tibi
2140 4149 2304 4212 dabo,
2334 4146 2534 4217 inquit.
2569 4143 2830 4198 Mundam
2857 4145 3015 4212 quasi
3047 4158 3180 4198 suns
3209 4141 3467 4212 proprius
3489 4149 3638 4197 esse:

2016 4242 2274 4312 proponit
2297 4281 2310 4301 .
2357 4256 2470 4312 prae
2505 4238 2786 4308 superbia.
2829 4237 2944 4293 Hoc
2974 4246 3030 4291 et
3074 4253 3221 4293 nunc
3254 4237 3391 4292 dicit
3420 4237 3635 4303 avaris,

2015 4345 2076 4392 ut
2105 4335 2401 4392 adorantes
2427 4349 2554 4389 eum
2585 4332 2771 4387 omnia
2810 4331 2925 4387 ba'e
2953 4328 3210 4387 habeant.

2097 4519 2260 4575 Vens.
2298 4518 2383 4573 l0.
2430 4535 2447 4567 ι
2482 4513 2638 4570 Tunc
2674 4493 2807 4569 dicit
2841 4512 2892 4566 ei
2933 4508 3120 4574 Jesus,
3157 4507 3312 4564 Vade
3365 4517 3490 4578 post
3541 4521 3629 4562 me

302 4617 544 4671 Σατανᾶο
575 4615 890 4687 γέγραπται
923 4617 1054 4686 γάρ·
1085 4614 1292 4687 Κύριον
1325 4616 1417 4669 τὸν
1444 4617 1579 4671 Θεόν
1617 4635 1710 4672 σου
1736 4635 1902 4691 προσ-

2022 4615 2247 4673 Sataua.
2289 4611 2566 4680 Scriptum
2601 4617 2684 4663 est
2728 4607 2896 4670 enim,
2932 4602 3226 4676 Dominum
3268 4599 3437 4657 Deum
3474 4608 3630 4657 tuum

303 4713 586 4782 κυνήσεις,
631 4709 928 4782 καὶ..ςύτῷ
962 4712 1110 4781 μόνῳ
1146 4709 1492 4779 λατρεύσεις.
1544 4732 1561 4763 ι
1657 4714 1908 4782 Ὀργίξε-

303 4821 395 4856 ται
423 4805 450 4855 6
483 4802 686 4874 Κύριος
716 4800 889 4872 αὐτῷ,
925 4803 1016 4854 ὅτε
1048 4797 1159 4856 εἶδε
1186 4802 1353 4857 αὑτὸν
1383 4803 1450 4856 τά
1480 4804 1575 4857 τοῦ
1605 4805 1743 4859 Θεοῦ
1782 4825 1909 4876 σφε-

305 4894 680 4968 τεριζόμενον,
712 4896 809 4949 καὶ
837 4894 1117 4963 λέγονταί
1153 4896 1338 4950 Ταῦτα
1366 4897 1547 4951 πάντα
1582 4913 1666 4950 σοι
1688 4898 1904 4960 δώσω.»

2015 4709 2294 4776 adorabis,
2328 4717 2382 4762 et
2418 4704 2571 4760 illum
2604 4703 2782 4759 solum
2821 4701 2996 4757 coles.
3033 4716 3051 4750 1
3101 4697 3364 4752 Irascitur
3410 4696 3486 4751 illi
3528 4697 3632 4751 Do-

2018 4807 2233 4867 minus,
2287 4801 2509 4872 quando
2557 4797 2703 4852 videt
2740 4795 2892 4863 illum
2945 4810 3008 4850 ea
3051 4809 3174 4864 qua:
3215 4792 3307 4848 Dei
3357 4802 3483 4846 sunt
3521 4791 3627 4848 sibi

2020 4897 2414 4957 vindicantem,
2441 4902 2495 4947 et
2525 4891 2796 4961 dicentem
2821 4927 2835 4953 ,
2875 4886 3002 4943 [hac
3029 4887 3212 4941 omnia
3244 4887 3340 4941 tibi
3366 4887 3528 4948 dabo,
3564 4897 3627 4941 ut

307 4989 385 5054 ὡς
422 4989 548 5042 ίδιι.
579 4986 733 5042 Mille
764 4987 822 5041 δὲ
854 4987 971 5051 πῶς
1007 4988 1315 5056 ὠφελοῦσιν
1361 4992 1417 5044 αί
1456 4991 1698 5061 Γραφαίο
1738 4995 1765 5045 6
1804 4994 1902 5065 γὰρ

2024 4994 2266 5065 propria.
2313 4991 2473 5046 Disce
2503 4997 2687 5044 autem
2727 4987 3008 5057 quomodo
3045 4986 3263 5054 prosint
3315 4983 3644 5056 Scriptum,

309 5084 517 5155 Κύριος
547 5082 642 5137 ἀπ’
669 5081 854 5136 αὐτῶν
878 5079 1212 5153 ἐπεστόμισε
1244 5084 1338 5137 τὸν
1370 5083 1586 5156 ἐχθρὸν.

388 5197 408 5230 ε
447 5177 582 5230 Τότε
612 5177 839 5246 ἀφίησιν
880 5175 1044 5229 αὐτὸν
1083 5176 1112 5228 6
1139 5175 1412 5240 διάϐολος·
1447 5179 1544 5232 καὶ
1583 5178 1693 5233 ίδοίι
1743 5178 1917 5248 ἄγγε-

2026 5103 2123 5160 per
2155 5100 2295 5156 quas
2329 5084 2594 5140 Dominus
2621 5097 2684 5136 os
2716 5079 2925 5135 inimici
2957 5079 3255 5134 obturavit.

2103 5181 2268 5236 Vens.
2297 5179 2383 5232 il.
2423 5197 2441 5229 ‹
2494 5176 2649 5232 Tune
2680 5173 2887 5230 omittit
2934 5173 3084 5228 illum
3113 5172 3365 5229 diabolus
3387 5217 3400 5240 ,
3431 5184 3488 5230 ct
3516 5189 3648 5232 ecce

309 5272 392 5324 λοι
432 5267 766 5341 προσῆλθον,
809 5269 903 5341 καὶ
953 5267 1243 5339 διηκόνουν
1293 5268 1464 5341 αὐτῷ.
1507 5287 1525 5321 ι
1583 5270 1724 5336 Τοὺς
1767 5275 1902 5343 τρεῖς

2028 5275 2208 5345 angeli
2250 5273 2584 5329 accedebant
2629 5285 2684 5326 et
2716 5271 3108 5325 ministrabant
3140 5271 3212 5326 ei.
3251 5289 3268 5321 1
3305 5271 3444 5326 'l‘res
3471 5281 3652 5328 tenta-

312 5363 660 5436 πειρασμοίις
690 5359 946 5432 ἐνίκησεν
973 5363 1003 5416 6
1045 5363 1273 5434 Κύριος,
1305 5363 1397 5418 τὸν
1429 5362 1532 5433 τῆς
1563 5381 1917 5447 γαστριμαρ-

309 5459 461 5528 γίας,
487 5458 578 5512 τὸν
597 5458 696 5526 τῆς
719 5457 1053 5524 κενοδοξίας,
1081 5458 1175 5510 καὶ
1204 5457 1296 5510 τὸν
1327 5457 1427 5528 τῆς
1450 5459 1920 5531 φιλοχρηματίας,

2032 5370 2210 5425 tiones
2245 5365 2526 5435 superavit
2566 5364 2870 5429 Dominus,
2908 5364 3052 5434 gula:
3079 5405 3091 5427 ,
3123 5379 3277 5419 vana:
3326 5364 3548 5436 gloria.
3594 5377 3650 5421 et

2031 5463 2299 5519 avaritiae.
2336 5461 2446 5516 Illa:
2477 5461 2622 5515 enim
2663 5459 2954 5530 prazcipua:
2995 5471 3126 5515 sunt
3160 5458 3502 5514 allectiones.
3539 5458 3650 5514 llas

310 5553 482 5625 ἠγουν
535 5551 951 5620 φιλοπλουτίας.
993 5546 1154 5607 Οὗτοι
1204 5553 1312 5623 γάρ
1357 5555 1510 5607 είσιν
1557 5555 1606 5606 oi
1658 5553 1902 5626 ἄρχοντες

2031 5556 2200 5626 igitur
2231 5557 2326 5625 qui
2359 5553 2590 5618 vicerit,
2633 5551 2772 5608 alias
2820 5553 2993 5608 multo
3038 5553 3214 5624 magis
3255 5553 3451 5608 vincet.
3491 5551 3653 5611 Unde

310 5645 426 5701 τῶν
460 5646 670 5700 παθῶν·
702 5646 928 5711 τούτους
962 5645 1076 5721 οὖν
1121 5649 1381 5718 νικήσας,
1422 5651 1518 5702 καὶ
1564 5649 1698 5714 τοὺς
1725 5648 1922 5715 ἄλλους

309 5739 497 5810 πολλῷ
533 5738 929 5812 μᾶλλον.“0οεν
957 5743 986 5795 6
1019 5742 1238 5806 Λουκᾶς
1267 5743 1434 5814 φησὶν
1465 5744 1548 5799 ὃτι
1586 5743 1765 5798 πάντα
1799 5761 1923 5798 πει-

313 5833 532 5910 ρασμὸν
576 5834 815 5903 ἐτέλεσε,
866 5835 966 5901 τὰς
1001 5836 1248 5907 κεφαλὰς
1292 5837 1401 5891 τῶν
1451 5837 1784 5909 πειρασμῶν
1833 5855 1922 5892 τε·

310 5929 500 5992 λὶσσς.
553 5926 722 5985 ὀθεν
778 5929 876 5985 καὶ
922 5929 1150 6002 ἄγγελοι
1197 5930 1545 5987 διακονοῦσιν
1597 5931 1772 6001 vita},
1835 5933 1924 5988 ἵνα

2034 5649 2215 5706 Lucas
2243 5649 2379 5704 dicit
2402 5646 2549 5717 quod
2580 5661 2800 5702 omnem
2833 5647 3198 5702 tentationcm
3227 5661 3651 5702 consummavi-.-

2038 5743 2129 5809 rit,
2161 5742 2604 5814 quandoquidem
2632 5740 2812 5812 capita
2837 5740 3206 5796 tentatiouum
3235 5739 3383 5793 vicit.
3416 5736 3654 5794 Proinde

2040 5837 2218 5906 angeli
2267 5837 2318 5892 ei
2353 5835 2672 5892 ministrant
2705 5853 2720 5891 :
2755 5849 2865 5907 quo
2897 5842 3371 5891 commoustratur
3405 5832 3552 5903 quod
3601 5844 3657 5886 et

2046 5930 2204 5991 nobis
2230 5939 2353 6005 post
2377 5929 2664 5987 victoriam
2697 5929 2874 6004 angeli
2910 5926 3274 5988 ministraturi
3308 5928 3442 5994 sint,
3467 5925 3654 5984 omnia
