4288 6444
262 394 372 459 193

906 384 1370 451 ENARRATIO
1409 383 1492 444 IN
1535 380 1894 443 EVANGEI.

2005 379 2048 438 ιι
2086 373 2456 438 ΜΛΤΤΗΕΙ
2514 397 2582 406 -
2607 370 2770 432 CAP.
2812 370 2876 432 ν.

3459 345 3595 430 tot

252 509 354 564 τοῦ
413 508 523 578 γὰρ
588 500 850 575 σταυροῦ,
916 501 1054 554 ίῶτά
1100 500 1220 553 ἐστι
1254 499 1316 550 τὸ
1343 497 1504 565 ὀρθὸν
1553 495 1734 561 ξύλον,
1768 493 1897 548 καὶ,

2005 500 2020 544 ι
2057 504 2191 559 apex
2228 499 2610 540 transversum
2643 501 2657 538 :
2689 498 2800 551 quo
2831 494 2994 536 sensu
3023 478 3154 535 dicit
3180 477 3326 550 quod
3353 489 3418 532 ea
3449 491 3573 548 qua!

255 600 461 670 κεραία
484 598 546 650 τὸ
573 596 826 666 πλάγιον.
878 593 1018 664 Φησὶ
1071 593 1249 644 τοίνυν
1304 591 1386 642 δτι
1422 591 1490 643 τά
1552 588 1684 656 περὶ
1747 584 1844 638 τοῦ

259 687 501 758 σταυροῦ
534 685 827 758 εἰρημένα,
859 681 1307 755 πληρωθήσεται.

337 801 358 833 ε
391 783 489 844 '0,-
525 781 622 834 ὲὰν
651 775 747 834 οὖν
775 778 916 850 λύσῃ
950 775 1083 845 μίαν
1108 776 1220 828 τῶν
1250 773 1485 828 ιντολῶν
1515 771 1728 826 τούτων
1748 769 1859 824 τῶν

256 873 586 944 ἐλαχίστων,
638 871 735 925 καὶ
784 867 975 941 διδάξῃ
1003 869 1150 922 οὔπω
1179 870 1308 933 τοὺς
1343 867 1696 939 ἀνθρώπους,
1734 863 1863 919 ἑλά-

1967 585 2034 637 de
2060 597 2226 636 cruce
2267 581 2412 635 dicta
2446 587 2594 640 sunt,
2637 576 3043 645 implebantur.‘

2042 780 2205 834 Vens.
2241 798 2258 830 ι
2292 778 2376 833 19.
2407 777 2667 847 Quisquis
2697 775 2863 845 igitur
2878 773 3105 829 solverit
3127 788 3294 827 unum
3324 786 3391 827 ex
3421 787 3574 825 man—

1969 873 2112 928 datis
2139 873 2224 926 liis
2254 872 2517 934 minimis,
2550 881 2604 923 et
2629 869 2878 923 docuerit
2907 868 2987 922 sic
3013 867 3286 930 homines,
3314 866 3576 919 minimus

259 984 450 1038 χιστος
508 964 848 1035 κληθήσεται
879 963 940 1014 έν
969 963 1038 1033 τῇ
1073 960 1328 1033 βασιλεία
1372 960 1486 1013 τῶν
1527 957 1800 1028 οὐρανῶν.
1841 975 1860 1008 ι

2005 969 2254 1025 ocabitnr
2299 970 2353 1024 in
2405 981 2573 1034 regno
2621 964 2913 1020 cmlorum.
2981 981 3001 1014 ι
3054 962 3277 1017 Minima
3321 961 3578 1016 mandata

273 1062 603 1131 Ἐλαχίστας
661 1056 887 1120 ἐντολὰς
944 1056 1117 1124 λέγει,
1154 1053 1221 1119 ἃς
1255 1054 1443 1126 μέλλει
1467 1055 1633 1115 αὐτὸς
1682 1067 1864 1120 παρα-

256 1155 448 1209 δοῦναι
478 1153 584 1204 ⁸οὖ
633 1153 741 1222 γὰρ
796 1150 894 1212 τάς
957 1149 1214 1217 νομικὰς.
1269 1145 1562 1217 Ὀνομάξει
1587 1145 1644 1198 δὲ
1696 1144 1869 1208 αὐτὰς

260 1246 576 1316 ἐλαχίστας,
644 1243 732 1296 διὰ
784 1241 1119 1296 ταπείνωσιν
1149 1279 1166 1303 ,
1221 1238 1310 1291 ῐνα
1358 1239 1452 1291 καὶ
1488 1238 1548 1290 σὲ
1601 1235 1867 1307 παιδεύσῃ

263 1337 691 1410 μετριοφρονεϊν
741 1335 838 1385 επὶ
864 1335 988 1395 ταῖς
1008 1331 1420 1392 διδασκαλίαις.
1462 1329 1782 1399 Ἐλάχιστος
1813 1328 1893 1382 δὲ·

261 1431 604 1500 κληθήσεται
626 1428 772 1497 έντῇ
809 1424 1090 1496 βασιλείᾳ,
1138 1425 1262 1477 ἀντὶ
1290 1423 1409 1488 τοῦ,
1449 1425 1507 1474 ὲν
1530 1425 1597 1493 τῇ
1633 1421 1873 1475 ἀναστά-

263 1540 350 1575 οει
384 1520 616 1591 ἔσχατος
660 1527 756 1572 καὶ
809 1518 1237 1588 ἀπερριμμένος
1269 1515 1352 1578 είς
1373 1514 1627 1586 γέενναν.
1660 1514 1738 1567 ού
1761 1513 1874 1583 γὰρ

262 1620 344 1678 εἰς
361 1615 462 1682 τὴν
497 1611 780 1681 βασιλείαν
810 1609 923 1662 τῶν
954 1608 1204 1680 οὐρανῶν
1239 1605 1639 1670 εἰσελεύσεται,
1667 1605 1872 1673 ἄπαγε·

265 1706 408 1760 ἀλλὰ
472 1702 796 1774 βασιλείαν,
861 1700 963 1771 τὴν
1015 1700 1320 1754 ἀνάστασιν
1375 1700 1505 1752 νόει.
1543 1717 1562 1750 ι
1595 1700 1692 1762 Ὃς
1724 1697 1769 1751 δ’
1809 1695 1878 1751 ἀν

1970 1063 2122 1126 dicit,
2157 1076 2278 1130 quae
2308 1061 2424 1130 ipse
2456 1059 2757 1113 traditurus
2788 1066 2938 1124 erat,
2978 1071 3086 1110 non
3135 1055 3353 1127 iegalia.
3387 1053 3579 1110 Nomi-

1974 1166 2070 1210 nat
2101 1164 2283 1209 autem
2329 1167 2394 1207 ea
2437 1153 2691 1216 minima,
2728 1159 2955 1221 propter
2989 1147 3354 1203 humilitatem
3391 1165 3408 1204 :
3440 1155 3493 1201 ut
3527 1157 3584 1202 et

1974 1256 2028 1302 te
2064 1247 2297 1300 instruat
2341 1244 2587 1299 mode5te
2621 1243 2868 1298 docendo
2898 1240 3071 1311 loqui.
3107 1239 3367 1294 Minimus
3398 1250 3581 1294 autem

1974 1340 2266 1396 vocabitur
2296 1339 2350 1393 in
2382 1352 2574 1408 regno,
2611 1337 2714 1391 hoc
2754 1344 2860 1400 est,
2905 1335 2958 1390 in
3007 1333 3412 1389 resurrectione
3459 1332 3587 1386 ulti-

1977 1447 2102 1485 nius
2154 1440 2207 1484 et
2241 1429 2484 1496 abiectus
2512 1430 2564 1483 in
2587 1429 2896 1499 gehennam
2930 1445 2943 1481 :
2969 1442 3073 1481 non
3105 1427 3248 1481 enim
3277 1428 3329 1479 in
3360 1439 3585 1495 regnum

1976 1523 2240 1580 caelorum
2274 1521 2635 1590 ingredietur,
2680 1537 2884 1593 apage;
2942 1522 3036 1576 scd
3073 1534 3298 1590 regnum
3331 1532 3587 1573 resurre-

1977 1615 2214 1669 ctionem
2241 1613 2501 1683 intcllige.
2540 1631 2558 1664 ι
2596 1611 2860 1680 Quisquis
2890 1623 3069 1665 autem
3099 1612 3288 1666 fecerit
3317 1609 3590 1665 etdocuc-

1982 1709 2085 1768 rit,
2149 1704 2238 1760 hic
2289 1717 2521 1773 magnus
2579 1703 2867 1758 vocabitur
2925 1703 2978 1754 in
3025 1716 3191 1769 regno
3239 1702 3524 1755 caelorum.
3566 1719 3584 1751 ι

265 1799 474 1869 ποιήσῃ
526 1797 624 1850 καὶ
663 1793 873 1865 διδάξῃ,
904 1786 1062 1858 οὗτος
1123 1792 1300 1864 μέγας
1345 1791 1686 1863 κληθήσεται
1721 1792 1780 1844 ὲν
1805 1791 1872 1860 τῇ

2005 1799 2229 1853 ?rimutii
2265 1797 2438 1867 ponit,
2471 1794 2666 1850 fecerit
2701 1814 2714 1850 :
2754 1805 2965 1864 postea,
3004 1795 3274 1857 docuerit,
3316 1792 3594 1863 quomodo

266 1893 525 1964 βασιλείᾳ
546 1891 654 1945 τῶν
682 1889 982 1962 οὐρανῶν.)
1020 1888 1252 1960 Πρῶτον
1273 1887 1357 1955 τδ,
1389 1890 1612 1958 ποιήσῃ,
1639 1887 1736 1941 καὶ
1751 1886 1876 1940 τότε

2005 1890 2126 1947 mini
2163 1889 2330 1942 alium
2367 1889 2623 1943 inducam
2661 1887 2712 1940 in
2748 1887 2889 1940 viam
2912 1926 2926 1951 ,
2961 1901 3065 1955 qua
3099 1901 3376 1956 nunquam
3410 1895 3596 1940 trans-

265 1988 352 2052 τὸ,
385 1983 576 2055 διδάξῃ
610 2000 626 2047 τ
673 1983 794 2046 πῶς
829 1982 942 2054 γάρ
984 1981 1146 2035 ἀλλον
1175 1980 1430 2051 ὁδηγήσω
1466 1980 1548 2044 είς
1567 1979 1686 2033 ὁδὸν
1716 1980 1784 2050 ἢν
1812 1979 1875 2034 ού

266 2080 582 2145 διώδευσα;
643 2078 820 2132 Πάλιν
849 2076 907 2130 δὲ
947 2075 1044 2131 έάν
1075 2074 1216 2128 ποιῶ
1247 2074 1350 2146 μὲν
1384 2074 1517 2144 έγὼ,
1549 2074 1613 2128 ού
1637 2074 1879 2128 διδάσκω

265 2173 350 2235 δὲ,
388 2172 489 2224 οὐκ
519 2170 629 2241 ἔχω
658 2167 918 2222 τοσοῦτον
953 2166 1147 2239 μισθόν
1167 2184 1181 2196 ·
1221 2165 1483 2228 πολλάκις
1501 2166 1560 2220 δὲ
1586 2165 1683 2220 καὶ
1703 2165 1878 2221 κατά-

271 2282 482 2334 κρισιν,
515 2265 648 2317 ὅταν
671 2261 762 2315 διά
795 2262 994 2331 φθόνον
1015 2259 1049 2330 ἢ
1073 2260 1234 2314 δκνον
1261 2260 1323 2312 ού
1347 2259 1608 2313 διδάσκω.

353 2377 372 2408 ε
402 2358 564 2426 Λέγω
595 2357 710 2426 γὰρ
758 2355 893 2425 ὑμῖν
937 2354 1022 2407 ὅτι
1049 2353 1148 2406 ὲάν
1183 2350 1259 2423 μὴ
1286 2350 1634 2423 περισσεύσῃ
1661 2350 1820 2422 ύμῶν
1846 2353 1881 2422 ἡ

270 2449 592 2516 δικαιοσύνη
638 2448 804 2502 πλέον
832 2445 947 2500 τῶν
975 2445 1371 2517 Γραμματὲων
1409 2445 1504 2498 καὶ
1546 2444 1883 2515 Φαρισαίων,

273 2547 337 2594 ού
372 2543 449 2610 μὴ
478 2539 763 2607 εἰσέλθητε
829 2537 911 2601 είς
961 2537 1060 2608 τὴν
1103 2534 1386 2607 βασιλείαν
1407 2534 1518 2588 τῶν
1556 2533 1828 2607 οὐρανῶν.
1862 2553 1881 2586 ι

275 2632 642 2704 Δικαιοσύνην
660 2631 808 2701 λέγει
824 2630 925 2702 τὴν
953 2632 1134 2684 πᾶσαν
1159 2630 1364 2700 ἀρετήν
1384 2645 1398 2660 ·
1415 2628 1489 2690 ὡς
1511 2628 1595 2692 τὸ,
1622 2644 1642 2680 ι
1669 2627 1890 2690 Δίκαιος

275 2719 347 2794 ἧν
384 2721 530 2786 Ἰὼδ,
584 2724 758 2786 ὅσιος,
793 2720 1150 2791 ἄμεμπτος..
1198 2718 1396 2790 Φρίξον
1426 2708 1541 2783 οὖν,
1599 2718 1880 2790 ἀνθρωπε,

277 2817 548 2887 ἐννοήσας
578 2815 749 2868 πόσον
800 2811 1215 2884 ἀπαιτούμεθα.
1278 2806 1414 2866 Εῐτα
1446 2812 1689 2865 διδάσκει
1719 2812 1890 2881 ἡμᾶς,

281 2909 403 2974 πῶς
431 2911 500 2964 ἀν
535 2907 1016 2981 περιττεύσωμεν·
1076 2907 1172 2959 καὶ
1206 2905 1503 2973 καταλέγει
1536 2905 1636 2968 τὰς
1665 2904 1889 2975 ἀρετάς.

360 3111 386 3144 ιη
401 3089 707 3144 Ἠκούσατε
737 3088 824 3142 δτι
844 3083 1046 3159 teisth
1063 3087 1174 3148 τοῖς
1195 3083 1467 3156 ἀρχαίοιςο
1488 3084 1564 3136 Ού
1585 3081 1894 3153 φονεύσειςο

1982 1981 2094 2034 ivi?
2133 1981 2404 2035 (la-terum
2436 1979 2480 2033 si
2513 1976 2716 2044 fecero,
2769 1989 2822 2033 et
2882 1994 2988 2032 non
3039 1978 3301 2042 docuero,
3353 1993 3458 2032 non
3491 1978 3595 2034 iia-

1983 2075 2124 2131 bcbo
2159 2085 2367 2129 tantam
2408 2074 2718 2127 mercedem
2750 2090 2762 2125 :
2791 2087 2935 2140 smne
2971 2071 3136 2126 etiam
3171 2081 3226 2126 et
3260 2073 3600 2126 condemna-

1985 2170 2210 2233 tionem,
2234 2173 2278 2224 si
2302 2169 2522 2239 quando
2545 2177 2771 2237 propter
2793 2167 3057 2220 iuvidiam
3089 2167 3170 2222 Vel
3205 2165 3595 2237 negligentiam

1988 2279 2094 2317 non
2129 2268 2390 2317 docuero.

2062 2353 2228 2410 Vens.
2266 2354 2357 2411 20.
2400 2376 2418 2407 ε
2461 2356 2593 2409 Dico
2639 2353 2786 2409 enim
2823 2351 2980 2408 vobis
3012 2353 3157 2422 quod
3205 2353 3309 2409 nisi
3355 2353 3602 2409 abunda-

1989 2451 2131 2506 verit
2158 2449 2371 2518 justitia
2401 2459 2580 2503 vestra
2612 2447 2733 2518 plus
2769 2459 2932 2517 quam
2975 2444 3292 2500 Scribarum
3325 2458 3378 2501 et
3413 2445 3606 2502 Phari-

1991 2558 2261 2606 szrorum,
2318 2555 2425 2596 non
2485 2540 2880 2596 intrabitis.in
2935 2553 3164 2610 regnum
3229 2537 3518 2594 caelorum.
3577 2557 3598 2593 ι

1991 2629 2268 2687 Justitiam
2306 2629 2437 2686 dicit
2466 2643 2688 2685 onmem
2737 2629 2999 2683 virtutem
3041 2646 3054 2682 :
3094 2630 3240 2683 sicut
3268 2636 3324 2682 et
3365 2643 3488 2683 cum
3519 2628 3601 2684 di-

1995 2725 2157 2790 citur,
2189 2724 2377 2779 Justus
2407 2733 2526 2779 erat
2551 2710 2678 2788 Job,
2719 2722 2864 2794 pius,
2899 2721 3425 2789 irreprcliensibilis.
3461 2719 3606 2775 lior-

1998 2832 2171 2884 resce,
2209 2820 2396 2880 homo,
2445 2816 2896 2872 animadvertetis
2931 2807 3133 2884 quanta
3180 2829 3210 2867 a
3243 2814 3402 2870 nobis
3449 2827 3609 2886 repe-

1999 2919 2209 2965 tantur.
2244 2909 2450 2967 Deinde
2482 2909 2644 2964 docet
2673 2922 2776 2964 nos
2809 2909 3090 2978 quomodo
3122 2908 3490 2968 abundemus,
3552 2916 3612 2963 et

1998 3006 2288 3061 enumerat
2323 3003 2578 3058 virtutes.

2075 3093 2246 3152 Vatis.
2279 3095 2373 3150 21.
2404 3114 2424 3147 ι
2463 3095 2707 3150 Audistis
2732 3095 2878 3164 quod
2902 3093 3112 3148 dictum
3139 3093 3208 3149 sit
3237 3092 3458 3162 priscis,
3488 3090 3613 3148 Non

281 3186 342 3249 ὸς
367 3184 411 3238 δ’
437 3184 505 3239 ἂν
531 3181 795 3252 φονεύσῃ,
828 3179 1013 3249 ἔνοχος
1047 3179 1202 3232 ἔσται
1234 3180 1302 3248 τῇ
1341 3177 1544 3248 κρίσει.
1575 3194 1594 3229 ι
1639 3176 1715 3230 Τὸ
1741 3175 1897 3247 παρά

2005 3190 2222 3246 occides
2255 3206 2270 3256 ;
2305 3189 2559 3259 quisquis
2613 3197 2797 3243 autem
2850 3185 3150 3251 occiderit,
3196 3178 3469 3243 obnoxius
3508 3186 3618 3241 erit

281 3279 432 3341 τίνος
485 3274 716 3348 ἐρρέθη,
769 3274 829 3327 ού
863 3273 1034 3341 λέγει.
1068 3273 1132 3326 Εί
1165 3273 1277 3343 γὰρ
1331 3266 1510 3334 εἶπεν,
1547 3269 1634 3324 δτι
1701 3270 1764 3324 '0
1795 3270 1894 3340 μὲν

2005 3281 2228 3355 iudicio.
2272 3301 2293 3335 ›
2357 3283 2474 3338 lloc
2525 3297 2554 3336 a
2602 3291 2757 3337 certo
2808 3281 3048 3350 quodam
3089 3295 3213 3336 esse
3259 3281 3469 3336 dictmn
3507 3294 3617 3335 non

287 3369 488 3438 Πατήρ
546 3383 652 3437 μου
682 3360 805 3417 εἷπε
849 3368 958 3427 τοῖς
1009 3363 1286 3433 ἀρχαίοις,
1323 3362 1435 3430 ἐγὼ
1468 3362 1524 3416 δὲ
1556 3363 1702 3430 λέγω
1740 3361 1893 3431 ὑμῖν,

287 3461 472 3525 ἔδοξεν
493 3460 562 3512 ἂν
592 3455 1034 3526 ἀντιωμοθετείν
1065 3455 1142 3524 τῷ
1183 3454 1380 3524 flat-cpi.
1440 3453 1612 3508 Πάλιν
1638 3455 1686 3505 εί
1718 3447 1895 3519 εἴπεν,

285 3554 373 3607 ὃτι
408 3550 553 3619 Ἐγὼ
579 3544 734 3604 εῐπον
762 3549 876 3608 τοῖς
902 3547 1174 3618 ἀρχαίοις,
1205 3547 1651 3618 δυσπαράδεκτος
1674 3544 1742 3600 ἂν
1765 3544 1898 3613 ’ὲγὲ-

288 3662 439 3701 νετο.
458 3643 752 3714 ’ᾼορίστως
769 3639 865 3694 οὖν
887 3639 1059 3709 λέγει,
1075 3642 1157 3695 ὅτι
1185 3658 1204 3692 ι
1227 3639 1463 3712 Ἐρρέθη
1485 3642 1600 3703 τοῖς
1624 3639 1898 3710 ἀρχαίοις·

287 3736 536 3790 δείκνυσι
562 3734 620 3786 δὶ
647 3733 732 3786 δτι
753 3731 1074 3801 ὲπαλαιώθη
1108 3733 1136 3783 ὁ
1157 3730 1344 3801 νόμος,
1380 3731 1439 3782 ἐν
1467 3729 1546 3800 τῷ
1578 3731 1779 3797 είπείν,
1816 3732 1901 3784 ὅτι

295 3845 317 3880 ε
357 3825 592 3898 Ἐρρέθη
620 3825 734 3888 τοῖς
775 3823 1046 3895 ἀρχιίοις’
1092 3821 1217 3873 ἐπεὶ
1259 3821 1316 3873 δὲ
1340 3820 1529 3874 λοιπὸν
1549 3820 1900 3892 έπαλαιώθη,

298 3923 401 3975 καί
443 3920 614 3988 ἐγγύς
653 3920 802 3970 ἐστιν
830 3913 1170 3985 ἀφανισμοῦ,
1217 3913 1298 3968 δεῖ
1345 3914 1565 3982 ἀφεῖναι
1598 3914 1763 3968 αὐτὸν
1809 3915 1904 3968 καὶ

292 4015 529 4088 δραμεῖν
549 4012 644 4066 ἐπὶ
671 4010 743 4064 τὰ
774 4010 892 4064 νέα.
939 4027 959 4061 ι

376 4220 396 4254 ι
431 4197 579 4268 Ἐγὼ
612 4197 670 4250 δὶ
716 4195 862 4261 λέγω
924 4192 1076 4262 ὑμῖν,
1104 4191 1188 4243 ὅτι
1230 4189 1339 4247 πᾶς
1363 4188 1391 4241 ό
1426 4186 1788 4258 ὀργιζόμενος
1827 4182 1908 4255 τῷ

297 4292 521 4362 ἀδελφῷ
574 4286 748 4343 αὑτοῦ
814 4285 962 4354 εικῆ,
1022 4282 1207 4352 ἔνοχος
1262 4280 1419 4333 ἔσται
1452 4281 1521 4350 τῇ
1549 4278 1752 4350 κρίσει.
1787 4295 1805 4329 ι
1841 4277 1908 4329 Οί

305 4387 406 4458 μιν
430 4385 715 4454 προφῆται
743 4379 1031 4447 μέλλοντες
1082 4372 1460 4446 προφητεύειν
1515 4371 1705 4440 ελεγον
1727 4387 1738 4399 °
1766 4370 1908 4424 Τάδε

301 4479 453 4548 λέγει
485 4475 714 4547 Κύριος·
744 4473 775 4524 ό
799 4469 856 4524 δὲ
885 4468 1142 4540 Χριστὸς,
1173 4465 1318 4534 Ἐγὼ
1345 4465 1513 4534 λέγω,
1545 4462 1811 4517 δεικνύων
1847 4464 1911 4517 τὸ

2004 3374 2159 3430 dicit.
2213 3372 2271 3428 Si
2314 3372 2461 3428 enim
2503 3373 2755 3435 dixisset,
2810 3373 2956 3443 quod
3005 3372 3172 3428 Pater
3219 3388 3372 3428 meus
3415 3373 3620 3427 dixerit

1981 3459 2236 3542 'priscis,
2272 3481 2374 3538 ego
2422 3477 2607 3521 autem
2649 3466 2776 3521 dico
2838 3464 3031 3529 vobis,
3072 3465 3244 3521 videri
3297 3473 3483 3536 posset
3528 3464 3619 3520 di-

2005 3573 2221 3617 versam
2280 3575 2310 3614 a
2363 3557 2529 3627 Patre
2579 3560 2755 3630 legem
2811 3573 3039 3629 ponere.
3091 3559 3293 3614 lterum
3338 3568 3522 3614 autem
3569 3559 3620 3615 si

2006 3653 2259 3717 dixisset,
2313 3651 2428 3724 Ego
2475 3651 2586 3707 dixi
2640 3651 2861 3722 priscis,
2906 3666 3062 3722 agre
3123 3661 3382 3721 acceptus
3426 3635 3624 3709 fuisset

2006 3760 2211 3802 sermo.
2244 3744 2533 3801 indefinite
2574 3745 2742 3816 igitur
2768 3746 2929 3811 dixit,
2967 3745 3182 3801 Dictum
3210 3754 3296 3800 est
3329 3745 3570 3815 antiquis
3600 3760 3619 3804 :

2008 3854 2106 3909 per
2133 3841 2236 3895 hoc
2274 3848 2458 3894 autent
2493 3838 2639 3910 quod
2682 3839 2842 3903 dicit,
2877 3839 3084 3893 dictum
3117 3849 3198 3893 est
3231 3839 3498 3910 antiquis,
3530 3855 3625 3894 os-

2011 3935 2186 3988 tendit
2212 3935 2558 4003 antiquatam
2586 3947 2709 3990 esse
2752 3933 2926 4003 legent
2961 3953 2976 3988 :
3029 3934 3290 4006 quoniam
3320 3946 3503 3990 autem
3534 3950 3628 3990 vc-

2013 4035 2126 4080 tera
2163 4042 2310 4083 nunc
2338 4028 2624 4098 antiquata
2657 4035 2808 4091 sunt,
2843 4038 2896 4081 et
2931 4027 3104 4081 ferme
3134 4026 3358 4093 abolita,
3387 4036 3626 4098 oportet,

2011 4120 2231 4174 omissis
2264 4120 2394 4187 illis,
2423 4130 2650 4175 currere
2677 4122 2745 4175 ad
2776 4134 2940 4174 nova.

2089 4208 2254 4266 Vens.
2288 4211 2382 4266 22.
2439 4230 2459 4264 ι
2510 4211 2624 4281 Ego
2667 4200 2850 4268 autem
2889 4212 3012 4266 dico
3065 4212 3248 4283 vobis,
3287 4210 3485 4267 Omnis
3533 4211 3629 4281 qui

2017 4303 2279 4360 irascitur
2318 4303 2472 4358 fratri
2507 4319 2606 4359 suo
2639 4314 2870 4370 temere,
2901 4293 3174 4360 obnoxius
3201 4304 3308 4360 erit
3333 4301 3562 4375 judicio.
3601 4322 3622 4356 ι

2014 4398 2306 4467 Propltetze
2341 4397 2542 4451 dicturi
2578 4397 2764 4450 futura
2803 4396 3083 4462 dicebant,
3118 4395 3248 4452 Hcce
3278 4396 3410 4450 dicit
3446 4395 3634 4451 Domi-

2020 4508 2122 4546 nus
2150 4509 2162 4544 :
2191 4488 2448 4545 Christus
2476 4500 2683 4552 autem,
2717 4487 2831 4557 Ego
2860 4490 3005 4554 dico,
3039 4489 3342 4544 ostendens
3369 4489 3630 4542 divinita-

304 4567 724 4638 ἑξούσιαστικὺν
776 4563 878 4633 τῆς
927 4563 1213 4631 θεότητος.
1288 4562 1350 4613 οι
1384 4561 1486 4630 μὲν
1520 4558 1650 4632 γὰρ,
1681 4556 1861 4613 δοῡλοι
1891 4577 1897 4589 .

2023 4585 2091 4640 tis
2126 4585 2536 4638 auctoritatem.
2570 4582 2677 4653 27
2707 4582 2784 4636 liii
2813 4583 2960 4637 enim
2998 4583 3145 4637 servi
3175 4590 3354 4646 erant,
3386 4579 3503 4650 ipse
3535 4574 3636 4636 au-

305 4668 336 4720 δ
369 4663 452 4730 δὲ,
490 4661 647 4725 Υίδς,
693 4661 790 4714 καὶ
821 4657 893 4710 τά
922 4655 1016 4709 τού
1049 4654 1266 4725 Πατρός
1297 4656 1479 4707 πάντα
1513 4653 1674 4722 ἔχων.
1726 4652 1787 4705 ’0
1822 4651 1914 4723 όρ-

306 4757 602 4828 γιζόμενος
635 4753 692 4806 δὲ
725 4750 804 4821 τῷ
833 4746 1050 4816 ἀδελφῷ
1108 4744 1278 4800 αὑτοῦ
1321 4744 1470 4814 εικῆ,
1503 4747 1712 4830 ἐκεῖνος
1745 4761 1919 4799 κατα-

311 4849 562 4922 κρίνεται
597 4863 611 4877 ·
672 4845 772 4898 ὲάν
824 4844 881 4896 δέ
913 4859 997 4905 τις
1063 4841 1358 4911 όργίζηται
1419 4839 1659 4907 εὐλόγως
1692 4839 1787 4892 καὶ
1821 4837 1918 4890 ἐπὶ

311 4941 539 5012 παιδείᾳ.
574 4938 672 4994 καὶ
721 4935 869 4991 κατά
919 4933 1084 5003 ζῆλον
1130 4932 1529 5012 πνευματικὸν,
1562 4932 1624 4984 ού
1656 4946 1921 4999 κατακρι-

313 5035 568 5108 θήσεταιο
623 5030 720 5086 καὶ
743 5031 773 5084 ὁ
811 5025 1021 5089 Παῦλος
1054 5026 1185 5096 γὰρ,
1239 5024 1414 5094 ὀργῆς
1463 5024 1688 5094 ῥήματα
1723 5022 1922 5092 ἐφθέγ.

316 5130 446 5196 ξατο
499 5127 640 5200 πρὸς
679 5124 926 5198 Ἐλύμαν
965 5126 1058 5178 τὸν
1083 5126 1283 5197 μάγον,
1313 5125 1410 5179 καὶ
1438 5125 1574 5195 πρὸς
1607 5123 1699 5176 τὸν
1727 5124 1920 5194 ἀρχιε·

317 5226 443 5292 ρέα,
467 5222 529 5274 ού
559 5221 668 5291 μὴν
720 5222 868 5290 εικῆ,
926 5219 1062 5273 ἀλλά
1124 5220 1268 5273 κατά
1325 5217 1513 5287 ζῆλον.
1543 5217 1680 5269 Τότε
1703 5215 1760 5268 δὲ
1794 5215 1922 5286 είκῆ

314 5314 678 5387 ὀργιζόμεθα,
721 5313 852 5367 ὅταν
871 5313 993 5371 ,διά’
1023 5315 1288 5384 χρήματα
1315 5311 1350 5382 ἢ
1380 5311 1565 5377 διξαν.
1595 5328 1613 5361 ι
1647 5311 1746 5373 ’ος
1773 5309 1818 5363 δ’
1843 5311 1925 5387 ’ἂν

316 5385 450 5480 είπῃ
472 5386 549 5478 τῷ
575 5405 793 5476 ἀδελφῷ
828 5404 1018 5470 αὐτοῦ,
1055 5405 1254 5471 Ῥακὰ,
1282 5404 1466 5473 ἔνοχος
1496 5402 1764 5473 ἔσται-τῷ
1797 5385 1923 5456 σύν-

314 5502 497 5572 εδρίῳ.
515 5520 532 5552 ι
556 5501 864 5570 Συνέδρων,
886 5499 948 5550 το
962 5498 1315 5571 δικαστήριον
1339 5500 1448 5551 τῶν
1479 5497 1750 5569 Ἐσραῖων
1768 5501 1927 5568 φησι.

317 5595 394 5650 Τὸ
444 5593 524 5657 δὲ,
559 5615 577 5646 ι
602 5592 797 5661 Ῥακά,
831 5611 850 5646 ι
878 5595 1137 5663 σημαίνει
1169 5594 1290 5646 ἀντὶ
1318 5592 1437 5657 τού,
1473 5593 1556 5645 σύ·
1591 5591 1782 5661 ὥσπερ
1809 5591 1927 5655 ἔθος

317 5690 518 5758 ἔχομεν
551 5688 732 5758 λέγειν
747 5688 885 5756 πρός
911 5705 1033 5741 τινα
1065 5687 1589 5758 καταφρονούμενον
1610 5686 1700 5756 ὑφ’
1737 5685 1918 5756 ἡμῶν·

2024 4689 2130 4733 tem
2176 4676 2346 4731 Filius
2397 4676 2583 4730 omnia
2613 4692 2732 4745 quae
2769 4686 2899 4730 sunt
2929 4673 3110 4732 Patris
3153 4677 3204 4730 in
3235 4690 3297 4730 se
3321 4677 3633 4746 possidens.

2021 4769 2125 4834 Qui
2163 4768 2424 4820 irascitur
2469 4764 2628 4820 fratri
2664 4782 2764 4820 suo
2798 4781 3025 4829 temere,
3064 4764 3162 4821 ille
3189 4767 3630 4822 condemnatur:

2023 4858 2068 4914 si
2097 4868 2279 4912 autem
2314 4859 2439 4926 quis
2489 4859 2772 4924 irascitur,
2825 4859 3207 4929 rationejusta
3261 4869 3460 4923 motus,
3493 4871 3546 4915 et
3581 4872 3641 4917 ut

2024 4950 2190 5005 alium
2223 4950 2464 5014 erudiat,
2506 4965 2561 5006 et
2595 4950 2869 5019 spirituali
2905 4951 3045 5014 zelo,
3086 4966 3192 5006 non
3245 4952 3642 5005 condemnabi-

2026 5055 2135 5098 tur.
2183 5040 2337 5098 Unde
2377 5052 2432 5098 ct
2461 5043 2663 5099 Paulus
2704 5045 2870 5098 verba
2906 5045 3001 5099 irae
3042 5045 3257 5099 locutus
3292 5045 3475 5100 estad
3516 5045 3642 5116 Ely-

2027 5153 2171 5191 mam
2237 5152 2458 5207 magum
2513 5147 2567 5192 et
2625 5137 2692 5190 ad
2737 5137 3092 5208 pontificem:
3133 5153 3240 5191 non
3274 5147 3480 5192 temere
3515 5140 3644 5208 qui-

2027 5233 2175 5295 dem,
2241 5231 2335 5286 sed
2392 5230 2532 5285 zelo.
2595 5231 2750 5286 Tunc
2810 5242 3028 5285 autem.
3065 5241 3274 5284 temere
3329 5229 3642 5293 irascimur,

2027 5324 2246 5394 quando
2277 5333 2501 5392 propter
2527 5337 2660 5391 opes
2687 5324 2773 5376 vel
2798 5322 3053 5394 gloriam.
3086 5340 3103 5373 ε
3142 5321 3488 5392 Quicumque
3512 5336 3645 5377 vero

2028 5415 2232 5468 dixerit
2280 5412 2436 5468 fratri
2469 5428 2592 5476 suo,
2627 5411 2839 5478 Rliaca,
2872 5413 3143 5468 obnoxius
3173 5415 3282 5468 erit
3315 5411 3576 5467 concilio.
3619 5429 3640 5465 ι

2029 5504 2342 5560 Concilium
2384 5513 2544 5558 vocat
2588 5502 2943 5558 [lubricorum
2985 5501 3252 5556 tribunal.
3285 5499 3474 5555 [iliaca
3517 5515 3647 5555 veto

2032 5598 2307 5668 significat
2359 5599 2502 5652 idem
2534 5599 2678 5668 quod
2716 5597 2796 5651 Tu
2833 5616 2844 5650 :
2882 5606 2935 5649 nt
2966 5612 3088 5651 cum
3121 5597 3186 5650 ad
3234 5595 3472 5664 aliquem
3511 5608 3648 5648 con-

2034 5703 2303 5763 temptum
2337 5708 2365 5745 a
2398 5693 2555 5747 nobis
2580 5693 2840 5756 dicimus,
2876 5693 2975 5746 Abi
3009 5701 3084 5745 tu.
3125 5689 3322 5744 Volens
3357 5688 3520 5757 igitur
3548 5703 3649 5744 nos

323 5779 566 5834 ’Δπελθε
601 5782 692 5836 σύ.
724 5780 910 5835 Θέλων
941 5775 1036 5834 οὖν
1071 5779 1366 5833 παιδεῦσαι
1398 5781 1546 5849 ἡμᾶς
1579 5780 1675 5833 καὶ
1704 5779 1833 5849 περὶ
1862 5797 1890 5832 τ

2033 5798 2087 5840 ct
2125 5789 2189 5841 de
2223 5787 2407 5853 parvis
2433 5785 2698 5840 sollicitos
2721 5800 2868 5850 esse,
2901 5797 2958 5841 et
2981 5800 3080 5838 nos
3104 5783 3342 5837 invicem
3371 5779 3650 5844 venerari,

321 5874 493 5946 μικρά
535 5875 785 5944 ἀκριϐεῖς
818 5870 981 5940 εἶναι,
1019 5872 1114 5927 καὶ
1137 5871 1406 5941 ἀλλήλους
1435 5874 1626 5944 τιμᾷν,
1665 5875 1932 5942 παραινεῖ

2037 5883 2301 5935 admnoct
2352 5881 2570 5936 horum.
2611 5879 2844 5947 Quidam
2881 5879 3069 5935 dicunt
3093 5875 3288 5934 Ithaca
3321 5875 3549 5951 Syriace
3597 5883 3655 5932 et
