4288 6444
811 398 919 469 199

1694 394 2288 459 τιιΕοΡιιγιΑεΤι
2322 392 2737 455 BULGARIAE
2772 390 3126 457 ARCHIEP.

3955 388 4071 455 200

806 514 1006 584 pedum
1034 512 1174 583 ejus,
1202 524 1350 567 utne
1378 511 1449 568 sit
1470 511 1627 566 locus
1653 508 1997 565 idololatrias
2043 506 2203 562 Forte
2231 504 2383 559 enim
2415 524 2427 565 Α

2415 508 2460 565 Α
2482 503 2619 564 διον,
2650 503 2735 556 lva
2767 503 2843 575 μὴ
2872 503 3255 575 εἰδωλολατρία
3287 500 3472 575 χώραν
3505 500 3624 574 ῑξῃ.
3672 499 4065 573 Ἐθεοποιήθη-

808 603 869 659 in
898 606 1119 659 deorum
1148 616 1430 657 numerum
1462 602 1633 657 relata
1662 600 1894 656 fuissent
1928 599 2193 654 cletneuta
2217 610 2247 650 ε
2275 596 2377 665 ju-

812 694 1058 751 rautibus
1090 684 1186 761 por
1218 708 1280 747 ea
1310 710 1325 745 :
1352 692 1405 746 id
1444 692 1585 761 quod
1617 702 1773 746 antea
1804 690 2004 744 factum
2038 698 2141 744 est.

881 786 1046 841 Vens.
1080 784 1171 841 56.
1212 802 1231 835 ι
1270 782 1457 852 Neque
1492 800 1593 854 per
1612 794 1780 853 caput
1808 792 1959 837 tuum
2000 781 2229 851 jurabis,
2252 778 2377 849 quia

807 895 915 931 non
946 890 1102 947 putes
1131 890 1296 930 unum
1330 878 1500 944 pilum
1546 876 1730 931 album
1763 875 1846 930 vel
1870 875 2085 943 nigrum
2123 871 2321 926 facere.
2350 887 2370 923 ι

807 969 950 1029 Deus
973 968 1116 1023 solus
1158 982 1255 1036 per
1284 968 1636 1036 semetipsum
1674 967 1845 1035 iurat,
1876 973 2059 1034 utpote
2087 961 2217 1017 nulli
2246 961 2379 1018 sub-

799 1057 978 1125 jectus
1010 1072 1024 1109 :
1061 1070 1161 1111 nos
1214 1064 1395 1109 autem
1453 1071 1575 1109 cum
1624 1071 1729 1109 non
1763 1056 1933 1110 simus
1978 1062 2177 1109 nostra
2225 1062 2379 1123 pote-

802 1148 984 1211 statis,
1022 1162 1127 1215 quo
1181 1156 1340 1214 pacto
1386 1162 1481 1216 per
1532 1156 1694 1215 caput
1740 1154 1981 1199 nostrum
2032 1143 2379 1213 jurabimus?

802 1238 1024 1293 alterius
1052 1239 1193 1291 enim
1222 1247 1305 1293 est
1335 1238 1625 1307 possessio.
1650 1230 1870 1291 Si‘euim
1901 1246 2053 1290 tuum
2077 1245 2162 1291 est
2187 1246 2371 1304 caput,

801 1339 971 1393 mutu,
1016 1331 1059 1381 si
1086 1310 1258 1397 potes,
1296 1344 1458 1382 unum
1478 1327 1759 1397 capillum.

875 1422 1037 1474 Vens.
1074 1421 1161 1473 37.
1193 1439 1211 1471 ι
1233 1418 1505 1475 Sitsutem
1519 1435 1701 1474 sermo
1742 1428 1946 1483 vester,
1978 1418 2153 1473 etiam
2173 1416 2371 1471 etiam:

800 1526 929 1575 non,
971 1528 1099 1564 nun.
1139 1530 1157 1562 ι
1200 1509 1268 1565 Ut
1298 1526 1364 1566 ne
1397 1511 1547 1564 dicas
1579 1530 1594 1565 :
1632 1511 1692 1565 Et
1723 1509 1999 1580 quomodo
2055 1508 2215 1563 ﬁdem
2241 1507 2373 1560 mihi

799 1600 1112 1654 habebunt?
1139 1601 1312 1668 inquit
1341 1616 1354 1652 :
1396 1598 1454 1654 Si
1482 1616 1697 1669 semper
1729 1592 1851 1655 vere
1872 1599 2083 1655 locutus
2109 1596 2295 1658 fueris,
2320 1606 2375 1651 et

2483 610 2582 646 uav
2616 593 2729 664 7&9
2758 595 2825 649 ἂν
2851 597 2920 650 τὰ
2943 597 3184 667 στοιχεῖα
3221 595 3375 666 παρᾶ
3402 593 3514 650 τῶν
3545 597 3626 658 είς
3656 594 3800 651 αὐτὰ
3831 593 4064 665 ὀμνυόν·

2479 702 2611 740 των·
2644 687 2672 741 δ
2696 687 2794 740 καὶ
2811 678 3078 759 πρότερον
3112 691 3351 758 ἐγένετο.

2557 798 2575 831 ι
2611 779 2763 849 Μήτε
2792 783 2851 833 εν
2883 784 2950 852 τῇ
2980 783 3189 851 κεφαλῇ
3218 797 3312 836 σου
3355 780 3587 851 ὀμόσῃς,
3626 779 3711 833 δτι
3734 780 3797 833 ού
3825 779 4060 834 δύνασαι

2480 869 2611 941 μίαν
2633 870 2796 940 τρίχα
2844 870 3046 940 λευκὴν
3090 871 3123 941 ἢ
3178 871 3436 941 μέλαιναν
3470 869 3717 940 ποιῆσαι.
3768 887 3787 920 ι
3845 868 3904 922 ’0
3928 868 4064 930 Θεὸς

2480 961 2642 1033 μόνος
2670 962 2862 1032 ὀμνύει
2887 963 3012 1016 καθ’
3065 962 3286 1026 ἑαυτοῦ,
3317 962 3393 1027 ὡς
3426 961 3619 1034 μηδενὶ
3667 960 4060 1029 ὑποκείμενος·

2476 1056 2641 1127 ἡμεῖς
2665 1055 2733 1111 ει
2767 1056 2868 1111 οὐκ
2886 1056 3297 1124 εξουσιάζοντες
3326 1054 3560 1119 ἑαυτῶν,
3588 1054 3706 1117 πῶς
3730 1053 3796 1106 ἂν
3819 1052 4061 1121 ὀμόσαι-

2480 1165 2582 1217 μεν
2611 1150 2753 1203 κατά
2772 1150 2872 1218 τῆς
2916 1148 3161 1218 κεφαλῆς
3193 1147 3380 1217 ήμῶν;
3402 1146 3593 1215 ιτέρου
3614 1144 3725 1215 γὰρ
3751 1144 3810 1197 τὸ
3839 1142 4052 1212 κτῆμα.

2477 1240 2541 1294 Εἰ
2571 1238 2679 1310 γὰρ
2707 1241 2773 1310 σή
2804 1242 2956 1293 εστιν
2985 1241 3019 1310 ἠ
3056 1240 3289 1310 κεφαλή,
3310 1231 3562 1305 ἀλλαξον,
3583 1235 3900 1298 είδύνασαι,
3935 1234 4065 1303 μίαν

2476 1335 2661 1405 τρίχα.

2553 1444 2572 1478 ι
2616 1426 2796 1478 Ἐστω
2827 1423 2884 1477 δὶ
2911 1424 2940 1477 ὁ
2966 1423 3125 1488 λόγος
3150 1419 3327 1491 ὑμῶν,
3364 1418 3476 1482 ναὶ,
3513 1415 3598 1470 ναί
3620 1433 3634 1447 θ
3665 1413 3750 1480 οὒ,
3772 1413 3855 1468 οὗ.
3886 1431 3904 1464 ι
3942 1413 4063 1465 Ἰισα

2479 1519 2556 1588 μὴ
2580 1518 2781 1591 stunc;
2803 1516 2913 1571 Καὶ
2937 1516 3053 1578 πῶς
3087 1512 3526 1583 πιστευθήσομαι
3555 1524 3570 1574 ;
3601 1506 3766 1579 φησιν
3794 1505 3949 1558 ·Ἐὰν
3977 1502 4065 1557 ἀλ

2475 1610 2770 1683 ἀληθεύῃς,
2816 1612 2913 1664 καὶ
2948 1608 3215 1680 μηδέποτε
3257 1605 3487 1676 όμνύῃς.
3518 1602 3705 1664 Οὐδεὶς
3731 1599 3839 1670 γὰρ
3890 1596 4065 1658 οὕτως

796 1708 1070 1760 nunquam
1131 1691 1425 1758 jurnveris.
1481 1692 1619 1745 Nulli
1683 1692 1826 1745 enim
1886 1690 2065 1745 minus
2133 1690 2375 1744 creditur

2474 1705 2809 1767 ἀπιστεῖται,
2866 1703 2941 1764 ὡς
2988 1704 3017 1755 ό
3060 1698 3372 1770 προχείρως
3422 1695 3659 1766 ὀμνύων.
3694 1711 3712 1744 ι
3753 1690 3828 1745 Τὸ
3862 1690 3918 1742 δὲ
3960 1704 4060 1739 πε-

797 1798 957 1850 qnam
984 1785 1030 1837 ci
1052 1788 1141 1853 qui
1166 1784 1482 1853 frequenter
1506 1784 1672 1851 jurat.
1707 1802 1724 1833 ι
1760 1782 1911 1850 Quod
1937 1793 2116 1841 autem
2142 1781 2373 1851 amplius
2402 1855 2427 1866 _

2415 1855 2442 1866 _
2479 1794 2666 1866 ρισσὺν
2700 1794 2928 1857 τούτων,
2957 1793 3023 1846 ὲκ
3062 1791 3154 1845 τοῦ
3186 1786 3427 1859 πονηροῦ
3461 1789 3602 1840 ἔστι.
3641 1804 3659 1836 ι
3708 1784 3783 1837 Τὸ
3817 1780 4062 1849 ὀμνύειν,

798 1872 882 1928 his
919 1883 1020 1937 est,
1078 1892 1106 1926 ιι
1159 1874 1301 1927 malo
1350 1885 1452 1928 est.
1492 1893 1511 1926 ι
1550 1871 1744 1928 Jurare
1780 1874 2001 1944 (inquit)
2033 1883 2087 1926 et
2137 1855 2427 1940 adjicerei

2415 1855 2446 1911 Β
2475 1855 2630 1956 ξρησὶ,
2664 1855 2923 1958 περισσὸν
2946 1885 3008 1940 ὃν
3037 1884 3189 1953 παρά
3208 1884 3271 1936 τὸ
3300 1855 3390 1937 val.
3429 1881 3525 1937 καὶ
3549 1880 3608 1932 τὸ
3632 1876 3723 1942 οὓ,
3755 1873 3849 1930 τοῦ
3879 1872 4065 1927 διαδό-

795 1968 1026 2036 amplins
1054 1968 1119 2021 ad
1154 1966 1342 2021 Etiam
1375 1968 1454 2020 vel
1484 1966 1625 2029 Non,
1659 1982 1687 2018 a
1724 1964 1939 2019 diabolo
1981 1972 2083 2019 est.
2120 1964 2289 2017 Porro
2326 1964 2370 2018 si

797 2058 1004 2112 dixeris
1032 2059 1172 2125 quod
1223 2067 1272 2111 et
1329 2057 1412 2111 lex
1466 2057 1630 2111 Musis
1679 2056 1819 2109 mala
1846 2056 1973 2119 erit,
2003 2054 2261 2125 quoniam
2284 2054 2372 2124 ju-

793 2162 917 2202 rare
944 2148 1123 2218 jubet,
1162 2148 1314 2201 disce
1361 2148 1502 2216 quod
1552 2160 1682 2201 tunc
1734 2161 1838 2200 non
1880 2154 1995 2199 erat
2034 2143 2232 2197 malum
2282 2145 2372 2214 ju-

792 2254 960 2294 rare:
998 2251 1116 2309 post
1159 2238 1433 2296 Christum
1484 2248 1666 2293 autem
1712 2238 1914 2291 malum
1972 2247 2076 2300 est,
2130 2237 2272 2290 sicut
2316 2245 2372 2291 et

792 2332 1134 2399 circumcidi,
1183 2343 1238 2386 et
1278 2334 1329 2387 ir
1362 2346 1595 2396 summa,
1644 2328 1905 2401 quidquid
1934 2339 2017 2384 est
2053 2327 2366 2384 Judaicum.

790 2423 997 2495 Sugere
1021 2426 1165 2479 enim
1206 2439 1376 2495 puero
1404 2422 1681 2489 convenit,
1709 2422 1826 2476 viro
1858 2419 2106 2476 minime.

860 2514 1026 2572 Vens.
1082 2516 1172 2572 38.
1212 2534 1230 2568 ι
1276 2516 1522 2572 Audistis
1574 2514 1719 2586 quod
1752 2514 1952 2568 dictum
1990 2515 2081 2576 sit,
2137 2511 2365 2571 Oculum

790 2621 890 2678 pro
929 2608 1111 2673 oculo,
1161 2608 1377 2661 dentem
1447 2621 1545 2675 pro
1596 2606 1777 2661 dente.
1834 2623 1855 2657 ι
1895 2602 2005 2660 Lex
2034 2605 2385 2661 condescenm

787 2698 921 2754 dens
985 2698 1246 2767 permittit
1273 2706 1335 2751 ut
1364 2698 1549 2750 eadem
1585 2696 1708 2764 quis
1732 2695 1969 2764 patiatur
1998 2709 2118 2764 qua
2151 2694 2362 2757 inﬂixit,

786 2799 944 2845 utne
979 2800 1164 2844 mutuo
1216 2804 1277 2844 se
1324 2787 1620 2852 ciendam,
1673 2788 1889 2846 timore.
1931 2800 1998 2843 ne
2050 2786 2239 2842 eadem
2268 2800 2366 2857 pa.
2412 2800 2421 2810 '

788 2881 1015 2944 tiantur,
1050 2878 1351 2934 absterriti.

862 2970 1029 3027 Vsus.
1064 2971 1153 3026 39.
1189 2989 1208 3023 ι
1244 2972 1353 3039 Ego
1379 2980 1557 3026 autem
1594 2970 1718 3026 dico
1748 2968 1923 3034 vobis,
1960 2977 2022 3024 ut
2053 2984 2119 3024 ne
2143 2970 2366 3027 resista-

788 3064 858 3117 tis
882 3061 1026 3116 malo
1058 3076 1073 3115 :
1106 3060 1200 3115 sed
1224 3060 1475 3130 quisquis
1506 3056 1792 3129 impegerit
1830 3056 2044 3127 alapam
2083 3057 2138 3111 in
2177 3057 2365 3113 dexte-

787 3166 904 3207 ram
956 3161 1098 3205 tuam
1161 3149 1459 3213 maxillam,
1510 3150 1737 3205 obverte
1796 3147 1845 3203 ei
1906 3156 1962 3203 et
2020 3147 2274 3204 alteram.
2335 3166 2356 3201 ι
2392 3191 2434 3249 c

783 3242 980 3299 Malum
1018 3244 1103 3298 hic
1135 3243 1407 3297 diabolum
1456 3249 1634 3301 vocat,
1679 3240 1769 3310 qui
1796 3254 1895 3310 per
1925 3241 2199 3295 hominem
2233 3254 2365 3310 ope-

784 3346 956 3392 ratur.
996 3336 1109 3391 Non
1135 3344 1347 3405 oportet
1381 3334 1541 3405 igitur
1569 3334 1838 3390 obsistere
1869 3333 2124 3389 diabolo?
2150 3333 2322 3388 Etiam
2347 3349 2361 3387 :

782 3437 837 3482 at
871 3444 977 3483 non
1005 3440 1088 3484 est
1129 3426 1628 3498 repercutiendum,
1670 3426 1767 3481 sed
1813 3427 2215 3483 sustinendum.
2245 3426 2363 3482 Non

782 3520 927 3575 enim
960 3520 1071 3590 igni
1098 3519 1459 3589 exstinguitur
1489 3516 1651 3587 ignis,
1688 3520 1780 3571 sed
1800 3531 1961 3586 aqua.
1982 3515 2057 3572 Ne
2086 3518 2365 3573 existimes

781 3622 961 3667 autem
991 3610 1132 3681 quod
1185 3610 1438 3679 loquatur
1472 3609 1645 3664 solum
1678 3609 1744 3664 de
1771 3609 2129 3679 percussione
2169 3610 2364 3665 maxil-

781 3705 865 3771 lar,
895 3707 985 3760 sed
1022 3706 1088 3760 de
1110 3704 1256 3759 omni
1296 3702 1403 3757 alio
1434 3702 1578 3757 malo
1612 3704 1755 3771 quod
1792 3700 2075 3772 inﬂigitur.

854 3886 1027 3943 Vens.
1061 3888 1150 3943 40.
1184 3907 1201 3940 ι
1237 3888 1297 3940 Et
1330 3887 1379 3943 ei
1420 3888 1512 3957 qui
1554 3886 1667 3941 vult
1700 3895 1873 3942 tecum
1906 3866 2159 3954 iudicari,
2194 3895 2247 3941 et
2282 3894 2363 3941 tu-

781 3982 958 4037 nicam
1028 3992 1170 4034 tuam
1234 3980 1454 4043 tollere,
1518 3980 1777 4048 permitte
1832 3979 1880 4034 ei
1935 3988 1991 4032 et
2039 3978 2286 4047 pallium.
2337 3995 2357 4030 ι

779 4073 1005 4128 Etiamsi
1041 4075 1257 4141 quando
1287 4080 1338 4127 te
1369 4070 1436 4124 ad
1466 4071 1711 4139 judicent
1766 4068 1955 4123 trahat
2002 4076 2059 4122 et
2086 4066 2360 4133 obturbat,

780 4172 907 4218 tttnc
937 4166 1146 4219 dimitte
1173 4164 1221 4217 ei
1262 4163 1486 4232 pallittut
1520 4180 1533 4215 :
1582 4175 1690 4215 non
1740 4161 1792 4215 si
1842 4158 2160 4228 simpliciter
2191 4169 2359 4226 petat.

780 4251 984 4309 Tunica
1021 4254 1237 4323 proprie
1271 4253 1472 4308 dicitur
1525 4266 1685 4320 quant
1721 4251 2040 4307 subucuiam
2087 4250 2169 4304 vel
2202 4250 2359 4304 indu-

776 4348 921 4401 sitim
980 4360 1235 4400 vocamus
1288 4360 1303 4398 :
1383 4345 1631 4412 pallium,
1682 4357 1790 4411 quo
1855 4343 2001 4401 illam
2054 4342 2288 4411 tegimus
2337 4359 2352 4395 :

775 4439 1021 4509 quamvis
1051 4451 1193 4507 smpe
1213 4436 1317 4490 alia
1348 4450 1446 4505 pro
1480 4436 1601 4489 aliis
1632 4435 1899 4491 dicantur.

2475 1980 2566 2032 λου
2590 1979 2760 2033 ἐστίν.
2810 1977 2949 2031 Ἀλλ’
2980 1978 3149 2047 ερετς,
3180 1976 3262 2029 ὄπι
3290 1977 3400 2029 Kal.
3447 1972 3636 2026 λοιπὸν
3674 1972 3703 2024 ὁ
3741 1968 3904 2037 νόμος
3934 1966 4067 2018 Μω-

2477 2069 2639 2134 σέως,
2667 2067 2904 2122 κελεύων
2930 2067 3177 2138 ὀμνύειν,
3210 2065 3449 2135 πονηρὸς
3494 2059 3594 2135 ἦν;
3641 2060 3796 2116 Μάθε
3829 2058 3945 2125 οὖν,
3981 2059 4065 2111 ὅτι

2471 2160 2575 2212 οὐκ
2597 2154 2668 2229 ἦν
2699 2160 2936 2231 πονηρὸν
2986 2159 3106 2212 τότε
3140 2157 3200 2209 τδ
3230 2156 3453 2227 ὀμνύειν
3475 2170 3490 2186 ο
3546 2152 3686 2225 μετὰ
3718 2152 3774 2206 δι
3800 2150 4063 2221 Χριστὸν,

2472 2249 2590 2302 ἐστι
2638 2248 2911 2319 πονηρόν’
2978 2248 3172 2317 ὥσπερ
3219 2245 3409 2301 καὶτὸ
3456 2243 3912 2315 περιτέμνεσθαι,
3968 2243 4064 2294 καὶ

2471 2342 2657 2406 ἁπλῶς
2682 2342 2742 2395 τδ
2802 2340 3137 2406 Ἰουδαΐζειν.
3181 2340 3334 2393 Ἐπεὶ
3365 2339 3460 2394 καὶ
3512 2337 3573 2393 τὸ
3619 2336 3903 2407 θηλάζειν,
3949 2336 4065 2397 τοῖς

2475 2433 2576 2505 μὲν
2607 2433 2843 2494 παιδίοις
2873 2434 3126 2504 ἁρμόζει,
3170 2434 3288 2495 τοῖς
3305 2430 3361 2483 δὲ
3393 2429 3651 2499 ἀνδράσιν
3691 2426 3951 2497 αίσχύνη.

2546 2544 2565 2576 ι
2621 2527 2920 2581 Ἠκούσατε
2939 2528 3020 2579 ὅτι
3046 2526 3267 2599 ἐρρέθη,
3287 2522 3580 2594 Ὀςρθαλμὸκ
3616 2522 3737 2577 ἀντὶ
3756 2519 4062 2591 ὀφθαλμοῦ,

2471 2620 2566 2671 καὶ
2600 2618 2791 2671 ὀδόντα
2826 2618 2953 2670 ἀντὶ
3001 2616 3235 2673 ὀδόντος.
3285 2637 3304 2669 ι
3365 2615 3426 2667 ’0
3476 2615 3639 2683 νόμος
3690 2608 4065 2679 συγκαταϐαίο

2470 2726 2577 2762 νων
2644 2705 2945 2779 συνεχώρει
2982 2706 3082 2778 τὴν
3113 2706 3538 2770 ταυτοπάθειαν,
3580 2705 3665 2759 ἵνα
3693 2702 3843 2775 φόϐῳ
3873 2700 3971 2756 τοῦ
3992 2698 4063 2755 τὰ

2467 2796 2562 2855 lea
2579 2801 2809 2872 παθεῖν,
2837 2801 2914 2873 μὴ
2947 2800 3206 2854 ἀδικῶσιν
3242 2799 3531 2872 ἀλλήλους.

2543 2994 2561 3029 ι
2613 2976 2756 3045 Ἐγὼ
2786 2976 2843 3030 δι
2874 2978 3019 3045 λέγω
3049 2977 3202 3046 ὑμῖν,
3242 2978 3317 3049 μὴ
3351 2978 3669 3048 ἀντιστῆναι
3698 2974 3777 3045 τῷ
3808 2970 4060 3044 πονηρῷ.

2466 3068 2583 3121 ἀλλ’
2617 3069 2768 3131 ὅστις
2806 3084 2865 3121 σε
2889 3067 3119 3139 ραπίσει
3146 3068 3241 3121 επὶ
3264 3067 3366 3137 τὴν
3404 3066 3587 3132 δεξιὰν
3614 3065 3865 3133 σιαγόνα,
3896 3065 4058 3134 στρέ-

2466 3158 2568 3230 ψον
2600 3155 2750 3227 αὐτῷ
2794 3156 2894 3211 καὶ
2936 3157 3035 3226 τὴν
3068 3156 3259 3227 ἀλλην.
3315 3174 3334 3208 ι
3384 3155 3628 3226 Πονηρδν
3673 3152 3907 3206 ινταῦοα
3966 3151 4058 3204 τὶν

2465 3248 2716 3303 διάόολον
2752 3248 2926 3317 λέγει,
2974 3248 3069 3301 τὸν
3122 3246 3211 3302 διὰ
3237 3244 3333 3301 τοῦ
3368 3245 3659 3317 ἀνθρώπου
3702 3243 4055 3316 ἐνεργοῦντα.

2468 3342 2545 3395 Οὐ
2577 3342 2658 3396 δεῖ
2686 3338 2780 3395 οῦν
2809 3339 3172 3395 ἀντίστασθαι
3203 3337 3281 3406 τῷ
3310 3338 3580 3408 διαδόλῳ;
3618 3336 3743 3402 ναί]
3778 3336 3896 3389 ἀλλ’
3929 3336 4053 3405 οὐχι

2466 3435 2554 3488 διὰ
2578 3433 2673 3487 τοῦ
2722 3432 3134 3504 ἀντιπλήττειν,
3186 3430 3323 3485 ἀλλά
3355 3431 3444 3484 διὰ
3486 3430 3581 3485 τοῦ
3627 3428 3946 3497 ὑπομένειν.
3976 3428 4053 3481 Ob

2465 3525 2574 3596 7&9
2611 3525 2746 3593 mni.
2777 3523 3065 3578 σόἐννυται
3096 3524 3229 3594 πῦρ,
3285 3520 3403 3575 ἀλλ’
3434 3521 3609 3576 ὕδατι.
3643 3521 3734 3591 Μὴ
3766 3518 3959 3589 νόμιζε
3991 3518 4053 3571 δὲ

2464 3619 2546 3673 ὅτι
2576 3601 2705 3691 περὶ
2744 3620 2844 3690 τῆς
2876 3618 2959 3680 είς
3004 3616 3105 3689 τήν
3137 3615 3367 3684 σιαγόνα
3416 3613 3633 3685 πληγῆς
3666 3613 3816 3681 λέγει
3851 3612 4045 3682 μόνης,

2463 3705 2601 3760 ἀλλά
2651 3708 2747 3759 καὶ
2804 3709 2933 3772 περὶ
2986 3704 3171 3773 πάσης
3226 3703 3394 3776 ἄλλης
3435 3706 3530 3757 καὶ
3585 3702 3788 3765 παντὸς
3858 3700 4053 3765 ἁπλῶς

2461 3797 2659 3853 δεινοῦ.

2541 3908 2560 3942 ι
2598 3889 2709 3944 Καὶ
2754 3887 2833 3959 τῷ
2876 3887 3083 3942 θέλσντί
3124 3905 3206 3941 σοι
3261 3885 3544 3958 κριθῆναι,
3576 3886 3670 3939 καὶ
3704 3885 3798 3939 τὸν
3841 3884 4051 3955 χιτῶνά

2466 4000 2562 4037 σου
2600 3979 2811 4045 λαϐεῖν,
2846 3982 2986 4049 ἄφες
3030 3978 3178 4047 αὐτῷ
3208 3980 3304 4033 καὶ
3349 3979 3411 4032 τὺ
3464 3980 3703 4050 ἱμάτιον.
3743 3997 3762 4029 ι
3808 3978 3938 4032 Ἐὰν
3969 3976 4052 4039 είς

2462 4074 2813 4145 δικαστήριόν
2842 4091 2899 4127 σε
2936 4072 3071 4145 ῑλκῃ
3105 4074 3200 4125 καὶ
3230 4074 3386 4143 ὀχλῇ,
3436 4074 3573 4139 ἄφες
3606 4069 3756 4141 αὑτῷ
3790 4072 3885 4123 καὶ
3919 4069 4052 4139 ίμά-

2460 4183 2606 4219 τιον·
2656 4167 2757 4219 οὐκ
2788 4167 2883 4218 ἐὰν
2948 4163 3136 4226 ἁπλῶς
3193 4165 3356 4233 ζητῇ.
3392 4162 3580 4215 Χιτὼν
3637 4161 3693 4214 δὲ
3733 4162 3963 4231 κυρίως,
3988 4162 4053 4214 τὸ

2462 4252 2593 4322 παρ’
2645 4252 2782 4320 ἡμῖν
2832 4249 3127 4318 λεγόμενον
3168 4248 3513 4316 ὑποκάμιοον
3544 4262 3558 4277 ο
3606 4247 3820 4315 ἱμάτιον
3858 4247 3914 4299 δὲ
3941 4288 3955 4312 ,
3987 4249 4051 4299 τὸ

2460 4340 2892 4409 ὲπιῦαλλόμενον
2916 4360 2930 4374 ο
2980 4339 3120 4410 πλὴν
3153 4339 3248 4401 καὶ
3278 4337 3396 4392 ἀντ’
3424 4336 3678 4408 ἀλλήλων
3706 4338 3774 4390 τὰ
3806 4337 4050 4407 ὀνόματα

2460 4431 2733 4501 λέγονται.
2777 4462 2783 4468 -

849 4531 1010 4585 \‘sas.
1032 4531 1152 4583 ΗΑ
1185 4529 1248 4582 Et
1270 4530 1359 4598 qui
1387 4539 1437 4583 te
1458 4531 1697 4596 adegerit
1726 4528 1790 4581 ad
1820 4526 2132 4581 milliarium
2165 4541 2349 4590 unum,
2382 4528 2427 4589 Ι]

2415 4531 2435 4586 )
2544 4544 2562 4577 ι
2603 4526 2713 4580 Καὶ
2740 4525 2888 4586 ὅστις
2922 4541 2981 4577 σε
3016 4522 3355 4594 ἀγγαρεύσει
3392 4521 3568 4592 μίλιον
3601 4527 3679 4586 ἐν,
3722 4522 3905 4591 ’ὕπαγε
3930 4524 4050 4591 μετ’

778 4627 913 4677 vade
951 4640 1070 4676 cum
1107 4637 1173 4676 eo
1199 4622 1327 4675 duo.
1375 4640 1393 4671 ι
1448 4621 1586 4686 Quid
1637 4622 1780 4682 dico,
1826 4619 1934 4688 30
1974 4618 2170 4687 inquit,
2208 4622 2354 4671 tuni-

776 4731 895 4768 ratu
932 4725 985 4768 et
1017 4713 1278 4780 pallium?
1333 4714 1498 4766 etiam
1548 4727 1749 4781 corpus
1782 4725 1929 4765 tuum
1988 4712 2055 4764 du
2097 4712 2144 4765 ei
2184 4713 2357 4778 qui-le

776 4811 979 4879 injuste
1012 4811 1197 4874 trahit,
1223 4817 1278 4863 et
1306 4808 1540 4876 amplius
1581 4822 1743 4875 quam
1778 4806 1869 4858 ille
1901 4806 2036 4868 vult,
2078 4805 2265 4861 facito.

849 4900 1014 4957 Vens.
1043 4900 1131 4953 42.
1166 4918 1183 4950 ι
1231 4900 1449 4953 l’eteutt
1468 4902 1565 4953 abs
1594 4910 1668 4964 te,
1703 4901 1770 4951 da
1798 4916 1813 4951 :
1854 4909 1907 4951 et
1940 4897 2211 4951 volentem
2239 4913 2267 4951 a
2303 4908 2354 4953 te

772 5004 1015 5049 mutuum
1064 4991 1345 5060 accipere,
1405 5006 1472 5044 ne
1525 4990 1815 5044 averseris.
1876 5005 1895 5041 ι
1938 4989 2067 5044 Sive
2118 4990 2349 5056 amicus,

774 5089 889 5142 sive
932 5085 1209 5147 inimicus,
1260 5085 1379 5137 sive
1434 5083 1688 5147 infidelis,
1744 5083 1861 5136 sive
1895 5082 2152 5150 pecunias
2186 5092 2352 5151 petat,

772 5184 885 5233 sive
910 5178 1170 5231 auxilium
1199 5177 1365 5230 aliud.
1392 5176 1640 5230 Mutuum
1672 5184 1975 5229 autemnon
1995 5190 2116 5230 cum
2142 5174 2353 5231 {minore

771 5272 927 5334 dicit,
956 5271 1049 5324 sed
1077 5260 1402 5337 simpliciter
1446 5282 1628 5321 usum.
1659 5263 1793 5319 Nam
1826 5274 1880 5320 et
1912 5266 1963 5318 in
2002 5265 2119 5335 lege
2147 5266 2354 5335 absque

770 5376 932 5417 usura
972 5373 1215 5414 mutuum
1260 5358 1482 5414 dabant.

849 5450 1008 5506 Vens.
1034 5450 1125 5515 45,
1151 5451 1245 5505 M.
1288 5469 1309 5502 ι
1348 5449 1590 5504 Audistis
1616 5448 1759 5518 quod
1789 5448 1991 5503 dictum
2019 5457 2122 5514 est,
2156 5449 2351 5519 Diliges

769 5546 1076 5615 proximum
1142 5556 1315 5609 tuum,
1342 5552 1393 5599 et
1421 5544 1547 5596 odio
1606 5542 1833 5597 habebis
1871 5541 2151 5595 inimicum
2176 5549 2351 5594 tuum.

769 5636 884 5705 Ego
918 5646 1101 5692 autem
1130 5636 1252 5690 dico
1285 5634 1459 5698 vobis,
1498 5633 1715 5702 Diligite
1756 5634 2010 5689 inimicos
2053 5642 2288 5687 vestros.
2329 5651 2347 5684 ι

775 5727 929 5781 Venit
957 5728 1021 5781 ad
1050 5729 1307 5782 verticem
1350 5727 1609 5780 virtutum
1638 5744 1649 5779 :
1687 5726 1817 5796 quid
1846 5726 1994 5781 enim
2019 5724 2111 5779 illo
2144 5725 2355 5793 majus?

772 5819 889 5875 Non
914 5830 997 5875 cst
1014 5831 1190 5875 autem
1219 5819 1579 5891 impossibile.
1607 5823 1783 5875 Moses
1814 5820 1959 5875 cnim
1992 5817 2353 5873 etl’auluslu-

2458 4619 2623 4671 αὑτοῦ
2649 4618 2763 4675 δύο.
2809 4638 2827 4669 ι
2864 4600 2935 4669 Τί
2963 4616 3131 4683 λέγω,
3163 4618 3352 4684 φησιν,
3391 4615 3586 4685 ίμὰτςτα
3632 4617 3725 4668 και
3772 4616 4047 4685 χιτῶναςς

2464 4710 2559 4761 καὶ
2592 4709 2725 4761 αὐτὸ
2748 4709 2808 4761 τὸ
2840 4708 3002 4777 σῶμά
3048 4724 3145 4763 σου
3190 4709 3277 4770 δὸς
3320 4707 3398 4777 τῷ
3432 4709 3635 4770 ἀδίκως
3676 4708 3913 4774 ἕλκοντι,
3952 4713 4051 4764 καὶ

2466 4801 2660 4864 πλέον,
2688 4800 2721 4867 ἢ
2752 4801 2958 4863 ἐκεῖνος
2990 4799 3264 4869 βούλεται,
3304 4801 3553 4869 ποίησον.

2537 4910 2555 4943 ι
2604 4890 2693 4961 Τῷ
2726 4891 2971 4967 αίττοῦντί
2998 4908 3056 4945 σε
3088 4891 3256 4952 δίδου,
3311 4893 3407 4944 καὶ
3426 4898 3518 4946 τὸν
3548 4892 3772 4946 θέλοντα
3808 4896 3918 4949 ἀπὸ
3951 4897 4047 4948 σοῦ

2457 4984 2833 5050 δανείσασθαι,
2890 4985 2971 5055 μὴ
3005 4988 3392 5057 ἀποστραφῇς.
3434 5004 3453 5037 ι
3523 4987 3640 5040 Κᾶν
3677 4988 3894 5061 ἐχθρὸς,
3945 4990 4049 5041 κᾶν

2459 5078 2633 5146 φίλος,
2664 5079 2767 5132 κᾶν
2795 5080 3050 5141 ἄπιστος,
3082 5081 3194 5133 είτε
3228 5082 3486 5150 χρήματα
3516 5079 3691 5151 ζητεῖ,
3726 5084 3833 5135 εἴτε
3876 5084 4048 5153 ἀλλην

2462 5169 2735 5239 βοήθειαν.
2774 5173 3055 5242 Δάνεισμα
3085 5172 3163 5234 δὲ,
3192 5172 3252 5224 ού
3292 5173 3353 5223 τὸ
3392 5172 3488 5224 σὺν
3517 5177 3663 5243 τόκῳ
3704 5173 3873 5241 λέγει,
3911 5176 4050 5231 ἀλλὰ

2456 5264 2557 5335 τὴν
2584 5264 2771 5326 ἁπλῶς
2821 5263 3045 5335 χρῆσιν.
3104 5266 3257 5318 Ἐπεὶ
3317 5268 3412 5319 xat
3452 5270 3509 5320 ἐν
3559 5268 3636 5338 τῷ
3680 5270 3833 5340 νόμῳ
3878 5272 4049 5341 χωρὶς

2456 5358 2618 5410 τόκου
2650 5358 2942 5421 ἐδάνειςον.

2535 5468 2553 5501 ι
2608 5450 2908 5506 Ἠκούσατε
2937 5452 3019 5505 ὅτι
3048 5452 3249 5525 ἐρρέθη
3270 5471 3284 5485 ·
3329 5454 3663 5525 Ἀγαπήσεις
3697 5456 3789 5509 τὸν
3817 5456 4049 5528 πλησίον

2458 5554 2577 5605 σου,
2600 5544 2695 5595 καὶ
2717 5545 2974 5613 μισήσεις
3001 5546 3095 5600 τὸν
3122 5547 3318 5618 ἐχθρόν
3351 5564 3445 5601 σου
3461 5564 3474 5577 ·
3514 5548 3625 5618 ἐγὼ
3646 5549 3703 5602 δὲ
3727 5549 3871 5618 λέγω
3891 5552 4046 5621 ῦμῐνο

2470 5631 2747 5703 ’Δγαπᾶτε
2797 5636 2925 5701 τοὺς
2950 5638 3180 5709 ἐχθροὺς
3221 5628 3393 5709 ὑμῶν.
3433 5659 3451 5694 ι
3491 5642 3768 5710 Ἕφθασεν
3807 5644 3903 5696 επὶ
3948 5643 4050 5714 τὴν

2415 5752 2425 5762 ·
2459 5727 2709 5800 κορυφὴν
2744 5727 2852 5781 τῶν
2895 5730 3110 5807 ἀρετῶν
3137 5747 3150 5761 ’
3205 5732 3256 5784 τί
3299 5732 3406 5805 γὰρ
3454 5734 3645 5787 τούτου
3676 5735 3863 5805 μεῖζον
3888 5752 3903 5801 ;
3930 5736 4050 5789 Οὐκ

2460 5820 2725 5876 ἀδύνατον
2748 5820 2825 5873 δέ.
2861 5822 3063 5891 Μωσῆς
3092 5823 3199 5893 γὰρ
3226 5824 3316 5877 καὶ
3346 5825 3558 5891 Παῦλος
3579 5829 3703 5893 τοῦ,
3726 5827 4051 5882 κατάὐτῶν
