4288 6444
791 416 899 480 203

1653 409 2235 469 TIlEOPIIYLACTI
2274 408 2683 469 BULGARl/E
2725 410 3079 472 ARCHIEP.

3936 412 4048 480 204

793 527 1021 595 teipsnm
1085 522 1314 592 ignores.
1379 516 1470 570 Vel
1533 516 1694 572 ctiam
1769 518 1951 582 aliter,
2011 517 2486 579 SiniSIra‘cstA'

2352 526 2365 571 l
2396 524 2439 579 Α
2470 518 2539 571 Ἢ
2564 517 2657 571 καὶ
2687 517 2862 582 ἄλλως
2885 535 2900 551 ο
2927 521 3213 592 ἀριστερᾲ,
3244 521 3276 590 ἡ
3300 518 3595 584 κενοδοξία·
3629 516 3799 583 δεξιὰ.
3822 519 3856 590 ἡ
3884 518 4045 589 ἐλεη-

794 618 971 674 inanis
1031 615 1221 684 gloria,
1295 610 1487 664 dextra
1556 625 1686 665 vero
1742 610 2110 678 eleemosyna,
2162 609 2369 663 nesciat

793 711 957 781 igitur
985 706 1382 776 eleemosynam
1408 702 1586 757 inanis
1609 700 1805 772 gloria.

862 802 1025 855 Vens.
1056 799 1109 853 4.
1150 815 1168 849 ι
1209 794 1281 851 Ut
1306 794 1378 850 sit
1406 793 1752 861 eleemosyna
1808 801 1895 847 tua
1953 793 2007 847 in
2063 791 2266 856 abdito,
2313 798 2367 843 et

789 892 950 947 Pater
984 900 1108 945 tuus
1142 887 1232 956 qui
1265 887 1407 940 videt
1445 885 1497 942 in
1556 883 1763 947 abdito,
1802 884 1989 938 reddet
2018 884 2114 937 tibi
2165 883 2215 935 in
2255 898 2369 934 ma-

792 983 1011 1038 nifesto.
1064 1000 1082 1033 ι
1122 977 1388 1046 Quando?
1430 974 1583 1030 Tunc
1632 990 1751 1030 cum
1800 975 1944 1034 nuda
1994 984 2047 1028 et
2082 971 2363 1027 manifesta

787 1077 965 1130 omnia
994 1081 1172 1134 erunt,
1206 1079 1262 1127 et
1284 1079 1412 1124 tunc
1440 1070 1611 1140 magis
1635 1065 2029 1134 gloriﬁcabere.

858 1247 1023 1303 Vens.
1068 1248 1120 1303 5.
1158 1266 1174 1297 ι
1222 1246 1283 1298 Et
1312 1246 1528 1316 quando
1551 1256 1698 1308 oras,
1728 1257 1833 1296 non
1860 1241 1971 1295 eris
1998 1240 2375 1310 quemadmoé‘

787 1342 910 1394 dum
957 1339 1275 1409 hypocrita.
1314 1337 1403 1405 qui
1439 1344 1627 1389 amant
1685 1335 1737 1389 in
1790 1334 2170 1390 conciliabulis
2202 1342 2258 1387 et
2312 1332 2364 1385 in

786 1432 997 1500 angulis
1044 1430 1338 1498 platearum
1386 1435 1595 1482 stantes
1627 1441 1807 1490 orare,
1849 1434 1908 1479 ut
1950 1424 2228 1495 conspicui
2258 1425 2367 1479 sint

783 1521 1114 1577 hominibus.
1131 1521 1301 1575 Anien
1329 1521 1450 1574 dico
1476 1519 1647 1583 vobis,
1672 1519 1815 1587 quod
1840 1516 2043 1572 habent
2060 1515 2364 1572 mercedem

786 1629 963 1668 suam.
1010 1633 1029 1666 ι
1065 1612 1390 1683 Hypocritas
1420 1618 1474 1663 et
1510 1609 1646 1663 istos
1680 1609 1945 1673 nominat,
2004 1608 2084 1661 uti
2144 1622 2238 1662 eos
2272 1608 2361 1677 qui

783 1707 1033 1760 videntur
1054 1706 1270 1775 quidem
1289 1703 1569 1758 attendere
1599 1702 1665 1755 ad
1692 1700 1883 1766 Deum,
1913 1700 2006 1755 sed
2032 1702 2097 1755 ad
2120 1700 2366 1755 homines

783 1798 953 1867 magis
988 1797 1296 1858 attendunt,
1337 1810 1364 1847 a
1401 1794 1597 1865 quibus
1652 1794 1871 1860 habent,
1909 1793 2014 1849 hoc
2074 1800 2178 1856 est,
2217 1793 2361 1847 acci-

781 1890 935 1959 piunt
969 1890 1268 1944 mercedem
1296 1902 1471 1942 suam.

855 1980 1019 2035 Vens.
1045 1979 1097 2033 6.
1153 1998 1169 2030 ι
1206 1976 1287 2031 Tu
1322 1985 1528 2043 autem,
1556 1978 1771 2046 quando
1805 1991 1956 2039 oras,
1990 1976 2273 2047 ingredere
2304 1975 2356 2029 in

780 2069 1084 2123 cubiculum
1121 2079 1293 2131 tuum,
1330 2075 1386 2121 et
1435 2066 1616 2121 clausa
1648 2065 1815 2135 janua
1865 2076 1952 2118 tua
1994 2079 2087 2118 ora
2142 2065 2355 2119 Patrem

784 2173 931 2213 tuum
968 2161 1019 2213 in
1058 2160 1398 2225 abscondito,
1434 2167 1489 2213 et
1517 2157 1681 2212 Pater
1701 2167 1823 2211 tuus
1848 2158 1937 2227 qui
1967 2158 2113 2211 videt
2148 2157 2199 2210 in
2231 2157 2361 2210 abs-

787 2250 1029 2314 condito,
1085 2249 1274 2304 reddet
1308 2249 1403 2303 tibi
1457 2249 1511 2303 in
1548 2247 1857 2303 manifesto.
1902 2268 1920 2300 ι
1972 2246 2109 2315 Quid
2156 2246 2358 2316 igitur?

772 2327 831 2394 in
866 2340 1095 2395 ecclesia
1124 2354 1227 2393 non
1259 2338 1465 2394 orabo?
1497 2336 1754 2404 Omnino,
1810 2338 1904 2393 sed
1954 2347 2102 2392 recto
2152 2338 2355 2399 animo,

777 2443 831 2484 et
854 2431 990 2485 citra
1014 2432 1463 2488 ostentationem.
1514 2429 1689 2485 Locus
1716 2430 1859 2483 enim
1895 2443 1998 2483 non
2048 2439 2229 2492 nocet,
2263 2428 2355 2483 scd

782 2522 976 2575 modus
1007 2532 1060 2577 et
1092 2523 1342 2576 intentio.
1382 2520 1533 2576 Multi
1558 2522 1700 2576 enim
1730 2522 1894 2575 etiam
1940 2522 1994 2575 in
2032 2522 2356 2576 abscondito

778 2622 1019 2679 orantes,
1045 2614 1148 2668 hoc
1175 2621 1233 2667 ut
1263 2612 1574 2667 hominibus
1603 2610 1852 2681 placeant
1888 2610 2117 2667 faciunt.

843 2791 1015 2849 Vens.
1054 2791 1105 2846 7.
1140 2809 1159 2843 ι
1192 2791 1424 2847 Orantes
1482 2801 1688 2855 autem,
1746 2805 1812 2846 ne
1855 2790 1975 2846 sitis
2006 2790 2261 2861 battalogi
2302 2793 2353 2843 in

782 2888 1037 2956 precibus
1060 2887 1281 2949 vestris,
1316 2886 1457 2940 sicut
1486 2884 1714 2939 ethnici.
1743 2903 1761 2935 ι
1821 2883 2118 2955 Battalogia
2144 2896 2224 2939 est
2254 2902 2355 2939 nuo

779 2981 1005 3049 gacitas,
1037 2989 1091 3032 ut
1120 2978 1348 3047 exempli
1376 2976 1573 3047 gratia,
1605 2985 1789 3044 petere
1820 2978 2021 3047 aliquid
2058 2990 2353 3044 terrenum,

775 3070 1028 3139 gloriam,
1081 3069 1324 3132 divitias,
1379 3070 1688 3122 victoriam.
1754 3066 2116 3124 Battarismus
2175 3076 2355 3121 autem

2472 610 2700 681 μοσύνη·
2740 612 2813 682 μὴ
2838 612 3156 680 γινωσκέτω
3175 608 3269 667 οὖν
3300 614 3333 683 ἡ
3365 610 3640 676 κενοδοξία
3666 611 3766 682 τὴν
3810 611 4047 682 ἐλεημο-

2472 702 2658 776 σύνην.

2546 814 2565 847 ι
2609 796 2797 858 Ὅπως
2836 791 2868 870 ᾖ
2901 812 2994 848 σου
3023 798 3054 867 ἡ
3092 795 3426 865 ἐλεημοσύνη
3469 798 3527 848 tv
3559 795 3637 862 τῷ
3671 791 3924 862 κρυπτῷ,
3953 791 4052 845 καὶ

2466 889 2493 940 6
2528 888 2719 959 Πατήρ
2760 904 2853 941 σου
2908 891 2936 941 6
2966 888 3179 959 βλέπων
3212 888 3270 940 tv
3306 885 3385 955 τῷ
3415 902 3666 955 κρυπτῳ,
3706 883 3869 944 αὐτὸς
3913 883 4026 935 ἀπο

2466 976 2627 1031 δώσει
2660 996 2742 1031 σοι
2774 980 2833 1032 tv
2876 979 2954 1050 τῷ
2988 978 3227 1049 φανερῷ.
3268 995 3287 1029 ι
3344 977 3519 1041 Πότε;
3551 975 3684 1029 Ὀτι
3737 973 3919 1043 γυμνά
3954 973 4050 1025 καὶ

2467 1070 2679 1141 φανερά
2734 1071 2912 1125 πάντα
2969 1070 3353 1136 παρίστανται,
3414 1068 3507 1121 καὶ
3559 1069 3683 1120 τότε
3738 1062 4052 1135 δοξασθήσῃ

2470 1164 2694 1234 μᾶλλον.

2541 1273 2559 1306 ι
2590 1255 2699 1308 Καὶ
2714 1256 2843 1309 ὅταν
2869 1255 3164 1326 προσεύχῃ,
3188 1254 3287 1307 ούκ
3317 1252 3414 1323 ἔσῃ
3436 1250 3627 1321 ὥσπερ
3649 1251 3697 1303 oi
3727 1246 4048 1318 ὑποκριταὶ,

2466 1347 2547 1400 ὅτι
2578 1346 2823 1416 φιλοῦσιν
2871 1348 2930 1399 tv
2981 1351 3102 1411 ταῖς
3134 1348 3482 1415 συναγωγαῖς
3537 1346 3631 1398 καὶ
3679 1345 3738 1396 tv
3785 1344 3905 1405 ταῖς
3939 1358 4052 1409 γω-

2467 1440 2609 1502 νίαις
2634 1439 2743 1493 τῶν
2774 1438 3049 1493 πλατειῶν
3082 1440 3317 1503 ἑστῶτες
3340 1436 3765 1509 προσεύχεσθαι,
3794 1435 3946 1495 ὅπως
3980 1430 4050 1485 ἀν

2424 1598 2427 1601 δ
2467 1533 2678 1601 φανῶσι
2706 1534 2816 1595 τοίς
2845 1532 3177 1604 ἀνθρώποις.
3231 1532 3403 1603 Ἀμὴν
3435 1532 3581 1600 λέγω
3627 1530 3777 1599 ύμῖν,
3806 1529 3889 1581 ὅτι
3913 1526 4049 1579 ἀπέ-

2466 1640 2619 1695 χουσι
2646 1624 2737 1677 τὸν
2767 1624 2957 1695 μισθὸν
2986 1623 3186 1679 αὐτῶν.
3233 1644 3252 1677 ι
3300 1622 3633 1694 Ὑποκριτάς
3690 1620 3783 1673 καὶ
3820 1618 4049 1679 τούτους

2464 1718 2740 1789 ὀνομάζει,
2774 1720 2848 1781 ὠς
2874 1717 3171 1780 δοκοῦντας
3202 1717 3303 1788 μὲν
3332 1713 3452 1786 Θεῷ
3482 1712 3797 1786 προσέχειν,
3831 1707 4047 1780 ἀνθρὼο

2466 1827 2587 1874 ποις
2618 1810 2675 1864 δὲ
2697 1811 3064 1883 προσέχοντας
3097 1826 3112 1841 ⁸
3149 1810 3282 1881 παρ’
3312 1801 3386 1863 ὧν
3422 1809 3715 1878 ἀπέχουσι,
3745 1800 4047 1866 τουτέστιν,

2392 1884 2433 1941 Β
2464 1904 2909 1974 ἀπολαμϐάνουσι
2940 1902 3030 1956 τὸν
3067 1901 3255 1973 μισθὸν
3282 1900 3481 1955 αὐτῶν.

2541 2014 2559 2047 ι
2600 1996 2672 2048 Σὺ
2719 1995 2776 2047 δὲ
2806 1996 2935 2048 ὅταν
2975 1994 3279 2066 προσεύχῃ,
3334 1992 3543 2045 εἴσελθε
3578 1993 3660 2056 είς
3700 1993 3760 2045 τὺ
3814 1992 4047 2063 ταμεῖόν

2465 2104 2581 2151 σου,
2624 2087 2720 2139 καὶ
2754 2086 2973 2149 κλείσας
3000 2086 3099 2158 τὴν
3127 2084 3299 2156 θύραν
3331 2102 3447 2152 σου,
3477 2084 3772 2155 πρόσευξαι
3820 2085 3897 2153 τῷ
3928 2086 4045 2138 Πα-

2461 2178 2550 2247 τρί
2573 2194 2665 2231 σου
2697 2178 2776 2248 τῷ
2798 2179 2856 2231 ἐν
2879 2176 2955 2249 τῷ
2978 2177 3225 2247 κρυπτῷ,
3251 2177 3345 2230 καὶ
3371 2177 3399 2229 6
3425 2177 3616 2249 Πατήρ
3652 2194 3746 2231 σου
3770 2179 3797 2231 6
3827 2176 4044 2249 βλέπων

2461 2272 2519 2323 ἐν
2552 2269 2630 2342 τῷ
2679 2269 2929 2341 κρυπτῷ,
2981 2268 3258 2322 ἀποδώσει
3298 2284 3379 2320 σοι
3428 2269 3488 2322 tv
3519 2268 3597 2339 τῷ
3632 2268 3872 2339 φανερῷ.
3906 2286 3925 2319 ι
3977 2268 4045 2321 Τί

2459 2363 2584 2430 οὖν,
2614 2365 2672 2418 tv
2708 2363 2975 2435 ἐκκλησίᾳ
2998 2362 3071 2433 μὴ
3100 2362 3523 2433 προσεύξωμαι;
3559 2364 3671 2416 Καὶ
3703 2364 3842 2417 πάνυ
3867 2380 3879 2392 ’
3904 2362 4043 2415 ἀλλὰ

2464 2459 2603 2529 μετά
2651 2455 2880 2528 γνώμης
2918 2456 3104 2527 ὀρθῆς,
3144 2455 3241 2509 καὶ
3296 2453 3437 2507 ὥστε
3478 2455 3553 2526 μὴ
3606 2454 4040 2519 ἐπιδείκνυσθαι,

2460 2551 2581 2603 ἐπεὶ
2610 2552 2636 2604 6
2676 2552 2839 2612 τόπος
2868 2548 2929 2600 ού
2966 2548 3217 2617 βλάπτει,
3253 2545 3371 2599 ἀλλ’
3403 2548 3431 2599 6
3475 2545 3675 2618 τρόπος
3716 2547 3807 2598 καὶ
3855 2548 3882 2599 6
3914 2564 4039 2598 σκο-

2462 2644 2581 2707 πός.
2624 2641 2816 2696 Πολλοὶ
2868 2640 2998 2705 γοῦν
3056 2642 3115 2691 tv
3158 2638 3237 2708 τῷ
3289 2638 3519 2711 κρυπτῷ
3564 2638 3867 2709 εὐχόμενοι,
3903 2637 4043 2707 πρὸς

2459 2735 2954 2803 ἀνθρωπαρεσκίαν
2986 2731 3141 2785 τοῦτο
3168 2730 3434 2785 ποιοῦσιν.

2537 2844 2555 2877 ι
2601 2823 3133 2896 Προσευχόμενοιδὲ,
3163 2823 3239 2894 μὴ
3275 2821 3737 2891 βαττολογήσητε,
3766 2819 3956 2891 ὥσπερ
3988 2819 4044 2871 οί

2460 2912 2683 2965 ἐθνικοί.
2723 2929 2741 2962 ι
2803 2911 3137 2979 Βαττολογία
3197 2911 3346 2963 ἐστὶν
3406 2909 3713 2981 ήιρλυαρία
3741 2927 3756 2941 ·
3795 2906 3927 2972 οἷον,
3979 2910 4043 2963 τὸ

2461 3007 2631 3057 αἰτεῖν
2665 3020 2717 3055 τι
2758 3004 2865 3055 τῶν
2898 3004 3124 3073 γηΐνων,
3158 3001 3339 3068 δόξαν,
3374 3001 3630 3065 πλοῦτον,
3687 3002 3865 3072 νίκην.
3900 3002 4041 3054 Βατ-

2458 3094 2725 3166 ταρισμὸς
2754 3095 2808 3148 δέ
2845 3095 3049 3164 ὲστινὴ
3082 3094 3352 3165 ἄναρθρος
3389 3094 3562 3163 φωνὴ,
3592 3095 3668 3155 ὡς
3709 3096 3742 3164 ὴ
3770 3092 3879 3147 τῶν
3916 3110 4045 3145 παι-

774 3172 858 3217 cst
888 3160 1235 3216 inarticnlata
1262 3175 1390 3225 vox,
1427 3159 1601 3228 qualis
1632 3168 1715 3212 est
1745 3174 2034 3227 puerorum
2062 3174 2077 3218 :
2114 3168 2167 3213 tu
2192 3160 2358 3230 igitur
2383 3235 2424 3258 Β
2461 3190 2467 3235 ε

2349 3176 2424 3258 ἠ
2461 3159 2589 3241 δίων
2616 3159 2725 3240 ’.σὺ
2748 3190 2929 3241 τοίνυν
2963 3159 3048 3258 μὴ,
3067 3159 3308 3257 φλύαρος
3343 3159 3455 3241 ἔσο.
3498 3159 3741 3240 Ᾰοκοῦσι-
3777 3188 3908 3257 γὰρ,
3957 3186 4042 3239 ὅτι

775 3268 841 3308 ne
870 3267 1048 3321 nugax
1072 3260 1125 3307 et
1160 3250 1516 3320 ntultiloqttus
1549 3249 1645 3305 sis.
1680 3268 1697 3301 ι
1734 3250 2098 3307 Putantenint
2131 3252 2273 3322 quod
2300 3253 2353 3307 in
2382 3235 2424 3291 (ἶ
2461 3235 2645 3349 ’τῇ

775 3342 1112 3412 multiloquio
1170 3355 1269 3396 suo
1325 3343 1754 3396 exaudiantur.»
1816 3339 1930 3396 Non
1992 3351 2121 3397 sunt
2178 3342 2355 3414 longa:

774 3450 966 3503 preces
1020 3433 1295 3498 faciendae,
1358 3434 1453 3488 scd
1509 3436 1703 3490 breves
1738 3434 1963 3505 quidem
2016 3442 2070 3490 et
2125 3440 2351 3502 crebrzc,

773 3534 986 3596 oportet
1012 3526 1153 3579 enim
1187 3540 1357 3595 pauca
1408 3525 1695 3596 loquentes
1742 3540 2096 3597 perseverare
2132 3528 2186 3582 in
2224 3543 2352 3598 pre-

773 3620 945 3673 cibus.

842 3709 1003 3767 Vens.
1030 3711 1083 3766 8.
1132 3730 1150 3764 ι
1192 3710 1268 3767 Ne
1300 3714 1465 3783 igitur
1492 3713 1871 3770 assimilentini
1899 3715 2017 3783 eis;
2051 3717 2154 3772 scit
2207 3718 2351 3772 enim

775 3803 934 3859 Pater
971 3813 1153 3858 vester
1186 3804 1378 3874 quibus
1422 3805 1696 3876 indigetis,
1732 3818 2022 3879 antequam
2056 3812 2251 3879 petatis
2283 3810 2353 3864 ab

768 3896 880 3950 illo.
926 3914 943 3947 ›
978 3892 1091 3950 Non
1123 3898 1265 3951 enim
1294 3905 1350 3950 ut
1379 3896 1697 3964 doceamus,
1731 3874 2006 3968 petimus:
2042 3902 2135 3955 sed
2171 3912 2227 3956 ut
2254 3916 2351 3957 nos

769 4004 797 4042 a
833 3989 1219 4057 temporalibus
1245 4000 1298 4043 et
1342 3990 1698 4045 smeularibus
1760 3983 1905 4045 curis
1939 3993 2346 4059 abstrahamus,

767 4091 821 4133 ct
873 4081 1046 4134 otiose
1093 4088 1148 4135 et
1199 4094 1391 4149 magna
1441 4095 1565 4134 cum
1600 4079 1829 4137 utilitate
1880 4097 2002 4137 cum
2062 4098 2128 4138 eo
2179 4084 2347 4139 collo-

768 4189 1019 4240 quamur.

839 4262 1002 4317 Vens.
1042 4264 1092 4318 9.
1134 4284 1152 4314 ι
1194 4263 1286 4320 Sic
1342 4266 1507 4335 igitur
1544 4274 1699 4321 orate
1736 4282 1876 4323 vos:
1930 4265 2090 4325 Pater
2134 4281 2343 4336 noster,

763 4356 855 4424 qui
909 4369 967 4408 es
1019 4356 1071 4407 in
1108 4358 1282 4409 ιωιίε.
1324 4376 1341 4407 ι
1405 4358 1562 4411 Aliud
1595 4368 1681 4413 est
1712 4370 1915 4426 votum,
1967 4361 2110 4415 aliud
2142 4364 2341 4417 oratio.

772 4444 956 4500 \‘ottun
991 4449 1135 4501 enim
1171 4458 1254 4503 est
1294 4452 1584 4518 promissio
1630 4465 1813 4505 coram
1866 4452 1999 4519 Deo,
2034 4463 2090 4507 ut
2124 4456 2343 4523 quando

2682 3279 2981 3348 πολυλογίᾳ.
3014 3279 3195 3332 αὐτῶν
3226 3278 3774 3349 εἰσακουσθήσονται.
3830 3277 3905 3332 Οὐ
3960 3276 4047 3330 δεῖ

2462 3370 2682 3440 μακρὰς
2725 3371 2998 3424 ποιεῖσθαι
3038 3370 3137 3435 τὰς
3196 3372 3385 3442 εύχας,
3431 3372 3567 3425 ἀλλά
3623 3369 3888 3443 βραχείας
3918 3369 4039 3440 μὲν,

2459 3465 2721 3533 συχνάκις
2766 3463 2845 3529 δὲ,
2887 3464 2981 3517 καὶ
3022 3464 3179 3533 ὀλίγα
3215 3463 3643 3536 φθεγγομένους,
3692 3479 4046 3535 προσκαρτε-

2459 3561 2572 3626 ρεῖν
2600 3561 2665 3629 τῇ
2696 3560 2854 3629 εὐχῇ.

2534 3754 2552 3786 ι
2586 3735 2676 3805 Μὴ
2721 3735 2813 3789 οὖν
2843 3737 3146 3809 ὁμοιωθῆτε
3203 3740 3411 3807 αὐτοῖς,
3456 3736 3567 3795 οἵδε
3610 3741 3719 3810 γὰρ
3770 3742 3797 3795 6
3849 3741 4041 3812 Πατὴρ

2457 3826 2610 3895 ὑμῶν
2626 3822 2700 3880 ὧν
2727 3830 2917 3898 χρείαν
2938 3838 3090 3901 ὲχετε
3116 3832 3221 3905 πρὸ
3250 3833 3344 3885 τοῦ
3376 3834 3521 3904 ὑμᾶς
3555 3835 3774 3904 αίτῆσαι
3798 3834 3982 3889 αὐτόν.
4017 3854 4034 3885 ι

2457 3918 2530 3971 UO
2583 3921 2689 3989 γὰρ
2736 3920 2823 3975 ἵνα
2855 3922 3155 3995 διδάξωμεν
3196 3925 3480 3996 αἰτοῦμεν,
3514 3925 3632 3979 ἀλλ’
3668 3926 3757 3980 ῐνα
3804 3927 4035 3990 ἑαυτοὺς

2453 4011 2931 4082 ἀπασχολήσαντες
2970 4016 3079 4069 τῶν
3139 4018 3433 4087 βιωτικῶν,
3487 4018 3867 4090 ὡφεληθῶμεν
3915 4019 4039 4088 ὁμιο

2452 4100 2672 4167 λοῦντες
2700 4104 2869 4175 αὐτῷ.

2526 4302 2541 4332 ι
2582 4281 2770 4346 οῦτως
2792 4281 2884 4336 οὖν
2912 4283 3282 4353 προσεύχεσθε
3318 4286 3473 4355 ὑμεῖς
3511 4302 3523 4313 ·
3564 4286 3748 4353 Πάτερ
3782 4286 3970 4355 ἡμῶν,
4008 4289 4037 4340 6

2450 4376 2508 4427 tv
2538 4376 2646 4439 τοῖς
2667 4377 2934 4444 ούρανοτς.
2975 4394 2994 4427 ι
3036 4376 3181 4445 Εύχὴ
3242 4375 3391 4442 ἀλλο,
3430 4378 3523 4429 καὶ
3553 4378 3833 4449 προσευχὴ
3880 4378 4033 4433 ἄλλο.

2448 4469 2596 4538 Εύχὴ
2626 4468 2725 4533 μὲν
2754 4469 2861 4539 γάρ
2895 4470 3043 4520 ἐστιν
3078 4468 3373 4538 ὑπόσχεσις
3408 4469 3546 4538 πρὸς
3590 4470 3724 4522 Θεόν
3757 4487 3770 4501 ’
3806 4470 3880 4533 ὡς
3907 4473 4039 4523 ὅταν

766 4541 1027 4608 promittit
1056 4542 1177 4610 quis
1221 4544 1279 4596 s'e
1310 4543 1588 4598 abstinere
1618 4558 1647 4596 a
1676 4543 1827 4608 vino,
1857 4544 1936 4598 vel
1966 4545 2070 4599 alia
2106 4548 2341 4616 quadam
2378 4592 2423 4648 ὓ
2453 4580 2459 4608 ε

2339 4573 2423 4648 ιι)
2453 4561 2781 4630 ὑπισχνῆταί
2838 4577 2920 4624 τις
2968 4561 3312 4629 ἀποσχέσθαι
3363 4561 3509 4615 οἴνου
3562 4562 3791 4631 ἢάλλου
3844 4564 3988 4627 τινός
4018 4579 4032 4592 ·

766 4648 822 4685 rc
870 4649 881 4684 :
942 4635 1115 4685 oratio
1148 4645 1328 4688 autem
1360 4636 1547 4701 petitio
1578 4636 1871 4688 bonorum.
1918 4635 2115 4690 Dicens
2162 4648 2341 4691 autem

764 4726 947 4785 l'atcr,
984 4725 1218 4777 ostendit
1255 4725 1345 4777 tibi
1384 4736 1583 4791 quanta
1617 4726 1753 4781 bona
1790 4727 1865 4781 sis
1919 4737 2218 4795 assecutus,
2263 4727 2343 4783 fa-

767 4824 887 4868 ctus
924 4815 1067 4868 [ilius
1090 4812 1204 4868 Dei.
1235 4814 1298 4867 Et
1333 4816 1456 4869 dum
1486 4816 1641 4881 dicit,
1676 4817 1729 4870 In
1763 4819 1939 4884 cmiis,
1974 4820 2210 4875 ostendit
2244 4822 2339 4877 tibi

759 4910 987 4977 patriam
1026 4919 1170 4962 tuam
1226 4920 1281 4963 et
1337 4911 1557 4965 domum
1612 4921 1913 4981 paternam.
1977 4914 2113 4970 ham
2159 4916 2201 4972 si
2260 4918 2339 4973 vis

764 5005 962 5054 habere
989 5000 1200 5054 Patrem
1238 5003 1428 5064 Deum,
1462 5004 1512 5057 in
1555 5002 1663 5074 32
1695 5006 1862 5061 caelos
1905 5016 2113 5077 specta,
2151 5019 2206 5063 et
2235 5025 2354 5071 non,

762 5095 813 5145 in
860 5103 1077 5146 terram.
1111 5092 1226 5147 Non
1272 5095 1409 5149 dicis
1445 5104 1646 5162 autem,
1682 5096 1846 5152 Pater
1902 5114 2074 5163 meus,
2116 5099 2211 5155 sed
2246 5101 2342 5157 Pa-

763 5196 845 5237 ter
891 5193 1098 5248 noster,
1157 5196 1213 5238 ut
1258 5202 1450 5240 omnes
1498 5188 1652 5257 quasi
1711 5188 1909 5246 fratres
1964 5194 2123 5249 unius
2169 5196 2340 5265 patris

761 5274 984 5329 habeas.
1048 5294 1065 5327 ι
1102 5275 1491 5333 Sanctiﬁcetur
1531 5294 1725 5336 nomen
1772 5293 1945 5337 tuum.
1985 5304 2003 5337 ι
2066 5286 2180 5342 Hoc
2232 5299 2338 5357 est,

754 5367 919 5423 facito
949 5384 1049 5425 nos
1088 5381 1329 5435 sanctos,
1366 5382 1425 5427 ut
1472 5382 1525 5429 et
1560 5384 1613 5427 tu
1678 5390 1773 5445 per
1828 5391 1929 5432 nos
1993 5380 2333 5447 gloriﬁceris.

756 5462 907 5517 Sicut
935 5464 1080 5517 enim
1126 5466 1537 5535 blasphematur
1580 5478 1802 5537 propter
1831 5485 1937 5536 me,
1981 5473 2051 5525 ita
2111 5482 2164 5527 et
2208 5490 2336 5529 san-

755 5554 1029 5610 ctilicatur
1061 5567 1283 5627 propter
1335 5573 1422 5615 me
1485 5559 1628 5616 Deus
1674 5579 1684 5613 :
1731 5563 1832 5618 hoc
1879 5574 1984 5629 est,
2026 5576 2084 5618 ut
2115 5580 2337 5623 sanctus

756 5649 1109 5715 gloriﬁcatur.

828 5738 984 5795 Vens.
1021 5742 1105 5794 10.
1143 5758 1160 5793 ι
1198 5742 1467 5797 mivcniat
1514 5760 1737 5815 regnum
1782 5759 1952 5804 tuum.
1997 5770 2013 5803 ι
2051 5751 2334 5811 Sccumlus

749 5830 952 5885 scilicet
976 5830 1240 5890 adventus
1271 5851 1284 5901 ;
1313 5851 1455 5901 nam,
1481 5835 1650 5893 frctus
1674 5844 1809 5896 bona
1839 5846 2193 5913 conscientia,
2216 5864 2336 5919 prc-

2454 4652 2730 4721 προσευχὴ
2779 4652 2857 4712 δὲ,
2910 4652 3132 4719 ἀγαθῶν
3176 4653 3414 4718 αίτησις.
3500 4653 3684 4724 Πάτερ
3732 4654 3789 4707 δὲ
3841 4655 4035 4719 εἰπὼν,

2448 4738 2688 4791 δείκνυσί
2720 4753 2801 4789 σοι
2834 4738 2993 4791 τίνων
3034 4740 3257 4806 ἀγαθῶν
3292 4741 3551 4812 ἡξιώθης,
3603 4743 3724 4804 υίὸς
3767 4743 3903 4795 Θεοῦ
3942 4761 4039 4812 γε·

2448 4826 2621 4896 γονώς
2650 4843 2663 4856 ο
2694 4829 2750 4881 tv
2780 4828 2835 4880 δὲ
2870 4827 2948 4897 τῷ
2980 4831 3174 4893 είπεῑν,
3211 4831 3268 4880 ὲν
3303 4835 3415 4895 τοῖς
3436 4834 3705 4903 οὐρανοῖς,
3743 4834 3911 4901 ἔδειξε
3952 4852 4039 4887 σοι

2445 4921 2545 4992 τὴν
2574 4923 2809 4994 πατρίδα
2859 4940 2952 4976 σου
2986 4926 3081 4977 καὶ
3133 4922 3224 4977 τὸν
3256 4919 3405 4977 οἷκον
3432 4927 3525 4981 τὸν
3566 4930 3834 4998 πατρικόν
3869 4945 3883 4959 θ
3938 4930 4038 4981 ἐὰν

2446 5015 2557 5084 γάρ
2588 5012 2746 5086 θέλῃς
2780 5014 2926 5085 ἔχειν
2975 5017 3194 5086 Πατέρα
3219 5018 3311 5071 τὸν
3348 5020 3504 5085 Θεὸν,
3540 5022 3672 5091 πρὸς
3705 5022 3832 5083 τοὺς
3864 5023 4034 5091 οὐρα.

2445 5109 2570 5171 νοὺς
2609 5106 2795 5177 βλέπε,
2829 5110 2923 5161 καὶ
2961 5108 3037 5180 μὴ
3100 5110 3236 5180 πρὸς
3279 5112 3421 5181 γῆνο
3458 5113 3520 5164 ού
3550 5112 3730 5181 λέγεις
3791 5113 3869 5179 δὲ,
3920 5114 4036 5167 Πά-

2445 5216 2541 5271 τερ
2567 5216 2692 5268 μου,
2740 5199 2904 5267 ἀλλὰ,
2942 5203 3124 5273 Πάτερ
3147 5202 3324 5272 ἡμῶν,
3351 5204 3425 5268 ὡς
3456 5205 3521 5259 ἂν
3544 5206 3687 5276 ἔχοις
3717 5207 3927 5270 πάντας
3957 5207 4032 5269 ti),

2441 5291 2705 5361 ἀδελφοὺς
2732 5294 2849 5355 ἐνὸς
2879 5295 3115 5365 Πατρός.
3152 5314 3169 5348 ι
3212 5296 3559 5368 Ἀγιασθήτω
3577 5301 3636 5352 τὸ
3654 5300 3827 5369 ὄνομά
3855 5316 3973 5355 σου.
4008 5320 4026 5351 ο

2442 5384 2727 5451 Τουτέστι,
2756 5386 2989 5456 Ποίησον
3017 5389 3167 5458 ἡμᾶς
3193 5390 3407 5458 ἁγίους,
3438 5391 3526 5446 ίνα
3563 5394 3661 5445 καὶ
3693 5394 3757 5446 σὺ
3780 5395 3850 5446 δι’
3881 5395 4031 5465 ἡμᾶς

2442 5476 2638 5549 δοξάξῃ
2673 5493 2687 5509 ·
2742 5477 2818 5541 ὠς
2870 5479 2978 5550 γὰρ
3010 5478 3413 5553 βλασφημεῖται
3470 5484 3538 5537 δι’
3585 5486 3705 5556 ἐμὲ.
3753 5485 3897 5540 οὕτω
3935 5491 4033 5542 καὶ

2440 5572 2727 5639 ἁγιάζεται
2779 5572 2846 5624 δι’
2899 5574 2999 5643 ἐμὲ
3046 5578 3074 5629 6
3107 5576 3261 5643 Θεὸς,
3300 5580 3603 5645 τουτέστιν,
3641 5581 3715 5645 ὡς
3747 5581 3900 5650 ἅγιος
3945 5586 4034 5639 διι-

2442 5664 2684 5729 gazam.

2516 5779 2534 5809 ι
2584 5758 2813 5812 Ἐλθέτω
2844 5759 3149 5831 ὴβασιλεία
3176 5782 3291 5817 σου.
3321 5786 3338 5817 ι
3375 5767 3691 5833 Τουτέστιν,
3733 5770 3765 5840 ἡ
3799 5769 4035 5841 δευτέρα

2440 5851 2737 5920 παρουσία·
2779 5854 2807 5905 6
2846 5856 2957 5923 γὰρ
2992 5859 3231 5923 συνειδδς
3259 5859 3397 5929 ἔχων
3433 5864 4023 5933 πεπαρρησιασμένον,
