4288 6444
273 381 391 445 ἳο5

922 370 1375 434 ENARRATIO
1420 369 1502 431 ΙΝ
1539 365 1906 431 EVANGEL.

1974 362 2050 424 ΙΜ
2086 364 2475 426 ΜΑἹὝΙΙΣΕῘ.
2499 389 2566 402 --
2588 365 2746 428 CAP.
2792 365 2887 426 Vl.

3468 355 3577 424 205
3603 365 3607 370 ·

273 492 501 563 εὔχεται
533 487 708 541 ἐλθεῖν
728 487 827 557 τὴν
857 487 1156 541 ἀνάστασιν
1195 486 1290 541 καὶ
1322 477 1424 557 τὴν
1459 483 1666 555 κρίσιν.
1702 501 1721 533 ι
1761 480 1859 534 Γε-
1895 511 1906 537 Α

1974 487 2124 533 ratur
2173 489 2229 533 ut
2282 482 2468 535 veniat
2531 479 2862 536 rcsurrcctio
2904 485 2958 532 et
3027 474 3321 545 judicium.
3388 490 3404 520 ι
3449 467 3572 525 Fiat

271 584 498 655 νηθήτω
516 582 579 634 τδ
613 580 829 651 θέλημά
884 596 978 632 σου
1016 579 1093 640 ὡς
1126 579 1185 632 ἐν
1233 577 1451 650 οὐρανῷ
1484 577 1579 631 καὶ
1637 575 1731 630 ἐπί⁸
1768 573 1868 644 τῆς

269 677 400 746 γῆς·
427 674 694 742 ιὀσπερ.
731 672 920 743 φησὶν,
950 671 1001 724 οἰ
1035 671 1265 741 ἄγγελοι
1287 669 1535 724 ποιοῦσιν
1563 669 1625 722 τὸ
1655 664 1871 738 θέλημά

275 786 396 832 σου,
430 766 577 821 οὕτω
605 767 701 820 καὶ
724 767 856 835 ἡμῖν
878 764 966 828 δὸς
999 767 1176 817 ποιεῖν
1202 764 1361 818 αὐτό.

352 879 372 910 ε
413 858 520 912 Τὸν
553 857 719 927 ἄρτον
770 854 929 928 ἡμῶν
979 853 1074 906 τδν
1134 853 1416 907 ἐπιούσιον
1475 851 1566 915 δὸς
1603 852 1739 921 ήμῖν
1774 848 1873 920 σήο

275 967 467 1023 μερον.
512 968 531 1000 ι
581 948 918 1012 Ἐπιούσιον,
942 946 1033 1000 τὸν
1062 945 1158 999 ἐπὶ
1187 947 1254 1015 τῇ
1287 943 1451 1016 οὐσίᾳ
1489 943 1584 996 καὶ
1612 941 1872 995 συστάσει

271 1042 432 1112 ήμῶν
471 1039 748 1109 αὐτάρκη,
800 1037 966 1106 φησίν
996 1052 1010 1066 ⁶
1067 1037 1287 1106 ἀναιρεῖ
1341 1033 1400 1087 δὲ
1452 1034 1554 1106 τὴν
1587 1034 1722 1104 περὶ
1768 1031 1872 1101 τῆς

269 1129 464 1202 αὔριον
486 1129 784 1199 μέριμναν,
816 1130 909 1180 καὶ
935 1128 996 1180 τδ
1026 1127 1189 1195 σῶμα
1215 1125 1273 1178 δὲ
1295 1125 1391 1179 τοῦ
1427 1123 1670 1198 Χριστοῦ
1705 1125 1872 1194 ἄρτος

269 1225 420 1277 ἐστὶν
459 1221 736 1284 ἐπιούσιος
767 1236 812 1289 ο,
840 1215 903 1276 οὗ
962 1219 1410 1291 μεταλαμϐάνειν
1479 1217 1872 1290 ἀκατακρίτως

269 1315 570 1387 εὐχόμεθα.

353 1422 372 1455 ι
418 1404 531 1456 Καὶ
568 1401 705 1471 ἄφες
746 1403 882 1472 ἡμῖν
915 1399 985 1455 τά
1009 1400 1358 1473 ὀφειλήματα
1403 1400 1586 1472 ήμῶν,
1639 1401 1717 1464 ὡς
1777 1400 1872 1453 καὶ

269 1497 436 1565 ἡμεῖς
471 1493 706 1562 ἀφίεμεν
740 1495 855 1557 τοῖς
892 1494 1206 1562 ὀφειλέταις
1235 1493 1416 1564 ήμῶν.
1454 1513 1474 1548 ›
1523 1491 1744 1560 Ἐπειδὴ
1776 1494 1871 1547 καὶ

270 1584 411 1656 μετὰ
467 1583 530 1636 τὸ
584 1583 874 1654 βάπτισμα
931 1582 1350 1654 ἁμαρτάνομεν,
1414 1582 1731 1653 ἱκετεύομεν
1782 1582 1871 1636 ἵνα

265 1678 455 1749 ἀφήση
496 1679 652 1747 ήμῖν·
697 1675 841 1730 οὕτω
886 1675 942 1729 δέ
985 1676 1165 1747 άφήσε
1237 1676 1312 1738 ὼς
1342 1675 1437 1728 καὶ
1484 1675 1670 1746 ήμετς.
1740 1671 1906 1727 Ἐὰν.

265 1770 378 1839 γὰρ
409 1769 875 1840 μησικακῶμεν,
901 1769 1002 1822 οὐκ
1033 1769 1234 1839 ἀφήσει
1265 1769 1398 1840 ἡμῖν
1422 1784 1436 1798 ·
1481 1768 1585 1838 ἐμὲ
1614 1768 1724 1839 γὰρ
1754 1766 1870 1837 ἔχει

1978 572 2227 626 voluntas
2279 584 2369 625 tua
2437 573 2582 628 sicut
2625 574 2678 626 in
2735 569 2878 626 calo
2911 578 2967 625 et
3009 569 3060 622 in
3097 578 3263 621 terra.
3312 585 3330 617 ι
3391 563 3572 626 Sicut,

1974 663 2170 732 inquit,
2208 663 2385 734 angeli
2421 662 2628 718 faciunt
2666 662 3001 718 voluntatem
3037 669 3206 716 tuam.
3277 658 3350 711 ita
3381 667 3436 711 et
3470 671 3570 711 nos

1974 758 2039 808 da
2071 771 2190 809 eam
2233 753 2436 810 facere.

2050 847 2217 902 Vens.
2258 848 2346 904 11.
2379 867 2396 900 ι
2442 848 2642 902 Panem
2682 857 2930 900 nostrum
2968 842 3565 914 supersubstantialem

1976 941 2040 996 da
2102 942 2258 997 nobis
2313 941 2491 996 hodie.
2532 959 2550 992 ι
2610 935 3210 1009 Supcrsuhstantialem
3260 934 3418 1000 dicit,
3476 934 3574 1003 qui

1975 1035 2295 1090 substantiae
2356 1042 2412 1088 et
2461 1031 2842 1088 constitutioni
2907 1037 3107 1086 nostra:
3160 1028 3377 1093 suﬁicit,
3435 1029 3578 1083 tollit

1975 1135 2156 1180 autem
2187 1141 2375 1180 curam
2417 1127 2484 1180 de
2525 1125 2789 1180 craStino.
2827 1121 2972 1190 Quin
3023 1133 3077 1177 et
3125 1137 3327 1191 corpus
3368 1119 3574 1175 Christi

1975 1218 2132 1288 panis
2161 1228 2246 1274 est
2281 1219 2824 1287 supersuhstnntialis
2857 1234 2870 1272 :
2928 1215 3082 1285 cujus
3115 1229 3240 1270 esse
3275 1215 3576 1286 participes

1975 1309 2110 1365 citra
2141 1310 2655 1364 condemnationem
2691 1323 3002 1378 precamur.

2049 1401 2215 1457 Vens.
2250 1400 2339 1456 12.
2372 1418 2389 1451 ι
2429 1399 2497 1454 Ει
2533 1401 2750 1456 dimitte
2782 1400 2939 1455 nobis
2967 1401 3146 1456 debita
3188 1409 3398 1463 nostra,
3434 1399 3579 1455 sicut

1975 1503 2031 1548 et
2087 1509 2188 1549 nos
2243 1495 2570 1550 dimittimus
2615 1494 2959 1549 debitoribus
3004 1495 3232 1549 nostris.
3279 1512 3297 1545 ι
3351 1492 3487 1559 Quia
3522 1503 3577 1546 et

1977 1597 2098 1655 post
2124 1588 2388 1657 baptisma
2421 1601 2740 1658 peccamus,
2767 1589 3074 1655 'precamur
3109 1596 3171 1641 ut
3204 1585 3445 1640 dimittat
3479 1599 3578 1639 no-

1976 1679 2082 1744 bis,
2136 1683 2213 1734 sic
2246 1689 2432 1734 autem
2468 1680 2730 1744 dimittet,
2789 1680 3251 1750 quemadmodum
3306 1687 3362 1732 et
3415 1693 3574 1732 nos:

1978 1789 2103 1828 nam
2139 1773 2186 1828 si
2245 1774 2500 1828 vindicta:
2555 1770 2700 1826 avidi
2733 1781 2788 1827 et
2835 1785 3110 1826 memores
3143 1769 3432 1832 fuerimus,
3467 1785 3575 1824 non

264 1869 293 1920 6
317 1867 455 1930 Θεὸς
488 1865 847 1938 παράδειγμα
875 1879 887 1894 ’
921 1865 1016 1918 καὶ
1050 1863 1080 1917 δ
1111 1863 1252 1918 ποιῶ
1287 1865 1380 1926 ἐπ’,
1399 1863 1572 1933 ἄλλῳ,
1603 1865 1751 1917 ποιεῖ
1782 1861 1872 1916 ἐπ’

1978 1866 2245 1921 remittet.
2271 1865 2447 1921 Habet
2472 1882 2562 1922 me
2584 1864 2730 1921 Deus
2751 1876 2821 1920 ut
2839 1864 3117 1936 exemplar
3141 1880 3155 1916 :
3183 1873 3235 1919 et
3259 1864 3404 1933 quod
3433 1861 3577 1916 fat-in

266 1958 418 2028 ἐμοί.

343 2069 362 2100 ι
406 2051 519 2104 Καὶ
540 2034 616 2121 μή
641 2049 970 2119 εἰσενέγκῃς
999 2048 1147 2118 ἡμᾶς
1165 2047 1244 2111 είς
1262 2043 1592 2117 πειρασμόν.
1623 2063 1642 2097 ι
1686 2044 1873 2098 ’Ᾱσθε-

265 2145 384 2207 νεῖς
417 2145 592 2214 ἐσμεν
621 2144 669 2196 οἰ
702 2141 1006 2213 ἄνθρωποι,
1030 2140 1111 2194 διὸ
1144 2140 1206 2193 οὐ
1242 2139 1324 2193 δεῖ
1357 2138 1709 2211 ἐπιρῤίπτειν
1735 2139 1869 2192 ἑαυ-

272 2244 402 2303 τοὺς
428 2242 540 2303 τοῖς
572 2239 903 2309 πειρασμοῖς
927 2253 942 2268 ·
971 2234 1086 2288 ἀλλ’
1129 2234 1474 2303 ἐμπεσόντας
1515 2221 1772 2304 εὔχεσθαι
1795 2231 1872 2303 μὴ

270 2329 661 2398 καταποθῆναι
697 2327 803 2381 ὑπὸ
835 2327 929 2380 τοῦ
962 2323 1296 2397 πειρασμοῦ.
1367 2323 1427 2378 '0
1481 2328 1590 2395 γὰρ
1624 2341 1873 2379 καταπο-

270 2421 385 2482 οε“ις
418 2420 512 2472 καὶ
535 2416 804 2487 νικηθεὶς,
841 2417 1054 2478 ἐκεῖνος
1103 2413 1400 2484 εἰσηνέχθη
1439 2416 1521 2478 εἰς
1555 2414 1646 2468 τὸν
1677 2413 1873 2484 βόθρον

268 2511 365 2565 τοῦ
400 2510 737 2581 πειρασμοῦ,
775 2507 894 2563 ἀλλ’
931 2509 1034 2579 οὐχ
1084 2509 1112 2562 6
1146 2505 1410 2578 ἐμπεσὼν
1464 2509 1586 2578 μὲν,
1640 2507 1872 2578 νικήσας

269 2606 349 2658 δέ.
395 2624 414 2656 ι
438 2603 602 2658 Ἀλλὰ
623 2602 785 2672 ῥῦσαι
819 2603 968 2674 ⁴ήμὲὶς
989 2600 1097 2655 ἀπὸ
1113 2599 1206 2654 τοῦ
1232 2599 1492 2671 πονηροῦ.
1508 2620 1526 2653 ι
1557 2601 1674 2655 Ούκ
1693 2595 1870 2667 εἷπεν,

271 2699 387 2751 ἀπ’)
417 2696 529 2749 τῶν
578 2694 833 2766 πονηρῶν
901 2691 1208 2764 ἀνθρώπων
1237 2709 1250 2722 ·
1287 2693 1350 2745 οὐ
1380 2692 1490 2763 γὰρ
1534 2695 1733 2747 ἐκεῖνοι
1757 2693 1873 2747 ἀδι-

273 2789 468 2842 κοῦσιν
504 2789 676 2858 ἡμᾶς,
719 2787 838 2841 ἀλλ’
880 2787 908 2839 6
940 2777 1201 2855 πονηρός.
1237 2802 1254 2834 ι
1296 2784 1421 2837 Ὀτι
1477 2782 1572 2837 σοῦ
1625 2784 1777 2838 ἐστιν
1837 2783 1871 2854 ή

278 2881 535 2952 βασιλεία
568 2883 664 2934 καὶ
693 2880 727 2949 ή
747 2877 980 2948 δύναμις
1001 2878 1100 2930 καὶ
1124 2878 1156 2946 ή
1183 2875 1313 2940 δόξα
1348 2876 1430 2940 εἰς
1479 2877 1606 2939 τοὺς
1639 2874 1871 2941 αἰῶνας,

282 2973 485 3043 Ἀμήν.
525 2991 544 3024 ι
569 2971 840 3043 Θαρσύνει
866 2971 1016 3041 ἡμᾶς
1048 2967 1302 3022 ἐνταῦθα.
1359 2969 1421 3021 Εἰ
1463 2969 1579 3039 γὰρ
1612 2966 1872 3037 βασιλεύς

273 3066 414 3126 ἐστι,
444 3065 538 3117 καὶ
560 3062 785 3126 δυνατὸς
814 3063 842 3114 6
872 3060 1072 3130 Πατὴρ
1103 3061 1197 3114 καί
1233 3058 1466 3124 ἔνδοξος,
1517 3059 1737 3122 πάντως
1776 3059 1874 3112 καὶ

273 3158 440 3227 ἡμεῖς
471 3156 776 3227 νικήσομεν
823 3154 916 3208 τὸν
973 3152 1237 3224 πονηρὸν,
1292 3154 1387 3208 καί
1417 3151 1874 3224 δοξασθησόμεθα

273 3247 403 3301 ὓστε
413 3265 528 3318 ρον.

354 3359 372 3391 ι
397 3339 525 3393 Ἐὰν
544 3338 653 3407 γὰρ
675 3338 850 3408 ἀφῆτε
876 3339 992 3401 τοῖς
1017 3339 1331 3410 ἀνθρώποις
1353 3335 1425 3391 τὰ
1437 3333 1872 3408 παραπτώματα

271 3431 482 3491 αὐτῶν,
507 3429 710 3497 ἀφήσει
735 3429 831 3481 καὶ
869 3426 1000 3496 ὑμῖν
1025 3429 1054 3480 6
1079 3427 1266 3497 Πατὴρ
1297 3427 1454 3498 ὑμῶν
1476 3428 1504 3480 6
1526 3427 1801 3498 οὐράνιος.
1845 3444 1864 3479 ι

276 3520 448 3575 Πάλιν
474 3517 893 3588 ἀμνησικάκους
925 3519 1077 3588 ἡμᾶς
1131 3513 1274 3571 εἰναι
1317 3517 1590 3571 διδάσκει.
1653 3517 1872 3586 Ἀναμι·

277 3631 319 3684 μ
342 3615 514 3682 ’ἤσκει
545 3610 604 3664 δέ
634 3612 785 3681 ἡμᾶς
807 3608 897 3662 τοῦ
929 3611 1164 3680 [ἰατρὸς.
1200 3610 1285 3663 ἵνα
1315 3608 1656 3679 αἰδεσθῶμεν
1685 3610 1870 3675 αὑτὸν,

275 3706 373 3758 καὶ
413 3705 494 3774 μὴ
530 3700 948 3775 ἐκθηριὼμεθα,
980 3701 1225 3756 τοιούτου
1255 3701 1443 3765 παῖδες
1461 3701 1636 3765 ὄντες.

355 3904 374 3938 ι
425 3886 553 3939 Ἐὰν
581 3884 640 3938 δέ
676 3883 753 3955 μὴ
790 3881 971 3953 ἀφῆτε
1001 3883 1112 3945 τοῖς
1144 3881 1457 3952 ἀνθρώποις
1479 3881 1547 3936 τὰ
1570 3881 1875 3952 παραπτώ-

281 3995 432 4048 ματα
462 3978 670 4042 αὐτῶν,
707 3975 829 4029 οὐδὲ
858 3976 888 4028 ό
930 3973 1118 4046 [ἰατὴρ
1153 3974 1309 4044 ὑμῶν
1337 3975 1545 4046 ἀφήσει
1592 3975 1663 4028 τὰ
1696 3991 1874 4046 παρα-

274 4071 552 4140 πςώματα
596 4066 774 4138 ὑμῶν.
818 4085 840 4120 ι
876 4066 1043 4120 Οὐδὲν
1077 4064 1220 4120 οὕτω
1255 4070 1404 4137 μισεῖ
1435 4070 1465 4121 6
1499 4068 1675 4139 πρᾶος
1714 4068 1870 4131 Θεὸς,

273 4165 350 4225 ὡς
375 4162 476 4233 τὴν
505 4161 789 4231 ὡμότητα.

354 4272 373 4304 ι
424 4253 597 4306 Ὅταν
621 4252 676 4304 δὲ
706 4250 1027 4321 νηστεύητε,
1059 4251 1134 4321 μὴ
1159 4249 1379 4319 γίνεσθε
1419 4251 1613 4322 ὥσπερ
1641 4254 1692 4306 οἰ
1743 4253 1875 4306 61:0-

277 4349 484 4414 κριταὶ,
511 4344 834 4416 σκυθρωποί
859 4361 874 4376 ο
899 4342 1223 4413 ἀφανίζουσι
1248 4345 1357 4416 γὰρ
1387 4344 1459 4398 τὰ
1482 4347 1755 4417 πρόσωπα
1779 4347 1875 4399 αὺ-

278 4439 412 4502 τῶν,
465 4442 617 4500 ὃπως
674 4436 889 4507 φανῶσι
942 4437 1058 4500 τοῖς
1127 4435 1441 4507 ἀνθρώποις
1489 4438 1870 4509 νηστεύοντες.

1976 1956 2091 2021 alii,
2112 1956 2244 2011 facit
2264 1966 2318 2010 et
2346 1957 2501 2011 mihi.

2048 2045 2211 2102 Vsus.
2259 2047 2348 2103 13.
2381 2065 2400 2098 ι
2437 2045 2505 2101 Ει
2532 2061 2597 2101 nc
2630 2045 2860 2102 inducas
2895 2060 2993 2101 nos
3026 2046 3078 2100 in
3124 2046 3502 2101 tentationem.
3552 2065 3571 2096 ι

1977 2141 2284 2199 Imbecillos
2323 2156 2514 2196 sumus
2551 2139 2827 2204 homines,
2862 2138 2984 2194 ideo
3042 2153 3147 2192 non
3181 2138 3448 2194 debemus
3477 2153 3576 2194 ncs

1977 2237 2124 2307 ipsos
2162 2237 2216 2290 in
2265 2234 2600 2291 tentationes
2633 2231 2906 2300 injicere:
2963 2231 3060 2287 sed
3109 2233 3152 2287 si
3197 2232 3574 2298 inciderimus,

1975 2330 2248 2385 orandum
2286 2343 2357 2383 ne
2393 2326 2792 2382 absorbeamur
2827 2341 2856 2379 a
2889 2326 3208 2380 tentatione.
3267 2325 3577 2394 Absorptos

1975 2421 2120 2477 cnim
2151 2428 2202 2475 et
2249 2420 2448 2484 victus,
2506 2418 2598 2473 ille
2637 2418 2690 2473 in
2744 2415 3075 2487 profundum
3133 2416 3452 2471 tentationis
3489 2417 3577 2470 in-

1977 2517 2172 2570 ductus
2205 2521 2309 2578 est,
2338 2521 2395 2566 at
2435 2527 2540 2567 non
2570 2512 2698 2566 item
2728 2511 2819 2580 qui
2848 2510 3061 2578 incidit,
3096 2520 3151 2566 et
3184 2510 3370 2564 vincit.
3410 2529 3427 2562 ι
3467 2511 3576 2566 Sed

1977 2607 2146 2660 libeta
2173 2619 2275 2659 nos
2300 2619 2329 2658 a
2358 2603 2500 2658 malo
2531 2621 2579 2656 ι.
2607 2601 2724 2658 Non
2757 2603 2917 2670 dixit,
2950 2617 2979 2655 a
3009 2603 3170 2658 malis
3207 2602 3521 2659 hominibus
3557 2619 3571 2657 :

1978 2713 2084 2752 non
2139 2698 2287 2752 enim
2340 2697 2415 2751 illi
2457 2711 2558 2752 uos
2593 2696 2791 2766 injuria
2843 2695 3105 2760 alliciunt,
3144 2695 3238 2750 sed
3281 2695 3576 2766 malignus.

1983 2810 2000 2842 ι
2033 2790 2303 2857 Quoniam
2336 2800 2488 2844 tuum
2516 2797 2602 2844 est
2633 2803 2889 2860 regnum,
2922 2799 2973 2843 et
3009 2788 3278 2856 petentia,
3319 2800 3375 2844 et
3406 2788 3576 2859 gloria

1978 2883 2032 2938 in
2057 2883 2277 2950 saecula,
2312 2885 2510 2937 Amen.
2556 2901 2574 2934 ι
2613 2882 2835 2936 Animal
2893 2897 2992 2936 nos
3024 2880 3128 2937 hoc
3160 2881 3300 2936 loco.
3342 2879 3479 2936 Nam
3529 2883 3576 2937 si

1977 2974 2091 3029 Rc:
2125 2983 2231 3042 est,
2265 2985 2320 3030 et
2362 2984 2554 3046 potens
2583 2971 2742 3028 Pater
2786 2984 2842 3029 et
2887 2973 3178 3041 gloriosus,
3243 2977 3469 3032 omnino
3523 2987 3579 3033 et

1978 3081 2078 3120 nos
2110 3066 2390 3120 vincemus
2423 3063 2744 3135 malignum,
2777 3073 2828 3120 et
2855 3063 3288 3135 gloriﬁcahimur
3320 3069 3573 3136 posthac.

2053 3329 2218 3386 Vens.
2264 3331 2352 3385 H.
2421 3348 2438 3382 ι
2481 3330 2701 3386 Etenim
2766 3330 2812 3386 si
2867 3331 3196 3389 remiseritis
3263 3333 3580 3390 hominibus

1976 3423 2174 3477 delicta
2217 3438 2338 3488 sua,
2374 3423 2802 3478 retnittetetiam
2846 3424 3000 3478 vobis
3029 3423 3195 3479 Pater
3240 3435 3422 3480 vester
3465 3442 3582 3482 co:-

1978 3514 2150 3570 lestis.
2188 3535 2206 3566 ι
2240 3517 2448 3572 lterum
2488 3531 2587 3571 nos
2609 3515 2771 3572 docet
2796 3530 2918 3572 esse
2941 3516 3150 3572 alienos
3181 3533 3212 3573 a
3250 3519 3567 3576 vindicandi

1978 3608 2649 3679 cupiditate.gMemoriam
2684 3617 2866 3664 autem
2894 3611 3062 3680 patris
3097 3611 3356 3677 inculcat,
3401 3623 3459 3667 ut
3495 3628 3580 3670 re-

1980 3717 2266 3772 vereamur
2307 3717 2431 3758 eum
2463 3719 2476 3759 :
2509 3710 2566 3758 et
2595 3717 2719 3758 cum
2759 3703 2879 3773 ejus
2922 3702 3092 3757 simus
3125 3702 3242 3768 tllii,
3277 3719 3384 3758 non
3418 3719 3581 3760 exas-

1979 3807 2253 3861 [:eremur.

2052 3881 2220 3938 Vens.
2248 3884 2335 3937 15.
2375 3902 2392 3934 ι
2450 3883 2605 3949 Quod
2635 3882 2823 3940 sinon
2880 3885 3208 3942 rcmiseritis
3262 3887 3581 3946 hominibus

1978 3977 2176 4032 delicta
2210 3992 2334 4040 sua,
2384 3991 2564 4045 neque
2594 3974 2756 4031 Pater
2791 3984 2975 4031 vester
3001 3979 3246 4032 remittet
3288 3979 3443 4034 vobis
3473 3980 3575 4036 de-

1978 4070 2106 4124 licta
2145 4078 2352 4125 vestra.
2391 4089 2410 4121 ι
2450 4068 2594 4124 Nihil
2631 4072 2781 4125 enim
2812 4069 2886 4124 ita
2942 4071 3058 4125 odit
3088 4071 3360 4143 benignus
3408 4072 3574 4139 Deus,

1979 4173 2030 4215 ut
2056 4163 2456 4218 crudelitatem.

2056 4255 2218 4310 ναις.
2271 4256 2359 4309 16.
2398 4273 2416 4305 ι
2487 4255 2657 4311 Porro
2693 4271 2815 4310 cum
2876 4257 3278 4328 jejunaveritis,
3341 4274 3410 4314 ne
3455 4259 3578 4315 sitis

1980 4350 2122 4403 sicut
2172 4348 2493 4419 hypocrita‘,
2530 4347 2786 4404 vultuosi.
2843 4348 3149 4405 Obscuram
3209 4350 3354 4404 enim
3410 4349 3581 4406 facies

1979 4459 2131 4505 suas,
2188 4454 2249 4495 ιιι
2299 4443 2590 4496 vidcantur
2643 4441 2957 4495 hominibus
3000 4442 3339 4509 jejunantcs.
3403 4443 3576 4497 Amen

289 4532 466 4602 Ἀμὴν
493 4531 638 4599 λέγω
673 4531 828 4600 ὑμῖν,
860 4530 945 4583 ὅτι
977 4529 1248 4600 ἀπέχουσι
1279 4530 1370 4583 τὸν
1391 4530 1582 4601 μισθὸν
1614 4530 1817 4585 αὐτῶν.
1846 4550 1864 4583 ι

1981 4538 2099 4590 dico
2136 4537 2311 4601 vobis,
2353 4536 2498 4604 quod
2549 4536 2754 4590 habent.
2804 4534 3112 4587 mercedem
3171 4550 3348 4589 suam.
3406 4553 3424 4586 ι
3472 4533 3584 4590 Ol:-

290 4623 627 4692 .A;;avtsp.6;
678 4621 974 4694 προσώπου
1021 4622 1173 4676 ἐστὶν
1212 4622 1246 4692 ἡ
1277 4621 1550 4693 ὠχρότηῇ
1589 4622 1717 4676 ὅταν
1771 4621 1906 4695 obl.

1983 4630 2234 4685 scnratio
2299 4630 2455 4684 faciei
2510 4639 2593 4683 est
2622 4629 2840 4697 pallor:
2891 4631 3111 4695 quando
3165 4628 3288 4697 quis
3338 4645 3445 4684 non
3498 4640 3583 4685 Bst

277 4709 390 4777 οἷός
430 4715 547 4769 ἐστί
598 4731 682 4779 τις
723 4714 1012 4785 φαίνηται,
1037 4712 1176 4782 ά).λᾲ
1220 4717 1590 4787 προσποιῆται
1643 4717 1874 4785 στυγνό-

277 4825 438 4878 τητα.

356 4920 374 4952 ι
415 4901 486 4954 Σὺ
521 4901 577 4954 δὲ
611 4901 911 4972 νηστεύων,
939 4899 1169 4970 ἄλειψαί
1209 4917 1303 4954 σου
1351 4902 1449 4972 τὴν
1479 4901 1746 4974 κεφαλὴν,
1775 4905 1870 4957 καὶ

277 4995 337 5045 τὲ
367 4992 662 5063 πρόσωπόν
718 5009 811 5046 σου
841 4993 1015 5062 νίψαι,
1039 4994 1190 5058 ὅπως
1218 4994 1293 5067 μὴ
1323 4998 1500 5068 φανῇς
1529 4999 1644 5060 τοῖς
1661 4997 1874 5068 ἀνθρώ-

278 5102 401 5148 ποις
421 5087 721 5155 νηστεύων,
740 5087 878 5139 ἁλλὰ
899 5085 976 5156 τῷ
999 5085 1173 5158 Πατρί
1199 5103 1294 5140 σου
1312 5086 1391 5158 τῷ
1421 5090 1481 5141 ἐν
1503 5089 1581 5159 τῷ
1607 5090 1868 5162 κρυπτῷ·

277 5181 370 5230 καὶ
400 5179 428 5229 6
465 5179 658 5249 Πατήρ
688 5196 784 5231 σου
817 5183 845 5232 6
873 5180 1090 5249 βλέπων
1122 5181 1181 5232 ἐν
1206 5180 1283 5251 τῷ
1309 5183 1560 5253 κρυπτῷ,
1595 5184 1870 5238 ἀποδώσει

278 5288 427 5346 σοι..)
461 5273 525 5325 Οἱ
564 5272 787 5324 παλαιοί
822 5275 996 5342 χαρᾶς
1029 5269 1178 5343 εἶχον
1206 5277 1434 5344 σημεῖον
1463 5275 1524 5328 τὸ
1547 5274 1871 5346 ἀλείφεσθαι

275 5365 446 5435 ἐλαίῳ
487 5365 628 5433 μετὰ
680 5365 742 5417 τὸ
792 5356 1040 5432 λουτρόν·
1094 5367 1189 5420 καὶ
1233 5367 1299 5420 σὺ
1335 5363 1428 5420 οὖν
1477 5367 1626 5445 οὕτω,
1664 5371 1872 5441 χαίρων

274 5457 494 5525 φαίνου.
530 5458 749 5511 Ἐλαιον
766 5457 825 5510 δὲ
843 5460 1049 5511 νοεῖται
1077 5460 1222 5530 καίή
1247 5459 1607 5532 ἐλεημοσύνη.
1644 5465 1872 5534 Κεφαλὴ

270 5551 326 5604 δὲ
351 5551 508 5619 ἡμῶν
539 5553 566 5603 6
613 5552 868 5620 Χριστὸς,
902 5550 962 5604 ὃν
1006 5552 1090 5604 δεῖ
1139 5552 1388 5621 ἀλείφειν
1418 5557 1536 5619 ταῖς
1567 5557 1871 5626 ἐλεημοσύο

271 5659 394 5704 ναις
414 5658 428 5670 ο
461 5643 556 5695 καὶ
587 5643 647 5694 τὸ
686 5644 1007 5712 πρόσωπον,
1044 5642 1166 5714 ήτοι
1191 5645 1291 5708 τὰς
1316 5645 1622 5717 αἰσθήσεις,
1657 5649 1872 5704 νίπτειν

267 5735 362 5791 διὰ
393 5733 668 5805 δακρύων.

356 5845 372 5876 ι
425 5826 517 5896 Μὴ
557 5826 918 5899 θησαυρίζετε
967 5829 1097 5897 ὑμῖν
1123 5829 1434 5901 θησαυροὺς
1463 5831 1555 5885 ἐπὶ
1741 5836 1865 5906 γῆς,

1979 4723 2158 4793 qualis
2193 4733 2439 4792 apparet,
2472 4723 2565 4778 sed
2585 4720 2808 4777 simulat
2829 4721 3130 4774 tristitiam.

2053 4901 2218 4956 Vtilis.
2266 4901 2354 4962 l7,
2383 4899 2468 4953 t8.
2510 4919 2527 4951 ι
2569 4898 2646 4952 Tn
2680 4909 2862 4954 autem
2918 4899 3195 4968 jejunatts,
3232 4914 3372 4970 ungo
3417 4912 3582 4969 caput

1982 5007 2157 5059 tuum,
2189 5006 2244 5048 et
2278 4996 2471 5049 [aciem
2512 5004 2657 5046 tuam
2709 4992 2848 5056 lava,
2902 5007 2969 5046 ne
2994 4991 3233 5046 videaris
3265 4991 3583 5048 hominibus

1974 5090 2256 5159 jejunans,
2307 5088 2402 5141 sed
2434 5085 2584 5140 Patri
2629 5096 2722 5139 tuo
2755 5085 2848 5154 qui
2880 5094 2964 5138 est
3023 5083 3077 5137 in
3116 5082 3439 5142 abscondito
3472 5097 3485 5133 :
3525 5097 3582 5138 et

1979 5169 2144 5238 i’ater
2173 5193 2298 5236 tuus
2324 5181 2417 5250 qui
2460 5179 2606 5233 videt
2649 5179 2700 5232 in
2752 5176 3097 5242 abscondito,
3149 5177 3337 5231 reddet
3397 5175 3515 5231 tibi.
3555 5195 3575 5227 ι

1979 5276 2150 5331 Prisci
2183 5277 2236 5329 in
2279 5273 2459 5346 gaudii
2493 5274 2710 5344 signmn
2755 5271 3051 5337 habebant,
3109 5270 3231 5324 oleo
3278 5271 3407 5340 ungi
3457 5283 3580 5340 post

1977 5369 2237 5425 lotionem
2265 5365 2411 5436 :33
2451 5377 2501 5421 et
2543 5375 2599 5419 tu
2633 5379 2852 5436 quoque
2894 5365 2977 5419 sic
3013 5363 3169 5417 latius
3221 5378 3441 5433 appare.
3476 5363 3582 5418 Per

1977 5464 2161 5517 oleum
2194 5471 2375 5515 autem
2405 5470 2459 5514 et
2489 5459 2836 5529 eleemosyna
2889 5457 3237 5527 intelligitur.
3273 5457 3441 5512 Porro
3483 5474 3573 5514 αι-

1978 5565 2073 5621 put
2099 5563 2369 5615 nostrum,
2397 5551 2501 5606 hoc
2529 5563 2633 5617 est,
2657 5551 2958 5616 Christum,
2988 5559 3207 5620 oportet
3232 5549 3574 5624 cleemosyna

1977 5646 2164 5718 inungi
2206 5665 2218 5700 :
2255 5644 2451 5698 faicem
2484 5654 2689 5706 autem,
2722 5643 2826 5699 hoc
2865 5653 2972 5707 cst,
3024 5657 3271 5709 sensum,
3321 5642 3578 5714 lacrymis

1975 5740 2178 5794 lavare.

2051 5833 2217 5888 Vens.
2255 5831 2343 5898 18,
2380 5831 2467 5887 19.
2530 5848 2547 5881 ι
2604 5829 2679 5884 Nc
2727 5828 3117 5884 thesnurizezis
3159 5829 3311 5885 vobis
3348 5830 3572 5885 thesau-
