4288 6444
739 438 869 506 ,ΞΠ

1616 421 2195 490 THEOPHYLACTI
2232 420 2647 486 BULGARIE
2683 418 3042 483 ARCHIEP.

3900 418 4013 489 908

752 565 854 607 σοι
881 561 1040 618 super
1068 555 1284 609 terram,
1314 541 1402 597 ubi
1433 552 1614 610 :erugo
1637 546 1689 594 et
1723 536 1868 591 tinea
1907 529 2205 603 corrumpit
2236 546 2247 582 :
2282 536 2337 584 et
2369 532 2409 591 Α
2440 529 2445 577 ἐ

2321 536 2337 582 ι
2369 532 2409 591 Α
2440 526 2573 581 ὅπου
2616 526 2715 597 σὴς
2752 526 2847 582 καὶ
2881 523 3085 597 βρῶσις
3123 523 3379 595 ἀφανίζει
3408 538 3421 555 θ
3471 523 3564 580 καὶ
3603 522 3738 579 ὅπου
3773 521 4014 580 κλέπται

751 641 852 693 ubi
881 637 1025 691 fures
1049 634 1354 707 perfodiunt
1372 639 1425 686 ct
1449 629 1717 687 furantur.
1741 623 2131 681 T-hesaurlznte
2149 629 2327 675 autem

762 730 914 785 vobis
943 731 1218 784 thesauros
1260 726 1311 778 in
1360 722 1519 785 ctelo,
1556 718 1643 772 ubi
1697 730 1871 787 neque
1919 727 2122 783 aerugo,
2156 723 2331 779 neque

765 822 909 875 tinea
944 816 1259 885 corrumpit,
1292 823 1344 866 et
1364 811 1453 865 ubi
1481 808 1628 862 fures
1658 823 1766 861 non
1793 802 2120 875 perfodiunt,
2145 811 2316 868 neque

765 913 1030 967 furantur.
1069 926 1087 958 ι
1131 906 1420 972 Postquam
1452 899 1627 959 inanis
1657 896 1840 967 gloria:
1877 890 2123 948 morbum
2149 888 2327 958 eiecit,

765 1010 1157 1069 consequenter
1198 997 1264 1050 de
1320 993 1499 1062 inopia
1541 990 1799 1060 loquitur.
1868 984 2128 1039 Homines
2186 982 2328 1035 enim

767 1104 987 1163 propter
1032 1104 1224 1143 vanam
1283 1086 1507 1155 gloriam
1558 1080 1725 1137 multa
1755 1076 2053 1160 possident.
2080 1071 2332 1127 Ostendit

763 1198 922 1254 quam
955 1181 1028 1235 sit
1064 1178 1253 1234 inutile
1285 1177 1568 1231 thesauros
1605 1170 1802 1225 habere
1858 1180 2023 1234 super
2079 1173 2277 1217 terram
2313 1174 2326 1210 :

764 1273 892 1340 quia
947 1283 1128 1337 mrugo
1159 1277 1210 1323 et
1247 1269 1387 1320 tinea
1440 1266 1787 1329 corrumpunt
1837 1257 1989 1311 cibos
2028 1265 2084 1309 et
2129 1260 2327 1314 vestes,

764 1366 915 1416 lnres
944 1367 1123 1414 autem
1160 1370 1349 1410 aurum
1381 1364 1434 1407 et
1479 1361 1780 1419 argentum.
1829 1343 2032 1400 Deinde
2087 1356 2155 1398 ne
2207 1340 2328 1411 quis

764 1455 908 1509 dicat
950 1452 997 1505 ei
1028 1468 1041 1503 :
1075 1449 1179 1503 Sed
1226 1462 1329 1501 non
1381 1443 1559 1500 omnia
1622 1440 1764 1494 furto
1817 1444 2068 1508 pereunt,
2132 1432 2326 1502 inquit.

760 1539 1017 1609 Quamvis
1044 1535 1177 1591 nihil
1198 1537 1389 1589 horum
1432 1533 1524 1593 sit,
1549 1538 1785 1584 attamen
1806 1530 1893 1597 sic
1912 1525 2185 1580 addictum
2210 1537 2331 1577 esse

755 1631 1067 1686 divitiarum
1128 1623 1503 1691 sollicitudini,
1554 1612 1825 1692 quomodo
1879 1634 1987 1673 non
2035 1615 2333 1672 miserum?

757 1724 876 1778 ideo
912 1722 1081 1780 dicit:

829 1897 993 1953 Vens.
1024 1895 1214 1952 2l-25.
1264 1914 1283 1945 ι
1321 1892 1422 1950 Ubi
1464 1893 1607 1948 enim
1668 1897 1750 1945 est
1806 1888 2093 1943 thesaurus
2127 1892 2323 1948 vester,
2363 1868 2407 1924 Β

758 1989 829 2043 ibi
848 1990 952 2042 erit
978 1996 1032 2042 et
1056 2001 1148 2042 cor
1171 1994 1431 2040 vestrum.
1456 1981 1700 2036 Lucerna
1725 1978 1970 2048 corporis
1994 1984 2079 2032 est
2099 1974 2325 2030 oculus:

756 2083 799 2135 si
835 2080 998 2151 igitur
1029 2079 1217 2134 oculus
1263 2088 1388 2130 tuus
1429 2073 1657 2144 simplex
1690 2069 1875 2133 fuerit,
1914 2076 2085 2125 totum
2132 2079 2329 2134 corpus

754 2182 903 2225 tuum
955 2170 1185 2225 lucidum
1223 2169 1365 2223 erit:
1424 2166 1471 2219 si
1518 2173 1699 2218 autem
1762 2160 1953 2216 oculus
2001 2167 2125 2211 tuus
2154 2156 2327 2211 malus

750 2262 935 2325 fuerit,
966 2271 1133 2314 totum
1157 2272 1353 2328 corpus
1379 2266 1526 2311 tuum
1558 2255 1901 2309 tenebrosum
1924 2251 2053 2306 erit.
2085 2250 2141 2304 Si
2162 2249 2327 2320 igitur

748 2352 841 2410 lux
862 2366 978 2421 qua!
993 2353 1044 2405 in
1059 2361 1108 2406 te
1124 2358 1229 2417 est,
1250 2347 1487 2403 tenebrae
1499 2355 1642 2412 sunt,
1664 2345 1900 2399 tenebrae
1912 2342 2039 2412 ipsa:
2055 2340 2319 2412 quantum

748 2443 866 2499 Hoc
904 2443 1062 2506 dicit,
1104 2442 1245 2511 quod
1272 2441 1315 2493 si
1348 2437 1614 2506 adjeceris
1642 2436 1881 2490 animum
1914 2448 2078 2504 opum
2108 2431 2327 2487 sollici-

753 2535 953 2601 tudini,
1014 2534 1321 2589 exstinxisti
1378 2530 1681 2595 lucernam,
1739 2526 2109 2581 obtcnebrasti
2179 2534 2325 2579 tuam

751 2625 1014 2681 animam.
1056 2624 1207 2678 Sicut
1255 2621 1399 2677 enim
1432 2620 1622 2674 oculus
1670 2617 1716 2671 si
1756 2615 2005 2685 simplex,
2064 2615 2167 2670 hoc
2221 2623 2324 2677 est,

749 2732 915 2771 sanus
945 2713 1130 2780 fuerit,
1165 2712 1434 2767 illuminat
1460 2721 1693 2779 corpus:
1719 2708 1763 2762 si
1788 2719 1967 2761 autem
1994 2705 2190 2767 malus,
2226 2706 2328 2759 hoc

746 2816 831 2862 est
885 2804 1185 2868 morbidus,
1229 2798 1545 2857 obtenebrat
1575 2812 1591 2852 :
1626 2797 1697 2851 ita
1735 2806 1789 2851 et
1836 2811 1986 2851 mens
2020 2802 2326 2849 exca'catur

748 2915 859 2968 pra:
884 2897 1267 2954 sollicitudine.
1303 2894 1455 2961 Quod
1487 2893 1534 2947 si
1582 2904 1725 2946 mens
1751 2890 2109 2946 obtenebrata
2139 2888 2323 2957 fuerit,

742 2992 811 3044 'llt
844 2998 898 3043 et
923 2989 1102 3042 anima
1136 2987 1444 3050 tenebrosa,
1485 2992 1539 3038 et
1576 2981 1744 3036 multo
1779 2982 1951 3053 magis
1979 2996 2199 3053 corpus.

823 3078 984 3134 Vens.
1006 3080 1140 3133 ΗΑ
1166 3077 1353 3132 Nullus
1372 3083 1551 3147 potest
1569 3074 1777 3128 duobus
1797 3073 2031 3129 dominis
2046 3074 2273 3129 servire.
2299 3090 2320 3126 ι

748 3172 892 3225 Duos
918 3168 1166 3223 dominos
1200 3167 1335 3221 dicit
1362 3163 1634 3220 contraria
1663 3161 2060 3233 praecipientes,
2094 3162 2325 3233 exempli

752 3261 949 3330 gratia,
983 3268 1041 3313 ut
1093 3258 1231 3312 Deus
1286 3265 1341 3312 et
1380 3255 1669 3310 Mammon.
1705 3251 1817 3309 Nos
1842 3262 2027 3307 autem
2087 3252 2321 3308 facimus

748 3352 1032 3407 dominum
1104 3360 1349 3405 nostrqu
1410 3346 1706 3411 diabolum,
1745 3344 1888 3400 sicut
1952 3354 2007 3399 et
2077 3356 2319 3401 ventrem

747 3445 931 3499 deum.
975 3441 1175 3495 Natura
1199 3440 1344 3493 enim
1378 3447 1460 3493 est
1480 3452 1604 3491 vere
1636 3434 1915 3497 Dominus,
1942 3435 2083 3489 Deus
2111 3477 2126 3493 .
2152 3451 2326 3489 mam-

745 3551 909 3590 mona
945 3544 1123 3587 autem
1159 3540 1240 3587 cst
1279 3530 1565 3602 injustitia.
1612 3546 1634 3580 ι
1668 3529 1777 3581 Aut
1823 3526 1967 3580 etiim
1999 3543 2164 3580 unum
2197 3528 2323 3583 odio

747 3625 967 3681 habebit
1021 3633 1076 3677 et
1107 3622 1333 3676 alterum
1362 3620 1547 3688 diliget
1587 3635 1603 3673 :
1657 3628 1751 3672 aut
1781 3618 1873 3671 uni
1912 3618 2213 3674 adbarebit
2268 3628 2326 3673 et

747 3717 978 3771 alterum
1031 3722 1365 3770 contemnet.
1417 3710 1531 3766 Non
1576 3711 1801 3782 potestis
1865 3708 1973 3765 Deo
2019 3710 2226 3765 servire
2270 3720 2325 3763 ct

745 3822 1093 3865 mammona.
1147 3824 1165 3858 ι
1204 3806 1364 3860 Vides
1394 3804 1536 3874 quod
1578 3819 1682 3857 non
1726 3811 1909 3873 potest
1954 3802 2107 3857 dives
2136 3812 2190 3856 et
2238 3804 2324 3855 in-

739 3903 922 3971 iustus
961 3901 1068 3954 Deo
1122 3896 1356 3955 servire!
1391 3896 1590 3966 Abg'icit
1642 3896 1788 3951 enim
1824 3895 2136 3951 divitiarum
2170 3907 2325 3949 artior

744 4004 787 4049 a'
802 3995 930 4049 Dcu.

822 4084 1106 4139 “235.25.
1164 4100 1195 4134 4
1236 4082 1526 4151 Propterea
1586 4082 1707 4136 dico
1754 4080 1928 4143 vobis,
1990 4095 2056 4133 ne
2108 4076 2323 4134 solliciti

747 4177 864 4230 sitis
900 4176 1094 4229 anima:
1135 4184 1327 4228 vestra:
1374 4173 1502 4243 quid
1532 4174 1677 4227 esuri
1709 4172 1830 4228 sitis
1888 4180 1981 4224 aut
2038 4171 2255 4225 bibiturt
2306 4185 2321 4223 :

746 4280 923 4336 neque
951 4264 1166 4333 corpori
1220 4272 1403 4318 vestro
1453 4264 1653 4332 quibus
1714 4263 2051 4317 indumentis
2085 4262 2257 4317 usuri.
2298 4280 2319 4314 ι

746 4357 899 4425 Quod
929 4364 1012 4410 est
1047 4358 1169 4418 hoc,
1202 4362 1485 4423 propterea
1510 4370 1525 4405 :
1552 4354 1599 4407 Δ
1626 4352 1732 4408 Deo
1752 4353 1872 4421 ejici
1905 4365 2127 4423 pr0pter
2156 4353 2323 4421 epes?

746 4448 864 4503 Non
898 4446 1136 4501 comedit
1182 4456 1363 4500 autem
1425 4446 1625 4510 anima,
1692 4446 2007 4515 incorporea
2033 4446 2179 4499 enim
2217 4454 2321 4508 est,

2435 616 2779 690 διορύσσουσι
2832 622 2927 673 καὶ
2977 617 3290 672 κλέπτουσι.
3354 614 3724 688 Θησαυρίζετε
3768 613 3826 669 δὲ
3875 615 4013 686 ὑμῖν

2436 711 2742 784 θησαυροὺς
2792 710 2852 763 ιν
2882 707 3117 780 οὐρανῷ.
3162 709 3299 762 ὅπου
3331 705 3461 761 οὔτε
3512 706 3614 779 σής
3644 706 3770 761 οὕτε
3803 706 4013 778 βρῶσις

2434 798 2713 869 ἀφανίζει,
2745 798 2842 852 καὶ
2872 798 3008 851 ὅπου
3034 797 3261 850 κλέπται
3307 797 3368 850 ού
3431 795 3830 868 διορύσσουσιν,
3887 797 4013 853 οὐδὲ

2433 891 2786 945 κλέπτουσιν*
2819 889 2953 942 ὅπου
2985 888 3093 959 γάρ
3117 889 3265 941 ἐστιν
3304 890 3333 941 6
3357 886 3630 959 θησαυρὸς
3656 887 3835 958 ὑμῶν,
3890 888 4017 943 εκεῖ

2434 981 2587 1034 ἔσται
2618 980 2714 1035 καὶ
2740 980 2773 1051 ή
2804 978 2998 1051 καρδία
3023 979 3197 1048 ὑμῶν.
3240 995 3258 1028 ι
3306 978 3461 1031 Ἐπεὶ
3487 977 3549 1031 τὺ
3572 978 3672 1048 τῆς
3704 976 4014 1043 κενοδοξίας

2436 1070 2661 1137 ἐξέϐαλε
2697 1071 2936 1143 νόσημα,
2990 1071 3121 1141 περὶ
3176 1070 3566 1139 ἀκτημοσύνης
3613 1069 3801 1123 λοιπὸν
3832 1069 4011 1138 λέγει.

2432 1164 2498 1217 Ol
2523 1162 2632 1233 γὰρ
2671 1160 2948 1233 ἄνθρωποι
2978 1160 3065 1214 διὰ
3095 1158 3403 1226 κενοδοξίαν
3429 1159 3667 1213 κτῶνται
3709 1160 3780 1216 td
3807 1160 4009 1227 πλείω,

2432 1254 2677 1308 δείκνυσι
2706 1253 2763 1306 δὲ
2792 1250 2888 1307 τοῦ
2934 1252 3028 1306 ἐπὶ
3062 1251 3163 1322 γῆς
3212 1250 3485 1321 θησαυροῦ
3516 1250 3579 1304 τὸ
3623 1251 3894 1323 ἀκερδιςτ
3929 1252 4015 1307 δτι

2435 1346 2543 1417 σὴς
2570 1345 2671 1417 μιν
2704 1346 2799 1399 κιιλ⁸
2837 1344 3045 1417 βρῶσις
3075 1344 3327 1412 ἀφανίζει
3363 1342 3628 1414 βρώματα
3655 1345 3751 1397 καὶ
3797 1344 4014 1417 ἱμάτια,

2434 1438 2664 1492 κλέπται
2692 1437 2770 1499 δὲ,
2802 1436 3027 1508 χρυσίον
3058 1435 3152 1488 καὶ
3172 1434 3453 1507 ἀργύριον.
3486 1429 3621 1488 Εἶτα
3653 1433 3746 1488 ῐνα
3770 1434 3849 1506 μὴ
3878 1432 4015 1507 εἴπῃ

2431 1549 2514 1596 τις
2542 1529 2718 1601 αύτῷ,
2754 1530 2834 1583 ὅτι
2866 1526 3013 1583 Ἀλλ’
3033 1528 3095 1581 ού
3123 1528 3323 1591 πάντες
3350 1527 3691 1590 κλέπτονται,
3722 1525 3912 1597 φησίν·
3946 1524 4014 1579 El

2433 1624 2527 1677 καὶ
2567 1608 2736 1693 μηδεν
2759 1618 2967 1674 τούτων
3000 1618 3172 1683 εστὶν,
3209 1618 3329 1672 ἀλλ’
3353 1613 3449 1673 οὗν
3499 1626 3563 1687 γε
3607 1615 3741 1671 αὐτὸ
3768 1616 3929 1673 τοῦτο
3955 1617 4017 1671 τδ

2432 1709 2826 1782 προσηλῶσθαι
2854 1726 2915 1763 σε
2946 1711 3013 1779 τῇ
3051 1708 3180 1779 περὶ
3210 1707 3305 1761 τοῦ
3337 1708 3570 1761 πλούτου
3598 1706 3865 1781 μερίμνῃ,
3896 1706 4015 1771 πιτς

2431 1806 2531 1858 οὐκ
2569 1803 2780 1869 ἄθλιον;
2822 1801 2901 1856 διδ
2930 1801 3102 1869 λέγει·

2509 1914 2528 1947 ι
2560 1894 2738 1949 Ὅπου
2770 1893 2881 1965 γὰρ
2908 1893 2937 1946 6
2960 1891 3237 1966 θησαυρὸς
3265 1890 3443 1963 ὑμῶν,
3473 1891 3593 1946 hu!
3616 1890 3713 1946 καὶ
3743 1892 3777 1963 ή
3810 1889 4013 1963 καρδία

2430 1986 2605 2058 ὑμῶν.
2652 1988 2711 2039 '0
2755 1983 2948 2057 λύχνος
2980 1986 3077 2039 τοῦ
3127 1986 3383 2057 σώματός
3425 1986 3574 2038 εστιν
3623 1985 3654 2038 δ
3706 1984 4010 2055 ὀφθαλμόςο

2427 2077 2526 2132 ἐὰν
2554 2071 2648 2133 οὖν
2672 2077 2703 2131 6
2725 2076 3003 2149 ὀφθαλμός
3040 2094 3135 2132 σου
3167 2074 3377 2143 ἁπλοῦς
3398 2070 3463 2150 ᾗ,
3490 2076 3699 2157 ὄλοντο
3728 2074 3894 2147 σῶμά
3917 2091 4013 2129 σου

2428 2169 2688 2240 φωτεινόν
2718 2183 2734 2198 ·
2768 2169 2865 2223 εὰν
2895 2169 2952 2223 δὲ
2997 2170 3027 2223 6
3057 2168 3339 2241 ὀφθαλμός
3372 2184 3466 2223 σου
3498 2168 3738 2243 πονηρὸς
3780 2163 3838 2243 ᾖ,
3890 2167 4013 2221 ὅλον

2398 2261 2489 2314 ’τὸ
2515 2259 2679 2331 σῶμά
2710 2275 2805 2313 σου
2835 2259 3116 2314 σκοτεινὸν
3143 2259 3300 2314 ισται
3327 2275 3341 2288 ·
3391 2260 3444 2311 εί
3472 2254 3568 2315 οὖν
3592 2258 3655 2311 τὺ
3696 2257 3815 2327 φῶς
3862 2256 3927 2311 τὸ
3954 2257 4017 2311 ιν

2428 2350 2516 2406 σοὶ
2543 2339 2735 2415 σκότος
2775 2351 2914 2414 ἐστὶ,
2943 2348 3005 2405 τδ
3042 2350 3234 2413 σκότος
3274 2349 3477 2417 πόσον;
3543 2365 3565 2401 s
3600 2348 3775 2402 Τοῦτό
3817 2364 4012 2418 φησιν,

2424 2445 2508 2499 δτι
2560 2444 2687 2498 Ἐὰν
2728 2443 3088 2516 προσηλὼσης
3110 2443 3201 2495 τδν
3220 2441 3346 2497 νοῦν
3379 2459 3476 2497 σου
3497 2444 3563 2513 τῇ
3583 2441 3690 2495 τῶν
3711 2441 4017 2512 χρημάτων

2427 2536 2692 2606 φροντίδι,
2748 2535 2982 2599 ισῦεσας
3030 2534 3123 2588 τδν
3154 2533 3370 2605 λύχνον,
3419 2532 3708 2597 δσκότισάς
3766 2548 3864 2586 σου
3914 2532 4016 2604 τὴν

2424 2626 2625 2697 ψυχήν.
2663 2625 2873 2696 Ὠσπερ
2900 2623 3009 2696 γὰρ
3050 2626 3079 2679 δ
3128 2623 3410 2695 ὀφθαλμὸς
3452 2622 3681 2687 άπλοῦς.
3726 2622 4015 2677 τουτέστιν

2427 2718 2587 2789 ὑγιὴς
2620 2717 2716 2784 ὢν,
2742 2716 2968 2785 φωτίζει
2993 2715 3054 2769 τὸ
3086 2714 3271 2786 σῶμα,
3306 2716 3403 2769 εὰν
3429 2714 3486 2768 δὶ
3510 2713 3746 2786 πονηρὸς
3768 2709 3826 2787 ᾖ,
3853 2726 4014 2768 τουτ-

2427 2809 2544 2862 έστι
2592 2808 2852 2878 νοσώδης,
2892 2805 3160 2870 σκοτίξει,
3192 2804 3337 2860 οὕτω
3366 2806 3459 2861 καὶ
3498 2809 3527 2860 6
3559 2805 3684 2870 νοῦς
3719 2805 4017 2876 τυφλοῦται

2426 2902 2531 2957 ὑπὸ
2560 2901 2658 2972 τῆς
2688 2901 2987 2973 φροντίδος.
3015 2898 3079 2955 El
3106 2900 3162 2954 δὲ
3198 2902 3227 2955 6
3249 2898 3376 2963 νοῦς
3411 2899 3754 2971 σκοτισθείη,
3792 2901 3827 2970 ή
3860 2898 4014 2972 ψυχὴ

2428 2996 2619 3058 σκότος
2652 2996 2883 3063 γίνεται,
2918 2995 3012 3048 καὶ
3042 2992 3219 3060 πολλῷ
3250 2994 3451 3064 μᾶλλον
3491 2995 3552 3047 τὸ
3578 2992 3764 3062 σῶμα.

2506 3105 2526 3137 ι
2567 3087 2755 3150 Οὐδεὶς
2801 3086 3026 3140 δύναται
3080 3087 3202 3141 δυσὶ
3232 3090 3444 3157 κυρίοις
3483 3085 3781 3141 δουλεύειν.
3825 3106 3844 3140 ι
3907 3088 4017 3144 Δύο

2430 3172 2653 3245 κυρίους
2692 3174 2839 3242 λέγει
2882 3174 3007 3237 τοὺς
3054 3175 3123 3228 τὰ
3189 3175 3411 3228 ἐναντία
3450 3177 3864 3240 ἐπιτάττοντας.
3899 3168 4024 3232 οἷον

2431 3266 2565 3321 Θεὸν
2620 3266 2715 3319 καὶ
2745 3266 3099 3337 Μαμμωνᾶν.
3153 3266 3347 3337 Ἡμεῖς
3392 3265 3451 3320 δὲ
3496 3267 3769 3338 ποιοῦμεν
3822 3268 4016 3340 κύριον

2426 3360 2587 3431 ήμῶν
2635 3360 2728 3413 τὸν
2749 3358 3018 3426 διάδολονς
3047 3359 3240 3431 ὥσπερ
3294 3360 3388 3414 καὶ
3417 3360 3517 3431 τὴν
3566 3361 3774 3416 κοιλίαν
3852 3361 3976 3416 θεόν
3998 3380 4013 3395 ·

2425 3450 2584 3518 φύσει
2618 3437 2688 3502 ’δὲ
2739 3448 2835 3503 καὶ
2873 3448 3091 3520 ἀληθῶς
3134 3451 3363 3521 Κύριος,
3409 3452 3438 3504 6
3469 3450 3602 3515 Θεός
3625 3467 3641 3482 ·
3682 3454 4017 3522 Μαμμωνᾶς

2422 3544 2479 3597 δέ
2515 3543 2728 3613 ἐστινὴ
2768 3542 2980 3597 ἀδικία.
3022 3560 3041 3593 ι
3087 3541 3159 3595 ’Ἦ
3199 3544 3308 3613 γὰρ
3358 3542 3454 3597 τὸν
3491 3543 3589 3597 ινα
3619 3544 3868 3615 μισήσει,
3922 3545 4017 3598 καὶ

2423 3634 2514 3688 τὸν
2546 3633 2735 3704 ἓτερον
2763 3634 3063 3703 ἀγαπήσει,
3094 3634 3128 3705 ἢ
3157 3633 3251 3687 τοῦ
3284 3634 3403 3699 ἑνὸς
3429 3634 3738 3701 ἀνθέξεται,
3795 3636 4015 3690 καΐτοῦ

2426 3728 2615 3795 ἑτέρου
2668 3729 3095 3797 καταφρονήσει.
3152 3727 3227 3780 Οὐ
3286 3727 3517 3780 δύνασθε
3569 3725 3689 3797 Θεῷ
3741 3725 4017 3780 δουλεύειν

2428 3819 2517 3868 καὶ
2553 3818 2886 3885 μαμμωνᾷδ
2943 3818 3091 3888 υρᾷς
3114 3816 3194 3869 δτι
3216 3817 3317 3870 οὐκ
3341 3817 3454 3870 ἐστι
3478 3817 3703 3871 δυνατὸν
3734 3818 3827 3871 τὸν
3849 3819 4019 3873 πλού-

2429 3924 2542 3960 σιον
2575 3908 2669 3961 καὶ
2703 3908 2890 3963 ἄδικον
2919 3908 3039 3979 Θεῷ
3065 3908 3377 3977 δουλεύειν;
3412 3909 3699 3965 Ἐκδάλλει
3747 3911 3859 3984 γὰρ
3903 3912 4014 3966 αύ-

2423 4000 2517 4052 τὸν
2541 3996 3005 4070 ήφιλοχρηματία
3036 3998 3147 4052 άπὸ
3174 3998 3335 4068 Θεοῦ.

2503 4108 2523 4142 ι
2577 4090 2676 4143 Διὰ
2708 4090 2869 4144 τοῦτο
2917 4090 3063 4161 λέγω
3096 4092 3248 4161 ὑμῖν,
3310 4091 3392 4164 μή
3423 4094 3729 4165 μεριμνᾶτε
3763 4096 3831 4166 τῇ
3867 4094 4014 4167 ψυχῇ

2425 4182 2579 4251 ὑμῶν
2599 4183 2649 4235 τί
2679 4184 2893 4256 φάγητε
2922 4185 3019 4237 καὶ
3039 4183 3092 4237 τί
3128 4183 3315 4255 πίητε,
3344 4185 3481 4255 μηδὲ
3510 4185 3589 4256 τῷ
3614 4186 3829 4255 σώματι
3859 4188 4017 4258 ὑμῶν

2422 4274 2475 4328 τί
2507 4273 2829 4344 ἐνδύσησθε,
2874 4293 2893 4326 ι
2937 4274 3037 4329 Διὰ
3068 4275 3250 4341 τοῦτο,
3276 4280 3466 4344 ποῖον;
3502 4277 3602 4331 Διὰ
3636 4276 3699 4331 τὸ
3720 4277 3827 4331 άπὸ
3878 4278 4015 4333 Θεοῦ

2425 4366 2779 4420 ἐκϐάλλεσθαι
2826 4366 2933 4420 ὑπὸ
2963 4366 3073 4421 τῶν
3122 4369 3457 4438 χρημάτων
3523 4370 3637 4441 Ούχ
3694 4369 3909 4441 {dum
3958 4371 4016 4425 se

2423 4456 2619 4519 ἐσθίει,
2652 4458 2951 4529 ἀσώματον
2973 4458 3107 4529 γὰρ,
3136 4458 3276 4513 ἀλλὰ
3325 4460 3468 4515 κατὰ
3497 4464 3597 4531 τήν
3622 4460 3808 4531 κοινήν
3852 4462 4011 4534 συνή-

747 4540 842 4594 sed
874 4540 1027 4607 juxta
1079 4550 1420 4592 communem
1464 4528 1923 4591 consuetudinem’
1962 4537 2171 4590 locutus
2216 4545 2319 4590 est.
2356 4551 2440 4621 Dr

2356 4566 2402 4621 ι)
2425 4551 2584 4606 θειαν
2616 4528 2788 4606 τοῦτο
2812 4546 2954 4607 εἷπε.
2990 4528 3152 4606 Δοκεῖ
3189 4552 3299 4625 γὰρ
3328 4555 3363 4623 ή
3411 4528 3562 4625 ψυχή
3611 4553 3686 4626 μὴ
3722 4528 4013 4624 ἀνέχεσθαι

746 4630 975 4685 Videtur
1010 4639 1189 4684 autem
1222 4630 1401 4682 anima
1437 4644 1544 4682 non
1582 4642 1742 4695 posse
1798 4643 1919 4681 esse
1970 4630 2022 4681 in
2074 4642 2322 4696 corpore,

749 4721 853 4774 nisi
879 4727 1134 4789 pascatur
1164 4732 1314 4773 caro.
1351 4717 1466 4770 Non
1496 4715 1741 4785 explodit
1767 4725 1947 4769 autem
1974 4718 2210 4784 operari,
2232 4716 2325 4769 sed

747 4812 958 4881 seipsos
988 4820 1129 4864 totos
1158 4808 1306 4863 curis
1335 4808 1549 4861 tradere
1611 4815 1664 4861 et
1702 4806 1972 4876 negligere
2005 4805 2193 4869 Deum,
2226 4808 2327 4860 hoc

744 4912 828 4957 est
851 4904 996 4971 quod
1026 4900 1308 4971 prohibet,
1337 4898 1591 4969 quoniam
1622 4906 1675 4950 et
1701 4911 1863 4968 agros
1886 4896 2064 4952 colere
2090 4908 2323 4967 oporlt'l,

742 5006 799 5049 et
832 4997 1026 5048 anima:
1057 5006 1247 5049 curam
1282 4993 1511 5047 habere.
1554 5009 1574 5043 ι
1622 4988 1812 5045 Nonne
1835 4990 2013 5044 anima
2048 4991 2217 5059 pluris
2240 5001 2326 5045 est

744 5102 907 5157 quam
942 5088 1112 5151 cibus,
1141 5096 1195 5142 et
1227 5100 1426 5154 corpus
1443 5098 1605 5155 quam
1634 5082 2051 5137 indumentum?
2076 5080 2187 5137 Hoc
2218 5093 2321 5146 est,

745 5181 837 5250 qui
872 5180 1047 5245 majus
1093 5178 1244 5232 dedit
1304 5190 1494 5243 nempe
1532 5175 1768 5229 animam
1812 5185 1868 5227 et
1904 5189 2101 5244 corpus
2144 5174 2322 5243 ipsum

745 5271 855 5344 34
905 5271 1182 5334 fortuavit,
1234 5282 1339 5323 non
1394 5268 1543 5322 dabit
1590 5278 1645 5322 et
1694 5265 2012 5322 alimentum
2069 5276 2126 5320 et
2171 5266 2324 5319 indu-

746 5366 1021 5421 ruentum?

819 5459 983 5515 Vnus.
1021 5458 1110 5513 26.
1154 5477 1173 5510 ι
1213 5456 1456 5528 Aspicite
1486 5456 1554 5512 ad
1582 5456 1819 5512 volatilia
1860 5454 2009 5519 cali,
2067 5452 2191 5523 quia
2219 5466 2323 5507 non

742 5566 954 5622 serunt,
981 5567 1156 5624 neque
1180 5562 1412 5619 metunt,
1430 5566 1605 5622 neque
1618 5560 1947 5623 congregant
1969 5548 2023 5604 in
2042 5548 2322 5612 horreum,

748 5664 800 5705 ct
835 5651 996 5706 Pater
1034 5658 1212 5703 vester
1242 5645 1482 5702 celestis
1509 5646 1685 5716 pascit
1709 5658 1772 5700 ea
1797 5662 1812 5699 :
1840 5657 2018 5699 nonne
2046 5655 2143 5697 vos
2164 5639 2322 5709 longe

752 5742 1058 5815 pracellitis
1112 5737 1240 5795 illa?
1277 5757 1295 5791 I
1350 5737 1623 5796 Potuisset
1673 5736 1869 5794 aﬂerre
1926 5737 1981 5792 iu
2015 5732 2323 5804 exemplum

745 5835 959 5894 Heliam
999 5845 1052 5893 et
1094 5835 1385 5906 Joannem,
1442 5843 1498 5893 et
1549 5833 1803 5889 meminit
1846 5832 2069 5889 avium.-
2126 5837 2183 5915 υῑ
2222 5841 2325 5883 nos

2428 4641 2570 4696 εῖναι
2601 4644 2757 4713 ὲντῴ
2801 4643 3039 4714 σώματι,
3090 4648 3139 4699 εί
3170 4646 3251 4716 μὴ
3294 4645 3554 4717 τρέφοιτο
3604 4647 3638 4717 η
3687 4646 3845 4717 σάρξ.
3899 4647 4016 4700 υύκ

2432 4734 2688 4789 ἐκδάλλει
2713 4736 2769 4787 δὲ
2800 4736 2859 4789 τὸ
2881 4737 3239 4806 ἐργάζεσθαι,
3268 4736 3408 4790 ἀλλὰ
3443 4736 3500 4790 τὸ
3528 4737 3609 4807 μὴ
3654 4737 3855 4791 διδόναι
3877 4737 4015 4801 ὅλως

2430 4828 2656 4890 ἑαυτοὺς
2701 4828 2824 4889 ταῖς
2864 4827 3136 4899 φροντίσι,
3196 4830 3292 4882 καὶ
3355 4829 3584 4900 ἀμελεῖν
3638 4829 3800 4897 Θεοῦ,
3855 4830 4016 4884 τοῦτο

2429 4919 2660 4973 κωλύει.
2722 4918 2877 4972 Ἐπεὶ
2932 4920 3027 4973 καὶ
3057 4923 3329 4990 γεωργεῖν
3379 4922 3483 4987 δεῖ,
3530 4920 3670 4975 ἀλλὰ
3704 4922 3799 4975 καὶ
3834 4920 4015 4993 ψυχῆς

2426 5010 2759 5084 φροντίζειν.
2799 5030 2819 5063 ε
2863 5012 2999 5082 Οὐχὶ
3032 5016 3064 5083 ή
3098 5013 3249 5083 ψυχὴ
3279 5012 3465 5066 πλεῖόν
3513 5015 3629 5067 ἐστι
3655 5012 3757 5085 τῆς
3780 5016 4012 5085 τροφῆς.

2426 5102 2779 5175 καὶητὴσῶμα
2805 5104 2898 5158 τοῦ
2921 5106 3221 5175 ἐνδύματος
3245 5124 3296 5173 ;›
3311 5105 3623 5173 Τουτέστιν,
3654 5107 3717 5161 Ὃ
3737 5107 3800 5162 τὸ
3822 5110 4009 5176 μεῖξον

2424 5195 2571 5259 δοὺς,
2599 5195 2699 5266 τήν
2731 5196 2913 5268 ψυχὴν
2976 5200 3071 5251 καὶ
3101 5198 3163 5252 τὸ
3202 5199 3366 5271 σῶμα
3398 5198 3728 5267 διαπλάσας,
3762 5201 3825 5255 ού
3848 5200 4011 5257 δώσει

2425 5290 2521 5342 sui.
2556 5290 2762 5361 τροφὴν
2781 5294 2875 5344 καὶ
2905 5291 3222 5363 ἐνδύματος

2502 5482 2521 5516 ι
2581 5462 2926 5535 Ἐμδλέψατε
2952 5465 3033 5528 εἰς
3060 5464 3139 5527 τὰ,
3160 5450 3383 5522 πετεινά
3408 5466 3507 5521 τοῦ
3537 5466 3798 5539 οὐρανοῦ,
3826 5469 3910 5523 δτι
3942 5469 4004 5524 ού

2428 5559 2774 5628 σπείρουσιν,
2817 5558 2940 5613 οὐδὲ
2989 5558 3323 5630 θερίζουσιν,
3373 5562 3495 5617 οὐδὲ
3558 5564 3890 5633 συνάγουσιν
3929 5568 4010 5629 είς

2428 5650 2734 5722 ἀποθήκας,
2794 5652 2888 5704 καὶ
2935 5654 2964 5705 6
3015 5652 3208 5726 Πατὴρ
3254 5656 3411 5725 ὑμῶν
3458 5659 3486 5710 6
3524 5656 3777 5730 οὐράνιος
3817 5656 4012 5729 τρέφει

2427 5741 2586 5796 αὐτά.
2621 5741 2735 5811 Οὐχ
2771 5741 2929 5812 ὑμεῖς
2953 5744 3154 5814 μᾶλλον
3199 5745 3488 5815 διαφέρετε
3542 5748 3751 5815 αύτῶν;
3784 5766 3804 5800 ι
3839 5746 4013 5801 Δυνά-

2436 5850 2594 5905 μενος
2618 5839 2986 5905 παρενεγκεῖν
3018 5840 3099 5902 είς
3130 5837 3482 5912 παράοειγμα
3508 5830 3599 5895 τὸν
3654 5838 3865 5904 Ἠλίαν,
3915 5838 4009 5893 τὸν
