4288 6444
281 405 397 470 209

883 405 1346 468 ENARRATIO
1379 403 1464 467 IN
1502 402 1911 468 EVANGELII

2045 404 2449 467 MATTﬂxEI.
2493 432 2564 442 —
2593 407 2752 469 CAP.
2791 408 2926 470 VII.

3467 399 3617 474 ἐἷθ’

293 519 580 590 Ἰωάννην,
613 517 892 590 μέμνηται
933 517 1041 572 τῶν
1091 518 1363 574 πετεινῶν
1395 535 1410 552 ο
1453 519 1543 573 ενα
1589 520 1740 590 ἡμᾶς
1794 519 1884 572 ιν-

2013 519 2199 576 ntdore
2253 519 2476 585 alliciat,
2515 521 2657 589 quod
2718 535 2818 575 nos
2881 519 3054 590 magis
3090 519 3255 600 etiam
3288 536 3454 589 quam
3504 520 3591 574 ilia

279 611 486 684 τρέψῃ,
530 613 612 665 ὅτι
638 612 733 665 καὶ
765 611 973 667 τούτων
1001 611 1338 683 άλογὼτεροί
1367 613 1558 682 ἐσμεν.
1588 609 1886 683 Τρέφειδδ

283 704 430 758 αὐτὰ
458 706 488 757 6
506 702 661 766 Θεὸς,
699 702 875 770 ινθεὶς
896 705 1085 770 αὐτοῖς
1105 705 1348 777 φυσικὴν
1399 705 1604 775 γνῶσιν
1631 703 1772 775 πρὸς
1826 703 1888 756 τὸ

280 812 311 848 τ
323 793 499 866 ροφάς
523 793 832 866 συλλέγειν.

361 909 382 942 ι
418 889 516 953 Τίς
549 888 606 942 δὲ
634 889 694 955 ἐξ
727 889 884 962 ὑμῶν
932 890 1246 962 μεριμνῶν,
1299 891 1524 946 δύναται
1561 889 1887 960 προσθεῖναι

289 981 386 1036 ἰπὶ
419 981 521 1054 τήν
562 983 781 1055 ήλικίαν
817 978 986 1039 αὕτόῦ
1034 986 1217 1057 πῆχυν
1251 987 1377 1054 ἕνας
1425 1006 1443 1039 ι
1479 983 1653 1053 Τοῦτό
1696 1002 1884 1055 φησιν,

285 1076 370 1129 δτι
432 1076 550 1130 Κᾶν
597 1079 893 1150 μεριμνᾷς,
957 1079 1113 1134 οὐδὲν
1168 1084 1341 1145 ποιεῖς
1381 1081 1454 1152 μὴ
1497 1079 1748 1144 Θέλοντος
1794 1079 1887 1133 τοῦ

286 1167 448 1222 Θεοῦ.
481 1168 547 1220 Τί
571 1169 750 1224 τοίνυν
774 1171 1045 1241 περιττῶς
1082 1172 1454 1235 κατακόπτεις
1486 1173 1742 1235 σεαυτόν;

369 1280 388 1312 ι
427 1261 534 1314 Καὶ
561 1264 693 1332 περὶ
733 1263 1035 1336 ἐνδύματος
1065 1265 1118 1318 τί
1153 1267 1492 1336 μεριμνᾶτες
1523 1265 1889 1336 Καταμάθετε

287 1356 357 1409 τὰ
389 1357 554 1426 κρίνα
587 1357 681 1410 τοῦ
715 1357 912 1426 ἀγροῦ,
953 1357 1072 1421 πῶς
1101 1358 1328 1423 αὐξάνει
1355 1374 1370 1389 ⁸
1416 1359 1478 1413 οὗ
1522 1360 1714 1430 κοπιᾷ,
1769 1359 1891 1412 οὐδὲ

289 1447 466 1516 νήθει.
488 1449 646 1516 Λέγω
675 1449 728 1502 δὲ
765 1449 918 1519 ὑμῖν,
953 1449 1037 1503 δτι
1084 1450 1209 1503 οὐδὲ
1237 1449 1492 1521 Σολομὼν
1527 1453 1584 1503 ὲν
1641 1451 1790 1522 πάσῃ
1823 1453 1889 1520 τῇ

288 1540 416 1612 δῦξῃ
448 1541 614 1596 αὑτοῦ
664 1542 1027 1614 περιεϐάλετο
1065 1544 1142 1608 ὼς
1170 1544 1229 1597 ἒν
1261 1544 1492 1599 τούτων.
1533 1564 1552 1597 s
1595 1543 1670 1598 Οὐ
1731 1543 1892 1615 μόνον

291 1634 404 1687 ἀπὸ
432 1635 541 1687 τῶν
569 1635 782 1704 ἀλόγων
825 1637 1048 1708 πτηνῶν
1076 1637 1331 1708 ἐντρέπει
1385 1639 1556 1711 ἡμᾶς,
1611 1637 1749 1692 ἀλλὰ
1795 1637 1892 1689 καὶ

290 1727 402 1779 ἀπὸ
440 1728 549 1780 τῶν
587 1729 788 1800 κρίνων
828 1730 939 1784 τῶν
973 1733 1418 1803 μαραινομένων.
1455 1733 1517 1786 Εί
1552 1734 1662 1804 γάρ
1692 1734 1719 1785 ὁ
1759 1730 1893 1794 Θεὸς

290 1821 479 1873 ἐκεῖνα
528 1819 701 1883 οὕτως
731 1822 1106 1892 ἐκαλλώπισε,
1134 1824 1318 1878 καίτοι
1374 1825 1650 1896 μηδεμιᾶς
1703 1825 1893 1895 χρείας

287 1912 484 1981 οὖσης,
520 1913 673 1984 πόσῳ
705 1915 911 1984 μᾶλλον
937 1915 1034 1986 τήν
1056 1916 1256 1987 χρείαν
1290 1917 1400 1970 τῶν
1423 1917 1714 1988 ἡμετέρων
1744 1917 1896 1970 ὲνδυο

295 2004 488 2073 μάτων
537 2003 969 2075 άποπληρώσει;
1000 2007 1256 2061 Δείκνυσι
1304 2008 1382 2073 δὲ,
1418 2009 1527 2071 ὅτι,
1578 2009 1682 2062 κᾶν
1721 2009 1896 2062 πολλὰ

293 2098 667 2168 μεριμνήσῃς,
700 2099 761 2151 οὐ
785 2099 994 2173 δυνήσῃ
1018 2101 1469 2172 καλλωπισθῆναι
1498 2101 1574 2168 ὡς
1598 2103 1666 2157 τά
1692 2103 1859 2174 κρίνα
1877 2118 1892 2134 ⁸

293 2193 431 2244 ὅπου
465 2209 530 2258 γε
565 2191 820 2262 Σολομὼν
848 2196 875 2247 6
909 2193 1327 2264 φρονιμώτατος
1353 2197 1449 2250 καὶ
1474 2196 1894 2268 τρυφηλότατος

289 2283 381 2336 διὰ
407 2284 588 2354 πάσης
615 2285 785 2338 αὑτοῦ
833 2287 936 2355 τῆς
985 2287 1268 2359 βασιλείας
1299 2289 1400 2344 οὐκ
1437 2290 1625 2360 ίσχυσε
1659 2289 1895 2362 περιϐα-⁹

291 2373 486 2429 λέσθαι
515 2394 565 2429 τι
597 2378 866 2433 τοιοῦτον.

374 2487 395 2521 ε
434 2470 496 2523 Εί
533 2469 592 2523 δὲ
627 2471 720 2524 τὸν
767 2473 964 2543 χόρτον
994 2472 1087 2528 τοῦ
1130 2473 1303 2547 ἀγροῦ
1339 2476 1579 2548 σήμερον
1610 2478 1743 2532 ὄντα
1802 2479 1898 2531 καὶ

291 2557 488 2628 αὔριον
522 2563 601 2623 είς
619 2561 870 2616 κλίϐανον
907 2563 1238 2635 βαλλόμενον
1271 2567 1298 2618 ό
1351 2565 1482 2625 Θεὸς
1504 2564 1678 2628 οὕτως
1721 2568 1898 2637 ἀμφι-

293 2649 533 2714 έννυσιν,
571 2652 631 2702 οὑ
690 2651 870 2722 πολλῷ
917 2643 1119 2724 μᾶλλον
1200 2655 1368 2724 ὑμᾶς,
1444 2657 1809 2725 όλιγόπιστοις
1871 2676 1889 2708 ι

294 2744 665 2814 Μανθάνομεν
696 2747 970 2810 ἐντεῦθεν,
998 2749 1082 2801 ὅτι
1131 2750 1192 2802 οὐ
1221 2750 1303 2803 δεῖ
1333 2750 1644 2820 φροντίζειν
1683 2749 1886 2802 καλλω-

297 2837 528 2906 πισμοῦ.
568 2838 739 2890 Τοῦτο
769 2837 876 2909 γὰρ
913 2839 1024 2892 τῶν
1072 2843 1429 2913 προσκαίρων
1461 2843 1671 2896 ἀνθέων
1723 2843 1896 2896 ἐστίν.

299 2926 468 2978 Ὥστε
498 2928 606 2990 πᾶς
636 2926 1146 2998 καλλωπιζόμενος,
1180 2933 1375 3002 χόρτος
1411 2933 1584 2988 ἐστίν.
1632 2933 1812 3003 Ὕμᾶς
1839 2933 1896 2986 δὲ

297 3012 444 3080 εἷπε,
468 3020 595 3082 τοὺς
616 3018 892 3088 λογικοὺς,
925 3019 1009 3086 οἷς
1028 3023 1218 3095 ψυχήν
1249 3026 1345 3077 καὶ
1383 3026 1545 3095 σῶμα
1575 3026 1862 3080 διέπλασεν
1882 3045 1894 3057 ο

294 3109 640 3178 ὀλιγόπιστοι
662 3113 718 3166 δὲ
737 3115 942 3180 πάντες
963 3118 1014 3169 οί
1037 3118 1438 3189 μερίμνῶντες.
1463 3120 1526 3173 Ei
1558 3120 1666 3192 γάρ
1686 3120 1899 3174 τελείαν

1994 613 2206 668 ratione
2241 612 2624 668 destituamur.
2659 611 2842 667 Pascit
2888 621 3072 666 autem
3124 603 3235 666 eas
3277 611 3443 674 Deus,
3502 613 3592 680 qui

1991 706 2188 762 indidit
2239 707 2321 763 eis
2385 706 2684 761 naturalem
2759 704 3048 761 scientiam
3108 705 3176 760 ad
3249 703 3588 777 colligendas

1991 815 2168 857 68088.

2066 893 2232 948 Vens.
2263 893 2355 948 27.
2399 911 2418 946 ι
2443 891 2575 959 Quis
2609 899 2792 947 autem
2822 906 2888 948 ex
2923 891 3078 947 vobis
3109 890 3384 946 sollicitus
3412 898 3597 960 potest

1995 1000 2271 1056 apponere
2301 985 2368 1040 ad
2400 993 2664 1040 staturam
2703 998 2858 1038 suam
2892 982 3138 1038 cubitum
3167 981 3377 1036 unum?
3405 998 3424 1032 ι
3481 979 3598 1035 Hoc

1994 1079 2189 1148 inquit,
2215 1079 2384 1148 quod,
2421 1078 2549 1133 licet
2593 1076 2860 1133 sollicitus
2903 1077 3002 1139 sis,
3039 1073 3175 1130 nihil
3229 1073 3437 1144 poteris
3488 1087 3594 1126 non

1996 1173 2208 1227 volente
2253 1173 2382 1226 Di-o.
2422 1172 2533 1226 Cur
2564 1172 2732 1241 igitur
2766 1170 2819 1225 in
2857 1185 3056 1224 vanum
3077 1168 3292 1224 crucias
3319 1164 3596 1235 teipsum?

2069 1266 2234 1319 Vens.
2271 1265 2364 1329 ‘28,
2394 1264 2484 1318 29.
2549 1282 2566 1316 ι
2615 1263 2684 1318 Et
2723 1263 2788 1317 de
2819 1262 3153 1317 vestimento
3187 1260 3314 1330 quid
3380 1259 3596 1314 solliciti

1994 1359 2170 1414 estis?
2197 1357 2554 1412 Considerate
2614 1355 2725 1409 lilia
2765 1355 2905 1424 agri,
2956 1351 3232 1424 quomodo
3292 1359 3546 1407 crescant
3582 1366 3594 1401 :

1997 1467 2102 1507 non
2142 1450 2418 1515 laborant,
2452 1463 2628 1519 neque
2654 1456 2804 1502 nent.
2840 1445 2972 1501 Dico
3001 1457 3184 1500 autem
3237 1445 3414 1508 vobis,
3452 1441 3598 1504 quod

1997 1559 2175 1614 neque
2216 1543 2476 1598 Salomon
2534 1542 2585 1595 in
2624 1542 2774 1596 omni
2803 1540 2974 1609 gloria
3011 1555 3107 1594 sua
3140 1538 3374 1591 amictus
3405 1535 3508 1590 fuit
3542 1543 3600 1587 ut

1997 1653 2164 1693 unum
2197 1652 2264 1692 ex
2296 1636 2406 1691 his.
2434 1655 2451 1687 ι
2481 1633 2600 1689 Non
2630 1635 2804 1690 solum
2831 1647 2930 1700 per
2955 1648 3082 1686 aves
3111 1630 3323 1684 ratione
3349 1637 3601 1682 carentes

1997 1746 2097 1785 nos
2119 1731 2397 1793 admonet,
2436 1730 2530 1784 sed
2561 1737 2614 1783 et
2647 1744 2744 1798 per
2780 1729 2886 1783 lilia
2918 1743 3037 1798 qua:
3068 1730 3434 1778 marcescunt.
3462 1719 3596 1773 Nam

2001 1824 2044 1878 si
2088 1822 2231 1877 Deus
2261 1822 2347 1876 illa
2385 1821 2464 1876 sic
2513 1821 2757 1880 ornavit.
2812 1819 3063 1889 quamvis
3105 1815 3248 1870 nulla
3299 1813 3600 1869 necessitas

2000 1917 2201 1984 exigat,
2227 1921 2433 1985 quanto
2461 1914 2637 1980 magis
2665 1913 2949 1982 penuriam
2981 1919 3228 1966 nostram
3262 1907 3315 1962 in
3354 1906 3601 1961 vestibus

2001 2007 2316 2079 supplebit?
2351 2007 2603 2064 Ostendit
2627 2017 2816 2062 autem
2850 2007 2993 2074 quod
3033 2001 3412 2058 licet'multum
3449 1998 3600 2054 solli-

2001 2103 2142 2156 citus
2172 2103 2267 2166 sis,
2301 2117 2407 2156 nun
2430 2100 2636 2170 poteris
2659 2109 2841 2154 tamen
2865 2097 3047 2162 ornari
3077 2095 3219 2151 sicut
3249 2088 3396 2147 lilia:
3428 2105 3605 2161 quau-

2001 2195 2295 2266 doquidem
2331 2209 2506 2264 neque
2530 2191 2793 2247 Salomon
2825 2189 3287 2261 prudentissimus
3325 2194 3380 2242 et
3401 2184 3604 2240 delica-

2004 2288 2255 2344 tissimus
2289 2287 2342 2342 in
2372 2287 2522 2342 omni
2562 2301 2730 2355 regno
2758 2299 2858 2338 suo
2887 2284 3065 2354 potuit
3109 2279 3296 2335 ornari
3334 2287 3393 2332 ut
3433 2292 3600 2330 unum

2000 2395 2066 2436 ex
2087 2380 2216 2436 illis.

2076 2470 2243 2526 Vens.
2276 2469 2369 2524 30.
2400 2487 2418 2520 ι
2461 2467 2615 2535 Quod
2641 2466 2685 2521 si
2707 2481 2927 2538 gramen
2951 2463 3092 2535 agri,
3123 2463 3268 2536 quod
3300 2461 3462 2518 hodie
3483 2474 3606 2515 cum

2002 2563 2241 2629 sit,cras
2267 2562 2320 2616 in
2353 2560 2630 2616 clibanuut
2661 2559 2918 2624 mittitur,
2971 2556 3112 2613 Deus
3166 2555 3245 2611 sic
3299 2554 3483 2619 vestit,
3537 2567 3606 2607 au

2004 2672 2110 2710 non
2144 2653 2316 2709 multo
2344 2653 2520 2722 magis
2549 2651 2705 2706 vobis
2737 2650 2789 2705 id
2818 2649 3002 2715 faciet,
3038 2664 3230 2719 parum
3282 2644 3548 2702 fidentes?
3583 2664 3626 2696 s-

2007 2749 2278 2803 l)iscimus
2307 2746 2409 2801 hoc
2440 2746 2561 2799 loco
2590 2744 2734 2814 quod
2763 2744 2949 2796 nullus
2998 2757 3196 2797 curare
3229 2740 3392 2796 debet
3437 2754 3607 2794 orna-

2007 2852 2142 2895 tum.
2173 2838 2290 2894 Hoc
2323 2838 2468 2893 enim
2503 2838 2832 2890 caducorum
2871 2834 3069 2890 florum
3111 2843 3229 2888 est:
3293 2833 3612 2902 quicunque

2003 2950 2138 3005 ergo
2187 2944 2441 2997 ornatur,
2478 2930 2661 2987 fenum
2699 2940 2802 2984 est.
2864 2926 2970 2984 Vos
3013 2935 3195 2980 autem
3229 2925 3389 2992 dixit,
3435 2926 3610 2980 ratio-

2007 3027 2181 3090 nales,
2216 3024 2416 3094 quibus
2469 3023 2614 3078 Deus
2669 3022 2905 3076 animam
2961 3029 3014 3075 et
3075 3033 3278 3086 corpus
3322 3016 3610 3073 formavit.

2005 3117 2204 3173 Parum
2237 3115 2410 3171 lidunt
2457 3125 2638 3168 autem
2663 3127 2854 3167 omnes
2877 3107 3120 3165 solliciti.
3159 3106 3293 3162 Nam
3331 3107 3376 3163 si
3430 3110 3618 3178 perfe-

296 3200 446 3274 εἷχον
499 3205 580 3269 είς
631 3204 766 3260 Θεὸν
802 3207 1008 3275 πίστιν,
1062 3208 1162 3262 οὐκ
1214 3209 1281 3264 ἂν
1335 3211 1654 3283 ὲμερίμνων
1715 3212 1890 3275 οὕτως

2013 3220 2150 3268 clam
2200 3210 2251 3265 in
2302 3209 2470 3263 Deum
2504 3207 2773 3262 haberent
2802 3206 2984 3271 ﬁdem,
3018 3218 3123 3258 non
3145 3211 3254 3257 tam
3273 3201 3434 3258 enixe
3463 3200 3613 3258 solli-

296 3296 612 3359 ινενδότως.

379 3407 398 3441 s
439 3390 533 3460 Μή
556 3389 660 3444 οῦν
687 3393 1086 3464 μεριμνήσητε,
1119 3393 1395 3462 λέγοντεςυ
1423 3397 1490 3449 Τί
1527 3397 1819 3470 φάγωμεν,
1867 3400 1900 3470 ή

296 3481 352 3535 τί
378 3482 674 3554 πίωμεν,ἢ
718 3485 770 3536 τί
830 3484 1292 3557 περι6α>.ὡμεθα;
1345 3489 1531 3544 Πάντα
1581 3491 1690 3561 γὰρ
1729 3491 1905 3546 ταῦτα

299 3570 371 3624 τὰ
401 3569 528 3642 ἔθνη
582 3573 852 3644 ἐπιζητεῖ.
895 3593 913 3626 ι
955 3574 1030 3628 Τὸ
1070 3575 1170 3646 μὲν
1225 3581 1421 3646 φαγεῖν
1457 3579 1520 3632 οὐ
1571 3579 1793 3636 κωλύει.
1831 3581 1905 3633 Τὸ

299 3662 359 3717 δὲ
393 3663 596 3734 λέγειν,
639 3666 704 3718 Τί
766 3667 1070 3738 φάγωμενς
1125 3668 1347 3724 κωλύει.
1411 3673 1476 3724 '0
1537 3671 1794 3741 λέγουσιν
1847 3673 1898 3726 οἱ

299 3754 551 3810 πλούσιοι
601 3757 696 3825 ἀφ’
752 3758 1017 3829 ἑσπέρας·
1081 3759 1146 3813 Τί
1183 3760 1455 3832 φάγωμεν
1509 3762 1728 3836 αὕριονς
1769 3765 1906 3838 ὁρᾷς

299 3850 385 3906 δτι
431 3849 530 3924 τήν
558 3851 772 3924 τρυφήν
800 3853 894 3908 καὶ
926 3853 1025 3924 τὴν
1053 3852 1214 3924 ὓϐριν
1257 3854 1476 3908 κωλύει.

381 4051 398 4080 ι
433 4025 554 4086 Οἵδε
585 4029 696 4101 γάρ
717 4030 746 4083 6
775 4029 968 4100 Πατήρ
999 4028 1156 4099 ὑμῶν
1189 4031 1218 4084 ό
1253 4031 1503 4101 οὐράνιος
1535 4031 1618 4085 δτι
1673 4031 1904 4104 χρῄζετε

301 4124 510 4179 τούτων
543 4123 826 4178 ἁπάντων.
871 4125 1096 4191 Ζητεττε
1123 4122 1180 4176 δὲ
1237 4123 1458 4194 πρῶτον
1492 4125 1591 4194 τὴν
1626 4125 1907 4193 βασιλείαν

300 4217 398 4272 τοῦ
427 4217 586 4281 Θεοῦ,
621 4215 717 4269 καὶ
777 4217 878 4288 τήν
920 4216 1277 4287 δικαιοσύνην
1330 4215 1521 4280 αὑτοῦ,
1584 4217 1681 4272 καὶ
1732 4218 1906 4272 ταῦτα

305 4311 486 4362 πάντα
545 4307 986 4378 προστεθήσεται
1049 4308 1204 4378 ὑμῖν.
1246 4328 1262 4358 ι
1307 4308 1569 4363 Βασιλεία
1619 4309 1714 4364 τοῦ
1746 4310 1905 4376 Θεοῦ,

304 4400 337 4470 ή
371 4399 675 4463 ἀπόλαυσις
701 4399 811 4451 τῶν
858 4399 1086 4465 ἀγαθῶν
1113 4416 1126 4430 ⁶
1155 4398 1298 4471 αὕτη
1349 4401 1404 4453 δὲ
1435 4401 1522 4454 διὰ
1553 4402 1906 4471 δικαιοσύνης

304 4493 686 4564 προσγίνεται.
715 4493 906 4556 Ὅστις
930 4493 1024 4547 οῦν
1053 4492 1293 4564 ζητείτὰ
1322 4497 1698 4566 πνευματικά,
1731 4514 1907 4567 προσ-

2008 3302 2102 3358 citi
2135 3310 2340 3356 essent.

2085 3393 2246 3449 Vens.
2278 3392 2369 3459 5i,
2399 3392 2490 3448 52.
2543 3388 2623 3444 Ne
2663 3389 2828 3458 igitur
2878 3390 3096 3446 solliciti
3141 3390 3261 3445 sitis
3315 3390 3559 3444 dicentes
3599 3407 3613 3444 :

2010 3487 2151 3556 Quid
2181 3487 2430 3553 edemus,
2463 3495 2554 3540 aut
2619 3483 2753 3555 quid
2787 3483 3061 3548 bibemus,
3104 3491 3197 3537 aut
3237 3483 3440 3554 quibus
3477 3493 3612 3551 opel-

2013 3579 2263 3638 siemur?
2295 3576 2425 3632 Haec
2476 3577 2622 3631 enim
2671 3575 2856 3630 omnia
2887 3585 3080 3646 gentes
3125 3585 3401 3645 qumruul.
3435 3593 3452 3625 ι
3509 3575 3616 3628 llo-

2012 3671 2233 3726 medere
2272 3677 2326 3723 et
2352 3669 2544 3724 bibere
2577 3683 2681 3721 non
2708 3667 2982 3736 prohibet,
3021 3665 3202 3721 dicere
3241 3676 3449 3730 autem,
3475 3665 3616 3733 Quid

2012 3762 2398 3817 romedemns?
2439 3761 2695 3832 prohibet
2728 3777 2743 3814 :
2770 3760 2910 3815 sicut
2932 3761 3120 3814 dicunt
3150 3759 3346 3814 divites
3377 3761 3617 3830 vesperi,

2012 3857 2154 3922 Quid
2206 3856 2561 3912 comedemus
2610 3854 2808 3910 tuane?
2869 3853 3030 3909 Vides
3090 3855 3235 3923 quod
3292 3854 3518 3909 delicias
3566 3865 3620 3909 et

2012 3949 2200 4003 luxum
2244 3948 2532 4018 prohibet!

2089 4039 2258 4096 Vens.
2294 4040 2386 4105 52,
2421 4039 2513 4096 33.
2549 4059 2566 4092 ι
2628 4037 2743 4096 Scit
2766 4042 2913 4096 enim
2957 4042 3117 4100 Pater
3148 4053 3332 4099 vester
3377 4043 3620 4098 caelestis
3661 4049 3665 4053 ‘

2012 4135 2158 4203 quod
2218 4132 2433 4188 habetis
2491 4132 2577 4188 bis
2610 4134 2866 4191 omnibus
2919 4151 3078 4207 Opus.
3132 4136 3374 4203 Quaerite
3433 4145 3617 4188 autem

2014 4223 2250 4296 primum
2277 4239 2504 4295 regnum
2541 4225 2633 4281 Dei
2663 4235 2719 4280 et
2742 4226 3016 4298 justitiam
3041 4229 3182 4301 ejus,
3219 4242 3274 4284 et
3296 4229 3412 4284 hxec
3433 4229 3618 4282 omnia

2013 4327 2357 4388 apponeutur
2387 4319 2565 4375 vobis.
2609 4340 2630 4374 ι
2663 4318 2910 4388 Regnum
2949 4321 3069 4387 Dei,
3111 4324 3387 4379 bonorum
3429 4321 3623 4376 fruitiu

2013 4422 2135 4466 est:
2178 4410 2268 4465 illa
2301 4423 2485 4466 autem
2520 4427 2618 4482 per
2642 4413 2913 4483 justitiam
2945 4416 3236 4487 contingit.
3265 4415 3430 4470 Omni
3455 4416 3624 4486 igitur

2012 4506 2281 4574 qumreuti
2319 4505 2650 4575 spiritualia,
2689 4507 2964 4561 adduntur
2997 4507 3162 4562 etiam
3194 4507 3527 4578 corporalia,
3556 4521 3622 4561 cx

303 4584 512 4638 τίθεται
569 4585 749 4656 τούτῳ
810 4585 906 4638 καὶ
941 4585 1010 4639 τὰ
1056 4589 1350 4659 σωματικὰ
1397 4590 1540 4643 κατὰ
1587 4591 1905 4661 φιλοτιμίαν

2017 4591 2344 4649 liberalitate
2371 4593 2491 4650 Dei.

303 4677 463 4733 Θεοῦ.

387 4795 404 4826 ι
437 4774 531 4845 Μὴ
579 4769 675 4828 οὖν
713 4777 1098 4847 μεριμνήσητε
1151 4777 1232 4840 εἰς
1280 4777 1380 4847 τὴν
1428 4777 1620 4849 αὔριον
1649 4795 1661 4807 ·
1705 4779 1738 4850 ή
1797 4777 1910 4849 γάρ

302 4864 496 4938 αὔριον
523 4870 856 4940 μεριμνήσει
896 4869 1225 4939 τὰέαυτῆςο
1255 4870 1492 4940 ἀρκετὸν
1517 4873 1582 4942 τῇ
1638 4871 1825 4944 ἡμέρᾳ
1877 4873 1912 4944 ή

303 4958 472 5010 κακία
508 4959 701 5029 αὐτῆς.
743 4971 762 5012 's
807 4961 1024 5016 Κακίαν
1077 4962 1294 5032 ἡμέρας
1336 4963 1435 5031 τὴν
1488 4964 1783 5035 συντρισὴν
1817 4965 1912 5018 καὶ

300 5053 402 5121 τὴν
425 5053 672 5106 κάκωσιν
703 5055 890 5124 λέγει’
913 5077 920 5082 ·
943 5050 1077 5121 οἷον,
1123 5057 1386 5127 Ἀρκετόν
1422 5075 1502 5110 σοι
1531 5059 1612 5111 ὅτι
1648 5057 1911 5131 ωντρίσῃ

304 5144 451 5216 ὑπὲρ
479 5149 579 5214 τῆς
630 5148 897 5219 σήμερον,
931 5151 980 5202 εί
1017 5149 1076 5203 δὲ
1109 5152 1204 5204 καὶ
1235 5152 1380 5220 ὑπὲρ
1432 5152 1531 5222 τῆς
1575 5150 1774 5222 αὔριον
1814 5169 1912 5222 με·

309 5241 622 5311 ριμνήσεις,
660 5241 792 5295 πότε
826 5243 1115 5313 σχολάσεις
1145 5244 1225 5317 τῷ
1263 5245 1406 5317 Θεῷ,
1449 5245 1538 5300 ἀεὶ
1597 5235 1930 5319 συντρίϐων¹

309 5333 542 5386 σεαυτὸν
572 5333 714 5405 ὑπὲρ
737 5333 861 5388 τῶν
883 5337 1245 5406 σωματικῶνς

919 5451 1176 5508 ΚΕΦΑΛ.
1226 5453 1300 5508 Z'.

2091 4765 2261 4821 Vens.
2295 4766 2385 4822 δέ.
2421 4785 2449 4819 ι-
2474 4766 2552 4824 Ne
2584 4769 2752 4840 igitur
2787 4769 3006 4824 solliciti
3042 4771 3165 4826 sitis
3199 4771 3249 4824 in
3279 4771 3623 4844 crastinum:

2017 4877 2142 4917 nam
2177 4863 2295 4918 dies
2317 4863 2596 4919 crastinus
2625 4878 2815 4917 curam
2840 4865 3066 4920 habebit
3088 4865 3351 4935 suiipsius
3379 4884 3391 4921 :
3423 4865 3631 4922 sufficit

2016 4959 2162 5012 enim
2189 4958 2294 5012 diei
2334 4971 2434 5012 sua
2468 4957 2699 5012 malitia.
2726 4977 2746 5010 ι
2781 4956 3045 5014 Malitiam
3093 4958 3227 5023 diei,
3277 4960 3646 5017 amictionem»

2017 5061 2071 5106 et
2095 5051 2466 5117 calamitatem
2510 5062 2693 5108 vocat.
2722 5053 3104 5111 Sullicitenim
3157 5057 3279 5122 tibi,
3330 5060 3477 5128 quod
3528 5059 3629 5112 ho-

2019 5145 2210 5201 dierna
2238 5145 2536 5202 aﬂlictione
2567 5147 2823 5202 obrueris
2852 5159 2866 5205 :
2897 5150 3040 5217 quod
3098 5148 3142 5202 si
3175 5160 3228 5202 et
3261 5165 3358 5218 pro
3384 5150 3632 5204 crastino

2018 5239 2284 5296 sollicitus
2309 5239 2500 5310 fueris,
2525 5241 2742 5311 quando
2773 5243 2993 5300 vacabis
3027 5243 3406 5314 Deopsemper
3433 5254 3647 5300 temet--

2021 5338 2196 5404 ipsum
2216 5333 2474 5390 crucians
2498 5350 2596 5405 pro
2627 5335 3007 5405 corporalibus
3033 5337 3047 5389 ι

2634 5453 2870 5511 CAPUT
2908 5454 3021 5509 VII.

307 5540 452 5617 Περὶ
505 5541 614 5617 τοῦ
655 5543 883 5617 κρίνειν
918 5545 1166 5617 ,μηδένα
1197 5565 1210 5577 ο
1243 5548 1396 5617 ’περὶ
1438 5544 1542 5601 τοῦ
1569 5548 1782 5612 αἰτεῖν,
1815 5549 1911 5601 καί

2022 5544 2129 5616 35
2157 5544 2312 5612 Quod
2343 5563 2445 5599 non
2477 5545 2634 5600 liceat
2670 5548 2734 5600 de
2763 5563 3032 5616 quoquam
3050 5548 3318 5616 judicare.
3352 5546 3633 5612 Quomodo

384 5611 608 5678 ζητεῖν·
636 5611 788 5695 ⁵περὶ
835 5611 942 5671 τοῦ
982 5611 1485 5688 προσέχειν-’ἀπὸ
1528 5617 1647 5674 τῶν
1688 5611 1915 5690 $5060-

381 5698 728 5754 xpogpntwr.

391 5814 411 5847 ι
447 5797 538 5866 Μὴ
570 5799 809 5870 κρίνετε,
853 5800 938 5854 ἵνα
982 5801 1056 5874 μὴ
1086 5803 1355 5875 κριθῆτεί
1402 5825 1418 5856 ι
1457 5806 1592 5874 Οὐχὶ
1642 5804 1704 5859 τὸ
1752 5806 1912 5876 ιλέγο

311 5903 434 5962 χειν
469 5891 692 5962 κωλύει,
724 5895 861 5950 ἀ).λᾶ
893 5896 952 5951 τὸ
988 5900 1361 5969 κατακρίνειν.
1403 5899 1460 5954 Ὀ
1491 5899 1588 5972 μὲν
1621 5899 1730 5972 γὰρ
1761 5900 1915 5972 ἔλεγ-

2093 5630 2265 5685 pelere
2293 5628 2341 5670 ει
2373 5634 2608 5687 quaerere
2649 5619 2950 5672 debeamus.
2981 5617 3137 5684 Quod
3168 5621 3316 5673 nobis
3341 5621 3634 5674 cavendum

2094 5691 2159 5742 sit
2192 5707 2221 5740 η
2247 5689 2401 5758 falsis
2427 5689 2716 5759 prophetis.

2099 5801 2265 5858 Vatis.
2304 5803 2352 5858 l.
2389 5823 2409 5856 ι
2449 5802 2528 5860 Ne
2558 5805 2836 5874 judicetis,
2873 5813 2927 5856 ut
2964 5822 3028 5859 nc
3054 5804 3399 5874 judicetnini.
3447 5825 3463 5858 ι
3510 5803 3635 5859 ιΝοιι

2025 5900 2435 5970 reprehendere
2474 5900 2748 5970 prohibet,
2789 5901 2881 5956 srd
2909 5902 3281 5958 cuu-lmnnare
3324 5917 3336 5955 :
3385 5919 3509 5956 nam
3549 5917 3602 5955 re.
