4288 6444
774 388 875 452 211

1620 388 2197 452 T-IIEOPHYLACTI
2242 388 2651 451 BULGAIH/E
2678 387 3036 451 ARCHI‘EP.

3923 378 4039 444 21?.

771 500 1064 574 prehensio
1106 499 1255 554 utilis
1290 505 1395 563 est,
1436 496 1815 553 condemnatio
1847 506 2027 553 autem
2058 498 2343 567 probrosa,
2372 497 2464 571 Α)

2372 497 2424 558 Α
2448 517 2541 571 χος
2560 498 2654 552 ἰπὶ
2679 496 2975 568 ὠφελείᾳ..
3012 495 3181 557 ἐστὶν,
3219 494 3253 564 ή
3287 491 3344 546 δὲ
3376 490 3704 561 κατάκρισις
3760 490 3854 544 ἐπὶ
3888 492 4044 546 ὀνεισ

765 605 822 651 ει
854 595 1142 665 despectus
1177 591 1369 664 piem:
1404 591 1485 646 vel
1538 590 1696 646 aliter
1739 591 1978 662 intellig‘e
2008 590 2077 646 de
2128 604 2192 646 eo
2227 593 2343 661 qui,

772 686 984 756 magnis
1014 684 1250 756 peccatis
1280 684 1567 760 obnoxius,
1599 683 1894 752 opprobrat
1920 684 2077 748 alios,
2103 683 2169 737 ει·
2191 697 2343 737 com—

770 778 995 832 tlemnat
1036 778 1213 834 minus
1261 775 1578 848 culpabiles,
1610 776 1742 831 etin
1770 776 1855 831 bis
1885 790 2003 844 qua:
2036 773 2176 828 Deus
2201 773 2345 843 judi-

768 880 987 925 εειιυιιιιε
1018 878 1118 924 εει.

839 959 1000 1016 Vm.
1030 959 1147 1015 2-5.
1183 980 1201 1012 ε
1236 960 1351 1029 Quo
1373 943 1514 1015 enim
1541 960 1748 1031 judicio
1759 960 2033 1031 judicatis,
2064 960 2340 1031 judicahio

768 1053 900 1107 mini
932 1072 946 1109 :
990 1064 1047 1109 et
1075 1069 1179 1123 qua
1214 1068 1469 1109 mensura
1522 1053 1812 1121 metlmini,
1841 1054 2132 1110 metientur
2165 1054 2340 1108 vobis.

764 1143 902 1210 Quid
929 1155 1110 1200 autem
1149 1145 1299 1219 vides
1331 1145 1592 1200 festucam
1620 1160 1739 1214 quae
1767 1155 1851 1200 est
1884 1147 1938 1201 in
1967 1147 2125 1202 oculo
2160 1144 2343 1200 fratris

766 1235 863 1299 tui,
893 1238 1100 1290 trabem
1151 1246 1328 1291 autem
1352 1250 1469 1305 quae
1487 1244 1571 1290 est
1597 1236 1649 1289 in
1673 1235 1829 1290 oculo
1876 1243 1969 1291 tuo
2013 1251 2119 1291 non
2151 1233 2344 1288 vides?

768 1326 875 1380 Aut
905 1326 1175 1395 quomodo
1203 1327 1351 1382 dices
1396 1323 1549 1379 fratri
1590 1334 1701 1391 tuo,
1740 1321 1871 1380 Sine
1920 1325 2133 1395 ejiciam
2174 1322 2343 1378 featu-

764 1431 884 1470 c-am
942 1431 1009 1470 ex
1070 1415 1227 1471 oculo
1275 1424 1387 1480 tuo,
1442 1424 1497 1470 et
1530 1428 1663 1471 ecce
1725 1417 1873 1471 trabs
1911 1414 1964 1469 in
2014 1414 2168 1469 oculo
2214 1411 2343 1468 tuo?

768 1506 1077 1575 llypocrita,
1125 1505 1259 1574 ejice
1306 1506 1538 1577 primum
1585 1506 1789 1561 trabem
1840 1522 1911 1561 ex
1951 1506 2105 1561 oculo
2143 1516 2254 1571 tuo,
2288 1514 2343 1559 et

764 1609 891 1649 tunc
935 1596 1141 1652 videbis
1192 1608 1250 1652 ut
1302 1598 1491 1668 ejicias
1536 1598 1802 1655 festucam
1853 1614 1919 1652 cx
1959 1598 2114 1654 oculo
2157 1598 2341 1653 fratris

762 1690 854 1744 tui.
893 1708 909 1741 ι
940 1688 1265 1760 Carpturum
1311 1690 1445 1746 alios
1478 1700 1694 1761 oportet
1738 1691 2144 1746 immaculatum
2195 1707 2336 1749 esse.

761 1780 892 1834 Nam
925 1782 1129 1836 habens
1161 1783 1365 1837 trabem
1401 1783 1452 1836 in
1488 1781 1642 1837 oculo
1680 1798 1799 1847 suo,
1839 1784 1939 1839 hoc
1965 1794 2050 1838 est
2084 1799 2338 1854 magnum

2453 590 2633 664 δισμῷ
2663 591 2758 645 καὶ
2786 586 3162 657 ἐξουδενῶσει,
3204 584 3380 649 ἄλλως
3406 601 3468 637 τε
3496 584 3588 639 καὶ
3612 586 3740 638 ὅταν
3778 583 3919 654 ἔχων
3947 602 4039 648 τις

2456 684 2699 755 μεγάλας
2728 680 3027 754 ἁμαρτίας,
3058 676 3296 750 ὀνειδίζῃ
3334 676 3569 745 ἑτέροις,
3596 676 3693 731 καὶ
3728 676 4037 748 κατακρίνει

2450 775 2577 838 τοὺς
2595 773 2857 827 ἐλάττονα
2900 773 3143 842 ἔχοντας,
3171 768 3207 824 ἃ.
3227 771 3256 823 6
3281 766 3418 832 Θεὸς
3451 766 3637 839 μέλλει
3654 768 3888 840 κρίνειν.

2510 968 2547 1020 ⁹ε
2599 950 2688 1003 Ἐν
2710 941 2755 1018 ᾧ
2783 948 2892 1018 γάρ
2931 946 3172 1020 κρίνετε,
3196 943 3533 1017 κριθήσεσθε
3552 960 3568 975 ·
3589 942 3683 998 καὶ
3702 944 3760 998 ιν
3777 936 3823 1012 ᾧ
3848 943 4038 1015 μέτρῳ

2454 1043 2727 1113 μετρεῖτε,
2765 1040 3170 1112 μετρηθήσεται
3202 1038 3355 1110 ὑμῖν.
3383 1037 3453 1091 Τί
3476 1035 3535 1091 δδ
3566 1034 3792 1106 βλέπεις
3817 1034 3878 1089 τὸ
3901 1036 4039 1105 κάρ-

2451 1147 2550 1201 φος
2582 1134 2643 1184 τὸ
2678 1132 2737 1184 ἐν
2769 1130 2847 1201 τῷ
2880 1128 3148 1202 ὀφθαλμῷ
3190 1128 3288 1183 τοῦ
3318 1126 3553 1198 ἀδελφοῦ
3608 1142 3727 1193 σου,
3760 1128 3861 1195 τὴν
3884 1126 3942 1181 δὲ
3978 1128 4035 1179 ιν

2449 1221 2532 1292 τῷ
2566 1220 2644 1291 σῷ
2694 1220 2961 1292 ὀφθαλμῷ
2994 1221 3155 1275 δοκὸν
3193 1221 3255 1275 οὐ
3290 1221 3612 1286 κατανοεῖς;
3654 1218 3686 1289 ἢ
3742 1218 3859 1282 πῶς
3891 1218 4036 1289 ἐρεῖς

2447 1313 2526 1391 τῷ
2557 1312 2774 1383 ἀδελφῷ
2812 1330 2929 1379 σου,
2965 1314 3137 1380 ’Δφες
3175 1313 3393 1368 ἐκϐάλω
3429 1311 3491 1365 τὸ
3527 1310 3741 1381 κάρφος
3796 1311 3907 1364 ἀπὸ
3938 1309 4033 1363 τοῦ

2449 1404 2731 1476 ὀφθαλμοῦ
2762 1422 2881 1470 σου,
2908 1408 3001 1459 καὶ
3025 1406 3136 1460 ἰδοὺ
3156 1407 3189 1477 ἠ
3213 1406 3370 1468 δοκὸς
3401 1407 3460 1463 ιν
3488 1404 3566 1477 τῷ
3606 1404 3876 1474 ὀφθαλμῷ
3898 1422 3993 1457 σου
4017 1419 4032 1469 ;

2459 1499 2786 1570 ’Υποκριτὰ,
2817 1497 3013 1552 ἔκϐαλε
3048 1500 3269 1569 πρῶτον
3298 1497 3398 1571 τὴν
3422 1498 3580 1553 δοκὸν
3614 1500 3677 1551 ἐκ
3698 1496 3791 1551 τοῦ
3828 1497 4034 1565 6360a).-

2450 1590 2553 1661 μοῦ
2583 1588 2702 1655 σοῦ,
2730 1590 2825 1644 καὶ
2865 1592 2986 1644 τότε
3020 1589 3332 1659 διαϐλέψεις
3369 1589 3620 1643 ἐκϐαλεῖν
3641 1588 3701 1642 τὸ
3730 1590 3943 1659 κάρφος
3969 1591 4033 1641 ix

2445 1680 2541 1735 τοῦ
2581 1678 2865 1752 ὀφθαλμοῦ
2932 1677 3027 1733 τοῦ
3080 1678 3315 1748 ἀδελφοῦ
3371 1695 3488 1733 σου.
3530 1697 3549 1731 ι
3596 1679 3701 1731 Τὸν
3762 1677 4031 1747 μέλλοντα

2448 1774 2801 1845 ἐπιπλήττειν
2862 1773 3046 1837 ἄλλοις
3071 1773 3151 1827 δεῖ
3180 1771 3416 1843 ἄμωμον
3446 1766 3606 1826 εἶναι.
3643 1772 3706 1824 Ei
3736 1771 3846 1842 γὰρ
3868 1770 4031 1832 αὐτὸς

761 1873 987 1938 lignum,
1025 1873 1231 1928 scilicet
1288 1882 1591 1943 peccatum,
1642 1884 1692 1927 et
1739 1874 2132 1943 reprehendens
2176 1873 2342 1927 alium
2375 1860 2454 1919 Βί

2333 1890 2342 1926 ι
2375 1860 2419 1919 Β
2447 1864 2778 1935 δοκὸν-κεχων
2811 1864 2868 1920 ἐν
2897 1864 2976 1936 τῷ
3026 1862 3312 1935 ὀφθαλμῷ,
3339 1861 3613 1926 τουτέστι,
3668 1862 3811 1932 μέγα
3849 1860 4026 1926 ξύλον,

764 1968 1022 2019 festucam
1089 1966 1396 2032 habentem,
1458 1964 1906 2034 impudentiorem
1974 1966 2122 2021 illum
2186 1963 2335 2020 facit.

761 2058 1009 2111 Ostendit
1033 2068 1209 2112 autem
1239 2058 1513 2124 Dominus,
1535 2060 1677 2126 quod
1711 2074 1936 2129 magnus
1961 2068 2210 2129 peccator
2234 2072 2341 2114 non

762 2160 937 2217 potest
979 2151 1114 2204 bene
1164 2151 1345 2205 videre
1378 2160 1655 2220 peccatum
1709 2149 1915 2205 fratris:
1960 2149 2092 2206 Nam
2127 2150 2218 2220 qui
2246 2150 2344 2204 ha-

770 2243 943 2295 buerit
1003 2241 1055 2295 in
1110 2240 1267 2297 oculo
1315 2242 1545 2306 trabem,
1602 2243 1873 2309 quomodo
1922 2242 2106 2297 videre
2159 2249 2339 2312 potest

759 2330 923 2383 alium
958 2330 1307 2384 mediocriter
1341 2329 1578 2384 malum?
1864 2348 1873 2360 ι

834 2504 996 2560 Vens.
1035 2504 1087 2561 6.
1119 2525 1136 2558 ι
1172 2506 1249 2562 Ne
1284 2507 1420 2562 dctis
1449 2516 1695 2563 sanctum
1724 2508 1970 2572 canibus,
2003 2521 2179 2579 neque
2208 2509 2338 2562 mit-

762 2597 895 2651 tatis
925 2600 1246 2667 margaritas
1273 2609 1481 2654 vestras
1506 2610 1631 2654 ante
1662 2614 1874 2670 porcos,
1912 2615 1978 2655 ne
2022 2600 2162 2655 forte
2206 2614 2338 2655 con-

756 2689 967 2743 t-ulccnt
986 2704 1078 2744 eas
1095 2690 1316 2759 pedibus
1332 2691 1466 2756 suis,
1482 2699 1531 2745 et
1546 2691 1794 2745 conversi
1808 2691 2151 2761 disrumpant
2168 2705 2283 2747 vos.
2310 2709 2329 2743 ι

756 2783 931 2837 Canes
980 2791 1105 2837 sunt
1146 2783 1386 2838 inﬁdeles
1425 2803 1436 2839 :
1476 2786 1621 2854 porci
1659 2792 1860 2851 autem,
1895 2785 2081 2841 ﬁdeles
2114 2785 2333 2857 quidem

757 2887 908 2938 sunt,
951 2877 1042 2930 sed
1078 2878 1395 2931 lutulentum
1452 2879 1618 2931 vitam
1657 2888 1902 2948 agentes.
1944 2878 2197 2950 Mysteria
2240 2880 2337 2949 igi-

760 2981 847 3023 tur
903 2970 1199 3026 incredulis
1246 2986 1349 3023 uou
1381 2980 1507 3025 sunt
1547 2972 1844 3041 prodenda,
1898 2986 2072 3043 neque
2116 2972 2246 3027 clari
2284 2983 2337 3028 ct

760 3065 1067 3134 margaritis
1092 3064 1295 3119 similes
1317 3080 1599 3119 sermones
1632 3064 1700 3119 de
1737 3066 2001 3136 theologia
2040 3066 2335 3121 immundis

753 3158 1211 3211 communicandi.
1247 3156 1402 3212 Porci
1459 3158 1601 3212 enim
1658 3158 2003 3225 conculcant,
2044 3160 2157 3215 sive
2204 3174 2336 3213 cou-

753 3257 998 3300 temnuut
1037 3261 1155 3315 qum
1199 3248 1469 3310 dicuntur,
1504 3264 1667 3303 canes
1701 3258 1879 3303 autem
1903 3250 2151 3305 conversi
2186 3251 2330 3304 lace-

752 3346 873 3392 rant
904 3353 1002 3393 nos
1056 3356 1067 3391 :
1107 3342 1248 3407 quml
1282 3338 1524 3394 fecerunt
1554 3340 1879 3410 philosophi,
1907 3356 2028 3395 Cum
2080 3343 2331 3395 audirent

749 3434 1069 3487 crucifixum
1112 3433 1413 3489 Christum.
1452 3434 1761 3489 Dilacerant
1836 3450 2015 3488 autem
2078 3451 2176 3489 nos
2237 3451 2328 3487 ra-

751 3526 1083 3590 tiocinaudo,
1158 3528 1486 3595 impossibile
1512 3544 1631 3585 esse
1663 3531 1998 3586 cavillantes.

820 3708 982 3763 Vens.
1014 3708 1064 3774 7,
1093 3709 1145 3763 8.
1183 3728 1200 3760 ι
1242 3710 1431 3772 Petite,
1457 3721 1513 3765 et
1564 3710 1780 3765 dabitur
1836 3712 1988 3766 vobis
2028 3731 2040 3767 :
2079 3716 2327 3784 querito»,

744 3813 799 3859 et
831 3802 1120 3858 invenietis
1156 3821 1167 3855 :
1198 3804 1427 3870 pulsate,
1480 3810 1536 3857 et
1589 3804 1868 3871 aperietur
1908 3804 2081 3859 vobis.
2140 3804 2330 3861 Omnis

746 3898 889 3951 enim
923 3897 1013 3965 qui
1050 3896 1201 3966 petit,
1245 3896 1442 3964 accipit
1478 3907 1573 3951 :et
1610 3897 1698 3965 qui
1728 3900 1941 3966 qntrrit,
1979 3899 2186 3954 invenit
2222 3919 2236 3953 :
2276 3910 2331 3955 et

746 3991 976 4059 pulsanti
1004 3990 1295 4061 aperietur.
1331 4009 1347 4040 ι
1378 3989 1846 4059 lmperavitnobis
1879 3993 1929 4046 in
1957 3993 2329 4059 superioribus

744 4098 937 4149 magna
986 4093 1039 4136 et
1070 4082 1310 4135 difﬁcilia
1343 4100 1356 4136 :
1415 4083 1657 4139 ostendit
1691 4083 1855 4153 igitur
1910 4083 2013 4139 hoc
2047 4084 2165 4139 loco
2195 4099 2328 4153 quo-

746 4180 904 4230 modo
938 4177 1194 4243 imperatu
1223 4175 1594 4243 perficiantur,
1638 4160 1829 4248 nempe
1851 4192 1945 4248 per
1976 4192 2165 4246 preces
2183 4193 2327 4233 cou-

742 4269 941 4322 tinuis.
980 4267 1155 4321 Petite
1211 4268 1382 4333 enim,
1416 4269 1572 4331 dixit,
1603 4270 1703 4322 hoc
1764 4280 1867 4334 est,
1918 4285 2155 4340 semper.
2208 4269 2324 4325 Non

740 4360 882 4411 enim
938 4357 1095 4421 dixit,
1146 4357 1344 4426 petatis
1368 4357 1559 4411 semel.
1604 4357 1808 4415 Deinde
1855 4367 1909 4413 et
1938 4359 2185 4431 exemplo
2226 4360 2329 4415 hu-

741 4466 899 4503 tnnno
922 4452 1207 4504 cuulirutat
1237 4451 1459 4505 dictum.

816 4542 977 4595 \‘uns.
1009 4544 1063 4605 9,
1098 4545 1181 4596 l0.
1226 4563 1243 4593 ι
1295 4546 1373 4597 Au
1413 4545 1698 4613 quisquam
1730 4554 1814 4599 est
1842 4560 1910 4601 ex
1942 4546 2093 4602 vobis
2139 4548 2320 4612 homo,
2357 4576 2402 4631 ι)

2446 1958 2567 2029 ἦτοι
2611 1957 2943 2029 ἁμάρτημα,
2996 1956 3370 2026 ἐπιμέμφεται
3400 1955 3545 2025 ἄλλῳ
3576 1957 3785 2024 κάρφος
3827 1954 4029 2025 ἔχοντι,

2446 2052 2866 2122 ἀναισχύντερον
2892 2051 3096 2105 ἐκεῖνον
3114 2049 3357 2118 ἐποίησε.
3389 2041 3643 2102 Δείκνυή
3660 2049 3716 2102 δὲ
3745 2048 3772 2100 ὀ
3799 2049 4027 2118 Κύριος,

2444 2144 2663 2199 ὅτιούδὲ
2690 2143 2919 2197 δύναται
2961 2143 3094 2197 ίδεῖν
3128 2142 3307 2206 καλῶς
3332 2140 3395 2196 τὸ
3426 2140 3519 2196 τοῦ
3552 2141 3784 2210 ἀδελφοῦ
3840 2141 4027 2212 ἀμάρ-

2443 2253 2593 2307 τημα
2637 2237 2666 2289 ὀ
2712 2235 2928 2306 μεγάλα
2973 2233 3312 2305 ἁμαρτάνων
3346 2250 3362 2266 ο
3389 2235 3419 2288 6
3449 2232 3558 2305 γὰρ
3592 2233 3734 2303 ἔχων
3770 2234 4027 2314 δοκὸν-ιν

2440 2327 2520 2401 τῷ
2541 2326 2831 2398 ὀφθαλμῷ,
2864 2326 2981 2390 πῶς
3012 2325 3077 2380 ἂν
3107 2325 3208 2380 ῐδοι
3237 2324 3400 2381 ἄλλον
3429 2324 3669 2397 μετρίως
3705 2324 4027 2395 βλαπτόμε-

2443 2438 2569 2483 νον;

2518 2533 2537 2567 ι
2570 2513 2664 2585 Μὴ
2707 2514 2843 2567 δῶτε
2870 2513 2931 2567 τὸ
2964 2513 3119 2581 ἅγιον
3152 2515 3264 2577 τοῖς
3296 2510 3445 2579 κυσὶ,
3490 2510 3627 2583 μηδὲ
3662 2493 3863 2581 βάλητε
3899 2508 4027 2572 τοὺς

2445 2606 2793 2678 μαργαρίτας
2824 2606 2979 2677 ὑμῶν
3028 2605 3341 2677 ἔμπροσθεν
3391 2604 3501 2658 τῶν
3547 2604 3769 2675 χοίρων,
3810 2602 4028 2673 μήποτε

2440 2701 2909 2770 καταπατήσωσιν
2965 2700 3165 2764 αὐτοὺς
3225 2701 3284 2755 ἐν
3333 2701 3445 2763 τοῖς
3482 2699 3643 2751 ποσὶν
3673 2695 3877 2758 αὐτῶν,
3932 2694 4027 2748 καὶ

2439 2790 2771 2864 στραφέντες
2801 2791 3039 2862 ῥήξωσιν
3069 2792 3235 2861 ὑμᾶς.
3270 2810 3289 2843 ι
3327 2790 3506 2850 Κύνες
3536 2791 3674 2843 εἰσὶν
3704 2789 3753 2842 oi
3778 2788 4026 2850 ἄπιστοι,

2438 2888 2610 2957 χοῖροι
2633 2885 2779 2951 δὲ,οί
2814 2886 2997 2939 πιστοὶ
3031 2885 3152 2955 μὲν,
3203 2882 3522 2956 βορϐορώδη
3552 2883 3608 2937 δὲ
3646 2881 3762 2952 βίον
3785 2880 4025 2950 ἔχοντες.

2437 2981 2530 3031 Δεῖ
2560 2978 2743 3032 τοίνυν
2779 2978 2847 3031 τὰ
2885 2978 3165 3050 μυστήρια
3228 2978 3305 3048 μὴ
3352 2976 3535 3045 λέγειν
3585 2976 3699 3037 τοῖς
3742 2974 4024 3034 ἀπίστοις,

2443 3072 2577 3143 μηδὲ
2610 3072 2734 3133 τοὺς
2764 3070 3051 3143 λαμπροὺς
3097 3072 3191 3124 καὶ
3221 3069 3604 3140 μαργαρὼδεις
3637 3068 3832 3136 λόγους
3889 3066 4020 3127 τοὺς

2439 3164 2569 3234 περὶ
2599 3164 2878 3231 θεολογίας
2931 3166 3043 3228 τοῖς
3074 3162 3407 3233 ἀκαθάρτοις
3439 3163 3486 3215 oi
3520 3162 3618 3230 μὲν
3660 3161 3774 3228 γὰρ
3822 3160 4023 3229 χοῖροι,

2442 3253 2868 3316 καταπατοῦσιν,
2900 3254 3019 3323 ἤτοι
3080 3251 3482 3322 καταφρονοῦσι
3522 3250 3632 3303 τῶν
3680 3248 4022 3316 λεγομένων,

2437 3348 2485 3399 oi
2518 3346 2573 3399 δὲ
2607 3344 2767 3408 κύνες
2815 3349 3149 3416 στραφέντες
3178 3343 3675 3415 διασπαράττουσιν
3705 3342 3852 3411 ἡμᾶς
3874 3358 3888 3373 ο
3930 3335 4025 3392 οἷα

2438 3435 2685 3491 ποιοῖσιν
2707 3439 2763 3494 oi
2788 3437 3069 3508 λεγόμενοι
3091 3436 3397 3507 φιλόσοφοι,
3431 3436 3561 3488 ὅταν
3594 3433 3905 3486 ἀκούσωσιν
3940 3431 4027 3483 ὅτι

2437 3527 2755 3600 ἐσταυρώθη
2798 3528 2953 3592 Θεὸς,
2994 3528 3401 3597 σπαράττουσιν
3446 3525 3594 3595 ἡμᾶς
3629 3525 3743 3587 τοῖς
3772 3520 4026 3591 συλλογι-

2440 3623 2615 3687 σμοῖς,
2644 3620 2903 3673 ἀδύνατον
2926 3615 3243 3684 εἶναιτοῦτο
3278 3616 3646 3684 σοφιζόμενοι.

2516 3730 2533 3762 ι
2567 3712 2799 3774 Αἰτεῖτε,
2835 3709 2933 3765 καὶ
2962 3708 3248 3779 δοθήσεται
3282 3708 3441 3777 ὑμῖν
3502 3704 3740 3773 ζητεῖτε.
3784 3703 3881 3757 καὶ
3931 3702 4026 3755 εὑ-

2443 3805 2637 3877 ρήσετε
2663 3820 2676 3832 ·
2708 3802 2959 3874 κρούετε,
2992 3804 3083 3855 καὶ
3117 3802 3475 3873 ἀνοιγήσεται
3506 3798 3636 3868 ὑμῖν
3660 3813 3673 3826 ⁸
3713 3798 3823 3860 πᾶς
3853 3794 3964 3865 γὰρ
4000 3798 4029 3849 ὀ

2438 3896 2604 3951 αίτῶν
2658 3880 2946 3967 λαμϐάνει,
3000 3897 3096 3951 καὶ
3146 3898 3175 3950 6
3227 3894 3409 3964 ζητῶν
3462 3893 3732 3963 εὑρίσκει,
3786 3892 3886 3946 καὶ
3945 3888 4029 3961 τῷ

2437 3990 2688 4061 κρούοντι
2716 3990 3090 4062 ἀνοιγήσεται.
3125 4008 3143 4041 ι
3193 3986 3490 4054 Ἐπέταξεν
3512 3988 3643 4058 ἡμῖν
3671 3987 3730 4039 ὲν
3749 3986 3865 4049 τοῖς
3895 4002 4026 4055 προ-

2435 4082 2659 4137 λαϐοῦσι
2704 4064 2917 4154 μεγάλα
2960 4084 3056 4137 καὶ
3084 4082 3325 4154 χαλεπά.
3359 4080 3643 4133 Δείκνυσιν
3664 4077 3758 4133 οῦν
3787 4075 4025 4131 ἐνταῦθα

2437 4179 2554 4239 πῶς
2608 4176 3142 4247 κατορθωθὴσονται,
3198 4175 3293 4228 καὶ
3324 4175 3407 4228 ὅτι
3442 4173 3531 4227 διὰ
3567 4172 3668 4241 τῆς
3702 4169 3872 4241 εὐχῆς
3920 4169 4021 4239 τῆς

2435 4268 2738 4339 διηνεκοῦς.
2771 4270 2982 4322 Αἰτεῖτε
3002 4268 3132 4337 γὰρ,
3164 4263 3341 4331 εἶπεν,
3370 4265 3490 4320 ἀντὶ
3543 4263 3636 4316 τοῦ
3679 4263 3789 4324 ἀεὶ,
3813 4261 3876 4316 οὐ
3913 4262 4023 4332 γὰρ

2435 4358 2615 4430 εἶπεν,
2654 4358 2964 4432 Αίτήσασθε
2992 4360 3158 4424 ἅπαξ.
3202 4355 3333 4412 Εἶτα
3367 4358 3461 4412 καὶ
3493 4356 3601 4411 ἀπὸ
3620 4355 4023 4425 ὑπώείγματος

2434 4455 2778 4526 ἀνθρωπίνου
2812 4453 3024 4524 βεϐαιοῖ
3052 4452 3112 4506 τὸ
3137 4451 3347 4523 λεχθέν.

2513 4562 2533 4597 ι
2559 4546 2628 4599 Ἦ
2658 4546 2747 4609 τίς
2781 4546 2929 4599 ἐστιν
2960 4544 3247 4616 ἄνθρωπος
3268 4544 3324 4610 ἐξ
3349 4542 3527 4611 ὑμῶν,
3558 4541 3617 4595 δν
3647 4542 3744 4595 ἐὰν
3764 4541 3969 4614 αἰτήσῃ
3994 4542 4022 4594 6

739 4653 900 4703 llilt‘lll
934 4637 977 4688 si
1015 4637 1227 4705 petierit
1251 4637 1393 4690 filius
1425 4638 1540 4705 ejus
1570 4652 1784 4705 pauetn,
1823 4639 2060 4705 lapidem
2091 4641 2319 4695 daturus

2434 4638 2547 4700 υίὸς
2585 4638 2753 4690 αὑτοῦ
2790 4638 2976 4709 ἄρτον,
3016 4640 3089 4707 μὴ
3124 4637 3273 4690 λίθον
3305 4635 3561 4688 ἐπιδώσει
3585 4633 3770 4704 αύτῷς
3803 4634 3897 4687 καὶ
3924 4633 4021 4687 ἐὰν

738 4730 807 4781 sit
836 4727 953 4781 illi?
988 4729 1143 4781 autsi
1201 4729 1401 4797 piscem
1439 4728 1673 4796 petierit,
1706 4744 1832 4782 num
1893 4739 2197 4799 serpentem
2229 4729 2326 4784 ad-

739 4824 827 4873 det
852 4820 966 4889 illi?
1013 4839 1029 4870 ι
1068 4819 1249 4873 Erudit
1278 4820 1377 4875 hoc
1417 4820 1535 4873 loco
1564 4823 1707 4887 quod
1736 4830 1949 4888 oportet
1976 4814 2326 4878 vehementer

736 4923 940 4982 petere,
992 4924 1041 4966 et
1096 4912 1245 4967 utilia
1295 4923 1499 4982 petere.
1573 4914 1722 4969 Sicut
1751 4913 1897 4969 enim
1948 4929 2062 4981 vos,
2123 4914 2322 4983 inquit,

734 5003 979 5059 videntes
1018 5003 1156 5059 filios
1210 5015 1419 5059 veStros
1466 5005 1617 5059 utilia
1646 5016 1849 5074 petere,
1893 5004 2003 5077 36
2033 5020 2225 5076 panem
2269 5014 2324 5061 et

734 5097 959 5161 piscem,
979 5096 1117 5150 datis
1146 5097 1326 5150 (tlllllia
1355 5111 1474 5166 qua:
1496 5097 1784 5164 petierint:
1818 5097 1890 5152 ita
1921 5108 1974 5153 et
2006 5113 2098 5154 vos
2116 5102 2321 5170 spitua-

736 5185 806 5239 lia
840 5187 1087 5257 quaerite,
1119 5204 1224 5241 nun
1269 5187 1528 5242 carnalia.

803 5368 967 5423 Vens.
1008 5369 1093 5424 Η.
1139 5388 1157 5420 t
1198 5368 1253 5424 Si
1288 5368 1453 5440 igitur
1481 5383 1599 5436 vos,
1635 5384 1758 5425 cum
1792 5371 1913 5427 sitis
1957 5374 2105 5439 ntali,
2145 5379 2317 5432 nostis

732 5461 872 5514 dona
911 5463 1050 5515 bona
1108 5462 1241 5517 dare
1288 5461 1413 5516 filiis
1444 5462 1664 5527 vestris,
1699 5472 1906 5533 quanto
1955 5465 2127 5537 magis
2163 5465 2322 5522 Pater

734 5564 916 5609 vester
946 5556 1036 5621 qui
1080 5555 1131 5607 in
1161 5554 1313 5609 cmlis
1343 5565 1448 5619 est,
1482 5556 1631 5610 dabit
1658 5558 1798 5611 bona
1832 5558 2140 5628 petentibus
2164 5561 2257 5613 se!
2297 5579 2314 5612 ι

731 5644 897 5701 .‘ialos
923 5647 1163 5701 nominat
1200 5648 1447 5703 homlues
1470 5649 1534 5703 ad
1566 5649 1732 5705 Deum
1780 5660 2149 5721 comparatos,
2183 5667 2317 5721 quo-

730 5757 870 5794 niam
903 5751 1093 5793 natura
1124 5751 1309 5793 nostra
1339 5742 1475 5796 bona
1506 5753 1609 5805 est,
1646 5754 1829 5813 utpote
1853 5760 1883 5799 a
1918 5744 2024 5799 Deo
2059 5746 2312 5800 conditi:

730 5832 1003 5888 voluntate
1034 5843 1211 5887 autent
1242 5832 1368 5888 muli
1404 5850 1610 5891 sumus.

2434 4728 2588 4801 Ιχθῦν
2624 4730 2845 4803 αίτίισῃ,
2880 4730 2957 4800 μὴ
2998 4729 3123 4797 ὅφιν
3174 4728 3433 4781 ἐπιδώσει
3483 4727 3670 4799 αὐτῷ;
3709 4746 3726 4778 ι
3768 4727 4021 4781 Παιδεύει

2430 4820 2667 4876 ἐνταῦθα
2702 4821 2785 4875 ὅτι
2821 4821 2905 4874 δεῖ
2937 4821 3033 4874 καὶ
3068 4821 3319 4892 σφοδρῶς
3348 4822 3543 4882 αίτεῖν,
3578 4819 3675 4873 καὶ
3711 4818 3780 4872 τὰ
3808 4820 4021 4889 συμφέο

2430 4932 2591 4985 ροντα
2627 4915 2821 4970 αἰτεῖν.
2859 4913 3049 4985 Ὑμεῖς
3065 4916 3196 4986 γὰρ,
3222 4915 3383 4985 φησὶ,
3418 4914 3646 4985 βλέπετε
3669 4914 3797 4977 τοὺς
3820 4912 4021 4975 παῖδας

2427 5008 2585 5079 ὑμῶν
2614 5008 2681 5062 τὰ
2708 5009 2990 5080 πρέποντα
3019 5007 3331 5071 αἰτοῦντας,
3374 5007 3541 5079 ἄρτον
3578 5009 3673 5060 καὶ
3707 5005 3882 5078 ἰχθῦν,
3925 5004 4021 5058 καὶ

2425 5104 2549 5159 τότε
2580 5103 2751 5157 δίδοτε
2810 5102 2996 5166 αὐτοῖς
3052 5101 3181 5156 ὅταν
3236 5100 3463 5155 τοιαῦτα
3516 5098 3756 5170 ζητῶσιν
3793 5114 3807 5129 ·
3842 5098 4018 5161 οὔτως

2423 5196 2516 5252 οὖν
2546 5195 2639 5250 καὶ
2674 5196 2832 5266 ὑμεῖς
2860 5194 2933 5247 τὰ
2978 5194 3335 5264 πνευματικὰ
3364 5191 3603 5263 ζητεῖτε,
3644 5192 3721 5263 μὴ
3752 5190 3821 5245 τά
3878 5206 4019 5260 σαρ-

2424 5291 2601 5433 κιῖἒί
2632 5376 2725 5432 οὖν
2751 5377 2913 5448 ὑμεῖς
2948 5378 3175 5448 πονηροὶ
3199 5377 3374 5441 ὄντες,
3391 5379 3570 5431 οἴδατε
3595 5376 3806 5446 δόματα
3835 5374 4021 5442 ἀγαθὰ

2423 5470 2623 5524 διδόναι
2676 5472 2791 5533 τοῖς
2825 5470 3039 5534 τέκνοις
3062 5470 3242 5541 ὑμῶν,
3275 5472 3428 5541 πόσῳ
3486 5468 3687 5539 μᾶλλον
3740 5470 3771 5523 6
3826 5469 4017 5542 Πατὴρ

2423 5561 2577 5632 ὑμῶν
2606 5565 2635 5615 ὀ
2680 5565 2739 5616 ὲν
2760 5564 2874 5625 τοῖς
2903 5562 3154 5631 οὐρανοῖς
3177 5562 3340 5617 δώσει
3391 5561 3573 5630 ἀγαθά
3600 5562 3717 5624 τοῖς
3767 5561 4018 5616 αἰτοῦσιν

2425 5655 2589 5709 αὐτόν
2613 5671 2627 5720 ;
2660 5656 2969 5727 »Πονηροὺς
2986 5657 3245 5729 ὀνομάζει
3274 5659 3399 5721 τοὺς
3424 5655 3769 5727 ἀνθρώπους,
3786 5656 3861 5721 ὡς
3883 5655 4020 5726 πρὸς

2421 5748 2512 5801 τὸν
2565 5747 2699 5801 Θεὸν
2747 5750 3059 5819 συγκρίνων
3092 5752 3315 5815 αὐτοὺς,
3378 5751 3502 5803 ἐπεὶ
3557 5751 3587 5821 ἡ
3645 5752 3806 5819 φύσις
3857 5752 4018 5821 ἡμῶν

2427 5842 2608 5914 ἀγαθή
2640 5844 2809 5911 ἐστιν,
2851 5846 2926 5911 ὼς
2961 5846 3096 5901 Θεού
3119 5847 3538 5921 δημιούργημα,
3571 5850 3713 5906 κατὰ
3745 5850 3800 5905 δὲ
3829 5852 4020 5923 προαί-

2429 5954 2577 6007 ρεσιν
2609 5939 3049 6012 πονηρευόμεθα.
