  <div class='ocr_page' id='page_1' title='image "/cluster/home/n/w/nwhite01/storage/ocr_20150623/123/nnc1.0046979670/117.png"; bbox 0 0 4288 6444; ppageno 0'>
   <div class='ocr_carea' id='block_1_1' title="bbox 771 442 881 508">
    <p class='ocr_par' dir='ltr' id='par_1_1' title="bbox 771 442 881 508">
     <span class='ocr_line' id='line_1_1' title="bbox 771 442 881 508; baseline 0.009 -1"><span class='ocrx_word' id='word_1_1' title='bbox 771 442 881 508; x_wconf 75' lang='lat'><strong>215</strong></span> 
     </span>
    </p>
   </div>
   <div class='ocr_carea' id='block_1_2' title="bbox 1613 438 3042 503">
    <p class='ocr_par' dir='ltr' id='par_1_2' title="bbox 1613 438 3042 503">
     <span class='ocr_line' id='line_1_2' title="bbox 1613 438 3042 503; baseline -0.003 0"><span class='ocrx_word' id='word_1_2' title='bbox 1613 439 2193 503; x_wconf 81' lang='lat' dir='ltr'><strong>THEOPHYLACTI</strong></span> <span class='ocrx_word' id='word_1_3' title='bbox 2240 439 2650 500; x_wconf 77' lang='lat' dir='ltr'><strong>BULGARLE</strong></span> <span class='ocrx_word' id='word_1_4' title='bbox 2685 438 3042 500; x_wconf 66' lang='lat' dir='ltr'><strong>ARCHIEP.</strong></span> 
     </span>
    </p>
   </div>
   <div class='ocr_carea' id='block_1_3' title="bbox 3900 425 4006 488">
    <p class='ocr_par' dir='ltr' id='par_1_3' title="bbox 3900 425 4006 488">
     <span class='ocr_line' id='line_1_3' title="bbox 3900 425 4006 488; baseline -0.009 0"><span class='ocrx_word' id='word_1_5' title='bbox 3900 425 4006 488; x_wconf 70' lang='lat'><strong>21‘</strong></span> 
     </span>
    </p>
   </div>
   <div class='ocr_carea' id='block_1_4' title="bbox 775 533 2468 623">
    <p class='ocr_par' dir='ltr' id='par_1_4' title="bbox 775 548 2468 623">
     <span class='ocr_line' id='line_1_4' title="bbox 775 548 2468 623; baseline -0.004 -12"><span class='ocrx_word' id='word_1_6' title='bbox 775 555 1013 623; x_wconf 82' lang='lat' dir='ltr'><strong>stringit,</strong></span> <span class='ocrx_word' id='word_1_7' title='bbox 1048 570 1169 607; x_wconf 76' lang='lat' dir='ltr'><strong>nam</strong></span> <span class='ocrx_word' id='word_1_8' title='bbox 1212 562 1263 607; x_wconf 88' lang='lat' dir='ltr'><strong>et</strong></span> <span class='ocrx_word' id='word_1_9' title='bbox 1311 553 1544 609; x_wconf 67' lang='lat' dir='ltr'><strong>Joannes</strong></span> <span class='ocrx_word' id='word_1_10' title='bbox 1578 554 1702 607; x_wconf 88' lang='lat' dir='ltr'><strong>talia</strong></span> <span class='ocrx_word' id='word_1_11' title='bbox 1756 553 1836 608; x_wconf 91' lang='lat' dir='ltr'><strong>eis</strong></span> <span class='ocrx_word' id='word_1_12' title='bbox 1885 552 2116 607; x_wconf 77' lang='lat' dir='ltr'><strong>dicebat.</strong></span> <span class='ocrx_word' id='word_1_13' title='bbox 2154 550 2346 606; x_wconf 83' lang='lat' dir='ltr'><strong>Arbori</strong></span> <span class='ocrx_word' id='word_1_14' title='bbox 2374 548 2468 611; x_wconf 77' lang='lat' dir='ltr'><strong>Ad</strong></span> 
     </span>
    </p>
   </div>
   <div class='ocr_carea' id='block_1_5' title="bbox 2329 533 4022 623">
    <p class='ocr_par' dir='ltr' id='par_1_5' title="bbox 2332 533 4022 623">
     <span class='ocr_line' id='line_1_5' title="bbox 2332 533 4022 623; baseline -0.014 -18"><span class='ocrx_word' id='word_1_15' title='bbox 2332 548 2816 612; x_wconf 79' lang='grc' dir='ltr'>ἰΑάποτείνεται,</span> <span class='ocrx_word' id='word_1_16' title='bbox 2874 548 3021 601; x_wconf 81' lang='grc' dir='ltr'>καὶό</span> <span class='ocrx_word' id='word_1_17' title='bbox 3074 543 3330 610; x_wconf 75' lang='grc' dir='ltr'>Ἰωάννης</span> <span class='ocrx_word' id='word_1_18' title='bbox 3379 537 3491 607; x_wconf 69' lang='grc' dir='ltr'><strong>γὰρ</strong></span> <span class='ocrx_word' id='word_1_19' title='bbox 3549 534 3785 623; x_wconf 73' lang='grc' dir='ltr'>τοιαῦτα</span> <span class='ocrx_word' id='word_1_20' title='bbox 3831 533 4022 623; x_wconf 72' lang='grc' dir='ltr'>αὐτοῖς</span> 
     </span>
    </p>
   </div>
   <div class='ocr_carea' id='block_1_6' title="bbox 774 622 2467 714">
    <p class='ocr_par' dir='ltr' id='par_1_6' title="bbox 774 622 2467 714">
     <span class='ocr_line' id='line_1_6' title="bbox 774 622 2467 714; baseline -0.003 -15"><span class='ocrx_word' id='word_1_21' title='bbox 774 622 954 701; x_wconf 78' lang='lat' dir='ltr'><strong>autem</strong></span> <span class='ocrx_word' id='word_1_22' title='bbox 1010 643 1220 700; x_wconf 79' lang='lat' dir='ltr'><strong>confert</strong></span> <span class='ocrx_word' id='word_1_23' title='bbox 1268 645 1559 710; x_wconf 86' lang='lat' dir='ltr'><strong>hominem,</strong></span> <span class='ocrx_word' id='word_1_24' title='bbox 1590 659 1653 699; x_wconf 87' lang='lat' dir='ltr'><strong>eo</strong></span> <span class='ocrx_word' id='word_1_25' title='bbox 1699 647 1839 714; x_wconf 85' lang='lat' dir='ltr'><strong>quod</strong></span> <span class='ocrx_word' id='word_1_26' title='bbox 1874 653 2049 713; x_wconf 81' lang='lat' dir='ltr'><strong>potest</strong></span> <span class='ocrx_word' id='word_1_27' title='bbox 2094 660 2123 698; x_wconf 74' lang='grc' dir='ltr'><strong>ε</strong></span> <span class='ocrx_word' id='word_1_28' title='bbox 2170 644 2343 699; x_wconf 81' lang='lat' dir='ltr'><strong>sterili</strong></span> <span class='ocrx_word' id='word_1_29' title='bbox 2443 642 2467 694; x_wconf 78' lang='grc' dir='ltr'>ἐ</span> 
     </span>
    </p>
   </div>
   <div class='ocr_carea' id='block_1_7' title="bbox 2329 622 4022 714">
    <p class='ocr_par' dir='ltr' id='par_1_7' title="bbox 2329 622 4022 711">
     <span class='ocr_line' id='line_1_7' title="bbox 2329 622 4022 711; baseline -0.013 -15"><span class='ocrx_word' id='word_1_30' title='bbox 2329 644 2343 697; x_wconf 91' lang='lat' dir='ltr'><strong>i</strong></span> <span class='ocrx_word' id='word_1_31' title='bbox 2443 642 2619 709; x_wconf 74' lang='grc' dir='ltr'>ἔλεγε.</span> <span class='ocrx_word' id='word_1_32' title='bbox 2649 638 2862 711; x_wconf 84' lang='grc' dir='ltr'>Δένδρῳ</span> <span class='ocrx_word' id='word_1_33' title='bbox 2893 638 2949 691; x_wconf 79' lang='grc' dir='ltr'>δὲ</span> <span class='ocrx_word' id='word_1_34' title='bbox 2980 632 3267 697; x_wconf 77' lang='grc' dir='ltr'><strong>ἀπεικάζει</strong></span> <span class='ocrx_word' id='word_1_35' title='bbox 3296 630 3387 683; x_wconf 82' lang='grc' dir='ltr'>τὸν</span> <span class='ocrx_word' id='word_1_36' title='bbox 3427 627 3734 698; x_wconf 77' lang='grc' dir='ltr'>ἄνθρωπον,</span> <span class='ocrx_word' id='word_1_37' title='bbox 3770 622 3904 677; x_wconf 78' lang='grc' dir='ltr'>διότι</span> <span class='ocrx_word' id='word_1_38' title='bbox 3927 622 4022 676; x_wconf 85' lang='grc' dir='ltr'>δύ-</span> 
     </span>
    </p>
   </div>
   <div class='ocr_carea' id='block_1_8' title="bbox 771 736 1596 807">
    <p class='ocr_par' dir='ltr' id='par_1_8' title="bbox 771 736 1596 807">
     <span class='ocr_line' id='line_1_8' title="bbox 771 736 1596 807; baseline -0.002 -14"><span class='ocrx_word' id='word_1_39' title='bbox 771 748 995 807; x_wconf 79' lang='lat' dir='ltr'><strong>peccato</strong></span> <span class='ocrx_word' id='word_1_40' title='bbox 1028 738 1081 791; x_wconf 88' lang='lat' dir='ltr'><strong>in</strong></span> <span class='ocrx_word' id='word_1_41' title='bbox 1118 738 1370 791; x_wconf 82' lang='lat' dir='ltr'><strong>virtutem</strong></span> <span class='ocrx_word' id='word_1_42' title='bbox 1404 736 1596 792; x_wconf 78' lang='lat' dir='ltr'><strong>inseri.</strong></span> 
     </span>
    </p>
   </div>
   <div class='ocr_carea' id='block_1_9' title="bbox 848 910 2344 983">
    <p class='ocr_par' dir='ltr' id='par_1_9' title="bbox 848 910 2344 983">
     <span class='ocr_line' id='line_1_9' title="bbox 848 910 2344 983; baseline -0.002 -15"><span class='ocrx_word' id='word_1_43' title='bbox 848 915 1011 971; x_wconf 75' lang='lat' dir='ltr'><strong>Vens.</strong></span> <span class='ocrx_word' id='word_1_44' title='bbox 1046 917 1135 970; x_wconf 80' lang='lat' dir='ltr'><strong>2i.</strong></span> <span class='ocrx_word' id='word_1_45' title='bbox 1173 934 1192 968; x_wconf 88' lang='grc'><em>‹</em></span> <span class='ocrx_word' id='word_1_46' title='bbox 1234 915 1346 970; x_wconf 83' lang='lat' dir='ltr'><strong>Non</strong></span> <span class='ocrx_word' id='word_1_47' title='bbox 1383 915 1561 970; x_wconf 91' lang='lat' dir='ltr'><strong>omnis</strong></span> <span class='ocrx_word' id='word_1_48' title='bbox 1599 916 1691 983; x_wconf 87' lang='lat' dir='ltr'><strong>qui</strong></span> <span class='ocrx_word' id='word_1_49' title='bbox 1727 916 1859 969; x_wconf 91' lang='lat' dir='ltr'><strong>dicit</strong></span> <span class='ocrx_word' id='word_1_50' title='bbox 1891 913 2043 977; x_wconf 90' lang='lat' dir='ltr'><strong>mihi,</strong></span> <span class='ocrx_word' id='word_1_51' title='bbox 2095 910 2344 974; x_wconf 86' lang='lat' dir='ltr'><strong>Domine,</strong></span> 
     </span>
    </p>
   </div>
   <div class='ocr_carea' id='block_1_10' title="bbox 776 1003 2340 1075">
    <p class='ocr_par' dir='ltr' id='par_1_10' title="bbox 776 1003 2340 1075">
     <span class='ocr_line' id='line_1_10' title="bbox 776 1003 2340 1075; baseline -0.006 -11"><span class='ocrx_word' id='word_1_52' title='bbox 776 1009 1031 1072; x_wconf 86' lang='lat' dir='ltr'><strong>Domine,</strong></span> <span class='ocrx_word' id='word_1_53' title='bbox 1087 1009 1311 1063; x_wconf 83' lang='lat' dir='ltr'><strong>intrabit</strong></span> <span class='ocrx_word' id='word_1_54' title='bbox 1365 1010 1420 1063; x_wconf 90' lang='lat' dir='ltr'><strong>in</strong></span> <span class='ocrx_word' id='word_1_55' title='bbox 1472 1022 1694 1075; x_wconf 84' lang='lat' dir='ltr'><strong>regnum</strong></span> <span class='ocrx_word' id='word_1_56' title='bbox 1748 1006 2051 1060; x_wconf 69' lang='lat' dir='ltr'><strong>caelorum:</strong></span> <span class='ocrx_word' id='word_1_57' title='bbox 2108 1003 2200 1058; x_wconf 89' lang='lat' dir='ltr'><strong>sed</strong></span> <span class='ocrx_word' id='word_1_58' title='bbox 2249 1003 2340 1071; x_wconf 85' lang='lat' dir='ltr'><strong>qui</strong></span> 
     </span>
    </p>
   </div>
   <div class='ocr_carea' id='block_1_11' title="bbox 774 1096 2341 1168">
    <p class='ocr_par' dir='ltr' id='par_1_11' title="bbox 774 1096 2341 1168">
     <span class='ocr_line' id='line_1_11' title="bbox 774 1096 2341 1168; baseline -0.005 -13"><span class='ocrx_word' id='word_1_59' title='bbox 774 1101 901 1156; x_wconf 80' lang='lat' dir='ltr'><strong>facit</strong></span> <span class='ocrx_word' id='word_1_60' title='bbox 949 1101 1278 1155; x_wconf 79' lang='lat' dir='ltr'><strong>voluntatem</strong></span> <span class='ocrx_word' id='word_1_61' title='bbox 1339 1100 1518 1155; x_wconf 86' lang='lat' dir='ltr'><strong>Patris</strong></span> <span class='ocrx_word' id='word_1_62' title='bbox 1571 1100 1696 1165; x_wconf 86' lang='lat' dir='ltr'><strong>mei,</strong></span> <span class='ocrx_word' id='word_1_63' title='bbox 1748 1099 1836 1168; x_wconf 90' lang='lat' dir='ltr'><strong>qui</strong></span> <span class='ocrx_word' id='word_1_64' title='bbox 1871 1097 1923 1151; x_wconf 91' lang='lat' dir='ltr'><strong>in</strong></span> <span class='ocrx_word' id='word_1_65' title='bbox 1981 1096 2139 1153; x_wconf 62' lang='lat' dir='ltr'><strong>caelis</strong></span> <span class='ocrx_word' id='word_1_66' title='bbox 2187 1104 2289 1150; x_wconf 89' lang='lat' dir='ltr'><strong>est.</strong></span> <span class='ocrx_word' id='word_1_67' title='bbox 2322 1112 2341 1147; x_wconf 71' lang='grc' dir='ltr'><strong>ι</strong></span> 
     </span>
    </p>
   </div>
   <div class='ocr_carea' id='block_1_12' title="bbox 775 1188 2343 1261">
    <p class='ocr_par' dir='ltr' id='par_1_12' title="bbox 775 1188 2343 1261">
     <span class='ocr_line' id='line_1_12' title="bbox 775 1188 2343 1261; baseline -0.002 -16"><span class='ocrx_word' id='word_1_68' title='bbox 775 1192 889 1246; x_wconf 73' lang='lat' dir='ltr'><strong>Hoc</strong></span> <span class='ocrx_word' id='word_1_69' title='bbox 940 1193 1059 1247; x_wconf 93' lang='lat' dir='ltr'><strong>loco</strong></span> <span class='ocrx_word' id='word_1_70' title='bbox 1108 1192 1346 1248; x_wconf 87' lang='lat' dir='ltr'><strong>ostendit</strong></span> <span class='ocrx_word' id='word_1_71' title='bbox 1405 1193 1643 1261; x_wconf 89' lang='lat' dir='ltr'><strong>seipsum</strong></span> <span class='ocrx_word' id='word_1_72' title='bbox 1723 1189 2031 1254; x_wconf 88' lang='lat' dir='ltr'><strong>Dominum,</strong></span> <span class='ocrx_word' id='word_1_73' title='bbox 2089 1188 2343 1252; x_wconf 86' lang='lat' dir='ltr'><strong>dicendo,</strong></span> 
     </span>
    </p>
   </div>
   <div class='ocr_carea' id='block_1_13' title="bbox 777 1279 2348 1353">
    <p class='ocr_par' dir='ltr' id='par_1_13' title="bbox 777 1279 2348 1353">
     <span class='ocr_line' id='line_1_13' title="bbox 777 1279 2348 1353; baseline -0.003 -16"><span class='ocrx_word' id='word_1_74' title='bbox 777 1283 891 1337; x_wconf 78' lang='lat' dir='ltr'><strong>Non</strong></span> <span class='ocrx_word' id='word_1_75' title='bbox 931 1284 1106 1339; x_wconf 90' lang='lat' dir='ltr'><strong>omnis</strong></span> <span class='ocrx_word' id='word_1_76' title='bbox 1156 1284 1249 1353; x_wconf 88' lang='lat' dir='ltr'><strong>qui</strong></span> <span class='ocrx_word' id='word_1_77' title='bbox 1288 1283 1418 1337; x_wconf 90' lang='lat' dir='ltr'><strong>dicit</strong></span> <span class='ocrx_word' id='word_1_78' title='bbox 1443 1281 1599 1346; x_wconf 87' lang='lat' dir='ltr'><strong>mihi,</strong></span> <span class='ocrx_word' id='word_1_79' title='bbox 1638 1280 1881 1343; x_wconf 89' lang='lat' dir='ltr'><strong>Domine,</strong></span> <span class='ocrx_word' id='word_1_80' title='bbox 1927 1279 2173 1344; x_wconf 91' lang='lat' dir='ltr'><strong>Domine,</strong></span> <span class='ocrx_word' id='word_1_81' title='bbox 2224 1294 2348 1333; x_wconf 90' lang='lat' dir='ltr'><strong>nam</strong></span> 
     </span>
    </p>
   </div>
   <div class='ocr_carea' id='block_1_14' title="bbox 774 1371 2347 1435">
    <p class='ocr_par' dir='ltr' id='par_1_14' title="bbox 774 1371 2347 1435">
     <span class='ocr_line' id='line_1_14' title="bbox 774 1371 2347 1435; baseline -0.003 -6"><span class='ocrx_word' id='word_1_82' title='bbox 774 1377 850 1429; x_wconf 86' lang='lat' dir='ltr'><strong>ita</strong></span> <span class='ocrx_word' id='word_1_83' title='bbox 879 1390 937 1431; x_wconf 91' lang='lat' dir='ltr'><strong>se</strong></span> <span class='ocrx_word' id='word_1_84' title='bbox 974 1386 1026 1429; x_wconf 89' lang='lat' dir='ltr'><strong>et</strong></span> <span class='ocrx_word' id='word_1_85' title='bbox 1052 1375 1216 1429; x_wconf 89' lang='lat' dir='ltr'><strong>Deum</strong></span> <span class='ocrx_word' id='word_1_86' title='bbox 1270 1374 1421 1429; x_wconf 87' lang='lat' dir='ltr'><strong>dicit.</strong></span> <span class='ocrx_word' id='word_1_87' title='bbox 1473 1373 1639 1428; x_wconf 87' lang='lat' dir='ltr'><strong>Docet</strong></span> <span class='ocrx_word' id='word_1_88' title='bbox 1689 1379 1871 1427; x_wconf 86' lang='lat' dir='ltr'><strong>autem</strong></span> <span class='ocrx_word' id='word_1_89' title='bbox 1919 1387 2041 1435; x_wconf 88' lang='lat' dir='ltr'><strong>nos,</strong></span> <span class='ocrx_word' id='word_1_90' title='bbox 2088 1371 2134 1427; x_wconf 84' lang='lat' dir='ltr'><strong>si</strong></span> <span class='ocrx_word' id='word_1_91' title='bbox 2191 1372 2347 1426; x_wconf 85' lang='lat' dir='ltr'><strong>fidem</strong></span> 
     </span>
    </p>
   </div>
   <div class='ocr_carea' id='block_1_15' title="bbox 782 1462 2351 1535">
    <p class='ocr_par' dir='ltr' id='par_1_15' title="bbox 782 1462 2351 1535">
     <span class='ocr_line' id='line_1_15' title="bbox 782 1462 2351 1535; baseline -0.003 -19"><span class='ocrx_word' id='word_1_92' title='bbox 782 1466 990 1535; x_wconf 79' lang='lat' dir='ltr'><strong>absque</strong></span> <span class='ocrx_word' id='word_1_93' title='bbox 1019 1465 1274 1534; x_wconf 83' lang='lat' dir='ltr'><strong>operibus</strong></span> <span class='ocrx_word' id='word_1_94' title='bbox 1304 1463 1675 1526; x_wconf 89' lang='lat' dir='ltr'><strong>habuerimus,</strong></span> <span class='ocrx_word' id='word_1_95' title='bbox 1699 1462 1829 1515; x_wconf 87' lang='lat' dir='ltr'><strong>nihil</strong></span> <span class='ocrx_word' id='word_1_96' title='bbox 1857 1462 2014 1517; x_wconf 93' lang='lat' dir='ltr'><strong>nobis</strong></span> <span class='ocrx_word' id='word_1_97' title='bbox 2056 1476 2177 1517; x_wconf 86' lang='lat' dir='ltr'><strong>eam</strong></span> <span class='ocrx_word' id='word_1_98' title='bbox 2226 1476 2351 1530; x_wconf 88' lang='lat' dir='ltr'><strong>pro-</strong></span> 
     </span>
    </p>
   </div>
   <div class='ocr_carea' id='block_1_16' title="bbox 781 1552 2351 1619">
    <p class='ocr_par' dir='ltr' id='par_1_16' title="bbox 781 1552 2351 1619">
     <span class='ocr_line' id='line_1_16' title="bbox 781 1552 2351 1619; baseline -0.003 -11"><span class='ocrx_word' id='word_1_99' title='bbox 781 1556 1035 1611; x_wconf 78' lang='lat' dir='ltr'><strong>futuram.</strong></span> <span class='ocrx_word' id='word_1_100' title='bbox 1074 1554 1204 1607; x_wconf 88' lang='lat' dir='ltr'><strong>Nam</strong></span> <span class='ocrx_word' id='word_1_101' title='bbox 1247 1554 1498 1618; x_wconf 83' lang='lat' dir='ltr'><strong>dicendo,</strong></span> <span class='ocrx_word' id='word_1_102' title='bbox 1530 1552 1633 1619; x_wconf 85' lang='lat' dir='ltr'><strong>Qui</strong></span> <span class='ocrx_word' id='word_1_103' title='bbox 1664 1552 1797 1607; x_wconf 71' lang='lat' dir='ltr'><strong>iacit</strong></span> <span class='ocrx_word' id='word_1_104' title='bbox 1855 1553 2206 1615; x_wconf 78' lang='lat' dir='ltr'><strong>voluntatem,</strong></span> <span class='ocrx_word' id='word_1_105' title='bbox 2245 1566 2351 1605; x_wconf 91' lang='lat' dir='ltr'><strong>non</strong></span> 
     </span>
    </p>
   </div>
   <div class='ocr_carea' id='block_1_17' title="bbox 776 1641 2352 1714">
    <p class='ocr_par' dir='ltr' id='par_1_17' title="bbox 776 1641 2352 1714">
     <span class='ocr_line' id='line_1_17' title="bbox 776 1641 2352 1714; baseline -0.001 -18"><span class='ocrx_word' id='word_1_106' title='bbox 776 1648 927 1710; x_wconf 86' lang='lat' dir='ltr'><strong>dicit,</strong></span> <span class='ocrx_word' id='word_1_107' title='bbox 956 1647 1042 1714; x_wconf 89' lang='lat' dir='ltr'><strong>qui</strong></span> <span class='ocrx_word' id='word_1_108' title='bbox 1068 1646 1233 1699; x_wconf 89' lang='lat' dir='ltr'><strong>semel</strong></span> <span class='ocrx_word' id='word_1_109' title='bbox 1259 1644 1514 1710; x_wconf 87' lang='lat' dir='ltr'><strong>facit,sed</strong></span> <span class='ocrx_word' id='word_1_110' title='bbox 1549 1647 1637 1714; x_wconf 90' lang='lat' dir='ltr'><strong>qui</strong></span> <span class='ocrx_word' id='word_1_111' title='bbox 1665 1660 1837 1714; x_wconf 84' lang='lat' dir='ltr'><strong>usque</strong></span> <span class='ocrx_word' id='word_1_112' title='bbox 1856 1644 1919 1697; x_wconf 89' lang='lat' dir='ltr'><strong>ad</strong></span> <span class='ocrx_word' id='word_1_113' title='bbox 1954 1652 2178 1698; x_wconf 90' lang='lat' dir='ltr'><strong>mortem</strong></span> <span class='ocrx_word' id='word_1_114' title='bbox 2203 1641 2352 1695; x_wconf 82' lang='lat' dir='ltr'><strong>facit.</strong></span> 
     </span>
    </p>
   </div>
   <div class='ocr_carea' id='block_1_18' title="bbox 776 1733 2357 1798">
    <p class='ocr_par' dir='ltr' id='par_1_18' title="bbox 776 1733 2357 1798">
     <span class='ocr_line' id='line_1_18' title="bbox 776 1733 2357 1798; baseline -0.001 -10"><span class='ocrx_word' id='word_1_115' title='bbox 776 1735 839 1788; x_wconf 85' lang='lat' dir='ltr'><strong>Et</strong></span> <span class='ocrx_word' id='word_1_116' title='bbox 876 1748 979 1788; x_wconf 89' lang='lat' dir='ltr'><strong>non</strong></span> <span class='ocrx_word' id='word_1_117' title='bbox 1004 1735 1159 1798; x_wconf 82' lang='lat' dir='ltr'><strong>dixit,</strong></span> <span class='ocrx_word' id='word_1_118' title='bbox 1184 1735 1529 1790; x_wconf 78' lang='lat' dir='ltr'><strong>Voluntatem</strong></span> <span class='ocrx_word' id='word_1_119' title='bbox 1555 1750 1752 1798; x_wconf 87' lang='lat' dir='ltr'><strong>meam,</strong></span> <span class='ocrx_word' id='word_1_120' title='bbox 1786 1749 1850 1789; x_wconf 90' lang='lat' dir='ltr'><strong>ne</strong></span> <span class='ocrx_word' id='word_1_121' title='bbox 1873 1733 2169 1790; x_wconf 78' lang='lat' dir='ltr'><strong>oﬂ&#39;enderet</strong></span> <span class='ocrx_word' id='word_1_122' title='bbox 2192 1734 2357 1789; x_wconf 84' lang='lat' dir='ltr'><strong>audi-</strong></span> 
     </span>
    </p>
   </div>
   <div class='ocr_carea' id='block_1_19' title="bbox 2445 716 4023 804">
    <p class='ocr_par' dir='ltr' id='par_1_19' title="bbox 2445 716 4023 804">
     <span class='ocr_line' id='line_1_19' title="bbox 2445 716 4023 804; baseline -0.015 -13"><span class='ocrx_word' id='word_1_123' title='bbox 2445 753 2601 790; x_wconf 80' lang='grc' dir='ltr'>ναται</span> <span class='ocrx_word' id='word_1_124' title='bbox 2658 729 3109 804; x_wconf 80' lang='grc' dir='ltr'>ὲγκεντρισθῆναι</span> <span class='ocrx_word' id='word_1_125' title='bbox 3140 726 3248 781; x_wconf 81' lang='grc' dir='ltr'>ἀπὸ</span> <span class='ocrx_word' id='word_1_126' title='bbox 3285 723 3386 793; x_wconf 83' lang='grc' dir='ltr'>τῆς</span> <span class='ocrx_word' id='word_1_127' title='bbox 3436 721 3692 791; x_wconf 79' lang='grc' dir='ltr'><strong>ἀκάρπου</strong></span> <span class='ocrx_word' id='word_1_128' title='bbox 3743 716 4023 789; x_wconf 79' lang='grc' dir='ltr'>ἁμαρτίας</span> 
     </span>
    </p>
   </div>
   <div class='ocr_carea' id='block_1_20' title="bbox 2446 826 2786 898">
    <p class='ocr_par' dir='ltr' id='par_1_20' title="bbox 2446 826 2786 898">
     <span class='ocr_line' id='line_1_20' title="bbox 2446 826 2786 898; baseline -0.003 -19"><span class='ocrx_word' id='word_1_129' title='bbox 2446 829 2525 889; x_wconf 86' lang='grc' dir='ltr'><strong>είς</strong></span> <span class='ocrx_word' id='word_1_130' title='bbox 2561 826 2786 898; x_wconf 78' lang='grc' dir='ltr'>ἀρετήν.</span> 
     </span>
    </p>
   </div>
   <div class='ocr_carea' id='block_1_21' title="bbox 2522 898 4025 982">
    <p class='ocr_par' dir='ltr' id='par_1_21' title="bbox 2522 898 4025 982">
     <span class='ocr_line' id='line_1_21' title="bbox 2522 898 4025 982; baseline -0.013 -13"><span class='ocrx_word' id='word_1_131' title='bbox 2522 936 2541 969; x_wconf 73' lang='grc' dir='ltr'><strong>ι</strong></span> <span class='ocrx_word' id='word_1_132' title='bbox 2580 918 2655 971; x_wconf 81' lang='grc' dir='ltr'><strong>Οὐ</strong></span> <span class='ocrx_word' id='word_1_133' title='bbox 2674 917 2780 980; x_wconf 78' lang='grc' dir='ltr'>πᾶς</span> <span class='ocrx_word' id='word_1_134' title='bbox 2804 912 3026 981; x_wconf 86' lang='grc' dir='ltr'>δλέγων</span> <span class='ocrx_word' id='word_1_135' title='bbox 3053 928 3165 982; x_wconf 87' lang='grc' dir='ltr'>μοι,</span> <span class='ocrx_word' id='word_1_136' title='bbox 3195 905 3389 977; x_wconf 80' lang='grc' dir='ltr'>Κύριε,</span> <span class='ocrx_word' id='word_1_137' title='bbox 3416 903 3619 975; x_wconf 81' lang='grc' dir='ltr'>Κύριε,</span> <span class='ocrx_word' id='word_1_138' title='bbox 3653 898 4025 955; x_wconf 72' lang='grc' dir='ltr'><strong>εἰσελεύσεται</strong></span> 
     </span>
    </p>
   </div>
   <div class='ocr_carea' id='block_1_22' title="bbox 2450 992 4024 1080">
    <p class='ocr_par' dir='ltr' id='par_1_22' title="bbox 2450 992 4024 1080">
     <span class='ocr_line' id='line_1_22' title="bbox 2450 992 4024 1080; baseline -0.013 -17"><span class='ocrx_word' id='word_1_139' title='bbox 2450 1014 2528 1074; x_wconf 88' lang='grc' dir='ltr'><strong>είς</strong></span> <span class='ocrx_word' id='word_1_140' title='bbox 2553 1009 2649 1080; x_wconf 73' lang='grc' dir='ltr'>τὴν</span> <span class='ocrx_word' id='word_1_141' title='bbox 2681 1005 2956 1079; x_wconf 85' lang='grc' dir='ltr'>βασιλείαν</span> <span class='ocrx_word' id='word_1_142' title='bbox 2986 1004 3096 1059; x_wconf 89' lang='grc' dir='ltr'><strong>τῶν</strong></span> <span class='ocrx_word' id='word_1_143' title='bbox 3125 1000 3395 1073; x_wconf 75' lang='grc' dir='ltr'><strong>οὐρανῶν,</strong></span> <span class='ocrx_word' id='word_1_144' title='bbox 3432 996 3549 1051; x_wconf 81' lang='grc' dir='ltr'>ἀλλ’</span> <span class='ocrx_word' id='word_1_145' title='bbox 3584 998 3611 1050; x_wconf 99' lang='lat'><strong>6</strong></span> <span class='ocrx_word' id='word_1_146' title='bbox 3644 993 3813 1049; x_wconf 88' lang='grc' dir='ltr'>ποιῶν</span> <span class='ocrx_word' id='word_1_147' title='bbox 3842 993 3905 1044; x_wconf 81' lang='grc' dir='ltr'><strong>τὸ</strong></span> <span class='ocrx_word' id='word_1_148' title='bbox 3936 992 4024 1044; x_wconf 76' lang='grc' dir='ltr'><strong>θέ-</strong></span> 
     </span>
    </p>
   </div>
   <div class='ocr_carea' id='block_1_23' title="bbox 2449 1084 4028 1172">
    <p class='ocr_par' dir='ltr' id='par_1_23' title="bbox 2449 1084 4028 1172">
     <span class='ocr_line' id='line_1_23' title="bbox 2449 1084 4028 1172; baseline -0.013 -17"><span class='ocrx_word' id='word_1_149' title='bbox 2449 1104 2597 1172; x_wconf 79' lang='grc' dir='ltr'>λημα</span> <span class='ocrx_word' id='word_1_150' title='bbox 2622 1099 2721 1154; x_wconf 79' lang='grc' dir='ltr'>τοῦ</span> <span class='ocrx_word' id='word_1_151' title='bbox 2756 1097 2970 1168; x_wconf 85' lang='grc' dir='ltr'><strong>Πατρός</strong></span> <span class='ocrx_word' id='word_1_152' title='bbox 3013 1114 3113 1167; x_wconf 86' lang='grc' dir='ltr'><strong>μου</strong></span> <span class='ocrx_word' id='word_1_153' title='bbox 3142 1094 3236 1147; x_wconf 84' lang='grc' dir='ltr'><strong>τοῦ</strong></span> <span class='ocrx_word' id='word_1_154' title='bbox 3274 1096 3331 1148; x_wconf 81' lang='grc' dir='ltr'>ὲν</span> <span class='ocrx_word' id='word_1_155' title='bbox 3369 1092 3645 1162; x_wconf 78' lang='grc' dir='ltr'><strong>οὐρανοῖς.</strong></span> <span class='ocrx_word' id='word_1_156' title='bbox 3687 1106 3704 1140; x_wconf 75' lang='grc' dir='ltr'><strong>ι</strong></span> <span class='ocrx_word' id='word_1_157' title='bbox 3757 1084 4028 1139; x_wconf 80' lang='grc' dir='ltr'><strong>Ἐνταῦθα</strong></span> 
     </span>
    </p>
   </div>
   <div class='ocr_carea' id='block_1_24' title="bbox 2451 1176 4028 1257">
    <p class='ocr_par' dir='ltr' id='par_1_24' title="bbox 2451 1176 4028 1257">
     <span class='ocr_line' id='line_1_24' title="bbox 2451 1176 4028 1257; baseline -0.013 -10"><span class='ocrx_word' id='word_1_158' title='bbox 2451 1193 2815 1247; x_wconf 71' lang='grc' dir='ltr'><strong>ἐπιδείκνυσιν</strong></span> <span class='ocrx_word' id='word_1_159' title='bbox 2835 1189 3025 1243; x_wconf 76' lang='grc' dir='ltr'>ἑαυτὸν</span> <span class='ocrx_word' id='word_1_160' title='bbox 3060 1186 3285 1257; x_wconf 80' lang='grc' dir='ltr'><strong>Κύριον,</strong></span> <span class='ocrx_word' id='word_1_161' title='bbox 3317 1186 3374 1237; x_wconf 83' lang='grc' dir='ltr'>ὲν</span> <span class='ocrx_word' id='word_1_162' title='bbox 3396 1182 3472 1253; x_wconf 84' lang='grc' dir='ltr'><strong>τῷ</strong></span> <span class='ocrx_word' id='word_1_163' title='bbox 3506 1181 3700 1235; x_wconf 82' lang='grc' dir='ltr'>εἰπεῖν·</span> <span class='ocrx_word' id='word_1_164' title='bbox 3744 1178 3820 1230; x_wconf 84' lang='grc' dir='ltr'><strong>Οὐ</strong></span> <span class='ocrx_word' id='word_1_165' title='bbox 3850 1177 3958 1236; x_wconf 76' lang='grc' dir='ltr'>πᾶς</span> <span class='ocrx_word' id='word_1_166' title='bbox 3999 1176 4028 1228; x_wconf 90' lang='lat'><strong>6</strong></span> 
     </span>
    </p>
   </div>
   <div class='ocr_carea' id='block_1_25' title="bbox 2451 1267 4026 1353">
    <p class='ocr_par' dir='ltr' id='par_1_25' title="bbox 2451 1267 4026 1353">
     <span class='ocr_line' id='line_1_25' title="bbox 2451 1267 4026 1353; baseline -0.013 -16"><span class='ocrx_word' id='word_1_167' title='bbox 2451 1285 2624 1349; x_wconf 82' lang='grc' dir='ltr'>λέγων</span> <span class='ocrx_word' id='word_1_168' title='bbox 2673 1300 2785 1353; x_wconf 85' lang='grc' dir='ltr'>μοι,</span> <span class='ocrx_word' id='word_1_169' title='bbox 2834 1280 3029 1351; x_wconf 77' lang='grc' dir='ltr'>Κύριε,</span> <span class='ocrx_word' id='word_1_170' title='bbox 3076 1278 3273 1348; x_wconf 79' lang='grc' dir='ltr'>Κύριε,</span> <span class='ocrx_word' id='word_1_171' title='bbox 3303 1275 3445 1329; x_wconf 84' lang='grc' dir='ltr'>ὥστε</span> <span class='ocrx_word' id='word_1_172' title='bbox 3472 1273 3608 1326; x_wconf 82' lang='grc' dir='ltr'><strong>Θεὸν</strong></span> <span class='ocrx_word' id='word_1_173' title='bbox 3642 1269 3835 1323; x_wconf 77' lang='grc' dir='ltr'>ἑαυτὸν</span> <span class='ocrx_word' id='word_1_174' title='bbox 3854 1267 4026 1333; x_wconf 81' lang='grc' dir='ltr'>λέγει,</span> 
     </span>
    </p>
   </div>
   <div class='ocr_carea' id='block_1_26' title="bbox 2451 1358 4032 1442">
    <p class='ocr_par' dir='ltr' id='par_1_26' title="bbox 2451 1358 4032 1442">
     <span class='ocr_line' id='line_1_26' title="bbox 2451 1358 4032 1442; baseline -0.013 -13"><span class='ocrx_word' id='word_1_175' title='bbox 2451 1375 2690 1429; x_wconf 81' lang='grc' dir='ltr'><strong>διδάσκει</strong></span> <span class='ocrx_word' id='word_1_176' title='bbox 2713 1374 2768 1426; x_wconf 88' lang='grc' dir='ltr'>δὲ</span> <span class='ocrx_word' id='word_1_177' title='bbox 2801 1374 2948 1442; x_wconf 75' lang='grc' dir='ltr'>ἡμᾶς</span> <span class='ocrx_word' id='word_1_178' title='bbox 3008 1372 3112 1434; x_wconf 83' lang='grc' dir='ltr'>ὅτι,</span> <span class='ocrx_word' id='word_1_179' title='bbox 3138 1370 3233 1422; x_wconf 74' lang='grc' dir='ltr'>ἐὰν</span> <span class='ocrx_word' id='word_1_180' title='bbox 3271 1368 3457 1421; x_wconf 89' lang='grc' dir='ltr'>πίστιν</span> <span class='ocrx_word' id='word_1_181' title='bbox 3485 1365 3657 1436; x_wconf 75' lang='grc' dir='ltr'>χωρὶς</span> <span class='ocrx_word' id='word_1_182' title='bbox 3687 1360 3868 1433; x_wconf 71' lang='grc' dir='ltr'>ἔργων</span> <span class='ocrx_word' id='word_1_183' title='bbox 3892 1358 4032 1428; x_wconf 74' lang='grc' dir='ltr'>ἐχω-</span> 
     </span>
    </p>
   </div>
   <div class='ocr_carea' id='block_1_27' title="bbox 2457 1449 4033 1535">
    <p class='ocr_par' dir='ltr' id='par_1_27' title="bbox 2457 1449 4033 1535">
     <span class='ocr_line' id='line_1_27' title="bbox 2457 1449 4033 1535; baseline -0.013 -14"><span class='ocrx_word' id='word_1_184' title='bbox 2457 1485 2576 1535; x_wconf 89' lang='grc' dir='ltr'>μεν,</span> <span class='ocrx_word' id='word_1_185' title='bbox 2609 1466 2764 1519; x_wconf 80' lang='grc' dir='ltr'>οὐδὲν</span> <span class='ocrx_word' id='word_1_186' title='bbox 2811 1466 2873 1518; x_wconf 77' lang='grc' dir='ltr'>ὲκ</span> <span class='ocrx_word' id='word_1_187' title='bbox 2901 1462 3096 1516; x_wconf 88' lang='grc' dir='ltr'>τούτου</span> <span class='ocrx_word' id='word_1_188' title='bbox 3119 1457 3477 1531; x_wconf 76' lang='grc' dir='ltr'><strong>ὠφελούμεθα</strong></span> <span class='ocrx_word' id='word_1_189' title='bbox 3512 1470 3526 1486; x_wconf 89' lang='grc'><strong>·</strong></span> <span class='ocrx_word' id='word_1_190' title='bbox 3560 1457 3588 1509; x_wconf 92' lang='lat'><strong>6</strong></span> <span class='ocrx_word' id='word_1_191' title='bbox 3623 1453 3735 1525; x_wconf 89' lang='grc' dir='ltr'><strong>γάρ</strong></span> <span class='ocrx_word' id='word_1_192' title='bbox 3762 1450 3934 1505; x_wconf 76' lang='grc' dir='ltr'>ποιῶν</span> <span class='ocrx_word' id='word_1_193' title='bbox 3972 1449 4033 1501; x_wconf 72' lang='grc' dir='ltr'><strong>τὸ</strong></span> 
     </span>
    </p>
   </div>
   <div class='ocr_carea' id='block_1_28' title="bbox 2456 1542 4031 1631">
    <p class='ocr_par' dir='ltr' id='par_1_28' title="bbox 2456 1542 4031 1631">
     <span class='ocr_line' id='line_1_28' title="bbox 2456 1542 4031 1631; baseline -0.013 -18"><span class='ocrx_word' id='word_1_194' title='bbox 2456 1560 2802 1631; x_wconf 67' lang='grc' dir='ltr'>θέλημα,ο·&gt;κ</span> <span class='ocrx_word' id='word_1_195' title='bbox 2826 1552 2977 1610; x_wconf 77' lang='grc' dir='ltr'>εἶπεν</span> <span class='ocrx_word' id='word_1_196' title='bbox 3014 1558 3041 1609; x_wconf 81' lang='lat'><strong>6</strong></span> <span class='ocrx_word' id='word_1_197' title='bbox 3107 1552 3257 1619; x_wconf 74' lang='grc' dir='ltr'>ἅπαξ</span> <span class='ocrx_word' id='word_1_198' title='bbox 3289 1552 3542 1621; x_wconf 79' lang='grc' dir='ltr'><strong>ποιήσας,</strong></span> <span class='ocrx_word' id='word_1_199' title='bbox 3572 1547 3686 1602; x_wconf 79' lang='grc' dir='ltr'>ἀλλ’</span> <span class='ocrx_word' id='word_1_200' title='bbox 3715 1549 3742 1599; x_wconf 88' lang='lat'><strong>6</strong></span> <span class='ocrx_word' id='word_1_201' title='bbox 3776 1547 3903 1615; x_wconf 79' lang='grc' dir='ltr'>ἄχρι</span> <span class='ocrx_word' id='word_1_202' title='bbox 3932 1542 4031 1594; x_wconf 90' lang='grc' dir='ltr'>θα-</span> 
     </span>
    </p>
   </div>
   <div class='ocr_carea' id='block_1_29' title="bbox 2456 1633 4035 1711">
    <p class='ocr_par' dir='ltr' id='par_1_29' title="bbox 2456 1633 4035 1711">
     <span class='ocr_line' id='line_1_29' title="bbox 2456 1633 4035 1711; baseline -0.013 -5"><span class='ocrx_word' id='word_1_203' title='bbox 2456 1654 2615 1706; x_wconf 75' lang='grc' dir='ltr'>νάτου</span> <span class='ocrx_word' id='word_1_204' title='bbox 2643 1652 2830 1705; x_wconf 89' lang='grc' dir='ltr'>ποιῶν.</span> <span class='ocrx_word' id='word_1_205' title='bbox 2865 1649 2971 1702; x_wconf 76' lang='lat' dir='ltr'><strong>Kai.</strong></span> <span class='ocrx_word' id='word_1_206' title='bbox 2994 1650 3094 1701; x_wconf 80' lang='grc' dir='ltr'>οὐκ</span> <span class='ocrx_word' id='word_1_207' title='bbox 3128 1641 3274 1710; x_wconf 75' lang='grc' dir='ltr'>εἰπε,</span> <span class='ocrx_word' id='word_1_208' title='bbox 3322 1645 3380 1698; x_wconf 79' lang='grc' dir='ltr'>τὸ</span> <span class='ocrx_word' id='word_1_209' title='bbox 3413 1642 3627 1711; x_wconf 82' lang='grc' dir='ltr'>θέλημά</span> <span class='ocrx_word' id='word_1_210' title='bbox 3666 1657 3793 1708; x_wconf 87' lang='grc' dir='ltr'>μου,</span> <span class='ocrx_word' id='word_1_211' title='bbox 3827 1638 3915 1689; x_wconf 83' lang='grc' dir='ltr'>ῐνα</span> <span class='ocrx_word' id='word_1_212' title='bbox 3960 1633 4035 1702; x_wconf 81' lang='grc' dir='ltr'>μὴ</span> 
     </span>
    </p>
   </div>
   <div class='ocr_carea' id='block_1_30' title="bbox 2462 1729 4032 1814">
    <p class='ocr_par' dir='ltr' id='par_1_30' title="bbox 2462 1729 4032 1814">
     <span class='ocr_line' id='line_1_30' title="bbox 2462 1729 4032 1814; baseline -0.013 -16"><span class='ocrx_word' id='word_1_213' title='bbox 2462 1743 2787 1814; x_wconf 79' lang='grc' dir='ltr'>σκανδαλίσῃ</span> <span class='ocrx_word' id='word_1_214' title='bbox 2820 1742 2943 1803; x_wconf 80' lang='grc' dir='ltr'>τοὺς</span> <span class='ocrx_word' id='word_1_215' title='bbox 2974 1738 3289 1799; x_wconf 87' lang='grc' dir='ltr'>ἀκούοντας,</span> <span class='ocrx_word' id='word_1_216' title='bbox 3317 1734 3476 1797; x_wconf 83' lang='grc' dir='ltr'>ἀλλά,</span> <span class='ocrx_word' id='word_1_217' title='bbox 3520 1731 3617 1785; x_wconf 82' lang='grc' dir='ltr'>τοῦ</span> <span class='ocrx_word' id='word_1_218' title='bbox 3664 1729 3877 1798; x_wconf 70' lang='grc' dir='ltr'>Πατρός</span> <span class='ocrx_word' id='word_1_219' title='bbox 3908 1740 4032 1795; x_wconf 78' lang='grc' dir='ltr'>μου·</span> 
     </span>
    </p>
   </div>
   <div class='ocr_carea' id='block_1_31' title="bbox 778 1817 2471 1902">
    <p class='ocr_par' dir='ltr' id='par_1_31' title="bbox 778 1823 2471 1902">
     <span class='ocr_line' id='line_1_31' title="bbox 778 1823 2471 1902; baseline 0.002 -27"><span class='ocrx_word' id='word_1_220' title='bbox 778 1824 1267 1889; x_wconf 88' lang='lat' dir='ltr'><strong>tores,sed,Patris</strong></span> <span class='ocrx_word' id='word_1_221' title='bbox 1286 1824 1409 1879; x_wconf 75' lang='lat' dir='ltr'><strong>mei.</strong></span> <span class='ocrx_word' id='word_1_222' title='bbox 1442 1823 1673 1879; x_wconf 85' lang='lat' dir='ltr'><strong>Omnino</strong></span> <span class='ocrx_word' id='word_1_223' title='bbox 1707 1834 1885 1879; x_wconf 89' lang='lat' dir='ltr'><strong>autem</strong></span> <span class='ocrx_word' id='word_1_224' title='bbox 1918 1840 2020 1879; x_wconf 90' lang='lat' dir='ltr'><strong>una</strong></span> <span class='ocrx_word' id='word_1_225' title='bbox 2053 1825 2352 1895; x_wconf 89' lang='lat' dir='ltr'><strong>eademque</strong></span> <span class='ocrx_word' id='word_1_226' title='bbox 2391 1884 2427 1902; x_wconf 61' lang='grc' dir='ltr'>η</span> <span class='ocrx_word' id='word_1_227' title='bbox 2460 1857 2471 1891; x_wconf 67' lang='grc' dir='ltr'>τ</span> 
     </span>
    </p>
   </div>
   <div class='ocr_carea' id='block_1_32' title="bbox 2343 1817 4036 1902">
    <p class='ocr_par' dir='ltr' id='par_1_32' title="bbox 2343 1817 4036 1902">
     <span class='ocr_line' id='line_1_32' title="bbox 2343 1817 4036 1902; baseline -0.016 -8"><span class='ocrx_word' id='word_1_228' title='bbox 2343 1840 2352 1879; x_wconf 68' lang='grc'>⁵</span> <span class='ocrx_word' id='word_1_229' title='bbox 2391 1884 2427 1902; x_wconf 80' lang='grc'>,,</span> <span class='ocrx_word' id='word_1_230' title='bbox 2460 1839 2673 1899; x_wconf 71' lang='grc' dir='ltr'>παντως</span> <span class='ocrx_word' id='word_1_231' title='bbox 2704 1835 2760 1889; x_wconf 85' lang='grc' dir='ltr'>δὲ</span> <span class='ocrx_word' id='word_1_232' title='bbox 2781 1834 2838 1887; x_wconf 78' lang='grc' dir='ltr'>ἓν</span> <span class='ocrx_word' id='word_1_233' title='bbox 2864 1833 3076 1902; x_wconf 79' lang='grc' dir='ltr'>θέλημα</span> <span class='ocrx_word' id='word_1_234' title='bbox 3107 1828 3319 1899; x_wconf 71' lang='grc' dir='ltr'>πατρὸς</span> <span class='ocrx_word' id='word_1_235' title='bbox 3344 1824 3441 1879; x_wconf 79' lang='grc' dir='ltr'>καὶ</span> <span class='ocrx_word' id='word_1_236' title='bbox 3464 1822 3606 1887; x_wconf 83' lang='grc' dir='ltr'>υίοῦ,</span> <span class='ocrx_word' id='word_1_237' title='bbox 3634 1823 3729 1875; x_wconf 76' lang='grc' dir='ltr'><strong>ἐὰν</strong></span> <span class='ocrx_word' id='word_1_238' title='bbox 3759 1821 3858 1872; x_wconf 78' lang='grc' dir='ltr'>οὐκ</span> <span class='ocrx_word' id='word_1_239' title='bbox 3887 1817 4036 1870; x_wconf 76' lang='grc' dir='ltr'>ἐστιν</span> 
     </span>
    </p>
   </div>
   <div class='ocr_carea' id='block_1_33' title="bbox 778 1917 2279 1987">
    <p class='ocr_par' dir='ltr' id='par_1_33' title="bbox 778 1917 2279 1987">
     <span class='ocr_line' id='line_1_33' title="bbox 778 1917 2279 1987; baseline 0.002 -18"><span class='ocrx_word' id='word_1_240' title='bbox 778 1918 1023 1973; x_wconf 79' lang='lat' dir='ltr'><strong>voluntas</strong></span> <span class='ocrx_word' id='word_1_241' title='bbox 1054 1928 1136 1972; x_wconf 87' lang='lat' dir='ltr'><strong>est</strong></span> <span class='ocrx_word' id='word_1_242' title='bbox 1165 1917 1331 1985; x_wconf 85' lang='lat' dir='ltr'><strong>patris</strong></span> <span class='ocrx_word' id='word_1_243' title='bbox 1357 1928 1409 1972; x_wconf 88' lang='lat' dir='ltr'><strong>ct</strong></span> <span class='ocrx_word' id='word_1_244' title='bbox 1440 1917 1556 1981; x_wconf 85' lang='lat' dir='ltr'><strong>lilii,</strong></span> <span class='ocrx_word' id='word_1_245' title='bbox 1596 1918 1703 1972; x_wconf 91' lang='lat' dir='ltr'><strong>nisi</strong></span> <span class='ocrx_word' id='word_1_246' title='bbox 1747 1919 1981 1987; x_wconf 76' lang='lat' dir='ltr'><strong>degener</strong></span> <span class='ocrx_word' id='word_1_247' title='bbox 2014 1918 2086 1971; x_wconf 91' lang='lat' dir='ltr'><strong>sit</strong></span> <span class='ocrx_word' id='word_1_248' title='bbox 2122 1918 2279 1972; x_wconf 85' lang='lat' dir='ltr'><strong>lilius.</strong></span> 
     </span>
    </p>
   </div>
   <div class='ocr_carea' id='block_1_34' title="bbox 851 2009 2353 2075">
    <p class='ocr_par' dir='ltr' id='par_1_34' title="bbox 851 2009 2353 2075">
     <span class='ocr_line' id='line_1_34' title="bbox 851 2009 2353 2075; baseline 0.001 -13"><span class='ocrx_word' id='word_1_249' title='bbox 851 2009 1017 2063; x_wconf 71' lang='lat' dir='ltr'><strong>Vens.</strong></span> <span class='ocrx_word' id='word_1_250' title='bbox 1033 2010 1123 2073; x_wconf 71' lang='lat'><strong>2‘2,</strong></span> <span class='ocrx_word' id='word_1_251' title='bbox 1139 2010 1259 2064; x_wconf 48' lang='grc' dir='ltr'><strong>εἶχε</strong></span> <span class='ocrx_word' id='word_1_252' title='bbox 1281 2009 1428 2064; x_wconf 80' lang='lat' dir='ltr'><strong>Multi</strong></span> <span class='ocrx_word' id='word_1_253' title='bbox 1449 2011 1623 2065; x_wconf 88' lang='lat' dir='ltr'><strong>dicent</strong></span> <span class='ocrx_word' id='word_1_254' title='bbox 1646 2010 1774 2064; x_wconf 83' lang='lat' dir='ltr'><strong>mihi</strong></span> <span class='ocrx_word' id='word_1_255' title='bbox 1797 2012 1847 2063; x_wconf 90' lang='lat' dir='ltr'><strong>in</strong></span> <span class='ocrx_word' id='word_1_256' title='bbox 1865 2012 1948 2065; x_wconf 89' lang='lat' dir='ltr'><strong>die</strong></span> <span class='ocrx_word' id='word_1_257' title='bbox 1972 2011 2057 2065; x_wconf 85' lang='lat' dir='ltr'><strong>illa</strong></span> <span class='ocrx_word' id='word_1_258' title='bbox 2076 2027 2089 2063; x_wconf 92' lang='lat'><strong>:</strong></span> <span class='ocrx_word' id='word_1_259' title='bbox 2109 2009 2353 2075; x_wconf 81' lang='lat' dir='ltr'><strong>Domine,</strong></span> 
     </span>
    </p>
   </div>
   <div class='ocr_carea' id='block_1_35' title="bbox 782 2102 2355 2171">
    <p class='ocr_par' dir='ltr' id='par_1_35' title="bbox 782 2102 2355 2171">
     <span class='ocr_line' id='line_1_35' title="bbox 782 2102 2355 2171; baseline 0 -16"><span class='ocrx_word' id='word_1_260' title='bbox 782 2102 1221 2165; x_wconf 78' lang='lat' dir='ltr'><strong>Dmuine,nonne</strong></span> <span class='ocrx_word' id='word_1_261' title='bbox 1258 2103 1307 2155; x_wconf 92' lang='lat' dir='ltr'><strong>in</strong></span> <span class='ocrx_word' id='word_1_262' title='bbox 1333 2104 1550 2157; x_wconf 89' lang='lat' dir='ltr'><strong>nomine</strong></span> <span class='ocrx_word' id='word_1_263' title='bbox 1595 2113 1684 2157; x_wconf 90' lang='lat' dir='ltr'><strong>tuo</strong></span> <span class='ocrx_word' id='word_1_264' title='bbox 1726 2103 2185 2171; x_wconf 79' lang='lat' dir='ltr'><strong>proplietavimus.</strong></span> <span class='ocrx_word' id='word_1_265' title='bbox 2219 2113 2271 2155; x_wconf 93' lang='lat' dir='ltr'><strong>et</strong></span> <span class='ocrx_word' id='word_1_266' title='bbox 2304 2103 2355 2155; x_wconf 93' lang='lat' dir='ltr'><strong>in</strong></span> 
     </span>
    </p>
   </div>
   <div class='ocr_carea' id='block_1_36' title="bbox 783 2193 2356 2262">
    <p class='ocr_par' dir='ltr' id='par_1_36' title="bbox 783 2193 2356 2262">
     <span class='ocr_line' id='line_1_36' title="bbox 783 2193 2356 2262; baseline 0.001 -17"><span class='ocrx_word' id='word_1_267' title='bbox 783 2196 994 2247; x_wconf 80' lang='lat' dir='ltr'><strong>nomine</strong></span> <span class='ocrx_word' id='word_1_268' title='bbox 1019 2203 1108 2247; x_wconf 91' lang='lat' dir='ltr'><strong>tuo</strong></span> <span class='ocrx_word' id='word_1_269' title='bbox 1138 2193 1397 2247; x_wconf 70' lang='lat' dir='ltr'><strong>daemonia</strong></span> <span class='ocrx_word' id='word_1_270' title='bbox 1426 2194 1708 2262; x_wconf 84' lang='lat' dir='ltr'><strong>cjecimus,</strong></span> <span class='ocrx_word' id='word_1_271' title='bbox 1732 2202 1784 2248; x_wconf 92' lang='lat' dir='ltr'><strong>et</strong></span> <span class='ocrx_word' id='word_1_272' title='bbox 1805 2195 1855 2246; x_wconf 93' lang='lat' dir='ltr'><strong>in</strong></span> <span class='ocrx_word' id='word_1_273' title='bbox 1882 2194 2099 2247; x_wconf 89' lang='lat' dir='ltr'><strong>nomine</strong></span> <span class='ocrx_word' id='word_1_274' title='bbox 2127 2205 2218 2248; x_wconf 92' lang='lat' dir='ltr'><strong>tuo</strong></span> <span class='ocrx_word' id='word_1_275' title='bbox 2245 2194 2356 2246; x_wconf 92' lang='lat' dir='ltr'><strong>vir-</strong></span> 
     </span>
    </p>
   </div>
   <div class='ocr_carea' id='block_1_37' title="bbox 781 2286 2357 2343">
    <p class='ocr_par' dir='ltr' id='par_1_37' title="bbox 781 2286 2357 2343">
     <span class='ocr_line' id='line_1_37' title="bbox 781 2286 2357 2343; baseline 0.001 -5"><span class='ocrx_word' id='word_1_276' title='bbox 781 2295 921 2341; x_wconf 68' lang='lat' dir='ltr'><strong>tt&#39;tes</strong></span> <span class='ocrx_word' id='word_1_277' title='bbox 951 2287 1142 2341; x_wconf 85' lang='lat' dir='ltr'><strong>multas</strong></span> <span class='ocrx_word' id='word_1_278' title='bbox 1177 2286 1434 2341; x_wconf 80' lang='lat' dir='ltr'><strong>fecimus?</strong></span> <span class='ocrx_word' id='word_1_279' title='bbox 1469 2288 1529 2340; x_wconf 85' lang='lat' dir='ltr'><strong>Et</strong></span> <span class='ocrx_word' id='word_1_280' title='bbox 1558 2296 1682 2341; x_wconf 93' lang='lat' dir='ltr'><strong>tunc</strong></span> <span class='ocrx_word' id='word_1_281' title='bbox 1714 2287 2011 2343; x_wconf 79' lang='lat' dir='ltr'><strong>confitebor</strong></span> <span class='ocrx_word' id='word_1_282' title='bbox 2045 2289 2125 2342; x_wconf 91' lang='lat' dir='ltr'><strong>eis</strong></span> <span class='ocrx_word' id='word_1_283' title='bbox 2157 2306 2170 2341; x_wconf 93' lang='lat'><strong>:</strong></span> <span class='ocrx_word' id='word_1_284' title='bbox 2208 2288 2357 2343; x_wconf 84' lang='lat' dir='ltr'><strong>Nun-</strong></span> 
     </span>
    </p>
   </div>
   <div class='ocr_carea' id='block_1_38' title="bbox 782 2380 2360 2450">
    <p class='ocr_par' dir='ltr' id='par_1_38' title="bbox 782 2380 2360 2450">
     <span class='ocr_line' id='line_1_38' title="bbox 782 2380 2360 2450; baseline 0 -17"><span class='ocrx_word' id='word_1_285' title='bbox 782 2395 944 2447; x_wconf 82' lang='lat' dir='ltr'><strong>quam</strong></span> <span class='ocrx_word' id='word_1_286' title='bbox 985 2380 1205 2448; x_wconf 79' lang='lat' dir='ltr'><strong>cognovi</strong></span> <span class='ocrx_word' id='word_1_287' title='bbox 1253 2394 1368 2445; x_wconf 92' lang='lat' dir='ltr'><strong>vos,</strong></span> <span class='ocrx_word' id='word_1_288' title='bbox 1404 2380 1714 2435; x_wconf 86' lang='lat' dir='ltr'><strong>disceditea</strong></span> <span class='ocrx_word' id='word_1_289' title='bbox 1741 2395 1849 2444; x_wconf 91' lang='lat' dir='ltr'><strong>me,</strong></span> <span class='ocrx_word' id='word_1_290' title='bbox 1891 2383 2125 2450; x_wconf 81' lang='lat' dir='ltr'><strong>Operarii</strong></span> <span class='ocrx_word' id='word_1_291' title='bbox 2164 2380 2360 2450; x_wconf 82' lang='lat' dir='ltr'><strong>iniqui-</strong></span> 
     </span>
    </p>
   </div>
   <div class='ocr_carea' id='block_1_39' title="bbox 786 2470 2354 2542">
    <p class='ocr_par' dir='ltr' id='par_1_39' title="bbox 786 2470 2354 2542">
     <span class='ocr_line' id='line_1_39' title="bbox 786 2470 2354 2542; baseline 0.003 -18"><span class='ocrx_word' id='word_1_292' title='bbox 786 2472 931 2525; x_wconf 91' lang='lat' dir='ltr'><strong>tatis.</strong></span> <span class='ocrx_word' id='word_1_293' title='bbox 967 2490 984 2521; x_wconf 73' lang='grc' dir='ltr'><strong>ι</strong></span> <span class='ocrx_word' id='word_1_294' title='bbox 1022 2470 1167 2525; x_wconf 74' lang='lat' dir='ltr'><strong>Multi</strong></span> <span class='ocrx_word' id='word_1_295' title='bbox 1204 2487 1326 2527; x_wconf 88' lang='lat' dir='ltr'><strong>cum</strong></span> <span class='ocrx_word' id='word_1_296' title='bbox 1359 2472 1655 2541; x_wconf 66' lang='lat' dir='ltr'><strong>pradicare</strong></span> <span class='ocrx_word' id='word_1_297' title='bbox 1689 2473 2037 2542; x_wconf 85' lang='lat' dir='ltr'><strong>incipiebant.</strong></span> <span class='ocrx_word' id='word_1_298' title='bbox 2069 2473 2354 2542; x_wconf 86' lang='lat' dir='ltr'><strong>ejiciebant</strong></span> 
     </span>
    </p>
   </div>
   <div class='ocr_carea' id='block_1_40' title="bbox 782 2564 2355 2636">
    <p class='ocr_par' dir='ltr' id='par_1_40' title="bbox 782 2564 2355 2636">
     <span class='ocr_line' id='line_1_40' title="bbox 782 2564 2355 2636; baseline 0.002 -20"><span class='ocrx_word' id='word_1_299' title='bbox 782 2564 1045 2619; x_wconf 65' lang='lat' dir='ltr'><strong>daemonia</strong></span> <span class='ocrx_word' id='word_1_300' title='bbox 1088 2583 1098 2618; x_wconf 89' lang='lat'><strong>:</strong></span> <span class='ocrx_word' id='word_1_301' title='bbox 1133 2575 1187 2619; x_wconf 92' lang='lat' dir='ltr'><strong>et</strong></span> <span class='ocrx_word' id='word_1_302' title='bbox 1233 2566 1482 2633; x_wconf 82' lang='lat' dir='ltr'><strong>quamvis</strong></span> <span class='ocrx_word' id='word_1_303' title='bbox 1538 2565 1740 2635; x_wconf 78' lang='lat' dir='ltr'><strong>indigni</strong></span> <span class='ocrx_word' id='word_1_304' title='bbox 1795 2574 1998 2631; x_wconf 88' lang='lat' dir='ltr'><strong>essent,</strong></span> <span class='ocrx_word' id='word_1_305' title='bbox 2033 2581 2129 2636; x_wconf 88' lang='lat' dir='ltr'><strong>per</strong></span> <span class='ocrx_word' id='word_1_306' title='bbox 2164 2581 2355 2621; x_wconf 87' lang='lat' dir='ltr'><strong>nomen</strong></span> 
     </span>
    </p>
   </div>
   <div class='ocr_carea' id='block_1_41' title="bbox 783 2654 2362 2727">
    <p class='ocr_par' dir='ltr' id='par_1_41' title="bbox 783 2654 2362 2727">
     <span class='ocr_line' id='line_1_41' title="bbox 783 2654 2362 2727; baseline 0.003 -20"><span class='ocrx_word' id='word_1_307' title='bbox 783 2654 909 2708; x_wconf 86' lang='lat' dir='ltr'><strong>Jesu</strong></span> <span class='ocrx_word' id='word_1_308' title='bbox 944 2656 1201 2727; x_wconf 86' lang='lat' dir='ltr'><strong>fugabant</strong></span> <span class='ocrx_word' id='word_1_309' title='bbox 1232 2656 1522 2711; x_wconf 72' lang='lat' dir='ltr'><strong>dzemones.</strong></span> <span class='ocrx_word' id='word_1_310' title='bbox 1557 2656 1688 2711; x_wconf 84' lang='lat' dir='ltr'><strong>Nam</strong></span> <span class='ocrx_word' id='word_1_311' title='bbox 1737 2658 1909 2727; x_wconf 82' lang='lat' dir='ltr'><strong>gratia</strong></span> <span class='ocrx_word' id='word_1_312' title='bbox 1946 2658 2109 2711; x_wconf 86' lang='lat' dir='ltr'><strong>etiam</strong></span> <span class='ocrx_word' id='word_1_313' title='bbox 2146 2673 2243 2727; x_wconf 84' lang='lat' dir='ltr'><strong>per</strong></span> <span class='ocrx_word' id='word_1_314' title='bbox 2278 2658 2362 2711; x_wconf 89' lang='lat' dir='ltr'><strong>in-</strong></span> 
     </span>
    </p>
   </div>
   <div class='ocr_carea' id='block_1_42' title="bbox 784 2748 2362 2821">
    <p class='ocr_par' dir='ltr' id='par_1_42' title="bbox 784 2748 2362 2821">
     <span class='ocr_line' id='line_1_42' title="bbox 784 2748 2362 2821; baseline 0.003 -20"><span class='ocrx_word' id='word_1_315' title='bbox 784 2749 975 2818; x_wconf 85' lang='lat' dir='ltr'><strong>dignos</strong></span> <span class='ocrx_word' id='word_1_316' title='bbox 1022 2748 1207 2804; x_wconf 84' lang='lat' dir='ltr'><strong>eliicax</strong></span> <span class='ocrx_word' id='word_1_317' title='bbox 1241 2759 1343 2811; x_wconf 89' lang='lat' dir='ltr'><strong>est,</strong></span> <span class='ocrx_word' id='word_1_318' title='bbox 1396 2753 1536 2804; x_wconf 88' lang='lat' dir='ltr'><strong>sicut</strong></span> <span class='ocrx_word' id='word_1_319' title='bbox 1594 2763 1690 2817; x_wconf 92' lang='lat' dir='ltr'><strong>per</strong></span> <span class='ocrx_word' id='word_1_320' title='bbox 1744 2750 1990 2821; x_wconf 87' lang='lat' dir='ltr'><strong>indignos</strong></span> <span class='ocrx_word' id='word_1_321' title='bbox 2049 2751 2362 2805; x_wconf 85' lang='lat' dir='ltr'><strong>sacerdotes</strong></span> 
     </span>
    </p>
   </div>
   <div class='ocr_carea' id='block_1_43' title="bbox 785 2841 2359 2912">
    <p class='ocr_par' dir='ltr' id='par_1_43' title="bbox 785 2841 2359 2912">
     <span class='ocr_line' id='line_1_43' title="bbox 785 2841 2359 2912; baseline 0.001 -18"><span class='ocrx_word' id='word_1_322' title='bbox 785 2841 1195 2897; x_wconf 82' lang='lat' dir='ltr'><strong>sanctificamur</strong></span> <span class='ocrx_word' id='word_1_323' title='bbox 1225 2860 1237 2895; x_wconf 74' lang='grc' dir='ltr'><strong>ε</strong></span> <span class='ocrx_word' id='word_1_324' title='bbox 1269 2852 1318 2896; x_wconf 89' lang='lat' dir='ltr'><strong>et</strong></span> <span class='ocrx_word' id='word_1_325' title='bbox 1348 2841 1517 2897; x_wconf 80' lang='lat' dir='ltr'><strong>Judas</strong></span> <span class='ocrx_word' id='word_1_326' title='bbox 1552 2857 1765 2912; x_wconf 88' lang='lat' dir='ltr'><strong>quoque</strong></span> <span class='ocrx_word' id='word_1_327' title='bbox 1807 2842 1960 2911; x_wconf 87' lang='lat' dir='ltr'><strong>signa</strong></span> <span class='ocrx_word' id='word_1_328' title='bbox 1999 2841 2147 2906; x_wconf 90' lang='lat' dir='ltr'><strong>fecit,</strong></span> <span class='ocrx_word' id='word_1_329' title='bbox 2177 2852 2231 2897; x_wconf 90' lang='lat' dir='ltr'><strong>et</strong></span> <span class='ocrx_word' id='word_1_330' title='bbox 2269 2843 2359 2896; x_wconf 86' lang='lat' dir='ltr'><strong>filii</strong></span> 
     </span>
    </p>
   </div>
   <div class='ocr_carea' id='block_1_44' title="bbox 789 2933 2360 3005">
    <p class='ocr_par' dir='ltr' id='par_1_44' title="bbox 789 2933 2360 3005">
     <span class='ocr_line' id='line_1_44' title="bbox 789 2933 2360 3005; baseline 0.003 -19"><span class='ocrx_word' id='word_1_331' title='bbox 789 2933 994 2990; x_wconf 76' lang='lat' dir='ltr'><strong>Scevae.</strong></span> <span class='ocrx_word' id='word_1_332' title='bbox 1028 2935 1178 3002; x_wconf 86' lang='lat' dir='ltr'><strong>Quod</strong></span> <span class='ocrx_word' id='word_1_333' title='bbox 1215 2943 1392 2989; x_wconf 90' lang='lat' dir='ltr'><strong>autem</strong></span> <span class='ocrx_word' id='word_1_334' title='bbox 1430 2935 1592 2999; x_wconf 90' lang='lat' dir='ltr'><strong>dicit,</strong></span> <span class='ocrx_word' id='word_1_335' title='bbox 1628 2934 1912 3004; x_wconf 83' lang='lat' dir='ltr'><strong>Nunquam</strong></span> <span class='ocrx_word' id='word_1_336' title='bbox 1963 2935 2188 3005; x_wconf 83' lang='lat' dir='ltr'><strong>cognovi</strong></span> <span class='ocrx_word' id='word_1_337' title='bbox 2243 2951 2360 3001; x_wconf 92' lang='lat' dir='ltr'><strong>vos,</strong></span> 
     </span>
    </p>
   </div>
   <div class='ocr_carea' id='block_1_45' title="bbox 790 3025 2359 3097">
    <p class='ocr_par' dir='ltr' id='par_1_45' title="bbox 790 3025 2359 3097">
     <span class='ocr_line' id='line_1_45' title="bbox 790 3025 2359 3097; baseline 0.001 -15"><span class='ocrx_word' id='word_1_338' title='bbox 790 3027 895 3083; x_wconf 87' lang='lat' dir='ltr'><strong>hoc</strong></span> <span class='ocrx_word' id='word_1_339' title='bbox 929 3027 1063 3092; x_wconf 91' lang='lat' dir='ltr'><strong>vult,</strong></span> <span class='ocrx_word' id='word_1_340' title='bbox 1101 3025 1286 3097; x_wconf 79' lang='lat' dir='ltr'><strong>Neque</strong></span> <span class='ocrx_word' id='word_1_341' title='bbox 1321 3037 1468 3092; x_wconf 78' lang='lat' dir='ltr'><strong>tunc,</strong></span> <span class='ocrx_word' id='word_1_342' title='bbox 1503 3027 1719 3095; x_wconf 85' lang='lat' dir='ltr'><strong>quando</strong></span> <span class='ocrx_word' id='word_1_343' title='bbox 1760 3026 2020 3081; x_wconf 89' lang='lat' dir='ltr'><strong>miracula</strong></span> <span class='ocrx_word' id='word_1_344' title='bbox 2056 3028 2359 3094; x_wconf 73' lang='lat' dir='ltr'><strong>faciebatis,</strong></span> 
     </span>
    </p>
   </div>
   <div class='ocr_carea' id='block_1_46' title="bbox 786 3116 2360 3191">
    <p class='ocr_par' dir='ltr' id='par_1_46' title="bbox 786 3116 2360 3191">
     <span class='ocr_line' id='line_1_46' title="bbox 786 3116 2360 3191; baseline 0.001 -18"><span class='ocrx_word' id='word_1_345' title='bbox 786 3119 1069 3187; x_wconf 83' lang='lat' dir='ltr'><strong>diligebam</strong></span> <span class='ocrx_word' id='word_1_346' title='bbox 1119 3134 1231 3173; x_wconf 87' lang='lat' dir='ltr'><strong>vos.</strong></span> <span class='ocrx_word' id='word_1_347' title='bbox 1292 3116 1402 3173; x_wconf 88' lang='lat' dir='ltr'><strong>Hoc</strong></span> <span class='ocrx_word' id='word_1_348' title='bbox 1461 3120 1604 3171; x_wconf 89' lang='lat' dir='ltr'><strong>enim</strong></span> <span class='ocrx_word' id='word_1_349' title='bbox 1653 3117 1772 3173; x_wconf 92' lang='lat' dir='ltr'><strong>loco</strong></span> <span class='ocrx_word' id='word_1_350' title='bbox 1835 3119 2069 3185; x_wconf 86' lang='lat' dir='ltr'><strong>caritas,</strong></span> <span class='ocrx_word' id='word_1_351' title='bbox 2125 3122 2360 3191; x_wconf 85' lang='lat' dir='ltr'><strong>cognitio</strong></span> 
     </span>
    </p>
   </div>
   <div class='ocr_carea' id='block_1_47' title="bbox 787 3210 1064 3265">
    <p class='ocr_par' dir='ltr' id='par_1_47' title="bbox 787 3210 1064 3265">
     <span class='ocr_line' id='line_1_47' title="bbox 787 3210 1064 3265; baseline -0.011 0"><span class='ocrx_word' id='word_1_352' title='bbox 787 3210 1002 3265; x_wconf 90' lang='lat' dir='ltr'><strong>dicitur.</strong></span> <span class='ocrx_word' id='word_1_353' title='bbox 1046 3216 1064 3236; x_wconf 78' lang='lat'><strong>‘</strong></span> 
     </span>
    </p>
   </div>
   <div class='ocr_carea' id='block_1_48' title="bbox 858 3302 2357 3375">
    <p class='ocr_par' dir='ltr' id='par_1_48' title="bbox 858 3302 2357 3375">
     <span class='ocr_line' id='line_1_48' title="bbox 858 3302 2357 3375; baseline 0 -15"><span class='ocrx_word' id='word_1_354' title='bbox 858 3304 1022 3360; x_wconf 69' lang='lat' dir='ltr'><strong>Vens.</strong></span> <span class='ocrx_word' id='word_1_355' title='bbox 1057 3304 1149 3369; x_wconf 69' lang='grc'><strong>24,</strong></span> <span class='ocrx_word' id='word_1_356' title='bbox 1181 3303 1272 3359; x_wconf 71' lang='lat'><strong>25.</strong></span> <span class='ocrx_word' id='word_1_357' title='bbox 1308 3323 1325 3355; x_wconf 77' lang='grc' dir='ltr'><strong>ι</strong></span> <span class='ocrx_word' id='word_1_358' title='bbox 1361 3302 1550 3359; x_wconf 87' lang='lat' dir='ltr'><strong>Omnis</strong></span> <span class='ocrx_word' id='word_1_359' title='bbox 1600 3303 1758 3375; x_wconf 90' lang='lat' dir='ltr'><strong>igitur</strong></span> <span class='ocrx_word' id='word_1_360' title='bbox 1807 3304 1897 3374; x_wconf 92' lang='lat' dir='ltr'><strong>qui</strong></span> <span class='ocrx_word' id='word_1_361' title='bbox 1945 3305 2094 3359; x_wconf 86' lang='lat' dir='ltr'><strong>audit</strong></span> <span class='ocrx_word' id='word_1_362' title='bbox 2151 3321 2215 3360; x_wconf 87' lang='lat' dir='ltr'><strong>ex</strong></span> <span class='ocrx_word' id='word_1_363' title='bbox 2270 3322 2357 3361; x_wconf 89' lang='lat' dir='ltr'><strong>me</strong></span> 
     </span>
    </p>
   </div>
   <div class='ocr_carea' id='block_1_49' title="bbox 788 3395 2359 3459">
    <p class='ocr_par' dir='ltr' id='par_1_49' title="bbox 788 3395 2359 3459">
     <span class='ocr_line' id='line_1_49' title="bbox 788 3395 2359 3459; baseline -0.003 -5"><span class='ocrx_word' id='word_1_364' title='bbox 788 3412 1066 3454; x_wconf 88' lang='lat' dir='ltr'><strong>sermones</strong></span> <span class='ocrx_word' id='word_1_365' title='bbox 1115 3397 1213 3451; x_wconf 90' lang='lat' dir='ltr'><strong>hos</strong></span> <span class='ocrx_word' id='word_1_366' title='bbox 1274 3407 1328 3451; x_wconf 90' lang='lat' dir='ltr'><strong>et</strong></span> <span class='ocrx_word' id='word_1_367' title='bbox 1383 3395 1513 3449; x_wconf 84' lang='lat' dir='ltr'><strong>facit</strong></span> <span class='ocrx_word' id='word_1_368' title='bbox 1559 3411 1672 3459; x_wconf 92' lang='lat' dir='ltr'><strong>eos,</strong></span> <span class='ocrx_word' id='word_1_369' title='bbox 1724 3396 2038 3451; x_wconf 84' lang='lat' dir='ltr'><strong>assimilabo</strong></span> <span class='ocrx_word' id='word_1_370' title='bbox 2080 3411 2198 3450; x_wconf 91' lang='lat' dir='ltr'><strong>eum</strong></span> <span class='ocrx_word' id='word_1_371' title='bbox 2243 3396 2359 3450; x_wconf 90' lang='lat' dir='ltr'><strong>viro</strong></span> 
     </span>
    </p>
   </div>
   <div class='ocr_carea' id='block_1_50' title="bbox 789 3488 2358 3558">
    <p class='ocr_par' dir='ltr' id='par_1_50' title="bbox 789 3488 2358 3558">
     <span class='ocr_line' id='line_1_50' title="bbox 789 3488 2358 3558; baseline -0.001 -16"><span class='ocrx_word' id='word_1_372' title='bbox 789 3490 1059 3558; x_wconf 85' lang='lat' dir='ltr'><strong>prudenti,</strong></span> <span class='ocrx_word' id='word_1_373' title='bbox 1085 3489 1174 3557; x_wconf 92' lang='lat' dir='ltr'><strong>qui</strong></span> <span class='ocrx_word' id='word_1_374' title='bbox 1198 3488 1486 3542; x_wconf 68' lang='lat' dir='ltr'><strong>mdiﬁcavit</strong></span> <span class='ocrx_word' id='word_1_375' title='bbox 1515 3488 1732 3540; x_wconf 90' lang='lat' dir='ltr'><strong>domum</strong></span> <span class='ocrx_word' id='word_1_376' title='bbox 1762 3503 1915 3542; x_wconf 88' lang='lat' dir='ltr'><strong>suam</strong></span> <span class='ocrx_word' id='word_1_377' title='bbox 1945 3501 2108 3557; x_wconf 90' lang='lat' dir='ltr'><strong>super</strong></span> <span class='ocrx_word' id='word_1_378' title='bbox 2129 3495 2358 3558; x_wconf 92' lang='lat' dir='ltr'><strong>petram,</strong></span> 
     </span>
    </p>
   </div>
   <div class='ocr_carea' id='block_1_51' title="bbox 792 3577 2360 3649">
    <p class='ocr_par' dir='ltr' id='par_1_51' title="bbox 792 3577 2360 3649">
     <span class='ocr_line' id='line_1_51' title="bbox 792 3577 2360 3649; baseline -0.001 -14"><span class='ocrx_word' id='word_1_379' title='bbox 792 3590 846 3635; x_wconf 91' lang='lat' dir='ltr'><strong>ct</strong></span> <span class='ocrx_word' id='word_1_380' title='bbox 868 3580 1144 3635; x_wconf 83' lang='lat' dir='ltr'><strong>descendit</strong></span> <span class='ocrx_word' id='word_1_381' title='bbox 1174 3581 1379 3649; x_wconf 85' lang='lat' dir='ltr'><strong>pluvia.</strong></span> <span class='ocrx_word' id='word_1_382' title='bbox 1406 3588 1462 3633; x_wconf 91' lang='lat' dir='ltr'><strong>et</strong></span> <span class='ocrx_word' id='word_1_383' title='bbox 1499 3588 1762 3633; x_wconf 87' lang='lat' dir='ltr'><strong>venerunt</strong></span> <span class='ocrx_word' id='word_1_384' title='bbox 1791 3577 2032 3644; x_wconf 79' lang='lat' dir='ltr'><strong>ﬂumina,</strong></span> <span class='ocrx_word' id='word_1_385' title='bbox 2084 3589 2137 3635; x_wconf 88' lang='lat' dir='ltr'><strong>et</strong></span> <span class='ocrx_word' id='word_1_386' title='bbox 2194 3578 2360 3634; x_wconf 85' lang='lat' dir='ltr'><strong>ﬂave-</strong></span> 
     </span>
    </p>
   </div>
   <div class='ocr_carea' id='block_1_52' title="bbox 790 3672 2359 3736">
    <p class='ocr_par' dir='ltr' id='par_1_52' title="bbox 790 3672 2359 3736">
     <span class='ocr_line' id='line_1_52' title="bbox 790 3672 2359 3736; baseline 0 -9"><span class='ocrx_word' id='word_1_387' title='bbox 790 3683 915 3727; x_wconf 88' lang='lat' dir='ltr'><strong>runt</strong></span> <span class='ocrx_word' id='word_1_388' title='bbox 945 3675 1089 3727; x_wconf 84' lang='lat' dir='ltr'><strong>venti</strong></span> <span class='ocrx_word' id='word_1_389' title='bbox 1124 3682 1176 3728; x_wconf 91' lang='lat' dir='ltr'><strong>et</strong></span> <span class='ocrx_word' id='word_1_390' title='bbox 1221 3673 1491 3727; x_wconf 74' lang='lat' dir='ltr'><strong>iri-uerunt</strong></span> <span class='ocrx_word' id='word_1_391' title='bbox 1522 3672 1574 3725; x_wconf 92' lang='lat' dir='ltr'><strong>in</strong></span> <span class='ocrx_word' id='word_1_392' title='bbox 1606 3673 1824 3726; x_wconf 90' lang='lat' dir='ltr'><strong>domum</strong></span> <span class='ocrx_word' id='word_1_393' title='bbox 1863 3672 2025 3736; x_wconf 82' lang='lat' dir='ltr'><strong>illam,</strong></span> <span class='ocrx_word' id='word_1_394' title='bbox 2059 3683 2113 3728; x_wconf 88' lang='lat' dir='ltr'><strong>et</strong></span> <span class='ocrx_word' id='word_1_395' title='bbox 2146 3688 2250 3727; x_wconf 89' lang='lat' dir='ltr'><strong>non</strong></span> <span class='ocrx_word' id='word_1_396' title='bbox 2269 3687 2359 3727; x_wconf 87' lang='lat' dir='ltr'><strong>ce-</strong></span> 
     </span>
    </p>
   </div>
   <div class='ocr_carea' id='block_1_53' title="bbox 790 3766 2363 3836">
    <p class='ocr_par' dir='ltr' id='par_1_53' title="bbox 790 3766 2363 3836">
     <span class='ocr_line' id='line_1_53' title="bbox 790 3766 2363 3836; baseline 0.001 -16"><span class='ocrx_word' id='word_1_397' title='bbox 790 3767 921 3820; x_wconf 87' lang='lat' dir='ltr'><strong>cidit</strong></span> <span class='ocrx_word' id='word_1_398' title='bbox 958 3787 970 3823; x_wconf 90' lang='lat'><strong>:</strong></span> <span class='ocrx_word' id='word_1_399' title='bbox 1005 3766 1221 3821; x_wconf 88' lang='lat' dir='ltr'><strong>fundata</strong></span> <span class='ocrx_word' id='word_1_400' title='bbox 1270 3766 1413 3820; x_wconf 90' lang='lat' dir='ltr'><strong>enim</strong></span> <span class='ocrx_word' id='word_1_401' title='bbox 1461 3773 1580 3819; x_wconf 89' lang='lat' dir='ltr'><strong>erat</strong></span> <span class='ocrx_word' id='word_1_402' title='bbox 1621 3779 1780 3835; x_wconf 86' lang='lat' dir='ltr'><strong>supra</strong></span> <span class='ocrx_word' id='word_1_403' title='bbox 1834 3777 2060 3836; x_wconf 84' lang='lat' dir='ltr'><strong>petram.</strong></span> <span class='ocrx_word' id='word_1_404' title='bbox 2098 3786 2115 3819; x_wconf 71' lang='grc' dir='ltr'><strong>ι</strong></span> <span class='ocrx_word' id='word_1_405' title='bbox 2144 3767 2363 3835; x_wconf 87' lang='lat' dir='ltr'><strong>Absque</strong></span> 
     </span>
    </p>
   </div>
   <div class='ocr_carea' id='block_1_54' title="bbox 794 3856 2364 3930">
    <p class='ocr_par' dir='ltr' id='par_1_54' title="bbox 794 3856 2364 3930">
     <span class='ocr_line' id='line_1_54' title="bbox 794 3856 2364 3930; baseline 0.001 -19"><span class='ocrx_word' id='word_1_406' title='bbox 794 3858 907 3915; x_wconf 89' lang='lat' dir='ltr'><strong>Deo</strong></span> <span class='ocrx_word' id='word_1_407' title='bbox 926 3860 1097 3914; x_wconf 88' lang='lat' dir='ltr'><strong>virtus</strong></span> <span class='ocrx_word' id='word_1_408' title='bbox 1121 3859 1303 3930; x_wconf 80' lang='lat' dir='ltr'><strong>perfici</strong></span> <span class='ocrx_word' id='word_1_409' title='bbox 1332 3856 1549 3929; x_wconf 89' lang='lat' dir='ltr'><strong>nequit;</strong></span> <span class='ocrx_word' id='word_1_410' title='bbox 1580 3856 1803 3924; x_wconf 87' lang='lat' dir='ltr'><strong>idcirco,</strong></span> <span class='ocrx_word' id='word_1_411' title='bbox 1827 3860 2021 3929; x_wconf 88' lang='lat' dir='ltr'><strong>inquit,</strong></span> <span class='ocrx_word' id='word_1_412' title='bbox 2045 3858 2364 3914; x_wconf 84' lang='lat' dir='ltr'><strong>assimilaho</strong></span> 
     </span>
    </p>
   </div>
   <div class='ocr_carea' id='block_1_55' title="bbox 790 3951 2365 4027">
    <p class='ocr_par' dir='ltr' id='par_1_55' title="bbox 790 3951 2365 4027">
     <span class='ocr_line' id='line_1_55' title="bbox 790 3951 2365 4027; baseline 0 -21"><span class='ocrx_word' id='word_1_413' title='bbox 790 3966 913 4006; x_wconf 84' lang='lat' dir='ltr'><strong>eum</strong></span> <span class='ocrx_word' id='word_1_414' title='bbox 956 3952 1077 4007; x_wconf 66' lang='lat' dir='ltr'><strong>viro</strong></span> <span class='ocrx_word' id='word_1_415' title='bbox 1125 3954 1403 4027; x_wconf 85' lang='lat' dir='ltr'><strong>prudenti.</strong></span> <span class='ocrx_word' id='word_1_416' title='bbox 1438 3956 1600 4009; x_wconf 86' lang='lat' dir='ltr'><strong>Petra</strong></span> <span class='ocrx_word' id='word_1_417' title='bbox 1632 3963 1811 4009; x_wconf 87' lang='lat' dir='ltr'><strong>autem</strong></span> <span class='ocrx_word' id='word_1_418' title='bbox 1847 3962 1932 4007; x_wconf 89' lang='lat' dir='ltr'><strong>est</strong></span> <span class='ocrx_word' id='word_1_419' title='bbox 1964 3951 2231 4018; x_wconf 85' lang='lat' dir='ltr'><strong>Christus,</strong></span> <span class='ocrx_word' id='word_1_420' title='bbox 2253 3952 2365 4006; x_wconf 92' lang='lat' dir='ltr'><strong>do—</strong></span> 
     </span>
    </p>
   </div>
   <div class='ocr_carea' id='block_1_56' title="bbox 790 4042 2365 4115">
    <p class='ocr_par' dir='ltr' id='par_1_56' title="bbox 790 4042 2365 4115">
     <span class='ocr_line' id='line_1_56' title="bbox 790 4042 2365 4115; baseline 0.001 -19"><span class='ocrx_word' id='word_1_421' title='bbox 790 4058 913 4097; x_wconf 85' lang='lat' dir='ltr'><strong>mus</strong></span> <span class='ocrx_word' id='word_1_422' title='bbox 976 4051 1155 4097; x_wconf 86' lang='lat' dir='ltr'><strong>autem</strong></span> <span class='ocrx_word' id='word_1_423' title='bbox 1222 4044 1422 4100; x_wconf 76' lang='lat' dir='ltr'><strong>anilia.</strong></span> <span class='ocrx_word' id='word_1_424' title='bbox 1514 4044 1853 4115; x_wconf 80' lang='lat' dir='ltr'><strong>Quicumque</strong></span> <span class='ocrx_word' id='word_1_425' title='bbox 1912 4042 2075 4113; x_wconf 89' lang='lat' dir='ltr'><strong>igitur</strong></span> <span class='ocrx_word' id='word_1_426' title='bbox 2128 4043 2365 4097; x_wconf 88' lang='lat' dir='ltr'><strong>animam</strong></span> 
     </span>
    </p>
   </div>
   <div class='ocr_carea' id='block_1_57' title="bbox 792 4133 2364 4205">
    <p class='ocr_par' dir='ltr' id='par_1_57' title="bbox 792 4133 2364 4205">
     <span class='ocr_line' id='line_1_57' title="bbox 792 4133 2364 4205; baseline 0.001 -16"><span class='ocrx_word' id='word_1_427' title='bbox 792 4149 943 4189; x_wconf 88' lang='lat' dir='ltr'><strong>suam</strong></span> <span class='ocrx_word' id='word_1_428' title='bbox 975 4136 1287 4199; x_wconf 59' lang='lat' dir='ltr'><strong>adificabit,</strong></span> <span class='ocrx_word' id='word_1_429' title='bbox 1321 4138 1600 4205; x_wconf 88' lang='lat' dir='ltr'><strong>operando</strong></span> <span class='ocrx_word' id='word_1_430' title='bbox 1653 4135 1907 4190; x_wconf 90' lang='lat' dir='ltr'><strong>mandata</strong></span> <span class='ocrx_word' id='word_1_431' title='bbox 1958 4133 2184 4201; x_wconf 61' lang='lat' dir='ltr'><strong>Christi,</strong></span> <span class='ocrx_word' id='word_1_432' title='bbox 2216 4134 2364 4190; x_wconf 90' lang='lat' dir='ltr'><strong>illum</strong></span> 
     </span>
    </p>
   </div>
   <div class='ocr_carea' id='block_1_58' title="bbox 790 4225 2359 4298">
    <p class='ocr_par' dir='ltr' id='par_1_58' title="bbox 790 4225 2359 4298">
     <span class='ocr_line' id='line_1_58' title="bbox 790 4225 2359 4298; baseline 0.001 -18"><span class='ocrx_word' id='word_1_433' title='bbox 790 4241 964 4296; x_wconf 88' lang='lat' dir='ltr'><strong>neque</strong></span> <span class='ocrx_word' id='word_1_434' title='bbox 992 4227 1168 4295; x_wconf 85' lang='lat' dir='ltr'><strong>pluvia</strong></span> <span class='ocrx_word' id='word_1_435' title='bbox 1189 4267 1204 4291; x_wconf 95' lang='lat'><strong>,</strong></span> <span class='ocrx_word' id='word_1_436' title='bbox 1237 4228 1289 4282; x_wconf 88' lang='lat' dir='ltr'><strong>id</strong></span> <span class='ocrx_word' id='word_1_437' title='bbox 1320 4236 1402 4282; x_wconf 86' lang='lat' dir='ltr'><strong>est</strong></span> <span class='ocrx_word' id='word_1_438' title='bbox 1436 4227 1708 4293; x_wconf 85' lang='lat' dir='ltr'><strong>diabolus,</strong></span> <span class='ocrx_word' id='word_1_439' title='bbox 1736 4230 1826 4298; x_wconf 94' lang='lat' dir='ltr'><strong>qui</strong></span> <span class='ocrx_word' id='word_1_440' title='bbox 1855 4227 1921 4283; x_wconf 84' lang='lat' dir='ltr'><strong>de</strong></span> <span class='ocrx_word' id='word_1_441' title='bbox 1947 4225 2085 4282; x_wconf 66' lang='lat' dir='ltr'><strong>caelo</strong></span> <span class='ocrx_word' id='word_1_442' title='bbox 2114 4225 2319 4283; x_wconf 88' lang='lat' dir='ltr'><strong>decidit</strong></span> <span class='ocrx_word' id='word_1_443' title='bbox 2346 4244 2359 4281; x_wconf 92' lang='lat'><strong>:</strong></span> 
     </span>
    </p>
   </div>
   <div class='ocr_carea' id='block_1_59' title="bbox 790 4317 2368 4388">
    <p class='ocr_par' dir='ltr' id='par_1_59' title="bbox 790 4317 2368 4388">
     <span class='ocr_line' id='line_1_59' title="bbox 790 4317 2368 4388; baseline 0 -15"><span class='ocrx_word' id='word_1_444' title='bbox 790 4334 967 4386; x_wconf 87' lang='lat' dir='ltr'><strong>neque</strong></span> <span class='ocrx_word' id='word_1_445' title='bbox 990 4317 1232 4384; x_wconf 79' lang='lat' dir='ltr'><strong>ﬂumina,</strong></span> <span class='ocrx_word' id='word_1_446' title='bbox 1256 4319 1505 4374; x_wconf 87' lang='lat' dir='ltr'><strong>homines</strong></span> <span class='ocrx_word' id='word_1_447' title='bbox 1524 4320 1733 4374; x_wconf 88' lang='lat' dir='ltr'><strong>scilicet</strong></span> <span class='ocrx_word' id='word_1_448' title='bbox 1760 4318 2037 4384; x_wconf 58' lang='lat' dir='ltr'><strong>ludentes,</strong></span> <span class='ocrx_word' id='word_1_449' title='bbox 2059 4318 2150 4388; x_wconf 89' lang='lat' dir='ltr'><strong>qui</strong></span> <span class='ocrx_word' id='word_1_450' title='bbox 2173 4319 2239 4374; x_wconf 77' lang='lat' dir='ltr'><strong>ab</strong></span> <span class='ocrx_word' id='word_1_451' title='bbox 2266 4320 2368 4374; x_wconf 78' lang='lat' dir='ltr'><strong>hac</strong></span> 
     </span>
    </p>
   </div>
   <div class='ocr_carea' id='block_1_60' title="bbox 788 4409 2369 4481">
    <p class='ocr_par' dir='ltr' id='par_1_60' title="bbox 788 4409 2369 4481">
     <span class='ocr_line' id='line_1_60' title="bbox 788 4409 2369 4481; baseline 0.001 -17"><span class='ocrx_word' id='word_1_452' title='bbox 788 4412 968 4481; x_wconf 87' lang='lat' dir='ltr'><strong>pluvia</strong></span> <span class='ocrx_word' id='word_1_453' title='bbox 994 4411 1417 4481; x_wconf 89' lang='lat' dir='ltr'><strong>multiplicantur</strong></span> <span class='ocrx_word' id='word_1_454' title='bbox 1443 4429 1457 4467; x_wconf 90' lang='lat'><strong>:</strong></span> <span class='ocrx_word' id='word_1_455' title='bbox 1486 4424 1663 4480; x_wconf 89' lang='lat' dir='ltr'><strong>neque</strong></span> <span class='ocrx_word' id='word_1_456' title='bbox 1696 4412 1865 4476; x_wconf 87' lang='lat' dir='ltr'><strong>venti,</strong></span> <span class='ocrx_word' id='word_1_457' title='bbox 1896 4409 1998 4465; x_wconf 71' lang='lat' dir='ltr'><strong>hoc</strong></span> <span class='ocrx_word' id='word_1_458' title='bbox 2028 4418 2111 4464; x_wconf 89' lang='lat' dir='ltr'><strong>est</strong></span> <span class='ocrx_word' id='word_1_459' title='bbox 2142 4410 2369 4476; x_wconf 90' lang='lat' dir='ltr'><strong>spiritus</strong></span> 
     </span>
    </p>
   </div>
   <div class='ocr_carea' id='block_1_61' title="bbox 791 4499 2365 4569">
    <p class='ocr_par' dir='ltr' id='par_1_61' title="bbox 791 4499 2365 4569">
     <span class='ocr_line' id='line_1_61' title="bbox 791 4499 2365 4569; baseline -0.001 -13"><span class='ocrx_word' id='word_1_460' title='bbox 791 4502 939 4569; x_wconf 87' lang='lat' dir='ltr'><strong>mali,</strong></span> <span class='ocrx_word' id='word_1_461' title='bbox 968 4512 1022 4557; x_wconf 87' lang='lat' dir='ltr'><strong>et</strong></span> <span class='ocrx_word' id='word_1_462' title='bbox 1068 4503 1120 4556; x_wconf 90' lang='lat' dir='ltr'><strong>in</strong></span> <span class='ocrx_word' id='word_1_463' title='bbox 1158 4518 1390 4567; x_wconf 87' lang='lat' dir='ltr'><strong>summa,</strong></span> <span class='ocrx_word' id='word_1_464' title='bbox 1433 4502 1762 4557; x_wconf 76' lang='lat' dir='ltr'><strong>tetttationes</strong></span> <span class='ocrx_word' id='word_1_465' title='bbox 1792 4515 1983 4557; x_wconf 80' lang='lat' dir='ltr'><strong>omnes</strong></span> <span class='ocrx_word' id='word_1_466' title='bbox 2007 4501 2063 4557; x_wconf 74' lang='lat' dir='ltr'><strong>si</strong></span> <span class='ocrx_word' id='word_1_467' title='bbox 2097 4500 2221 4557; x_wconf 86' lang='lat' dir='ltr'><strong>talis</strong></span> <span class='ocrx_word' id='word_1_468' title='bbox 2246 4499 2365 4555; x_wconf 84' lang='lat' dir='ltr'><strong>fue-</strong></span> 
     </span>
    </p>
   </div>
   <div class='ocr_carea' id='block_1_62' title="bbox 790 4593 1451 4662">
    <p class='ocr_par' dir='ltr' id='par_1_62' title="bbox 790 4593 1451 4662">
     <span class='ocr_line' id='line_1_62' title="bbox 790 4593 1451 4662; baseline 0.002 -15"><span class='ocrx_word' id='word_1_469' title='bbox 790 4594 881 4657; x_wconf 87' lang='lat' dir='ltr'><strong>rit,</strong></span> <span class='ocrx_word' id='word_1_470' title='bbox 914 4602 1167 4662; x_wconf 89' lang='lat' dir='ltr'><strong>poterunt</strong></span> <span class='ocrx_word' id='word_1_471' title='bbox 1197 4593 1451 4660; x_wconf 85' lang='lat' dir='ltr'><strong>dejicere.</strong></span> 
     </span>
    </p>
   </div>
   <div class='ocr_carea' id='block_1_63' title="bbox 863 4772 2371 4840">
    <p class='ocr_par' dir='ltr' id='par_1_63' title="bbox 863 4772 2371 4840">
     <span class='ocr_line' id='line_1_63' title="bbox 863 4772 2371 4840; baseline 0 -12"><span class='ocrx_word' id='word_1_472' title='bbox 863 4774 1024 4830; x_wconf 68' lang='lat' dir='ltr'><strong>Vens.</strong></span> <span class='ocrx_word' id='word_1_473' title='bbox 1048 4773 1139 4840; x_wconf 77' lang='lat'><strong>26,</strong></span> <span class='ocrx_word' id='word_1_474' title='bbox 1164 4774 1253 4828; x_wconf 68' lang='lat'><strong>27.</strong></span> <span class='ocrx_word' id='word_1_475' title='bbox 1292 4792 1309 4825; x_wconf 78' lang='grc' dir='ltr'><strong>ι</strong></span> <span class='ocrx_word' id='word_1_476' title='bbox 1344 4774 1407 4828; x_wconf 87' lang='lat' dir='ltr'><strong>Et</strong></span> <span class='ocrx_word' id='word_1_477' title='bbox 1437 4774 1613 4828; x_wconf 91' lang='lat' dir='ltr'><strong>omnis</strong></span> <span class='ocrx_word' id='word_1_478' title='bbox 1634 4772 1724 4840; x_wconf 90' lang='lat' dir='ltr'><strong>qui</strong></span> <span class='ocrx_word' id='word_1_479' title='bbox 1749 4773 1949 4827; x_wconf 82' lang='lat' dir='ltr'><strong>audita</strong></span> <span class='ocrx_word' id='word_1_480' title='bbox 1976 4787 2060 4827; x_wconf 87' lang='lat' dir='ltr'><strong>me</strong></span> <span class='ocrx_word' id='word_1_481' title='bbox 2088 4787 2371 4829; x_wconf 87' lang='lat' dir='ltr'><strong>sermones</strong></span> 
     </span>
    </p>
   </div>
   <div class='ocr_carea' id='block_1_64' title="bbox 787 4862 2366 4934">
    <p class='ocr_par' dir='ltr' id='par_1_64' title="bbox 787 4862 2366 4934">
     <span class='ocr_line' id='line_1_64' title="bbox 787 4862 2366 4934; baseline -0.002 -12"><span class='ocrx_word' id='word_1_482' title='bbox 787 4868 891 4922; x_wconf 88' lang='lat' dir='ltr'><strong>hos</strong></span> <span class='ocrx_word' id='word_1_483' title='bbox 914 4874 970 4922; x_wconf 93' lang='lat' dir='ltr'><strong>et</strong></span> <span class='ocrx_word' id='word_1_484' title='bbox 999 4881 1104 4920; x_wconf 90' lang='lat' dir='ltr'><strong>non</strong></span> <span class='ocrx_word' id='word_1_485' title='bbox 1144 4864 1277 4919; x_wconf 86' lang='lat' dir='ltr'><strong>facit</strong></span> <span class='ocrx_word' id='word_1_486' title='bbox 1310 4878 1427 4929; x_wconf 85' lang='lat' dir='ltr'><strong>eos,</strong></span> <span class='ocrx_word' id='word_1_487' title='bbox 1463 4862 1856 4919; x_wconf 87' lang='lat' dir='ltr'><strong>assimilabitur</strong></span> <span class='ocrx_word' id='word_1_488' title='bbox 1891 4864 2007 4917; x_wconf 90' lang='lat' dir='ltr'><strong>viro</strong></span> <span class='ocrx_word' id='word_1_489' title='bbox 2042 4863 2239 4926; x_wconf 92' lang='lat' dir='ltr'><strong>stulto,</strong></span> <span class='ocrx_word' id='word_1_490' title='bbox 2275 4864 2366 4934; x_wconf 91' lang='lat' dir='ltr'><strong>qui</strong></span> 
     </span>
    </p>
   </div>
   <div class='ocr_carea' id='block_1_65' title="bbox 789 4956 2371 5025">
    <p class='ocr_par' dir='ltr' id='par_1_65' title="bbox 789 4956 2371 5025">
     <span class='ocr_line' id='line_1_65' title="bbox 789 4956 2371 5025; baseline 0.001 -14"><span class='ocrx_word' id='word_1_491' title='bbox 789 4958 1059 5013; x_wconf 81' lang='lat' dir='ltr'><strong>exstruxit</strong></span> <span class='ocrx_word' id='word_1_492' title='bbox 1083 4957 1302 5013; x_wconf 91' lang='lat' dir='ltr'><strong>domum</strong></span> <span class='ocrx_word' id='word_1_493' title='bbox 1332 4971 1483 5011; x_wconf 89' lang='lat' dir='ltr'><strong>suam</strong></span> <span class='ocrx_word' id='word_1_494' title='bbox 1519 4970 1681 5025; x_wconf 88' lang='lat' dir='ltr'><strong>super</strong></span> <span class='ocrx_word' id='word_1_495' title='bbox 1714 4969 1935 5011; x_wconf 89' lang='lat' dir='ltr'><strong>arenam</strong></span> <span class='ocrx_word' id='word_1_496' title='bbox 1957 4996 1970 5022; x_wconf 94' lang='lat'><strong>,</strong></span> <span class='ocrx_word' id='word_1_497' title='bbox 2002 4966 2057 5010; x_wconf 91' lang='lat' dir='ltr'><strong>et</strong></span> <span class='ocrx_word' id='word_1_498' title='bbox 2087 4956 2371 5012; x_wconf 88' lang='lat' dir='ltr'><strong>descendit</strong></span> 
     </span>
    </p>
   </div>
   <div class='ocr_carea' id='block_1_66' title="bbox 790 5047 2363 5119">
    <p class='ocr_par' dir='ltr' id='par_1_66' title="bbox 790 5047 2363 5119">
     <span class='ocr_line' id='line_1_66' title="bbox 790 5047 2363 5119; baseline 0 -16"><span class='ocrx_word' id='word_1_499' title='bbox 790 5050 994 5119; x_wconf 90' lang='lat' dir='ltr'><strong>pluvia,</strong></span> <span class='ocrx_word' id='word_1_500' title='bbox 1030 5059 1084 5106; x_wconf 89' lang='lat' dir='ltr'><strong>et</strong></span> <span class='ocrx_word' id='word_1_501' title='bbox 1122 5058 1388 5105; x_wconf 86' lang='lat' dir='ltr'><strong>venerunt</strong></span> <span class='ocrx_word' id='word_1_502' title='bbox 1422 5048 1667 5112; x_wconf 82' lang='lat' dir='ltr'><strong>ﬂumina,</strong></span> <span class='ocrx_word' id='word_1_503' title='bbox 1701 5057 1755 5102; x_wconf 90' lang='lat' dir='ltr'><strong>et</strong></span> <span class='ocrx_word' id='word_1_504' title='bbox 1804 5047 2152 5115; x_wconf 83' lang='lat' dir='ltr'><strong>spiraverunt</strong></span> <span class='ocrx_word' id='word_1_505' title='bbox 2188 5050 2363 5115; x_wconf 91' lang='lat' dir='ltr'><strong>venti,</strong></span> 
     </span>
    </p>
   </div>
   <div class='ocr_carea' id='block_1_67' title="bbox 804 5138 2368 5212">
    <p class='ocr_par' dir='ltr' id='par_1_67' title="bbox 804 5138 2368 5212">
     <span class='ocr_line' id='line_1_67' title="bbox 804 5138 2368 5212; baseline 0 -15"><span class='ocrx_word' id='word_1_506' title='bbox 804 5152 846 5198; x_wconf 73' lang='grc' dir='ltr'><strong>ιι</strong></span> <span class='ocrx_word' id='word_1_507' title='bbox 898 5142 1177 5196; x_wconf 87' lang='lat' dir='ltr'><strong>irruerunt</strong></span> <span class='ocrx_word' id='word_1_508' title='bbox 1232 5141 1286 5194; x_wconf 90' lang='lat' dir='ltr'><strong>in</strong></span> <span class='ocrx_word' id='word_1_509' title='bbox 1342 5140 1558 5193; x_wconf 86' lang='lat' dir='ltr'><strong>domum</strong></span> <span class='ocrx_word' id='word_1_510' title='bbox 1612 5138 1782 5201; x_wconf 88' lang='lat' dir='ltr'><strong>illam,</strong></span> <span class='ocrx_word' id='word_1_511' title='bbox 1816 5148 1868 5193; x_wconf 87' lang='lat' dir='ltr'><strong>et</strong></span> <span class='ocrx_word' id='word_1_512' title='bbox 1908 5140 2125 5206; x_wconf 88' lang='lat' dir='ltr'><strong>cecidit,</strong></span> <span class='ocrx_word' id='word_1_513' title='bbox 2158 5138 2368 5212; x_wconf 81' lang='lat' dir='ltr'><strong>fuitque</strong></span> 
     </span>
    </p>
   </div>
   <div class='ocr_carea' id='block_1_68' title="bbox 822 5228 2365 5300">
    <p class='ocr_par' dir='ltr' id='par_1_68' title="bbox 822 5228 2365 5300">
     <span class='ocr_line' id='line_1_68' title="bbox 822 5228 2365 5300; baseline -0.001 -11"><span class='ocrx_word' id='word_1_514' title='bbox 822 5233 945 5289; x_wconf 90' lang='lat' dir='ltr'><strong>uina</strong></span> <span class='ocrx_word' id='word_1_515' title='bbox 979 5232 1094 5300; x_wconf 88' lang='lat' dir='ltr'><strong>ejus</strong></span> <span class='ocrx_word' id='word_1_516' title='bbox 1121 5244 1336 5300; x_wconf 88' lang='lat' dir='ltr'><strong>magna.</strong></span> <span class='ocrx_word' id='word_1_517' title='bbox 1367 5247 1385 5281; x_wconf 70' lang='grc' dir='ltr'><strong>ι</strong></span> <span class='ocrx_word' id='word_1_518' title='bbox 1412 5228 1527 5283; x_wconf 84' lang='lat' dir='ltr'><strong>Non</strong></span> <span class='ocrx_word' id='word_1_519' title='bbox 1557 5228 1715 5295; x_wconf 85' lang='lat' dir='ltr'><strong>dixit,</strong></span> <span class='ocrx_word' id='word_1_520' title='bbox 1741 5229 2070 5285; x_wconf 80' lang='lat' dir='ltr'><strong>Assimilabo</strong></span> <span class='ocrx_word' id='word_1_521' title='bbox 2098 5246 2244 5297; x_wconf 84' lang='lat' dir='ltr'><strong>eum,</strong></span> <span class='ocrx_word' id='word_1_522' title='bbox 2271 5234 2365 5288; x_wconf 87' lang='lat' dir='ltr'><strong>sed</strong></span> 
     </span>
    </p>
   </div>
   <div class='ocr_carea' id='block_1_69' title="bbox 794 5320 2368 5395">
    <p class='ocr_par' dir='ltr' id='par_1_69' title="bbox 794 5320 2368 5395">
     <span class='ocr_line' id='line_1_69' title="bbox 794 5320 2368 5395; baseline 0 -16"><span class='ocrx_word' id='word_1_523' title='bbox 794 5339 890 5395; x_wconf 90' lang='lat' dir='ltr'><strong>per</strong></span> <span class='ocrx_word' id='word_1_524' title='bbox 923 5325 1159 5395; x_wconf 91' lang='lat' dir='ltr'><strong>seipsum</strong></span> <span class='ocrx_word' id='word_1_525' title='bbox 1194 5322 1585 5379; x_wconf 88' lang='lat' dir='ltr'><strong>assimilabitur</strong></span> <span class='ocrx_word' id='word_1_526' title='bbox 1611 5320 1777 5376; x_wconf 86' lang='lat' dir='ltr'><strong>stulto</strong></span> <span class='ocrx_word' id='word_1_527' title='bbox 1804 5320 1893 5377; x_wconf 89' lang='lat' dir='ltr'><strong>ille</strong></span> <span class='ocrx_word' id='word_1_528' title='bbox 1920 5323 2009 5393; x_wconf 89' lang='lat' dir='ltr'><strong>qui</strong></span> <span class='ocrx_word' id='word_1_529' title='bbox 2040 5324 2212 5379; x_wconf 91' lang='lat' dir='ltr'><strong>credit</strong></span> <span class='ocrx_word' id='word_1_530' title='bbox 2240 5326 2368 5394; x_wconf 85' lang='lat' dir='ltr'><strong>qui-</strong></span> 
     </span>
    </p>
   </div>
   <div class='ocr_carea' id='block_1_70' title="bbox 790 5414 2371 5488">
    <p class='ocr_par' dir='ltr' id='par_1_70' title="bbox 790 5414 2371 5488">
     <span class='ocr_line' id='line_1_70' title="bbox 790 5414 2371 5488; baseline 0 -16"><span class='ocrx_word' id='word_1_531' title='bbox 790 5418 913 5472; x_wconf 90' lang='lat' dir='ltr'><strong>dem</strong></span> <span class='ocrx_word' id='word_1_532' title='bbox 965 5432 1070 5471; x_wconf 92' lang='lat' dir='ltr'><strong>non</strong></span> <span class='ocrx_word' id='word_1_533' title='bbox 1120 5426 1299 5472; x_wconf 89' lang='lat' dir='ltr'><strong>autem</strong></span> <span class='ocrx_word' id='word_1_534' title='bbox 1360 5414 1773 5486; x_wconf 75' lang='lat' dir='ltr'><strong>Operatur,38</strong></span> <span class='ocrx_word' id='word_1_535' title='bbox 1803 5414 1891 5470; x_wconf 89' lang='lat' dir='ltr'><strong>hic</strong></span> <span class='ocrx_word' id='word_1_536' title='bbox 1940 5424 2023 5470; x_wconf 85' lang='lat' dir='ltr'><strong>est</strong></span> <span class='ocrx_word' id='word_1_537' title='bbox 2068 5417 2157 5485; x_wconf 88' lang='lat' dir='ltr'><strong>qui</strong></span> <span class='ocrx_word' id='word_1_538' title='bbox 2208 5432 2371 5488; x_wconf 84' lang='lat' dir='ltr'><strong>super</strong></span> 
     </span>
    </p>
   </div>
   <div class='ocr_carea' id='block_1_71' title="bbox 791 5507 2371 5577">
    <p class='ocr_par' dir='ltr' id='par_1_71' title="bbox 791 5507 2371 5577">
     <span class='ocr_line' id='line_1_71' title="bbox 791 5507 2371 5577; baseline 0 -15"><span class='ocrx_word' id='word_1_539' title='bbox 791 5524 1014 5564; x_wconf 82' lang='lat' dir='ltr'><strong>arenam</strong></span> <span class='ocrx_word' id='word_1_540' title='bbox 1062 5507 1295 5563; x_wconf 64' lang='lat' dir='ltr'><strong>aediﬁcat</strong></span> <span class='ocrx_word' id='word_1_541' title='bbox 1344 5508 1610 5574; x_wconf 87' lang='lat' dir='ltr'><strong>ignaviter</strong></span> <span class='ocrx_word' id='word_1_542' title='bbox 1642 5521 1874 5577; x_wconf 82' lang='lat' dir='ltr'><strong>Operans</strong></span> <span class='ocrx_word' id='word_1_543' title='bbox 1899 5522 1913 5563; x_wconf 92' lang='lat'><strong>:</strong></span> <span class='ocrx_word' id='word_1_544' title='bbox 1941 5518 2223 5577; x_wconf 80' lang='lat' dir='ltr'><strong>propterea</strong></span> <span class='ocrx_word' id='word_1_545' title='bbox 2256 5520 2308 5562; x_wconf 86' lang='lat' dir='ltr'><strong>et</strong></span> <span class='ocrx_word' id='word_1_546' title='bbox 2341 5524 2371 5562; x_wconf 87' lang='lat' dir='ltr'><strong>a</strong></span> 
     </span>
    </p>
   </div>
   <div class='ocr_carea' id='block_1_72' title="bbox 794 5600 2372 5674">
    <p class='ocr_par' dir='ltr' id='par_1_72' title="bbox 794 5600 2372 5674">
     <span class='ocr_line' id='line_1_72' title="bbox 794 5600 2372 5674; baseline 0.002 -18"><span class='ocrx_word' id='word_1_547' title='bbox 794 5602 1181 5659; x_wconf 89' lang='lat' dir='ltr'><strong>tentationibus</strong></span> <span class='ocrx_word' id='word_1_548' title='bbox 1214 5601 1464 5669; x_wconf 80' lang='lat' dir='ltr'><strong>dejicitur</strong></span> <span class='ocrx_word' id='word_1_549' title='bbox 1494 5620 1505 5654; x_wconf 94' lang='lat'><strong>:</strong></span> <span class='ocrx_word' id='word_1_550' title='bbox 1540 5602 1716 5667; x_wconf 88' lang='lat' dir='ltr'><strong>irruit,</strong></span> <span class='ocrx_word' id='word_1_551' title='bbox 1748 5600 1850 5657; x_wconf 86' lang='lat' dir='ltr'><strong>hoc</strong></span> <span class='ocrx_word' id='word_1_552' title='bbox 1889 5611 1995 5669; x_wconf 85' lang='lat' dir='ltr'><strong>est,</strong></span> <span class='ocrx_word' id='word_1_553' title='bbox 2028 5602 2273 5674; x_wconf 86' lang='lat' dir='ltr'><strong>impingit</strong></span> <span class='ocrx_word' id='word_1_554' title='bbox 2320 5605 2372 5659; x_wconf 92' lang='lat' dir='ltr'><strong>in</strong></span> 
     </span>
    </p>
   </div>
   <div class='ocr_carea' id='block_1_73' title="bbox 794 5692 2373 5765">
    <p class='ocr_par' dir='ltr' id='par_1_73' title="bbox 794 5692 2373 5765">
     <span class='ocr_line' id='line_1_73' title="bbox 794 5692 2373 5765; baseline 0 -14"><span class='ocrx_word' id='word_1_555' title='bbox 794 5709 917 5751; x_wconf 74' lang='lat' dir='ltr'><strong>sum</strong></span> <span class='ocrx_word' id='word_1_556' title='bbox 950 5695 1197 5761; x_wconf 87' lang='lat' dir='ltr'><strong>tentatio,</strong></span> <span class='ocrx_word' id='word_1_557' title='bbox 1221 5702 1277 5748; x_wconf 85' lang='lat' dir='ltr'><strong>et</strong></span> <span class='ocrx_word' id='word_1_558' title='bbox 1303 5708 1493 5764; x_wconf 85' lang='lat' dir='ltr'><strong>magna</strong></span> <span class='ocrx_word' id='word_1_559' title='bbox 1522 5694 1664 5748; x_wconf 88' lang='lat' dir='ltr'><strong>cadit</strong></span> <span class='ocrx_word' id='word_1_560' title='bbox 1683 5693 1758 5765; x_wconf 81' lang='grc' dir='ltr'><strong>(η)</strong></span> <span class='ocrx_word' id='word_1_561' title='bbox 1783 5694 1960 5750; x_wconf 84' lang='lat' dir='ltr'><strong>ruina.</strong></span> <span class='ocrx_word' id='word_1_562' title='bbox 1985 5692 2174 5751; x_wconf 81' lang='lat' dir='ltr'><strong>Nullus</strong></span> <span class='ocrx_word' id='word_1_563' title='bbox 2193 5703 2373 5753; x_wconf 86' lang='lat' dir='ltr'><strong>autem</strong></span> 
     </span>
    </p>
   </div>
   <div class='ocr_carea' id='block_1_74' title="bbox 871 5876 1761 5949">
    <p class='ocr_par' dir='ltr' id='par_1_74' title="bbox 871 5876 1761 5949">
     <span class='ocr_line' id='line_1_74' title="bbox 871 5876 1761 5949; baseline -0.001 -16"><span class='ocrx_word' id='word_1_564' title='bbox 871 5876 947 5949; x_wconf 77' lang='grc' dir='ltr'><strong>(α)</strong></span> <span class='ocrx_word' id='word_1_565' title='bbox 976 5877 1114 5933; x_wconf 85' lang='lat' dir='ltr'><strong>Edit.</strong></span> <span class='ocrx_word' id='word_1_566' title='bbox 1152 5878 1269 5932; x_wconf 89' lang='lat' dir='ltr'><strong>Lut.</strong></span> <span class='ocrx_word' id='word_1_567' title='bbox 1305 5877 1500 5943; x_wconf 91' lang='lat' dir='ltr'><strong>solum,</strong></span> <span class='ocrx_word' id='word_1_568' title='bbox 1529 5886 1575 5931; x_wconf 75' lang='lat' dir='ltr'><strong>ct</strong></span> <span class='ocrx_word' id='word_1_569' title='bbox 1602 5878 1761 5932; x_wconf 81' lang='lat' dir='ltr'><strong>cadit.</strong></span> 
     </span>
    </p>
   </div>
   <div class='ocr_carea' id='block_1_75' title="bbox 2462 1926 2992 1999">
    <p class='ocr_par' dir='ltr' id='par_1_75' title="bbox 2462 1926 2992 1999">
     <span class='ocr_line' id='line_1_75' title="bbox 2462 1926 2992 1999; baseline -0.015 -15"><span class='ocrx_word' id='word_1_570' title='bbox 2462 1929 2770 1999; x_wconf 83' lang='grc' dir='ltr'><strong>ἀποστάτης</strong></span> <span class='ocrx_word' id='word_1_571' title='bbox 2802 1930 2829 1980; x_wconf 90' lang='lat'><strong>6</strong></span> <span class='ocrx_word' id='word_1_572' title='bbox 2856 1926 2992 1988; x_wconf 79' lang='grc' dir='ltr'>υἱός.</span> 
     </span>
    </p>
   </div>
   <div class='ocr_carea' id='block_1_76' title="bbox 2538 2000 4036 2087">
    <p class='ocr_par' dir='ltr' id='par_1_76' title="bbox 2538 2000 4036 2087">
     <span class='ocr_line' id='line_1_76' title="bbox 2538 2000 4036 2087; baseline -0.015 -14"><span class='ocrx_word' id='word_1_573' title='bbox 2538 2039 2555 2072; x_wconf 85' lang='lat' dir='ltr'><strong>t</strong></span> <span class='ocrx_word' id='word_1_574' title='bbox 2599 2019 2790 2073; x_wconf 84' lang='grc' dir='ltr'>[Ιολλοί</span> <span class='ocrx_word' id='word_1_575' title='bbox 2817 2014 3005 2087; x_wconf 81' lang='grc' dir='ltr'>ὲροῦσί</span> <span class='ocrx_word' id='word_1_576' title='bbox 3039 2032 3129 2085; x_wconf 92' lang='grc' dir='ltr'><strong>μοι</strong></span> <span class='ocrx_word' id='word_1_577' title='bbox 3179 2014 3237 2066; x_wconf 81' lang='grc' dir='ltr'>ἐν</span> <span class='ocrx_word' id='word_1_578' title='bbox 3267 2008 3450 2081; x_wconf 75' lang='grc' dir='ltr'>ἐκείνη</span> <span class='ocrx_word' id='word_1_579' title='bbox 3488 2009 3554 2077; x_wconf 74' lang='grc' dir='ltr'><strong>τῇ</strong></span> <span class='ocrx_word' id='word_1_580' title='bbox 3589 2005 3800 2075; x_wconf 78' lang='grc' dir='ltr'>ἡμέρᾳ·</span> <span class='ocrx_word' id='word_1_581' title='bbox 3834 2000 4036 2070; x_wconf 80' lang='grc' dir='ltr'>Κύριε,</span> 
     </span>
    </p>
   </div>
   <div class='ocr_carea' id='block_1_77' title="bbox 2462 2091 4038 2183">
    <p class='ocr_par' dir='ltr' id='par_1_77' title="bbox 2462 2091 4038 2183">
     <span class='ocr_line' id='line_1_77' title="bbox 2462 2091 4038 2183; baseline -0.016 -16"><span class='ocrx_word' id='word_1_582' title='bbox 2462 2112 2657 2183; x_wconf 80' lang='grc' dir='ltr'>Κύριε,</span> <span class='ocrx_word' id='word_1_583' title='bbox 2689 2111 2751 2164; x_wconf 75' lang='grc' dir='ltr'><strong>οὐ</strong></span> <span class='ocrx_word' id='word_1_584' title='bbox 2788 2110 2866 2179; x_wconf 84' lang='grc' dir='ltr'>τῷ</span> <span class='ocrx_word' id='word_1_585' title='bbox 2902 2108 2979 2179; x_wconf 83' lang='grc' dir='ltr'>σῷ</span> <span class='ocrx_word' id='word_1_586' title='bbox 3025 2108 3254 2175; x_wconf 86' lang='grc' dir='ltr'>ὀνόματι</span> <span class='ocrx_word' id='word_1_587' title='bbox 3292 2098 3805 2173; x_wconf 78' lang='grc' dir='ltr'>προεφητεύσαμεν,</span> <span class='ocrx_word' id='word_1_588' title='bbox 3839 2091 4038 2163; x_wconf 78' lang='grc' dir='ltr'>καὶτῷ</span> 
     </span>
    </p>
   </div>
   <div class='ocr_carea' id='block_1_78' title="bbox 2463 2185 4039 2273">
    <p class='ocr_par' dir='ltr' id='par_1_78' title="bbox 2463 2185 4039 2273">
     <span class='ocr_line' id='line_1_78' title="bbox 2463 2185 4039 2273; baseline -0.016 -15"><span class='ocrx_word' id='word_1_589' title='bbox 2463 2205 2538 2273; x_wconf 74' lang='grc' dir='ltr'>σῷ</span> <span class='ocrx_word' id='word_1_590' title='bbox 2562 2204 2781 2272; x_wconf 82' lang='grc' dir='ltr'>ὀνόματι</span> <span class='ocrx_word' id='word_1_591' title='bbox 2804 2198 3056 2270; x_wconf 88' lang='grc' dir='ltr'>δαιμόνια</span> <span class='ocrx_word' id='word_1_592' title='bbox 3079 2194 3458 2264; x_wconf 78' lang='grc' dir='ltr'>ὲξεόἀλλομεν,</span> <span class='ocrx_word' id='word_1_593' title='bbox 3482 2190 3574 2244; x_wconf 78' lang='grc' dir='ltr'>καὶ</span> <span class='ocrx_word' id='word_1_594' title='bbox 3606 2188 3683 2257; x_wconf 83' lang='grc' dir='ltr'>τῷ</span> <span class='ocrx_word' id='word_1_595' title='bbox 3706 2185 3783 2255; x_wconf 87' lang='grc' dir='ltr'>σῷ</span> <span class='ocrx_word' id='word_1_596' title='bbox 3809 2186 4039 2253; x_wconf 78' lang='grc' dir='ltr'>ὀνόματι</span> 
     </span>
    </p>
   </div>
   <div class='ocr_carea' id='block_1_79' title="bbox 2458 2276 4041 2365">
    <p class='ocr_par' dir='ltr' id='par_1_79' title="bbox 2458 2276 4041 2365">
     <span class='ocr_line' id='line_1_79' title="bbox 2458 2276 4041 2365; baseline -0.015 -16"><span class='ocrx_word' id='word_1_597' title='bbox 2458 2294 2715 2365; x_wconf 80' lang='grc' dir='ltr'>δυνάμεις</span> <span class='ocrx_word' id='word_1_598' title='bbox 2742 2292 2941 2352; x_wconf 84' lang='grc' dir='ltr'>πολλὰς</span> <span class='ocrx_word' id='word_1_599' title='bbox 2990 2289 3367 2357; x_wconf 76' lang='grc' dir='ltr'>ὲποιήσαμενς</span> <span class='ocrx_word' id='word_1_600' title='bbox 3409 2283 3519 2337; x_wconf 77' lang='grc' dir='ltr'><strong>Καὶ</strong></span> <span class='ocrx_word' id='word_1_601' title='bbox 3540 2283 3661 2335; x_wconf 83' lang='grc' dir='ltr'>τότε</span> <span class='ocrx_word' id='word_1_602' title='bbox 3720 2276 4041 2365; x_wconf 81' lang='grc' dir='ltr'>ὁμολογήσω</span> 
     </span>
    </p>
   </div>
   <div class='ocr_carea' id='block_1_80' title="bbox 2462 2364 4039 2450">
    <p class='ocr_par' dir='ltr' id='par_1_80' title="bbox 2462 2364 4039 2450">
     <span class='ocr_line' id='line_1_80' title="bbox 2462 2364 4039 2450; baseline -0.014 -9"><span class='ocrx_word' id='word_1_603' title='bbox 2462 2364 2664 2450; x_wconf 60' lang='grc' dir='ltr'>αὐτοῖς,</span> <span class='ocrx_word' id='word_1_604' title='bbox 2709 2386 2790 2438; x_wconf 81' lang='grc' dir='ltr'>ὅτι</span> <span class='ocrx_word' id='word_1_605' title='bbox 2820 2382 3092 2435; x_wconf 82' lang='grc' dir='ltr'>Οὐδέποτε</span> <span class='ocrx_word' id='word_1_606' title='bbox 3129 2380 3302 2447; x_wconf 74' lang='grc' dir='ltr'>ἔγνων</span> <span class='ocrx_word' id='word_1_607' title='bbox 3334 2376 3502 2447; x_wconf 78' lang='grc' dir='ltr'>ὑμᾶς,</span> <span class='ocrx_word' id='word_1_608' title='bbox 3550 2370 3890 2440; x_wconf 77' lang='grc' dir='ltr'>ἀποχωρεῖτε</span> <span class='ocrx_word' id='word_1_609' title='bbox 3944 2364 4039 2420; x_wconf 77' lang='grc' dir='ltr'><strong>ἀπ’</strong></span> 
     </span>
    </p>
   </div>
   <div class='ocr_carea' id='block_1_81' title="bbox 2461 2462 4039 2549">
    <p class='ocr_par' dir='ltr' id='par_1_81' title="bbox 2461 2462 4039 2549">
     <span class='ocr_line' id='line_1_81' title="bbox 2461 2462 4039 2549; baseline -0.011 -17"><span class='ocrx_word' id='word_1_610' title='bbox 2461 2477 2621 2549; x_wconf 77' lang='grc' dir='ltr'>ἐμοῦ,</span> <span class='ocrx_word' id='word_1_611' title='bbox 2657 2477 2706 2530; x_wconf 86' lang='grc' dir='ltr'><strong>οἰ</strong></span> <span class='ocrx_word' id='word_1_612' title='bbox 2741 2475 3103 2548; x_wconf 73' lang='grc' dir='ltr'>ἑργαζόμενοι</span> <span class='ocrx_word' id='word_1_613' title='bbox 3130 2472 3229 2541; x_wconf 78' lang='grc' dir='ltr'>τὴν</span> <span class='ocrx_word' id='word_1_614' title='bbox 3268 2468 3553 2539; x_wconf 77' lang='grc' dir='ltr'>ἀνομίαν.ι</span> <span class='ocrx_word' id='word_1_615' title='bbox 3584 2463 3776 2518; x_wconf 85' lang='grc' dir='ltr'>Πολλοί</span> <span class='ocrx_word' id='word_1_616' title='bbox 3806 2463 3863 2513; x_wconf 82' lang='grc' dir='ltr'>ὲν</span> <span class='ocrx_word' id='word_1_617' title='bbox 3896 2462 4039 2530; x_wconf 71' lang='grc' dir='ltr'>ἀρχῇ</span> 
     </span>
    </p>
   </div>
   <div class='ocr_carea' id='block_1_82' title="bbox 2461 2551 4043 2640">
    <p class='ocr_par' dir='ltr' id='par_1_82' title="bbox 2461 2551 4043 2640">
     <span class='ocr_line' id='line_1_82' title="bbox 2461 2551 4043 2640; baseline -0.014 -15"><span class='ocrx_word' id='word_1_618' title='bbox 2461 2572 2554 2625; x_wconf 80' lang='grc' dir='ltr'>τοῦ</span> <span class='ocrx_word' id='word_1_619' title='bbox 2612 2570 2973 2640; x_wconf 74' lang='grc' dir='ltr'><strong>κηρύγματος</strong></span> <span class='ocrx_word' id='word_1_620' title='bbox 3028 2562 3287 2628; x_wconf 67' lang='grc' dir='ltr'>ἐξέϐαλον</span> <span class='ocrx_word' id='word_1_621' title='bbox 3329 2558 3621 2631; x_wconf 90' lang='grc' dir='ltr'>δαιμόνια,</span> <span class='ocrx_word' id='word_1_622' title='bbox 3672 2555 3768 2608; x_wconf 77' lang='grc' dir='ltr'>καὶ</span> <span class='ocrx_word' id='word_1_623' title='bbox 3831 2551 4043 2616; x_wconf 58' lang='lat' dir='ltr'><strong>amem</strong></span> 
     </span>
    </p>
   </div>
   <div class='ocr_carea' id='block_1_83' title="bbox 2461 2646 4043 2727">
    <p class='ocr_par' dir='ltr' id='par_1_83' title="bbox 2461 2646 4043 2727">
     <span class='ocr_line' id='line_1_83' title="bbox 2461 2646 4043 2727; baseline -0.014 -10"><span class='ocrx_word' id='word_1_624' title='bbox 2461 2664 2634 2726; x_wconf 71' lang='grc' dir='ltr'>ὄντες,</span> <span class='ocrx_word' id='word_1_625' title='bbox 2673 2661 2763 2714; x_wconf 79' lang='grc' dir='ltr'><strong>διά</strong></span> <span class='ocrx_word' id='word_1_626' title='bbox 2810 2661 2870 2711; x_wconf 82' lang='grc' dir='ltr'><strong>το</strong></span> <span class='ocrx_word' id='word_1_627' title='bbox 2896 2658 3066 2727; x_wconf 73' lang='grc' dir='ltr'>ὄνομα</span> <span class='ocrx_word' id='word_1_628' title='bbox 3104 2653 3199 2708; x_wconf 81' lang='grc' dir='ltr'>τοῦ</span> <span class='ocrx_word' id='word_1_629' title='bbox 3230 2650 3405 2721; x_wconf 86' lang='grc' dir='ltr'><strong>Ἰησοῦ</strong></span> <span class='ocrx_word' id='word_1_630' title='bbox 3454 2649 3767 2720; x_wconf 83' lang='grc' dir='ltr'>φευγόντων</span> <span class='ocrx_word' id='word_1_631' title='bbox 3792 2646 3901 2700; x_wconf 87' lang='grc' dir='ltr'><strong>τῶν</strong></span> <span class='ocrx_word' id='word_1_632' title='bbox 3926 2646 4043 2698; x_wconf 83' lang='grc' dir='ltr'>δαι-</span> 
     </span>
    </p>
   </div>
   <div class='ocr_carea' id='block_1_84' title="bbox 2466 2738 4024 2825">
    <p class='ocr_par' dir='ltr' id='par_1_84' title="bbox 2466 2738 4024 2825">
     <span class='ocr_line' id='line_1_84' title="bbox 2466 2738 4024 2825; baseline -0.012 -18"><span class='ocrx_word' id='word_1_633' title='bbox 2466 2755 2645 2825; x_wconf 80' lang='grc' dir='ltr'>μόνων</span> <span class='ocrx_word' id='word_1_634' title='bbox 2670 2766 2683 2780; x_wconf 83' lang='grc'>⁶</span> <span class='ocrx_word' id='word_1_635' title='bbox 2721 2751 2815 2805; x_wconf 82' lang='grc' dir='ltr'>καὶ</span> <span class='ocrx_word' id='word_1_636' title='bbox 2840 2750 2948 2820; x_wconf 77' lang='grc' dir='ltr'><strong>γὰρ</strong></span> <span class='ocrx_word' id='word_1_637' title='bbox 2981 2750 3014 2818; x_wconf 81' lang='grc' dir='ltr'>ἠ</span> <span class='ocrx_word' id='word_1_638' title='bbox 3054 2747 3212 2817; x_wconf 88' lang='grc' dir='ltr'>χάρις</span> <span class='ocrx_word' id='word_1_639' title='bbox 3239 2744 3333 2798; x_wconf 77' lang='grc' dir='ltr'>καὶ</span> <span class='ocrx_word' id='word_1_640' title='bbox 3380 2743 3467 2796; x_wconf 82' lang='grc' dir='ltr'>διὰ</span> <span class='ocrx_word' id='word_1_641' title='bbox 3499 2742 3607 2794; x_wconf 92' lang='grc' dir='ltr'><strong>τῶν</strong></span> <span class='ocrx_word' id='word_1_642' title='bbox 3636 2738 3874 2804; x_wconf 79' lang='grc' dir='ltr'>ἀναξίων</span> <span class='ocrx_word' id='word_1_643' title='bbox 3900 2739 4024 2806; x_wconf 78' lang='grc' dir='ltr'>ἑνερ</span> 
     </span>
    </p>
   </div>
   <div class='ocr_carea' id='block_1_85' title="bbox 2465 2831 4047 2914">
    <p class='ocr_par' dir='ltr' id='par_1_85' title="bbox 2465 2831 4047 2914">
     <span class='ocr_line' id='line_1_85' title="bbox 2465 2831 4047 2914; baseline -0.011 -15"><span class='ocrx_word' id='word_1_644' title='bbox 2465 2849 2573 2914; x_wconf 76' lang='grc' dir='ltr'><strong>γεί,</strong></span> <span class='ocrx_word' id='word_1_645' title='bbox 2608 2845 2684 2908; x_wconf 83' lang='grc' dir='ltr'>ὡς</span> <span class='ocrx_word' id='word_1_646' title='bbox 2711 2845 2806 2897; x_wconf 76' lang='grc' dir='ltr'>καὶ</span> <span class='ocrx_word' id='word_1_647' title='bbox 2830 2842 2919 2896; x_wconf 83' lang='grc' dir='ltr'><strong>διὰ</strong></span> <span class='ocrx_word' id='word_1_648' title='bbox 2943 2840 3053 2895; x_wconf 88' lang='grc' dir='ltr'><strong>τῶν</strong></span> <span class='ocrx_word' id='word_1_649' title='bbox 3084 2838 3319 2903; x_wconf 75' lang='grc' dir='ltr'>ἀναξίων</span> <span class='ocrx_word' id='word_1_650' title='bbox 3341 2835 3535 2908; x_wconf 73' lang='grc' dir='ltr'>ἱερέων</span> <span class='ocrx_word' id='word_1_651' title='bbox 3559 2831 3924 2902; x_wconf 80' lang='grc' dir='ltr'>ἀγιαζόμεθα,</span> <span class='ocrx_word' id='word_1_652' title='bbox 3950 2841 4047 2883; x_wconf 83' lang='grc' dir='ltr'><strong>και</strong></span> 
     </span>
    </p>
   </div>
   <div class='ocr_carea' id='block_1_86' title="bbox 2476 2924 4044 3007">
    <p class='ocr_par' dir='ltr' id='par_1_86' title="bbox 2476 2924 4044 3007">
     <span class='ocr_line' id='line_1_86' title="bbox 2476 2924 4044 3007; baseline -0.011 -13"><span class='ocrx_word' id='word_1_653' title='bbox 2476 2941 2676 3003; x_wconf 86' lang='grc' dir='ltr'>Ἰούδας</span> <span class='ocrx_word' id='word_1_654' title='bbox 2724 2938 2779 2991; x_wconf 81' lang='grc' dir='ltr'>δὲ</span> <span class='ocrx_word' id='word_1_655' title='bbox 2845 2937 3047 3007; x_wconf 78' lang='grc' dir='ltr'>σημεῖα</span> <span class='ocrx_word' id='word_1_656' title='bbox 3077 2933 3328 3003; x_wconf 84' lang='grc' dir='ltr'>ὲποίησε,</span> <span class='ocrx_word' id='word_1_657' title='bbox 3364 2930 3461 2984; x_wconf 83' lang='grc' dir='ltr'>καὶ</span> <span class='ocrx_word' id='word_1_658' title='bbox 3492 2928 3544 2981; x_wconf 84' lang='grc' dir='ltr'><strong>οἰ</strong></span> <span class='ocrx_word' id='word_1_659' title='bbox 3580 2928 3690 2981; x_wconf 63' lang='lat' dir='ltr'><strong>uio!</strong></span> <span class='ocrx_word' id='word_1_660' title='bbox 3718 2924 3812 2978; x_wconf 81' lang='grc' dir='ltr'>τοῦ</span> <span class='ocrx_word' id='word_1_661' title='bbox 3840 2924 4044 2977; x_wconf 80' lang='grc' dir='ltr'><strong>Σκευᾶ.</strong></span> 
     </span>
    </p>
   </div>
   <div class='ocr_carea' id='block_1_87' title="bbox 2466 3012 4046 3093">
    <p class='ocr_par' dir='ltr' id='par_1_87' title="bbox 2466 3012 4046 3093">
     <span class='ocr_line' id='line_1_87' title="bbox 2466 3012 4046 3093; baseline -0.013 -9"><span class='ocrx_word' id='word_1_662' title='bbox 2466 3032 2537 3083; x_wconf 85' lang='grc' dir='ltr'>Τὸ</span> <span class='ocrx_word' id='word_1_663' title='bbox 2560 3031 2613 3083; x_wconf 70' lang='grc' dir='ltr'>δὲ</span> <span class='ocrx_word' id='word_1_664' title='bbox 2669 3028 2937 3083; x_wconf 79' lang='grc' dir='ltr'>Οὐδέποτε</span> <span class='ocrx_word' id='word_1_665' title='bbox 2962 3024 3133 3093; x_wconf 74' lang='grc' dir='ltr'>ἔγνων</span> <span class='ocrx_word' id='word_1_666' title='bbox 3162 3023 3329 3093; x_wconf 77' lang='grc' dir='ltr'>ὑμᾶς,</span> <span class='ocrx_word' id='word_1_667' title='bbox 3354 3020 3475 3074; x_wconf 88' lang='grc' dir='ltr'><strong>ἀντί</strong></span> <span class='ocrx_word' id='word_1_668' title='bbox 3503 3017 3620 3079; x_wconf 85' lang='grc' dir='ltr'>τοῦ,</span> <span class='ocrx_word' id='word_1_669' title='bbox 3654 3015 3788 3068; x_wconf 74' lang='grc' dir='ltr'><strong>Οὐδὲ</strong></span> <span class='ocrx_word' id='word_1_670' title='bbox 3808 3015 3931 3067; x_wconf 88' lang='grc' dir='ltr'>τότε</span> <span class='ocrx_word' id='word_1_671' title='bbox 3956 3012 4046 3065; x_wconf 83' lang='grc' dir='ltr'>ὅτε</span> 
     </span>
    </p>
   </div>
   <div class='ocr_carea' id='block_1_88' title="bbox 2465 3104 4051 3193">
    <p class='ocr_par' dir='ltr' id='par_1_88' title="bbox 2465 3104 4051 3193">
     <span class='ocr_line' id='line_1_88' title="bbox 2465 3104 4051 3193; baseline -0.012 -17"><span class='ocrx_word' id='word_1_672' title='bbox 2465 3122 2985 3193; x_wconf 73' lang='grc' dir='ltr'>ὲῢαυματουργεῖτε,</span> <span class='ocrx_word' id='word_1_673' title='bbox 3005 3106 3239 3190; x_wconf 68' lang='grc' dir='ltr'>ἠγάπων</span> <span class='ocrx_word' id='word_1_674' title='bbox 3262 3114 3429 3186; x_wconf 76' lang='grc' dir='ltr'>ὑμᾶς’</span> <span class='ocrx_word' id='word_1_675' title='bbox 3439 3110 3650 3184; x_wconf 80' lang='grc' dir='ltr'><strong>Ιγνῶσις</strong></span> <span class='ocrx_word' id='word_1_676' title='bbox 3671 3107 3775 3179; x_wconf 85' lang='grc' dir='ltr'>γὰρ</span> <span class='ocrx_word' id='word_1_677' title='bbox 3799 3108 3832 3177; x_wconf 79' lang='grc' dir='ltr'><strong>ὴ</strong></span> <span class='ocrx_word' id='word_1_678' title='bbox 3856 3104 4051 3175; x_wconf 75' lang='grc' dir='ltr'>ἀγάπη</span> 
     </span>
    </p>
   </div>
   <div class='ocr_carea' id='block_1_89' title="bbox 2464 3212 2966 3283">
    <p class='ocr_par' dir='ltr' id='par_1_89' title="bbox 2464 3212 2966 3283">
     <span class='ocr_line' id='line_1_89' title="bbox 2464 3212 2966 3283; baseline -0.006 -15"><span class='ocrx_word' id='word_1_679' title='bbox 2464 3216 2679 3283; x_wconf 80' lang='grc' dir='ltr'>λέγεται</span> <span class='ocrx_word' id='word_1_680' title='bbox 2710 3212 2966 3266; x_wconf 73' lang='grc' dir='ltr'>ἐνταῦθα.</span> 
     </span>
    </p>
   </div>
   <div class='ocr_carea' id='block_1_90' title="bbox 2539 3290 4052 3369">
    <p class='ocr_par' dir='ltr' id='par_1_90' title="bbox 2539 3290 4052 3369">
     <span class='ocr_line' id='line_1_90' title="bbox 2539 3290 4052 3369; baseline -0.012 -9"><span class='ocrx_word' id='word_1_681' title='bbox 2539 3326 2557 3359; x_wconf 77' lang='lat' dir='ltr'><strong>t</strong></span> <span class='ocrx_word' id='word_1_682' title='bbox 2597 3307 2710 3369; x_wconf 78' lang='lat' dir='ltr'><strong>na;</strong></span> <span class='ocrx_word' id='word_1_683' title='bbox 2736 3304 2830 3360; x_wconf 78' lang='grc' dir='ltr'>οὖν</span> <span class='ocrx_word' id='word_1_684' title='bbox 2856 3305 3005 3367; x_wconf 81' lang='grc' dir='ltr'>ὅστις</span> <span class='ocrx_word' id='word_1_685' title='bbox 3040 3299 3230 3356; x_wconf 78' lang='grc' dir='ltr'>ἀκούει</span> <span class='ocrx_word' id='word_1_686' title='bbox 3268 3314 3369 3367; x_wconf 85' lang='grc' dir='ltr'><strong>μου</strong></span> <span class='ocrx_word' id='word_1_687' title='bbox 3400 3297 3526 3361; x_wconf 78' lang='grc' dir='ltr'>τοὺς</span> <span class='ocrx_word' id='word_1_688' title='bbox 3553 3295 3747 3365; x_wconf 80' lang='grc' dir='ltr'>λόγους</span> <span class='ocrx_word' id='word_1_689' title='bbox 3796 3290 4052 3357; x_wconf 82' lang='grc' dir='ltr'>τούτους,</span> 
     </span>
    </p>
   </div>
   <div class='ocr_carea' id='block_1_91' title="bbox 2468 3382 4049 3467">
    <p class='ocr_par' dir='ltr' id='par_1_91' title="bbox 2468 3382 4049 3467">
     <span class='ocr_line' id='line_1_91' title="bbox 2468 3382 4049 3467; baseline -0.013 -12"><span class='ocrx_word' id='word_1_690' title='bbox 2468 3403 2562 3455; x_wconf 79' lang='grc' dir='ltr'>καὶ</span> <span class='ocrx_word' id='word_1_691' title='bbox 2609 3402 2756 3454; x_wconf 75' lang='grc' dir='ltr'>ποιεῖ</span> <span class='ocrx_word' id='word_1_692' title='bbox 2790 3397 3011 3465; x_wconf 78' lang='grc' dir='ltr'>αὐτοὺς,</span> <span class='ocrx_word' id='word_1_693' title='bbox 3066 3394 3320 3467; x_wconf 84' lang='grc' dir='ltr'>ὁμοιώσω</span> <span class='ocrx_word' id='word_1_694' title='bbox 3374 3391 3538 3445; x_wconf 76' lang='grc' dir='ltr'>αὐτὸν</span> <span class='ocrx_word' id='word_1_695' title='bbox 3573 3388 3726 3460; x_wconf 78' lang='grc' dir='ltr'>ἀνδρί</span> <span class='ocrx_word' id='word_1_696' title='bbox 3778 3382 4049 3456; x_wconf 77' lang='grc' dir='ltr'>φρονίμῳ,</span> 
     </span>
    </p>
   </div>
   <div class='ocr_carea' id='block_1_92' title="bbox 2463 3479 4051 3566">
    <p class='ocr_par' dir='ltr' id='par_1_92' title="bbox 2463 3479 4051 3566">
     <span class='ocr_line' id='line_1_92' title="bbox 2463 3479 4051 3566; baseline -0.013 -17"><span class='ocrx_word' id='word_1_697' title='bbox 2463 3497 2610 3559; x_wconf 78' lang='grc' dir='ltr'>ὅστις</span> <span class='ocrx_word' id='word_1_698' title='bbox 2654 3492 2973 3566; x_wconf 79' lang='grc' dir='ltr'>ᾠκοδόμησε</span> <span class='ocrx_word' id='word_1_699' title='bbox 3007 3489 3108 3557; x_wconf 75' lang='grc' dir='ltr'>τὴν</span> <span class='ocrx_word' id='word_1_700' title='bbox 3140 3488 3320 3541; x_wconf 86' lang='grc' dir='ltr'>οἰκίαν</span> <span class='ocrx_word' id='word_1_701' title='bbox 3348 3483 3516 3538; x_wconf 83' lang='grc' dir='ltr'>αὐτοῦ</span> <span class='ocrx_word' id='word_1_702' title='bbox 3542 3484 3634 3537; x_wconf 66' lang='grc' dir='ltr'><strong>ἐπὶ</strong></span> <span class='ocrx_word' id='word_1_703' title='bbox 3671 3481 3770 3552; x_wconf 73' lang='grc' dir='ltr'>τὴν</span> <span class='ocrx_word' id='word_1_704' title='bbox 3815 3479 4051 3548; x_wconf 81' lang='grc' dir='ltr'>πέτραν,</span> 
     </span>
    </p>
   </div>
   <div class='ocr_carea' id='block_1_93' title="bbox 2464 3572 4052 3657">
    <p class='ocr_par' dir='ltr' id='par_1_93' title="bbox 2464 3572 4052 3657">
     <span class='ocr_line' id='line_1_93' title="bbox 2464 3572 4052 3657; baseline -0.011 -16"><span class='ocrx_word' id='word_1_705' title='bbox 2464 3589 2558 3642; x_wconf 78' lang='grc' dir='ltr'>καὶ</span> <span class='ocrx_word' id='word_1_706' title='bbox 2598 3586 2806 3657; x_wconf 74' lang='grc' dir='ltr'>κατέϐη</span> <span class='ocrx_word' id='word_1_707' title='bbox 2841 3587 2875 3657; x_wconf 82' lang='grc' dir='ltr'>ή</span> <span class='ocrx_word' id='word_1_708' title='bbox 2907 3583 3100 3655; x_wconf 80' lang='grc' dir='ltr'>βροχὴ,</span> <span class='ocrx_word' id='word_1_709' title='bbox 3134 3582 3227 3637; x_wconf 76' lang='grc' dir='ltr'>καὶ</span> <span class='ocrx_word' id='word_1_710' title='bbox 3254 3576 3419 3653; x_wconf 80' lang='grc' dir='ltr'>ἦλθον</span> <span class='ocrx_word' id='word_1_711' title='bbox 3450 3580 3501 3633; x_wconf 89' lang='grc' dir='ltr'><strong>οἰ</strong></span> <span class='ocrx_word' id='word_1_712' title='bbox 3546 3575 3805 3645; x_wconf 74' lang='grc' dir='ltr'>ποταμοὶ.</span> <span class='ocrx_word' id='word_1_713' title='bbox 3832 3574 3927 3628; x_wconf 81' lang='grc' dir='ltr'>καὶ</span> <span class='ocrx_word' id='word_1_714' title='bbox 3953 3572 4052 3625; x_wconf 68' lang='grc' dir='ltr'><strong>επ·</strong></span> 
     </span>
    </p>
   </div>
   <div class='ocr_carea' id='block_1_94' title="bbox 2464 3662 4053 3747">
    <p class='ocr_par' dir='ltr' id='par_1_94' title="bbox 2464 3662 4053 3747">
     <span class='ocr_line' id='line_1_94' title="bbox 2464 3662 4053 3747; baseline -0.013 -13"><span class='ocrx_word' id='word_1_715' title='bbox 2464 3696 2658 3734; x_wconf 86' lang='grc' dir='ltr'>νευοαν</span> <span class='ocrx_word' id='word_1_716' title='bbox 2702 3679 2751 3731; x_wconf 90' lang='grc' dir='ltr'><strong>οἰ</strong></span> <span class='ocrx_word' id='word_1_717' title='bbox 2804 3676 3020 3747; x_wconf 72' lang='grc' dir='ltr'>ἄνεμοι,</span> <span class='ocrx_word' id='word_1_718' title='bbox 3050 3675 3148 3728; x_wconf 78' lang='grc' dir='ltr'>καὶ</span> <span class='ocrx_word' id='word_1_719' title='bbox 3193 3672 3536 3743; x_wconf 71' lang='grc' dir='ltr'>προσέπεσον</span> <span class='ocrx_word' id='word_1_720' title='bbox 3568 3670 3635 3739; x_wconf 75' lang='grc' dir='ltr'>τῇ</span> <span class='ocrx_word' id='word_1_721' title='bbox 3660 3664 3810 3735; x_wconf 83' lang='grc' dir='ltr'>οἰκίᾳ</span> <span class='ocrx_word' id='word_1_722' title='bbox 3839 3662 4053 3733; x_wconf 63' lang='grc' dir='ltr'>εκείνη,</span> 
     </span>
    </p>
   </div>
   <div class='ocr_carea' id='block_1_95' title="bbox 2465 3758 4040 3837">
    <p class='ocr_par' dir='ltr' id='par_1_95' title="bbox 2465 3758 4040 3837">
     <span class='ocr_line' id='line_1_95' title="bbox 2465 3758 4040 3837; baseline -0.013 -10"><span class='ocrx_word' id='word_1_723' title='bbox 2465 3774 2559 3827; x_wconf 79' lang='grc' dir='ltr'>καὶ</span> <span class='ocrx_word' id='word_1_724' title='bbox 2594 3774 2694 3825; x_wconf 80' lang='grc' dir='ltr'>οὐκ</span> <span class='ocrx_word' id='word_1_725' title='bbox 2735 3769 2922 3833; x_wconf 73' lang='grc' dir='ltr'>ιπεσε,</span> <span class='ocrx_word' id='word_1_726' title='bbox 2952 3765 3320 3837; x_wconf 81' lang='grc' dir='ltr'>τεθεμελίωτο</span> <span class='ocrx_word' id='word_1_727' title='bbox 3354 3764 3464 3833; x_wconf 80' lang='grc' dir='ltr'>γὰρ</span> <span class='ocrx_word' id='word_1_728' title='bbox 3493 3760 3586 3815; x_wconf 67' lang='grc' dir='ltr'><strong>ἐπὶ</strong></span> <span class='ocrx_word' id='word_1_729' title='bbox 3614 3761 3713 3830; x_wconf 78' lang='grc' dir='ltr'>τὴν</span> <span class='ocrx_word' id='word_1_730' title='bbox 3747 3758 3979 3828; x_wconf 78' lang='grc' dir='ltr'>πέτραν.</span> <span class='ocrx_word' id='word_1_731' title='bbox 4021 3772 4040 3805; x_wconf 73' lang='grc' dir='ltr'><strong>ι</strong></span> 
     </span>
    </p>
   </div>
   <div class='ocr_carea' id='block_1_96' title="bbox 2467 3845 4058 3934">
    <p class='ocr_par' dir='ltr' id='par_1_96' title="bbox 2467 3845 4058 3934">
     <span class='ocr_line' id='line_1_96' title="bbox 2467 3845 4058 3934; baseline -0.012 -15"><span class='ocrx_word' id='word_1_732' title='bbox 2467 3864 2602 3919; x_wconf 68' lang='grc' dir='ltr'><strong>Θεοῦ</strong></span> <span class='ocrx_word' id='word_1_733' title='bbox 2632 3863 2801 3934; x_wconf 66' lang='grc' dir='ltr'>χωρὶς</span> <span class='ocrx_word' id='word_1_734' title='bbox 2828 3860 2891 3914; x_wconf 78' lang='grc' dir='ltr'>οὐ</span> <span class='ocrx_word' id='word_1_735' title='bbox 2948 3858 3171 3913; x_wconf 84' lang='grc' dir='ltr'>δύναται</span> <span class='ocrx_word' id='word_1_736' title='bbox 3233 3853 3403 3927; x_wconf 76' lang='grc' dir='ltr'>ἀρετὴ</span> <span class='ocrx_word' id='word_1_737' title='bbox 3462 3849 3886 3923; x_wconf 75' lang='grc' dir='ltr'>κατορθωθῆναι</span> <span class='ocrx_word' id='word_1_738' title='bbox 3910 3888 3926 3913; x_wconf 92' lang='lat'><strong>,</strong></span> <span class='ocrx_word' id='word_1_739' title='bbox 3967 3845 4058 3901; x_wconf 77' lang='grc' dir='ltr'>διὰ</span> 
     </span>
    </p>
   </div>
   <div class='ocr_carea' id='block_1_97' title="bbox 2467 3941 4060 4026">
    <p class='ocr_par' dir='ltr' id='par_1_97' title="bbox 2467 3941 4060 4026">
     <span class='ocr_line' id='line_1_97' title="bbox 2467 3941 4060 4026; baseline -0.011 -16"><span class='ocrx_word' id='word_1_740' title='bbox 2467 3956 2626 4011; x_wconf 81' lang='grc' dir='ltr'>τοῦτό</span> <span class='ocrx_word' id='word_1_741' title='bbox 2655 3970 2843 4026; x_wconf 81' lang='grc' dir='ltr'>φησιν,</span> <span class='ocrx_word' id='word_1_742' title='bbox 2888 3950 3174 4021; x_wconf 79' lang='grc' dir='ltr'>Ὀμοιώαω</span> <span class='ocrx_word' id='word_1_743' title='bbox 3200 3947 3363 4002; x_wconf 81' lang='grc' dir='ltr'>αὐτὸν</span> <span class='ocrx_word' id='word_1_744' title='bbox 3388 3944 3542 4016; x_wconf 83' lang='grc' dir='ltr'>ἀνδρί</span> <span class='ocrx_word' id='word_1_745' title='bbox 3576 3941 3847 4015; x_wconf 81' lang='grc' dir='ltr'>φρονίμῳ.</span> <span class='ocrx_word' id='word_1_746' title='bbox 3870 3941 4060 4007; x_wconf 71' lang='grc' dir='ltr'>Πέτρα</span> 
     </span>
    </p>
   </div>
   <div class='ocr_carea' id='block_1_98' title="bbox 2467 4030 4056 4118">
    <p class='ocr_par' dir='ltr' id='par_1_98' title="bbox 2467 4030 4056 4118">
     <span class='ocr_line' id='line_1_98' title="bbox 2467 4030 4056 4118; baseline -0.013 -15"><span class='ocrx_word' id='word_1_747' title='bbox 2467 4050 2546 4116; x_wconf 86' lang='grc' dir='ltr'>δὲ,</span> <span class='ocrx_word' id='word_1_748' title='bbox 2578 4051 2605 4103; x_wconf 90' lang='lat'><strong>6</strong></span> <span class='ocrx_word' id='word_1_749' title='bbox 2635 4047 2889 4118; x_wconf 74' lang='grc' dir='ltr'>Χριστόςο</span> <span class='ocrx_word' id='word_1_750' title='bbox 2923 4042 3075 4098; x_wconf 83' lang='grc' dir='ltr'>οίκία</span> <span class='ocrx_word' id='word_1_751' title='bbox 3098 4043 3178 4109; x_wconf 75' lang='grc' dir='ltr'>δὲ,</span> <span class='ocrx_word' id='word_1_752' title='bbox 3202 4043 3239 4112; x_wconf 81' lang='grc' dir='ltr'><strong>ἡ</strong></span> <span class='ocrx_word' id='word_1_753' title='bbox 3264 4040 3434 4111; x_wconf 78' lang='grc' dir='ltr'>ψυχή.</span> <span class='ocrx_word' id='word_1_754' title='bbox 3471 4039 3663 4099; x_wconf 88' lang='grc' dir='ltr'>Ὅστις</span> <span class='ocrx_word' id='word_1_755' title='bbox 3695 4030 3790 4088; x_wconf 76' lang='grc' dir='ltr'>οὖν</span> <span class='ocrx_word' id='word_1_756' title='bbox 3823 4032 3924 4102; x_wconf 82' lang='grc' dir='ltr'><strong>τὴν</strong></span> <span class='ocrx_word' id='word_1_757' title='bbox 3947 4032 4056 4101; x_wconf 71' lang='grc' dir='ltr'>ψυο</span> 
     </span>
    </p>
   </div>
   <div class='ocr_carea' id='block_1_99' title="bbox 2469 4124 4058 4213">
    <p class='ocr_par' dir='ltr' id='par_1_99' title="bbox 2469 4124 4058 4213">
     <span class='ocr_line' id='line_1_99' title="bbox 2469 4124 4058 4213; baseline -0.013 -17"><span class='ocrx_word' id='word_1_758' title='bbox 2469 4141 2570 4213; x_wconf 87' lang='grc' dir='ltr'>χὴν</span> <span class='ocrx_word' id='word_1_759' title='bbox 2606 4137 2775 4194; x_wconf 78' lang='grc' dir='ltr'>αὐτοῦ</span> <span class='ocrx_word' id='word_1_760' title='bbox 2807 4135 3155 4207; x_wconf 76' lang='grc' dir='ltr'>οἰκοδομήσει</span> <span class='ocrx_word' id='word_1_761' title='bbox 3188 4134 3283 4188; x_wconf 68' lang='grc' dir='ltr'><strong>ἐπὶ</strong></span> <span class='ocrx_word' id='word_1_762' title='bbox 3304 4134 3371 4203; x_wconf 80' lang='grc' dir='ltr'>τῇ</span> <span class='ocrx_word' id='word_1_763' title='bbox 3420 4128 3660 4202; x_wconf 70' lang='grc' dir='ltr'>ἐργασίᾳ</span> <span class='ocrx_word' id='word_1_764' title='bbox 3688 4126 3798 4179; x_wconf 88' lang='grc' dir='ltr'><strong>τῶν</strong></span> <span class='ocrx_word' id='word_1_765' title='bbox 3821 4124 4058 4178; x_wconf 71' lang='grc' dir='ltr'>ἐντολῶν</span> 
     </span>
    </p>
   </div>
   <div class='ocr_carea' id='block_1_100' title="bbox 2467 4214 4057 4301">
    <p class='ocr_par' dir='ltr' id='par_1_100' title="bbox 2467 4214 4057 4301">
     <span class='ocr_line' id='line_1_100' title="bbox 2467 4214 4057 4301; baseline -0.012 -17"><span class='ocrx_word' id='word_1_766' title='bbox 2467 4230 2563 4283; x_wconf 82' lang='grc' dir='ltr'><strong>τοῦ</strong></span> <span class='ocrx_word' id='word_1_767' title='bbox 2603 4227 2865 4301; x_wconf 79' lang='grc' dir='ltr'>Χριστοῦ,</span> <span class='ocrx_word' id='word_1_768' title='bbox 2890 4226 3081 4280; x_wconf 80' lang='grc' dir='ltr'>τοῦτον</span> <span class='ocrx_word' id='word_1_769' title='bbox 3100 4223 3225 4277; x_wconf 77' lang='grc' dir='ltr'>οὕτε</span> <span class='ocrx_word' id='word_1_770' title='bbox 3253 4224 3287 4291; x_wconf 77' lang='grc' dir='ltr'><strong>ἠ</strong></span> <span class='ocrx_word' id='word_1_771' title='bbox 3316 4218 3505 4291; x_wconf 77' lang='grc' dir='ltr'>βροχὴ.</span> <span class='ocrx_word' id='word_1_772' title='bbox 3533 4222 3561 4271; x_wconf 88' lang='lat'><strong>6</strong></span> <span class='ocrx_word' id='word_1_773' title='bbox 3580 4216 3827 4278; x_wconf 54' lang='grc' dir='ltr'>διάϐολος</span> <span class='ocrx_word' id='word_1_774' title='bbox 3884 4214 4057 4281; x_wconf 83' lang='grc' dir='ltr'>λέγω,</span> 
     </span>
    </p>
   </div>
   <div class='ocr_carea' id='block_1_101' title="bbox 2469 4306 4063 4392">
    <p class='ocr_par' dir='ltr' id='par_1_101' title="bbox 2469 4306 4063 4392">
     <span class='ocr_line' id='line_1_101' title="bbox 2469 4306 4063 4392; baseline -0.013 -15"><span class='ocrx_word' id='word_1_775' title='bbox 2469 4325 2500 4377; x_wconf 88' lang='lat'><strong>6</strong></span> <span class='ocrx_word' id='word_1_776' title='bbox 2532 4324 2590 4388; x_wconf 73' lang='grc' dir='ltr'>ἐξ</span> <span class='ocrx_word' id='word_1_777' title='bbox 2614 4318 2849 4392; x_wconf 80' lang='grc' dir='ltr'>ούρανοῦ</span> <span class='ocrx_word' id='word_1_778' title='bbox 2884 4315 3091 4380; x_wconf 84' lang='grc' dir='ltr'>πεσὼν,</span> <span class='ocrx_word' id='word_1_779' title='bbox 3117 4313 3245 4368; x_wconf 79' lang='grc' dir='ltr'>οὔτε</span> <span class='ocrx_word' id='word_1_780' title='bbox 3280 4315 3329 4366; x_wconf 89' lang='grc' dir='ltr'><strong>οἰ</strong></span> <span class='ocrx_word' id='word_1_781' title='bbox 3355 4310 3616 4381; x_wconf 77' lang='grc' dir='ltr'>ποταμοὶ,</span> <span class='ocrx_word' id='word_1_782' title='bbox 3643 4310 3693 4362; x_wconf 92' lang='grc' dir='ltr'><strong>οἰ</strong></span> <span class='ocrx_word' id='word_1_783' title='bbox 3716 4306 4063 4385; x_wconf 60' lang='grc' dir='ltr'>ίεπηρεασταὶ</span> 
     </span>
    </p>
   </div>
   <div class='ocr_carea' id='block_1_102' title="bbox 2470 4399 4063 4484">
    <p class='ocr_par' dir='ltr' id='par_1_102' title="bbox 2470 4399 4063 4484">
     <span class='ocr_line' id='line_1_102' title="bbox 2470 4399 4063 4484; baseline -0.012 -15"><span class='ocrx_word' id='word_1_784' title='bbox 2470 4415 2777 4484; x_wconf 72' lang='grc' dir='ltr'>ἀνθρωττοι,</span> <span class='ocrx_word' id='word_1_785' title='bbox 2812 4412 2861 4465; x_wconf 84' lang='lat' dir='ltr'><strong>0i</strong></span> <span class='ocrx_word' id='word_1_786' title='bbox 2897 4410 3005 4463; x_wconf 82' lang='grc' dir='ltr'>ἀπὸ</span> <span class='ocrx_word' id='word_1_787' title='bbox 3042 4407 3143 4478; x_wconf 79' lang='grc' dir='ltr'>τῆς</span> <span class='ocrx_word' id='word_1_788' title='bbox 3181 4404 3439 4476; x_wconf 84' lang='grc' dir='ltr'>τοιαύτης</span> <span class='ocrx_word' id='word_1_789' title='bbox 3482 4403 3683 4474; x_wconf 84' lang='grc' dir='ltr'>βροχῆς</span> <span class='ocrx_word' id='word_1_790' title='bbox 3716 4399 4063 4470; x_wconf 79' lang='grc' dir='ltr'>πληθυνὸμε-</span> 
     </span>
    </p>
   </div>
   <div class='ocr_carea' id='block_1_103' title="bbox 2472 4491 4062 4571">
    <p class='ocr_par' dir='ltr' id='par_1_103' title="bbox 2472 4491 4062 4571">
     <span class='ocr_line' id='line_1_103' title="bbox 2472 4491 4062 4571; baseline -0.01 -12"><span class='ocrx_word' id='word_1_791' title='bbox 2472 4524 2573 4571; x_wconf 89' lang='grc' dir='ltr'>νοι,</span> <span class='ocrx_word' id='word_1_792' title='bbox 2596 4503 2721 4558; x_wconf 80' lang='grc' dir='ltr'>οὔτε</span> <span class='ocrx_word' id='word_1_793' title='bbox 2754 4504 2803 4556; x_wconf 92' lang='grc' dir='ltr'><strong>οἰ</strong></span> <span class='ocrx_word' id='word_1_794' title='bbox 2835 4501 3048 4568; x_wconf 78' lang='grc' dir='ltr'>ἄνεμοι,</span> <span class='ocrx_word' id='word_1_795' title='bbox 3079 4501 3149 4552; x_wconf 83' lang='grc' dir='ltr'>τὰ</span> <span class='ocrx_word' id='word_1_796' title='bbox 3180 4496 3470 4568; x_wconf 83' lang='grc' dir='ltr'>πνεύματα</span> <span class='ocrx_word' id='word_1_797' title='bbox 3498 4495 3599 4564; x_wconf 83' lang='grc' dir='ltr'>τῆς</span> <span class='ocrx_word' id='word_1_798' title='bbox 3641 4493 3927 4563; x_wconf 83' lang='grc' dir='ltr'>πονηρίας.</span> <span class='ocrx_word' id='word_1_799' title='bbox 3960 4491 4062 4544; x_wconf 75' lang='grc' dir='ltr'>καὶ</span> 
     </span>
    </p>
   </div>
   <div class='ocr_carea' id='block_1_104' title="bbox 2395 4582 4063 4664">
    <p class='ocr_par' dir='ltr' id='par_1_104' title="bbox 2395 4582 4063 4664">
     <span class='ocr_line' id='line_1_104' title="bbox 2395 4582 4063 4664; baseline -0.011 -10"><span class='ocrx_word' id='word_1_800' title='bbox 2395 4582 2447 4642; x_wconf 72' lang='grc' dir='ltr'><strong>θ</strong></span> <span class='ocrx_word' id='word_1_801' title='bbox 2475 4596 2661 4660; x_wconf 81' lang='grc' dir='ltr'>ἁπλῶς</span> <span class='ocrx_word' id='word_1_802' title='bbox 2686 4595 2961 4658; x_wconf 81' lang='grc' dir='ltr'>πάντεςυοί</span> <span class='ocrx_word' id='word_1_803' title='bbox 2986 4591 3308 4664; x_wconf 74' lang='grc' dir='ltr'>πειρασμοί,</span> <span class='ocrx_word' id='word_1_804' title='bbox 3338 4592 3430 4642; x_wconf 81' lang='grc' dir='ltr'><strong>τδν</strong></span> <span class='ocrx_word' id='word_1_805' title='bbox 3447 4584 3763 4656; x_wconf 80' lang='grc' dir='ltr'>τοιοῦτονιοὺ</span> <span class='ocrx_word' id='word_1_806' title='bbox 3798 4584 4063 4638; x_wconf 85' lang='grc' dir='ltr'>δύνανται</span> 
     </span>
    </p>
   </div>
   <div class='ocr_carea' id='block_1_105' title="bbox 2478 4689 2835 4746">
    <p class='ocr_par' dir='ltr' id='par_1_105' title="bbox 2478 4689 2835 4746">
     <span class='ocr_line' id='line_1_105' title="bbox 2478 4689 2835 4746; baseline -0.011 0"><span class='ocrx_word' id='word_1_807' title='bbox 2478 4689 2835 4746; x_wconf 73' lang='grc' dir='ltr'>καταϐαλεῖν.</span> 
     </span>
    </p>
   </div>
   <div class='ocr_carea' id='block_1_106' title="bbox 2557 4770 4062 4846">
    <p class='ocr_par' dir='ltr' id='par_1_106' title="bbox 2557 4770 4062 4846">
     <span class='ocr_line' id='line_1_106' title="bbox 2557 4770 4062 4846; baseline -0.008 -11"><span class='ocrx_word' id='word_1_808' title='bbox 2557 4800 2576 4835; x_wconf 72' lang='grc' dir='ltr'><strong>ι</strong></span> <span class='ocrx_word' id='word_1_809' title='bbox 2608 4781 2721 4835; x_wconf 75' lang='grc' dir='ltr'><strong>Καὶ</strong></span> <span class='ocrx_word' id='word_1_810' title='bbox 2752 4781 2861 4843; x_wconf 77' lang='grc' dir='ltr'>πᾶς</span> <span class='ocrx_word' id='word_1_811' title='bbox 2910 4779 2939 4833; x_wconf 87' lang='lat'><strong>6</strong></span> <span class='ocrx_word' id='word_1_812' title='bbox 2988 4777 3206 4832; x_wconf 77' lang='grc' dir='ltr'>ἀκούων</span> <span class='ocrx_word' id='word_1_813' title='bbox 3248 4792 3350 4846; x_wconf 91' lang='grc' dir='ltr'><strong>μου</strong></span> <span class='ocrx_word' id='word_1_814' title='bbox 3383 4775 3511 4836; x_wconf 73' lang='grc' dir='ltr'>τοὺς</span> <span class='ocrx_word' id='word_1_815' title='bbox 3557 4772 3753 4841; x_wconf 89' lang='grc' dir='ltr'>λόγους</span> <span class='ocrx_word' id='word_1_816' title='bbox 3809 4770 4062 4835; x_wconf 84' lang='grc' dir='ltr'>τούτους,</span> 
     </span>
    </p>
   </div>
   <div class='ocr_carea' id='block_1_107' title="bbox 2477 4863 4065 4943">
    <p class='ocr_par' dir='ltr' id='par_1_107' title="bbox 2477 4863 4065 4943">
     <span class='ocr_line' id='line_1_107' title="bbox 2477 4863 4065 4943; baseline -0.01 -12"><span class='ocrx_word' id='word_1_817' title='bbox 2477 4873 2574 4931; x_wconf 67' lang='grc' dir='ltr'>καὶ</span> <span class='ocrx_word' id='word_1_818' title='bbox 2627 4873 2702 4943; x_wconf 81' lang='grc' dir='ltr'>μὴ</span> <span class='ocrx_word' id='word_1_819' title='bbox 2738 4869 2909 4925; x_wconf 69' lang='grc' dir='ltr'>τωιῶν</span> <span class='ocrx_word' id='word_1_820' title='bbox 2965 4869 3186 4936; x_wconf 80' lang='grc' dir='ltr'>αὐτοὺς,</span> <span class='ocrx_word' id='word_1_821' title='bbox 3220 4866 3616 4937; x_wconf 75' lang='grc' dir='ltr'>ὁμοιωθήσεται</span> <span class='ocrx_word' id='word_1_822' title='bbox 3660 4864 3816 4935; x_wconf 87' lang='grc' dir='ltr'>ἀνδρί</span> <span class='ocrx_word' id='word_1_823' title='bbox 3867 4863 4065 4933; x_wconf 81' lang='grc' dir='ltr'>μωρῷ,</span> 
     </span>
    </p>
   </div>
   <div class='ocr_carea' id='block_1_108' title="bbox 2475 4956 4062 5033">
    <p class='ocr_par' dir='ltr' id='par_1_108' title="bbox 2475 4956 4062 5033">
     <span class='ocr_line' id='line_1_108' title="bbox 2475 4956 4062 5033; baseline -0.005 -14"><span class='ocrx_word' id='word_1_824' title='bbox 2475 4967 2627 5029; x_wconf 82' lang='grc' dir='ltr'>ὅστις</span> <span class='ocrx_word' id='word_1_825' title='bbox 2658 4961 2984 5033; x_wconf 79' lang='grc' dir='ltr'>ᾠκοδόμησε</span> <span class='ocrx_word' id='word_1_826' title='bbox 3036 4962 3143 5033; x_wconf 75' lang='grc' dir='ltr'>τὴν</span> <span class='ocrx_word' id='word_1_827' title='bbox 3196 4958 3377 5013; x_wconf 84' lang='grc' dir='ltr'>οἰκίαν</span> <span class='ocrx_word' id='word_1_828' title='bbox 3400 4958 3566 5013; x_wconf 77' lang='grc' dir='ltr'>αὐτοῦ</span> <span class='ocrx_word' id='word_1_829' title='bbox 3598 4958 3693 5013; x_wconf 68' lang='grc' dir='ltr'>ἰπὶ</span> <span class='ocrx_word' id='word_1_830' title='bbox 3720 4956 4062 5029; x_wconf 79' lang='grc' dir='ltr'>τὴνάμμον.</span> 
     </span>
    </p>
   </div>
   <div class='ocr_carea' id='block_1_109' title="bbox 2473 5046 4067 5125">
    <p class='ocr_par' dir='ltr' id='par_1_109' title="bbox 2473 5046 4067 5125">
     <span class='ocr_line' id='line_1_109' title="bbox 2473 5046 4067 5125; baseline -0.008 -13"><span class='ocrx_word' id='word_1_831' title='bbox 2473 5057 2569 5112; x_wconf 74' lang='grc' dir='ltr'>καὶ</span> <span class='ocrx_word' id='word_1_832' title='bbox 2593 5048 2801 5125; x_wconf 58' lang='lat' dir='ltr'><strong>mm</strong></span> <span class='ocrx_word' id='word_1_833' title='bbox 2837 5054 2864 5125; x_wconf 71' lang='grc' dir='ltr'>ἡ</span> <span class='ocrx_word' id='word_1_834' title='bbox 2903 5052 3097 5125; x_wconf 75' lang='grc' dir='ltr'>βροχὴ,</span> <span class='ocrx_word' id='word_1_835' title='bbox 3162 5052 3258 5107; x_wconf 80' lang='grc' dir='ltr'><strong>καί</strong></span> <span class='ocrx_word' id='word_1_836' title='bbox 3318 5046 3485 5121; x_wconf 72' lang='grc' dir='ltr'>ἦλθον</span> <span class='ocrx_word' id='word_1_837' title='bbox 3545 5051 3594 5103; x_wconf 85' lang='grc' dir='ltr'><strong>οἰ</strong></span> <span class='ocrx_word' id='word_1_838' title='bbox 3655 5049 3911 5118; x_wconf 74' lang='grc' dir='ltr'>ποταμοὶ.</span> <span class='ocrx_word' id='word_1_839' title='bbox 3969 5046 4067 5101; x_wconf 74' lang='grc' dir='ltr'>καὶ</span> 
     </span>
    </p>
   </div>
   <div class='ocr_carea' id='block_1_110' title="bbox 2478 5130 4064 5216">
    <p class='ocr_par' dir='ltr' id='par_1_110' title="bbox 2478 5130 4064 5216">
     <span class='ocr_line' id='line_1_110' title="bbox 2478 5130 4064 5216; baseline -0.007 -13"><span class='ocrx_word' id='word_1_840' title='bbox 2478 5149 2750 5203; x_wconf 70' lang='grc' dir='ltr'>ἔπνευσαν</span> <span class='ocrx_word' id='word_1_841' title='bbox 2764 5148 2813 5199; x_wconf 92' lang='grc' dir='ltr'><strong>οἰ</strong></span> <span class='ocrx_word' id='word_1_842' title='bbox 2840 5146 3054 5216; x_wconf 74' lang='grc' dir='ltr'>ἄνεμοι,</span> <span class='ocrx_word' id='word_1_843' title='bbox 3082 5144 3176 5198; x_wconf 77' lang='grc' dir='ltr'><strong>καί</strong></span> <span class='ocrx_word' id='word_1_844' title='bbox 3198 5130 3547 5215; x_wconf 65' lang='grc' dir='ltr'>προσέκοψαν</span> <span class='ocrx_word' id='word_1_845' title='bbox 3579 5144 3646 5211; x_wconf 76' lang='grc' dir='ltr'>τῇ</span> <span class='ocrx_word' id='word_1_846' title='bbox 3678 5140 3829 5212; x_wconf 86' lang='grc' dir='ltr'>οἰκίᾳ</span> <span class='ocrx_word' id='word_1_847' title='bbox 3854 5139 4064 5212; x_wconf 65' lang='grc' dir='ltr'>ἐκείνῃ,</span> 
     </span>
    </p>
   </div>
   <div class='ocr_carea' id='block_1_111' title="bbox 2476 5227 4066 5308">
    <p class='ocr_par' dir='ltr' id='par_1_111' title="bbox 2476 5227 4066 5308">
     <span class='ocr_line' id='line_1_111' title="bbox 2476 5227 4066 5308; baseline -0.006 -16"><span class='ocrx_word' id='word_1_848' title='bbox 2476 5239 2571 5293; x_wconf 79' lang='grc' dir='ltr'>καὶ</span> <span class='ocrx_word' id='word_1_849' title='bbox 2596 5238 2786 5301; x_wconf 73' lang='grc' dir='ltr'>ἔπεσε,</span> <span class='ocrx_word' id='word_1_850' title='bbox 2805 5236 2900 5291; x_wconf 76' lang='grc' dir='ltr'>καὶ</span> <span class='ocrx_word' id='word_1_851' title='bbox 3026 5234 3065 5306; x_wconf 61' lang='grc' dir='ltr'><strong>ἢ</strong></span> <span class='ocrx_word' id='word_1_852' title='bbox 3090 5234 3313 5297; x_wconf 80' lang='grc' dir='ltr'>πτῶσις.</span> <span class='ocrx_word' id='word_1_853' title='bbox 3343 5233 3516 5303; x_wconf 79' lang='grc' dir='ltr'>αὐτῆς</span> <span class='ocrx_word' id='word_1_854' title='bbox 3546 5231 3821 5302; x_wconf 72' lang='grc' dir='ltr'>μεγάλη.)</span> <span class='ocrx_word' id='word_1_855' title='bbox 3852 5232 3968 5285; x_wconf 78' lang='grc' dir='ltr'>Οὐκ</span> <span class='ocrx_word' id='word_1_856' title='bbox 3986 5227 4066 5284; x_wconf 76' lang='grc' dir='ltr'>εἰ·</span> 
     </span>
    </p>
   </div>
   <div class='ocr_carea' id='block_1_112' title="bbox 2475 5319 4065 5398">
    <p class='ocr_par' dir='ltr' id='par_1_112' title="bbox 2475 5319 4065 5398">
     <span class='ocr_line' id='line_1_112' title="bbox 2475 5319 4065 5398; baseline -0.005 -15"><span class='ocrx_word' id='word_1_857' title='bbox 2475 5347 2599 5394; x_wconf 85' lang='grc' dir='ltr'>πεν,</span> <span class='ocrx_word' id='word_1_858' title='bbox 2618 5326 2906 5398; x_wconf 84' lang='grc' dir='ltr'>Ὀμοιώσω</span> <span class='ocrx_word' id='word_1_859' title='bbox 2919 5328 3104 5395; x_wconf 82' lang='grc' dir='ltr'>αὑτὸν,</span> <span class='ocrx_word' id='word_1_860' title='bbox 3121 5326 3262 5391; x_wconf 65' lang='grc' dir='ltr'>ἀλλ’,</span> <span class='ocrx_word' id='word_1_861' title='bbox 3276 5325 3711 5396; x_wconf 70' lang='grc' dir='ltr'>Ὀμοιωθήσεται</span> <span class='ocrx_word' id='word_1_862' title='bbox 3726 5322 3818 5393; x_wconf 81' lang='grc' dir='ltr'>ἀφ’</span> <span class='ocrx_word' id='word_1_863' title='bbox 3841 5319 4065 5389; x_wconf 76' lang='grc' dir='ltr'>ἑαυτοῦ,</span> 
     </span>
    </p>
   </div>
   <div class='ocr_carea' id='block_1_113' title="bbox 2484 5409 4071 5493">
    <p class='ocr_par' dir='ltr' id='par_1_113' title="bbox 2484 5409 4071 5493">
     <span class='ocr_line' id='line_1_113' title="bbox 2484 5409 4071 5493; baseline -0.003 -19"><span class='ocrx_word' id='word_1_864' title='bbox 2484 5422 2675 5493; x_wconf 87' lang='grc' dir='ltr'>μωρῷ,</span> <span class='ocrx_word' id='word_1_865' title='bbox 2711 5423 2917 5485; x_wconf 72' lang='grc' dir='ltr'>ἐκεῖνος</span> <span class='ocrx_word' id='word_1_866' title='bbox 2944 5421 3003 5485; x_wconf 84' lang='grc' dir='ltr'>ὃς</span> <span class='ocrx_word' id='word_1_867' title='bbox 3027 5418 3277 5475; x_wconf 73' lang='grc' dir='ltr'>πιστεύοι</span> <span class='ocrx_word' id='word_1_868' title='bbox 3300 5420 3425 5489; x_wconf 67' lang='grc' dir='ltr'>μιν,</span> <span class='ocrx_word' id='word_1_869' title='bbox 3448 5419 3512 5472; x_wconf 74' lang='grc' dir='ltr'>οὐ</span> <span class='ocrx_word' id='word_1_870' title='bbox 3540 5417 3776 5489; x_wconf 81' lang='grc' dir='ltr'>πράττει</span> <span class='ocrx_word' id='word_1_871' title='bbox 3811 5417 3891 5471; x_wconf 77' lang='grc' dir='ltr'><strong>δέ’</strong></span> <span class='ocrx_word' id='word_1_872' title='bbox 3909 5409 4071 5480; x_wconf 67' lang='grc' dir='ltr'>οὗτος</span> 
     </span>
    </p>
   </div>
   <div class='ocr_carea' id='block_1_114' title="bbox 2481 5504 4066 5582">
    <p class='ocr_par' dir='ltr' id='par_1_114' title="bbox 2481 5504 4066 5582">
     <span class='ocr_line' id='line_1_114' title="bbox 2481 5504 4066 5582; baseline -0.005 -16"><span class='ocrx_word' id='word_1_873' title='bbox 2481 5508 2575 5566; x_wconf 83' lang='grc' dir='ltr'>οὖν</span> <span class='ocrx_word' id='word_1_874' title='bbox 2608 5513 2701 5567; x_wconf 68' lang='grc' dir='ltr'><strong>ἐπὶ</strong></span> <span class='ocrx_word' id='word_1_875' title='bbox 2725 5511 2955 5582; x_wconf 80' lang='grc' dir='ltr'>ψάμμου</span> <span class='ocrx_word' id='word_1_876' title='bbox 2999 5512 3199 5577; x_wconf 77' lang='grc' dir='ltr'>κτίζει,</span> <span class='ocrx_word' id='word_1_877' title='bbox 3225 5510 3321 5564; x_wconf 69' lang='grc' dir='ltr'><strong>ἐπὶ</strong></span> <span class='ocrx_word' id='word_1_878' title='bbox 3370 5508 3706 5581; x_wconf 77' lang='grc' dir='ltr'>σαθρότητος</span> <span class='ocrx_word' id='word_1_879' title='bbox 3725 5505 3835 5560; x_wconf 86' lang='grc' dir='ltr'><strong>τῶν</strong></span> <span class='ocrx_word' id='word_1_880' title='bbox 3863 5504 4066 5577; x_wconf 64' lang='grc' dir='ltr'>ἔργων.</span> 
     </span>
    </p>
   </div>
   <div class='ocr_carea' id='block_1_115' title="bbox 2484 5594 4069 5674">
    <p class='ocr_par' dir='ltr' id='par_1_115' title="bbox 2484 5594 4069 5674">
     <span class='ocr_line' id='line_1_115' title="bbox 2484 5594 4069 5674; baseline -0.005 -16"><span class='ocrx_word' id='word_1_881' title='bbox 2484 5604 2582 5659; x_wconf 86' lang='grc' dir='ltr'>Διά</span> <span class='ocrx_word' id='word_1_882' title='bbox 2605 5604 2764 5659; x_wconf 74' lang='grc' dir='ltr'>τοῦτο</span> <span class='ocrx_word' id='word_1_883' title='bbox 2799 5605 2893 5658; x_wconf 83' lang='grc' dir='ltr'><strong>καί</strong></span> <span class='ocrx_word' id='word_1_884' title='bbox 2924 5604 3028 5658; x_wconf 80' lang='grc' dir='ltr'><strong>ὑπὸ</strong></span> <span class='ocrx_word' id='word_1_885' title='bbox 3048 5604 3159 5659; x_wconf 89' lang='grc' dir='ltr'><strong>τῶν</strong></span> <span class='ocrx_word' id='word_1_886' title='bbox 3191 5601 3516 5674; x_wconf 82' lang='grc' dir='ltr'>πειρασμῶν</span> <span class='ocrx_word' id='word_1_887' title='bbox 3550 5598 3765 5653; x_wconf 83' lang='grc' dir='ltr'>πίπτει·</span> <span class='ocrx_word' id='word_1_888' title='bbox 3797 5598 3929 5652; x_wconf 78' lang='grc' dir='ltr'>ὅταν</span> <span class='ocrx_word' id='word_1_889' title='bbox 3958 5594 4069 5669; x_wconf 76' lang='grc' dir='ltr'>γὰρ</span> 
     </span>
    </p>
   </div>
   <div class='ocr_carea' id='block_1_116' title="bbox 2484 5688 4069 5779">
    <p class='ocr_par' dir='ltr' id='par_1_116' title="bbox 2484 5688 4069 5779">
     <span class='ocr_line' id='line_1_116' title="bbox 2484 5688 4069 5779; baseline -0.006 -28"><span class='ocrx_word' id='word_1_890' title='bbox 2484 5696 2795 5767; x_wconf 77' lang='grc' dir='ltr'>προσκόψῃ,</span> <span class='ocrx_word' id='word_1_891' title='bbox 2831 5697 3099 5765; x_wconf 76' lang='grc' dir='ltr'>τοῦτέστι,</span> <span class='ocrx_word' id='word_1_892' title='bbox 3146 5692 3503 5767; x_wconf 76' lang='grc' dir='ltr'>προσκρούσῃ</span> <span class='ocrx_word' id='word_1_893' title='bbox 3548 5688 3698 5763; x_wconf 84' lang='grc' dir='ltr'>αὑτῷ</span> <span class='ocrx_word' id='word_1_894' title='bbox 3736 5688 4069 5779; x_wconf 68' lang='grc' dir='ltr'>πειρασμὸς,</span> 
     </span>
    </p>
   </div>
  </div>
