4288 6444
281 419 386 487 231

885 418 1330 484 ENARBATIO
1357 418 1444 482 IN
1483 416 1901 482 EVANGELII

2019 414 2414 478 ΜΑΤΤΗᾸΞΙ.
2456 435 2520 452 -
2552 411 2717 474 CAP.
2754 408 2926 473 VIII.

3459 377 3598 470 ἢ,

359 554 378 587 ι
415 536 525 590 Καὶ
578 517 800 588 nonis
833 536 1043 609 Ἰησοῦς
1086 535 1170 598 είς
1229 535 1333 604 τήν
1394 531 1574 586 οὶκίαν
1626 530 1901 601 Πίτρου,,

2045 525 2213 583 Vens.
2250 527 2338 592 Ν,
2374 526 2459 580 15.
2503 544 2523 577 ε
2566 523 2633 577 Et
2662 523 2940 592 ingressus
2966 515 3126 572 Iesus
3148 517 3203 572 in
3229 517 3456 573 domum
3478 518 3584 574 Pe-
3610 589 3612 593 ν

277 620 392 680 εἶδε
420 626 522 694 τὴν
555 623 828 694 πενθερὰν
849 615 1016 679 αὺτοῦ
1048 623 1396 697 βεϐλημένην
1431 624 1528 678 καὶ
1556 620 1875 691 πυρέσσουο

280 733 408 771 σαν.
460 716 571 771 Καὶ
628 715 807 788 ήψατο
852 718 955 787 τῆς
1011 717 1196 788 χειρὸς
1253 716 1450 786 αὐτῆς,
1516 716 1612 769 καὶ
1659 713 1876 783 ἀφῆκεν

279 807 458 878 αὐτὴν
493 809 521 861 6
553 806 811 877 πυρετός.
837 807 950 861 Καὶ
978 806 1189 879 ἠγέρθη
1219 807 1314 885 καὶ
1333 805 1574 877 διηκόνει
1606 805 1814 864 αὐτοῖς.
1848 820 1868 854 ι

281 897 550 970 Εἰσῆλθεν
574 899 654 964 είς
682 898 782 970 τὴν
810 900 1018 972 Πέτρου
1043 899 1222 954 οὶκίαν
1249 897 1414 952 διὰτὸ
1444 897 1660 967 φαγεῖν.
1700 893 1875 965 Ἀψά-

286 1006 453 1062 μενος
474 989 531 1044 δι
564 990 668 1060 τῆς
698 989 909 1061 χειρὸς,
928 990 992 1044 ού
1036 988 1199 1060 μόνον
1229 987 1323 1042 τὸν
1361 986 1598 1058 πυρετὸν
1630 985 1876 1050 ἔσϐεσεν,

283 1081 424 1137 ἀλλά
451 1081 548 1135 καὶ
575 1081 825 1151 καθαρὰν
845 1081 1036 1150 ὑγείαν
1062 1079 1318 1134 ἀπέδωκε
1355 1081 1424 1149 τῇ
1452 1077 1700 1146 γυναικὶ,
1734 1075 1878 1130 ὥστε

283 1175 381 1229 καὶ
413 1174 513 1245 τὴν
535 1173 766 1244 δύναμιν
811 1172 1131 1228 ἐπανελθεῖν
1162 1173 1258 1226 καὶ
1300 1170 1518 1242 ἰσχύσαι
1580 1170 1878 1223 διακονεῖν.

283 1267 480 1320 Καίτοι
515 1267 676 1337 τσμεν
710 1267 796 1321 ὅτι
848 1266 1018 1330 πολὺς
1060 1265 1255 1338 χρόνος
1279 1266 1361 1329 είς
1391 1264 1710 1334 ἀνάρῤωσιν
1765 1264 1879 1324 τοῖς

283 1356 505 1413 νοσοῦσι
530 1360 970 1429 παρεκτείνεται.
995 1357 1117 1412 Τῶν
1152 1356 1330 1411 ἀλλων
1381 1355 1439 1410 δὲ
1471 1353 1879 1423 εὑαγγελιστῶν

285 1449 556 1501 εἰπόντων
592 1450 678 1501 ὅτι
719 1447 1106 1518 παρεκάλεσαν
1166 1446 1354 1510 αὐτὸν,
1379 1446 1476 1499 καὶ
1506 1444 1652 1498 οὕτω
1672 1443 1880 1514 ταύτην

284 1543 680 1612 ἐθεράπευσεν,
717 1543 745 1594 6
768 1539 1054 1602 Ματθαῖος
1077 1538 1178 1593 οὒκ
1209 1532 1334 1592 εἷπε
1367 1534 1549 1602 τοῦτο,
1582 1534 1880 1605 συντομίας

284 1635 604 1705 ςροντίσας.
629 1630 796 1689 Εἶπον
823 1633 932 1702 γάρ
950 1649 1034 1686 σοι
1074 1630 1512 1701 καὶάρχόμενος,
1551 1628 1634 1680 ὅτι
1667 1627 1695 1679 6
1730 1643 1879 1699 παρ-

284 1728 474 1781 άλιπεν
525 1721 696 1791 οὗτος,
737 1726 884 1796 λέγει
921 1725 1114 1788 ἄλλος’
1159 1724 1299 1796 μάθε
1345 1723 1400 1777 δι
1458 1724 1552 1775 καὶ
1587 1722 1670 1777 ὅτι
1704 1721 1733 1774 ό
1783 1721 1883 1787 γά-

1982 622 2073 684 tri.
2111 622 2244 676 vidit
2290 633 2511 674 socrum
2563 618 2682 688 ejus
2736 615 3160 672 decumbentem
3192 611 3586 667 ctl’ebricltsn-

1980 722 2112 777 tem,
2143 709 2429 780 tetigitque
2485 722 2704 761 manum
2759 705 2926 770 illius,
2958 714 3011 759 et
3040 702 3267 771 reliquit
3297 702 3446 756 illaut
3493 704 3584 767 ,Γο-

1979 804 2094 859 bris
2125 820 2139 856 :
2167 810 2222 858 et
2245 801 2507 865 surrexit,
2543 815 2608 854 ac
2643 797 2982 852 ministravit
3036 797 3166 851 illis.
3203 815 3220 848 ι
3258 794 3489 849 Intravit
3528 795 3582 849 in

1980 896 2198 949 domum
2232 891 2401 958 Petri,
2444 900 2503 945 ut
2535 889 2849 945 comederet
2901 907 2920 942 ε
2960 901 3016 944 et
3051 888 3333 958 attingens
3360 902 3583 942 manum

1979 985 2119 1053 ejus,
2157 1000 2266 1038 non
2305 983 2482 1038 solum
2517 980 2714 1036 febrim
2743 981 3033 1043 exstinxit,
3067 981 3162 1034 sed
3189 990 3246 1034 et
3295 979 3585 1033 sanitatem

1984 1078 2254 1148 integram
2283 1075 2557 1147 praestitit,
2591 1075 2664 1128 ita
2695 1083 2753 1128 ut
2785 1073 3022 1141 receptis
3051 1070 3258 1125 viribus
3282 1070 3450 1124 etiam
3485 1069 3587 1123 mi-

1983 1171 2222 1226 nistrare
2254 1168 2480 1222 valeret.
2517 1165 2736 1221 Scimus
2771 1163 2972 1230 alioqui
2996 1163 3167 1216 multo
3193 1166 3282 1216 vix
3341 1171 3586 1229 tempore

1982 1261 2433 1318 convalescentes
2487 1256 2825 1313 conﬁrmari.
2889 1257 3026 1316 Cum
3084 1255 3174 1309 alii
3235 1254 3590 1323 euangelista:

1983 1355 2167 1409 dicant
2188 1352 2331 1421 quod
2362 1349 2706 1405 obsecrarint
2731 1363 2880 1412 eum,
2913 1357 2966 1402 et
2995 1349 3076 1401 sic
3101 1356 3293 1401 curata
3331 1346 3423 1409 sit,
3453 1343 3588 1397 Mal-

1986 1449 2158 1503 tltazus
2179 1449 2280 1501 hoc
2325 1445 2612 1499 brevitatis
2667 1445 2934 1498 rationem
2963 1442 3174 1496 habens
3213 1439 3590 1508 prastermisit.

1985 1539 2241 1615 Dicebam
2276 1539 2422 1592 enim
2458 1537 2556 1592 tibi
2579 1537 2634 1590 in
2663 1536 2958 1607 principio,
2995 1535 3162 1588 alium
3200 1535 3404 1592 dicere,
3445 1533 3592 1600 quod

1984 1628 2124 1682 alius
2151 1626 2263 1699 ω
2288 1625 2510 1680 omittit.
2535 1623 2710 1679 Porro
2734 1625 2884 1679 disce
2906 1624 2995 1677 hic
3030 1623 3171 1691 quod
3201 1623 3401 1689 nuptias
3425 1634 3530 1673 non
3564 1634 3592 1671 a

1985 1721 2185 1775 virtute
2217 1720 2507 1791 prohibent
2539 1735 2554 1773 :
2592 1719 2845 1791 princeps
2893 1719 3040 1773 enitr.
3097 1716 3472 1787 apostolorum
3505 1730 3594 1768 so-

284 1835 387 1888 μος
417 1818 572 1871 οὐδὲν
590 1818 794 1872 κωλύει
833 1819 934 1889 τὴν
965 1817 1190 1888 ἀρετὴν,
1221 1817 1250 1870 6
1275 1815 1387 1888 γάρ
1438 1816 1744 1886 κορυφαῖος
1768 1812 1880 1865 τῶν

2005 1829 2143 1869 :rum
2181 1815 2393 1870 habuit.

280 1911 603 1965 ἀποστόλων
631 1909 902 1982 πενθερὰν
939 1907 1108 1980 εῐχεν.

364 2021 385 2055 ε
431 2002 621 2082 Ὀψίας
655 2003 711 2056 ὁὶ
745 2003 1070 2074 γενομένης,
1097 2001 1481 2072 προσήνεγκαν
1516 1997 1667 2068 αὐτῷ
1702 1999 1886 2068 δαιμο-

283 2097 601 2165 νιζομένους
632 2094 882 2160 πολλοὺς,
923 2096 1019 2148 καὶ
1038 2093 1263 2158 ἐξέϐαλε
1284 2093 1353 2146 τὰ
1379 2091 1670 2160 πνεύματα
1699 2090 1871 2160 λόγῳ,

281 2191 381 2243 xxi
411 2190 620 2253 πάντας
643 2190 771 2252 τοὺς
797 2188 981 2252 κακῶς
1014 2186 1242 2257 ἔχοντας
1307 2184 1705 2255 ἐθεράπευσεν,
1735 2184 1886 2246 ὅπως

283 2286 552 2356 πληρωθῇ
611 2285 670 2339 τὸ
705 2284 876 2356 ῥηθὲν
904 2284 991 2338 διὰ
1031 2284 1257 2337 Ἡσαΐου
1307 2281 1402 2335 τοῦ
1461 2281 1768 2354 προφήτου,
1799 2278 1888 2332 λέ-

282 2397 474 2451 γοντος
518 2396 531 2408 ·
565 2379 738 2444 Αὐτὸς
787 2379 888 2443 τὰς
923 2377 1214 2441 ἀσθενείας
1251 2376 1407 2448 ήμῶν
1432 2374 1616 2440 ἔλαϐε,
1648 2373 1744 2427 καὶ
1787 2374 1888 2436 τὰς

281 2473 474 2536 νόσους
494 2471 817 2526 ἐϐάστασεν.
857 2489 876 2522 ι
923 2469 1116 2539 Ὀψίας
1151 2470 1247 2522 καὶ¹
1296 2468 1447 2538 παρά
1477 2467 1673 2538 καιρὸν
1709 2482 1888 2536 προσ-

281 2566 420 2638 ῆγον
487 2565 615 2629 τοὺς
673 2562 1018 2634 ἀρρώστους,
1054 2559 1221 2624 αὐτὸς
1257 2558 1314 2612 δὲ
1368 2555 1751 2628 φιλάνθρωπος
1814 2553 1890 2608 ὢν

281 2661 622 2732 ἀθεράπευσε
649 2657 880 2720 πάντας.
902 2651 1036 2708 Εἶτα
1057 2653 1146 2708 ῖνα
1167 2653 1242 2724 μὴ
1265 2652 1597 2723 ἀπιστήσῃς,
1618 2648 1739 2714 πῶς
1761 2664 1892 2701 τοσ-

282 2755 427 2811 αῦτα
463 2755 747 2824 νοσήματα
814 2753 873 2803 ὲν
931 2749 1126 2819 βραχεῖ
1173 2745 1600 2823 ἐθεραπεύοντο,
1647 2741 1891 2814 παράγει

281 2849 379 2903 τὸν
419 2848 653 2902 Ἦσαῖαν
677 2842 1090 2915 μαρτυροῦντα.
1108 2839 1370 2906 Kairoth
1388 2839 1416 2890 6
1437 2835 1731 2907 προφήτης
1762 2832 1892 2904 περὶ

283 2943 575 3015 ἁμαρτιῶν
633 2939 793 2993 τοῦτο
841 2937 1013 3006 λέγει,
1047 2937 1076 2989 6
1125 2932 1409 2993 Ματθαίος
1438 2930 1495 2983 δὲ
1548 2929 1680 2999 περὶ
1738 2944 1898 2997 νοση-

287 3035 478 3108 μάτων
504 3032 638 3087 αὐτὸ
667 3031 908 3094 τέθεικε,
933 3028 1031 3082 καὶ
1063 3025 1174 3098 γὰρ
1221 3024 1289 3078 τά
1323 3023 1495 3076 πλείω
1521 3020 1584 3085 ἐξ
1639 3019 1898 3090 ἁμαρτη-

286 3131 479 3202 μάτων
510 3128 774 3195 γίνονται.

367 3241 388 3274 ε
447 3218 592 3274 ’Ῑιῑὼν
615 3217 671 3270 δὲ
704 3217 733 3269 6
768 3209 980 3285 Ἰησοῦς
1028 3210 1262 3273 πολλοὺς
1291 3207 1486 3279 ὀχλους
1516 3205 1646 3276 περὶ
1705 3202 1892 3268 αὑτὸν,
1925 3226 1971 3290 C

286 3315 579 3369 ικὲλευσεν
603 3308 863 3364 ἀπελθεῖν
889 3307 972 3369 είς
1011 3304 1072 3358 τὸ
1124 3302 1325 3372 πέραν.
1368 3320 1384 3352 ι
1414 3299 1489 3353 Ού
1514 3300 1625 3368 γάρ
1649 3293 1716 3368 ἦν
1749 3295 1900 3366 φιλόο

287 3407 466 3472 δοξος.
499 3404 618 3476 ἅμα
647 3402 707 3457 δὲ
753 3401 851 3454 καὶ
881 3398 991 3453 τῶν
1029 3396 1301 3452 Ἰουδαίων
1335 3394 1428 3447 τὸν
1483 3391 1681 3461 φθόνον
1712 3388 1900 3443 ικκλί-

289 3519 424 3556 νων.

374 3610 395 3643 ι
436 3591 547 3645 Kal.
596 3584 914 3660 προσελθὼν
960 3574 1042 3645 εἷς
1094 3575 1488 3651 γραμματεὺς,
1523 3570 1677 3626 εἶπεν
1726 3569 1897 3640 αὐτῷ’

289 3682 622 3745 Διδάσκαλε,
659 3676 1018 3746 ἀκολουθήσω
1062 3689 1166 3734 σοι,
1203 3672 1340 3725 ὅπου
1383 3669 1478 3721 ιάν
1510 3667 1756 3737 ἀπέρχῃ.
1788 3663 1902 3716 Καὶ

289 3780 444 3848 λέγει
485 3773 635 3845 αύτῷ
663 3774 692 3826 6
728 3768 962 3843 Ἰησοῦς⁹
1000 3767 1068 3820 Δί
1106 3764 1391 3824 ἀλώπεκες
1420 3760 1664 3830 φωλεοὺς
1694 3759 1900 3828 ἔχουσι,

291 3871 480 3930 καὶτά
529 3865 759 3922 πετεινά
787 3863 882 3919 τοῦ
942 3859 1182 3932 οὐρανοῦ
1229 3852 1709 3922 κατασκηνώσεις·
1759 3851 1788 3903 6
1842 3849 1900 3902 δὲ

292 3966 424 4027 Υἱὸς
449 3957 848 4030 τοῦἀνθρὼπου
864 3954 966 4008 οὐκ
997 3951 1110 4023 ἔχει
1135 3947 1237 4002 ποῦ
1258 3947 1362 4017 τὴν
1383 3943 1630 4013 κεφαλὴν
1659 3940 1816 4011 κλίνῃ
1834 3980 1847 3994 .
1876 3956 1896 3991 ι

295 4051 653 4128 Γραμματὲα
683 4045 948 4117 λέγειτὸν
982 4043 1044 4097 τὸ
1077 4040 1317 4114 γράμμα
1343 4035 1439 4091 τοῦ
1463 4035 1633 4106 νόμου
1668 4032 1902 4086 ὲπιστά-

296 4166 484 4224 μενον.
540 4139 710 4207 Οὗτος
733 4141 826 4195 οὖν
859 4138 984 4193 ἰδὼν
1015 4135 1087 4191 τά
1142 4132 1315 4188 πολλά
1346 4131 1576 4224 σημείας
1625 4127 1896 4224 προσεξόο

294 4206 467 4316 κησεν
492 4241 556 4293 ἐκ
602 4206 811 4291 τούτων
871 4227 1135 4304 χρήματα
1189 4208 1450 4292 συνάγειν
1502 4206 1594 4274 τὶν
1665 4216 1899 4316 Ἰησοῦν,

296 4310 382 4393 διά
439 4336 537 4390 καὶ
592 4326 893 4393 σπουδάζει
942 4321 1260 4380 ἀκολουθεῖν
1322 4316 1475 4387 αὑτῷ
1517 4315 1606 4368 ἵνα.
1663 4313 1761 4365 καὶ
1806 4310 1906 4363 αὑ·-

299 4436 389 4497 τδς
433 4427 699 4498 συλλίγῃ.
751 4425 812 4478 '0
841 4423 899 4476 δὶ
916 4417 1152 4491 Χριστὸς
1198 4415 1337 4485 πρὸς
1375 4409 1747 4483 τὴνδιάνοιαν
1798 4405 1901 4498 αύ-

303 4523 398 4579 τοῦ
472 4497 757 4582 ἀπαντῶν,
808 4509 1094 4586 μονονουχὶ
1161 4506 1321 4562 τοῦτό
1367 4519 1502 4574 φησι
1528 4517 1543 4532 ο
1583 4497 1902 4572 Προσδοκᾷς

2064 1991 2228 2046 Vens.
2261 1990 2468 2054 16,17.
2513 2008 2532 2042 ι
2577 1989 2819 2059 Vespere
2853 1999 3036 2042 autem
3076 1987 3244 2050 facto,
3293 1986 3601 2040 attulerunt

1991 2088 2039 2140 ei
2067 2086 2430 2140 daemoniacos
2494 2085 2718 2150 nmltos,
2751 2095 2808 2140 et
2837 2084 3001 2154 ejecit
3060 2083 3288 2152 spiritus
3332 2080 3521 2143 verbo,
3547 2090 3602 2131 et

1992 2190 2183 2229 oniues
2221 2176 2362 2230 male
2397 2176 2667 2246 habentes
2691 2176 2929 2238 curavit,
2967 2184 3019 2227 ut
3056 2173 3355 2242 impleatur
3393 2170 3599 2232 dictum

2005 2284 2102 2338 per
2132 2267 2325 2322 Isaiam
2380 2260 2703 2337 prophetam
2737 2268 3037 2332 dicentem,
3071 2266 3190 2336 Ipse
3255 2265 3604 2319 infirmitates

1997 2372 2218 2418 nostras
2260 2362 2504 2431 suscepit
2550 2371 2605 2418 et
2653 2364 2875 2417 morbos
2925 2364 3184 2431 portavit.
3221 2381 3238 2412 ι
3273 2359 3510 2427 Vespere
3551 2369 3607 2412 ct

1997 2458 2378 2528 intempestive
2407 2457 2694 2527 languidos
2726 2457 3091 2512 adducebant.
3125 2455 3248 2523 Ipse
3287 2465 3500 2517 autem,
3522 2465 3606 2503 ut-

1997 2563 2121 2622 pote
2153 2551 2486 2613 misericors,
2525 2551 2742 2605 curavit
2788 2564 3001 2605 omues.
3029 2548 3232 2602 Deinde
3284 2561 3349 2601 ne
3396 2547 3609 2600 discre-

1999 2646 2096 2700 das
2142 2638 2416 2714 quomodo
2445 2653 2525 2697 tot
2557 2644 2775 2697 morbos
2805 2654 2915 2698 tam
2951 2643 3100 2698 brevi
3144 2653 3391 2712 tempore
3445 2656 3610 2696 cura-

1999 2738 2164 2801 verit,
2229 2735 2386 2791 aﬂ'ert
2447 2735 2642 2789 lsaiam
2679 2748 2872 2793 testem
2915 2777 2928 2789 .
2986 2736 3201 2790 tametsi
3233 2733 3498 2804 prepheta
3543 2735 3609 2787 de

2003 2827 2244 2897 peccatis
2261 2830 2362 2880 hoc
2380 2828 2544 2892 dicat,
2570 2828 2855 2882 lilatthasus
2883 2838 3064 2882 autem
3088 2828 3154 2881 de
3177 2825 3383 2880 morbis
3408 2824 3608 2896 posuit,

2003 2933 2069 2975 eo
2109 2921 2256 2990 quod
2289 2905 2540 2990 pleri-que
2585 2935 2654 2975 ex
2692 2923 2934 2991 peccatis
2966 2922 3245 2976 accidant.

2081 3185 2249 3242 Vsus.
2301 3186 2390 3240 18.
2428 3204 2446 3234 ι
2487 3184 2624 3240 Cum
2681 3187 2907 3241 vidisset
2971 3199 3154 3239 autem
3205 3182 3366 3239 Jesus
3431 3185 3618 3239 tut-has

2010 3280 2209 3334 multas
2239 3281 2445 3334 circum
2478 3294 2618 3344 sese,
2652 3279 2815 3345 jussit
2846 3291 2903 3332 ut
2937 3279 3153 3331 abirent
3187 3279 3238 3330 iu
3298 3277 3615 3331 ulteriorem

2007 3375 2204 3441 ripam.
2241 3390 2262 3425 ι
2298 3370 2415 3424 Non
2446 3382 2562 3424 erat
2598 3370 3089 3441 gloriaequtcsitor,
3121 3379 3176 3423 ct
3211 3383 3306 3438 per
3330 3369 3432 3421 hoc
3450 3369 3618 3422 etiam

2004 3463 2315 3518 Iudaeorum
2336 3461 2648 3516 declinabat
2675 3461 2963 3515 invidiam.

2088 3553 2256 3610 Vens.
2316 3556 2408 3618 i9.
2444 3555 2537 3611 (ΞΟ.
2583 3574 2600 3606 ι
2647 3553 2711 3608 Ει
2762 3570 2885 3609 cum
2944 3554 3145 3610 adisset
3206 3572 3346 3611 unus
3404 3556 3620 3617 Scriba,

1973 3710 1978 3716 ,
2007 3649 2147 3706 dixit
2173 3649 2222 3704 ei
2252 3667 2266 3715 ;
2305 3648 2641 3717 Prtbceptor,
2676 3663 2875 3716 sequar
2904 3659 2958 3702 te
3012 3647 3342 3720 quocunque
3377 3652 3527 3706 ieris.
3558 3652 3626 3705 lit

2008 3745 2141 3800 dicit
2170 3725 2224 3799 ei
2265 3741 2428 3811 Jesus
2459 3760 2474 3795 :
2507 3742 2723 3810 Vulpes
2748 3742 2938 3797 [creas
2994 3741 3226 3807 iubent,
3260 3753 3319 3798 et
3373 3745 3623 3798 volucres

2006 3837 2134 3894 θαιΙί
2171 3838 2372 3893 nidos:
2411 3847 2466 3890 at
2495 3833 2666 3890 Filius
2722 3835 2960 3913 hominis
2989 3851 3096 3890 non
3128 3837 3294 3891 habet
3339 3838 3428 3891 ubi
3462 3847 3626 3906 caput

2007 3931 2260 3984 reclinet.
2311 3948 2329 3981 ι
2369 3927 2622 3984 Scribam
2676 3927 3105 3993 dicit,litteram
3159 3929 3293 3998 legis
3328 3930 3621 3984 scientem.

2008 4021 2108 4078 llic
2153 4022 2323 4091 igitur
2364 4030 2424 4075 ut
2469 4020 2603 4074 vidit
2640 4019 2808 4074 multa
2864 4020 3045 4091 signa,
3084 4021 3391 4078 arbitratus
3433 4031 3520 4075 est
3551 4037 3619 4075 cx

2009 4115 2095 4169 his
2139 4113 2322 4170 Jcsum
2385 4122 2652 4185 quaestum
2709 4111 2912 4177 facere,
2947 4122 3004 4166 et
3060 4112 3267 4167 idcirco
3304 4115 3520 4182 laborat
3562 4126 3626 4168 ut

2007 4221 2133 4263 eum
2198 4208 2352 4277 sequi
2411 4213 2620 4278 posset,
2657 4219 2767 4273 quo
2798 4212 2853 4257 es
2885 4204 3002 4272 ipse
3067 4203 3280 4273 aliquid
3311 4204 3624 4275 colligeret.

2007 4302 2263 4357 Christus
2296 4311 2502 4367 autem,
2543 4301 2859 4372 cogitationi
2888 4299 3342 4370 ejusoccurrens,
3375 4301 3530 4370 quasi
3577 4301 3631 4353 in

2014 4394 2162 4449 hunc
2181 4395 2406 4449 modum
2442 4393 2578 4448 dicit
2605 4410 2618 4446 :
2641 4395 2721 4447 An
2754 4401 2916 4461 putas
2944 4407 3032 4447 me
3063 4393 3216 4460 sequi
3253 4401 3312 4445 ut
3343 4405 3477 4460 opes
3514 4389 3634 4444 col-

2015 4487 2192 4554 ligas?
2223 4502 2330 4541 non
2395 4486 2549 4541 vides
2609 4501 2677 4540 nc
2727 4486 2951 4541 domum
2999 4484 3226 4554 quidem
3291 4483 3422 4537 mihi
3469 4482 3634 4536 esse?

301 4573 614 4671 ἀκολουθῶν
646 4573 822 4680 ἐμοὶ..
844 4573 1108 4678 χρήματα
1157 4573 1464 4666 συλλέγειν·
1495 4593 1595 4664 οὐχ
1639 4591 1772 4663 ὁρᾷς
1820 4590 1901 4642 ὅτι

2013 4577 2201 4635 Talem
2231 4594 2358 4635 esse
2415 4588 2636 4648 oportet
2673 4588 2728 4632 et
2767 4593 2895 4632 eum
2924 4578 3015 4646 qui
3063 4592 3149 4631 me
3202 4577 3473 4644 sequitur.
3510 4573 3637 4628 ihuc

302 4707 489 4770 ἀοικός
524 4706 678 4774 είμις
718 4699 976 4762 Τοιοῦτος
1010 4695 1106 4750 καὶ
1139 4695 1168 4748 6
1205 4687 1520 4746 ἀκολουθῶν
1571 4685 1698 4756 ὲμοὶ
1748 4682 1908 4752 ὀφεί-

301 4811 379 4856 λει
403 4797 569 4856 εἷναι.
599 4795 788 4852 Ταῦτα
821 4793 878 4848 δί
905 4791 1095 4859 ἔλεγεν
1123 4787 1257 4841 ὡσεὶ
1285 4783 1454 4856 πείσῃ
1505 4780 1670 4834 αὺτὸν
1727 4793 1904 4846 μεταο

301 4894 572 4966 ϐληθέντα
596 4887 917 4946 ἀκολουθεῖν
954 4901 969 4916 ο
1007 4883 1036 4935 6
1064 4883 1120 4935 δὲ
1154 4877 1451 4948 ἀναχωρεῖ.
1505 4872 1663 4935 Τινές
1686 4870 1744 4925 δὲ
1761 4869 1909 4966 ἀλω-

300 4961 479 5050 πεκας
503 4986 600 5040 καὶ
630 4979 878 5046 πετεινὰ,
899 4979 1026 5041 τοὺς
1053 4975 1318 5047 δαίμονας
1342 4970 1585 5040 λέγουσι.
1610 4967 1784 5036 Φησὶν
1813 4961 1909 5017 οὖν

2012 4682 2194 4727 autem
2247 4670 2508 4734 dicebat,
2541 4685 2654 4739 quo
2708 4668 3066 4739 persuaderet
3119 4667 3222 4730 illi,
3292 4677 3349 4720 ut
3409 4663 3640 4719 mutatis

2015 4766 2260 4821 moribus
2289 4773 2620 4834 sequeretur
2663 4781 2676 4817 :
2715 4771 2772 4817 at
2807 4761 2901 4816 ille
2923 4761 3177 4817 secessit.
3215 4758 3478 4813 Nonnulli
3515 4757 3638 4811 vul-

2015 4872 2113 4930 prs
2143 4867 2198 4912 et
2225 4855 2468 4912 volatilia
2513 4855 2778 4910 diabolos»
2811 4855 3003 4910 dicunt
3038 4871 3053 4908 :
3081 4853 3235 4921 quasi
3267 4852 3500 4915 diceret,
3525 4851 3640 4906 dae.

2023 4967 2214 5006 tuones
2252 4951 2305 5004 in
2337 4960 2391 5006 te
2423 4949 2676 5005 habitant
2708 4956 2764 5004 et
2794 4962 2898 5018 ego
2934 4948 2991 5002 in
3024 4946 3208 5001 anima
3247 4957 3339 5000 tua
3393 4944 3637 5014 quietem

298 5085 385 5140 ὅτι
418 5049 484 5136 0i
513 5079 771 5147 δαίμονες
803 5074 863 5128 ἐν
889 5072 976 5125 σοὶ
1020 5065 1424 5130 ἀναπαύονται,
1455 5057 1689 5130 καῌγὼ
1718 5056 1901 5112 λοιπὸν

2016 5060 2130 5108 non
2162 5049 2407 5107 invenio.

299 5175 403 5230 οὐκ
431 5172 542 5244 εχω
576 5171 635 5224 ιν
658 5169 729 5238 τῇ
758 5167 825 5237 σῇ
843 5163 991 5235 ψυχῇ
1009 5160 1353 5215 ἀνάπαυσιν.

382 5289 402 5322 ε
424 5242 655 5335 Ἕτερος
672 5262 731 5316 δὲ
749 5260 859 5315 τῶν
880 5255 1140 5329 μαθητῶν
1155 5249 1322 5308 αὑτοῦ
1339 5244 1494 5303 εἶπεν
1513 5243 1685 5318 αὐτῷ·
1711 5242 1911 5315 Κύριε,

301 5359 600 5432 δπίτρεψόν
661 5373 752 5429 μοι
787 5350 1007 5424 πρῶτον
1035 5347 1298 5405 ἀπελθεῖν
1334 5345 1429 5398 καὶ
1451 5343 1624 5412 θάψαι
1646 5339 1738 5392 τὸν
1797 5354 1904 5391 πα-

303 5460 442 5531 τέρα
471 5473 596 5528 μου.
642 5450 704 5507 '0
733 5449 792 5504 δὲ
817 5444 1028 5520 Ἰησοῦς
1053 5438 1209 5497 εἷπεν
1237 5437 1410 5509 αύτῷο
1445 5432 1764 5490 Ἀκολούθει
1799 5448 1914 5503 μοι,

306 5525 404 5609 καὶ
442 5525 579 5620 ἀφες
610 5546 740 5610 τοὺς
770 5541 1003 5612 νεκροὺς
1028 5538 1201 5604 θάψαι
1224 5534 1353 5597 τοὺς
1375 5529 1587 5586 ἑαυτῶν
1605 5525 1859 5598 νεκρούς.
1894 5542 1912 5575 ι

305 5644 445 5705 Μεθ’
467 5617 502 5698 6‘
543 5641 708 5697 δώσει
733 5654 819 5701 τις
847 5631 1044 5690 ἑαυτὸν
1079 5631 1160 5704 τῷ
1186 5627 1336 5700 Θεῷ,
1369 5626 1471 5681 οὐκ
1501 5621 1713 5695 ὀφείλει
1756 5617 1920 5689 στρέ-

1443 5691 1700 5779 καὶττοὺς
1733 5715 1901 5784 γονεῖς

2024 5703 2149 5759 vitae
2206 5699 2368 5771 hujus
2397 5710 2562 5753 curas
2590 5692 2836 5750 converti
2867 5709 2881 5746 :
2913 5696 3133 5760 oportet
3170 5697 3301 5742 sane
3333 5691 3387 5736 et
3435 5696 3640 5751 paren-

1400 5805 1678 5866 Ἐνταῦθά
1727 5805 1786 5860 δὲ
1825 5805 1901 5858 κα

2026 5807 2108 5868 tes
2141 5793 2420 5860 venerari,
2453 5790 2550 5846 scd
2569 5788 2744 5859 magis
2776 5792 2997 5855 oportet
3025 5779 3274 5836 venerari
3310 5777 3503 5832 Deum.
3531 5771 3644 5826 llu-

307 5737 508 5812 φεσθαι
533 5736 614 5799 είς
639 5732 711 5788 τά
735 5727 988 5805 βιωτικά.
1020 5726 1114 5781 Δεῖ
1158 5723 1260 5796 μιν
1286 5723 1396 5794 γὰρ

305 5827 497 5898 τιμᾷ-δ.
525 5821 666 5880 ἀλλά
692 5822 785 5877 τὸν
824 5818 961 5875 Θεὸν
1013 5814 1314 5889 προτιμᾷν.

309 5919 542 5984 ἄπιστος
585 5911 656 5990 ἦν
710 5915 741 5970 6
793 5911 987 5984 γονεὺς
1019 5949 1034 5979 ,
1081 5907 1179 5966 καὶ
1212 5906 1397 5981 δῆλον,
1433 5905 1501 5961 ἐκ
1559 5898 1656 5958 τοῦ
1703 5898 1914 5970 λεγειν*

2037 5300 2051 5319 ⁸
2093 5234 2265 5293 Vens.
2309 5233 2406 5296 ﬁl,
2455 5232 2529 5287 22
2565 5250 2585 5285 ι
2639 5230 2795 5286 Alius
2844 5229 3029 5285 autem
3083 5243 3149 5282 ex
3199 5222 3480 5293 discipulis
3523 5220 3643 5277 suis

2023 5318 2163 5388 dixit
2193 5333 2241 5387 ei
2285 5351 2300 5385 :
2341 5328 2594 5392 Domine,
2621 5325 2880 5396 permitte
2931 5322 3064 5377 mihi
3094 5320 3334 5390 primum
3384 5318 3540 5372 abire
3586 5324 3646 5368 ut

2019 5423 2283 5495 sepeliant
2311 5430 2526 5491 patrem
2549 5433 2752 5473 meum.
2775 5419 2844 5471 At
2873 5413 3035 5470 Jesus
3064 5412 3202 5468 dixit
3236 5409 3313 5464 illi
3347 5425 3360 5462 :
3396 5408 3644 5495 Sequere

2022 5494 2131 5582 me,
2158 5524 2213 5570 et
2250 5515 2371 5570 sine
2409 5521 2659 5566 mortuos
2685 5507 2919 5578 sepelire
2949 5514 3199 5560 mortuos
3229 5514 3382 5556 suos.
3423 5516 3442 5549 ι
3476 5494 3638 5551 Pest-

2023 5623 2187 5679 quam
2242 5605 2335 5676 qui
2387 5619 2512 5659 sese
2544 5600 2831 5657 tradiderit
2860 5599 2993 5665 Deo,
3019 5611 3127 5652 non
3152 5595 3313 5651 debet
3357 5588 3538 5646 denuo
3570 5587 3641 5641 ad

2022 5891 2114 5964 jus
2153 5896 2338 5945 autem
2377 5894 2533 5958 pater
2561 5879 2878 5940 incredulus
2911 5884 3054 5944 erat,
3089 5871 3235 5943 quod
3289 5867 3643 5926 manifestum
