4288 6444
725 387 834 453 223

718 605 870 653 suos,
907 590 1007 644 hoc
1033 598 1135 654 est,
1158 587 1421 641 inﬁdeles.
1443 586 1497 638 Si
1531 596 1710 638 autem
1745 586 1819 639 illi
1854 602 2027 653 neque
2084 596 2291 652 patrem

719 682 949 749 sepelire
984 679 1151 744 licuit,
1182 694 1256 732 va:
1284 679 1365 731 bis
1410 678 1499 744 qui
1538 678 1893 730 monasticem
1956 675 2181 746 professi
2215 675 2283 729 ad

727 773 997 828 mundana
1024 771 1397 839 regnediuntur
1424 769 1657 838 negotia.

805 863 971 917 Vens.
1002 862 1092 922 23.
1124 861 1193 915 24
1229 880 1247 912 ι
1292 861 1497 915 Etcum
1549 868 1693 914 esset
1760 860 2034 930 ingressus
2095 860 2295 922 navim,

731 956 899 1010 secuti
936 961 1197 1006 suntcum
1228 951 1473 1021 discipuli
1502 952 1608 1014 sui,
1634 961 1688 1004 et
1720 966 1843 1005 ecce
1871 960 2047 1005 motus
2073 966 2297 1018 magnus

726 1044 898 1100 factus
924 1055 1003 1097 est
1032 1045 1082 1096 in
1115 1044 1271 1107 mari,
1301 1046 1370 1095 itu
1401 1053 1455 1095 ut
1487 1045 1636 1096 navis
1691 1058 1718 1094 a
1749 1043 2000 1096 ﬂuctibus
2049 1044 2297 1111 operire—

730 1145 816 1189 tur
851 1149 866 1188 :
893 1135 1006 1201 ipse
1032 1150 1160 1187 vero
1181 1170 1186 1174 -
1209 1136 1531 1186 dormiebat.
1567 1152 1585 1183 ι
1626 1132 1919 1201 Discipulos
1948 1134 2089 1188 solos
2117 1150 2301 1187 serva-

732 1226 810 1281 νὶι
840 1240 1046 1290 secum,
1083 1236 1140 1278 ut
1174 1225 1486 1278 miraculum
1518 1225 1782 1277 viderent.
1815 1223 2068 1277 Permisit
2116 1234 2295 1277 autem

718 1327 817 1372 Coo
850 1323 1168 1384 tempestate
1189 1317 1400 1385 agitari.
1433 1324 1487 1365 ut
1522 1317 1587 1367 ad
1624 1315 1950 1368 tentationes
1976 1330 2302 1369 exerceren-

721 1414 831 1472 tur,
861 1416 914 1461 et
942 1419 994 1460 ut
1020 1423 1115 1477 per
1141 1407 1454 1461 miraculum
1498 1408 1704 1460 firmius
1736 1410 2041 1462 crederent.
2086 1406 2301 1461 Dormi-

720 1497 800 1563 yit
826 1511 975 1559 vero,
1004 1508 1057 1550 ut
1100 1499 1293 1550 timore
1322 1498 1548 1563 perculsi
1578 1513 1731 1551 suam
1756 1508 2110 1566 agnoscerent
2148 1495 2301 1549 infir-

723 1586 981 1653 mitatem,
1008 1597 1059 1642 et
1090 1603 1213 1641 eum
1237 1588 1584 1643 obsecrarent
1619 1608 1631 1643 ε
1668 1600 1947 1658 ρποιιιοτείι
1988 1590 2116 1643 dicit
2143 1608 2156 1644 :

796 1760 963 1815 Vens.
1000 1763 1091 1829 23,
1149 1762 1237 1817 26.
1286 1783 1303 1814 ι
1353 1764 1418 1819 Et
1465 1766 1786 1820 accedentes
1850 1767 2097 1836 discipuli
2152 1768 2296 1836 ejus,

723 1852 1093 1905 excitaverunt
1119 1868 1263 1917 eum,
1303 1856 1545 1908 dicentes
1570 1876 1581 1911 :
1610 1858 1854 1919 nomine,
1881 1874 2035 1912 serva
2066 1874 2181 1921 nos,
2217 1874 2297 1928 pe-

724 1950 912 1998 rlutus.
944 1946 1047 2017 41
1097 1947 1159 2001 Et
1211 1949 1343 2002 dicit
1362 1952 1438 2003 eis
1473 1950 1647 2015 :Qnid
1701 1954 1867 2006 timidi
1924 1953 2077 2018 estis,
2112 1970 2302 2023 parum

726 2037 992 2092 tidemch
1025 2057 1043 2090 ι
1080 2038 1193 2093 Non
1249 2043 1555 2097 incredulus
1601 2044 1751 2107 dicit,
1786 2045 1879 2101 sed
1928 2062 2104 2113 parva:
2156 2047 2299 2099 ildci.

722 2128 852 2183 Nam
882 2148 975 2200 per
1007 2132 1110 2186 hoc
1142 2135 1281 2202 quod
1308 2136 1513 2199 dicunt,
1550 2138 1792 2201 Domine,
1813 2153 1967 2191 serva
2002 2155 2117 2203 nos,
2146 2138 2301 2193 tlden‘t

725 2233 1035 2277 monstrant
1073 2242 1084 2276 :
1122 2226 1263 2291 quod
1301 2237 1479 2280 autem
1507 2227 1715 2292 dicunt,
1751 2230 2018 2295 perimus,
2054 2246 2158 2283 nou
2218 2240 2300 2285 est

725 2312 870 2368 ﬁdei.
904 2315 994 2367 lllo
1030 2316 1171 2368 enim
1202 2317 1358 2369 simul
1388 2319 1677 2387 navigante
1706 2335 1810 2375 nou
1863 2330 1981 2375 erat
2006 2320 2305 2376 formidati-

722 2407 867 2464 dum.
897 2404 1031 2460 Vide
1061 2416 1240 2459 autem
1281 2408 1449 2478 quod,
1505 2413 1841 2478 exprobrans
1876 2413 1956 2465 eis
1988 2422 2044 2465 ut
2078 2413 2301 2477 timidis,

731 2494 967 2547 ostendit
1006 2496 1253 2550 timorem
1281 2495 1473 2551 ail‘crre
1526 2499 1781 2565 pericula.
1816 2497 2020 2554 Idcirco
2072 2502 2305 2569 primum

722 2588 876 2640 sedat
921 2590 1279 2643 turliationeui
1329 2592 1523 2643 auinue
1566 2590 1800 2655 illorum,
1850 2600 1906 2646 et.
1951 2588 2081 2647 tu‘nc
2139 2592 2310 2647 solvit

725 2680 891 2733 etiam
923 2680 1087 2733 maris
1128 2689 1529 2739 tempestatem.

794 2764 961 2821 Vens.
990 2767 1082 2835 26,
1110 2768 1201 2821 27.
1234 2789 1251 2819 ι
1289 2769 1439 2824 Tunc
1472 2772 1761 2837 excitatus,
1789 2772 2087 2842 increpavit
2116 2780 2305 2829 ventos

724 2870 778 2913 et
812 2876 977 2924 mare,
1004 2872 1055 2915 et
1112 2862 1255 2914 iacta
1324 2872 1406 2915 est
1462 2865 1729 2918 serenitas
1781 2880 2014 2935 magna:
2053 2864 2309 2920 homines

723 2969 857 3009 vero
917 2955 1345 3020 admirabantur,
1375 2958 1618 3013 dicentes
1661 2975 1675 3012 :
1709 2958 1892 3025 Qualis
1915 2968 2000 3014 est
2046 2959 2153 3026 bic,
2183 2960 2311 3031 quia

724 3047 867 3101 venti
896 3058 949 3101 et
990 3063 1145 3102 mare
1185 3049 1444 3103 obediunt
1476 3050 1565 3102 ei?
1601 3049 1807 3117 i-Quod
1856 3051 2161 3116 videbatur,
2215 3051 2313 3105 bo-

721 3140 885 3196 minis
912 3149 1048 3206 erat,
1080 3155 1242 3211 opera
1274 3150 1477 3206 autem,
1517 3142 1628 3197 Dei.

800 3314 965 3372 Vens.
998 3316 1088 3371 28.
1131 3335 1149 3368 ‹
1180 3315 1386 3371 Etcum
1418 3317 1655 3373 venisset
1690 3317 1755 3371 ad
1790 3320 2103 3377 ulteriorem
2135 3324 2306 3395 ripam

729 3408 782 3462 iu
816 3409 1084 3475 regionem
1113 3406 1560 3477 Gergesenorum,
1587 3423 1944 3467 occurrerunt
1970 3415 2016 3467 ei
2062 3416 2169 3472 duo
2198 3416 2309 3471 die-

728 3500 1019 3553 inoniaci.»
1049 3498 1551 3555 Dubitantibnsillis
1577 3502 1627 3556 iu
1651 3504 1770 3556 navi
1800 3505 1980 3573 qualis
2008 3518 2157 3561 esset
2189 3510 2295 3574 liic,

729 3594 859 3658 qua
901 3592 1043 3643 venti
1077 3601 1129 3645 et
1173 3607 1319 3646 mare
1385 3593 1643 3647 obediunt
1670 3594 1739 3661 ei,
1776 3596 1997 3651 veniunt
2038 3599 2308 3654 damones

736 3692 1034 3743 iirmcones.
1070 3677 1220 3746 Quod
1257 3681 1300 3735 si
1340 3690 1447 3735 tam
1481 3681 1694 3738 Marcus
1715 3701 1875 3754 quam
1912 3685 2086 3741 Lucas
2142 3705 2307 3744 unum

725 3769 926 3834 dicant,
980 3771 1264 3826 habentem
1311 3773 1576 3844 legionem
1616 3776 1683 3839 ",
1772 3777 2179 3850 intelligendum
2228 3790 2312 3835 est

728 3864 869 3935 quod
896 3877 1032 3916 unus
1053 3877 1119 3918 ex
1155 3865 1239 3919 liis
1266 3868 1478 3919 duobus
1506 3865 1669 3922 fuerit
1720 3868 1989 3937 insignior
2041 3868 2203 3924 forte.
2264 3870 2305 3923 Α

728 3954 909 4022 seipso
933 3965 1109 4008 autem
1135 3956 1199 4010 ad
1226 3956 1342 4010 illos
1376 3959 1489 4024 ivit,
1538 3974 1696 4013 nemo
1712 3962 1855 4014 enim
1888 3960 2005 4015 illos
2036 3960 2305 4015 adducere

720 4047 953 4101 audebat
999 4067 1011 4101 :
1064 4059 1170 4102 tam
1220 4049 1468 4103 crudeles
1529 4060 1708 4103 erant.
1753 4068 1771 4100 ‹
1832 4049 1873 4103 Ε
1938 4052 2302 4107 monumentis

721 4137 950 4205 egressi.
1002 4140 1130 4193 saevi
1195 4140 1376 4203 nimis,
1442 4143 1511 4194 ita
1546 4152 1603 4193 ut
1645 4156 1801 4195 nemo
1831 4153 2014 4212 posset
2075 4146 2309 4199 transire

722 4243 820 4299 per
840 4230 978 4283 viam
1015 4231 1183 4284 illam.
1222 4248 1241 4282 ι
1266 4229 1321 4283 In
1372 4235 1733 4287 monumentis
1767 4236 2147 4289 versabantur.
2185 4238 2303 4290 Da:-

724 4336 913 4377 tnones
960 4325 1152 4393 dogma
1208 4323 1481 4393 quoddam
1544 4324 1828 4381 instituere
1856 4327 2123 4393 volebant,
2153 4328 2299 4399 quod

722 4415 917 4484 quinta:
943 4426 1277 4470 mortuorum
1319 4416 1449 4470 ﬂant
1493 4417 1789 4484 daemones,
1827 4422 1967 4487 quod
2005 4438 2163 4474 nemo
2184 4436 2306 4475 cre-

1574 382 2160 444 ‘THEOPHYLACTI
2203 380 2614 443 BULGARLE
2655 385 3016 449 ARCHIEP.

722 498 811 556 est
837 513 903 553 ex
929 512 991 552 eo
1020 496 1339 567 quoddicit.
1364 495 1491 549 Siue
1520 504 1757 547 mortuos
1792 495 2020 563 sepelire
2052 503 2291 548 mortuos
2316 494 2370 552 Α
2397 495 2415 513 ’

1364 495 1491 549 Siue
1520 504 1757 547 mortuos
1792 495 2020 563 sepelire
2052 503 2291 548 mortuos
2316 494 2370 552 Α
2397 494 2567 561 Ἀφες
2605 496 2731 558 τοὺς
2781 496 3008 565 νεκροὺς
3042 533 3056 557 ,

3858 368 3967 433 934

3122 492 3407 555 τουτέστι,
3472 487 3601 550 τοὺς
3667 483 3937 546 ἀπίστους
3971 521 3987 545 ,

2408 585 2575 653 θάψαι
2634 588 2760 650 τοὺς
2811 585 3021 639 ἑαυτῶν
3061 583 3325 654 νεκρούς·
3382 583 3431 635 εί
3484 579 3543 634 δι
3591 578 3801 639 ἐκεῖνος
3863 573 3987 628 οὑδὶ

2403 672 2495 723 τὸν
2526 674 2741 743 πατέρα
2794 674 2963 741 θάψαι
3010 668 3386 741 συνεχωρήθη,
3406 667 3529 721 οὑαί
3592 666 3705 729 τοῖς
3742 662 3882 735 μετὰ
3928 661 3989 714 τό

2404 764 2632 831 μονάσαι
2661 765 2740 827 είς
2795 764 3098 833 πράγματι
3139 760 3215 831 (ti)
3245 758 3659 829 στρεφομένοις.

2479 874 2496 906 ι
2545 858 2652 908 Καὶ
2687 856 2917 926 ἐμϐάντι
2951 854 3100 923 αύτῷ
3126 855 3207 917 εἰς
3258 853 3319 905 τὸ
3352 852 3555 913 πλοῖον,
3610 846 3989 920 ἠκολούθησαν

2412 947 2563 1015 αύτῷ
2593 948 2642 998 oi
2691 948 2931 1017 μαθηταὶ
2967 946 3156 1010 αὑτοῦ,
3185 946 3278 998 καὶ
3300 944 3409 997 ίδοὺ
3436 942 3657 1013 σεισμὸς
3676 941 3847 1011 μέγας
3870 939 3992 1006 εγε-

2416 1054 2540 1089 νετο
2560 1040 2616 1089 ἐν
2634 1042 2699 1108 τῇ
2726 1038 3150 1111 θαλάσσῃ,ὦστε
3188 1037 3247 1089 τὸ
3275 1035 3458 1089 πλοῖον
3481 1033 3858 1088 καλύπτεσθαι
3886 1030 3991 1083 ὑπὸ

2404 1128 2516 1180 τῶν
2566 1129 2849 1198 κυμάτων,
2872 1131 3034 1192 αὐτὸς
3067 1129 3123 1182 δὲ
3148 1128 3459 1182 ἐκάθευδεν.
3504 1146 3523 1177 ι
3554 1126 3691 1187 Τοὺς
3740 1123 3993 1193 μαθητὰς

2404 1220 2597 1289 μόνους
2640 1222 2924 1293 κατέσχεν,
2964 1222 3103 1275 ὥστε
3161 1221 3289 1274 ίδεϊν
3321 1221 3381 1273 τὸ
3424 1218 3627 1287 θαῦμα.
3680 1215 3898 1284 ’Δφίησι
3938 1214 4035 1277 δὶχ

2402 1310 2599 1373 αὐτοὺς
2651 1311 3107 1381 κλυδωνισθῆναι,
3145 1312 3232 1365 ἵνα
3284 1308 3639 1381 γυμνασθῶσι
3697 1306 3833 1376 πρὸς
3874 1322 3995 1357 πει-

2407 1403 2679 1471 ρασμοὺς,
2710 1403 2802 1455 καὶ
2856 1404 2945 1456 ἵνα
2992 1403 3080 1457 διὰ
3130 1402 3287 1457 τοῦτο
3314 1403 3375 1456 τὸ
3427 1402 3652 1470 σημεῖον
3681 1399 3774 1451 ἐπὶ
3808 1398 3992 1450 πλεῖον

2403 1492 2761 1549 πιστεύσωσι.
2827 1493 3100 1546 Καθεύδει
3144 1494 3220 1557 δὲ,
3254 1493 3329 1557 ὡς
3378 1493 3444 1547 ἂν
3494 1490 3827 1561 φοϐηθέντες
3872 1490 3993 1540 ἐπι-

2405 1583 2577 1651 γνῶσι
2612 1584 2709 1653 τὴν
2750 1584 2886 1638 ιδίαν
2920 1583 3228 1651 ἀσθένειαν,
3264 1586 3358 1638 καὶ
3382 1583 3841 1654 παρακαλέσωσιν
3892 1581 3993 1634 αὑ-

2403 1672 2515 1726 τόν·
2549 1673 2631 1726 διό
2670 1690 2860 1742 φησιν·

2478 1766 2585 1819 Καὶ
2627 1766 3019 1836 προσελθόντες
3058 1768 3107 1821 oi
3149 1767 3389 1838 μαθηταὶ
3428 1766 3594 1822 αὑτοῦ
3636 1766 3864 1837 ἧγειραν
3897 1764 3994 1816 αὑ-

2408 1856 2516 1918 τὸν,
2539 1856 2811 1924 λέγοντες’
2856 1857 3051 1927 Κύριε,
3086 1857 3259 1911 σῶσον
3294 1858 3463 1927 ἡμᾶς,
3491 1856 3995 1926 ἀπολλύ’μεθα.Καὶ

2404 1947 2552 2016 λέγει
2579 1950 2792 2013 αὐτοῖς’
2824 1950 2890 2002 Τί
2912 1950 3074 2004 δειλοί
3126 1952 3271 2016 ἐστε,
3300 1951 3675 2019 όλιγόπιστοι;
3714 1950 3828 2003 Οὑκ
3862 1948 3993 2001 ἀπί-

2408 2055 2565 2101 στους
2589 2036 2761 2106 εἶπεν,
2802 2042 2919 2094 ἀλλ’
2939 2042 3336 2111 όλιγοπίστους·
3368 2042 3501 2095 καθὸ
3534 2042 3633 2112 μὲν
3665 2041 3774 2111 γὰρ
3806 2034 3985 2100 εἶπον.

2406 2128 2600 2197 Κύριε.
2624 2130 2797 2183 σῶσον
2813 2132 2981 2200 ἡμᾶς,
3004 2132 3189 2185 πίστιν
3208 2130 3594 2194 ἐνδείκνυνται,
3612 2131 3673 2183 τὸ
3688 2131 3766 2195 δὲ,
3799 2130 3998 2184 Ἀπολ-

2404 2218 2637 2287 λύμεθα,
2675 2220 2734 2273 οὑ
2760 2222 3017 2286 πίστεως.
3058 2224 3296 2277 Ἑκείνου
3327 2230 3436 2295 γάρ
3462 2222 3857 2291 συμπλέοντος,
3892 2222 3997 2275 δὺκ

2405 2311 2509 2364 ἔδει
2538 2311 2785 2368 δεδιέναι,
2822 2316 2960 2386 Ὅρα
2997 2316 3053 2369 δὲ
3099 2315 3181 2369 ὅτι
3215 2316 3490 2382 ὀνειδίζων
3522 2317 3709 2377 αὑτοῖς
3745 2313 3822 2376 ὡς
3881 2313 3994 2367 δει-

2405 2402 2538 2467 λοῖς,
2571 2404 2846 2458 δείκνυσιν
2882 2405 2959 2468 ὠς
3006 2406 3039 2476 ὴ
3102 2405 3279 2459 δειλία
3335 2408 3487 2479 φέρει
3512 2408 3639 2470 τοὺς
3693 2404 3995 2466 κινδύνους.

2406 2493 2499 2544 Διὸ
2535 2493 2627 2546 καὶ
2653 2492 2872 2564 πρῶτον
2892 2494 3106 2557 παύσας
3137 2495 3229 2548 τὸν
3253 2496 3498 2566 χειμῶνα
3534 2496 3633 2566 τῆς
3681 2495 3861 2566 ψυχῆς
3899 2496 3996 2549 αὑ-

2408 2582 2535 2649 τῶν,
2572 2585 2695 2638 τότε
2726 2584 2843 2638 λύει
2878 2587 2972 2639 καὶ
3002 2587 3098 2640 τὸν
3131 2586 3234 2658 τῆς
3263 2587 3561 2658 θαλάσσης.

2484 2784 2504 2817 ι
2540 2766 2675 2819 Τότε
2707 2766 2972 2836 ἐγερθεὶς,
2995 2767 3303 2837 ἐπετίμησε
3329 2767 3442 2829 τοῖς
3487 2766 3716 2837 ἀνέμοις
3769 2766 3867 2820 καὶ
3919 2768 3986 2836 τῇ

2410 2855 2654 2928 θαλάσσῃ
2684 2874 2697 2887 ·
2726 2858 2819 2909 καὶ
2844 2858 3059 2924 ἐγένετο
3092 2856 3299 2926 γαλήνη
3340 2854 3575 2926 μεγάλη.
3608 2856 3672 2908 Οί
3697 2855 3753 2908 δὲ
3777 2855 3993 2925 ἄνθρω-

2413 2967 2505 3003 ποι
2558 2948 2898 3019 ἐθαύμασαν,
2927 2948 3199 3017 λέγοντες·
3235 2948 3484 3012 Ποταπός
3538 2950 3687 3001 ἐστιν
3714 2941 3893 3013 οὗτος,
3917 2948 4001 3002 δτι

2413 3043 2508 3096 καὶ
2537 3044 2586 3095 oi
2643 3043 2836 3112 ἄνεμοι
2866 3043 2960 3096 καὶ
2986 3044 3018 3112 ἡ
3054 3041 3299 3094 θάλασσα
3361 3040 3727 3095 ὑπακούουσιν
3758 3040 3938 3112 αὑτῷ;
3972 3058 3992 3093 ι

2337 3165 2387 3225 C
2420 3136 2495 3188 Τὸ
2562 3135 2661 3204 μὲν
2727 3137 2839 3208 γὰρ
2910 3134 3213 3207 ὁρώμενον,
3242 3132 3672 3207 ἀνθρώπουοτὰ
3718 3134 3777 3189 δὲ
3836 3136 3999 3205 ἐργα,

2416 3226 2576 3282 Θεοῦ.

2512 3338 2530 3371 ι
2567 3320 2677 3373 Kal
2713 3319 2921 3372 ἐλθόντι
2944 3319 3091 3389 αύτῷ
3126 3321 3204 3383 είς
3240 3318 3300 3372 τδ
3339 3318 3529 3390 πέραν,
3556 3319 3635 3382 εἰς
3668 3319 3767 3389 τὴν
3818 3318 4004 3390 χώραν

2407 3410 2515 3461 τῶν
2543 3409 2921 3481 Γεργεσηνῶν,
2972 3410 3293 3480 ὑπήντησαν
3346 3410 3493 3481 αὑτῷ
3542 3410 3637 3464 δύο
3686 3410 4004 3481 δαιμονιζό-

2414 3518 2582 3571 μενοι.
2619 3520 2636 3554 ι
2677 3500 2798 3553 Τῶν
2816 3504 2872 3555 ἐν
2898 3500 2974 3572 τῷ
3006 3501 3174 3571 πλοίῳ
3192 3501 3559 3565 δισταξόντων
3578 3503 3827 3565 ποταπός
3852 3503 4004 3557 ἐστιν

2410 3586 2585 3656 οὗτος.
2618 3594 2697 3645 ὅτι
2727 3595 2818 3645 καὶ
2845 3594 2895 3645 oi
2929 3593 3124 3661 ἄνεμοι
3164 3594 3259 3646 καὶ
3289 3594 3323 3665 η
3348 3592 3597 3648 θάλασσα
3621 3594 4003 3648 ὑπακούουσιν

2413 3686 2582 3755 αὐτῷ,
2611 3685 2861 3757 ἔρχονται
2879 3688 2926 3737 οἱ
2951 3686 3203 3755 δαίμονες
3233 3687 3489 3756 κήρυκες.
3519 3687 3603 3755 ίΕί
3633 3685 3690 3739 δὲ
3716 3686 4006 3757 όΜάρκηος

2413 3778 2510 3832 καὶ
2539 3781 2566 3831 ό
2600 3779 2814 3840 Λουκᾶς
2859 3777 2959 3831 ἕνα
2989 3776 3209 3845 λέγουσι
3241 3779 3333 3833 τὸν
3357 3777 3455 3849 τὴν
3478 3778 3723 3847 λεγεῶνα
3776 3777 3997 3849 Ιχοντα,

2410 3871 2599 3939 νόησον
2645 3870 2725 3923 ὅτι
2768 3872 2975 3934 ἐκεῖνος
3004 3865 3083 3933 εἷς
3127 3866 3194 3941 ἦν
3210 3869 3415 3924 τούτων
3441 3870 3551 3923 τῶν
3600 3868 3696 3921 δύο
3750 3870 3779 3923 ό
3853 3870 3999 3940 τάχα

2412 3961 2813 4030 ἐπισημότερος
2847 3978 2858 3989 ·
2890 3961 2983 4029 ἀφ’
3040 3960 3235 4014 ἑαυτοῦ
3296 3961 3351 4015 δὲ
3381 3958 3513 4033 ἦλθε
3578 3960 3715 4032 πρὸς
3770 3960 4006 4026 αὑτοὺς,

2411 4052 2533 4103 ἐπεὶ
2558 4051 2822 4119 φοϐεροὺς
2844 4050 3024 4115 ὄντας,
3044 4052 3221 4114 οὐδεὶς
3260 4052 3464 4122 ἐτόλμα
3496 4054 3877 4124 προσαγαγεῖν
3903 4053 4006 4105 αὑ-

2410 4142 2556 4203 τούς.
2584 4161 2601 4193 ι
2651 4142 2751 4195 Ἐκ
2770 4142 2880 4196 τῶν
2909 4144 3190 4213 μνημείων
3212 4142 3582 4216 ἐξερχόμενοι,
3618 4145 3846 4214 χαλεποὶ
3860 4144 4005 4212 λίαν,

2410 4232 2550 4287 ὥστε
2596 4232 2670 4303 μὴ
2706 4234 2914 4303 ἰσχύειν
2941 4236 3064 4288 τινὰ
3094 4236 3389 4306 παρελθεῖν
3413 4235 3503 4290 διὰ
3548 4238 3648 4304 τῆς
3674 4236 3797 4301 όδοῦ
3844 4237 4004 4290 ἐκεί-

2412 4341 2533 4392 νης.
2574 4342 2594 4377 ι
2648 4325 2735 4377 Ἐν
2764 4328 2877 4389 τοῖς
2916 4328 3208 4395 μνημείοις
3255 4326 3548 4397 διιτριϐον.
3584 4326 3764 4395 δόγμα
3826 4328 4010 4381 ἐνθεῖ-

2418 4433 2508 4468 ναι
2537 4415 2857 4487 βουλόμενοι
2886 4419 2933 4471 οί
2966 4417 3243 4487 δαίμονες,
3276 4418 3357 4471 ὅτι
3386 4419 3439 4471 al
3462 4418 3634 4488 ψυχαὶ
3662 4409 3771 4471 τῶν
3801 4420 4012 4472 ἀποθα-

724 4507 855 4561 dere
915 4508 1095 4563 debet.
1144 4509 1337 4563 Anima
1387 4510 1532 4563 enim
1579 4524 1822 4578 egressa,
1856 4512 1911 4565 in
1949 4514 2150 4567 mundo
2176 4528 2282 4567 non
2338 4502 2417 4564 D‘

2338 4502 2389 4564 D
2415 4507 2617 4560 νόντων
2676 4508 2932 4576 δαίμονες
2986 4508 3248 4576 γίνονται.
3285 4510 3351 4562 ὐ
3399 4509 3533 4579 μηδὲ
3565 4509 3839 4579 ἐννοήσειέ
3876 4527 3963 4575 τις
3992 4524 4008 4541 ·

723 4606 893 4650 errat.
917 4616 935 4648 ι
964 4596 1241 4651 Justorum
1266 4600 1622 4654 enimanima'.
1650 4602 1698 4653 in
1724 4617 1882 4654 manu
1906 4602 1998 4657 Dei
2021 4603 2209 4656 sunt“
2236 4621 2248 4655 ε
2280 4620 2299 4654 ι

724 4699 1069 4756 peccatorum
1100 4705 1231 4744 vero
1261 4699 1315 4745 et
1337 4691 1467 4759 ipsa:
1492 4691 1616 4745 hinc
1652 4690 2014 4756 abducuntur,
2040 4700 2097 4745 ut
2126 4692 2305 4745 anima

725 4779 910 4833 divitis
940 4780 1003 4834 ".

798 4955 952 5010 Vsus.
994 4956 1085 5011 99.
1113 4976 1132 5008 ι
1165 4955 1226 5010 Et
1248 4971 1375 5011 ecce
1401 4957 1706 5012 clamabant
1729 4959 1972 5013 dicentes
2001 4976 2015 5011 :
2052 4958 2188 5025 Quid
2214 4974 2308 5013 no-

2412 4601 2447 4669 ὴ
2472 4598 2619 4668 ψυχὴ
2646 4600 2755 4669 γὰρ
2784 4599 3098 4666 ἐξελθοῦσα,
3129 4602 3231 4654 οὑκ
3279 4602 3338 4655 ἐν
3364 4600 3439 4669 τῷ
3470 4601 3660 4671 κόσμῳ
3693 4600 3962 4655 πλανᾶται
3992 4619 4009 4634 ο

2414 4694 2471 4745 αἱ
2506 4692 2603 4761 μὲν
2627 4692 2731 4760 γάρ
2757 4692 2865 4743 τῶν
2888 4692 3137 4754 δικαίων,
3168 4695 3228 4745 ἐν
3276 4694 3420 4763 χειρὶ
3476 4692 3614 4758 Θεοῦ
3656 4710 3669 4722 ο
3696 4695 3754 4745 al
3797 4694 3853 4746 δὲ
3897 4697 4011 4747 τῶν

2414 4781 2782 4852 ἁμαρτωλῶν,
2817 4783 2911 4835 καὶ
2950 4783 3114 4836 αὑταὶ⁵
3161 4782 3314 4836 ἔνθεν
3374 4783 3797 4853 ἁπάγονται,ὠς
3846 4786 3878 4856 ἠ
3913 4785 4009 4839 τοῦ

2422 4872 2684 4925 πλουσίου
2698 4913 2710 4926 .

2495 4983 2511 5014 ι
2543 4965 2651 5016 Kal.
2686 4963 2796 5017 ἰδοὺ
2814 4963 3049 5035 ἔκραξαν
3064 4966 3336 5034 λέγοντες·
3374 4967 3439 5020 Τί
3464 4969 3597 5037 ἡμῖν
3629 4969 3725 5021 καὶ
3756 4969 3863 5034 σοὶ,
3901 4970 4012 5039 Ἰη-

720 5049 805 5103 bis
826 5057 878 5102 et
914 5048 1179 5113 tibiJesu
1209 5049 1279 5103 fili
1315 5048 1451 5104 Dei?
1488 5048 1693 5105 Venisti
1748 5052 1851 5106 Iino
1904 5062 2031 5107 ante
2082 5062 2299 5123 tempus
2402 5072 2413 5106 <

2402 5053 2500 5107 σοῦ
2528 5055 2624 5108 Υἱὲ
2654 5055 2749 5109 τοῦ
2781 5057 2917 5110 Θεοῦ
2942 5075 2955 5125 ;
2982 5054 3144 5129 ἦλθες
3166 5052 3268 5112 ὧδε
3317 5059 3423 5127 πρὸ
3449 5058 3646 5128 καιροῦ
3696 5060 3997 5130 βασανίσαι

723 5151 784 5195 ιιι
834 5151 1089 5210 torqueas
1144 5142 1280 5195 nos?
1334 5160 1354 5191 ι
1404 5141 1541 5195 Ecce
1599 5141 1792 5195 Filium
1848 5142 1937 5197 Del
1983 5146 2296 5213 praedicant,
2396 5148 2416 5197 t

2396 5148 2581 5215 ὴμᾶςς
2618 5166 2635 5199 ι
2681 5146 2811 5201 Ἰδοὺ
2850 5148 2978 5201 Υίὸν
3013 5148 3105 5202 τοῦ
3141 5148 3277 5201 Θεοῦ
3339 5149 3702 5219 κηρύσσουσι,
3733 5151 4004 5223 πρότερον

724 5234 877 5303 prius
905 5233 1224 5287 conﬁtentes
1250 5234 1582 5288 inimicitias.
1613 5232 1963 5289 Tormentum
2007 5247 2187 5291 autem
2247 5248 2303 5291 et
2395 5239 2417 5291 ό

2395 5238 2793 5309 ὁμολογοῦντες
2856 5240 2957 5309 τὴν
2988 5239 3209 5311 ἐχθραν.
3246 5239 3485 5295 Βάσανον
3526 5242 3583 5296 δὲ
3638 5241 3899 5312 ἡγοῦνται
3950 5242 4014 5297 τὸ

722 5324 1021 5379 cruciatum
1079 5332 1286 5393 putant,
1322 5325 1365 5379 si
1404 5340 1509 5378 non
1549 5325 1933 5393 permittantur
1981 5326 2171 5381 laedere
2202 5329 2297 5383 lio-

2404 5330 2479 5400 μὴ
2510 5331 2913 5403 συγχωρεῖσθαι
2942 5332 3147 5384 ἀδικεῖν
3176 5333 3302 5394 τοὺς
3326 5332 3650 5404 ἀνθρώπους
3682 5350 3695 5364 ·
3729 5335 3791 5387 τὸ
3820 5334 3877 5388 δι
3903 5334 4015 5406 πρὸ

722 5414 916 5469 mines.
976 5413 1126 5482 Quod
1166 5426 1344 5471 autem
1401 5416 1552 5481 dicit,
1581 5426 1710 5471 ante
1778 5428 2007 5486 tempus,
2064 5418 2303 5490 intellige
2401 5440 2415 5475 ι

2401 5423 2623 5495 καιροῦ,
2648 5425 2757 5476 νόει
2791 5425 2873 5477 ὅτι
2900 5423 3150 5496 ἐνόμιζον
3172 5424 3265 5479 τὸν
3294 5426 3533 5498 Χριστὸν
3560 5426 3635 5497 μὴ
3662 5425 4013 5496 ὑπομένοντα

786 5552 1018 5611 “Marc.
1048 5571 1097 5622 ν,
1134 5556 1202 5621 9;
1244 5556 1372 5611 Luc.
1414 5574 1532 5623 vm,
1566 5558 1658 5625 56,
1736 5559 1781 5590 ¹⁶
1815 5557 1942 5630 Sap.
1985 5574 2063 5617 Ill.
2099 5558 2151 5613 1.
2231 5561 2271 5591 ⁸⁵
2308 5562 2479 5619 Luc.)

1134 5556 1202 5621 9;
1244 5556 1372 5611 Luc.
1414 5574 1532 5623 vm,
1566 5558 1658 5625 56,
1736 5559 1781 5590 ¹⁶
1815 5557 1942 5630 Sap.
1985 5574 2063 5617 ιιι.
2099 5558 2151 5613 1.
2231 5561 2271 5591 ⁸⁵
2308 5562 2437 5619 Luc.
2467 5581 2579 5631 xw,
2610 5565 2633 5617 1
2670 5580 2824 5635 seqq.

1658 5702 1749 5761 Ex
1784 5700 2131 5767 collatione
2166 5701 2353 5767 codd.
2390 5706 2619 5771 Venet.
2654 5708 2719 5770 S.
2749 5706 2968 5771 Marci.

794 5816 874 5895 (Β)
911 5820 1213 5894 Πράγματι
1246 5822 1495 5893 βιωτικά,
1540 5828 1655 5882 cod.
1688 5828 1775 5884 3‘2.
