4288 6444
1583 402 2171 466 THEOPIIYLACTI
2201 401 2308 462 ‘BU
2319 396 2629 460 LGARl/E
2676 396 3035 457 ARCHIEP.

3875 392 3986 456 228

737 527 838 586 νὴ,
870 521 1111 578 ostendit
1147 537 1201 574 ει·
1238 521 1422 573 Deum.
1466 517 1659 589 Arguit
1709 520 1873 589 igitur
1928 534 2023 573 eos
2046 520 2220 573 ferme
2243 521 2322 570 sic
2353 525 2430 574 At

2353 525 2397 574 Α
2425 514 2701 567 δείκνυσιν
2733 510 2924 563 ἑαυτὸν
2947 509 3097 562 Θεὸν.
3146 506 3388 575 Ἐλέγχει
3431 506 3561 573 γοῦν
3604 508 4016 577 αὐτοὺςλέγων

736 617 925 668 dicens
966 630 979 665 :
1020 610 1128 665 Vos
1179 610 1395 680 quidem
1454 609 1658 677 putatis
1714 626 1800 665 me
1830 610 2225 680 blasphemnm,
2257 622 2322 661 eo

738 707 882 774 quod
913 702 1169 773 pollicear
1203 717 1286 755 me
1311 701 1606 767 remittere
1633 711 1879 769 peccata,
1929 701 1980 754 id
2012 700 2155 769 quod
2206 713 2321 751 ma-

734 812 893 867 gnum
920 794 1137 862 quidem
1175 801 1258 846 est
1298 810 1311 857 ;
1352 792 1567 845 videtur
1600 802 1780 844 autem
1834 792 1988 844 vobis
2039 792 2179 857 quod
2220 804 2321 857 ego

736 903 829 954 per
879 887 980 940 hoc
1033 883 1285 953 effugium
1354 899 1591 952 quanam
1657 895 1715 936 ut
1773 900 1878 938 non
1933 882 2319 951 reprehendar.

737 978 845 1045 Ego
882 978 1040 1044 igitur
1065 984 1119 1029 et
1172 989 1236 1027 ex
1279 974 1526 1041 corporis
1566 988 1696 1027 cura
1746 974 1901 1026 iidem
1958 972 2110 1027 vobis
2180 970 2321 1024 facio

733 1068 875 1131 quod
904 1066 1113 1118 animas
1150 1080 1377 1118 sanem:
1423 1061 1522 1118 Per
1584 1078 1698 1116 rem
1756 1064 2021 1117 minorem
2073 1061 2317 1132 quidem,

734 1158 826 1211 sed
854 1172 975 1224 qua:
1003 1154 1270 1210 diﬁicilior
1294 1158 1563 1221 videatur,
1591 1153 1926 1209 conﬁrmans
1957 1162 2011 1209 et
2057 1163 2315 1223 peccato-

735 1258 911 1301 torum
938 1248 1335 1309 remissionem,
1362 1262 1479 1315 qua:
1507 1260 1699 1316 magna
1729 1246 1949 1314 quidem
1979 1252 2083 1311 est,
2110 1245 2203 1300 sed
2238 1242 2319 1298 fa-

736 1339 889 1391 cilior
923 1338 1073 1393 vobis
1095 1340 1324 1399 videtur,
1357 1353 1420 1390 eo
1453 1339 1594 1403 quod
1626 1337 1808 1389 minus
1833 1347 2113 1404 appareat.

810 1427 972 1482 Vens.
998 1426 1114 1481 6-8.
1142 1445 1160 1477 ι
1192 1427 1266 1482 Ut
1298 1436 1474 1480 autem
1499 1426 1835 1494 sciatisquod
1870 1434 2189 1495 potestatem
2220 1424 2318 1478 ha-

735 1522 851 1575 heat
882 1519 1050 1573 Filius
1073 1519 1309 1572 hominis
1330 1533 1491 1586 super
1523 1528 1723 1572 terram
1760 1519 2040 1572 remittere
2070 1525 2313 1586 peccata,

735 1624 859 1664 tunc
880 1611 1010 1663 dicit
1047 1610 1368 1679 paralytico,
1399 1610 1571 1679 Surge
1606 1625 1621 1664 :
1649 1620 1703 1664 et
1744 1610 1870 1662 tolle
1903 1609 2098 1663 lectum
2135 1618 2313 1673 tuum,

731 1709 786 1754 ct
811 1702 943 1754 vade
995 1701 1044 1752 in
1073 1699 1293 1755 domum
1348 1709 1517 1753 tuam.
1567 1698 1927 1768 Surrexitque
1973 1700 2061 1754 ille
2107 1710 2160 1753 et
2183 1700 2317 1753 abiit

734 1795 785 1847 in
818 1794 1037 1849 domum
1060 1809 1236 1847 suam.
1273 1794 1338 1847 Et
1362 1808 1483 1847 cum
1506 1793 1770 1847 vidissent
1806 1792 2008 1857 turbae,
2032 1793 2315 1846 admiratae

2426 601 2650 655 τοιαῦτα
2684 617 2700 633 ο
2743 600 2937 669 Ὑμεῖς
2973 598 3071 668 μὲν
3113 596 3365 666 νομίζετέ
3418 614 3487 667 με
3545 597 3894 669 βλάσφημον,
3932 598 4014 660 ὡς

2422 696 2799 765 ὑποσχόμενον
2828 694 3047 761 ἀφιέναι
3070 690 3373 760 ἁμαρτίας.
3408 691 3547 760 ὅπερ
3573 691 3721 760 μέγα
3750 692 3850 762 μέν
3871 692 4015 744 ἐστι·

2421 790 2631 843 δοκεῖτε
2669 788 2727 840 δέ
2753 802 2821 856 με
2842 786 2921 848 εἰς
2957 784 3115 837 τοῦτο
3145 781 3516 850 καταφεύγειν
3545 782 3622 845 ὡς
3650 783 3716 836 ἂν
3746 783 3821 852 μὴ
3856 782 4017 849 ιλεγ-

2422 878 2558 947 χθῶ.
2638 874 2778 944 Ἐγὼ
2823 874 2881 927 δὲ
2936 875 3003 927 ὲκ
3055 872 3157 941 τῆς
3232 869 3326 923 τοῦ
3406 872 3656 942 σώματος
3718 864 4021 941 θεραπείας

2423 970 2766 1039 πιστὼσομαι
2797 968 2892 1020 καὶ
2935 965 3035 1035 τὴν
3066 964 3166 1033 τῆς
3205 962 3410 1036 ψυχῆς,
3444 964 3535 1017 διὰ
3579 963 3675 1017 τοῦ
3725 964 4018 1027 ιλάττονος

2425 1062 2547 1131 μὲν,
2577 1059 2984 1130 δυσκολωτέρου
3013 1056 3072 1110 δὲ
3109 1053 3419 1119 δοκοῦντος,
3461 1056 3697 1123 βεϐαιῶν
3750 1057 3846 1110 καὶ
3912 1056 4015 1125 τὴν

2420 1152 2530 1207 τῶν
2556 1152 2848 1223 ἁμαρτιῶν
2901 1151 3121 1219 ἄφεσιν,
3150 1148 3272 1215 ἥτις
3292 1146 3503 1217 μεγάλη
3528 1146 3647 1217 μὲν,
3671 1146 4018 1218 εὐκολωτέρα

2419 1244 2476 1297 δὲ
2516 1244 2645 1313 ὑμῖν
2676 1242 2828 1296 δοκεῖ
2844 1242 2935 1297 διὰ
2962 1240 3023 1294 τὸ
3046 1236 3258 1308 ἀφανὴς
3280 1231 3443 1291 εἶναι.

2496 1449 2515 1483 ι
2542 1431 2660 1482 ἰνα
2678 1428 2734 1480 δὶ
2756 1426 2956 1495 εἰδῆτε,
2982 1426 3066 1477 ὅτι
3090 1422 3340 1488 ἐξουσίαν
3366 1422 3479 1491 ἔχει
3497 1421 3525 1473 6
3548 1421 3673 1480 Υἱὸς
3694 1418 3788 1474 τοῦ
3815 1420 4020 1489 ἀνθρω-

2419 1540 2522 1575 που
2540 1523 2632 1575 ἐπὶ
2650 1519 2868 1589 τῆςξγῆς
2886 1517 3105 1587 ἀφιέναι
3118 1514 3415 1585 ἁμαρτίας,
3434 1513 3556 1565 τότε
3573 1512 3721 1579 λέγει
3741 1512 3820 1581 τῷ
3837 1528 4022 1583 παρα-

2417 1610 2638 1680 λυτικῷ
2680 1608 2995 1678 Ἐγερθεὶς,
3029 1603 3164 1677 ἆρόν
3203 1622 3297 1658 σου
3319 1608 3418 1673 τὴν
3458 1603 3668 1671 κλίνην,
3696 1602 3790 1655 καὶ
3838 1601 4021 1670 ὕπαγε

2419 1707 2501 1765 είς
2539 1703 2631 1756 τὸν
2681 1697 2832 1754 οἶκόν
2881 1716 2997 1752 σου.
3034 1699 3145 1751 Καὶ
3178 1696 3452 1765 ἐγερθεὶς,
3483 1693 3729 1764 ἀπῆλθεν
3777 1696 3859 1757 εἰς
3926 1694 4021 1747 τὸν

2421 1792 2572 1847 οἷκον
2618 1793 2808 1847 αὑτοῦ.
2851 1790 3075 1851 Ἰδόντες
3092 1787 3150 1840 δὲ
3165 1787 3215 1839 οι
3240 1784 3387 1855 ὄχλοι
3420 1784 3757 1855 ἐθαύμασαν,
3780 1784 3877 1836 καὶ
3901 1783 4021 1836 ἐδό-

731 1895 855 1939 sunt
877 1895 931 1939 et
953 1885 1393 1954 glorificaverunt
1417 1884 1606 1947 Deum,
1640 1883 1730 1952 qui
1789 1884 1938 1938 dedit
2001 1884 2314 1938 hominibus
2350 1860 2391 1919 Β
2422 1923 2424 1935 .

2350 1860 2391 1919 Β
2422 1887 2591 1952 ξασαν
2626 1882 2718 1937 τὸν
2750 1881 2884 1935 Θεὸν
2928 1880 3022 1933 τὸν
3068 1878 3229 1932 δόντα
3284 1875 3535 1941 ἐξουσίαν
3588 1874 3853 1944 τοιαύτην
3900 1877 4019 1937 τοῖς

735 1984 1061 2043 potestatem
1102 1974 1284 2028 talem.
1326 1993 1341 2025 ι
1376 1974 1616 2043 lnjunxit
1646 1976 1694 2028 ei
1734 1986 1791 2026 ut
1825 1974 2022 2027 lectum
2056 1985 2316 2044 gestaret,

735 2073 793 2120 ut
852 2079 921 2119 ne
967 2064 1250 2133 phantasia
1289 2064 1559 2128 videatur,
1590 2074 1643 2117 et
1693 2074 1750 2118 ut
1781 2065 1950 2119 turbze
1991 2066 2174 2129 simul,
2201 2081 2321 2135 quae

735 2157 1027 2211 maximum
1066 2158 1283 2225 quidem
1338 2159 1607 2222 omnium,
1636 2172 1829 2226 purum
1851 2166 2028 2211 tamen
2046 2154 2318 2211 hominem

732 2249 1011 2315 putabant,
1038 2247 1367 2299 miraculum
1399 2247 1735 2299 intueantur.

808 2338 970 2392 Vens.
1006 2339 1089 2393 9.(
1120 2337 1184 2391 Ει
1218 2340 1534 2406 praeteriens
1555 2335 1715 2391 Jesus
1739 2335 1847 2408 43
1879 2336 2047 2403 illinc,
2070 2338 2200 2392 vidit
2226 2338 2322 2391 ho-

734 2432 929 2485 minem
948 2434 1222 2484 sedentem
1254 2430 1305 2483 in
1328 2429 1547 2493 telonio,
1569 2430 1658 2497 qui
1683 2429 1967 2484 Matthmus
1984 2432 2265 2485 dicebatur
2297 2450 2311 2485 :

733 2532 787 2575 et
836 2522 965 2574 dicit
1027 2522 1125 2584 illi,
1154 2519 1394 2589 Sequere
1447 2535 1551 2574 me.
1581 2518 1648 2573 Et
1687 2536 1922 2589 surgens
1970 2533 2189 2576 secutus
2239 2534 2321 2577 est

731 2628 877 2666 eum.
912 2631 928 2661 ι
955 2610 1069 2664 Non
1091 2627 1212 2666 cum
1255 2612 1412 2664 Petro
1443 2621 1497 2665 et
1528 2609 1741 2665 Joanne
1766 2614 1911 2667 hunc
1951 2616 2191 2677 vocavit,
2225 2615 2321 2669 sed

731 2708 946 2771 quando
984 2704 1117 2757 vidit
1148 2702 1677 2771 obtemperaturum.
1726 2706 1818 2759 Sic
1848 2717 1903 2758 et
1947 2704 2170 2759 Paulum
2213 2721 2309 2761 vo—

730 2798 871 2850 cavit
899 2806 1083 2864 postea
1120 2810 1218 2849 sua
1253 2806 1516 2863 tempore.
1578 2795 1866 2849 Admirare
1919 2807 2096 2849 autem
2155 2811 2323 2851 evan-

732 2888 1000 2956 gelistam,
1033 2891 1311 2956 quomodo
1341 2890 1505 2941 vitam
1560 2903 1715 2942 suam
1746 2888 2014 2957 invulgat,
2070 2892 2321 2955 quamvis

732 2979 821 3032 alii
854 2978 1190 3047 numencjns
1215 2981 1585 3046 occultarum,
1627 2996 1749 3033 eum
1799 2981 2129 3049 appellantes
2169 2980 2320 3037 Levi.

733 3070 827 3125 Dei
859 3080 1039 3125 autem
1073 3088 1206 3140 opus
1241 3070 1363 3138 fuit,
1393 3071 1509 3126 solo
1531 3073 1694 3127 verbo
1729 3088 1851 3126 eum
1885 3073 2151 3127 converti.

805 3254 964 3308 Vens.
1007 3254 1087 3320 10,
1122 3252 1211 3308 11.
1255 3274 1272 3306 ι
1316 3255 1380 3309 Et
1420 3254 1619 3309 factum
1647 3268 1729 3312 est
1758 3259 1852 3314 illo
1887 3262 2235 3314 recumbente
2261 3260 2311 3313 in

729 3347 910 3411 ticum,
947 3362 1073 3401 ecce
1113 3346 1265 3400 multi
1303 3348 1571 3415 publicani
1600 3359 1653 3403 et
1678 3361 1995 3419 peccatores
2027 3360 2314 3417 venerunt,

731 3448 782 3491 et
820 3438 1180 3491 rccuhuerttut
1212 3453 1333 3491 cum
1363 3437 1489 3492 Jesu
1517 3450 1572 3493 et
1595 3439 1877 3511 discipulis
1916 3444 2052 3511 ejus.
2086 3442 2152 3497 Et
2186 3459 2310 3499 enni

733 3526 996 3581 vidissent
1046 3529 1332 3590 Pharismi,
1383 3531 1640 3585 dixerunt
1678 3533 1960 3604 discipulis
2003 3536 2163 3606 ejus:
2207 3536 2317 3591 Cur

734 3634 853 3671 cum
886 3621 1184 3688 publicanis
1216 3634 1269 3675 et
1312 3626 1693 3691 peccatoribus
1728 3628 1894 3681 sumit
1937 3628 2116 3682 cibum
2179 3646 2312 3699 praes

731 3725 917 3781 ceptor
946 3715 1154 3766 vester?
1199 3733 1215 3765 ι
1254 3714 1510 3771 Gaudens
1546 3716 1829 3773 Mattheus
1863 3722 2008 3788 quod
2043 3724 2107 3776 ad
2144 3738 2202 3777 se
2231 3723 2316 3776 di-

728 3804 980 3856 vertisset
1028 3800 1206 3868 Jesns,
1241 3804 1559 3871 publicanos
1598 3804 1734 3860 alios
1790 3808 2025 3864 vocavit.
2069 3806 2317 3863 Christus

727 3903 908 3947 autem
940 3895 1098 3947 simul
1137 3896 1457 3951 vescebatur
1489 3913 1610 3952 cum
1657 3898 1755 3963 eis,
1799 3910 1856 3952 ut
1902 3900 1983 3953 eis
2017 3904 2295 3969 prodesset

730 3986 946 4041 tametsi
992 3998 1211 4057 propter
1250 3992 1349 4043 hoc
1394 3990 1533 4045 male
1569 3991 1803 4046 audiret.
1844 3991 2105 4047 Pliariszei
2138 3994 2313 4058 enim,

731 4077 971 4131 volentes
1010 4080 1301 4147 discipulos
1334 4082 1399 4133 ab
1438 4097 1503 4135 eo
1549 4084 1779 4137 avellere
1804 4124 1817 4147 ,
1855 4085 2183 4138 accusabunt
2218 4100 2315 4152 pu-

731 4170 1059 4223 blicanorum
1088 4173 1413 4227 convivium.

802 4258 964 4315 Vens.
1002 4262 1185 4327 12,15.
1228 4285 1244 4315 ‹
1283 4264 1465 4330 Jesus,
1498 4268 1985 4335 ubiaudivit,dixit
2019 4271 2160 4327 illis:
2195 4273 2311 4329 Non

728 4367 862 4420 opus
913 4353 1110 4406 habent
1165 4356 1199 4406 ii
1242 4355 1331 4424 qui
1375 4356 1572 4421 valent,
1628 4359 1859 4425 medico,
1904 4362 1998 4414 sed
2037 4364 2177 4416 male
2219 4365 2314 4418 ba-

731 4446 939 4497 llet'lt‘s.
975 4442 1046 4498 lie
1077 4458 1275 4512 autem,
1302 4457 1353 4501 et
1380 4448 1568 4504 discite
1611 4452 1739 4520 quid
1767 4454 1859 4506 sit.
1889 4452 2311 4511 Misericordiain

2421 1977 2752 2048 ἀνθρώποις.
2781 1993 2798 2027 ι
2834 1971 3176 2044 Προσέταξεν
3207 1968 3356 2038 αὑτῷ
3376 1970 3475 2039 τὴν
3509 1968 3698 2038 κλίνην
3726 1968 4019 2037 βαστάσαι,

2425 2070 2511 2122 ἵνα
2556 2071 2630 2139 μὴ
2668 2067 2945 2137 φαντασία
2966 2064 3119 2135 δόξῃ,
3153 2063 3249 2116 καὶ
3298 2063 3413 2133 ἅμα
3445 2062 3531 2116 ἵνα
3558 2062 3741 2115 ῐδωσιν
3789 2060 3839 2113 οἱ
3871 2058 4023 2129 δχλοι

2420 2164 2482 2215 τὸ
2540 2163 2784 2230 σημεῖον,
2832 2159 2881 2211 οἱ
2939 2158 3017 2221 ὡς
3068 2155 3224 2225 ψιλὸν
3276 2156 3376 2225 μὲν
3410 2155 3699 2225 ἄνθρωπον
3755 2152 4011 2223 ἐνόμιζον

2422 2255 2607 2315 αὐτὸν,
2635 2254 2924 2323 κρείττονα
2982 2252 3174 2321 μέντοι
3205 2251 3443 2304 πάντων.

2501 2363 2521 2398 ι
2554 2346 2666 2399 Kal
2705 2346 2975 2413 παράγων
2997 2345 3026 2397 6
3065 2342 3273 2414 Ἰησοῦς
3300 2341 3533 2408 ἐκεῖθεν,
3563 2337 3703 2394 εἶδεν
3730 2339 4021 2410 ἄνθρωπον

2425 2433 2742 2502 καθήμενον
2790 2434 2886 2484 ἐπὶ
2943 2432 3004 2483 τὸ
3062 2430 3341 2493 τελώνιον,
3375 2433 3656 2486 Ματοαῖον
3695 2432 4016 2500 λεγόμενον,

2425 2526 2521 2579 καὶ
2539 2526 2697 2593 λέγει
2726 2524 2898 2592 αὐτῷ·
2932 2522 3248 2576 Ἀκολούθει
3277 2524 3518 2593 p.0t.Kal
3536 2523 3775 2586 ἀναστὰς
3802 2522 4022 2593 ἠκολού-

2426 2616 2593 2688 θησεν
2620 2617 2788 2687 αὐτῷ.
2829 2636 2847 2669 ι
2879 2616 2953 2669 Οὐ
2990 2615 3132 2684 μετά
3156 2615 3365 2686 Πέτρου
3385 2616 3479 2667 xal
3530 2614 3782 2668 Ἰωάννου
3826 2614 4019 2669 τοῦτον

2425 2709 2713 2773 ἐκάλεσεν,
2742 2707 2857 2761 ἀλλ’
2898 2708 2986 2760 ὅτε
3039 2706 3157 2778 ᾔδει
3202 2707 3663 2777 πεισθησὸμενον.
3718 2706 3875 2760 Οὕτω
3904 2706 4015 2776 γάρ

2425 2802 2519 2856 καὶ
2547 2801 2761 2855 Παῦλον
2798 2800 3057 2854 ἐκάλεσεν
3091 2798 3322 2869 ὕστερον
3381 2800 3469 2853 ὅτε
3504 2799 3696 2870 καιρὸς
3754 2794 3844 2870 ἦν.
3874 2800 4020 2854 Θαύο

2429 2911 2601 2964 μασον
2647 2894 2701 2946 δὲ
2764 2894 2857 2946 τὸν
2915 2891 3336 2963 ιῦαγγελιστὴν,
3392 2892 3511 2955 πῶς
3562 2892 4019 2962 ὲκπομπεύειτὸν

2426 2986 2620 3040 ἑαυτοῦ
2649 2986 2785 3055 βίον,
2811 2984 2988 3039 καίτοι
3018 2986 3067 3037 οί
3099 2984 3248 3038 ἀλλοι
3273 2985 3515 3055 ἔκρυψαν
3546 2986 3607 3038 τὸ
3627 2985 3797 3053 ὄνομα
3826 2982 4020 3051 αὑτοῦ,

2426 3078 2560 3131 Λευῖ
2590 3076 3139 3148 προσαγορεύσαντες
3176 3078 3339 3131 αὐτόν
3377 3094 3391 3108 ·
3424 3077 3561 3130 Θεοῦ
3614 3078 3672 3131 δὲ
3710 3078 3892 3147 ἔργον,
3942 3075 4021 3147 τῷ

2353 3204 2391 3260 c
2426 3168 2571 3238 λόγῳ
2604 3168 2749 3239 μόνῳ
2794 3170 3174 3239 μεταστρέψαι
3198 3169 3384 3223 αὐτόν.

2504 3278 2520 3311 ι
2551 3261 2660 3313 Kal
2698 3260 2916 3329 ἐγένετο
2947 3252 3113 3313 αύτοῦ
3148 3261 3514 3329 ἀνακειμένου
3545 3261 3602 3313 ὲν
3631 3262 3695 3330 τῇ
3724 3260 3894 3331 οἰκίᾳ,
3926 3262 4021 3312 καὶ

2428 3351 2537 3404 ίδοὺ
2566 3352 2745 3403 πολλοὶ
2762 3352 2991 3405 τελῶναι
3016 3353 3110 3405 καὶ
3144 3352 3482 3423 ἁμαρτωλοὶ,
3518 3353 3766 3413 meam;
3818 3368 4019 3406 συναν-

2425 3446 2633 3498 έκειντο
2653 3445 2728 3515 τῷ
2757 3446 2932 3516 Ἰησοῦ
2962 3449 3055 3498 καὶ
3081 3448 3196 3509 τοῖς
3258 3446 3526 3516 μαθηταῖς
3548 3449 3736 3500 αὐτοῦ’
3762 3448 3854 3499 καὶ
3887 3447 4023 3499 ίδόνς

2422 3553 2513 3599 τες
2548 3539 2596 3588 οἱ
2627 3538 2932 3606 Φαρισαῖοι,
2976 3532 3129 3589 εἷπον
3168 3540 3279 3599 τοῖς
3324 3538 3598 3608 μαθηταῖς
3637 3538 3827 3590 αὐτοῦ’
3865 3536 4023 3591 Διατί

2429 3629 2568 3699 μετὰ
2592 3628 2699 3680 τῶν
2727 3628 2975 3681 τελωνῶν
3003 3632 3099 3682 καὶ
3136 3630 3477 3699 ἁμαρτωλῶν
3512 3629 3685 3681 ἐσθίει
3713 3632 3739 3683 6
3764 3630 4025 3683 διδάσκα-

2427 3718 2515 3782 λος
2550 3719 2734 3789 ύμῶν;
2782 3738 2797 3768 ι
2829 3719 3271 3790 Εὑφραινόμενος
3298 3723 3323 3772 6
3355 3720 3632 3783 Ματθαῖος
3660 3724 3725 3791 τῇ
3764 3721 3856 3772 τοῦ
3886 3721 4024 3791 Χρι-

2428 3809 2554 3862 στοῦ
2581 3810 2839 3881 ὑποδοχῇ,
2879 3814 3005 3874 τοὺς
3034 3810 3276 3873 τελώνας
3304 3813 3553 3874 ἐκάλεσε,
3596 3816 3941 3866 συνεστιᾶται
3968 3812 4026 3865 δὲ

2426 3903 2610 3964 αὐτοῖς
2645 3904 2672 3955 6
2711 3904 2971 3974 Χριστὸς,
3022 3903 3162 3956 ὥστε
3198 3904 3482 3973 ὠφελῆσαι
3515 3905 3737 3970 αὐτοὺς,
3793 3904 3896 3959 κᾶν
3934 3904 4025 3958 διὰ

2424 3995 2582 4048 τοῦτο
2612 3995 2876 4064 ἐψέγετο’
2902 3997 2951 4049 ol.
2979 3997 3086 4069 γὰρ
3112 3997 3425 4067 Φαρισαῖοι,
3452 3996 3699 4060 θέλοντες
3716 3998 4026 4066 ἀποστῆσαι

2424 4085 2588 4139 αὑτοῦ
2629 4090 2754 4151 τοὺς
2782 4081 3052 4158 μαθητὰς,
3095 4088 3375 4141 διὲὖαλλον
3416 4090 3515 4155 τὴν
3554 4089 3695 4159 μετά
3722 4090 3829 4142 τῶν
3852 4088 4022 4142 τελω-

2423 4182 2531 4233 νῶν
2569 4182 2938 4235 συνεστίασιν.

2500 4292 2517 4324 ι
2574 4275 2631 4327 '0
2668 4277 2723 4328 δὲ
2772 4276 2978 4345 Ἰησοῦς
3011 4276 3274 4339 ἀκούσας,
3313 4271 3465 4330 εἶπεν
3496 4278 3702 4341 αὐτοῖς’
3733 4279 3808 4331 Οὐ
3834 4278 4026 4349 χρείαν

2424 4366 2637 4435 ἔχουσιν
2669 4370 2717 4421 οἱ
2757 4369 3038 4437 ἰσχύοντες
3074 4370 3280 4439 ἰατροῦ,
3316 4371 3433 4423 ἀλλ’
3478 4372 3526 4423 οἱ
3561 4371 3747 4435 κακῶς
3780 4372 4022 4442 ἔχοντες.

2427 4459 2789 4530 Πορευθέντες
2820 4460 2875 4511 δὲ
2908 4461 3109 4529 μάθετε
3149 4461 3200 4512 τί
3244 4462 3361 4514 ἐστι
3397 4463 3479 4514 τό·
3522 4462 3711 4514 Ἔλεον
3744 4464 3901 4528 θέλω,
3934 4466 4031 4517 καὶ

734 4533 877 4596 volo,
922 4544 973 4585 ct
1017 4551 1119 4586 non
1170 4538 1520 4591 sacriticium.
1573 4539 1691 4594 Non
1740 4544 1884 4597 enim
1951 4547 2066 4598 veni
2119 4564 2311 4603 vocare
2354 4574 2427 4628 Di

2354 4575 2393 4628 ι)
2420 4555 2479 4604 οὑ
2501 4552 2807 4607 θυσίαν.οὺ
2830 4552 2935 4624 γάρ
2954 4549 3115 4623 ἦλθον
3144 4554 3371 4607 καλέσαι
3395 4554 3657 4619 δικαίους,
3682 4557 3816 4609 ἀλλὰ
3839 4559 4026 4627 ἀμαρ-

728 4624 920 4693 justus,
953 4629 1043 4701 sed
1077 4635 1393 4694 peccatores
1433 4634 1498 4681 ad
1522 4633 1922 4697 pcenitentiam.
1968 4654 1986 4686 ι
2026 4635 2140 4689 Νοιι
2175 4641 2318 4703 veni,

736 4714 929 4781 inquit,
950 4717 1566 4786 nunctanquanijudex,
1603 4724 1694 4774 sed
1728 4730 1784 4775 ut
1808 4724 2048 4777 medicus
2076 4741 2088 4777 :
2112 4729 2251 4780 unde
2269 4739 2323 4780 et

735 4806 982 4858 fetorem
1014 4805 1150 4861 fero.
1186 4807 1375 4877 Arguit
1410 4820 1588 4866 autem
1634 4812 1753 4867 illos
1800 4824 1857 4867 ut
1902 4815 2206 4885 imperitos,
2243 4819 2322 4869 di-

732 4912 882 4966 cens,
919 4897 1016 4962 lte,
1048 4910 1099 4953 et
1129 4902 1345 4968 discite,
1378 4902 1482 4957 hoc
1511 4914 1614 4969 est,
1646 4906 1769 4973 quia
1805 4907 2071 4962 baetenus
2099 4925 2204 4961 non
2238 4908 2325 4963 di-

730 4993 961 5060 dicistis,
1000 4994 1077 5048 vel
1124 4996 1313 5050 saltem
1365 5013 1514 5052 nunc
1542 4999 1614 5053 ite
1646 5007 1700 5053 et
1745 5000 1957 5068 discite,
1997 5006 2143 5072 quod
2180 5001 2323 5057 Deus

730 5088 901 5156 pluris
937 5086 1064 5141 facit
1100 5089 1526 5143 misericordiam
1564 5091 1616 5143 in
1656 5104 1991 5159 peccatores,
2034 5112 2195 5163 quam
2233 5114 2322 5150 su-

732 5181 1015 5234 criﬁcium.
1062 5180 1213 5246 Quod
1261 5194 1441 5235 autem
1488 5182 1639 5249 dicit,
1690 5182 1807 5237 Non
1843 5188 1961 5240 veni
2011 5204 2204 5243 vocare
2236 5191 2326 5259 ju—

734 5282 868 5335 stus,
929 5288 1024 5341 per
1061 5274 1287 5325 ironiam
1326 5276 1478 5336 dicit,
1524 5276 1621 5327 hoc
1653 5285 1759 5340 est,
1796 5291 1908 5342 vos,
1941 5281 2029 5345 qui
2057 5280 2327 5349 justiﬁca-

734 5364 802 5417 tis
836 5363 1191 5434 vcsnietipsos
1225 5382 1236 5417 :
1270 5368 1393 5434 quia
1436 5366 1617 5421 nullus
1662 5368 1941 5421 hominum
1981 5382 2097 5424 erat
2122 5373 2324 5442 justus.

739 5455 891 5509 Venit
942 5458 1104 5527 igitur
1151 5473 1347 5514 vocare
1403 5470 1744 5528 peccatores,
1800 5477 1905 5517 non
1958 5474 2014 5517 ut
2072 5478 2325 5523 maneant

732 5563 1064 5621 peccatores,
1097 5552 1189 5606 sed
1222 5562 1279 5607 ut
1314 5552 1659 5623 rcsipiscanl.

732 5838 871 5874 “0.1..

2416 4645 2617 4707 τωλοὺς
2648 4648 2726 4706 εἰς
2762 4647 3071 4715 μετὰνοιαν.
3114 4668 3130 4698 ι
3182 4648 3298 4702 Οὐκ
3341 4645 3525 4716 ἦλθον,
3592 4651 3749 4719 φησὶ,
3806 4650 3902 4700 νῦν
3952 4649 4027 4711 ὼς

2422 4736 2641 4807 κριτὴς,
2671 4737 2787 4789 ἀλλ’
2818 4740 2893 4800 ὡς
2925 4740 3135 4809 ἰατρὸς,
3163 4738 3285 4792 ὅθεν
3310 4742 3402 4793 καὶ
3426 4741 3694 4805 δυσωδίας
3726 4742 4021 4811 ἀνέχομαι.

2426 4828 2669 4898 Ἐλέγχει
2700 4830 2755 4882 δὲ
2788 4831 2983 4893 αὐτοὺς
3012 4833 3105 4884 καὶ
3128 4832 3201 4895 ὡς
3229 4833 3483 4902 ἀμαθεῖς,
3508 4834 3704 4901 λέγων·
3730 4834 4005 4905 Πορευθέν
4028 4872 4031 4873 ν

2421 4938 2515 4985 τες
2552 4923 2778 4992 μάθετε,
2813 4923 3119 4988 τουτέστιν,
3152 4926 3273 4977 ἐπεὶ
3306 4926 3472 4996 μέχρι
3503 4924 3599 4977 τοῦ
3626 4926 3721 4979 νῦν
3749 4927 3849 4979 οὐκ
3890 4928 4032 4996 ἐμά-

2428 5014 2571 5078 θετε,
2608 5016 2710 5069 κᾶν
2750 5017 2858 5068 ἀπὸ
2882 5016 2975 5069 τοῦ
3008 5016 3101 5069 νῦν
3131 5019 3397 5071 ἀπέλθετε
3444 5022 3536 5072 καὶ
3572 5020 3795 5089 μάθετε,
3824 5021 3907 5073 ὅτι
3941 5020 4032 5072 τὸν

2432 5110 2510 5168 εἰς
2552 5108 2677 5171 τοὺς
2721 5108 3087 5179 ἁμαρτωλοὺς
3130 5112 3279 5163 ἔλεον
3318 5115 3565 5184 προτιμᾷ
3607 5114 3715 5167 τῶν
3760 5115 3958 5167 θυσιῶν
4003 5114 4033 5165 6

2427 5199 2580 5261 θεὸς.
2610 5199 2683 5251 Τὸ
2712 5201 2788 5265 δὲ,
2819 5202 2932 5253 Οὐκ
2965 5197 3131 5270 ἦλθον
3176 5203 3401 5258 καλέσαι
3443 5204 3708 5270 δικαίους,
3741 5206 4035 5276 εἰρωνευό-

2429 5308 2587 5363 μενος
2630 5290 2803 5358 λέγει,
2837 5292 3120 5346 τουτέστιν
3162 5295 3307 5362 ὑμᾶς
3353 5297 3480 5360 τοὺς
3521 5297 3868 5360 δικαιοῦντας
3900 5299 4033 5350 ἑαυ-

2428 5385 2575 5447 τοὺς,
2610 5386 2735 5437 ἐπεὶ
2758 5385 2937 5448 οὐδεὶς
2966 5385 3075 5439 τῶν
3098 5384 3400 5457 ἀνθρώπων
3423 5390 3541 5442 ἐστὶ
3571 5390 3795 5452 δίκαιος.
3826 5384 4035 5443 Ἦλθον

2429 5474 2522 5528 οῦν
2557 5477 2785 5531 καλέσαι
2813 5479 3196 5547 ἁμαρτωλοὺς,
3226 5483 3325 5554 οὐχ
3352 5482 3438 5536 ἵνα
3471 5485 3729 5553 μείνωσιν
3763 5485 4032 5555 ἁμαρτω-

2433 5566 2535 5633 λοὶ,
2571 5570 2688 5623 ἀλλ’
2736 5571 2824 5623 ἵνα
2873 5574 3275 5644 μετανοήσωσι.

806 5750 1041 5818 WEdit.
1087 5753 1208 5808 Lut.
1288 5755 1514 5812 Videant
1580 5760 1925 5830 miraculum,
1996 5764 2287 5821 maximum
2341 5770 2551 5838 quidem
2630 5772 2867 5829 omnium
2914 5779 3306 5847 eastimabanl,
3360 5798 3554 5846 purum
3621 5791 3796 5838 tamen
3858 5784 4034 5839 [tomi-
