4288 6444
289 422 400 484 299

947 410 1399 478 ENARRATIO
1439 415 1519 476 IN
1553 411 2063 476 EVANGELlUM
2110 409 2496 470 MATTHEI.
2537 432 2601 444 --
2640 407 2799 467 αλιι.
2844 406 2945 464 lX.

3487 398 3593 464 230
3620 378 3624 384 ’

350 550 368 579 ε
417 527 552 583 Τότε
590 529 987 599 προσέρχονται
1023 526 1176 597 αύτῷ
1211 525 1262 579 0i.
1316 522 1564 596 μαθηταὶ
1605 522 1882 584 Ἰωάννου,

2041 518 2231 591 ,νειιςμ
2300 519 2386 573 14.
2449 537 2466 569 ι
2529 517 2682 571 Tunc
2739 515 3008 570 accedunt
3047 513 3113 566 ad
3167 526 3288 565 eum
3345 511 3592 579 discipuli

262 624 556 684 λέγοντες·
591 624 751 676 Διατί
800 625 962 693 ἡμεῖς
994 623 1092 676 καὶ
1141 622 1192 675 οἱ
1223 621 1512 690 Φαρισαῖοι
1547 616 1888 687 νηστεύομεν

2007 612 2238 676 lnanuis,
2268 610 2510 665 dicentes
2543 627 2558 662 :
2593 608 2772 674 Quare
2793 623 2890 660 nos
2918 616 2972 660 et
2993 603 3253 659 Pharisaei
3283 603 3597 671 jcjunatnus

266 712 465 776 πολλὰ,
491 713 620 767 οἱδέ
649 711 894 784 μαθηταὶ
919 727 1014 766 σου
1047 711 1110 765 ού
1136 710 1528 782 νηστεύουσινς
1567 727 1585 760 ι
1613 708 1678 760 Οἱ
1709 707 1889 777 μαθη-

265 809 361 860 ταὶ
409 807 687 876 Ἰωάννου,
745 804 1074 876 φθονοῦντες
1127 808 1196 876 τῇ
1248 804 1378 875 δόξῃ
1448 801 1548 856 τοῦ
1612 799 1884 873 Χριστοῦ,

267 899 604 967 ἐγκαλοῦσιν
650 898 802 970 αὐτῷ
853 899 930 970 μὴ
973 897 1325 968 νηστεύοντι·
1367 895 1734 967 διηποροῦντο
1779 897 1891 964 γὰρ

270 999 434 1056 ἴσως,
455 997 575 1059 πῶς
599 995 732 1049 ἀνευ
759 997 1050 1065 ἀσκήσεως
1072 993 1142 1047 τὰ
1170 991 1319 1062 πάθη
1348 993 1496 1062 νικᾷ,
1525 991 1663 1061 ὅπερ
1705 989 1892 1044 Ἰωάν-

270 1106 371 1157 νηε
396 1087 505 1140 οὐκ
525 1087 750 1156 ἴσχυσεν
773 1101 786 1113 ·
821 1083 1056 1154 ἠγνόουν
1083 1083 1194 1153 γάρ
1228 1083 1310 1136 ὅτι
1348 1081 1607 1151 Ἰωάννης
1639 1081 1740 1151 μὲν
1797 1081 1893 1135 ἀν-

274 1178 498 1248 θρωπος
527 1176 705 1243 ψιλὸς,
743 1177 838 1228 καὶ
870 1172 931 1240 ἐξ
975 1174 1182 1246 ἀρετῆς
1218 1171 1433 1236 δίκαιος
1457 1189 1472 1204 ο
1522 1172 1764 1244 Χριστὸς
1808 1173 1890 1235 δὲ,

278 1271 614 1341 αὶτοαρετὴ,
649 1271 724 1333 ὡς
745 1270 900 1332 Θεός.

360 1474 379 1505 ς
419 1451 591 1507 Εἱπεν
619 1451 715 1505 οὖν
739 1452 928 1515 αὐτοῖς
960 1453 988 1504 6
1037 1447 1272 1521 Ἰησοῦςο
1300 1450 1392 1520 Μὴ
1425 1449 1683 1504 δύνανται
1711 1451 1760 1503 οἱ
1788 1451 1896 1504 υἱοὶ

279 1547 375 1601 τοῦ
422 1546 717 1617 νυμφῶνος
760 1544 1002 1606 πενθεῖν,
1057 1544 1143 1614 ἐφ’
1193 1544 1320 1596 ὅσον
1372 1543 1490 1613 μετ’
1532 1543 1716 1597 αὐτῶν
1749 1546 1896 1596 ἐστιν

279 1641 310 1694 6
341 1640 615 1709 νυμφίος;
652 1636 1002 1690 Ἐλεύσονται
1042 1636 1098 1689 δέ
1127 1636 1333 1706 ἡμέραι
1361 1636 1493 1688 ὅταν
1541 1634 1764 1705 ἀπαρθῇ
1801 1634 1896 1687 ἀπ’

281 1731 465 1784 αὐτῶν
512 1732 541 1784 6
580 1729 837 1798 νυμφίος,
874 1728 968 1780 καὶ
1006 1726 1128 1780 τότε
1179 1723 1597 1792 νηστεύσουσιν.
1639 1742 1657 1774 ι
1681 1724 1896 1815 Χαρᾶς,

1994 704 2332 773 frequenter,
2368 701 2616 770 discipuli
2647 710 2826 754 autem
2853 701 2927 753 tui
2959 712 3065 751 non
3089 695 3384 766 jejuuant?
3415 713 3433 745 ι
3465 693 3585 748 Dis-

1994 799 2158 867 cipuli
2226 777 2727 853 Joannis’invident
2752 795 2935 866 glorias
2966 791 3192 856 Christi,
3226 802 3278 845 et
3306 789 3600 858 reprehen-

1993 891 2129 947 dunt
2169 906 2292 945 eum
2338 905 2444 944 non
2474 888 2836 959 jejunantem.
2903 885 3239 939 Dubitahant
3289 883 3434 936 cnim
3487 879 3600 937 for-

1998 995 2144 1039 tasse
2190 983 2466 1054 quomodo
2517 987 2762 1034 vmceret
2809 980 3015 1045 absque
3064 976 3311 1044 corporis
3359 974 3599 1044 castiga-

2000 1081 2146 1134 tione
2178 1075 2517 1137 affectiones,
2552 1073 2602 1125 id
2637 1070 2782 1141 quod
2812 1068 3056 1122 Joannes
3082 1083 3186 1121 non
3219 1067 3415 1135 potuit.
3445 1065 3602 1134 Igno-

1998 1171 2194 1225 rahant
2246 1167 2392 1220 enim
2441 1164 2583 1234 quod
2624 1161 2860 1216 Joanne?
2908 1159 3071 1212 homo
3111 1168 3255 1211 esset
3300 1171 3490 1226 purus,
3543 1165 3598 1209 et

2001 1265 2203 1316 virtute
2229 1261 2430 1328 justus.
2460 1256 2718 1312 Christus
2755 1262 2934 1306 autem
2993 1241 3168 1304 virtus
3223 1249 3373 1316 ipsa,
3418 1257 3604 1316 utpote

2003 1353 2239 1500 Drszhs.
2275 1443 2362 1498 l5.
2399 1460 2416 1493 ι
2458 1439 2601 1493 Dixit
2626 1437 2792 1507 igitur
2821 1434 2928 1488 illis
2960 1431 3159 1486 Jcsus:
3200 1427 3339 1482 Num
3375 1435 3606 1497 possunt

2005 1542 2098 1594 ﬁlii
2132 1538 2358 1593 thalami
2410 1536 2597 1603 lugere
2647 1530 2890 1601 quandiu
2938 1542 3061 1582 cum
3099 1526 3178 1580 eis
3210 1535 3292 1577 est
3334 1523 3605 1592 sponsus?

2006 1635 2240 1690 Venient
2273 1641 2457 1686 autem
2501 1630 2620 1684 dies
2662 1642 2784 1681 cum
2829 1623 3110 1678 auferetur
3144 1620 3210 1673 ah
3242 1619 3320 1672 eis
3348 1632 3602 1684 sponsus,

2002 1738 2057 1784 ct
2110 1737 2239 1783 tunc
2291 1725 2639 1796 jejunabunt.
2696 1739 2713 1772 ι
2788 1718 3057 1778 Ρισιεεηε,
3123 1713 3319 1782 inquit,
3373 1721 3604 1779 tempus,

283 1824 484 1894 φησὶν,
517 1822 546 1874 6
580 1821 778 1890 παρὼν
809 1818 1027 1890 καιρὸς,
1059 1817 1166 1880 ἓως
1213 1810 1275 1871 οὗ
1312 1816 1451 1886 μετά
1481 1816 1591 1868 τῶν
1639 1803 1899 1886 μαθητῶν

2007 1831 2220 1887 tempus
2269 1817 2450 1889 gaudii
2504 1823 2608 1878 est,
2658 1811 2898 1882 quandiu
2959 1821 3084 1862 cum
3119 1803 3402 1873 discipulis
3459 1818 3604 1858 sum.

279 1878 420 1982 έιρι.
448 1878 708 1982 Ιῆυμφίον
733 1908 845 1980 γὰρ
877 1878 1072 1963 ἑαυτόν
1097 1878 1380 1978 ὀνομάζει,
1411 1907 1488 1971 ὡς
1517 1878 1896 1979 ἁρμοζόμενον

2008 1914 2281 1984 Sponsum
2328 1910 2476 1966 enim
2525 1908 2765 1976 seipsum
2818 1912 2998 1966 vocat,
3046 1899 3189 1969 quod
3240 1904 3456 1965 cooptet
3504 1894 3606 1950 sibi

280 2004 465 2074 ἐαυτῷ
493 2006 596 2075 τὴν
630 2003 771 2065 ,νέαν
823 2001 1175 2071 συναγωγὴν,
1221 1998 1609 2070 ἀποθανούσης
1647 2001 1748 2069 τῆς
1789 2018 1896 2052 πα-

278 2096 442 2158 λαιᾶς
464 2112 477 2126 ·
507 2096 662 2158 υἱοὺς
694 2095 751 2147 δέ
779 2092 1093 2163 νυμφῶνος,
1127 2091 1254 2155 τοὺς
1313 2091 1671 2155 ἀποστόλους.
1703 2091 1900 2144 Ἔσται

277 2189 376 2246 οῦν
395 2190 612 2258 καιρὸς,
641 2187 835 2259 φησὶν,
861 2187 972 2253 ὅτε,
1001 2185 1138 2257 ἐμοῦ
1157 2185 1426 2250 παθόντος
1446 2187 1543 2240 καὶ
1559 2183 1901 2256 ἀναληφθέν-

277 2302 392 2348 ‹ος,
425 2283 822 2353 νηστεύσουσιν
867 2283 925 2333 ἐν
959 2279 1108 2350 λιμῷ
1154 2280 1249 2332 καὶ
1276 2279 1406 2349 δίψῃ
1440 2277 1789 2348 διωκόμενοι.
1828 2277 1901 2330 Τὸ

280 2377 481 2440 ἀτελὲς
509 2377 567 2430 δέ
591 2375 703 2429 τῶν
738 2372 1005 2445 μαθητῶν
1029 2371 1318 2434 δεικνύων,
1353 2372 1576 2436 ἐπάγει·

363 2581 380 2612 ι
422 2561 615 2624 Οὐδεὶς
652 2560 710 2614 δὲ
743 2558 1033 2614 ἐπιϐάλλει
1069 2558 1353 2628 ἐπίϐλημα
1403 2559 1606 2628 ῥάκους
1650 2555 1900 2624 ἀγνάφου

281 2655 381 2708 ἐπὶ
410 2655 615 2726 ίματίῳ
639 2653 878 2725 παλαιῷ,
904 2653 1050 2724 αἴρει
1075 2655 1186 2725 γὰρ
1207 2654 1269 2707 τὸ
1293 2654 1570 2722 πλήρωμα
1595 2650 1764 2704 αὐτοῦ
1795 2649 1903 2703 ἀπὸ

281 2749 381 2804 τοῦ
416 2750 659 2821 ἱματίου,
701 2751 798 2803 καὶ
834 2751 1020 2819 χεῖρον
1057 2749 1268 2818 σχίσμα
1314 2749 1548 2816 γίνεται.
1590 2745 1726 2798 Οὐδὲ
1769 2743 1901 2814 βάλ-

283 2842 474 2894 λουσιν
517 2835 664 2892 οἶνον
699 2839 819 2893 νέον
852 2841 932 2902 εἱς
966 2839 1171 2901 ἀσκοὺς
1215 2837 1482 2901 παλαιούς
1507 2852 1521 2867 ⁶
1558 2837 1607 2890 εξ
1643 2836 1699 2888 δέ
1733 2835 1901 2905 μήγε,

289 2935 597 3006 ῥήγνυνται
621 2933 670 2986 οἱ
694 2932 880 2999 ἀσκοὶ,
909 2932 1048 2985 καὶὸ
1067 2927 1212 2994 οἶνος
1235 2932 1516 3000 ἐκχεῖται,
1535 2928 1630 2982 καὶ
1658 2928 1708 2981 οἱ
1740 2927 1904 2980 ἀσκοὶ

288 3029 647 3084 ἀπόλλυνται·
696 3026 838 3083 άλλά
882 3027 1175 3098 βάλλουσιν
1219 3022 1367 3080 οἶνον
1413 3027 1535 3079 νέον
1587 3026 1668 3087 εἱς
1699 3024 1906 3087 ἀσκοὺς

292 3123 541 3184 καινοὺς,
575 3121 669 3174 καὶ
695 3123 989 3193 ἀμφότερα
1023 3116 1681 3190 συντηροῦνται.»05τιω,
1711 3120 1903 3188 φησὶν,

291 3217 344 3270 οἱ
377 3216 621 3287 μαθηταὶ
650 3215 944 3306 γεγόνασιν
978 3214 1216 3286 ἱσχυροὶ,
1256 3213 1395 3267 ἀλλά
1431 3209 1902 3280 συγκαταϐάσεως
1933 3247 1977 3306 C

291 3306 504 3360 δέονται
525 3322 540 3338 ο
569 3306 667 3359 καὶ
694 3305 755 3358 οὺ
781 3304 889 3376 χρὴ
923 3305 1092 3375 βάρος
1152 3305 1337 3368 αὐτοῖς
1370 3302 1675 3357 ἐπιτιθέναι
1700 3302 1902 3355 ἐπιτα-

293 3398 545 3466 γμάτων.
573 3396 765 3450 Ταῦτα.
785 3398 842 3450 δέ
867 3397 1044 3466 ἔλεγε,
1069 3398 1341 3451 διδάσκων
1362 3399 1458 3451 καὶ
1479 3396 1606 3460 τοὺς
1631 3395 1905 3467 μαθητάς,

299 3491 385 3542 ἵνα
403 3491 499 3543 καὶ
525 3490 707 3554 αὐτοὶ,
737 3491 872 3543 ὅταν
900 3489 1254 3560 μαθητεύωσι
1278 3490 1378 3560 τὴν
1404 3489 1754 3559 οἰκουμένην,
1785 3505 1911 3555 συγ-

297 3580 696 3635 καταϐαίνωσι.
743 3580 939 3645 Ῥάκος
985 3578 1081 3636 οὖν
1140 3582 1384 3652 ἀγναφον
1434 3584 1466 3653 ἠ
1511 3568 1780 3653 νηστεία,
1816 3582 1911 3635 καὶ

297 3670 443 3739 οἶνος
476 3674 638 3739 νέος·
676 3676 895 3746 ἱμάτιον
942 3676 1000 3729 δέ
1046 3675 1280 3730 παλαιὸν
1329 3675 1424 3730 καὶ
1465 3675 1650 3743 ἀσκοὶ,
1677 3677 1710 3746 ὴ
1742 3675 1911 3729 ἀσθέ-

300 3786 420 3822 νεια
446 3769 555 3822 τῶν
586 3768 870 3840 μαθητῶν.

377 3879 397 3912 ι
443 3860 628 3913 Ταῦτα
667 3859 837 3913 αὑτοῦ
889 3858 1180 3924 λαλοῦντος
1213 3861 1421 3927 αὐτοῖς,
1455 3862 1565 3918 ίδοὺ
1604 3863 1790 3935 ἀρχων
1824 3880 1909 3927 τις

301 3953 635 4026 προσεκύνει
659 3953 832 4024 αὐτῷ,
865 3954 1043 4022 λέγων
1062 3972 1077 3988 ο
1123 3954 1188 4008 Ἦ
1216 3955 1466 4028 θυγάτηρ
1504 3974 1605 4026 μου
1632 3957 1760 4028 ἄρτι
1789 3959 1909 4011 ἐτε-

301 4045 589 4116 λεύτησεν,
610 4046 750 4100 ἀλλά
768 4045 944 4100 ἐλθὼν
963 4046 1156 4111 ἐπίθες
1177 4048 1278 4119 τὴν
1302 4048 1463 4118 χεῖρά
1487 4065 1581 4102 σου
1606 4050 1694 4102 ἐπ’
1713 4049 1909 4120 αὐτὴν,

301 4141 396 4196 ιιι
425 4136 686 4208 ζήσεταιο
742 4139 836 4190 καὶ
888 4136 1143 4208 ἐγερθεὶς
1189 4139 1217 4190 6
1283 4138 1492 4208 Ἰησοῦς
1537 4139 1914 4211 ἠκολούθησεν

301 4230 473 4302 αὐτῷ,
504 4232 600 4284 καὶ
626 4230 675 4283 οἱ
710 4229 956 4302 μαθηταὶ
981 4230 1172 4287 αὑτοῦ.
1210 4250 1229 4283 ›
1265 4232 1526 4286 Φαίνεται
1559 4234 1745 4286 πίστιν
1772 4231 1914 4303 ἔχων

302 4319 480 4391 οὗτος,
513 4326 562 4378 ει
598 4326 693 4377 καὶ
740 4323 816 4396 μὴ
851 4324 1099 4396 μεγάλην
1122 4340 1136 4354 ·
1171 4326 1486 4397 παρακαλεῖ
1527 4326 1637 4396 γάρ
1668 4325 1761 4378 τὸν
1805 4325 1915 4395 Ἰη-

305 4413 455 4483 σσῦν,
493 4417 617 4487 οὐχὶ
647 4416 791 4486 λόγῳ
837 4417 988 4486 μόνῳ
1031 4415 1234 4481 εἰπεῖν,
1270 4415 1411 4470 ἀλλὰ
1442 4419 1539 4470 καὶ
1588 4416 1789 4484 ἐλθεῖν,
1821 4418 1916 4470 καὶ

301 4510 404 4580 τὴν
430 4510 590 4578 χεῖρα
618 4505 914 4560 ἐπιθεῖναι.
940 4505 1407 4576 Τετελευτηκέναι
1435 4507 1493 4559 δὲ
1518 4505 1668 4574 λέγει
1692 4506 1791 4580 τὴν
1821 4507 1917 4562 θυε-

301 4575 534 4671 γάτέρα,
563 4599 740 4654 καίτοι
775 4599 870 4653 τοῦ
915 4600 1105 4653 Λουκᾶ
1129 4575 1387 4668 λέγοντος
1437 4599 1515 4664 ὡς
1557 4598 1716 4654 οὔπω
1746 4575 1905 4656 ἰτετε-

2029 4600 2219 4662 ﬁliam,
2271 4591 2520 4664 quamvis
2564 4584 2707 4658 apud
2749 4581 2954 4645 Lucam
2989 4575 3203 4630 dicatur
3239 4583 3269 4621 η

301 4691 594 4764 λεύτηκεν,
639 4689 673 4762 ἢ
716 4691 793 4756 ὡς
826 4692 1252 4762 στοχαζόμενος,
1303 4692 1392 4746 διὰ
1437 4692 1500 4746 τὸ
1545 4693 1603 4744 ἐν
1653 4693 1917 4764 ἐσχάταις

301 4787 604 4849 ἀναπνοαῖς
630 4784 803 4855 αὐτὴν
829 4786 1081 4855 ἀφεῖναι,
1136 4785 1169 4856 ἢ
1199 4783 1452 4849 αὐξάνων
1475 4785 1574 4858 τὴν
1601 4787 1912 4860 συμφοράν,

302 4878 376 4941 tiu;
405 4880 487 4942 εἱς
515 4878 667 4930 ἐλεον
699 4876 932 4932 ἐλκύσαι
960 4878 1053 4931 τὸν
1084 4878 1344 4949 Χριστόν.

383 5089 400 5122 ι
433 5070 542 5124 Καὶ
577 5070 686 5124 ἰδοὺ
715 5071 853 5140 γυνὴ
882 5067 1260 5142 αἱμορροοῦσα
1293 5065 1505 5122 δώδεκα
1533 5067 1654 5137 ἐτη,
1683 5067 1914 5139 προσελ-

300 5163 474 5220 θοῦσα
523 5167 773 5236 όπισθεν,
817 5169 997 5240 ἥψατο
1047 5166 1141 5221 τοῦ
1190 5165 1507 5238 κρασπέδου
1552 5165 1647 5219 τοῦ
1690 5165 1910 5236 ἱματίου

299 5257 489 5313 αὑτοῦ.
524 5259 718 5328 Ἔλεγε
744 5260 854 5331 γὰρ
883 5261 941 5315 ἐν
969 5261 1164 5330 ἑαυτῇ·
1197 5259 1328 5312 Ἐὰν
1365 5259 1530 5329 μόνον
1556 5258 1787 5328 ἅψωμαι
1813 5257 1908 5311 τοῦ

301 5351 524 5421 ἱματίου
552 5352 743 5417 αὐτοῦ,
769 5334 1113 5425 σωθήσομαι.
1137 5353 1199 5406 Ὀ
1224 5351 1282 5404 δὲ
1319 5352 1526 5423 Ἰησοῦς
1550 5352 1910 5423 ἐπιστραφεὶς

298 5443 400 5498 καὶ
431 5444 557 5498 ἱδὼν
584 5445 778 5517 αὐτὴν,
802 5440 947 5499 εἱπεσ
981 5447 1212 5518 θάρσει,
1249 5446 1510 5516 θύγατερ,
1541 5446 1574 5516 ὴ
1602 5445 1780 5507 πίστις
1813 5461 1910 5497 σου

299 5536 514 5591 σέσωκέ
547 5553 641 5620 σε..
675 5539 786 5592 Καὶ
821 5537 1003 5610 ἐσώθη
1051 5540 1085 5608 ἡ
1125 5538 1265 5611 γυνὴ
1295 5538 1404 5591 άπδ
1435 5539 1536 5610 τῆς
1569 5537 1718 5609 ὧρας
1757 5536 1904 5590 ἐκεί-

294 5648 416 5703 νης.
456 5650 474 5682 ι
521 5633 863 5705 Ἀκάθαρτος
895 5629 1031 5687 οὖσα
1059 5632 1149 5688 διὰ
1190 5633 1252 5687 τὸ
1292 5633 1486 5700 πάθος,
1536 5632 1597 5684 οὐ
1630 5631 1907 5704 προσῆλθε

294 5723 550 5812 φανερῶς
602 5727 636 5798 ἡ
680 5728 842 5797 γυνὴ,
879 5726 1260 5798 εὐλαϐουμένη
1306 5728 1503 5797 μήπως
1564 5727 1815 5798 κωλυθῇ·
1859 5728 1908 5780 εἱ

293 5821 391 5877 καὶ
409 5823 631 5895 ἐνόμισε
652 5824 710 5878 δέ
726 5825 1038 5890 λανθάνειν,
1063 5824 1206 5897 πλὴν
1225 5825 1461 5896 ἡλπισεν
1485 5824 1681 5894 ὑγείας
1699 5825 1906 5896 τυχεῖν,

293 5919 340 5969 εἰ
376 5914 542 5986 μόνον
572 5915 669 5971 τοῦ
703 5918 879 5990 ἄκρου
905 5916 999 5972 τοῦ
1039 5917 1258 5989 ἱματίου
1294 5918 1514 5989 ἅψεται.
1548 5919 1721 5974 Τοῦτο
1770 5920 1904 5989 γάρ,

2005 2023 2197 2065 novam
2230 2003 2732 2075 congregationem,
2762 2005 2975 2051 mortua
2999 1994 3186 2055 veteri,
3205 1991 3308 2044 hoc
3337 2000 3441 2052 εει,
3476 2003 3606 2059 syn-

2005 2115 2195 2171 agoga.
2249 2097 2418 2153 Filios
2509 2103 2690 2147 autem
2761 2087 3012 2149 thalami,
3079 2081 3356 2152 apnsuilos
3425 2088 3605 2132 vocat.

2005 2195 2246 2265 Tempus
2279 2191 2406 2258 erit,
2443 2188 2641 2258 inquit,
2678 2183 2893 2253 jejunii,
2928 2195 3050 2235 cum
3084 2192 3183 2248 ego
3208 2189 3400 2244 passus
3430 2173 3604 2232 fuero.

2005 2295 2060 2344 et
2107 2294 2418 2353 assumptus
2462 2283 2517 2335 in
2569 2277 2796 2334 caelum.
2841 2272 3174 2343 Jejunabunt
3220 2268 3361 2322 fame
3391 2275 3445 2320 et
3492 2267 3604 2327 siti,

2007 2379 2448 2452 persecutionem
2479 2374 2774 2443 patientes.
2808 2367 3061 2421 Ostendit
3093 2373 3272 2417 autent
3307 2374 3468 2430 quant
3506 2362 3610 2411 iiii-

2006 2473 2237 2545 pcrfrcti
2266 2472 2378 2527 sint
2403 2465 2680 2535 discipuli,
2710 2473 2764 2518 et
2789 2462 2926 2516 dicit
2954 2478 2966 2514 :

2078 2567 2244 2622 Vsus.
2287 2565 2372 2628 ιο,
2407 2564 2494 2617 Π.
2544 2577 2563 2610 ι
2605 2557 2795 2611 Nullus
2836 2562 3018 2608 autem
3054 2547 3300 2602 immittit
3331 2558 3615 2598 assumen-

2010 2674 2120 2716 tum
2161 2658 2324 2730 pauui
2361 2656 2513 2712 rudis
2553 2654 2608 2706 in
2641 2661 2796 2704 veste
2838 2645 3012 2700 veteri
3051 2661 3062 2696 :
3113 2641 3253 2695 tollit
3293 2638 3437 2692 enim
3488 2651 3615 2701 sup-

2007 2755 2338 2825 plemeutum
2392 2748 2539 2804 illius
2601 2760 2631 2799 a
2681 2741 3035 2802 vestimento,
3088 2734 3199 2807 44
3245 2731 3505 2803 pejorque
3560 2731 3616 2781 ﬁt

2011 2857 2257 2919 ruptura.
2287 2843 2474 2914 Neque
2514 2840 2735 2894 mittunt
2770 2836 2954 2888 viuum
2994 2843 3192 2884 novum
3241 2825 3294 2877 in
3331 2833 3482 2874 utres
3521 2833 3614 2873 vc-

2013 2911 2156 2998 teres
2189 2960 2199 2994 :
2253 2911 2456 3006 alioqui
2512 2936 2838 2999 rumpuntur
2870 2937 3044 2988 utres,
3085 2928 3140 2974 et
3174 2917 3356 2969 vinum
3387 2911 3618 2967 eﬁ'uudi-

2012 3042 2122 3096 tur,
2157 3036 2212 3084 et
2242 3038 2392 3082 utres
2439 3031 2714 3092 pereunt:
2764 3017 2858 3073 sed
2902 3018 3126 3069 mittunt
3181 3008 3364 3061 vinum
3413 3018 3612 3056 novuut

2012 3123 2068 3176 iu
2104 3132 2258 3176 utres
2284 3130 2478 3179 novos,
2517 3122 2568 3168 et
2607 3121 2843 3178 utraque
2867 3104 3030 3161 simul
3061 3108 3370 3155 servantur.
3411 3114 3429 3146 ι
3465 3091 3616 3146 Non-

2014 3214 2166 3276 dum,
2202 3210 2400 3278 inquit,
2453 3205 2582 3257 facti
2630 3210 2759 3256 sunt
2801 3193 3054 3264 discipuli
3109 3190 3304 3252 fortes,
3349 3185 3443 3240 sed
3481 3196 3618 3250 opus

2019 3304 2221 3359 habent
2260 3275 2629 3367 indulgentia,
2675 3305 2852 3359 neque
2885 3287 3108 3356 gravius
3158 3281 3328 3334 moles
3363 3277 3467 3330 illis
3514 3275 3619 3328 itu-

2020 3397 2267 3468 poneuda
2302 3391 2714 3448 mandatorum.
2754 3382 2882 3438 llaec
2923 3389 3105 3433 autem
3147 3374 3382 3436 dicebat,
3417 3370 3621 3423 docens

2018 3459 2074 3543 et
2110 3481 2428 3553 discipulos,
2462 3487 2520 3531 ut
2555 3485 2609 3529 et
2644 3472 2747 3541 ipsi
2778 3467 2994 3526 docturi
3022 3467 3233 3527 orbem,
3277 3459 3622 3527 indulgentes

2021 3581 2148 3635 siut.
2200 3552 2422 3630 Paunus
2477 3570 2620 3626 enim
2668 3564 2819 3621 rudis
2862 3560 3132 3632 jejunium
3185 3563 3292 3619 est,
3337 3560 3392 3606 et
3434 3552 3621 3603 viuum

2022 3688 2221 3728 novum
2271 3687 2283 3725 :
2341 3649 2510 3720 vestis
2560 3671 2743 3716 autem
2806 3665 2956 3712 vetus
2994 3661 3048 3708 et
3100 3661 3274 3713 utres,
3330 3643 3622 3700 inﬁrmitas

2022 3764 2437 3833 discipulorum.

2099 3832 2262 3910 Vrsas.
2307 3851 2394 3914 i8,
2438 3849 2525 3903 ἱν.
2569 3865 2588 3899 ι
2636 3851 2782 3908 cum,
2810 3841 2925 3896 haec
2974 3835 3077 3890 illis
3111 3832 3449 3902 loqueretur,
3491 3841 3622 3880 ecce

2026 3952 2277 4018 princeps
2329 3943 2548 4014 quidam
2584 3937 2811 3993 accessit
2870 3941 2925 3988 et
2959 3929 3208 3984 adoravit
3240 3938 3364 3979 eum
3393 3922 3577 3976 dicens
3607 3937 3619 3972 :

2025 4044 2162 4100 Filia
2200 4055 2318 4095 mea
2381 4036 2542 4091 modo
2572 4030 2831 4088 defuncta
2884 4034 3008 4091 est;
3039 4022 3131 4077 sed
3175 4022 3334 4081 veni,
3380 4023 3434 4069 et
3483 4029 3622 4082 pnnc

2029 4153 2252 4193 manqu
2292 4144 2438 4188 tuam
2482 4143 2649 4198 super
2679 4139 2824 4188 eam,
2869 4131 2927 4176 et
2957 4118 3123 4172 vivet.
3161 4113 3508 4180 Surgensque
3535 4105 3626 4160 Je-

2027 4247 2120 4287 sus
2149 4237 2372 4283 secutus
2393 4234 2478 4279 est
2500 4235 2624 4277 eum
2662 4226 2719 4272 et
2755 4211 3004 4283 discipuli
3032 4210 3170 4280 ejus.
3221 4224 3240 4257 ι
3267 4203 3493 4256 Videtur
3535 4198 3625 4251 ille

2031 4324 2190 4379 ﬁdem
2221 4321 2442 4382 habere,
2465 4315 2715 4386 quamvis
2740 4323 2847 4363 non
2881 4318 3157 4374 magnam.
3189 4296 3455 4352 Obsecrat
3480 4291 3624 4386 enim

2027 4415 2235 4478 Jesum,
2266 4424 2373 4465 non
2405 4380 2465 4461 ut
2485 4380 2670 4458 solum
2687 4400 2913 4454 verbum
2940 4395 3107 4457 dicat,
3134 4387 3228 4443 sed
3253 4394 3308 4438 et
3336 4391 3395 4436 ut
3421 4380 3622 4478 veniat,

2028 4515 2081 4562 et
2117 4468 2338 4558 manum
2397 4500 2667 4566 lmpouat.
2715 4487 3036 4554 Defunctam
3088 4487 3268 4534 autem
3317 4485 3439 4528 esse
3491 4468 3626 4523 dicit

3275 4565 3475 4621 ondutn
3530 4562 3624 4614 de-

2027 4654 2232 4755 functa,
2264 4654 2398 4742 dicit
2428 4654 2614 4738 autem
2662 4677 2812 4732 velut
2863 4670 3198 4741 conjectaus,
3233 4675 3299 4717 eo
3337 4654 3481 4758 quod
3532 4667 3620 4705 re.

2027 4785 2261 4856 liquerat
2294 4795 2415 4834 eam
2450 4778 2563 4848 jam
2603 4780 2912 4829 extremum
2948 4759 3296 4856 exhalantem
3341 4757 3622 4856 spiritum,

2026 4839 2110 4932 νιῖι
2157 4887 2215 4931 ut
2244 4886 2452 4943 augens
2496 4864 2889 4924 calamitatem,
2933 4868 3042 4926 quo
3080 4849 3148 4904 ad
3189 4839 3617 4900 misericordiam

2027 4977 2350 5045 provocaret
2380 4965 2685 5020 Christum.
3513 5024 3525 5036 .
3575 5024 3586 5034 ⁸

2095 5067 2264 5122 Vrsas.
2321 5058 2513 5114 20-22.
2563 5072 2582 5107 ι
2642 5053 2709 5108 Ει
2749 5061 2878 5104 ecce
2924 5041 3125 5100 mulier
3178 5047 3299 5106 qua:
3337 5037 3620 5122 sanguinis

2026 5155 2294 5232 profluvio
2343 5150 2686 5206 laboraverat
2747 5139 2910 5195 annis
2957 5130 3269 5230 duodecim,
3299 5119 3540 5232 accessit.

2026 5212 2198 5324 Irergo,
2233 5236 2305 5308 et.
2333 5246 2509 5316 tetigit
2554 5240 2824 5297 ﬁmbriam
2877 5225 3183 5288 vestimenti
3215 5220 3369 5290 ejus;
3403 5212 3621 5268 dicebat

2023 5319 2167 5405 enim
2188 5319 2342 5401 intra
2378 5341 2735 5409 semetipsam
2771 5352 2785 5389 :
2822 5331 2878 5388 Si
2908 5335 3123 5383 tantum
3151 5319 3376 5389 tetigero
3409 5321 3616 5409 veslet“

2022 5449 2162 5515 ejus,
2213 5442 2362 5497 salva
2410 5453 2526 5493 ero.
2578 5433 2740 5490 Jesus
2773 5438 2957 5484 autem
2997 5429 3331 5476 conversus,
3380 5416 3437 5462 ut
3470 5406 3619 5515 'vidit

2023 5497 2191 5601 illam,
2222 5537 2394 5590 dixit:
2423 5529 2670 5593 Conﬁde,
2706 5524 2843 5589 ﬁlia,
2871 5519 3006 5575 ﬁdes
3032 5524 3121 5568 tua
3155 5507 3360 5566 salvam
3392 5497 3619 5601 tte-fecit.

2026 5593 2087 5688 ilin
2138 5593 2286 5687 salva
2326 5629 2466 5682 facta
2523 5623 2625 5678 fuit
2675 5617 2876 5675 mulier
2908 5628 2973 5667 es
3017 5610 3151 5664 hora
3195 5603 3308 5659 illa.
3354 5617 3373 5652 ι
3424 5593 3620 5650 ﬂulier

2020 5731 2136 5785 hac
2169 5725 2429 5797 quoniam
2476 5719 2546 5775 ob
2582 5717 2833 5773 morbum
2888 5703 3169 5765 immunda
3200 5705 3340 5761 erat,
3377 5706 3486 5746 non
3527 5702 3620 5797 ae-

2019 5787 2200 5879 cessit-
2235 5817 2547 5884 manifeste,
2581 5812 2756 5868 verita
2805 5822 2874 5865 ne
2919 5805 3062 5860 forte
3101 5814 3208 5872 quo
3241 5803 3400 5869 pacto
3430 5787 3619 5861 prohi-

2019 5921 2262 5973 hcretur.
2302 5912 2564 5981 Quamvis
2606 5920 2784 5965 autem
2835 5903 3060 5977 putabat
3109 5915 3169 5959 se
3207 5912 3374 5973 posse
3422 5897 3615 5959 latere,
