4288 6444
732 412 831 476 931

1595 397 2184 464 THEOPHYLACTI
2239 391 2655 456 BULGARHE
2698 388 3058 450 ARCHIEP.

3925 377 4035 444 232

730 530 1111 577 verumtamen
1148 515 1383 587 speravit
1417 528 1475 569 se
1520 512 1815 567 sanitatem
1853 514 2253 571 assecuturam,
2278 501 2326 558 si
2351 527 2371 565 ,ι

2432 501 2493 552 τὸ
2531 499 2868 571 κράσπεδον
2898 496 3015 551 ἀλλ’
3045 495 3074 548 6
3100 492 3293 564 Σωτήρ
3326 494 3555 564 φανεροῖ
3581 491 3756 561 αὐτήν
3778 506 3790 519 ’
3828 490 3928 562 οὐχ
3952 492 4036 544 ὡς

726 628 933 671 tantum
969 628 1235 667 summam
1282 608 1398 675 ejus
1432 616 1635 661 vestem
1670 604 2036 669 contingeret,
2067 613 2187 669 qua:
2222 611 2319 666 per

726 707 993 761 fimbriam
1035 700 1396 771 significatur.
1430 701 1499 751 At
1539 696 1790 749 Salvator
1824 693 2011 763 prodit
2035 706 2177 754 eam,
2215 703 2321 742 non

724 809 781 850 ut
835 811 1023 850 amans
1063 796 1269 861 glorim,
1320 793 1413 845 sed
1456 801 1514 844 ut
1566 788 1725 842 [idem
1767 788 1912 841 illius
1966 786 2035 839 ad
2082 792 2321 836 nostram

724 890 1010 942 utilitatem
1039 886 1361 945 declararet,
1392 894 1445 938 et
1471 893 1527 934 ut
1560 883 1612 935 in
1644 881 1746 935 fide
1772 880 2136 933 roboraretur
2161 876 2323 929 etiam

724 980 1203 1047 archisynagngus.
1244 974 1469 1028 Cuulitle
1514 986 1692 1026 autem
1744 970 1874 1024 dicit
1923 969 1995 1031 ei,
2043 982 2108 1022 eo
2181 965 2324 1035 quod

725 1070 912 1122 inuida
967 1076 1133 1130 erat,
1187 1069 1312 1136 quia
1373 1066 1557 1119 furtim
1615 1064 1815 1117 donum
1893 1067 2205 1129 acceperat.
2259 1055 2330 1109 Et.

723 1161 885 1214 filiam
918 1168 1097 1223 vocat,
1144 1171 1202 1213 ut
1252 1158 1489 1212 fidelem.
1542 1153 1798 1209 Ostendit
1845 1153 1974 1204 item
2011 1152 2157 1219 quod
2213 1148 2320 1202 nisi

723 1252 1003 1306 habuisset
1045 1252 1228 1314 Iidem,
1264 1249 1578 1317 neutiquam
1636 1245 1932 1315 recepisset
1969 1242 2319 1308 beneficium,
2362 1270 2371 1276 -

721 1344 973 1412 quamvis
1018 1354 1238 1397 sanctas
1303 1340 1620 1407 contigisset
1654 1344 1856 1390 vestes.
1904 1333 2102 1389 Dicunt
2125 1341 2318 1386 autem

721 1434 863 1501 quod
912 1442 1141 1487 statuam
1199 1429 1508 1484 Servatoris
1550 1426 1779 1491 fecerit,
1818 1424 1885 1479 ad
1933 1423 2091 1493 cujus
2153 1424 2318 1493 pedes

2424 590 2586 660 δόξης
2636 590 2800 661 ὲρῶν,
2848 588 2962 642 ἀλλ’
3002 589 3088 641 ῖνα
3126 585 3227 658 τὴν
3266 585 3453 638 πίστιν
3490 585 3661 654 αὐτῆς
3698 583 3851 656 δείξῃ
3890 585 4036 652 πρὸς

2421 682 2697 751 ὠφέλειαν
2720 681 2904 751 ἡμῶν,
2938 681 3033 733 καὶ
3057 680 3145 734 ῐνα
3173 677 3424 748 πιστωθῄ
3452 678 3547 731 καὶ
3572 676 3601 728 6
3634 676 4034 746 ἀρχισυνάγω-

2424 792 2538 845 γος.
2562 777 2765 847 Θάρσει
2791 775 2875 839 δὲ,
2898 774 3047 841 λέγει
3071 774 3233 843 αὐτῇ,
3254 771 3390 825 διότι
3415 770 3658 840 ἐφοϐήθη
3682 758 3763 833 iis;
3780 769 4035 837 κλέψασα

2423 868 2524 938 τὴν
2576 866 2809 936 δωρεάν,
2858 865 2955 919 καὶ
3000 864 3281 935 θυγατέρα
3335 863 3393 916 δδ
3444 864 3624 929 καλεῖ,
3680 860 3757 925 ὡς
3804 860 4031 931 πιστήν.

2427 960 2680 1014 Δείκνυσι
2708 959 2765 1013 δὲ
2794 960 2902 1024 ὅτι,
2937 958 3035 1011 ἰὰν
3077 958 3154 1028 μὴ
3189 959 3374 1009 πίστιν
3420 958 3797 1025 προσήγαγεν,
3830 953 3932 1007 οὐκ
3963 951 4036 1007 ἂν

2424 1052 2587 1106 ἔλαϐε
2615 1052 2714 1122 τὴν
2753 1052 2937 1122 χάριν,
2976 1048 3081 1103 κᾶν
3107 1048 3176 1102 τὰ
3213 1048 3414 1119 ἱμάτια,
3438 1048 3572 1116 άγια
3604 1042 3767 1118 ἦσαν.
3793 1048 4035 1116 Λέγουσι

2423 1145 2480 1197 δὲ
2514 1144 2590 1206 ὡς
2640 1144 2937 1215 ἀνδριάντα
2989 1141 3130 1213 αὕτη
3163 1141 3257 1195 τοῦ
3296 1140 3557 1210 Σωτῆρος
3596 1140 3924 1209 εἰργάσατο,
3967 1134 4032 1194 οὗ

2422 1239 2578 1309 παρὰ
2607 1236 2736 1300 τοὺς
2764 1237 2933 1299 πόδας
2962 1234 3161 1305 ἐφύετο
3209 1234 3415 1305 βοτάνη
3441 1236 3563 1298 ταῖς
3593 1233 4034 1306 αίμορῤοούσαις

2423 1328 2719 1403 βοηθοῦσα,
2767 1328 2831 1381 δν
2859 1331 2917 1383 ὲν
2956 1330 3070 1393 τοῖς
3120 1325 3417 1382 Ἰουλιανοῦ
3458 1327 3677 1398 χρόνοις
3716 1327 3764 1380 oi
3811 1325 4033 1391 ἀσεϐεῖς

2424 1421 2777 1492 συνέτριψαν.

725 1525 1042 1578 Itascebntttt
1119 1521 1284 1575 herba
1326 1534 1447 1589 qua:
1520 1516 1786 1588 profluvio
1855 1514 2136 1587 sanguinis
2201 1513 2577 1570 laborantibus
2627 1504 2939 1580 medeatur,
2994 1525 3159 1583 quam
3208 1508 3411 1567 Juliani
3464 1512 3804 1582 temporibus
3875 1508 4029 1582 impii

720 1616 1113 1672 enutriverunt.

794 1705 955 1761 Vens.
992 1706 1084 1766 23.
1114 1705 1209 1758 24.
1245 1723 1262 1755 ι
1296 1703 1361 1757 Et
1386 1719 1511 1757 cum
1542 1703 1782 1758 venisset
1815 1699 1975 1757 Iesus
2004 1700 2057 1755 in
2091 1700 2312 1754 domum

2505 1718 2524 1751 ε
2557 1697 2669 1751 Kal
2700 1696 2873 1752 ἐλθὼν
2900 1697 2930 1750 6
2953 1695 3165 1769 Ἰησοῦς
3182 1700 3263 1762 είς
3280 1696 3378 1770 τήν
3406 1698 3591 1754 οἰκίαν
3622 1698 3716 1754 τοῦ
3744 1700 4027 1772 ἄρχοντος,

721 1800 1001 1869 principis,
1049 1808 1105 1853 et
1153 1798 1377 1853 vidisset
1428 1796 1681 1851 tibicines
1725 1804 1782 1849 et
1848 1796 2063 1849 turbam
2116 1792 2371 1876 tumul-1

2424 1794 2519 1847 καὶ
2557 1792 2682 1846 ίδὼν
2720 1794 2845 1855 τοὺς
2874 1792 3140 1864 αὐλητὰς,
3167 1794 3261 1846 καὶ
3295 1794 3397 1847 τὸν
3412 1792 3573 1864 ὄχλον
3601 1792 4028 1865 θορυϐούμενον,

724 1902 985 1954 tuantem,
1025 1891 1156 1945 dicit
1191 1890 1298 1944 illis
1329 1907 1343 1944 :
1380 1888 1651 1954 Secedite,
1686 1892 1793 1943 non
1823 1888 1968 1944 enim
2007 1894 2217 1942 mortua
2236 1896 2321 1942 est

721 1983 1150 2046 adulescentula,
1188 1983 1282 2037 sed
1324 1983 1549 2037 dormit.
1595 1980 1661 2035 Et
1708 1979 2033 2035 deridebant
2064 1979 2239 2035 illum.
2288 1997 2308 2031 ι

720 2072 991 2140 Quoniam
1043 2074 1284 2126 nondum
1338 2083 1504 2142 nupta
1567 2081 1707 2138 erat,
1749 2071 2020 2128 deﬂebant
2061 2086 2180 2127 eam
2222 2088 2323 2126 nu-

720 2165 977 2235 ptialibus
1035 2166 1204 2228 tibiis,
1263 2167 1561 2237 secundum
1620 2166 1795 2236 legem
1873 2167 1978 2222 hoc
2029 2165 2318 2222 facientes.

722 2259 973 2314 Dormire
1014 2269 1197 2313 autem
1234 2258 1373 2314 dicit
1420 2260 1591 2325 illam,
1629 2273 1697 2315 eo
1726 2259 1870 2329 quod
1898 2258 2040 2330 apud
2083 2275 2144 2316 se
2172 2275 2322 2315 mors

732 2367 959 2408 somnus
1000 2365 1193 2408 esset:
1241 2353 1457 2409 valebat
1504 2353 1651 2409 enim
1700 2352 1865 2409 facile
1895 2354 2186 2410 suscitare.
2220 2351 2323 2409 Ce-

726 2456 900 2500 terum
934 2446 1077 2515 quod
1104 2446 1418 2501 deriserunt
1444 2461 1594 2511 eum,
1627 2462 1695 2502 ne
1732 2446 1989 2503 mireris:
2018 2463 2145 2502 nam
2176 2449 2326 2504 testi-

726 2538 964 2591 monium
1010 2538 1243 2605 amplius
1292 2538 1424 2593 dant
1467 2540 1756 2604 miraculo,
1790 2540 1936 2611 quod
1985 2555 2113 2596 vere
2169 2556 2322 2597 mor-

722 2636 871 2682 tuam
910 2630 1209 2684 suscitarit.
1246 2629 1323 2686 Ne
1352 2633 1477 2701 quis
1512 2633 1658 2687 enim
1704 2632 1914 2688 diceret
1957 2634 2102 2703 quod
2137 2635 2192 2690 in
2220 2650 2320 2691 ex-

720 2736 879 2778 cessu
915 2724 1149 2792 quodam
1194 2732 1363 2792 esset,
1401 2725 1606 2781 idcirco
1637 2724 1690 2781 in
1741 2724 1995 2783 confesso
2026 2738 2145 2783 erat
2178 2729 2319 2799 apud

720 2827 914 2869 omnes
946 2816 1062 2884 ejus
1098 2832 1264 2872 ενοι-ε.

798 2904 962 2963 Vens.
994 2906 1085 2972 25,
1121 2907 1212 2963 26.
1251 2928 1271 2961 ι
1315 2908 1416 2965 Ubi
1457 2910 1566 2983 45
1600 2923 1780 2970 autent
1822 2917 1993 2988 ejecta
2020 2925 2102 2972 est
2136 2916 2317 2978 turba,

721 2995 1002 3066 ingressus
1033 3007 1135 3063 est,
1180 3010 1235 3053 et
1271 3002 1445 3056 tenuit
1480 3002 1701 3059 manum
1748 3006 1897 3063 illius
1928 3026 1941 3063 :
1984 3020 2038 3063 et
2078 3008 2319 3063 surrexit

724 3088 1153 3146 adolescentula.
1190 3090 1253 3145 Et
1282 3080 1731 3153 emanavitl‘ama
1775 3100 1866 3153 illa
1912 3100 1966 3154 in
2002 3109 2171 3155 totam
2210 3110 2319 3156 ter-

2424 1887 2575 1956 λέγει
2605 1887 2814 1951 αὐτοῖς·
2847 1887 3244 1957 Ἀναχωρεῖτε,
3277 1886 3340 1940 ού
3370 1887 3484 1958 γὰρ
3516 1887 3759 1942 ἀπόθανε
3779 1888 3841 1941 τὸ
3871 1888 4031 1958 κορά-

2426 1994 2564 2045 σιον,
2596 1978 2734 2033 ἀλλὰ
2769 1977 3046 2033 καθεύδει.
3069 1980 3181 2032 Kal
3206 1978 3521 2048 κατεγέλων
3552 1978 3743 2033 αὐτοῦ.
3760 1999 3778 2033 ι
3802 1978 4029 2051 Ἐπειδὴ

2422 2072 2638 2142 ἄγαμος
2656 2067 2746 2143 ἦν,
2773 2071 2911 2142 μετὰ
2929 2070 3040 2125 τῶν
3057 2072 3314 2142 γαμικῶν
3337 2072 3517 2126 αὐλῶν
3542 2074 3716 2145 αὐτὴν
3737 2073 4028 2147 ἐθρήνουν,

2424 2164 2576 2240 παρᾴ
2607 2165 2701 2217 τὶν
2726 2164 2893 2235 νόμον
2922 2164 3083 2218 τοῦτο
3113 2162 3401 2229 ποιοῦντες
3419 2181 3436 2197 ⁸
3470 2166 3762 2221 καθεύδειν
3784 2167 3844 2221 δι
3877 2163 4030 2236 λέγει

2422 2256 2616 2328 αὐτὴν,
2638 2257 2775 2312 διότι
2796 2257 2928 2329 παρ’
2951 2258 3103 2329 αύτῷ
3124 2261 3151 2312 6
3173 2257 3406 2322 θάνατος
3426 2257 3596 2322 ὕπνος
3619 2254 3711 2331 ἦν,
3737 2260 4032 2331 δυναμένῳ

2422 2347 2667 2412 εὐκόλως
2710 2348 3044 2420 ἀναστῆσαι.
3096 2348 3161 2402 Εί
3210 2348 3270 2403 δι
3299 2348 3680 2420 καταγελῶσιν
3730 2351 3923 2419 αὐτοῦ,
3955 2349 4031 2423 μή

2423 2442 2743 2513 θαυμάσῃ;’
2784 2441 3127 2514 μαρτυροῦσι
3159 2442 3270 2512 γὰρ
3305 2442 3510 2512 μᾶλλον
3540 2441 3619 2514 τῷ
3650 2441 3916 2513 θαύματι,
3954 2442 4031 2505 ὼς

2421 2537 2629 2606 νεκράν
2657 2534 2737 2606 τῷ
2776 2536 2895 2589 δντι
2926 2535 3340 2606 ἁναστήσαντος
3359 2550 3374 2566 ο
3406 2534 3494 2590 ῐνα
3525 2535 3634 2607 γάρ
3676 2536 3843 2607 μήτις
3894 2534 4031 2606 λόγῃ

2421 2628 2507 2682 ὅτι
2557 2629 2791 2699 κάτοχος
2838 2627 3079 2695 ἐγένετο,
3129 2627 3222 2682 διά
3274 2626 3437 2682 τοῦτο
3490 2626 3826 2701 ὡμολογήθη
3874 2628 4033 2702 παρὰ

2424 2722 2645 2776 πάντων
2674 2720 2991 2776 ἀποθανεῖν.

2502 2927 2522 2961 ι
2560 2908 2696 2963 Ὀτε
2733 2908 2792 2961 δὲ
2837 2907 3105 2981 ἐξεϐλήθη
3140 2911 3169 2964 6
3219 2909 3400 2981 δχλος,
3454 2908 3719 2964 είσελθὼν
3755 2910 4029 2981 ἐκράτησε

2422 3002 2524 3072 τῆς
2555 3003 2739 3075 χειρὸς
2764 3001 2958 3072 αὐτῆς,
2986 3003 3083 3057 καὶ
3109 3001 3320 3074 ήγέρθη
3344 3004 3406 3055 τὸ
3434 3002 3721 3075 κοράσιον,
3752 3004 3851 3057 καὶ
3871 3002 4035 3074 ιξῆλ-

2425 3094 2517 3147 θεν
2544 3096 2577 3165 ή
2608 3094 2937 3166 φήμηαῢτη
2970 3097 3051 3159 είς
3074 3095 3334 3168 ὃληντὴν
3371 3096 3478 3166 γῆν
3514 3095 3756 3167 ἐκείνην.
3794 3115 3814 3148 ι
3858 3096 4031 3151 Ἔνθα

722 3197 837 3237 ram
869 3182 1038 3237 illam.
1086 3203 1104 3235 ι
1144 3184 1246 3241 Ubi
1279 3189 1433 3242 turba
1462 3198 1541 3243 est
1568 3200 1623 3245 et
1650 3192 2020 3257 tumultuatio,
2060 3208 2164 3248 non
2193 3207 2318 3262 ope-
2342 3194 2371 3254 ί

2424 3188 2582 3258 ὄχλος
2608 3191 2705 3241 καὶ
2740 3189 3155 3260 περισπασμὸς,
3191 3189 3253 3243 ού
3280 3189 3698 3262 θαυματουργεῖ
3723 3191 3752 3243 6
3792 3190 4027 3262 Ἰησοῦς.

722 3281 874 3327 ratur
916 3276 1181 3330 miracula
1223 3273 1407 3334 Jesas.
1446 3277 1619 3336 Tenet
1662 3292 1843 3337 autem
1880 3298 2119 3351 manum,
2149 3284 2319 3339 virtu-

723 3372 830 3417 tem
884 3364 956 3418 illi
992 3365 1147 3422 dans.
1201 3365 1267 3421 Et
1314 3377 1395 3432 tu,
1449 3371 1495 3425 si
1547 3381 1800 3428 mortuus
1842 3373 2014 3430 fueris
2055 3377 2317 3444 peccatis.

718 3459 854 3507 tunc
884 3466 1073 3522 surges
1108 3456 1326 3523 quando
1368 3458 1745 3527 apprehendet
1777 3476 2001 3516 manum
2039 3471 2209 3530 tuam,
2243 3466 2318 3519 ita

721 3556 778 3599 ut
807 3548 1050 3614 dpereris
1097 3548 1272 3617 ejecta
1312 3552 1493 3617 turba,
1534 3562 1590 3607 et
1634 3555 2060 3611 tumultuatione
2103 3558 2316 3613 sedata.

791 3655 958 3714 Vens.
1014 3658 1103 3714 27.
1160 3679 1179 3711 ε
1222 3660 1288 3715 Ει
1337 3677 1458 3716 cum
1520 3663 1865 3720 discessisset
1924 3667 2073 3724 illinc
2130 3668 2316 3735 Jesus,

719 3750 893 3803 secuti
926 3760 1052 3805 sunt
1087 3752 1238 3805 illum
1281 3754 1388 3806 duo
1422 3753 1575 3819 carci,
1607 3755 1909 3811 clamantes
1962 3768 2019 3814 et
2053 3760 2316 3827 dicentes,

722 3840 975 3897 Miserere
1008 3844 1203 3909 nostri,
1238 3845 1335 3898 Fili
1370 3844 1560 3902 David.
1594 3865 1613 3899 ι
1637 3847 1775 3904 Caci
1808 3860 1865 3903 ut
1896 3849 2007 3907 Deo
2040 3853 2317 3922 dicebant,

720 3930 1017 3987 Miserere:
1070 3945 1126 3987 ut
1169 3922 1371 3988 homini
1433 3948 1613 3992 autent
1654 3941 1932 4005 dicebant,
1968 3926 2071 3998 Fili
2125 3944 2313 4001 David.

718 4023 945 4078 Celebre
986 4028 1129 4079 enim
1162 4036 1282 4079 erat
1319 4030 1459 4097 apud
1488 4027 1726 4097 Judmos,
1762 4032 2011 4088 Messiam
2046 4049 2076 4090 e
2107 4037 2317 4092 semine

721 4117 885 4170 David
921 4132 1232 4175 venturnut.

791 4229 957 4285 Vens.
992 4230 1084 4285 28.
1134 4250 1152 4283 ι
1194 4234 1263 4287 Αι
1305 4217 1428 4288 cum
1478 4236 1718 4292 venisset
1764 4238 1815 4292 in
1852 4240 2016 4308 aedes,
2062 4241 2317 4298 adierunt

718 4321 866 4375 illum
909 4324 1056 4378 ca‘ci.
1094 4325 1158 4377 Et
1197 4325 1329 4379 dicit
1370 4327 1476 4382 illis
1513 4326 1669 4383 Jesus
1700 4330 1970 4386 :Creditis
1999 4335 2143 4402 quod
2188 4350 2317 4403 pos-

719 4414 819 4465 sim
847 4415 949 4466 hoc
982 4413 1204 4468 facere?
1231 4417 1419 4472 dicunt
1458 4418 1532 4472 illi
1560 4437 1573 4473 :
1610 4419 1810 4488 Etiam,
1851 4422 2097 4481 Domine.
2133 4446 2151 4479 ι
2181 4425 2317 4481 Tra-

2424 3281 2634 3353 Κρατεῖ
2655 3281 2711 3333 δὲ
2742 3281 2843 3351 τῆς
2874 3281 3081 3353 χειρὸς,
3126 3282 3365 3347 ἐντιθεὶς
3408 3281 3645 3354 δύναμιν
3666 3298 3684 3315 °
3717 3283 3814 3338 καὶ
3849 3284 3917 3336 σὺ
3948 3283 4029 3349 δι,

2425 3372 2521 3425 ἐὰν
2563 3372 2849 3445 νεκρωθῇς
2892 3376 3016 3437 ταῖς
3072 3357 3402 3446 ἁμαρτίαις,
3436 3374 3559 3427 τότε
3607 3375 3893 3447 ἀναστήσῃ
3940 3376 4030 3429 ὅτε

2423 3465 2696 3535 κρατήσει
2730 3482 2824 3517 σου
2858 3464 2959 3533 τῆς
3010 3467 3199 3538 χειρὸς
3229 3466 3329 3537 τῆς
3359 3467 3703 3539 πρακτικῆς,
3731 3466 3829 3521 τὸν
3869 3467 4030 3539 δχλον

2422 3559 2517 3612 καὶ
2545 3559 2637 3612 τὸν
2666 3559 3058 3631 περισπασμὺν
3084 3559 3357 3616 ἐκϐαλών.

2500 3693 2518 3725 ι
2554 3673 2660 3728 Καὶ
2693 3672 3003 3744 παράγοντι
3036 3674 3252 3728 ἰκεῖθεν
3284 3671 3365 3745 τῷ
3407 3674 3606 3747 Ἰησοῦ,
3648 3675 4032 3749 ἠκολούθησαν

2422 3765 2575 3835 αύτῷ
2615 3765 2711 3818 δύο
2740 3766 2953 3833 τυφλοὶ,
2987 3767 3286 3837 κράζοντες
3321 3766 3418 3822 καὶ
3445 3769 3720 3835 λέγοντες
3769 3770 4031 3841 Ἐλέησον

2421 3858 2591 3927 ἡμᾶς,
2621 3858 2719 3911 Υίὲ
2750 3860 2936 3912 Acciri.
2965 3877 2982 3909 ι
3012 3860 3076 3913 Οἱ
3096 3858 3285 3930 τυφλοὶ
3315 3860 3391 3923 ὡς
3422 3862 3520 3921 μὲν
3545 3862 3667 3935 Θεῷ
3710 3863 3899 3933 ἔλεγον
3944 3867 4028 3931 τὸ,

2422 3948 2700 4019 Ἐλέησον·
2721 3949 2798 4012 ὡς
2829 3950 2886 4002 δὲ
2910 3948 3188 4021 ἀνθρώπῳ
3229 3951 3308 4014 τδ,
3340 3951 3433 4005 Υἱὲ
3460 3954 3646 4007 Δαυῖδ.
3683 3953 4031 4025 Ἐθρυλλεῖτο

2420 4042 2529 4113 γὰρ
2560 4042 2710 4111 παρὰ.
2737 4045 2848 4104 τοῖς
2892 4040 3170 4105 Ἰουδαίοις
3210 4042 3347 4107 ὠς.ὁ
3379 4045 3626 4110 Μεσσίας
3663 4048 3728 4099 ὲκ
3768 4050 4029 4121 σπέρμα-

2420 4150 2512 4197 τος
2542 4132 2710 4185 Δαυῒδ
2748 4132 3051 4187 ἐλεύσεται.

2498 4267 2517 4300 ι
2567 4249 2809 4301 Ἐλθόντι
2849 4248 2906 4301 δὲ
2936 4249 3014 4311 είς
3051 4248 3151 4317 τὴν
3187 4248 3388 4314 οἰκίαν,
3436 4252 3744 4323 προσῆλθον
3789 4255 3942 4327 αὐτῷ
3977 4258 4028 4312 oi

2420 4340 2636 4409 τυφλοί.
2671 4340 2781 4393 Καὶ
2830 4340 2978 4406 λέγει
3008 4341 3192 4402 αὐτοῖς
3237 4342 3266 4393 6
3297 4341 3513 4412 Ἰησοῦς
3538 4362 3551 4375 ·
3598 4346 3897 4400 Πιστεύετε
3945 4351 4029 4403 ὃτι

2419 4431 2657 4501 δύναμαι
2682 4430 2840 4485 τοῦτο
2862 4432 3118 4504 ποιῆσαις
3140 4435 3410 4502 Λέγουσιν
3433 4436 3608 4508 αύτῷ·
3633 4439 3766 4503 Ναὶ,
3792 4439 4023 4510 Κύριε.»

716 4505 793 4558 hit
825 4520 1007 4560 secum
1040 4522 1216 4562 caecos
1244 4524 1417 4579 usque
1445 4512 1497 4565 in
1544 4513 1789 4582 domum,
1833 4527 1892 4571 ut
1924 4530 2193 4575 monstret
2222 4537 2315 4577 so-
2340 4556 2371 4618 Ι

716 4596 1124 4618 Ιζ.1-.-..-;ΙΙ..---Α--
1184 4599 1213 4618 12
1241 4601 1279 4618 Ι-
1411 4616 1419 4618 _
1439 4612 1451 4618 -
1629 4607 1639 4618 ι
1811 4616 1820 4618 μ
1863 4606 1881 4618 υ
1945 4612 1954 4618 .
2137 4608 2152 4618 ι

2422 4526 2696 4597 Παρέλκει
2719 4527 2847 4589 τοὺς
2871 4528 3109 4596 τυφλοὺς
3133 4529 3260 4599 ἄχρι
3290 4528 3389 4582 καὶ
3415 4533 3516 4601 τῆς
3538 4505 3737 4598 οἰκίας,
3765 4534 3852 4587 ἵνα
3876 4505 4032 4609 δείξῃ

714 4596 884 4649 Iidam‘
913 4596 1129 4651 illorum
1182 4599 1364 4667 (idem,
1402 4612 1452 4656 et
1500 4607 1827 4661 condemnet
1854 4606 2089 4665 Judatos.
2134 4608 2311 4669 Inter-

716 4696 871 4758 rogat
898 4700 1076 4743 autem
1112 4706 1209 4746 eos
1235 4709 1303 4747 an
1335 4696 1585 4765 credant,
1617 4699 1911 4756 ostendens
1940 4700 2101 4757 fidem
2128 4712 2310 4759 omnia

714 4780 999 4849 perficere.

791 4895 954 4953 Vsus.
987 4898 1078 4962 29,
1117 4902 1211 4967 '50,
1258 4920 1277 4953 ι
1315 4901 1471 4960 Tunc
1516 4906 1689 4976 tetigit
1730 4907 1916 4965 oculos
1950 4908 2184 4979 illorum,
2234 4914 2315 4969 di-

714 5006 844 5045 cens
879 5009 895 5047 :
930 4992 1238 5077 Secundum
1272 5005 1508 5052 vestram
1538 4998 1699 5053 fidem
1727 4999 1823 5055 fiat
1853 5002 2024 5058 vobis.
2055 5003 2120 5057 Et
2140 5008 2313 5074 aperti

712 5092 841 5137 sunt
884 5083 1096 5140 illorum
1154 5089 1317 5143 oculi.
1362 5108 1383 5141 ι
1439 5089 1496 5145 in
1548 5093 1707 5146 domo
1755 5096 1986 5149 seorsim
2038 5108 2217 5161 curat,
2255 5108 2315 5155 ut

713 5174 919 5228 vitetur
950 5176 1131 5232 inanis
1169 5181 1361 5249 gloria.
1394 5182 1501 5238 Per
1532 5186 1719 5239 omnia
1750 5187 1895 5241 enim
1933 5190 2094 5244 docet
2127 5193 2313 5247 ιιιοιισο

714 5266 876 5321 stiam
902 5277 953 5321 et
988 5269 1347 5328 humilitatem
1386 5277 1605 5332 mentis.

791 5380 955 5435 γης.
988 5381 1077 5444 50,
1124 5385 1213 5439 3i.
1260 5405 1278 5437 ι
1319 5388 1388 5442 Et
1424 5389 1808 5448 interminatus
1854 5405 1939 5450 est
1980 5396 2090 5452 illis
2132 5397 2312 5467 Jesus,

712 5472 942 5529 dicens:
979 5475 1166 5532 Videte
1208 5495 1276 5533 ne
1308 5488 1432 5549 quis
1462 5485 1619 5538 sciat.
1672 5486 1746 5540 Illi
1783 5500 1964 5559 autem
2014 5500 2072 5544 ut
2102 5494 2313 5560 egressi

716 5576 865 5630 sunt,
895 5566 1317 5626 diﬂ'amaverunt
1352 5575 1503 5630 illum
1531 5578 1583 5630 in
1615 5587 1727 5633 tnta
1764 5591 1907 5636 terra
1941 5583 2053 5641 illa.
2097 5604 2116 5635 ι
2152 5585 2314 5641 Vides

713 5662 985 5728 quomodo
1024 5661 1221 5718 fastum
1278 5665 1523 5736 fugerit?
1580 5669 1659 5723 illi
1704 5687 1833 5727 vero
1875 5689 1982 5729 non
2020 5684 2078 5729 ut
2128 5676 2314 5732 inobe-

711 5748 942 5816 dientes,
975 5754 1066 5807 sed
1101 5762 1157 5809 ut
1186 5760 1350 5826 grati,
1376 5758 1811 5830 divulgaverunt.
1848 5762 2111 5831 Quamvis
2130 5779 2311 5822 autent

710 5839 907 5901 alicubi
956 5844 1138 5901 dicere
1173 5850 1403 5919 videtur,
1441 5853 1563 5920 Abi,
1612 5864 1666 5909 et
1706 5871 1866 5910 narra
1901 5857 2131 5928 gloriam
2193 5858 2310 5927 Dci,

2422 4616 2523 4687 τὴν
2565 4617 2830 4687 ἐπίμονον
2877 4618 3060 4673 αὐτῶν
3116 4621 3328 4687 πίστιν,
3381 4623 3477 4675 καὶ
3531 4630 3842 4697 κατακρίνῃ
3901 4629 4029 4691 τοὺς

2423 4707 2738 4770 Ἰουδαίους.
2771 4709 2985 4780 Ἐρωτᾷ
3009 4709 3067 4763 δὲ
3110 4712 3311 4776 αὐτοὺς
3344 4715 3394 4767 εί
3422 4715 3775 4783 πιστεύουσι,
3807 4716 4027 4785 δεικνὺς

2422 4800 2504 4853 ὅτι
2531 4800 2709 4855 πάντα
2738 4802 2772 4873 ή
2806 4802 2991 4868 πίστις
3023 4806 3306 4877 κατορθοῖ.

2514 4936 2533 4968 ι
2574 4917 2711 4971 Τότε
2736 4918 2919 4988 ἥψατο
2946 4919 3057 4973 τῶν
3086 4920 3387 4990 ὀφθαλμῶν
3416 4923 3622 4986 αὐτῶν,
3641 4925 3839 4995 λέγων’
3871 4928 4029 4984 Κατὰ

2422 5009 2523 5078 τὴν
2568 5010 2750 5064 πίστιν
2788 5011 2943 5080 ὑμῶν
2984 5012 3274 5084 γενηθήτω
3323 5014 3477 5086 ύμῖν.
3511 5018 3623 5071 Kal
3667 5018 4029 5092 ἀνεῴχθησαν

2424 5102 2606 5156 αὐτῶν
2633 5103 2683 5156 oi
2712 5104 3006 5175 ὀφθαλμοί.
3041 5125 3061 5159 ι
3109 5104 3201 5162 Ἐν
3234 5109 3386 5177 οἰκίᾳ
3431 5108 3735 5181 θεραπεύει
3785 5115 3882 5167 καὶ
3909 5117 4029 5169 κατ’

2426 5192 2584 5259 ίδίαν,
2611 5194 2700 5248 διὰ
2732 5196 2791 5249 τὸ
2817 5197 3160 5266 άφιλόδοξον.
3191 5202 3485 5274 Πανταχοῦ
3518 5206 3630 5274 γάρ
3658 5222 4028 5279 ταπεινοφρο-
4052 5205 4062 5214 ’

2424 5288 2536 5340 νεῖν
2562 5286 2827 5343 διδάσκει.

2502 5420 2521 5452 ι
2571 5402 2683 5456 Καὶ
2746 5402 3155 5477 ινεσριμήσατο
3218 5406 3405 5474 αὐτοῖς
3456 5410 3487 5463 6
3542 5412 3777 5483 Ἰησοῦς,
3827 5412 4026 5485 λέγων·

2438 5493 2633 5566 Ὁρᾶτε
2679 5496 2871 5566 μηδεὶς
2903 5500 3247 5577 γινωσκέτωἶ
3280 5502 3347 5554 Ui
3400 5502 3459 5558 δὲ
3491 5502 3803 5570 ἐξελθόντες
3839 5508 4028 5579 διεφή-

2428 5606 2593 5659 μισαν
2628 5590 2793 5643 αὐτὸν
2818 5592 2876 5645 ιν
2898 5592 2994 5664 ὅλῃ
3015 5595 3083 5663 τῇ
3110 5595 3181 5663 γῇ
3214 5595 3425 5668 ἐκείνῃ.
3450 5615 3467 5648 ι
3512 5596 3677 5671 Ὁρᾷς
3694 5600 3755 5653 τὸ
3785 5601 4021 5671 ἀτυφωη

2437 5683 2669 5738 Ἐκεῖνοι
2716 5684 2796 5752 δὲ,
2856 5687 2954 5757 οὺχ
3000 5688 3075 5751 ὡς
3113 5690 3496 5758 ἀπειθοῦντες,
3538 5695 3656 5748 ἀλλ’
3687 5695 3765 5760 ὠς
3806 5700 4030 5771 εὐχαρ-

2426 5776 2678 5841 στοῦντες
2710 5779 3063 5850 διεφήμισαν,
3090 5781 3152 5834 Εἰ
3170 5781 3225 5833 δὲ
3255 5783 3493 5856 ἀλλαχοῦ
3519 5789 3795 5857 φαίνεται,
3814 5792 4022 5861 λέγων·

2430 5865 2694 5933 Ἀπελθε,
2719 5869 2811 5922 καὶ
2846 5869 3040 5939 διηγοῦ
3078 5870 3174 5942 τὴν
3194 5870 3353 5941 δόξαν
3382 5878 3477 5932 τοῦ
3509 5879 3667 5949 Θεοῦ,
3695 5882 3851 5937 οὐδὲν
3874 5888 4027 5940 ἐναν-
4105 5932 4115 5939 .
