  <div class='ocr_page' id='page_1' title='image "/cluster/home/n/w/nwhite01/storage/ocr_20150623/123/nnc1.0046979670/127.png"; bbox 0 0 4288 6444; ppageno 0'>
   <div class='ocr_carea' id='block_1_1' title="bbox 773 408 880 474">
    <p class='ocr_par' dir='ltr' id='par_1_1' title="bbox 773 408 880 474">
     <span class='ocr_line' id='line_1_1' title="bbox 773 408 880 474; baseline 0.019 -2"><span class='ocrx_word' id='word_1_1' title='bbox 773 408 880 474; x_wconf 74' lang='grc'><strong>235</strong></span> 
     </span>
    </p>
   </div>
   <div class='ocr_carea' id='block_1_2' title="bbox 1629 412 3047 474">
    <p class='ocr_par' dir='ltr' id='par_1_2' title="bbox 1629 412 3047 474">
     <span class='ocr_line' id='line_1_2' title="bbox 1629 412 3047 474; baseline 0.001 -3"><span class='ocrx_word' id='word_1_2' title='bbox 1629 412 2204 474; x_wconf 79' lang='lat' dir='ltr'><strong>THEOPHYLACTI</strong></span> <span class='ocrx_word' id='word_1_3' title='bbox 2244 412 2650 472; x_wconf 71' lang='grc' dir='ltr'>ΒυωΑιιιΑι</span> <span class='ocrx_word' id='word_1_4' title='bbox 2692 414 3047 473; x_wconf 78' lang='lat' dir='ltr'><strong>ARCHIEP.</strong></span> 
     </span>
    </p>
   </div>
   <div class='ocr_carea' id='block_1_3' title="bbox 3891 407 4009 471">
    <p class='ocr_par' dir='ltr' id='par_1_3' title="bbox 3891 407 4009 471">
     <span class='ocr_line' id='line_1_3' title="bbox 3891 407 4009 471; baseline 0.017 -2"><span class='ocrx_word' id='word_1_5' title='bbox 3891 407 4009 471; x_wconf 78' lang='lat'><strong>236</strong></span> 
     </span>
    </p>
   </div>
   <div class='ocr_carea' id='block_1_4' title="bbox 773 516 2466 589">
    <p class='ocr_par' dir='ltr' id='par_1_4' title="bbox 773 520 2466 589">
     <span class='ocr_line' id='line_1_4' title="bbox 773 520 2466 589; baseline -0.003 -15"><span class='ocrx_word' id='word_1_6' title='bbox 773 523 855 576; x_wconf 83' lang='lat' dir='ltr'><strong>eis</strong></span> <span class='ocrx_word' id='word_1_7' title='bbox 894 521 1123 578; x_wconf 77' lang='lat' dir='ltr'><strong>faciendi</strong></span> <span class='ocrx_word' id='word_1_8' title='bbox 1165 522 1417 576; x_wconf 84' lang='lat' dir='ltr'><strong>miracula</strong></span> <span class='ocrx_word' id='word_1_9' title='bbox 1468 522 1739 587; x_wconf 72' lang='lat' dir='ltr'><strong>virtutem,</strong></span> <span class='ocrx_word' id='word_1_10' title='bbox 1779 531 1833 573; x_wconf 93' lang='lat' dir='ltr'><strong>ut</strong></span> <span class='ocrx_word' id='word_1_11' title='bbox 1864 536 1958 589; x_wconf 87' lang='lat' dir='ltr'><strong>per</strong></span> <span class='ocrx_word' id='word_1_12' title='bbox 1994 522 2249 575; x_wconf 84' lang='lat' dir='ltr'><strong>miracula</strong></span> <span class='ocrx_word' id='word_1_13' title='bbox 2290 520 2341 573; x_wconf 89' lang='lat' dir='ltr'><strong>itt</strong></span> <span class='ocrx_word' id='word_1_14' title='bbox 2370 520 2419 577; x_wconf 75' lang='grc' dir='ltr'>Α</span> <span class='ocrx_word' id='word_1_15' title='bbox 2446 534 2466 569; x_wconf 85' lang='grc' dir='ltr'><strong>τ</strong></span> 
     </span>
    </p>
   </div>
   <div class='ocr_carea' id='block_1_5' title="bbox 2326 516 4019 589">
    <p class='ocr_par' dir='ltr' id='par_1_5' title="bbox 2329 516 4019 585">
     <span class='ocr_line' id='line_1_5' title="bbox 2329 516 4019 585; baseline 0.002 -13"><span class='ocrx_word' id='word_1_16' title='bbox 2329 537 2341 572; x_wconf 83' lang='grc' dir='ltr'><strong>ι</strong></span> <span class='ocrx_word' id='word_1_17' title='bbox 2370 520 2419 577; x_wconf 75' lang='grc' dir='ltr'>Α</span> <span class='ocrx_word' id='word_1_18' title='bbox 2446 534 2535 581; x_wconf 84' lang='grc' dir='ltr'><strong>τες</strong></span> <span class='ocrx_word' id='word_1_19' title='bbox 2557 534 2571 549; x_wconf 86' lang='grc'><strong>·</strong></span> <span class='ocrx_word' id='word_1_20' title='bbox 2602 518 2785 572; x_wconf 81' lang='grc' dir='ltr'>δίδωσι</span> <span class='ocrx_word' id='word_1_21' title='bbox 2836 519 2893 572; x_wconf 68' lang='grc' dir='ltr'>δὲ</span> <span class='ocrx_word' id='word_1_22' title='bbox 2919 518 3099 581; x_wconf 77' lang='grc' dir='ltr'>αὐτοῖς</span> <span class='ocrx_word' id='word_1_23' title='bbox 3133 517 3190 570; x_wconf 72' lang='grc' dir='ltr'><strong>τὸ</strong></span> <span class='ocrx_word' id='word_1_24' title='bbox 3240 516 3698 585; x_wconf 74' lang='grc' dir='ltr'>θαυματουργεῖν,</span> <span class='ocrx_word' id='word_1_25' title='bbox 3722 518 3797 580; x_wconf 79' lang='grc' dir='ltr'>ὡς</span> <span class='ocrx_word' id='word_1_26' title='bbox 3836 520 3903 573; x_wconf 72' lang='grc' dir='ltr'>ἂν</span> <span class='ocrx_word' id='word_1_27' title='bbox 3930 522 4019 575; x_wconf 68' lang='grc' dir='ltr'><strong>δα</strong></span> 
     </span>
    </p>
   </div>
   <div class='ocr_carea' id='block_1_6' title="bbox 773 613 2335 683">
    <p class='ocr_par' dir='ltr' id='par_1_6' title="bbox 773 613 2335 683">
     <span class='ocr_line' id='line_1_6' title="bbox 773 613 2335 683; baseline 0 -18"><span class='ocrx_word' id='word_1_28' title='bbox 773 613 1188 669; x_wconf 85' lang='lat' dir='ltr'><strong>admirationem</strong></span> <span class='ocrx_word' id='word_1_29' title='bbox 1229 614 1577 679; x_wconf 78' lang='lat' dir='ltr'><strong>adducerent,</strong></span> <span class='ocrx_word' id='word_1_30' title='bbox 1614 623 1668 666; x_wconf 88' lang='lat' dir='ltr'><strong>et</strong></span> <span class='ocrx_word' id='word_1_31' title='bbox 1706 614 1873 683; x_wconf 85' lang='lat' dir='ltr'><strong>magis</strong></span> <span class='ocrx_word' id='word_1_32' title='bbox 1904 615 2335 682; x_wconf 86' lang='lat' dir='ltr'><strong>obtemperantes</strong></span> 
     </span>
    </p>
   </div>
   <div class='ocr_carea' id='block_1_7' title="bbox 773 703 1629 759">
    <p class='ocr_par' dir='ltr' id='par_1_7' title="bbox 773 703 1629 759">
     <span class='ocr_line' id='line_1_7' title="bbox 773 703 1629 759; baseline -0.001 0"><span class='ocrx_word' id='word_1_33' title='bbox 773 705 1039 759; x_wconf 75' lang='lat' dir='ltr'><strong>doctrina:</strong></span> <span class='ocrx_word' id='word_1_34' title='bbox 1072 704 1301 758; x_wconf 85' lang='lat' dir='ltr'><strong>habeant</strong></span> <span class='ocrx_word' id='word_1_35' title='bbox 1334 703 1629 758; x_wconf 70' lang='lat' dir='ltr'><strong>auditores.</strong></span> 
     </span>
    </p>
   </div>
   <div class='ocr_carea' id='block_1_8' title="bbox 847 793 2332 865">
    <p class='ocr_par' dir='ltr' id='par_1_8' title="bbox 847 793 2332 865">
     <span class='ocr_line' id='line_1_8' title="bbox 847 793 2332 865; baseline 0.001 -18"><span class='ocrx_word' id='word_1_36' title='bbox 847 793 1005 849; x_wconf 76' lang='lat' dir='ltr'><strong>Vens.</strong></span> <span class='ocrx_word' id='word_1_37' title='bbox 1034 795 1089 848; x_wconf 75' lang='lat'><strong>2.</strong></span> <span class='ocrx_word' id='word_1_38' title='bbox 1121 812 1139 845; x_wconf 82' lang='grc' dir='ltr'><strong>ι</strong></span> <span class='ocrx_word' id='word_1_39' title='bbox 1181 793 1467 849; x_wconf 81' lang='lat' dir='ltr'><strong>Duodecim</strong></span> <span class='ocrx_word' id='word_1_40' title='bbox 1495 804 1673 849; x_wconf 88' lang='lat' dir='ltr'><strong>autem</strong></span> <span class='ocrx_word' id='word_1_41' title='bbox 1710 796 2075 865; x_wconf 74' lang='lat' dir='ltr'><strong>apostolorum</strong></span> <span class='ocrx_word' id='word_1_42' title='bbox 2113 794 2332 849; x_wconf 87' lang='lat' dir='ltr'><strong>nomina</strong></span> 
     </span>
    </p>
   </div>
   <div class='ocr_carea' id='block_1_9' title="bbox 769 884 2336 956">
    <p class='ocr_par' dir='ltr' id='par_1_9' title="bbox 769 884 2336 956">
     <span class='ocr_line' id='line_1_9' title="bbox 769 884 2336 956; baseline 0 -15"><span class='ocrx_word' id='word_1_43' title='bbox 769 896 893 941; x_wconf 85' lang='lat' dir='ltr'><strong>sunt</strong></span> <span class='ocrx_word' id='word_1_44' title='bbox 927 886 1039 941; x_wconf 68' lang='lat' dir='ltr'><strong>hcc</strong></span> <span class='ocrx_word' id='word_1_45' title='bbox 1082 902 1095 939; x_wconf 92' lang='lat'><strong>:</strong></span> <span class='ocrx_word' id='word_1_46' title='bbox 1140 884 1353 940; x_wconf 80' lang='lat' dir='ltr'><strong>Primus</strong></span> <span class='ocrx_word' id='word_1_47' title='bbox 1406 885 1588 941; x_wconf 88' lang='lat' dir='ltr'><strong>Simon</strong></span> <span class='ocrx_word' id='word_1_48' title='bbox 1641 887 1730 956; x_wconf 87' lang='lat' dir='ltr'><strong>qui</strong></span> <span class='ocrx_word' id='word_1_49' title='bbox 1785 886 1982 941; x_wconf 73' lang='lat' dir='ltr'><strong>dicitur</strong></span> <span class='ocrx_word' id='word_1_50' title='bbox 2022 885 2233 953; x_wconf 60' lang='lat' dir='ltr'><strong>Petrus,</strong></span> <span class='ocrx_word' id='word_1_51' title='bbox 2282 897 2336 942; x_wconf 86' lang='lat' dir='ltr'><strong>et</strong></span> 
     </span>
    </p>
   </div>
   <div class='ocr_carea' id='block_1_10' title="bbox 767 972 2331 1043">
    <p class='ocr_par' dir='ltr' id='par_1_10' title="bbox 767 972 2331 1043">
     <span class='ocr_line' id='line_1_10' title="bbox 767 972 2331 1043; baseline -0.003 -14"><span class='ocrx_word' id='word_1_52' title='bbox 767 975 1007 1029; x_wconf 81' lang='lat' dir='ltr'><strong>Andreas</strong></span> <span class='ocrx_word' id='word_1_53' title='bbox 1037 973 1203 1027; x_wconf 79' lang='lat' dir='ltr'><strong>frater</strong></span> <span class='ocrx_word' id='word_1_54' title='bbox 1228 974 1362 1040; x_wconf 87' lang='lat' dir='ltr'><strong>ejus.</strong></span> <span class='ocrx_word' id='word_1_55' title='bbox 1395 993 1413 1025; x_wconf 75' lang='grc' dir='ltr'><strong>ι</strong></span> <span class='ocrx_word' id='word_1_56' title='bbox 1443 972 1737 1028; x_wconf 85' lang='lat' dir='ltr'><strong>Enumerat</strong></span> <span class='ocrx_word' id='word_1_57' title='bbox 1760 983 1940 1027; x_wconf 88' lang='lat' dir='ltr'><strong>autem</strong></span> <span class='ocrx_word' id='word_1_58' title='bbox 1967 972 2331 1043; x_wconf 83' lang='lat' dir='ltr'><strong>apostolorum</strong></span> 
     </span>
    </p>
   </div>
   <div class='ocr_carea' id='block_1_11' title="bbox 770 1063 2333 1135">
    <p class='ocr_par' dir='ltr' id='par_1_11' title="bbox 770 1063 2333 1135">
     <span class='ocr_line' id='line_1_11' title="bbox 770 1063 2333 1135; baseline -0.001 -15"><span class='ocrx_word' id='word_1_59' title='bbox 770 1066 1010 1127; x_wconf 88' lang='lat' dir='ltr'><strong>nomina,</strong></span> <span class='ocrx_word' id='word_1_60' title='bbox 1045 1073 1263 1135; x_wconf 83' lang='lat' dir='ltr'><strong>prepter</strong></span> <span class='ocrx_word' id='word_1_61' title='bbox 1308 1066 1807 1135; x_wconf 86' lang='lat' dir='ltr'><strong>pseudoapostolos.</strong></span> <span class='ocrx_word' id='word_1_62' title='bbox 1860 1063 2129 1133; x_wconf 72' lang='lat' dir='ltr'><strong>Praeponit</strong></span> <span class='ocrx_word' id='word_1_63' title='bbox 2154 1074 2333 1123; x_wconf 84' lang='lat' dir='ltr'><strong>autem</strong></span> 
     </span>
    </p>
   </div>
   <div class='ocr_carea' id='block_1_12' title="bbox 771 1156 2336 1227">
    <p class='ocr_par' dir='ltr' id='par_1_12' title="bbox 771 1156 2336 1227">
     <span class='ocr_line' id='line_1_12' title="bbox 771 1156 2336 1227; baseline 0.001 -18"><span class='ocrx_word' id='word_1_64' title='bbox 771 1156 985 1211; x_wconf 89' lang='lat' dir='ltr'><strong>Petrum</strong></span> <span class='ocrx_word' id='word_1_65' title='bbox 1013 1156 1089 1227; x_wconf 85' lang='grc' dir='ltr'><strong>(α)</strong></span> <span class='ocrx_word' id='word_1_66' title='bbox 1144 1168 1197 1211; x_wconf 88' lang='lat' dir='ltr'><strong>et</strong></span> <span class='ocrx_word' id='word_1_67' title='bbox 1226 1157 1517 1220; x_wconf 74' lang='lat' dir='ltr'><strong>Andream,</strong></span> <span class='ocrx_word' id='word_1_68' title='bbox 1550 1157 1803 1226; x_wconf 89' lang='lat' dir='ltr'><strong>quoniam</strong></span> <span class='ocrx_word' id='word_1_69' title='bbox 1834 1169 1887 1212; x_wconf 90' lang='lat' dir='ltr'><strong>et</strong></span> <span class='ocrx_word' id='word_1_70' title='bbox 1918 1158 2149 1225; x_wconf 88' lang='lat' dir='ltr'><strong>primum</strong></span> <span class='ocrx_word' id='word_1_71' title='bbox 2181 1167 2336 1212; x_wconf 87' lang='lat' dir='ltr'><strong>erant</strong></span> 
     </span>
    </p>
   </div>
   <div class='ocr_carea' id='block_1_13' title="bbox 769 1246 2332 1317">
    <p class='ocr_par' dir='ltr' id='par_1_13' title="bbox 769 1246 2332 1317">
     <span class='ocr_line' id='line_1_13' title="bbox 769 1246 2332 1317; baseline 0 -17"><span class='ocrx_word' id='word_1_72' title='bbox 769 1248 963 1303; x_wconf 82' lang='lat' dir='ltr'><strong>vocati.</strong></span> <span class='ocrx_word' id='word_1_73' title='bbox 989 1247 1193 1303; x_wconf 83' lang='lat' dir='ltr'><strong>Deinde</strong></span> <span class='ocrx_word' id='word_1_74' title='bbox 1232 1262 1437 1317; x_wconf 81' lang='lat' dir='ltr'><strong>ponens</strong></span> <span class='ocrx_word' id='word_1_75' title='bbox 1470 1248 1606 1303; x_wconf 85' lang='lat' dir='ltr'><strong>Illius</strong></span> <span class='ocrx_word' id='word_1_76' title='bbox 1637 1248 1902 1312; x_wconf 69' lang='lat' dir='ltr'><strong>Zehedaei,</strong></span> <span class='ocrx_word' id='word_1_77' title='bbox 1951 1248 2208 1317; x_wconf 71' lang='lat' dir='ltr'><strong>pra&#39;ponit</strong></span> <span class='ocrx_word' id='word_1_78' title='bbox 2239 1246 2332 1301; x_wconf 83' lang='lat' dir='ltr'><strong>Ja-</strong></span> 
     </span>
    </p>
   </div>
   <div class='ocr_carea' id='block_1_14' title="bbox 765 1337 2329 1408">
    <p class='ocr_par' dir='ltr' id='par_1_14' title="bbox 765 1337 2329 1408">
     <span class='ocr_line' id='line_1_14' title="bbox 765 1337 2329 1408; baseline 0.001 -16"><span class='ocrx_word' id='word_1_79' title='bbox 765 1337 1199 1401; x_wconf 38' lang='lat' dir='ltr'><strong>cobum‘Joanui,</strong></span> <span class='ocrx_word' id='word_1_80' title='bbox 1232 1353 1337 1393; x_wconf 88' lang='lat' dir='ltr'><strong>non</strong></span> <span class='ocrx_word' id='word_1_81' title='bbox 1365 1350 1583 1408; x_wconf 86' lang='lat' dir='ltr'><strong>propter</strong></span> <span class='ocrx_word' id='word_1_82' title='bbox 1606 1339 1943 1408; x_wconf 83' lang='lat' dir='ltr'><strong>dignitatem,</strong></span> <span class='ocrx_word' id='word_1_83' title='bbox 1976 1340 2070 1393; x_wconf 85' lang='lat' dir='ltr'><strong>sed</strong></span> <span class='ocrx_word' id='word_1_84' title='bbox 2104 1340 2227 1397; x_wconf 90' lang='lat' dir='ltr'><strong>uuia</strong></span> <span class='ocrx_word' id='word_1_85' title='bbox 2256 1338 2329 1393; x_wconf 91' lang='lat' dir='ltr'><strong>ita</strong></span> 
     </span>
    </p>
   </div>
   <div class='ocr_carea' id='block_1_15' title="bbox 765 1429 1456 1499">
    <p class='ocr_par' dir='ltr' id='par_1_15' title="bbox 765 1429 1456 1499">
     <span class='ocr_line' id='line_1_15' title="bbox 765 1429 1456 1499; baseline -0.001 -14"><span class='ocrx_word' id='word_1_86' title='bbox 765 1431 1054 1485; x_wconf 84' lang='lat' dir='ltr'><strong>acciderat.</strong></span> <span class='ocrx_word' id='word_1_87' title='bbox 1090 1429 1226 1485; x_wconf 83' lang='lat' dir='ltr'><strong>Dicit</strong></span> <span class='ocrx_word' id='word_1_88' title='bbox 1250 1431 1410 1499; x_wconf 91' lang='lat' dir='ltr'><strong>igitur</strong></span> <span class='ocrx_word' id='word_1_89' title='bbox 1442 1448 1456 1484; x_wconf 88' lang='lat'><strong>:</strong></span> 
     </span>
    </p>
   </div>
   <div class='ocr_carea' id='block_1_16' title="bbox 840 1517 2333 1585">
    <p class='ocr_par' dir='ltr' id='par_1_16' title="bbox 840 1517 2333 1585">
     <span class='ocr_line' id='line_1_16' title="bbox 840 1517 2333 1585; baseline 0.002 -13"><span class='ocrx_word' id='word_1_90' title='bbox 840 1520 995 1574; x_wconf 73' lang='lat' dir='ltr'><strong>Vsus.</strong></span> <span class='ocrx_word' id='word_1_91' title='bbox 1032 1522 1086 1584; x_wconf 83' lang='lat'><strong>5,</strong></span> <span class='ocrx_word' id='word_1_92' title='bbox 1132 1518 1185 1572; x_wconf 73' lang='grc' dir='ltr'><strong>ι.</strong></span> <span class='ocrx_word' id='word_1_93' title='bbox 1225 1537 1243 1571; x_wconf 84' lang='lat' dir='ltr'><strong>t</strong></span> <span class='ocrx_word' id='word_1_94' title='bbox 1278 1517 1510 1575; x_wconf 82' lang='lat' dir='ltr'><strong>Jacobus</strong></span> <span class='ocrx_word' id='word_1_95' title='bbox 1541 1519 1783 1574; x_wconf 66' lang='lat' dir='ltr'><strong>Zebedai</strong></span> <span class='ocrx_word' id='word_1_96' title='bbox 1817 1520 1981 1585; x_wconf 82' lang='lat' dir='ltr'><strong>ﬁlius,</strong></span> <span class='ocrx_word' id='word_1_97' title='bbox 2015 1530 2069 1575; x_wconf 91' lang='lat' dir='ltr'><strong>et</strong></span> <span class='ocrx_word' id='word_1_98' title='bbox 2096 1519 2333 1575; x_wconf 79' lang='lat' dir='ltr'><strong>Joannes</strong></span> 
     </span>
    </p>
   </div>
   <div class='ocr_carea' id='block_1_17' title="bbox 764 1609 2334 1680">
    <p class='ocr_par' dir='ltr' id='par_1_17' title="bbox 764 1609 2334 1680">
     <span class='ocr_line' id='line_1_17' title="bbox 764 1609 2334 1680; baseline 0.002 -17"><span class='ocrx_word' id='word_1_99' title='bbox 764 1613 929 1665; x_wconf 84' lang='lat' dir='ltr'><strong>lrater</strong></span> <span class='ocrx_word' id='word_1_100' title='bbox 950 1610 1087 1680; x_wconf 81' lang='lat' dir='ltr'><strong>ejus,</strong></span> <span class='ocrx_word' id='word_1_101' title='bbox 1116 1609 1390 1678; x_wconf 88' lang='lat' dir='ltr'><strong>Philippus</strong></span> <span class='ocrx_word' id='word_1_102' title='bbox 1421 1621 1475 1664; x_wconf 89' lang='lat' dir='ltr'><strong>et</strong></span> <span class='ocrx_word' id='word_1_103' title='bbox 1508 1609 1961 1676; x_wconf 73' lang='lat' dir='ltr'><strong>Bartltolomteus,</strong></span> <span class='ocrx_word' id='word_1_104' title='bbox 2014 1611 2251 1668; x_wconf 84' lang='lat' dir='ltr'><strong>Thomas</strong></span> <span class='ocrx_word' id='word_1_105' title='bbox 2280 1624 2334 1666; x_wconf 91' lang='lat' dir='ltr'><strong>et</strong></span> 
     </span>
    </p>
   </div>
   <div class='ocr_carea' id='block_1_18' title="bbox 764 1699 2333 1770">
    <p class='ocr_par' dir='ltr' id='par_1_18' title="bbox 764 1699 2333 1770">
     <span class='ocr_line' id='line_1_18' title="bbox 764 1699 2333 1770; baseline 0.001 -14"><span class='ocrx_word' id='word_1_106' title='bbox 764 1702 1043 1756; x_wconf 59' lang='lat' dir='ltr'><strong>Mattheus</strong></span> <span class='ocrx_word' id='word_1_107' title='bbox 1081 1699 1417 1770; x_wconf 82' lang='lat' dir='ltr'><strong>publicanus,</strong></span> <span class='ocrx_word' id='word_1_108' title='bbox 1442 1699 1677 1755; x_wconf 82' lang='lat' dir='ltr'><strong>Jacobus</strong></span> <span class='ocrx_word' id='word_1_109' title='bbox 1714 1702 1943 1769; x_wconf 65' lang='lat' dir='ltr'><strong>Alphei,</strong></span> <span class='ocrx_word' id='word_1_110' title='bbox 1990 1712 2045 1755; x_wconf 92' lang='lat' dir='ltr'><strong>et</strong></span> <span class='ocrx_word' id='word_1_111' title='bbox 2072 1702 2333 1757; x_wconf 74' lang='lat' dir='ltr'><strong>Lehbacus</strong></span> 
     </span>
    </p>
   </div>
   <div class='ocr_carea' id='block_1_19' title="bbox 763 1792 2331 1863">
    <p class='ocr_par' dir='ltr' id='par_1_19' title="bbox 763 1792 2331 1863">
     <span class='ocr_line' id='line_1_19' title="bbox 763 1792 2331 1863; baseline 0.001 -16"><span class='ocrx_word' id='word_1_112' title='bbox 763 1804 1120 1863; x_wconf 84' lang='lat' dir='ltr'><strong>cognomento</strong></span> <span class='ocrx_word' id='word_1_113' title='bbox 1147 1792 1468 1856; x_wconf 66' lang='lat' dir='ltr'><strong>Tltaddaaus,</strong></span> <span class='ocrx_word' id='word_1_114' title='bbox 1512 1792 1700 1847; x_wconf 88' lang='lat' dir='ltr'><strong>Simon</strong></span> <span class='ocrx_word' id='word_1_115' title='bbox 1726 1794 2046 1859; x_wconf 68' lang='lat' dir='ltr'><strong>Canauaaus,</strong></span> <span class='ocrx_word' id='word_1_116' title='bbox 2083 1805 2135 1848; x_wconf 92' lang='lat' dir='ltr'><strong>et</strong></span> <span class='ocrx_word' id='word_1_117' title='bbox 2162 1792 2331 1849; x_wconf 82' lang='lat' dir='ltr'><strong>Judas</strong></span> 
     </span>
    </p>
   </div>
   <div class='ocr_carea' id='block_1_20' title="bbox 2442 608 4016 680">
    <p class='ocr_par' dir='ltr' id='par_1_20' title="bbox 2442 608 4016 680">
     <span class='ocr_line' id='line_1_20' title="bbox 2442 608 4016 680; baseline 0.004 -20"><span class='ocrx_word' id='word_1_118' title='bbox 2442 608 2551 662; x_wconf 84' lang='grc' dir='ltr'><strong>τῶν</strong></span> <span class='ocrx_word' id='word_1_119' title='bbox 2590 610 2886 678; x_wconf 82' lang='grc' dir='ltr'><strong>θαυμάτων</strong></span> <span class='ocrx_word' id='word_1_120' title='bbox 2925 610 3425 678; x_wconf 75' lang='grc' dir='ltr'>καταπλήσσοντες.</span> <span class='ocrx_word' id='word_1_121' title='bbox 3462 608 3597 680; x_wconf 76' lang='grc' dir='ltr'>πρὸς</span> <span class='ocrx_word' id='word_1_122' title='bbox 3632 609 3731 680; x_wconf 81' lang='grc' dir='ltr'>τὴν</span> <span class='ocrx_word' id='word_1_123' title='bbox 3762 609 4016 667; x_wconf 78' lang='grc' dir='ltr'>διδασκα-</span> 
     </span>
    </p>
   </div>
   <div class='ocr_carea' id='block_1_21' title="bbox 2441 700 3563 771">
    <p class='ocr_par' dir='ltr' id='par_1_21' title="bbox 2441 700 3563 771">
     <span class='ocr_line' id='line_1_21' title="bbox 2441 700 3563 771; baseline 0.003 -18"><span class='ocrx_word' id='word_1_124' title='bbox 2441 702 2560 754; x_wconf 97' lang='grc' dir='ltr'>λίαν</span> <span class='ocrx_word' id='word_1_125' title='bbox 2583 700 2894 771; x_wconf 70' lang='grc' dir='ltr'><strong>πειθηνίους</strong></span> <span class='ocrx_word' id='word_1_126' title='bbox 2918 701 3084 771; x_wconf 69' lang='grc' dir='ltr'>ἔχωσι</span> <span class='ocrx_word' id='word_1_127' title='bbox 3113 700 3239 763; x_wconf 82' lang='grc' dir='ltr'>τοὺς</span> <span class='ocrx_word' id='word_1_128' title='bbox 3268 700 3563 771; x_wconf 78' lang='grc' dir='ltr'>ἀκροατάς.</span> 
     </span>
    </p>
   </div>
   <div class='ocr_carea' id='block_1_22' title="bbox 2516 788 4017 863">
    <p class='ocr_par' dir='ltr' id='par_1_22' title="bbox 2516 788 4017 863">
     <span class='ocr_line' id='line_1_22' title="bbox 2516 788 4017 863; baseline 0.003 -22"><span class='ocrx_word' id='word_1_129' title='bbox 2516 809 2535 841; x_wconf 78' lang='grc' dir='ltr'><strong>ι</strong></span> <span class='ocrx_word' id='word_1_130' title='bbox 2575 789 2696 841; x_wconf 84' lang='grc' dir='ltr'>Τῶν</span> <span class='ocrx_word' id='word_1_131' title='bbox 2757 789 2813 842; x_wconf 73' lang='grc' dir='ltr'>δὲ</span> <span class='ocrx_word' id='word_1_132' title='bbox 2878 790 3087 842; x_wconf 85' lang='grc' dir='ltr'>δώδεκα</span> <span class='ocrx_word' id='word_1_133' title='bbox 3146 788 3460 842; x_wconf 80' lang='grc' dir='ltr'><strong>ἀποστόλων</strong></span> <span class='ocrx_word' id='word_1_134' title='bbox 3511 792 3579 843; x_wconf 71' lang='grc' dir='ltr'><strong>τὰ</strong></span> <span class='ocrx_word' id='word_1_135' title='bbox 3628 792 3867 863; x_wconf 84' lang='grc' dir='ltr'>ὀνόματα</span> <span class='ocrx_word' id='word_1_136' title='bbox 3911 795 4017 848; x_wconf 66' lang='lat' dir='ltr'><strong>sle!</strong></span> 
     </span>
    </p>
   </div>
   <div class='ocr_carea' id='block_1_23' title="bbox 2437 883 4018 958">
    <p class='ocr_par' dir='ltr' id='par_1_23' title="bbox 2437 883 4018 958">
     <span class='ocr_line' id='line_1_23' title="bbox 2437 883 4018 958; baseline 0.003 -22"><span class='ocrx_word' id='word_1_137' title='bbox 2437 884 2634 937; x_wconf 85' lang='grc' dir='ltr'>ταῦτα·</span> <span class='ocrx_word' id='word_1_138' title='bbox 2671 883 2895 953; x_wconf 82' lang='grc' dir='ltr'>Πρῶτος</span> <span class='ocrx_word' id='word_1_139' title='bbox 2931 884 3115 952; x_wconf 85' lang='grc' dir='ltr'>Σίμων</span> <span class='ocrx_word' id='word_1_140' title='bbox 3144 884 3173 934; x_wconf 95' lang='lat'><strong>6</strong></span> <span class='ocrx_word' id='word_1_141' title='bbox 3202 883 3495 954; x_wconf 83' lang='grc' dir='ltr'>λεγόμενος</span> <span class='ocrx_word' id='word_1_142' title='bbox 3518 886 3747 958; x_wconf 85' lang='grc' dir='ltr'>Πέτρος,</span> <span class='ocrx_word' id='word_1_143' title='bbox 3777 892 3867 942; x_wconf 76' lang='grc' dir='ltr'>καὶ</span> <span class='ocrx_word' id='word_1_144' title='bbox 3902 890 4018 943; x_wconf 78' lang='grc' dir='ltr'><strong>Ἀνο</strong></span> 
     </span>
    </p>
   </div>
   <div class='ocr_carea' id='block_1_24' title="bbox 2437 972 4019 1044">
    <p class='ocr_par' dir='ltr' id='par_1_24' title="bbox 2437 972 4019 1044">
     <span class='ocr_line' id='line_1_24' title="bbox 2437 972 4019 1044; baseline 0.004 -18"><span class='ocrx_word' id='word_1_145' title='bbox 2437 975 2603 1044; x_wconf 80' lang='grc' dir='ltr'>δρὲας</span> <span class='ocrx_word' id='word_1_146' title='bbox 2633 977 2661 1027; x_wconf 92' lang='lat'><strong>6</strong></span> <span class='ocrx_word' id='word_1_147' title='bbox 2687 973 2917 1043; x_wconf 73' lang='grc' dir='ltr'>ἁδελφὸς</span> <span class='ocrx_word' id='word_1_148' title='bbox 2947 972 3135 1028; x_wconf 79' lang='grc' dir='ltr'>αὑτοῦ.</span> <span class='ocrx_word' id='word_1_149' title='bbox 3166 993 3184 1025; x_wconf 74' lang='grc' dir='ltr'><strong>ι</strong></span> <span class='ocrx_word' id='word_1_150' title='bbox 3215 974 3521 1041; x_wconf 83' lang='grc' dir='ltr'>Καταλέγει</span> <span class='ocrx_word' id='word_1_151' title='bbox 3552 975 3621 1028; x_wconf 75' lang='grc' dir='ltr'><strong>τὰ</strong></span> <span class='ocrx_word' id='word_1_152' title='bbox 3651 978 3759 1030; x_wconf 89' lang='grc' dir='ltr'><strong>τῶν</strong></span> <span class='ocrx_word' id='word_1_153' title='bbox 3788 980 4019 1031; x_wconf 80' lang='grc' dir='ltr'>ἀποστό-</span> 
     </span>
    </p>
   </div>
   <div class='ocr_carea' id='block_1_25' title="bbox 2436 1064 4018 1137">
    <p class='ocr_par' dir='ltr' id='par_1_25' title="bbox 2436 1064 4018 1137">
     <span class='ocr_line' id='line_1_25' title="bbox 2436 1064 4018 1137; baseline 0.003 -18"><span class='ocrx_word' id='word_1_154' title='bbox 2436 1066 2545 1119; x_wconf 79' lang='grc' dir='ltr'><strong>λων</strong></span> <span class='ocrx_word' id='word_1_155' title='bbox 2588 1067 2849 1131; x_wconf 77' lang='grc' dir='ltr'>ὀνόματα,</span> <span class='ocrx_word' id='word_1_156' title='bbox 2883 1066 2971 1119; x_wconf 78' lang='grc' dir='ltr'><strong>διὰ</strong></span> <span class='ocrx_word' id='word_1_157' title='bbox 3016 1066 3145 1128; x_wconf 77' lang='grc' dir='ltr'>τοὺς</span> <span class='ocrx_word' id='word_1_158' title='bbox 3190 1064 3681 1134; x_wconf 63' lang='grc' dir='ltr'>ψευδαποστόὶρυς.</span> <span class='ocrx_word' id='word_1_159' title='bbox 3723 1069 4018 1137; x_wconf 83' lang='grc' dir='ltr'>Προτίθησι</span> 
     </span>
    </p>
   </div>
   <div class='ocr_carea' id='block_1_26' title="bbox 2436 1155 4015 1227">
    <p class='ocr_par' dir='ltr' id='par_1_26' title="bbox 2436 1155 4015 1227">
     <span class='ocr_line' id='line_1_26' title="bbox 2436 1155 4015 1227; baseline 0.004 -20"><span class='ocrx_word' id='word_1_160' title='bbox 2436 1155 2490 1208; x_wconf 80' lang='grc' dir='ltr'>δὲ</span> <span class='ocrx_word' id='word_1_161' title='bbox 2527 1155 2729 1226; x_wconf 86' lang='grc' dir='ltr'>Πέτρον</span> <span class='ocrx_word' id='word_1_162' title='bbox 2750 1156 2843 1208; x_wconf 79' lang='grc' dir='ltr'>καὶ</span> <span class='ocrx_word' id='word_1_163' title='bbox 2872 1156 3153 1226; x_wconf 85' lang='grc' dir='ltr'>Ἀνδρέαν,</span> <span class='ocrx_word' id='word_1_164' title='bbox 3177 1156 3311 1209; x_wconf 81' lang='grc' dir='ltr'>διότι</span> <span class='ocrx_word' id='word_1_165' title='bbox 3335 1157 3429 1209; x_wconf 81' lang='grc' dir='ltr'>καὶ</span> <span class='ocrx_word' id='word_1_166' title='bbox 3452 1158 3848 1227; x_wconf 83' lang='grc' dir='ltr'>πρωτόκλητοι.</span> <span class='ocrx_word' id='word_1_167' title='bbox 3882 1156 4015 1213; x_wconf 77' lang='grc' dir='ltr'>Εἶτα</span> 
     </span>
    </p>
   </div>
   <div class='ocr_carea' id='block_1_27' title="bbox 2436 1246 4013 1315">
    <p class='ocr_par' dir='ltr' id='par_1_27' title="bbox 2436 1246 4013 1315">
     <span class='ocr_line' id='line_1_27' title="bbox 2436 1246 4013 1315; baseline 0.003 -18"><span class='ocrx_word' id='word_1_168' title='bbox 2436 1247 2559 1309; x_wconf 78' lang='grc' dir='ltr'>τοὺς</span> <span class='ocrx_word' id='word_1_169' title='bbox 2584 1246 2678 1298; x_wconf 81' lang='grc' dir='ltr'>τοῦ</span> <span class='ocrx_word' id='word_1_170' title='bbox 2708 1246 2995 1299; x_wconf 81' lang='grc' dir='ltr'>Ζεϐεδαίου</span> <span class='ocrx_word' id='word_1_171' title='bbox 3021 1261 3036 1277; x_wconf 78' lang='grc'><strong><em>⁸</em></strong></span> <span class='ocrx_word' id='word_1_172' title='bbox 3089 1246 3380 1315; x_wconf 75' lang='grc' dir='ltr'>προτάττει</span> <span class='ocrx_word' id='word_1_173' title='bbox 3406 1246 3462 1301; x_wconf 76' lang='grc' dir='ltr'>δὲ</span> <span class='ocrx_word' id='word_1_174' title='bbox 3489 1246 3581 1299; x_wconf 87' lang='grc' dir='ltr'><strong>τδν</strong></span> <span class='ocrx_word' id='word_1_175' title='bbox 3624 1247 3881 1301; x_wconf 87' lang='grc' dir='ltr'>Ἰάκωϐον</span> <span class='ocrx_word' id='word_1_176' title='bbox 3918 1249 4013 1301; x_wconf 78' lang='grc' dir='ltr'>τοῦ</span> 
     </span>
    </p>
   </div>
   <div class='ocr_carea' id='block_1_28' title="bbox 2450 1336 4015 1406">
    <p class='ocr_par' dir='ltr' id='par_1_28' title="bbox 2450 1336 4015 1406">
     <span class='ocr_line' id='line_1_28' title="bbox 2450 1336 4015 1406; baseline 0.003 -18"><span class='ocrx_word' id='word_1_177' title='bbox 2450 1336 2727 1390; x_wconf 77' lang='grc' dir='ltr'>Ἰωάννου·</span> <span class='ocrx_word' id='word_1_178' title='bbox 2756 1337 2815 1388; x_wconf 84' lang='grc' dir='ltr'>οὐ</span> <span class='ocrx_word' id='word_1_179' title='bbox 2851 1336 2959 1406; x_wconf 80' lang='grc' dir='ltr'><strong>γάρ</strong></span> <span class='ocrx_word' id='word_1_180' title='bbox 2989 1336 3131 1389; x_wconf 76' lang='grc' dir='ltr'>κατὰ</span> <span class='ocrx_word' id='word_1_181' title='bbox 3157 1336 3253 1404; x_wconf 83' lang='grc' dir='ltr'>τὴν</span> <span class='ocrx_word' id='word_1_182' title='bbox 3281 1336 3459 1402; x_wconf 81' lang='grc' dir='ltr'>ἀξίαν,</span> <span class='ocrx_word' id='word_1_183' title='bbox 3490 1336 3607 1389; x_wconf 79' lang='grc' dir='ltr'>ἀλλ’</span> <span class='ocrx_word' id='word_1_184' title='bbox 3648 1336 3835 1401; x_wconf 81' lang='grc' dir='ltr'>ἁπλῶς</span> <span class='ocrx_word' id='word_1_185' title='bbox 3872 1342 4015 1393; x_wconf 77' lang='grc' dir='ltr'>κατα</span> 
     </span>
    </p>
   </div>
   <div class='ocr_carea' id='block_1_29' title="bbox 2435 1426 3837 1497">
    <p class='ocr_par' dir='ltr' id='par_1_29' title="bbox 2435 1426 3837 1497">
     <span class='ocr_line' id='line_1_29' title="bbox 2435 1426 3837 1497; baseline 0 -18"><span class='ocrx_word' id='word_1_186' title='bbox 2435 1427 2495 1479; x_wconf 73' lang='grc' dir='ltr'><strong>τὸ</strong></span> <span class='ocrx_word' id='word_1_187' title='bbox 2526 1428 2847 1497; x_wconf 78' lang='grc' dir='ltr'>παραπεσὸν</span> <span class='ocrx_word' id='word_1_188' title='bbox 2884 1428 3177 1495; x_wconf 78' lang='grc' dir='ltr'><strong>καταλέγει</strong></span> <span class='ocrx_word' id='word_1_189' title='bbox 3210 1426 3459 1491; x_wconf 83' lang='grc' dir='ltr'>τούτους.</span> <span class='ocrx_word' id='word_1_190' title='bbox 3491 1429 3627 1497; x_wconf 75' lang='grc' dir='ltr'>Φησὶ</span> <span class='ocrx_word' id='word_1_191' title='bbox 3658 1427 3791 1494; x_wconf 79' lang='grc' dir='ltr'>γοῦν</span> <span class='ocrx_word' id='word_1_192' title='bbox 3822 1442 3837 1458; x_wconf 88' lang='grc'><strong>·</strong></span> 
     </span>
    </p>
   </div>
   <div class='ocr_carea' id='block_1_30' title="bbox 2512 1517 4017 1587">
    <p class='ocr_par' dir='ltr' id='par_1_30' title="bbox 2512 1517 4017 1587">
     <span class='ocr_line' id='line_1_30' title="bbox 2512 1517 4017 1587; baseline 0 -16"><span class='ocrx_word' id='word_1_193' title='bbox 2512 1535 2532 1570; x_wconf 87' lang='grc'><strong><em>‹</em></strong></span> <span class='ocrx_word' id='word_1_194' title='bbox 2580 1520 2831 1582; x_wconf 82' lang='grc' dir='ltr'>Ἰάκωϐος</span> <span class='ocrx_word' id='word_1_195' title='bbox 2869 1522 2897 1572; x_wconf 96' lang='lat'><strong>6</strong></span> <span class='ocrx_word' id='word_1_196' title='bbox 2923 1518 3015 1572; x_wconf 81' lang='grc' dir='ltr'>τοῦ</span> <span class='ocrx_word' id='word_1_197' title='bbox 3054 1519 3365 1585; x_wconf 84' lang='grc' dir='ltr'>Ζεϐεδαίου,</span> <span class='ocrx_word' id='word_1_198' title='bbox 3397 1521 3493 1572; x_wconf 82' lang='grc' dir='ltr'>καὶ</span> <span class='ocrx_word' id='word_1_199' title='bbox 3522 1517 3779 1587; x_wconf 79' lang='grc' dir='ltr'><strong>Ἰωάννης</strong></span> <span class='ocrx_word' id='word_1_200' title='bbox 3811 1521 3839 1570; x_wconf 90' lang='lat'><strong>6</strong></span> <span class='ocrx_word' id='word_1_201' title='bbox 3864 1520 4017 1573; x_wconf 65' lang='grc' dir='ltr'>ἀδελ-</span> 
     </span>
    </p>
   </div>
   <div class='ocr_carea' id='block_1_31' title="bbox 2436 1610 4013 1681">
    <p class='ocr_par' dir='ltr' id='par_1_31' title="bbox 2436 1610 4013 1681">
     <span class='ocr_line' id='line_1_31' title="bbox 2436 1610 4013 1681; baseline 0.002 -22"><span class='ocrx_word' id='word_1_202' title='bbox 2436 1613 2533 1677; x_wconf 75' lang='grc' dir='ltr'><strong>φὺς</strong></span> <span class='ocrx_word' id='word_1_203' title='bbox 2562 1610 2747 1675; x_wconf 77' lang='grc' dir='ltr'>αὑτοῦ,</span> <span class='ocrx_word' id='word_1_204' title='bbox 2777 1610 3043 1672; x_wconf 74' lang='grc' dir='ltr'><strong>⁴Ινί).ιππος</strong></span> <span class='ocrx_word' id='word_1_205' title='bbox 3089 1611 3185 1664; x_wconf 63' lang='grc' dir='ltr'><strong>καλ</strong></span> <span class='ocrx_word' id='word_1_206' title='bbox 3224 1610 3651 1681; x_wconf 84' lang='grc' dir='ltr'>Βαρθολομαῖος,</span> <span class='ocrx_word' id='word_1_207' title='bbox 3681 1610 3884 1679; x_wconf 74' lang='grc' dir='ltr'>Θωμᾶς</span> <span class='ocrx_word' id='word_1_208' title='bbox 3919 1612 4013 1663; x_wconf 71' lang='grc' dir='ltr'>καὶ</span> 
     </span>
    </p>
   </div>
   <div class='ocr_carea' id='block_1_32' title="bbox 2436 1702 4019 1775">
    <p class='ocr_par' dir='ltr' id='par_1_32' title="bbox 2436 1702 4019 1775">
     <span class='ocr_line' id='line_1_32' title="bbox 2436 1702 4019 1775; baseline -0.002 -16"><span class='ocrx_word' id='word_1_209' title='bbox 2436 1704 2714 1767; x_wconf 72' lang='grc' dir='ltr'>Ματθαίος</span> <span class='ocrx_word' id='word_1_210' title='bbox 2744 1707 2771 1756; x_wconf 90' lang='lat'><strong>6</strong></span> <span class='ocrx_word' id='word_1_211' title='bbox 2804 1704 3067 1775; x_wconf 84' lang='grc' dir='ltr'>τελώνης,</span> <span class='ocrx_word' id='word_1_212' title='bbox 3106 1702 3365 1768; x_wconf 85' lang='grc' dir='ltr'>Ἰάκωϐος</span> <span class='ocrx_word' id='word_1_213' title='bbox 3399 1708 3427 1758; x_wconf 94' lang='lat'><strong>6</strong></span> <span class='ocrx_word' id='word_1_214' title='bbox 3472 1704 3567 1758; x_wconf 86' lang='grc' dir='ltr'>τοῦ</span> <span class='ocrx_word' id='word_1_215' title='bbox 3595 1704 3877 1773; x_wconf 68' lang='grc' dir='ltr'>Ἁλφαίου,</span> <span class='ocrx_word' id='word_1_216' title='bbox 3924 1707 4019 1758; x_wconf 75' lang='grc' dir='ltr'>καὶ</span> 
     </span>
    </p>
   </div>
   <div class='ocr_carea' id='block_1_33' title="bbox 2436 1796 4018 1867">
    <p class='ocr_par' dir='ltr' id='par_1_33' title="bbox 2436 1796 4018 1867">
     <span class='ocr_line' id='line_1_33' title="bbox 2436 1796 4018 1867; baseline 0 -18"><span class='ocrx_word' id='word_1_217' title='bbox 2436 1796 2699 1858; x_wconf 85' lang='grc' dir='ltr'>Λεϐϐαῖος</span> <span class='ocrx_word' id='word_1_218' title='bbox 2722 1797 2749 1848; x_wconf 89' lang='lat'><strong>6</strong></span> <span class='ocrx_word' id='word_1_219' title='bbox 2778 1796 3095 1867; x_wconf 75' lang='grc' dir='ltr'>ἐπικληθεὶς</span> <span class='ocrx_word' id='word_1_220' title='bbox 3116 1797 3395 1860; x_wconf 84' lang='grc' dir='ltr'>Θαδδαῖος,</span> <span class='ocrx_word' id='word_1_221' title='bbox 3418 1797 3602 1865; x_wconf 85' lang='grc' dir='ltr'>Σίμων</span> <span class='ocrx_word' id='word_1_222' title='bbox 3624 1799 3651 1849; x_wconf 91' lang='lat'><strong>6</strong></span> <span class='ocrx_word' id='word_1_223' title='bbox 3682 1797 4018 1866; x_wconf 84' lang='grc' dir='ltr'>Κανανίτης.</span> 
     </span>
    </p>
   </div>
   <div class='ocr_carea' id='block_1_34' title="bbox 766 1862 2459 1958">
    <p class='ocr_par' dir='ltr' id='par_1_34' title="bbox 766 1862 2459 1949">
     <span class='ocr_line' id='line_1_34' title="bbox 766 1862 2459 1949; baseline 0.003 -14"><span class='ocrx_word' id='word_1_224' title='bbox 766 1862 1071 1947; x_wconf 68' lang='lat' dir='ltr'><strong>[scariotes,</strong></span> <span class='ocrx_word' id='word_1_225' title='bbox 1104 1883 1193 1949; x_wconf 86' lang='lat' dir='ltr'><strong>qui</strong></span> <span class='ocrx_word' id='word_1_226' title='bbox 1235 1893 1287 1934; x_wconf 90' lang='lat' dir='ltr'><strong>et</strong></span> <span class='ocrx_word' id='word_1_227' title='bbox 1332 1882 1549 1935; x_wconf 82' lang='lat' dir='ltr'><strong>tradidit</strong></span> <span class='ocrx_word' id='word_1_228' title='bbox 1590 1882 1759 1936; x_wconf 91' lang='lat' dir='ltr'><strong>illunt.</strong></span> <span class='ocrx_word' id='word_1_229' title='bbox 1814 1902 1830 1933; x_wconf 75' lang='grc' dir='ltr'><strong>ι</strong></span> <span class='ocrx_word' id='word_1_230' title='bbox 1886 1883 2018 1937; x_wconf 88' lang='lat' dir='ltr'><strong>Vide</strong></span> <span class='ocrx_word' id='word_1_231' title='bbox 2052 1883 2327 1937; x_wconf 83' lang='lat' dir='ltr'><strong>humilita-</strong></span> <span class='ocrx_word' id='word_1_232' title='bbox 2360 1862 2405 1921; x_wconf 77' lang='grc' dir='ltr'><strong>Β</strong></span> <span class='ocrx_word' id='word_1_233' title='bbox 2434 1906 2459 1940; x_wconf 76' lang='grc' dir='ltr'><strong>κ</strong></span> 
     </span>
    </p>
   </div>
   <div class='ocr_carea' id='block_1_35' title="bbox 2319 1862 4012 1958">
    <p class='ocr_par' dir='ltr' id='par_1_35' title="bbox 2319 1862 4012 1958">
     <span class='ocr_line' id='line_1_35' title="bbox 2319 1862 4012 1958; baseline -0.001 -17"><span class='ocrx_word' id='word_1_234' title='bbox 2319 1912 2327 1923; x_wconf 93' lang='grc'>·</span> <span class='ocrx_word' id='word_1_235' title='bbox 2360 1862 2405 1921; x_wconf 76' lang='grc' dir='ltr'><strong>Β</strong></span> <span class='ocrx_word' id='word_1_236' title='bbox 2434 1889 2527 1941; x_wconf 74' lang='grc' dir='ltr'>καὶ</span> <span class='ocrx_word' id='word_1_237' title='bbox 2567 1888 2769 1951; x_wconf 80' lang='grc' dir='ltr'>Ἰούδας</span> <span class='ocrx_word' id='word_1_238' title='bbox 2806 1862 3165 1957; x_wconf 80' lang='grc' dir='ltr'>Ἰσκαριώτης</span> <span class='ocrx_word' id='word_1_239' title='bbox 3214 1889 3243 1941; x_wconf 94' lang='lat'><strong>6</strong></span> <span class='ocrx_word' id='word_1_240' title='bbox 3284 1889 3376 1941; x_wconf 75' lang='grc' dir='ltr'>καὶ</span> <span class='ocrx_word' id='word_1_241' title='bbox 3427 1862 3706 1958; x_wconf 79' lang='grc' dir='ltr'>παραδοὺς</span> <span class='ocrx_word' id='word_1_242' title='bbox 3754 1862 3959 1941; x_wconf 32' lang='grc' dir='ltr'>αὐτόν.-</span> <span class='ocrx_word' id='word_1_243' title='bbox 3993 1905 4012 1939; x_wconf 70' lang='grc' dir='ltr'><strong>ι</strong></span> 
     </span>
    </p>
   </div>
   <div class='ocr_carea' id='block_1_36' title="bbox 765 1971 2326 2041">
    <p class='ocr_par' dir='ltr' id='par_1_36' title="bbox 765 1971 2326 2041">
     <span class='ocr_line' id='line_1_36' title="bbox 765 1971 2326 2041; baseline 0.002 -17"><span class='ocrx_word' id='word_1_244' title='bbox 765 1985 869 2027; x_wconf 79' lang='lat' dir='ltr'><strong>lem</strong></span> <span class='ocrx_word' id='word_1_245' title='bbox 910 1971 1176 2035; x_wconf 58' lang='lat' dir='ltr'><strong>Matthxi,</strong></span> <span class='ocrx_word' id='word_1_246' title='bbox 1210 1972 1483 2041; x_wconf 88' lang='lat' dir='ltr'><strong>quomodo</strong></span> <span class='ocrx_word' id='word_1_247' title='bbox 1512 1987 1569 2026; x_wconf 83' lang='lat' dir='ltr'><strong>se</strong></span> <span class='ocrx_word' id='word_1_248' title='bbox 1598 1982 1719 2041; x_wconf 89' lang='lat' dir='ltr'><strong>post</strong></span> <span class='ocrx_word' id='word_1_249' title='bbox 1749 1973 2011 2028; x_wconf 85' lang='lat' dir='ltr'><strong>Thomam</strong></span> <span class='ocrx_word' id='word_1_250' title='bbox 2042 1975 2326 2029; x_wconf 90' lang='lat' dir='ltr'><strong>ordinarit.</strong></span> 
     </span>
    </p>
   </div>
   <div class='ocr_carea' id='block_1_37' title="bbox 762 2062 2332 2127">
    <p class='ocr_par' dir='ltr' id='par_1_37' title="bbox 762 2062 2332 2127">
     <span class='ocr_line' id='line_1_37' title="bbox 762 2062 2332 2127; baseline 0.003 -12"><span class='ocrx_word' id='word_1_251' title='bbox 762 2067 839 2116; x_wconf 77' lang='lat' dir='ltr'><strong>Ad</strong></span> <span class='ocrx_word' id='word_1_252' title='bbox 870 2062 1061 2115; x_wconf 80' lang='lat' dir='ltr'><strong>Judam</strong></span> <span class='ocrx_word' id='word_1_253' title='bbox 1102 2074 1276 2117; x_wconf 90' lang='lat' dir='ltr'><strong>autem</strong></span> <span class='ocrx_word' id='word_1_254' title='bbox 1303 2079 1425 2116; x_wconf 92' lang='lat' dir='ltr'><strong>cum</strong></span> <span class='ocrx_word' id='word_1_255' title='bbox 1457 2064 1712 2127; x_wconf 77' lang='lat' dir='ltr'><strong>venisset,</strong></span> <span class='ocrx_word' id='word_1_256' title='bbox 1750 2081 1853 2119; x_wconf 89' lang='lat' dir='ltr'><strong>non</strong></span> <span class='ocrx_word' id='word_1_257' title='bbox 1892 2066 2061 2120; x_wconf 82' lang='lat' dir='ltr'><strong>dixit:</strong></span> <span class='ocrx_word' id='word_1_258' title='bbox 2094 2065 2332 2120; x_wconf 89' lang='lat' dir='ltr'><strong>Pollutus</strong></span> 
     </span>
    </p>
   </div>
   <div class='ocr_carea' id='block_1_38' title="bbox 763 2158 2328 2227">
    <p class='ocr_par' dir='ltr' id='par_1_38' title="bbox 763 2158 2328 2227">
     <span class='ocr_line' id='line_1_38' title="bbox 763 2158 2328 2227; baseline 0 -16"><span class='ocrx_word' id='word_1_259' title='bbox 763 2158 868 2222; x_wconf 85' lang='lat' dir='ltr'><strong>ille,</strong></span> <span class='ocrx_word' id='word_1_260' title='bbox 897 2159 1146 2213; x_wconf 86' lang='lat' dir='ltr'><strong>inimicus</strong></span> <span class='ocrx_word' id='word_1_261' title='bbox 1181 2160 1269 2215; x_wconf 87' lang='lat' dir='ltr'><strong>ille</strong></span> <span class='ocrx_word' id='word_1_262' title='bbox 1302 2159 1415 2224; x_wconf 92' lang='lat' dir='ltr'><strong>Dei,</strong></span> <span class='ocrx_word' id='word_1_263' title='bbox 1446 2163 1541 2217; x_wconf 85' lang='lat' dir='ltr'><strong>sed</strong></span> <span class='ocrx_word' id='word_1_264' title='bbox 1571 2160 1883 2215; x_wconf 79' lang='lat' dir='ltr'><strong>lseariotem</strong></span> <span class='ocrx_word' id='word_1_265' title='bbox 1918 2158 2066 2213; x_wconf 90' lang='lat' dir='ltr'><strong>illum</strong></span> <span class='ocrx_word' id='word_1_266' title='bbox 2099 2174 2129 2211; x_wconf 88' lang='lat' dir='ltr'><strong>a</strong></span> <span class='ocrx_word' id='word_1_267' title='bbox 2156 2158 2328 2227; x_wconf 85' lang='lat' dir='ltr'><strong>patria</strong></span> 
     </span>
    </p>
   </div>
   <div class='ocr_carea' id='block_1_39' title="bbox 762 2246 2327 2317">
    <p class='ocr_par' dir='ltr' id='par_1_39' title="bbox 762 2246 2327 2317">
     <span class='ocr_line' id='line_1_39' title="bbox 762 2246 2327 2317; baseline -0.001 -15"><span class='ocrx_word' id='word_1_268' title='bbox 762 2249 1075 2302; x_wconf 83' lang='lat' dir='ltr'><strong>neminavit.</strong></span> <span class='ocrx_word' id='word_1_269' title='bbox 1126 2250 1257 2304; x_wconf 87' lang='lat' dir='ltr'><strong>Erat</strong></span> <span class='ocrx_word' id='word_1_270' title='bbox 1305 2252 1448 2303; x_wconf 92' lang='lat' dir='ltr'><strong>enim</strong></span> <span class='ocrx_word' id='word_1_271' title='bbox 1490 2261 1543 2304; x_wconf 89' lang='lat' dir='ltr'><strong>et</strong></span> <span class='ocrx_word' id='word_1_272' title='bbox 1585 2252 1725 2305; x_wconf 79' lang='lat' dir='ltr'><strong>alius</strong></span> <span class='ocrx_word' id='word_1_273' title='bbox 1763 2249 1948 2314; x_wconf 68' lang='lat' dir='ltr'><strong>ludas,</strong></span> <span class='ocrx_word' id='word_1_274' title='bbox 1985 2248 2075 2317; x_wconf 89' lang='lat' dir='ltr'><strong>qui</strong></span> <span class='ocrx_word' id='word_1_275' title='bbox 2106 2258 2160 2302; x_wconf 92' lang='lat' dir='ltr'><strong>et</strong></span> <span class='ocrx_word' id='word_1_276' title='bbox 2188 2246 2327 2301; x_wconf 80' lang='lat' dir='ltr'><strong>Leb-</strong></span> 
     </span>
    </p>
   </div>
   <div class='ocr_carea' id='block_1_40' title="bbox 762 2337 2326 2410">
    <p class='ocr_par' dir='ltr' id='par_1_40' title="bbox 762 2337 2326 2410">
     <span class='ocr_line' id='line_1_40' title="bbox 762 2337 2326 2410; baseline -0.001 -16"><span class='ocrx_word' id='word_1_277' title='bbox 762 2345 903 2397; x_wconf 72' lang='lat' dir='ltr'><strong>bteus</strong></span> <span class='ocrx_word' id='word_1_278' title='bbox 937 2352 990 2395; x_wconf 83' lang='lat' dir='ltr'><strong>et</strong></span> <span class='ocrx_word' id='word_1_279' title='bbox 1042 2340 1340 2397; x_wconf 78' lang='lat' dir='ltr'><strong>Thaddaeus</strong></span> <span class='ocrx_word' id='word_1_280' title='bbox 1381 2342 1678 2397; x_wconf 86' lang='lat' dir='ltr'><strong>dicebatur.</strong></span> <span class='ocrx_word' id='word_1_281' title='bbox 1729 2340 1844 2396; x_wconf 91' lang='lat' dir='ltr'><strong>Duo</strong></span> <span class='ocrx_word' id='word_1_282' title='bbox 1892 2342 2056 2410; x_wconf 85' lang='lat' dir='ltr'><strong>igitur</strong></span> <span class='ocrx_word' id='word_1_283' title='bbox 2117 2337 2326 2405; x_wconf 82' lang='lat' dir='ltr'><strong>Jacobi,</strong></span> 
     </span>
    </p>
   </div>
   <div class='ocr_carea' id='block_1_41' title="bbox 762 2429 2326 2503">
    <p class='ocr_par' dir='ltr' id='par_1_41' title="bbox 762 2429 2326 2503">
     <span class='ocr_line' id='line_1_41' title="bbox 762 2429 2326 2503; baseline -0.001 -17"><span class='ocrx_word' id='word_1_284' title='bbox 762 2450 952 2503; x_wconf 85' lang='lat' dir='ltr'><strong>nempe</strong></span> <span class='ocrx_word' id='word_1_285' title='bbox 996 2450 1134 2489; x_wconf 89' lang='lat' dir='ltr'><strong>unus</strong></span> <span class='ocrx_word' id='word_1_286' title='bbox 1162 2434 1429 2499; x_wconf 65' lang='lat' dir='ltr'><strong>Zehedazi,</strong></span> <span class='ocrx_word' id='word_1_287' title='bbox 1470 2436 1609 2489; x_wconf 88' lang='lat' dir='ltr'><strong>alter</strong></span> <span class='ocrx_word' id='word_1_288' title='bbox 1636 2434 1840 2503; x_wconf 71' lang='grc' dir='ltr'><strong>Διρδωί</strong></span> <span class='ocrx_word' id='word_1_289' title='bbox 1873 2451 1886 2485; x_wconf 90' lang='lat'><strong>:</strong></span> <span class='ocrx_word' id='word_1_290' title='bbox 1922 2443 1977 2487; x_wconf 87' lang='lat' dir='ltr'><strong>et</strong></span> <span class='ocrx_word' id='word_1_291' title='bbox 2017 2432 2125 2487; x_wconf 91' lang='lat' dir='ltr'><strong>duo</strong></span> <span class='ocrx_word' id='word_1_292' title='bbox 2152 2429 2326 2494; x_wconf 64' lang='lat' dir='ltr'><strong>ludar,</strong></span> 
     </span>
    </p>
   </div>
   <div class='ocr_carea' id='block_1_42' title="bbox 761 2524 2331 2596">
    <p class='ocr_par' dir='ltr' id='par_1_42' title="bbox 761 2524 2331 2596">
     <span class='ocr_line' id='line_1_42' title="bbox 761 2524 2331 2596; baseline 0.001 -19"><span class='ocrx_word' id='word_1_293' title='bbox 761 2524 1062 2580; x_wconf 65' lang='lat' dir='ltr'><strong>&#39;l‘haddxus</strong></span> <span class='ocrx_word' id='word_1_294' title='bbox 1089 2543 1227 2581; x_wconf 86' lang='lat' dir='ltr'><strong>unus</strong></span> <span class='ocrx_word' id='word_1_295' title='bbox 1250 2568 1265 2591; x_wconf 95' lang='lat'><strong>,</strong></span> <span class='ocrx_word' id='word_1_296' title='bbox 1300 2538 1355 2580; x_wconf 91' lang='lat' dir='ltr'><strong>et</strong></span> <span class='ocrx_word' id='word_1_297' title='bbox 1398 2527 1532 2580; x_wconf 83' lang='lat' dir='ltr'><strong>alter</strong></span> <span class='ocrx_word' id='word_1_298' title='bbox 1563 2526 1823 2596; x_wconf 88' lang='lat' dir='ltr'><strong>proditor.</strong></span> <span class='ocrx_word' id='word_1_299' title='bbox 1858 2525 1991 2581; x_wconf 87' lang='lat' dir='ltr'><strong>Tres</strong></span> <span class='ocrx_word' id='word_1_300' title='bbox 2030 2535 2210 2580; x_wconf 88' lang='lat' dir='ltr'><strong>autem</strong></span> <span class='ocrx_word' id='word_1_301' title='bbox 2245 2524 2331 2579; x_wconf 86' lang='lat' dir='ltr'><strong>Si-</strong></span> 
     </span>
    </p>
   </div>
   <div class='ocr_carea' id='block_1_43' title="bbox 760 2615 2327 2688">
    <p class='ocr_par' dir='ltr' id='par_1_43' title="bbox 760 2615 2327 2688">
     <span class='ocr_line' id='line_1_43' title="bbox 760 2615 2327 2688; baseline 0.003 -21"><span class='ocrx_word' id='word_1_302' title='bbox 760 2631 965 2679; x_wconf 87' lang='lat' dir='ltr'><strong>mones,</strong></span> <span class='ocrx_word' id='word_1_303' title='bbox 986 2618 1191 2672; x_wconf 83' lang='lat' dir='ltr'><strong>scilicet</strong></span> <span class='ocrx_word' id='word_1_304' title='bbox 1209 2616 1424 2681; x_wconf 87' lang='lat' dir='ltr'><strong>Petrus,</strong></span> <span class='ocrx_word' id='word_1_305' title='bbox 1454 2625 1508 2672; x_wconf 89' lang='lat' dir='ltr'><strong>et</strong></span> <span class='ocrx_word' id='word_1_306' title='bbox 1534 2618 1855 2683; x_wconf 65' lang='lat' dir='ltr'><strong>Cattanmus,</strong></span> <span class='ocrx_word' id='word_1_307' title='bbox 1883 2627 1937 2671; x_wconf 90' lang='lat' dir='ltr'><strong>et</strong></span> <span class='ocrx_word' id='word_1_308' title='bbox 1959 2616 2217 2688; x_wconf 88' lang='lat' dir='ltr'><strong>proditor.</strong></span> <span class='ocrx_word' id='word_1_309' title='bbox 2241 2615 2327 2672; x_wconf 91' lang='lat' dir='ltr'><strong>Si-</strong></span> 
     </span>
    </p>
   </div>
   <div class='ocr_carea' id='block_1_44' title="bbox 760 2706 2026 2779">
    <p class='ocr_par' dir='ltr' id='par_1_44' title="bbox 760 2706 2026 2779">
     <span class='ocr_line' id='line_1_44' title="bbox 760 2706 2026 2779; baseline 0.003 -22"><span class='ocrx_word' id='word_1_310' title='bbox 760 2720 881 2759; x_wconf 87' lang='lat' dir='ltr'><strong>mon</strong></span> <span class='ocrx_word' id='word_1_311' title='bbox 913 2708 1055 2761; x_wconf 90' lang='lat' dir='ltr'><strong>enim</strong></span> <span class='ocrx_word' id='word_1_312' title='bbox 1086 2706 1251 2762; x_wconf 68' lang='lat' dir='ltr'><strong>ludas</strong></span> <span class='ocrx_word' id='word_1_313' title='bbox 1274 2707 1558 2763; x_wconf 79' lang='lat' dir='ltr'><strong>lscariotes</strong></span> <span class='ocrx_word' id='word_1_314' title='bbox 1587 2707 1695 2779; x_wconf 61' lang='grc'><strong>47</strong></span> <span class='ocrx_word' id='word_1_315' title='bbox 1724 2709 2026 2763; x_wconf 86' lang='lat' dir='ltr'><strong>dicebatur.</strong></span> 
     </span>
    </p>
   </div>
   <div class='ocr_carea' id='block_1_45' title="bbox 831 2792 2329 2865">
    <p class='ocr_par' dir='ltr' id='par_1_45' title="bbox 831 2792 2329 2865">
     <span class='ocr_line' id='line_1_45' title="bbox 831 2792 2329 2865; baseline 0.004 -20"><span class='ocrx_word' id='word_1_316' title='bbox 831 2792 994 2849; x_wconf 70' lang='lat' dir='ltr'><strong>Vens.</strong></span> <span class='ocrx_word' id='word_1_317' title='bbox 1058 2795 1176 2851; x_wconf 83' lang='lat'><strong>5-7.</strong></span> <span class='ocrx_word' id='word_1_318' title='bbox 1233 2814 1251 2847; x_wconf 84' lang='lat' dir='ltr'><strong>t</strong></span> <span class='ocrx_word' id='word_1_319' title='bbox 1300 2794 1413 2852; x_wconf 79' lang='lat' dir='ltr'><strong>Hos</strong></span> <span class='ocrx_word' id='word_1_320' title='bbox 1457 2797 1736 2851; x_wconf 87' lang='lat' dir='ltr'><strong>duodecim</strong></span> <span class='ocrx_word' id='word_1_321' title='bbox 1780 2799 1961 2853; x_wconf 78' lang='lat' dir='ltr'><strong>emisit</strong></span> <span class='ocrx_word' id='word_1_322' title='bbox 2028 2794 2209 2865; x_wconf 84' lang='lat' dir='ltr'><strong>Jesus,</strong></span> <span class='ocrx_word' id='word_1_323' title='bbox 2274 2806 2329 2851; x_wconf 88' lang='lat' dir='ltr'><strong>et</strong></span> 
     </span>
    </p>
   </div>
   <div class='ocr_carea' id='block_1_46' title="bbox 759 2886 2329 2959">
    <p class='ocr_par' dir='ltr' id='par_1_46' title="bbox 759 2886 2329 2959">
     <span class='ocr_line' id='line_1_46' title="bbox 759 2886 2329 2959; baseline 0.003 -20"><span class='ocrx_word' id='word_1_324' title='bbox 759 2890 1015 2955; x_wconf 66' lang='lat' dir='ltr'><strong>praecepit</strong></span> <span class='ocrx_word' id='word_1_325' title='bbox 1036 2886 1136 2954; x_wconf 90' lang='lat' dir='ltr'><strong>eis,</strong></span> <span class='ocrx_word' id='word_1_326' title='bbox 1160 2889 1347 2945; x_wconf 88' lang='lat' dir='ltr'><strong>dicens</strong></span> <span class='ocrx_word' id='word_1_327' title='bbox 1371 2907 1384 2943; x_wconf 89' lang='lat'><strong>:</strong></span> <span class='ocrx_word' id='word_1_328' title='bbox 1407 2888 1465 2943; x_wconf 84' lang='lat' dir='ltr'><strong>In</strong></span> <span class='ocrx_word' id='word_1_329' title='bbox 1490 2890 1625 2943; x_wconf 88' lang='lat' dir='ltr'><strong>viam</strong></span> <span class='ocrx_word' id='word_1_330' title='bbox 1646 2889 1886 2959; x_wconf 86' lang='lat' dir='ltr'><strong>gentium</strong></span> <span class='ocrx_word' id='word_1_331' title='bbox 1904 2904 1972 2943; x_wconf 88' lang='lat' dir='ltr'><strong>ne</strong></span> <span class='ocrx_word' id='word_1_332' title='bbox 1994 2888 2329 2954; x_wconf 87' lang='lat' dir='ltr'><strong>abieritis,et</strong></span> 
     </span>
    </p>
   </div>
   <div class='ocr_carea' id='block_1_47' title="bbox 760 2979 2329 3047">
    <p class='ocr_par' dir='ltr' id='par_1_47' title="bbox 760 2979 2329 3047">
     <span class='ocr_line' id='line_1_47' title="bbox 760 2979 2329 3047; baseline 0.003 -17"><span class='ocrx_word' id='word_1_333' title='bbox 760 2981 811 3031; x_wconf 88' lang='lat' dir='ltr'><strong>iu</strong></span> <span class='ocrx_word' id='word_1_334' title='bbox 831 2979 1100 3033; x_wconf 76' lang='lat' dir='ltr'><strong>civitatem</strong></span> <span class='ocrx_word' id='word_1_335' title='bbox 1120 2979 1590 3033; x_wconf 75' lang='lat' dir='ltr'><strong>Samaritanorum</strong></span> <span class='ocrx_word' id='word_1_336' title='bbox 1622 2995 1689 3034; x_wconf 91' lang='lat' dir='ltr'><strong>ne</strong></span> <span class='ocrx_word' id='word_1_337' title='bbox 1708 2980 2082 3047; x_wconf 87' lang='lat' dir='ltr'><strong>ingrediamini</strong></span> <span class='ocrx_word' id='word_1_338' title='bbox 2104 2994 2119 3033; x_wconf 90' lang='lat'><strong>:</strong></span> <span class='ocrx_word' id='word_1_339' title='bbox 2139 2980 2232 3034; x_wconf 85' lang='lat' dir='ltr'><strong>sed</strong></span> <span class='ocrx_word' id='word_1_340' title='bbox 2256 2980 2329 3034; x_wconf 89' lang='lat' dir='ltr'><strong>ite</strong></span> 
     </span>
    </p>
   </div>
   <div class='ocr_carea' id='block_1_48' title="bbox 757 3070 2327 3140">
    <p class='ocr_par' dir='ltr' id='par_1_48' title="bbox 757 3070 2327 3140">
     <span class='ocr_line' id='line_1_48' title="bbox 757 3070 2327 3140; baseline 0.001 -17"><span class='ocrx_word' id='word_1_341' title='bbox 757 3071 937 3138; x_wconf 78' lang='lat' dir='ltr'><strong>petitis</strong></span> <span class='ocrx_word' id='word_1_342' title='bbox 966 3072 1032 3124; x_wconf 93' lang='lat' dir='ltr'><strong>ad</strong></span> <span class='ocrx_word' id='word_1_343' title='bbox 1064 3085 1192 3124; x_wconf 85' lang='lat' dir='ltr'><strong>oves</strong></span> <span class='ocrx_word' id='word_1_344' title='bbox 1222 3070 1460 3140; x_wconf 78' lang='lat' dir='ltr'><strong>perditas</strong></span> <span class='ocrx_word' id='word_1_345' title='bbox 1488 3070 1680 3126; x_wconf 86' lang='lat' dir='ltr'><strong>domus</strong></span> <span class='ocrx_word' id='word_1_346' title='bbox 1708 3071 1892 3125; x_wconf 81' lang='lat' dir='ltr'><strong>Israel.</strong></span> <span class='ocrx_word' id='word_1_347' title='bbox 1914 3070 2327 3125; x_wconf 82' lang='lat' dir='ltr'><strong>Proticiscentes</strong></span> 
     </span>
    </p>
   </div>
   <div class='ocr_carea' id='block_1_49' title="bbox 759 3163 3857 3329">
    <p class='ocr_par' dir='ltr' id='par_1_49' title="bbox 759 3163 3857 3329">
     <span class='ocr_line' id='line_1_49' title="bbox 759 3163 3857 3267; baseline 0.002 -53"><span class='ocrx_word' id='word_1_348' title='bbox 759 3172 937 3216; x_wconf 87' lang='lat' dir='ltr'><strong>autem</strong></span> <span class='ocrx_word' id='word_1_349' title='bbox 968 3163 1277 3231; x_wconf 61' lang='lat' dir='ltr'><strong>pradicate,</strong></span> <span class='ocrx_word' id='word_1_350' title='bbox 1300 3163 1580 3217; x_wconf 87' lang='lat' dir='ltr'><strong>dicentes:</strong></span> <span class='ocrx_word' id='word_1_351' title='bbox 1605 3164 2073 3234; x_wconf 72' lang='lat' dir='ltr'><strong>Appropinquavit</strong></span> <span class='ocrx_word' id='word_1_352' title='bbox 2100 3178 2323 3235; x_wconf 79' lang='lat' dir='ltr'><strong>regnum</strong></span> <span class='ocrx_word' id='word_1_353' title='bbox 2355 3208 2397 3267; x_wconf 66' lang='grc' dir='ltr'>Ο</span> <span class='ocrx_word' id='word_1_354' title='bbox 2429 3168 2578 3220; x_wconf 71' lang='grc' dir='ltr'>οἴκου</span> <span class='ocrx_word' id='word_1_355' title='bbox 2607 3167 2844 3237; x_wconf 78' lang='grc' dir='ltr'>Ἰσραήλ.</span> <span class='ocrx_word' id='word_1_356' title='bbox 2894 3166 3260 3237; x_wconf 84' lang='grc' dir='ltr'>Πορευόμενοι</span> <span class='ocrx_word' id='word_1_357' title='bbox 3286 3163 3343 3221; x_wconf 71' lang='grc' dir='ltr'>δι</span> <span class='ocrx_word' id='word_1_358' title='bbox 3375 3167 3705 3235; x_wconf 85' lang='grc' dir='ltr'>κηρύσσετε,</span> <span class='ocrx_word' id='word_1_359' title='bbox 3733 3166 3857 3234; x_wconf 81' lang='grc' dir='ltr'>λέγο</span> 
     </span>
     <span class='ocr_line' id='line_1_50' title="bbox 759 3252 3857 3329; baseline 0.003 -24"><span class='ocrx_word' id='word_1_360' title='bbox 759 3252 1035 3307; x_wconf 72' lang='lat' dir='ltr'><strong>cmlorum.</strong></span> <span class='ocrx_word' id='word_1_361' title='bbox 1077 3271 1097 3304; x_wconf 70' lang='grc' dir='ltr'><strong>ι</strong></span> <span class='ocrx_word' id='word_1_362' title='bbox 1130 3254 1257 3319; x_wconf 82' lang='lat' dir='ltr'><strong>Hos,</strong></span> <span class='ocrx_word' id='word_1_363' title='bbox 1277 3254 1501 3322; x_wconf 81' lang='lat' dir='ltr'><strong>quales?</strong></span> <span class='ocrx_word' id='word_1_364' title='bbox 1528 3254 1852 3322; x_wconf 76' lang='lat' dir='ltr'><strong>Piscatores,</strong></span> <span class='ocrx_word' id='word_1_365' title='bbox 1873 3254 2328 3325; x_wconf 79' lang='lat' dir='ltr'><strong>vulgares,publi-</strong></span> <span class='ocrx_word' id='word_1_366' title='bbox 2390 3289 2401 3301; x_wconf 71' lang='grc' dir='ltr'><strong><em>υ</em></strong></span> <span class='ocrx_word' id='word_1_367' title='bbox 2428 3258 2510 3311; x_wconf 85' lang='grc' dir='ltr'>ὃτι</span> <span class='ocrx_word' id='word_1_368' title='bbox 2557 3259 2825 3325; x_wconf 78' lang='grc' dir='ltr'><strong>Ἤγγικεν</strong></span> <span class='ocrx_word' id='word_1_369' title='bbox 2874 3260 2907 3329; x_wconf 77' lang='grc' dir='ltr'>ἡ</span> <span class='ocrx_word' id='word_1_370' title='bbox 2954 3258 3199 3329; x_wconf 85' lang='grc' dir='ltr'>βασιλεία</span> <span class='ocrx_word' id='word_1_371' title='bbox 3247 3258 3355 3311; x_wconf 88' lang='grc' dir='ltr'><strong>τῶν</strong></span> <span class='ocrx_word' id='word_1_372' title='bbox 3384 3254 3649 3327; x_wconf 83' lang='grc' dir='ltr'>οὐρανῶν.</span> <span class='ocrx_word' id='word_1_373' title='bbox 3686 3277 3707 3309; x_wconf 74' lang='grc' dir='ltr'><strong>ι</strong></span> <span class='ocrx_word' id='word_1_374' title='bbox 3754 3259 3857 3313; x_wconf 84' lang='grc' dir='ltr'>Τού</span> 
     </span>
    </p>
   </div>
   <div class='ocr_carea' id='block_1_50' title="bbox 2390 3275 4009 3327">
    <p class='ocr_par' dir='ltr' id='par_1_50' title="bbox 2390 3275 4009 3327">
     <span class='ocr_line' id='line_1_51' title="bbox 2390 3275 4009 3327; baseline 0.001 -16"><span class='ocrx_word' id='word_1_375' title='bbox 2390 3275 2510 3311; x_wconf 82' lang='grc' dir='ltr'>-οτι</span> <span class='ocrx_word' id='word_1_376' title='bbox 2558 3275 2825 3325; x_wconf 75' lang='grc' dir='ltr'>ἐιγγικεν</span> <span class='ocrx_word' id='word_1_377' title='bbox 2874 3275 2907 3327; x_wconf 92' lang='grc' dir='ltr'><strong>η</strong></span> <span class='ocrx_word' id='word_1_378' title='bbox 2954 3275 3199 3327; x_wconf 69' lang='grc' dir='ltr'>ρασιλεια</span> <span class='ocrx_word' id='word_1_379' title='bbox 3247 3275 3355 3311; x_wconf 90' lang='grc' dir='ltr'><strong>των</strong></span> <span class='ocrx_word' id='word_1_380' title='bbox 3384 3276 3649 3327; x_wconf 88' lang='grc' dir='ltr'>ουρανων.</span> <span class='ocrx_word' id='word_1_381' title='bbox 3686 3277 3707 3309; x_wconf 74' lang='grc' dir='ltr'><strong>ι</strong></span> <span class='ocrx_word' id='word_1_382' title='bbox 3764 3275 4009 3323; x_wconf 68' lang='lat' dir='ltr'><strong>seuseu;-</strong></span> 
     </span>
    </p>
   </div>
   <div class='ocr_carea' id='block_1_51' title="bbox 756 3252 2328 3325">
    <p class='ocr_par' dir='ltr' id='par_1_51' title="bbox 756 3252 2328 3325">
     <span class='ocr_line' id='line_1_52' title="bbox 756 3252 2328 3325; baseline 0.003 -20"><span class='ocrx_word' id='word_1_383' title='bbox 756 3252 1035 3307; x_wconf 73' lang='lat' dir='ltr'><strong>cmlorum.</strong></span> <span class='ocrx_word' id='word_1_384' title='bbox 1077 3271 1097 3304; x_wconf 72' lang='grc' dir='ltr'><strong>ι</strong></span> <span class='ocrx_word' id='word_1_385' title='bbox 1130 3254 1257 3319; x_wconf 86' lang='lat' dir='ltr'><strong>llos,</strong></span> <span class='ocrx_word' id='word_1_386' title='bbox 1277 3254 1501 3322; x_wconf 80' lang='lat' dir='ltr'><strong>quales?</strong></span> <span class='ocrx_word' id='word_1_387' title='bbox 1528 3254 1852 3322; x_wconf 81' lang='lat' dir='ltr'><strong>Piscatores,</strong></span> <span class='ocrx_word' id='word_1_388' title='bbox 1873 3254 2328 3325; x_wconf 85' lang='lat' dir='ltr'><strong>vulgares,publi-</strong></span> 
     </span>
    </p>
   </div>
   <div class='ocr_carea' id='block_1_52' title="bbox 756 3334 2332 3412">
    <p class='ocr_par' dir='ltr' id='par_1_52' title="bbox 756 3334 2332 3412">
     <span class='ocr_line' id='line_1_53' title="bbox 756 3334 2332 3412; baseline 0.003 -15"><span class='ocrx_word' id='word_1_389' title='bbox 756 3360 938 3399; x_wconf 88' lang='lat' dir='ltr'><strong>canos.</strong></span> <span class='ocrx_word' id='word_1_390' title='bbox 960 3344 1201 3399; x_wconf 89' lang='lat' dir='ltr'><strong>Primum</strong></span> <span class='ocrx_word' id='word_1_391' title='bbox 1232 3358 1415 3402; x_wconf 88' lang='lat' dir='ltr'><strong>autem</strong></span> <span class='ocrx_word' id='word_1_392' title='bbox 1446 3334 1717 3401; x_wconf 58' lang='lat' dir='ltr'><strong>ces&#39;misit</strong></span> <span class='ocrx_word' id='word_1_393' title='bbox 1745 3348 1810 3401; x_wconf 91' lang='lat' dir='ltr'><strong>ad</strong></span> <span class='ocrx_word' id='word_1_394' title='bbox 1834 3345 2072 3412; x_wconf 64' lang='lat' dir='ltr'><strong>Iudaeos,</strong></span> <span class='ocrx_word' id='word_1_395' title='bbox 2094 3363 2160 3403; x_wconf 93' lang='lat' dir='ltr'><strong>ne</strong></span> <span class='ocrx_word' id='word_1_396' title='bbox 2188 3348 2332 3401; x_wconf 83' lang='lat' dir='ltr'><strong>dice-</strong></span> 
     </span>
    </p>
   </div>
   <div class='ocr_carea' id='block_1_53' title="bbox 758 3433 2326 3509">
    <p class='ocr_par' dir='ltr' id='par_1_53' title="bbox 758 3433 2326 3509">
     <span class='ocr_line' id='line_1_54' title="bbox 758 3433 2326 3509; baseline 0.003 -22"><span class='ocrx_word' id='word_1_397' title='bbox 758 3451 815 3489; x_wconf 90' lang='lat' dir='ltr'><strong>re</strong></span> <span class='ocrx_word' id='word_1_398' title='bbox 842 3433 1075 3504; x_wconf 74' lang='lat' dir='ltr'><strong>queant&#39;:</strong></span> <span class='ocrx_word' id='word_1_399' title='bbox 1097 3437 1362 3503; x_wconf 82' lang='lat' dir='ltr'><strong>Quoniam</strong></span> <span class='ocrx_word' id='word_1_400' title='bbox 1394 3439 1461 3493; x_wconf 90' lang='lat' dir='ltr'><strong>ad</strong></span> <span class='ocrx_word' id='word_1_401' title='bbox 1484 3439 1711 3509; x_wconf 76' lang='lat' dir='ltr'><strong>gentiles</strong></span> <span class='ocrx_word' id='word_1_402' title='bbox 1729 3440 1877 3494; x_wconf 82' lang='lat' dir='ltr'><strong>missi</strong></span> <span class='ocrx_word' id='word_1_403' title='bbox 1909 3441 2143 3503; x_wconf 81' lang='lat' dir='ltr'><strong>luerunt,</strong></span> <span class='ocrx_word' id='word_1_404' title='bbox 2164 3439 2326 3492; x_wconf 80' lang='lat' dir='ltr'><strong>idcir-</strong></span> 
     </span>
    </p>
   </div>
   <div class='ocr_carea' id='block_1_54' title="bbox 756 3526 2327 3601">
    <p class='ocr_par' dir='ltr' id='par_1_54' title="bbox 756 3526 2327 3601">
     <span class='ocr_line' id='line_1_55' title="bbox 756 3526 2327 3601; baseline 0.003 -21"><span class='ocrx_word' id='word_1_405' title='bbox 756 3540 820 3581; x_wconf 93' lang='lat' dir='ltr'><strong>co</strong></span> <span class='ocrx_word' id='word_1_406' title='bbox 849 3541 949 3581; x_wconf 87' lang='lat' dir='ltr'><strong>nos</strong></span> <span class='ocrx_word' id='word_1_407' title='bbox 975 3526 1142 3583; x_wconf 73' lang='lat' dir='ltr'><strong>Juda&#39;ei</strong></span> <span class='ocrx_word' id='word_1_408' title='bbox 1168 3529 1290 3597; x_wconf 89' lang='lat' dir='ltr'><strong>jure</strong></span> <span class='ocrx_word' id='word_1_409' title='bbox 1321 3545 1427 3584; x_wconf 94' lang='lat' dir='ltr'><strong>non</strong></span> <span class='ocrx_word' id='word_1_410' title='bbox 1472 3530 1826 3586; x_wconf 87' lang='lat' dir='ltr'><strong>credidimus.</strong></span> <span class='ocrx_word' id='word_1_411' title='bbox 1868 3532 2120 3586; x_wconf 90' lang='lat' dir='ltr'><strong>Destituit</strong></span> <span class='ocrx_word' id='word_1_412' title='bbox 2166 3531 2327 3601; x_wconf 80' lang='lat' dir='ltr'><strong>igitur</strong></span> 
     </span>
    </p>
   </div>
   <div class='ocr_carea' id='block_1_55' title="bbox 757 3617 2324 3694">
    <p class='ocr_par' dir='ltr' id='par_1_55' title="bbox 757 3617 2324 3694">
     <span class='ocr_line' id='line_1_56' title="bbox 757 3617 2324 3694; baseline 0.006 -24"><span class='ocrx_word' id='word_1_413' title='bbox 757 3617 970 3673; x_wconf 71' lang='lat' dir='ltr'><strong>Judteos</strong></span> <span class='ocrx_word' id='word_1_414' title='bbox 1008 3623 1152 3675; x_wconf 90' lang='lat' dir='ltr'><strong>omni</strong></span> <span class='ocrx_word' id='word_1_415' title='bbox 1189 3622 1559 3676; x_wconf 76' lang='lat' dir='ltr'><strong>excusatione.</strong></span> <span class='ocrx_word' id='word_1_416' title='bbox 1584 3621 1875 3694; x_wconf 84' lang='lat' dir='ltr'><strong>Conjungit</strong></span> <span class='ocrx_word' id='word_1_417' title='bbox 1913 3636 2090 3678; x_wconf 91' lang='lat' dir='ltr'><strong>autem</strong></span> <span class='ocrx_word' id='word_1_418' title='bbox 2129 3622 2324 3679; x_wconf 85' lang='lat' dir='ltr'><strong>Sama-</strong></span> 
     </span>
    </p>
   </div>
   <div class='ocr_carea' id='block_1_56' title="bbox 758 3700 2324 3785">
    <p class='ocr_par' dir='ltr' id='par_1_56' title="bbox 758 3700 2324 3785">
     <span class='ocr_line' id='line_1_57' title="bbox 758 3700 2324 3785; baseline 0.006 -22"><span class='ocrx_word' id='word_1_419' title='bbox 758 3709 963 3766; x_wconf 88' lang='lat' dir='ltr'><strong>ritanos</strong></span> <span class='ocrx_word' id='word_1_420' title='bbox 1016 3711 1329 3781; x_wconf 68' lang='lat' dir='ltr'><strong>gentilibus,</strong></span> <span class='ocrx_word' id='word_1_421' title='bbox 1368 3714 1627 3782; x_wconf 86' lang='lat' dir='ltr'><strong>quoniam</strong></span> <span class='ocrx_word' id='word_1_422' title='bbox 1681 3700 1961 3785; x_wconf 83' lang='lat' dir='ltr'><strong>Babylonii</strong></span> <span class='ocrx_word' id='word_1_423' title='bbox 1997 3727 2241 3783; x_wconf 90' lang='lat' dir='ltr'><strong>erant,et</strong></span> <span class='ocrx_word' id='word_1_424' title='bbox 2274 3719 2324 3772; x_wconf 92' lang='lat' dir='ltr'><strong>iu</strong></span> 
     </span>
    </p>
   </div>
   <div class='ocr_carea' id='block_1_57' title="bbox 755 3802 2321 3879">
    <p class='ocr_par' dir='ltr' id='par_1_57' title="bbox 755 3802 2321 3879">
     <span class='ocr_line' id='line_1_58' title="bbox 755 3802 2321 3879; baseline 0.006 -24"><span class='ocrx_word' id='word_1_425' title='bbox 755 3802 936 3856; x_wconf 69' lang='lat' dir='ltr'><strong>Judza</strong></span> <span class='ocrx_word' id='word_1_426' title='bbox 974 3803 1300 3860; x_wconf 89' lang='lat' dir='ltr'><strong>domicilium</strong></span> <span class='ocrx_word' id='word_1_427' title='bbox 1336 3806 1623 3873; x_wconf 86' lang='lat' dir='ltr'><strong>habebant,</strong></span> <span class='ocrx_word' id='word_1_428' title='bbox 1650 3808 2046 3879; x_wconf 87' lang='lat' dir='ltr'><strong>prophetasque</strong></span> <span class='ocrx_word' id='word_1_429' title='bbox 2088 3825 2193 3864; x_wconf 90' lang='lat' dir='ltr'><strong>non</strong></span> <span class='ocrx_word' id='word_1_430' title='bbox 2237 3826 2321 3864; x_wconf 81' lang='lat' dir='ltr'><strong>re-</strong></span> 
     </span>
    </p>
   </div>
   <div class='ocr_carea' id='block_1_58' title="bbox 756 3894 2319 3969">
    <p class='ocr_par' dir='ltr' id='par_1_58' title="bbox 756 3894 2319 3969">
     <span class='ocr_line' id='line_1_59' title="bbox 756 3894 2319 3969; baseline 0.004 -23"><span class='ocrx_word' id='word_1_431' title='bbox 756 3894 1049 3961; x_wconf 84' lang='lat' dir='ltr'><strong>cipiebant,</strong></span> <span class='ocrx_word' id='word_1_432' title='bbox 1076 3896 1169 3949; x_wconf 88' lang='lat' dir='ltr'><strong>sed</strong></span> <span class='ocrx_word' id='word_1_433' title='bbox 1204 3898 1576 3951; x_wconf 89' lang='lat' dir='ltr'><strong>tantummodo</strong></span> <span class='ocrx_word' id='word_1_434' title='bbox 1619 3898 1857 3967; x_wconf 92' lang='lat' dir='ltr'><strong>quinque</strong></span> <span class='ocrx_word' id='word_1_435' title='bbox 1904 3899 2071 3955; x_wconf 86' lang='lat' dir='ltr'><strong>libros</strong></span> <span class='ocrx_word' id='word_1_436' title='bbox 2102 3899 2319 3969; x_wconf 80' lang='lat' dir='ltr'><strong>Moysis.</strong></span> 
     </span>
    </p>
   </div>
   <div class='ocr_carea' id='block_1_59' title="bbox 757 3983 2324 4060">
    <p class='ocr_par' dir='ltr' id='par_1_59' title="bbox 757 3983 2324 4060">
     <span class='ocr_line' id='line_1_60' title="bbox 757 3983 2324 4060; baseline 0.005 -22"><span class='ocrx_word' id='word_1_437' title='bbox 757 3983 924 4039; x_wconf 82' lang='lat' dir='ltr'><strong>Porro</strong></span> <span class='ocrx_word' id='word_1_438' title='bbox 972 3999 1067 4054; x_wconf 85' lang='lat' dir='ltr'><strong>per</strong></span> <span class='ocrx_word' id='word_1_439' title='bbox 1125 4001 1350 4058; x_wconf 89' lang='lat' dir='ltr'><strong>regnum</strong></span> <span class='ocrx_word' id='word_1_440' title='bbox 1403 3988 1685 4056; x_wconf 71' lang='lat' dir='ltr'><strong>caelorum,</strong></span> <span class='ocrx_word' id='word_1_441' title='bbox 1732 3990 2034 4045; x_wconf 75' lang='lat' dir='ltr'><strong>futurorum</strong></span> <span class='ocrx_word' id='word_1_442' title='bbox 2088 3992 2324 4060; x_wconf 77' lang='lat' dir='ltr'><strong>intelligo</strong></span> 
     </span>
    </p>
   </div>
   <div class='ocr_carea' id='block_1_60' title="bbox 758 4076 2322 4146">
    <p class='ocr_par' dir='ltr' id='par_1_60' title="bbox 758 4076 2322 4146">
     <span class='ocr_line' id='line_1_61' title="bbox 758 4076 2322 4146; baseline 0.006 -19"><span class='ocrx_word' id='word_1_443' title='bbox 758 4076 1084 4132; x_wconf 84' lang='lat' dir='ltr'><strong>lruitionem.</strong></span> <span class='ocrx_word' id='word_1_444' title='bbox 1123 4081 1313 4133; x_wconf 79' lang='lat' dir='ltr'><strong>Artnat</strong></span> <span class='ocrx_word' id='word_1_445' title='bbox 1365 4092 1544 4135; x_wconf 87' lang='lat' dir='ltr'><strong>autem</strong></span> <span class='ocrx_word' id='word_1_446' title='bbox 1596 4096 1689 4137; x_wconf 87' lang='lat' dir='ltr'><strong>eos</strong></span> <span class='ocrx_word' id='word_1_447' title='bbox 1748 4084 2046 4146; x_wconf 86' lang='lat' dir='ltr'><strong>miraculis,</strong></span> <span class='ocrx_word' id='word_1_448' title='bbox 2095 4086 2322 4137; x_wconf 81' lang='lat' dir='ltr'><strong>dicens:</strong></span> 
     </span>
    </p>
   </div>
   <div class='ocr_carea' id='block_1_61' title="bbox 830 4354 2322 4428">
    <p class='ocr_par' dir='ltr' id='par_1_61' title="bbox 830 4354 2322 4428">
     <span class='ocr_line' id='line_1_62' title="bbox 830 4354 2322 4428; baseline 0.005 -20"><span class='ocrx_word' id='word_1_449' title='bbox 830 4354 992 4412; x_wconf 70' lang='lat' dir='ltr'><strong>Vens.</strong></span> <span class='ocrx_word' id='word_1_450' title='bbox 1020 4360 1070 4412; x_wconf 88' lang='lat'><strong>7.</strong></span> <span class='ocrx_word' id='word_1_451' title='bbox 1101 4376 1120 4409; x_wconf 74' lang='grc' dir='ltr'><strong>ι</strong></span> <span class='ocrx_word' id='word_1_452' title='bbox 1149 4358 1396 4414; x_wconf 79' lang='lat' dir='ltr'><strong>ltitirutos</strong></span> <span class='ocrx_word' id='word_1_453' title='bbox 1419 4368 1630 4426; x_wconf 80' lang='lat' dir='ltr'><strong>satiate,</strong></span> <span class='ocrx_word' id='word_1_454' title='bbox 1652 4359 1895 4428; x_wconf 86' lang='lat' dir='ltr'><strong>leprosos</strong></span> <span class='ocrx_word' id='word_1_455' title='bbox 1919 4362 2191 4426; x_wconf 83' lang='lat' dir='ltr'><strong>mandate,</strong></span> <span class='ocrx_word' id='word_1_456' title='bbox 2214 4361 2322 4415; x_wconf 83' lang='lat' dir='ltr'><strong>dae-</strong></span> 
     </span>
    </p>
   </div>
   <div class='ocr_carea' id='block_1_62' title="bbox 2438 1979 4018 2047">
    <p class='ocr_par' dir='ltr' id='par_1_62' title="bbox 2438 1979 4018 2047">
     <span class='ocr_line' id='line_1_63' title="bbox 2438 1979 4018 2047; baseline -0.001 -16"><span class='ocrx_word' id='word_1_457' title='bbox 2438 1981 2540 2031; x_wconf 85' lang='grc' dir='ltr'><strong>Ἰὁε</strong></span> <span class='ocrx_word' id='word_1_458' title='bbox 2589 1980 2916 2033; x_wconf 79' lang='grc' dir='ltr'>ταπείνωσιν</span> <span class='ocrx_word' id='word_1_459' title='bbox 2968 1980 3064 2034; x_wconf 83' lang='grc' dir='ltr'>τοῦ</span> <span class='ocrx_word' id='word_1_460' title='bbox 3113 1980 3424 2045; x_wconf 82' lang='grc' dir='ltr'>Ματθαίου,</span> <span class='ocrx_word' id='word_1_461' title='bbox 3470 1980 3588 2041; x_wconf 88' lang='grc' dir='ltr'><strong>πῶς</strong></span> <span class='ocrx_word' id='word_1_462' title='bbox 3637 1979 3829 2034; x_wconf 67' lang='grc' dir='ltr'>ἑαυτὸν</span> <span class='ocrx_word' id='word_1_463' title='bbox 3881 1979 4018 2047; x_wconf 73' lang='grc' dir='ltr'>μετὰ</span> 
     </span>
    </p>
   </div>
   <div class='ocr_carea' id='block_1_63' title="bbox 2431 2068 4021 2139">
    <p class='ocr_par' dir='ltr' id='par_1_63' title="bbox 2431 2068 4021 2139">
     <span class='ocr_line' id='line_1_64' title="bbox 2431 2068 4021 2139; baseline -0.001 -16"><span class='ocrx_word' id='word_1_464' title='bbox 2431 2072 2523 2123; x_wconf 77' lang='grc' dir='ltr'>τὸν</span> <span class='ocrx_word' id='word_1_465' title='bbox 2552 2072 2753 2139; x_wconf 81' lang='grc' dir='ltr'><strong>Θωμᾶν</strong></span> <span class='ocrx_word' id='word_1_466' title='bbox 2804 2070 3015 2137; x_wconf 68' lang='grc' dir='ltr'>ἔταξεν.</span> <span class='ocrx_word' id='word_1_467' title='bbox 3067 2072 3191 2125; x_wconf 83' lang='grc' dir='ltr'><strong>Ἐπὶ</strong></span> <span class='ocrx_word' id='word_1_468' title='bbox 3235 2071 3293 2124; x_wconf 73' lang='grc' dir='ltr'>δὲ</span> <span class='ocrx_word' id='word_1_469' title='bbox 3320 2070 3410 2124; x_wconf 82' lang='grc' dir='ltr'>τὸν</span> <span class='ocrx_word' id='word_1_470' title='bbox 3453 2068 3661 2124; x_wconf 87' lang='grc' dir='ltr'>Ἰούδαν</span> <span class='ocrx_word' id='word_1_471' title='bbox 3690 2070 3885 2133; x_wconf 72' lang='grc' dir='ltr'>ἐλθὼν,</span> <span class='ocrx_word' id='word_1_472' title='bbox 3918 2070 4021 2121; x_wconf 83' lang='grc' dir='ltr'>οὐκ</span> 
     </span>
    </p>
   </div>
   <div class='ocr_carea' id='block_1_64' title="bbox 2430 2157 4014 2232">
    <p class='ocr_par' dir='ltr' id='par_1_64' title="bbox 2430 2157 4014 2232">
     <span class='ocr_line' id='line_1_65' title="bbox 2430 2157 4014 2232; baseline -0.002 -17"><span class='ocrx_word' id='word_1_473' title='bbox 2430 2157 2583 2215; x_wconf 72' lang='grc' dir='ltr'>εἶπεν</span> <span class='ocrx_word' id='word_1_474' title='bbox 2610 2164 2638 2215; x_wconf 91' lang='lat'><strong>6</strong></span> <span class='ocrx_word' id='word_1_475' title='bbox 2671 2162 2887 2232; x_wconf 80' lang='grc' dir='ltr'>μιαρὸς,</span> <span class='ocrx_word' id='word_1_476' title='bbox 2919 2164 2949 2215; x_wconf 88' lang='lat'><strong>6</strong></span> <span class='ocrx_word' id='word_1_477' title='bbox 2976 2162 3069 2215; x_wconf 83' lang='grc' dir='ltr'>τοῦ</span> <span class='ocrx_word' id='word_1_478' title='bbox 3100 2162 3234 2215; x_wconf 76' lang='grc' dir='ltr'>Θεοῦ</span> <span class='ocrx_word' id='word_1_479' title='bbox 3266 2161 3480 2232; x_wconf 72' lang='grc' dir='ltr'>έχθρδς,</span> <span class='ocrx_word' id='word_1_480' title='bbox 3510 2162 3627 2216; x_wconf 84' lang='grc' dir='ltr'>ἀλλ’</span> <span class='ocrx_word' id='word_1_481' title='bbox 3654 2162 4014 2231; x_wconf 79' lang='grc' dir='ltr'>Ἰσκαριώτην</span> 
     </span>
    </p>
   </div>
   <div class='ocr_carea' id='block_1_65' title="bbox 2430 2244 4020 2325">
    <p class='ocr_par' dir='ltr' id='par_1_65' title="bbox 2430 2244 4020 2325">
     <span class='ocr_line' id='line_1_66' title="bbox 2430 2244 4020 2325; baseline -0.002 -18"><span class='ocrx_word' id='word_1_482' title='bbox 2430 2253 2593 2307; x_wconf 78' lang='grc' dir='ltr'>αὑτὸν</span> <span class='ocrx_word' id='word_1_483' title='bbox 2646 2254 2755 2306; x_wconf 80' lang='grc' dir='ltr'>άπὸ</span> <span class='ocrx_word' id='word_1_484' title='bbox 2801 2255 2901 2323; x_wconf 84' lang='grc' dir='ltr'>τῆς</span> <span class='ocrx_word' id='word_1_485' title='bbox 2953 2254 3211 2325; x_wconf 77' lang='grc' dir='ltr'>πατρίδος</span> <span class='ocrx_word' id='word_1_486' title='bbox 3256 2254 3561 2322; x_wconf 76' lang='grc' dir='ltr'>ὠνόμασεν.</span> <span class='ocrx_word' id='word_1_487' title='bbox 3607 2244 3717 2306; x_wconf 77' lang='grc' dir='ltr'>Ἦν</span> <span class='ocrx_word' id='word_1_488' title='bbox 3774 2253 3885 2323; x_wconf 75' lang='grc' dir='ltr'><strong>γάρ</strong></span> <span class='ocrx_word' id='word_1_489' title='bbox 3927 2253 4020 2305; x_wconf 80' lang='grc' dir='ltr'>καὶ</span> 
     </span>
    </p>
   </div>
   <div class='ocr_carea' id='block_1_66' title="bbox 2429 2340 4021 2414">
    <p class='ocr_par' dir='ltr' id='par_1_66' title="bbox 2429 2340 4021 2414">
     <span class='ocr_line' id='line_1_67' title="bbox 2429 2340 4021 2414; baseline -0.001 -19"><span class='ocrx_word' id='word_1_490' title='bbox 2429 2342 2612 2414; x_wconf 72' lang='grc' dir='ltr'>ἔτερος</span> <span class='ocrx_word' id='word_1_491' title='bbox 2650 2343 2889 2407; x_wconf 86' lang='grc' dir='ltr'>Ἰούδας.</span> <span class='ocrx_word' id='word_1_492' title='bbox 2933 2346 2961 2397; x_wconf 92' lang='lat'><strong>6</strong></span> <span class='ocrx_word' id='word_1_493' title='bbox 3005 2346 3098 2397; x_wconf 78' lang='grc' dir='ltr'>καὶ</span> <span class='ocrx_word' id='word_1_494' title='bbox 3150 2343 3417 2406; x_wconf 89' lang='grc' dir='ltr'>Λεϐϐαῖος</span> <span class='ocrx_word' id='word_1_495' title='bbox 3448 2346 3539 2397; x_wconf 76' lang='grc' dir='ltr'>καὶ</span> <span class='ocrx_word' id='word_1_496' title='bbox 3582 2343 3865 2404; x_wconf 84' lang='grc' dir='ltr'>Θαδδαῖος.</span> <span class='ocrx_word' id='word_1_497' title='bbox 3915 2340 4021 2393; x_wconf 81' lang='grc' dir='ltr'>Δύο</span> 
     </span>
    </p>
   </div>
   <div class='ocr_carea' id='block_1_67' title="bbox 2429 2432 4019 2499">
    <p class='ocr_par' dir='ltr' id='par_1_67' title="bbox 2429 2432 4019 2499">
     <span class='ocr_line' id='line_1_68' title="bbox 2429 2432 4019 2499; baseline -0.001 -12"><span class='ocrx_word' id='word_1_498' title='bbox 2429 2434 2608 2487; x_wconf 83' lang='grc' dir='ltr'>τοίνυν</span> <span class='ocrx_word' id='word_1_499' title='bbox 2637 2432 2910 2499; x_wconf 84' lang='grc' dir='ltr'>Ἰάκωϐοι,</span> <span class='ocrx_word' id='word_1_500' title='bbox 2966 2437 2995 2488; x_wconf 90' lang='lat'><strong>6</strong></span> <span class='ocrx_word' id='word_1_501' title='bbox 3043 2435 3138 2488; x_wconf 85' lang='grc' dir='ltr'>τοῦ</span> <span class='ocrx_word' id='word_1_502' title='bbox 3190 2435 3501 2498; x_wconf 84' lang='grc' dir='ltr'>Ζεϐεδαίου,</span> <span class='ocrx_word' id='word_1_503' title='bbox 3547 2435 3641 2486; x_wconf 78' lang='grc' dir='ltr'>καὶ</span> <span class='ocrx_word' id='word_1_504' title='bbox 3688 2436 3717 2485; x_wconf 89' lang='lat'><strong>6</strong></span> <span class='ocrx_word' id='word_1_505' title='bbox 3768 2433 3864 2485; x_wconf 77' lang='grc' dir='ltr'>τοῦ</span> <span class='ocrx_word' id='word_1_506' title='bbox 3895 2433 4019 2486; x_wconf 73' lang='grc' dir='ltr'>Ἀλε-</span> 
     </span>
    </p>
   </div>
   <div class='ocr_carea' id='block_1_68' title="bbox 2430 2524 4011 2595">
    <p class='ocr_par' dir='ltr' id='par_1_68' title="bbox 2430 2524 4011 2595">
     <span class='ocr_line' id='line_1_69' title="bbox 2430 2524 4011 2595; baseline 0.001 -18"><span class='ocrx_word' id='word_1_507' title='bbox 2430 2526 2613 2593; x_wconf 83' lang='grc' dir='ltr'>φαίου,</span> <span class='ocrx_word' id='word_1_508' title='bbox 2646 2528 2740 2579; x_wconf 77' lang='grc' dir='ltr'>καὶ</span> <span class='ocrx_word' id='word_1_509' title='bbox 2769 2527 2860 2580; x_wconf 91' lang='grc' dir='ltr'><strong>δύο</strong></span> <span class='ocrx_word' id='word_1_510' title='bbox 2891 2526 3108 2590; x_wconf 81' lang='grc' dir='ltr'>Ἰοῦδαι,</span> <span class='ocrx_word' id='word_1_511' title='bbox 3146 2526 3175 2578; x_wconf 92' lang='lat'><strong>6</strong></span> <span class='ocrx_word' id='word_1_512' title='bbox 3216 2526 3496 2590; x_wconf 79' lang='grc' dir='ltr'>Θαδδαῖος,</span> <span class='ocrx_word' id='word_1_513' title='bbox 3544 2527 3638 2578; x_wconf 77' lang='grc' dir='ltr'>καὶ</span> <span class='ocrx_word' id='word_1_514' title='bbox 3668 2525 3696 2577; x_wconf 88' lang='lat'><strong>6</strong></span> <span class='ocrx_word' id='word_1_515' title='bbox 3724 2524 4011 2595; x_wconf 80' lang='grc' dir='ltr'>προδότης.</span> 
     </span>
    </p>
   </div>
   <div class='ocr_carea' id='block_1_69' title="bbox 2432 2614 4009 2687">
    <p class='ocr_par' dir='ltr' id='par_1_69' title="bbox 2432 2614 4009 2687">
     <span class='ocr_line' id='line_1_70' title="bbox 2432 2614 4009 2687; baseline 0 -18"><span class='ocrx_word' id='word_1_516' title='bbox 2432 2618 2539 2670; x_wconf 80' lang='grc' dir='ltr'><strong>Καὶ</strong></span> <span class='ocrx_word' id='word_1_517' title='bbox 2568 2620 2719 2687; x_wconf 81' lang='grc' dir='ltr'>τρεῖς</span> <span class='ocrx_word' id='word_1_518' title='bbox 2763 2619 3029 2686; x_wconf 86' lang='grc' dir='ltr'>Σίμωνες,</span> <span class='ocrx_word' id='word_1_519' title='bbox 3072 2619 3100 2668; x_wconf 95' lang='lat'><strong>6</strong></span> <span class='ocrx_word' id='word_1_520' title='bbox 3144 2614 3373 2686; x_wconf 82' lang='grc' dir='ltr'>Πέτρος,</span> <span class='ocrx_word' id='word_1_521' title='bbox 3407 2620 3433 2670; x_wconf 92' lang='lat'><strong>6</strong></span> <span class='ocrx_word' id='word_1_522' title='bbox 3482 2616 3818 2685; x_wconf 79' lang='grc' dir='ltr'>Κανανίτης,</span> <span class='ocrx_word' id='word_1_523' title='bbox 3853 2618 3948 2669; x_wconf 70' lang='grc' dir='ltr'>καὶ</span> <span class='ocrx_word' id='word_1_524' title='bbox 3981 2618 4009 2669; x_wconf 91' lang='lat'><strong>6</strong></span> 
     </span>
    </p>
   </div>
   <div class='ocr_carea' id='block_1_70' title="bbox 2428 2704 3978 2781">
    <p class='ocr_par' dir='ltr' id='par_1_70' title="bbox 2428 2704 3978 2781">
     <span class='ocr_line' id='line_1_71' title="bbox 2428 2704 3978 2781; baseline -0.001 -18"><span class='ocrx_word' id='word_1_525' title='bbox 2428 2711 2716 2780; x_wconf 84' lang='grc' dir='ltr'>προδότης.</span> <span class='ocrx_word' id='word_1_526' title='bbox 2746 2710 2927 2780; x_wconf 86' lang='grc' dir='ltr'>Σίμων</span> <span class='ocrx_word' id='word_1_527' title='bbox 2968 2711 3077 2781; x_wconf 82' lang='grc' dir='ltr'><strong>γάρ</strong></span> <span class='ocrx_word' id='word_1_528' title='bbox 3108 2710 3308 2773; x_wconf 88' lang='grc' dir='ltr'>Ἰούδας</span> <span class='ocrx_word' id='word_1_529' title='bbox 3340 2704 3695 2781; x_wconf 84' lang='grc' dir='ltr'>Ἰσκαριώτης</span> <span class='ocrx_word' id='word_1_530' title='bbox 3740 2710 3978 2777; x_wconf 80' lang='grc' dir='ltr'>έλέγετο.</span> 
     </span>
    </p>
   </div>
   <div class='ocr_carea' id='block_1_71' title="bbox 2502 2801 4015 2872">
    <p class='ocr_par' dir='ltr' id='par_1_71' title="bbox 2502 2801 4015 2872">
     <span class='ocr_line' id='line_1_72' title="bbox 2502 2801 4015 2872; baseline 0 -17"><span class='ocrx_word' id='word_1_531' title='bbox 2502 2820 2523 2855; x_wconf 75' lang='grc' dir='ltr'><strong>ε</strong></span> <span class='ocrx_word' id='word_1_532' title='bbox 2552 2803 2787 2866; x_wconf 89' lang='grc' dir='ltr'>Τούτους</span> <span class='ocrx_word' id='word_1_533' title='bbox 2810 2804 2932 2865; x_wconf 80' lang='grc' dir='ltr'>τοὺς</span> <span class='ocrx_word' id='word_1_534' title='bbox 2970 2802 3176 2857; x_wconf 80' lang='grc' dir='ltr'>δώδεκα</span> <span class='ocrx_word' id='word_1_535' title='bbox 3213 2802 3529 2855; x_wconf 66' lang='grc' dir='ltr'>ἀπέστειλεν</span> <span class='ocrx_word' id='word_1_536' title='bbox 3555 2802 3582 2855; x_wconf 88' lang='lat'><strong>6</strong></span> <span class='ocrx_word' id='word_1_537' title='bbox 3611 2801 3839 2872; x_wconf 77' lang='grc' dir='ltr'>Ἰησοῦς,</span> <span class='ocrx_word' id='word_1_538' title='bbox 3872 2818 4015 2872; x_wconf 81' lang='grc' dir='ltr'>παρ-</span> 
     </span>
    </p>
   </div>
   <div class='ocr_carea' id='block_1_72' title="bbox 2429 2892 4015 2965">
    <p class='ocr_par' dir='ltr' id='par_1_72' title="bbox 2429 2892 4015 2965">
     <span class='ocr_line' id='line_1_73' title="bbox 2429 2892 4015 2965; baseline -0.003 -16"><span class='ocrx_word' id='word_1_539' title='bbox 2429 2894 2689 2963; x_wconf 75' lang='grc' dir='ltr'>αγγείλας</span> <span class='ocrx_word' id='word_1_540' title='bbox 2743 2894 2950 2959; x_wconf 81' lang='grc' dir='ltr'>αὺτοῖς,</span> <span class='ocrx_word' id='word_1_541' title='bbox 2986 2894 3195 2962; x_wconf 81' lang='grc' dir='ltr'>λέγων’</span> <span class='ocrx_word' id='word_1_542' title='bbox 3236 2896 3328 2957; x_wconf 67' lang='lat' dir='ltr'><strong>Ei;</strong></span> <span class='ocrx_word' id='word_1_543' title='bbox 3368 2893 3483 2948; x_wconf 76' lang='grc' dir='ltr'>ὁδὸν</span> <span class='ocrx_word' id='word_1_544' title='bbox 3518 2893 3687 2947; x_wconf 78' lang='grc' dir='ltr'>έθνῶν</span> <span class='ocrx_word' id='word_1_545' title='bbox 3736 2892 3811 2965; x_wconf 77' lang='grc' dir='ltr'>μὴ</span> <span class='ocrx_word' id='word_1_546' title='bbox 3848 2892 4015 2946; x_wconf 82' lang='grc' dir='ltr'>ἁπέλ-</span> 
     </span>
    </p>
   </div>
   <div class='ocr_carea' id='block_1_73' title="bbox 2430 2983 4009 3057">
    <p class='ocr_par' dir='ltr' id='par_1_73' title="bbox 2430 2983 4009 3057">
     <span class='ocr_line' id='line_1_74' title="bbox 2430 2983 4009 3057; baseline -0.002 -19"><span class='ocrx_word' id='word_1_547' title='bbox 2430 2984 2582 3057; x_wconf 82' lang='grc' dir='ltr'>θητε,</span> <span class='ocrx_word' id='word_1_548' title='bbox 2612 2988 2703 3041; x_wconf 62' lang='grc' dir='ltr'><strong>καλ⁵</strong></span> <span class='ocrx_word' id='word_1_549' title='bbox 2747 2988 2826 3048; x_wconf 84' lang='grc' dir='ltr'><strong>είς</strong></span> <span class='ocrx_word' id='word_1_550' title='bbox 2878 2984 3032 3038; x_wconf 83' lang='grc' dir='ltr'>πόλιν</span> <span class='ocrx_word' id='word_1_551' title='bbox 3058 2984 3415 3055; x_wconf 74' lang='grc' dir='ltr'>Σαμαρειτῶν</span> <span class='ocrx_word' id='word_1_552' title='bbox 3440 2990 3515 3055; x_wconf 75' lang='grc' dir='ltr'><strong>μη</strong></span> <span class='ocrx_word' id='word_1_553' title='bbox 3546 2983 3825 3052; x_wconf 72' lang='grc' dir='ltr'>εἰσέλθητε</span> <span class='ocrx_word' id='word_1_554' title='bbox 3846 2998 3861 3011; x_wconf 85' lang='grc'><strong>·</strong></span> <span class='ocrx_word' id='word_1_555' title='bbox 3913 2998 4009 3035; x_wconf 79' lang='grc' dir='ltr'>πο-</span> 
     </span>
    </p>
   </div>
   <div class='ocr_carea' id='block_1_74' title="bbox 2432 3074 4014 3147">
    <p class='ocr_par' dir='ltr' id='par_1_74' title="bbox 2432 3074 4014 3147">
     <span class='ocr_line' id='line_1_75' title="bbox 2432 3074 4014 3147; baseline -0.003 -18"><span class='ocrx_word' id='word_1_556' title='bbox 2432 3076 2652 3147; x_wconf 86' lang='grc' dir='ltr'>ρεύεσθε</span> <span class='ocrx_word' id='word_1_557' title='bbox 2692 3076 2748 3129; x_wconf 76' lang='grc' dir='ltr'>δὲ</span> <span class='ocrx_word' id='word_1_558' title='bbox 2793 3076 2991 3146; x_wconf 75' lang='grc' dir='ltr'>μᾶλλον</span> <span class='ocrx_word' id='word_1_559' title='bbox 3022 3076 3158 3147; x_wconf 84' lang='grc' dir='ltr'>πρὸς</span> <span class='ocrx_word' id='word_1_560' title='bbox 3195 3076 3263 3129; x_wconf 82' lang='grc' dir='ltr'><strong>τά</strong></span> <span class='ocrx_word' id='word_1_561' title='bbox 3312 3076 3563 3147; x_wconf 83' lang='grc' dir='ltr'>πρόϐατα</span> <span class='ocrx_word' id='word_1_562' title='bbox 3596 3077 3663 3129; x_wconf 81' lang='grc' dir='ltr'><strong>τά</strong></span> <span class='ocrx_word' id='word_1_563' title='bbox 3696 3074 4014 3128; x_wconf 77' lang='grc' dir='ltr'>ἀπολωλότα</span> 
     </span>
    </p>
   </div>
   <div class='ocr_carea' id='block_1_75' title="bbox 2429 3162 4011 3237">
    <p class='ocr_par' dir='ltr' id='par_1_75' title="bbox 2429 3162 4011 3237">
     <span class='ocr_line' id='line_1_76' title="bbox 2429 3162 4011 3237; baseline -0.001 -18"><span class='ocrx_word' id='word_1_564' title='bbox 2429 3168 2578 3220; x_wconf 71' lang='grc' dir='ltr'>οἴκου</span> <span class='ocrx_word' id='word_1_565' title='bbox 2607 3167 2844 3237; x_wconf 77' lang='grc' dir='ltr'>Ἰσραήλ.</span> <span class='ocrx_word' id='word_1_566' title='bbox 2894 3166 3260 3237; x_wconf 83' lang='grc' dir='ltr'>Πορευόμενοι</span> <span class='ocrx_word' id='word_1_567' title='bbox 3286 3162 3343 3221; x_wconf 73' lang='grc' dir='ltr'><strong>δδ</strong></span> <span class='ocrx_word' id='word_1_568' title='bbox 3375 3167 3705 3235; x_wconf 84' lang='grc' dir='ltr'>κηρύσσετε,</span> <span class='ocrx_word' id='word_1_569' title='bbox 3733 3166 4011 3234; x_wconf 81' lang='grc' dir='ltr'>λέγοντες,</span> 
     </span>
    </p>
   </div>
   <div class='ocr_carea' id='block_1_76' title="bbox 2430 3343 4011 3412">
    <p class='ocr_par' dir='ltr' id='par_1_76' title="bbox 2430 3343 4011 3412">
     <span class='ocr_line' id='line_1_77' title="bbox 2430 3343 4011 3412; baseline 0.004 -15"><span class='ocrx_word' id='word_1_570' title='bbox 2430 3344 2655 3412; x_wconf 74' lang='grc' dir='ltr'>πηίους;</span> <span class='ocrx_word' id='word_1_571' title='bbox 2697 3344 2837 3410; x_wconf 82' lang='grc' dir='ltr'>Τοὺς</span> <span class='ocrx_word' id='word_1_572' title='bbox 2887 3348 3078 3410; x_wconf 83' lang='grc' dir='ltr'>ἁλιεῖς,</span> <span class='ocrx_word' id='word_1_573' title='bbox 3130 3350 3256 3409; x_wconf 83' lang='grc' dir='ltr'>τοὺς</span> <span class='ocrx_word' id='word_1_574' title='bbox 3320 3343 3554 3411; x_wconf 86' lang='grc' dir='ltr'>ίδιώτας,</span> <span class='ocrx_word' id='word_1_575' title='bbox 3604 3349 3730 3410; x_wconf 83' lang='grc' dir='ltr'>τοὺς</span> <span class='ocrx_word' id='word_1_576' title='bbox 3755 3348 4011 3411; x_wconf 75' lang='grc' dir='ltr'>τελώνας.</span> 
     </span>
    </p>
   </div>
   <div class='ocr_carea' id='block_1_77' title="bbox 2431 3437 4013 3507">
    <p class='ocr_par' dir='ltr' id='par_1_77' title="bbox 2431 3437 4013 3507">
     <span class='ocr_line' id='line_1_78' title="bbox 2431 3437 4013 3507; baseline 0.005 -20"><span class='ocrx_word' id='word_1_577' title='bbox 2431 3437 2865 3507; x_wconf 83' lang='grc' dir='ltr'>Προηγουμένως</span> <span class='ocrx_word' id='word_1_578' title='bbox 2890 3438 2947 3491; x_wconf 69' lang='grc' dir='ltr'><strong>δέ</strong></span> <span class='ocrx_word' id='word_1_579' title='bbox 2985 3439 3099 3501; x_wconf 90' lang='grc' dir='ltr'>τοῖς</span> <span class='ocrx_word' id='word_1_580' title='bbox 3145 3437 3422 3500; x_wconf 84' lang='grc' dir='ltr'>Ἰουδαίοις</span> <span class='ocrx_word' id='word_1_581' title='bbox 3452 3438 3769 3493; x_wconf 76' lang='grc' dir='ltr'>ἀποστέλλει</span> <span class='ocrx_word' id='word_1_582' title='bbox 3792 3440 4013 3504; x_wconf 71' lang='grc' dir='ltr'>αὐτοὺς,</span> 
     </span>
    </p>
   </div>
   <div class='ocr_carea' id='block_1_78' title="bbox 2425 3526 4013 3598">
    <p class='ocr_par' dir='ltr' id='par_1_78' title="bbox 2425 3526 4013 3598">
     <span class='ocr_line' id='line_1_79' title="bbox 2425 3526 4013 3598; baseline 0.003 -19"><span class='ocrx_word' id='word_1_583' title='bbox 2425 3526 2515 3581; x_wconf 82' lang='grc' dir='ltr'>ἵνα</span> <span class='ocrx_word' id='word_1_584' title='bbox 2557 3530 2631 3597; x_wconf 79' lang='grc' dir='ltr'>μὴ</span> <span class='ocrx_word' id='word_1_585' title='bbox 2655 3529 2819 3598; x_wconf 75' lang='grc' dir='ltr'>ἔχωσι</span> <span class='ocrx_word' id='word_1_586' title='bbox 2843 3528 3020 3595; x_wconf 87' lang='grc' dir='ltr'>λέγειν</span> <span class='ocrx_word' id='word_1_587' title='bbox 3065 3529 3145 3581; x_wconf 84' lang='grc' dir='ltr'>ὅτι</span> <span class='ocrx_word' id='word_1_588' title='bbox 3177 3532 3315 3596; x_wconf 79' lang='grc' dir='ltr'>πρὸς</span> <span class='ocrx_word' id='word_1_589' title='bbox 3336 3530 3464 3590; x_wconf 70' lang='grc' dir='ltr'>τοὺς</span> <span class='ocrx_word' id='word_1_590' title='bbox 3489 3528 3739 3592; x_wconf 71' lang='grc' dir='ltr'>ἑθνικοὺς</span> <span class='ocrx_word' id='word_1_591' title='bbox 3768 3532 4013 3584; x_wconf 77' lang='grc' dir='ltr'>ἀπεστά-</span> 
     </span>
    </p>
   </div>
   <div class='ocr_carea' id='block_1_79' title="bbox 2428 3618 4015 3691">
    <p class='ocr_par' dir='ltr' id='par_1_79' title="bbox 2428 3618 4015 3691">
     <span class='ocr_line' id='line_1_80' title="bbox 2428 3618 4015 3691; baseline 0.002 -17"><span class='ocrx_word' id='word_1_592' title='bbox 2428 3620 2621 3687; x_wconf 83' lang='grc' dir='ltr'>λησαν,</span> <span class='ocrx_word' id='word_1_593' title='bbox 2662 3622 2755 3673; x_wconf 78' lang='grc' dir='ltr'>καὶ</span> <span class='ocrx_word' id='word_1_594' title='bbox 2780 3622 2865 3675; x_wconf 85' lang='grc' dir='ltr'>διὰ</span> <span class='ocrx_word' id='word_1_595' title='bbox 2894 3621 3051 3675; x_wconf 80' lang='grc' dir='ltr'>τοῦτο</span> <span class='ocrx_word' id='word_1_596' title='bbox 3081 3623 3241 3691; x_wconf 71' lang='grc' dir='ltr'>ἡμεῖς</span> <span class='ocrx_word' id='word_1_597' title='bbox 3271 3622 3321 3673; x_wconf 81' lang='grc' dir='ltr'><strong>οῖ</strong></span> <span class='ocrx_word' id='word_1_598' title='bbox 3366 3618 3610 3673; x_wconf 86' lang='grc' dir='ltr'>Ἰουδαῖοι</span> <span class='ocrx_word' id='word_1_599' title='bbox 3638 3622 3740 3675; x_wconf 85' lang='grc' dir='ltr'>οὐκ</span> <span class='ocrx_word' id='word_1_600' title='bbox 3760 3624 4015 3677; x_wconf 78' lang='grc' dir='ltr'>έπιστεύο</span> 
     </span>
    </p>
   </div>
   <div class='ocr_carea' id='block_1_80' title="bbox 2430 3708 4013 3783">
    <p class='ocr_par' dir='ltr' id='par_1_80' title="bbox 2430 3708 4013 3783">
     <span class='ocr_line' id='line_1_81' title="bbox 2430 3708 4013 3783; baseline 0.004 -21"><span class='ocrx_word' id='word_1_601' title='bbox 2430 3727 2621 3782; x_wconf 86' lang='grc' dir='ltr'>σαμεν.</span> <span class='ocrx_word' id='word_1_602' title='bbox 2677 3712 3149 3782; x_wconf 79' lang='grc' dir='ltr'>Ἀπροφασίστους</span> <span class='ocrx_word' id='word_1_603' title='bbox 3206 3708 3298 3765; x_wconf 80' lang='grc' dir='ltr'>οὖν</span> <span class='ocrx_word' id='word_1_604' title='bbox 3345 3712 3472 3776; x_wconf 80' lang='grc' dir='ltr'>τοὺς</span> <span class='ocrx_word' id='word_1_605' title='bbox 3513 3710 3798 3783; x_wconf 85' lang='grc' dir='ltr'>Ἰουδαίους</span> <span class='ocrx_word' id='word_1_606' title='bbox 3847 3717 4013 3768; x_wconf 80' lang='grc' dir='ltr'>ποιεῖ.</span> 
     </span>
    </p>
   </div>
   <div class='ocr_carea' id='block_1_81' title="bbox 2430 3803 4016 3874">
    <p class='ocr_par' dir='ltr' id='par_1_81' title="bbox 2430 3803 4016 3874">
     <span class='ocr_line' id='line_1_82' title="bbox 2430 3803 4016 3874; baseline 0.001 -19"><span class='ocrx_word' id='word_1_607' title='bbox 2430 3804 2698 3856; x_wconf 65' lang='grc' dir='ltr'>Σανάπτει</span> <span class='ocrx_word' id='word_1_608' title='bbox 2753 3804 2810 3856; x_wconf 72' lang='grc' dir='ltr'>δὲ</span> <span class='ocrx_word' id='word_1_609' title='bbox 2856 3804 2983 3867; x_wconf 81' lang='grc' dir='ltr'>τοὺς</span> <span class='ocrx_word' id='word_1_610' title='bbox 3036 3803 3383 3874; x_wconf 83' lang='grc' dir='ltr'>Σαμαρείτας</span> <span class='ocrx_word' id='word_1_611' title='bbox 3429 3808 3544 3867; x_wconf 87' lang='grc' dir='ltr'>τοῖς</span> <span class='ocrx_word' id='word_1_612' title='bbox 3598 3805 3858 3870; x_wconf 72' lang='grc' dir='ltr'>ἐθνικαῖς,</span> <span class='ocrx_word' id='word_1_613' title='bbox 3889 3807 4016 3859; x_wconf 71' lang='grc' dir='ltr'>ἐπεὶ</span> 
     </span>
    </p>
   </div>
   <div class='ocr_carea' id='block_1_82' title="bbox 2425 3887 4017 3963">
    <p class='ocr_par' dir='ltr' id='par_1_82' title="bbox 2425 3887 4017 3963">
     <span class='ocr_line' id='line_1_83' title="bbox 2425 3887 4017 3963; baseline 0.001 -20"><span class='ocrx_word' id='word_1_614' title='bbox 2425 3887 2757 3944; x_wconf 80' lang='grc' dir='ltr'>Βαϐυλώνιοι</span> <span class='ocrx_word' id='word_1_615' title='bbox 2815 3892 2966 3954; x_wconf 75' lang='grc' dir='ltr'>ὄντες</span> <span class='ocrx_word' id='word_1_616' title='bbox 3022 3892 3353 3963; x_wconf 80' lang='grc' dir='ltr'>κατῴκησαν</span> <span class='ocrx_word' id='word_1_617' title='bbox 3409 3894 3509 3962; x_wconf 75' lang='grc' dir='ltr'>τὴν</span> <span class='ocrx_word' id='word_1_618' title='bbox 3578 3893 3866 3955; x_wconf 83' lang='grc' dir='ltr'>Ἰουδαίαν.</span> <span class='ocrx_word' id='word_1_619' title='bbox 3918 3894 4017 3947; x_wconf 72' lang='grc' dir='ltr'>καὶ</span> 
     </span>
    </p>
   </div>
   <div class='ocr_carea' id='block_1_83' title="bbox 2427 3985 4013 4057">
    <p class='ocr_par' dir='ltr' id='par_1_83' title="bbox 2427 3985 4013 4057">
     <span class='ocr_line' id='line_1_84' title="bbox 2427 3985 4013 4057; baseline 0.003 -22"><span class='ocrx_word' id='word_1_620' title='bbox 2427 3985 2545 4036; x_wconf 77' lang='grc' dir='ltr'>οὐδὲ</span> <span class='ocrx_word' id='word_1_621' title='bbox 2574 3985 2697 4046; x_wconf 81' lang='grc' dir='ltr'>τοὺς</span> <span class='ocrx_word' id='word_1_622' title='bbox 2731 3986 3011 4055; x_wconf 75' lang='grc' dir='ltr'>προφήτας</span> <span class='ocrx_word' id='word_1_623' title='bbox 3035 3985 3301 4057; x_wconf 77' lang='grc' dir='ltr'>ἐδέχοντο,</span> <span class='ocrx_word' id='word_1_624' title='bbox 3359 3987 3495 4039; x_wconf 78' lang='grc' dir='ltr'><strong>ἀλλᾶ</strong></span> <span class='ocrx_word' id='word_1_625' title='bbox 3572 3987 3711 4057; x_wconf 82' lang='grc' dir='ltr'>μόνα</span> <span class='ocrx_word' id='word_1_626' title='bbox 3752 3986 3819 4039; x_wconf 82' lang='grc' dir='ltr'><strong>τά</strong></span> <span class='ocrx_word' id='word_1_627' title='bbox 3851 3990 4013 4040; x_wconf 83' lang='grc' dir='ltr'>πέντε</span> 
     </span>
    </p>
   </div>
   <div class='ocr_carea' id='block_1_84' title="bbox 2429 4072 4016 4149">
    <p class='ocr_par' dir='ltr' id='par_1_84' title="bbox 2429 4072 4016 4149">
     <span class='ocr_line' id='line_1_85' title="bbox 2429 4072 4016 4149; baseline 0.004 -24"><span class='ocrx_word' id='word_1_628' title='bbox 2429 4072 2521 4125; x_wconf 84' lang='grc' dir='ltr'>τοῦ</span> <span class='ocrx_word' id='word_1_629' title='bbox 2555 4074 2795 4136; x_wconf 81' lang='grc' dir='ltr'>Μωσέως</span> <span class='ocrx_word' id='word_1_630' title='bbox 2828 4074 3007 4143; x_wconf 78' lang='grc' dir='ltr'>βιϐλία</span> <span class='ocrx_word' id='word_1_631' title='bbox 3030 4092 3043 4105; x_wconf 92' lang='grc'><strong>·</strong></span> <span class='ocrx_word' id='word_1_632' title='bbox 3078 4077 3355 4145; x_wconf 83' lang='grc' dir='ltr'>βασιλείαν</span> <span class='ocrx_word' id='word_1_633' title='bbox 3381 4080 3439 4131; x_wconf 67' lang='grc' dir='ltr'>δὲ</span> <span class='ocrx_word' id='word_1_634' title='bbox 3479 4079 3749 4147; x_wconf 77' lang='grc' dir='ltr'>οὐρανῶν,</span> <span class='ocrx_word' id='word_1_635' title='bbox 3798 4083 3893 4134; x_wconf 78' lang='grc' dir='ltr'>καὶ</span> <span class='ocrx_word' id='word_1_636' title='bbox 3916 4081 4016 4149; x_wconf 80' lang='grc' dir='ltr'>τὴν</span> 
     </span>
    </p>
   </div>
   <div class='ocr_carea' id='block_1_85' title="bbox 2434 4167 4013 4236">
    <p class='ocr_par' dir='ltr' id='par_1_85' title="bbox 2434 4167 4013 4236">
     <span class='ocr_line' id='line_1_86' title="bbox 2434 4167 4013 4236; baseline 0.003 -16"><span class='ocrx_word' id='word_1_637' title='bbox 2434 4168 2734 4236; x_wconf 84' lang='grc' dir='ltr'>μέλλουσαν</span> <span class='ocrx_word' id='word_1_638' title='bbox 2773 4167 3075 4222; x_wconf 84' lang='grc' dir='ltr'>ἀπόλαυσιν</span> <span class='ocrx_word' id='word_1_639' title='bbox 3108 4171 3243 4227; x_wconf 85' lang='grc' dir='ltr'>νόει.</span> <span class='ocrx_word' id='word_1_640' title='bbox 3292 4170 3533 4235; x_wconf 79' lang='grc' dir='ltr'>Ὀπλίζει</span> <span class='ocrx_word' id='word_1_641' title='bbox 3581 4171 3638 4223; x_wconf 75' lang='grc' dir='ltr'>δὲ</span> <span class='ocrx_word' id='word_1_642' title='bbox 3671 4172 3865 4233; x_wconf 80' lang='grc' dir='ltr'>αὐτοὺς</span> <span class='ocrx_word' id='word_1_643' title='bbox 3897 4175 4013 4232; x_wconf 81' lang='grc' dir='ltr'>τοῖς</span> 
     </span>
    </p>
   </div>
   <div class='ocr_carea' id='block_1_86' title="bbox 2431 4258 2929 4329">
    <p class='ocr_par' dir='ltr' id='par_1_86' title="bbox 2431 4258 2929 4329">
     <span class='ocr_line' id='line_1_87' title="bbox 2431 4258 2929 4329; baseline 0.006 -20"><span class='ocrx_word' id='word_1_644' title='bbox 2431 4258 2694 4329; x_wconf 83' lang='grc' dir='ltr'>θαύμασι,</span> <span class='ocrx_word' id='word_1_645' title='bbox 2725 4260 2896 4327; x_wconf 77' lang='grc' dir='ltr'>λέγων</span> <span class='ocrx_word' id='word_1_646' title='bbox 2917 4278 2929 4290; x_wconf 92' lang='grc'>·</span> 
     </span>
    </p>
   </div>
   <div class='ocr_carea' id='block_1_87' title="bbox 2507 4372 4014 4447">
    <p class='ocr_par' dir='ltr' id='par_1_87' title="bbox 2507 4372 4014 4447">
     <span class='ocr_line' id='line_1_88' title="bbox 2507 4372 4014 4447; baseline 0.007 -27"><span class='ocrx_word' id='word_1_647' title='bbox 2507 4391 2525 4419; x_wconf 79' lang='lat' dir='ltr'><strong>s</strong></span> <span class='ocrx_word' id='word_1_648' title='bbox 2580 4372 2967 4437; x_wconf 78' lang='grc' dir='ltr'>Ἀσθενοῦντας</span> <span class='ocrx_word' id='word_1_649' title='bbox 3002 4374 3361 4445; x_wconf 83' lang='grc' dir='ltr'>θεραπεύετε,</span> <span class='ocrx_word' id='word_1_650' title='bbox 3389 4376 3625 4444; x_wconf 78' lang='grc' dir='ltr'>λεπροὺς</span> <span class='ocrx_word' id='word_1_651' title='bbox 3661 4376 4014 4447; x_wconf 79' lang='grc' dir='ltr'>καθαρίζετε,</span> 
     </span>
    </p>
   </div>
   <div class='ocr_carea' id='block_1_88' title="bbox 760 4447 2453 4537">
    <p class='ocr_par' dir='ltr' id='par_1_88' title="bbox 760 4447 2453 4521">
     <span class='ocr_line' id='line_1_89' title="bbox 760 4447 2453 4521; baseline 0.003 -20"><span class='ocrx_word' id='word_1_652' title='bbox 760 4462 947 4503; x_wconf 76' lang='lat' dir='ltr'><strong>mones</strong></span> <span class='ocrx_word' id='word_1_653' title='bbox 988 4449 1193 4515; x_wconf 87' lang='lat' dir='ltr'><strong>ejicite.</strong></span> <span class='ocrx_word' id='word_1_654' title='bbox 1218 4447 1399 4505; x_wconf 86' lang='lat' dir='ltr'><strong>Gratis</strong></span> <span class='ocrx_word' id='word_1_655' title='bbox 1425 4450 1732 4519; x_wconf 85' lang='lat' dir='ltr'><strong>accepistis,</strong></span> <span class='ocrx_word' id='word_1_656' title='bbox 1766 4451 1934 4521; x_wconf 89' lang='lat' dir='ltr'><strong>gratis</strong></span> <span class='ocrx_word' id='word_1_657' title='bbox 1966 4454 2105 4505; x_wconf 89' lang='lat' dir='ltr'><strong>date.</strong></span> <span class='ocrx_word' id='word_1_658' title='bbox 2130 4470 2149 4504; x_wconf 76' lang='grc' dir='ltr'><strong>ι</strong></span> <span class='ocrx_word' id='word_1_659' title='bbox 2182 4452 2324 4506; x_wconf 79' lang='lat' dir='ltr'><strong>Nihil</strong></span> <span class='ocrx_word' id='word_1_660' title='bbox 2430 4463 2453 4514; x_wconf 82' lang='grc' dir='ltr'>δ</span> 
     </span>
    </p>
   </div>
   <div class='ocr_carea' id='block_1_89' title="bbox 2315 4447 4008 4537">
    <p class='ocr_par' dir='ltr' id='par_1_89' title="bbox 2315 4455 4008 4537">
     <span class='ocr_line' id='line_1_90' title="bbox 2315 4455 4008 4537; baseline 0.005 -24"><span class='ocrx_word' id='word_1_661' title='bbox 2315 4455 2324 4505; x_wconf 74' lang='grc' dir='ltr'>ι</span> <span class='ocrx_word' id='word_1_662' title='bbox 2368 4536 2371 4537; x_wconf 13' lang='grc' dir='ltr'><em>ν</em></span> <span class='ocrx_word' id='word_1_663' title='bbox 2430 4463 2681 4533; x_wconf 81' lang='grc' dir='ltr'>δαιμόνια</span> <span class='ocrx_word' id='word_1_664' title='bbox 2702 4465 3014 4520; x_wconf 77' lang='grc' dir='ltr'>ἐκϐάλλετε.</span> <span class='ocrx_word' id='word_1_665' title='bbox 3051 4469 3270 4536; x_wconf 82' lang='grc' dir='ltr'>Δωρεὰν</span> <span class='ocrx_word' id='word_1_666' title='bbox 3308 4468 3553 4531; x_wconf 79' lang='grc' dir='ltr'>ἐλάϐετε,</span> <span class='ocrx_word' id='word_1_667' title='bbox 3580 4469 3791 4537; x_wconf 76' lang='grc' dir='ltr'>δωρεὰν</span> <span class='ocrx_word' id='word_1_668' title='bbox 3816 4470 3958 4524; x_wconf 77' lang='grc' dir='ltr'>δότε.</span> <span class='ocrx_word' id='word_1_669' title='bbox 3992 4489 4008 4521; x_wconf 79' lang='grc' dir='ltr'><strong>ι</strong></span> 
     </span>
    </p>
   </div>
   <div class='ocr_carea' id='block_1_90' title="bbox 757 4536 2450 4630">
    <p class='ocr_par' dir='ltr' id='par_1_90' title="bbox 757 4536 2450 4610">
     <span class='ocr_line' id='line_1_91' title="bbox 757 4536 2450 4610; baseline 0 -18"><span class='ocrx_word' id='word_1_670' title='bbox 757 4551 865 4595; x_wconf 88' lang='lat' dir='ltr'><strong>tam</strong></span> <span class='ocrx_word' id='word_1_671' title='bbox 900 4543 1055 4596; x_wconf 87' lang='lat' dir='ltr'><strong>decet</strong></span> <span class='ocrx_word' id='word_1_672' title='bbox 1086 4542 1388 4606; x_wconf 85' lang='lat' dir='ltr'><strong>doctorem,</strong></span> <span class='ocrx_word' id='word_1_673' title='bbox 1410 4558 1570 4610; x_wconf 89' lang='lat' dir='ltr'><strong>quam</strong></span> <span class='ocrx_word' id='word_1_674' title='bbox 1603 4544 1879 4596; x_wconf 85' lang='lat' dir='ltr'><strong>humilitas</strong></span> <span class='ocrx_word' id='word_1_675' title='bbox 1930 4551 1983 4597; x_wconf 85' lang='lat' dir='ltr'><strong>et</strong></span> <span class='ocrx_word' id='word_1_676' title='bbox 2013 4544 2325 4597; x_wconf 80' lang='lat' dir='ltr'><strong>divitiarum</strong></span> <span class='ocrx_word' id='word_1_677' title='bbox 2363 4536 2405 4592; x_wconf 88' lang='grc' dir='ltr'><strong>Ι)</strong></span> <span class='ocrx_word' id='word_1_678' title='bbox 2435 4557 2450 4606; x_wconf 89' lang='grc'><strong>(</strong></span> 
     </span>
    </p>
   </div>
   <div class='ocr_carea' id='block_1_91' title="bbox 2323 4536 4016 4630">
    <p class='ocr_par' dir='ltr' id='par_1_91' title="bbox 2323 4536 4016 4630">
     <span class='ocr_line' id='line_1_92' title="bbox 2323 4536 4016 4630; baseline 0.004 -24"><span class='ocrx_word' id='word_1_679' title='bbox 2323 4567 2325 4595; x_wconf 86' lang='grc' dir='ltr'><strong>ι</strong></span> <span class='ocrx_word' id='word_1_680' title='bbox 2363 4536 2405 4592; x_wconf 81' lang='grc' dir='ltr'>υ</span> <span class='ocrx_word' id='word_1_681' title='bbox 2435 4554 2602 4607; x_wconf 77' lang='grc' dir='ltr'>Οὐδὲν</span> <span class='ocrx_word' id='word_1_682' title='bbox 2632 4556 2803 4620; x_wconf 78' lang='grc' dir='ltr'>οὕτως</span> <span class='ocrx_word' id='word_1_683' title='bbox 2842 4559 3072 4629; x_wconf 73' lang='grc' dir='ltr'>ἁρμόζει</span> <span class='ocrx_word' id='word_1_684' title='bbox 3110 4537 3189 4627; x_wconf 70' lang='grc' dir='ltr'>τῷ</span> <span class='ocrx_word' id='word_1_685' title='bbox 3224 4560 3555 4630; x_wconf 79' lang='grc' dir='ltr'>διδασκάλῳ,</span> <span class='ocrx_word' id='word_1_686' title='bbox 3584 4536 4016 4627; x_wconf 74' lang='grc' dir='ltr'>ὼςταπεῖνωσις</span> 
     </span>
    </p>
   </div>
   <div class='ocr_carea' id='block_1_92' title="bbox 758 4632 2322 4703">
    <p class='ocr_par' dir='ltr' id='par_1_92' title="bbox 758 4632 2322 4703">
     <span class='ocr_line' id='line_1_93' title="bbox 758 4632 2322 4703; baseline 0.002 -16"><span class='ocrx_word' id='word_1_687' title='bbox 758 4642 1121 4703; x_wconf 88' lang='lat' dir='ltr'><strong>contemptus.</strong></span> <span class='ocrx_word' id='word_1_688' title='bbox 1147 4632 1261 4686; x_wconf 93' lang='lat' dir='ltr'><strong>Duo</strong></span> <span class='ocrx_word' id='word_1_689' title='bbox 1288 4635 1449 4703; x_wconf 84' lang='lat' dir='ltr'><strong>igitur</strong></span> <span class='ocrx_word' id='word_1_690' title='bbox 1480 4636 1593 4688; x_wconf 63' lang='lat' dir='ltr'><strong>haec</strong></span> <span class='ocrx_word' id='word_1_691' title='bbox 1620 4635 1720 4689; x_wconf 87' lang='lat' dir='ltr'><strong>hoc</strong></span> <span class='ocrx_word' id='word_1_692' title='bbox 1751 4636 1867 4690; x_wconf 89' lang='lat' dir='ltr'><strong>loco</strong></span> <span class='ocrx_word' id='word_1_693' title='bbox 1900 4638 2078 4700; x_wconf 89' lang='lat' dir='ltr'><strong>docet,</strong></span> <span class='ocrx_word' id='word_1_694' title='bbox 2104 4638 2322 4690; x_wconf 87' lang='lat' dir='ltr'><strong>dtcens:</strong></span> 
     </span>
    </p>
   </div>
   <div class='ocr_carea' id='block_1_93' title="bbox 757 4726 2327 4797">
    <p class='ocr_par' dir='ltr' id='par_1_93' title="bbox 757 4726 2327 4797">
     <span class='ocr_line' id='line_1_94' title="bbox 757 4726 2327 4797; baseline 0.003 -19"><span class='ocrx_word' id='word_1_695' title='bbox 757 4726 935 4779; x_wconf 78' lang='lat' dir='ltr'><strong>Gratis</strong></span> <span class='ocrx_word' id='word_1_696' title='bbox 964 4726 1267 4793; x_wconf 84' lang='lat' dir='ltr'><strong>accepistis,</strong></span> <span class='ocrx_word' id='word_1_697' title='bbox 1306 4741 1370 4779; x_wconf 91' lang='lat' dir='ltr'><strong>ne</strong></span> <span class='ocrx_word' id='word_1_698' title='bbox 1399 4726 1758 4795; x_wconf 85' lang='lat' dir='ltr'><strong>superbirent,</strong></span> <span class='ocrx_word' id='word_1_699' title='bbox 1788 4732 1927 4797; x_wconf 91' lang='lat' dir='ltr'><strong>quod</strong></span> <span class='ocrx_word' id='word_1_700' title='bbox 1964 4728 2083 4781; x_wconf 88' lang='lat' dir='ltr'><strong>talia</strong></span> <span class='ocrx_word' id='word_1_701' title='bbox 2118 4729 2253 4782; x_wconf 84' lang='lat' dir='ltr'><strong>dona</strong></span> <span class='ocrx_word' id='word_1_702' title='bbox 2274 4740 2327 4783; x_wconf 88' lang='lat' dir='ltr'><strong>ct</strong></span> 
     </span>
    </p>
   </div>
   <div class='ocr_carea' id='block_1_94' title="bbox 758 4816 2320 4888">
    <p class='ocr_par' dir='ltr' id='par_1_94' title="bbox 758 4816 2320 4888">
     <span class='ocr_line' id='line_1_95' title="bbox 758 4816 2320 4888; baseline 0.002 -18"><span class='ocrx_word' id='word_1_703' title='bbox 758 4818 1019 4871; x_wconf 83' lang='lat' dir='ltr'><strong>haberent</strong></span> <span class='ocrx_word' id='word_1_704' title='bbox 1061 4827 1114 4870; x_wconf 90' lang='lat' dir='ltr'><strong>et</strong></span> <span class='ocrx_word' id='word_1_705' title='bbox 1141 4817 1354 4872; x_wconf 81' lang='lat' dir='ltr'><strong>darent.</strong></span> <span class='ocrx_word' id='word_1_706' title='bbox 1381 4816 1713 4871; x_wconf 81' lang='lat' dir='ltr'><strong>Gratisenitn</strong></span> <span class='ocrx_word' id='word_1_707' title='bbox 1744 4831 1789 4872; x_wconf 90' lang='lat' dir='ltr'><strong>et</strong></span> <span class='ocrx_word' id='word_1_708' title='bbox 1810 4835 1906 4888; x_wconf 87' lang='lat' dir='ltr'><strong>per</strong></span> <span class='ocrx_word' id='word_1_709' title='bbox 1939 4822 2167 4887; x_wconf 79' lang='lat' dir='ltr'><strong>gratiam</strong></span> <span class='ocrx_word' id='word_1_710' title='bbox 2197 4821 2320 4874; x_wconf 80' lang='lat' dir='ltr'><strong>talia</strong></span> 
     </span>
    </p>
   </div>
   <div class='ocr_carea' id='block_1_95' title="bbox 752 4908 2331 4977">
    <p class='ocr_par' dir='ltr' id='par_1_95' title="bbox 752 4908 2331 4977">
     <span class='ocr_line' id='line_1_96' title="bbox 752 4908 2331 4977; baseline 0.003 -15"><span class='ocrx_word' id='word_1_711' title='bbox 752 4908 1061 4977; x_wconf 82' lang='lat' dir='ltr'><strong>accepistis,</strong></span> <span class='ocrx_word' id='word_1_712' title='bbox 1082 4908 1174 4961; x_wconf 80' lang='lat' dir='ltr'><strong>sed</strong></span> <span class='ocrx_word' id='word_1_713' title='bbox 1214 4923 1334 4962; x_wconf 88' lang='lat' dir='ltr'><strong>cum</strong></span> <span class='ocrx_word' id='word_1_714' title='bbox 1382 4909 1685 4964; x_wconf 86' lang='lat' dir='ltr'><strong>humilitate</strong></span> <span class='ocrx_word' id='word_1_715' title='bbox 1711 4918 1761 4963; x_wconf 90' lang='lat' dir='ltr'><strong>et</strong></span> <span class='ocrx_word' id='word_1_716' title='bbox 1806 4910 2114 4964; x_wconf 82' lang='lat' dir='ltr'><strong>divitiarum</strong></span> <span class='ocrx_word' id='word_1_717' title='bbox 2158 4922 2331 4967; x_wconf 81' lang='lat' dir='ltr'><strong>estote</strong></span> 
     </span>
    </p>
   </div>
   <div class='ocr_carea' id='block_1_96' title="bbox 755 4996 2331 5069">
    <p class='ocr_par' dir='ltr' id='par_1_96' title="bbox 755 4996 2331 5069">
     <span class='ocr_line' id='line_1_97' title="bbox 755 4996 2331 5069; baseline 0.001 -17"><span class='ocrx_word' id='word_1_718' title='bbox 755 5007 1179 5067; x_wconf 86' lang='lat' dir='ltr'><strong>contemptores.</strong></span> <span class='ocrx_word' id='word_1_719' title='bbox 1230 4996 1412 5052; x_wconf 86' lang='lat' dir='ltr'><strong>Gratis</strong></span> <span class='ocrx_word' id='word_1_720' title='bbox 1436 4999 1605 5063; x_wconf 87' lang='lat' dir='ltr'><strong>enim,</strong></span> <span class='ocrx_word' id='word_1_721' title='bbox 1630 4998 1825 5066; x_wconf 88' lang='lat' dir='ltr'><strong>inquit,</strong></span> <span class='ocrx_word' id='word_1_722' title='bbox 1853 5004 1996 5054; x_wconf 76' lang='lat' dir='ltr'><strong>date.</strong></span> <span class='ocrx_word' id='word_1_723' title='bbox 2022 4998 2090 5053; x_wconf 82' lang='lat' dir='ltr'><strong>Et</strong></span> <span class='ocrx_word' id='word_1_724' title='bbox 2124 5012 2177 5053; x_wconf 91' lang='lat' dir='ltr'><strong>ut</strong></span> <span class='ocrx_word' id='word_1_725' title='bbox 2208 5017 2331 5069; x_wconf 85' lang='lat' dir='ltr'><strong>per-</strong></span> 
     </span>
    </p>
   </div>
   <div class='ocr_carea' id='block_1_97' title="bbox 759 5088 2331 5163">
    <p class='ocr_par' dir='ltr' id='par_1_97' title="bbox 759 5088 2331 5163">
     <span class='ocr_line' id='line_1_98' title="bbox 759 5088 2331 5163; baseline 0.003 -22"><span class='ocrx_word' id='word_1_726' title='bbox 759 5088 951 5143; x_wconf 73' lang='lat' dir='ltr'><strong>fectius</strong></span> <span class='ocrx_word' id='word_1_727' title='bbox 982 5089 1245 5142; x_wconf 87' lang='lat' dir='ltr'><strong>malorum</strong></span> <span class='ocrx_word' id='word_1_728' title='bbox 1270 5089 1510 5142; x_wconf 87' lang='lat' dir='ltr'><strong>omnium</strong></span> <span class='ocrx_word' id='word_1_729' title='bbox 1552 5089 1699 5142; x_wconf 73' lang='lat' dir='ltr'><strong>radix</strong></span> <span class='ocrx_word' id='word_1_730' title='bbox 1731 5090 2080 5159; x_wconf 78' lang='lat' dir='ltr'><strong>exstirpetur,</strong></span> <span class='ocrx_word' id='word_1_731' title='bbox 2124 5092 2331 5163; x_wconf 85' lang='lat' dir='ltr'><strong>inquit:</strong></span> 
     </span>
    </p>
   </div>
   <div class='ocr_carea' id='block_1_98' title="bbox 830 5299 2333 5374">
    <p class='ocr_par' dir='ltr' id='par_1_98' title="bbox 830 5299 2333 5374">
     <span class='ocr_line' id='line_1_99' title="bbox 830 5299 2333 5374; baseline 0.003 -21"><span class='ocrx_word' id='word_1_732' title='bbox 830 5300 992 5355; x_wconf 77' lang='lat' dir='ltr'><strong>Vens.</strong></span> <span class='ocrx_word' id='word_1_733' title='bbox 1011 5300 1063 5364; x_wconf 89' lang='lat'><strong>9,</strong></span> <span class='ocrx_word' id='word_1_734' title='bbox 1089 5301 1171 5355; x_wconf 82' lang='lat' dir='ltr'><strong>ll).</strong></span> <span class='ocrx_word' id='word_1_735' title='bbox 1195 5320 1212 5351; x_wconf 78' lang='grc' dir='ltr'><strong>ι</strong></span> <span class='ocrx_word' id='word_1_736' title='bbox 1241 5299 1353 5354; x_wconf 77' lang='lat' dir='ltr'><strong>Non</strong></span> <span class='ocrx_word' id='word_1_737' title='bbox 1375 5300 1693 5370; x_wconf 81' lang='lat' dir='ltr'><strong>possideatis</strong></span> <span class='ocrx_word' id='word_1_738' title='bbox 1712 5317 1929 5365; x_wconf 88' lang='lat' dir='ltr'><strong>aurum,</strong></span> <span class='ocrx_word' id='word_1_739' title='bbox 1948 5319 2120 5372; x_wconf 86' lang='lat' dir='ltr'><strong>neque</strong></span> <span class='ocrx_word' id='word_1_740' title='bbox 2138 5319 2333 5374; x_wconf 74' lang='lat' dir='ltr'><strong>argen—</strong></span> 
     </span>
    </p>
   </div>
   <div class='ocr_carea' id='block_1_99' title="bbox 759 5391 2333 5463">
    <p class='ocr_par' dir='ltr' id='par_1_99' title="bbox 759 5391 2333 5463">
     <span class='ocr_line' id='line_1_100' title="bbox 759 5391 2333 5463; baseline 0.003 -18"><span class='ocrx_word' id='word_1_741' title='bbox 759 5402 890 5453; x_wconf 82' lang='lat' dir='ltr'><strong>tum,</strong></span> <span class='ocrx_word' id='word_1_742' title='bbox 912 5406 1088 5461; x_wconf 85' lang='lat' dir='ltr'><strong>neque</strong></span> <span class='ocrx_word' id='word_1_743' title='bbox 1114 5406 1188 5445; x_wconf 65' lang='lat' dir='ltr'><strong>ars</strong></span> <span class='ocrx_word' id='word_1_744' title='bbox 1220 5391 1273 5445; x_wconf 91' lang='lat' dir='ltr'><strong>in</strong></span> <span class='ocrx_word' id='word_1_745' title='bbox 1300 5391 1451 5446; x_wconf 84' lang='lat' dir='ltr'><strong>zonis</strong></span> <span class='ocrx_word' id='word_1_746' title='bbox 1470 5393 1684 5455; x_wconf 78' lang='lat' dir='ltr'><strong>vestris,</strong></span> <span class='ocrx_word' id='word_1_747' title='bbox 1712 5409 1882 5463; x_wconf 83' lang='lat' dir='ltr'><strong>neque</strong></span> <span class='ocrx_word' id='word_1_748' title='bbox 1906 5408 2091 5463; x_wconf 86' lang='lat' dir='ltr'><strong>peram</strong></span> <span class='ocrx_word' id='word_1_749' title='bbox 2116 5395 2181 5448; x_wconf 93' lang='lat' dir='ltr'><strong>ad</strong></span> <span class='ocrx_word' id='word_1_750' title='bbox 2208 5396 2333 5462; x_wconf 88' lang='lat' dir='ltr'><strong>iter,</strong></span> 
     </span>
    </p>
   </div>
   <div class='ocr_carea' id='block_1_100' title="bbox 760 5483 2333 5553">
    <p class='ocr_par' dir='ltr' id='par_1_100' title="bbox 760 5483 2333 5553">
     <span class='ocr_line' id='line_1_101' title="bbox 760 5483 2333 5553; baseline 0.003 -17"><span class='ocrx_word' id='word_1_751' title='bbox 760 5497 929 5552; x_wconf 85' lang='lat' dir='ltr'><strong>neque</strong></span> <span class='ocrx_word' id='word_1_752' title='bbox 949 5483 1084 5537; x_wconf 85' lang='lat' dir='ltr'><strong>duas</strong></span> <span class='ocrx_word' id='word_1_753' title='bbox 1130 5483 1362 5545; x_wconf 84' lang='lat' dir='ltr'><strong>tunicas,</strong></span> <span class='ocrx_word' id='word_1_754' title='bbox 1389 5497 1563 5552; x_wconf 87' lang='lat' dir='ltr'><strong>neque</strong></span> <span class='ocrx_word' id='word_1_755' title='bbox 1591 5484 1981 5547; x_wconf 85' lang='lat' dir='ltr'><strong>calceamenta.</strong></span> <span class='ocrx_word' id='word_1_756' title='bbox 2006 5498 2182 5553; x_wconf 87' lang='lat' dir='ltr'><strong>neque</strong></span> <span class='ocrx_word' id='word_1_757' title='bbox 2221 5488 2333 5540; x_wconf 89' lang='lat' dir='ltr'><strong>vir-</strong></span> 
     </span>
    </p>
   </div>
   <div class='ocr_carea' id='block_1_101' title="bbox 758 5573 2361 5645">
    <p class='ocr_par' dir='ltr' id='par_1_101' title="bbox 758 5573 2361 5645">
     <span class='ocr_line' id='line_1_102' title="bbox 758 5573 2361 5645; baseline 0.005 -21"><span class='ocrx_word' id='word_1_758' title='bbox 758 5589 877 5641; x_wconf 78' lang='lat' dir='ltr'><strong>gam</strong></span> <span class='ocrx_word' id='word_1_759' title='bbox 899 5595 907 5624; x_wconf 88' lang='lat'>;</span> <span class='ocrx_word' id='word_1_760' title='bbox 930 5574 1118 5643; x_wconf 79' lang='lat' dir='ltr'><strong>dignus</strong></span> <span class='ocrx_word' id='word_1_761' title='bbox 1142 5576 1286 5627; x_wconf 87' lang='lat' dir='ltr'><strong>enim</strong></span> <span class='ocrx_word' id='word_1_762' title='bbox 1308 5573 1687 5643; x_wconf 75' lang='lat' dir='ltr'><strong>estoperarius</strong></span> <span class='ocrx_word' id='word_1_763' title='bbox 1708 5590 1804 5630; x_wconf 85' lang='lat' dir='ltr'><strong>suo</strong></span> <span class='ocrx_word' id='word_1_764' title='bbox 1828 5575 1969 5630; x_wconf 87' lang='lat' dir='ltr'><strong>cibo.</strong></span> <span class='ocrx_word' id='word_1_765' title='bbox 2000 5595 2019 5627; x_wconf 73' lang='grc' dir='ltr'><strong>ι</strong></span> <span class='ocrx_word' id='word_1_766' title='bbox 2041 5575 2230 5645; x_wconf 80' lang='lat' dir='ltr'><strong>Magno</strong></span> <span class='ocrx_word' id='word_1_767' title='bbox 2247 5588 2361 5631; x_wconf 87' lang='lat' dir='ltr'><strong>stu-</strong></span> 
     </span>
    </p>
   </div>
   <div class='ocr_carea' id='block_1_102' title="bbox 764 5760 2335 5841">
    <p class='ocr_par' dir='ltr' id='par_1_102' title="bbox 764 5760 2335 5841">
     <span class='ocr_line' id='line_1_103' title="bbox 764 5760 2335 5841; baseline 0.01 -31"><span class='ocrx_word' id='word_1_768' title='bbox 764 5829 773 5839; x_wconf 38' lang='lat'><strong>.</strong></span> <span class='ocrx_word' id='word_1_769' title='bbox 829 5760 903 5830; x_wconf 82' lang='grc' dir='ltr'>(α)</span> <span class='ocrx_word' id='word_1_770' title='bbox 939 5760 1154 5841; x_wconf 66' lang='lat' dir='ltr'><strong>Videtur</strong></span> <span class='ocrx_word' id='word_1_771' title='bbox 1199 5766 1283 5841; x_wconf 77' lang='lat' dir='ltr'><strong>hic</strong></span> <span class='ocrx_word' id='word_1_772' title='bbox 1323 5768 1581 5823; x_wconf 80' lang='lat' dir='ltr'><strong>interesse</strong></span> <span class='ocrx_word' id='word_1_773' title='bbox 1618 5766 2003 5840; x_wconf 78' lang='lat' dir='ltr'><strong>Tltcophylacti</strong></span> <span class='ocrx_word' id='word_1_774' title='bbox 2048 5774 2335 5841; x_wconf 72' lang='lat' dir='ltr'><strong>primatum</strong></span> 
     </span>
    </p>
   </div>
   <div class='ocr_carea' id='block_1_103' title="bbox 762 5838 2327 5914">
    <p class='ocr_par' dir='ltr' id='par_1_103' title="bbox 762 5838 2327 5914">
     <span class='ocr_line' id='line_1_104' title="bbox 762 5838 2327 5914; baseline 0.008 -29"><span class='ocrx_word' id='word_1_775' title='bbox 762 5838 897 5889; x_wconf 59' lang='lat' dir='ltr'><strong>tatur</strong></span> <span class='ocrx_word' id='word_1_776' title='bbox 930 5840 1201 5905; x_wconf 71' lang='lat' dir='ltr'><strong>apostolus</strong></span> <span class='ocrx_word' id='word_1_777' title='bbox 1231 5838 1388 5893; x_wconf 84' lang='lat' dir='ltr'><strong>l&#39;ettu</strong></span> <span class='ocrx_word' id='word_1_778' title='bbox 1417 5844 1728 5905; x_wconf 53' lang='lat' dir='ltr'><strong>cornetlcte,</strong></span> <span class='ocrx_word' id='word_1_779' title='bbox 1763 5838 1883 5895; x_wconf 80' lang='lat' dir='ltr'><strong>cum</strong></span> <span class='ocrx_word' id='word_1_780' title='bbox 1936 5838 2061 5898; x_wconf 75' lang='lat' dir='ltr'><strong>vere</strong></span> <span class='ocrx_word' id='word_1_781' title='bbox 2100 5847 2327 5914; x_wconf 68' lang='lat' dir='ltr'><strong>dignita-</strong></span> 
     </span>
    </p>
   </div>
   <div class='ocr_carea' id='block_1_104' title="bbox 2435 4646 4017 4718">
    <p class='ocr_par' dir='ltr' id='par_1_104' title="bbox 2435 4646 4017 4718">
     <span class='ocr_line' id='line_1_105' title="bbox 2435 4646 4017 4718; baseline 0.006 -19"><span class='ocrx_word' id='word_1_782' title='bbox 2435 4649 2525 4699; x_wconf 72' lang='grc' dir='ltr'>καὶ</span> <span class='ocrx_word' id='word_1_783' title='bbox 2562 4650 2939 4718; x_wconf 80' lang='grc' dir='ltr'>άκτημοσύνη.</span> <span class='ocrx_word' id='word_1_784' title='bbox 2970 4646 3051 4702; x_wconf 85' lang='grc' dir='ltr'><strong>Τὰ</strong></span> <span class='ocrx_word' id='word_1_785' title='bbox 3080 4651 3174 4702; x_wconf 86' lang='grc' dir='ltr'><strong>δύο</strong></span> <span class='ocrx_word' id='word_1_786' title='bbox 3203 4653 3381 4704; x_wconf 88' lang='grc' dir='ltr'>τοίνυν</span> <span class='ocrx_word' id='word_1_787' title='bbox 3428 4654 3597 4707; x_wconf 81' lang='grc' dir='ltr'>ταῦτα</span> <span class='ocrx_word' id='word_1_788' title='bbox 3628 4652 3859 4706; x_wconf 77' lang='grc' dir='ltr'>ένταῦθα</span> <span class='ocrx_word' id='word_1_789' title='bbox 3903 4655 4017 4709; x_wconf 78' lang='grc' dir='ltr'>δεί-</span> 
     </span>
    </p>
   </div>
   <div class='ocr_carea' id='block_1_105' title="bbox 2434 4741 4015 4817">
    <p class='ocr_par' dir='ltr' id='par_1_105' title="bbox 2434 4741 4015 4817">
     <span class='ocr_line' id='line_1_106' title="bbox 2434 4741 4015 4817; baseline 0.007 -26"><span class='ocrx_word' id='word_1_790' title='bbox 2434 4756 2609 4802; x_wconf 81' lang='grc' dir='ltr'>κνυσι,</span> <span class='ocrx_word' id='word_1_791' title='bbox 2628 4741 2843 4808; x_wconf 79' lang='grc' dir='ltr'>Δωρεὰν</span> <span class='ocrx_word' id='word_1_792' title='bbox 2869 4741 3114 4804; x_wconf 60' lang='grc' dir='ltr'>ἐλάϐετε,</span> <span class='ocrx_word' id='word_1_793' title='bbox 3136 4743 3329 4811; x_wconf 73' lang='grc' dir='ltr'>λέγιιν·</span> <span class='ocrx_word' id='word_1_794' title='bbox 3349 4747 3421 4814; x_wconf 78' lang='grc' dir='ltr'>μὴ</span> <span class='ocrx_word' id='word_1_795' title='bbox 3443 4746 3551 4813; x_wconf 82' lang='grc' dir='ltr'><strong>γὰρ</strong></span> <span class='ocrx_word' id='word_1_796' title='bbox 3568 4745 4015 4817; x_wconf 77' lang='grc' dir='ltr'>ὑψηλοφρονεῖτε.</span> 
     </span>
    </p>
   </div>
   <div class='ocr_carea' id='block_1_106' title="bbox 2435 4831 4019 4913">
    <p class='ocr_par' dir='ltr' id='par_1_106' title="bbox 2435 4831 4019 4913">
     <span class='ocr_line' id='line_1_107' title="bbox 2435 4831 4019 4913; baseline 0.007 -30"><span class='ocrx_word' id='word_1_797' title='bbox 2435 4831 2508 4893; x_wconf 85' lang='grc' dir='ltr'><strong>ὡς</strong></span> <span class='ocrx_word' id='word_1_798' title='bbox 2541 4832 2764 4885; x_wconf 78' lang='grc' dir='ltr'>τοιαῦτα</span> <span class='ocrx_word' id='word_1_799' title='bbox 2792 4834 2970 4900; x_wconf 73' lang='grc' dir='ltr'>ἀγαθὰ</span> <span class='ocrx_word' id='word_1_800' title='bbox 2998 4835 3212 4905; x_wconf 67' lang='grc' dir='ltr'>ἔχοντες</span> <span class='ocrx_word' id='word_1_801' title='bbox 3235 4839 3329 4890; x_wconf 75' lang='grc' dir='ltr'>καὶ</span> <span class='ocrx_word' id='word_1_802' title='bbox 3360 4838 3615 4903; x_wconf 82' lang='grc' dir='ltr'>διδόντες.</span> <span class='ocrx_word' id='word_1_803' title='bbox 3652 4842 3870 4913; x_wconf 80' lang='grc' dir='ltr'>Δωρεὰν</span> <span class='ocrx_word' id='word_1_804' title='bbox 3904 4842 4019 4911; x_wconf 80' lang='grc' dir='ltr'><strong>γάρ</strong></span> 
     </span>
    </p>
   </div>
   <div class='ocr_carea' id='block_1_107' title="bbox 2437 4921 4022 5002">
    <p class='ocr_par' dir='ltr' id='par_1_107' title="bbox 2437 4921 4022 5002">
     <span class='ocr_line' id='line_1_108' title="bbox 2437 4921 4022 5002; baseline 0.008 -29"><span class='ocrx_word' id='word_1_805' title='bbox 2437 4921 2533 4974; x_wconf 76' lang='grc' dir='ltr'>καὶ</span> <span class='ocrx_word' id='word_1_806' title='bbox 2566 4923 2748 4993; x_wconf 86' lang='grc' dir='ltr'>χάριτι</span> <span class='ocrx_word' id='word_1_807' title='bbox 2806 4924 2977 4978; x_wconf 82' lang='grc' dir='ltr'>ταῦτα</span> <span class='ocrx_word' id='word_1_808' title='bbox 3005 4926 3180 4995; x_wconf 81' lang='grc' dir='ltr'>ιχετε,</span> <span class='ocrx_word' id='word_1_809' title='bbox 3244 4928 3377 4981; x_wconf 80' lang='grc' dir='ltr'>ἀλλὰ</span> <span class='ocrx_word' id='word_1_810' title='bbox 3412 4928 3509 4981; x_wconf 81' lang='grc' dir='ltr'>σὺν</span> <span class='ocrx_word' id='word_1_811' title='bbox 3555 4930 3633 5000; x_wconf 85' lang='grc' dir='ltr'>τῷ</span> <span class='ocrx_word' id='word_1_812' title='bbox 3660 4947 4022 5002; x_wconf 84' lang='grc' dir='ltr'>ταπεινοφρο-</span> 
     </span>
    </p>
   </div>
   <div class='ocr_carea' id='block_1_108' title="bbox 2438 5016 4019 5094">
    <p class='ocr_par' dir='ltr' id='par_1_108' title="bbox 2438 5016 4019 5094">
     <span class='ocr_line' id='line_1_109' title="bbox 2438 5016 4019 5094; baseline 0.006 -29"><span class='ocrx_word' id='word_1_813' title='bbox 2438 5016 2568 5078; x_wconf 84' lang='grc' dir='ltr'>νεῖν,</span> <span class='ocrx_word' id='word_1_814' title='bbox 2593 5018 2685 5068; x_wconf 81' lang='grc' dir='ltr'>καὶ</span> <span class='ocrx_word' id='word_1_815' title='bbox 2706 5016 3139 5087; x_wconf 80' lang='grc' dir='ltr'>ἀφιλοχρήματοι</span> <span class='ocrx_word' id='word_1_816' title='bbox 3159 5019 3405 5086; x_wconf 79' lang='grc' dir='ltr'>γένεσθε.</span> <span class='ocrx_word' id='word_1_817' title='bbox 3440 5023 3660 5091; x_wconf 83' lang='grc' dir='ltr'>Δωρεὰν</span> <span class='ocrx_word' id='word_1_818' title='bbox 3693 5024 3820 5094; x_wconf 83' lang='grc' dir='ltr'>γὰρ.</span> <span class='ocrx_word' id='word_1_819' title='bbox 3859 5026 4019 5093; x_wconf 81' lang='grc' dir='ltr'>φησὶ,</span> 
     </span>
    </p>
   </div>
   <div class='ocr_carea' id='block_1_109' title="bbox 2436 5106 4016 5183">
    <p class='ocr_par' dir='ltr' id='par_1_109' title="bbox 2436 5106 4016 5183">
     <span class='ocr_line' id='line_1_110' title="bbox 2436 5106 4016 5183; baseline 0.004 -25"><span class='ocrx_word' id='word_1_820' title='bbox 2436 5106 2576 5160; x_wconf 82' lang='grc' dir='ltr'>δότε.</span> <span class='ocrx_word' id='word_1_821' title='bbox 2611 5108 2946 5177; x_wconf 85' lang='grc' dir='ltr'>Ἰἐλεώτερον</span> <span class='ocrx_word' id='word_1_822' title='bbox 2975 5108 3032 5162; x_wconf 62' lang='grc' dir='ltr'><strong>δέ</strong></span> <span class='ocrx_word' id='word_1_823' title='bbox 3058 5110 3318 5164; x_wconf 79' lang='grc' dir='ltr'>ἀνασπῶν</span> <span class='ocrx_word' id='word_1_824' title='bbox 3346 5111 3445 5182; x_wconf 79' lang='grc' dir='ltr'>τὴν</span> <span class='ocrx_word' id='word_1_825' title='bbox 3478 5113 3636 5183; x_wconf 78' lang='grc' dir='ltr'>ῥίζαν</span> <span class='ocrx_word' id='word_1_826' title='bbox 3664 5115 3882 5168; x_wconf 60' lang='grc' dir='ltr'>πάντων</span> <span class='ocrx_word' id='word_1_827' title='bbox 3906 5114 4016 5168; x_wconf 81' lang='grc' dir='ltr'><strong>τῶν</strong></span> 
     </span>
    </p>
   </div>
   <div class='ocr_carea' id='block_1_110' title="bbox 2440 5196 2873 5267">
    <p class='ocr_par' dir='ltr' id='par_1_110' title="bbox 2440 5196 2873 5267">
     <span class='ocr_line' id='line_1_111' title="bbox 2440 5196 2873 5267; baseline 0.007 -21"><span class='ocrx_word' id='word_1_828' title='bbox 2440 5196 2643 5261; x_wconf 75' lang='grc' dir='ltr'>κακῶν,</span> <span class='ocrx_word' id='word_1_829' title='bbox 2676 5198 2839 5267; x_wconf 83' lang='grc' dir='ltr'>φησίν</span> <span class='ocrx_word' id='word_1_830' title='bbox 2861 5215 2873 5262; x_wconf 74' lang='grc' dir='ltr'><em>ζ</em></span> 
     </span>
    </p>
   </div>
   <div class='ocr_carea' id='block_1_111' title="bbox 2512 5311 4017 5387">
    <p class='ocr_par' dir='ltr' id='par_1_111' title="bbox 2512 5311 4017 5387">
     <span class='ocr_line' id='line_1_112' title="bbox 2512 5311 4017 5387; baseline 0.006 -26"><span class='ocrx_word' id='word_1_831' title='bbox 2512 5329 2530 5360; x_wconf 78' lang='grc' dir='ltr'><strong>ι</strong></span> <span class='ocrx_word' id='word_1_832' title='bbox 2560 5311 2648 5381; x_wconf 78' lang='grc' dir='ltr'><strong>Μὴ</strong></span> <span class='ocrx_word' id='word_1_833' title='bbox 2679 5313 2953 5384; x_wconf 78' lang='grc' dir='ltr'>κτήσησθε</span> <span class='ocrx_word' id='word_1_834' title='bbox 2981 5314 3200 5384; x_wconf 78' lang='grc' dir='ltr'>χρυσὸν,</span> <span class='ocrx_word' id='word_1_835' title='bbox 3229 5315 3364 5386; x_wconf 64' lang='grc' dir='ltr'>μηδὲ</span> <span class='ocrx_word' id='word_1_836' title='bbox 3385 5314 3652 5385; x_wconf 75' lang='grc' dir='ltr'>ἀργυρον,</span> <span class='ocrx_word' id='word_1_837' title='bbox 3688 5316 3824 5387; x_wconf 64' lang='grc' dir='ltr'>μηδέ</span> <span class='ocrx_word' id='word_1_838' title='bbox 3880 5316 4017 5387; x_wconf 82' lang='grc' dir='ltr'>χαλ-</span> 
     </span>
    </p>
   </div>
   <div class='ocr_carea' id='block_1_112' title="bbox 2440 5401 4019 5480">
    <p class='ocr_par' dir='ltr' id='par_1_112' title="bbox 2440 5401 4019 5480">
     <span class='ocr_line' id='line_1_113' title="bbox 2440 5401 4019 5480; baseline 0.006 -28"><span class='ocrx_word' id='word_1_839' title='bbox 2440 5401 2531 5453; x_wconf 72' lang='grc' dir='ltr'><strong>κὸν</strong></span> <span class='ocrx_word' id='word_1_840' title='bbox 2554 5404 2632 5464; x_wconf 80' lang='grc' dir='ltr'><strong>είς</strong></span> <span class='ocrx_word' id='word_1_841' title='bbox 2662 5403 2758 5467; x_wconf 74' lang='grc' dir='ltr'><strong>τὰς</strong></span> <span class='ocrx_word' id='word_1_842' title='bbox 2785 5404 2961 5468; x_wconf 77' lang='grc' dir='ltr'>ζώνας</span> <span class='ocrx_word' id='word_1_843' title='bbox 2991 5405 3168 5475; x_wconf 84' lang='grc' dir='ltr'>ὑμῶν,</span> <span class='ocrx_word' id='word_1_844' title='bbox 3220 5408 3295 5476; x_wconf 84' lang='grc' dir='ltr'>μὴ</span> <span class='ocrx_word' id='word_1_845' title='bbox 3344 5408 3528 5479; x_wconf 80' lang='grc' dir='ltr'>πήραν</span> <span class='ocrx_word' id='word_1_846' title='bbox 3586 5410 3665 5473; x_wconf 80' lang='grc' dir='ltr'><strong>είς</strong></span> <span class='ocrx_word' id='word_1_847' title='bbox 3695 5408 3833 5474; x_wconf 73' lang='grc' dir='ltr'>ὁδὸν,</span> <span class='ocrx_word' id='word_1_848' title='bbox 3883 5409 4019 5480; x_wconf 67' lang='grc' dir='ltr'>μηδὲ</span> 
     </span>
    </p>
   </div>
   <div class='ocr_carea' id='block_1_113' title="bbox 2438 5489 4021 5569">
    <p class='ocr_par' dir='ltr' id='par_1_113' title="bbox 2438 5489 4021 5569">
     <span class='ocr_line' id='line_1_114' title="bbox 2438 5489 4021 5569; baseline 0.006 -28"><span class='ocrx_word' id='word_1_849' title='bbox 2438 5489 2530 5543; x_wconf 91' lang='grc' dir='ltr'><strong>δύο</strong></span> <span class='ocrx_word' id='word_1_850' title='bbox 2559 5492 2814 5560; x_wconf 80' lang='grc' dir='ltr'>χιτῶνας,</span> <span class='ocrx_word' id='word_1_851' title='bbox 2867 5495 3003 5563; x_wconf 69' lang='grc' dir='ltr'>μηδὲ</span> <span class='ocrx_word' id='word_1_852' title='bbox 3034 5496 3380 5565; x_wconf 80' lang='grc' dir='ltr'>ὑποδήματα,</span> <span class='ocrx_word' id='word_1_853' title='bbox 3416 5498 3551 5567; x_wconf 62' lang='grc' dir='ltr'>μηδὲ</span> <span class='ocrx_word' id='word_1_854' title='bbox 3584 5497 3811 5569; x_wconf 75' lang='grc' dir='ltr'>ῥάϐδους</span> <span class='ocrx_word' id='word_1_855' title='bbox 3869 5500 4021 5565; x_wconf 72' lang='grc' dir='ltr'>ἂξιος</span> 
     </span>
    </p>
   </div>
   <div class='ocr_carea' id='block_1_114' title="bbox 2438 5586 4022 5658">
    <p class='ocr_par' dir='ltr' id='par_1_114' title="bbox 2438 5586 4022 5658">
     <span class='ocr_line' id='line_1_115' title="bbox 2438 5586 4022 5658; baseline 0.004 -24"><span class='ocrx_word' id='word_1_856' title='bbox 2438 5591 2548 5650; x_wconf 75' lang='grc' dir='ltr'><strong>γαρ</strong></span> <span class='ocrx_word' id='word_1_857' title='bbox 2579 5588 2605 5636; x_wconf 96' lang='lat'><strong>6</strong></span> <span class='ocrx_word' id='word_1_858' title='bbox 2630 5586 2867 5655; x_wconf 77' lang='grc' dir='ltr'>ἐργάτης</span> <span class='ocrx_word' id='word_1_859' title='bbox 2899 5589 2996 5656; x_wconf 78' lang='grc' dir='ltr'>τῆς</span> <span class='ocrx_word' id='word_1_860' title='bbox 3026 5588 3230 5658; x_wconf 76' lang='grc' dir='ltr'>τροφῆς</span> <span class='ocrx_word' id='word_1_861' title='bbox 3260 5588 3425 5642; x_wconf 78' lang='grc' dir='ltr'>αὐτοῦ</span> <span class='ocrx_word' id='word_1_862' title='bbox 3455 5589 3626 5643; x_wconf 64' lang='grc' dir='ltr'>ἐστιν.</span> <span class='ocrx_word' id='word_1_863' title='bbox 3658 5608 3679 5642; x_wconf 75' lang='grc' dir='ltr'><strong>ι</strong></span> <span class='ocrx_word' id='word_1_864' title='bbox 3726 5590 3817 5654; x_wconf 71' lang='lat' dir='ltr'><strong>Et;</strong></span> <span class='ocrx_word' id='word_1_865' title='bbox 3837 5592 4022 5644; x_wconf 64' lang='grc' dir='ltr'>πᾶσαν</span> 
     </span>
    </p>
   </div>
   <div class='ocr_carea' id='block_1_115' title="bbox 2448 5778 4026 5881">
    <p class='ocr_par' dir='ltr' id='par_1_115' title="bbox 2448 5778 4026 5881">
     <span class='ocr_line' id='line_1_116' title="bbox 2448 5778 4026 5881; baseline 0.008 -56"><span class='ocrx_word' id='word_1_866' title='bbox 2448 5786 2553 5829; x_wconf 67' lang='lat' dir='ltr'><strong>teat</strong></span> <span class='ocrx_word' id='word_1_867' title='bbox 2603 5778 2847 5881; x_wconf 73' lang='lat' dir='ltr'><strong>absolute</strong></span> <span class='ocrx_word' id='word_1_868' title='bbox 2898 5796 3002 5835; x_wconf 83' lang='lat' dir='ltr'><strong>non</strong></span> <span class='ocrx_word' id='word_1_869' title='bbox 3060 5782 3397 5838; x_wconf 78' lang='lat' dir='ltr'><strong>vocationem</strong></span> <span class='ocrx_word' id='word_1_870' title='bbox 3460 5792 3767 5853; x_wconf 83' lang='lat' dir='ltr'><strong>spectarent</strong></span> <span class='ocrx_word' id='word_1_871' title='bbox 3826 5779 4026 5851; x_wconf 66' lang='lat' dir='ltr'><strong>ubique</strong></span> 
     </span>
    </p>
   </div>
   <div class='ocr_carea' id='block_1_116' title="bbox 2438 5863 2799 5917">
    <p class='ocr_par' dir='ltr' id='par_1_116' title="bbox 2438 5863 2799 5917">
     <span class='ocr_line' id='line_1_117' title="bbox 2438 5863 2799 5917; baseline 0.003 -17"><span class='ocrx_word' id='word_1_872' title='bbox 2438 5866 2467 5900; x_wconf 81' lang='lat' dir='ltr'><strong>e</strong></span> <span class='ocrx_word' id='word_1_873' title='bbox 2485 5882 2488 5889; x_wconf 62' lang='grc' dir='ltr'><strong>ι</strong></span> <span class='ocrx_word' id='word_1_874' title='bbox 2507 5863 2799 5917; x_wconf 63' lang='lat' dir='ltr'><strong>angettstx.</strong></span> 
     </span>
    </p>
   </div>
  </div>
