4288 6444
339 414 450 476 ΞῗΠ

1017 412 1466 474 ENARBATIO
1504 410 1585 472 IN
1624 405 2128 472 EVANGELIUM
2156 408 2539 468 MATTIl/EI.
2574 434 2634 445 ·-
2665 409 2821 470 CAP.
2859 410 2930 468 X.

3483 407 3589 470 ass
3653 391 3656 394 ’

337 541 631 596 ακριοειαν
684 522 881 584 αὐτοὺς
932 521 1221 592 γυμνάζει,
1275 523 1364 575 διά
1394 521 1553 575 τοῦτο
1595 521 1919 589 ἀπερίττους
1950 527 1994 580 Α

1958 527 1994 580 Α
2023 518 2111 571 dio
2141 530 2236 570 eos
2265 523 2502 579 exercet,
2543 525 2594 569 et
2627 524 2907 584 propterea
2958 512 3138 568 omnia
3183 515 3252 568 ab
3287 515 3370 568 bis
3401 530 3587 583 snper-

338 617 541 676 αὑτοὺς
579 612 856 674 παντελῶς
909 611 1079 664 ποιῶν
1120 613 1230 664 ’καὶ
1257 613 1619 682 ἀμερίμνους,
1671 609 1793 663 οὐδὲ
1825 609 1919 678 ῥά-

2019 605 2124 660 ﬂua
2153 605 2350 668 aufert.
2370 617 2425 658 et
2455 620 2616 659 curas
2659 608 2739 659 eis
2777 606 2988 660 adimit.
3013 605 3145 660 Nam
3175 618 3352 673 neque
3386 606 3590 675 virgam

338 706 499 767 ϐδους
533 705 812 772 συγχωρεῖ
831 702 998 772 ἔχειν.
1024 703 1198 757 Τοῦτο
1227 703 1390 773 γάρή
1416 702 1653 773 ἀκριϐής
1677 702 1920 770 ἀκτημο-

2018 711 2114 752 eos
2143 697 2343 751 habere
2390 696 2539 759 sinit,
2567 698 2712 763 quod
2762 708 2968 752 exacta:
3023 696 3356 766 paupertatis
3386 707 3469 752 est
3500 703 3594 749 :et

339 799 506 864 σύνη,
552 794 784 846 ποιοῦσα
824 793 1179 847 πιστεύεσθαι
1223 794 1315 847 τὸν
1346 797 1475 864 περὶ
1536 791 1921 862 ἀκτημοσύνης

2011 791 2213 859 dignos
2236 787 2340 844 ﬁde
2372 789 2500 843 facit
2528 804 2640 852 eos,
2658 790 2748 858 qui
2767 801 3136 857 paupertatem
3165 791 3413 844 doceant.
3433 788 3564 844 Dein
3582 820 3594 829 -

339 886 681 954 διδάσκοντα.
723 880 858 937 Εἶτα
893 884 979 937 ἵνα
1006 885 1080 954 μὴ
1104 883 1325 952 λέγωσι,
1361 885 1532 939 Πόθεν
1557 879 1921 953 διατραφησό·

341 975 522 1043 suos;
555 975 754 1043 φησιν’
794 993 814 1026 ι
847 974 1030 1039 Ἄξιος
1061 978 1091 1028 ὁ
1143 975 1384 1043 ὲρτάτης
1430 973 1531 1042 τῆς
1567 973 1776 1042 τροφῆς
1823 973 1924 1026 αὐ-

337 1063 460 1124 τοῦ,
501 1082 522 1114 ι
586 1063 886 1126 τουτέστιν,
941 1066 1006 1117 ὲκ
1061 1063 1173 1115 τῶν
1239 1061 1500 1132 μαθητῶν
1549 1061 1920 1133 τραφήσεσθε.

343 1153 697 1222 Χρεωστοῦσι
726 1155 835 1224 γὰρ
863 1156 1022 1207 τοῦτο
1051 1154 1180 1221 ὑμῖν
1213 1153 1289 1215 ὡς
1311 1155 1588 1222 ἐργάταις.
1617 1153 1837 1224 Τροφῆς
1866 1152 1923 1204 δὲ

341 1239 521 1311 εἶπεν,
542 1248 604 1296 οὐ
627 1245 860 1315 τρυφῆς.
887 1243 966 1297 Ού
1014 1246 1124 1312 γὰρ
1152 1244 1234 1298 δεῖ
1269 1245 1481 1316 τρυφᾷν
1511 1244 1635 1309 τοὺς
1659 1244 1884 1297 διδασκά
1902 1271 1925 1284 -

343 1336 494 1398 λους.

422 1445 440 1478 ι
479 1428 570 1487 Εἰς
603 1413 670 1496 ἢν
695 1426 741 1478 δ’
789 1425 856 1478 ἂν
890 1426 1046 1479 πόλιν
1085 1425 1342 1496 ήκώμην
1379 1423 1684 1497 εἰσέλθητε,
1738 1423 1926 1491 ἐξετά-

341 1532 477 1568 σατε
527 1517 612 1579 τίς
664 1519 722 1569 εν
750 1517 890 1586 αὐτῇ
930 1518 1082 1582 ἄξιός
1119 1519 1258 1583 ἐστι,
1284 1518 1448 1571 κάκεῖ
1477 1517 1698 1587 μείνατε
1720 1519 1824 1582 ἓως
1858 1518 1926 1572 ἂν

339 1611 619 1680 ἐξέλθητε.
669 1632 687 1663 ι
745 1615 859 1667 Οὐκ
913 1615 993 1677 είς
1032 1615 1240 1677 πάντας
1289 1615 1502 1668 κελεύει
1527 1613 1808 1685 ἔρχεσθαι,
1839 1615 1926 1668 ίνα

343 1704 422 1774 μὴ
449 1706 560 1766 τοῖς
592 1705 832 1772 ἀναξίοις
867 1706 1213 1777 μιγνύμενοι,
1237 1703 1632 1761 διαϐάλλωνται
1655 1724 1669 1738 υ
1696 1706 1792 1759 ἐὰν
1818 1705 1928 1775 γὰρ

339 1797 424 1857 είς
457 1795 583 1854 τοὺς
618 1797 801 1862 ἀξίους
830 1798 1024 1866 μόνους
1071 1796 1364 1869 ῐρχωνται,
1409 1794 1629 1857 πάντως
1664 1797 1760 1848 καὶ
1807 1796 1921 1848 δια·

337 1888 733 1954 τραφήσονται.
765 1888 996 1940 Κελεύει
1024 1889 1080 1940 δὲ
1134 1888 1485 1959 προσμένειν,
1521 1887 1616 1940 καὶ
1650 1882 1726 1955 μὴ
1748 1885 1925 1937 οἰκίαν

339 1973 403 2036 ἐξ
430 1974 607 2034 οίκίας
637 1973 909 2042 ἀμείϐειν,
941 1974 1033 2026 ἵνα
1063 1974 1138 2045 μὴ
1173 1974 1249 2036 ὡς
1275 1972 1684 2043 γαστρίμαργοι
1711 1971 1927 2041 ψέγων-

336 2078 451 2128 tut,
489 2064 580 2118 καὶ
617 2057 812 2129 δόξωσι
832 2067 958 2127 τοὺς
985 2065 1203 2136 πρῶτον
1227 2064 1559 2134 δεξαμένους
1582 2063 1850 2134 ὑϐρίζειν.

420 2173 438 2204 ι
476 2154 864 2225 Είσερχόμενοι
911 2155 968 2208 δι
995 2156 1076 2218 είς
1113 2155 1216 2224 τὴν
1243 2154 1447 2217 οίκίαν,
1472 2138 1796 2207 ἀσπάσασθε
1823 2146 1923 2205 αύ-

337 2245 463 2314 την.
492 2246 740 2312 λέγοντες
759 2261 775 2276 ⁶
830 2247 1038 2316 Εέρὴνη
1065 2245 1144 2316 τῷ
1170 2245 1305 2316 οἴκῳ
1325 2244 1502 2313 τούτῳ
1520 2226 1544 2273 θ’
1570 2245 1666 2296 καὶ
1693 2241 1790 2295 ἐὰν
1825 2241 1925 2310 μὲν

342 2333 377 2407 ᾗ
417 2339 451 2403 ή
476 2337 623 2389 οίκία
667 2338 814 2402 ἀξία,
871 2337 1075 2390 ἐλθέτω
1112 2339 1146 2407 ή
1175 2338 1380 2407 -είρήνη
1434 2333 1589 2404 ὑμῶν
1617 2335 1704 2386 ἐπ’
1729 2334 1920 2404 αὐτὴν.

341 2429 442 2479 ἐὰν
460 2427 515 2480 δὲ
541 2425 617 2497 μὴ
696 2426 842 2491 ἀξία,
863 2427 897 2496 ἡ
927 2427 1121 2497 εἰρήνη
1147 2427 1300 2496 ὑμῶν
1321 2425 1460 2496 πρὸς
1491 2424 1636 2493 ὑμᾶς
1659 2423 1925 2492 ιπιστρα-

337 2521 515 2589 φήτω.
560 2538 580 2570 ι
628 2519 945 2589 ’Δσπασμδν
968 2515 1066 2572 καὶ
1097 2520 1320 2589 εἰρήνην
1369 2517 1472 2588 τὴν
1505 2516 1760 2583 εὐλογίαν
1790 2512 1922 2578 νόει,

334 2609 461 2680 ἥτις
484 2610 794 2681 παραμένει
817 2609 1001 2681 μόνοις
1023 2613 1139 2674 τοῖς
1161 2606 1338 2674 ἀξίοις
1359 2625 1374 2640 ”
1434 2607 1576 2679 μάθε
1603 2606 1697 2661 οὖν
1735 2607 1922 2661 ἐντεύ-

339 2702 431 2751 σεν
466 2701 549 2752 ὅτι
585 2701 823 2767 μάλιστα
841 2701 912 2754 τά
944 2700 1190 2770 ήμότερα
1213 2700 1349 2769 ἔργα
1374 2698 1692 2769 εὐλογοῦσιν
1716 2699 1884 2770 ἡμᾶς.

418 2809 436 2840 ι
469 2790 580 2843 Καὶ
600 2791 660 2852 ὃς
691 2790 756 2844 ἂν
788 2790 864 2860 μὴ
883 2790 1106 2860 δέξηται
1147 2790 1314 2860 ὑμᾶς,
1365 2783 1503 2859 μηδὲ
1555 2788 1770 2857 ἀκούσῃ
1796 2789 1925 2848 τοὺς

340 2880 534 2946 λόγους
559 2881 736 2949 ὑμῶν,
765 2880 1112 2951 ἐξερχόμενοι
1171 2880 1271 2950 τῆς
1317 2881 1494 2942 οικίας
1524 2879 1558 2949 ἢ
1591 2880 1691 2948 τῆς
1718 2879 1924 2940 πόλεως

337 2971 580 3040 ἐκείνης,
615 2970 934 3035 ἐκτινάξατε
958 2971 1052 3023 τδν
1083 2969 1362 3040 κονιορτὸν
1385 2970 1497 3024 τῶν
1519 2969 1695 3023 ποδῶν
1742 2969 1917 3040 ὑμῶν.

351 3068 528 3135 Ἀμὴν
551 3066 694 3133 λέγω
727 3066 856 3136 ὑμῖν
878 3065 1236 3137 ἀνεκτότερον
1275 3065 1429 3120 ἔσται
1454 3069 1525 3136 γῇ
1557 3064 1805 3136 Σοδόμων
1826 3065 1925 3120 καὶ

337 3157 634 3228 Γομόρρων
654 3159 712 3209 iv
742 3158 927 3229 ήμιρα
959 3160 1217 3227 κρίσεως,
1259 3157 1389 3227 ﬁt?)
1442 3157 1597 3210 πόλει
1650 3158 1859 3228 ἐκείνῃ.
1896 3177 1916 3210 ι
1949 3200 1995 3260 c

349 3245 725 3300 Ἐκτινάσσειν
776 3245 1024 3316 βούλεται
1079 3246 1171 3298 τὸν
1223 3245 1524 3315 κονιορτὸν,
1553 3244 1922 3310 δεικνύοντας,

337 3340 419 3390 ὃτι
440 3337 594 3391 οὐδὲν
620 3336 812 3391 ἔλαϐον
840 3338 1071 3403 ὲκείθεν,
1095 3335 1182 3390 διὰ
1203 3337 1304 3408 τὴν
1341 3335 1627 3391 ἀπείθειαν
1648 3336 1850 3402 αὐτῶν,
1887 3335 1920 3408 ἢ

337 3427 481 3480 ὥστε
544 3429 847 3500 μαρτύριον
911 3426 1050 3483 εἶναι
1115 3430 1212 3500 τῆς
1255 3422 1473 3498 μακρᾶς
1522 3427 1830 3499 ὁδοιπορίας
1858 3429 1926 3498 ήν

338 3523 618 3586 ἐϐάδισαν,
649 3523 745 3576 καὶ
765 3524 963 3586 αὐτοὺς
986 3524 1087 3576 οὐκ
1116 3523 1428 3590 ὠφέλησαν⁸
1453 3523 1807 3592 ἀνεκτότερον
1832 3518 1928 3577 οὖν

338 3608 496 3668 εέται
515 3616 630 3677 τοῖς
658 3614 935 3685 Σοδόμοις,
966 3615 1000 3683 ἡ
1033 3616 1148 3676 τοῖς
1176 3611 1488 3676 ἀπειθοῦσι,
1511 3611 1648 3666 διότι
1691 3613 1740 3666 οί
1771 3613 1926 3666 Σοδο-

342 3708 496 3775 μῖται
532 3705 772 3760 ἐνταῦθα
797 3704 1177 3770 κολασθέντες,
1213 3706 1331 3758 ἐκεῖ
1363 3703 1731 3776 μετριώτερον
1761 3704 1929 3758 κολαδ

339 3796 656 3864 σθήσονται.

416 3910 435 3941 ι
479 3891 611 3944 Ἰδοὺ
637 3890 751 3960 ἐγὼ
781 3891 1098 3944 ἀποστέλλω
1124 3889 1270 3960 ὑμᾶς
1301 3889 1377 3954 ὡς
1406 3890 1655 3962 πρόϐατα
1681 3891 1739 3942 ιν
1774 3888 1927 3959 μέσῳ

336 3981 539 4036 λύκων.
592 4000 612 4033 ι
667 3981 1031 4036 Καθὼπλισεν
1103 3983 1304 4045 αὐτοὺς
1381 3981 1658 4052 σημείοις,
1707 3981 1933 4051 εποίησε

338 4074 563 4144 θαρρεῖν
591 4075 722 4142 περὶ
751 4073 852 4142 τῆς
879 4072 1110 4143 τροφῆς,
1127 4073 1227 4135 τὰς
1254 4073 1364 4125 τῶν
1388 4071 1556 4137 ἀξίων
1579 4071 1796 4138 ἀνοίξας
1826 4070 1925 4125 θύ-

339 4180 461 4233 ρας.
489 4163 655 4231 Λέγει
686 4164 783 4219 νῦν
809 4165 906 4218 καὶ
926 4166 997 4218 τά
1047 4165 1443 4236 συμϐησόμενα
1470 4164 1641 4229 δεινὰ,
1663 4165 1764 4235 τὴν
1790 4164 1927 4235 πρό-

337 4271 542 4322 γνωσιν
572 4255 807 4319 δεικνύς,
836 4256 1252 4327 Παραμυθεῖται
1268 4256 1348 4322 δὲ,
1371 4254 1460 4308 διὰ
1483 4254 1579 4308 τοῦ
1600 4253 1731 4324 ἐγώ.
1766 4255 1926 4324 Ἐγὼ,

337 4345 530 4415 φησιν,
559 4348 588 4398 6
631 4348 913 4418 κραταιός.
972 4347 1135 4399 Ὥστε
1167 4346 1425 4418 θαρρεῖτε
1455 4362 1468 4376 ⁸
1503 4347 1796 4416 ἀχείρωτοι
1820 4348 1930 4418 γάρ

338 4437 553 4492 εσεσοε.
603 4439 920 4508 Ἑτοιμάζει
951 4439 1010 4492 δὲ
1045 4440 1246 4500 αὐτοὺς
1275 4437 1412 4509 πρὸς
1453 4439 1516 4491 τὸ
1545 4438 1778 4508 πάσχειν
1803 4453 1818 4468 ⁸
1855 4439 1933 4501 ὡς

2020 879 2088 933 de
2103 892 2172 933 ne
2187 879 2392 941 dicant,
2411 876 2694 944 Quomodo
2714 876 3101 931 educabimur?
3120 878 3290 947 inquit
3311 895 3324 932 :
3347 894 3366 928 ι
3392 876 3596 945 Dignus

2022 977 2106 1022 est
2132 969 2416 1037 operarius
2445 969 2567 1024 cibo
2595 982 2716 1034 suo,
2746 985 2765 1018 ι
2799 963 2904 1021 hoc
2929 976 3036 1032 est,
3055 982 3085 1020 ε
3112 968 3389 1038 discipulis
3413 983 3597 1037 pasce-

2022 1058 2177 1112 mini.
2198 1056 2482 1114 Debebunt
2523 1059 2668 1114 enim
2719 1059 2822 1113 hoc
2864 1055 3019 1112 vobis
3052 1067 3109 1112 ut
3138 1060 3425 1126 operariis.
3450 1058 3596 1112 Dixit

2023 1156 2203 1202 autem
2237 1146 2384 1214 cibo,
2410 1164 2512 1203 non
2543 1147 2695 1205 luxu.
2713 1149 2896 1219 Neque
2926 1148 3071 1203 enim
3113 1148 3352 1202 deliciari
3383 1157 3598 1219 oportet

2023 1235 2296 1292 doctores.

2098 1414 2263 1475 Vens.
2287 1418 2376 1475 ll.
2409 1439 2428 1472 ι
2459 1416 2514 1474 In
2545 1432 2924 1490 quamcunque
2972 1419 3251 1478 civitatem
3298 1422 3382 1477 vel
3417 1424 3594 1476 vicum

2027 1510 2240 1567 fueritis
2292 1514 2544 1581 ingressi,
2620 1514 2893 1584 exquirite
2949 1515 3072 1584 quis
3137 1516 3188 1569 in
3267 1527 3330 1569 ea
3406 1515 3602 1584 dignus

2026 1603 2134 1659 sit:
2163 1615 2325 1673 atque
2370 1605 2479 1659 illic
2533 1617 2766 1669 manete,
2810 1607 2982 1660 donec
3036 1609 3265 1662 exeatis.
3306 1626 3325 1659 ι
3363 1606 3479 1662 Non
3535 1611 3600 1660 ad

2026 1704 2215 1748 Omnes
2239 1694 2402 1763 jussit
2431 1697 2531 1760 ire,
2556 1710 2625 1749 ne
2656 1689 2800 1749 misti
2832 1695 3069 1766 indignis
3101 1709 3416 1768 arguantur.
3466 1697 3600 1752 Nam

2027 1778 2074 1832 si
2123 1777 2191 1831 ad
2236 1779 2384 1834 solos
2427 1782 2623 1850 dignos
2687 1782 2870 1846 ierint,
2912 1784 3137 1838 omnino
3188 1796 3243 1840 et
3292 1798 3600 1853 pascentur.

1958 1850 2002 1907 Β
2028 1866 2189 1923 Jubet
2211 1872 2391 1924 autem
2423 1885 2662 1936 manere,
2686 1884 2742 1927 et
2772 1888 2877 1927 non
2909 1867 2975 1928 de
3006 1876 3233 1931 domoin
3253 1879 3470 1932 domum
3501 1879 3601 1939 ire,

2034 1979 2100 2020 ne
2150 1975 2404 2036 tanquam
2438 1967 2610 2038 gulosi
2649 1971 2792 2024 male
2821 1971 3064 2038 audiant,
3087 1983 3141 2028 et
3178 1975 3460 2030 videantur
3497 1977 3607 2046 prio

2034 2072 2152 2112 mos
2185 2060 2277 2127 qui
2310 2069 2683 2127 susceperant.
2711 2061 2906 2130 injuria
2939 2063 3176 2121 allicere.

2101 2148 2266 2203 Vens.
2290 2145 2380 2214 12,
2408 2150 2495 2207 l3.
2522 2170 2541 2202 ι
2581 2152 2713 2206 Cum
2740 2164 2922 2208 autem
2949 2157 3225 2213 iutrabitis
3247 2158 3491 2219 domum.
3514 2174 3606 2213 sa-

2034 2240 2272 2296 lutabitis
2293 2239 2436 2295 illam
2457 2243 2702 2300 dicentes
2721 2263 2733 2298 :
2750 2240 2861 2301 Pax
2878 2247 3005 2302 huic
3022 2248 3203 2304 domui
3221 2270 3235 2305 :
3251 2263 3305 2306 et
3324 2253 3370 2306 si
3388 2254 3603 2321 quidem

2032 2329 2594 2404 fueritdomusdigna,
2621 2339 2800 2390 veniat
2818 2353 2920 2407 pax
2939 2349 3113 2394 vestra
3133 2356 3293 2412 supra
3319 2343 3466 2397 illam
3490 2346 3607 2399 :sin

2034 2422 2210 2475 minus
2232 2418 2394 2478 fuerit
2417 2425 2601 2494 digna,
2651 2441 2754 2495 pax
2780 2440 2960 2483 vestra
2989 2432 3056 2485 ad
3091 2446 3184 2486 vos
3218 2446 3540 2491 revertatur.
3583 2457 3602 2487 ι

2032 2509 2136 2566 Per
2161 2511 2543 2569 salutationem
2566 2523 2620 2572 et
2638 2532 2846 2586 pacem,
2866 2519 3296 2578 benedictionem
3323 2524 3561 2596 intellige
3587 2566 3605 2592 .

2029 2620 2153 2674 quae
2213 2608 2354 2676 apud
2407 2607 2555 2662 solos
2607 2610 2800 2679 dignos
2852 2623 3054 2668 manet.
3098 2613 3257 2670 Disce
3308 2616 3472 2686 igitur
3508 2620 3608 2674 hoc

2032 2700 2152 2753 loco
2195 2701 2337 2769 quod
2391 2713 2572 2756 nostra
2625 2703 2857 2760 maxime
2905 2721 3070 2776 opera
3120 2723 3222 2762 nos
3266 2709 3606 2765 benedicant.

2105 2789 2267 2843 Vens.
2311 2790 2398 2854 ιι,
2427 2791 2512 2844 15.
2570 2811 2589 2843 ε
2631 2793 2694 2845 Ει
2718 2796 3030 2865 quicunque
3061 2812 3166 2850 non
3197 2800 3472 2866 exceperit
3491 2815 3605 2864 vos,

2035 2895 2208 2949 neque
2233 2882 2467 2936 audierit
2511 2897 2794 2938 sermones
2839 2898 3073 2950 vestros,
3099 2900 3360 2944 exeuntes
3387 2906 3452 2945 ex
3483 2894 3610 2947 aedi-

2035 2968 2134 3023 bus
2165 2979 2260 3024 aut
2283 2970 2505 3025 civitate
2533 2971 2641 3037 illa,
2665 2974 2908 3029 excutite
2955 2974 3070 3045 48
3111 2976 3384 3045 pulverem
3414 2983 3610 3048 pedum

2033 3074 2360 3120 vestrorum.
2385 3068 2554 3120 Amen
2588 3064 2710 3120 dico
2749 3067 2921 3132 vobis.
2955 3071 3293 3126 tolerabilius
3318 3075 3423 3128 erit
3455 3084 3612 3129 terra:

2035 3153 2392 3210 Sodomorum
2427 3163 2481 3209 et
2506 3153 2978 3211 Gomorrliaorum
3015 3158 3070 3212 in
3104 3158 3191 3214 die
3210 3158 3422 3228 judicii,
3449 3179 3611 3233 quam

2031 3247 2236 3302 civitati
2271 3247 2367 3301 illi.
2402 3266 2421 3299 ι
2454 3245 2724 3301 Excutere
2767 3247 2885 3300 vult
2924 3248 3222 3317 pulverem,
3247 3263 3615 3308 monstrantes

2032 3338 2175 3406 quod
2207 3336 2341 3391 nihil
2371 3335 2520 3390 illim:
2547 3338 2858 3404 acceperint
2878 3349 3100 3406 propter
3122 3340 3375 3393 duritiam
3400 3341 3612 3396 illorum

2032 3424 2123 3498 qui
2176 3426 2492 3496 persuaderi
2542 3442 2647 3481 non
2696 3438 3008 3497 potuerunt,
3034 3430 3117 3482 vel
3163 3431 3309 3498 quod
3341 3438 3614 3486 testantur

2031 3533 2090 3574 se
2121 3521 2333 3575 illorum
2367 3521 2585 3574 nomine
2614 3534 2868 3587 magnum
2895 3520 2999 3574 iter
3025 3520 3347 3590 confecisse,
3365 3522 3610 3593 nihilque

2032 3606 2138 3665 illis
2203 3611 2490 3681 profuisse.
2541 3609 2902 3664 Tolerabilius
2963 3612 3126 3681 igitur
3191 3614 3299 3667 erit
3358 3612 3612 3669 Sodomis

2031 3717 2193 3772 quam
2226 3703 2543 3768 incredulis,
2567 3716 2632 3757 eo
2663 3702 2806 3772 quod
2840 3701 3137 3758 Sodomita:
3167 3705 3255 3759 hic
3285 3706 3484 3774 puniti.
3508 3709 3612 3762 ali-

2035 3795 2087 3848 bi
2122 3795 2309 3849 mitius
2335 3796 2652 3862 punientur.

2106 3880 2272 3940 Vens.
2335 3885 2424 3939 ili.
2479 3903 2499 3936 ι
2554 3885 2694 3942 Ecce
2754 3900 2856 3956 ego
2915 3890 3071 3940 mitto
3129 3902 3223 3942 vos
3282 3889 3424 3946 sicut
3484 3906 3616 3946 oves

2034 3977 2088 4031 in
2147 3976 2324 4032 medio
2376 3977 2650 4046 luporum.
2708 3997 2727 4030 ο
2781 3980 3108 4035 Armaverat
3155 3996 3252 4036 eos
3307 3983 3613 4048 miraculis,

2035 4067 2104 4123 de
2183 4068 2322 4122 cibis
2367 4068 2564 4123 bonam
2641 4068 2897 4124 ﬁduciam
2945 4071 3052 4127 illis
3105 4072 3332 4139 fecerat,
3405 4077 3613 4144 apertis

2034 4160 2321 4230 dignorum
2355 4155 2558 4229 januis.
2604 4159 2744 4217 Dicit
2772 4178 2914 4217 mtnc
2947 4172 3003 4217 et
3045 4166 3232 4233 gravia
3279 4181 3401 4235 qua:
3453 4181 3619 4223 even.

2034 4262 2154 4306 tura
2229 4262 2426 4315 erant,
2500 4267 2656 4308 suam
2741 4256 3144 4324 praescientiatn
3233 4258 3615 4316 manifestans.

2033 4343 2364 4399 Consolatur
2415 4354 2596 4399 autem
2647 4359 2745 4414 per
2793 4347 2895 4400 hoc
2945 4349 3089 4415 quod
3137 4348 3294 4415 dicit,
3333 4365 3456 4420 ego.
3484 4349 3615 4422 Ego,

2035 4435 2231 4506 inquit,
2277 4445 2468 4504 potens
2506 4436 2618 4501 illc,
2663 4447 2718 4490 et
2753 4437 2983 4506 proinde
3016 4439 3202 4495 lldite:
3233 4442 3421 4498 invicti
3471 4445 3618 4499 enim

335 4530 447 4596 γὰρ
476 4527 738 4582 ἀδύνατον
765 4531 823 4581 ὲν
848 4529 917 4598 μέ
929 4546 1003 4599 σῳ
1031 4529 1212 4580 λύκων
1237 4528 1509 4598 πρόϐατον
1555 4527 1636 4597 μὴ
1671 4527 1924 4594 πάσχειν,
1963 4542 1995 4601 υ

1963 4542 2009 4601 υ
2037 4529 2210 4583 eritis.
2237 4526 2463 4582 Instruit
2492 4539 2674 4582 autem
2702 4543 2797 4585 eos
2825 4531 2890 4583 ad
2924 4531 3256 4600 passionem.
3282 4533 3419 4588 Nam
3475 4536 3618 4591 sicut

333 4619 484 4674 οὕτω
510 4622 604 4674 καὶ
637 4623 783 4690 ὑμᾶς
812 4621 1019 4691 μεταξὺ
1053 4621 1163 4674 τῶν
1202 4620 1498 4684 Ἰουδαίων,
1531 4621 1668 4672 ἀλλά
1694 4620 1797 4673 κᾶν
1821 4621 1929 4672 πά·-

334 4731 527 4784 σχητε,
561 4715 636 4785 μή
686 4714 1002 4785 ὀργίζεσθε·
1031 4714 1106 4777 ὡς
1127 4714 1376 4783 πρόϐατα
1395 4714 1504 4782 γὰρ
1529 4713 1739 4782 πράους
1785 4711 1931 4782 ὑμᾶς

333 4799 478 4855 εἶναι
521 4801 809 4872 βούλομαι,
869 4803 967 4856 καὶ
1000 4801 1146 4855 οὕτω
1182 4802 1384 4872 μᾶλλον
1418 4802 1598 4872 νικᾷν.
1639 4820 1657 4853 ι
1711 4799 1930 4855 Γίνεσθε

332 4885 430 4942 οὖν
460 4890 718 4959 φρόνιμοι
751 4889 826 4953 ὼς
851 4893 901 4944 oi
933 4890 1110 4960 ὄφεις,
1147 4893 1240 4945 καὶ
1274 4891 1526 4962 ἀκέραιοι
1555 4889 1632 4953 ὡς
1683 4893 1740 4944 αί
1782 4908 1932 4963 περι⁶

333 4983 548 5051 στεραί.
587 5001 607 5033 ι
635 4982 792 5037 Θέλει
832 4987 958 5047 τοὺς
987 4984 1238 5056 μαθητὰς
1281 4987 1377 5039 καὶ
1413 4986 1716 5055 φρονίμους
1755 4981 1920 5038 εἶναι.

334 5071 456 5125 Ἰνα
479 5082 590 5143 γαρ
613 5077 717 5144 μὴ,
745 5076 994 5144 πρόϐατα
1024 5077 1248 5139 τούτους
1269 5077 1506 5142 ἀκούων,
1536 5079 1663 5148 νοῇς
1693 5077 1777 5130 ὅτι
1813 5075 1932 5146 ἡλί-

333 5173 450 5222 υιον
473 5170 554 5223 δεῖ
581 5165 723 5224 εἶναι
757 5171 850 5223 τὸν
880 5173 1232 5242 Χριστιανὸν,
1262 5175 1428 5243 φησιν
1461 5174 1543 5226 ὅτι
1567 5173 1652 5227 δεῖ
1676 5173 1769 5226 καὶ
1798 5172 1930 5243 φρό-

329 5280 488 5334 νιμον
529 5261 692 5328 εἶναι,
744 5267 924 5321 εἰδότα
970 5265 1087 5339 πῶς
1107 5264 1188 5319 δεῖ
1216 5264 1656 5336 ἀναστρέφεσθαι
1685 5267 1743 5318 ἐν
1778 5267 1929 5336 μέσῳ

328 5361 544 5415 πολλῶν
580 5361 812 5432 ἐχθρῶν.
852 5362 942 5423 Ὠς
968 5361 1079 5432 γάρ
1105 5364 1134 5414 6
1165 5361 1290 5430 ὄφις
1359 5361 1469 5414 πᾶν
1506 5359 1608 5429 μὲν
1650 5359 1714 5413 τὸ
1742 5359 1928 5413 λοιπὸν

329 5453 494 5524 σῶμα
543 5455 728 5507 δίδωσι
783 5453 1145 5524 πλήττεσθαι,
1199 5453 1300 5524 τήν
1332 5451 1391 5505 δὲ
1441 5450 1686 5522 κεφαλήν
1745 5453 1925 5523 τηρεῖ,

327 5547 473 5602 οὕτω
499 5548 592 5602 καὶ
621 5548 650 5600 6
681 5548 1009 5619 Χριστιανὸς
1047 5547 1228 5599 πάντα
1258 5546 1325 5599 τά
1361 5544 1560 5599 ἑαυτοῦ
1591 5543 1802 5609 διδότω,
1831 5544 1929 5596 καὶ

325 5643 390 5695 τὸ
421 5641 582 5712 σῶμα
616 5641 786 5695 αὐτοῦ
812 5645 923 5705 τοῖς
946 5642 1244 5712 πλήττουσι
1262 5657 1275 5670 ·
1302 5640 1406 5711 ’τὴν
1427 5639 1484 5692 δὲ
1517 5638 1784 5709 κευαλήν,
1803 5637 1928 5707 ἥτις

328 5737 483 5789 ἐστὶν
537 5738 565 5789 6
595 5735 832 5804 Χριστὸς
866 5736 960 5789 καὶ
997 5737 1030 5804 ή
1066 5737 1146 5799 είς
1178 5733 1344 5788 αὑτὸν
1400 5733 1604 5799 πίστις,
1651 5733 1886 5803 τηρείτω
1911 5748 1923 5760 ·

324 5830 422 5884 καὶ
451 5828 643 5899 ὥσπερ
671 5832 700 5883 6
729 5830 852 5900 δφις
897 5833 1060 5900 στενῇ
1111 5847 1220 5885 τινι
1259 5831 1367 5904 ὁπῇ
1423 5828 1926 5904 περισφιγγόμενος

2039 4620 2372 4691 impossibile
2400 4631 2483 4674 est
2513 4635 2647 4675 oves
2688 4623 2739 4674 in
2788 4623 2965 4675 medio
3014 4623 3264 4692 lupormn
3315 4625 3451 4681 nihil
3487 4629 3617 4697 pati.

2039 4714 2112 4767 ita
2154 4724 2210 4767 et
2251 4729 2350 4768 vus
2394 4715 2536 4767 inter
2577 4711 2815 4781 Judzeos,
2841 4731 3028 4769 verum
3062 4716 3186 4771 licet
3215 4718 3523 4788 patiamini,
3549 4738 3618 4775 tte

2035 4803 2427 4858 succenseatis.
2460 4803 2593 4858 Volo
2639 4806 2785 4858 enim
2835 4822 2928 4859 vos
2974 4820 3292 4864 mansuetus
3318 4813 3621 4872 δεηθῆναι

2033 4910 2185 4960 oves,
2215 4907 2270 4950 ot
2313 4896 2393 4950 sic
2426 4896 2598 4965 magis
2634 4896 2873 4951 vincere.
2905 4916 2923 4950 ι
2966 4896 3154 4953 Estote
3188 4901 3352 4969 igitur
3384 4904 3621 4977 prudeu.

2037 4999 2117 5040 tes
2146 4987 2292 5041 sicut
2338 4996 2722 5056 serpemes.ct
2773 4989 3048 5056 simplices
3097 4992 3240 5044 velut
3277 4993 3564 5048 columbae.
3595 5014 3617 5047 ο

2033 5078 2160 5135 Vult
2187 5080 2483 5150 discipulos
2511 5082 2676 5135 etiam
2729 5083 3022 5151 prudentes
3071 5100 3211 5139 esse.
3240 5085 3450 5140 Idcirco
3493 5103 3620 5142 cum

2035 5173 2278 5229 audieris
2308 5171 2657 5229 Christianos
2687 5176 2792 5228 dici
2839 5189 2992 5239 oves,
3018 5192 3128 5234 non
3165 5177 3435 5248 intelligas
3476 5182 3623 5248 quod

2033 5277 2285 5338 oporteat
2311 5283 2408 5323 eos
2442 5267 2690 5337 stupidus
2727 5281 2874 5331 esse,
2907 5283 3030 5321 nam
3057 5279 3111 5322 et
3136 5270 3433 5339 prudentes
3457 5287 3623 5339 Opor-

2036 5372 2112 5417 tet
2145 5375 2288 5426 esse,
2312 5371 2368 5415 et
2395 5361 2539 5417 scire
2588 5359 2867 5430 quomodo
2902 5362 3226 5416 versandum
3258 5365 3329 5418 sit
3359 5363 3412 5418 in
3446 5368 3624 5420 mediu

2035 5453 2332 5507 multorum
2389 5451 2762 5508 inimicorum.
2791 5453 2947 5507 Sicut
2992 5455 3140 5509 cutim
3180 5471 3412 5526 serpens
3451 5469 3621 5513 totum

2031 5559 2229 5613 corpus
2266 5540 2456 5610 objicit
2487 5552 2545 5595 ut
2573 5542 2930 5611 percutiatur,
2958 5555 3122 5614 caput
3169 5556 3350 5599 autem
3398 5561 3578 5601 servat
3606 5565 3618 5607 ;

2032 5639 2107 5692 ἱιει
2154 5649 2210 5692 ct
2258 5636 2627 5698 Christianus.
2679 5636 2875 5706 inquit,
2924 5637 3108 5691 omnia
3165 5653 3262 5692 sua
3295 5639 3406 5701 det.
3453 5651 3616 5709 atque

2031 5733 2197 5786 etiam
2248 5745 2449 5800 corpus
2501 5745 2661 5786 suum
2703 5732 3167 5799 percutientibus;
3227 5742 3390 5802 caput
3439 5747 3624 5788 autem

2032 5825 2175 5896 quod
2211 5835 2294 5881 est
2325 5822 2600 5887 Christus.
2624 5831 2680 5879 et
2707 5820 2868 5880 Iidem
2904 5823 2958 5879 in
2989 5821 3136 5879 illum
3166 5834 3366 5881 servet.
3388 5821 3447 5878 Et
3483 5824 3626 5886 sicut
