4288 6444
782 416 887 476 239

1650 410 2233 470 THEOPHYLACTI
2276 407 2688 469 BULGARIE
2728 407 3089 467 ARCHIEP.

3898 408 4009 474 Ξω

781 536 1001 590 serpens
1036 524 1087 574 in
1117 530 1340 587 angusto
1363 518 1591 587 quodam
1626 519 1884 572 foramine
1910 519 2331 586 circumstringit
2363 523 2404 580 Α
2433 532 2474 567 κε

2315 529 2331 570 ι
2363 523 2404 580 Α
2433 515 2525 568 καὶ
2548 515 2977 584 διεξερχόμενος,
3002 513 3293 567 ἀποδύεται
3313 513 3373 566 τὸ
3396 513 3625 569 παλαιὸν
3646 516 3849 587 δέρμα,
3864 519 4008 574 οὑτω

779 630 857 676 se,
878 622 929 665 ct
958 611 1225 665 transiens
1254 608 1443 677 pellem
1478 618 1705 661 veterem
1735 608 2030 677 exspoliat:
2062 607 2135 662 ita
2156 619 2211 661 et
2238 622 2334 660 nos

777 720 872 773 per
912 711 1191 771 angustam
1225 701 1363 752 viam
1413 700 1824 764 incedamus,ut
1881 710 2112 753 veterem
2166 714 2332 753 estm-

777 807 895 845 mus
922 787 1610 843 hominem.Verumtamen
1652 785 1775 854 quia
1811 798 1865 837 et
1915 798 2136 852 serpens
2184 786 2332 837 noci-

778 897 874 934 vus
907 890 1008 943 est,
1027 878 1181 946 jubet
1213 892 1311 931 nos
1339 876 1608 944 simplices
1648 890 1786 938 esse,
1815 878 1913 929 hoc
1945 886 2047 939 est,
2073 876 2328 939 sincerus,

2437 608 2531 660 xal
2560 608 2714 676 ήμεῖς
2734 605 2821 659 διὰ
2843 610 2941 675 τῆς
2969 606 3158 676 στενῆς
3186 604 3307 657 έδοῦ
3335 604 3628 672 ὁδεύοντες,
3660 608 3749 661 τὸν
3776 610 4005 671 παλαιὸν

2435 698 2791 766 ἀποδυώμεθσ
2824 696 3127 766 ἄνθρωπον.
3174 696 3326 748 Ἐπεὶ
3350 697 3405 749 δὲ
3435 696 3463 748 6
3497 696 3619 764 δφις
3652 698 3745 750 καὶ
3775 698 4007 767 βλαπτι-

2433 789 2525 851 κός
2554 791 2693 852 ὲστι,
2754 788 2967 840 κελεύει
3001 789 3147 857 ήμᾶς
3176 788 3468 856 ἀκεραίους
3500 784 3662 853 εἶναι,
3702 792 4004 853 τουτέστιν.

2430 880 2635 943 ἁπλοῦς
2696 886 2787 933 καὶ
2845 880 3153 949 ἀπονήρους
3196 879 3290 932 καὶ
3343 881 3418 948 μὴ
3454 878 3808 947 βλαπτικοῦς,
3835 883 3911 947 ῶς
3948 886 4005 938 αι

773 983 823 1024 et
854 971 1057 1038 absque
1086 969 1305 1031 malitia,
1333 968 1646 1035 nullumque
1693 966 2045 1031 olli-ridentes,
2071 970 2211 1022 sicut
2242 983 2330 1021 ευ·
2430 990 2466 1023 π

2310 998 2330 1007 -
2430 973 2781 1041 περιστεραί·
2820 967 2981 1026 αὗται
3012 972 3141 1040 γὰρ,
3167 973 3262 1025 καὶ
3306 970 3709 1039 ἀφαιρούμεναι
3738 975 3805 1027 τὰ
3832 976 4003 1030 τέκνα

770 1064 1007 1116 tumbae:
1037 1060 1135 1115 illa:
1176 1060 1317 1113 enim
1373 1074 1495 1113 cum
1556 1058 1875 1111 auferuntur
1931 1060 2010 1113 eis
2059 1059 2245 1121 fastus,
2276 1068 2329 1111 et
2429 1080 2462 1115 κ

2312 1068 2329 1109 ι
2429 1065 2523 1115 καὶ
2546 1063 2897 1132 διωκόμεναι,
2955 1057 3109 1125 αὖθις
3166 1062 3661 1132 ἐπανακάμπτουσι
3711 1065 3849 1135 πρὸς
3875 1068 4002 1129 τοὺς

770 1154 1195 1223 persecutionem
1232 1144 1525 1220 patiuntur,
1558 1166 1741 1204 rursus
1793 1152 1857 1204 ad
1910 1152 2154 1205 dominos
2200 1167 2328 1205 suos
2425 1153 2463 1205 δε

2309 1167 2328 1205 s
2425 1153 2710 1215 δεσπότας.
2748 1155 2879 1206 Ἕσο
2904 1150 2997 1206 οὖν
3028 1155 3289 1223 φρόνιμος
3342 1154 3415 1215 ὡς
3445 1153 3588 1220 ὄφις,
3632 1152 3773 1207 ὥστε
3798 1154 3875 1225 μὴ
3908 1170 4002 1222 γε·

768 1252 1129 1297 revertuntur.
1156 1242 1284 1295 Esto
1328 1241 1491 1309 igitur
1534 1242 1767 1308 prudens
1816 1241 1973 1308 sicuti
2001 1243 2325 1308 serpens,ita
2426 1246 2461 1295 λ.

2310 1256 2325 1293 ι
2426 1245 2617 1297 λᾶσθαι
2643 1247 2698 1296 ὲν
2720 1245 2798 1314 τῷ
2823 1244 2941 1314 βίῳ,
2969 1244 3102 1297 ἀλλὰ
3132 1246 3315 1297 πάντα
3347 1246 3414 1296 τὰ
3448 1244 3591 1296 κατὰ
3626 1244 3687 1296 σε
3724 1245 4003 1314 ἁμώμητα

768 1346 823 1388 ιιι
859 1351 923 1389 ne
955 1334 1248 1387 deridearis
1278 1332 1347 1385 ob
1383 1333 1545 1384 vitam
1589 1332 1656 1385 ab
1696 1331 1833 1392 aliis,
1863 1332 1957 1384 sed
2008 1331 2185 1384 omnia
2237 1342 2323 1384 tua
2424 1333 2461 1383 δι

2307 1347 2323 1384 ι
2424 1332 2747 1385 διατιθέναι·
2778 1334 2911 1401 πρὸς
2963 1333 3018 1384 δὲ
3066 1332 3126 1384 τὸ
3157 1332 3417 1400 βλάπτειν
3463 1332 3708 1401 ἑτέρους,
3740 1331 3831 1385 ῐσο
3866 1332 4000 1385 ὡσεὶ

764 1430 898 1480 citra
932 1426 1100 1478 labem
1134 1422 1397 1491 perlicias.
1429 1422 1563 1491 Erga
1596 1423 1727 1475 alios
1759 1430 1936 1474 autem
1974 1437 2040 1475 ne
2075 1422 2181 1474 illis
2224 1437 2323 1474 no-
2428 1437 2457 1471 π

1717 1437 1727 1474 ι
1759 1430 1936 1474 autem
1974 1437 2040 1475 ne
2075 1422 2181 1474 illis
2224 1437 2323 1474 no-
2428 1422 2742 1491 περιστερὰ,
2769 1423 3073 1485 τουτέστιν,
3116 1421 3410 1490 ἀπόνηρος.

765 1533 911 1577 ceas,
952 1517 1024 1569 sis
1062 1513 1201 1567 velut
1235 1511 1503 1575 columba,
1544 1515 1643 1566 hoc
1676 1522 1777 1573 est,
1809 1512 2118 1581 neutiquam
2173 1512 2321 1565 mali—
2884 1524 2885 1527 ‘

765 1624 922 1675 guus.

842 1701 997 1753 Vsus.
1044 1698 1129 1761 Π,
1194 1696 1277 1750 18.
1334 1716 1350 1746 ι
1392 1695 1587 1749 Cavete
1622 1704 1798 1747 autem
1860 1695 1925 1746 ab
1982 1695 2316 1759 hominibus,
2499 1711 2514 1741 ι

2303 1733 2316 1759 ,
2499 1711 2514 1741 ι
2559 1692 2859 1761 Προσέχετε
2888 1692 2944 1745 δὲ
2967 1693 3074 1745 ἀπό
3105 1694 3213 1746 τῶν
3252 1694 3575 1765 ἀνθρώπων,
3610 1696 3996 1767 παραδώσουσι

766 1789 976 1842 tradent
1004 1792 1144 1840 enim
1178 1803 1271 1841 vos
1298 1790 1347 1839 in
1400 1787 1649 1850 concilia,
1673 1795 1726 1838 et
1762 1786 1810 1837 in
1852 1787 2140 1855 synagogis
2205 1788 2318 1840 suis
2422 1801 2457 1851 7

2302 1804 2318 1837 ε
2422 1784 2531 1855 γὰρ
2564 1786 2706 1854 ὑμᾶς
2741 1788 2817 1847 είς
2850 1789 3123 1856 συνέδρια,
3154 1789 3249 1841 καὶ
3275 1791 3333 1841 ἐν
3362 1795 3481 1854 ταῖς
3530 1795 3871 1859 συναγωγαῖς
3900 1794 3995 1845 αὑ-

764 1878 1102 1945 llagellabunt
1161 1893 1285 1940 vos,
1334 1885 1385 1929 et
1429 1877 1492 1928 ad
1548 1876 1712 1928 duces
1756 1884 1809 1929 et
1856 1889 2008 1946 reges
2056 1875 2321 1930 ducemini
2356 1887 2396 1940 Β
2424 1894 2453 1929 τ

2308 1878 2321 1929 i
2356 1887 2396 1940 Β
2424 1877 2533 1930 τῶν
2561 1877 2999 1947 μαστιγώσουσιν
3050 1878 3217 1947 ὑμᾶς,
3269 1880 3363 1930 καὶ
3388 1880 3481 1933 ἐπὶ
3506 1880 3780 1949 ἡγεμόνας
3814 1880 3869 1932 δὲ
3901 1882 3997 1933 καὶ

760 1980 977 2040 promer
1030 1986 1137 2032 me.
1169 1972 1219 2023 in
1272 1968 1634 2023 testimonium
1699 1968 1827 2036 ipsis
1880 1983 1943 2023 ac
1997 1967 2267 2035 gentibus.
2298 1986 2316 2018 ε
2426 1968 2453 2037 β

2298 1986 2316 2018 ε
2426 1968 2659 2037 βασιλεῖς
2688 1968 2989 2039 ἀχθήσεσθε
3031 1970 3216 2020 ἕνεκεν
3262 1969 3418 2038 ἐμοῦ,
3453 1973 3531 2031 είς
3568 1972 3868 2043 μαρτύριον
3894 1972 3990 2022 a6-

764 2063 921 2115 Vides
952 2062 1053 2115 hoc
1081 2076 1198 2114 esse
1230 2060 1527 2125 prudentis,
1560 2073 1770 2121 cavere,
1790 2070 1843 2111 et
1874 2074 1977 2113 non
2009 2059 2136 2112 dare
2162 2073 2323 2112 occa-
2424 2076 2451 2110 τ

2305 2086 2323 2096 -
2424 2062 2536 2121 τοῖς
2565 2063 2655 2111 καὶ
2684 2064 2796 2121 τοῖς
2823 2059 3048 2110 ἔθνεσιν.
3088 2077 3105 2109 ι
3162 2060 3344 2129 Ὁρᾷς,
3391 2061 3547 2113 τοῦτό
3583 2062 3702 2113 ἐστι
3725 2062 3784 2114 τὸ
3810 2062 3998 2131 rppde-

759 2154 966 2207 sionem
1028 2151 1324 2204 voleutibus
1386 2150 1775 2218 persequi,sed
1826 2154 2115 2216 prudenter
2165 2162 2322 2218 agere
2425 2167 2452 2219 μ

2302 2162 2322 2201 Β
2425 2167 2524 2219 μον
2554 2144 2711 2213 εῖναι,
2744 2151 2803 2201 τὸ
2828 2150 3114 2220 προσέχειν
3154 2150 3246 2202 καὶ
3281 2152 3353 2219 μὴ
3378 2150 3577 2203 διδόναι
3602 2152 3856 2221 ἀφορμὴν
3886 2153 3995 2214 τοίς

762 2258 848 2297 res
883 2252 1115 2297 nostras.
1146 2241 1199 2295 Si
1233 2240 1512 2311 pecuniam
1544 2239 1772 2293 voluerit
1809 2240 1899 2307 qui
1955 2240 2321 2308 persequitur,
2423 2240 2450 2293 θ

2304 2278 2321 2302 ,
2423 2240 2636 2293 θέλουσι
2693 2240 2918 2303 θλίδειν,
2978 2239 3113 2293 ἀλλὰ
3166 2246 3445 2309 φρονίμως
3492 2240 3714 2293 διοικεῖν
3747 2242 3817 2294 τὰ
3870 2238 3994 2294 καθ’

760 2337 802 2387 εἰ
835 2337 1117 2399 honorem,
1146 2334 1209 2387 da
1246 2342 1302 2385 ut
1338 2347 1405 2385 ne
1426 2332 1770 2385 occasionem
1804 2331 1996 2385 habeat
2028 2349 2041 2385 :
2069 2331 2113 2385 si
2140 2341 2317 2385 autem
2423 2333 2447 2383 ι

2302 2346 2317 2383 ι
2423 2332 2677 2393 ἑαυτούς’
2710 2332 2776 2383 ἂν
2815 2333 3073 2401 χρήματα
3103 2332 3232 2400 θέλῃ
3274 2333 3301 2383 6
3326 2330 3557 2395 διώκων,
3591 2330 3659 2389 ἂν
3690 2330 3876 2401 τιμὴν,
3907 2331 3995 2393 δδς

762 2429 917 2481 tidem
953 2425 1148 2489 aufert,
1181 2424 1386 2478 custodi
1420 2434 1568 2476 tuum
1604 2421 1919 2491 caput.Non
1950 2429 2133 2476 autem
2160 2421 2320 2475 disci-
2424 2423 2455 2473 ἴε

2302 2451 2320 2461 -
2424 2423 2507 2476 ἵνα
2540 2422 2615 2491 μὴ
2641 2422 2738 2492 ἔχῃ
2764 2424 3053 2491 ἀφορμήν·
3097 2423 3163 2475 ἂν
3214 2421 3271 2473 δὲ
3310 2421 3405 2491 τὴν
3436 2422 3621 2473 πίστιν
3671 2414 3995 2491 ἀφαιρῆται,

759 2517 912 2584 pulos
944 2516 1207 2569 missurus
1234 2523 1351 2567 erat
1382 2515 1448 2567 ad
1480 2510 1692 2567 Judaaos
1722 2513 1917 2578 solum,
1941 2515 2033 2567 sed
2066 2512 2225 2567 etiam
2252 2510 2320 2565 ad
2422 2530 2452 2581 φ

2305 2510 2320 2565 l
2422 2512 2655 2581 φύλαττέ
2712 2529 2805 2565 σου
2848 2513 2948 2580 τὴν
2994 2512 3256 2581 κεφαλήν.
3290 2512 3366 2563 Οὐ
3400 2512 3561 2579 μόνον
3588 2508 3649 2563 δὲ
3682 2510 3819 2579 πρὸς
3867 2512 3998 2562 ἰου-

757 2616 943 2673 gentes
973 2622 987 2657 :
1015 2604 1216 2658 idcirco
1245 2602 1374 2657 dicit
1396 2620 1410 2657 :
1431 2602 1489 2656 In
1517 2603 1878 2656 testimonium
1908 2602 2038 2671 ipsis
2065 2612 2117 2656 et
2147 2602 2322 2670 genti-
2420 2604 2448 2655 δ

2302 2629 2322 2641 -
2420 2604 2601 2665 δαίους
2629 2603 2871 2670 πέμπειν
2901 2601 3083 2671 μέλλει
3108 2602 3233 2665 τοὺς
3264 2600 3536 2670 μαθητὰς,
3570 2600 3705 2655 ἀλλὰ
3732 2600 3827 2653 καὶ
3855 2601 3995 2671 πρὸς

759 2704 884 2762 luis,
916 2698 1019 2751 hoc
1051 2695 1229 2762 est,in
1254 2702 1434 2749 notam
1465 2702 1518 2748 et
1547 2694 1595 2746 in
1630 2692 2101 2763 reprehensionem
2132 2706 2317 2746 eorum
2418 2713 2448 2748 τ

2303 2708 2317 2744 ι
2418 2696 2488 2748 τὰ
2517 2695 2667 2763 ἔθνη,
2691 2694 2770 2746 διδ
2796 2695 2889 2747 καὶ
2911 2693 3080 2760 λέγει,
3108 2695 3202 2756 Είς
3233 2692 3533 2763 μαρτύριον
3560 2692 3744 2754 αὐτοῖς
3768 2692 3861 2744 καὶ
3883 2693 3996 2755 τοῖς

755 2790 843 2857 qui
874 2801 977 2840 non
1006 2787 1246 2840 credunt.
2420 2785 2444 2836 ε

2420 2785 2622 2850 ἔθνεσι,
2652 2785 2928 2838 τουτέστιν
2961 2787 3040 2845 είς
3080 2787 3299 2852 ἔλεγχον
3349 2784 3528 2837 αὐτῶν
3581 2784 3657 2853 μὴ
3710 2783 3997 2840 πιστευόν-

2419 2898 2548 2937 των.

830 2966 996 3021 Vens.
1028 2964 1222 3030 19,20.
1253 2982 1271 3015 ι
1319 2964 1385 3017 At
1432 2980 1553 3018 cum
1603 2962 1917 3016 tradiderint
1959 2962 2071 3033 ω
2108 2978 2221 3027 vos,
2256 2977 2320 3015 ne
2497 2991 2514 3022 ι

2302 2977 2320 3015 3
2497 2991 2514 3022 ι
2547 2972 2712 3024 Ὅταν
2744 2971 2801 3024 δὲ
2830 2971 3198 3039 παραδιδῶσιν
3255 2973 3421 3041 ὑμᾶς,
3484 2972 3560 3042 μὴ
3619 2969 3995 3041 μεριμνήσητε

754 3064 870 3115 sitis
896 3063 1107 3117 solliciti
1148 3059 1416 3129 quomodo
1446 3065 1540 3111 aut
1569 3057 1695 3124 quid
1733 3056 2059 3124 loquamini;
2106 3055 2319 3109 dabitur
2420 3078 2447 3113 τι

2308 3071 2319 3105 έ
2420 3062 2537 3125 πῶς
2566 3064 2599 3131 ἢ
2632 3063 2683 3115 τί
2733 3063 3026 3133 λαλήσητε,
3084 3063 3371 3133 δοθήσεται
3420 3064 3528 3133 γὰρ
3558 3064 3687 3133 ὑμῖν
3719 3066 3777 3116 ὲν
3812 3063 4001 3135 εκείνη

753 3155 896 3205 enim
920 3152 1070 3206 vobis
1112 3151 1165 3205 in
1215 3150 1301 3203 illa
1344 3151 1472 3202 hora
1518 3148 1643 3216 quid
1682 3147 1996 3216 loquamini.
2024 3145 2138 3200 Non
2173 3146 2316 3201 enim
2343 3206 2385 3234 ρ
2418 3170 2446 3205 τ

2305 3162 2316 3201 I
2343 3206 2385 3234 ρ
2418 3155 2483 3223 τῇ
2513 3153 2631 3224 ὥρᾳ
2650 3154 2703 3205 τί
2734 3152 3027 3223 λαλήσητε.
3065 3155 3137 3207 Οὐ
3176 3156 3285 3234 γᾴρ
3315 3154 3475 3223 ὑμεῖς
3504 3156 3628 3207 ears
3675 3155 3725 3206 οί
3772 3153 3998 3205 λαλοῦν-

755 3256 851 3296 vos
894 3242 1028 3296 estis
1078 3240 1150 3293 illi
1200 3240 1500 3307 loquentes,
1539 3238 1632 3291 sed
1665 3236 1899 3305 Spiritus
1944 3234 2121 3290 Patris
2155 3236 2317 3288 vestri

749 3334 841 3403 qui
910 3332 1145 3401 loquitur
1204 3332 1258 3385 in
1332 3330 1506 3384 vobis.
1555 3349 1573 3380 ε
1629 3328 1703 3383 Ne
1751 3330 1932 3383 dicant
1974 3345 1987 3382 :
2033 3327 2311 3394 Quomodo

752 3424 1081 3491 persuadere
1132 3422 1425 3490 poterimus
1484 3420 1661 3473 idiota!
1716 3419 1977 3486 sapientia
2026 3417 2313 3487 pmditos?

746 3515 898 3584 jubet
926 3512 1175 3567 fiduciam
1231 3510 1452 3572 habere,
1478 3521 1532 3564 et
1562 3509 1979 3564 sollicitudinem
2008 3510 2306 3578 deponere:

752 3621 875 3659 nam
996 3619 1118 3657 cum
1188 3602 1328 3656 inter
1407 3601 1593 3655 fideles
1676 3615 1981 3662 sermonem
2076 3598 2310 3653 habituri

748 3711 956 3757 sumus,
999 3696 1214 3763 dignum
1261 3701 1342 3746 est
1400 3702 1457 3746 ut
1510 3691 1967 3761 prameditemur,
2020 3699 2076 3744 et
2131 3690 2307 3758 parati

750 3791 921 3840 simus
986 3787 1051 3839 ad
1131 3783 1522 3848 defensionem,
1579 3782 2037 3853 quemadmodum
2105 3780 2303 3836 Petrus

747 3881 999 3933 admonet
1033 3879 1096 3930 ¹⁶.
1130 3878 1274 3931 luter
1305 3877 1491 3929 turbas
1540 3885 1717 3930 autem
1755 3883 1809 3929 et
1840 3888 1992 3943 reges
2036 3872 2311 3928 insanien-

748 3982 827 4024 tes
878 3984 1032 4022 suum
1085 3968 1352 4037 promittit
1386 3969 1570 4034 robur,
1596 3981 1665 4021 ne
1726 3966 2031 4019 timeamus.
2054 3962 2308 4018 Nostrum

745 4069 829 4112 ﬁsi.
892 4060 1037 4112 enim
1072 4059 1315 4113 confiteri
1349 4080 1360 4110 :
1394 4058 1666 4125 sapienter
1720 4068 1899 4109 autem
1962 4056 2307 4124 respondere,

750 4150 863 4202 Dei.
888 4148 955 4201 Et
978 4163 1043 4201 ne
1074 4147 1367 4215 suspiceris
1403 4146 1700 4199 naturalem
1739 4158 1863 4199 esse
1894 4143 1946 4197 in
1972 4141 2311 4198 defendendo

751 4239 1089 4303 industriam,
1126 4237 1347 4307 inquit:
1394 4234 1508 4290 Non
1538 4252 1633 4293 vos
1690 4235 1994 4303 loquimini,
2041 4237 2135 4290 sed
2194 4234 2312 4304 Spi-

751 4330 905 4382 ritus.

820 4416 980 4473 Vens.
1009 4416 1097 4473 2|.
1134 4434 1151 4467 ι
1190 4415 1388 4470 Tradet
1413 4426 1593 4469 autem
1614 4414 1780 4469 frater
1816 4414 2040 4469 fratrem
2072 4415 2124 4468 in
2157 4430 2306 4469 mor-

749 4520 875 4573 tem,
921 4517 977 4561 et
1038 4517 1189 4577 pater
1228 4509 1420 4569 illium,
1475 4515 1529 4561 et
1581 4508 1860 4576 insurgent
1916 4505 2009 4559 alii
2054 4507 2311 4560 adversus

2418 3260 2533 3309 τες,
2571 3244 2707 3297 ἀλλὰ
2742 3245 2801 3297 τὸ
2824 3243 3051 3314 Πνεῦμα
3096 3245 3190 3297 τοῦ
3231 3246 3445 3316 Πατρὸς
3476 3245 3652 3315 ὑμῶν,
3686 3244 3747 3297 τὸ
3802 3243 4000 3296 λαλοῦν

2418 3336 2477 3386 ὲν
2508 3336 2657 3403 ὑμῖν.
2716 3352 2735 3385 ε
2782 3334 2903 3387 'lva
2958 3335 3035 3405 μὴ
3068 3335 3286 3399 είπωσι,
3324 3337 3433 3388 Kal
3492 3336 3605 3398 πῶς
3656 3335 3997 3403 δυνησόμεθα

2418 3428 2600 3479 πεῖσαι
2629 3426 2825 3495 σοφοὺς
2850 3425 3056 3480 ἰδιῶται
3082 3426 3271 3492 huc;
3319 3427 3531 3481 κελεύει
3590 3427 3839 3497 θαρρεῖν,
3895 3428 3991 3479 καὶ

2423 3517 2498 3586 μὴ
2541 3519 2814 3587 μεριμνᾷν
2847 3533 2860 3546 ο
2896 3520 3025 3570 ὅταν
3061 3518 3158 3585 μὲν
3190 3519 3299 3587 γὰρ
3350 3518 3638 3587 μέλλωμεν
3668 3517 3873 3587 μεταξὺ
3906 3532 3987 3568 m-

2422 3607 2562 3661 στῶν
2587 3608 2951 3677 διαλέγεσθαι,
3003 3609 3082 3661 δεῖ
3138 3612 3282 3678 ήμᾶς
3332 3610 3693 3680 προμελετᾷν,
3728 3611 3822 3662 καὶ
3854 3609 3997 3662 ἑτοί-

2422 3716 2554 3768 μους
2578 3696 2713 3753 εἶναι
2744 3700 2880 3770 πρὸς
2909 3699 3227 3767 ἀπολογίαν,
3276 3702 3352 3763 ὡς
3384 3703 3413 3753 6
3441 3700 3644 3769 Πέτρος
3698 3702 3959 3771 παραινεῖ
3978 3715 3993 3730 ⁸

2420 3791 2623 3861 μεταξὺ
2646 3791 2702 3844 δὲ
2730 3792 2902 3861 ὄχλων
2931 3792 3022 3845 καὶ
3056 3791 3318 3861 βασιλέων
3353 3794 3719 3861 μαινομέηων,
3745 3792 3843 3859 τήν
3864 3792 4004 3841 ἑαυσ

2416 3880 2508 3934 τοῦ
2536 3883 2875 3952 ὑπισχνεῖται
2916 3882 3091 3952 ἰσχὺν,
3153 3883 3239 3936 ἵνα
3292 3881 3368 3952 μὴ
3399 3882 3727 3952 φοϐηθῶμεν
3751 3899 3766 3913 ο
3803 3882 3865 3934 τὸ
3894 3881 3996 3949 μὲν

2416 3972 2527 4043 γὰρ
2555 3973 2859 4043 ὁμολογεῖν,
2886 3974 3156 4043 ήμέτερον
3177 3989 3191 4003 ο
3218 3972 3279 4026 τὸ
3293 3973 3350 4025 δδ
3371 3972 3552 4041 σοφῶς
3582 3972 3995 4040 ἀπολογεῖσθαι,

2417 4064 2573 4118 Θεοῦ.
2608 4064 2717 4119 Kal
2740 4066 2827 4118 ἵνα
2858 4065 2933 4135 μὴ
2964 4065 3240 4135 ὑπολάϐῃς
3270 4066 3352 4118 ὅτι
3386 4066 3590 4135 φυσική
3618 4068 3768 4119 εστιν
3794 4066 3827 4134 ή
3858 4066 3994 4133 πρὸς

2417 4157 2515 4221 τὰς
2542 4157 2835 4226 ἀπολογίας
2866 4156 3259 4226 ἐπιτηδειότης,
3311 4157 3497 4225 φησὶν,
3530 4156 3643 4225 Οὑχ
3692 4156 3853 4225 ὑμεῖς
3895 4156 3993 4206 λα-

2418 4250 2583 4313 λεῖτε,
2618 4249 2753 4301 ἀλλὰ
2782 4249 2842 4300 τὸ
2875 4246 3118 4317 Πνεῦμα.

2494 4441 2513 4474 ι
2558 4422 2878 4493 Παραδώσει
2916 4424 2971 4477 δὲ
3000 4424 3228 4494 ἀδελφὸς
3261 4381 3491 4493 ἀδελφὸν
3521 4424 3599 4487 είς
3624 4423 3875 4487 θάνατον,
3903 4426 3997 4475 καὶ

2421 4514 2603 4585 πατὴρ
2627 4515 2836 4569 τέκνον.
2859 4516 2966 4569 Kal
2993 4516 3466 4585 ἐπαναστήσονται
3486 4515 3650 4567 τέκνα
3681 4516 3774 4567 ἐπὶ
3796 4518 3997 4581 γονεῖς,

747 4608 1020 4664 parentes,
1048 4611 1101 4651 et
1128 4606 1299 4650 morte
1328 4594 1563 4648 officient
1586 4610 1695 4648 eos.
1742 4614 1759 4646 ι
1788 4596 2039 4649 Ρεωιηοίι
2060 4596 2137 4649 eis
2154 4612 2317 4651 even—
2350 4632 2393 4687 Β
2418 4624 2440 4657 ι

2303 4626 2317 4636 -
2350 4632 2393 4687 D
2418 4605 2509 4658 καὶ
2541 4604 2943 4658 θανατώσουσιν
2966 4606 3181 4669 αὑτούς.
3215 4626 3231 4657 ›
3264 4606 3525 4675 ιΙρολέγει
3549 4607 3732 4668 αὐτοῖς
3766 4606 3835 4659 τὰ
3861 4622 3996 4675 συμ-

750 4702 890 4749 tura,
912 4704 981 4741 ne
1018 4686 1305 4740 turbentur
1333 4700 1453 4738 cum
1486 4684 1802 4739 acciderint.
1842 4683 2093 4740 Ostendit
2131 4696 2310 4740 autem

747 4792 798 4833 ct
833 4779 1233 4847 praedicationis
1262 4779 1393 4839 vim,
1424 4780 1691 4846 quomodo
1714 4789 1960 4833 naturam
1986 4778 2157 4848 ipsam
2181 4795 2314 4833 con-

747 4881 985 4923 temnere
1037 4867 1221 4921 faciat.
1257 4867 1353 4921 llic
1399 4869 1544 4921 enim
1594 4868 2046 4924 Cbristianismus
2098 4878 2203 4934 est,
2259 4880 2314 4923 et

746 4960 1021 5013 lihallialll
1068 4960 1278 5014 illorum
1311 4958 1529 5014 interim
1568 4959 1896 5026 manifestat,
1946 4963 2089 5030 quod
2138 4976 2312 5031 neque

748 5051 1100 5105 familiaribus
1130 5063 1373 5120 parcunt.

827 5143 985 5198 Vsus.
1036 5144 1128 5200 Si.
1189 5163 1205 5195 ι
1255 5145 1319 5198 Et
1370 5146 1523 5200 eritis
1576 5144 1699 5201 odio
1748 5144 1916 5200 habiti
1965 5146 2032 5200 ab
2060 5146 2310 5201 omnibus

746 5246 964 5303 propter
1017 5250 1207 5288 nomen
1261 5251 1457 5289 nicum.
1497 5236 1596 5303 Qui
1656 5245 1833 5290 autem
1881 5238 2310 5306 perseveraverit

743 5340 911 5391 usque
940 5324 992 5376 in
1024 5323 1208 5386 finem,
1240 5324 1325 5378 bic
1357 5327 1538 5381 salvus
1571 5328 1697 5381 erit.
1743 5343 1761 5376 ι
1794 5326 1876 5379 Ab
1906 5326 2175 5391 omnibus,
2208 5326 2309 5381 boc

742 5426 839 5476 «ut,
875 5431 903 5467 a
935 5414 1133 5469 multis.
1165 5414 1279 5469 Non
1307 5417 1448 5470 enim
1489 5432 1677 5473 omnes
1717 5415 1837 5473 illos
1866 5419 1990 5473 odio
2020 5434 2307 5487 perseque-

741 5510 935 5558 imttlur
981 5524 1149 5559 :nam
1202 5508 1445 5562 nonnulli
1496 5520 1549 5563 et
1604 5509 1761 5564 fidem
1809 5522 2150 5579 acceperant.
2202 5510 2301 5578 Qui

738 5612 916 5650 autem
955 5614 1120 5665 usque
1152 5600 1204 5653 in
1234 5603 1390 5654 lincm
1431 5605 1876 5671 perseveraverit,
1909 5616 1960 5657 et
1988 5620 2093 5657 non
2128 5606 2301 5660 solum

739 5703 844 5738 mm
867 5690 1025 5752 petit,
1069 5690 1151 5742 ille
1176 5700 1392 5745 aeterna:
1428 5692 1544 5745 vita:
1582 5695 1849 5767 particeps
1884 5705 2006 5749 erit.

807 5806 852 5836 "
888 5806 907 5860 Ι
943 5806 1089 5864 Pctr.
1124 5826 1206 5864 ιιι.

2418 4697 2718 4767 ϐησόμενα,
2763 4698 2849 4751 ἵνα
2884 4699 3013 4752 ὅταν
3050 4701 3338 4765 γένωνται,
3376 4698 3454 4768 μὴ
3487 4697 3862 4769 θορυϐηθῶσιο
3887 4698 3996 4751 δεί-

2418 4776 2669 4843 κνυσῖτδὶ
2718 4790 2812 4843 καὶ
2843 4790 2942 4861 τήν
2999 4789 3094 4843 τοῦ
3152 4790 3510 4862 κηρύγματος
3564 4790 3819 4857 δύναμιν,
3880 4790 3997 4853 πῶς

2417 4884 2563 4933 ποιεῖ
2588 4884 2951 4952 καταφρονεῖν
2994 4882 3095 4952 τῆς
3129 4884 3372 4952 φύσεως·
3410 4882 3648 4945 τοιοῦτος
3678 4882 3787 4954 γὰρ
3808 4882 3837 4933 6
3862 4882 3997 4953 Χριο

2422 4972 2737 5043 στιανισμὸς
2758 4990 2772 5004 ·
2805 4973 2941 5026 ἀλλὰ
2969 4976 3061 5026 καὶ
3090 4975 3190 5045 τὴν
3216 4975 3418 5043 μανίαν
3449 4974 3677 5027 εκείνων
3716 4972 3993 5045 δμφαίνει,

2417 5067 2499 5118 ὅτι
2530 5065 2648 5119 οὑδε
2673 5066 2779 5119 τῶν
2813 5067 3158 5120 οἰκειοτάτων
3198 5067 3502 5136 φείσονται.

2494 5176 2511 5208 ι
2553 5159 2660 5212 Kal
2688 5157 2877 5211 εσεσθε
2912 5160 3230 5229 μισούμενοι
3257 5160 3365 5213 ὑπὸ
3394 5161 3611 5215 πάντων
3633 5161 3723 5216 διὰ
3742 5163 3803 5218 τδ
3827 5163 3998 5234 ὄνομά

2415 5267 2515 5319 μου
2536 5267 2549 5280 ·
2579 5252 2607 5303 6
2636 5251 2692 5304 δὲ
2736 5250 3037 5319 ὑπομείνας
3087 5254 3165 5315 είς
3199 5253 3371 5316 τέλος,
3401 5248 3554 5317 οὗτος
3606 5255 3933 5327 σωθήσεται.
3973 5276 3991 5309 ε

2416 5341 2487 5391 T6
2516 5341 2619 5393 ὑπὸ
2646 5341 2886 5405 πάντων,
2921 5341 3043 5394 ἀντὶ
3075 5342 3191 5404 τοῦ,
3221 5342 3327 5395 ὑπὸ
3358 5344 3592 5403 πολλῶν.
3615 5346 3690 5400 Ού
3719 5350 3828 5417 γὰρ
3861 5347 4000 5401 πάν-

2413 5447 2503 5492 τες
2536 5431 2758 5499 ἑμίσουν
2785 5431 3006 5494 αὐτούς.
3040 5426 3219 5485 Ἦσαν
3248 5433 3357 5504 γὰρ
3386 5436 3479 5489 καὶ
3507 5436 3558 5488 oi
3611 5437 3997 5507 παραδεξάμε-

2414 5538 2492 5574 νοι
2515 5522 2612 5589 τὴν
2638 5522 2852 5574 πίστιν·
2886 5524 2913 5574 6
2940 5522 2997 5575 δὲ
3047 5520 3175 5593 ἄχρι
3202 5524 3391 5587 τέλους
3433 5526 3759 5594 ὑπομείνας,
3792 5528 3889 5581 καὶ
3922 5529 4003 5599 μὴ

2416 5614 2472 5665 ὲν
2501 5616 2567 5683 τῇ
2594 5616 2734 5683 ἀρχῇ
2764 5615 2947 5683 μόνον,
2974 5615 3176 5678 ἐκεῖνος
3205 5616 3305 5685 τῆς
3333 5616 3557 5670 αίωνίου
3589 5619 3802 5687 μεθέξει
3827 5618 3994 5689 ζωῆ;.
