4288 6444
276 393 380 456 in

917 394 1359 454 ENARRATIU
1389 392 1468 452 IN
1501 385 1995 451 EVANGELIUM
2041 384 2424 446 ΜΑΤΙῊῈΙ.
2454 409 2528 420 --
2562 385 2601 443 C

1168 394 1359 454 LATIU
1389 392 1468 452 IN
1501 385 1995 451 EVANGELIUM
2041 384 2424 446 ΜΑῙῚῊῈΙ.
2454 409 2528 420 ·-
2562 384 2717 443 CAP.
2758 381 2861 441 ΧΓ.

3433 375 3546 444 242
3625 387 3630 393 '

358 527 376 559 ι
419 509 585 560 Ὀταν
607 507 660 558 δὲ
686 505 956 558 διώκωσιν
986 507 1127 575 ὑμᾶς
1149 509 1206 559 ὲν
1232 509 1298 576 τῇ
1330 507 1480 558 πόλει
1516 505 1707 573 ταύτῃ,
1727 499 1858 572 φεύ·
1888 504 1933 557 A
2037 500 2051 538 ‘

1852 504 1933 557 -Α
2037 500 2199 556 Vens.
2236 502 2324 556 23.
2374 521 2391 552 ‹
2430 500 2564 555 Cum
2600 509 2778 552 autem
2816 511 2910 550 vos
2939 494 3140 548 fuerint
3180 493 3448 561 pcrsccuti
3491 495 3545 546 in

276 617 406 669 τετε
438 605 517 665 εἰς
546 599 641 670 τὴν
673 598 863 666 ἄλλην.
915 600 1088 669 Ἀμὴν
1123 600 1268 666 λέγω
1310 600 1460 667 ύμῖν,
1516 598 1577 650 ού
1615 597 1688 665 μὴ
1711 595 1861 647 τελέ-

279 709 416 763 σητε
450 694 546 755 τὰς
579 691 757 752 πόλεις
782 690 874 744 τοῦ
918 692 1136 761 Ἰσραὴλ
1165 691 1271 754 ἕως
1302 691 1367 744 ἂν
1393 690 1522 761 ἔλθῃ
1554 691 1581 743 ὁ
1607 689 1734 751 Υἱὸς
1763 686 1856 741 τοῦ

277 781 591 851 ἀνθρώπου.
641 799 658 831 ι
702 780 783 832 Τὰ
816 780 915 850 μὲν
938 780 1052 833 άνω
1080 778 1337 848 ρηθέντα,
1373 777 1606 848 φοϐερά.
1637 771 1748 827 οἷον
1774 774 1855 837 τὸ,

279 872 710 942 Παραδώσουσιν
771 871 938 938 ὑμᾶς,
978 869 1072 923 καὶ
1115 870 1198 934 τὸ,
1234 866 1462 921 Ἔσεσθε
1515 865 1856 936 μισούμενοι,

280 965 412 1031 περὶ
437 963 546 1015 τῶν
579 962 717 1032 μετὰ
745 962 847 1033 τὴν
887 961 1180 1030 Ἀνάληψιν
1214 956 1649 1029 συμϐησομένων
1674 951 1814 1025 ἦσαν
1843 969 1857 985 ο

290 1057 353 1108 τὸ
385 1056 443 1107 δὲ
469 1055 563 1107 νῦν
597 1055 910 1124 λεγόμενον,
936 1053 1066 1122 περὶ
1096 1051 1203 1105 τῶν
1233 1051 1338 1121 πρὸ
1361 1050 1454 1103 τοῦ
1492 1046 1750 1118 σταυροῦ.
1785 1044 1858 1099 Ού

281 1146 358 1215 μὴ
380 1146 490 1215 γὰρ
515 1147 772 1214 τελέσητε
811 1146 908 1208 τὰς
928 1145 1112 1207 πόλεις
1141 1142 1235 1196 τοῦ
1276 1142 1495 1212 Ἰσραὴλ
1515 1140 1858 1208 διωκόμενοι,

279 1237 378 1290 γα).
397 1237 558 1301 εὐθὺς
590 1237 884 1306 ἐλεύσομαι
916 1233 1055 1306 πρὸς
1088 1236 1251 1305 ὑμᾶς.
1287 1233 1519 1287 Κελεύει
1554 1232 1610 1286 δὲ
1637 1230 1862 1298 φεύγειν

278 1329 667 1395 διωκομένους.
734 1323 808 1380 To
836 1329 943 1397 γὰρ
991 1326 1275 1396 προδήλως
1307 1324 1520 1394 ῥίπτειν
1548 1322 1741 1376 ἑαυτὸν
1782 1325 1863 1385 εἰς

281 1420 550 1484 κίνδυνον,
594 1421 686 1472 καὶ
729 1420 900 1472 αἴτιον
946 1416 1194 1486 γίνεσθαι
1225 1415 1603 1486 κατακρίσεως
1632 1416 1744 1477 τοῖς
1769 1431 1864 1482 ipo-

279 1516 520 1578 νευταῐς,
553 1514 646 1566 καὶ
678 1511 909 1583 ζημιοῦν
944 1513 1070 1574 τοὺς
1105 1510 1395 1582 μέλλοντας
1427 1508 1754 1578 ὠφελεῖσθαι
1777 1507 1863 1561 διά

279 1603 377 1655 τοῦ
419 1603 794 1672 κηρύγματος,
823 1599 1128 1656 διαϐολικόν
1164 1601 1279 1654 ἐστι
1307 1617 1321 1630 ο
1356 1600 1418 1652 τδ
1453 1597 1586 1667 γοῦν
1625 1598 1771 1660 Ἕως
1798 1597 1864 1651 ἂν

281 1691 416 1766 non
465 1695 494 1746 ό
519 1693 646 1756 Υἱὸς
695 1691 790 1746 τοῦ
832 1690 1147 1763 ἀνθρώπου,
1181 1690 1255 1760 μὴ
1295 1691 1555 1758 περὶτῆς
1606 1687 1867 1758 δευτέρας

283 1783 591 1852 παρουσίας
622 1782 822 1855 νοήσῃς
844 1821 859 1846 ,
900 1781 1040 1836 ἀλλὰ
1079 1780 1211 1850 περὶ
1243 1779 1341 1849 τῆς
1372 1778 1478 1848 πρὸ
1506 1777 1600 1830 τοῦ
1628 1776 1864 1849 σταυροῦ

1963 598 2185 650 civitate
2220 596 2342 659 hac,
2374 594 2540 662 fugite
2572 593 2623 646 in
2655 592 2830 645 aliam.
2870 591 3041 642 Amcn
3071 587 3193 638 ilico
3229 587 3406 646 vobis.
3438 601 3544 638 που

1962 688 2469 760 perambulaveritis
2514 700 2704 740 omnes
2735 683 2983 738 civitates
3018 679 3202 740 Israel,
3236 679 3408 732 donec
3440 692 3538 729 ve-

1962 784 2076 838 niat
2112 781 2281 835 Filius
2316 779 2570 833 hominis.
2607 797 2624 827 ι
2659 774 2787 841 Quae
2820 789 2983 841 supra
3021 770 3162 826 dicta
3200 780 3346 831 sunt,
3379 769 3542 822 terri-

1963 875 2298 928 bilia-erant
2336 890 2346 925 :
2387 881 2444 925 ut
2478 871 2622 937 quod
2663 867 2879 921 tradent
2912 880 3030 926 vos,
3071 874 3124 916 ct
3181 863 3335 916 eritis
3388 860 3539 920 odio,

1962 977 2084 1036 p08t
2126 965 2245 1034 ejus
2294 962 2676 1017 Ascensionem
2732 958 2909 1013 futura
2941 963 3142 1010 erant:
3185 952 3328 1021 quod
3364 961 3546 1005 autem

1966 1071 2128 1122 nunc,
2159 1054 2355 1109 dicitur
2387 1053 2451 1106 de
2491 1051 2577 1104 bis
2633 1065 2752 1120 qua:
2787 1059 2912 1102 ante
2938 1061 3177 1102 crucem.
3228 1043 3346 1098 Non
3398 1043 3542 1096 enim

1966 1146 2471 1217 perambulaveritis
2500 1145 2748 1199 civitates
2772 1141 2938 1197 Israel
2970 1141 3020 1194 in
3049 1136 3541 1208 persccutionibns.

1964 1248 2019 1296 et
2067 1241 2250 1295 statim
2301 1238 2513 1293 veniam
2547 1237 2612 1290 ad
2647 1250 2762 1290 vos.
2798 1231 2962 1288 lubet
3014 1240 3194 1285 autem
3238 1229 3425 1298 fugere
3459 1244 3554 1281 eos

1965 1331 2058 1402 qui
2091 1339 2509 1401 persequuntur.
2555 1326 2842 1380 Enimvero
2884 1335 3088 1379 temere
3148 1337 3207 1375 se
3252 1319 3304 1373 in
3340 1320 3558 1386 pericu-

1968 1424 2077 1477 lum
2105 1421 2350 1491 injicere,
2385 1428 2440 1474 et
2465 1429 2743 1472 auctorem
2785 1415 2898 1469 fieri
2943 1412 3415 1468 condcmnationis
3453 1410 3555 1464 lto-

1969 1514 2204 1580 micidis,
2243 1520 2299 1578 et
2330 1513 2527 1567 damno
2558 1525 2677 1566 esse
2727 1510 2814 1564 his
2841 1507 3039 1578 quibus
3078 1522 3172 1575 per
3208 1505 3556 1574 praedicatio-

1970 1623 2089 1661 nem
2124 1606 2381 1676 prodesse
2418 1613 2656 1674 poterat,
2682 1601 3011 1656 diabolicum
3040 1609 3142 1653 est.
3178 1599 3357 1652 Donec
3387 1598 3565 1650 veniat

1968 1696 2140 1752 Filius
2172 1697 2427 1757 hominis,
2477 1711 2582 1750 non
2614 1695 2680 1750 de
2719 1694 2958 1748 secundo
3005 1693 3238 1745 adventu
3266 1688 3560 1758 intelligas.

1974 1791 2068 1846 sed
2095 1790 2162 1844 de
2191 1797 2458 1844 conventu
2490 1797 2547 1842 et
2585 1785 2953 1842 consolatione
2984 1792 3111 1838 ante
3138 1797 3383 1836 crucem.
3414 1779 3564 1832 Missi

285 1874 577 1938 συνουσίας
605 1876 700 1928 καὶ
741 1873 1117 1945 παραμυθίας.
1164 1870 1583 1934 Ἀποσταλέντες
1632 1871 1742 1942 γὰρ
1778 1871 1870 1924 καὶ
1905 1855 1946 1908 Β
1976 1912 1978 1929 .

1905 1855 1946 1908 Β
1976 1885 2119 1938 enim
2166 1885 2232 1937 ad
2264 1879 2695 1951 praedicandum,
2731 1879 2929 1932 iterum
2973 1877 3038 1930 ad
3079 1873 3355 1929 Christum
3388 1871 3565 1927 redie-

286 1966 645 2034 κηρύξαντες,
681 1968 842 2020 πάλιν
863 1965 1294 2038 ύπεστράφησαν
1325 1964 1462 2035 πρὸς
1497 1964 1589 2016 τὸν
1611 1963 1867 2035 Χριστὸν,

285 2060 383 2111 καὶ
413 2058 649 2130 συνῆσαν
671 2059 838 2130 αύτῷ.

364 2170 382 2200 ι
430 2151 544 2203 Ούκ
592 2150 708 2203 ἔστι
767 2149 1017 2221 μαθητὴς
1069 2149 1209 2220 ὑπὲρ
1238 2149 1330 2201 τὸν
1373 2147 1716 2209 διδάσκαλον,
1748 2143 1872 2198 οὐδὲ

284 2239 471 2304 δοῦλος
503 2242 643 2312 ὑπὲρ
671 2241 763 2294 τὸν
793 2241 982 2311 κύριον
1028 2240 1194 2293 αὐτοῦ
1213 2258 1227 2272 ο
1258 2239 1494 2310 άρκετδν
1541 2237 1618 2309 τῷ
1653 2236 1871 2307 μαθητῇ

287 2333 380 2387 ἵνα
402 2332 626 2404 γένηται
657 2333 734 2396 ὡς
762 2336 790 2387 ό
820 2333 1141 2395 διδάσκαλος
1179 2332 1368 2393 αὑτοῦ,
1396 2331 1490 2384 καὶ
1515 2334 1542 2384 ό
1576 2329 1764 2392 δοῦλος
1797 2329 1876 2393 ὡς

287 2427 315 2477 ό
347 2426 536 2496 κύριος
580 2424 771 2481 αὐτοῦ.
803 2445 820 2476 ι
859 2425 1112 2479 Διδάσκει
1156 2424 1391 2477 ἐνταῦθα
1431 2422 1722 2493 ἀνέχεσθαι
1767 2420 1874 2474 τῶν

289 2517 527 2588 ὕϐρεων.
583 2517 644 2570 Εί
676 2517 784 2586 γὰρ
844 2515 956 2586 ἐγὼ
1004 2518 1033 2570 ό
1089 2516 1408 2580 διδάσκαλος
1460 2518 1557 2570 καὶ
1607 2516 1876 2586 δεσπότης

289 2609 625 2680 ἠνεσχόμην,
668 2609 850 2679 πολλῷ
915 2608 1120 2678 μᾶλλον
1153 2608 1312 2678 ὑμεῖς
1372 2611 1421 2661 οί
1457 2607 1721 2677 ’μαθηταὶ
1782 2607 1879 2659 καὶ

288 2700 493 2755 δοῦλοι.
548 2701 790 2773 Ἐρωτᾷς
814 2701 869 2754 δὲ
898 2700 1016 2764 πῶς
1049 2718 1183 2770 φησι
1212 2701 1295 2765 τὸ,
1322 2701 1438 2753 Ούκ
1488 2700 1604 2752 ἐστι
1632 2698 1880 2770 μαθητὴς

291 2793 433 2864 ὑπὲρ
467 2793 561 2846 τὸν
598 2792 941 2857 διδάσκαλον,
980 2794 1116 2847 ὅπου
1147 2809 1211 2860 γε
1247 2791 1476 2854 πολλοὺς
1532 2790 1752 2862 ὁρῶμεν
1784 2807 1882 2860 μαι

292 2885 466 2954 οητὰς
490 2886 776 2957 κρείττους
795 2886 902 2939 τῶν
923 2884 1298 2950 διδασκάλων;
1331 2883 1489 2938 Μάθε
1522 2881 1614 2936 οὖν
1644 2883 1747 2938 ὅτι.
1777 2882 1883 2944 ἕως

290 2975 361 3028 ἂν
389 2968 492 3028 ὦσι
525 2975 791 3046 μαθηταὶ,
825 2975 1084 3039 ἐλάττους
1127 2976 1235 3028 alat
1268 2976 1377 3028 τῶν
1403 2973 1761 3039 διδασκάλων,
1789 2974 1884 3026 ἐὰν

292 3060 351 3112 et
383 3062 668 3131 κρείττους
695 3063 983 3130 γένωνται,
1023 3064 1123 3116 ούκ
1152 3063 1232 3116 ἔτι
1261 3063 1447 3117 λοιπόν
1486 3065 1593 3116 είσι
1617 3063 1884 3134 μαθηταὶ,

1980 1985 2128 2042 runt,
2163 1983 2216 2030 et
2246 1989 2368 2030 cum
2404 1987 2470 2027 co
2501 1969 2808 2026 conversati
2843 1976 2990 2024 sunt.

2053 2159 2218 2214 Vna.
2251 2155 2344 2210 24.
2384 2173 2402 2207 ι
2443 2152 2560 2210 Non
2595 2163 2678 2208 est
2717 2150 3019 2220 discipulus
3067 2163 3227 2217 supra
3273 2156 3573 2217 praecepto—

1981 2265 2117 2314 rem,
2155 2261 2332 2316 neque
2371 2259 2565 2301 servus
2611 2258 2774 2313 supra
2800 2241 3079 2296 dominum
3133 2255 3288 2294 suum
3320 2255 3333 2291 :
3370 2237 3574 2291 suflicit

1982 2341 2126 2396 enim
2157 2328 2426 2408 discipulo
2451 2345 2512 2391 ut
2532 2335 2604 2392 sit
2631 2336 2772 2390 sicut
2793 2341 3097 2404 praeceptor
3123 2346 3276 2396 suus,
3300 2339 3354 2385 et
3381 2344 3577 2384 servus

1981 2432 2123 2488 sicut
2182 2431 2434 2486 dominus
2465 2443 2614 2483 suus.
2651 2445 2667 2476 ι
2707 2427 2877 2481 Docet
2901 2425 3004 2479 hoc
3048 2424 3165 2478 loco
3195 2420 3447 2476 ferendas
3495 2424 3579 2475 iu-

1979 2525 2172 2591 jurias.
2205 2521 2339 2576 Nam
2369 2520 2413 2575 si
2455 2534 2553 2591 ego
2585 2527 2887 2588 praeceptor
2919 2527 2972 2570 et
3006 2514 3268 2568 Dominus
3315 2511 3571 2570 sustinui.

1987 2615 2157 2670 multo
2185 2613 2360 2683 magis
2394 2627 2490 2666 vos
2524 2609 2771 2679 discipuli
2806 2616 2862 2663 et
2908 2607 3071 2662 servi.
3121 2604 3434 2674 Interrogas
3475 2618 3577 2680 au-

1989 2719 2096 2762 tem
2128 2705 2398 2776 quomodo
2433 2701 2590 2765 dicit,
2623 2699 2739 2756 Non
2768 2709 2851 2755 est
2885 2698 3182 2776 discipulus
3237 2713 3398 2764 supra
3434 2713 3577 2763 prm-

1985 2808 2284 2869 ceptorem,
2335 2811 2458 2851 cum
2506 2794 2786 2849 videamus
2827 2769 3026 2845 multos
3090 2787 3387 2859 discipulos
3440 2803 3580 2854 prae-

1989 2893 2301 2964 ceptoribus
2344 2887 2672 2944 antecellere
2694 2887 2718 2940 ?
2742 2884 2984 2955 lntellige
3017 2883 3182 2954 igitur
3215 2881 3360 2952 quod
3404 2881 3578 2934 donec

1993 2986 2193 3044 fuerint
2220 2981 2495 3054 discipuli,
2531 2981 2772 3034 minores
2804 2978 2912 3049 50
2945 2985 3107 3031 erunt
3134 2973 3580 3044 praeceptoribus.

1993 3076 2135 3146 quod
2163 3078 2206 3130 si
2234 3067 2647 3144 praestantiOres
2677 3070 2896 3134 fuerint,
2933 3082 3043 3122 non
3073 3075 3236 3121 erunt
3273 3064 3385 3134 jam
3415 3064 3582 3118 disci-

293 3149 488 3264 c'b‘ansp
517 3151 611 3205 καὶ
634 3154 658 3204 ὁ
684 3150 890 3217 δοῦλος,
920 3152 1024 3216 ἕως
1056 3152 1121 3206 ἂν
1203 3154 1410 3221 δοῦλος,
1431 3155 1532 3208 ούκ
1565 3154 1712 3208 ἐστιν
1746 3156 1887 3228 ὑπὲρ
1913 3202 1958 3264 C

1913 3202 1958 3264 Ο
1995 3167 2105 3237 puli
2140 3184 2155 3222 :
2187 3164 2649 3236 quemadmodum
2677 3171 2733 3216 et
2754 3176 2953 3217 servus
2983 3157 3229 3228 quandin
3266 3167 3348 3216 est
3373 3171 3586 3219 servus,

294 3241 390 3294 τὸν
416 3242 604 3314 κύριον
638 3243 829 3299 αὐτοῦ.

375 3353 394 3386 ι
432 3335 494 3389 Εἰ
521 3336 611 3389 τὸν
670 3336 1057 3410 οἰκοδεσπότην
1126 3339 1457 3405 Βεελςεϐοὺλ
1512 3343 1884 3409 άπεκάλεσαν,

300 3426 455 3496 πόσῳ
491 3427 694 3494 μᾶλλον
725 3430 852 3492 τοὺς
880 3431 1160 3494 οἰκιακοὺς
1181 3433 1381 3498 aurai;
1441 3434 1534 3505 Μὴ
1591 3433 1685 3489 οὗν
1716 3437 1889 3506 φοϐηο

301 3517 434 3586 θῆτε
485 3519 724 3583 αὐτοὺς,
759 3520 913 3573 οὐδὲν
941 3523 1048 3595 γάρ
1097 3524 1216 3577 ἔστι
1263 3525 1684 3596 κεκαλυμμένον
1737 3528 1893 3584 ὂ.ούκ

301 3608 852 3680 ἀποκαλυφθήσεται,
878 3613 973 3664 καὶ
999 3614 1240 3683 κρυπτὸν
1261 3613 1289 3667 ὃ
1330 3615 1388 3668 ού
1428 3617 1832 3689 γνωσθήσεται.
1870 3641 1886 3673 ι

305 3703 758 3773 Παραμυθείσθε,
795 3705 983 3775 φησὶν,
1017 3705 1127 3761 ἀπὸ
1156 3707 1264 3760 τῶν
1289 3708 1440 3778 ὲμῶν
1467 3725 1480 3740 ·
1545 3712 1594 3762 εἰ
1635 3713 1746 3783 γὰρ
1793 3715 1894 3784 ἐμὲ

303 3794 543 3865 ἄρχοντα
572 3795 682 3848 τῶν
712 3796 1008 3867 δαιμονίων
1039 3800 1330 3867 ἐκάλεσαν,
1375 3801 1429 3853 τί
1469 3801 1642 3858 δεινὸν
1672 3808 1719 3858 εἰ
1752 3807 1896 3876 ύμᾶς

303 3889 620 3943 διαϐαλοῦσι
647 3891 774 3952 τοὺς
801 3891 1036 3954 οἰκείους
1054 3893 1178 3962 ἐμοί
1204 3911 1218 3956 ;
1247 3895 1544 3958 Οίκιακοὺς
1566 3898 1676 3968 γὰρ
1701 3900 1899 3964 αὐτοὺς

305 3985 586 4040 ἐκάλεσεν.
621 3986 763 4040 Ἀλλ’
791 3987 853 4039 ού
884 3986 1128 4054 δούλους,
1149 3989 1249 4058 τὴν
1282 3990 1416 4060 πρὸς
1449 3993 1649 4056 αὐτοὺς
1683 3994 1901 4059 δεικνὺς

304 4079 638 4149 οἰκειότητα.
689 4078 854 4132 Ἀλλά
877 4078 1154 4151 θαρρεῖτε.
1186 4083 1260 4134 Οὐ
1291 4083 1399 4153 γὰρ
1452 4086 1485 4154 ή
1515 4085 1745 4155 ἀλήθεια
1771 4105 1902 4156 συγ-

306 4169 668 4242 κρυϐήσεται,
694 4170 811 4222 ἀλλ’
837 4171 865 4222 ό
893 4171 1086 4240 χρόνος
1121 4172 1286 4237 δείξει
1331 4176 1426 4229 καὶ
1446 4175 1545 4246 τὴν
1579 4177 1735 4248 ὑμῶν
1765 4181 1901 4250 ἀρε.

307 4263 430 4334 τὴν,
456 4263 552 4317 καὶ
576 4262 675 4334 τήν
706 4262 818 4315 τῶν
844 4263 1247 4320 διαϐαλλόντων
1297 4267 1522 4332 κακίαν,
1553 4269 1617 4322 ού
1648 4272 1755 4342 γάρ
1786 4273 1903 4328 ὲστι

307 4357 553 4427 κρυπτὸν
579 4356 607 4408 ὃ
633 4355 695 4408 ού
725 4355 1102 4427 γνωσθήσεται
1125 4373 1138 4387 ·
1171 4356 1315 4412 ὥστε
1334 4360 1387 4412 εί
1411 4360 1506 4414 καὶ
1531 4360 1901 4431 διαϐαλοῦσιν,

307 4447 423 4502 ἀλλ’
466 4445 694 4517 ὕστερον
723 4445 1043 4516 γνωριοῦσικ
1079 4445 1248 4516 ὑμᾶς.

387 4659 406 4692 ι
442 4641 507 4695 Ὀ
528 4640 675 4708 λέγω
701 4641 829 4708 ύμῖν
859 4639 917 4692 ὲν
941 4641 1007 4709 τῇ
1049 4638 1262 4708 σκοτίᾳ,
1305 4636 1495 4690 εἴπατε
1541 4636 1601 4689 ὲν
1632 4636 1711 4706 τῷ
1743 4637 1904 4705 φωτί.

311 4733 422 4786 Καὶ
442 4730 471 4784 δ
498 4733 578 4794 είς
609 4731 670 4783 τὸ
707 4730 802 4793 οὓς
823 4729 1078 4793 ἀκούετε,
1133 4729 1410 4800 κηρύξατε
1452 4729 1545 4781 ἐπὶ
1580 4727 1691 4782 τῶν
1722 4730 1906 4800 δωμά-

309 4838 438 4876 των.
470 4839 488 4872 ι
529 4820 730 4890 "Amp,
767 4821 924 4888 φησὶ,
967 4819 1154 4888 μόνοις
1185 4818 1314 4886 ύμῖν
1372 4809 1549 4882 εἷπον,
1597 4817 1692 4869 καὶ
1721 4818 1778 4870 εν
1827 4819 1908 4872 ἑνὶ

309 4914 484 4983 τόπῳ,
513 4910 672 4966 τοῦτο
702 4913 814 4982 γάρ
849 4911 1052 4965 ἔστιτὸ
1074 4910 1210 4980 πρὸς
1244 4910 1305 4963 τὺ
1344 4905 1436 4972 οὖς
1466 4910 1559 4964 καὶ
1588 4911 1645 4963 ὲν
1678 4913 1744 4981 τῇ
1777 4927 1905 4965 σκο-

308 5004 590 5074 τίᾳ.μετὶι
643 5003 961 5076 παρρησίας
1013 5001 1262 5068 διδάξατε
1315 5002 1408 5055 καὶ
1477 4999 1904 5072 μεγαλοφώνως,

311 5097 454 5150 ὥστε
481 5094 690 5158 πάντας
726 5095 950 5156 ἀκούειν
1000 5094 1176 5164 ὑμῶν.
1213 5093 1374 5146 Ἐπεὶ
1425 5093 1482 5146 δὲ
1512 5096 1578 5164 τῇ
1620 5096 1908 5166 παρρησίᾳ

310 5189 536 5241 ἕπονται
559 5187 651 5240 καὶ
681 5187 939 5249 κίνδυνοι,
972 5186 1171 5254 ἐπάγει
1208 5203 1220 5217 ·

389 5300 410 5332 ι
454 5280 562 5334 Καὶ
617 5278 690 5349 μὴ
729 5278 1006 5351 φοϐηθῆτε
1060 5279 1170 5333 ἀπὸ
1221 5279 1330 5333 τῶν
1377 5278 1816 5336 ἀποκτεινόντων
1846 5282 1909 5335 τὸ

315 5373 497 5440 σῶμα,
529 5371 628 5439 τὴν
669 5371 726 5424 δὲ
752 5371 935 5442 ψυχὴν
967 5371 1042 5442 μὴ
1074 5371 1390 5441 δυναμένων
1423 5372 1768 5438 ἀποκτεῖναι,
1807 5390 1906 5442 φο-

313 5464 518 5535 ϐήθητε
547 5464 601 5518 δὲ
633 5465 837 5535 μᾶλλον
865 5463 956 5516 τὸν
981 5463 1281 5533 δυνάμενον
1299 5465 1392 5517 καὶ
1419 5464 1598 5536 ψυχὴν
1620 5463 1716 5518 καὶ
1746 5464 1912 5534 σῶμα

312 5556 583 5610 ἀπολέσαι
610 5557 667 5609 ἐν
683 5557 898 5629 γεέννῃ.
918 5575 935 5609 ι
971 5556 1225 5610 Διδάσκει
1254 5559 1349 5610 καὶ
1368 5556 1604 5611 θανάτου
1631 5575 1906 5627 καταφρο-

313 5649 428 5701 νεῖν
450 5662 465 5678 ο
506 5646 860 5718 φοϐερωτέρα
884 5649 1015 5717 γὰρ,
1050 5649 1239 5717 φησιν,
1277 5651 1310 5719 ἡ
1337 5651 1395 5702 ὲν
1435 5648 1634 5722 γεέννῃ
1653 5649 1906 5712 κόλασις.

313 5741 361 5791 οἱ
399 5737 496 5807 μὲν
535 5740 641 5812 γάρ
697 5740 1056 5804 θανατοῦντες
1123 5740 1292 5812 μόνης
1375 5741 1580 5812 σαρκὸς
1627 5741 1909 5795 ποιοῦνται

320 5831 548 5903 μίὶορὰν,
587 5832 680 5901 τὴν
709 5831 764 5885 δξ
797 5833 972 5904 ’ξυχὴν
1022 5832 1183 5904 τυχὸν
1218 5835 1307 5888 καὶ
1335 5834 1722 5905 εὐεργετοῦσιν
1743 5850 1754 5862 ’
1797 5836 1823 5887 ὁ
1855 5833 1912 5888 δὲ

1993 3271 2099 3315 n’on
2130 3261 2236 3314 erit
2259 3272 2422 3327 supra
2458 3257 2736 3311 dominum
2764 3269 2945 3311 suum.

2064 3350 2228 3407 Vens.
2257 3351 2348 3414 25,
2391 3348 2481 3404 26.
2519 3367 2536 3401 ι
2581 3347 2638 3403 Si
2698 3349 2876 3419 ipsum
2933 3346 3384 3418 patremfamilias
3427 3359 3588 3398 voca-

1993 3451 2190 3498 verunt
2221 3440 2553 3505 Beelzebub,
2597 3448 2800 3508 quanto
2837 3438 3010 3507 magis
3041 3437 3372 3493 domesticos
3398 3435 3542 3488 illius
3570 3433 3596 3485 ἲ

1994 3533 2074 3588 Ne
2102 3533 2270 3605 igitur
2298 3531 2534 3586 timentis
2556 3542 2652 3584 eos
2683 3544 2696 3580 :
2734 3527 2870 3594 nihil
2899 3528 3047 3584 enim
3074 3537 3160 3582 est
3186 3536 3417 3590 tectum,
3446 3525 3592 3592 quod

2001 3643 2104 3683 non
2145 3626 2216 3681 sit
2255 3621 2609 3693 retegendum
2641 3639 2656 3676 :
2687 3630 2745 3676 et
2770 3620 2901 3674 nihil
2950 3618 3226 3676 occultum
3261 3618 3393 3687 quin
3433 3616 3595 3689 futu-

2000 3733 2117 3773 rum
2151 3725 2210 3771 ut
2243 3717 2470 3771 sciatur.
2505 3733 2522 3766 ι
2565 3712 3029 3776 Consolationem,
3068 3711 3265 3779 inquit,
3299 3711 3535 3781 accipite
3568 3727 3595 3762 a
3640 3772 3649 3782 .

2002 3824 2109 3862 tne.
2140 3806 2200 3868 ,Si
2251 3805 2399 3861 enim
2439 3819 2527 3858 me
2559 3803 2862 3873 principem
2916 3801 3306 3857 dmmoniorum
3364 3815 3596 3874 vocave-

2003 3909 2152 3963 runt,
2181 3899 2312 3968 quid
2341 3912 2504 3969 grave
2529 3897 2573 3951 si
2606 3903 2661 3952 et
2685 3908 2786 3952 vos
2812 3894 3113 3949 familiares
3152 3908 3303 3948 mens
3334 3891 3600 3948 coitviciis

2006 4001 2191 4047 laxent
2218 3993 2251 4046 ἓ
2275 3990 2616 4046 Domesticos
2666 3989 2922 4049 vocavit.
2991 4003 3096 4043 non
3149 4000 3333 4041 autem
3388 4001 3598 4045 servos.

2005 4100 2160 4141 suam
2193 4098 2323 4154 erga
2355 4083 2476 4140 illos
2501 4083 2791 4138 declarans
2833 4082 3285 4138 familiaritatem.
3328 4079 3434 4135 Sed
3466 4095 3598 4133 ron-

2005 4172 2178 4239 fldite,
2211 4172 2419 4228 veritas
2455 4187 2563 4228 non
2619 4172 3003 4235 occultabitur,
3042 4172 3136 4226 sed
3197 4181 3410 4240 tempus
3451 4185 3607 4223 rcvc-

2010 4263 2222 4318 Iabitet
2247 4269 2485 4317 vestram
2523 4262 2804 4328 virtutem,
2856 4271 2908 4318 et
2952 4261 3384 4316 conviciatortnn
3441 4250 3600 4313 mali-

2011 4355 2164 4410 tiam.
2197 4354 2342 4410 Niltil
2373 4354 2519 4410 enim
2551 4363 2637 4410 est
2681 4353 2982 4420 occultum,
3017 4353 3159 4422 quod
3215 4368 3320 4407 non
3370 4352 3599 4406 sciatur.

2009 4446 2165 4503 Licet
2218 4445 2384 4516 igitur
2433 4461 2580 4500 nunc
2640 4445 2970 4509 traducaut,
3016 4453 3197 4500 tamen
3270 4454 3458 4515 postea
3511 4461 3612 4499 vos

1940 4545 1984 4601 D
2013 4539 2178 4595 etiam
2210 4537 2388 4593 claros
2422 4537 2670 4593 reddent.

2087 4631 2249 4688 Vens.
2280 4632 2372 4688 27.
2415 4649 2434 4682 ι
2472 4630 2623 4698 Quod
2652 4631 2773 4686 dico
2800 4631 2955 4687 vobis
2984 4632 3036 4686 in
3079 4633 3337 4700 tenebris,
3368 4634 3472 4688 hoc
3519 4637 3606 4689 di-

2009 4727 2117 4782 cite
2157 4726 2210 4779 in
2243 4724 2362 4779 luce
2394 4740 2409 4778 :
2437 4724 2660 4794 etquod
2691 4724 2744 4778 in
2796 4739 2987 4779 aurem
3034 4725 3256 4790 auditis,
3311 4726 3609 4794 praedicam

2011 4819 2064 4871 in
2103 4817 2281 4872 tectis.
2334 4834 2353 4867 ι
2394 4812 2451 4868 ld
2473 4815 2616 4884 quod
2649 4828 2896 4887 seorsum
2945 4815 3056 4869 dixi
3113 4815 3286 4879 vobis,
3326 4828 3380 4871 et
3417 4818 3470 4869 in
3501 4833 3606 4869 nuo

2008 4911 2150 4974 loco,
2186 4912 2288 4964 hoc
2315 4907 2662 4972 eateuim,in
2693 4921 2879 4964 aurem
2932 4917 2988 4962 et
3025 4907 3080 4962 in
3108 4908 3370 4975 tenebris,
3437 4908 3609 4964 ﬁden-

2012 5016 2095 5060 ter
2132 5005 2323 5059 docete
2376 5011 2433 5056 et
2465 5014 2665 5071 magna
2699 5013 2855 5066 voce,
2909 4999 2983 5054 ita
3015 5007 3075 5054 ut
3123 5015 3314 5055 omnes
3366 5016 3463 5057 vos
3512 5017 3607 5055 au-

2012 5097 2182 5150 diant.
2225 5093 2360 5161 Quia
2422 5102 2603 5148 autem
2657 5092 2872 5148 dicendi
2923 5093 3238 5148 libertatem
3283 5104 3332 5148 et
3371 5093 3607 5163 pericula

2011 5195 2340 5256 sequuntur,
2372 5182 2556 5239 subdit
2594 5203 2606 5238 :
3000 5231 3010 5235 -

2085 5278 2250 5334 Vsus.
2279 5278 2372 5336 28.
2415 5298 2433 5333 ι
2475 5278 2543 5333 Ει
2602 5294 2669 5336 ne
2724 5278 2959 5334 timeatis
2991 5279 3061 5334 ab
3095 5277 3182 5334 bis
3211 5279 3301 5348 qui
3353 5280 3611 5335 occidunt

2015 5386 2252 5440 corpus,
2308 5372 2550 5426 animam
2603 5379 2786 5425 autem
2844 5384 2955 5425 non
3006 5379 3237 5440 possunt
3306 5372 3607 5427 occidere:

2016 5463 2202 5518 timete
2224 5474 2405 5518 autem
2446 5463 2618 5533 magis
2657 5476 2781 5516 eum
2815 5463 2906 5532 qui
2955 5470 3138 5531 potest
3162 5471 3217 5517 et
3259 5463 3503 5516 animam
3558 5470 3613 5516 et

2013 5571 2211 5625 corpus
2245 5556 2475 5624 perdere
2522 5554 2574 5607 in
2624 5553 2948 5625 gehennam.
3014 5574 3031 5606 ι
3073 5554 3238 5608 Docet
3276 5564 3329 5609 et
3376 5563 3607 5608 mortem

2015 5647 2487 5702 contemnendam.
2522 5645 2845 5700 Tcrribilins
2891 5646 3060 5710 enim,
3100 5645 3300 5715 inquit,
3345 5646 3609 5716 gehennae

2015 5738 2338 5808 supplicium
2383 5746 2487 5793 cst.
2523 5735 2625 5802 Qui
2671 5737 2814 5791 cnim
2848 5737 3127 5799 occidunt,
3177 5737 3352 5791 solum
3411 5753 3612 5806 corpus

2021 5833 2350 5899 destruunt,
2421 5833 2615 5887 animm
2675 5839 2856 5886 autem
2922 5828 3170 5887 fortassis
3240 5830 3590 5888 bencfaclnnt
