4288 6444
752 408 853 473 251
1626 404 2205 467 THEUPHYLACTI
2258 404 2671 467 BULGARUE
2708 407 3069 470 ARCHIEP.
3886 394 4006 460 252

754 516 865 585 puli
894 516 1140 577 Joannis,
1171 530 1238 570 ne
1264 517 1506 570 videatur
1535 516 1583 571 ei
1614 515 1845 571 adulari.
1881 514 2200 570 Vaticinium
2232 530 2330 567 au—
2354 517 2403 575 Α
2431 516 2447 569 1

2325 545 2330 554 ι
2354 517 2403 575 Α
2431 516 2687 583 Χριστὸς,
2725 516 2810 569 ενα
2854 518 2929 586 μὴ
2958 516 3087 589 δόξῃ
3119 513 3440 569 κολακεύειν
3465 513 3695 566 ἐκεῖνον.
3724 506 4018 578 Μαλαχιου

759 617 866 658 tein
890 606 1091 659 dictum
1127 604 1400 660 Halacliim
1424 616 1527 659 est.
2431 605 2452 658 ε

1472 616 1527 659 ιι.
2431 605 2540 675 δὲή
2571 607 2803 676 ῥηθείσα
2834 608 3165 680 προφητεία.

827 718 994 773 Vsas.
1024 719 1109 773 11.
1150 734 1169 767 ι
1200 716 1527 772 Amendico
1561 718 1734 782 vobis,
1768 734 1873 773 non
1902 698 2143 773 surréxit
2185 719 2329 773 inter
2510 736 2520 767 ι

2323 734 2329 747 ι
2510 736 2529 767 ε
2581 718 2756 787 *Αμὴν
2785 720 2930 787 λέγω
2972 719 3123 788 ὑμῖν,
3152 718 3254 771 οὐκ
3302 719 3598 786 ἐγήγερται
3624 718 3682 769 ὲν
3729 712 4016 783 γεννητοῖς

757 820 908 864 natos
930 808 1208 861 mulierum
1241 808 1409 875 major
1440 808 1647 863 Joanne
1671 810 1928 877 Baptista.
1961 827 1980 860 ι
2003 807 2140 863 Cum
2175 807 2322 863 allir-
2428 828 2450 877 ιι

2428 810 2710 877 γυναικῶν
2765 810 2969 881 μείζων
3006 810 3257 864 Ἰωάννου
3290 808 3383 863 τοῦ
3418 806 3748 861 Βαπτιστοῦ.
3787 824 3805 855 ι
3854 800 4016 857 Μετὰ

757 900 989 954 matione
1027 899 1128 953 hoc
1160 899 1359 953 asserit
1393 899 1536 967 quod
1567 914 1671 953 non
1701 900 1772 953 sit
1801 900 2084 967 quisquam
2122 897 2327 953 Joanne
2435 903 2450 974 ξ

2319 915 2327 952 t
2435 902 2785 974 βεϐαιώσεως
2829 904 2986 957 τοῦτο
3032 903 3419 967 ἀποφαίνεται,
3467 903 3551 955 ὅτι
3598 901 3699 954 οὐκ
3743 898 3859 952 εστι
3921 912 4012 959 τις

756 988 941 1054 maior.
982 987 1177 1042 Dicens
1220 997 1401 1042 autem
1452 988 1758 1053 mulierum,
1811 988 2047 1059 seipsum
2091 989 2325 1059 excepit.

751 1079 999 1135 Christus
1038 1080 1184 1134 enim
1239 1094 1269 1134 ο
1314 1080 1523 1149 virgine
1573 1088 1733 1134 natus
1776 1091 1880 1141 est,
1926 1095 2032 1135 non
2078 1080 2325 1145 muliere,

751 1187 871 1239 quae
898 1173 1073 1226 virum
1104 1188 1291 1241 passa.
1326 1192 1344 1224 ε
1399 1172 1499 1237 Qui
1530 1180 1712 1226 autem
1751 1173 1928 1227 minor
1954 1182 2035 1226 est
2066 1173 2120 1226 in
2161 1186 2330 1240 regno

753 1262 1037 1325 cmlorum,
1064 1264 1239 1331 major
1274 1263 1365 1317 illo
1385 1270 1485 1318 est.
1532 1282 1551 1313 ι
1578 1262 1845 1328 Quoniam
1878 1264 2074 1319 multas
2103 1261 2328 1317 Joannis

755 1354 864 1426 δή
899 1356 1082 1409 laudes
1114 1356 1350 1420 dixerat,
1379 1365 1436 1408 ut
1469 1371 1537 1409 ne
1581 1364 1769 1425 putent
1801 1357 1942 1424 quod
1968 1365 2023 1409 et
2053 1370 2112 1410 se
2155 1354 2328 1423 major

756 1448 827 1500 sit
856 1446 960 1509 ille,
1009 1446 1181 1512 inquit
1226 1446 1328 1498 hoc
1360 1446 1477 1499 loco
1526 1444 1883 1512 manifestius,
1926 1447 2069 1515 quod
2094 1460 2197 1515 ego
2229 1445 2328 1499 mi-

757 1552 874 1599 nor,
906 1546 959 1591 et
986 1546 1111 1591 natu
1140 1537 1347 1606 junior,
1380 1549 1433 1592 et
1456 1540 1611 1606 juxta
1637 1548 1870 1594 vostram
1898 1540 2211 1609 opinionem
2246 1540 2329 1594 in-

756 1628 940 1692 ferior,
971 1630 1144 1697 major
1180 1630 1273 1685 illo
1307 1646 1425 1685 sum
1463 1632 1513 1685 in
1552 1646 1717 1701 regno
1756 1631 2039 1698 caelorum,
2076 1633 2178 1687 hoc
2216 1643 2328 1698 est,

757 1720 809 1773 in
836 1720 1202 1786 spiritualibus
1246 1730 1300 1775 et
1330 1720 1647 1775 caelestibus
1682 1722 1855 1776 bonis.
1902 1720 2033 1775 Nam
2068 1722 2155 1778 hic
2204 1724 2325 1793 qui-

756 1805 874 1865 de'm
904 1814 1017 1881 ipso
1060 1814 1239 1868 minor
1280 1828 1422 1874 sum.
1458 1823 1513 1869 et
1543 1823 1815 1882 quatenus
1859 1815 2009 1882 prior
2040 1830 2127 1870 me
2166 1827 2326 1870 natus

754 1912 858 1968 est,
884 1914 937 1957 et
966 1913 1235 1973 quatenus
1267 1904 1381 1973 ipso
1409 1903 1560 1959 vobis
1581 1918 1809 1973 magnus
1834 1904 2053 1961 videtur
2100 1908 2192 1962 sed
2221 1905 2328 1961 illic

757 1992 927 2061 major
958 2010 1100 2049 sum.

823 2308 989 2366 Vna.
1037 2312 1123 2365 12.
1162 2330 1179 2363 ι
1221 2312 1263 2365 Α
1302 2312 1493 2367 diebus
1544 2321 1722 2369 autem
1790 2314 2013 2373 Joannis
2067 2318 2326 2390 Baptista:

756 2415 929 2470 usque
961 2400 1027 2453 ad
1059 2402 1201 2455 hunc
1233 2401 1373 2456 diem
1417 2418 1643 2472 regnum
1672 2405 1932 2461 caelorum
1966 2409 2072 2461 vim
2106 2411 2329 2479 patitur,

754 2501 809 2544 et
828 2493 1041 2547 violenti
1068 2494 1280 2562 rapiunt
1316 2494 1461 2548 illud.
1495 2514 1513 2546 ι
1540 2496 1803 2551 Videntur
1819 2497 1935 2554 haec
1964 2502 2332 2571 superioribus

762 2601 868 2639 non
920 2589 1216 2653 cohaerere,
1265 2588 1358 2641 sed
1432 2603 1538 2643 non
1603 2588 1680 2643 sic
1711 2588 1896 2646 habet.
1953 2592 2087 2647 Vide
2146 2595 2329 2663 igitur,

755 2682 957 2733 etenim
1012 2680 1079 2733 de
1137 2695 1198 2735 se
1263 2680 1477 2735 dixerat
1535 2680 1786 2737 Christus
1836 2686 1978 2751 quod
2037 2687 2214 2757 major
2258 2689 2332 2742 sit

752 2770 985 2833 Joanne,
1046 2782 1100 2827 et
1164 2773 1309 2843 cogit
1353 2772 1471 2827 illos
1522 2784 1579 2825 ut
1622 2775 1671 2827 ei
1715 2775 1965 2837 credant,
2032 2778 2328 2834 ostendens

754 2865 902 2933 quod
965 2864 1116 2918 multi
1169 2865 1385 2931 rapiunt
1452 2880 1675 2934 regnum
1750 2866 2038 2932 caelorum,
2078 2868 2180 2923 hoc
2224 2882 2327 2937 est,

759 2956 914 3009 fidem
957 2956 1007 3009 in
1035 2970 1113 3009 se.
1165 2955 1312 3025 Opus
1337 2965 1514 3010 autem
1558 2966 1642 3010 est
1693 2956 1892 3011 virtute
1927 2960 2115 3012 multa.
2147 2960 2331 3018 Relin-

754 3062 923 3117 quere
967 3048 1110 3102 enim
1156 3058 1363 3116 patrem
1408 3056 1462 3100 et
1512 3057 1761 3115 matrem,
1809 3061 1864 3105 ct
1906 3052 2140 3105 animam
2174 3067 2329 3108 suam

757 3150 1125 3201 contemnere,
1156 3148 1356 3208 quanta
1405 3136 1519 3192 vis?

832 3343 994 3398 Vens.
1030 3343 1111 3399 15.
1166 3364 1185 3397 ι
1225 3344 1425 3401 Omnes
1472 3348 1618 3402 enim
1655 3348 1932 3417 prophetae
1980 3358 2033 3404 et
2082 3351 2195 3421 ipsa
2242 3353 2325 3408 lex

757 3451 927 3504 usque
957 3436 1021 3489 ad
1058 3435 1321 3490 Joannem
1353 3438 1890 3507 prophetizaveruat.
1932 3459 1952 3491 ι
1979 3440 2047 3495 Ει
2072 3443 2171 3499 hoc
2195 3446 2329 3500 bene

760 3530 846 3581 illa
888 3530 1273 3598 consequitur:
1324 3531 1453 3584 dicit
1480 3532 1662 3586 enim:
1709 3533 1821 3598 Ego
1863 3548 1981 3586 sum
2015 3534 2102 3589 ille
2141 3547 2330 3590 ventu—

758 3638 871 3688 rus,
904 3638 1093 3677 omnes
1117 3624 1260 3676 enim
1293 3624 1567 3692 propheta:
1592 3624 1793 3693 impleti
1817 3635 1969 3679 sunt.
2006 3626 2121 3681 Non
2150 3639 2329 3683 autem

758 3714 961 3782 impleti
1005 3713 1259 3779 fuissent,
1299 3716 1343 3770 si
1386 3731 1487 3785 ego
1525 3731 1632 3771 non
1658 3716 1949 3771 venissem.
1998 3718 2138 3774 Nihil
2168 3722 2333 3791 igitur

758 3808 1083 3875 exspectetis
1128 3807 1374 3863 ulterius.

832 3946 996 3999 Vens.
1042 3948 1121 4000 14.
1162 3966 1180 3997 ε
1222 3945 1285 3999 Et
1326 3945 1369 4001 si
1416 3947 1578 4001 vultis
1605 3948 1871 4018 recipere,
1910 3950 2022 4015 ipse
2067 3964 2146 4007 est
2185 3955 2329 4007 lilias

759 4038 847 4093 itle
874 4039 963 4107 qui
991 4048 1249 4093 venturus
1289 4048 1430 4093 er‘at.
1475 4058 1493 4090 ι
1526 4040 1581 4094 Si
1612 4041 1796 4105 vultis,
1833 4042 2027 4111 inquit,
2064 4047 2330 4110 accipere,

761 4128 861 4181 hoc
889 4140 992 4190 est,
1031 4129 1074 4181 si
1102 4143 1233 4182 sana
1270 4128 1745 4195 mentejuzlicatis,
1769 4142 1823 4184 et
1852 4147 1957 4184 non
1992 4134 2194 4195 ἱηγὶιιο,
2221 4136 2335 4202 ipse

758 4232 837 4273 est
868 4220 1011 4273 Elias
1041 4234 1198 4287 quem
1230 4220 1365 4273 dixit
1408 4221 1674 4290 propheta
1703 4221 1997 4277 Malacliias
2020 4234 2329 4279 venturum.

762 4313 971 4366 Etenim
1008 4312 1319 4365 Ptmcursor
1372 4328 1435 4366 ac
1470 4313 1613 4366 Elias
1652 4314 1788 4366 idem
1823 4318 2143 4370 sortitisunt
2178 4319 2336 4371 mini-

761 4404 1034 4456 sterium:
1086 4413 1139 4456 et
1185 4404 1271 4457 hic
1318 4403 1535 4472 quidem
1595 4405 1788 4472 prioris
1836 4408 2125 4472 adventus,
2192 4408 2336 4465 Elias

760 4511 938 4548 autem
1006 4495 1322 4561 posterioris
1384 4513 1705 4565 pragcursor.
1770 4499 1972 4552 Deinde
2038 4502 2334 4556 ostendens

760 4588 899 4652 quod
932 4587 1158 4654 El'tliglnﬂ
1185 4587 1255 4639 sit
1295 4584 1556 4641 Joannem
1593 4588 1761 4640 Elian]
1797 4604 1937 4654 esse,
1975 4601 2027 4643 ct
2060 4591 2335 4647 intellectu

760 4691 893 4744 opus
932 4678 995 4728 atl
1031 4678 1465 4746 intelligendum,
1496 4678 1669 4747 inquit
1699 4698 1711 4731 :

831 4884 995 4939 Vens.
1062 4886 1147 4939 15.
1206 4903 1225 4935 ι
1286 4887 1387 4950 Qui
1446 4885 1605 4939 habet
1650 4900 1808 4940 aures
1855 4889 1919 4940 ad
1984 4888 2334 4957 audiendum,

760 4976 963 5029 aualiat.
1029 4994 1046 5026 ι
1094 4976 1167 5029 Ita
1224 4977 1486 5032 inducens
1534 4990 1629 5031 eos
1680 4988 1738 5031 ut
1777 4979 2113 5050 interrogent
2160 4996 2222 5037 ac
2258 4983 2339 5037 (li-

760 5078 931 5123 scatit.

835 5183 993 5237 Vens.
1036 5184 1120 5250 l6,
1176 5186 1262 5239 17.
1316 5205 1333 5237 ε
1385 5186 1482 5241 Cui
1522 5198 1702 5241 autem
1745 5190 2058 5246 assimilabo
2102 5206 2335 5262 genera-

761 5277 959 5329 tionem
997 5278 1176 5330 banc?
1210 5278 1415 5332 Similis
1449 5288 1532 5332 est
1560 5281 1745 5348 pueris
1773 5284 2090 5337 sedentibus
2114 5283 2167 5338 in
2196 5285 2333 5347 loro,

757 5376 810 5421 et
857 5365 1279 5422 acclamantibus
1313 5371 1590 5424 sodalibus
1634 5372 1746 5424 suis
1776 5381 1829 5425 ct
1864 5373 2207 5429 dicentibus:
2239 5373 2335 5427 Ti-

759 5460 842 5512 bia
902 5460 1204 5513 cecinimus
1258 5462 1433 5525 vobis,
1478 5479 1532 5517 et
1584 5480 1689 5518 non
1738 5466 2030 5520 saltastis:
2083 5466 2333 5537 lugubria

758 5553 1054 5606 t't‘tfinlliIUS
1099 5553 1269 5617 vobis,
1318 5564 1370 5607 ct
1405 5571 1509 5609 non
1552 5556 1857 5625 planxistis.
1901 5576 1917 5607 ι
1958 5557 2203 5612 lnsiunat
2246 5559 2334 5613 hic

756 5641 1063 5697 Jn-irrornm
1122 5646 1513 5701 morositatem.
1568 5648 1817 5702 Diﬂiciles
1865 5649 2007 5702 enim
2069 5650 2330 5712 moribus,

760 5752 932 5804 tacqnc
974 5736 1194 5791 Joannis
1240 5739 1578 5805 austeritate,
1628 5755 1804 5811 neque
1835 5739 2038 5795 Christi
2072 5740 2335 5809 simplici-

761 5840 867 5885 tate
904 5831 1117 5884 imitari
1152 5845 1447 5901 potuerunt
1479 5852 1489 5887 :
1527 5836 1616 5888 scil
1658 5836 1864 5892 similes
1898 5835 2116 5890 fuerunt
2150 5837 2333 5905 put-ris

2432 994 2637 1063 μείζων
2694 995 2977 1047 Ἰωάννου*
3024 993 3311 1062 γυναικῶν
3353 992 3410 1045 δὶ
3471 991 3664 1057 εἰπὼν,
3717 987 4012 1053 ὐπεξείλεν

2431 1085 2645 1138 ἑαυτόν.
2699 1085 2872 1149 Αὐτὸς
2949 1085 3057 1155 γὰρ
3107 1087 3135 1138 6
3173 1086 3408 1155 Χριστὸς
3459 1084 3719 1153 γεννητὸς
3757 1078 3828 1152 ἦν
3860 1095 4009 1149 παρ-

2431 1175 2609 1241 θένου,
2644 1176 2766 1246 οὐχ)⁸
2818 1178 3103 1245 γυναικὸς,
3152 1177 3456 1238 τουτέστιν,
3502 1174 3766 1242 ἐλθούσης
3797 1175 3877 1236 είς
3906 1173 4014 1239 γά-

2432 1284 2555 1333 μον.
2598 1286 2616 1319 ι
2676 1268 2736 1321 '0
2765 1269 2821 1320 δὲ
2854 1269 3180 1339 μικρότερος
3222 1270 3280 1321 εν
3310 1269 3377 1337 τῇ
3425 1266 3677 1336 βασιλείᾳ
3706 1265 3816 1318 τῶν
3840 1265 4012 1333 οὐρα-

2430 1357 2545 1410 νῶν
2613 1359 2816 1428 μείζων
2877 1357 3044 1411 αὐτοῦ
3121 1360 3291 1411 ἐστιν.
3366 1357 3582 1427 Ἐπειδὴ
3640 1354 3809 1410 πολλὰ
3856 1350 4014 1407 εἶπεν

2430 1446 2684 1515 ἐγκώμια
2715 1448 2845 1518 περὶ
2892 1447 3164 1513 Ἰωάννου,
3198 1447 3286 1501 τνα
3337 1448 3413 1517 μὴ
3448 1446 3760 1515 νωμίσωσιν
3800 1446 3882 1498 ὄτι
3917 1444 4014 1496 καὶ

2430 1540 2595 1593 αὐτοῦ
2645 1541 2852 1611 μείζων
2891 1540 3041 1593 ἐστὶν
3086 1540 3317 1604 ἐκεῖνος,
3350 1538 3517 1609 φησὶν
3566 1537 3807 1592 ἐνταῦθα
3845 1552 4014 1605 φανε-

2432 1631 2690 1702 ρώτερον,
2714 1634 2799 1685 ὅτι
2828 1635 2857 1685 6
2883 1633 3210 1703 μικρότερος
3241 1630 3353 1699 εγὼ
3374 1632 3471 1685 καὶ
3498 1633 3641 1685 κατά
3667 1631 3765 1701 τὴν
3788 1630 4010 1700 ἠλικίαν

2430 1729 2526 1780 καὶ
2552 1726 2697 1779 κατά
2724 1726 2823 1797 τὴν
2855 1725 3010 1796 ὐμῶν
3045 1726 3340 1796 ὑπόληψιν,
3375 1725 3578 1796 μείζων
3608 1723 3773 1778 αὐτοῦ
3804 1726 3920 1793 είμι
3950 1726 4010 1776 εν

2431 1820 2496 1888 τῇ
2535 1816 2786 1888 βασιλείᾳ
2813 1815 2925 1869 τῶν
2970 1816 3243 1887 οὐρανῶν,
3278 1817 3580 1879 τουτέστιν,
3620 1815 3683 1868 εν
3712 1817 3825 1876 τοῖς
3847 1829 4013 1866 πνευ-

2433 1911 2687 1979 ματικοῖς
2716 1910 2811 1963 καὶ
2835 1909 3113 1979 οὐρανίοις
3144 1908 3393 1977 ἀγαθοῖς.
3444 1906 3713 1961 Ἐνταῦθα
3753 1906 3853 1976 μὶν
3899 1904 4011 1976 γὰρ

2430 2002 2761 2072 ἐλαττοῦμαι
2794 2000 2986 2067 αὐτοῦ,
3016 2003 3109 2055 καὶ
3152 2000 3275 2054 καθ’
3317 2000 3346 2053 δ
3387 1999 3652 2070 πρότερός
3699 2015 3802 2069 μου
3851 1999 4012 2065 ἔγεν-

2429 2095 2588 2166 νῄθη,
2623 2095 2717 2147 καὶ
2756 2093 2879 2147 καθ’
2925 2093 3121 2147 δδοκεῖ
3164 2094 3292 2163 ὑμῖν
3358 2092 3520 2155 αὐτὸς
3580 2090 3775 2161 μέγας,
3809 2093 3927 2145 ἐκεῖ
3954 2091 4013 2145 δι

2434 2187 2637 2257 μείζων
2671 2184 2810 2256 οίμί.

2510 2328 2530 2373 4
2568 2319 2707 2373 Ἀπὸ
2736 2319 2791 2372 δὶ
2822 2318 2933 2371 τῶν
2981 2318 3203 2391 ἡμερῶν
3252 2317 3503 2371 Ἰωάννου
3552 2318 3649 2371 τοῦ
3702 2317 4015 2373 Βαπτιστοῦ

2435 2412 2541 2477 ἓως
2565 2412 2691 2483 άρτι
2738 2412 2771 2481 ἡ
2834 2410 3082 2481 βασιλεία
3114 2410 3223 2463 τῶν
3251 2410 3499 2481 οὐρανῶν
3529 2410 3803 2482 βιάζεται,
3837 2412 3934 2465 καὶ
3963 2413 4013 2463 oi

2436 2505 2658 2575 βιασταὶ
2690 2503 3028 2573 ἁρπάζουσιν
3060 2503 3255 2572 αὐτήν.
3302 2522 3323 2554 ι
3356 2503 3610 2556 Φαίνεται
3652 2502 4015 2557 ἀνακόλουθον

2433 2592 2574 2651 εἶναι
2624 2596 2801 2657 τοῦτο,
2840 2596 2939 2648 οὐκ
2990 2594 3105 2648 ἐστι
3163 2594 3242 2648 δέ.
3304 2596 3506 2649 Σκόπει
3554 2594 3729 2665 γοῦν·
3784 2595 4017 2664 καὶγὰρ

2436 2688 2566 2758 περὶ
2621 2685 2813 2739 ἑαυτοῦ
2865 2685 3035 2739 είπὼν
3076 2688 3103 2739 6
3158 2686 3416 2757 Χριστὸς,
3470 2686 3554 2738 ὅτι
3595 2686 3800 2754 μείζων
3866 2686 4015 2738 ἐστὶν

2432 2778 2706 2839 Ἰωάννου,
2757 2778 2989 2830 συνωθεῖ
3026 2778 3225 2840 αὐτοὺς
3279 2780 3356 2839 είς
3414 2778 3470 2830 τὸ
3501 2778 3791 2831 πιστεῦσαι
3831 2777 4012 2848 αὐτῷ⁸

2432 2872 2694 2924 δεικνύων
2727 2873 2808 2925 ὅτι
2857 2870 3042 2924 πολλοὶ
3077 2870 3387 2941 ἁρπάζουσι
3422 2872 3522 2938 τὴν
3573 2870 3861 2940 βασιλείαν
3903 2870 4014 2923 τῶν

2439 2963 2712 3035 οὐρανῶν,
2748 2964 3022 3029 τουτέστι,
3071 2966 3169 3034 τὴν
3218 2964 3298 3026 είς
3342 2963 3503 3017 αὐτὸν
3548 2963 3768 3015 πίστινο
3805 2963 3927 3032 βίας
3958 2974 4015 3021 οε

2435 3056 2593 3125 χρεία
2623 3055 2845 3123 πολλῆς.
2879 3053 2953 3107 Τδ
2989 3054 3098 3125 γὰρ
3126 3056 3343 3123 ἀφεῖναι
3374 3054 3587 3124 πατέρα
3634 3056 3728 3109 καὶ
3781 3055 4015 3125 μητέρα,

2437 3148 2529 3200 καὶ
2587 3148 2687 3217 τῆς
2739 3146 2916 3217 ψυχῆς
2962 3147 3133 3216 αὐτῆς
3182 3150 3616 3219 καταφρονῆσαι,
3667 3147 3839 3218 πόσης
3894 3147 4014 3219 βίας

2355 3215 2398 3271 c
2434 3240 2553 3294 tati
2576 3256 2593 3301 ;

2509 3373 2529 3407 ε
2599 3355 2808 3419 Πάντες
2848 3356 2957 3425 γὰρ
3018 3355 3069 3408 oi.
3108 3355 3387 3425 προφῆται
3462 3354 3557 3407 καὶ
3608 3357 3637 3407 6
3686 3354 3852 3426 νόμος
3912 3354 4017 3418 ἕως

2443 3448 2689 3501 Ἰωάννου
2739 3450 3179 3519 προεφήτευσαν.
3248 3467 3265 3498 ι
3326 3447 3438 3500 Καὶ
3489 3450 3651 3500 τοῦτο
3696 3449 3796 3518 τῆς
3843 3449 4017 3516 αὐτῆς

2433 3539 2756 3601 ἀκολουθίας
2801 3542 2938 3593 ὲστί.
2962 3540 3100 3609 Φησὶ
3139 3541 3270 3609 γὰρ,
3321 3540 3403 3592 ὅτι
3446 3538 3589 3608 Ἐγώ
3636 3542 3751 3610 εἰμι
3789 3542 3817 3593 6
3862 3540 4015 3611 ἐρχό-

2437 3646 2635 3698 μενος,
2687 3631 2887 3694 πάντες
2936 3633 3045 3702 γάρ
3112 3634 3159 3684 οἱ
3221 3630 3503 3699 προφῆται
3559 3631 3963 3702 πεπλήρωνται
3997 3647 4019 3667 ι

2435 3722 2535 3772 οὐκ
2566 3722 2633 3775 ἂν
2664 3722 2721 3773 δὲ
2763 3722 3189 3791 ἐπληρώθησαν.
3237 3724 3287 3773 εί
3330 3721 3404 3790 μὴ
3447 3719 3559 3791 ἐγὼ
3592 3718 3756 3793 ἦλθον
3786 3740 3800 3753 ·
3848 3722 4017 3793 μηδδν

2433 3814 2525 3867 οὖν
2560 3815 2893 3883 προσδοκᾶτε
2929 3815 3259 3884 περαιτέρω.

2512 3972 2531 4003 ε
2576 3954 2686 4006 Καὶ
2723 3955 2770 4005 εἱ
2822 3952 3003 4005 θέλετε
3049 3952 3329 4016 δέξασθαι,
3385 3953 3547 4016 αὐτός
3576 3954 3725 4007 ἔστιν
3773 3953 3963 4018 Ἠλίας
3995 3956 4025 4008 ό

2440 4046 2649 4115 μέλλων
2678 4046 2955 4116 ἔρχεσθαι.
2996 4065 3012 4095 ι
3041 4046 3102 4097 El
3126 4047 3331 4110 Θέλετε,
3358 4047 3516 4117 φησὶ,
3546 4044 3827 4113 δέξασθαι.
3859 4066 4023 4101 τουτ-

2438 4140 2605 4203 έστιν,
2653 4141 2747 4192 ἐὰν
2779 4140 3143 4209 εὐγνωμόνως
3206 4139 3454 4209 κρίνητε,
3491 4141 3585 4192 καὶ
3620 4140 3695 4210 μὴ
3721 4140 4022 4209 φθονερῶς,

2437 4231 2600 4292 αὐτός
2644 4231 2791 4282 ἐστιν
2820 4229 2879 4281 ὃν
2921 4226 3077 4281 εἶπεν
3110 4231 3137 4281 6
3170 4229 3458 4299 προφήτης
3491 4228 3778 4299 Μαλαχίας
3832 4228 4023 4282 Ἠλίαν

2441 4321 2724 4391 μέλλοντα.
2760 4321 2867 4372 Καὶ
2916 4326 3024 4389 γὰρ
3061 4320 3089 4371 6
3141 4320 3457 4390 Πρόδρομος
3499 4321 3593 4373 καὶ
3636 4321 3665 4372 6
3706 4320 3895 4382 Ἠλίας
3925 4320 4027 4389 τὴν

2437 4414 2607 4483 αὐτὴν
2639 4413 2823 4482 ἔχουσι
2855 4412 3155 4466 διακονίαν.
3211 4412 3269 4465 Ὀ
3296 4412 3395 4480 μὲν
3423 4411 3523 4481 τῆς
3568 4412 3793 4482 πρώτης
3823 4427 4028 4481 παρου-

2443 4506 2563 4568 σίας
2609 4505 2967 4576 προδραμὼν,
3004 4507 3031 4557 6
3076 4504 3134 4560 δὲ
3181 4505 3372 4567 Ἠλίας
3409 4505 3508 4573 τῆς
3544 4504 3850 4575 μελλούσης
3882 4520 4025 4573 προ-

2440 4598 2838 4667 δραμούμενος.
2872 4591 3004 4650 Εἶτα
3035 4597 3301 4651 δεικνύων
3332 4599 3413 4651 ὅτι
3440 4598 3673 4666 αἴνιγμά
3697 4599 3813 4651 ἐστι
3843 4597 3902 4650 τὸ
3934 4598 4027 4649 τὸν

2443 4689 2699 4758 Ἰωάννην
2742 4690 2931 4744 Ἠλίαν
2963 4686 3126 4753 εἶναι,
3157 4690 3253 4743 καὶ
3298 4689 3570 4753 συνέσεως
3604 4690 3765 4761 χρεία
3797 4689 3934 4760 πρὸς
3966 4690 4031 4743 το

2442 4778 2653 4848 νοῆσαι,
2679 4781 2865 4849 φησὶν,
2901 4780 2983 4832 ὅτι

2518 4912 2535 4943 ι
2582 4892 2639 4946 Ὀ
2668 4892 2807 4963 έχων
2832 4888 2945 4946 ὦτα
2968 4893 3216 4956 ἀκούειν,
3243 4893 3514 4958 ἀκουέτω,
3548 4912 3565 4945 ι
3600 4893 3809 4961 ἐνάγων
3826 4895 4028 4959 αὐτοὺς

2440 4983 2520 5045 είς
2558 4983 2619 5036 τὸ
2643 4984 2920 5054 ἐρωτῆσαι
2939 4984 3033 5037 καὶ
3065 4983 3286 5055 μαθεῖν.

2517 5207 2535 5237 ε
2578 5187 2695 5239 Τίνι
2734 5189 2791 5241 δὲ
2821 5187 3076 5257 ὁμοιώσω
3124 5188 3223 5259 τὴν
3279 5189 3478 5256 γενεὰν
3525 5189 3765 5257 ταύτην;
3830 5190 4028 5259 Ὁμοία

2440 5280 2554 5331 ἐστὶ
2604 5278 2837 5341 παιδίοις
2877 5277 3213 5348 καθημένοις
3263 5279 3321 5331 ἐν
3376 5281 3572 5350 ἀγορᾷ,
3622 5279 3719 5331 καὶ
3769 5296 4028 5348 προσφω-

2438 5371 2589 5424 νοῦσι
2621 5374 2733 5434 τοῖς
2759 5373 2997 5441 ἑταίροις
3022 5370 3225 5434 αὐτῶν,
3256 5373 3348 5423 καὶ
3368 5371 3625 5438 λέγουσιν
3654 5387 3666 5400 ·
3694 5370 4029 5442 Ηύλήσαμεν

2440 5464 2590 5531 ὑμῖν,
2622 5464 2714 5515 καὶ
2746 5462 2849 5514 οὐκ
2892 5462 3244 5533 ὠρχήσασθε.
3285 5462 3707 5532 Ἐθρηνήσαμεν
3744 5462 3897 5530 ὑμῖν,
3937 5463 4031 5515 καὶ

2437 5556 2535 5607 οὐκ
2570 5554 2861 5622 ἐκόψασθε.
2905 5574 2920 5605 ι
2968 5556 3040 5607 Τὸ
3067 5555 3398 5625 δυσάρεστον
3418 5556 3523 5605 τῶν
3559 5553 3833 5605 Ἰουδαίων
3854 5555 4030 5606 αινίτ-

2438 5664 2588 5699 τεται
2616 5647 2871 5700 ἐνταῦθα.
2913 5647 3216 5718 Δύστροπω
3246 5648 3355 5717 γὰρ
3388 5649 3562 5711 ὄντες,
3599 5646 3725 5700 οὐτε
3763 5650 3831 5717 τῇ
3867 5648 4032 5719 exiri.

3614 5740 3738 5795 οὐτε

2444 5742 2692 5813 ξιτ-ίωγίσ.
2752 5740 2845 5793 τοῦ
2906 5742 3156 5797 Ἰωάννου
3224 5744 3547 5811 ἠρέσκοντο,
3614 5740 3738 5795 οὐτε
3810 5745 3873 5811 τῇ
3935 5742 4027 5795 τοῦ

2440 5836 2676 5905 Χριστοῦ
2706 5835 2991 5907 ἁπλότητι·
3023 5834 3138 5891 ἀλλ’
3166 5837 3338 5906 ὅμοιοι
3368 5830 3505 5906 ἦσαν
3533 5834 3765 5897 παιδίοις
3794 5834 4027 5905 δυσαρε-
