4288 6444
267 403 383 468 ἓθθ

886 392 1338 457 ENARRATIO
1382 390 1458 449 IN
1499 380 2009 447 EVANGEUUM
2047 373 2436 438 ΜΛΤΤΠᾹΞΙ.
2477 397 2521 407 ν’
2567 377 2579 428 t

1216 392 1338 452 l‘lO
1382 390 1458 449 IN
1499 380 2009 447 EVANGEUUM
2047 373 2436 438 ΜΛΤΤῙΗΕΙ.
2477 397 2521 407 ν-
2567 372 2727 435 CAP.
2773 371 2909 433 ΧΠ.

3470 371 3608 442 fur

268 518 303 570 ὁ
326 517 405 589 μὴ
442 515 690 582 συνάγων
727 512 842 582 μετ’
875 507 1032 580 ἐμοῦ,
1067 506 1374 578 σκορπίζει.
1428 526 1444 554 ι
1495 503 1642 565 Πῶς,
1676 503 1864 569 φησὶν,
1898 505 1940 559 Λ

1898 505 1940 559 Λ
1971 504 2025 550 et
2044 494 2135 563 qui
2158 507 2270 544 non
2293 489 2499 557 colligit
2528 503 2760 549 mecum,
2789 486 3070 557 dispergit.
3106 505 3123 538 ι
3148 485 3457 553 Quomodo,
3498 491 3575 545 in-

272 611 305 662 δ
347 606 680 672 Βεελζεὸοξιλ
722 603 917 673 ἔμελλέ
965 619 1055 668 μοι
1087 601 1387 667 συνεργεῖν,
1425 599 1482 658 ὃς
1512 596 1868 661 ἀντιπράττει

280 720 376 772 μοι
411 701 614 772 μᾶλλον
643 718 656 762 ;
697 696 839 765 Ἐγὼ
875 696 975 765 μὲν
1002 694 1111 762 γὰρ
1133 693 1336 762 ἀρετὴν
1369 691 1630 749 διδάσκω,
1663 691 1870 748 ἐκεῖνος

269 796 332 848 δὲ
363 795 581 847 κακίαν.
629 789 752 851 Πῶς
777 788 870 841 οὖν
895 791 1012 841 ἐστι
1049 786 1166 856 μετ’
1198 783 1336 854 ἐμοῦ
1361 802 1375 849 ;
1411 781 1583 849 Κάγὼ
1611 782 1710 850 μὲν
1741 796 1868 831 συν-

274 888 398 953 άγω
457 884 585 945 τοὺς
644 880 975 952 ἀνθρώπους
1043 881 1125 939 ei;
1177 877 1478 945 σωτηρίαν,
1540 877 1752 936 ἐκεῖνος
1811 873 1869 926 δὲ

277 975 569 1048 σκορπίζει
593 992 607 1004 ’
664 975 964 1028 αἰνίττεται
1011 973 1071 1025 δὲ
1106 973 1203 1023 καὶ
1240 972 1367 1034 τοὺς
1403 971 1756 1040 Φαρισαίους.
1786 970 1869 1021 ὅτι

273 1067 444 1122 αὐτοῦ
482 1067 825 1129 διδάσκοντος
860 1065 953 1118 καὶ
1001 1063 1340 1132 ὠφελοῦντος
1380 1062 1630 1124 πολλοὺς,
1669 1063 1870 1114 ἐκείνοι

274 1160 633 1213 ἔσκεδάννυον
658 1159 752 1210 τὸν
781 1157 928 1222 λαδν,
955 1156 1103 1209 ὥστε
1131 1158 1204 1226 μὴ
1247 1152 1653 1224 προσέρχεσθαι
1695 1152 1866 1221 αὐτῷ.

274 1253 565 1305 Δείκνυσιν
586 1247 682 1304 οὖν
714 1251 914 1310 αὐτοὺς
953 1248 1333 1317 δαιμονιώδεις
1363 1247 1442 1317 τῷ
1471 1246 1612 1299 ὄντι.

355 1364 374 1394 ι
412 1346 510 1396 Διὰ
539 1344 699 1397 τοῦτο
726 1343 870 1410 λέγω
898 1311 1063 1411 ὐμτνί
1120 1342 1275 1393 Πᾶσα
1301 1311 1549 1410 ἁμαρτία
1581 1339 1674 1389 καὶ
1708 1337 1871 1406 βλασ-

275 1436 458 1505 φημία
489 1435 955 1503 ἁφεθήσεταιτοῖς
980 1431 1319 1500 ἀνθρώποις,
1342 1432 1374 1498 ἡ
1405 1431 1461 1482 δὲ
1487 1429 1583 1481 τοῦ
1609 1429 1868 1496 Πνεῦμαο

275 1544 369 1587 τος
428 1525 749 1596 βλασφημία
812 1526 913 1577 οὐκ
965 1522 1303 1592 ἀφεθήσεται
1371 1522 1483 1582 τοῖς
1536 1518 1868 1588 ἀνθρώποις.

277 1619 387 1672 Καὶ
416 1619 474 1682 ὃς
511 1619 606 1671 ἐὰν
637 1620 769 1688 εἴπῃ
795 1617 955 1683 λόγον
985 1616 1126 1669 κατὰ
1147 1615 1238 1667 τοῦ
1264 1612 1395 1666 Υἱοῦ
1426 1614 1518 1665 τοῦ
1551 1612 1868 1681 ἀνθρώπου,

277 1708 621 1778 ἀφεθήσεται
655 1707 806 1778 αὐτῷ
826 1725 838 1737 ·
861 1706 920 1769 ὃς
944 1706 987 1759 δ’
1008 1706 1074 1758 ἂν
1107 1707 1238 1778 εἴπῃ
1259 1706 1400 1756 κατὰ
1423 1705 1518 1757 τοῦ
1551 1704 1871 1772 Πνεύματος

276 1799 374 1853 τοῦ
424 1801 602 1868 ἁγίου,
657 1801 758 1852 οὐκ
815 1798 1154 1869 ἀφεθήσεται
1194 1797 1361 1867 αὐτῷ
1407 1797 1531 1849 οὔτε
1566 1800 1623 1850 ἐν
1656 1796 1732 1865 τῷ
1777 1796 1871 1848 νῦν

1974 586 2113 655 quit,
2149 582 2454 636 Beelzebub
2484 581 2614 632 mihi
2648 587 3040 647 cooperaturus
3070 589 3176 644 est,
3210 580 3303 648 qui
3352 591 3578 635 contra-

1978 681 2118 729 rium
2149 676 2282 728 tuihi
2323 672 2623 741 operatur?
2654 672 2769 742 Ego
2808 671 3030 740 quidem
3099 671 3355 726 virtutem
3381 673 3574 737 doceo,

1977 769 2070 822 ille
2116 777 2297 820 autem
2342 763 2631 828 malitiam,
2680 766 2954 831 quomodo
3008 763 3174 831 igitur
3204 773 3290 817 est
3322 766 3579 818 meeum?

1976 860 2045 914 Et
2087 874 2188 928 ego
2220 858 2443 927 quidem
2488 869 2764 924 congrege
2803 854 3055 908 homines
3088 857 3155 909 ad
3191 854 3448 921 salutem,
3487 857 3579 910 il-le

1976 963 2159 1007 autem
2191 949 2472 1019 dispergit.
2526 945 2692 1001 Notat
2739 956 2924 1001 autem
2961 944 3291 1008 Pharisaeos,
3328 946 3475 1016 quod
3518 961 3579 1000 se

1975 1049 2209 1103 docente
2260 1055 2318 1100 et
2354 1044 2540 1098 multis
2565 1043 2824 1111 prodesse
2851 1041 3126 1109 cupiente,
3165 1040 3265 1107 ipsi
3297 1039 3582 1109 disperge-

1978 1149 2100 1194 rent
2139 1139 2394 1208 pupulum
2444 1137 2543 1198 ita,
2600 1149 2666 1188 ne
2703 1136 3027 1188 accederent
3075 1133 3140 1184 ad
3171 1146 3252 1186 se.
3292 1130 3452 1188 Unde
3484 1147 3579 1189 oa-

1979 1233 2152 1286 tendit
2173 1245 2272 1285 eoa
2299 1243 2486 1288 revera
2521 1226 2808 1281 dmuouiis
2844 1225 3055 1293 plenos.

2053 1328 2214 1380 Vens.
2236 1324 2417 1388 51,δί
2437 1321 2701 1392 ιιίιίοίωο
2729 1323 2851 1376 dico
2875 1322 3062 1376 vobis:
3092 1319 3270 1376 Omne
3291 1330 3579 1389 peceatum

1977 1434 2029 1478 et
2059 1422 2367 1478 convicium
2400 1421 2710 1474 remittetur
2736 1417 3070 1479 hominibus,
3106 1428 3158 1469 at
3183 1417 3494 1472 convicium
3529 1418 3582 1470 in

1977 1510 2242 1578 Spiritum
2285 1520 2538 1564 unctum
2601 1522 2705 1561 non
2769 1506 3082 1561 remittetur
3131 1505 3460 1560 hominibus.
3519 1504 3586 1559 Et

1974 1605 2224 1674 quisquis
2271 1604 2474 1658 dixerit
2507 1603 2734 1656 verbum
2784 1603 3046 1656 adversus
3080 1600 3276 1655 Filium
3317 1601 3579 1661 hominis.

1980 1698 2289 1767 remittetur
2317 1696 2394 1748 illi
2423 1719 2433 1749 :
2468 1697 2562 1765 qui
2585 1706 2766 1750 autem
2795 1695 2996 1750 dixerit
3019 1697 3282 1749 adversus
3311 1692 3580 1763 Spiritum

1977 1800 2250 1850 sanctum,
2287 1805 2397 1844 non
2434 1791 2747 1843 remittetur
2773 1789 2845 1852 ei,
2895 1803 3073 1857 neque
3113 1788 3166 1840 in
3193 1790 3449 1856 praesenti
3482 1803 3584 1843 scc-

279 1861 618 1952 αἱῶνι,ὀῦτε
647 1891 706 1942 ὲν
746 1887 825 1957 τῷ
852 1861 1121 1958 μέλλοντι.
1163 1906 1181 1936 ι
1219 1861 1392 1940 Τοῦτο
1421 1886 1663 1939 ἐνταῦθα
1695 1861 1866 1951 λέγει,
1904 1861 1946 1915 Β

1904 1861 1946 1915 Β
1974 1884 2127 1947 culo,
2156 1897 2333 1951 neque
2359 1883 2412 1935 in
2453 1879 2657 1934 futuro.
2698 1895 2719 1931 ι
2757 1880 2901 1934 Dicit
2929 1880 3039 1932 hoc
3084 1877 3202 1933 loco
3231 1893 3395 1932 onme
3427 1879 3579 1932 aliud

274 1985 363 2036 ὅτι
397 1985 546 2037 πᾶσα
581 1982 682 2052 μιν
730 1981 863 2050 ἄλλη
897 1981 1166 2050 ἁμαρτία,
1202 1981 1311 2033 κᾶν
1357 1982 1562 2050 μικρὰν
1591 1981 1722 2046 γοῦν
1756 1981 1870 2048 ἔχει

280 2076 607 2142 ἀπολογίαν,
647 2068 761 2128 οἷον
791 2075 1039 2144 πορνεία,
1071 2075 1270 2143 κλοπή.
1301 2075 1739 2142 Καταφεύγομεν
1763 2074 1873 2141 γὰρ

285 2172 363 2232 εἰς
394 2171 495 2238 τὴν
523 2168 875 2238 ἀνθρωπίνην
909 2168 1220 2232 ἀσθένειαν,
1257 2169 1349 2219 καὶ
1400 2165 1872 2236 συγγνωστότεροί

282 2263 469 2330 ἐσμεν.
502 2262 669 2314 Ὅταν
701 2261 760 2314 δέ
793 2277 876 2322 τις
907 2260 1080 2330 βλέπῃ
1103 2259 1360 2330 θαύματα
1381 2261 1469 2312 διὰ
1499 2259 1592 2311 τοῦ
1620 2260 1874 2331 Πνεύμαο

280 2368 370 2415 τος
404 2351 729 2423 τελούμενα,
762 2352 854 2405 καὶ
875 2350 1140 2422 διαδάλλῃ
1169 2351 1344 2404 ταῦτα
1369 2352 1445 2413 ώς
1473 2351 1579 2403 ὑπὸ
1618 2352 1871 2419 δαίμονο,

280 2447 568 2515 γινόμενα,
623 2446 784 2500 ποίαν
857 2446 972 2510 ἔξει
1018 2441 1174 2508 οὗτος
1221 2446 1552 2513 ἁπολογίανς
1601 2445 1874 2514 Πρόδηλον

280 2538 390 2607 γὰρ
418 2539 502 2591 ὅτι
524 2534 635 2592 οἵδε
669 2540 769 2607 μὲν
807 2539 891 2591 ὅτι
920 2540 1028 2591 ἀπὸ
1056 2538 1376 2607 Πνεύματος
1405 2538 1566 2606 ἁγίου
1609 2541 1874 2605 γίνονται.

279 2629 599 2684 ἐθελοκακεῖ
655 2631 732 2683 δέ.
781 2629 904 2691 Πῶς
955 2625 1050 2683 οὖν
1103 2631 1133 2681 ὁ
1182 2629 1426 2693 τοιοῦτος
1488 2631 1874 2697 συγγνωστόςς

280 2721 457 2774 Ὀταν
490 2721 592 2790 μὲν
621 2720 719 2775 οὖν
743 2720 972 2774 ἔϐλεπον
998 2723 1047 2775 οἱ
1089 2721 1328 2774 Ἰουδαῖοι
1369 2722 1460 2774 τὸν
1491 2720 1698 2790 Κύριον
1738 2723 1880 2792 τρώ-

283 2830 452 2881 γοντα
485 2815 580 2867 καὶ⁵
632 2815 881 2877 πίνοντα,
915 2816 1011 2867 καὶ
1039 2817 1183 2885 μετὰ
1215 2814 1469 2869 τελωνῶν
1495 2815 1750 2883 διάγοντα
1783 2817 1880 2870 καὶ

287 2907 524 2976 πορνῶν,
556 2909 652 2960 καὶ⁵
682 2906 852 2961 τᾶλλα
886 2908 1066 2961 πάντα
1100 2907 1176 2970 ὡς
1208 2909 1333 2960 rem
1362 2908 1656 2978 ἀνθρώπου
1702 2911 1878 2979 πράτ-

282 3015 474 3065 τοντα,
501 2995 619 3053 εἶτα
643 3001 923 3053 διέϐαλλον
951 3002 1118 3054 αὐτὸν
1139 3002 1213 3065 ὡς
1248 3003 1425 3070 φάγον
1446 3003 1542 3054 καὶ
1565 3005 1878 3073 οἰνοπότην,

285 3091 432 3162 ὑπὲρ
475 3092 668 3145 τούτου
706 3092 1041 3163 συγγνώμης
1076 3094 1238 3160 ἄξιοι,
1293 3106 1388 3148 καί
1426 3096 1550 3149 οὐδὲ
1588 3098 1883 3165 μετάνοιαν

1976 1983 2260 2041 peccatum
2308 1971 2388 2024 vel
2422 1986 2646 2042 parvam
2681 1970 2875 2025 saltem
2902 1969 3112 2025 habere
3141 1971 3584 2035 excusationem.

1977 2074 2165 2133 utpote
2198 2063 2616 2126 scortationeut,
2655 2061 2862 2117 furtum
2899 2080 2910 2114 :
2947 2061 3295 2131 confugimus
3322 2060 3467 2114 enim
3515 2062 3585 2114 ad

1979 2159 2273 2211 humanam
2311 2155 2712 2220 inﬁrmitatem,
2743 2164 2794 2208 et
2833 2155 2891 2206 lit
2921 2154 3093 2208 venia:
3126 2154 3279 2207 locus
3311 2173 3323 2208 :
3361 2153 3588 2223 quando

1985 2261 2168 2305 autem
2201 2251 2324 2318 quis
2349 2250 2546 2303 viderit
2584 2248 2846 2302 miracula
2898 2261 2992 2316 per
3034 2246 3296 2316 Spiritum
3327 2255 3587 2302 sanctum

1981 2343 2121 2404 ﬁeri,
2156 2353 2209 2398 et
2241 2343 2580 2399 accusaverit
2621 2355 2684 2395 ea
2707 2341 2868 2410 quasi
2902 2356 2930 2393 a
2963 2340 3183 2393 diabolo
3221 2336 3367 2393 facta
3397 2356 3411 2392 :
3450 2351 3587 2408 qua-

1979 2435 2088 2491 lem
2121 2437 2407 2493 habiturus
2435 2444 2520 2492 est
2535 2436 2627 2490 ille
2654 2434 3102 2489 excusationem?
3132 2433 3478 2489 Manifestum
3502 2444 3588 2487 est

1981 2530 2125 2584 enim
2149 2531 2437 2586 scireeum
2469 2532 2615 2600 quod
2652 2545 2679 2583 a
2709 2529 2914 2598 Spiritu
2945 2540 3138 2585 sancto
3174 2528 3326 2593 iiant,
3359 2540 3456 2583 sua
3491 2541 3590 2581 au-

1984 2638 2092 2683 tem
2117 2637 2314 2692 sponte
2331 2627 2474 2682 male
2487 2626 2704 2696 operari
2733 2643 2746 2678 :
2773 2627 3050 2694 quomodo
3085 2623 3256 2693 igitur
3287 2622 3414 2679 talis
3431 2623 3587 2679 venia

1982 2725 2175 2794 dignus
2194 2724 2336 2778 erit?
2361 2721 2545 2792 Itaque
2575 2721 2743 2775 Judaei
2772 2719 2992 2789 quando
3028 2719 3282 2774 viderunt
3306 2718 3589 2774 Christum

1985 2817 2406 2870 manducantem
2437 2823 2494 2869 et
2526 2814 2827 2876 bibentem,
2871 2829 2933 2870 ac
2969 2825 3283 2869 versantem
3329 2828 3454 2869 cum
3488 2828 3591 2882 pu-

1984 2909 2216 2962 blicanis
2263 2918 2318 2962 et
2342 2906 2747 2970 meretricibus,
2791 2907 3010 2976 aliaque
3040 2906 3222 2960 omnia
3258 2921 3411 2961 more
3465 2903 3592 2961 Fili

1990 3003 2253 3065 hominis
2294 3001 2610 3068 iacientem,
2662 3012 2716 3055 et
2760 3001 2956 3055 deinde
3003 3011 3313 3071 arguerunt
3361 3015 3484 3054 eum
3535 3011 3596 3054 ut

1985 3080 2364 3163 comedonem,
2399 3105 2456 3150 et
2492 3096 2603 3149 vini
2648 3105 2894 3165 potorem
2925 3112 2937 3146 :
3001 3095 3055 3147 in
3105 3096 3210 3148 hoc
3237 3103 3397 3148 erant
3437 3093 3596 3148 venia

284 3183 765 3254 ἁπαιτηθήσονται
792 3187 932 3256 ὑπὲρ
968 3187 1183 3240 τούτου.
1230 3188 1460 3242 Δοκοῦσι
1506 3189 1615 3259 γὰρ
1645 3190 1886 3258 εὐλόγως
1916 3208 1959 3264 ο

1916 3208 1959 3264 ο
1994 3187 2165 3258 digni,
2217 3199 2272 3243 et
2326 3204 2506 3259 neque
2536 3188 2857 3260 paniteutia
2892 3203 3058 3257 super
3100 3187 3204 3241 hoc
3254 3188 3322 3241 ah
3353 3187 3436 3241 eis
3486 3186 3587 3256 6]

290 3278 768 3341 oxavoa‘aiCeoOa‘t.
819 3280 988 3333 Ὅταν
1022 3279 1079 3332 δὲ
1116 3280 1410 3349 βλέποντες
1453 3282 1620 3333 αὐτὸν
1666 3283 1884 3351 θαυμα-

290 3368 650 3438 τουργοῦντα.
694 3370 976 3425 διέὸαλλον
1020 3374 1113 3424 καὶ
1148 3372 1539 3444 ἔσλασφήμουν
1570 3376 1631 3427 τὸ
1659 3374 1886 3443 Πνεῦμα

291 3464 356 3513 τὸ
379 3462 557 3529 ἅγιον,
581 3463 836 3530 λέγοντες
867 3466 1000 3517 αὐτὸ
1035 3465 1404 3535 δαιμονιῶδες
1434 3462 1598 3532 εἶναι,
1640 3467 1756 3531 πῶς
1785 3469 1888 3534 ἀφ-

288 3558 554 3624 εθήσεται
591 3558 752 3612 τοῦτο
777 3560 839 3611 τὸ
871 3560 1177 3630 ἁμάρτημα
1210 3563 1419 3625 αὐτοῖς,
1451 3563 1548 3615 ἐὰν
1586 3562 1661 3632 μὴ
1720 3581 1885 3631 μετα-

299 3649 607 3714 νοήσωσιν;
641 3649 809 3701 ’Ὥστε
841 3651 1080 3718 γίνωσκε
1110 3652 1186 3714 ώς
1217 3654 1246 3704 ὁ
1279 3653 1381 3721 μὲν
1407 3654 1486 3715 εἰς
1514 3653 1610 3704 τὸν
1634 3653 1761 3706 Υἱὸν
1786 3653 1880 3706 τοῦ

294 3738 587 3809 ἀνθρώπου
635 3739 998 3811 βλασφημῶν,
1039 3742 1408 3812 ἀνθρωπικῶς
1439 3744 1621 3807 ζῶντα
1664 3745 1884 3815 βλέπων

292 3831 483 3894 αὐτὸν,
520 3833 613 3883 καί
655 3831 834 3899 λέγων
880 3833 1044 3884 αὐτὸν
1085 3833 1240 3900 φίλον
1272 3835 1510 3903 πορνῶν,
1547 3838 1642 3889 καὶ
1690 3837 1887 3906 φάγον,

294 3922 393 3974 καὶ
438 3921 744 3989 οἰνοπότην,
790 3922 880 3974 διὰ
921 3922 982 3975 τὸ
1011 3923 1188 3977 ταῦτα
1224 3926 1318 3976 τὸν
1358 3926 1598 3995 Χριστὸν
1635 3931 1829 3990 ποιεῖν,
1865 3932 1893 3980 ὸ

296 4014 542 4077 τοιοῦτος
573 4014 681 4067 κᾶν
734 4015 808 4086 μὴ
841 4019 1175 4087 μετανοήσῃ,
1221 4019 1284 4070 οὗ
1318 4017 1480 4071 δώσει
1528 4020 1668 4090 ὑπὲρ
1701 4021 1891 4074 τούτου

296 4106 460 4172 λόγον
481 4123 494 4134 ⁸
527 4103 967 4174 συγγινώσκεται
988 4109 1096 4179 γὰρ
1125 4109 1200 4171 ὼς
1236 4111 1311 4181 μὴ
1346 4113 1541 4180 νοήσας
1573 4113 1738 4164 αὐτὸν
1761 4112 1893 4165 Θεὸν

299 4204 437 4255 ὄντα
464 4205 711 4273 κρυπτάν
731 4221 745 4233 ·
784 4207 813 4257 ὁ
853 4205 911 4257 δὲ
942 4207 1020 4267 εἰς
1050 4205 1112 4256 τὸ
1138 4204 1294 4271 ἅγιον
1347 4204 1594 4273 Πνεῦμα,
1645 4207 1765 4273 ἦτοι
1796 4205 1893 4266 τὰς

300 4297 683 4367 πνευματικὰς
712 4298 942 4366 πράξεις
969 4298 1062 4350 τοῦ
1100 4297 1366 4367 Χριστοῦ,
1405 4297 1764 4366 βλασφημῶν,
1799 4298 1896 4350 καὶ

298 4390 478 4456 λέγων
529 4390 698 4452 αὑτὰς
745 4391 1148 4459 δαιμονιώδεις,
1183 4393 1280 4444 ἐὰν
1329 4393 1404 4461 μὴ
1461 4393 1795 4462 μετανοήσῃ,
1833 4392 1894 4443 οὐ

302 4481 787 4550 συγγνωσθήσεται
811 4497 822 4509 ·
863 4482 938 4551 μὴ
964 4485 1074 4552 γὰρ
1109 4481 1331 4549 εὖλογόν
1362 4500 1485 4534 τινα
1527 4482 1783 4552 ἀφορμὴν
1818 4484 1897 4544 εἰς

1993 3284 2264 3353 exigetur.
2310 3284 2655 3339 Videbantur
2693 3283 2840 3337 enim
2915 3281 3324 3336 rationabiliter
3367 3279 3595 3336 oil'endi.

1992 3378 2226 3444 Quando
2274 3389 2455 3431 autem
2493 3379 2749 3432 viderunt
2801 3392 2924 3430 eum
2958 3376 3176 3444 operari
3223 3374 3508 3440 miracula,
3545 3389 3602 3430 et

1994 3481 2320 3539 arguerunt,
2353 3480 2408 3525 et
2432 3470 2883 3554 biaspbemarunt
2907 3468 3176 3537 Spiritum
3206 3477 3479 3532 sanctum,
3514 3467 3601 3521 di—

1995 3574 2186 3619 centes
2219 3565 2323 3618 hoc
2375 3564 2775 3617 dmmoniacum
2805 3578 2949 3623 esse,
2982 3561 3258 3631 quomodo
3287 3562 3603 3614 remittetur

1995 3657 2100 3710 hoc
2156 3651 2440 3724 peccatum
2495 3653 2600 3706 nisi
2663 3652 3045 3720 pmnitentiam
3106 3649 3360 3720 egerint?
3406 3649 3472 3703 Et
3528 3653 3603 3705 ita

1994 3747 2145 3814 disce
2180 3745 2325 3816 quod
2357 3744 2446 3799 ille
2479 3746 2571 3814 qui
2612 3744 2961 3814 blasphemat
2986 3746 3039 3798 in
3089 3742 3285 3799 Filium
3332 3747 3600 3807 ltOtninis,

1995 3838 2185 3893 videns
2243 3850 2369 3890 eum
2403 3836 2647 3889 humano
2680 3851 2834 3890 more
2880 3836 3086 3898 virere,
3118 3843 3173 3890 et
3229 3834 3425 3889 dicens
3459 3855 3472 3890 :
3504 3835 3605 3891 llic

1996 3931 2408 3986 meretricarius
2442 3939 2552 3994 est,
2577 3943 2743 3983 vorax
2772 3938 2826 3983 et
2857 3929 2966 3982 vini
3003 3938 3183 3998 potor,
3204 3930 3329 3982 dum
3348 3927 3605 3983 Christus

1996 4025 2097 4079 hoc
2127 4023 2256 4079 facit
2280 4043 2292 4077 :
2329 4023 2452 4077 talis
2479 4023 2584 4077 etsi
2610 4037 2714 4076 non
2745 4022 3032 4091 poeniteat,
3058 4021 3126 4075 de
3153 4021 3257 4076 hoc
3280 4037 3386 4075 non
3415 4020 3607 4076 reddet

1996 4119 2288 4174 rationem.
2349 4117 2573 4172 Veniam
2606 4118 2752 4170 enim
2802 4117 3038 4184 accepit,
3075 4125 3335 4186 tanquam
3357 4117 3452 4186 qui
3485 4131 3601 4169 non

1997 4213 2328 4266 intellexerit
2351 4212 2501 4264 illum
2531 4211 2699 4265 fuisse
2724 4210 2914 4275 Deum,
2942 4225 3008 4264 eo
3031 4210 3175 4279 quod
3205 4220 3315 4262 tam
3350 4209 3608 4265 occultus

2000 4304 2184 4358 fuerit.
2214 4305 2315 4369 Qui
2350 4313 2532 4357 autem
2564 4303 2904 4373 blasphentat
2945 4304 2996 4356 in
3036 4301 3301 4371 Spiritum
3330 4315 3605 4364 sanctum,

2001 4397 2103 4450 hoc
2133 4404 2238 4458 est,
2283 4383 2345 4448 in
2396 4396 2705 4465 spiritualia
2758 4410 2926 4463 opera
2964 4393 3190 4460 Christi,
3248 4407 3305 4449 et
3347 4397 3482 4450 dicit
3530 4412 3598 4450 ea

2000 4504 2125 4545 esse
2151 4489 2445 4553 diabolica,
2482 4489 2589 4543 nisi
2621 4489 3003 4558 paenitentiam
3029 4487 3224 4554 egerit,
3254 4489 3469 4542 veniam
3497 4503 3605 4544 non

301 4572 363 4622 τὸ
431 4570 741 4626 διαϐάλλειν
801 4569 967 4642 εἶχεν,
1011 4572 1205 4641 ῶσπερ
1233 4573 1493 4634 ἐκεῖνοςό
1527 4573 1618 4624 τὸν
1661 4573 1896 4641 Χριστὸν
1932 4579 1972 4630 D

1932 4579 1972 4630 D
2005 4590 2353 4651 assequetur.
2387 4579 2504 4635 Non
2552 4583 2699 4634 enim
2743 4579 3123 4634 rationabilem
3166 4593 3390 4634 causam
3420 4581 3609 4635 habuit

301 4663 448 4731 ὀρῶν
487 4664 625 4733 μετὰ
653 4666 873 4734 πορνῶν
903 4665 1033 4717 ὄντα
1068 4667 1162 4717 καὶ
1201 4665 1477 4728 τελωνῶν,
1511 4660 1632 4718 εἶτα
1672 4665 1898 4718 διαϐάλ-

301 4759 447 4822 λωνς
485 4758 600 4809 Οὐκ
633 4759 969 4827 ἀφεθήσεται
995 4757 1089 4811 οὖν
1129 4759 1308 4828 τούτῳ
1337 4757 1460 4812 οὔτε
1505 4758 1741 4811 ἐνταῦθα
1773 4758 1895 4811 οὔτε

304 4852 456 4902 ἐκεῖ·
502 4851 640 4904 ἀλλὰ
689 4854 783 4903 καὶ
832 4853 1065 4906 ἐνταῦθα
1119 4853 1214 4905 καὶ
1277 4856 1393 4905 ἐκεῖ
1422 4851 1896 4922 τιμωρηθήσεται.

304 4945 501 4998 110).λο’ί⁵
529 4948 636 5014 γὰρ
674 4946 908 4999 ἐνταῦθα
954 4948 1056 5016 μὲν
1105 4939 1460 5012 κολάζονται,
1521 4949 1641 5000 ἐκεῖ
1672 4947 1730 4999 δὲ
1785 4947 1896 4999 οὐδ’

305 5041 439 5102 ὅλως
467 5056 477 5066 ·
514 5041 590 5101 th;
622 5043 648 5092 ὁ
681 5041 892 5110 πτωχὸς
927 5024 1196 5112 Λάζαροςξ
1233 5043 1419 5095 Ἀλλοι
1450 5043 1525 5106 δὲ,
1565 5044 1659 5094 καὶ
1687 5037 1786 5094 ὦδε
1810 5044 1899 5096 καὶ

2004 4686 2061 4728 ut
2087 4675 2544 4736 calumniaretur,
2568 4674 3029 4738 quemadmodum
3055 4673 3145 4728 ille
3192 4675 3283 4744 qui
3319 4674 3606 4730 Christum

2005 4764 2194 4816 videns
2222 4777 2348 4816 cum
2381 4763 2770 4817 meretricibus
2809 4772 2864 4817 et
2895 4762 3201 4831 publicanis
3231 4765 3463 4828 versari,
3495 4774 3609 4819 tum

2006 4854 2464 4908 calumniabatur.
2506 4852 2625 4909 Non
2668 4855 2977 4910 remittetur
3023 4856 3188 4924 igitur
3224 4855 3308 4911 vel
3367 4856 3478 4922 hic,
3526 4859 3612 4912 vel

2006 4946 2134 5001 alibi
2165 4963 2181 4999 :
2216 4946 2311 5002 sed
2336 4955 2390 5000 et
2423 4947 2510 5001 hic
2537 4954 2595 5001 et
2625 4946 2756 5001 alibi
2790 4947 3069 5017 punietur.
3122 4946 3273 5002 Multi
3305 4948 3451 5002 enim
3484 4957 3614 5002 sunt

2006 5043 2098 5110 qui
2125 5043 2210 5096 hic
2232 5041 2450 5110 quidem
2474 5041 2797 5111 puniuntur,
2827 5041 2924 5097 sed
2951 5042 3077 5097 alibi
3103 5056 3334 5111 prorsus
3354 5044 3600 5098 immune

1282 5204 1369 5260 Ex
1424 5202 1772 5264 collatione
1807 5203 1994 5265 codd.
2037 5207 2264 5267 Venet.
2304 5207 2364 5266 S.
2392 5207 2616 5267 Marci.

306 5387 491 5449 autem
533 5374 671 5449 ejus,
723 5377 985 5430 (lanionia
1031 5378 1208 5430 eidem
1254 5378 1500 5445 subjecta
1536 5390 1713 5443 vocat;
1776 5396 1899 5449 quae

308 5446 518 5500 scilicet
552 5446 699 5500 velut
734 5461 882 5517 arma
922 5449 1092 5517 ipsius
1122 5459 1250 5501 sunt
1279 5467 1290 5501 :
1332 5465 1456 5502 vasa
1491 5451 1634 5502 enim
1659 5461 1712 5503 et
1746 5446 1899 5505 artua

310 5528 734 5590 nutu-upantur.
800 5516 979 5582 Quare
1055 5517 1236 5574 Lucas
1311 5530 1642 5572 armaturam
1731 5522 1903 5590 ipsius

306 5589 502 5639 eadem
563 5588 902 5656 appellavit;
933 5592 1056 5656 quia
1095 5605 1191 5654 per
1246 5591 1334 5643 illa
1385 5593 1616 5644 miseros
1654 5588 1906 5648 homines

309 5658 413 5709 sibi
447 5659 669 5732 subigit.
697 5659 952 5714 Christus
986 5661 1169 5729 itaque
1203 5663 1302 5715 hoc
1334 5663 1586 5730 exemplo
1615 5676 1908 5732 argumen-

307 5736 424 5781 tum
483 5727 732 5783 cﬂ'drmat
755 5771 769 5791 ,
821 5727 1116 5784 ostendens
1145 5734 1289 5800 quod
1322 5749 1430 5786 nun
1473 5727 1650 5788 solum
1679 5727 1907 5789 'nullatn

309 5814 434 5853 cum
498 5800 741 5869 principe
808 5804 1198 5856 dmmouiurum
1287 5805 1583 5858 amicitiam
1665 5804 1904 5870 habeat;

312 5885 502 5925 \‘etunt
563 5872 726 5924 etiam
786 5876 926 5943 quod
986 5877 1243 5928 virtutem
1294 5876 1446 5943 ejus,
1517 5888 1575 5930 ut
1635 5876 1739 5931 sibi
1792 5893 1905 5931 utn-

2014 5384 2158 5435 xime
2212 5383 2479 5442 invisam,
2544 5380 2869 5450 alligaverit.
2936 5378 3034 5432 Est
3086 5394 3214 5433 vero
3266 5379 3388 5432 talis
3452 5392 3610 5442 argu-

2014 5454 2178 5506 menti
2214 5453 2359 5505 illius
2381 5469 2598 5519 senptts.
2637 5451 3114 5516 Quemadmodum
3135 5464 3293 5503 nemo
3323 5451 3375 5502 in
3397 5451 3615 5503 domum

2015 5524 2244 5590 alicujus
2279 5526 2512 5590 potentis
2535 5525 2763 5582 intrare,
2786 5536 3028 5591 vasaque
3058 5521 3174 5587 ejus
3208 5520 3618 5588 abipso'eusto-

2017 5595 2391 5661 ditadiripcre
2416 5603 2612 5662 potest,
2646 5596 2689 5646 si
2724 5594 2875 5661 prius
2914 5594 3347 5660 noualligavcrtt
3378 5593 3570 5645 fortem
3601 5610 3614 5644 :

2021 5666 2102 5719 sic
2137 5675 2190 5717 et
2227 5664 2341 5732 ipse
2367 5680 2641 5733 nunquam
2669 5665 2937 5718 «immunda
2969 5664 3307 5733 diripuisset,
3333 5664 3438 5717 nisi
3469 5663 3632 5733 prius.

2022 5731 2324 5807 principem
2357 5731 2618 5802 ipsorum,
2657 5736 2749 5805 qui
2787 5735 2946 5791 furtis
2986 5731 3104 5802 est,
3158 5737 3453 5806 alligaaset.
3512 5731 3621 5800 Qui

2022 5821 2214 5863 nonest
2247 5825 2470 5874 merum,
2509 5826 2526 5859 ι
2557 5819 2660 5865 CiC.
