  <div class='ocr_page' id='page_1' title='image "/cluster/home/n/w/nwhite01/storage/ocr_20150623/123/nnc1.0046979670/146.png"; bbox 0 0 4288 6444; ppageno 0'>
   <div class='ocr_carea' id='block_1_1' title="bbox 298 408 409 473">
    <p class='ocr_par' dir='ltr' id='par_1_1' title="bbox 298 408 409 473">
     <span class='ocr_line' id='line_1_1' title="bbox 298 408 409 473; baseline -0.009 -1"><span class='ocrx_word' id='word_1_1' title='bbox 298 408 409 473; x_wconf 73' lang='lat'><strong>273</strong></span> 
     </span>
    </p>
   </div>
   <div class='ocr_carea' id='block_1_2' title="bbox 946 391 2639 464">
    <p class='ocr_par' dir='ltr' id='par_1_2' title="bbox 946 395 2639 464">
     <span class='ocr_line' id='line_1_2' title="bbox 946 395 2639 464; baseline -0.007 0"><span class='ocrx_word' id='word_1_2' title='bbox 946 401 1401 464; x_wconf 77' lang='lat' dir='ltr'><strong>ENARRATIO</strong></span> <span class='ocrx_word' id='word_1_3' title='bbox 1433 401 1512 460; x_wconf 83' lang='grc' dir='ltr'>ΙΝ</span> <span class='ocrx_word' id='word_1_4' title='bbox 1558 396 2065 460; x_wconf 84' lang='lat' dir='ltr'><strong>EVANGELIUM</strong></span> <span class='ocrx_word' id='word_1_5' title='bbox 2107 395 2496 457; x_wconf 68' lang='grc' dir='ltr'><strong>ΜΑΤΤΗιΕΙ.</strong></span> <span class='ocrx_word' id='word_1_6' title='bbox 2533 397 2639 452; x_wconf 75' lang='grc'><strong>-4</strong></span> 
     </span>
    </p>
   </div>
   <div class='ocr_carea' id='block_1_3' title="bbox 1281 391 2974 464">
    <p class='ocr_par' dir='ltr' id='par_1_3' title="bbox 1281 391 2974 462">
     <span class='ocr_line' id='line_1_3' title="bbox 1281 391 2974 462; baseline -0.006 0"><span class='ocrx_word' id='word_1_7' title='bbox 1281 401 1401 462; x_wconf 86' lang='grc' dir='ltr'><strong>ΙἸΟ</strong></span> <span class='ocrx_word' id='word_1_8' title='bbox 1433 401 1512 460; x_wconf 82' lang='grc' dir='ltr'>ΙΝ</span> <span class='ocrx_word' id='word_1_9' title='bbox 1558 396 2065 460; x_wconf 83' lang='lat' dir='ltr'><strong>EVANGELIUM</strong></span> <span class='ocrx_word' id='word_1_10' title='bbox 2107 395 2496 457; x_wconf 68' lang='grc' dir='ltr'><strong>ΜΑΤΤΗιΕΙ.</strong></span> <span class='ocrx_word' id='word_1_11' title='bbox 2533 418 2599 428; x_wconf 85' lang='grc'><strong>-·-</strong></span> <span class='ocrx_word' id='word_1_12' title='bbox 2627 393 2787 454; x_wconf 85' lang='lat' dir='ltr'><strong>CAP.</strong></span> <span class='ocrx_word' id='word_1_13' title='bbox 2831 391 2974 453; x_wconf 80' lang='lat' dir='ltr'><strong>XII.</strong></span> 
     </span>
    </p>
   </div>
   <div class='ocr_carea' id='block_1_4' title="bbox 3483 388 3619 451">
    <p class='ocr_par' dir='ltr' id='par_1_4' title="bbox 3483 388 3619 451">
     <span class='ocr_line' id='line_1_4' title="bbox 3483 388 3619 451; baseline 0.007 -1"><span class='ocrx_word' id='word_1_14' title='bbox 3483 388 3619 451; x_wconf 56' lang='lat'><strong>274&#39;</strong></span> 
     </span>
    </p>
   </div>
   <div class='ocr_carea' id='block_1_5' title="bbox 303 502 1996 582">
    <p class='ocr_par' dir='ltr' id='par_1_5' title="bbox 303 507 1976 582">
     <span class='ocr_line' id='line_1_5' title="bbox 303 507 1976 582; baseline -0.007 -12"><span class='ocrx_word' id='word_1_15' title='bbox 303 520 394 571; x_wconf 69' lang='grc' dir='ltr'><strong>δεῖ</strong></span> <span class='ocrx_word' id='word_1_16' title='bbox 423 513 656 569; x_wconf 67' lang='grc' dir='ltr'>ἐνταῦθα</span> <span class='ocrx_word' id='word_1_17' title='bbox 706 511 875 582; x_wconf 76' lang='grc' dir='ltr'>ἡμᾶς,</span> <span class='ocrx_word' id='word_1_18' title='bbox 922 512 1004 563; x_wconf 75' lang='grc' dir='ltr'>ὅτι</span> <span class='ocrx_word' id='word_1_19' title='bbox 1052 513 1144 564; x_wconf 74' lang='grc' dir='ltr'><strong>καὶ</strong></span> <span class='ocrx_word' id='word_1_20' title='bbox 1181 512 1322 579; x_wconf 81' lang='grc' dir='ltr'>ὑπὲρ</span> <span class='ocrx_word' id='word_1_21' title='bbox 1373 510 1466 562; x_wconf 82' lang='grc' dir='ltr'>τοῦ</span> <span class='ocrx_word' id='word_1_22' title='bbox 1512 509 1683 578; x_wconf 73' lang='grc' dir='ltr'>ἀργοῦ</span> <span class='ocrx_word' id='word_1_23' title='bbox 1737 507 1896 575; x_wconf 81' lang='grc' dir='ltr'>λόγου</span> <span class='ocrx_word' id='word_1_24' title='bbox 1928 510 1976 565; x_wconf 75' lang='grc' dir='ltr'>Α</span> 
     </span>
    </p>
   </div>
   <div class='ocr_carea' id='block_1_6' title="bbox 1900 502 3593 582">
    <p class='ocr_par' dir='ltr' id='par_1_6' title="bbox 1928 502 3593 574">
     <span class='ocr_line' id='line_1_6' title="bbox 1928 502 3593 574; baseline -0.004 -15"><span class='ocrx_word' id='word_1_25' title='bbox 1928 510 1976 565; x_wconf 76' lang='grc' dir='ltr'>Α</span> <span class='ocrx_word' id='word_1_26' title='bbox 2005 506 2197 559; x_wconf 78' lang='lat' dir='ltr'><strong>Terret</strong></span> <span class='ocrx_word' id='word_1_27' title='bbox 2235 507 2320 562; x_wconf 87' lang='lat' dir='ltr'><strong>hic</strong></span> <span class='ocrx_word' id='word_1_28' title='bbox 2356 521 2474 569; x_wconf 88' lang='lat' dir='ltr'><strong>nos,</strong></span> <span class='ocrx_word' id='word_1_29' title='bbox 2508 506 2764 574; x_wconf 86' lang='lat' dir='ltr'><strong>quoniam</strong></span> <span class='ocrx_word' id='word_1_30' title='bbox 2796 514 2850 558; x_wconf 89' lang='lat' dir='ltr'><strong>et</strong></span> <span class='ocrx_word' id='word_1_31' title='bbox 2880 519 2978 572; x_wconf 89' lang='lat' dir='ltr'><strong>pro</strong></span> <span class='ocrx_word' id='word_1_32' title='bbox 3008 504 3186 560; x_wconf 85' lang='lat' dir='ltr'><strong>otioso</strong></span> <span class='ocrx_word' id='word_1_33' title='bbox 3212 502 3381 558; x_wconf 79' lang='lat' dir='ltr'><strong>verbo</strong></span> <span class='ocrx_word' id='word_1_34' title='bbox 3422 505 3593 564; x_wconf 73' lang='lat' dir='ltr'><strong>ratip-</strong></span> 
     </span>
    </p>
   </div>
   <div class='ocr_carea' id='block_1_7' title="bbox 300 602 1898 678">
    <p class='ocr_par' dir='ltr' id='par_1_7' title="bbox 300 602 1898 678">
     <span class='ocr_line' id='line_1_7' title="bbox 300 602 1898 678; baseline -0.006 -15"><span class='ocrx_word' id='word_1_35' title='bbox 300 609 551 678; x_wconf 79' lang='grc' dir='ltr'>δώσομεν</span> <span class='ocrx_word' id='word_1_36' title='bbox 578 606 762 672; x_wconf 86' lang='grc' dir='ltr'>λόγον,</span> <span class='ocrx_word' id='word_1_37' title='bbox 792 604 1068 668; x_wconf 80' lang='grc' dir='ltr'><strong>τουτέστι,</strong></span> <span class='ocrx_word' id='word_1_38' title='bbox 1097 603 1191 656; x_wconf 78' lang='grc' dir='ltr'><strong>τοῦ</strong></span> <span class='ocrx_word' id='word_1_39' title='bbox 1214 602 1466 671; x_wconf 76' lang='grc' dir='ltr'>ψευδοῦς,</span> <span class='ocrx_word' id='word_1_40' title='bbox 1500 602 1592 654; x_wconf 83' lang='grc' dir='ltr'>τοῦ</span> <span class='ocrx_word' id='word_1_41' title='bbox 1630 618 1898 668; x_wconf 76' lang='grc' dir='ltr'>συκοφαν-</span> 
     </span>
    </p>
   </div>
   <div class='ocr_carea' id='block_1_8' title="bbox 302 690 1897 767">
    <p class='ocr_par' dir='ltr' id='par_1_8' title="bbox 302 690 1897 767">
     <span class='ocr_line' id='line_1_8' title="bbox 302 690 1897 767; baseline -0.006 -14"><span class='ocrx_word' id='word_1_42' title='bbox 302 700 482 762; x_wconf 83' lang='grc' dir='ltr'>τικοῦ,</span> <span class='ocrx_word' id='word_1_43' title='bbox 507 699 539 767; x_wconf 80' lang='grc' dir='ltr'>ἢ</span> <span class='ocrx_word' id='word_1_44' title='bbox 564 698 662 751; x_wconf 71' lang='grc' dir='ltr'>καὶ</span> <span class='ocrx_word' id='word_1_45' title='bbox 684 698 778 749; x_wconf 84' lang='grc' dir='ltr'>τοῦ</span> <span class='ocrx_word' id='word_1_46' title='bbox 806 697 1045 749; x_wconf 81' lang='grc' dir='ltr'><strong>ἀτάκτου</strong></span> <span class='ocrx_word' id='word_1_47' title='bbox 1071 697 1164 747; x_wconf 74' lang='grc' dir='ltr'><strong>καὶ</strong></span> <span class='ocrx_word' id='word_1_48' title='bbox 1193 695 1533 763; x_wconf 80' lang='grc' dir='ltr'>γελοιώδους.</span> <span class='ocrx_word' id='word_1_49' title='bbox 1559 690 1690 745; x_wconf 85' lang='grc' dir='ltr'>Εἶτα</span> <span class='ocrx_word' id='word_1_50' title='bbox 1714 693 1897 762; x_wconf 84' lang='grc' dir='ltr'>τίθησι</span> 
     </span>
    </p>
   </div>
   <div class='ocr_carea' id='block_1_9' title="bbox 305 786 1898 858">
    <p class='ocr_par' dir='ltr' id='par_1_9' title="bbox 305 786 1898 858">
     <span class='ocr_line' id='line_1_9' title="bbox 305 786 1898 858; baseline -0.004 -15"><span class='ocrx_word' id='word_1_51' title='bbox 305 788 620 858; x_wconf 72' lang='grc' dir='ltr'><strong>μαρτυρίαν</strong></span> <span class='ocrx_word' id='word_1_52' title='bbox 644 788 751 840; x_wconf 81' lang='grc' dir='ltr'><strong>ἀπὸ</strong></span> <span class='ocrx_word' id='word_1_53' title='bbox 787 786 885 856; x_wconf 85' lang='grc' dir='ltr'>τῆς</span> <span class='ocrx_word' id='word_1_54' title='bbox 911 786 1156 856; x_wconf 82' lang='grc' dir='ltr'>Γραφῆς,</span> <span class='ocrx_word' id='word_1_55' title='bbox 1197 786 1282 838; x_wconf 76' lang='grc' dir='ltr'><strong>ἵνα</strong></span> <span class='ocrx_word' id='word_1_56' title='bbox 1315 786 1392 856; x_wconf 82' lang='grc' dir='ltr'>μὴ</span> <span class='ocrx_word' id='word_1_57' title='bbox 1417 786 1543 855; x_wconf 79' lang='grc' dir='ltr'>δόξῃ</span> <span class='ocrx_word' id='word_1_58' title='bbox 1575 786 1752 838; x_wconf 70' lang='grc' dir='ltr'>οἰκεῖα</span> <span class='ocrx_word' id='word_1_59' title='bbox 1776 801 1898 836; x_wconf 88' lang='grc' dir='ltr'>τινα</span> 
     </span>
    </p>
   </div>
   <div class='ocr_carea' id='block_1_10' title="bbox 301 877 1899 949">
    <p class='ocr_par' dir='ltr' id='par_1_10' title="bbox 301 877 1899 949">
     <span class='ocr_line' id='line_1_10' title="bbox 301 877 1899 949; baseline 0 -18"><span class='ocrx_word' id='word_1_60' title='bbox 301 882 484 948; x_wconf 79' lang='grc' dir='ltr'>λέγειν</span> <span class='ocrx_word' id='word_1_61' title='bbox 512 898 524 908; x_wconf 91' lang='grc'><strong>·</strong></span> <span class='ocrx_word' id='word_1_62' title='bbox 563 899 580 930; x_wconf 75' lang='grc' dir='ltr'><strong>ι</strong></span> <span class='ocrx_word' id='word_1_63' title='bbox 607 881 700 932; x_wconf 84' lang='grc' dir='ltr'>Ἐκ</span> <span class='ocrx_word' id='word_1_64' title='bbox 720 879 830 931; x_wconf 83' lang='grc' dir='ltr'><strong>τῶν</strong></span> <span class='ocrx_word' id='word_1_65' title='bbox 860 879 1034 947; x_wconf 84' lang='grc' dir='ltr'>λόγων</span> <span class='ocrx_word' id='word_1_66' title='bbox 1060 896 1151 931; x_wconf 91' lang='grc' dir='ltr'><strong>σου</strong></span> <span class='ocrx_word' id='word_1_67' title='bbox 1181 878 1540 949; x_wconf 82' lang='grc' dir='ltr'>δικαιωθήσῃ.</span> <span class='ocrx_word' id='word_1_68' title='bbox 1571 877 1667 930; x_wconf 79' lang='grc' dir='ltr'>καὶ</span> <span class='ocrx_word' id='word_1_69' title='bbox 1698 878 1762 930; x_wconf 73' lang='grc' dir='ltr'>ικ</span> <span class='ocrx_word' id='word_1_70' title='bbox 1790 877 1899 931; x_wconf 82' lang='grc' dir='ltr'>τῶν</span> 
     </span>
    </p>
   </div>
   <div class='ocr_carea' id='block_1_11' title="bbox 300 971 1156 1042">
    <p class='ocr_par' dir='ltr' id='par_1_11' title="bbox 300 971 1156 1042">
     <span class='ocr_line' id='line_1_11' title="bbox 300 971 1156 1042; baseline -0.004 -18"><span class='ocrx_word' id='word_1_71' title='bbox 300 973 479 1040; x_wconf 79' lang='grc' dir='ltr'>λόγων</span> <span class='ocrx_word' id='word_1_72' title='bbox 507 989 599 1024; x_wconf 91' lang='grc' dir='ltr'><strong>σου</strong></span> <span class='ocrx_word' id='word_1_73' title='bbox 625 971 1092 1042; x_wconf 78' lang='grc' dir='ltr'><strong>καταδικασθήσῃ.</strong></span> <span class='ocrx_word' id='word_1_74' title='bbox 1138 989 1156 1021; x_wconf 73' lang='grc' dir='ltr'><strong>ι</strong></span> 
     </span>
    </p>
   </div>
   <div class='ocr_carea' id='block_1_12' title="bbox 380 1059 1900 1132">
    <p class='ocr_par' dir='ltr' id='par_1_12' title="bbox 380 1059 1900 1132">
     <span class='ocr_line' id='line_1_12' title="bbox 380 1059 1900 1132; baseline 0.001 -21"><span class='ocrx_word' id='word_1_75' title='bbox 380 1080 398 1111; x_wconf 81' lang='grc' dir='ltr'><strong>ι</strong></span> <span class='ocrx_word' id='word_1_76' title='bbox 442 1061 576 1113; x_wconf 82' lang='grc' dir='ltr'><strong>Τότε</strong></span> <span class='ocrx_word' id='word_1_77' title='bbox 608 1059 993 1130; x_wconf 73' lang='grc' dir='ltr'>ἀπεκρίθησαν</span> <span class='ocrx_word' id='word_1_78' title='bbox 1042 1077 1187 1124; x_wconf 84' lang='grc' dir='ltr'>τινες</span> <span class='ocrx_word' id='word_1_79' title='bbox 1232 1060 1341 1114; x_wconf 83' lang='grc' dir='ltr'><strong>τῶν</strong></span> <span class='ocrx_word' id='word_1_80' title='bbox 1376 1061 1756 1132; x_wconf 81' lang='grc' dir='ltr'><strong>γραμματέων</strong></span> <span class='ocrx_word' id='word_1_81' title='bbox 1804 1061 1900 1115; x_wconf 75' lang='grc' dir='ltr'><strong>καὶ</strong></span> 
     </span>
    </p>
   </div>
   <div class='ocr_carea' id='block_1_13' title="bbox 297 1152 1897 1224">
    <p class='ocr_par' dir='ltr' id='par_1_13' title="bbox 297 1152 1897 1224">
     <span class='ocr_line' id='line_1_13' title="bbox 297 1152 1897 1224; baseline 0.002 -21"><span class='ocrx_word' id='word_1_82' title='bbox 297 1153 634 1222; x_wconf 78' lang='grc' dir='ltr'>Φαρισαίων,</span> <span class='ocrx_word' id='word_1_83' title='bbox 669 1152 918 1219; x_wconf 72' lang='grc' dir='ltr'>λέγοντες</span> <span class='ocrx_word' id='word_1_84' title='bbox 940 1168 954 1182; x_wconf 74' lang='grc' dir='ltr'><strong>ο</strong></span> <span class='ocrx_word' id='word_1_85' title='bbox 988 1153 1316 1219; x_wconf 76' lang='grc' dir='ltr'>Διδάσκαλε,</span> <span class='ocrx_word' id='word_1_86' title='bbox 1355 1153 1594 1224; x_wconf 81' lang='grc' dir='ltr'><strong>θέλομεν</strong></span> <span class='ocrx_word' id='word_1_87' title='bbox 1641 1156 1750 1208; x_wconf 73' lang='grc' dir='ltr'><strong>ἀπὸ</strong></span> <span class='ocrx_word' id='word_1_88' title='bbox 1802 1153 1897 1207; x_wconf 76' lang='grc' dir='ltr'><strong>σοῦ</strong></span> 
     </span>
    </p>
   </div>
   <div class='ocr_carea' id='block_1_14' title="bbox 301 1247 1896 1319">
    <p class='ocr_par' dir='ltr' id='par_1_14' title="bbox 301 1247 1896 1319">
     <span class='ocr_line' id='line_1_14' title="bbox 301 1247 1896 1319; baseline 0.003 -22"><span class='ocrx_word' id='word_1_89' title='bbox 301 1250 530 1316; x_wconf 80' lang='grc' dir='ltr'>σημεῖον</span> <span class='ocrx_word' id='word_1_90' title='bbox 582 1247 729 1300; x_wconf 75' lang='grc' dir='ltr'>ἰδεῖν.</span> <span class='ocrx_word' id='word_1_91' title='bbox 781 1267 798 1298; x_wconf 71' lang='grc' dir='ltr'><strong>ι</strong></span> <span class='ocrx_word' id='word_1_92' title='bbox 839 1247 1148 1317; x_wconf 75' lang='grc' dir='ltr'>Θαυμάζων</span> <span class='ocrx_word' id='word_1_93' title='bbox 1181 1249 1209 1300; x_wconf 97' lang='lat'><strong>6</strong></span> <span class='ocrx_word' id='word_1_94' title='bbox 1257 1248 1676 1319; x_wconf 74' lang='grc' dir='ltr'>εὐαγγελιστής,</span> <span class='ocrx_word' id='word_1_95' title='bbox 1723 1265 1896 1318; x_wconf 89' lang='grc' dir='ltr'>προσ-</span> 
     </span>
    </p>
   </div>
   <div class='ocr_carea' id='block_1_15' title="bbox 301 1337 1899 1407">
    <p class='ocr_par' dir='ltr' id='par_1_15' title="bbox 301 1337 1899 1407">
     <span class='ocr_line' id='line_1_15' title="bbox 301 1337 1899 1407; baseline 0.003 -19"><span class='ocrx_word' id='word_1_96' title='bbox 301 1338 469 1405; x_wconf 82' lang='grc' dir='ltr'>ἐθηκε</span> <span class='ocrx_word' id='word_1_97' title='bbox 519 1337 600 1400; x_wconf 83' lang='grc' dir='ltr'><strong>τὸ,</strong></span> <span class='ocrx_word' id='word_1_98' title='bbox 651 1338 794 1389; x_wconf 76' lang='grc' dir='ltr'>τότε.</span> <span class='ocrx_word' id='word_1_99' title='bbox 833 1337 961 1389; x_wconf 86' lang='grc' dir='ltr'>Ὅτε</span> <span class='ocrx_word' id='word_1_100' title='bbox 1000 1338 1109 1407; x_wconf 84' lang='grc' dir='ltr'><strong>γὰρ</strong></span> <span class='ocrx_word' id='word_1_101' title='bbox 1152 1338 1497 1407; x_wconf 81' lang='grc' dir='ltr'><strong>ὑποταγῆναι</strong></span> <span class='ocrx_word' id='word_1_102' title='bbox 1549 1338 1659 1391; x_wconf 78' lang='grc' dir='ltr'>ἔδει</span> <span class='ocrx_word' id='word_1_103' title='bbox 1709 1339 1798 1392; x_wconf 84' lang='grc' dir='ltr'>διὰ</span> <span class='ocrx_word' id='word_1_104' title='bbox 1829 1339 1899 1392; x_wconf 87' lang='grc' dir='ltr'><strong>τά</strong></span> 
     </span>
    </p>
   </div>
   <div class='ocr_carea' id='block_1_16' title="bbox 301 1427 1900 1499">
    <p class='ocr_par' dir='ltr' id='par_1_16' title="bbox 301 1427 1900 1499">
     <span class='ocr_line' id='line_1_16' title="bbox 301 1427 1900 1499; baseline 0.003 -19"><span class='ocrx_word' id='word_1_105' title='bbox 301 1429 687 1498; x_wconf 82' lang='grc' dir='ltr'>προγεγονότα</span> <span class='ocrx_word' id='word_1_106' title='bbox 731 1427 1011 1495; x_wconf 84' lang='grc' dir='ltr'>θαύματα,</span> <span class='ocrx_word' id='word_1_107' title='bbox 1067 1429 1191 1481; x_wconf 82' lang='grc' dir='ltr'>τότε</span> <span class='ocrx_word' id='word_1_108' title='bbox 1240 1431 1469 1499; x_wconf 82' lang='grc' dir='ltr'>σημεῖον</span> <span class='ocrx_word' id='word_1_109' title='bbox 1508 1429 1801 1495; x_wconf 22' lang='grc' dir='ltr'>ηαίτοῦσινο</span> <span class='ocrx_word' id='word_1_110' title='bbox 1840 1430 1900 1495; x_wconf 73' lang='grc' dir='ltr'><strong>ἐξ</strong></span> 
     </span>
    </p>
   </div>
   <div class='ocr_carea' id='block_1_17' title="bbox 300 1517 1899 1590">
    <p class='ocr_par' dir='ltr' id='par_1_17' title="bbox 300 1517 1899 1590">
     <span class='ocr_line' id='line_1_17' title="bbox 300 1517 1899 1590; baseline 0.003 -20"><span class='ocrx_word' id='word_1_111' title='bbox 300 1519 537 1589; x_wconf 74' lang='grc' dir='ltr'>οὐρανοῦ</span> <span class='ocrx_word' id='word_1_112' title='bbox 565 1519 621 1571; x_wconf 79' lang='grc' dir='ltr'>δὲ</span> <span class='ocrx_word' id='word_1_113' title='bbox 654 1517 902 1570; x_wconf 82' lang='grc' dir='ltr'><strong>θέλουσιν</strong></span> <span class='ocrx_word' id='word_1_114' title='bbox 943 1519 1074 1570; x_wconf 75' lang='grc' dir='ltr'>ἰδεῖν</span> <span class='ocrx_word' id='word_1_115' title='bbox 1121 1523 1371 1590; x_wconf 81' lang='grc' dir='ltr'>σημεῖον,</span> <span class='ocrx_word' id='word_1_116' title='bbox 1411 1521 1485 1584; x_wconf 84' lang='grc' dir='ltr'><strong>ὡς</strong></span> <span class='ocrx_word' id='word_1_117' title='bbox 1522 1521 1682 1584; x_wconf 79' lang='grc' dir='ltr'>ἄλλος</span> <span class='ocrx_word' id='word_1_118' title='bbox 1734 1521 1899 1590; x_wconf 83' lang='grc' dir='ltr'>εὐαγ-</span> 
     </span>
    </p>
   </div>
   <div class='ocr_carea' id='block_1_18' title="bbox 300 1612 1899 1686">
    <p class='ocr_par' dir='ltr' id='par_1_18' title="bbox 300 1612 1899 1686">
     <span class='ocr_line' id='line_1_18' title="bbox 300 1612 1899 1686; baseline 0.004 -24"><span class='ocrx_word' id='word_1_119' title='bbox 300 1613 560 1681; x_wconf 81' lang='grc' dir='ltr'>γελιστὴς</span> <span class='ocrx_word' id='word_1_120' title='bbox 604 1612 772 1678; x_wconf 78' lang='grc' dir='ltr'>λέγει.</span> <span class='ocrx_word' id='word_1_121' title='bbox 826 1613 1076 1665; x_wconf 82' lang='grc' dir='ltr'>Ἐδόκουν</span> <span class='ocrx_word' id='word_1_122' title='bbox 1116 1614 1246 1682; x_wconf 81' lang='grc' dir='ltr'>γάρ,</span> <span class='ocrx_word' id='word_1_123' title='bbox 1296 1615 1376 1667; x_wconf 85' lang='grc' dir='ltr'>ὅτι</span> <span class='ocrx_word' id='word_1_124' title='bbox 1407 1615 1474 1667; x_wconf 87' lang='grc' dir='ltr'><strong>τά</strong></span> <span class='ocrx_word' id='word_1_125' title='bbox 1521 1616 1615 1669; x_wconf 76' lang='grc' dir='ltr'><strong>ἐπὶ</strong></span> <span class='ocrx_word' id='word_1_126' title='bbox 1663 1616 1761 1685; x_wconf 82' lang='grc' dir='ltr'>τῆς</span> <span class='ocrx_word' id='word_1_127' title='bbox 1797 1616 1899 1686; x_wconf 86' lang='grc' dir='ltr'><strong>γῆς</strong></span> 
     </span>
    </p>
   </div>
   <div class='ocr_carea' id='block_1_19' title="bbox 302 1704 1895 1776">
    <p class='ocr_par' dir='ltr' id='par_1_19' title="bbox 302 1704 1895 1776">
     <span class='ocr_line' id='line_1_19' title="bbox 302 1704 1895 1776; baseline 0.002 -21"><span class='ocrx_word' id='word_1_128' title='bbox 302 1705 581 1772; x_wconf 83' lang='grc' dir='ltr'>θαύματα,</span> <span class='ocrx_word' id='word_1_129' title='bbox 637 1705 745 1756; x_wconf 69' lang='grc' dir='ltr'>ἀπὸ</span> <span class='ocrx_word' id='word_1_130' title='bbox 798 1704 896 1769; x_wconf 79' lang='grc' dir='ltr'><strong>τῆς</strong></span> <span class='ocrx_word' id='word_1_131' title='bbox 946 1704 1040 1757; x_wconf 81' lang='grc' dir='ltr'>τοῦ</span> <span class='ocrx_word' id='word_1_132' title='bbox 1092 1705 1341 1758; x_wconf 74' lang='grc' dir='ltr'>διαϐόλου</span> <span class='ocrx_word' id='word_1_133' title='bbox 1395 1706 1681 1776; x_wconf 86' lang='grc' dir='ltr'>δυνάμεως</span> <span class='ocrx_word' id='word_1_134' title='bbox 1733 1711 1895 1760; x_wconf 76' lang='grc' dir='ltr'>ποιεῖ’</span> 
     </span>
    </p>
   </div>
   <div class='ocr_carea' id='block_1_20' title="bbox 303 1795 1754 1869">
    <p class='ocr_par' dir='ltr' id='par_1_20' title="bbox 303 1795 1754 1869">
     <span class='ocr_line' id='line_1_20' title="bbox 303 1795 1754 1869; baseline 0.004 -21"><span class='ocrx_word' id='word_1_135' title='bbox 303 1799 701 1866; x_wconf 79' lang='grc' dir='ltr'>κοσμοκράτωρ</span> <span class='ocrx_word' id='word_1_136' title='bbox 727 1798 836 1865; x_wconf 72' lang='grc' dir='ltr'><strong>γὰρ</strong></span> <span class='ocrx_word' id='word_1_137' title='bbox 881 1799 906 1849; x_wconf 91' lang='lat'><strong>6</strong></span> <span class='ocrx_word' id='word_1_138' title='bbox 932 1798 1200 1860; x_wconf 71' lang='grc' dir='ltr'>διάϐολος.</span> <span class='ocrx_word' id='word_1_139' title='bbox 1245 1798 1310 1850; x_wconf 78' lang='grc' dir='ltr'><strong>ΤΞ</strong></span> <span class='ocrx_word' id='word_1_140' title='bbox 1353 1795 1447 1851; x_wconf 77' lang='grc' dir='ltr'>οὖν</span> <span class='ocrx_word' id='word_1_141' title='bbox 1475 1800 1501 1850; x_wconf 91' lang='lat'><strong>6</strong></span> <span class='ocrx_word' id='word_1_142' title='bbox 1529 1800 1754 1869; x_wconf 82' lang='grc' dir='ltr'>Σωτήρ;</span> 
     </span>
    </p>
   </div>
   <div class='ocr_carea' id='block_1_21' title="bbox 380 1866 1972 1962">
    <p class='ocr_par' dir='ltr' id='par_1_21' title="bbox 380 1866 1972 1962">
     <span class='ocr_line' id='line_1_21' title="bbox 380 1866 1972 1962; baseline 0.004 -23"><span class='ocrx_word' id='word_1_143' title='bbox 380 1908 398 1939; x_wconf 74' lang='grc' dir='ltr'><strong>ι</strong></span> <span class='ocrx_word' id='word_1_144' title='bbox 453 1891 510 1941; x_wconf 92' lang='grc'><strong>’0</strong></span> <span class='ocrx_word' id='word_1_145' title='bbox 536 1890 613 1954; x_wconf 84' lang='grc' dir='ltr'><strong>δὲ,</strong></span> <span class='ocrx_word' id='word_1_146' title='bbox 641 1888 963 1959; x_wconf 60' lang='grc' dir='ltr'>ἀποκριθεὶς</span> <span class='ocrx_word' id='word_1_147' title='bbox 1006 1885 1158 1941; x_wconf 77' lang='grc' dir='ltr'>εἶπεν</span> <span class='ocrx_word' id='word_1_148' title='bbox 1192 1891 1378 1954; x_wconf 73' lang='grc' dir='ltr'>αὐτοῖς</span> <span class='ocrx_word' id='word_1_149' title='bbox 1413 1908 1424 1920; x_wconf 90' lang='grc'><strong>·</strong></span> <span class='ocrx_word' id='word_1_150' title='bbox 1471 1892 1640 1945; x_wconf 80' lang='grc' dir='ltr'>Γενεά</span> <span class='ocrx_word' id='word_1_151' title='bbox 1671 1866 1897 1962; x_wconf 21' lang='grc' dir='ltr'>*πονηρά</span> <span class='ocrx_word' id='word_1_152' title='bbox 1931 1866 1972 1920; x_wconf 73' lang='grc' dir='ltr'><strong>Β</strong></span> 
     </span>
    </p>
   </div>
   <div class='ocr_carea' id='block_1_22' title="bbox 309 1980 1898 2054">
    <p class='ocr_par' dir='ltr' id='par_1_22' title="bbox 309 1980 1898 2054">
     <span class='ocr_line' id='line_1_22' title="bbox 309 1980 1898 2054; baseline 0.002 -20"><span class='ocrx_word' id='word_1_153' title='bbox 309 1984 407 2034; x_wconf 74' lang='grc' dir='ltr'>καὶ</span> <span class='ocrx_word' id='word_1_154' title='bbox 444 1982 693 2051; x_wconf 79' lang='grc' dir='ltr'>μοιχαλὶς</span> <span class='ocrx_word' id='word_1_155' title='bbox 730 1983 955 2049; x_wconf 85' lang='grc' dir='ltr'>σημεῖον</span> <span class='ocrx_word' id='word_1_156' title='bbox 1003 1980 1277 2052; x_wconf 77' lang='grc' dir='ltr'>ἐπιζητεῖ,</span> <span class='ocrx_word' id='word_1_157' title='bbox 1327 1984 1422 2035; x_wconf 76' lang='grc' dir='ltr'><strong>καὶ</strong></span> <span class='ocrx_word' id='word_1_158' title='bbox 1459 1987 1687 2054; x_wconf 85' lang='grc' dir='ltr'>σημεῖον</span> <span class='ocrx_word' id='word_1_159' title='bbox 1715 1986 1776 2037; x_wconf 85' lang='grc' dir='ltr'>ού</span> <span class='ocrx_word' id='word_1_160' title='bbox 1815 1985 1898 2037; x_wconf 64' lang='grc' dir='ltr'><strong>δοι</strong></span> 
     </span>
    </p>
   </div>
   <div class='ocr_carea' id='block_1_23' title="bbox 301 2056 1892 2144">
    <p class='ocr_par' dir='ltr' id='par_1_23' title="bbox 301 2056 1892 2144">
     <span class='ocr_line' id='line_1_23' title="bbox 301 2056 1892 2144; baseline 0.002 -21"><span class='ocrx_word' id='word_1_161' title='bbox 301 2074 530 2142; x_wconf 80' lang='grc' dir='ltr'>θήσεται</span> <span class='ocrx_word' id='word_1_162' title='bbox 559 2056 722 2141; x_wconf 73' lang='grc' dir='ltr'>αότῇ,</span> <span class='ocrx_word' id='word_1_163' title='bbox 759 2073 806 2123; x_wconf 69' lang='grc' dir='ltr'>εἰ</span> <span class='ocrx_word' id='word_1_164' title='bbox 831 2071 904 2141; x_wconf 82' lang='grc' dir='ltr'>μὴ</span> <span class='ocrx_word' id='word_1_165' title='bbox 927 2072 988 2122; x_wconf 84' lang='grc' dir='ltr'><strong>τὸ</strong></span> <span class='ocrx_word' id='word_1_166' title='bbox 1020 2075 1250 2142; x_wconf 61' lang='grc' dir='ltr'>σημεῖον</span> <span class='ocrx_word' id='word_1_167' title='bbox 1288 2074 1445 2126; x_wconf 82' lang='grc' dir='ltr'><strong>Ἰωνᾶ</strong></span> <span class='ocrx_word' id='word_1_168' title='bbox 1461 2073 1556 2125; x_wconf 82' lang='grc' dir='ltr'>τοῦ</span> <span class='ocrx_word' id='word_1_169' title='bbox 1586 2075 1892 2144; x_wconf 73' lang='grc' dir='ltr'>προφήτου.</span> 
     </span>
    </p>
   </div>
   <div class='ocr_carea' id='block_1_24' title="bbox 302 2160 1898 2237">
    <p class='ocr_par' dir='ltr' id='par_1_24' title="bbox 302 2160 1898 2237">
     <span class='ocr_line' id='line_1_24' title="bbox 302 2160 1898 2237; baseline 0.001 -21"><span class='ocrx_word' id='word_1_170' title='bbox 302 2165 517 2234; x_wconf 77' lang='grc' dir='ltr'>Ὥσπερ</span> <span class='ocrx_word' id='word_1_171' title='bbox 544 2166 653 2232; x_wconf 83' lang='grc' dir='ltr'><strong>γὰρ</strong></span> <span class='ocrx_word' id='word_1_172' title='bbox 685 2160 752 2234; x_wconf 76' lang='grc' dir='ltr'><strong>ἦν</strong></span> <span class='ocrx_word' id='word_1_173' title='bbox 801 2165 984 2226; x_wconf 80' lang='grc' dir='ltr'>Ἰωνᾶς</span> <span class='ocrx_word' id='word_1_174' title='bbox 1020 2167 1076 2215; x_wconf 81' lang='grc' dir='ltr'><strong>ὲν</strong></span> <span class='ocrx_word' id='word_1_175' title='bbox 1097 2167 1162 2234; x_wconf 81' lang='grc' dir='ltr'>τῇ</span> <span class='ocrx_word' id='word_1_176' title='bbox 1191 2165 1369 2236; x_wconf 78' lang='grc' dir='ltr'>κοιλίᾳ</span> <span class='ocrx_word' id='word_1_177' title='bbox 1402 2165 1497 2218; x_wconf 81' lang='grc' dir='ltr'><strong>τοῦ</strong></span> <span class='ocrx_word' id='word_1_178' title='bbox 1529 2168 1726 2237; x_wconf 84' lang='grc' dir='ltr'>κήτους</span> <span class='ocrx_word' id='word_1_179' title='bbox 1749 2171 1898 2237; x_wconf 84' lang='grc' dir='ltr'>τρεῖς</span> 
     </span>
    </p>
   </div>
   <div class='ocr_carea' id='block_1_25' title="bbox 308 2256 1895 2326">
    <p class='ocr_par' dir='ltr' id='par_1_25' title="bbox 308 2256 1895 2326">
     <span class='ocr_line' id='line_1_25' title="bbox 308 2256 1895 2326; baseline 0.004 -19"><span class='ocrx_word' id='word_1_180' title='bbox 308 2259 526 2325; x_wconf 74' lang='grc' dir='ltr'>ἡμέρας</span> <span class='ocrx_word' id='word_1_181' title='bbox 584 2258 676 2309; x_wconf 80' lang='grc' dir='ltr'><strong>καὶ</strong></span> <span class='ocrx_word' id='word_1_182' title='bbox 708 2258 855 2326; x_wconf 84' lang='grc' dir='ltr'>τρεῖς</span> <span class='ocrx_word' id='word_1_183' title='bbox 896 2257 1120 2321; x_wconf 89' lang='grc' dir='ltr'>νύκτας,</span> <span class='ocrx_word' id='word_1_184' title='bbox 1153 2256 1328 2321; x_wconf 80' lang='grc' dir='ltr'>οὕτως</span> <span class='ocrx_word' id='word_1_185' title='bbox 1377 2258 1532 2310; x_wconf 78' lang='grc' dir='ltr'>ἔσται</span> <span class='ocrx_word' id='word_1_186' title='bbox 1586 2261 1678 2312; x_wconf 75' lang='grc' dir='ltr'><strong>καὶ</strong></span> <span class='ocrx_word' id='word_1_187' title='bbox 1712 2261 1739 2312; x_wconf 89' lang='lat'><strong>6</strong></span> <span class='ocrx_word' id='word_1_188' title='bbox 1767 2260 1895 2324; x_wconf 76' lang='grc' dir='ltr'>Υἱὸς</span> 
     </span>
    </p>
   </div>
   <div class='ocr_carea' id='block_1_26' title="bbox 299 2349 1897 2424">
    <p class='ocr_par' dir='ltr' id='par_1_26' title="bbox 299 2349 1897 2424">
     <span class='ocr_line' id='line_1_26' title="bbox 299 2349 1897 2424; baseline 0.004 -24"><span class='ocrx_word' id='word_1_189' title='bbox 299 2350 396 2401; x_wconf 81' lang='grc' dir='ltr'>τοῦ</span> <span class='ocrx_word' id='word_1_190' title='bbox 436 2349 731 2421; x_wconf 83' lang='grc' dir='ltr'>ἀνθρώπου</span> <span class='ocrx_word' id='word_1_191' title='bbox 774 2351 831 2402; x_wconf 76' lang='grc' dir='ltr'><strong>ὲν</strong></span> <span class='ocrx_word' id='word_1_192' title='bbox 871 2352 939 2420; x_wconf 80' lang='grc' dir='ltr'>τῇ</span> <span class='ocrx_word' id='word_1_193' title='bbox 977 2350 1178 2422; x_wconf 80' lang='grc' dir='ltr'><strong>καρδίᾳ</strong></span> <span class='ocrx_word' id='word_1_194' title='bbox 1232 2350 1333 2420; x_wconf 78' lang='grc' dir='ltr'>τῆς</span> <span class='ocrx_word' id='word_1_195' title='bbox 1367 2351 1473 2421; x_wconf 78' lang='grc' dir='ltr'><strong>γῆς</strong></span> <span class='ocrx_word' id='word_1_196' title='bbox 1501 2355 1649 2422; x_wconf 80' lang='grc' dir='ltr'>τρεῖς</span> <span class='ocrx_word' id='word_1_197' title='bbox 1684 2353 1897 2424; x_wconf 82' lang='grc' dir='ltr'>ἡμέρας</span> 
     </span>
    </p>
   </div>
   <div class='ocr_carea' id='block_1_27' title="bbox 302 2442 1898 2514">
    <p class='ocr_par' dir='ltr' id='par_1_27' title="bbox 302 2442 1898 2514">
     <span class='ocr_line' id='line_1_27' title="bbox 302 2442 1898 2514; baseline 0.003 -19"><span class='ocrx_word' id='word_1_198' title='bbox 302 2446 398 2495; x_wconf 81' lang='grc' dir='ltr'><strong>καὶ</strong></span> <span class='ocrx_word' id='word_1_199' title='bbox 454 2445 604 2512; x_wconf 82' lang='grc' dir='ltr'>τρεῖς</span> <span class='ocrx_word' id='word_1_200' title='bbox 662 2442 885 2504; x_wconf 83' lang='grc' dir='ltr'>νύκτας.</span> <span class='ocrx_word' id='word_1_201' title='bbox 929 2462 946 2494; x_wconf 75' lang='grc' dir='ltr'><strong>ι</strong></span> <span class='ocrx_word' id='word_1_202' title='bbox 995 2445 1247 2514; x_wconf 78' lang='grc' dir='ltr'>Πονηράν</span> <span class='ocrx_word' id='word_1_203' title='bbox 1301 2443 1403 2512; x_wconf 79' lang='grc' dir='ltr'>μὲν</span> <span class='ocrx_word' id='word_1_204' title='bbox 1452 2445 1646 2512; x_wconf 85' lang='grc' dir='ltr'>γενεὰν</span> <span class='ocrx_word' id='word_1_205' title='bbox 1696 2447 1898 2509; x_wconf 78' lang='grc' dir='ltr'>αὐτοὺς</span> 
     </span>
    </p>
   </div>
   <div class='ocr_carea' id='block_1_28' title="bbox 300 2535 1895 2606">
    <p class='ocr_par' dir='ltr' id='par_1_28' title="bbox 300 2535 1895 2606">
     <span class='ocr_line' id='line_1_28' title="bbox 300 2535 1895 2606; baseline 0.003 -19"><span class='ocrx_word' id='word_1_206' title='bbox 300 2535 478 2597; x_wconf 85' lang='grc' dir='ltr'>καλεῖ,</span> <span class='ocrx_word' id='word_1_207' title='bbox 511 2536 586 2598; x_wconf 86' lang='grc' dir='ltr'>ὡς</span> <span class='ocrx_word' id='word_1_208' title='bbox 617 2535 967 2604; x_wconf 81' lang='grc' dir='ltr'>ἐπηρεαστάς</span> <span class='ocrx_word' id='word_1_209' title='bbox 1022 2535 1119 2588; x_wconf 77' lang='grc' dir='ltr'>καὶ</span> <span class='ocrx_word' id='word_1_210' title='bbox 1164 2535 1440 2606; x_wconf 82' lang='grc' dir='ltr'>δολερούς.</span> <span class='ocrx_word' id='word_1_211' title='bbox 1478 2537 1785 2606; x_wconf 79' lang='grc' dir='ltr'>Μοιχαλίδα</span> <span class='ocrx_word' id='word_1_212' title='bbox 1815 2538 1895 2606; x_wconf 71' lang='grc' dir='ltr'>δὲ,</span> 
     </span>
    </p>
   </div>
   <div class='ocr_carea' id='block_1_29' title="bbox 297 2625 1896 2698">
    <p class='ocr_par' dir='ltr' id='par_1_29' title="bbox 297 2625 1896 2698">
     <span class='ocr_line' id='line_1_29' title="bbox 297 2625 1896 2698; baseline 0.003 -20"><span class='ocrx_word' id='word_1_213' title='bbox 297 2629 375 2688; x_wconf 82' lang='grc' dir='ltr'>ὡς</span> <span class='ocrx_word' id='word_1_214' title='bbox 407 2626 817 2694; x_wconf 67' lang='grc' dir='ltr'><strong>ἀφισταμένους</strong></span> <span class='ocrx_word' id='word_1_215' title='bbox 849 2627 956 2680; x_wconf 82' lang='grc' dir='ltr'><strong>ἀπὸ</strong></span> <span class='ocrx_word' id='word_1_216' title='bbox 983 2625 1077 2679; x_wconf 82' lang='grc' dir='ltr'>τοῦ</span> <span class='ocrx_word' id='word_1_217' title='bbox 1109 2625 1267 2692; x_wconf 71' lang='grc' dir='ltr'>Θεοῦ,</span> <span class='ocrx_word' id='word_1_218' title='bbox 1304 2629 1396 2681; x_wconf 72' lang='grc' dir='ltr'><strong>καὶ</strong></span> <span class='ocrx_word' id='word_1_219' title='bbox 1442 2627 1663 2698; x_wconf 86' lang='grc' dir='ltr'>δαίμοσι</span> <span class='ocrx_word' id='word_1_220' title='bbox 1692 2629 1896 2683; x_wconf 83' lang='grc' dir='ltr'>κολλω-</span> 
     </span>
    </p>
   </div>
   <div class='ocr_carea' id='block_1_30' title="bbox 307 2717 1897 2788">
    <p class='ocr_par' dir='ltr' id='par_1_30' title="bbox 307 2717 1897 2788">
     <span class='ocr_line' id='line_1_30' title="bbox 307 2717 1897 2788; baseline 0.003 -19"><span class='ocrx_word' id='word_1_221' title='bbox 307 2717 524 2786; x_wconf 84' lang='grc' dir='ltr'>μένους.</span> <span class='ocrx_word' id='word_1_222' title='bbox 576 2717 812 2784; x_wconf 80' lang='grc' dir='ltr'>Σημεῖον</span> <span class='ocrx_word' id='word_1_223' title='bbox 841 2718 896 2770; x_wconf 81' lang='grc' dir='ltr'><strong>δὲ</strong></span> <span class='ocrx_word' id='word_1_224' title='bbox 931 2717 1079 2785; x_wconf 76' lang='grc' dir='ltr'>λέγει</span> <span class='ocrx_word' id='word_1_225' title='bbox 1111 2719 1212 2788; x_wconf 81' lang='grc' dir='ltr'>τὴν</span> <span class='ocrx_word' id='word_1_226' title='bbox 1264 2719 1566 2774; x_wconf 77' lang='grc' dir='ltr'>ἀνάστασιν</span> <span class='ocrx_word' id='word_1_227' title='bbox 1599 2720 1790 2787; x_wconf 78' lang='grc' dir='ltr'>αὑτοῦ,</span> <span class='ocrx_word' id='word_1_228' title='bbox 1821 2723 1897 2784; x_wconf 85' lang='grc' dir='ltr'>ὼς</span> 
     </span>
    </p>
   </div>
   <div class='ocr_carea' id='block_1_31' title="bbox 303 2809 1895 2882">
    <p class='ocr_par' dir='ltr' id='par_1_31' title="bbox 303 2809 1895 2882">
     <span class='ocr_line' id='line_1_31' title="bbox 303 2809 1895 2882; baseline 0.004 -21"><span class='ocrx_word' id='word_1_229' title='bbox 303 2809 644 2877; x_wconf 78' lang='grc' dir='ltr'>παράδοξον·</span> <span class='ocrx_word' id='word_1_230' title='bbox 689 2813 747 2863; x_wconf 82' lang='grc' dir='ltr'><strong>ὲν</strong></span> <span class='ocrx_word' id='word_1_231' title='bbox 780 2814 884 2880; x_wconf 82' lang='grc' dir='ltr'><strong>γὰρ</strong></span> <span class='ocrx_word' id='word_1_232' title='bbox 920 2813 985 2881; x_wconf 84' lang='grc' dir='ltr'>τῇ</span> <span class='ocrx_word' id='word_1_233' title='bbox 1019 2810 1220 2881; x_wconf 78' lang='grc' dir='ltr'>καρδίᾳ</span> <span class='ocrx_word' id='word_1_234' title='bbox 1267 2811 1368 2880; x_wconf 81' lang='grc' dir='ltr'>τῆς</span> <span class='ocrx_word' id='word_1_235' title='bbox 1423 2812 1548 2882; x_wconf 84' lang='grc' dir='ltr'>γῆς,</span> <span class='ocrx_word' id='word_1_236' title='bbox 1582 2811 1662 2882; x_wconf 85' lang='grc' dir='ltr'>τῷ</span> <span class='ocrx_word' id='word_1_237' title='bbox 1711 2830 1895 2867; x_wconf 82' lang='grc' dir='ltr'>κατω-</span> 
     </span>
    </p>
   </div>
   <div class='ocr_carea' id='block_1_32' title="bbox 298 2902 1898 2976">
    <p class='ocr_par' dir='ltr' id='par_1_32' title="bbox 298 2902 1898 2976">
     <span class='ocr_line' id='line_1_32' title="bbox 298 2902 1898 2976; baseline 0.004 -23"><span class='ocrx_word' id='word_1_238' title='bbox 298 2904 449 2955; x_wconf 85' lang='grc' dir='ltr'>τάτω</span> <span class='ocrx_word' id='word_1_239' title='bbox 480 2903 623 2968; x_wconf 84' lang='grc' dir='ltr'><strong>λέγω</strong></span> <span class='ocrx_word' id='word_1_240' title='bbox 653 2902 828 2973; x_wconf 81' lang='grc' dir='ltr'>τόπῳ,</span> <span class='ocrx_word' id='word_1_241' title='bbox 865 2902 942 2972; x_wconf 85' lang='grc' dir='ltr'>τῷ</span> <span class='ocrx_word' id='word_1_242' title='bbox 969 2903 1070 2974; x_wconf 69' lang='grc' dir='ltr'>ᾄδῃ</span> <span class='ocrx_word' id='word_1_243' title='bbox 1093 2903 1338 2974; x_wconf 85' lang='grc' dir='ltr'>δηλονότι</span> <span class='ocrx_word' id='word_1_244' title='bbox 1368 2903 1635 2969; x_wconf 82' lang='grc' dir='ltr'>καταϐὰς,</span> <span class='ocrx_word' id='word_1_245' title='bbox 1664 2906 1898 2976; x_wconf 82' lang='grc' dir='ltr'>τριήμε-</span> 
     </span>
    </p>
   </div>
   <div class='ocr_carea' id='block_1_33' title="bbox 303 2995 1897 3068">
    <p class='ocr_par' dir='ltr' id='par_1_33' title="bbox 303 2995 1897 3068">
     <span class='ocr_line' id='line_1_33' title="bbox 303 2995 1897 3068; baseline 0.004 -23"><span class='ocrx_word' id='word_1_246' title='bbox 303 3010 398 3064; x_wconf 84' lang='grc' dir='ltr'><strong>ρος</strong></span> <span class='ocrx_word' id='word_1_247' title='bbox 453 2995 686 3062; x_wconf 81' lang='grc' dir='ltr'>ἀνέστη·</span> <span class='ocrx_word' id='word_1_248' title='bbox 739 2997 838 3057; x_wconf 85' lang='grc' dir='ltr'><strong>τάς</strong></span> <span class='ocrx_word' id='word_1_249' title='bbox 900 2999 1048 3067; x_wconf 81' lang='grc' dir='ltr'>τρεῖς</span> <span class='ocrx_word' id='word_1_250' title='bbox 1102 2997 1160 3049; x_wconf 81' lang='grc' dir='ltr'>δὲ</span> <span class='ocrx_word' id='word_1_251' title='bbox 1216 2996 1432 3067; x_wconf 79' lang='grc' dir='ltr'>ἡμέρας</span> <span class='ocrx_word' id='word_1_252' title='bbox 1469 3000 1567 3051; x_wconf 68' lang='grc' dir='ltr'>καὶ</span> <span class='ocrx_word' id='word_1_253' title='bbox 1614 2997 1714 3060; x_wconf 82' lang='grc' dir='ltr'>τὰς</span> <span class='ocrx_word' id='word_1_254' title='bbox 1745 3001 1897 3068; x_wconf 75' lang='grc' dir='ltr'>τρεῖς</span> 
     </span>
    </p>
   </div>
   <div class='ocr_carea' id='block_1_34' title="bbox 303 3088 1889 3162">
    <p class='ocr_par' dir='ltr' id='par_1_34' title="bbox 303 3088 1889 3162">
     <span class='ocr_line' id='line_1_34' title="bbox 303 3088 1889 3162; baseline 0.002 -23"><span class='ocrx_word' id='word_1_255' title='bbox 303 3088 532 3150; x_wconf 73' lang='grc' dir='ltr'>νύκτας,</span> <span class='ocrx_word' id='word_1_256' title='bbox 589 3089 700 3141; x_wconf 77' lang='grc' dir='ltr'><strong>ἀπὸ</strong></span> <span class='ocrx_word' id='word_1_257' title='bbox 753 3091 954 3158; x_wconf 82' lang='grc' dir='ltr'>μέρους</span> <span class='ocrx_word' id='word_1_258' title='bbox 1011 3090 1205 3158; x_wconf 78' lang='grc' dir='ltr'><strong>νόησον</strong></span> <span class='ocrx_word' id='word_1_259' title='bbox 1266 3091 1361 3142; x_wconf 78' lang='grc' dir='ltr'>καὶ</span> <span class='ocrx_word' id='word_1_260' title='bbox 1416 3089 1492 3161; x_wconf 86' lang='grc' dir='ltr'><strong>μὴ</strong></span> <span class='ocrx_word' id='word_1_261' title='bbox 1541 3090 1889 3162; x_wconf 81' lang='grc' dir='ltr'>ὁλοκλήρους.</span> 
     </span>
    </p>
   </div>
   <div class='ocr_carea' id='block_1_35' title="bbox 1993 592 3594 662">
    <p class='ocr_par' dir='ltr' id='par_1_35' title="bbox 1993 592 3594 662">
     <span class='ocr_line' id='line_1_35' title="bbox 1993 592 3594 662; baseline -0.002 -14"><span class='ocrx_word' id='word_1_262' title='bbox 1993 612 2129 662; x_wconf 76' lang='lat' dir='ltr'><strong>nem</strong></span> <span class='ocrx_word' id='word_1_263' title='bbox 2164 597 2344 650; x_wconf 89' lang='lat' dir='ltr'><strong>daturi</strong></span> <span class='ocrx_word' id='word_1_264' title='bbox 2379 610 2585 658; x_wconf 87' lang='lat' dir='ltr'><strong>sumus,</strong></span> <span class='ocrx_word' id='word_1_265' title='bbox 2627 596 2728 647; x_wconf 87' lang='lat' dir='ltr'><strong>hoc</strong></span> <span class='ocrx_word' id='word_1_266' title='bbox 2760 602 2869 656; x_wconf 83' lang='lat' dir='ltr'><strong>est,</strong></span> <span class='ocrx_word' id='word_1_267' title='bbox 2906 608 3003 662; x_wconf 85' lang='lat' dir='ltr'><strong>pro</strong></span> <span class='ocrx_word' id='word_1_268' title='bbox 3040 592 3350 656; x_wconf 87' lang='lat' dir='ltr'><strong>mendacio,</strong></span> <span class='ocrx_word' id='word_1_269' title='bbox 3383 592 3594 646; x_wconf 88' lang='lat' dir='ltr'><strong>calum-</strong></span> 
     </span>
    </p>
   </div>
   <div class='ocr_carea' id='block_1_36' title="bbox 2005 681 3597 753">
    <p class='ocr_par' dir='ltr' id='par_1_36' title="bbox 2005 681 3597 753">
     <span class='ocr_line' id='line_1_36' title="bbox 2005 681 3597 753; baseline -0.004 -13"><span class='ocrx_word' id='word_1_270' title='bbox 2005 689 2116 752; x_wconf 87' lang='lat' dir='ltr'><strong>nia,</strong></span> <span class='ocrx_word' id='word_1_271' title='bbox 2153 696 2246 741; x_wconf 86' lang='lat' dir='ltr'><strong>aut</strong></span> <span class='ocrx_word' id='word_1_272' title='bbox 2285 688 2446 740; x_wconf 88' lang='lat' dir='ltr'><strong>etiam</strong></span> <span class='ocrx_word' id='word_1_273' title='bbox 2484 699 2582 753; x_wconf 90' lang='lat' dir='ltr'><strong>pro</strong></span> <span class='ocrx_word' id='word_1_274' title='bbox 2615 683 2940 738; x_wconf 83' lang='lat' dir='ltr'><strong>inordinatis</strong></span> <span class='ocrx_word' id='word_1_275' title='bbox 2981 693 3034 738; x_wconf 89' lang='lat' dir='ltr'><strong>et</strong></span> <span class='ocrx_word' id='word_1_276' title='bbox 3080 682 3348 738; x_wconf 80' lang='lat' dir='ltr'><strong>ridiculis.</strong></span> <span class='ocrx_word' id='word_1_277' title='bbox 3392 681 3597 737; x_wconf 86' lang='lat' dir='ltr'><strong>Deinde</strong></span> 
     </span>
    </p>
   </div>
   <div class='ocr_carea' id='block_1_37' title="bbox 2005 773 3594 848">
    <p class='ocr_par' dir='ltr' id='par_1_37' title="bbox 2005 773 3594 848">
     <span class='ocr_line' id='line_1_37' title="bbox 2005 773 3594 848; baseline -0.004 -16"><span class='ocrx_word' id='word_1_278' title='bbox 2005 779 2153 848; x_wconf 88' lang='lat' dir='ltr'><strong>ponit</strong></span> <span class='ocrx_word' id='word_1_279' title='bbox 2177 779 2543 832; x_wconf 87' lang='lat' dir='ltr'><strong>testimonium</strong></span> <span class='ocrx_word' id='word_1_280' title='bbox 2571 791 2636 832; x_wconf 83' lang='lat' dir='ltr'><strong>ex</strong></span> <span class='ocrx_word' id='word_1_281' title='bbox 2663 775 2963 843; x_wconf 80' lang='lat' dir='ltr'><strong>Scriptura,</strong></span> <span class='ocrx_word' id='word_1_282' title='bbox 3008 789 3077 828; x_wconf 92' lang='lat' dir='ltr'><strong>ne</strong></span> <span class='ocrx_word' id='word_1_283' title='bbox 3108 774 3356 828; x_wconf 87' lang='lat' dir='ltr'><strong>videatur</strong></span> <span class='ocrx_word' id='word_1_284' title='bbox 3373 773 3594 844; x_wconf 87' lang='lat' dir='ltr'><strong>propria</strong></span> 
     </span>
    </p>
   </div>
   <div class='ocr_carea' id='block_1_38' title="bbox 2004 865 3596 935">
    <p class='ocr_par' dir='ltr' id='par_1_38' title="bbox 2004 865 3596 935">
     <span class='ocr_line' id='line_1_38' title="bbox 2004 865 3596 935; baseline -0.003 -11"><span class='ocrx_word' id='word_1_285' title='bbox 2004 872 2202 924; x_wconf 86' lang='lat' dir='ltr'><strong>dicere.</strong></span> <span class='ocrx_word' id='word_1_286' title='bbox 2233 867 2311 922; x_wconf 85' lang='lat' dir='ltr'><strong>Ex</strong></span> <span class='ocrx_word' id='word_1_287' title='bbox 2333 869 2685 922; x_wconf 77' lang='lat' dir='ltr'><strong>sermonibus</strong></span> <span class='ocrx_word' id='word_1_288' title='bbox 2719 867 2828 921; x_wconf 90' lang='lat' dir='ltr'><strong>tuis</strong></span> <span class='ocrx_word' id='word_1_289' title='bbox 2847 865 3262 935; x_wconf 82' lang='lat' dir='ltr'><strong>justiﬂcaberis,</strong></span> <span class='ocrx_word' id='word_1_290' title='bbox 3303 875 3358 920; x_wconf 89' lang='lat' dir='ltr'><strong>et</strong></span> <span class='ocrx_word' id='word_1_291' title='bbox 3387 880 3453 920; x_wconf 84' lang='lat' dir='ltr'><strong>ex</strong></span> <span class='ocrx_word' id='word_1_292' title='bbox 3479 881 3596 922; x_wconf 80' lang='lat' dir='ltr'><strong>ser-</strong></span> 
     </span>
    </p>
   </div>
   <div class='ocr_carea' id='block_1_39' title="bbox 2005 959 2907 1016">
    <p class='ocr_par' dir='ltr' id='par_1_39' title="bbox 2005 959 2907 1016">
     <span class='ocr_line' id='line_1_39' title="bbox 2005 959 2907 1016; baseline -0.002 -2"><span class='ocrx_word' id='word_1_293' title='bbox 2005 962 2259 1016; x_wconf 82' lang='lat' dir='ltr'><strong>monibus</strong></span> <span class='ocrx_word' id='word_1_294' title='bbox 2293 959 2399 1015; x_wconf 86' lang='lat' dir='ltr'><strong>tuis</strong></span> <span class='ocrx_word' id='word_1_295' title='bbox 2426 960 2907 1015; x_wconf 81' lang='lat' dir='ltr'><strong>condemnaberis.</strong></span> 
     </span>
    </p>
   </div>
   <div class='ocr_carea' id='block_1_40' title="bbox 2076 1047 3600 1118">
    <p class='ocr_par' dir='ltr' id='par_1_40' title="bbox 2076 1047 3600 1118">
     <span class='ocr_line' id='line_1_40' title="bbox 2076 1047 3600 1118; baseline -0.004 -12"><span class='ocrx_word' id='word_1_296' title='bbox 2076 1052 2240 1106; x_wconf 76' lang='lat' dir='ltr'><strong>\‘sns.</strong></span> <span class='ocrx_word' id='word_1_297' title='bbox 2283 1051 2371 1106; x_wconf 70' lang='lat'><strong>38.</strong></span> <span class='ocrx_word' id='word_1_298' title='bbox 2409 1050 2563 1105; x_wconf 89' lang='lat' dir='ltr'><strong>Tunc</strong></span> <span class='ocrx_word' id='word_1_299' title='bbox 2596 1051 2998 1115; x_wconf 89' lang='lat' dir='ltr'><strong>responderunt</strong></span> <span class='ocrx_word' id='word_1_300' title='bbox 3029 1049 3252 1118; x_wconf 86' lang='lat' dir='ltr'><strong>quidam</strong></span> <span class='ocrx_word' id='word_1_301' title='bbox 3284 1062 3350 1102; x_wconf 86' lang='lat' dir='ltr'><strong>ex</strong></span> <span class='ocrx_word' id='word_1_302' title='bbox 3398 1047 3600 1102; x_wconf 81' lang='lat' dir='ltr'><strong>scribis</strong></span> 
     </span>
    </p>
   </div>
   <div class='ocr_carea' id='block_1_41' title="bbox 2003 1139 3598 1213">
    <p class='ocr_par' dir='ltr' id='par_1_41' title="bbox 2003 1139 3598 1213">
     <span class='ocr_line' id='line_1_41' title="bbox 2003 1139 3598 1213; baseline -0.005 -13"><span class='ocrx_word' id='word_1_303' title='bbox 2003 1159 2058 1200; x_wconf 91' lang='lat' dir='ltr'><strong>et</strong></span> <span class='ocrx_word' id='word_1_304' title='bbox 2087 1145 2401 1210; x_wconf 73' lang='lat' dir='ltr'><strong>Pharisatis,</strong></span> <span class='ocrx_word' id='word_1_305' title='bbox 2427 1145 2670 1198; x_wconf 74' lang='lat' dir='ltr'><strong>dicentes</strong></span> <span class='ocrx_word' id='word_1_306' title='bbox 2695 1160 2710 1198; x_wconf 88' lang='lat'><strong>:</strong></span> <span class='ocrx_word' id='word_1_307' title='bbox 2740 1142 3294 1213; x_wconf 79' lang='lat' dir='ltr'><strong>Magister,volumus</strong></span> <span class='ocrx_word' id='word_1_308' title='bbox 3330 1142 3393 1192; x_wconf 89' lang='lat' dir='ltr'><strong>ad</strong></span> <span class='ocrx_word' id='word_1_309' title='bbox 3439 1150 3491 1195; x_wconf 86' lang='lat' dir='ltr'><strong>te</strong></span> <span class='ocrx_word' id='word_1_310' title='bbox 3520 1139 3598 1194; x_wconf 86' lang='lat' dir='ltr'><strong>si-</strong></span> 
     </span>
    </p>
   </div>
   <div class='ocr_carea' id='block_1_42' title="bbox 2003 1231 3590 1301">
    <p class='ocr_par' dir='ltr' id='par_1_42' title="bbox 2003 1231 3590 1301">
     <span class='ocr_line' id='line_1_42' title="bbox 2003 1231 3590 1301; baseline 0.001 -18"><span class='ocrx_word' id='word_1_311' title='bbox 2003 1248 2168 1301; x_wconf 82' lang='lat' dir='ltr'><strong>gnum</strong></span> <span class='ocrx_word' id='word_1_312' title='bbox 2193 1232 2397 1288; x_wconf 81' lang='lat' dir='ltr'><strong>videre.</strong></span> <span class='ocrx_word' id='word_1_313' title='bbox 2424 1251 2444 1284; x_wconf 86' lang='grc'><strong>›</strong></span> <span class='ocrx_word' id='word_1_314' title='bbox 2468 1231 2757 1287; x_wconf 77' lang='lat' dir='ltr'><strong>Admirans</strong></span> <span class='ocrx_word' id='word_1_315' title='bbox 2785 1232 3119 1301; x_wconf 88' lang='lat' dir='ltr'><strong>evangelista</strong></span> <span class='ocrx_word' id='word_1_316' title='bbox 3139 1232 3411 1300; x_wconf 86' lang='lat' dir='ltr'><strong>apposuit,</strong></span> <span class='ocrx_word' id='word_1_317' title='bbox 3443 1239 3590 1285; x_wconf 90' lang='lat' dir='ltr'><strong>tunc.</strong></span> 
     </span>
    </p>
   </div>
   <div class='ocr_carea' id='block_1_43' title="bbox 2003 1324 3599 1392">
    <p class='ocr_par' dir='ltr' id='par_1_43' title="bbox 2003 1324 3599 1392">
     <span class='ocr_line' id='line_1_43' title="bbox 2003 1324 3599 1392; baseline -0.001 -14"><span class='ocrx_word' id='word_1_318' title='bbox 2003 1324 2139 1378; x_wconf 84' lang='lat' dir='ltr'><strong>Cum</strong></span> <span class='ocrx_word' id='word_1_319' title='bbox 2211 1327 2356 1380; x_wconf 90' lang='lat' dir='ltr'><strong>enim</strong></span> <span class='ocrx_word' id='word_1_320' title='bbox 2403 1324 2625 1379; x_wconf 86' lang='lat' dir='ltr'><strong>obedire</strong></span> <span class='ocrx_word' id='word_1_321' title='bbox 2680 1325 2804 1379; x_wconf 90' lang='lat' dir='ltr'><strong>illos</strong></span> <span class='ocrx_word' id='word_1_322' title='bbox 2850 1331 3128 1392; x_wconf 87' lang='lat' dir='ltr'><strong>oporteret</strong></span> <span class='ocrx_word' id='word_1_323' title='bbox 3175 1332 3396 1392; x_wconf 87' lang='lat' dir='ltr'><strong>propter</strong></span> <span class='ocrx_word' id='word_1_324' title='bbox 3441 1326 3599 1391; x_wconf 81' lang='lat' dir='ltr'><strong>signa</strong></span> 
     </span>
    </p>
   </div>
   <div class='ocr_carea' id='block_1_44' title="bbox 2003 1414 3596 1488">
    <p class='ocr_par' dir='ltr' id='par_1_44' title="bbox 2003 1414 3596 1488">
     <span class='ocr_line' id='line_1_44' title="bbox 2003 1414 3596 1488; baseline -0.003 -18"><span class='ocrx_word' id='word_1_325' title='bbox 2003 1418 2387 1488; x_wconf 76' lang='lat' dir='ltr'><strong>przecedentia,</strong></span> <span class='ocrx_word' id='word_1_326' title='bbox 2424 1427 2550 1471; x_wconf 86' lang='lat' dir='ltr'><strong>tunc</strong></span> <span class='ocrx_word' id='word_1_327' title='bbox 2593 1417 2804 1486; x_wconf 86' lang='lat' dir='ltr'><strong>signum</strong></span> <span class='ocrx_word' id='word_1_328' title='bbox 2857 1425 3069 1484; x_wconf 91' lang='lat' dir='ltr'><strong>petunt.</strong></span> <span class='ocrx_word' id='word_1_329' title='bbox 3117 1414 3192 1468; x_wconf 91' lang='lat' dir='ltr'><strong>De</strong></span> <span class='ocrx_word' id='word_1_330' title='bbox 3233 1414 3374 1469; x_wconf 75' lang='lat' dir='ltr'><strong>coelo</strong></span> <span class='ocrx_word' id='word_1_331' title='bbox 3413 1422 3596 1467; x_wconf 86' lang='lat' dir='ltr'><strong>autem</strong></span> 
     </span>
    </p>
   </div>
   <div class='ocr_carea' id='block_1_45' title="bbox 2003 1507 3596 1581">
    <p class='ocr_par' dir='ltr' id='par_1_45' title="bbox 2003 1507 3596 1581">
     <span class='ocr_line' id='line_1_45' title="bbox 2003 1507 3596 1581; baseline -0.004 -16"><span class='ocrx_word' id='word_1_332' title='bbox 2003 1511 2192 1566; x_wconf 89' lang='lat' dir='ltr'><strong>volunt</strong></span> <span class='ocrx_word' id='word_1_333' title='bbox 2233 1511 2448 1581; x_wconf 88' lang='lat' dir='ltr'><strong>signum</strong></span> <span class='ocrx_word' id='word_1_334' title='bbox 2482 1510 2669 1565; x_wconf 88' lang='lat' dir='ltr'><strong>videre</strong></span> <span class='ocrx_word' id='word_1_335' title='bbox 2701 1510 2843 1563; x_wconf 85' lang='lat' dir='ltr'><strong>sicut</strong></span> <span class='ocrx_word' id='word_1_336' title='bbox 2881 1509 3022 1562; x_wconf 89' lang='lat' dir='ltr'><strong>alius</strong></span> <span class='ocrx_word' id='word_1_337' title='bbox 3059 1507 3396 1576; x_wconf 73' lang='lat' dir='ltr'><strong>evangelista</strong></span> <span class='ocrx_word' id='word_1_338' title='bbox 3430 1507 3596 1561; x_wconf 85' lang='lat' dir='ltr'><strong>dicit:</strong></span> 
     </span>
    </p>
   </div>
   <div class='ocr_carea' id='block_1_46' title="bbox 2005 1602 3601 1675">
    <p class='ocr_par' dir='ltr' id='par_1_46' title="bbox 2005 1602 3601 1675">
     <span class='ocr_line' id='line_1_46' title="bbox 2005 1602 3601 1675; baseline -0.005 -17"><span class='ocrx_word' id='word_1_339' title='bbox 2005 1607 2266 1675; x_wconf 82' lang='lat' dir='ltr'><strong>putabant</strong></span> <span class='ocrx_word' id='word_1_340' title='bbox 2299 1605 2442 1659; x_wconf 89' lang='lat' dir='ltr'><strong>enim</strong></span> <span class='ocrx_word' id='word_1_341' title='bbox 2488 1605 2630 1673; x_wconf 91' lang='lat' dir='ltr'><strong>quod</strong></span> <span class='ocrx_word' id='word_1_342' title='bbox 2673 1602 2825 1673; x_wconf 83' lang='lat' dir='ltr'><strong>signa</strong></span> <span class='ocrx_word' id='word_1_343' title='bbox 2867 1617 3030 1670; x_wconf 81' lang='lat' dir='ltr'><strong>super</strong></span> <span class='ocrx_word' id='word_1_344' title='bbox 3069 1611 3269 1654; x_wconf 89' lang='lat' dir='ltr'><strong>terram</strong></span> <span class='ocrx_word' id='word_1_345' title='bbox 3331 1606 3601 1668; x_wconf 87' lang='lat' dir='ltr'><strong>potestate</strong></span> 
     </span>
    </p>
   </div>
   <div class='ocr_carea' id='block_1_47' title="bbox 2003 1691 3597 1752">
    <p class='ocr_par' dir='ltr' id='par_1_47' title="bbox 2003 1691 3597 1752">
     <span class='ocr_line' id='line_1_47' title="bbox 2003 1691 3597 1752; baseline -0.004 -2"><span class='ocrx_word' id='word_1_346' title='bbox 2003 1697 2206 1752; x_wconf 87' lang='lat' dir='ltr'><strong>diaboli</strong></span> <span class='ocrx_word' id='word_1_347' title='bbox 2255 1698 2496 1751; x_wconf 79' lang='lat' dir='ltr'><strong>faceret:</strong></span> <span class='ocrx_word' id='word_1_348' title='bbox 2547 1694 2734 1748; x_wconf 90' lang='lat' dir='ltr'><strong>mundi</strong></span> <span class='ocrx_word' id='word_1_349' title='bbox 2782 1694 2926 1747; x_wconf 88' lang='lat' dir='ltr'><strong>enim</strong></span> <span class='ocrx_word' id='word_1_350' title='bbox 2971 1703 3152 1749; x_wconf 83' lang='lat' dir='ltr'><strong>rector</strong></span> <span class='ocrx_word' id='word_1_351' title='bbox 3188 1701 3268 1747; x_wconf 90' lang='lat' dir='ltr'><strong>est</strong></span> <span class='ocrx_word' id='word_1_352' title='bbox 3329 1691 3597 1745; x_wconf 82' lang='lat' dir='ltr'><strong>diabolus.</strong></span> 
     </span>
    </p>
   </div>
   <div class='ocr_carea' id='block_1_48' title="bbox 2008 1786 2900 1858">
    <p class='ocr_par' dir='ltr' id='par_1_48' title="bbox 2008 1786 2900 1858">
     <span class='ocr_line' id='line_1_48' title="bbox 2008 1786 2900 1858; baseline -0.003 -17"><span class='ocrx_word' id='word_1_353' title='bbox 2008 1790 2146 1856; x_wconf 79' lang='lat' dir='ltr'><strong>Quid</strong></span> <span class='ocrx_word' id='word_1_354' title='bbox 2182 1790 2346 1858; x_wconf 79' lang='lat' dir='ltr'><strong>igitur</strong></span> <span class='ocrx_word' id='word_1_355' title='bbox 2368 1789 2436 1842; x_wconf 91' lang='lat' dir='ltr'><strong>ad</strong></span> <span class='ocrx_word' id='word_1_356' title='bbox 2465 1788 2580 1841; x_wconf 68' lang='lat' dir='ltr'><strong>[nec</strong></span> <span class='ocrx_word' id='word_1_357' title='bbox 2611 1786 2900 1840; x_wconf 82' lang='lat' dir='ltr'><strong>Salvator?</strong></span> 
     </span>
    </p>
   </div>
   <div class='ocr_carea' id='block_1_49' title="bbox 2079 1877 3598 1947">
    <p class='ocr_par' dir='ltr' id='par_1_49' title="bbox 2079 1877 3598 1947">
     <span class='ocr_line' id='line_1_49' title="bbox 2079 1877 3598 1947; baseline -0.003 -12"><span class='ocrx_word' id='word_1_358' title='bbox 2079 1882 2241 1936; x_wconf 75' lang='lat' dir='ltr'><strong>Vens.</strong></span> <span class='ocrx_word' id='word_1_359' title='bbox 2276 1882 2365 1947; x_wconf 77' lang='lat'><strong>39,</strong></span> <span class='ocrx_word' id='word_1_360' title='bbox 2395 1880 2485 1935; x_wconf 72' lang='grc'><strong>40.</strong></span> <span class='ocrx_word' id='word_1_361' title='bbox 2520 1899 2538 1931; x_wconf 79' lang='grc' dir='ltr'><strong>ι</strong></span> <span class='ocrx_word' id='word_1_362' title='bbox 2582 1882 2648 1933; x_wconf 84' lang='lat' dir='ltr'><strong>At</strong></span> <span class='ocrx_word' id='word_1_363' title='bbox 2688 1881 2773 1933; x_wconf 88' lang='lat' dir='ltr'><strong>ille</strong></span> <span class='ocrx_word' id='word_1_364' title='bbox 2807 1880 3145 1947; x_wconf 87' lang='lat' dir='ltr'><strong>respondens</strong></span> <span class='ocrx_word' id='word_1_365' title='bbox 3176 1879 3309 1932; x_wconf 81' lang='lat' dir='ltr'><strong>dixit</strong></span> <span class='ocrx_word' id='word_1_366' title='bbox 3337 1879 3463 1931; x_wconf 81' lang='lat' dir='ltr'><strong>illis:</strong></span> <span class='ocrx_word' id='word_1_367' title='bbox 3490 1877 3598 1931; x_wconf 85' lang='lat' dir='ltr'><strong>Ge-</strong></span> 
     </span>
    </p>
   </div>
   <div class='ocr_carea' id='block_1_50' title="bbox 2003 1972 3601 2042">
    <p class='ocr_par' dir='ltr' id='par_1_50' title="bbox 2003 1972 3601 2042">
     <span class='ocr_line' id='line_1_50' title="bbox 2003 1972 3601 2042; baseline -0.006 -12"><span class='ocrx_word' id='word_1_368' title='bbox 2003 1978 2217 2030; x_wconf 83' lang='lat' dir='ltr'><strong>neratio</strong></span> <span class='ocrx_word' id='word_1_369' title='bbox 2250 1990 2415 2042; x_wconf 85' lang='lat' dir='ltr'><strong>prava</strong></span> <span class='ocrx_word' id='word_1_370' title='bbox 2447 1984 2502 2028; x_wconf 88' lang='lat' dir='ltr'><strong>et</strong></span> <span class='ocrx_word' id='word_1_371' title='bbox 2532 1974 2775 2027; x_wconf 78' lang='lat' dir='ltr'><strong>adultera</strong></span> <span class='ocrx_word' id='word_1_372' title='bbox 2802 1972 3015 2041; x_wconf 89' lang='lat' dir='ltr'><strong>signum</strong></span> <span class='ocrx_word' id='word_1_373' title='bbox 3046 1973 3262 2039; x_wconf 78' lang='lat' dir='ltr'><strong>quaerit,</strong></span> <span class='ocrx_word' id='word_1_374' title='bbox 3297 1982 3344 2026; x_wconf 89' lang='lat' dir='ltr'><strong>et</strong></span> <span class='ocrx_word' id='word_1_375' title='bbox 3383 1975 3601 2038; x_wconf 76' lang='lat' dir='ltr'><strong>signum</strong></span> 
     </span>
    </p>
   </div>
   <div class='ocr_carea' id='block_1_51' title="bbox 2003 2062 3570 2133">
    <p class='ocr_par' dir='ltr' id='par_1_51' title="bbox 2003 2062 3570 2133">
     <span class='ocr_line' id='line_1_51' title="bbox 2003 2062 3570 2133; baseline -0.004 -13"><span class='ocrx_word' id='word_1_376' title='bbox 2003 2083 2110 2120; x_wconf 89' lang='lat' dir='ltr'><strong>non</strong></span> <span class='ocrx_word' id='word_1_377' title='bbox 2142 2068 2362 2122; x_wconf 86' lang='lat' dir='ltr'><strong>dabitur</strong></span> <span class='ocrx_word' id='word_1_378' title='bbox 2389 2066 2488 2130; x_wconf 90' lang='lat' dir='ltr'><strong>illi,</strong></span> <span class='ocrx_word' id='word_1_379' title='bbox 2524 2066 2624 2119; x_wconf 86' lang='lat' dir='ltr'><strong>nisi</strong></span> <span class='ocrx_word' id='word_1_380' title='bbox 2653 2065 2866 2133; x_wconf 86' lang='lat' dir='ltr'><strong>signum</strong></span> <span class='ocrx_word' id='word_1_381' title='bbox 2897 2062 3047 2116; x_wconf 76' lang='lat' dir='ltr'><strong>Jonze</strong></span> <span class='ocrx_word' id='word_1_382' title='bbox 3077 2062 3570 2130; x_wconf 52' lang='lat' dir='ltr'><strong>prophetaQuem</strong></span> 
     </span>
    </p>
   </div>
   <div class='ocr_carea' id='block_1_52' title="bbox 2002 2153 3600 2215">
    <p class='ocr_par' dir='ltr' id='par_1_52' title="bbox 2002 2153 3600 2215">
     <span class='ocr_line' id='line_1_52' title="bbox 2002 2153 3600 2215; baseline -0.008 -1"><span class='ocrx_word' id='word_1_383' title='bbox 2002 2161 2296 2215; x_wconf 85' lang='lat' dir='ltr'><strong>admodum</strong></span> <span class='ocrx_word' id='word_1_384' title='bbox 2333 2161 2478 2214; x_wconf 89' lang='lat' dir='ltr'><strong>enim</strong></span> <span class='ocrx_word' id='word_1_385' title='bbox 2537 2158 2638 2211; x_wconf 78' lang='lat' dir='ltr'><strong>fuit</strong></span> <span class='ocrx_word' id='word_1_386' title='bbox 2688 2155 2854 2211; x_wconf 84' lang='lat' dir='ltr'><strong>Jonas</strong></span> <span class='ocrx_word' id='word_1_387' title='bbox 2917 2155 2968 2208; x_wconf 90' lang='lat' dir='ltr'><strong>in</strong></span> <span class='ocrx_word' id='word_1_388' title='bbox 3016 2165 3208 2208; x_wconf 84' lang='lat' dir='ltr'><strong>ventre</strong></span> <span class='ocrx_word' id='word_1_389' title='bbox 3258 2155 3362 2207; x_wconf 79' lang='lat' dir='ltr'><strong>ceti</strong></span> <span class='ocrx_word' id='word_1_390' title='bbox 3425 2153 3600 2207; x_wconf 66' lang='lat' dir='ltr'><strong>tribus</strong></span> 
     </span>
    </p>
   </div>
   <div class='ocr_carea' id='block_1_53' title="bbox 2001 2246 3601 2313">
    <p class='ocr_par' dir='ltr' id='par_1_53' title="bbox 2001 2246 3601 2313">
     <span class='ocr_line' id='line_1_53' title="bbox 2001 2246 3601 2313; baseline -0.006 -5"><span class='ocrx_word' id='word_1_391' title='bbox 2001 2255 2193 2308; x_wconf 88' lang='lat' dir='ltr'><strong>diebus</strong></span> <span class='ocrx_word' id='word_1_392' title='bbox 2222 2268 2286 2309; x_wconf 90' lang='lat' dir='ltr'><strong>ac</strong></span> <span class='ocrx_word' id='word_1_393' title='bbox 2317 2253 2490 2306; x_wconf 85' lang='lat' dir='ltr'><strong>tribus</strong></span> <span class='ocrx_word' id='word_1_394' title='bbox 2517 2251 2797 2313; x_wconf 89' lang='lat' dir='ltr'><strong>noctibus,</strong></span> <span class='ocrx_word' id='word_1_395' title='bbox 2831 2249 2914 2304; x_wconf 81' lang='lat' dir='ltr'><strong>sic</strong></span> <span class='ocrx_word' id='word_1_396' title='bbox 2950 2249 3056 2302; x_wconf 89' lang='lat' dir='ltr'><strong>erit</strong></span> <span class='ocrx_word' id='word_1_397' title='bbox 3084 2246 3252 2300; x_wconf 86' lang='lat' dir='ltr'><strong>Filius</strong></span> <span class='ocrx_word' id='word_1_398' title='bbox 3283 2246 3519 2302; x_wconf 87' lang='lat' dir='ltr'><strong>hominis</strong></span> <span class='ocrx_word' id='word_1_399' title='bbox 3547 2249 3601 2299; x_wconf 92' lang='lat' dir='ltr'><strong>in</strong></span> 
     </span>
    </p>
   </div>
   <div class='ocr_carea' id='block_1_54' title="bbox 2001 2339 3601 2402">
    <p class='ocr_par' dir='ltr' id='par_1_54' title="bbox 2001 2339 3601 2402">
     <span class='ocr_line' id='line_1_54' title="bbox 2001 2339 3601 2402; baseline -0.005 -1"><span class='ocrx_word' id='word_1_400' title='bbox 2001 2348 2166 2402; x_wconf 87' lang='lat' dir='ltr'><strong>corde</strong></span> <span class='ocrx_word' id='word_1_401' title='bbox 2211 2357 2370 2401; x_wconf 74' lang='lat' dir='ltr'><strong>terra:</strong></span> <span class='ocrx_word' id='word_1_402' title='bbox 2405 2345 2580 2400; x_wconf 86' lang='lat' dir='ltr'><strong>tribus</strong></span> <span class='ocrx_word' id='word_1_403' title='bbox 2601 2344 2792 2400; x_wconf 87' lang='lat' dir='ltr'><strong>diebus</strong></span> <span class='ocrx_word' id='word_1_404' title='bbox 2817 2353 2872 2396; x_wconf 90' lang='lat' dir='ltr'><strong>et</strong></span> <span class='ocrx_word' id='word_1_405' title='bbox 2899 2343 3068 2394; x_wconf 87' lang='lat' dir='ltr'><strong>tribus</strong></span> <span class='ocrx_word' id='word_1_406' title='bbox 3091 2340 3364 2395; x_wconf 88' lang='lat' dir='ltr'><strong>noctibus.</strong></span> <span class='ocrx_word' id='word_1_407' title='bbox 3402 2359 3419 2392; x_wconf 73' lang='grc' dir='ltr'><strong>ι</strong></span> <span class='ocrx_word' id='word_1_408' title='bbox 3464 2339 3601 2394; x_wconf 81' lang='lat' dir='ltr'><strong>Pra-</strong></span> 
     </span>
    </p>
   </div>
   <div class='ocr_carea' id='block_1_55' title="bbox 2004 2433 3603 2509">
    <p class='ocr_par' dir='ltr' id='par_1_55' title="bbox 2004 2433 3603 2509">
     <span class='ocr_line' id='line_1_55' title="bbox 2004 2433 3603 2509; baseline -0.006 -15"><span class='ocrx_word' id='word_1_409' title='bbox 2004 2455 2123 2494; x_wconf 89' lang='lat' dir='ltr'><strong>vam</strong></span> <span class='ocrx_word' id='word_1_410' title='bbox 2167 2438 2574 2509; x_wconf 78' lang='lat' dir='ltr'><strong>generationem</strong></span> <span class='ocrx_word' id='word_1_411' title='bbox 2634 2445 2790 2490; x_wconf 85' lang='lat' dir='ltr'><strong>vocat</strong></span> <span class='ocrx_word' id='word_1_412' title='bbox 2832 2449 2950 2498; x_wconf 90' lang='lat' dir='ltr'><strong>cos,</strong></span> <span class='ocrx_word' id='word_1_413' title='bbox 2985 2433 3109 2499; x_wconf 81' lang='lat' dir='ltr'><strong>quia</strong></span> <span class='ocrx_word' id='word_1_414' title='bbox 3146 2434 3333 2486; x_wconf 88' lang='lat' dir='ltr'><strong>dolose</strong></span> <span class='ocrx_word' id='word_1_415' title='bbox 3386 2448 3603 2499; x_wconf 75' lang='lat' dir='ltr'><strong>semp.r</strong></span> 
     </span>
    </p>
   </div>
   <div class='ocr_carea' id='block_1_56' title="bbox 2003 2526 3599 2596">
    <p class='ocr_par' dir='ltr' id='par_1_56' title="bbox 2003 2526 3599 2596">
     <span class='ocr_line' id='line_1_56' title="bbox 2003 2526 3599 2596; baseline -0.004 -10"><span class='ocrx_word' id='word_1_416' title='bbox 2003 2532 2319 2587; x_wconf 84' lang='lat' dir='ltr'><strong>tentabant:</strong></span> <span class='ocrx_word' id='word_1_417' title='bbox 2367 2528 2669 2584; x_wconf 85' lang='lat' dir='ltr'><strong>adulteram</strong></span> <span class='ocrx_word' id='word_1_418' title='bbox 2717 2537 2924 2589; x_wconf 90' lang='lat' dir='ltr'><strong>autem,</strong></span> <span class='ocrx_word' id='word_1_419' title='bbox 2972 2527 3102 2596; x_wconf 88' lang='lat' dir='ltr'><strong>quia</strong></span> <span class='ocrx_word' id='word_1_420' title='bbox 3143 2526 3528 2582; x_wconf 83' lang='lat' dir='ltr'><strong>desciscebant</strong></span> <span class='ocrx_word' id='word_1_421' title='bbox 3572 2543 3599 2581; x_wconf 92' lang='lat' dir='ltr'><strong>a</strong></span> 
     </span>
    </p>
   </div>
   <div class='ocr_carea' id='block_1_57' title="bbox 2009 2617 3605 2690">
    <p class='ocr_par' dir='ltr' id='par_1_57' title="bbox 2009 2617 3605 2690">
     <span class='ocr_line' id='line_1_57' title="bbox 2009 2617 3605 2690; baseline -0.005 -12"><span class='ocrx_word' id='word_1_422' title='bbox 2009 2625 2136 2690; x_wconf 90' lang='lat' dir='ltr'><strong>Deo,</strong></span> <span class='ocrx_word' id='word_1_423' title='bbox 2179 2633 2234 2677; x_wconf 90' lang='lat' dir='ltr'><strong>et</strong></span> <span class='ocrx_word' id='word_1_424' title='bbox 2261 2620 2612 2677; x_wconf 70' lang='lat' dir='ltr'><strong>adhaerebant</strong></span> <span class='ocrx_word' id='word_1_425' title='bbox 2647 2618 3006 2674; x_wconf 66' lang='lat' dir='ltr'><strong>daemonibus.</strong></span> <span class='ocrx_word' id='word_1_426' title='bbox 3045 2617 3274 2689; x_wconf 85' lang='lat' dir='ltr'><strong>Signum</strong></span> <span class='ocrx_word' id='word_1_427' title='bbox 3306 2628 3488 2672; x_wconf 92' lang='lat' dir='ltr'><strong>autem</strong></span> <span class='ocrx_word' id='word_1_428' title='bbox 3517 2618 3605 2671; x_wconf 85' lang='lat' dir='ltr'><strong>di-</strong></span> 
     </span>
    </p>
   </div>
   <div class='ocr_carea' id='block_1_58' title="bbox 2003 2697 3600 2780">
    <p class='ocr_par' dir='ltr' id='par_1_58' title="bbox 2003 2697 3600 2780">
     <span class='ocr_line' id='line_1_58' title="bbox 2003 2697 3600 2780; baseline -0.008 -7"><span class='ocrx_word' id='word_1_429' title='bbox 2003 2719 2080 2773; x_wconf 91' lang='lat' dir='ltr'><strong>cit</strong></span> <span class='ocrx_word' id='word_1_430' title='bbox 2105 2714 2565 2772; x_wconf 88' lang='lat' dir='ltr'><strong>resurrectionem</strong></span> <span class='ocrx_word' id='word_1_431' title='bbox 2584 2697 2761 2773; x_wconf 76' lang='lat' dir='ltr'><strong>suam,</strong></span> <span class='ocrx_word' id='word_1_432' title='bbox 2786 2717 2846 2764; x_wconf 93' lang='lat' dir='ltr'><strong>ut</strong></span> <span class='ocrx_word' id='word_1_433' title='bbox 2869 2711 3270 2766; x_wconf 85' lang='lat' dir='ltr'><strong>admirabilem.</strong></span> <span class='ocrx_word' id='word_1_434' title='bbox 3293 2708 3600 2780; x_wconf 81' lang='lat' dir='ltr'><strong>Postquam</strong></span> 
     </span>
    </p>
   </div>
   <div class='ocr_carea' id='block_1_59' title="bbox 2002 2802 3608 2874">
    <p class='ocr_par' dir='ltr' id='par_1_59' title="bbox 2002 2802 3608 2874">
     <span class='ocr_line' id='line_1_59' title="bbox 2002 2802 3608 2874; baseline -0.006 -9"><span class='ocrx_word' id='word_1_435' title='bbox 2002 2812 2147 2865; x_wconf 91' lang='lat' dir='ltr'><strong>enim</strong></span> <span class='ocrx_word' id='word_1_436' title='bbox 2171 2809 2226 2862; x_wconf 89' lang='lat' dir='ltr'><strong>in</strong></span> <span class='ocrx_word' id='word_1_437' title='bbox 2250 2823 2346 2864; x_wconf 89' lang='lat' dir='ltr'><strong>cor</strong></span> <span class='ocrx_word' id='word_1_438' title='bbox 2371 2816 2552 2868; x_wconf 67' lang='lat' dir='ltr'><strong>terrae,</strong></span> <span class='ocrx_word' id='word_1_439' title='bbox 2584 2804 2638 2857; x_wconf 92' lang='lat' dir='ltr'><strong>in</strong></span> <span class='ocrx_word' id='word_1_440' title='bbox 2675 2802 2924 2857; x_wconf 75' lang='lat' dir='ltr'><strong>infimum</strong></span> <span class='ocrx_word' id='word_1_441' title='bbox 2951 2803 3178 2874; x_wconf 84' lang='lat' dir='ltr'><strong>inquam</strong></span> <span class='ocrx_word' id='word_1_442' title='bbox 3211 2803 3408 2868; x_wconf 90' lang='lat' dir='ltr'><strong>locum,</strong></span> <span class='ocrx_word' id='word_1_443' title='bbox 3437 2805 3608 2859; x_wconf 54' lang='lat' dir='ltr'><strong>inl&#39;ero</strong></span> 
     </span>
    </p>
   </div>
   <div class='ocr_carea' id='block_1_60' title="bbox 2002 2898 3603 2964">
    <p class='ocr_par' dir='ltr' id='par_1_60' title="bbox 2002 2898 3603 2964">
     <span class='ocr_line' id='line_1_60' title="bbox 2002 2898 3603 2964; baseline -0.006 -4"><span class='ocrx_word' id='word_1_444' title='bbox 2002 2920 2130 2960; x_wconf 91' lang='lat' dir='ltr'><strong>num</strong></span> <span class='ocrx_word' id='word_1_445' title='bbox 2178 2902 2411 2964; x_wconf 81' lang='lat' dir='ltr'><strong>scilicet,</strong></span> <span class='ocrx_word' id='word_1_446' title='bbox 2457 2899 2760 2964; x_wconf 87' lang='lat' dir='ltr'><strong>descendit,</strong></span> <span class='ocrx_word' id='word_1_447' title='bbox 2785 2898 2943 2953; x_wconf 86' lang='lat' dir='ltr'><strong>tertio</strong></span> <span class='ocrx_word' id='word_1_448' title='bbox 2980 2898 3069 2952; x_wconf 92' lang='lat' dir='ltr'><strong>die</strong></span> <span class='ocrx_word' id='word_1_449' title='bbox 3109 2898 3430 2952; x_wconf 79' lang='lat' dir='ltr'><strong>resurrexit.</strong></span> <span class='ocrx_word' id='word_1_450' title='bbox 3467 2898 3603 2952; x_wconf 82' lang='lat' dir='ltr'><strong>Tres</strong></span> 
     </span>
    </p>
   </div>
   <div class='ocr_carea' id='block_1_61' title="bbox 2003 2987 3597 3058">
    <p class='ocr_par' dir='ltr' id='par_1_61' title="bbox 2003 2987 3597 3058">
     <span class='ocr_line' id='line_1_61' title="bbox 2003 2987 3597 3058; baseline -0.004 -10"><span class='ocrx_word' id='word_1_451' title='bbox 2003 3003 2184 3048; x_wconf 86' lang='lat' dir='ltr'><strong>autem</strong></span> <span class='ocrx_word' id='word_1_452' title='bbox 2218 2991 2337 3046; x_wconf 89' lang='lat' dir='ltr'><strong>dies</strong></span> <span class='ocrx_word' id='word_1_453' title='bbox 2373 2998 2427 3045; x_wconf 89' lang='lat' dir='ltr'><strong>et</strong></span> <span class='ocrx_word' id='word_1_454' title='bbox 2468 2995 2580 3044; x_wconf 90' lang='lat' dir='ltr'><strong>tres</strong></span> <span class='ocrx_word' id='word_1_455' title='bbox 2611 2996 2801 3043; x_wconf 86' lang='lat' dir='ltr'><strong>noctes</strong></span> <span class='ocrx_word' id='word_1_456' title='bbox 2828 3002 2856 3041; x_wconf 92' lang='lat' dir='ltr'><strong>a</strong></span> <span class='ocrx_word' id='word_1_457' title='bbox 2883 2996 3039 3058; x_wconf 86' lang='lat' dir='ltr'><strong>parte</strong></span> <span class='ocrx_word' id='word_1_458' title='bbox 3067 2987 3362 3057; x_wconf 77' lang='lat' dir='ltr'><strong>intelligas,</strong></span> <span class='ocrx_word' id='word_1_459' title='bbox 3397 2999 3452 3041; x_wconf 89' lang='lat' dir='ltr'><strong>et</strong></span> <span class='ocrx_word' id='word_1_460' title='bbox 3491 3003 3597 3041; x_wconf 91' lang='lat' dir='ltr'><strong>non</strong></span> 
     </span>
    </p>
   </div>
   <div class='ocr_carea' id='block_1_62' title="bbox 2004 3079 3601 3154">
    <p class='ocr_par' dir='ltr' id='par_1_62' title="bbox 2004 3079 3601 3154">
     <span class='ocr_line' id='line_1_62' title="bbox 2004 3079 3601 3154; baseline -0.006 -12"><span class='ocrx_word' id='word_1_461' title='bbox 2004 3088 2262 3154; x_wconf 83' lang='lat' dir='ltr'><strong>integras.</strong></span> <span class='ocrx_word' id='word_1_462' title='bbox 2297 3083 2546 3141; x_wconf 77' lang='lat' dir='ltr'><strong>Mortuus</strong></span> <span class='ocrx_word' id='word_1_463' title='bbox 2576 3082 2722 3138; x_wconf 91' lang='lat' dir='ltr'><strong>enim</strong></span> <span class='ocrx_word' id='word_1_464' title='bbox 2754 3089 2841 3136; x_wconf 91' lang='lat' dir='ltr'><strong>est</strong></span> <span class='ocrx_word' id='word_1_465' title='bbox 2868 3080 2920 3134; x_wconf 92' lang='lat' dir='ltr'><strong>in</strong></span> <span class='ocrx_word' id='word_1_466' title='bbox 2963 3079 3285 3142; x_wconf 85' lang='lat' dir='ltr'><strong>Parasceve,</strong></span> <span class='ocrx_word' id='word_1_467' title='bbox 3333 3093 3454 3148; x_wconf 79' lang='lat' dir='ltr'><strong>quas</strong></span> <span class='ocrx_word' id='word_1_468' title='bbox 3484 3081 3601 3148; x_wconf 87' lang='lat' dir='ltr'><strong>ipsa</strong></span> 
     </span>
    </p>
   </div>
   <div class='ocr_carea' id='block_1_63' title="bbox 312 3171 2005 3267">
    <p class='ocr_par' dir='ltr' id='par_1_63' title="bbox 312 3180 1968 3267">
     <span class='ocr_line' id='line_1_63' title="bbox 312 3180 1968 3267; baseline 0.005 -35"><span class='ocrx_word' id='word_1_469' title='bbox 312 3180 581 3233; x_wconf 79' lang='grc' dir='ltr'>’Δπέθανε</span> <span class='ocrx_word' id='word_1_470' title='bbox 635 3181 736 3252; x_wconf 84' lang='grc' dir='ltr'>μὲν</span> <span class='ocrx_word' id='word_1_471' title='bbox 764 3183 875 3253; x_wconf 83' lang='grc' dir='ltr'><strong>γὰρ</strong></span> <span class='ocrx_word' id='word_1_472' title='bbox 909 3185 975 3252; x_wconf 77' lang='grc' dir='ltr'>τῇ</span> <span class='ocrx_word' id='word_1_473' title='bbox 1011 3186 1362 3253; x_wconf 83' lang='grc' dir='ltr'>παρασκευῇ,</span> <span class='ocrx_word' id='word_1_474' title='bbox 1401 3185 1503 3250; x_wconf 84' lang='grc' dir='ltr'><strong>μία</strong></span> <span class='ocrx_word' id='word_1_475' title='bbox 1529 3184 1668 3255; x_wconf 76' lang='grc' dir='ltr'>αὕτη</span> <span class='ocrx_word' id='word_1_476' title='bbox 1713 3186 1900 3257; x_wconf 87' lang='grc' dir='ltr'>ήμέρα</span> <span class='ocrx_word' id='word_1_477' title='bbox 1925 3205 1968 3267; x_wconf 79' lang='lat' dir='ltr'><strong><em>C</em></strong></span> 
     </span>
    </p>
   </div>
   <div class='ocr_carea' id='block_1_64' title="bbox 1911 3171 3604 3267">
    <p class='ocr_par' dir='ltr' id='par_1_64' title="bbox 1925 3171 3604 3267">
     <span class='ocr_line' id='line_1_64' title="bbox 1925 3171 3604 3267; baseline -0.004 -34"><span class='ocrx_word' id='word_1_478' title='bbox 1925 3205 1968 3267; x_wconf 68' lang='grc' dir='ltr'><strong>ρ</strong></span> <span class='ocrx_word' id='word_1_479' title='bbox 2006 3194 2112 3234; x_wconf 88' lang='lat' dir='ltr'><strong>una</strong></span> <span class='ocrx_word' id='word_1_480' title='bbox 2136 3178 2254 3232; x_wconf 90' lang='lat' dir='ltr'><strong>dies</strong></span> <span class='ocrx_word' id='word_1_481' title='bbox 2275 3185 2392 3232; x_wconf 89' lang='lat' dir='ltr'><strong>est:</strong></span> <span class='ocrx_word' id='word_1_482' title='bbox 2425 3185 2482 3230; x_wconf 92' lang='lat' dir='ltr'><strong>et</strong></span> <span class='ocrx_word' id='word_1_483' title='bbox 2522 3183 2770 3229; x_wconf 90' lang='lat' dir='ltr'><strong>mortuus</strong></span> <span class='ocrx_word' id='word_1_484' title='bbox 2796 3171 2898 3228; x_wconf 81' lang='lat' dir='ltr'><strong>fuit</strong></span> <span class='ocrx_word' id='word_1_485' title='bbox 2922 3171 3184 3232; x_wconf 88' lang='lat' dir='ltr'><strong>Sabbato.</strong></span> <span class='ocrx_word' id='word_1_486' title='bbox 3220 3185 3348 3226; x_wconf 76' lang='lat' dir='ltr'><strong>ecce</strong></span> <span class='ocrx_word' id='word_1_487' title='bbox 3399 3182 3452 3226; x_wconf 91' lang='lat' dir='ltr'><strong>et</strong></span> <span class='ocrx_word' id='word_1_488' title='bbox 3496 3173 3604 3226; x_wconf 90' lang='lat' dir='ltr'><strong>alia</strong></span> 
     </span>
    </p>
   </div>
   <div class='ocr_carea' id='block_1_65' title="bbox 298 3269 1888 3350">
    <p class='ocr_par' dir='ltr' id='par_1_65' title="bbox 298 3269 1888 3350">
     <span class='ocr_line' id='line_1_65' title="bbox 298 3269 1888 3350; baseline 0.009 -30"><span class='ocrx_word' id='word_1_489' title='bbox 298 3269 393 3343; x_wconf 73' lang='grc' dir='ltr'><strong>ἦν’</strong></span> <span class='ocrx_word' id='word_1_490' title='bbox 432 3274 527 3325; x_wconf 79' lang='grc' dir='ltr'><strong>καὶ</strong></span> <span class='ocrx_word' id='word_1_491' title='bbox 557 3273 631 3342; x_wconf 81' lang='grc' dir='ltr'>τῷ</span> <span class='ocrx_word' id='word_1_492' title='bbox 679 3274 944 3344; x_wconf 77' lang='grc' dir='ltr'>Σαϐὄάτῳ</span> <span class='ocrx_word' id='word_1_493' title='bbox 979 3278 1192 3345; x_wconf 69' lang='grc' dir='ltr'>νεκρὸς,</span> <span class='ocrx_word' id='word_1_494' title='bbox 1244 3277 1352 3329; x_wconf 77' lang='grc' dir='ltr'>ἰδοὺ</span> <span class='ocrx_word' id='word_1_495' title='bbox 1385 3280 1482 3330; x_wconf 80' lang='grc' dir='ltr'><strong>καὶ</strong></span> <span class='ocrx_word' id='word_1_496' title='bbox 1516 3277 1651 3348; x_wconf 82' lang='grc' dir='ltr'>άλλη</span> <span class='ocrx_word' id='word_1_497' title='bbox 1681 3278 1888 3350; x_wconf 74' lang='grc' dir='ltr'>ἡμέρα·</span> 
     </span>
    </p>
   </div>
   <div class='ocr_carea' id='block_1_66' title="bbox 298 3365 1898 3440">
    <p class='ocr_par' dir='ltr' id='par_1_66' title="bbox 298 3365 1898 3440">
     <span class='ocr_line' id='line_1_66' title="bbox 298 3365 1898 3440; baseline 0.005 -22"><span class='ocrx_word' id='word_1_498' title='bbox 298 3365 400 3418; x_wconf 71' lang='grc' dir='ltr'>καὶ</span> <span class='ocrx_word' id='word_1_499' title='bbox 426 3367 458 3434; x_wconf 86' lang='grc' dir='ltr'>ἡ</span> <span class='ocrx_word' id='word_1_500' title='bbox 489 3365 585 3429; x_wconf 77' lang='grc' dir='ltr'>νὺξ</span> <span class='ocrx_word' id='word_1_501' title='bbox 613 3366 668 3418; x_wconf 83' lang='grc' dir='ltr'>δὲ</span> <span class='ocrx_word' id='word_1_502' title='bbox 699 3367 798 3436; x_wconf 84' lang='grc' dir='ltr'><strong>τῆς</strong></span> <span class='ocrx_word' id='word_1_503' title='bbox 847 3369 1155 3435; x_wconf 79' lang='grc' dir='ltr'>Κυριακῆς,</span> <span class='ocrx_word' id='word_1_504' title='bbox 1193 3368 1274 3421; x_wconf 72' lang='lat' dir='ltr'><strong>Et:</strong></span> <span class='ocrx_word' id='word_1_505' title='bbox 1309 3370 1502 3440; x_wconf 72' lang='grc' dir='ltr'>νεκρὸν</span> <span class='ocrx_word' id='word_1_506' title='bbox 1556 3371 1720 3424; x_wconf 79' lang='grc' dir='ltr'>αὑτὸν</span> <span class='ocrx_word' id='word_1_507' title='bbox 1766 3390 1898 3426; x_wconf 89' lang='grc' dir='ltr'>κατ-</span> 
     </span>
    </p>
   </div>
   <div class='ocr_carea' id='block_1_67' title="bbox 300 3454 1896 3534">
    <p class='ocr_par' dir='ltr' id='par_1_67' title="bbox 300 3454 1896 3534">
     <span class='ocr_line' id='line_1_67' title="bbox 300 3454 1896 3534; baseline 0.005 -24"><span class='ocrx_word' id='word_1_508' title='bbox 300 3459 486 3512; x_wconf 75' lang='grc' dir='ltr'>έλαϐε.</span> <span class='ocrx_word' id='word_1_509' title='bbox 517 3459 654 3528; x_wconf 82' lang='grc' dir='ltr'>Τρία</span> <span class='ocrx_word' id='word_1_510' title='bbox 681 3454 774 3512; x_wconf 82' lang='grc' dir='ltr'><strong>οὖν</strong></span> <span class='ocrx_word' id='word_1_511' title='bbox 804 3462 1177 3531; x_wconf 82' lang='grc' dir='ltr'>ήμερονύκτια</span> <span class='ocrx_word' id='word_1_512' title='bbox 1208 3462 1317 3515; x_wconf 84' lang='grc' dir='ltr'><strong>ἀπὸ</strong></span> <span class='ocrx_word' id='word_1_513' title='bbox 1351 3464 1551 3532; x_wconf 80' lang='grc' dir='ltr'>μέρους</span> <span class='ocrx_word' id='word_1_514' title='bbox 1593 3464 1896 3534; x_wconf 80' lang='grc' dir='ltr'>ἀριθμοῦν-</span> 
     </span>
    </p>
   </div>
   <div class='ocr_carea' id='block_1_68' title="bbox 299 3545 1893 3628">
    <p class='ocr_par' dir='ltr' id='par_1_68' title="bbox 299 3545 1893 3628">
     <span class='ocr_line' id='line_1_68' title="bbox 299 3545 1893 3628; baseline 0.006 -26"><span class='ocrx_word' id='word_1_515' title='bbox 299 3567 418 3604; x_wconf 91' lang='grc' dir='ltr'>ται.</span> <span class='ocrx_word' id='word_1_516' title='bbox 465 3550 619 3604; x_wconf 79' lang='grc' dir='ltr'>Ἐπεὶ</span> <span class='ocrx_word' id='word_1_517' title='bbox 650 3552 744 3604; x_wconf 79' lang='grc' dir='ltr'><strong>καὶ</strong></span> <span class='ocrx_word' id='word_1_518' title='bbox 779 3552 952 3616; x_wconf 80' lang='grc' dir='ltr'>οὕτως</span> <span class='ocrx_word' id='word_1_519' title='bbox 980 3545 1255 3624; x_wconf 75' lang='grc' dir='ltr'>εἰώθαμεν</span> <span class='ocrx_word' id='word_1_520' title='bbox 1313 3557 1578 3620; x_wconf 81' lang='grc' dir='ltr'>πολλάκις</span> <span class='ocrx_word' id='word_1_521' title='bbox 1613 3558 1893 3628; x_wconf 84' lang='grc' dir='ltr'>ἀριθμεῖν.</span> 
     </span>
    </p>
   </div>
   <div class='ocr_carea' id='block_1_69' title="bbox 379 3643 1896 3720">
    <p class='ocr_par' dir='ltr' id='par_1_69' title="bbox 379 3643 1896 3720">
     <span class='ocr_line' id='line_1_69' title="bbox 379 3643 1896 3720; baseline 0.005 -26"><span class='ocrx_word' id='word_1_522' title='bbox 379 3663 396 3694; x_wconf 82' lang='grc' dir='ltr'><strong>ι</strong></span> <span class='ocrx_word' id='word_1_523' title='bbox 441 3643 667 3714; x_wconf 80' lang='grc' dir='ltr'>Ἀνδρες</span> <span class='ocrx_word' id='word_1_524' title='bbox 717 3643 1001 3698; x_wconf 82' lang='grc' dir='ltr'>Νινευῗται</span> <span class='ocrx_word' id='word_1_525' title='bbox 1049 3648 1454 3718; x_wconf 85' lang='grc' dir='ltr'>ἀναστήσονται</span> <span class='ocrx_word' id='word_1_526' title='bbox 1503 3652 1563 3702; x_wconf 85' lang='grc' dir='ltr'>ὲν</span> <span class='ocrx_word' id='word_1_527' title='bbox 1600 3653 1664 3720; x_wconf 83' lang='grc' dir='ltr'><strong>τῇ</strong></span> <span class='ocrx_word' id='word_1_528' title='bbox 1715 3651 1896 3720; x_wconf 84' lang='grc' dir='ltr'>κρίσει</span> 
     </span>
    </p>
   </div>
   <div class='ocr_carea' id='block_1_70' title="bbox 301 3735 1896 3812">
    <p class='ocr_par' dir='ltr' id='par_1_70' title="bbox 301 3735 1896 3812">
     <span class='ocr_line' id='line_1_70' title="bbox 301 3735 1896 3812; baseline 0.005 -26"><span class='ocrx_word' id='word_1_529' title='bbox 301 3735 446 3804; x_wconf 84' lang='grc' dir='ltr'>μετὰ</span> <span class='ocrx_word' id='word_1_530' title='bbox 476 3735 574 3804; x_wconf 76' lang='grc' dir='ltr'>τῆς</span> <span class='ocrx_word' id='word_1_531' title='bbox 605 3736 803 3802; x_wconf 82' lang='grc' dir='ltr'>γενεᾶς</span> <span class='ocrx_word' id='word_1_532' title='bbox 836 3737 1058 3805; x_wconf 78' lang='grc' dir='ltr'>ταύτης,</span> <span class='ocrx_word' id='word_1_533' title='bbox 1097 3740 1192 3789; x_wconf 83' lang='grc' dir='ltr'>καὶ</span> <span class='ocrx_word' id='word_1_534' title='bbox 1237 3739 1665 3810; x_wconf 78' lang='grc' dir='ltr'>κατακρινοῦσιν</span> <span class='ocrx_word' id='word_1_535' title='bbox 1703 3740 1896 3812; x_wconf 63' lang='grc' dir='ltr'>αὐτὴν,</span> 
     </span>
    </p>
   </div>
   <div class='ocr_carea' id='block_1_71' title="bbox 296 3828 1897 3900">
    <p class='ocr_par' dir='ltr' id='par_1_71' title="bbox 296 3828 1897 3900">
     <span class='ocr_line' id='line_1_71' title="bbox 296 3828 1897 3900; baseline 0.006 -21"><span class='ocrx_word' id='word_1_536' title='bbox 296 3829 383 3879; x_wconf 82' lang='grc' dir='ltr'>ὅτι</span> <span class='ocrx_word' id='word_1_537' title='bbox 447 3828 778 3896; x_wconf 80' lang='grc' dir='ltr'>μετενόησαν</span> <span class='ocrx_word' id='word_1_538' title='bbox 847 3831 928 3890; x_wconf 78' lang='grc' dir='ltr'>εἰς</span> <span class='ocrx_word' id='word_1_539' title='bbox 977 3830 1037 3880; x_wconf 80' lang='grc' dir='ltr'><strong>τὸ</strong></span> <span class='ocrx_word' id='word_1_540' title='bbox 1086 3831 1354 3900; x_wconf 80' lang='grc' dir='ltr'>κήρυγμα</span> <span class='ocrx_word' id='word_1_541' title='bbox 1420 3833 1597 3898; x_wconf 66' lang='grc' dir='ltr'><strong>Ἰωνᾶς</strong></span> <span class='ocrx_word' id='word_1_542' title='bbox 1645 3834 1741 3886; x_wconf 74' lang='grc' dir='ltr'>καὶ</span> <span class='ocrx_word' id='word_1_543' title='bbox 1787 3835 1897 3889; x_wconf 78' lang='grc' dir='ltr'>ἰδοὺ</span> 
     </span>
    </p>
   </div>
   <div class='ocr_carea' id='block_1_72' title="bbox 299 3920 1898 3997">
    <p class='ocr_par' dir='ltr' id='par_1_72' title="bbox 299 3920 1898 3997">
     <span class='ocr_line' id='line_1_72' title="bbox 299 3920 1898 3997; baseline 0.004 -22"><span class='ocrx_word' id='word_1_544' title='bbox 299 3925 487 3977; x_wconf 76' lang='grc' dir='ltr'>πλεῖον</span> <span class='ocrx_word' id='word_1_545' title='bbox 518 3925 676 3977; x_wconf 75' lang='grc' dir='ltr'><strong>Ἰωνᾶ</strong></span> <span class='ocrx_word' id='word_1_546' title='bbox 700 3920 822 3977; x_wconf 83' lang='grc' dir='ltr'>ὧδε.</span> <span class='ocrx_word' id='word_1_547' title='bbox 867 3944 884 3974; x_wconf 70' lang='grc' dir='ltr'><strong>ι</strong></span> <span class='ocrx_word' id='word_1_548' title='bbox 935 3926 995 3976; x_wconf 86' lang='lat'><strong>&#39;0</strong></span> <span class='ocrx_word' id='word_1_549' title='bbox 1033 3928 1130 3996; x_wconf 84' lang='grc' dir='ltr'>μὲν</span> <span class='ocrx_word' id='word_1_550' title='bbox 1173 3928 1382 3990; x_wconf 83' lang='grc' dir='ltr'>Ἰωνᾶς,</span> <span class='ocrx_word' id='word_1_551' title='bbox 1417 3931 1568 3997; x_wconf 69' lang='grc' dir='ltr'>φησὶ,</span> <span class='ocrx_word' id='word_1_552' title='bbox 1621 3931 1759 3997; x_wconf 85' lang='grc' dir='ltr'><strong>μετά</strong></span> <span class='ocrx_word' id='word_1_553' title='bbox 1799 3930 1898 3997; x_wconf 76' lang='grc' dir='ltr'>τὴν</span> 
     </span>
    </p>
   </div>
   <div class='ocr_carea' id='block_1_73' title="bbox 300 4016 1900 4091">
    <p class='ocr_par' dir='ltr' id='par_1_73' title="bbox 300 4016 1900 4091">
     <span class='ocr_line' id='line_1_73' title="bbox 300 4016 1900 4091; baseline 0.004 -23"><span class='ocrx_word' id='word_1_554' title='bbox 300 4019 368 4069; x_wconf 79' lang='grc' dir='ltr'>ἐκ</span> <span class='ocrx_word' id='word_1_555' title='bbox 407 4016 500 4068; x_wconf 77' lang='grc' dir='ltr'><strong>τοῦ</strong></span> <span class='ocrx_word' id='word_1_556' title='bbox 535 4018 736 4083; x_wconf 84' lang='grc' dir='ltr'>κήτους</span> <span class='ocrx_word' id='word_1_557' title='bbox 790 4017 988 4084; x_wconf 75' lang='grc' dir='ltr'>ἔξοδον,</span> <span class='ocrx_word' id='word_1_558' title='bbox 1037 4020 1282 4088; x_wconf 81' lang='grc' dir='ltr'>κηρύξας</span> <span class='ocrx_word' id='word_1_559' title='bbox 1327 4022 1652 4091; x_wconf 78' lang='grc' dir='ltr'>ἐπιστεύθη·</span> <span class='ocrx_word' id='word_1_560' title='bbox 1695 4023 1808 4090; x_wconf 77' lang='grc' dir='ltr'><strong>ἐγὼ</strong></span> <span class='ocrx_word' id='word_1_561' title='bbox 1842 4021 1900 4076; x_wconf 84' lang='grc' dir='ltr'>δὲ</span> 
     </span>
    </p>
   </div>
   <div class='ocr_carea' id='block_1_74' title="bbox 298 4110 1901 4186">
    <p class='ocr_par' dir='ltr' id='par_1_74' title="bbox 298 4110 1901 4186">
     <span class='ocr_line' id='line_1_74' title="bbox 298 4110 1901 4186; baseline 0.006 -25"><span class='ocrx_word' id='word_1_562' title='bbox 298 4110 424 4162; x_wconf 82' lang='grc' dir='ltr'>οὐδὲ</span> <span class='ocrx_word' id='word_1_563' title='bbox 459 4111 598 4178; x_wconf 77' lang='grc' dir='ltr'>μετὰ</span> <span class='ocrx_word' id='word_1_564' title='bbox 628 4110 726 4180; x_wconf 81' lang='grc' dir='ltr'><strong>τὴν</strong></span> <span class='ocrx_word' id='word_1_565' title='bbox 752 4112 1050 4166; x_wconf 77' lang='grc' dir='ltr'>ἀνάστασιν</span> <span class='ocrx_word' id='word_1_566' title='bbox 1083 4115 1212 4182; x_wconf 84' lang='grc' dir='ltr'>ὑμῖν</span> <span class='ocrx_word' id='word_1_567' title='bbox 1241 4114 1702 4186; x_wconf 74' lang='grc' dir='ltr'>πιστευθήσομαι.</span> <span class='ocrx_word' id='word_1_568' title='bbox 1738 4116 1901 4170; x_wconf 86' lang='grc' dir='ltr'>Ὅθεν</span> 
     </span>
    </p>
   </div>
   <div class='ocr_carea' id='block_1_75' title="bbox 303 4203 1898 4273">
    <p class='ocr_par' dir='ltr' id='par_1_75' title="bbox 303 4203 1898 4273">
     <span class='ocr_line' id='line_1_75' title="bbox 303 4203 1898 4273; baseline 0.006 -20"><span class='ocrx_word' id='word_1_569' title='bbox 303 4203 400 4254; x_wconf 73' lang='grc' dir='ltr'><strong>καὶ</strong></span> <span class='ocrx_word' id='word_1_570' title='bbox 434 4203 907 4273; x_wconf 87' lang='grc' dir='ltr'>κατακριθήσεσθε</span> <span class='ocrx_word' id='word_1_571' title='bbox 942 4206 1045 4258; x_wconf 79' lang='grc' dir='ltr'>ὑπὸ</span> <span class='ocrx_word' id='word_1_572' title='bbox 1082 4206 1190 4258; x_wconf 72' lang='grc' dir='ltr'>τῶν</span> <span class='ocrx_word' id='word_1_573' title='bbox 1221 4207 1526 4260; x_wconf 83' lang='grc' dir='ltr'>Νινευῐτῶν</span> <span class='ocrx_word' id='word_1_574' title='bbox 1564 4209 1898 4262; x_wconf 85' lang='grc' dir='ltr'>πιστευσάν-</span> 
     </span>
    </p>
   </div>
   <div class='ocr_carea' id='block_1_76' title="bbox 304 4295 1899 4370">
    <p class='ocr_par' dir='ltr' id='par_1_76' title="bbox 304 4295 1899 4370">
     <span class='ocr_line' id='line_1_76' title="bbox 304 4295 1899 4370; baseline 0.007 -25"><span class='ocrx_word' id='word_1_575' title='bbox 304 4312 410 4347; x_wconf 85' lang='grc' dir='ltr'>των</span> <span class='ocrx_word' id='word_1_576' title='bbox 442 4295 516 4364; x_wconf 83' lang='grc' dir='ltr'>τῷ</span> <span class='ocrx_word' id='word_1_577' title='bbox 545 4296 716 4366; x_wconf 85' lang='grc' dir='ltr'>δούλῳ</span> <span class='ocrx_word' id='word_1_578' title='bbox 755 4314 855 4366; x_wconf 83' lang='grc' dir='ltr'><strong>μου</strong></span> <span class='ocrx_word' id='word_1_579' title='bbox 898 4298 1056 4368; x_wconf 78' lang='grc' dir='ltr'><strong>Ἰωνᾷ</strong></span> <span class='ocrx_word' id='word_1_580' title='bbox 1083 4303 1255 4370; x_wconf 81' lang='grc' dir='ltr'>χωρὶς</span> <span class='ocrx_word' id='word_1_581' title='bbox 1298 4303 1567 4370; x_wconf 83' lang='grc' dir='ltr'>σημείων,</span> <span class='ocrx_word' id='word_1_582' title='bbox 1604 4303 1697 4355; x_wconf 73' lang='grc' dir='ltr'><strong>καὶ</strong></span> <span class='ocrx_word' id='word_1_583' title='bbox 1723 4303 1899 4357; x_wconf 85' lang='grc' dir='ltr'>ταῦτα</span> 
     </span>
    </p>
   </div>
   <div class='ocr_carea' id='block_1_77' title="bbox 303 4388 1899 4467">
    <p class='ocr_par' dir='ltr' id='par_1_77' title="bbox 303 4388 1899 4467">
     <span class='ocr_line' id='line_1_77' title="bbox 303 4388 1899 4467; baseline 0.008 -30"><span class='ocrx_word' id='word_1_584' title='bbox 303 4388 602 4457; x_wconf 76' lang='grc' dir='ltr'>Βαρϐάρων</span> <span class='ocrx_word' id='word_1_585' title='bbox 638 4388 829 4442; x_wconf 75' lang='grc' dir='ltr'>ὄντων’</span> <span class='ocrx_word' id='word_1_586' title='bbox 870 4390 1026 4460; x_wconf 83' lang='grc' dir='ltr'>ὑμεῖς</span> <span class='ocrx_word' id='word_1_587' title='bbox 1059 4393 1110 4444; x_wconf 83' lang='grc' dir='ltr'><strong>οἱ</strong></span> <span class='ocrx_word' id='word_1_588' title='bbox 1143 4395 1454 4465; x_wconf 84' lang='grc' dir='ltr'>προφήταις</span> <span class='ocrx_word' id='word_1_589' title='bbox 1481 4395 1899 4467; x_wconf 78' lang='grc' dir='ltr'>συντεθραμμέ-</span> 
     </span>
    </p>
   </div>
   <div class='ocr_carea' id='block_1_78' title="bbox 304 4480 1898 4560">
    <p class='ocr_par' dir='ltr' id='par_1_78' title="bbox 304 4480 1898 4560">
     <span class='ocr_line' id='line_1_78' title="bbox 304 4480 1898 4560; baseline 0.01 -32"><span class='ocrx_word' id='word_1_590' title='bbox 304 4495 409 4539; x_wconf 91' lang='grc' dir='ltr'>νοι,</span> <span class='ocrx_word' id='word_1_591' title='bbox 440 4480 488 4530; x_wconf 79' lang='grc' dir='ltr'><strong>οἱ</strong></span> <span class='ocrx_word' id='word_1_592' title='bbox 523 4482 728 4548; x_wconf 83' lang='grc' dir='ltr'>σημεῖα</span> <span class='ocrx_word' id='word_1_593' title='bbox 775 4481 997 4547; x_wconf 87' lang='grc' dir='ltr'>ἰδόντες,</span> <span class='ocrx_word' id='word_1_594' title='bbox 1041 4483 1116 4553; x_wconf 79' lang='grc' dir='ltr'><strong>μὴ</strong></span> <span class='ocrx_word' id='word_1_595' title='bbox 1165 4486 1498 4547; x_wconf 81' lang='grc' dir='ltr'>πιστεύσατε</span> <span class='ocrx_word' id='word_1_596' title='bbox 1551 4491 1677 4559; x_wconf 74' lang='grc' dir='ltr'>ἐμοὶ</span> <span class='ocrx_word' id='word_1_597' title='bbox 1701 4490 1779 4560; x_wconf 88' lang='grc' dir='ltr'>τῷ</span> <span class='ocrx_word' id='word_1_598' title='bbox 1810 4491 1898 4544; x_wconf 88' lang='grc' dir='ltr'>δε-</span> 
     </span>
    </p>
   </div>
   <div class='ocr_carea' id='block_1_79' title="bbox 1997 3269 3604 3340">
    <p class='ocr_par' dir='ltr' id='par_1_79' title="bbox 1997 3269 3604 3340">
     <span class='ocr_line' id='line_1_79' title="bbox 1997 3269 3604 3340; baseline -0.006 -6"><span class='ocrx_word' id='word_1_599' title='bbox 1997 3279 2153 3334; x_wconf 86' lang='lat' dir='ltr'><strong>dies:</strong></span> <span class='ocrx_word' id='word_1_600' title='bbox 2188 3288 2294 3330; x_wconf 88' lang='lat' dir='ltr'><strong>nox</strong></span> <span class='ocrx_word' id='word_1_601' title='bbox 2325 3281 2506 3327; x_wconf 90' lang='lat' dir='ltr'><strong>autem</strong></span> <span class='ocrx_word' id='word_1_602' title='bbox 2532 3270 2830 3325; x_wconf 70' lang='lat' dir='ltr'><strong>Dominicaa</strong></span> <span class='ocrx_word' id='word_1_603' title='bbox 2880 3269 3059 3340; x_wconf 91' lang='lat' dir='ltr'><strong>ipsum</strong></span> <span class='ocrx_word' id='word_1_604' title='bbox 3109 3269 3292 3324; x_wconf 86' lang='lat' dir='ltr'><strong>adhuc</strong></span> <span class='ocrx_word' id='word_1_605' title='bbox 3324 3281 3604 3324; x_wconf 72' lang='lat' dir='ltr'><strong>mortuum</strong></span> 
     </span>
    </p>
   </div>
   <div class='ocr_carea' id='block_1_80' title="bbox 2000 3364 3605 3442">
    <p class='ocr_par' dir='ltr' id='par_1_80' title="bbox 2000 3364 3605 3442">
     <span class='ocr_line' id='line_1_80' title="bbox 2000 3364 3605 3442; baseline -0.006 -16"><span class='ocrx_word' id='word_1_606' title='bbox 2000 3367 2387 3442; x_wconf 82' lang='lat' dir='ltr'><strong>apprehendit.</strong></span> <span class='ocrx_word' id='word_1_607' title='bbox 2431 3364 2568 3421; x_wconf 87' lang='lat' dir='ltr'><strong>Tres</strong></span> <span class='ocrx_word' id='word_1_608' title='bbox 2597 3364 2763 3435; x_wconf 87' lang='lat' dir='ltr'><strong>igitur</strong></span> <span class='ocrx_word' id='word_1_609' title='bbox 2788 3364 2905 3418; x_wconf 89' lang='lat' dir='ltr'><strong>dies</strong></span> <span class='ocrx_word' id='word_1_610' title='bbox 2935 3374 2991 3418; x_wconf 92' lang='lat' dir='ltr'><strong>et</strong></span> <span class='ocrx_word' id='word_1_611' title='bbox 3022 3372 3212 3419; x_wconf 89' lang='lat' dir='ltr'><strong>noctes</strong></span> <span class='ocrx_word' id='word_1_612' title='bbox 3240 3379 3266 3416; x_wconf 87' lang='lat' dir='ltr'><strong>a</strong></span> <span class='ocrx_word' id='word_1_613' title='bbox 3301 3373 3454 3432; x_wconf 88' lang='lat' dir='ltr'><strong>parte</strong></span> <span class='ocrx_word' id='word_1_614' title='bbox 3503 3380 3605 3417; x_wconf 87' lang='lat' dir='ltr'><strong>nu-</strong></span> 
     </span>
    </p>
   </div>
   <div class='ocr_carea' id='block_1_81' title="bbox 2002 3457 3604 3529">
    <p class='ocr_par' dir='ltr' id='par_1_81' title="bbox 2002 3457 3604 3529">
     <span class='ocr_line' id='line_1_81' title="bbox 2002 3457 3604 3529; baseline -0.004 -11"><span class='ocrx_word' id='word_1_615' title='bbox 2002 3472 2309 3525; x_wconf 89' lang='lat' dir='ltr'><strong>merantur,</strong></span> <span class='ocrx_word' id='word_1_616' title='bbox 2344 3459 2469 3529; x_wconf 87' lang='lat' dir='ltr'><strong>quia</strong></span> <span class='ocrx_word' id='word_1_617' title='bbox 2502 3467 2558 3512; x_wconf 93' lang='lat' dir='ltr'><strong>et</strong></span> <span class='ocrx_word' id='word_1_618' title='bbox 2589 3460 2668 3512; x_wconf 87' lang='lat' dir='ltr'><strong>sic</strong></span> <span class='ocrx_word' id='word_1_619' title='bbox 2700 3471 2845 3527; x_wconf 71' lang='lat' dir='ltr'><strong>saepe</strong></span> <span class='ocrx_word' id='word_1_620' title='bbox 2868 3470 3159 3510; x_wconf 87' lang='lat' dir='ltr'><strong>numerare</strong></span> <span class='ocrx_word' id='word_1_621' title='bbox 3193 3457 3604 3512; x_wconf 81' lang='lat' dir='ltr'><strong>consuevimus.</strong></span> 
     </span>
    </p>
   </div>
   <div class='ocr_carea' id='block_1_82' title="bbox 2076 3641 3601 3712">
    <p class='ocr_par' dir='ltr' id='par_1_82' title="bbox 2076 3641 3601 3712">
     <span class='ocr_line' id='line_1_82' title="bbox 2076 3641 3601 3712; baseline -0.005 -12"><span class='ocrx_word' id='word_1_622' title='bbox 2076 3647 2241 3702; x_wconf 74' lang='lat' dir='ltr'><strong>Vens.</strong></span> <span class='ocrx_word' id='word_1_623' title='bbox 2271 3647 2362 3700; x_wconf 76' lang='grc'><strong>41.</strong></span> <span class='ocrx_word' id='word_1_624' title='bbox 2383 3653 2412 3696; x_wconf 81' lang='grc' dir='ltr'><strong>ἰ</strong></span> <span class='ocrx_word' id='word_1_625' title='bbox 2439 3643 2556 3698; x_wconf 82' lang='lat' dir='ltr'><strong>Viri</strong></span> <span class='ocrx_word' id='word_1_626' title='bbox 2606 3641 2856 3696; x_wconf 71' lang='lat' dir='ltr'><strong>Ninivitre</strong></span> <span class='ocrx_word' id='word_1_627' title='bbox 2899 3651 3124 3712; x_wconf 83' lang='lat' dir='ltr'><strong>surgent</strong></span> <span class='ocrx_word' id='word_1_628' title='bbox 3156 3642 3210 3695; x_wconf 92' lang='lat' dir='ltr'><strong>in</strong></span> <span class='ocrx_word' id='word_1_629' title='bbox 3251 3641 3458 3711; x_wconf 87' lang='lat' dir='ltr'><strong>judicio</strong></span> <span class='ocrx_word' id='word_1_630' title='bbox 3479 3656 3601 3694; x_wconf 88' lang='lat' dir='ltr'><strong>cum</strong></span> 
     </span>
    </p>
   </div>
   <div class='ocr_carea' id='block_1_83' title="bbox 2005 3733 3604 3810">
    <p class='ocr_par' dir='ltr' id='par_1_83' title="bbox 2005 3733 3604 3810">
     <span class='ocr_line' id='line_1_83' title="bbox 2005 3733 3604 3810; baseline -0.006 -14"><span class='ocrx_word' id='word_1_631' title='bbox 2005 3742 2363 3810; x_wconf 80' lang='lat' dir='ltr'><strong>generatione</strong></span> <span class='ocrx_word' id='word_1_632' title='bbox 2402 3739 2526 3801; x_wconf 86' lang='lat' dir='ltr'><strong>hac,</strong></span> <span class='ocrx_word' id='word_1_633' title='bbox 2561 3745 2616 3789; x_wconf 87' lang='lat' dir='ltr'><strong>et</strong></span> <span class='ocrx_word' id='word_1_634' title='bbox 2658 3735 3108 3790; x_wconf 84' lang='lat' dir='ltr'><strong>condemnabunt</strong></span> <span class='ocrx_word' id='word_1_635' title='bbox 3143 3749 3289 3800; x_wconf 85' lang='lat' dir='ltr'><strong>eam,</strong></span> <span class='ocrx_word' id='word_1_636' title='bbox 3322 3733 3466 3803; x_wconf 91' lang='lat' dir='ltr'><strong>quod</strong></span> <span class='ocrx_word' id='word_1_637' title='bbox 3500 3734 3604 3803; x_wconf 91' lang='lat' dir='ltr'><strong>ipsi</strong></span> 
     </span>
    </p>
   </div>
   <div class='ocr_carea' id='block_1_84' title="bbox 2006 3827 3608 3903">
    <p class='ocr_par' dir='ltr' id='par_1_84' title="bbox 2006 3827 3608 3903">
     <span class='ocr_line' id='line_1_84' title="bbox 2006 3827 3608 3903; baseline -0.004 -16"><span class='ocrx_word' id='word_1_638' title='bbox 2006 3834 2380 3903; x_wconf 82' lang='lat' dir='ltr'><strong>paenitentiam</strong></span> <span class='ocrx_word' id='word_1_639' title='bbox 2407 3830 2620 3900; x_wconf 77' lang='lat' dir='ltr'><strong>egerint</strong></span> <span class='ocrx_word' id='word_1_640' title='bbox 2637 3830 2703 3883; x_wconf 91' lang='lat' dir='ltr'><strong>ad</strong></span> <span class='ocrx_word' id='word_1_641' title='bbox 2726 3828 3168 3898; x_wconf 76' lang='lat' dir='ltr'><strong>przedicationem</strong></span> <span class='ocrx_word' id='word_1_642' title='bbox 3186 3827 3373 3882; x_wconf 70' lang='lat' dir='ltr'><strong>Jonze:</strong></span> <span class='ocrx_word' id='word_1_643' title='bbox 3403 3833 3458 3881; x_wconf 93' lang='lat' dir='ltr'><strong>et</strong></span> <span class='ocrx_word' id='word_1_644' title='bbox 3479 3840 3608 3881; x_wconf 87' lang='lat' dir='ltr'><strong>ecce</strong></span> 
     </span>
    </p>
   </div>
   <div class='ocr_carea' id='block_1_85' title="bbox 2006 3908 3610 3996">
    <p class='ocr_par' dir='ltr' id='par_1_85' title="bbox 2006 3908 3610 3996">
     <span class='ocr_line' id='line_1_85' title="bbox 2006 3908 3610 3996; baseline -0.005 -18"><span class='ocrx_word' id='word_1_645' title='bbox 2006 3930 2123 3996; x_wconf 88' lang='lat' dir='ltr'><strong>plus</strong></span> <span class='ocrx_word' id='word_1_646' title='bbox 2177 3941 2338 3994; x_wconf 82' lang='lat' dir='ltr'><strong>quam</strong></span> <span class='ocrx_word' id='word_1_647' title='bbox 2387 3922 2556 3977; x_wconf 78' lang='lat' dir='ltr'><strong>Jonas</strong></span> <span class='ocrx_word' id='word_1_648' title='bbox 2606 3932 2690 3977; x_wconf 88' lang='lat' dir='ltr'><strong>est</strong></span> <span class='ocrx_word' id='word_1_649' title='bbox 2749 3908 2852 3975; x_wconf 86' lang='lat' dir='ltr'><strong>ltoc</strong></span> <span class='ocrx_word' id='word_1_650' title='bbox 2903 3920 3044 3974; x_wconf 90' lang='lat' dir='ltr'><strong>loco.</strong></span> <span class='ocrx_word' id='word_1_651' title='bbox 3084 3937 3103 3971; x_wconf 69' lang='grc' dir='ltr'><strong>ι</strong></span> <span class='ocrx_word' id='word_1_652' title='bbox 3150 3916 3484 3989; x_wconf 87' lang='lat' dir='ltr'><strong>Postquam,</strong></span> <span class='ocrx_word' id='word_1_653' title='bbox 3524 3918 3610 3972; x_wconf 86' lang='lat' dir='ltr'><strong>itt-</strong></span> 
     </span>
    </p>
   </div>
   <div class='ocr_carea' id='block_1_86' title="bbox 2006 4012 3602 4090">
    <p class='ocr_par' dir='ltr' id='par_1_86' title="bbox 2006 4012 3602 4090">
     <span class='ocr_line' id='line_1_86' title="bbox 2006 4012 3602 4090; baseline -0.006 -17"><span class='ocrx_word' id='word_1_654' title='bbox 2006 4020 2148 4090; x_wconf 89' lang='lat' dir='ltr'><strong>quit,</strong></span> <span class='ocrx_word' id='word_1_655' title='bbox 2175 4018 2342 4072; x_wconf 81' lang='lat' dir='ltr'><strong>Jonas</strong></span> <span class='ocrx_word' id='word_1_656' title='bbox 2364 4017 2495 4071; x_wconf 71' lang='lat' dir='ltr'><strong>exiit</strong></span> <span class='ocrx_word' id='word_1_657' title='bbox 2524 4030 2553 4068; x_wconf 91' lang='lat' dir='ltr'><strong>a</strong></span> <span class='ocrx_word' id='word_1_658' title='bbox 2583 4027 2726 4081; x_wconf 90' lang='lat' dir='ltr'><strong>ceto,</strong></span> <span class='ocrx_word' id='word_1_659' title='bbox 2751 4024 2807 4069; x_wconf 88' lang='lat' dir='ltr'><strong>et</strong></span> <span class='ocrx_word' id='word_1_660' title='bbox 2838 4013 3179 4084; x_wconf 68' lang='lat' dir='ltr'><strong>praedicarit,</strong></span> <span class='ocrx_word' id='word_1_661' title='bbox 3215 4012 3602 4068; x_wconf 86' lang='lat' dir='ltr'><strong>crediderunt:</strong></span> 
     </span>
    </p>
   </div>
   <div class='ocr_carea' id='block_1_87' title="bbox 2005 4107 3608 4176">
    <p class='ocr_par' dir='ltr' id='par_1_87' title="bbox 2005 4107 3608 4176">
     <span class='ocr_line' id='line_1_87' title="bbox 2005 4107 3608 4176; baseline -0.006 -7"><span class='ocrx_word' id='word_1_662' title='bbox 2005 4116 2060 4169; x_wconf 90' lang='lat' dir='ltr'><strong>in</strong></span> <span class='ocrx_word' id='word_1_663' title='bbox 2101 4130 2185 4168; x_wconf 91' lang='lat' dir='ltr'><strong>me</strong></span> <span class='ocrx_word' id='word_1_664' title='bbox 2221 4123 2424 4176; x_wconf 90' lang='lat' dir='ltr'><strong>autem,</strong></span> <span class='ocrx_word' id='word_1_665' title='bbox 2461 4113 2624 4166; x_wconf 79' lang='lat' dir='ltr'><strong>etiam</strong></span> <span class='ocrx_word' id='word_1_666' title='bbox 2655 4127 2774 4166; x_wconf 89' lang='lat' dir='ltr'><strong>cum</strong></span> <span class='ocrx_word' id='word_1_667' title='bbox 2820 4126 3117 4166; x_wconf 83' lang='lat' dir='ltr'><strong>surrexero</strong></span> <span class='ocrx_word' id='word_1_668' title='bbox 3140 4151 3155 4175; x_wconf 96' lang='lat'><strong>,</strong></span> <span class='ocrx_word' id='word_1_669' title='bbox 3188 4123 3294 4164; x_wconf 91' lang='lat' dir='ltr'><strong>non</strong></span> <span class='ocrx_word' id='word_1_670' title='bbox 3345 4107 3608 4163; x_wconf 86' lang='lat' dir='ltr'><strong>credetis.</strong></span> 
     </span>
    </p>
   </div>
   <div class='ocr_carea' id='block_1_88' title="bbox 2007 4203 3610 4272">
    <p class='ocr_par' dir='ltr' id='par_1_88' title="bbox 2007 4203 3610 4272">
     <span class='ocr_line' id='line_1_88' title="bbox 2007 4203 3610 4272; baseline -0.004 -10"><span class='ocrx_word' id='word_1_671' title='bbox 2007 4205 2161 4262; x_wconf 90' lang='lat' dir='ltr'><strong>Unde</strong></span> <span class='ocrx_word' id='word_1_672' title='bbox 2227 4216 2281 4259; x_wconf 90' lang='lat' dir='ltr'><strong>et</strong></span> <span class='ocrx_word' id='word_1_673' title='bbox 2333 4205 2832 4261; x_wconf 88' lang='lat' dir='ltr'><strong>condemnabimini</strong></span> <span class='ocrx_word' id='word_1_674' title='bbox 2887 4220 2916 4257; x_wconf 86' lang='lat' dir='ltr'><strong>a</strong></span> <span class='ocrx_word' id='word_1_675' title='bbox 2977 4203 3254 4267; x_wconf 83' lang='lat' dir='ltr'><strong>Ninivitis,</strong></span> <span class='ocrx_word' id='word_1_676' title='bbox 3329 4205 3421 4272; x_wconf 87' lang='lat' dir='ltr'><strong>qui</strong></span> <span class='ocrx_word' id='word_1_677' title='bbox 3485 4217 3610 4257; x_wconf 91' lang='lat' dir='ltr'><strong>cre-</strong></span> 
     </span>
    </p>
   </div>
   <div class='ocr_carea' id='block_1_89' title="bbox 2004 4293 3606 4365">
    <p class='ocr_par' dir='ltr' id='par_1_89' title="bbox 2004 4293 3606 4365">
     <span class='ocr_line' id='line_1_89' title="bbox 2004 4293 3606 4365; baseline -0.003 -14"><span class='ocrx_word' id='word_1_678' title='bbox 2004 4299 2268 4353; x_wconf 84' lang='lat' dir='ltr'><strong>diderunt</strong></span> <span class='ocrx_word' id='word_1_679' title='bbox 2340 4313 2498 4352; x_wconf 84' lang='lat' dir='ltr'><strong>servo</strong></span> <span class='ocrx_word' id='word_1_680' title='bbox 2562 4313 2679 4351; x_wconf 88' lang='lat' dir='ltr'><strong>meo</strong></span> <span class='ocrx_word' id='word_1_681' title='bbox 2774 4296 2922 4352; x_wconf 73' lang='lat' dir='ltr'><strong>Jonze</strong></span> <span class='ocrx_word' id='word_1_682' title='bbox 3009 4295 3218 4365; x_wconf 89' lang='lat' dir='ltr'><strong>absque</strong></span> <span class='ocrx_word' id='word_1_683' title='bbox 3303 4293 3606 4358; x_wconf 90' lang='lat' dir='ltr'><strong>miraculis,</strong></span> 
     </span>
    </p>
   </div>
   <div class='ocr_carea' id='block_1_90' title="bbox 2006 4390 3612 4461">
    <p class='ocr_par' dir='ltr' id='par_1_90' title="bbox 2006 4390 3612 4461">
     <span class='ocr_line' id='line_1_90' title="bbox 2006 4390 3612 4461; baseline -0.002 -17"><span class='ocrx_word' id='word_1_684' title='bbox 2006 4393 2256 4461; x_wconf 81' lang='lat' dir='ltr'><strong>quamvis</strong></span> <span class='ocrx_word' id='word_1_685' title='bbox 2322 4390 2546 4445; x_wconf 65' lang='lat' dir='ltr'><strong>Barbati</strong></span> <span class='ocrx_word' id='word_1_686' title='bbox 2599 4391 2839 4446; x_wconf 82' lang='lat' dir='ltr'><strong>fuerint:</strong></span> <span class='ocrx_word' id='word_1_687' title='bbox 2881 4406 2977 4446; x_wconf 89' lang='lat' dir='ltr'><strong>vos</strong></span> <span class='ocrx_word' id='word_1_688' title='bbox 3000 4402 3184 4445; x_wconf 74' lang='lat' dir='ltr'><strong>autem</strong></span> <span class='ocrx_word' id='word_1_689' title='bbox 3236 4390 3437 4444; x_wconf 87' lang='lat' dir='ltr'><strong>assueti</strong></span> <span class='ocrx_word' id='word_1_690' title='bbox 3482 4405 3612 4458; x_wconf 89' lang='lat' dir='ltr'><strong>pro-</strong></span> 
     </span>
    </p>
   </div>
   <div class='ocr_carea' id='block_1_91' title="bbox 2005 4483 3612 4554">
    <p class='ocr_par' dir='ltr' id='par_1_91' title="bbox 2005 4483 3612 4554">
     <span class='ocr_line' id='line_1_91' title="bbox 2005 4483 3612 4554; baseline -0.002 -15"><span class='ocrx_word' id='word_1_691' title='bbox 2005 4486 2206 4554; x_wconf 86' lang='lat' dir='ltr'><strong>phetis,</strong></span> <span class='ocrx_word' id='word_1_692' title='bbox 2232 4484 2361 4538; x_wconf 71' lang='lat' dir='ltr'><strong>visis</strong></span> <span class='ocrx_word' id='word_1_693' title='bbox 2392 4486 2584 4554; x_wconf 85' lang='lat' dir='ltr'><strong>signis,</strong></span> <span class='ocrx_word' id='word_1_694' title='bbox 2619 4500 2723 4538; x_wconf 92' lang='lat' dir='ltr'><strong>non</strong></span> <span class='ocrx_word' id='word_1_695' title='bbox 2745 4484 2969 4538; x_wconf 88' lang='lat' dir='ltr'><strong>creditis</strong></span> <span class='ocrx_word' id='word_1_696' title='bbox 3001 4484 3135 4537; x_wconf 83' lang='lat' dir='ltr'><strong>milii</strong></span> <span class='ocrx_word' id='word_1_697' title='bbox 3169 4484 3433 4538; x_wconf 87' lang='lat' dir='ltr'><strong>Domino:</strong></span> <span class='ocrx_word' id='word_1_698' title='bbox 3464 4483 3612 4553; x_wconf 86' lang='lat' dir='ltr'><strong>quod</strong></span> 
     </span>
    </p>
   </div>
   <div class='ocr_carea' id='block_1_92' title="bbox 303 4568 1996 4649">
    <p class='ocr_par' dir='ltr' id='par_1_92' title="bbox 303 4568 1976 4644">
     <span class='ocr_line' id='line_1_92' title="bbox 303 4568 1976 4644; baseline 0.008 -23"><span class='ocrx_word' id='word_1_699' title='bbox 303 4569 499 4635; x_wconf 77' lang='grc' dir='ltr'>σπότη.</span> <span class='ocrx_word' id='word_1_700' title='bbox 538 4570 708 4623; x_wconf 79' lang='grc' dir='ltr'>Τοῦτο</span> <span class='ocrx_word' id='word_1_701' title='bbox 762 4572 868 4642; x_wconf 81' lang='grc' dir='ltr'><strong>γὰρ</strong></span> <span class='ocrx_word' id='word_1_702' title='bbox 920 4575 1176 4644; x_wconf 84' lang='grc' dir='ltr'>σημαίνει</span> <span class='ocrx_word' id='word_1_703' title='bbox 1221 4576 1304 4640; x_wconf 86' lang='grc' dir='ltr'><strong>τὸ,</strong></span> <span class='ocrx_word' id='word_1_704' title='bbox 1340 4579 1450 4632; x_wconf 79' lang='grc' dir='ltr'><strong>Καὶ</strong></span> <span class='ocrx_word' id='word_1_705' title='bbox 1499 4579 1634 4632; x_wconf 73' lang='grc' dir='ltr'>ἰδοὺ</span> <span class='ocrx_word' id='word_1_706' title='bbox 1681 4580 1899 4635; x_wconf 73' lang='grc' dir='ltr'>πλεῖον</span> <span class='ocrx_word' id='word_1_707' title='bbox 1932 4568 1976 4624; x_wconf 82' lang='grc' dir='ltr'><strong>Ῑ)</strong></span> 
     </span>
    </p>
   </div>
   <div class='ocr_carea' id='block_1_93' title="bbox 1704 4568 3397 4649">
    <p class='ocr_par' dir='ltr' id='par_1_93' title="bbox 1704 4568 3397 4649">
     <span class='ocr_line' id='line_1_93' title="bbox 1704 4568 3397 4649; baseline -0.002 -16"><span class='ocrx_word' id='word_1_708' title='bbox 1704 4580 1899 4635; x_wconf 68' lang='grc' dir='ltr'>[λεῖον</span> <span class='ocrx_word' id='word_1_709' title='bbox 1932 4568 1976 4624; x_wconf 83' lang='grc' dir='ltr'><strong>Ῑ)</strong></span> <span class='ocrx_word' id='word_1_710' title='bbox 2007 4579 2298 4649; x_wconf 83' lang='lat' dir='ltr'><strong>signiﬁcat,</strong></span> <span class='ocrx_word' id='word_1_711' title='bbox 2339 4578 2558 4633; x_wconf 85' lang='lat' dir='ltr'><strong>dicens:</strong></span> <span class='ocrx_word' id='word_1_712' title='bbox 2591 4578 2655 4629; x_wconf 82' lang='lat' dir='ltr'><strong>Et</strong></span> <span class='ocrx_word' id='word_1_713' title='bbox 2687 4593 2803 4630; x_wconf 81' lang='lat' dir='ltr'><strong>ecce</strong></span> <span class='ocrx_word' id='word_1_714' title='bbox 2826 4575 2944 4644; x_wconf 79' lang='lat' dir='ltr'><strong>plus</strong></span> <span class='ocrx_word' id='word_1_715' title='bbox 2969 4577 3110 4630; x_wconf 75' lang='lat' dir='ltr'><strong>Iona</strong></span> <span class='ocrx_word' id='word_1_716' title='bbox 3133 4576 3231 4632; x_wconf 75' lang='lat' dir='ltr'><strong>hoc</strong></span> <span class='ocrx_word' id='word_1_717' title='bbox 3261 4577 3397 4630; x_wconf 84' lang='lat' dir='ltr'><strong>loco.</strong></span> 
     </span>
    </p>
   </div>
   <div class='ocr_carea' id='block_1_94' title="bbox 305 4657 630 4717">
    <p class='ocr_par' dir='ltr' id='par_1_94' title="bbox 305 4657 630 4717">
     <span class='ocr_line' id='line_1_94' title="bbox 305 4657 630 4717; baseline 0 -1"><span class='ocrx_word' id='word_1_718' title='bbox 305 4661 473 4717; x_wconf 80' lang='grc' dir='ltr'><strong>Ἰωνᾶ</strong></span> <span class='ocrx_word' id='word_1_719' title='bbox 498 4657 630 4717; x_wconf 80' lang='grc' dir='ltr'>ὦδε.</span> 
     </span>
    </p>
   </div>
   <div class='ocr_carea' id='block_1_95' title="bbox 379 4754 1901 4833">
    <p class='ocr_par' dir='ltr' id='par_1_95' title="bbox 379 4754 1901 4833">
     <span class='ocr_line' id='line_1_95' title="bbox 379 4754 1901 4833; baseline 0.009 -29"><span class='ocrx_word' id='word_1_720' title='bbox 379 4772 396 4804; x_wconf 79' lang='grc' dir='ltr'><strong>ι</strong></span> <span class='ocrx_word' id='word_1_721' title='bbox 444 4754 746 4808; x_wconf 81' lang='grc' dir='ltr'>Βασίλισσα</span> <span class='ocrx_word' id='word_1_722' title='bbox 773 4755 949 4810; x_wconf 87' lang='grc' dir='ltr'>Νότου</span> <span class='ocrx_word' id='word_1_723' title='bbox 979 4757 1341 4828; x_wconf 72' lang='grc' dir='ltr'>ἐγερθήσεται</span> <span class='ocrx_word' id='word_1_724' title='bbox 1364 4762 1422 4813; x_wconf 79' lang='grc' dir='ltr'><strong>ἐν</strong></span> <span class='ocrx_word' id='word_1_725' title='bbox 1445 4764 1510 4833; x_wconf 79' lang='grc' dir='ltr'>τῇ</span> <span class='ocrx_word' id='word_1_726' title='bbox 1541 4763 1724 4833; x_wconf 84' lang='grc' dir='ltr'>κρίσει</span> <span class='ocrx_word' id='word_1_727' title='bbox 1763 4767 1901 4833; x_wconf 87' lang='grc' dir='ltr'><strong>μετά</strong></span> 
     </span>
    </p>
   </div>
   <div class='ocr_carea' id='block_1_96' title="bbox 305 4847 1902 4930">
    <p class='ocr_par' dir='ltr' id='par_1_96' title="bbox 305 4847 1902 4930">
     <span class='ocr_line' id='line_1_96' title="bbox 305 4847 1902 4930; baseline 0.01 -33"><span class='ocrx_word' id='word_1_728' title='bbox 305 4847 404 4914; x_wconf 76' lang='grc' dir='ltr'>τῆς</span> <span class='ocrx_word' id='word_1_729' title='bbox 445 4850 642 4914; x_wconf 80' lang='grc' dir='ltr'>γενεᾶς</span> <span class='ocrx_word' id='word_1_730' title='bbox 668 4851 895 4921; x_wconf 81' lang='grc' dir='ltr'>ταύτης,</span> <span class='ocrx_word' id='word_1_731' title='bbox 921 4854 1016 4905; x_wconf 74' lang='grc' dir='ltr'><strong>καὶ</strong></span> <span class='ocrx_word' id='word_1_732' title='bbox 1048 4858 1374 4925; x_wconf 77' lang='grc' dir='ltr'>κατακρινεῖ</span> <span class='ocrx_word' id='word_1_733' title='bbox 1404 4857 1600 4928; x_wconf 81' lang='grc' dir='ltr'>αὐτὴν,</span> <span class='ocrx_word' id='word_1_734' title='bbox 1628 4859 1713 4912; x_wconf 88' lang='grc' dir='ltr'>ὃτι</span> <span class='ocrx_word' id='word_1_735' title='bbox 1737 4855 1902 4930; x_wconf 78' lang='grc' dir='ltr'>ἦλθεν</span> 
     </span>
    </p>
   </div>
   <div class='ocr_carea' id='block_1_97' title="bbox 302 4941 1902 5020">
    <p class='ocr_par' dir='ltr' id='par_1_97' title="bbox 302 4941 1902 5020">
     <span class='ocr_line' id='line_1_97' title="bbox 302 4941 1902 5020; baseline 0.008 -29"><span class='ocrx_word' id='word_1_736' title='bbox 302 4943 364 4992; x_wconf 80' lang='grc' dir='ltr'>ἐκ</span> <span class='ocrx_word' id='word_1_737' title='bbox 395 4941 502 4992; x_wconf 83' lang='grc' dir='ltr'>τῶν</span> <span class='ocrx_word' id='word_1_738' title='bbox 535 4943 790 5011; x_wconf 81' lang='grc' dir='ltr'>περάτων</span> <span class='ocrx_word' id='word_1_739' title='bbox 823 4944 922 5013; x_wconf 80' lang='grc' dir='ltr'>τῆς</span> <span class='ocrx_word' id='word_1_740' title='bbox 954 4948 1060 5016; x_wconf 84' lang='grc' dir='ltr'><strong>γῆς</strong></span> <span class='ocrx_word' id='word_1_741' title='bbox 1102 4947 1338 5000; x_wconf 81' lang='grc' dir='ltr'>ἀκοῦσαι</span> <span class='ocrx_word' id='word_1_742' title='bbox 1366 4949 1466 5020; x_wconf 74' lang='grc' dir='ltr'>τὴν</span> <span class='ocrx_word' id='word_1_743' title='bbox 1511 4949 1708 5020; x_wconf 80' lang='grc' dir='ltr'>σοφίαν</span> <span class='ocrx_word' id='word_1_744' title='bbox 1741 4951 1902 5004; x_wconf 86' lang='grc' dir='ltr'>Σολο-</span> 
     </span>
    </p>
   </div>
   <div class='ocr_carea' id='block_1_98' title="bbox 301 5025 1898 5112">
    <p class='ocr_par' dir='ltr' id='par_1_98' title="bbox 301 5025 1898 5112">
     <span class='ocr_line' id='line_1_98' title="bbox 301 5025 1898 5112; baseline 0.008 -30"><span class='ocrx_word' id='word_1_745' title='bbox 301 5032 546 5110; x_wconf 48' lang='grc' dir='ltr'>μῶντος·</span> <span class='ocrx_word' id='word_1_746' title='bbox 597 5033 692 5085; x_wconf 72' lang='grc' dir='ltr'>καὶ</span> <span class='ocrx_word' id='word_1_747' title='bbox 726 5036 836 5087; x_wconf 75' lang='grc' dir='ltr'>ἰδοὺ</span> <span class='ocrx_word' id='word_1_748' title='bbox 870 5035 1053 5088; x_wconf 87' lang='grc' dir='ltr'>πλεῖον</span> <span class='ocrx_word' id='word_1_749' title='bbox 1085 5025 1434 5106; x_wconf 82' lang='grc' dir='ltr'>Σολομῶντος</span> <span class='ocrx_word' id='word_1_750' title='bbox 1464 5033 1587 5094; x_wconf 81' lang='grc' dir='ltr'>ὧδε.</span> <span class='ocrx_word' id='word_1_751' title='bbox 1630 5061 1647 5091; x_wconf 68' lang='grc' dir='ltr'><strong>ι</strong></span> <span class='ocrx_word' id='word_1_752' title='bbox 1703 5043 1766 5095; x_wconf 86' lang='lat' dir='ltr'><strong>&#39;H</strong></span> <span class='ocrx_word' id='word_1_753' title='bbox 1799 5044 1898 5112; x_wconf 85' lang='grc' dir='ltr'>μὲν</span> 
     </span>
    </p>
   </div>
   <div class='ocr_carea' id='block_1_99' title="bbox 302 5123 1898 5204">
    <p class='ocr_par' dir='ltr' id='par_1_99' title="bbox 302 5123 1898 5204">
     <span class='ocr_line' id='line_1_99' title="bbox 302 5123 1898 5204; baseline 0.008 -29"><span class='ocrx_word' id='word_1_754' title='bbox 302 5123 617 5193; x_wconf 73' lang='grc' dir='ltr'>βασίλισσα,</span> <span class='ocrx_word' id='word_1_755' title='bbox 652 5127 808 5194; x_wconf 74' lang='grc' dir='ltr'>φησὶ,</span> <span class='ocrx_word' id='word_1_756' title='bbox 847 5127 1124 5196; x_wconf 83' lang='grc' dir='ltr'>μακρόθεν</span> <span class='ocrx_word' id='word_1_757' title='bbox 1167 5124 1322 5198; x_wconf 79' lang='grc' dir='ltr'>ἦλθε,</span> <span class='ocrx_word' id='word_1_758' title='bbox 1366 5134 1546 5185; x_wconf 78' lang='grc' dir='ltr'>καίτοι</span> <span class='ocrx_word' id='word_1_759' title='bbox 1571 5135 1707 5204; x_wconf 79' lang='grc' dir='ltr'>γυνὴ</span> <span class='ocrx_word' id='word_1_760' title='bbox 1734 5135 1898 5188; x_wconf 86' lang='grc' dir='ltr'>ἀσθε-</span> 
     </span>
    </p>
   </div>
   <div class='ocr_carea' id='block_1_100' title="bbox 303 5215 1897 5296">
    <p class='ocr_par' dir='ltr' id='par_1_100' title="bbox 303 5215 1897 5296">
     <span class='ocr_line' id='line_1_100' title="bbox 303 5215 1897 5296; baseline 0.013 -32"><span class='ocrx_word' id='word_1_761' title='bbox 303 5216 395 5285; x_wconf 75' lang='grc' dir='ltr'>νὴς</span> <span class='ocrx_word' id='word_1_762' title='bbox 425 5215 583 5279; x_wconf 70' lang='grc' dir='ltr'>οὖσα,</span> <span class='ocrx_word' id='word_1_763' title='bbox 616 5216 702 5268; x_wconf 81' lang='grc' dir='ltr'>ἵνα</span> <span class='ocrx_word' id='word_1_764' title='bbox 738 5219 867 5287; x_wconf 78' lang='grc' dir='ltr'>περὶ</span> <span class='ocrx_word' id='word_1_765' title='bbox 899 5218 1133 5289; x_wconf 77' lang='grc' dir='ltr'>δένδρων</span> <span class='ocrx_word' id='word_1_766' title='bbox 1168 5224 1263 5276; x_wconf 81' lang='grc' dir='ltr'>καὶ</span> <span class='ocrx_word' id='word_1_767' title='bbox 1306 5222 1480 5287; x_wconf 83' lang='grc' dir='ltr'>ξύλων</span> <span class='ocrx_word' id='word_1_768' title='bbox 1523 5230 1617 5278; x_wconf 74' lang='grc' dir='ltr'>καὶ</span> <span class='ocrx_word' id='word_1_769' title='bbox 1650 5229 1897 5296; x_wconf 69' lang='grc' dir='ltr'>φυσικῶν</span> 
     </span>
    </p>
   </div>
   <div class='ocr_carea' id='block_1_101' title="bbox 309 5310 1894 5391">
    <p class='ocr_par' dir='ltr' id='par_1_101' title="bbox 309 5310 1894 5391">
     <span class='ocr_line' id='line_1_101' title="bbox 309 5310 1894 5391; baseline 0.009 -31"><span class='ocrx_word' id='word_1_770' title='bbox 309 5325 461 5360; x_wconf 83' lang='grc' dir='ltr'>τινων</span> <span class='ocrx_word' id='word_1_771' title='bbox 484 5310 716 5381; x_wconf 83' lang='grc' dir='ltr'>ἀκούσῃ.</span> <span class='ocrx_word' id='word_1_772' title='bbox 759 5311 1056 5387; x_wconf 75' lang='grc' dir='ltr'>Ὑμεῖς-δὲ,</span> <span class='ocrx_word' id='word_1_773' title='bbox 1091 5317 1184 5367; x_wconf 77' lang='grc' dir='ltr'><strong>καὶ</strong></span> <span class='ocrx_word' id='word_1_774' title='bbox 1202 5315 1426 5370; x_wconf 74' lang='grc' dir='ltr'>ἐλθόντα</span> <span class='ocrx_word' id='word_1_775' title='bbox 1461 5336 1528 5385; x_wconf 84' lang='grc' dir='ltr'><strong>με</strong></span> <span class='ocrx_word' id='word_1_776' title='bbox 1554 5322 1691 5389; x_wconf 79' lang='grc' dir='ltr'>πρὸς</span> <span class='ocrx_word' id='word_1_777' title='bbox 1727 5322 1894 5391; x_wconf 79' lang='grc' dir='ltr'>ὑμᾶς,</span> 
     </span>
    </p>
   </div>
   <div class='ocr_carea' id='block_1_102' title="bbox 302 5403 1636 5474">
    <p class='ocr_par' dir='ltr' id='par_1_102' title="bbox 302 5403 1636 5474">
     <span class='ocr_line' id='line_1_102' title="bbox 302 5403 1636 5474; baseline 0.007 -18"><span class='ocrx_word' id='word_1_778' title='bbox 302 5403 395 5456; x_wconf 71' lang='grc' dir='ltr'>καὶ</span> <span class='ocrx_word' id='word_1_779' title='bbox 425 5404 715 5474; x_wconf 76' lang='grc' dir='ltr'>ἀπόρρητα</span> <span class='ocrx_word' id='word_1_780' title='bbox 747 5405 997 5472; x_wconf 80' lang='grc' dir='ltr'>λέγοντα,</span> <span class='ocrx_word' id='word_1_781' title='bbox 1028 5407 1128 5460; x_wconf 80' lang='grc' dir='ltr'>οὐκ</span> <span class='ocrx_word' id='word_1_782' title='bbox 1151 5409 1425 5473; x_wconf 79' lang='grc' dir='ltr'>ἐδέξασθε.</span> <span class='ocrx_word' id='word_1_783' title='bbox 1634 5463 1636 5466; x_wconf 77' lang='grc'><strong>,</strong></span> 
     </span>
    </p>
   </div>
   <div class='ocr_carea' id='block_1_103' title="bbox 379 5490 1892 5574">
    <p class='ocr_par' dir='ltr' id='par_1_103' title="bbox 379 5490 1892 5574">
     <span class='ocr_line' id='line_1_103' title="bbox 379 5490 1892 5574; baseline 0.009 -28"><span class='ocrx_word' id='word_1_784' title='bbox 379 5515 398 5546; x_wconf 78' lang='grc' dir='ltr'><strong>ι</strong></span> <span class='ocrx_word' id='word_1_785' title='bbox 432 5495 602 5550; x_wconf 87' lang='grc' dir='ltr'>Ὅταν</span> <span class='ocrx_word' id='word_1_786' title='bbox 633 5497 689 5551; x_wconf 85' lang='grc' dir='ltr'>δὲ</span> <span class='ocrx_word' id='word_1_787' title='bbox 724 5490 785 5550; x_wconf 73' lang='grc' dir='ltr'><strong>τὸ</strong></span> <span class='ocrx_word' id='word_1_788' title='bbox 812 5499 1122 5568; x_wconf 79' lang='grc' dir='ltr'>ἀκάθαρτον</span> <span class='ocrx_word' id='word_1_789' title='bbox 1159 5502 1380 5573; x_wconf 75' lang='grc' dir='ltr'>πνεῦμα</span> <span class='ocrx_word' id='word_1_790' title='bbox 1431 5505 1625 5574; x_wconf 77' lang='grc' dir='ltr'>ἐξέλθῃ</span> <span class='ocrx_word' id='word_1_791' title='bbox 1657 5507 1766 5559; x_wconf 86' lang='grc' dir='ltr'><strong>ἀπὸ</strong></span> <span class='ocrx_word' id='word_1_792' title='bbox 1799 5507 1892 5559; x_wconf 71' lang='grc' dir='ltr'><strong>τοῦ</strong></span> 
     </span>
    </p>
   </div>
   <div class='ocr_carea' id='block_1_104' title="bbox 2085 4764 3611 4834">
    <p class='ocr_par' dir='ltr' id='par_1_104' title="bbox 2085 4764 3611 4834">
     <span class='ocr_line' id='line_1_104' title="bbox 2085 4764 3611 4834; baseline 0 -16"><span class='ocrx_word' id='word_1_793' title='bbox 2085 4765 2246 4820; x_wconf 75' lang='lat' dir='ltr'><strong>Vens.</strong></span> <span class='ocrx_word' id='word_1_794' title='bbox 2273 4765 2362 4820; x_wconf 67' lang='grc'><strong>42.</strong></span> <span class='ocrx_word' id='word_1_795' title='bbox 2405 4783 2423 4815; x_wconf 76' lang='grc' dir='ltr'><strong>ι</strong></span> <span class='ocrx_word' id='word_1_796' title='bbox 2472 4764 2678 4833; x_wconf 78' lang='lat' dir='ltr'><strong>Regina</strong></span> <span class='ocrx_word' id='word_1_797' title='bbox 2717 4765 2899 4819; x_wconf 80' lang='lat' dir='ltr'><strong>Austri</strong></span> <span class='ocrx_word' id='word_1_798' title='bbox 2949 4765 3281 4820; x_wconf 83' lang='lat' dir='ltr'><strong>excitabitur</strong></span> <span class='ocrx_word' id='word_1_799' title='bbox 3311 4766 3364 4818; x_wconf 91' lang='lat' dir='ltr'><strong>in</strong></span> <span class='ocrx_word' id='word_1_800' title='bbox 3400 4765 3611 4834; x_wconf 85' lang='lat' dir='ltr'><strong>judicio</strong></span> 
     </span>
    </p>
   </div>
   <div class='ocr_carea' id='block_1_105' title="bbox 2007 4857 3607 4928">
    <p class='ocr_par' dir='ltr' id='par_1_105' title="bbox 2007 4857 3607 4928">
     <span class='ocr_line' id='line_1_105' title="bbox 2007 4857 3607 4928; baseline -0.002 -15"><span class='ocrx_word' id='word_1_801' title='bbox 2007 4875 2129 4915; x_wconf 89' lang='lat' dir='ltr'><strong>cum</strong></span> <span class='ocrx_word' id='word_1_802' title='bbox 2179 4858 2530 4928; x_wconf 86' lang='lat' dir='ltr'><strong>generatione</strong></span> <span class='ocrx_word' id='word_1_803' title='bbox 2583 4857 2784 4922; x_wconf 81' lang='lat' dir='ltr'><strong>liac,et</strong></span> <span class='ocrx_word' id='word_1_804' title='bbox 2820 4858 3209 4911; x_wconf 87' lang='lat' dir='ltr'><strong>condemnabit</strong></span> <span class='ocrx_word' id='word_1_805' title='bbox 3271 4872 3428 4911; x_wconf 89' lang='lat' dir='ltr'><strong>eam:</strong></span> <span class='ocrx_word' id='word_1_806' title='bbox 3479 4858 3607 4926; x_wconf 86' lang='lat' dir='ltr'><strong>quia</strong></span> 
     </span>
    </p>
   </div>
   <div class='ocr_carea' id='block_1_106' title="bbox 2007 4947 3610 5018">
    <p class='ocr_par' dir='ltr' id='par_1_106' title="bbox 2007 4947 3610 5018">
     <span class='ocr_line' id='line_1_106' title="bbox 2007 4947 3610 5018; baseline 0 -14"><span class='ocrx_word' id='word_1_807' title='bbox 2007 4952 2208 5007; x_wconf 85' lang='lat' dir='ltr'><strong>venita</strong></span> <span class='ocrx_word' id='word_1_808' title='bbox 2251 4950 2450 5005; x_wconf 84' lang='lat' dir='ltr'><strong>ﬁnibus</strong></span> <span class='ocrx_word' id='word_1_809' title='bbox 2475 4957 2634 5004; x_wconf 72' lang='lat' dir='ltr'><strong>terrae</strong></span> <span class='ocrx_word' id='word_1_810' title='bbox 2664 4961 2722 5003; x_wconf 87' lang='lat' dir='ltr'><strong>ut</strong></span> <span class='ocrx_word' id='word_1_811' title='bbox 2749 4950 2964 5004; x_wconf 90' lang='lat' dir='ltr'><strong>audiret</strong></span> <span class='ocrx_word' id='word_1_812' title='bbox 2991 4950 3318 5018; x_wconf 82' lang='lat' dir='ltr'><strong>sapientiam</strong></span> <span class='ocrx_word' id='word_1_813' title='bbox 3357 4947 3610 5004; x_wconf 89' lang='lat' dir='ltr'><strong>Salomo-</strong></span> 
     </span>
    </p>
   </div>
   <div class='ocr_carea' id='block_1_107' title="bbox 2010 5042 3609 5113">
    <p class='ocr_par' dir='ltr' id='par_1_107' title="bbox 2010 5042 3609 5113">
     <span class='ocr_line' id='line_1_107' title="bbox 2010 5042 3609 5113; baseline -0.001 -14"><span class='ocrx_word' id='word_1_814' title='bbox 2010 5047 2134 5111; x_wconf 88' lang='lat' dir='ltr'><strong>nis;</strong></span> <span class='ocrx_word' id='word_1_815' title='bbox 2172 5055 2226 5098; x_wconf 91' lang='lat' dir='ltr'><strong>ct</strong></span> <span class='ocrx_word' id='word_1_816' title='bbox 2286 5059 2412 5098; x_wconf 90' lang='lat' dir='ltr'><strong>ecce</strong></span> <span class='ocrx_word' id='word_1_817' title='bbox 2445 5045 2566 5113; x_wconf 91' lang='lat' dir='ltr'><strong>plus</strong></span> <span class='ocrx_word' id='word_1_818' title='bbox 2598 5059 2759 5113; x_wconf 88' lang='lat' dir='ltr'><strong>quam</strong></span> <span class='ocrx_word' id='word_1_819' title='bbox 2795 5044 3050 5098; x_wconf 90' lang='lat' dir='ltr'><strong>Salomon</strong></span> <span class='ocrx_word' id='word_1_820' title='bbox 3114 5044 3216 5097; x_wconf 86' lang='lat' dir='ltr'><strong>hoc</strong></span> <span class='ocrx_word' id='word_1_821' title='bbox 3257 5044 3395 5098; x_wconf 91' lang='lat' dir='ltr'><strong>loco.</strong></span> <span class='ocrx_word' id='word_1_822' title='bbox 3438 5063 3455 5094; x_wconf 80' lang='grc' dir='ltr'><strong>ι</strong></span> <span class='ocrx_word' id='word_1_823' title='bbox 3497 5042 3609 5097; x_wconf 80' lang='lat' dir='ltr'><strong>Re-</strong></span> 
     </span>
    </p>
   </div>
   <div class='ocr_carea' id='block_1_108' title="bbox 2007 5129 3608 5203">
    <p class='ocr_par' dir='ltr' id='par_1_108' title="bbox 2007 5129 3608 5203">
     <span class='ocr_line' id='line_1_108' title="bbox 2007 5129 3608 5203; baseline -0.002 -15"><span class='ocrx_word' id='word_1_824' title='bbox 2007 5136 2156 5203; x_wconf 88' lang='lat' dir='ltr'><strong>gina,</strong></span> <span class='ocrx_word' id='word_1_825' title='bbox 2187 5137 2434 5202; x_wconf 90' lang='lat' dir='ltr'><strong>iuquit,a</strong></span> <span class='ocrx_word' id='word_1_826' title='bbox 2488 5133 2644 5200; x_wconf 84' lang='lat' dir='ltr'><strong>longe</strong></span> <span class='ocrx_word' id='word_1_827' title='bbox 2707 5134 2873 5197; x_wconf 91' lang='lat' dir='ltr'><strong>venit,</strong></span> <span class='ocrx_word' id='word_1_828' title='bbox 2917 5134 3168 5202; x_wconf 80' lang='lat' dir='ltr'><strong>quamvis</strong></span> <span class='ocrx_word' id='word_1_829' title='bbox 3230 5141 3388 5187; x_wconf 82' lang='lat' dir='ltr'><strong>essct&#39;</strong></span> <span class='ocrx_word' id='word_1_830' title='bbox 3413 5129 3608 5185; x_wconf 89' lang='lat' dir='ltr'><strong>mulier</strong></span> 
     </span>
    </p>
   </div>
   <div class='ocr_carea' id='block_1_109' title="bbox 2011 5224 3606 5293">
    <p class='ocr_par' dir='ltr' id='par_1_109' title="bbox 2011 5224 3606 5293">
     <span class='ocr_line' id='line_1_109' title="bbox 2011 5224 3606 5293; baseline -0.004 -11"><span class='ocrx_word' id='word_1_831' title='bbox 2011 5230 2249 5287; x_wconf 83' lang='lat' dir='ltr'><strong>inlirma,</strong></span> <span class='ocrx_word' id='word_1_832' title='bbox 2276 5237 2333 5278; x_wconf 89' lang='lat' dir='ltr'><strong>ut</strong></span> <span class='ocrx_word' id='word_1_833' title='bbox 2355 5226 2420 5280; x_wconf 88' lang='lat' dir='ltr'><strong>de</strong></span> <span class='ocrx_word' id='word_1_834' title='bbox 2448 5226 2736 5281; x_wconf 86' lang='lat' dir='ltr'><strong>arboribus</strong></span> <span class='ocrx_word' id='word_1_835' title='bbox 2763 5233 2816 5280; x_wconf 84' lang='lat' dir='ltr'><strong>et</strong></span> <span class='ocrx_word' id='word_1_836' title='bbox 2851 5225 3008 5293; x_wconf 80' lang='lat' dir='ltr'><strong>lignis</strong></span> <span class='ocrx_word' id='word_1_837' title='bbox 3035 5236 3088 5279; x_wconf 88' lang='lat' dir='ltr'><strong>el</strong></span> <span class='ocrx_word' id='word_1_838' title='bbox 3115 5224 3455 5279; x_wconf 86' lang='lat' dir='ltr'><strong>naturalibus</strong></span> <span class='ocrx_word' id='word_1_839' title='bbox 3483 5224 3606 5291; x_wconf 83' lang='lat' dir='ltr'><strong>qui-</strong></span> 
     </span>
    </p>
   </div>
   <div class='ocr_carea' id='block_1_110' title="bbox 2010 5318 3608 5389">
    <p class='ocr_par' dir='ltr' id='par_1_110' title="bbox 2010 5318 3608 5389">
     <span class='ocr_line' id='line_1_110' title="bbox 2010 5318 3608 5389; baseline -0.003 -15"><span class='ocrx_word' id='word_1_840' title='bbox 2010 5322 2235 5375; x_wconf 84' lang='lat' dir='ltr'><strong>busdam</strong></span> <span class='ocrx_word' id='word_1_841' title='bbox 2265 5320 2518 5373; x_wconf 86' lang='lat' dir='ltr'><strong>audiret:</strong></span> <span class='ocrx_word' id='word_1_842' title='bbox 2550 5335 2642 5373; x_wconf 89' lang='lat' dir='ltr'><strong>vos</strong></span> <span class='ocrx_word' id='word_1_843' title='bbox 2686 5328 2864 5372; x_wconf 90' lang='lat' dir='ltr'><strong>autem</strong></span> <span class='ocrx_word' id='word_1_844' title='bbox 2891 5333 2998 5385; x_wconf 91' lang='lat' dir='ltr'><strong>me,</strong></span> <span class='ocrx_word' id='word_1_845' title='bbox 3020 5319 3130 5389; x_wconf 77' lang='lat'><strong>63</strong></span> <span class='ocrx_word' id='word_1_846' title='bbox 3156 5333 3276 5371; x_wconf 90' lang='lat' dir='ltr'><strong>cum</strong></span> <span class='ocrx_word' id='word_1_847' title='bbox 3295 5318 3360 5372; x_wconf 92' lang='lat' dir='ltr'><strong>ad</strong></span> <span class='ocrx_word' id='word_1_848' title='bbox 3386 5331 3479 5372; x_wconf 83' lang='lat' dir='ltr'><strong>vos</strong></span> <span class='ocrx_word' id='word_1_849' title='bbox 3511 5332 3608 5370; x_wconf 87' lang='lat' dir='ltr'><strong>ve-</strong></span> 
     </span>
    </p>
   </div>
   <div class='ocr_carea' id='block_1_111' title="bbox 2006 5411 3281 5479">
    <p class='ocr_par' dir='ltr' id='par_1_111' title="bbox 2006 5411 3281 5479">
     <span class='ocr_line' id='line_1_111' title="bbox 2006 5411 3281 5479; baseline -0.005 -11"><span class='ocrx_word' id='word_1_850' title='bbox 2006 5413 2180 5468; x_wconf 88' lang='lat' dir='ltr'><strong>nerim</strong></span> <span class='ocrx_word' id='word_1_851' title='bbox 2221 5421 2272 5467; x_wconf 91' lang='lat' dir='ltr'><strong>et</strong></span> <span class='ocrx_word' id='word_1_852' title='bbox 2296 5427 2494 5465; x_wconf 87' lang='lat' dir='ltr'><strong>arcana</strong></span> <span class='ocrx_word' id='word_1_853' title='bbox 2524 5412 2775 5475; x_wconf 84' lang='lat' dir='ltr'><strong>dixerim,</strong></span> <span class='ocrx_word' id='word_1_854' title='bbox 2810 5426 2913 5465; x_wconf 91' lang='lat' dir='ltr'><strong>non</strong></span> <span class='ocrx_word' id='word_1_855' title='bbox 2945 5411 3281 5479; x_wconf 70' lang='lat' dir='ltr'><strong>suscepistis.</strong></span> 
     </span>
    </p>
   </div>
   <div class='ocr_carea' id='block_1_112' title="bbox 2081 5499 3606 5570">
    <p class='ocr_par' dir='ltr' id='par_1_112' title="bbox 2081 5499 3606 5570">
     <span class='ocr_line' id='line_1_112' title="bbox 2081 5499 3606 5570; baseline -0.003 -11"><span class='ocrx_word' id='word_1_856' title='bbox 2081 5506 2245 5560; x_wconf 74' lang='lat' dir='ltr'><strong>Vens.</strong></span> <span class='ocrx_word' id='word_1_857' title='bbox 2293 5505 2484 5558; x_wconf 63' lang='lat'><strong>65-45.</strong></span> <span class='ocrx_word' id='word_1_858' title='bbox 2535 5523 2553 5556; x_wconf 80' lang='grc' dir='ltr'><strong>ι</strong></span> <span class='ocrx_word' id='word_1_859' title='bbox 2600 5504 2962 5558; x_wconf 86' lang='lat' dir='ltr'><strong>Cum-autem</strong></span> <span class='ocrx_word' id='word_1_860' title='bbox 3026 5501 3342 5556; x_wconf 88' lang='lat' dir='ltr'><strong>immundus</strong></span> <span class='ocrx_word' id='word_1_861' title='bbox 3381 5499 3606 5570; x_wconf 84' lang='lat' dir='ltr'><strong>spiritus</strong></span> 
     </span>
    </p>
   </div>
   <div class='ocr_carea' id='block_1_113' title="bbox 1299 5662 2625 5727">
    <p class='ocr_par' dir='ltr' id='par_1_113' title="bbox 1299 5662 2625 5727">
     <span class='ocr_line' id='line_1_113' title="bbox 1299 5662 2625 5727; baseline -0.002 0"><span class='ocrx_word' id='word_1_862' title='bbox 1299 5665 1393 5727; x_wconf 82' lang='lat' dir='ltr'><strong>Ex</strong></span> <span class='ocrx_word' id='word_1_863' title='bbox 1429 5663 1779 5726; x_wconf 84' lang='lat' dir='ltr'><strong>collatione</strong></span> <span class='ocrx_word' id='word_1_864' title='bbox 1815 5663 2005 5725; x_wconf 88' lang='lat' dir='ltr'><strong>codd.</strong></span> <span class='ocrx_word' id='word_1_865' title='bbox 2043 5663 2269 5725; x_wconf 74' lang='lat' dir='ltr'><strong>Venet.</strong></span> <span class='ocrx_word' id='word_1_866' title='bbox 2304 5664 2365 5724; x_wconf 91' lang='lat' dir='ltr'><strong>S.</strong></span> <span class='ocrx_word' id='word_1_867' title='bbox 2402 5662 2625 5724; x_wconf 82' lang='lat' dir='ltr'><strong>Marci.</strong></span> 
     </span>
    </p>
   </div>
   <div class='ocr_carea' id='block_1_114' title="bbox 302 5784 1889 5857">
    <p class='ocr_par' dir='ltr' id='par_1_114' title="bbox 302 5784 1889 5857">
     <span class='ocr_line' id='line_1_114' title="bbox 302 5784 1889 5857; baseline 0.006 -23"><span class='ocrx_word' id='word_1_868' title='bbox 302 5784 575 5857; x_wconf 69' lang='lat' dir='ltr'><strong>procedat.</strong></span> <span class='ocrx_word' id='word_1_869' title='bbox 616 5784 718 5837; x_wconf 82' lang='lat' dir='ltr'><strong>Sed</strong></span> <span class='ocrx_word' id='word_1_870' title='bbox 753 5787 798 5840; x_wconf 76' lang='lat' dir='ltr'><strong>si</strong></span> <span class='ocrx_word' id='word_1_871' title='bbox 831 5789 946 5856; x_wconf 73' lang='lat' dir='ltr'><strong>quis</strong></span> <span class='ocrx_word' id='word_1_872' title='bbox 990 5788 1153 5841; x_wconf 77' lang='lat' dir='ltr'><strong>bonus</strong></span> <span class='ocrx_word' id='word_1_873' title='bbox 1187 5788 1254 5840; x_wconf 78' lang='lat' dir='ltr'><strong>ad</strong></span> <span class='ocrx_word' id='word_1_874' title='bbox 1282 5790 1690 5857; x_wconf 70' lang='lat' dir='ltr'><strong>mtiiﬁcationem</strong></span> <span class='ocrx_word' id='word_1_875' title='bbox 1744 5790 1889 5857; x_wconf 73' lang='lat' dir='ltr'><strong>ﬁdei,</strong></span> 
     </span>
    </p>
   </div>
   <div class='ocr_carea' id='block_1_115' title="bbox 305 5856 1896 5932">
    <p class='ocr_par' dir='ltr' id='par_1_115' title="bbox 305 5856 1896 5932">
     <span class='ocr_line' id='line_1_115' title="bbox 305 5856 1896 5932; baseline 0.005 -26"><span class='ocrx_word' id='word_1_876' title='bbox 305 5863 366 5912; x_wconf 78' lang='grc' dir='ltr'><strong>ιιι</strong></span> <span class='ocrx_word' id='word_1_877' title='bbox 394 5856 476 5908; x_wconf 79' lang='lat' dir='ltr'><strong>det</strong></span> <span class='ocrx_word' id='word_1_878' title='bbox 526 5857 753 5923; x_wconf 83' lang='lat' dir='ltr'><strong>gratiam</strong></span> <span class='ocrx_word' id='word_1_879' title='bbox 789 5857 1146 5914; x_wconf 78' lang='lat' dir='ltr'><strong>audientibus.</strong></span> <span class='ocrx_word' id='word_1_880' title='bbox 1171 5859 1354 5916; x_wconf 80' lang='lat' dir='ltr'><strong>Nolite</strong></span> <span class='ocrx_word' id='word_1_881' title='bbox 1386 5856 1702 5916; x_wconf 70' lang='lat' dir='ltr'><strong>Contristurc</strong></span> <span class='ocrx_word' id='word_1_882' title='bbox 1723 5856 1896 5932; x_wconf 78' lang='lat' dir='ltr'><strong>Spiri-</strong></span> 
     </span>
    </p>
   </div>
   <div class='ocr_carea' id='block_1_116' title="bbox 2002 5786 3607 5860">
    <p class='ocr_par' dir='ltr' id='par_1_116' title="bbox 2002 5786 3607 5860">
     <span class='ocr_line' id='line_1_116' title="bbox 2002 5786 3607 5860; baseline 0.002 -18"><span class='ocrx_word' id='word_1_883' title='bbox 2002 5800 2111 5852; x_wconf 74' lang='lat' dir='ltr'><strong>lym</strong></span> <span class='ocrx_word' id='word_1_884' title='bbox 2166 5800 2407 5844; x_wconf 74' lang='lat' dir='ltr'><strong>sanctum</strong></span> <span class='ocrx_word' id='word_1_885' title='bbox 2447 5787 2578 5852; x_wconf 82' lang='lat' dir='ltr'><strong>Dei;</strong></span> <span class='ocrx_word' id='word_1_886' title='bbox 2634 5802 2743 5858; x_wconf 86' lang='lat' dir='ltr'><strong>quo</strong></span> <span class='ocrx_word' id='word_1_887' title='bbox 2777 5786 2907 5856; x_wconf 89' lang='lat' dir='ltr'><strong>quid</strong></span> <span class='ocrx_word' id='word_1_888' title='bbox 2968 5786 3166 5858; x_wconf 81' lang='lat' dir='ltr'><strong>pejus_</strong></span> <span class='ocrx_word' id='word_1_889' title='bbox 3201 5799 3325 5842; x_wconf 84' lang='lat' dir='ltr'><strong>csse</strong></span> <span class='ocrx_word' id='word_1_890' title='bbox 3382 5787 3607 5860; x_wconf 71' lang='lat' dir='ltr'><strong>potest?</strong></span> 
     </span>
    </p>
   </div>
   <div class='ocr_carea' id='block_1_117' title="bbox 2010 5859 2955 5925">
    <p class='ocr_par' dir='ltr' id='par_1_117' title="bbox 2010 5859 2955 5925">
     <span class='ocr_line' id='line_1_117' title="bbox 2010 5859 2955 5925; baseline -0.004 -10"><span class='ocrx_word' id='word_1_891' title='bbox 2010 5861 2200 5918; x_wconf 81' lang='lat' dir='ltr'><strong>Terret</strong></span> <span class='ocrx_word' id='word_1_892' title='bbox 2258 5876 2435 5914; x_wconf 83' lang='lat' dir='ltr'><strong>autem</strong></span> <span class='ocrx_word' id='word_1_893' title='bbox 2500 5859 2586 5916; x_wconf 90' lang='lat' dir='ltr'><strong>hic</strong></span> <span class='ocrx_word' id='word_1_894' title='bbox 2636 5875 2755 5925; x_wconf 90' lang='lat' dir='ltr'><strong>nos,</strong></span> <span class='ocrx_word' id='word_1_895' title='bbox 2801 5867 2955 5914; x_wconf 71' lang='lat' dir='ltr'><strong>ietc.</strong></span> 
     </span>
    </p>
   </div>
  </div>
