4288 6444
764 397 875 461 279

1618 396 2219 463 -ηεΠΙιΕοΡιιηΑσΠ
2247 395 2671 461 .BULGARIE
2720 397 3073 461 ARCHIEP.

3878 391 4016 477 om

764 518 899 574 opus
922 500 1059 573 eius,
1082 515 1256 573 neque
1285 502 1515 572 protlcit,
1547 502 2002 560 sollicitudinibus
2031 502 2325 574 prohiben-
2359 510 2394 565 Α

2438 508 2633 570 ποιεῖν,
2662 506 2781 560 ἀλλ’
2810 508 2960 577 ὅμως
2999 506 3098 559 οὐκ
3148 504 3421 575 αὑξάιειή
3450 503 3646 576 πρᾶξις
3680 500 3843 574 αὕτη,
3892 504 4013 558 οὐδ)

766 596 929 651 tibus:

838 683 999 739 Vsus.
1043 684 1095 749 7,
1132 685 1183 740 8.
1234 702 1257 735 ε
1296 684 1413 739 Alia
1466 699 1594 739 vero
1646 685 1959 741 ceciderunt
2016 687 2071 741 in
2133 698 2328 742 terram

762 776 980 839 bonam,
1010 784 1063 830 et
1112 776 1374 831 dederunt
1405 775 1665 841 fructum,
1695 776 1783 830 ille
1828 777 2041 845 quidem
2090 790 2327 844 centum,

762 864 901 920 alius
944 877 1120 921 autem
1174 866 1479 937 sexaginta,
1510 866 1651 929 alius
1696 880 1828 922 vero
1862 868 2102 938 triginta.
2141 887 2162 921 ι
2196 868 2331 925 Tres

760 967 943 1024 partes
971 958 1194 1012 seminis
1221 960 1521 1027 perierunt,
1546 967 1600 1011 et
1623 964 1816 1026 quarta
1845 959 1961 1014 sola
1989 972 2202 1016 serrata
2225 971 2327 1016 est.

768 1049 928 1104 Pauci
956 1050 1097 1104 enim
1130 1058 1255 1104 sunt
1286 1052 1373 1118 qui
1405 1049 1709 1103 salvantur.
1732 1047 1924 1104 Postea
1953 1065 2083 1104 vero
2115 1050 2245 1105 dicit
2266 1050 2333 1104 de

736 1132 912 1195 terra
945 1142 1111 1205 bona,
1139 1141 1262 1195 data
1311 1139 1466 1197 nobis
1514 1141 1849 1210 pamitentiaa
1899 1154 2014 1211 spe.
2049 1136 2145 1197 Est
2183 1141 2328 1196 enim

762 1231 1039 1299 possibile,
1068 1232 1231 1286 etiam
1266 1231 1309 1286 si
1343 1232 1465 1301 quis
1500 1242 1722 1299 petrosa
1758 1242 1899 1285 terra
1929 1232 2027 1295 sit,
2055 1241 2151 1285 aut
2175 1231 2329 1300 juxta

764 1322 933 1388 viam,
962 1322 1047 1379 vel
1089 1324 1326 1392 spinosa,
1358 1338 1483 1378 eum
1533 1323 1647 1378 ﬁeri
1703 1332 1898 1388 terram
1950 1325 2167 1379 bonam.
2211 1321 2328 1378 Non

762 1416 904 1468 enim
944 1414 1207 1483 aqualem
1254 1416 1485 1470 fructum
1532 1416 1715 1471 ferunt
1757 1430 1947 1471 omnes
1985 1416 2076 1485 qui
2105 1418 2329 1471 verbum

762 1503 1065 1571 suscipiunt
1093 1522 1106 1557 :
1138 1505 1233 1560 sed
1262 1504 1402 1559 alius
1433 1505 1649 1574 quidem
1681 1506 2013 1577 centuplum,
2038 1507 2175 1562 forte
2200 1522 2332 1577 pau-

763 1602 1025 1661 pertatem
1057 1595 1348 1665 perfectam
1380 1597 1585 1653 habens
1608 1609 1659 1653 et
1685 1613 1951 1654 summam
1982 1598 2330 1654 exercitatio-

766 1701 907 1741 nem.
941 1687 1093 1743 Alius
1126 1697 1305 1743 autem
1328 1691 1761 1760 sexagecuplum,
1790 1702 1850 1745 ut
1885 1691 2155 1746 emnobita
2191 1689 2332 1746 forte

762 1778 1076 1841 monachus.
1101 1780 1341 1834 etadhue
1367 1796 1618 1850 operans.
1636 1782 1791 1837 Alius
1803 1798 1931 1838 vero
1956 1784 2328 1853 trigecuplum,

762 1876 819 1922 ιιι
847 1874 937 1938 qui
971 1870 1228 1927 honestas
1261 1873 1477 1941 nuptias
1506 1875 1722 1945 delegit,
1754 1884 1808 1930 et
1838 1876 2092 1931 virtutem
2119 1892 2217 1945 pro
2252 1880 2327 1931 ri-

760 1960 842 2015 rili
865 1961 1219 2030 amplexatur.
1248 1964 1381 2020 Vide
1404 1974 1581 2021 autem
1610 1966 1703 2023 Dei
1728 1968 2040 2035 bonitatem,
2060 1972 2330 2039 quomodo

762 2072 950 2111 umnes
1000 2060 1246 2128 suscipit,
1271 2068 1326 2115 et
1378 2077 1568 2133 magna
1602 2072 1655 2117 et
1708 2066 2003 2120 mediocria
2053 2074 2107 2121 et
2163 2081 2328 2135 parva

761 2148 1017 2204 colentes.

833 2239 995 2296 Vens.
1024 2244 1078 2297 9.
1114 2262 1133 2294 ι
1175 2244 1273 2310 Qui
1323 2245 1481 2299 habet
1527 2259 1686 2302 aures
1742 2249 2036 2316 audiendi,
2065 2252 2267 2306 audiat.
2305 2272 2323 2303 ι

760 2330 1062 2387 Manifestat
1086 2334 1225 2401 quod
1249 2333 1361 2389 haec
1384 2335 1739 2403 spiritualiter
1765 2341 2107 2412 intelligenda
2130 2345 2241 2399 sint
2263 2345 2331 2401 ab

759 2424 844 2477 his
864 2425 952 2494 qui
979 2424 1286 2493 spirituales
1321 2441 1477 2480 aures
1507 2428 1700 2483 animat
1726 2429 1945 2484 habent.
1973 2432 2122 2487 Multi
2147 2444 2327 2489 autem

760 2530 919 2569 aures
967 2515 1189 2577 habent,
1235 2516 1330 2569 sed
1361 2532 1465 2570 non
1496 2516 1561 2569 ad
1608 2518 1983 2586 audiendum;
2049 2529 2329 2589 propterea

758 2608 939 2661 subdit
973 2624 985 2661 :
1023 2606 1123 2674 Qui
1160 2606 1322 2661 habet
1352 2612 1511 2661 aures
1556 2608 1835 2671 audiendi,
1865 2610 1953 2664 ille
1989 2602 2193 2664 audiat.

828 2696 1226 2763 Vens.10,l‘2.
1279 2717 1297 2749 ι
1346 2698 1412 2753 Ει
1466 2715 1588 2755 cum
1638 2703 2013 2757 accessissent.
2060 2705 2329 2776 discipuli,

757 2788 1011 2845 dixerunt
1053 2790 1166 2845 illi:
1225 2788 1403 2857 Quare
1454 2789 1508 2844 in
1563 2790 1834 2861 parabolis
1891 2792 2131 2863 loqueris
2187 2796 2333 2853 illis?

758 2879 879 2953 Ipse
906 2891 1086 2936 autem
1114 2881 1446 2951 respondens
1475 2878 1610 2935 dixit
1643 2882 1750 2937 illis
1778 2901 1791 2937 :
1822 2880 1989 2939 Vobis
2026 2887 2211 2942 datum
2246 2898 2329 2943 est

758 2979 903 3034 seire
932 2992 1128 3031 arcana
1160 2976 1310 3045 regni
1341 2974 1623 3041 caelorum,
1653 2976 1759 3031 illis
1791 2988 1971 3032 autem
2002 2994 2111 3035 non
2144 2981 2328 3037 datum

756 3081 861 3126 est.
890 3070 1128 3137 Quisque
1157 3069 1300 3123 enim
1327 3068 1511 3133 habet,
1562 3068 1784 3124 dabitur
1835 3070 1935 3135 illi,
1977 3080 2033 3125 et
2079 3072 2333 3129 reddetur

759 3162 1171 3217 abundantior:
1210 3162 1455 3231 quisquis
1504 3175 1683 3217 autem
1742 3179 1847 3218 non
1917 3164 2114 3229 habet,
2162 3168 2323 3222 etiam
2353 3195 2394 3248 ρ

759 3252 889 3309 illud
908 3254 1049 3320 quod
1075 3252 1259 3314 habet,
1283 3252 1499 3305 tolletur
1528 3253 1594 3305 ab
1626 3267 1709 3307 eo.
1743 3273 1761 3305 s
1798 3253 2054 3309 Videntes
2078 3256 2325 3325 discipuli

759 3359 1010 3413 magnam
1044 3342 1094 3395 in
1116 3342 1333 3411 hisqua:
1365 3359 1391 3396 a
1412 3338 1632 3398 Christo
1652 3343 1991 3409 dicebautur,
2024 3348 2330 3403 obscurita-

760 3449 869 3490 tem
898 3455 910 3489 :
942 3445 1000 3489 ιιι
1033 3449 1351 3488 communes
1385 3433 1745 3489 multitudinis
1790 3446 2171 3503 procuratores
2224 3453 2328 3491 ae-

758 3526 957 3579 cedunt
1006 3526 1423 3590 interrogantes.
1458 3524 1526 3577 At
1580 3524 1669 3579 ille
1725 3524 1898 3579 dicit:
1934 3524 2098 3581 Vobis
2144 3526 2327 3583 datum

759 3629 843 3671 est
875 3618 1013 3670 seire
1048 3617 1302 3681 mysteria
1331 3658 1344 3681 ,
1382 3616 1486 3671 hoc
1534 3626 1637 3680 est,
1666 3617 1791 3687 quia
1836 3618 2044 3673 habetis
2083 3619 2334 3674 alacrita-

758 3720 866 3764 tem
917 3720 969 3762 et
1002 3709 1260 3772 studium,
1296 3710 1477 3763 datum
1512 3720 1597 3764 est
1647 3712 1797 3766 vobis
1823 3728 1837 3767 :
1865 3711 1970 3766 illis
2016 3721 2195 3766 autem
2228 3729 2331 3766 non

760 3801 1142 3854 adhibentibus
1172 3801 1434 3864 studium,
1460 3817 1563 3854 non
1592 3810 1676 3855 est
1704 3802 1911 3855 datum.
1940 3801 2036 3857 ille
2064 3804 2209 3857 enim
2242 3820 2330 3858 ac—

760 3893 909 3962 cipit,
943 3892 1030 3961 qui
1064 3893 1277 3961 quaerit.
1328 3891 1563 3957 Quaerite
1593 3894 1763 3958 enim,
1797 3895 1991 3963 inquit,
2026 3904 2080 3949 et
2113 3894 2331 3949 dabitur

762 3990 933 4043 vobis.
965 3987 1097 4041 Vide
1130 3988 1256 4042 item
1285 3991 1554 4057 quomodo
1583 3992 1684 4044 hoc
1713 3990 1831 4045 loco
1858 3992 2169 4060 paraboiam
2198 3992 2334 4045 dixit

760 4078 933 4140 Jesus,
947 4088 1000 4132 et
1016 4078 1263 4147 discipuli
1278 4079 1373 4133 soli
1394 4080 1484 4149 qui
1504 4079 1774 4151 interroga
1785 4092 1971 4136 verant
1985 4091 2331 4150 acceperunt.

765 4170 915 4224 Unde
956 4170 1093 4222 bene
1130 4170 1385 4233 diximus,
1413 4171 1687 4226 adhibenti
1731 4172 1968 4226 studium
1998 4179 2182 4227 datum
2215 4189 2336 4229 esse

766 4264 991 4318 scientia
1025 4265 1479 4318 abundantiorem
1507 4262 1622 4316 fieri
1656 4282 1668 4317 :
1702 4264 1769 4318 ab
1793 4278 1857 4319 eo
1890 4273 2070 4319 autem
2102 4266 2193 4334 qui
2225 4280 2333 4319 non

765 4358 924 4411 habet
967 4358 1224 4420 studium,
1276 4372 1378 4411 nec
1436 4367 1675 4411 mentem
1736 4357 1969 4425 dignam,
2003 4366 2060 4410 ut
2102 4373 2201 4426 par
2228 4368 2332 4421 est,

764 4448 997 4513 adhibet,
1023 4450 1188 4504 etiam
1242 4449 1351 4504 tolli
1401 4451 1544 4518 quod
1581 4449 1780 4504 habere
1812 4450 2066 4503 videtur:
2096 4450 2197 4505 hoc
2231 4459 2335 4516 est,

2438 596 2759 665 προκόπτει,
2796 595 3113 665 κωλυομίνη
3142 594 3245 647 ὑπὸ
3272 594 3381 647 τῶν
3410 588 3715 664 μεριμνῶνέ

2508 708 2535 740 ε·
2572 688 2741 741 Ἀλλα
2784 688 2841 740 δὶ
2888 688 3085 741 ἔπεσεν
3123 685 3215 738 ἐπὶ
3265 685 3363 755 τήν
3408 684 3513 754 γῆν
3541 685 3643 755 τήν
3671 685 3841 754 καλήν
3865 700 3880 714 ο
3918 686 4012 736 καὶ

2430 784 2603 837 ἐδίδου
2654 781 2935 848 καρπὸν,δ
2966 780 3065 850 μὲν
3125 777 3394 841 inﬁma
3443 778 3500 830 δὲ
3548 776 3831 845 ἑξήκοντα,
3865 776 3893 828 ὃ
3956 776 4013 828 δὲ

2431 872 2753 942 τριάκοντα.
2790 889 2808 921 ι
2846 870 2927 925 Τά
2962 870 3089 937 τρία
3126 868 3270 937 μέρη
3312 864 3407 919 τοῦ
3458 864 3659 934 σπόρου
3711 864 4013 926 ἀπώλοντο,

2434 965 2529 1017 καὶ
2560 964 2621 1015 τδ
2663 962 2925 1029 τέταρτον
2972 959 3150 1026 ἐσώθη
3206 957 3399 1027 μόνον⁸
3435 956 3614 1023 ὀλίγοι
3656 956 3765 1025 γάρ
3793 956 3933 1007 εἰσιν
3965 954 4017 1007 οι

2433 1051 2733 1119 σωζόμενοι
2753 1066 2767 1079 υ
2798 1049 3026 1119 ὕστερον
3059 1047 3117 1101 δὲ
3141 1047 3286 1113 λέγει
3322 1048 3450 1116 περὶ
3483 1049 3581 1116 τῆς
3607 1046 3708 1115 γῆς
3748 1045 3851 1114 τῆς
3881 1047 4019 1104 ἀγα-

2431 1140 2550 1213 θῆς,
2576 1141 2750 1205 διδοὺς
2784 1144 2914 1212 ήμῖν
2938 1139 3225 1211 μετανοίας
3257 1137 3449 1192 ἐλπίδα
3472 1154 3485 1168 ο
3517 1136 3631 1189 ἔστι
3655 1137 3765 1207 γὰρ
3792 1135 4017 1189 δυνατὸν

2432 1234 2537 1288 κᾶν
2584 1232 2871 1303 πετρώδης
2919 1234 3005 1301 εῐη
3063 1249 3183 1295 τις,
3234 1229 3338 1283 κᾶν
3386 1231 3539 1300 παρά
3575 1230 3676 1297 τὴν
3726 1228 3866 1292 ὁδὸν,
3914 1226 4015 1280 κᾶν

2431 1324 2845 1396 ἀκανθοφορῶν,
2891 1324 2995 1393 γῆν
3022 1323 3233 1394 ἀγαθήν
3271 1321 3527 1391 γενέσθαι
3560 1320 3745 1381 αὐτόν.
3795 1321 3871 1374 οὐ
3910 1320 4017 1390 μὴν

2432 1418 2627 1487 ἐπίσης
2662 1415 3076 1485 καρποφοροῦσι
3110 1416 3315 1477 πάντες
3332 1414 3384 1467 oi
3399 1414 3686 1485 δεξάμενοι
3720 1414 3813 1467 τδν
3832 1414 4011 1481 λόγον·

2430 1508 2546 1562 ἀλλ’
2576 1508 2605 1560 ὀ
2648 1508 2745 1575 μὲν
2781 1490 2785 1493 λ
2818 1506 3035 1569 ἑκατὸν,
3092 1507 3255 1577 τυχὸν
3287 1509 3315 1560 ό
3348 1505 3745 1578 ἀκτημοσύνην
3798 1504 4017 1559 τελείαν

2432 1601 2572 1671 ἔχων
2620 1603 2715 1653 καὶ
2758 1600 2936 1669 ἄκραν
3002 1598 3273 1667 ἄσκησιν·
3306 1600 3335 1650 ὁ
3375 1597 3433 1650 δὲ
3471 1596 3756 1667 ἑξήκοντα,
3792 1598 3820 1649 ὀ
3846 1613 4019 1649 κοινοο

2432 1693 2621 1756 σιακδς
2644 1693 2805 1763 τυχὸν
2839 1690 3067 1761 μοναχδς
3124 1690 3213 1744 καὶ
3249 1691 3329 1743 ἔτι
3364 1690 3668 1760 πρακτικός
3686 1704 3700 1717 ⁸
3729 1692 3758 1742 ό
3779 1688 3834 1742 δι
3863 1688 4020 1759 τριάο

2435 1802 2620 1848 κοντα,
2658 1786 2685 1837 ὁ
2708 1783 2886 1851 γάμον
2911 1781 3108 1851 σεμνὸν
3148 1778 3422 1849 ἑλόμενος,
3464 1781 3559 1834 καὶ
3586 1780 3684 1842 τὰς
3713 1779 3913 1849 ἀρετὰς
3942 1778 4018 1842 ὡς

2437 1878 2669 1947 ἐγχωρεῖ
2734 1872 3033 1936 σπουδαίως
3090 1872 3512 1942 μετερχόμενος.
3580 1873 3722 1941 Ὅρα
3767 1870 3825 1925 δὶ
3881 1869 4017 1924 Θεοῦ

2437 1969 2799 2041 χρηστότητα,
2854 1966 2986 2028 πῶς.
3027 1964 3233 2027 πάντας
3287 1964 3381 2018 καὶ
3424 1962 3552 2026 τοὺς
3580 1963 3648 2016 τά
3681 1961 3893 2032 μεγάλα
3924 1961 4019 2015 καὶ

2434 2066 2562 2125 τοὺς
2592 2061 2660 2115 τὰ
2712 2061 2851 2131 μέσα
2901 2059 2996 2113 καὶ
3038 2058 3164 2121 τοὺς
3210 2054 3279 2109 τά
3312 2055 3487 2125 μικρά
3535 2053 3897 2125 ἐνεργοῦντας
3935 2052 4015 2100 δέ-

2435 2172 2610 2227 χεται.

2514 2264 2532 2296 ι
2587 2243 2649 2298 ’0
2693 2243 2834 2314 ἔχων
2883 2236 2998 2294 ὦτα
3040 2238 3284 2304 ἀκούειν,
3337 2236 3604 2289 ἀκουέτω.
3645 2252 3663 2285 ι
3707 2232 3888 2302 Δηλοί,
3930 2230 4017 2284 ἄιε

2434 2335 2825 2410 πνευματικῶς
2859 2334 2937 2389 δεῖ
2967 2334 3226 2405 νοηθῆναι
3257 2331 3431 2384 ταῦτα
3458 2328 3609 2399 παρὰ
3632 2326 3741 2379 τῶν
3764 2326 3830 2378 τὰ
3854 2340 4017 2378 πνευ-

2440 2431 2647 2503 ματικά
2680 2429 2817 2484 ὠτία
2847 2422 3227 2499 κεκτημένων.
3268 2422 3460 2477 Πολλοὶ
3492 2421 3548 2474 δὲ
3580 2413 3695 2472 ὦτα
3725 2420 3822 2488 μὲν
3856 2418 4017 2487 εχου-

2437 2542 2547 2591 σιν,
2590 2524 2707 2579 ἀλλ’
2742 2524 2842 2577 οὐκ
2884 2523 2968 2585 είς
2999 2520 3059 2573 τὸ
3105 2517 3363 2571 ἀκούειν·
3394 2515 3481 2569 διά
3513 2513 3673 2568 τοῦτο
3711 2507 3803 2565 οὖν
3848 2527 4017 2581 προσ·
4092 2530 4095 2531 ν

2435 2617 2600 2687 ἔθηκε
2619 2617 2704 2681 τὸ,
2731 2615 2789 2668 '0
2810 2614 2948 2683 ἔχων
2961 2606 3072 2665 ὦτα
3089 2612 3166 2675 είς
3182 2609 3243 2663 τὸ
3260 2610 3500 2672 ἀκούειν,
3522 2606 3726 2667 lascivo;
3746 2603 4011 2658 ἀκουέτω.

2516 2728 2533 2760 ι
2571 2708 2681 2762 Καὶ
2738 2704 3127 2774 προσελθόντες
3172 2703 3223 2754 οἱ
3280 2699 3551 2771 μαθηταὶ,
3626 2692 3778 2749 εἷπον
3829 2692 4014 2765 αὐτῷ’

2436 2802 2593 2855 Διατί
2621 2800 2678 2851 ἰν
2710 2795 3049 2868 παραϐολαῖς
3101 2791 3285 2855 λαλεῖς
3314 2792 3535 2856 αὐτοῖςς
3579 2788 3637 2842 '0
3665 2786 3745 2852 δὲ,
3780 2788 4017 2855 ἀποκριο

2434 2894 2546 2956 θεὶς
2563 2887 2717 2945 εἶπεν
2745 2890 2947 2952 αὐτοῖς.
2966 2887 3049 2939 ὅτι
3086 2882 3248 2954 Ὑμῖν
3269 2882 3475 2937 δέδοται
3497 2880 3699 2950 γνῶναι
3718 2878 3785 2931 τὰ
3808 2878 4017 2947 μυστή-

2437 3004 2525 3054 ρια
2579 2985 2677 3053 τῆς
2737 2980 3015 3052 βασιλείας
3074 2976 3185 3030 τῶν
3245 2973 3525 3045 οὐρανῶν,
3581 2972 3811 3033 ἐκείνοις
3849 2968 3907 3023 δι
3951 2968 4016 3021 οὐ

2435 3079 2668 3131 δέδοται.
2709 3074 2897 3136 Ὅστις
2935 3073 3042 3140 γὰρ
3079 3070 3231 3140 εχει,
3282 3067 3570 3137 δοθήσεται
3604 3062 3756 3133 αὐτῷ
3786 3064 3883 3116 καὶ
3914 3078 4015 3113 πε-

2439 3168 2855 3243 ρισσευθήσεται
2876 3180 2889 3194 ·
2919 3165 3067 3227 ὅστις
3093 3162 3147 3215 δὲ
3176 3161 3278 3214 οὐκ
3312 3159 3447 3229 ἔχει,
3501 3156 3596 3211 καὶ
3624 3157 3652 3209 ὃ
3680 3156 3794 3226 ἔχει
3839 3153 4016 3225 ἀρθή-

2440 3281 2590 3317 σεται
2618 3260 2713 3315 ἀπ’
2757 3257 2947 3312 αὑτοῦ.
2974 3277 3005 3310 »ι
3063 3254 3329 3326 ὀρῶντες
3376 3253 3423 3304 oi
3463 3249 3704 3321 μαθηταὶ
3746 3248 4018 3318 ἀσάφειαν

2438 3351 2638 3419 πολλὴν
2687 3350 2744 3400 ἰν
2786 3349 2897 3407 τοῖς
2957 3345 3061 3397 ὑπὸ
3118 3341 3209 3395 τοῦ
3250 3338 3489 3413 Χριστοῦ
3545 3336 3895 3405 λεγομένοις,
3939 3335 4016 3397 ὼς

2436 3445 2605 3497 κοινοὶ
2627 3439 2923 3511 κηδεμόνες
2946 3436 3038 3488 τοῦ
3068 3433 3307 3505 πλήθους
3340 3431 3735 3503 προσέρχονται
3766 3427 4020 3497 ἱρωτῶν-

2435 3554 2544 3599 τες*
2583 3536 2639 3587 '0
2667 3533 2723 3585 δέ
2755 3546 2946 3600 φησιν·
2985 3528 3145 3599 Ὑμῖν
3170 3524 3376 3578 δέδοται
3399 3524 3600 3592 γνῶναι
3627 3522 3690 3575 τὰ
3714 3521 4018 3591 μυστήρια,

2437 3628 2737 3687 τουτέστιν,
2772 3621 2960 3689 ἐπειδὴ
2989 3619 3141 3688 ἔχετε
3162 3616 3475 3688 προθυμίαν
3506 3615 3598 3668 καὶ
3634 3613 3895 3683 σπουδῆν,
3927 3613 4017 3665 δέ·

2434 3721 2585 3771 δοται
2634 3714 2799 3783 ὑμῖν⁸
2854 3711 3084 3767 ὲκεῖνοις
3123 3706 3207 3772 δὲ,
3262 3706 3337 3775 μὴ
3389 3704 3574 3774 ἔχουσι
3636 3704 3892 3772 σπουδὴν,
3954 3703 4017 3756 οὐ

2434 3810 2661 3863 δέδοται.
2710 3803 2950 3865 Ἐκεῖνος
2994 3801 3105 3869 γάρ
3156 3797 3444 3864 λαμσάνει,
3481 3798 3507 3849 ὁ
3538 3795 3737 3866 ζητῶν,
3792 3796 4016 3865 Ζητεῖτε

2435 3901 2565 3969 γὰρ,
2599 3896 2751 3967 φησὶ,
2806 3894 2897 3947 καὶ
2928 3891 3214 3962 δοθήσεται
3245 3889 3393 3959 ὑμῖν.
3440 3887 3545 3941 Ἰδε
3583 3886 3714 3954 γοῦν
3757 3886 3876 3950 πῶς
3928 3888 4017 3939 tv-

2436 3990 2611 4045 ταῦοα
2640 3984 2758 4040 εἶπε
2798 3985 2896 4055 μὲν
2923 3984 2951 4033 ὁ
2979 3982 3183 4052 Κύριος
3212 3979 3311 4051 τὴν
3346 3978 3684 4050 παραϐολὴν,
3713 3980 3865 4048 μόνοι
3890 3979 3944 4032 δὲ
3966 3980 4017 4031 oi

2442 4081 2682 4151 μαθηταὶ
2715 4078 3048 4148 ζητήσαντες
3090 4074 3299 4126 ἔλαϐον.
3355 4073 3519 4124 Ὥστε
3558 4072 3738 4133 καλῶς
3767 4073 4019 4140 εῖπομεν,

2437 4176 2519 4226 ὃτι
2566 4172 2645 4240 τῷ
2685 4170 2862 4238 ἔχοντι
2920 4165 3187 4238 σπουδὴν,
3239 4164 3435 4234 ἐκείνῳ
3480 4163 3683 4215 δίδοται
3724 4167 3757 4232 ή
3792 4163 4017 4231 γνῶσις,

2441 4268 2533 4318 καὶ
2588 4262 2989 4333 περισσεύεται.
3039 4259 3129 4330 Τῷ
3170 4257 3228 4311 δὲ
3280 4257 3354 4328 μὴ
3410 4256 3589 4325 ἔχοντι
3637 4257 3875 4325 σπουδὴν
3924 4257 4018 4308 καὶ

2438 4358 2664 4427 γνώμην
2690 4353 2865 4419 ἀξίαν,
2892 4354 2985 4405 καὶ
3001 4353 3029 4405 δ
3049 4352 3195 4405 δοκεῖ
3224 4352 3370 4420 ἔχειν
3388 4348 3687 4419 ἀρθήσεται
3709 4348 3804 4401 ἀπ’
3824 4348 4015 4401 αὺτοῦ-

2444 4446 2710 4511 τουτέστι,
2734 4444 2839 4497 κᾶν
2873 4444 3071 4513 μικρόν
3091 4459 3212 4495 τινα
3242 4440 3515 4509 σπινθῆρα
3546 4441 3644 4511 ἔχῃ
3667 4439 3759 4492 τοῦ
3783 4440 4013 4507 ἀγαθοῦ,

763 4541 921 4593 etiam
957 4541 999 4593 si
1035 4554 1252 4608 parram
1289 4539 1575 4608 quamdam
1611 4540 1734 4595 boui
1766 4540 2059 4594 scintillam
2102 4542 2329 4608 habeat,
2366 4538 2394 4592 Ι]

2444 4540 2691 4593 σϐέννυσι
2742 4540 2836 4591 καὶ
2882 4536 3100 4599 τοῦτον,
3154 4534 3229 4605 μὴ
3271 4533 3526 4601 ἐκτυσῶν
3576 4534 3740 4588 αὐτὸν
3782 4534 3872 4589 διά
3918 4534 4014 4587 τοῦ

764 4644 814 4683 ιιι
846 4647 963 4685 eam
996 4648 1098 4685 non
1120 4635 1317 4686 excitet
1344 4643 1399 4686 et
1427 4633 1683 4687 accendat
1716 4647 1812 4702 per
1829 4632 2074 4702 spiritum
2094 4645 2147 4687 et
2173 4634 2335 4703 spiri-

764 4724 927 4778 tualia
960 4739 1120 4793 Opera
1156 4726 1449 4794 exstingui.

832 4814 996 4868 \‘zns.
1030 4812 1116 4869 Π).
1150 4834 1167 4866 ι
1204 4814 1494 4886 Propterea
1525 4830 1622 4885 per
1650 4818 1935 4887 parabolas
1966 4820 2159 4890 loquor
2190 4819 2295 4875 illis
2320 4862 2335 4888 ,

765 4908 887 4974 quia
906 4907 1152 4961 videntes
1184 4922 1288 4960 non
1321 4907 1524 4972 vident,
1554 4916 1609 4962 et
1638 4910 1922 4965 audientes
1954 4926 2058 4965 non
2086 4913 2335 4978 audiunt,

766 5014 938 5069 neque
970 5000 1289 5070 intelligunt.
1325 5026 1342 5051 s
1379 5002 1627 5056 Attende.
1663 5001 1759 5057 llic
1789 5005 1933 5057 enim
1966 5004 2125 5058 solvit
2155 5020 2335 5074 quaes-

766 5094 964 5147 tionem
996 5093 1295 5148 dicentium
1329 5096 1469 5162 quod
1502 5112 1527 5147 a
1560 5105 1751 5149 natura
1785 5106 1837 5149 et
1864 5115 1890 5149 a
1922 5098 2029 5150 Deo
2057 5099 2179 5151 mali
2213 5109 2338 5152 sunt

765 5187 999 5252 quidam.
1020 5185 1342 5250 Dixitenim,
1370 5187 1639 5257 inquiunt,
1665 5189 1941 5244 Christus:
1976 5190 2137 5245 Vobis
2154 5192 2335 5246 datmu

765 5286 848 5330 cst
867 5293 1022 5331 nosse
1045 5294 1265 5343 arcana,
1296 5278 1495 5336 Iudaeis
1518 5292 1697 5333 autem
1732 5297 1835 5333 non
1860 5292 1941 5335 est
1963 5284 2166 5337 datum.
2201 5281 2338 5338 Dici—

768 5383 886 5422 tuus
945 5381 1074 5436 ergo
1114 5371 1177 5423 ad
1235 5370 1357 5425 illos
1412 5386 1534 5424 cum
1589 5371 1719 5436 Deo,
1752 5372 2011 5437 dicentes,
2052 5373 2165 5444 66
2196 5374 2337 5441 quod

769 5460 908 5515 Deus
936 5473 1129 5515 omnes
1160 5462 1321 5517 iaciat
1346 5463 1651 5535 intelligere
1684 5470 1876 5516 natura
1907 5475 2169 5533 quantum
2205 5478 2340 5533 opus

768 5561 869 5606 est.
900 5552 1127 5609 Omnem
1164 5555 1304 5607 enint
1344 5555 1613 5611 hominem
1652 5556 1918 5610 illuminat
1954 5558 2255 5612 venientem
2287 5558 2338 5612 in

758 5642 910 5698 hunc
944 5648 1196 5699 mundum
1220 5645 1583 5703 "’J'oluntas
1605 5657 1787 5705 autem
1812 5658 1993 5704 nostra
2019 5651 2341 5706 ohtcnebrat

842 5830 913 5863 ν’
945 5832 1095 5885 Juutt.
1129 5852 1161 5898 ι,
1201 5836 1251 5888 ἴ).

2442 4634 2753 4700 πνεύματος
2800 4632 2893 4683 καὶ
2955 4631 3063 4683 τῶν
3111 4630 3499 4699 πνευματικῶν
3539 4632 3738 4702 ἔργων,
3780 4630 3873 4682 καὶ
3917 4630 4017 4685 ἁν-

2441 4728 2649 4781 ἀπτων.

2516 4844 2534 4875 ε
2580 4820 2678 4873 Διά
2704 4818 2860 4872 τοῦτο
2888 4819 2946 4869 ἑν
2978 4816 3315 4887 παραϐολαῖς
3346 4816 3531 4881 αὐτοῖς
3584 4812 3754 4882 λαλῶ,
3776 4814 3861 4869 ὅτι
3891 4813 4018 4884 βλίο

2443 4932 2632 4978 mare;
2667 4914 2728 4967 οὐ
2758 4913 3035 4983 βλέπουσι,
3087 4911 3179 4963 καὶ
3208 4909 3501 4970 ἀκούοντες
3550 4908 3651 4962 οὐκ
3704 4907 4020 4969 ἀκούουσιν,

2439 5007 2558 5059 οὐδὲ
2611 5002 2901 5057 συνιοῦσιν.
2946 5002 3206 5070 Πρόσεχε.
3274 4997 3554 5051 Ἐντεῦθεν
3583 4996 3692 5064 γὰρ
3736 4995 3924 5047 λύεται
3963 4997 4024 5046 t‘a

2440 5098 2658 5167 ζήτημα
2713 5096 2819 5146 τῶν
2862 5093 3130 5160 λεγόντων
3157 5093 3239 5143 ὅτι
3272 5092 3335 5141 ἐκ
3370 5088 3581 5153 εξύσεως
3609 5086 3705 5140 καὶ
3740 5087 3847 5138 ἀπ’)
3881 5086 4019 5136 Θεοῦ

2439 5189 2582 5252 τινές
2619 5191 2722 5241 εἰσι
2752 5188 2931 5240 κακοί.
2970 5182 3103 5238 Eine
3131 5190 3261 5256 739,
3291 5185 3442 5253 φασὶ,
3475 5185 3611 5237 καὶό
3645 5182 3902 5251 Χριστὸς,
3938 5182 4023 5234 ὅτι

2452 5281 2611 5351 Ὑμῖν
2645 5282 2851 5334 δέδοται
2890 5279 3092 5349 γνῶναι
3127 5279 3192 5331 τὰ
3232 5280 3531 5349 μυστήρια,
3572 5275 3841 5337 Ἰουδαίοις
3872 5275 3928 5327 δὲ
3959 5275 4021 5327 οὐ

2442 5375 2670 5429 δέδοται.
2714 5376 2959 5443 Λέγομεν
2994 5368 3085 5426 οὖν
3118 5374 3255 5441 πρὸς
3302 5371 3429 5432 τοὺς
3476 5367 3702 5422 τοιαῦτα
3736 5367 4022 5436 λέγοντας,

2444 5468 2541 5520 σὺν
2572 5467 2713 5536 Θεῷ,
2748 5468 2830 5519 ὃτι
2866 5468 2893 5519 ὁ
2920 5466 3020 5535 μὲν
3050 5466 3186 5529 Θεὸς
3216 5464 3426 5525 πάντας
3458 5462 3603 5513 ποιεῖ
3643 5462 3787 5514 νοεῖν
3818 5459 3878 5511 τὸ
3903 5460 4026 5513 δίον

2443 5559 2709 5627 ᾳυσικῶς.
2764 5559 2947 5613 Πάντα
2982 5558 3087 5627 γὰρ
3131 5557 3419 5627 ἄνθρωπον
3455 5553 3678 5623 φωτίζει
3724 5552 4025 5624 ἐρχόμενον

2444 5657 2519 5715 είς
2572 5654 2662 5707 τὸν
2704 5654 2924 5725 κόσμον·
2983 5655 3013 5704 ὗ
3080 5652 3137 5705 δὲ
3180 5649 3497 5722 προαίρεσις
3564 5643 3721 5715 ἡμῶν
3781 5644 4027 5709 σκοτίςει
