4288 6444
318 365 424 439 18!

925 371 1379 438 ENARRATIO
1409 370 1491 437 ΙΝ
1533 373 2036 440 EVANGELIUM
2077 374 2468 440 MATER/EI.
2495 398 2558 412 -·
2590 376 2754 443 CAP.
2784 376 2958 440 XIII.

318 485 494 558 ἡμας.
537 483 708 541 τοῦτο
738 480 834 540 οῦν
881 486 975 541 καὶ
1005 484 1241 546 ινταῦθα
1292 485 1568 559 δηλοῦται.
1600 487 1741 558 Φησὶ
1768 488 1900 559 γὰρ,
1934 493 1978 552 Α
2009 537 2011 543 ι

1934 493 2135 552 Anus.
2201 488 2314 546 tloc
2369 489 2538 562 igitur
2603 497 2659 546 et
2707 490 2762 544 in
2813 489 2923 544 isto
2988 485 3111 544 loco
3188 486 3594 545 manifestatur.

317 574 407 629 δτι
436 573 736 637 Βλέποντες
786 574 1054 644 φυσικῶς,
1110 575 1414 640 τουτέστιν,
1460 577 1566 630 ὑπὸ
1615 575 1710 632 τοῦ
1763 576 1903 631 Θεοῦ

320 663 826 736 δημιουργηθέντες
871 667 1012 721 νοεῖν
1032 708 1046 732 ,
1079 667 1142 720 οὺ
1171 666 1430 738 βλέπουσι
1479 670 1904 739 προαιρετικῶς⁶

323 758 421 812 καὶ
467 759 802 826 ἀκούοντες,
851 745 1136 825 τουτέστι,
1200 760 1447 829 φυσικῶς
1481 759 1586 813 ύπὺ
1624 760 1719 814 τοῦ
1767 759 1907 824 Θεοῦ

319 849 861 924 δημιουργηθέντες,
911 849 1052 905 ὥστε
1095 851 1318 906 ἀκούειν
1368 852 1464 906 καὶ
1510 852 1773 918 συνιέναι,
1806 854 1908 906 οὐκ

321 942 643 1008 ἀκούουσιν,
693 943 816 997 οὐδὲ
874 944 1121 997 συνιᾶσιν
1159 943 1271 998 ἀπὸ
1316 943 1714 1016 προαιρέσεως.
1773 943 1907 997 Εἰπέ

321 1032 435 1101 γάρ
472 1050 593 1102 μοι,
651 1034 754 1088 οὐκ
806 1033 1037 1090 ἔϐλεπον
1077 1036 1146 1090 τά
1191 1034 1445 1104 θαύματα
1482 1033 1579 1088 τοῦ
1625 1033 1903 1106 Χριστοῦ;

323 1123 454 1188 Ναὶ,
483 1125 600 1179 ἀλλ’
629 1127 850 1182 ἐποίουν
877 1127 1108 1191 ἑαυτοὺς
1140 1125 1397 1197 τυφλοὺς,
1436 1126 1529 1181 καὶ
1563 1125 1906 1196 κατηγόρουν

320 1215 514 1270 αὑτοῦ.
544 1217 721 1272 Τοῦτο
751 1220 883 1288 γοῦν
932 1222 1052 1274 εστι
1078 1221 1162 1286 τὸ,
1217 1219 1509 1290 βλίττοντες
1531 1221 1594 1274 οὐ
1622 1219 1903 1290 βλέπουσι.

321 1309 572 1380 Παράγει
601 1313 784 1368 τοίνυν
812 1315 906 1368 καὶ
934 1312 1028 1368 τὸν
1055 1314 1345 1384 προφήτην
1371 1314 1654 1383 μάρτυρα.

399 1421 421 1453 ε
456 1403 565 1456 Καὶ
594 1403 1005 1476 ἀναπληροῦται
1037 1406 1280 1476 αὐτοῖςὴ
1309 1407 1621 1476 προφητεία
1656 1405 1903 1468 Ἡσαΐου,

322 1491 356 1559 ἠ
393 1491 660 1560 λέγουσα·
688 1493 851 1564 ’Ἀκοῇ
882 1495 1166 1562 ἀκούσετε,
1207 1495 1301 1548 καὶ
1334 1493 1394 1548 ού
1429 1494 1504 1565 μὴ
1542 1494 1759 1564 συνῆτε,
1812 1495 1906 1546 καὶ

323 1583 612 1654 βλέποντες
632 1587 880 1657 βλέψετε,
910 1590 1008 1642 καὶ
1037 1590 1099 1642 ού
1129 1588 1205 1659 μὴ
1235 1588 1406 1658 ῖδητε.
1451 1587 1761 1658 Ἐπαχύνθη
1796 1588 1906 1657 γὰρ

320 1678 355 1744 ἠ
389 1677 586 1748 καρδία
620 1677 715 1733 τοῦ
763 1680 895 1734 λαοῦ
950 1679 1168 1746 τούτου,
1205 1681 1303 1735 καὶ
1357 1682 1473 1745 τοῖς
1528 1680 1633 1734 ὠσὶ
1692 1680 1906 1752 βαρέως

319 1769 584 1837 ἥκουσαν,
641 1774 732 1825 καὶ
775 1773 900 1834 τοὺς
950 1772 1264 1843 ὀφθαλμοὺς
1323 1774 1502 1828 αὐτῶν
1551 1773 1901 1843 ὲκάμμυσαν,

323 1866 535 1931 μήποτε
569 1863 721 1916 rem;
754 1867 869 1926 τοῖς
911 1864 1232 1935 ὀφθαλμοῖς,
1273 1869 1366 1919 καὶ
1415 1867 1530 1926 τοῖς
1572 1867 1709 1921 ὠσὶν
1739 1867 1905 1922 ἀκού-
1938 1853 1978 1907 Β

318 1970 478 2018 σωσι,
511 1956 605 2010 καὶ
632 1959 697 2028 τῇ
729 1956 925 2030 καρδίᾳ
957 1959 1182 2028 συνῶσι,
1219 1961 1313 2014 καὶ
1359 1960 1764 2031 ἐπιστρέψωσι,
1808 1961 1904 2014 καὶ

321 2046 562 2119 ίάσωμαι
621 2050 841 2114 αὐτούς.
884 2069 903 2102 ι
959 2051 1121 2122 Ὁρᾷς
1175 2052 1227 2105 τί
1258 2069 1442 2126 ,φησιν
1491 2056 1525 2124 ἡ
1564 2053 1900 2124 προφητείας

317 2136 468 2204 Ὅτι,
501 2140 562 2192 οὐ
587 2139 673 2194 διὰ
713 2140 871 2194 τοῦτο
899 2142 960 2196 οὐ
992 2141 1068 2211 μὴ
1094 2142 1311 2213 συνῆτε,
1337 2144 1418 2198 ὅτι
1449 2147 1683 2214 παχεῖαν
1713 2143 1904 2198 εκτισα

315 2232 421 2300 τὴν
453 2234 685 2303 καρδίαν
715 2235 892 2305 ὑμῶν,
928 2236 1043 2289 ἀλλ’
1072 2238 1154 2291 ὅτι
1182 2238 1487 2309 ἐπαχύνθη.
1519 2239 1693 2309 λεπτὴ
1717 2238 1903 2309 δηλον-

313 2321 413 2376 ότι
449 2325 714 2396 πρότερον
766 2321 942 2382 οῦσαο
991 2329 1052 2382 τὸ
1094 2328 1208 2398 γὰρ
1249 2329 1672 2401 παχυνόμενον..
1701 2330 1900 2384 λεπτὸν

314 2415 587 2488 πρότερον
615 2413 706 2490 ἦν.
765 2421 1138 2494 Παχυνθείσης
1191 2422 1249 2477 δὲ
1299 2423 1526 2493 ταύτης,
1579 2421 1724 2477 οὕτω
1774 2425 1900 2487 τοὺς

311 2508 626 2581 ὀφθαλμοὺς
648 2512 830 2567 αὐτῶν
858 2515 1210 2586 ἐκάμμυσαν.
1245 2515 1358 2569 Ούκ
1385 2512 1508 2569 εἷπε
1530 2514 1586 2568 δὲ
1608 2515 1689 2569 ὅτι
1726 2516 1900 2585 ἐκάμ-

313 2620 490 2673 μυσεν
523 2607 550 2658 ό
582 2605 715 2669 Θεδς
744 2608 873 2672 τοὺς
901 2609 1218 2680 ὀφθαλμοὺς
1258 2609 1461 2676 αὐτῶν,
1493 2609 1612 2662 ἀλλ’
1644 2610 1728 2664 ὅτι
1755 2612 1901 2664 ἐκεῖ·

308 2709 391 2747 νοι
424 2694 490 2748 ἐκ
530 2695 928 2767 προαιρέσεως.
961 2699 1132 2754 Τοῦτο
1158 2699 1216 2753 δὲ
1248 2700 1537 2772 εποίησαν,
1589 2703 1777 2772 φησὶν,
1810 2704 1899 2758 ἵνα

312 2785 390 2855 μὴ
433 2786 806 2858 ίπιστρίψωσι
849 2789 943 2844 καὶ
988 2790 1228 2860 ίάσωμαι
1272 2790 1504 2855 αὐτούς’
1554 2791 1898 2859 ιθελοκάκως

306 2874 420 2942 γὰρ
497 2871 854 2932 ἐσπούδασαν
915 2877 1282 2950 ἀθεράπευτοι
1341 2879 1452 2932 καῖ’
1503 2879 1896 2952 ἀνεπίστροφοι

381 2969 513 3023 ῖναι.

385 2985 513 3023 ιναι.

307 2985 403 3115 με(
456 3053 642 3141 ’Ϋμῶν
677 3065 735 3120 δὲ
783 3066 1048 3140 μακάριοι
1077 3071 1128 3123 οἱ
1161 3070 1457 3142 ὀφθαλμοὶ,
1490 3075 1573 3127 ὅτι
1607 3072 1893 3142 βλέπουσι,

304 3159 399 3260 καὶ
429 3158 498 3212 τὰ
515 3152 630 3213 ὦτα
657 3161 835 3230 ὑμῶν,
864 3163 947 3216 ὅτι
976 3163 1182 3218 ἀκούει.
1226 3166 1400 3237 Ἀμὴν
1427 3167 1537 3237 γὰρ
1564 3166 1708 3236 λέγω
1741 3168 1890 3238 ύμῖν,
1922 3201 1965 3260 c

301 3251 386 3305 ὅτι
421 3252 606 3306 πολλοὶ
633 3256 911 3325 προφῆται
944 3257 1038 3310 καὶ
1082 3257 1281 3312 δίκαιοι
1315 3260 1675 3330 ἐπεθύμησαν
1705 3259 1890 3314 ίδεῖνᾶ

305 3343 558 3413 βλέπετε,
598 3344 693 3398 καὶ
719 3346 820 3400 οὐκ
849 3341 1014 3408 εἶδον.
1051 3349 1150 3402 καὶ
1183 3348 1481 3406 ἀκοῦσαιά
1509 3351 1763 3418 ἀκούετε,
1796 3354 1890 3405 καὶ

301 3436 406 3490 οὐκ
445 3439 708 3508 ἥκουσαν.
749 3459 770 3494 a
809 3442 918 3494 Καὶ
959 3444 1009 3495 oi
1037 3443 1291 3514 αἰσθητοὶ
1334 3444 1434 3515 μὲν
1475 3445 1748 3517 ὀφθαλμοὶ
1782 3446 1892 3499 τῶν

301 3531 620 3584 ἀποστόλων
653 3533 748 3586 καὶ
778 3532 846 3586 τὰ
877 3526 993 3587 ὦτα
1027 3535 1302 3606 μακάριαο
1343 3535 1484 3607 πλὴν
1515 3537 1650 3592 ἀλλά
1690 3526 1894 3608 μᾶλλον

300 3626 352 3676 οἱ
383 3624 604 3694 ψυχικοὶ
636 3623 908 3695 ὀφθαλμοὶ
947 3627 1042 3679 καὶ
1070 3625 1140 3680 τὰ
1187 3620 1303 3681 ὦτα
1338 3627 1695 3699 μακαρισμοῦ
1737 3628 1888 3696 ἀξια,

299 3720 384 3773 ὅτι
434 3717 650 3787 ἐπέγνω
693 3719 787 3772 τὸν
828 3719 1087 3790 Χριστόν.
1126 3721 1379 3791 Προτιμᾷ
1421 3720 1479 3775 δὲ
1511 3721 1736 3785 τούτους
1781 3720 1893 3775 τῶν

303 3813 624 3885 προφητῶν,
656 3814 790 3868 διότι
821 3816 916 3869 καὶ
945 3817 1274 3887 σωματικῶς
1305 3811 1448 3871 εἶδον
1469 3811 1617 3872 οὗτοι
1647 3816 1738 3870 τὸν
1760 3817 1897 3886 Χρι-

305 3906 455 3972 στὸν,
485 3908 684 3961 ἐκεῖνοι
709 3907 788 3973 δὲ,
826 3908 1027 3978 νοερῶς
1064 3909 1260 3981 μόνον’
1291 3910 1430 3965 ἀλλὰ
1457 3912 1551 3965 καὶ
1580 3913 1665 3965 ὅτι
1693 3912 1894 3964 ἐκεῖνοι

301 3999 365 4054 οὐ
415 4000 690 4054 τοσούτων
743 4001 1065 4073 μυστηρίων
1112 4003 1207 4058 adt.
1262 4005 1522 4075 τοιαύτης
1579 4002 1896 4075 ἠξιώθησαν

301 4092 588 4160 γνώσεως,
620 4093 754 4162 ὅσης
779 4086 924 4148 οῦτοι
947 4110 962 4126 ·
985 4094 1146 4148 ’γατά
1174 4094 1270 4150 δύο
1298 4091 1392 4150 οὖν
1431 4097 1760 4166 ὑπερέχουσι
1786 4095 1897 4149 τῶν

303 4186 606 4258 προφητῶν
649 4188 699 4239 οἱ
735 4186 1062 4255 ἀπόστολοι,
1108 4189 1209 4242 καὶ
1282 4187 1422 4241 κατά
1467 4189 1529 4241 τὸ
1565 4187 1896 4260 σωματικῶς

305 4279 460 4344 ίδεῖν,
509 4278 606 4332 καὶ
651 4278 795 4331 κατά
831 4281 892 4332 τὸ
927 4279 1451 4351 πνευματικῶτερον
1505 4281 1782 4352 μυηθῆναι
1828 4283 1898 4337 τά

303 4371 444 4428 θεῖα.
477 4370 772 4442 Σαφηνίζει
811 4370 904 4425 οὖν
929 4373 1030 4442 τὴν
1065 4371 1384 4444 παραϐολὴν
1432 4375 1547 4437 τοῖς
1602 4374 1894 4444 μαθηταῖς,

300 4464 476 4532 λέγων
496 4481 512 4496 ·

2013 579 2156 637 Dicit
2219 580 2364 636 enim
2426 580 2572 650 quod
2637 580 2886 636 videntes
2954 588 3173 643 natura,
3235 579 3339 634 hoc
3396 589 3502 643 est.
3569 595 3599 634 a

2012 671 2122 725 Deo
2149 668 2300 734 facti,
2330 681 2387 726 ut
2417 680 2610 725 natura
2653 668 2959 740 intelligere
3002 669 3236 738 possint,
3269 684 3374 722 nou
3415 672 3602 724 vident

2013 760 2338 825 voluntarie,
2379 767 2434 813 et
2460 760 2766 824 audientes,
2796 761 2899 815 hoc
2929 767 3034 822 est.
3071 758 3399 813 naturaliter
3429 771 3459 812 a
3492 759 3602 813 Deo

2013 853 2088 908 ita
2118 851 2272 919 facti,
2302 861 2362 907 ut
2391 853 2584 908 audire
2609 862 2666 908 et
2716 852 3020 922 intelligere
3042 851 3270 922 queant,
3303 868 3408 906 non
3438 851 3598 906 audi-

2011 953 2108 997 nnt
2170 957 2345 1014 neque
2415 942 2724 1014 intelligunt
2782 952 3006 1011 propter
3079 942 3442 997 voluntatem.
3505 941 3602 994 Dic.

2011 1035 2184 1103 enim,
2241 1051 2544 1106 quaeso,an
2581 1049 2685 1089 non
2734 1034 2993 1089 videbant
3040 1033 3302 1088 miracula
3356 1034 3607 1088 Christi?

2011 1129 2263 1184 Profecto
2289 1128 2426 1185 :‘sed
2474 1126 2748 1184 faciebant
2791 1127 3004 1197 seipsos
3026 1141 3221 1191 caecos,
3248 1135 3304 1180 et
3337 1126 3600 1181 laxabant

2009 1235 2156 1277 enin.
2204 1219 2318 1276 Hoc
2349 1235 2480 1291 ergo
2525 1230 2632 1287 est,
2666 1219 2910 1275 videntes
2952 1234 3058 1274 non
3090 1217 3302 1274 vident.
3366 1219 3604 1273 Adducit

2010 1314 2176 1383 igitur
2199 1322 2254 1367 et
2273 1313 2596 1383 prophetam
2635 1322 2848 1367 testem.

2082 1404 2251 1461 Vsus.
2282 1405 2371 1470 14,
2425 1407 2511 1461 l5.
2554 1423 2572 1456 r
2613 1406 2681 1461 Et
2728 1405 2986 1475 impletur
3033 1405 3088 1459 in
3139 1403 3247 1458 illis
3311 1401 3599 1472 prophetia

2011 1499 2166 1554 Isaiae
2201 1514 2323 1569 quae
2343 1499 2510 1554 dicit:
2544 1499 2786 1554 Auribus
2816 1497 3072 1560 audietis.
3097 1506 3152 1551 et
3181 1512 3286 1551 non
3318 1496 3596 1564 iutelngc-

2010 1594 2124 1649 tis:
2157 1601 2211 1647 et
2244 1593 2492 1646 videntes
2533 1591 2804 1654 videbitis,
2834 1599 2890 1644 et
2929 1605 3035 1644 non
3086 1590 3346 1645 cernetis.
3386 1587 3600 1642 fueras—

2009 1695 2187 1742 satum
2235 1693 2322 1741 est
2368 1685 2514 1739 enim
2555 1699 2654 1739 eor
2699 1683 2880 1752 populi
2929 1682 3112 1748 huius,
3137 1691 3191 1736 et
3221 1681 3448 1735 auribus
3475 1696 3598 1750 gra-

2011 1783 2152 1835 viter
2193 1779 2507 1842 audierunt,
2557 1787 2612 1832 et
2655 1778 2844 1832 oculos
2897 1791 3028 1832 suos
3080 1776 3452 1838 occluserunt,
3507 1791 3600 1828 tm-

2007 1872 2226 1939 quando
2279 1870 2528 1925 viderent
2586 1868 2800 1932 oculis,
2837 1877 2892 1924 et
2949 1867 3174 1922 auribus
3229 1867 3486 1921 audirent
3542 1876 3597 1919 et

2006 1965 2172 2018 corde
2191 1962 2576 2032 intelligerent,
2600 1972 2654 2015 et
2669 1969 3076 2026 convertantur,
3106 1968 3158 2014 et
3181 1973 3368 2012 saneut
3410 1958 3547 2012 illos.
3574 1976 3593 2010 ο

2007 2055 2172 2111 Vtiles
2204 2056 2333 2123 quid
2367 2057 2511 2109 dicat
2550 2053 2882 2125 praphetia?
2915 2067 3198 2122 propterea
3237 2067 3344 2106 non
3388 2050 3556 2105 iutelli
3578 2079 3601 2090 -

2005 2149 2166 2215 getis,
2199 2162 2303 2201 non
2337 2145 2477 2214 quod
2528 2160 2777 2200 crassum
2831 2144 3133 2199 creaverim
3186 2157 3282 2198 cor
3331 2150 3598 2204 vestrum,

2004 2227 2098 2296 sed
2144 2239 2288 2309 quod
2334 2240 2697 2292 incrassatum
2729 2237 2821 2300 sit,
2848 2239 2992 2305 quod
3049 2245 3206 2290 antea
3246 2232 3597 2289 manifestqu

2002 2341 2088 2387 est
2148 2329 2346 2386 subtile
2402 2330 2591 2385 fuisse.
2643 2330 2796 2396 Quod
2848 2330 2996 2384 enim
3051 2329 3410 2394 inerassatur,
3449 2329 3602 2395 prius

2002 2435 2163 2479 tenue
2185 2421 2284 2477 fuit
2306 2407 2326 2475 ἐ
2357 2423 2667 2477 incrassato
2723 2430 2905 2477 autem
2954 2421 3064 2486 illo,
3102 2421 3180 2475 sic
3230 2419 3416 2475 oculos
3471 2435 3600 2474 suos

2003 2515 2397 2572 occluserunt:
2429 2531 2538 2570 non
2577 2514 2718 2568 dixit
2747 2515 2891 2586 quod
2939 2514 3238 2569 occ-luserit.
3280 2513 3471 2567 oculos
3501 2527 3594 2566 cu-

2002 2623 2123 2662 rum
2161 2609 2325 2671 Deus,
2361 2606 2453 2660 sed
2491 2605 2567 2660 illi
2606 2620 2704 2660 sua
2741 2606 3041 2659 voluntate.
3075 2603 3208 2658 Illud
3244 2598 3389 2658 enim
3452 2600 3598 2656 fece-

2003 2709 2162 2766 runt,
2192 2698 2403 2768 inquit,
2450 2712 2518 2755 ne
2546 2707 2961 2763 convertantur,
2991 2707 3044 2751 et
3081 2710 3271 2750 sanem
3313 2695 3452 2749 illos.
3487 2694 3598 2747 Sua

1999 2788 2150 2844 enim
2181 2788 2390 2844 malitia
2435 2804 2658 2860 operam
2682 2787 2951 2843 dederunt
2980 2797 3039 2842 ut
3072 2785 3400 2842 incurabilcs
3446 2792 3502 2841 et
3531 2785 3598 2839 ad

2000 2881 2418 2937 conversionem
2451 2881 2620 2952 inepti
2653 2880 2869 2937 fierent.

2075 3069 2239 3122 Vens.
2273 3068 2363 3134 l6,
2398 3067 2488 3122 l7.
2516 3086 2536 3119 ι
2573 3067 2756 3124 Vestri
2781 3081 2912 3122 vero
2939 3068 3082 3122 beati
3115 3078 3244 3124 sunt
3275 3067 3440 3135 oculi,
3472 3067 3598 3138 quia

2005 3160 2226 3227 vident;
2253 3169 2308 3216 et
2338 3176 2497 3217 aures
2523 3170 2742 3227 vestrae,
2766 3165 2892 3230 quia
2920 3161 3168 3215 audiunt.
3197 3162 3370 3215 Amen
3399 3159 3600 3231 quippe

1997 3251 2119 3308 dico
2146 3251 2324 3316 vobis,
2365 3252 2512 3321 quod
2547 3251 2706 3306 multi
2743 3252 3024 3322 propheta:
3058 3261 3112 3306 et
3143 3251 3273 3321 justi
3311 3251 3598 3306 desidera-

1997 3354 2194 3400 verunt
2218 3344 2406 3400 videre
2430 3357 2554 3413 quae
2584 3343 2805 3411 videtis,
2839 3353 2893 3400 et
2939 3359 3046 3398 non
3088 3345 3380 3400 viderunt:
3411 3354 3465 3399 et
3501 3360 3601 3398 au-

1996 3438 2117 3492 dire
2155 3450 2276 3506 quae
2313 3436 2539 3500 auditis,
2566 3444 2622 3490 et
2658 3450 2766 3490 non
2802 3435 3120 3492 audierunt.
3160 3454 3178 3487 ι
3216 3435 3280 3489 Ει
3311 3436 3600 3491 sensibiles

1998 3533 2220 3602 quidem
2246 3531 2619 3602 apostolorum
2645 3530 2786 3585 oculi
2815 3540 2870 3586 et
2892 3545 3053 3587 aures
3084 3532 3279 3594 beatas,
3309 3532 3404 3586 sed
3427 3532 3599 3587 multo

1999 3627 2173 3695 magis
2228 3614 2541 3694 spiritttales
2607 3623 2749 3678 oculi
2803 3634 2969 3695 atque
3029 3638 3193 3680 aures
3255 3624 3600 3679 beatitudine

1997 3719 2176 3790 digna:
2221 3717 2368 3789 quod
2423 3728 2763 3787 agnoverunt
2811 3717 3120 3774 Christum.
3151 3716 3379 3773 Praelert
3414 3727 3600 3773 autem

1999 3816 2120 3872 illos
2158 3815 2461 3886 prophetis,
2492 3830 2559 3869 eo
2591 3817 2737 3884 quod
2772 3815 2853 3877 ,Ιιί
2902 3814 3185 3871 Christum
3242 3815 3604 3885 corporaliter

1999 3910 2272 3972 viderunt,
2299 3907 2376 3963 illi
2416 3908 2732 3964 mentaliter
2754 3917 2992 3973 tantum,
3017 3909 3110 3963 sed
3138 3919 3194 3964 et
3220 3909 3365 3979 quod
3387 3908 3461 3962 illi
3495 3923 3601 3962 non

2001 3999 2237 4056 assecuti
2274 3998 2498 4054 fuerunt
2525 4007 2678 4053 tanta
2712 4000 2974 4068 mysteria
3024 4007 3080 4054 et
3127 3999 3290 4053 talem
3345 3999 3598 4054 nntitiam

2000 4101 2265 4163 quantum
2293 4093 2351 4148 ii.
2377 4093 2435 4147 lu
2482 4091 2696 4148 duobus
2739 4093 2885 4147 enim
2934 4091 3321 4163 praecellebant
3357 4093 3598 4162 prophe-

2005 4196 2086 4240 tas
2109 4182 2368 4252 apostoli,
2393 4193 2448 4238 et
2481 4183 2842 4252 corporaliter
2874 4183 3127 4250 vivendo,
3155 4191 3211 4238 et
3240 4183 3416 4253 magis
3440 4183 3601 4254 spiri-

2003 4276 2225 4333 tualiter
2249 4275 2603 4347 intelligendo
2634 4275 2842 4331 divina.
2871 4274 3187 4331 Hauifestat
3219 4275 3388 4346 igitur
3440 4290 3600 4344 para-

1999 4369 2180 4426 bolam
2213 4370 2523 4440 discipulis,
2555 4369 2744 4424 dicens
2792 4389 2805 4423 :

2079 4456 2241 4514 Vsus.
2282 4457 2384 4524 18,
2422 4458 2510 4512 l9.
2571 4477 2588 4509 ι
2646 4456 2752 4513 Vos
2809 4459 2976 4529 igitur
3040 4459 3224 4515 audite
3282 4457 3599 4531 parabolatn

379 4575 400 4607 ε
453 4557 643 4627 Ὑμεῖς
672 4557 766 4612 οῦν
799 4557 1073 4612 ἀκούσατε
1101 4560 1200 4630 τὴν
1233 4557 1554 4630 παραδολὴν
1585 4558 1680 4613 τοῦ
1731 4560 1886 4614 σπεί-
1922 4584 1966 4638 υ
1998 4567 2072 4607 set

1922 4584 1966 4638 υ
1998 4553 2340 4607 seminantis.
2373 4552 2508 4608 Cum
2561 4555 2688 4625 quis
2718 4555 2960 4609 audierit
2993 4569 3304 4610 sermonem
3341 4557 3514 4625 regni,
3547 4567 3601 4611 et

305 4665 514 4718 ροντος.
559 4649 775 4714 Παντὸς
805 4651 1096 4717 ἀκούοντος
1123 4653 1214 4706 τδν
1241 4652 1398 4721 λόγον
1429 4652 1529 4723 τῆς
1584 4651 1884 4721 βασιλείας,

302 4741 396 4792 καὶ
426 4740 503 4810 μὴ
531 4743 830 4808 συνιέντος,
863 4743 1080 4813 ἔρχεται
1111 4745 1140 4797 ὁ
1169 4745 1403 4815 πονηρὸς
1433 4745 1529 4799 καὶ
1562 4745 1801 4817 ἁρπάζει
1830 4746 1890 4798 τὸ

299 4832 650 4903 ἐσπαρμένον
673 4834 732 4887 έν
751 4836 818 4904 τῇ
852 4834 1049 4906 καρδίᾳ
1075 4835 1264 4898 αὑτοῦ,
1300 4828 1464 4900 οὗτός
1503 4838 1651 4890 ἐστιν
1681 4839 1710 4890 ὁ
1736 4835 1888 4907 παρά

297 4927 399 4994 τὴν
426 4925 545 4980 ὁδὸν
576 4927 826 4998 σπαρείς.
867 4946 886 4979 ι
917 4929 1297 5000 Προτρέπεται
1340 4931 1488 5000 ἡμᾶς
1515 4931 1594 4992 εἰς
1620 4931 1681 4983 τὸ
1712 4929 1890 4983 συνιέ-

299 5035 388 5073 ναι
419 5021 528 5083 τῶν
559 5020 882 5091 λεγομένων·
920 5022 1073 5093 παρὰ
1111 5021 1220 5075 τῶν
1267 5023 1653 5086 διδασκόντων,
1689 5023 1778 5074 ἵνα
1812 5022 1888 5093 μὴ

301 5113 396 5163 καὶ
425 5112 590 5181 ἡμεῖς
614 5112 789 5180 ὅμοιοι
821 5106 973 5182 ὦμεν
1004 5115 1117 5176 τοῖς
1161 5113 1313 5184 παρά
1340 5115 1440 5185 τὴν
1470 5114 1622 5168 ὁδόν⁹
1677 5116 1888 5190 μήοποτε

299 5204 377 5263 δὲ,
411 5205 532 5256 ἐπεὶ
561 5205 678 5268 ὁδός
725 5206 872 5258 εστιν
900 5206 929 5259 ὁ
956 5207 1213 5276 Χριστὸς,
1248 5206 1404 5277 παρά
1451 5205 1551 5278 τὴν
1595 5207 1715 5260 ὁδόν
1748 5207 1890 5260 εἰσιν

298 5299 350 5350 oi
391 5295 497 5361 ἔξω
527 5296 620 5350 τοῦ
667 5299 930 5369 Χριστοῦ.
963 5285 1027 5354 Οἳ
1059 5301 1160 5354 οὐκ
1195 5303 1335 5355 εἰσιν
1361 5301 1421 5354 ὲν
1453 5304 1520 5372 τῇ
1571 5301 1699 5371 ὁδῷ,
1750 5301 1890 5356 ἀλλᾶ

301 5388 580 5459 παρεκτὸς
610 5389 709 5460 τῆς
739 5390 883 5445 ὁδοῦ.
1638 5417 1644 5423 ·

375 5501 395 5532 ε
449 5482 508 5534 '0
530 5481 588 5536 δὲ
619 5482 713 5536 sui.
735 5483 804 5536 τά
833 5484 1086 5556 πετρώδη
1114 5486 1369 5557 σπαρεὶς,
1391 5479 1546 5550 οὗτός
1574 5490 1722 5542 ἐστιν
1750 5492 1778 5542 ὁ
1799 5490 1887 5543 τὸν

296 5574 459 5642 λόγον
508 5574 722 5640 ἁκούων
779 5577 872 5629 καὶ
926 5575 1088 5637 εὐθὺς
1155 5559 1294 5633 μετὰ
1352 5581 1529 5651 χαρᾶς
1587 5579 1883 5651 λαμϐάνων

1996 4662 2102 4700 non
2128 4647 2488 4713 intellexerit,
2518 4650 2669 4702 vadit
2700 4649 3099 4719 malignusille,
3126 4659 3180 4704 et
3201 4649 3594 4721 rapit_insilutn

1998 4739 2051 4793 itt
2081 4753 2180 4794 cor
2219 4743 2354 4808 ejus.
2387 4739 2488 4794 llic
2517 4751 2600 4796 est
2633 4741 2723 4808 qui
2752 4742 2908 4809 juxta
2940 4743 3080 4796 viam
3105 4743 3408 4797 setniuatus
3432 4753 3536 4796 est.
3575 4761 3593 4794 ι

1998 4829 2348 4889 Adhortatur
2400 4850 2500 4888 uos
2541 4834 2609 4888 ad
2665 4834 3085 4904 intelligendum
3125 4848 3246 4902 quae
3280 4833 3536 4889 dicuntur
3566 4850 3595 4888 a

1998 4926 2349 4994 docentibus,
2374 4941 2442 4981 ne
2475 4937 2530 4980 et
2567 4907 2667 4980 nos
2703 4926 2910 4980 similes
2953 4926 3148 4980 fiamus
3180 4927 3266 4979 his
3304 4927 3393 4995 qui
3438 4926 3594 4992 juxta

2001 5021 2165 5072 viam.
2194 5016 2452 5073 Fortasse
2498 5027 2678 5071 autem
2711 5018 2834 5086 quia
2869 5018 2953 5071 via
2986 5027 3066 5072 est
3099 5017 3354 5072 Christus
3377 5017 3478 5088 (η),
3504 5019 3596 5086 qui

1994 5126 2152 5168 secus
2193 5103 2335 5165 viam
2364 5119 2512 5177 sunt,
2541 5113 2594 5166 hi
2621 5121 2775 5165 extra
2802 5110 3082 5167 Christum
3115 5119 3263 5176 sunt,
3301 5125 3406 5165 non
3447 5110 3592 5164 enim

1993 5213 2122 5259 sunt
2150 5203 2205 5258 in
2229 5204 2337 5267 via,
2365 5203 2459 5259 sed
2491 5213 2642 5258 extra
2675 5204 2839 5258 viam.
2989 5197 3000 5202 ’

2065 5486 2230 5541 Vsus.
2257 5485 2460 5550 20,21.
2502 5507 2521 5539 ε
2569 5490 2637 5542 At
2677 5489 2767 5558 qui
2834 5490 2885 5542 in
2928 5498 3143 5558 petrosa
3174 5505 3358 5545 semen
3386 5491 3592 5561 jactum

1994 5593 2305 5652 exceperat,
2357 5583 2443 5638 hic
2467 5594 2551 5637 cst
2589 5583 2678 5654 qui
2711 5600 3020 5640 scrtttouetn
3051 5584 3220 5650 audit,
3251 5602 3310 5640 ac
3344 5583 3592 5653 protinus

367 5818 446 5902 (ft)
480 5815 626 5875 Edit.
654 5815 778 5873 Lttt.
807 5820 895 5890 qui
925 5829 1079 5874 extra
1122 5821 1392 5876 Christum
1439 5834 1583 5878 sunt.
1611 5822 1661 5876 In
1692 5823 1883 5879 Cnseo
1925 5824 2060 5880 videi

925 5829 1079 5874 extra
1122 5821 1392 5876 Christum
1439 5834 1583 5878 sunt.
1611 5822 1661 5876 In
1692 5823 1883 5879 Cnseo
1925 5824 2137 5880 videtur
2167 5826 2372 5896 aliquid
2404 5829 2612 5885 deesse.
