4288 6444
764 391 867 456 237

1653 398 2234 462 THEOPHYLACTI
2274 401 2689 462 BULGARI/E
2727 404 2769 460 A
2783 400 3096 462 RCHIEP.

3913 396 4032 458 288

767 520 862 572 per
895 505 1176 560 mulierem
1218 519 1368 567 vero,
1397 506 1629 559 animam
1660 523 1776 576 qua:
1817 510 2260 578 prredicationem
2296 513 2346 566 in
2381 518 2398 570 ὲ

2451 512 2550 580 τὴν
2597 512 2660 564 τὸ
2701 514 2964 583 κήρυγμα
3014 509 3450 577 κατακρύψασαν
3507 511 3566 562 ἐν
3650 508 3853 572 πάσαις
3905 511 4033 570 ταῖς

763 599 1012 649 omnibus
1067 601 1180 650 suis
1257 597 1602 652 facultatibus
1646 603 1919 664 recondit,
1978 605 2334 669 commiscet,

765 687 1049 740 fermentat
1072 727 1086 750 ,
1119 702 1284 753 seque
1310 697 1472 740 totam
1500 703 1597 756 per
1622 690 1766 743 illam
1812 693 2134 746 sanctificat.
2167 693 2338 762 Opor-

766 782 1001 833 Ictenim
1037 795 1133 832 nos
1177 778 1400 832 omnino
1433 780 1747 835 fermentari
1779 793 1833 836 et
1855 785 2228 839 transformari
2285 789 2336 838 in

761 871 961 924 divina.
1013 871 1127 942 69
1184 871 1320 926 Dii-it
1376 874 1520 929 enim
1553 913 1568 937 ,
1623 877 1792 929 donec
1858 875 2212 932 fermentetur
2266 887 2341 932 to-

761 973 893 1014 tum.

833 1053 992 1107 Vens.
1035 1055 1124 1117 5i,
1167 1056 1262 1111 35.
1303 1077 1320 1108 ι
1346 1056 1470 1110 Hec
1503 1059 1685 1112 omnia
1714 1060 1928 1115 locutus
1957 1071 2037 1116 est
2062 1061 2221 1117 Jesus
2245 1076 2338 1130 per

759 1145 1042 1214 parabolas
1067 1150 1132 1200 ad
1164 1149 1372 1212 turbas,
1402 1157 1454 1201 et
1479 1149 1598 1204 sine
1628 1153 1907 1217 parabolis
1950 1155 2085 1208 nihil
2122 1156 2338 1208 locutus

757 1244 840 1289 est
867 1236 985 1293 illis.
1021 1248 1078 1291 ut
1107 1241 1469 1310 complerelur
1490 1244 1630 1309 quod
1659 1245 1861 1298 dictum
1889 1245 2065 1299 fuerat
2095 1263 2190 1316 per
2211 1261 2338 1316 pro-

759 1333 970 1397 phetam
990 1335 1079 1400 qui
1111 1334 1185 1384 ait
1213 1353 1226 1385 :
1250 1334 1504 1403 Aperiam
1530 1335 1580 1388 in
1607 1335 1876 1404 parabolis
1892 1352 1951 1390 os
1979 1353 2179 1401 meum,
2209 1355 2336 1392 eru-

759 1422 915 1474 ctabo
953 1422 1268 1476 abscondita
1301 1438 1330 1476 a
1359 1425 1748 1480 constitutione
1781 1428 1986 1482 mundi.
2036 1447 2053 1479 ›
2109 1431 2339 1483 Adducit

756 1514 1065 1579 prophetam
1089 1516 1466 1583 prmdicentem
1497 1519 1772 1584 quomodo
1798 1520 2057 1573 docturus
2094 1533 2209 1574 erat
2241 1520 2327 1574 Jo-

755 1620 867 1667 sus,
894 1618 948 1658 et
978 1607 1027 1658 iu
1083 1608 1372 1674 parabolis,
1401 1623 1465 1661 ne
1500 1620 1552 1661 tu
1584 1619 1739 1678 putes
1761 1612 2037 1665 Christum
2062 1613 2335 1666 invenisse

755 1711 949 1748 novum
972 1701 1255 1766 quemdam
1292 1701 1518 1754 docendi
1554 1706 1790 1756 modum.
1821 1703 2093 1759 Particula
2155 1716 2333 1758 autem

755 1784 973 1851 l7t,non
1020 1800 1101 1842 est
1151 1808 1346 1852 causzc.
1373 1795 1462 1846 sed
1514 1806 1737 1848 eventus
1789 1796 2172 1863 signiﬁcativa.
2205 1797 2324 1850 Non

754 1881 896 1932 cnim
934 1881 1116 1933 docuit
1147 1899 1212 1936 co
1245 1885 1401 1936 modo
1436 1884 1592 1938 Jesus
1619 1897 1670 1938 ut
1699 1888 1984 1955 impleatur
2013 1889 2330 1955 prOphetia:

755 1972 848 2021 sed
884 1972 1007 2037 quia
1048 1973 1161 2039 ipse
1199 1990 1293 2042 per
1333 1978 1621 2042 parabolas
1653 1978 1856 2040 docuit,
1891 1994 1953 2030 cx
1983 1978 2180 2031 ellectn
2235 1980 2334 2032 im-

751 2064 892 2133 pleta
923 2076 1002 2118 est
1063 2068 1116 2119 in
1157 2067 1274 2134 ipso
1328 2068 1634 2137 prophetia.
1681 2072 1896 2139 Absque
1942 2081 2120 2124 autem
2165 2089 2332 2141 ἕρπει.

752 2156 871 2210 hola
928 2173 1032 2211 non
1069 2159 1386 2227 loquebatur
1433 2163 1534 2222 cis.
1573 2173 1697 2215 Innc
1752 2163 1972 2217 solum:
2030 2179 2132 2217 non
2189 2167 2331 2216 enim

750 2265 966 2317 semper
1009 2251 1060 2301 in
1116 2251 1391 2318 parabolis
1443 2254 1788 2321 loquebatur.
1824 2256 2103 2310 Eructavit
2152 2267 2329 2310 autem

750 2341 1010 2395 Dominus
1071 2357 1190 2410 qnte
1256 2344 1573 2398 abscondita
1648 2355 1802 2398 erant
1855 2361 1883 2398 a
1944 2347 2332 2401 constitutione

751 2435 956 2488 mundi.
988 2435 1103 2501 Ipse
1139 2437 1282 2488 enim
1312 2437 1682 2490 tirauit‘estavit
1716 2439 1876 2492 nobis
1909 2441 2166 2506 mysteria
2213 2452 2332 2507 quze

749 2525 800 2577 in
839 2526 988 2592 caelis
1015 2534 1161 2579 sunt.

819 2617 984 2672 Vens.
1009 2618 1096 2673 36.
1142 2638 1160 2670 ι
1201 2620 1351 2672 Tunc
1384 2621 1584 2674 relictis
1621 2621 1796 2675 turbis
1843 2623 1990 2676 venit
2028 2623 2080 2675 in
2106 2624 2328 2675 domum

755 2711 931 2765 Jesus.
967 2730 984 2761 ι
1026 2710 1176 2765 Tunc
1208 2713 1426 2780 reliquit
1471 2714 1674 2772 turbas.
1725 2729 1845 2766 cum
1882 2715 2016 2768 nihil
2048 2716 2331 2783 prodesset

755 2801 1024 2854 doctrina.
1067 2802 1187 2871 Ipse
1233 2803 1374 2856 enim
1432 2803 1482 2856 in
1541 2803 1808 2872 parabolis
1872 2805 2225 2872 quuebatur,
2273 2815 2330 2859 ut

746 2907 867 2946 eum
914 2895 1309 2964 interrogarent
1349 2912 1362 2945 :
1411 2908 1599 2949 contra
1650 2897 1721 2948 illi
1773 2911 1875 2949 n0n
1917 2899 2200 2960 curabant,
2237 2915 2330 2952 ne-

746 2999 850 3049 quc
891 2985 1100 3038 discere
1127 2988 1462 3051 qmerebant,
1500 2987 1639 3040 unde
1688 2987 1754 3041 ab
1788 3003 1852 3043 eo
1888 2990 2079 3043 merito
2143 2990 2316 3044 relicti

744 3087 895 3128 situt.
938 3094 954 3126 ‹
997 3078 1058 3128 Et
1101 3089 1449 3131 accesserunt
1502 3079 1568 3132 ad
1607 3095 1728 3132 eum
1776 3079 2023 3148 discipuli
2083 3097 2220 3148 e;us,
2247 3085 2327 3134 di-

746 3181 975 3221 centes:
1014 3168 1105 3221 Dic
1166 3170 1320 3222 nobis
1360 3171 1665 3236 parabolain
1717 3172 2052 3226 zizaniorum
2115 3174 2251 3242 agri.
2306 3194 2320 3223 ι

745 3260 821 3313 De
856 3261 955 3315 hac
986 3261 1098 3315 Sola
1129 3272 1343 3330 rogant,
1373 3263 1488 3315 alia:
1521 3264 1918 3319 tnanifestiorcs
1947 3266 2026 3319 eis
2068 3267 2325 3320 \‘iilebau-
2355 3301 2398 3362 C

747 3364 850 3406 tur.
895 3355 1116 3408 Zizania
1145 3365 1325 3408 autem
1364 3357 1643 3420 dicuntur,
1676 3373 1794 3427 qua
1829 3359 1970 3412 inter
2005 3363 2183 3430 fruges
2208 3363 2325 3427 pul-

744 3447 914 3501 lulaat
979 3450 1146 3502 etiam
1210 3451 1430 3509 nbciva.
1489 3461 1680 3520 utpote
1742 3453 1950 3517 lolium,
2003 3455 2162 3517 vicia,
2213 3456 2326 3509 bro-

745 3542 930 3605 mium,
966 3550 1016 3594 et
1054 3553 1269 3596 caetera.

817 3723 975 3779 Vsus.
1032 3719 1219 3779 57-42.
1276 3744 1294 3774 ι
1370 3726 1441 3778 At
1486 3725 1574 3779 ille
1604 3728 1938 3794 respondens
1987 3727 2131 3781 dixit
2172 3727 2322 3781 illis:

745 3816 845 3881 Qui
910 3819 1140 3871 seminat
1190 3818 1392 3872 bonam
1443 3833 1650 3882 semen,
1686 3826 1767 3872 est
1815 3818 1985 3875 Filius
2038 3820 2322 3874 hominis:

743 3925 870 3977 ager
917 3920 1117 3969 autem.
1174 3921 1257 3963 est
1317 3911 1570 3964 mundus.
1620 3909 1790 3966 Porro
1843 3913 2046 3965 bonum
2112 3926 2320 3976 semen,

742 4004 869 4049 sunt
900 3999 986 4049 lilii
1028 3997 1176 4065 regni
1208 4015 1220 4050 :
1250 4000 1456 4052 zizania
1495 4014 1644 4062 vero,
1668 4010 1796 4054 sunt
1829 4001 1922 4054 lilii
1970 4001 2112 4057 illius
2142 4002 2264 4055 mali
2311 4021 2321 4055 :

741 4088 993 4143 inimicus
1024 4091 1112 4158 qui
1144 4092 1379 4144 seminat
1405 4106 1488 4157 ea,
1525 4101 1606 4145 est
1627 4091 1875 4148 diabolus
1908 4111 1921 4147 :
1955 4095 2148 4148 messis
2173 4109 2322 4159 vero,

740 4181 1134 4234 consummatio
1173 4182 1356 4235 saeculi
1413 4193 1536 4236 est:
1569 4197 1840 4237 messores
1908 4193 2087 4237 autem
2147 4185 2324 4252 angeli

741 4281 886 4322 sunt.
913 4271 1067 4322 Sicut
1107 4273 1268 4338 igitur
1293 4271 1618 4340 colliguntur
1673 4274 1908 4338 zizania,
1937 4286 1996 4328 et
2035 4276 2144 4345 igni
2171 4291 2324 4329 com-

742 4359 1012 4414 buruntur
1040 4377 1051 4412 :
1087 4362 1167 4415 sic
1193 4365 1296 4415 erit
1327 4363 1378 4415 in
1405 4366 1875 4419 consummatione
1922 4367 2100 4420 szeculi
2145 4367 2322 4436 hujus.

743 4452 916 4508 hlittct
961 4454 1129 4508 Filius
1177 4454 1415 4508 hominis
1467 4457 1684 4525 angelos
1716 4473 1867 4523 suos,
1899 4469 1954 4511 et
2001 4460 2256 4530 colligent
2297 4477 2327 4515 e

747 4562 910 4616 regno
953 4548 1096 4601 illius
1137 4549 1318 4602 omnia
1368 4547 1713 4614 offendicula,
1751 4560 1803 4605 el
1832 4567 1925 4607 eos
1961 4553 2050 4622 qui
2107 4562 2325 4621 patrant

2439 605 2610 671 αὐτῆς
2669 603 2956 671 δυνάμεσι,
2992 602 3086 652 καὶ
3147 601 3674 670 συνανακραθεῖσαν,
3717 599 3811 651 καὶ
3841 599 4035 666 ζυμω-

2442 694 2647 757 θεῖσαν,
2682 695 2773 745 καὶ
2828 692 3182 759 ἀγιασθεῖσαν
3217 690 3308 742 ὑπ’
3360 689 3525 742 αὑτοῦ
3586 690 3713 759 ὅλην
3740 705 3753 720 ο
3790 688 3872 740 δεῖ
3918 689 4034 755 γὰρ

2441 787 2588 854 ἡμᾶς
2628 787 2783 846 ὅλους
2835 784 3142 852 ζυμοῦσθαι
3171 783 3264 835 καὶ
3320 783 3736 851 μεταποιεῖσθαι
3798 781 3934 850 πρὸς
3971 782 4034 831 τὸ

2442 877 2732 946 θειότερον.
2767 877 2904 944 Φησὶ
2938 875 3068 944 γὰρ,
3098 875 3204 938 ἕως
3251 868 3312 927 οῦ
3354 872 3613 944 ἐζυμώθη
3639 874 3779 926 ὀλον.

2519 1079 2534 1110 ι
2578 1059 2767 1112 Ταῦτα
2791 1061 2969 1112 πάντα
3004 1059 3263 1127 ἐλάλησεν
3296 1059 3324 1110 6
3361 1057 3570 1128 Ἰησοῦς
3598 1059 3655 1110 ὲν
3687 1057 4034 1128 παραϐολαῖς

2440 1152 2550 1213 τοῖς
2574 1151 2778 1220 ὄχλοις,
2813 1153 2905 1204 καὶ
2936 1153 3104 1221 χωρὶς
3136 1149 3455 1220 παραϐολῆς
3477 1150 3577 1202 οὐκ
3601 1149 3782 1201 ἐλάλει
3821 1149 4033 1210 αὐτοῖς,

2439 1243 2586 1305 ὅπως
2612 1243 2874 1312 πληρωθῇ
2902 1243 2963 1294 τδ
2982 1241 3145 1311 ῥηθὲν
3176 1241 3264 1294 διὰ
3295 1241 3389 1293 τοῦ
3413 1242 3722 1311 προφήτου,
3746 1240 4026 1306 λέγοντος·

2455 1336 2672 1400 Ἀνοίξω
2706 1337 2762 1387 ἐν
2786 1335 3120 1405 παραϐολαῖς
3149 1336 3210 1386 τὸ
3236 1334 3408 1404 στόμα
3445 1351 3568 1403 μου,
3601 1331 3900 1403 ἐρεύξομαι
3945 1346 4038 1383 κε-

2440 1429 2737 1500 κρυμμένα
2793 1430 2902 1481 ἀπὸ
2951 1429 3257 1498 καταϐολῆς
3313 1429 3542 1496 κόσμου.
3581 1445 3599 1478 ι
3651 1427 3902 1495 Παράγει
3943 1422 4036 1476 τὸν

2441 1524 2729 1592 προφήτην
2767 1521 3282 1592 προαναφωνοῦντα,
3317 1519 3433 1584 πῶς
3457 1520 3650 1590 ἔμελλε
3692 1519 3974 1571 διδάσκειν
4008 1515 4036 1567 6

2440 1614 2675 1684 Ἰησοῦς,
2705 1617 2796 1667 καὶ
2837 1617 2920 1668 ὅτι
2951 1617 3009 1666 ὲν
3033 1614 3394 1682 παραϐολαῖς,
3431 1614 3518 1664 ἵνα
3549 1611 3624 1682 μὴ
3673 1610 3905 1680 νομίσῃς
3941 1611 4029 1672 σὺ,

2447 1707 2529 1758 ὅτι
2565 1707 2592 1757 6
2623 1706 2856 1776 Χριστὸς
2885 1706 3070 1760 καινόν
3084 1723 3204 1759 τινα
3224 1704 3574 1766 διδασκαλίας
3600 1700 4031 1772 τρόπονέξεῦρε.

2439 1799 2511 1850 Τὸ
2555 1800 2634 1862 δὲ,
2688 1800 2898 1865 Ὅπως,
2933 1799 3008 1869 μὴ
3031 1798 3410 1866 αἱτιολογικῶς
3449 1797 3640 1869 λάϐῃς,
3673 1795 3792 1849 ἀλλ’
3819 1796 3885 1846 ὲκ
3934 1793 4035 1862 τῆς

2441 1895 2721 1957 ἐκϐάσεως
2752 1894 2843 1947 τοῦ
2875 1895 3225 1961 πράγματος.
3266 1893 3340 1946 Οὐ
3375 1892 3479 1962 γὰρ
3514 1893 3797 1945 ἐδίδασκεν
3828 1893 3856 1942 ό
3892 1890 4030 1958 Χρι-

2443 1986 2565 2048 στὲς
2626 1988 3078 2054 τοιουτοτρόπως,
3130 1987 3216 2038 ἵνα
3281 1984 3541 2054 πληρωθῇ
3611 1985 3642 2052 ἡ
3699 1981 4034 2052 προφητεία,

2438 2079 2574 2131 ἀλλὰ
2608 2080 2740 2132 διότι
2763 2079 3038 2131 ἐδίδασκεν
3066 2081 3122 2138 ὲν
3157 2077 3516 2147 παραϐολαῖς,
3550 2076 3608 2140 ἐξ
3640 2075 4022 2144 ἀποτελέσμα-

2440 2187 2529 2232 τος
2561 2172 2876 2236 εὑρίσκεται
2898 2170 2982 2221 ἐπ’
3016 2169 3164 2238 αὐτῷ
3192 2168 3480 2239 πληρωθὲν
3517 2169 3576 2220 τὸ
3597 2167 3690 2220 τοῦ
3723 2168 4028 2237 προφήτου.

2434 2264 2616 2333 Χωρῖς
2653 2264 2709 2316 δὲ
2741 2263 3055 2333 παραϐολῆς
3083 2263 3185 2316 οὐκ
3224 2262 3405 2314 ὲλάλει
3434 2261 3638 2320 αὐτοῖς,
3663 2259 3787 2310 τότε
3835 2258 4021 2326 μόνον’

2435 2358 2494 2409 οῦ
2527 2357 2636 2426 γὰρ
2667 2356 2729 2422 δὴ
2765 2356 3078 2408 πάντοτε-ὲν
3106 2354 3440 2424 παραϐολαῖς
3474 2352 3680 2405 ὲλάλει.
3734 2349 4038 2420 Ἦρεύξατο

2435 2449 2490 2499 δὲ
2534 2449 2560 2498 6
2600 2447 2802 2516 Κύριος
2854 2447 2889 2500 ἃ
2923 2447 3259 2516 ἐκρύπτοντο
3295 2445 3402 2498 ἀπὸ
3441 2443 3745 2512 καταϐολῆς
3800 2441 4029 2510 κόσμου.

2436 2540 2609 2602 Αὐτὸς
2629 2540 2736 2609 γὰρ
2765 2525 3106 2607 ἐφανέρωσεν
3133 2541 3266 2608 ήμῖν
3290 2538 3360 2590 τὰ
3382 2539 3438 2589 ὲν
3453 2537 3702 2606 οὐρανοῖς
3735 2536 4033 2604 μυστήρια.

2533 2651 2548 2684 ι
2587 2632 2721 2685 Τότε
2758 2633 2919 2702 ἀφεὶς
2969 2634 3094 2694 τοὺς
3143 2633 3356 2701 ὄχλους,
3392 2626 3557 2700 ἦλθεν
3609 2631 3690 2692 εἰς
3719 2630 3818 2696 τὴν
3857 2629 4036 2679 οξκίαν

2434 2729 2462 2780 ὁ
2514 2728 2740 2795 Ἰησοῦς.
2796 2750 2813 2776 ι
2884 2726 3090 2794 ’Λφῆκε
3149 2726 3277 2788 τοὺς
3318 2725 3508 2794 ὄχλους
3555 2725 3698 2786 τότε,
3759 2724 3846 2773 ὅτε
3881 2721 4037 2773 οὐδὲν

2439 2816 2750 2885 ὠφελοῦντο
2783 2817 2892 2870 ἀπὸ
2943 2816 3035 2886 τῆς
3067 2816 3442 2878 διδασκαλίας.
3481 2815 3650 2877 Λὺτὸς
3687 2815 3786 2882 μὲν
3817 2814 3925 2882 γὰρ
3968 2816 4025 2864 ἐν

2434 2909 2778 2978 παραϐολαῖς
2824 2909 3029 2975 ἔλεγεν,
3062 2908 3137 2971 ὡς
3177 2909 3243 2962 ἂν
3274 2910 3624 2978 ἐρωτήσωσιν
3665 2906 3852 2958 αὑτὸν·
3886 2907 4037 2957 ἐιιεῖ-

2431 3001 2592 3054 νοιδὲ
2623 3002 2682 3052 οὒ
2734 3001 3122 3069 φροντίσαντες
3171 2999 3388 3062 τούτου,
3423 2999 3543 3051 οὐδὲ
3595 2997 3930 3069 ζητήσαντές
3984 3013 4039 3049 τι

2437 3091 2651 3158 μαθεῖν,
2694 3093 2916 3153 εἰκότως
2953 3092 3205 3158 ἀφίενται
3258 3091 3387 3161 παρ’
3427 3089 3614 3143 αὑτοῦ.
3660 3108 3678 3142 ι
3719 3091 3828 3141 Καὶ
3859 3105 4038 3158 προσ·

2430 3180 2590 3248 ἦλθον
2638 3181 2787 3248 αὐτῷ
2834 3184 2882 3232 οἱ
2941 3181 3184 3250 μαθηταὶ
3229 3180 3418 3243 αὑτοῦ,
3458 3182 3739 3248 λέγοντες·
3810 3181 4029 3250 Φράσον

2433 3275 2566 3341 ἡμῖν
2602 3274 2700 3342 τὴν
2761 3272 3075 3344 παραϐολὴν
3148 3274 3258 3326 τῶν
3310 3273 3568 3338 ζιζανίων
3631 3274 3724 3326 τοῦ
3773 3273 3969 3344 ἀγροῦ.
4000 3291 4028 3324 ι

2435 3366 2571 3434 Περὶ
2598 3367 2801 3434 ταύτης
2839 3367 3008 3436 μόνης
3041 3368 3344 3437 ἐρωτῶσιν,
3381 3369 3456 3428 ὡς
3490 3367 3598 3419 τῶν
3630 3366 3809 3420 ἀλλων
3861 3384 4031 3434 σαφε-

2435 3460 2642 3527 στέρων
2691 3458 3062 3528 νομιζομένων
3106 3460 3314 3522 αὐτοῖς.
3350 3460 3577 3523 Ζιζάνια
3621 3460 3678 3512 δέ
3711 3462 3823 3511 εἱσι
3852 3459 4038 3513 πάντα

2431 3554 2500 3604 τὰ
2535 3553 2611 3622 τῷ
2666 3552 2800 3621 σίτῳ
2846 3553 3189 3621 ἐπιφυόμενα
3231 3552 3530 3623 φθαρτικὰ,
3593 3548 3750 3622 αἷρα,
3817 3550 4036 3621 ὄροϐος,

2434 3641 2699 3712 βρώμιον,
2745 3644 2841 3696 καὶ
2878 3643 3064 3697 tilia.

2507 3756 2524 3788 ι
2579 3738 2636 3790 '0
2680 3738 2734 3789 δὲ
2766 3736 3088 3807 ἀποκριθεὶς
3114 3732 3267 3790 εἶπεν
3313 3740 3520 3800 αὐτοῖς.
3563 3738 3620 3791 '0
3673 3737 3916 3807 σπείρων
3977 3737 4040 3789 τδ

2431 3829 2596 3881 καλὸν
2656 3829 2881 3899 σπέρμα
2931 3831 3077 3883 ἐστὶν
3119 3833 3147 3882 6
3206 3830 3334 3893 Υἱὸς
3383 3831 3478 3884 τοῦ
3529 3831 3820 3899 ἀνθρώπου
3856 3849 3867 3860 ·
3904 3831 4039 3884 ὁλδδ

2430 3921 2598 3992 ἀγρὸς
2643 3923 2791 3976 ἐστίν
2833 3925 2860 3976 6
2897 3924 3121 3993 κόσμος.
3164 3926 3238 3977 Τὸ
3282 3925 3339 3977 δὲ
3395 3926 3559 3978 καλὸν
3622 3927 3866 3996 σπέρμα,
3893 3921 4040 3980 οῦτοι

2430 4017 2568 4070 εἰσιν
2599 4018 2649 4069 οἱ
2689 4019 2794 4069 υιοὶ
2837 4021 2932 4087 τῆς
2975 4018 3278 4087 βασιλείας.
3312 4020 3392 4072 Τά
3441 4020 3498 4073 δὲ
3529 4021 3773 4086 ζιζάνια,
3807 4020 3952 4073 είσὶν
3986 4021 4037 4071 οί

2430 4108 2538 4159 υἱοὶ
2561 4109 2656 4159 τοῦ
2701 4110 2962 4178 πονηροῦ·
2989 4113 3016 4162 6
3038 4111 3093 4162 δὲ
3116 4111 3305 4180 ἐχθρὸς
3334 4113 3361 4165 6
3392 4112 3622 4181 σπείρας
3647 4113 3808 4177 αὐτὰ,
3836 4111 3987 4165 ἐστὶν
4009 4116 4040 4165 6

2432 4198 2701 4260 διάϐολος·
2726 4201 2753 4251 6
2779 4200 2836 4252 δὲ
2865 4200 3126 4272 θερισμὸς
3161 4206 3191 4273 ή
3224 4203 3509 4258 συντέλεια
3527 4204 3620 4257 τοῦ
3652 4204 4033 4268 αίῶνόςὲστινο

2430 4291 2477 4341 oi
2504 4289 2559 4342 δὲ
2593 4289 2836 4361 θερισταὶ
2867 4295 2918 4345 οἱ
2966 4295 3190 4363 ἄγγελοί
3232 4299 3390 4350 εἰσιν.
3428 4299 3639 4361 Ὥσπερ
3694 4294 3787 4352 οὖν
3843 4301 4036 4353 συλλέ-

2435 4397 2594 4446 γεται
2628 4383 2697 4434 τὰ
2748 4381 2966 4447 ζιζάνια
3020 4387 3115 4439 καὶ
3142 4389 3274 4458 πυρὶ
3314 4389 3554 4451 καίεται,
3585 4388 3763 4454 οῦτως
3786 4392 3940 4445 ἔσται
3975 4395 4034 4444 ἐν

2429 4477 2494 4544 τῇ
2531 4475 2816 4546 συντελείᾳ.
2866 4477 2961 4531 τοῦ
3001 4480 3201 4543 αἰῶνος
3235 4485 3429 4534 τούτου
3463 4497 3477 4510 ·
3511 4483 3811 4536 ἀποστελεῖ
3837 4487 3864 4536 6
3899 4485 4032 4549 Υἱὸς

2430 4566 2526 4618 τοῦ
2552 4567 2849 4639 ἀνθρώπου
2873 4572 2999 4633 τοὺς
3032 4572 3299 4640 ἀγγέλους
3325 4574 3516 4637 αὑτοῦ,
3553 4578 3646 4628 καὶ
3680 4577 4038 4642 συλλέξουσιν

743 4637 1111 4707 iniquitatem,
1145 4655 1204 4694 ac
1240 4640 1460 4694 mittent
1487 4643 1607 4695 illos
1640 4643 1690 4694 in
1730 4643 2003 4696 caminum
2043 4646 2217 4707 ignis:
2254 4647 2325 4699 ibi
2359 4668 2398 4726 ι]

2437 4662 2501 4712 ἐκ
2559 4662 2655 4730 τῆς
2712 4663 2987 4730 βασιλείας
3039 4666 3206 4718 αὑτοῦ
3252 4666 3431 4719 πάντα
3476 4667 3548 4719 τὰ
3594 4667 3891 4734 σκάνδαλα,
3937 4673 4038 4724 καὶ

740 4735 843 4786 erit
899 4734 1162 4801 ploratus,
1224 4735 1535 4804 stridorque
1600 4736 1863 4789 dentium.
1909 4756 1926 4787 ι
1989 4737 2161 4808 Supra
2211 4741 2324 4794 haec

741 4823 882 4877 dicta
939 4831 1105 4885 sunt,
1151 4838 1271 4891 qua:
1327 4825 1413 4877 hic
1475 4825 1724 4880 dicenda.
1780 4825 2108 4885 Dicebamus
2178 4832 2322 4885 enim

740 4919 879 4986 quod
910 4922 974 4972 de
1006 4919 1303 4973 haeresibus
1329 4921 1582 4989 accipiat,
1615 4937 1735 4992 qua:
1771 4926 2161 4990 permittuntur
2203 4943 2325 4983 esse

737 5024 911 5079 usque
943 5010 1009 5063 ad
1042 5015 1574 5067 consummationem
1621 5015 1824 5070 saaculi.
1858 5016 1992 5072 Nam
2025 5020 2072 5072 si
2104 5022 2326 5075 exscin-

739 5104 989 5158 dercmus
1016 5117 1070 5158 et
1118 5106 1499 5161 occideremus
1546 5109 1855 5175 hazreticos,
1893 5112 2193 5166 seditiones
2233 5114 2324 5165 lic-

743 5207 860 5247 l‘CtIl
909 5207 957 5248 et
1005 5207 1234 5266 ptrgnze;
1275 5210 1326 5252 et
1391 5198 1530 5254 forte
1584 5201 1747 5254 etiam
1783 5203 1934 5256 inulti
1982 5203 2218 5258 ﬁdelium
2271 5209 2322 5260 in

739 5286 1097 5341 seditionibus
1129 5293 1369 5358 perirent
1403 5309 1414 5345 :
1459 5294 1718 5360 quoniam
1773 5305 1826 5350 et
1856 5294 2057 5350 Paulus
2097 5310 2149 5352 et
2187 5300 2324 5353 latro

740 5381 1045 5433 habuerunt
1090 5382 1218 5434 olim
1277 5384 1482 5439 zizauia
1548 5387 1865 5456 priusquam
1933 5393 2315 5446 crediderunt:

740 5481 843 5518 non
872 5479 1088 5521 exsecta
1126 5482 1304 5523 autem
1341 5484 1468 5527 sunt
1505 5486 1629 5529 tunc
1657 5489 1881 5545 propter
1916 5479 2150 5532 futuram
2203 5482 2315 5536 fru-

739 5577 781 5626 gi
807 5574 878 5612 m.
905 5557 1097 5615 Postea
1133 5573 1311 5617 autem
1353 5567 1584 5621 fructum
1622 5570 2066 5625 attuleruutDco.
2099 5571 2320 5629 Zizania

743 5664 865 5702 Vero
898 5655 1132 5720 Spiritus
1159 5661 1328 5712 sancti
1355 5662 1476 5730 igne
1505 5667 1784 5718 combusta
1836 5675 1960 5719 sunt
1997 5677 2048 5722 et
2086 5669 2316 5727 fervore.

738 5746 921 5813 αὐτοῖς
980 5754 1143 5812 σῖτον,
1189 5754 1418 5824 ὕστερον
1447 5756 1552 5826 γὰρ
1583 5758 2045 5830 ὲκαρποφόρησαν

735 5858 1109 5899 κατεκανσαν.

2432 4752 2557 4814 τοὺς
2580 4751 2872 4817 ποιοῦντας
2906 4755 3004 4825 τὴν
3042 4757 3300 4826 ἀνομίαν,
3335 4761 3430 4812 καὶ
3449 4758 3704 4828 βαλοῦσιν
3729 4762 3928 4824 αὐτοὺς
3953 4765 4039 4827 εἰς

2430 4844 2528 4917 τὴν
2575 4848 2803 4919 κάμινον
2835 4850 2927 4903 τοῦ
2977 4854 3147 4922 πυρός
3179 4869 3194 4885 ο
3230 4855 3348 4906 ἐκεῖ
3383 4854 3535 4908 ἔσται
3567 4859 3596 4910 6
3626 4857 3905 4928 κλαυθμὸς
3939 4859 4036 4913 καὶ

2430 4938 2458 4990 6
2483 4937 2726 5008 βρυγμὸς
2758 4940 2866 4994 τῶν
2911 4943 3162 4999 ὀδόντων.
3202 4964 3219 4996 ι
3255 4946 3398 5000 "Cha
3446 4947 3552 5001 ἔδει
3591 4949 3850 5020 ῥηθῆναι,
3887 4953 4035 5005 ἀνω-

2431 5030 2576 5098 τέρω
2611 5031 2850 5102 εἴρηται.
2895 5035 3142 5107 Εἴπομεν
3180 5039 3291 5111 γὰρ
3334 5041 3418 5096 ὅτι
3461 5044 3590 5113 περὶ
3626 5043 3734 5098 τῶν
3762 5045 4034 5116 αἱρέσεων

2434 5122 2671 5175 ἐνταῦθα
2727 5125 3111 5197 διαλαμϐάνει,
3155 5133 3359 5197 αἵτινες
3411 5135 3826 5209 συγχωροῦνται
3887 5133 4032 5193 εἶναι

2439 5213 2564 5283 ἄχρι
2633 5220 2730 5287 τῆς
2802 5223 3133 5286 συντελείας.
3203 5227 3262 5278 Εἰ
3318 5229 3426 5299 γὰρ
3488 5231 3814 5300 φονεύοιμεν
3899 5233 4031 5296 τοὺς

2437 5308 2749 5377 αἱρετικοῦς
2808 5317 2900 5367 καὶ
2945 5318 3335 5390 ὲκκόπτοιμεν,
3386 5325 3608 5389 στάσεις
3657 5327 3878 5380 ἔσονται
3931 5329 4033 5382 καὶ

2441 5398 2631 5467 μάχαι,
2668 5403 2762 5454 καὶ
2802 5406 2941 5477 τάχα
2972 5411 3068 5461 καὶ
3108 5412 3215 5463 τῶν
3248 5417 3456 5468 πιστῶν
3511 5418 3691 5470 πολλοὶ
3724 5419 4034 5493 διαφθαρή-

2441 5507 2621 5546 σονται
2652 5496 2708 5546 ὲν
2751 5501 2873 5562 ταῖς
2924 5501 3205 5557 στάσεσινο
3237 5507 3374 5560 ἀλλὰ
3423 5508 3517 5562 καὶ
3553 5510 3581 5560 6
3633 5509 3842 5575 Παῦλος
3881 5515 3975 5568 καὶ
4003 5517 4034 5569 6

2435 5581 2637 5655 λῃστὴς
2667 5589 2883 5655 ζιζάνια
2915 5591 3060 5663 εἶχον
3094 5600 3225 5668 πρὶν
3281 5602 3314 5670 ἢ
3358 5603 3672 5658 πιστεῦσαι·
3705 5608 3806 5660 οὐκ
3836 5609 4027 5673 ἐξεκό-

2436 5693 2616 5747 πησαν
2671 5679 2766 5737 οὖν
2819 5689 2963 5752 τότε,
2995 5691 3082 5744 διὰ
3139 5694 3228 5746 τὸν
3288 5695 3551 5765 μέλλοντα
3603 5699 3907 5770 βλαστῆσαι
3969 5704 4030 5756 ὲν

2075 5763 2148 5833 τῷ
2180 5765 2297 5833 Θεῴ
2319 5782 2330 5794 ⁸
2378 5769 2444 5820 τὰ
2515 5773 2570 5825 δὲ
2614 5776 2850 5848 ζιζάνια,
2884 5782 2958 5852 τῷ
2997 5787 3128 5857 πυρὶ
3194 5789 3286 5842 τοῦ
3321 5789 3636 5861 Πνεύματος
3661 5795 3752 5848 καὶ
3787 5798 3853 5867 τῇ
3879 5794 4028 5860 ξὲσιι
