4288 6444
283 401 397 466 289

909 388 1358 454 ENARRATIO
1398 389 1478 449 ΙΝ
1522 383 2027 448 EVANGELIUM
2075 381 2462 450 MATTHEI.
2494 384 2602 445 -ί

1265 388 1358 449 'IO
1398 389 1478 449 ΙΝ
1522 383 2027 448 EVANGELIUM
2075 381 2462 450 ΜΑΤἸἮΒῙ.
2494 383 2741 447 -CAP.
2784 386 2958 447 XIII.

3456 392 3572 454 290

362 533 379 564 ι
420 511 554 563 τότε
588 509 638 560 oi.
663 508 862 560 δίκαιοι
898 503 1271 574 ἐκλάμψουσιν
1299 500 1372 563 ὡς
1402 501 1430 553 6
1483 500 1634 569 ἥλιος
1706 501 1763 550 ὲν
1797 500 1865 567 τῇ
1901 503 1946 554 Α

1863 503 1946 564 ,Δ
2058 495 2220 550 Vens.
2265 496 2355 551 45.
2397 514 2417 548 ι
2451 495 2620 564 l'l‘unc
2665 495 2798 561 justi
2846 495 3128 567 fulgebunt
3175 496 3318 553 sicut
3375 501 3452 552 sol
3507 507 3556 553 in

279 605 530 677 βασιλείᾳ
576 601 669 656 τοῦ
702 600 914 668 Ηατρὸς
965 597 1180 651 αὐτῶν
1220 598 1246 646 ὁ
1277 594 1416 663 ἔχων
1456 587 1572 645 ὦτα
1629 591 1871 654 ἀκούειν,

276 700 544 754 ἀκουέτω.
585 714 603 744 ι
651 694 808 748 Ἐπεὶ
839 696 867 745 6
922 691 1071 759 ἥλιος
1115 689 1264 740 δοκεῖ
1306 688 1443 756 ἡμῖν
1477 685 1700 736 πάντων
1759 681 1870 734 τῶν

275 791 524 856 ἀστέρων
569 784 975 855 λαμπρότατος,
1038 779 1127 832 διά
1183 777 1340 831 τοῦτο
1397 772 1679 844 συγκρίνει
1737 771 1874 840 πρὸς

275 884 372 936 τὸν
411 880 562 950 ἥλιον
606 878 705 948 τὴν
748 876 856 928 τῶν
883 873 1108 927 δικαίων
1143 868 1528 938 λαμπρότητα.
1590 864 1746 918 Ἐπεὶ
1780 863 1874 916 καὶ

278 975 418 1045 ὑπὲρ
443 975 534 1026 τὸν
582 971 733 1040 ἥλιον
763 966 1040 1038 λάμψουσι
1060 981 1074 995 ⁸
1103 965 1313 1035 μήποτε
1363 962 1420 1014 δὲ
1459 959 1651 1027 ἐπειδὴ
1682 957 1872 1021 ἹΙλιος

272 1063 623 1132 δικαιοσύνης
669 1060 819 1112 ἐστὶν
876 1061 904 1111 ό
959 1055 1212 1124 Χριστὸς,
1246 1053 1370 1105 τότε
1406 1053 1456 1103 oi
1521 1051 1724 1103 δίκαιοι
1781 1051 1872 1101 ὲκ-

276 1154 588 1225 λάμψουσιν
646 1150 721 1213 ὡς
773 1151 802 1201 6
853 1143 1110 1217 Xpta‘rtic'
1149 1144 1366 1196 ἔσονται
1391 1141 1502 1212 γὰρ
1553 1140 1650 1193 καὶ
1711 1137 1870 1192 αὐτοὶ

280 1247 419 1301 θεοί.

353 1403 371 1434 ι
418 1381 588 1435 Πάλιν
615 1377 773 1446 ὁμοία
805 1373 952 1427 ἐστὶν
979 1373 1011 1442 ή
1041 1369 1291 1440 βασιλεία
1330 1366 1440 1420 τῶν
1468 1364 1720 1435 οὐρανῶν
1764 1362 1865 1432 θηο

277 1471 468 1542 σαυρῷ
515 1451 890 1538 κεκρυμμένῳ
925 1464 982 1515 ὲν
1024 1459 1203 1531 ἀγρῷ,
1236 1459 1297 1512 6v
1339 1455 1528 1526 εὑρὼν
1575 1453 1867 1532 ἄνθρωπος

276 1563 510 1637 ἔκρυψε,
529 1562 624 1614 καὶ
647 1559 756 1612 ἀπὸ
779 1556 880 1626 τῆς
902 1555 1078 1626 χαρᾶς
1103 1551 1267 1606 αὐτοῦ
1299 1550 1524 1617 ὑπάγει,
1555 1547 1736 1602 πάντα
1760 1546 1862 1598 ὅσα

275 1636 393 1728 εχει
417 1653 608 1718 πωλεῖ,
648 1651 742 1704 καὶ
769 1646 1031 1720 ἀγοράζει
1068 1646 1160 1699 τὸν
1192 1643 1360 1713 ἀγρὸν
1394 1643 1624 1695 ἐκεῖνον.
1671 1636 1867 1728 ’Δγρδς

274 1725 559 1818 δηκόσμος,
587 1742 862 1814 θησαυρὸς
902 1741 965 1794 τὸ
1012 1741 1276 1810 κήρυγμα
1320 1735 1414 1787 καὶ
1444 1734 1477 1802 ἡ
1505 1731 1710 1801 γνῶσις
1768 1725 1865 1781 τοῦ

274 1836 537 1910 Χριστοῦ.
575 1835 902 1906 Κέκρυπται
931 1832 987 1886 δὲ
1030 1834 1089 1885 ὲν
1131 1829 1210 1899 τῷ
1262 1828 1474 1896 κόσμῳ.
1499 1823 1701 1904 Σοφίαν
1731 1820 1862 1891 γάρ,

1978 604 2146 659 regno
2172 587 2350 658 Patris
2374 585 2479 642 sui.
2501 587 2603 654 Qui
2623 588 2784 641 habet
2814 603 2975 642 aures
3007 589 3281 653 audiendi,
3305 593 3507 645 audiat.
3549 613 3567 644 ι

1979 682 2249 747 Quoniam
2275 681 2356 736 sol
2393 681 2603 734 videtur
2637 681 2795 736 nobis
2854 682 3110 737 omnibus
3142 685 3321 738 stellis
3355 686 3568 754 fulgen-

1979 776 2108 839 tior,
2146 786 2437 845 propterea
2460 787 2738 843 comparat
2764 776 2872 845 70
2897 775 2996 829 soli
3034 775 3304 842 iustorum
3337 777 3562 831 clarita—

1977 875 2107 921 tem.
2131 865 2266 920 Nam
2287 875 2343 920 et
2373 881 2537 931 super
2567 866 2736 921 solem
2767 866 3070 935 fulgebunt,
3095 867 3330 942 fortasse
3361 875 3568 928 autem,

1975 960 2100 1028 quia
2143 957 2236 1013 Sol
2267 959 2494 1028 iustitia:
2520 959 2794 1013 Christus.
2820 958 3130 1027 Tuncjusti
3198 958 3483 1029 fulgebunt
3514 971 3572 1013 nt

1973 1053 2246 1109 Christus.
2286 1053 2461 1109 Erunt
2491 1055 2637 1109 enim
2673 1064 2727 1108 et
2757 1053 2859 1124 ipsi
2896 1054 2992 1108 dii.

2042 1370 2211 1426 Vitas.
2238 1370 2328 1427 ﬂ.
2371 1385 2625 1448 giternm
2675 1370 2857 1424 simile
2888 1379 2972 1424 est
3020 1384 3247 1440 regnum
3301 1371 3566 1428 ccelornm

1972 1466 2230 1520 thesziuro
2269 1466 2323 1517 in
2371 1478 2502 1532 agro
2527 1464 2866 1527 abscondito,
2923 1478 3081 1530 quem
3142 1464 3305 1517 homo
3339 1466 3428 1532 qni
3485 1467 3566 1517 in-

1970 1559 2138 1618 venit.
2205 1557 2510 1618 abscondit,
2555 1566 2610 1610 et
2670 1571 2780 1622 pra:
2851 1555 3048 1625 gaudio
3099 1554 3244 1610 illius
3313 1558 3459 1610 vadit
3515 1570 3572 1611 et

1968 1650 2152 1704 vendit
2214 1649 2466 1704 universa
2546 1663 2668 1718 quae
2728 1649 2940 1712 habet,
3027 1657 3084 1702 et
3161 1649 3296 1701 emit
3375 1664 3566 1716 agrum

1967 1741 2143 1797 illum.
2203 1760 2222 1793 ι
2283 1744 2449 1812 Ager,
2517 1741 2755 1794 mundus
2814 1756 2828 1792 :
2894 1739 3200 1803 thesaurus,
3257 1742 3569 1809 praedicatio

1967 1844 2021 1889 et
2043 1834 2277 1889 scientia
2317 1833 2547 1889 Christi.
2590 1833 2852 1888 Occultos
2894 1842 2979 1886 est
3021 1843 3201 1886 autem
3235 1833 3288 1885 in
3337 1834 3560 1886 mundo.

278 1923 452 1996 φησὶν
476 1923 507 1976 6
557 1921 793 1988 Παῦλος,
821 1920 1166 1993 κηρύττομεν
1203 1917 1304 1986 τὴν
1334 1912 1860 1994 ἀποκεκρυμμένην·
1899 1926 1940 1981 Β

1899 1926 1940 1981 Β
1973 1923 2316 1995 Sapientiam
2353 1927 2524 1989 cnim,
2568 1923 2747 1992 inquit
2798 1927 3016 1986 l'anlus,
3049 1926 3408 1993 praedicamus
3438 1929 3565 1978 abs-

275 2023 306 2075 6
355 2019 413 2073 δὶ
444 2018 626 2087 ζητῶν
656 2018 757 2088 τὴν
799 2016 892 2068 τοῦ
945 2012 1078 2068 Θεοῦ
1129 2012 1354 2079 γνῶσιν,
1385 2007 1630 2079 εὑρίσκει
1671 2009 1862 2078 αὐτήν·

275 2114 372 2166 καὶ
409 2114 586 2184 πάντα
630 2111 729 2162 ὅσα
769 2108 919 2178 ἔχει,
977 2105 1088 2159 εἴτε
1143 2105 1391 2174 δόγματα
1439 2103 1717 2172 ἑλληνικά,
1756 2101 1867 2153 εἴτε

275 2206 384 2276 ἧθη
433 2204 725 2275 πονηράη
757 2201 865 2255 εἴτε
915 2200 1209 2270 χρήματα,
1267 2201 1448 2265 ῥίπτει
1484 2195 1709 2256 εὐθέως,
1771 2193 1866 2248 καὶ

277 2295 538 2366 ἀγοράζει
567 2293 660 2346 τὸν
687 2292 881 2364 ἀγρὸν,
945 2291 1198 2343 τουτέστι
1225 2329 1238 2351 ,
1265 2288 1357 2340 τὸν
1409 2287 1612 2358 κόσμον
1632 2304 1645 2316 ·
1677 2286 1865 2356 κτῆμα

274 2392 386 2458 γὰρ
438 2388 566 2439 ίδιον
607 2388 720 2455 ἔχει
753 2385 845 2442 τὸν
891 2382 1115 2451 κόσμον,
1155 2382 1184 2433 6
1217 2379 1316 2450 τὴν
1349 2379 1548 2447 γνῶσιν
1591 2377 1685 2431 τοῦ
1731 2379 1864 2447 Χρι·

276 2481 405 2535 στοῦ
438 2481 598 2551 ἔχων·
628 2477 781 2533 οὐδὲν
821 2476 930 2546 γὰρ
965 2475 1125 2546 ἔχων,
1153 2476 1220 2526 τά
1251 2475 1426 2527 πάντα
1470 2471 1714 2543 κατέχει,
1769 2473 1865 2524 καὶ

273 2575 436 2627 δοῦλα
483 2575 597 2644 ἔχει
627 2572 694 2624 τά
725 2571 988 2640 στοιχεῖα,
1017 2569 1323 2621 ὲπιτάττων
1349 2567 1534 2628 αὐτοῖς
1565 2565 1638 2628 ὡς
1673 2565 1701 2616 6
1752 2566 1862 2634 'ln-

277 2665 428 2730 σοῦς,
461 2666 536 2727 ὡς
561 2663 789 2732 Μωσῆς.

350 2800 370 2834 ι
421 2780 591 2834 Πάλιν
638 2778 802 2848 ὁμοία
852 2776 1000 2830 ἐστὶν
1052 2775 1086 2845 ἠ
1150 2773 1397 2845 βασιλεία
1454 2772 1562 2826 τῶν
1615 2770 1862 2842 οὐρανῶν

273 2872 548 2942 ἀνθρώπῳ
588 2870 817 2942 ἐμπόρῳ
866 2867 1120 2938 ζητοῦντι
1175 2865 1374 2927 καλοὺς
1407 2863 1771 2934 μαργαρίτας,
1801 2861 1863 2926 ὃς

272 2964 450 3038 εὑρὼν
475 2965 572 3017 ἱνα
601 2962 898 3031 πολύτιμον
924 2961 1293 3032 μαργαρίτην,
1317 2957 1574 3012 ἀπελθὼν
1605 2958 1862 3028 πέπρακε

274 3059 453 3112 πάντα
489 3060 593 3111 ὅσα
622 3051 760 3126 εἶχε,
783 3057 878 3108 καὶ
924 3054 1199 3124 ἠγόρασεν
1248 3051 1436 3105 αὐτόν.
1468 3070 1486 3102 ι
1519 3049 1799 3118 Θάλασσα,
1833 3051 1862 3105 6

275 3151 468 3222 παρὼν
500 3149 634 3218 βίος.
667 3151 965 3220 Ἔμποροι,
991 3149 1042 3200 oi
1075 3148 1162 3200 διὰ
1180 3147 1372 3200 τούτου
1407 3144 1861 3216 διερχόμενοικαὶ

271 3244 566 3316 ζητοῦντες
621 3242 823 3312 γνῶσίν
853 3259 976 3296 τινα
1015 3231 1217 3311 εὖρεῐν.
1248 3240 1440 3294 Πολλοὶ
1484 3240 1583 3310 μὲν
1617 3238 1713 3292 οῦν
1769 3239 1858 3291 δο-

1971 2020 2267 2074 conditam.
2323 2019 2586 2084 anerens
2633 2027 2813 2070 autem
2870 2002 3153 2070 scientiam
3201 2019 3314 2082 Dei,
3363 2019 3569 2070 invenit

1970 2126 2090 2185 eam
2125 2130 2138 2165 :
2173 2120 2221 2162 et
2262 2111 2446 2164 omnia
2490 2124 2611 2179 qum
2638 2108 2821 2170 habet,
2866 2108 2980 2160 sive
3018 2109 3236 2177 gentilia
3289 2107 3566 2176 dogmata,

1970 2196 2087 2258 sive
2123 2203 2296 2257 malos
2343 2217 2549 2266 mores,
2585 2203 2702 2256 sive
2745 2201 2986 2264 divitias,
3026 2201 3210 2269 abjicit
3271 2200 3479 2258 Statim.
3513 2215 3569 2252 et

1971 2299 2155 2353 vendit
2193 2313 2402 2368 agrum.
2441 2297 2491 2352 id
2525 2308 2630 2361 est,
2668 2297 2951 2349 mundum.
2978 2293 3112 2348 Nam
3137 2296 3230 2364 qui
3271 2295 3562 2347 scientiam

1970 2394 2134 2449 habet
2160 2393 2388 2456 Christi,
2418 2395 2818 2462 possessionem
2867 2392 3146 2462 propriam
3202 2391 3366 2445 habet
3413 2406 3569 2442 ninn-

1968 2489 2089 2542 dant
2125 2503 2140 2552 ;
2179 2487 2314 2540 nihil
2347 2486 2489 2541 enim
2521 2488 2749 2551 habens,
2806 2486 2989 2538 omnia
3042 2485 3300 2552 possidet,
3344 2493 3399 2537 et
3457 2484 3565 2537 elc-

1969 2581 2147 2626 meuta
2183 2573 2230 2627 ei
2255 2574 2521 2638 serviunt,
2551 2583 2606 2626 et
2635 2573 2865 2642 imperat
2896 2572 3023 2634 illis,
3055 2574 3196 2625 sicut
3226 2582 3282 2624 et
3311 2568 3471 2624 Jesus
3510 2583 3566 2621 et

1969 2663 2205 2736 Moyses.

2049 2779 2214 2834 Vens.
2258 2779 2348 2843 65,
2386 2778 2478 2834 46.
2515 2796 2534 2830 ι
2565 2777 2764 2833 Iterum
2787 2777 2965 2833 simile
2997 2788 3081 2830 cst
3133 2793 3357 2846 regnum
3393 2779 3566 2831 (ταξιο-

1967 2886 2086 2925 rum
2121 2871 2325 2924 homini
2354 2871 2680 2940 negotiatori
2718 2870 2982 2940 quaerenti
3016 2869 3184 2924 bonas
3213 2872 3564 2938 margaritas,

1966 2965 2058 3034 qui
2133 2979 2255 3019 cum
2330 2948 2538 3018 invenit
2599 2979 2764 3018 unam
2829 2965 3122 3032 pretiosam
3170 2964 3564 3034 margaritam,

1972 3055 2164 3112 abiens
2195 3056 2436 3110 vendidit
2465 3056 2651 3110 omnia
2682 3070 2804 3124 qua:
2827 3055 3157 3125 possidebat,
3195 3065 3248 3108 ct
3292 3066 3567 3108 ttierCnlns

1961 3159 2048 3203 est
2071 3147 2239 3202 illam.
2276 3166 2294 3200 ι
2332 3146 2479 3202 Mare
2504 3155 2589 3201 est
2622 3162 2864 3216 praesens
2889 3148 3020 3199 vita.
3046 3145 3444 3215 Negotiatores.
3474 3147 3564 3214 qui

1965 3257 2064 3312 per
2107 3244 2245 3295 hanc
2267 3240 2548 3294 ambulant
2570 3249 2624 3293 et
2657 3248 2909 3308 quaerunt
2951 3239 3237 3293 scientiam
3271 3239 3562 3302 quamdam

271 3337 433 3392 κοῦσι
470 3337 829 3406 μαργαρῖται,
866 3335 922 3385 αί
969 3333 1081 3386 τῶν
1116 3331 1323 3386 πολλῶν
1354 3331 1538 3400 σοφῶν
1569 3329 1750 3396 δόξαι·
1778 3323 1858 3393 εἷς
1887 3335 1932 3396 ρ

1887 3335 1932 3396 C
1965 3336 2231 3390 invenire.
2266 3333 2445 3388 Multae
2469 3335 2615 3386 enim
2648 3333 2982 3402 margarita.
3014 3331 3310 3385 multorum
3353 3332 3565 3398 sapien-

267 3430 327 3483 δὲ
356 3440 384 3482 ο
431 3428 748 3495 πολύτιμος.
796 3425 912 3479 Μία
950 3425 1058 3495 γὰρ
1109 3427 1144 3495 η
1198 3424 1448 3494 ἀλήθεια,
1485 3423 1604 3493 ἥτις
1633 3421 1783 3475 εστὶν
1829 3425 1859 3474 6

269 3521 525 3592 Χριστός.
587 3518 796 3587 Ὠσπερ
835 3517 927 3571 οῦν
957 3519 985 3569 6
1012 3515 1358 3587 μαργαρίτης
1390 3516 1686 3584 ἱστορεῖται
1731 3529 1858 3581 γεν-

274 3616 470 3672 νᾶσθαι
501 3618 558 3667 ὲν
591 3614 824 3682 ὀστρέῳ,
858 3607 1012 3681 ᾧπερ
1069 3611 1345 3678 ἀνοίγοντι
1370 3610 1470 3670 τὰς
1503 3609 1734 3677 πτύχας,
1775 3609 1860 3660 ἐν·

269 3710 502 3778 σκήπτει
533 3707 812 3776 ἀστραπήο
845 3700 966 3757 εἶτα
1011 3703 1174 3756 πάλιν
1207 3701 1587 3771 συγκλείοντος
1627 3700 1856 3764 ταύτας,

266 3795 335 3847 ὲκ
371 3794 467 3863 τῆς
498 3791 790 3864 ἀστραπῆς
841 3791 936 3844 καὶ
969 3789 1066 3860 τῆς
1099 3789 1292 3861 δρόσου
1347 3787 1789 3858 συλλαμϐάνεται
1829 3789 1858 3840 6

269 3885 642 3957 μαργαρίτης,
678 3886 772 3936 καὶ
810 3883 897 3936 διὰ
948 3881 1106 3934 τοῦτο
1137 3879 1463 3942 λευκότατός
1497 3882 1665 3933 ἐστιν’
1698 3877 1845 3931 οὕτω

266 3977 368 4030 καὶ
402 3977 430 4028 6
469 3976 703 4046 Χριστὸς
735 3974 791 4026 ἐν
822 3974 887 4041 τῇ
915 3971 1174 4041 Παρθένῳ
1204 3967 1511 4038 συνελήφθη
1542 3968 1600 4033 ἐξ
1653 3968 1858 4036 ἀστρα-

268 4073 378 4141 ττῆς
409 4077 506 4141 τῆς
539 4069 765 4132 ἄνωθεν,
795 4067 887 4120 τοῦ
922 4067 1081 4133 ἁγίου
1111 4063 1448 4133 Πνεῦματοςσ
1489 4065 1582 4114 καὶ
1603 4059 1795 4130 ὥσπερ
1829 4060 1858 4112 6

274 4162 626 4234 μαργαρίτην
671 4159 829 4229 ἔχων,
870 4157 1130 4218 πολλάκις
1157 4155 1407 4223 κατέχων
1443 4150 1635 4204 τοῦτον
1668 4152 1726 4202 ἐν
1786 4151 1854 4219 τῇ

265 4257 434 4326 χειρὶ,
470 4254 631 4316 αὐτὸς
667 4252 764 4320 μὲν
805 4245 914 4302 οἶδε
951 4251 1115 4300 ’πεί-τον
1167 4247 1398 4300 πλοῦτον
1444 4245 1578 4315 ἔχει,
1618 4242 1767 4297 ἄλλοι
1799 4241 1857 4293 δὲ

263 4345 574 4411 ἀγνοοῖηιν·
615 4343 760 4396 οὕτω
815 4343 909 4395 καὶ
941 4341 1001 4392 τὸ
1033 4342 1294 4409 κήρυγμα
1355 4341 1413 4391 ὲν
1453 4340 1566 4400 τοῖς
1624 4335 1856 4404 ἀφανέσι

265 4438 359 4490 καὶ
388 4436 631 4490 εὐτελέσι
658 4434 982 4506 κρύπτεται.
1014 4433 1103 4483 .‘tsi
1137 4428 1228 4483 οὖν
1263 4429 1451 4484 τοῦτον
1490 4429 1584 4481 τὸν
1642 4443 1860 4498 μαργαο

264 4529 426 4600 ρίτην
452 4527 706 4590 κτᾶσθαι,
737 4526 917 4578 πάντα
942 4525 1202 4586 διόόντας.

343 4664 361 4696 ι
430 4644 598 4696 Πάλιν
644 4642 805 4710 ὁμοία
866 4639 1075 4707 ἐστὶνὴ
1132 4638 1380 4707 βασιλεία
1449 4638 1556 4693 τῶν
1609 4641 1854 4712 οὐρανῶν

1967 3436 2077 3481 tum
2109 3427 2418 3496 opiniones.
2456 3423 2574 3480 Una
2637 3435 2818 3478 autem
2863 3425 3124 3493 pretiosa,
3158 3438 3264 3476 una
3311 3433 3392 3476 est
3425 3425 3567 3478 veri-

1965 3531 2070 3588 tas,
2103 3536 2222 3590 qua:
2249 3519 2460 3573 scilicet
2506 3518 2760 3572 Christus
2793 3528 2898 3575 esy.
2930 3517 3098 3587 Igitur
3127 3517 3267 3569 sicut
3315 3516 3380 3568 de
3421 3531 3568 3568 mar-

1962 3614 2137 3683 garita
2182 3613 2418 3666 traditur
2458 3611 2603 3680 quod
2651 3611 2703 3662 in
2755 3610 2963 3663 concha
3012 3618 3294 3665 nascatur,
3335 3622 3455 3675 qua:
3505 3623 3564 3658 ειε

1961 3705 2140 3776 aperit
2197 3713 2439 3773 tempore
2479 3703 2724 3773 fulgoris,
2774 3711 2828 3756 et
2873 3703 2996 3755 dein
3061 3702 3260 3753 iterum
3307 3700 3509 3753 claudit
3549 3741 3559 3752 .

1963 3799 2273 3866 concipitur
2305 3799 2490 3865 itaque
2515 3804 2628 3850 tum
2656 3811 2722 3851 ex
2751 3795 2962 3864 fulgore
2989 3805 3040 3849 ct
3071 3809 3214 3860 rore,
3251 3802 3564 3863 propterea-

1961 3905 2066 3960 que
2093 3890 2323 3944 candida
2354 3898 2432 3944 est
2468 3907 2482 3942 :
2517 3889 2596 3943 sic
2641 3897 2694 3941 et
2721 3887 2970 3942 Christus
3007 3887 3059 3940 in
3096 3885 3317 3951 Virgine
3362 3899 3562 3939 conce-

1961 3991 2151 4051 ceptus
2179 3990 2281 4048 est,
2310 3997 2373 4036 ex
2401 3997 2634 4050 superno
2666 3979 2877 4050 fulgore
2915 4021 2930 4044 ,
2959 3979 3192 4050 Spiritus
3222 3979 3394 4032 sancti
3421 3979 3566 4030 scili-

1961 4085 2067 4130 cet.
2095 4075 2159 4129 Et
2218 4076 2358 4129 sicut
2409 4088 2553 4143 saape
2611 4073 2960 4142 margaritam
3016 4082 3207 4126 tenens
3259 4071 3311 4122 in
3377 4084 3564 4130 manu,

1964 4169 2075 4237 ipse
2097 4170 2199 4220 st-it
2223 4176 2456 4235 quiantas
2481 4166 2680 4220 habeat
2699 4164 2938 4226 divitias,
2963 4164 3046 4216 alii
3067 4173 3245 4216 autem
3271 4161 3564 4231 ignorant:

1964 4259 2034 4310 ita
2071 4269 2125 4312 et
2162 4257 2474 4325 prmdicatio
2501 4257 2550 4309 in
2589 4254 2842 4309 obscuris
2873 4263 2925 4306 et
2948 4252 3289 4316 simplicibus
3321 4253 3561 4304 absc0n-

1963 4353 2076 4406 dita
2109 4360 2214 4405 est.
2242 4350 2409 4406 Docet
2440 4349 2606 4420 igitur
2639 4361 2698 4404 ut
2727 4347 2870 4403 datis
2898 4345 3154 4401 omnibus
3204 4345 3558 4414 margaritam

1964 4445 2101 4498 hanc
2122 4443 2520 4512 possideamus.

2039 4644 2203 4699 Vsus.
2234 4643 2425 4699 67.50.
2461 4663 2478 4695 ι
2527 4642 2726 4698 Iterum
2769 4642 2949 4698 simile
2992 4653 3074 4699 est
3127 4659 3352 4712 regnum
3387 4643 3560 4698 cmlo-

262 4741 478 4808 σαγήνῃ
518 4737 774 4808 βληθείσῃ
814 4738 894 4798 εἰς
957 4734 1058 4805 τὴν
1101 4735 1378 4787 θάλασσαν
1419 4735 1514 4786 καὶ
1553 4737 1616 4788 ἐκ
1657 4737 1856 4800 παντὸς
1883 4717 1936 4776 Ῑ)

1883 4717 1936 4776 Ῑ)
1967 4755 2082 4792 rum
2132 4753 2369 4809 sagenm,
2399 4754 2522 4808 qnze
2555 4740 2606 4792 in
2645 4753 2793 4792 mare
2826 4739 2992 4792 missa
3045 4753 3112 4792 ex
3153 4738 3299 4790 omni
3358 4752 3562 4807 genere

261 4834 452 4900 γένους
469 4828 887 4898 συναγωγούσῃ.
907 4828 975 4896 ἢν
999 4827 1086 4878 ὅτε
1107 4825 1403 4895 ἐπληρώθη
1423 4825 1860 4889 ἀναϐιϐάσαντες

1857 4847 1860 4857 ’
1958 4832 2332 4900 congregavit,
2366 4847 2532 4901 quam
2573 4840 2632 4884 ut
2688 4831 2904 4897 impleta
2943 4829 3138 4884 fuisset
3185 4830 3550 4883 subducemus

259 4923 355 4978 ὲπὶ
389 4923 480 4975 τόν
503 4919 772 4989 αἰγιαλὸν,
802 4920 897 4972 καὶ
925 4917 1271 4980 καθίσαντες,
1302 4917 1593 4982 συνέλεξαν
1617 4918 1683 4970 τά
1716 4918 1859 4971 καλά

1957 4923 2024 4976 ad
2060 4923 2235 4988 littus,
2263 4935 2320 4979 et
2370 4925 2625 4978 sedentes
2675 4923 3012 4994 collegerunt
3079 4938 3193 4994 pta:
3237 4926 3372 4977 bena
3409 4934 3555 4987 sunt,

259 5017 340 5078 είς
369 5016 590 5082 ἀγγεῖα,
619 5012 689 5064 τά
746 5011 803 5065 δὲ
844 5008 1030 5080 σαπρὰ
1075 5008 1186 5073 ἔξω
1223 5008 1416 5062 ἔϐαλον
1446 5026 1460 5041 ο
1497 5008 1670 5072 οὕτως
1703 5009 1858 5063 ἔσται

1955 5021 2010 5074 in
2043 5033 2170 5072 vasa
2201 5036 2214 5071 :
2253 5033 2374 5086 qua:
2411 5031 2542 5072 vero
2595 5017 2760 5082 mala,
2791 5017 2938 5072 foras
2990 5018 3295 5087 ejecernnt.
3327 5016 3419 5070 Sic
3448 5021 3555 5070 erit

259 5109 318 5159 tv
350 5109 424 5177 τῇ
445 5105 729 5175 συντελείᾳ
761 5101 859 5156 τοῦ
905 5104 1123 5165 αἰῶνος.
1181 5101 1595 5166 Ἐξελεύσονται
1652 5105 1700 5157 oi
1750 5104 1855 5172 ἀγ-

1961 5113 2012 5166 in
2050 5111 2522 5167 consummatione
2551 5113 2756 5164 smcnli.
2821 5109 3060 5164 Exibunt
3089 5111 3288 5179 angeli,
3316 5121 3370 5164 et
3399 5125 3555 5178 seiu-

261 5203 431 5266 γελοι,
462 5200 556 5251 καὶ
607 5197 893 5266 ἀφοριοῦσι
929 5197 1054 5260 τοὺς
1097 5199 1368 5267 πονηροὺς
1409 5199 1476 5250 ὲκ
1531 5196 1699 5266 μέσου
1744 5197 1856 5250 τῶν

1957 5207 2154 5259 ralnint
2189 5203 2356 5257 malos
2398 5204 2463 5257 de
2498 5205 2677 5258 medio
2700 5204 2995 5269 jnstorum,
3021 5215 3075 5258 et
3120 5204 3334 5257 mittent
3368 5219 3462 5256 eos
3505 5204 3555 5254 in

257 5292 506 5355 δικαίων,
561 5291 655 5342 καὶ
692 5289 951 5360 βαλοῦσιν,
989 5290 1188 5351 αὐτοὺς
1217 5290 1296 5352 εἰς
1331 5290 1430 5359 τὴν
1475 5290 1708 5358 κάμινον
1754 5289 1849 5344 τοῦ

1961 5297 2234 5350 caminum
2265 5296 2528 5364 ignis,ibi
2564 5297 2667 5349 erit
2704 5294 2862 5349 nctus
2894 5306 2947 5349 ct
2975 5296 3180 5349 stridor
3226 5297 3496 5348 dentium.
3535 5314 3550 5343 υ

259 5384 452 5455 πυρός·
488 5385 604 5438 ὲκεῐ
654 5382 888 5437 ἓσται’ό
934 5383 1214 5452 κλαυθμὸς
1268 5383 1363 5435 καὶ
1392 5385 1419 5435 6
1464 5381 1712 5452 βρυγμὸς
1741 5383 1852 5435 τῶν

1962 5387 2252 5442 Terribilis
2285 5400 2368 5442 eat
2407 5389 2520 5442 haec
2564 5388 2820 5458 parabola
2853 5406 2867 5453 ;
2917 5389 3156 5458 ostendit
3190 5389 3332 5441 enim
3385 5387 3554 5455 quod,

255 5477 508 5531 ὀδόντων.
549 5495 567 5527 ι
594 5477 806 5546 Φοϐερά
829 5476 966 5544 αὕτη
989 5474 1350 5545 ἠπαραϐολήο
1381 5466 1625 5528 δείκνυσι
1641 5478 1749 5547 γὰρ
1765 5478 1850 5531 ὅτι

1960 5479 2084 5534 licet
2130 5483 2440 5545 credamus,
2477 5495 2582 5533 non
2655 5481 2950 5534 habeamus
3006 5492 3186 5532 autem
3231 5479 3397 5531 vitam
3460 5480 3563 5530 hoc

257 5572 362 5624 κᾶν
399 5570 766 5639 πιστεύωμεν,
807 5569 884 5638 μὴ
907 5569 1121 5640 ἔχωμεν
1162 5570 1217 5622 δὲ
1253 5569 1367 5638 βίον
1410 5569 1634 5636 ἀγαθὸν,
1667 5573 1745 5634 είς
1790 5571 1851 5622 τὸ

256 5663 369 5731 τνῦρ
392 5662 740 5734 ριφησόμεθα
761 5679 774 5692 ο
805 5664 1015 5733 σαγήνη
1054 5663 1152 5732 μὲν
1188 5663 1294 5732 γὰρ
1325 5664 1356 5731 ἡ
1383 5662 1706 5716 διδασκαλία
1739 5664 1849 5716 τῶν

252 5755 454 5810 ἀλιέων
495 5755 830 5820 ἀποστόλων,
862 5756 896 5826 ἢ
929 5756 1145 5824 ὲπλάκη
1187 5753 1295 5805 ἀπό
1338 5770 1395 5806 τε
1456 5757 1701 5824 σημείων
1755 5759 1845 5810 καὶ

258 5846 580 5919 μαρτυριῶν
624 5849 1004 5920 προφητικῶν.
1047 5850 1112 5902 Ἀ
1155 5846 1264 5918 γὰρ
1308 5846 1586 5902 ἐδίδασκον
1625 5851 1672 5902 oi
1701 5850 1842 5904 ἀπό-

1962 5590 2111 5636 nam,
2151 5573 2206 5626 in
2262 5575 2442 5642 ignem
2487 5572 2862 5641 projiciemnr.
2918 5571 3132 5642 Sagana
3199 5573 3418 5638 quidem
3472 5580 3558 5624 est

1959 5669 2204 5722 doctrinm
2263 5668 2597 5735 piscatorum
2635 5668 3026 5733 apostolorum,
3062 5682 3182 5736 qum
3221 5682 3286 5718 ex
3325 5667 3560 5717 miracu-

1957 5759 2022 5812 lis
2075 5769 2129 5813 et
2183 5759 2511 5811 testimoniis
2561 5760 2946 5827 proltltctarum
2982 5773 3230 5812 connexa
3289 5767 3390 5810 cst.
3426 5760 3560 5822 Quae

1954 5851 2100 5907 enim
2153 5850 2424 5906 docebant
2484 5852 2739 5921 apostoli,
2804 5852 3094 5910 ﬁrmabant
3154 5850 3452 5914 miraculis,
3507 5860 3562 5902 ct
