  <div class='ocr_page' id='page_1' title='image "/cluster/home/n/w/nwhite01/storage/ocr_20150623/123/nnc1.0046979670/155.png"; bbox 0 0 4288 6444; ppageno 0'>
   <div class='ocr_carea' id='block_1_1' title="bbox 761 410 866 473">
    <p class='ocr_par' dir='ltr' id='par_1_1' title="bbox 761 410 866 473">
     <span class='ocr_line' id='line_1_1' title="bbox 761 410 866 473; baseline 0 0"><span class='ocrx_word' id='word_1_1' title='bbox 761 410 866 473; x_wconf 73' lang='lat'><strong>£91</strong></span> 
     </span>
    </p>
   </div>
   <div class='ocr_carea' id='block_1_2' title="bbox 1604 393 3056 461">
    <p class='ocr_par' dir='ltr' id='par_1_2' title="bbox 1604 393 3056 461">
     <span class='ocr_line' id='line_1_2' title="bbox 1604 393 3056 461; baseline -0.004 -2"><span class='ocrx_word' id='word_1_2' title='bbox 1604 399 1908 459; x_wconf 81' lang='lat' dir='ltr'><strong>THEOPH</strong></span> <span class='ocrx_word' id='word_1_3' title='bbox 1921 396 2184 461; x_wconf 75' lang='lat' dir='ltr'><strong>Yf..-\CTI</strong></span> <span class='ocrx_word' id='word_1_4' title='bbox 2240 393 2338 454; x_wconf 85' lang='lat' dir='ltr'><strong>BU</strong></span> <span class='ocrx_word' id='word_1_5' title='bbox 2349 393 2436 452; x_wconf 84' lang='lat' dir='ltr'><strong>LG</strong></span> <span class='ocrx_word' id='word_1_6' title='bbox 2449 395 2490 452; x_wconf 82' lang='lat' dir='ltr'><strong>A</strong></span> <span class='ocrx_word' id='word_1_7' title='bbox 2503 394 2657 453; x_wconf 78' lang='lat' dir='ltr'><strong>RUE</strong></span> <span class='ocrx_word' id='word_1_8' title='bbox 2696 393 3056 454; x_wconf 81' lang='lat' dir='ltr'><strong>ARCHIEP.</strong></span> 
     </span>
    </p>
   </div>
   <div class='ocr_carea' id='block_1_3' title="bbox 3906 387 4021 452">
    <p class='ocr_par' dir='ltr' id='par_1_3' title="bbox 3906 387 4021 452">
     <span class='ocr_line' id='line_1_3' title="bbox 3906 387 4021 452; baseline 0 0"><span class='ocrx_word' id='word_1_9' title='bbox 3906 387 4021 452; x_wconf 69' lang='lat'><strong>292</strong></span> 
     </span>
    </p>
   </div>
   <div class='ocr_carea' id='block_1_4' title="bbox 755 505 2448 594">
    <p class='ocr_par' dir='ltr' id='par_1_4' title="bbox 755 508 2448 594">
     <span class='ocr_line' id='line_1_4' title="bbox 755 508 2448 594; baseline -0.011 -17"><span class='ocrx_word' id='word_1_10' title='bbox 755 524 1135 594; x_wconf 75' lang='lat' dir='ltr'><strong>prophetarum</strong></span> <span class='ocrx_word' id='word_1_11' title='bbox 1183 518 1426 572; x_wconf 75' lang='lat' dir='ltr'><strong>vocibus.</strong></span> <span class='ocrx_word' id='word_1_12' title='bbox 1473 512 1600 566; x_wconf 56' lang='lat' dir='ltr'><strong>Haec</strong></span> <span class='ocrx_word' id='word_1_13' title='bbox 1631 512 1794 578; x_wconf 70' lang='lat' dir='ltr'><strong>igitur</strong></span> <span class='ocrx_word' id='word_1_14' title='bbox 1835 524 2033 579; x_wconf 79' lang='lat' dir='ltr'><strong>aagena</strong></span> <span class='ocrx_word' id='word_1_15' title='bbox 2063 522 2128 561; x_wconf 76' lang='lat' dir='ltr'><strong>ea</strong></span> <span class='ocrx_word' id='word_1_16' title='bbox 2181 508 2327 562; x_wconf 88' lang='lat' dir='ltr'><strong>amni</strong></span> <span class='ocrx_word' id='word_1_17' title='bbox 2360 513 2406 565; x_wconf 79' lang='grc' dir='ltr'><strong>Α</strong></span> <span class='ocrx_word' id='word_1_18' title='bbox 2435 524 2448 558; x_wconf 77' lang='grc' dir='ltr'><strong>ι</strong></span> 
     </span>
    </p>
   </div>
   <div class='ocr_carea' id='block_1_5' title="bbox 2324 505 4017 594">
    <p class='ocr_par' dir='ltr' id='par_1_5' title="bbox 2324 505 4017 574">
     <span class='ocr_line' id='line_1_5' title="bbox 2324 505 4017 574; baseline -0.001 -16"><span class='ocrx_word' id='word_1_19' title='bbox 2324 513 2406 565; x_wconf 71' lang='grc' dir='ltr'><strong>ιΑ</strong></span> <span class='ocrx_word' id='word_1_20' title='bbox 2435 509 2634 569; x_wconf 86' lang='grc' dir='ltr'><strong>στολοι,</strong></span> <span class='ocrx_word' id='word_1_21' title='bbox 2680 507 2960 560; x_wconf 75' lang='grc' dir='ltr'><strong>ἐϐεϐαίουν</strong></span> <span class='ocrx_word' id='word_1_22' title='bbox 3011 509 3122 569; x_wconf 82' lang='grc' dir='ltr'><strong>τοῖς</strong></span> <span class='ocrx_word' id='word_1_23' title='bbox 3165 523 3224 558; x_wconf 88' lang='grc' dir='ltr'><strong>τε</strong></span> <span class='ocrx_word' id='word_1_24' title='bbox 3281 506 3550 574; x_wconf 80' lang='grc' dir='ltr'><strong>Θαύμασι,</strong></span> <span class='ocrx_word' id='word_1_25' title='bbox 3595 505 3689 558; x_wconf 73' lang='grc' dir='ltr'><strong>καὶ</strong></span> <span class='ocrx_word' id='word_1_26' title='bbox 3743 506 3865 566; x_wconf 80' lang='grc' dir='ltr'><strong>ταῖς</strong></span> <span class='ocrx_word' id='word_1_27' title='bbox 3907 505 4017 557; x_wconf 78' lang='grc' dir='ltr'><strong>τῶν</strong></span> 
     </span>
    </p>
   </div>
   <div class='ocr_carea' id='block_1_6' title="bbox 755 597 2326 685">
    <p class='ocr_par' dir='ltr' id='par_1_6' title="bbox 755 597 2326 685">
     <span class='ocr_line' id='line_1_6' title="bbox 755 597 2326 685; baseline -0.01 -19"><span class='ocrx_word' id='word_1_28' title='bbox 755 629 953 685; x_wconf 74' lang='lat' dir='ltr'><strong>genere</strong></span> <span class='ocrx_word' id='word_1_29' title='bbox 1008 607 1352 678; x_wconf 70' lang='lat' dir='ltr'><strong>congregavit</strong></span> <span class='ocrx_word' id='word_1_30' title='bbox 1385 644 1400 667; x_wconf 92' lang='lat'><strong>,</strong></span> <span class='ocrx_word' id='word_1_31' title='bbox 1449 603 1741 664; x_wconf 83' lang='lat' dir='ltr'><strong>Barbaros,</strong></span> <span class='ocrx_word' id='word_1_32' title='bbox 1802 601 2039 662; x_wconf 57' lang='grc' dir='ltr'><strong>σωροί,</strong></span> <span class='ocrx_word' id='word_1_33' title='bbox 2091 597 2326 662; x_wconf 68' lang='lat' dir='ltr'><strong>Iudaeos,</strong></span> 
     </span>
    </p>
   </div>
   <div class='ocr_carea' id='block_1_7' title="bbox 755 693 2331 768">
    <p class='ocr_par' dir='ltr' id='par_1_7' title="bbox 755 693 2331 768">
     <span class='ocr_line' id='line_1_7' title="bbox 755 693 2331 768; baseline -0.011 -9"><span class='ocrx_word' id='word_1_34' title='bbox 755 706 1088 762; x_wconf 80' lang='lat' dir='ltr'><strong>meretrices.</strong></span> <span class='ocrx_word' id='word_1_35' title='bbox 1122 698 1461 768; x_wconf 74' lang='lat' dir='ltr'><strong>publicanos,</strong></span> <span class='ocrx_word' id='word_1_36' title='bbox 1484 694 1747 748; x_wconf 82' lang='lat' dir='ltr'><strong>latrones.</strong></span> <span class='ocrx_word' id='word_1_37' title='bbox 1771 694 1996 759; x_wconf 80' lang='lat' dir='ltr'><strong>Quando</strong></span> <span class='ocrx_word' id='word_1_38' title='bbox 2026 705 2207 744; x_wconf 82' lang='lat' dir='ltr'><strong>autem</strong></span> <span class='ocrx_word' id='word_1_39' title='bbox 2229 693 2331 745; x_wconf 82' lang='lat' dir='ltr'><strong>im-</strong></span> 
     </span>
    </p>
   </div>
   <div class='ocr_carea' id='block_1_8' title="bbox 755 783 2332 864">
    <p class='ocr_par' dir='ltr' id='par_1_8' title="bbox 755 783 2332 864">
     <span class='ocr_line' id='line_1_8' title="bbox 755 783 2332 864; baseline -0.009 -15"><span class='ocrx_word' id='word_1_40' title='bbox 755 796 898 864; x_wconf 86' lang='lat' dir='ltr'><strong>pleta</strong></span> <span class='ocrx_word' id='word_1_41' title='bbox 926 792 1106 856; x_wconf 86' lang='lat' dir='ltr'><strong>fuerit,</strong></span> <span class='ocrx_word' id='word_1_42' title='bbox 1150 793 1248 845; x_wconf 93' lang='lat' dir='ltr'><strong>hoc</strong></span> <span class='ocrx_word' id='word_1_43' title='bbox 1280 798 1389 852; x_wconf 85' lang='lat' dir='ltr'><strong>est,</strong></span> <span class='ocrx_word' id='word_1_44' title='bbox 1421 785 1890 841; x_wconf 80' lang='lat' dir='ltr'><strong>consummabitor</strong></span> <span class='ocrx_word' id='word_1_45' title='bbox 1918 783 2171 847; x_wconf 83' lang='lat' dir='ltr'><strong>mundus,</strong></span> <span class='ocrx_word' id='word_1_46' title='bbox 2202 795 2332 842; x_wconf 83' lang='lat' dir='ltr'><strong>tunc</strong></span> 
     </span>
    </p>
   </div>
   <div class='ocr_carea' id='block_1_9' title="bbox 740 873 2334 954">
    <p class='ocr_par' dir='ltr' id='par_1_9' title="bbox 740 873 2334 954">
     <span class='ocr_line' id='line_1_9' title="bbox 740 873 2334 954; baseline -0.003 -21"><span class='ocrx_word' id='word_1_47' title='bbox 740 887 844 954; x_wconf 69' lang='grc' dir='ltr'><strong>,ψει</strong></span> <span class='ocrx_word' id='word_1_48' title='bbox 876 885 930 938; x_wconf 87' lang='lat' dir='ltr'><strong>in</strong></span> <span class='ocrx_word' id='word_1_49' title='bbox 959 896 1156 951; x_wconf 76' lang='lat' dir='ltr'><strong>aagena</strong></span> <span class='ocrx_word' id='word_1_50' title='bbox 1193 880 1836 944; x_wconf 82' lang='lat' dir='ltr'><strong>fuerint,.discernentur.</strong></span> <span class='ocrx_word' id='word_1_51' title='bbox 1879 873 2014 929; x_wconf 83' lang='lat' dir='ltr'><strong>Nam</strong></span> <span class='ocrx_word' id='word_1_52' title='bbox 2047 874 2176 929; x_wconf 89' lang='lat' dir='ltr'><strong>licet</strong></span> <span class='ocrx_word' id='word_1_53' title='bbox 2215 888 2334 928; x_wconf 79' lang='lat' dir='ltr'><strong>cne-</strong></span> 
     </span>
    </p>
   </div>
   <div class='ocr_carea' id='block_1_10' title="bbox 754 965 2335 1039">
    <p class='ocr_par' dir='ltr' id='par_1_10' title="bbox 754 965 2335 1039">
     <span class='ocr_line' id='line_1_10' title="bbox 754 965 2335 1039; baseline -0.008 -10"><span class='ocrx_word' id='word_1_54' title='bbox 754 975 1066 1032; x_wconf 85' lang='lat' dir='ltr'><strong>diJerimus.</strong></span> <span class='ocrx_word' id='word_1_55' title='bbox 1123 971 1329 1025; x_wconf 73' lang='lat' dir='ltr'><strong>inventi</strong></span> <span class='ocrx_word' id='word_1_56' title='bbox 1363 970 1467 1039; x_wconf 77' lang='lat'><strong>71</strong></span> <span class='ocrx_word' id='word_1_57' title='bbox 1501 979 1681 1023; x_wconf 85' lang='lat' dir='ltr'><strong>autem</strong></span> <span class='ocrx_word' id='word_1_58' title='bbox 1748 966 2013 1021; x_wconf 83' lang='lat' dir='ltr'><strong>fuerimus</strong></span> <span class='ocrx_word' id='word_1_59' title='bbox 2058 965 2206 1029; x_wconf 83' lang='lat' dir='ltr'><strong>mali,</strong></span> <span class='ocrx_word' id='word_1_60' title='bbox 2237 965 2335 1018; x_wconf 80' lang='lat' dir='ltr'><strong>ab-</strong></span> 
     </span>
    </p>
   </div>
   <div class='ocr_carea' id='block_1_11' title="bbox 752 1057 2331 1129">
    <p class='ocr_par' dir='ltr' id='par_1_11' title="bbox 752 1057 2331 1129">
     <span class='ocr_line' id='line_1_11' title="bbox 752 1057 2331 1129; baseline -0.004 -15"><span class='ocrx_word' id='word_1_61' title='bbox 752 1066 1012 1129; x_wconf 84' lang='lat' dir='ltr'><strong>iiciemur.</strong></span> <span class='ocrx_word' id='word_1_62' title='bbox 1047 1061 1147 1128; x_wconf 89' lang='lat' dir='ltr'><strong>Qui</strong></span> <span class='ocrx_word' id='word_1_63' title='bbox 1173 1069 1349 1116; x_wconf 88' lang='lat' dir='ltr'><strong>autem</strong></span> <span class='ocrx_word' id='word_1_64' title='bbox 1383 1076 1487 1114; x_wconf 90' lang='lat' dir='ltr'><strong>non</strong></span> <span class='ocrx_word' id='word_1_65' title='bbox 1543 1059 1705 1122; x_wconf 83' lang='lat' dir='ltr'><strong>tales,</strong></span> <span class='ocrx_word' id='word_1_66' title='bbox 1742 1057 1797 1112; x_wconf 90' lang='lat' dir='ltr'><strong>in</strong></span> <span class='ocrx_word' id='word_1_67' title='bbox 1837 1071 1970 1111; x_wconf 79' lang='lat' dir='ltr'><strong>vasa</strong></span> <span class='ocrx_word' id='word_1_68' title='bbox 2025 1058 2331 1122; x_wconf 68' lang='lat' dir='ltr'><strong>mittentur,</strong></span> 
     </span>
    </p>
   </div>
   <div class='ocr_carea' id='block_1_12' title="bbox 751 1147 2334 1217">
    <p class='ocr_par' dir='ltr' id='par_1_12' title="bbox 751 1147 2334 1217">
     <span class='ocr_line' id='line_1_12' title="bbox 751 1147 2334 1217; baseline -0.004 -10"><span class='ocrx_word' id='word_1_69' title='bbox 751 1165 952 1208; x_wconf 71' lang='lat' dir='ltr'><strong>acterna</strong></span> <span class='ocrx_word' id='word_1_70' title='bbox 988 1153 1334 1207; x_wconf 87' lang='lat' dir='ltr'><strong>tabernacula</strong></span> <span class='ocrx_word' id='word_1_71' title='bbox 1359 1152 1496 1206; x_wconf 86' lang='lat' dir='ltr'><strong>dico.</strong></span> <span class='ocrx_word' id='word_1_72' title='bbox 1523 1148 1696 1204; x_wconf 84' lang='lat' dir='ltr'><strong>Omne</strong></span> <span class='ocrx_word' id='word_1_73' title='bbox 1713 1157 1894 1202; x_wconf 86' lang='lat' dir='ltr'><strong>autem</strong></span> <span class='ocrx_word' id='word_1_74' title='bbox 1927 1163 2086 1217; x_wconf 89' lang='lat' dir='ltr'><strong>opus,</strong></span> <span class='ocrx_word' id='word_1_75' title='bbox 2105 1148 2218 1201; x_wconf 82' lang='lat' dir='ltr'><strong>sive</strong></span> <span class='ocrx_word' id='word_1_76' title='bbox 2237 1147 2334 1200; x_wconf 88' lang='lat' dir='ltr'><strong>bo-</strong></span> 
     </span>
    </p>
   </div>
   <div class='ocr_carea' id='block_1_13' title="bbox 753 1237 2336 1307">
    <p class='ocr_par' dir='ltr' id='par_1_13' title="bbox 753 1237 2336 1307">
     <span class='ocr_line' id='line_1_13' title="bbox 753 1237 2336 1307; baseline -0.006 -9"><span class='ocrx_word' id='word_1_77' title='bbox 753 1260 904 1307; x_wconf 89' lang='lat' dir='ltr'><strong>num,</strong></span> <span class='ocrx_word' id='word_1_78' title='bbox 934 1245 1049 1299; x_wconf 70' lang='lat' dir='ltr'><strong>sive</strong></span> <span class='ocrx_word' id='word_1_79' title='bbox 1087 1243 1304 1304; x_wconf 88' lang='lat' dir='ltr'><strong>malum,</strong></span> <span class='ocrx_word' id='word_1_80' title='bbox 1346 1243 1496 1294; x_wconf 80' lang='lat' dir='ltr'><strong>cibus</strong></span> <span class='ocrx_word' id='word_1_81' title='bbox 1535 1241 1732 1294; x_wconf 86' lang='lat' dir='ltr'><strong>dicitur</strong></span> <span class='ocrx_word' id='word_1_82' title='bbox 1764 1254 1886 1294; x_wconf 84' lang='lat' dir='ltr'><strong>esse</strong></span> <span class='ocrx_word' id='word_1_83' title='bbox 1913 1241 2126 1292; x_wconf 71' lang='lat' dir='ltr'><strong>animre.</strong></span> <span class='ocrx_word' id='word_1_84' title='bbox 2162 1237 2336 1290; x_wconf 77' lang='lat' dir='ltr'><strong>[labet</strong></span> 
     </span>
    </p>
   </div>
   <div class='ocr_carea' id='block_1_14' title="bbox 751 1329 2335 1404">
    <p class='ocr_par' dir='ltr' id='par_1_14' title="bbox 751 1329 2335 1404">
     <span class='ocr_line' id='line_1_14' title="bbox 751 1329 2335 1404; baseline -0.006 -14"><span class='ocrx_word' id='word_1_85' title='bbox 751 1340 895 1390; x_wconf 79' lang='lat' dir='ltr'><strong>enim</strong></span> <span class='ocrx_word' id='word_1_86' title='bbox 917 1339 1092 1390; x_wconf 89' lang='lat' dir='ltr'><strong>anima</strong></span> <span class='ocrx_word' id='word_1_87' title='bbox 1111 1334 1634 1404; x_wconf 80' lang='lat' dir='ltr'><strong>spiritualesdentes.</strong></span> <span class='ocrx_word' id='word_1_88' title='bbox 1655 1331 1805 1385; x_wconf 88' lang='lat' dir='ltr'><strong>Tunc</strong></span> <span class='ocrx_word' id='word_1_89' title='bbox 1818 1339 1994 1387; x_wconf 81' lang='lat' dir='ltr'><strong>autem</strong></span> <span class='ocrx_word' id='word_1_90' title='bbox 2012 1331 2190 1383; x_wconf 88' lang='lat' dir='ltr'><strong>anima</strong></span> <span class='ocrx_word' id='word_1_91' title='bbox 2208 1329 2335 1381; x_wconf 85' lang='lat' dir='ltr'><strong>stri-</strong></span> 
     </span>
    </p>
   </div>
   <div class='ocr_carea' id='block_1_15' title="bbox 757 1421 2336 1490">
    <p class='ocr_par' dir='ltr' id='par_1_15' title="bbox 757 1421 2336 1490">
     <span class='ocr_line' id='line_1_15' title="bbox 757 1421 2336 1490; baseline -0.004 -12"><span class='ocrx_word' id='word_1_92' title='bbox 757 1425 900 1480; x_wconf 88' lang='lat' dir='ltr'><strong>derit</strong></span> <span class='ocrx_word' id='word_1_93' title='bbox 938 1426 1060 1489; x_wconf 90' lang='lat' dir='ltr'><strong>illis,</strong></span> <span class='ocrx_word' id='word_1_94' title='bbox 1102 1428 1203 1478; x_wconf 89' lang='lat' dir='ltr'><strong>hoc</strong></span> <span class='ocrx_word' id='word_1_95' title='bbox 1242 1437 1344 1487; x_wconf 86' lang='lat' dir='ltr'><strong>est,</strong></span> <span class='ocrx_word' id='word_1_96' title='bbox 1387 1424 1701 1490; x_wconf 80' lang='lat' dir='ltr'><strong>operativas</strong></span> <span class='ocrx_word' id='word_1_97' title='bbox 1741 1435 1878 1476; x_wconf 71' lang='lat' dir='ltr'><strong>suas</strong></span> <span class='ocrx_word' id='word_1_98' title='bbox 1895 1421 2125 1474; x_wconf 81' lang='lat' dir='ltr'><strong>virtutes</strong></span> <span class='ocrx_word' id='word_1_99' title='bbox 2149 1426 2336 1472; x_wconf 83' lang='lat' dir='ltr'><strong>caute-</strong></span> 
     </span>
    </p>
   </div>
   <div class='ocr_carea' id='block_1_16' title="bbox 755 1515 1489 1585">
    <p class='ocr_par' dir='ltr' id='par_1_16' title="bbox 755 1515 1489 1585">
     <span class='ocr_line' id='line_1_16' title="bbox 755 1515 1489 1585; baseline -0.003 -16"><span class='ocrx_word' id='word_1_100' title='bbox 755 1528 835 1572; x_wconf 88' lang='lat' dir='ltr'><strong>ret</strong></span> <span class='ocrx_word' id='word_1_101' title='bbox 859 1532 924 1570; x_wconf 87' lang='lat' dir='ltr'><strong>eo</strong></span> <span class='ocrx_word' id='word_1_102' title='bbox 952 1518 1093 1585; x_wconf 83' lang='lat' dir='ltr'><strong>quod</strong></span> <span class='ocrx_word' id='word_1_103' title='bbox 1127 1517 1240 1569; x_wconf 75' lang='lat' dir='ltr'><strong>hrcc</strong></span> <span class='ocrx_word' id='word_1_104' title='bbox 1277 1515 1489 1568; x_wconf 80' lang='lat' dir='ltr'><strong>fecerit.</strong></span> 
     </span>
    </p>
   </div>
   <div class='ocr_carea' id='block_1_17' title="bbox 823 1693 2337 1759">
    <p class='ocr_par' dir='ltr' id='par_1_17' title="bbox 823 1693 2337 1759">
     <span class='ocr_line' id='line_1_17' title="bbox 823 1693 2337 1759; baseline -0.004 -8"><span class='ocrx_word' id='word_1_105' title='bbox 823 1697 985 1751; x_wconf 70' lang='lat' dir='ltr'><strong>Vens.</strong></span> <span class='ocrx_word' id='word_1_106' title='bbox 1021 1698 1111 1758; x_wconf 85' lang='lat'><strong>5|,</strong></span> <span class='ocrx_word' id='word_1_107' title='bbox 1138 1696 1226 1750; x_wconf 76' lang='lat'><strong>52.</strong></span> <span class='ocrx_word' id='word_1_108' title='bbox 1265 1717 1284 1742; x_wconf 74' lang='grc' dir='ltr'><strong>ι</strong></span> <span class='ocrx_word' id='word_1_109' title='bbox 1313 1695 1452 1749; x_wconf 87' lang='lat' dir='ltr'><strong>Dicit</strong></span> <span class='ocrx_word' id='word_1_110' title='bbox 1487 1696 1591 1750; x_wconf 84' lang='lat' dir='ltr'><strong>illis</strong></span> <span class='ocrx_word' id='word_1_111' title='bbox 1622 1694 1813 1759; x_wconf 78' lang='lat' dir='ltr'><strong>Jesns;</strong></span> <span class='ocrx_word' id='word_1_112' title='bbox 1851 1693 2198 1747; x_wconf 76' lang='lat' dir='ltr'><strong>intellexistis</strong></span> <span class='ocrx_word' id='word_1_113' title='bbox 2225 1693 2337 1746; x_wconf 76' lang='lat' dir='ltr'><strong>ha-c</strong></span> 
     </span>
    </p>
   </div>
   <div class='ocr_carea' id='block_1_18' title="bbox 754 1784 2338 1854">
    <p class='ocr_par' dir='ltr' id='par_1_18' title="bbox 754 1784 2338 1854">
     <span class='ocr_line' id='line_1_18' title="bbox 754 1784 2338 1854; baseline -0.005 -11"><span class='ocrx_word' id='word_1_114' title='bbox 754 1789 982 1843; x_wconf 78' lang='lat' dir='ltr'><strong>Omnia?</strong></span> <span class='ocrx_word' id='word_1_115' title='bbox 1018 1787 1216 1841; x_wconf 85' lang='lat' dir='ltr'><strong>Dicunt</strong></span> <span class='ocrx_word' id='word_1_116' title='bbox 1268 1789 1343 1841; x_wconf 85' lang='lat' dir='ltr'><strong>illi</strong></span> <span class='ocrx_word' id='word_1_117' title='bbox 1382 1789 1620 1854; x_wconf 81' lang='lat' dir='ltr'><strong>:Etiatn,</strong></span> <span class='ocrx_word' id='word_1_118' title='bbox 1662 1788 1906 1841; x_wconf 86' lang='lat' dir='ltr'><strong>Domine.</strong></span> <span class='ocrx_word' id='word_1_119' title='bbox 1954 1786 2024 1838; x_wconf 81' lang='lat' dir='ltr'><strong>At</strong></span> <span class='ocrx_word' id='word_1_120' title='bbox 2070 1785 2157 1839; x_wconf 85' lang='lat' dir='ltr'><strong>ille</strong></span> <span class='ocrx_word' id='word_1_121' title='bbox 2203 1784 2338 1837; x_wconf 65' lang='lat' dir='ltr'><strong>dixit</strong></span> 
     </span>
    </p>
   </div>
   <div class='ocr_carea' id='block_1_19' title="bbox 759 1878 2338 1948">
    <p class='ocr_par' dir='ltr' id='par_1_19' title="bbox 759 1878 2338 1948">
     <span class='ocr_line' id='line_1_19' title="bbox 759 1878 2338 1948; baseline -0.002 -15"><span class='ocrx_word' id='word_1_122' title='bbox 759 1883 861 1936; x_wconf 85' lang='lat' dir='ltr'><strong>illis</strong></span> <span class='ocrx_word' id='word_1_123' title='bbox 888 1899 901 1937; x_wconf 86' lang='lat'><strong>:</strong></span> <span class='ocrx_word' id='word_1_124' title='bbox 929 1880 1216 1946; x_wconf 80' lang='lat' dir='ltr'><strong>Propterea</strong></span> <span class='ocrx_word' id='word_1_125' title='bbox 1241 1881 1417 1934; x_wconf 89' lang='lat' dir='ltr'><strong>omnis</strong></span> <span class='ocrx_word' id='word_1_126' title='bbox 1440 1881 1620 1934; x_wconf 89' lang='lat' dir='ltr'><strong>scriba</strong></span> <span class='ocrx_word' id='word_1_127' title='bbox 1666 1879 1856 1934; x_wconf 86' lang='lat' dir='ltr'><strong>doctus</strong></span> <span class='ocrx_word' id='word_1_128' title='bbox 1878 1878 1943 1932; x_wconf 87' lang='lat' dir='ltr'><strong>ad</strong></span> <span class='ocrx_word' id='word_1_129' title='bbox 1975 1892 2196 1948; x_wconf 90' lang='lat' dir='ltr'><strong>regnum</strong></span> <span class='ocrx_word' id='word_1_130' title='bbox 2227 1890 2338 1930; x_wconf 72' lang='lat' dir='ltr'><strong>cm-</strong></span> 
     </span>
    </p>
   </div>
   <div class='ocr_carea' id='block_1_20' title="bbox 759 1967 2339 2039">
    <p class='ocr_par' dir='ltr' id='par_1_20' title="bbox 759 1967 2339 2039">
     <span class='ocr_line' id='line_1_20' title="bbox 759 1967 2339 2039; baseline -0.003 -13"><span class='ocrx_word' id='word_1_131' title='bbox 759 1976 959 2035; x_wconf 89' lang='lat' dir='ltr'><strong>lorum,</strong></span> <span class='ocrx_word' id='word_1_132' title='bbox 1014 1971 1206 2026; x_wconf 84' lang='lat' dir='ltr'><strong>similis</strong></span> <span class='ocrx_word' id='word_1_133' title='bbox 1248 1981 1331 2025; x_wconf 88' lang='lat' dir='ltr'><strong>est</strong></span> <span class='ocrx_word' id='word_1_134' title='bbox 1372 1972 1772 2039; x_wconf 79' lang='lat' dir='ltr'><strong>patrifamilias,</strong></span> <span class='ocrx_word' id='word_1_135' title='bbox 1821 1971 1910 2039; x_wconf 89' lang='lat' dir='ltr'><strong>qui</strong></span> <span class='ocrx_word' id='word_1_136' title='bbox 1956 1969 2227 2039; x_wconf 84' lang='lat' dir='ltr'><strong>depromit</strong></span> <span class='ocrx_word' id='word_1_137' title='bbox 2274 1967 2339 2022; x_wconf 90' lang='lat' dir='ltr'><strong>de</strong></span> 
     </span>
    </p>
   </div>
   <div class='ocr_carea' id='block_1_21' title="bbox 758 2053 2340 2128">
    <p class='ocr_par' dir='ltr' id='par_1_21' title="bbox 758 2053 2340 2128">
     <span class='ocr_line' id='line_1_21' title="bbox 758 2053 2340 2128; baseline -0.004 -11"><span class='ocrx_word' id='word_1_138' title='bbox 758 2065 1011 2117; x_wconf 82' lang='lat' dir='ltr'><strong>thesauro</strong></span> <span class='ocrx_word' id='word_1_139' title='bbox 1058 2077 1156 2115; x_wconf 85' lang='lat' dir='ltr'><strong>suo</strong></span> <span class='ocrx_word' id='word_1_140' title='bbox 1205 2077 1340 2115; x_wconf 82' lang='lat' dir='ltr'><strong>nova</strong></span> <span class='ocrx_word' id='word_1_141' title='bbox 1389 2073 1444 2115; x_wconf 89' lang='lat' dir='ltr'><strong>et</strong></span> <span class='ocrx_word' id='word_1_142' title='bbox 1497 2073 1700 2115; x_wconf 72' lang='lat' dir='ltr'><strong>vetera.</strong></span> <span class='ocrx_word' id='word_1_143' title='bbox 1756 2083 1774 2112; x_wconf 77' lang='grc' dir='ltr'><strong>ι</strong></span> <span class='ocrx_word' id='word_1_144' title='bbox 1820 2062 2011 2115; x_wconf 81' lang='lat' dir='ltr'><strong>Vidisti</strong></span> <span class='ocrx_word' id='word_1_145' title='bbox 2065 2053 2340 2128; x_wconf 76' lang='lat' dir='ltr'><strong>quomodo</strong></span> 
     </span>
    </p>
   </div>
   <div class='ocr_carea' id='block_1_22' title="bbox 753 2151 2336 2222">
    <p class='ocr_par' dir='ltr' id='par_1_22' title="bbox 753 2151 2336 2222">
     <span class='ocr_line' id='line_1_22' title="bbox 753 2151 2336 2222; baseline -0.001 -16"><span class='ocrx_word' id='word_1_146' title='bbox 753 2155 1028 2222; x_wconf 70' lang='lat' dir='ltr'><strong>parabolae</strong></span> <span class='ocrx_word' id='word_1_147' title='bbox 1078 2154 1397 2207; x_wconf 89' lang='lat' dir='ltr'><strong>attentiores</strong></span> <span class='ocrx_word' id='word_1_148' title='bbox 1427 2168 1524 2206; x_wconf 88' lang='lat' dir='ltr'><strong>eos</strong></span> <span class='ocrx_word' id='word_1_149' title='bbox 1557 2153 1830 2206; x_wconf 80' lang='lat' dir='ltr'><strong>fecerint?</strong></span> <span class='ocrx_word' id='word_1_150' title='bbox 1862 2151 2002 2207; x_wconf 85' lang='lat' dir='ltr'><strong>Ecce</strong></span> <span class='ocrx_word' id='word_1_151' title='bbox 2045 2152 2208 2221; x_wconf 80' lang='lat' dir='ltr'><strong>igitur</strong></span> <span class='ocrx_word' id='word_1_152' title='bbox 2245 2154 2336 2220; x_wconf 84' lang='lat' dir='ltr'><strong>qui</strong></span> 
     </span>
    </p>
   </div>
   <div class='ocr_carea' id='block_1_23' title="bbox 753 2232 2338 2311">
    <p class='ocr_par' dir='ltr' id='par_1_23' title="bbox 753 2232 2338 2311">
     <span class='ocr_line' id='line_1_23' title="bbox 753 2232 2338 2311; baseline -0.003 -13"><span class='ocrx_word' id='word_1_153' title='bbox 753 2247 886 2299; x_wconf 88' lang='lat' dir='ltr'><strong>alias</strong></span> <span class='ocrx_word' id='word_1_154' title='bbox 939 2244 1275 2311; x_wconf 86' lang='lat' dir='ltr'><strong>insipientes,</strong></span> <span class='ocrx_word' id='word_1_155' title='bbox 1329 2255 1385 2296; x_wconf 90' lang='lat' dir='ltr'><strong>et</strong></span> <span class='ocrx_word' id='word_1_156' title='bbox 1434 2232 1697 2310; x_wconf 89' lang='lat' dir='ltr'><strong>imperiti,</strong></span> <span class='ocrx_word' id='word_1_157' title='bbox 1743 2241 2059 2310; x_wconf 79' lang='lat' dir='ltr'><strong>intelligunt</strong></span> <span class='ocrx_word' id='word_1_158' title='bbox 2111 2255 2174 2295; x_wconf 91' lang='lat' dir='ltr'><strong>ea</strong></span> <span class='ocrx_word' id='word_1_159' title='bbox 2215 2255 2338 2310; x_wconf 66' lang='lat' dir='ltr'><strong>qua</strong></span> 
     </span>
    </p>
   </div>
   <div class='ocr_carea' id='block_1_24' title="bbox 750 2333 2335 2407">
    <p class='ocr_par' dir='ltr' id='par_1_24' title="bbox 750 2333 2335 2407">
     <span class='ocr_line' id='line_1_24' title="bbox 750 2333 2335 2407; baseline -0.004 -13"><span class='ocrx_word' id='word_1_160' title='bbox 750 2338 968 2407; x_wconf 85' lang='lat' dir='ltr'><strong>oblique</strong></span> <span class='ocrx_word' id='word_1_161' title='bbox 1023 2337 1193 2392; x_wconf 83' lang='lat' dir='ltr'><strong>dicta.</strong></span> <span class='ocrx_word' id='word_1_162' title='bbox 1245 2336 1400 2392; x_wconf 89' lang='lat' dir='ltr'><strong>Unde</strong></span> <span class='ocrx_word' id='word_1_163' title='bbox 1455 2335 1681 2391; x_wconf 84' lang='lat' dir='ltr'><strong>laudans</strong></span> <span class='ocrx_word' id='word_1_164' title='bbox 1725 2349 1820 2389; x_wconf 85' lang='lat' dir='ltr'><strong>eos</strong></span> <span class='ocrx_word' id='word_1_165' title='bbox 1861 2333 2135 2397; x_wconf 72' lang='lat' dir='ltr'><strong>Salvator,</strong></span> <span class='ocrx_word' id='word_1_166' title='bbox 2181 2333 2335 2396; x_wconf 90' lang='lat' dir='ltr'><strong>dicit,</strong></span> 
     </span>
    </p>
   </div>
   <div class='ocr_carea' id='block_1_25' title="bbox 749 2428 2339 2493">
    <p class='ocr_par' dir='ltr' id='par_1_25' title="bbox 749 2428 2339 2493">
     <span class='ocr_line' id='line_1_25' title="bbox 749 2428 2339 2493; baseline -0.005 -6"><span class='ocrx_word' id='word_1_167' title='bbox 749 2431 939 2487; x_wconf 87' lang='lat' dir='ltr'><strong>Omnis</strong></span> <span class='ocrx_word' id='word_1_168' title='bbox 992 2431 1203 2493; x_wconf 86' lang='lat' dir='ltr'><strong>scriba,</strong></span> <span class='ocrx_word' id='word_1_169' title='bbox 1270 2439 1376 2484; x_wconf 86' lang='lat' dir='ltr'><strong>etc.</strong></span> <span class='ocrx_word' id='word_1_170' title='bbox 1435 2429 1661 2484; x_wconf 86' lang='lat' dir='ltr'><strong>Scrihas</strong></span> <span class='ocrx_word' id='word_1_171' title='bbox 1707 2428 1852 2481; x_wconf 87' lang='lat' dir='ltr'><strong>enim</strong></span> <span class='ocrx_word' id='word_1_172' title='bbox 1911 2435 2066 2482; x_wconf 81' lang='lat' dir='ltr'><strong>vocat</strong></span> <span class='ocrx_word' id='word_1_173' title='bbox 2119 2442 2233 2491; x_wconf 89' lang='lat' dir='ltr'><strong>eos,</strong></span> <span class='ocrx_word' id='word_1_174' title='bbox 2279 2433 2339 2480; x_wconf 90' lang='lat' dir='ltr'><strong>ut</strong></span> 
     </span>
    </p>
   </div>
   <div class='ocr_carea' id='block_1_26' title="bbox 749 2518 2337 2592">
    <p class='ocr_par' dir='ltr' id='par_1_26' title="bbox 749 2518 2337 2592">
     <span class='ocr_line' id='line_1_26' title="bbox 749 2518 2337 2592; baseline -0.004 -15"><span class='ocrx_word' id='word_1_175' title='bbox 749 2524 941 2579; x_wconf 89' lang='lat' dir='ltr'><strong>doctos</strong></span> <span class='ocrx_word' id='word_1_176' title='bbox 991 2523 1044 2576; x_wconf 80' lang='lat' dir='ltr'><strong>in</strong></span> <span class='ocrx_word' id='word_1_177' title='bbox 1075 2522 1214 2592; x_wconf 84' lang='lat' dir='ltr'><strong>lege,</strong></span> <span class='ocrx_word' id='word_1_178' title='bbox 1245 2532 1302 2574; x_wconf 94' lang='lat' dir='ltr'><strong>et</strong></span> <span class='ocrx_word' id='word_1_179' title='bbox 1339 2521 1460 2574; x_wconf 84' lang='lat' dir='ltr'><strong>licet</strong></span> <span class='ocrx_word' id='word_1_180' title='bbox 1506 2521 1646 2574; x_wconf 87' lang='lat' dir='ltr'><strong>docti</strong></span> <span class='ocrx_word' id='word_1_181' title='bbox 1695 2530 1881 2574; x_wconf 80' lang='lat' dir='ltr'><strong>essent</strong></span> <span class='ocrx_word' id='word_1_182' title='bbox 1929 2519 1984 2573; x_wconf 90' lang='lat' dir='ltr'><strong>in</strong></span> <span class='ocrx_word' id='word_1_183' title='bbox 2035 2518 2175 2588; x_wconf 81' lang='lat' dir='ltr'><strong>lege,</strong></span> <span class='ocrx_word' id='word_1_184' title='bbox 2231 2533 2337 2572; x_wconf 89' lang='lat' dir='ltr'><strong>non</strong></span> 
     </span>
    </p>
   </div>
   <div class='ocr_carea' id='block_1_27' title="bbox 751 2610 2336 2681">
    <p class='ocr_par' dir='ltr' id='par_1_27' title="bbox 751 2610 2336 2681">
     <span class='ocr_line' id='line_1_27' title="bbox 751 2610 2336 2681; baseline -0.005 -15"><span class='ocrx_word' id='word_1_185' title='bbox 751 2621 1070 2668; x_wconf 87' lang='lat' dir='ltr'><strong>manserunt</strong></span> <span class='ocrx_word' id='word_1_186' title='bbox 1099 2622 1277 2666; x_wconf 85' lang='lat' dir='ltr'><strong>tamen</strong></span> <span class='ocrx_word' id='word_1_187' title='bbox 1306 2613 1357 2665; x_wconf 90' lang='lat' dir='ltr'><strong>in</strong></span> <span class='ocrx_word' id='word_1_188' title='bbox 1386 2612 1525 2681; x_wconf 88' lang='lat' dir='ltr'><strong>lege,</strong></span> <span class='ocrx_word' id='word_1_189' title='bbox 1551 2610 1648 2666; x_wconf 84' lang='lat' dir='ltr'><strong>scd</strong></span> <span class='ocrx_word' id='word_1_190' title='bbox 1671 2611 1815 2666; x_wconf 89' lang='lat' dir='ltr'><strong>docti</strong></span> <span class='ocrx_word' id='word_1_191' title='bbox 1835 2617 1971 2666; x_wconf 85' lang='lat' dir='ltr'><strong>sunt</strong></span> <span class='ocrx_word' id='word_1_192' title='bbox 2000 2611 2065 2665; x_wconf 88' lang='lat' dir='ltr'><strong>ad</strong></span> <span class='ocrx_word' id='word_1_193' title='bbox 2089 2625 2336 2680; x_wconf 86' lang='lat' dir='ltr'><strong>regnum,</strong></span> 
     </span>
    </p>
   </div>
   <div class='ocr_carea' id='block_1_28' title="bbox 749 2703 2339 2773">
    <p class='ocr_par' dir='ltr' id='par_1_28' title="bbox 749 2703 2339 2773">
     <span class='ocr_line' id='line_1_28' title="bbox 749 2703 2339 2773; baseline -0.001 -15"><span class='ocrx_word' id='word_1_194' title='bbox 749 2705 852 2760; x_wconf 89' lang='lat' dir='ltr'><strong>hoc</strong></span> <span class='ocrx_word' id='word_1_195' title='bbox 881 2715 987 2767; x_wconf 75' lang='lat' dir='ltr'><strong>eat,</strong></span> <span class='ocrx_word' id='word_1_196' title='bbox 1031 2703 1232 2759; x_wconf 84' lang='lat' dir='ltr'><strong>Christi</strong></span> <span class='ocrx_word' id='word_1_197' title='bbox 1268 2703 1590 2768; x_wconf 89' lang='lat' dir='ltr'><strong>scientiam,</strong></span> <span class='ocrx_word' id='word_1_198' title='bbox 1623 2711 1679 2758; x_wconf 92' lang='lat' dir='ltr'><strong>et</strong></span> <span class='ocrx_word' id='word_1_199' title='bbox 1716 2712 1943 2772; x_wconf 83' lang='lat' dir='ltr'><strong>possunt</strong></span> <span class='ocrx_word' id='word_1_200' title='bbox 1984 2703 2230 2773; x_wconf 79' lang='lat' dir='ltr'><strong>proferre</strong></span> <span class='ocrx_word' id='word_1_201' title='bbox 2274 2718 2339 2757; x_wconf 86' lang='lat' dir='ltr'><strong>ea</strong></span> 
     </span>
    </p>
   </div>
   <div class='ocr_carea' id='block_1_29' title="bbox 742 2793 2332 2868">
    <p class='ocr_par' dir='ltr' id='par_1_29' title="bbox 742 2793 2332 2868">
     <span class='ocr_line' id='line_1_29' title="bbox 742 2793 2332 2868; baseline -0.001 -20"><span class='ocrx_word' id='word_1_202' title='bbox 742 2813 868 2868; x_wconf 64' lang='lat' dir='ltr'><strong>qua!</strong></span> <span class='ocrx_word' id='word_1_203' title='bbox 896 2813 958 2851; x_wconf 82' lang='lat' dir='ltr'><strong>ex</strong></span> <span class='ocrx_word' id='word_1_204' title='bbox 994 2811 1132 2851; x_wconf 83' lang='lat' dir='ltr'><strong>novo</strong></span> <span class='ocrx_word' id='word_1_205' title='bbox 1164 2808 1218 2850; x_wconf 86' lang='lat' dir='ltr'><strong>et</strong></span> <span class='ocrx_word' id='word_1_206' title='bbox 1250 2810 1370 2864; x_wconf 65' lang='lat' dir='ltr'><strong>qua</strong></span> <span class='ocrx_word' id='word_1_207' title='bbox 1400 2811 1468 2851; x_wconf 74' lang='lat' dir='ltr'><strong>ex</strong></span> <span class='ocrx_word' id='word_1_208' title='bbox 1496 2796 1689 2851; x_wconf 79' lang='lat' dir='ltr'><strong>veteri.</strong></span> <span class='ocrx_word' id='word_1_209' title='bbox 1724 2793 2129 2850; x_wconf 73' lang='lat' dir='ltr'><strong>Paterfamilias</strong></span> <span class='ocrx_word' id='word_1_210' title='bbox 2156 2795 2332 2865; x_wconf 85' lang='lat' dir='ltr'><strong>igitur</strong></span> 
     </span>
    </p>
   </div>
   <div class='ocr_carea' id='block_1_30' title="bbox 743 2889 2339 2960">
    <p class='ocr_par' dir='ltr' id='par_1_30' title="bbox 743 2889 2339 2960">
     <span class='ocr_line' id='line_1_30' title="bbox 743 2889 2339 2960; baseline -0.004 -12"><span class='ocrx_word' id='word_1_211' title='bbox 743 2892 998 2948; x_wconf 84' lang='lat' dir='ltr'><strong>Christus</strong></span> <span class='ocrx_word' id='word_1_212' title='bbox 1022 2904 1080 2946; x_wconf 91' lang='lat' dir='ltr'><strong>ut</strong></span> <span class='ocrx_word' id='word_1_213' title='bbox 1106 2893 1282 2947; x_wconf 72' lang='lat' dir='ltr'><strong>tlivcs.</strong></span> <span class='ocrx_word' id='word_1_214' title='bbox 1317 2893 1376 2945; x_wconf 83' lang='lat' dir='ltr'><strong>in</strong></span> <span class='ocrx_word' id='word_1_215' title='bbox 1408 2891 1527 2960; x_wconf 88' lang='lat' dir='ltr'><strong>ipso</strong></span> <span class='ocrx_word' id='word_1_216' title='bbox 1551 2890 1694 2946; x_wconf 80' lang='lat' dir='ltr'><strong>enim</strong></span> <span class='ocrx_word' id='word_1_217' title='bbox 1729 2889 1976 2943; x_wconf 73' lang='lat' dir='ltr'><strong>thesauri</strong></span> <span class='ocrx_word' id='word_1_218' title='bbox 2011 2898 2139 2944; x_wconf 90' lang='lat' dir='ltr'><strong>sunt</strong></span> <span class='ocrx_word' id='word_1_219' title='bbox 2169 2890 2339 2944; x_wconf 85' lang='lat' dir='ltr'><strong>scien-</strong></span> 
     </span>
    </p>
   </div>
   <div class='ocr_carea' id='block_1_31' title="bbox 749 2980 2340 3052">
    <p class='ocr_par' dir='ltr' id='par_1_31' title="bbox 749 2980 2340 3052">
     <span class='ocr_line' id='line_1_31' title="bbox 749 2980 2340 3052; baseline -0.001 -15"><span class='ocrx_word' id='word_1_220' title='bbox 749 2989 862 3049; x_wconf 75' lang='lat' dir='ltr'><strong>tia‘,</strong></span> <span class='ocrx_word' id='word_1_221' title='bbox 894 2987 983 3052; x_wconf 89' lang='lat' dir='ltr'><strong>qui</strong></span> <span class='ocrx_word' id='word_1_222' title='bbox 1034 3000 1170 3038; x_wconf 61' lang='lat' dir='ltr'><strong>nova</strong></span> <span class='ocrx_word' id='word_1_223' title='bbox 1213 2984 1439 3047; x_wconf 83' lang='lat' dir='ltr'><strong>docens,</strong></span> <span class='ocrx_word' id='word_1_224' title='bbox 1464 2998 1528 3037; x_wconf 76' lang='lat' dir='ltr'><strong>ex</strong></span> <span class='ocrx_word' id='word_1_225' title='bbox 1572 2982 1743 3035; x_wconf 80' lang='lat' dir='ltr'><strong>veteri</strong></span> <span class='ocrx_word' id='word_1_226' title='bbox 1780 2980 2142 3050; x_wconf 68' lang='lat' dir='ltr'><strong>subiungebat</strong></span> <span class='ocrx_word' id='word_1_227' title='bbox 2188 2982 2340 3036; x_wconf 76' lang='lat' dir='ltr'><strong>teati-</strong></span> 
     </span>
    </p>
   </div>
   <div class='ocr_carea' id='block_1_32' title="bbox 751 3076 2340 3148">
    <p class='ocr_par' dir='ltr' id='par_1_32' title="bbox 751 3076 2340 3148">
     <span class='ocr_line' id='line_1_32' title="bbox 751 3076 2340 3148; baseline -0.003 -16"><span class='ocrx_word' id='word_1_228' title='bbox 751 3079 931 3132; x_wconf 89' lang='lat' dir='ltr'><strong>monia</strong></span> <span class='ocrx_word' id='word_1_229' title='bbox 972 3095 985 3129; x_wconf 85' lang='lat'><strong>:</strong></span> <span class='ocrx_word' id='word_1_230' title='bbox 1012 3080 1244 3146; x_wconf 83' lang='lat' dir='ltr'><strong>exempli</strong></span> <span class='ocrx_word' id='word_1_231' title='bbox 1275 3078 1446 3148; x_wconf 86' lang='lat' dir='ltr'><strong>gratia</strong></span> <span class='ocrx_word' id='word_1_232' title='bbox 1480 3076 1714 3138; x_wconf 79' lang='lat' dir='ltr'><strong>dixerat,</strong></span> <span class='ocrx_word' id='word_1_233' title='bbox 1745 3076 1848 3130; x_wconf 87' lang='lat' dir='ltr'><strong>Pro</strong></span> <span class='ocrx_word' id='word_1_234' title='bbox 1878 3077 2054 3130; x_wconf 81' lang='lat' dir='ltr'><strong>otioso</strong></span> <span class='ocrx_word' id='word_1_235' title='bbox 2087 3089 2340 3130; x_wconf 80' lang='lat' dir='ltr'><strong>sermone</strong></span> 
     </span>
    </p>
   </div>
   <div class='ocr_carea' id='block_1_33' title="bbox 2433 585 4019 667">
    <p class='ocr_par' dir='ltr' id='par_1_33' title="bbox 2433 585 4019 667">
     <span class='ocr_line' id='line_1_33' title="bbox 2433 585 4019 667; baseline 0.001 -18"><span class='ocrx_word' id='word_1_236' title='bbox 2433 597 2730 667; x_wconf 80' lang='grc' dir='ltr'><strong>προφητῶν</strong></span> <span class='ocrx_word' id='word_1_237' title='bbox 2750 601 2976 664; x_wconf 73' lang='grc' dir='ltr'><strong>φωναῖς.</strong></span> <span class='ocrx_word' id='word_1_238' title='bbox 3005 597 3153 666; x_wconf 74' lang='grc' dir='ltr'><strong>Αὕτη</strong></span> <span class='ocrx_word' id='word_1_239' title='bbox 3183 599 3362 651; x_wconf 80' lang='grc' dir='ltr'><strong>τοίνυν</strong></span> <span class='ocrx_word' id='word_1_240' title='bbox 3388 599 3422 666; x_wconf 68' lang='grc' dir='ltr'><strong>ἡ</strong></span> <span class='ocrx_word' id='word_1_241' title='bbox 3457 599 3690 667; x_wconf 77' lang='grc' dir='ltr'><strong>σαγήνη.</strong></span> <span class='ocrx_word' id='word_1_242' title='bbox 3714 585 3778 652; x_wconf 59' lang='grc' dir='ltr'><strong>ἀι</strong></span> <span class='ocrx_word' id='word_1_243' title='bbox 3811 598 4019 659; x_wconf 59' lang='grc' dir='ltr'><strong>παντθς</strong></span> 
     </span>
    </p>
   </div>
   <div class='ocr_carea' id='block_1_34' title="bbox 2433 687 4013 759">
    <p class='ocr_par' dir='ltr' id='par_1_34' title="bbox 2433 687 4013 759">
     <span class='ocr_line' id='line_1_34' title="bbox 2433 687 4013 759; baseline 0.004 -19"><span class='ocrx_word' id='word_1_244' title='bbox 2433 689 2619 755; x_wconf 75' lang='grc' dir='ltr'><strong>γένους</strong></span> <span class='ocrx_word' id='word_1_245' title='bbox 2650 690 2934 753; x_wconf 73' lang='grc' dir='ltr'><strong>συνέλαόε,</strong></span> <span class='ocrx_word' id='word_1_246' title='bbox 2977 690 3320 759; x_wconf 73' lang='grc' dir='ltr'><strong>Βαρϐάρους,</strong></span> <span class='ocrx_word' id='word_1_247' title='bbox 3356 689 3649 758; x_wconf 75' lang='grc' dir='ltr'><strong>Ἕλληνας,</strong></span> <span class='ocrx_word' id='word_1_248' title='bbox 3703 687 4013 750; x_wconf 75' lang='grc' dir='ltr'><strong>Ἰουδαίους.</strong></span> 
     </span>
    </p>
   </div>
   <div class='ocr_carea' id='block_1_35' title="bbox 2434 780 4017 854">
    <p class='ocr_par' dir='ltr' id='par_1_35' title="bbox 2434 780 4017 854">
     <span class='ocr_line' id='line_1_35' title="bbox 2434 780 4017 854; baseline -0.001 -19"><span class='ocrx_word' id='word_1_249' title='bbox 2434 783 2663 851; x_wconf 66' lang='grc' dir='ltr'><strong>πόρνας,</strong></span> <span class='ocrx_word' id='word_1_250' title='bbox 2692 782 2957 846; x_wconf 82' lang='grc' dir='ltr'><strong>τελώνας.</strong></span> <span class='ocrx_word' id='word_1_251' title='bbox 2984 784 3204 854; x_wconf 72' lang='grc' dir='ltr'><strong>λῃστάς.</strong></span> <span class='ocrx_word' id='word_1_252' title='bbox 3244 784 3371 834; x_wconf 82' lang='grc' dir='ltr'><strong>Ὅτε</strong></span> <span class='ocrx_word' id='word_1_253' title='bbox 3397 782 3457 834; x_wconf 78' lang='grc' dir='ltr'><strong>δὲ</strong></span> <span class='ocrx_word' id='word_1_254' title='bbox 3503 780 3828 851; x_wconf 61' lang='grc' dir='ltr'><strong>ἐπληρώθη,</strong></span> <span class='ocrx_word' id='word_1_255' title='bbox 3855 796 4017 834; x_wconf 71' lang='grc' dir='ltr'><strong>τουτ-</strong></span> 
     </span>
    </p>
   </div>
   <div class='ocr_carea' id='block_1_36' title="bbox 2432 873 4019 945">
    <p class='ocr_par' dir='ltr' id='par_1_36' title="bbox 2432 873 4019 945">
     <span class='ocr_line' id='line_1_36' title="bbox 2432 873 4019 945; baseline 0 -17"><span class='ocrx_word' id='word_1_256' title='bbox 2432 877 2608 938; x_wconf 77' lang='grc' dir='ltr'><strong>έστιν,</strong></span> <span class='ocrx_word' id='word_1_257' title='bbox 2639 876 2769 928; x_wconf 85' lang='grc' dir='ltr'><strong>ὅταν</strong></span> <span class='ocrx_word' id='word_1_258' title='bbox 2800 875 3124 945; x_wconf 67' lang='grc' dir='ltr'><strong>συντελεσθῇ</strong></span> <span class='ocrx_word' id='word_1_259' title='bbox 3169 876 3197 928; x_wconf 80' lang='lat'><strong>6</strong></span> <span class='ocrx_word' id='word_1_260' title='bbox 3228 875 3453 944; x_wconf 82' lang='grc' dir='ltr'><strong>κόσμος,</strong></span> <span class='ocrx_word' id='word_1_261' title='bbox 3481 873 3606 927; x_wconf 77' lang='grc' dir='ltr'><strong>τότε</strong></span> <span class='ocrx_word' id='word_1_262' title='bbox 3631 874 3687 928; x_wconf 76' lang='lat' dir='ltr'><strong>oi</strong></span> <span class='ocrx_word' id='word_1_263' title='bbox 3719 875 3779 926; x_wconf 70' lang='grc' dir='ltr'><strong>ὲν</strong></span> <span class='ocrx_word' id='word_1_264' title='bbox 3822 875 3890 944; x_wconf 61' lang='grc' dir='ltr'><strong>τῇ</strong></span> <span class='ocrx_word' id='word_1_265' title='bbox 3917 889 4019 928; x_wconf 82' lang='grc' dir='ltr'><strong>σα·</strong></span> 
     </span>
    </p>
   </div>
   <div class='ocr_carea' id='block_1_37' title="bbox 2435 964 4018 1039">
    <p class='ocr_par' dir='ltr' id='par_1_37' title="bbox 2435 964 4018 1039">
     <span class='ocr_line' id='line_1_37' title="bbox 2435 964 4018 1039; baseline -0.004 -16"><span class='ocrx_word' id='word_1_266' title='bbox 2435 968 2582 1039; x_wconf 77' lang='grc' dir='ltr'><strong>γήνῃ</strong></span> <span class='ocrx_word' id='word_1_267' title='bbox 2627 967 3018 1038; x_wconf 79' lang='grc' dir='ltr'><strong>διακρίνοντα-ι.</strong></span> <span class='ocrx_word' id='word_1_268' title='bbox 3071 967 3192 1022; x_wconf 68' lang='grc' dir='ltr'><strong>Κᾶν</strong></span> <span class='ocrx_word' id='word_1_269' title='bbox 3223 969 3330 1034; x_wconf 65' lang='grc' dir='ltr'><strong>γὰρ</strong></span> <span class='ocrx_word' id='word_1_270' title='bbox 3381 964 3806 1034; x_wconf 71' lang='grc' dir='ltr'><strong>ἐπιστεύσαμεν,</strong></span> <span class='ocrx_word' id='word_1_271' title='bbox 3861 966 4018 1033; x_wconf 73' lang='grc' dir='ltr'><strong>εὐρε-</strong></span> 
     </span>
    </p>
   </div>
   <div class='ocr_carea' id='block_1_38' title="bbox 2435 1057 4021 1130">
    <p class='ocr_par' dir='ltr' id='par_1_38' title="bbox 2435 1057 4021 1130">
     <span class='ocr_line' id='line_1_38' title="bbox 2435 1057 4021 1130; baseline -0.002 -19"><span class='ocrx_word' id='word_1_272' title='bbox 2435 1059 2622 1130; x_wconf 80' lang='grc' dir='ltr'><strong>Θῶμεν</strong></span> <span class='ocrx_word' id='word_1_273' title='bbox 2647 1060 2704 1113; x_wconf 75' lang='grc' dir='ltr'><strong>δὲ</strong></span> <span class='ocrx_word' id='word_1_274' title='bbox 2727 1061 2950 1130; x_wconf 69' lang='lat' dir='ltr'><strong>ccupat,</strong></span> <span class='ocrx_word' id='word_1_275' title='bbox 2982 1059 3291 1129; x_wconf 77' lang='grc' dir='ltr'><strong>ριπτόμεῦα</strong></span> <span class='ocrx_word' id='word_1_276' title='bbox 3317 1078 3330 1095; x_wconf 72' lang='grc' dir='ltr'><strong>ν</strong></span> <span class='ocrx_word' id='word_1_277' title='bbox 3360 1060 3411 1111; x_wconf 76' lang='lat' dir='ltr'><strong>ot</strong></span> <span class='ocrx_word' id='word_1_278' title='bbox 3450 1058 3508 1111; x_wconf 67' lang='grc' dir='ltr'><strong>δὲ</strong></span> <span class='ocrx_word' id='word_1_279' title='bbox 3539 1057 3616 1128; x_wconf 76' lang='grc' dir='ltr'><strong>μὴ</strong></span> <span class='ocrx_word' id='word_1_280' title='bbox 3655 1057 3909 1122; x_wconf 84' lang='grc' dir='ltr'><strong>τοιοῦτοι,</strong></span> <span class='ocrx_word' id='word_1_281' title='bbox 3938 1058 4021 1118; x_wconf 79' lang='grc' dir='ltr'><strong>είς</strong></span> 
     </span>
    </p>
   </div>
   <div class='ocr_carea' id='block_1_39' title="bbox 2435 1150 4020 1221">
    <p class='ocr_par' dir='ltr' id='par_1_39' title="bbox 2435 1150 4020 1221">
     <span class='ocr_line' id='line_1_39' title="bbox 2435 1150 4020 1221; baseline -0.002 -17"><span class='ocrx_word' id='word_1_282' title='bbox 2435 1153 2635 1218; x_wconf 77' lang='grc' dir='ltr'><strong>ἀγγεῖα</strong></span> <span class='ocrx_word' id='word_1_283' title='bbox 2662 1151 2969 1220; x_wconf 74' lang='grc' dir='ltr'><strong>βάλλονται,</strong></span> <span class='ocrx_word' id='word_1_284' title='bbox 2989 1152 3133 1217; x_wconf 83' lang='grc' dir='ltr'><strong>λέγω</strong></span> <span class='ocrx_word' id='word_1_285' title='bbox 3153 1151 3217 1221; x_wconf 74' lang='grc' dir='ltr'><strong>δὴ</strong></span> <span class='ocrx_word' id='word_1_286' title='bbox 3233 1152 3332 1213; x_wconf 81' lang='grc' dir='ltr'><strong>τὰς</strong></span> <span class='ocrx_word' id='word_1_287' title='bbox 3347 1150 3604 1212; x_wconf 73' lang='grc' dir='ltr'><strong>αίωνίους</strong></span> <span class='ocrx_word' id='word_1_288' title='bbox 3620 1150 3846 1221; x_wconf 78' lang='grc' dir='ltr'><strong>σκηνάς.</strong></span> <span class='ocrx_word' id='word_1_289' title='bbox 3861 1151 4020 1202; x_wconf 80' lang='grc' dir='ltr'><strong>Πᾶσα</strong></span> 
     </span>
    </p>
   </div>
   <div class='ocr_carea' id='block_1_40' title="bbox 2436 1243 4020 1316">
    <p class='ocr_par' dir='ltr' id='par_1_40' title="bbox 2436 1243 4020 1316">
     <span class='ocr_line' id='line_1_40' title="bbox 2436 1243 4020 1316; baseline -0.001 -20"><span class='ocrx_word' id='word_1_290' title='bbox 2436 1245 2494 1296; x_wconf 79' lang='grc' dir='ltr'><strong>δὲ</strong></span> <span class='ocrx_word' id='word_1_291' title='bbox 2517 1244 2718 1314; x_wconf 80' lang='grc' dir='ltr'><strong>πρᾶξις</strong></span> <span class='ocrx_word' id='word_1_292' title='bbox 2749 1244 2859 1297; x_wconf 80' lang='grc' dir='ltr'><strong>εἴτε</strong></span> <span class='ocrx_word' id='word_1_293' title='bbox 2895 1245 3095 1316; x_wconf 78' lang='grc' dir='ltr'><strong>ἀγαθὴ,</strong></span> <span class='ocrx_word' id='word_1_294' title='bbox 3122 1246 3231 1297; x_wconf 74' lang='grc' dir='ltr'><strong>εἴτε</strong></span> <span class='ocrx_word' id='word_1_295' title='bbox 3283 1244 3517 1314; x_wconf 81' lang='grc' dir='ltr'><strong>πονηρὰ,</strong></span> <span class='ocrx_word' id='word_1_296' title='bbox 3547 1243 3744 1314; x_wconf 87' lang='grc' dir='ltr'><strong>βρῶμα</strong></span> <span class='ocrx_word' id='word_1_297' title='bbox 3795 1243 4020 1311; x_wconf 85' lang='grc' dir='ltr'><strong>λέγεται</strong></span> 
     </span>
    </p>
   </div>
   <div class='ocr_carea' id='block_1_41' title="bbox 2437 1321 4019 1404">
    <p class='ocr_par' dir='ltr' id='par_1_41' title="bbox 2437 1321 4019 1404">
     <span class='ocr_line' id='line_1_41' title="bbox 2437 1321 4019 1404; baseline 0 -22"><span class='ocrx_word' id='word_1_298' title='bbox 2437 1328 2578 1384; x_wconf 81' lang='grc' dir='ltr'><strong>εἶναι</strong></span> <span class='ocrx_word' id='word_1_299' title='bbox 2608 1336 2706 1401; x_wconf 77' lang='grc' dir='ltr'><strong>τῆς</strong></span> <span class='ocrx_word' id='word_1_300' title='bbox 2747 1333 2948 1402; x_wconf 78' lang='grc' dir='ltr'><strong>ψυχῆς.</strong></span> <span class='ocrx_word' id='word_1_301' title='bbox 2984 1333 3139 1404; x_wconf 79' lang='grc' dir='ltr'><strong>Ἔχει</strong></span> <span class='ocrx_word' id='word_1_302' title='bbox 3171 1334 3280 1404; x_wconf 86' lang='grc' dir='ltr'><strong>γὰρ</strong></span> <span class='ocrx_word' id='word_1_303' title='bbox 3321 1334 3538 1396; x_wconf 77' lang='grc' dir='ltr'><strong>ὀδόντας</strong></span> <span class='ocrx_word' id='word_1_304' title='bbox 3572 1321 3799 1402; x_wconf 78' lang='grc' dir='ltr'><strong>νοητοὺς</strong></span> <span class='ocrx_word' id='word_1_305' title='bbox 3832 1335 3919 1387; x_wconf 69' lang='grc' dir='ltr'><strong>καὶ</strong></span> <span class='ocrx_word' id='word_1_306' title='bbox 3984 1336 4019 1403; x_wconf 72' lang='grc' dir='ltr'>ἡ</span> 
     </span>
    </p>
   </div>
   <div class='ocr_carea' id='block_1_42' title="bbox 2435 1421 4022 1499">
    <p class='ocr_par' dir='ltr' id='par_1_42' title="bbox 2435 1421 4022 1499">
     <span class='ocr_line' id='line_1_42' title="bbox 2435 1421 4022 1499; baseline 0.001 -23"><span class='ocrx_word' id='word_1_307' title='bbox 2435 1421 2606 1494; x_wconf 78' lang='grc' dir='ltr'><strong>ψυχή.</strong></span> <span class='ocrx_word' id='word_1_308' title='bbox 2648 1425 2784 1477; x_wconf 80' lang='grc' dir='ltr'><strong>Τότε</strong></span> <span class='ocrx_word' id='word_1_309' title='bbox 2820 1423 2916 1477; x_wconf 86' lang='grc' dir='ltr'><strong>οῦν</strong></span> <span class='ocrx_word' id='word_1_310' title='bbox 2965 1426 3000 1496; x_wconf 76' lang='grc' dir='ltr'><strong>ἡ</strong></span> <span class='ocrx_word' id='word_1_311' title='bbox 3035 1424 3186 1496; x_wconf 77' lang='grc' dir='ltr'><strong>ψυχὴ</strong></span> <span class='ocrx_word' id='word_1_312' title='bbox 3231 1425 3423 1499; x_wconf 68' lang='grc' dir='ltr'><strong>βρύχσι</strong></span> <span class='ocrx_word' id='word_1_313' title='bbox 3469 1425 3714 1491; x_wconf 76' lang='grc' dir='ltr'><strong>τούτους,</strong></span> <span class='ocrx_word' id='word_1_314' title='bbox 3745 1427 3867 1485; x_wconf 75' lang='grc' dir='ltr'><strong>ἢτοι</strong></span> <span class='ocrx_word' id='word_1_315' title='bbox 3920 1426 4022 1487; x_wconf 72' lang='grc' dir='ltr'><strong>τὰς</strong></span> 
     </span>
    </p>
   </div>
   <div class='ocr_carea' id='block_1_43' title="bbox 2439 1516 4021 1589">
    <p class='ocr_par' dir='ltr' id='par_1_43' title="bbox 2439 1516 4021 1589">
     <span class='ocr_line' id='line_1_43' title="bbox 2439 1516 4021 1589; baseline 0.001 -23"><span class='ocrx_word' id='word_1_316' title='bbox 2439 1517 2751 1586; x_wconf 83' lang='grc' dir='ltr'><strong>πρακτικὰς</strong></span> <span class='ocrx_word' id='word_1_317' title='bbox 2801 1516 2976 1584; x_wconf 85' lang='grc' dir='ltr'><strong>αὐτῆς</strong></span> <span class='ocrx_word' id='word_1_318' title='bbox 3050 1517 3313 1587; x_wconf 80' lang='grc' dir='ltr'><strong>δυνάμεις</strong></span> <span class='ocrx_word' id='word_1_319' title='bbox 3379 1517 3802 1589; x_wconf 77' lang='grc' dir='ltr'><strong>συντριϐομένη,</strong></span> <span class='ocrx_word' id='word_1_320' title='bbox 3882 1517 4021 1570; x_wconf 81' lang='grc' dir='ltr'><strong>διότι</strong></span> 
     </span>
    </p>
   </div>
   <div class='ocr_carea' id='block_1_44' title="bbox 2435 1607 2953 1678">
    <p class='ocr_par' dir='ltr' id='par_1_44' title="bbox 2435 1607 2953 1678">
     <span class='ocr_line' id='line_1_44' title="bbox 2435 1607 2953 1678; baseline 0.004 -18"><span class='ocrx_word' id='word_1_321' title='bbox 2435 1607 2665 1662; x_wconf 87' lang='grc' dir='ltr'><strong>τοιαῦτα</strong></span> <span class='ocrx_word' id='word_1_322' title='bbox 2695 1608 2953 1678; x_wconf 75' lang='grc' dir='ltr'><strong>ἔπραξεν.</strong></span> 
     </span>
    </p>
   </div>
   <div class='ocr_carea' id='block_1_45' title="bbox 2530 1701 4022 1773">
    <p class='ocr_par' dir='ltr' id='par_1_45' title="bbox 2530 1701 4022 1773">
     <span class='ocr_line' id='line_1_45' title="bbox 2530 1701 4022 1773; baseline 0.005 -25"><span class='ocrx_word' id='word_1_323' title='bbox 2530 1716 2550 1748; x_wconf 74' lang='grc' dir='ltr'><strong>ι</strong></span> <span class='ocrx_word' id='word_1_324' title='bbox 2615 1701 2779 1766; x_wconf 82' lang='grc' dir='ltr'><strong>Λέγει</strong></span> <span class='ocrx_word' id='word_1_325' title='bbox 2851 1702 3037 1764; x_wconf 84' lang='grc' dir='ltr'><strong>αὐτοῖς</strong></span> <span class='ocrx_word' id='word_1_326' title='bbox 3098 1704 3126 1754; x_wconf 99' lang='lat'><strong>6</strong></span> <span class='ocrx_word' id='word_1_327' title='bbox 3191 1701 3438 1770; x_wconf 72' lang='grc' dir='ltr'><strong>Ἰησοῦςο</strong></span> <span class='ocrx_word' id='word_1_328' title='bbox 3489 1703 3776 1773; x_wconf 73' lang='grc' dir='ltr'><strong>Συνήκατε</strong></span> <span class='ocrx_word' id='word_1_329' title='bbox 3848 1701 4022 1756; x_wconf 87' lang='grc' dir='ltr'><strong>ταῦτα</strong></span> 
     </span>
    </p>
   </div>
   <div class='ocr_carea' id='block_1_46' title="bbox 2441 1779 4024 1863">
    <p class='ocr_par' dir='ltr' id='par_1_46' title="bbox 2441 1779 4024 1863">
     <span class='ocr_line' id='line_1_46' title="bbox 2441 1779 4024 1863; baseline 0.001 -21"><span class='ocrx_word' id='word_1_330' title='bbox 2441 1792 2620 1844; x_wconf 78' lang='grc' dir='ltr'><strong>πάντα</strong></span> <span class='ocrx_word' id='word_1_331' title='bbox 2645 1807 2660 1854; x_wconf 88' lang='grc'>;</span> <span class='ocrx_word' id='word_1_332' title='bbox 2687 1779 2914 1857; x_wconf 76' lang='grc' dir='ltr'><strong>Λέγουσι</strong></span> <span class='ocrx_word' id='word_1_333' title='bbox 2946 1790 3096 1859; x_wconf 88' lang='grc' dir='ltr'><strong>αὐτῷ</strong></span> <span class='ocrx_word' id='word_1_334' title='bbox 3125 1807 3136 1819; x_wconf 73' lang='grc'><strong><em>⁸</em></strong></span> <span class='ocrx_word' id='word_1_335' title='bbox 3168 1792 3299 1853; x_wconf 81' lang='grc' dir='ltr'><strong>Ναὶ,</strong></span> <span class='ocrx_word' id='word_1_336' title='bbox 3331 1791 3524 1863; x_wconf 81' lang='grc' dir='ltr'><strong>Κύριε.</strong></span> <span class='ocrx_word' id='word_1_337' title='bbox 3571 1792 3630 1845; x_wconf 81' lang='grc' dir='ltr'>ὐ</span> <span class='ocrx_word' id='word_1_338' title='bbox 3658 1793 3714 1845; x_wconf 69' lang='grc' dir='ltr'><strong>δὲ</strong></span> <span class='ocrx_word' id='word_1_339' title='bbox 3743 1789 3897 1845; x_wconf 78' lang='grc' dir='ltr'><strong>εἶπεν</strong></span> <span class='ocrx_word' id='word_1_340' title='bbox 3927 1795 4024 1846; x_wconf 86' lang='grc' dir='ltr'><strong>αὐ-</strong></span> 
     </span>
    </p>
   </div>
   <div class='ocr_carea' id='block_1_47' title="bbox 2441 1882 4022 1957">
    <p class='ocr_par' dir='ltr' id='par_1_47' title="bbox 2441 1882 4022 1957">
     <span class='ocr_line' id='line_1_47' title="bbox 2441 1882 4022 1957; baseline -0.001 -21"><span class='ocrx_word' id='word_1_341' title='bbox 2441 1887 2552 1945; x_wconf 81' lang='grc' dir='ltr'><strong>τοῖς</strong></span> <span class='ocrx_word' id='word_1_342' title='bbox 2585 1899 2598 1913; x_wconf 81' lang='lat'><strong><em>°</em></strong></span> <span class='ocrx_word' id='word_1_343' title='bbox 2626 1882 2722 1935; x_wconf 69' lang='grc' dir='ltr'><strong>Διὰ</strong></span> <span class='ocrx_word' id='word_1_344' title='bbox 2763 1882 2922 1935; x_wconf 86' lang='grc' dir='ltr'><strong>τοῦτο</strong></span> <span class='ocrx_word' id='word_1_345' title='bbox 2973 1884 3080 1946; x_wconf 71' lang='grc' dir='ltr'><strong>πᾶξ-</strong></span> <span class='ocrx_word' id='word_1_346' title='bbox 3133 1884 3497 1957; x_wconf 83' lang='grc' dir='ltr'><strong>γραμματεύς</strong></span> <span class='ocrx_word' id='word_1_347' title='bbox 3545 1883 3911 1954; x_wconf 73' lang='grc' dir='ltr'><strong>μαθητευθεὶς</strong></span> <span class='ocrx_word' id='word_1_348' title='bbox 3945 1887 4022 1943; x_wconf 83' lang='grc' dir='ltr'><strong>είς</strong></span> 
     </span>
    </p>
   </div>
   <div class='ocr_carea' id='block_1_48' title="bbox 2441 1973 4022 2046">
    <p class='ocr_par' dir='ltr' id='par_1_48' title="bbox 2441 1973 4022 2046">
     <span class='ocr_line' id='line_1_48' title="bbox 2441 1973 4022 2046; baseline 0.001 -22"><span class='ocrx_word' id='word_1_349' title='bbox 2441 1973 2539 2042; x_wconf 81' lang='grc' dir='ltr'><strong>τὴν</strong></span> <span class='ocrx_word' id='word_1_350' title='bbox 2567 1973 2848 2041; x_wconf 74' lang='grc' dir='ltr'><strong>βασιλείαν</strong></span> <span class='ocrx_word' id='word_1_351' title='bbox 2883 1974 2991 2026; x_wconf 82' lang='grc' dir='ltr'><strong>τῶν</strong></span> <span class='ocrx_word' id='word_1_352' title='bbox 3030 1974 3302 2044; x_wconf 84' lang='grc' dir='ltr'><strong>οὐρανῶν,</strong></span> <span class='ocrx_word' id='word_1_353' title='bbox 3347 1975 3532 2043; x_wconf 84' lang='grc' dir='ltr'><strong>ὅμοιός</strong></span> <span class='ocrx_word' id='word_1_354' title='bbox 3561 1977 3710 2027; x_wconf 84' lang='grc' dir='ltr'><strong>ἐστιν</strong></span> <span class='ocrx_word' id='word_1_355' title='bbox 3739 1975 4022 2046; x_wconf 79' lang='grc' dir='ltr'><strong>ἀνθρώπῳ</strong></span> 
     </span>
    </p>
   </div>
   <div class='ocr_carea' id='block_1_49' title="bbox 2442 2065 4020 2138">
    <p class='ocr_par' dir='ltr' id='par_1_49' title="bbox 2442 2065 4020 2138">
     <span class='ocr_line' id='line_1_49' title="bbox 2442 2065 4020 2138; baseline 0 -20"><span class='ocrx_word' id='word_1_356' title='bbox 2442 2066 2817 2138; x_wconf 80' lang='grc' dir='ltr'><strong>οίκοδεσπότῃ,</strong></span> <span class='ocrx_word' id='word_1_357' title='bbox 2846 2069 2995 2129; x_wconf 76' lang='grc' dir='ltr'><strong>ὅστις</strong></span> <span class='ocrx_word' id='word_1_358' title='bbox 3029 2067 3287 2121; x_wconf 66' lang='grc' dir='ltr'><strong>ἐκϐάλλει</strong></span> <span class='ocrx_word' id='word_1_359' title='bbox 3316 2067 3381 2118; x_wconf 81' lang='grc' dir='ltr'><strong>ὲκ</strong></span> <span class='ocrx_word' id='word_1_360' title='bbox 3405 2065 3497 2118; x_wconf 85' lang='grc' dir='ltr'><strong>τοῦ</strong></span> <span class='ocrx_word' id='word_1_361' title='bbox 3538 2066 3818 2138; x_wconf 79' lang='grc' dir='ltr'><strong>θησαυροῦ</strong></span> <span class='ocrx_word' id='word_1_362' title='bbox 3854 2067 4020 2120; x_wconf 80' lang='grc' dir='ltr'><strong>αὐτοῦ</strong></span> 
     </span>
    </p>
   </div>
   <div class='ocr_carea' id='block_1_50' title="bbox 2444 2154 4024 2228">
    <p class='ocr_par' dir='ltr' id='par_1_50' title="bbox 2444 2154 4024 2228">
     <span class='ocr_line' id='line_1_50' title="bbox 2444 2154 4024 2228; baseline 0.001 -18"><span class='ocrx_word' id='word_1_363' title='bbox 2444 2157 2606 2210; x_wconf 81' lang='grc' dir='ltr'><strong>καινὰ</strong></span> <span class='ocrx_word' id='word_1_364' title='bbox 2639 2159 2736 2210; x_wconf 77' lang='grc' dir='ltr'><strong>καὶ</strong></span> <span class='ocrx_word' id='word_1_365' title='bbox 2776 2159 3002 2218; x_wconf 77' lang='grc' dir='ltr'><strong>παλαιά.</strong></span> <span class='ocrx_word' id='word_1_366' title='bbox 3049 2177 3067 2209; x_wconf 78' lang='grc' dir='ltr'><strong>ι</strong></span> <span class='ocrx_word' id='word_1_367' title='bbox 3104 2154 3259 2221; x_wconf 78' lang='grc' dir='ltr'><strong>Εἶδες</strong></span> <span class='ocrx_word' id='word_1_368' title='bbox 3283 2157 3402 2221; x_wconf 87' lang='grc' dir='ltr'><strong>πῶς</strong></span> <span class='ocrx_word' id='word_1_369' title='bbox 3426 2162 3484 2210; x_wconf 82' lang='lat' dir='ltr'><strong>ai</strong></span> <span class='ocrx_word' id='word_1_370' title='bbox 3510 2159 3820 2228; x_wconf 76' lang='grc' dir='ltr'><strong>παραϐολαὶ</strong></span> <span class='ocrx_word' id='word_1_371' title='bbox 3852 2176 4024 2228; x_wconf 73' lang='grc' dir='ltr'><strong>προσ-</strong></span> 
     </span>
    </p>
   </div>
   <div class='ocr_carea' id='block_1_51' title="bbox 2442 2249 4024 2321">
    <p class='ocr_par' dir='ltr' id='par_1_51' title="bbox 2442 2249 4024 2321">
     <span class='ocr_line' id='line_1_51' title="bbox 2442 2249 4024 2321; baseline 0.002 -20"><span class='ocrx_word' id='word_1_372' title='bbox 2442 2251 2834 2321; x_wconf 74' lang='grc' dir='ltr'><strong>εκτικωτέρους</strong></span> <span class='ocrx_word' id='word_1_373' title='bbox 2873 2251 3072 2313; x_wconf 87' lang='grc' dir='ltr'><strong>αὐτοὺς</strong></span> <span class='ocrx_word' id='word_1_374' title='bbox 3103 2251 3405 2318; x_wconf 81' lang='grc' dir='ltr'><strong>ὲποίησαν;</strong></span> <span class='ocrx_word' id='word_1_375' title='bbox 3439 2250 3568 2303; x_wconf 80' lang='grc' dir='ltr'><strong>Ἰδοὺ</strong></span> <span class='ocrx_word' id='word_1_376' title='bbox 3609 2249 3740 2316; x_wconf 83' lang='grc' dir='ltr'><strong>γοῦν</strong></span> <span class='ocrx_word' id='word_1_377' title='bbox 3769 2252 3819 2303; x_wconf 88' lang='grc' dir='ltr'><strong>οί</strong></span> <span class='ocrx_word' id='word_1_378' title='bbox 3847 2251 4024 2313; x_wconf 77' lang='grc' dir='ltr'><strong>ἄλλως</strong></span> 
     </span>
    </p>
   </div>
   <div class='ocr_carea' id='block_1_52' title="bbox 2441 2342 4023 2415">
    <p class='ocr_par' dir='ltr' id='par_1_52' title="bbox 2441 2342 4023 2415">
     <span class='ocr_line' id='line_1_52' title="bbox 2441 2342 4023 2415; baseline 0.003 -21"><span class='ocrx_word' id='word_1_379' title='bbox 2441 2343 2660 2412; x_wconf 82' lang='grc' dir='ltr'><strong>ἀνόητοι</strong></span> <span class='ocrx_word' id='word_1_380' title='bbox 2687 2344 2779 2395; x_wconf 76' lang='grc' dir='ltr'><strong>καὶ</strong></span> <span class='ocrx_word' id='word_1_381' title='bbox 2799 2342 3057 2412; x_wconf 81' lang='grc' dir='ltr'><strong>ἀμαθεῖς,</strong></span> <span class='ocrx_word' id='word_1_382' title='bbox 3082 2343 3324 2413; x_wconf 82' lang='grc' dir='ltr'><strong>συνῆκαν</strong></span> <span class='ocrx_word' id='word_1_383' title='bbox 3341 2343 3409 2396; x_wconf 77' lang='grc' dir='ltr'><strong>τὰ</strong></span> <span class='ocrx_word' id='word_1_384' title='bbox 3428 2344 3705 2408; x_wconf 85' lang='grc' dir='ltr'><strong>δυσκόλως</strong></span> <span class='ocrx_word' id='word_1_385' title='bbox 3731 2345 4023 2415; x_wconf 83' lang='grc' dir='ltr'><strong>είρημένα.</strong></span> 
     </span>
    </p>
   </div>
   <div class='ocr_carea' id='block_1_53' title="bbox 2445 2435 4026 2507">
    <p class='ocr_par' dir='ltr' id='par_1_53' title="bbox 2445 2435 4026 2507">
     <span class='ocr_line' id='line_1_53' title="bbox 2445 2435 4026 2507; baseline 0.003 -22"><span class='ocrx_word' id='word_1_386' title='bbox 2445 2436 2607 2488; x_wconf 84' lang='grc' dir='ltr'><strong>Ὀθεν</strong></span> <span class='ocrx_word' id='word_1_387' title='bbox 2661 2435 2898 2487; x_wconf 74' lang='grc' dir='ltr'><strong>ἐπαινῶν</strong></span> <span class='ocrx_word' id='word_1_388' title='bbox 2937 2435 3134 2499; x_wconf 80' lang='grc' dir='ltr'><strong>αὐτοὺς</strong></span> <span class='ocrx_word' id='word_1_389' title='bbox 3186 2436 3215 2488; x_wconf 91' lang='lat'><strong>6</strong></span> <span class='ocrx_word' id='word_1_390' title='bbox 3270 2435 3485 2505; x_wconf 84' lang='grc' dir='ltr'><strong>Σωτὴρ,</strong></span> <span class='ocrx_word' id='word_1_391' title='bbox 3545 2438 3735 2507; x_wconf 64' lang='grc' dir='ltr'><strong>φησιν,</strong></span> <span class='ocrx_word' id='word_1_392' title='bbox 3785 2439 3867 2489; x_wconf 85' lang='grc' dir='ltr'><strong>ὅτι</strong></span> <span class='ocrx_word' id='word_1_393' title='bbox 3911 2438 4026 2502; x_wconf 77' lang='grc' dir='ltr'><strong>Πᾶς</strong></span> 
     </span>
    </p>
   </div>
   <div class='ocr_carea' id='block_1_54' title="bbox 2442 2527 4026 2599">
    <p class='ocr_par' dir='ltr' id='par_1_54' title="bbox 2442 2527 4026 2599">
     <span class='ocr_line' id='line_1_54' title="bbox 2442 2527 4026 2599; baseline 0.003 -21"><span class='ocrx_word' id='word_1_394' title='bbox 2442 2527 2830 2597; x_wconf 77' lang='grc' dir='ltr'><strong>γραμματεὺς,</strong></span> <span class='ocrx_word' id='word_1_395' title='bbox 2866 2528 3055 2580; x_wconf 75' lang='grc' dir='ltr'><strong>καὶτὰ</strong></span> <span class='ocrx_word' id='word_1_396' title='bbox 3106 2528 3255 2598; x_wconf 75' lang='grc' dir='ltr'><strong>ἑξῆς.</strong></span> <span class='ocrx_word' id='word_1_397' title='bbox 3299 2528 3677 2599; x_wconf 69' lang='grc' dir='ltr'><strong>Γραμματέας</strong></span> <span class='ocrx_word' id='word_1_398' title='bbox 3718 2531 3827 2599; x_wconf 75' lang='grc' dir='ltr'><strong>γὰρ</strong></span> <span class='ocrx_word' id='word_1_399' title='bbox 3877 2529 4026 2597; x_wconf 75' lang='grc' dir='ltr'><strong>λέγει</strong></span> 
     </span>
    </p>
   </div>
   <div class='ocr_carea' id='block_1_55' title="bbox 2442 2619 4026 2692">
    <p class='ocr_par' dir='ltr' id='par_1_55' title="bbox 2442 2619 4026 2692">
     <span class='ocr_line' id='line_1_55' title="bbox 2442 2619 4026 2692; baseline 0.001 -20"><span class='ocrx_word' id='word_1_400' title='bbox 2442 2620 2658 2682; x_wconf 76' lang='grc' dir='ltr'><strong>αὐτοὺς,</strong></span> <span class='ocrx_word' id='word_1_401' title='bbox 2706 2619 2783 2681; x_wconf 87' lang='grc' dir='ltr'><strong>ὼς</strong></span> <span class='ocrx_word' id='word_1_402' title='bbox 2840 2619 3194 2689; x_wconf 77' lang='grc' dir='ltr'><strong>νομομαθεῖς,</strong></span> <span class='ocrx_word' id='word_1_403' title='bbox 3241 2619 3357 2673; x_wconf 81' lang='grc' dir='ltr'><strong>ἀλλ’</strong></span> <span class='ocrx_word' id='word_1_404' title='bbox 3417 2623 3467 2673; x_wconf 81' lang='grc' dir='ltr'><strong>εί</strong></span> <span class='ocrx_word' id='word_1_405' title='bbox 3520 2623 3619 2674; x_wconf 78' lang='grc' dir='ltr'><strong>καὶ</strong></span> <span class='ocrx_word' id='word_1_406' title='bbox 3692 2623 4026 2692; x_wconf 80' lang='grc' dir='ltr'><strong>νομομαθεῖς</strong></span> 
     </span>
    </p>
   </div>
   <div class='ocr_carea' id='block_1_56' title="bbox 2441 2707 4055 2785">
    <p class='ocr_par' dir='ltr' id='par_1_56' title="bbox 2441 2707 4055 2785">
     <span class='ocr_line' id='line_1_56' title="bbox 2441 2707 4055 2785; baseline 0.003 -23"><span class='ocrx_word' id='word_1_407' title='bbox 2441 2707 2604 2781; x_wconf 72' lang='grc' dir='ltr'><strong>ἦσαν,</strong></span> <span class='ocrx_word' id='word_1_408' title='bbox 2641 2712 2742 2764; x_wconf 74' lang='grc' dir='ltr'><strong>οὐκ</strong></span> <span class='ocrx_word' id='word_1_409' title='bbox 2771 2713 3138 2782; x_wconf 77' lang='grc' dir='ltr'><strong>έναπέμειναν</strong></span> <span class='ocrx_word' id='word_1_410' title='bbox 3165 2713 3244 2783; x_wconf 88' lang='grc' dir='ltr'>τῷ</span> <span class='ocrx_word' id='word_1_411' title='bbox 3271 2716 3444 2784; x_wconf 84' lang='grc' dir='ltr'><strong>νόμῳ,</strong></span> <span class='ocrx_word' id='word_1_412' title='bbox 3475 2713 3598 2766; x_wconf 84' lang='grc' dir='ltr'><strong>ἀλλ’</strong></span> <span class='ocrx_word' id='word_1_413' title='bbox 3643 2714 4055 2785; x_wconf 72' lang='grc' dir='ltr'><strong>έμαθητεύθησ¹</strong></span> 
     </span>
    </p>
   </div>
   <div class='ocr_carea' id='block_1_57' title="bbox 2445 2802 4029 2877">
    <p class='ocr_par' dir='ltr' id='par_1_57' title="bbox 2445 2802 4029 2877">
     <span class='ocr_line' id='line_1_57' title="bbox 2445 2802 4029 2877; baseline 0.004 -24"><span class='ocrx_word' id='word_1_414' title='bbox 2445 2821 2544 2854; x_wconf 84' lang='grc' dir='ltr'><strong>σαν</strong></span> <span class='ocrx_word' id='word_1_415' title='bbox 2574 2805 2656 2866; x_wconf 81' lang='grc' dir='ltr'><strong>εἰς</strong></span> <span class='ocrx_word' id='word_1_416' title='bbox 2689 2804 2788 2874; x_wconf 78' lang='grc' dir='ltr'><strong>τὴν</strong></span> <span class='ocrx_word' id='word_1_417' title='bbox 2821 2802 3122 2873; x_wconf 84' lang='grc' dir='ltr'><strong>βασιλείαν,</strong></span> <span class='ocrx_word' id='word_1_418' title='bbox 3167 2805 3468 2870; x_wconf 75' lang='grc' dir='ltr'><strong>τουτέστιν,</strong></span> <span class='ocrx_word' id='word_1_419' title='bbox 3510 2809 3591 2870; x_wconf 86' lang='grc' dir='ltr'><strong>είς</strong></span> <span class='ocrx_word' id='word_1_420' title='bbox 3632 2806 3732 2877; x_wconf 73' lang='grc' dir='ltr'><strong>τὴν</strong></span> <span class='ocrx_word' id='word_1_421' title='bbox 3764 2808 3860 2860; x_wconf 89' lang='grc' dir='ltr'><strong>τοῦ</strong></span> <span class='ocrx_word' id='word_1_422' title='bbox 3892 2810 4029 2877; x_wconf 80' lang='grc' dir='ltr'><strong>Χριο</strong></span> 
     </span>
    </p>
   </div>
   <div class='ocr_carea' id='block_1_58' title="bbox 2443 2895 4031 2969">
    <p class='ocr_par' dir='ltr' id='par_1_58' title="bbox 2443 2895 4031 2969">
     <span class='ocr_line' id='line_1_58' title="bbox 2443 2895 4031 2969; baseline 0.004 -22"><span class='ocrx_word' id='word_1_423' title='bbox 2443 2895 2573 2948; x_wconf 87' lang='grc' dir='ltr'><strong>στοῦ</strong></span> <span class='ocrx_word' id='word_1_424' title='bbox 2615 2895 2842 2962; x_wconf 81' lang='grc' dir='ltr'><strong>γνῶσιν,</strong></span> <span class='ocrx_word' id='word_1_425' title='bbox 2899 2897 2994 2950; x_wconf 81' lang='grc' dir='ltr'><strong>καὶ</strong></span> <span class='ocrx_word' id='word_1_426' title='bbox 3042 2897 3302 2951; x_wconf 85' lang='grc' dir='ltr'><strong>δύνανται</strong></span> <span class='ocrx_word' id='word_1_427' title='bbox 3359 2900 3663 2969; x_wconf 79' lang='grc' dir='ltr'><strong>προφέρειν</strong></span> <span class='ocrx_word' id='word_1_428' title='bbox 3711 2900 3780 2954; x_wconf 79' lang='grc' dir='ltr'><strong>τά</strong></span> <span class='ocrx_word' id='word_1_429' title='bbox 3833 2918 3891 2952; x_wconf 79' lang='grc' dir='ltr'><strong>τε</strong></span> <span class='ocrx_word' id='word_1_430' title='bbox 3927 2901 4031 2968; x_wconf 71' lang='grc' dir='ltr'><strong>τῆς</strong></span> 
     </span>
    </p>
   </div>
   <div class='ocr_carea' id='block_1_59' title="bbox 2441 2986 4029 3060">
    <p class='ocr_par' dir='ltr' id='par_1_59' title="bbox 2441 2986 4029 3060">
     <span class='ocr_line' id='line_1_59' title="bbox 2441 2986 4029 3060; baseline 0.003 -22"><span class='ocrx_word' id='word_1_431' title='bbox 2441 2987 2635 3055; x_wconf 78' lang='grc' dir='ltr'><strong>καινῆς</strong></span> <span class='ocrx_word' id='word_1_432' title='bbox 2672 2990 2767 3038; x_wconf 78' lang='grc' dir='ltr'><strong>καὶ</strong></span> <span class='ocrx_word' id='word_1_433' title='bbox 2816 2987 2916 3055; x_wconf 77' lang='grc' dir='ltr'><strong>τῆς</strong></span> <span class='ocrx_word' id='word_1_434' title='bbox 2978 2987 3237 3052; x_wconf 80' lang='grc' dir='ltr'><strong>παλαῖας.</strong></span> <span class='ocrx_word' id='word_1_435' title='bbox 3275 2989 3680 3059; x_wconf 72' lang='grc' dir='ltr'><strong>Οἰκοδισπότης</strong></span> <span class='ocrx_word' id='word_1_436' title='bbox 3711 2986 3805 3044; x_wconf 86' lang='grc' dir='ltr'><strong>οὖν</strong></span> <span class='ocrx_word' id='word_1_437' title='bbox 3832 2995 3861 3044; x_wconf 85' lang='lat'><strong>6</strong></span> <span class='ocrx_word' id='word_1_438' title='bbox 3890 2992 4029 3060; x_wconf 74' lang='grc' dir='ltr'><strong>Χρι-</strong></span> 
     </span>
    </p>
   </div>
   <div class='ocr_carea' id='block_1_60' title="bbox 2445 3079 4028 3154">
    <p class='ocr_par' dir='ltr' id='par_1_60' title="bbox 2445 3079 4028 3154">
     <span class='ocr_line' id='line_1_60' title="bbox 2445 3079 4028 3154; baseline 0.004 -24"><span class='ocrx_word' id='word_1_439' title='bbox 2445 3079 2590 3141; x_wconf 81' lang='grc' dir='ltr'><strong>στὸς,</strong></span> <span class='ocrx_word' id='word_1_440' title='bbox 2621 3079 2696 3142; x_wconf 85' lang='grc' dir='ltr'><strong>ὼς</strong></span> <span class='ocrx_word' id='word_1_441' title='bbox 2723 3079 2999 3143; x_wconf 79' lang='grc' dir='ltr'><strong>πλούσιος.</strong></span> <span class='ocrx_word' id='word_1_442' title='bbox 3048 3082 3137 3135; x_wconf 85' lang='grc' dir='ltr'><strong>Ἐν</strong></span> <span class='ocrx_word' id='word_1_443' title='bbox 3165 3083 3315 3153; x_wconf 86' lang='grc' dir='ltr'><strong>αὐτῷ</strong></span> <span class='ocrx_word' id='word_1_444' title='bbox 3345 3084 3456 3154; x_wconf 84' lang='grc' dir='ltr'><strong>γὰρ</strong></span> <span class='ocrx_word' id='word_1_445' title='bbox 3486 3086 3530 3136; x_wconf 85' lang='grc' dir='ltr'><strong>οἱ</strong></span> <span class='ocrx_word' id='word_1_446' title='bbox 3559 3085 3661 3152; x_wconf 86' lang='grc' dir='ltr'><strong>τῆς</strong></span> <span class='ocrx_word' id='word_1_447' title='bbox 3706 3085 3898 3152; x_wconf 85' lang='grc' dir='ltr'><strong>σοφίας</strong></span> <span class='ocrx_word' id='word_1_448' title='bbox 3928 3086 4028 3154; x_wconf 74' lang='grc' dir='ltr'><strong>οη-</strong></span> 
     </span>
    </p>
   </div>
   <div class='ocr_carea' id='block_1_61' title="bbox 754 3165 2447 3246">
    <p class='ocr_par' dir='ltr' id='par_1_61' title="bbox 754 3165 2412 3233">
     <span class='ocr_line' id='line_1_61' title="bbox 754 3165 2412 3233; baseline -0.001 -13"><span class='ocrx_word' id='word_1_449' title='bbox 754 3169 1020 3222; x_wconf 84' lang='lat' dir='ltr'><strong>rationem</strong></span> <span class='ocrx_word' id='word_1_450' title='bbox 1053 3171 1269 3233; x_wconf 87' lang='lat' dir='ltr'><strong>reddes,</strong></span> <span class='ocrx_word' id='word_1_451' title='bbox 1301 3169 1404 3223; x_wconf 87' lang='lat' dir='ltr'><strong>hoc</strong></span> <span class='ocrx_word' id='word_1_452' title='bbox 1433 3170 1577 3223; x_wconf 87' lang='lat' dir='ltr'><strong>enim</strong></span> <span class='ocrx_word' id='word_1_453' title='bbox 1613 3184 1810 3223; x_wconf 83' lang='lat' dir='ltr'><strong>novum</strong></span> <span class='ocrx_word' id='word_1_454' title='bbox 1849 3185 1863 3222; x_wconf 90' lang='lat'><strong>:</strong></span> <span class='ocrx_word' id='word_1_455' title='bbox 1907 3168 2110 3222; x_wconf 90' lang='lat' dir='ltr'><strong>Deinde</strong></span> <span class='ocrx_word' id='word_1_456' title='bbox 2133 3165 2340 3220; x_wconf 76' lang='lat' dir='ltr'><strong>addidit</strong></span> <span class='ocrx_word' id='word_1_457' title='bbox 2368 3177 2412 3233; x_wconf 71' lang='grc' dir='ltr'><strong>ς</strong></span> 
     </span>
    </p>
   </div>
   <div class='ocr_carea' id='block_1_62' title="bbox 2337 3165 4030 3246">
    <p class='ocr_par' dir='ltr' id='par_1_62' title="bbox 2337 3169 4030 3246">
     <span class='ocr_line' id='line_1_62' title="bbox 2337 3169 4030 3246; baseline 0.006 -28"><span class='ocrx_word' id='word_1_458' title='bbox 2337 3177 2412 3233; x_wconf 81' lang='lat' dir='ltr'><strong>.c</strong></span> <span class='ocrx_word' id='word_1_459' title='bbox 2451 3169 2662 3239; x_wconf 78' lang='grc' dir='ltr'><strong>σαυροί.</strong></span> <span class='ocrx_word' id='word_1_460' title='bbox 2708 3172 2806 3232; x_wconf 83' lang='grc' dir='ltr'><strong>⁸ος</strong></span> <span class='ocrx_word' id='word_1_461' title='bbox 2852 3172 2920 3222; x_wconf 84' lang='grc' dir='ltr'><strong>τὰ</strong></span> <span class='ocrx_word' id='word_1_462' title='bbox 2952 3173 3115 3224; x_wconf 79' lang='grc' dir='ltr'><strong>καινὰ</strong></span> <span class='ocrx_word' id='word_1_463' title='bbox 3146 3172 3440 3238; x_wconf 77' lang='grc' dir='ltr'><strong>διδάσκων,</strong></span> <span class='ocrx_word' id='word_1_464' title='bbox 3489 3169 3594 3226; x_wconf 78' lang='grc' dir='ltr'><strong>εἶθ’</strong></span> <span class='ocrx_word' id='word_1_465' title='bbox 3639 3175 3815 3238; x_wconf 77' lang='grc' dir='ltr'><strong>οὓτως</strong></span> <span class='ocrx_word' id='word_1_466' title='bbox 3865 3177 4030 3246; x_wconf 75' lang='grc' dir='ltr'><strong>ἔφερσ</strong></span> 
     </span>
    </p>
   </div>
   <div class='ocr_carea' id='block_1_63' title="bbox 755 3258 2338 3328">
    <p class='ocr_par' dir='ltr' id='par_1_63' title="bbox 755 3258 2338 3328">
     <span class='ocr_line' id='line_1_63' title="bbox 755 3258 2338 3328; baseline -0.001 -15"><span class='ocrx_word' id='word_1_467' title='bbox 755 3261 1150 3315; x_wconf 76' lang='lat' dir='ltr'><strong>testimonium.</strong></span> <span class='ocrx_word' id='word_1_468' title='bbox 1194 3258 1270 3313; x_wconf 78' lang='lat' dir='ltr'><strong>Ea</strong></span> <span class='ocrx_word' id='word_1_469' title='bbox 1321 3259 1664 3314; x_wconf 81' lang='lat' dir='ltr'><strong>sermonibus</strong></span> <span class='ocrx_word' id='word_1_470' title='bbox 1716 3261 1867 3314; x_wconf 84' lang='lat' dir='ltr'><strong>enim</strong></span> <span class='ocrx_word' id='word_1_471' title='bbox 1920 3261 2027 3314; x_wconf 78' lang='lat' dir='ltr'><strong>tuis</strong></span> <span class='ocrx_word' id='word_1_472' title='bbox 2071 3258 2338 3328; x_wconf 77' lang='lat' dir='ltr'><strong>iustiﬁca-</strong></span> 
     </span>
    </p>
   </div>
   <div class='ocr_carea' id='block_1_64' title="bbox 749 3348 2337 3413">
    <p class='ocr_par' dir='ltr' id='par_1_64' title="bbox 749 3348 2337 3413">
     <span class='ocr_line' id='line_1_64' title="bbox 749 3348 2337 3413; baseline -0.003 -6"><span class='ocrx_word' id='word_1_473' title='bbox 749 3351 919 3413; x_wconf 84' lang='lat' dir='ltr'><strong>beris,</strong></span> <span class='ocrx_word' id='word_1_474' title='bbox 963 3361 1018 3406; x_wconf 86' lang='lat' dir='ltr'><strong>et</strong></span> <span class='ocrx_word' id='word_1_475' title='bbox 1057 3351 1529 3413; x_wconf 81' lang='lat' dir='ltr'><strong>condemnaberis,</strong></span> <span class='ocrx_word' id='word_1_476' title='bbox 1560 3351 1661 3405; x_wconf 90' lang='lat' dir='ltr'><strong>hoc</strong></span> <span class='ocrx_word' id='word_1_477' title='bbox 1696 3359 1867 3404; x_wconf 83' lang='lat' dir='ltr'><strong>vetus.</strong></span> <span class='ocrx_word' id='word_1_478' title='bbox 1901 3348 1956 3402; x_wconf 89' lang='lat' dir='ltr'><strong>In</strong></span> <span class='ocrx_word' id='word_1_479' title='bbox 1995 3351 2096 3404; x_wconf 90' lang='lat' dir='ltr'><strong>hoc</strong></span> <span class='ocrx_word' id='word_1_480' title='bbox 2130 3349 2337 3404; x_wconf 85' lang='lat' dir='ltr'><strong>similes</strong></span> 
     </span>
    </p>
   </div>
   <div class='ocr_carea' id='block_1_65' title="bbox 750 3440 2332 3511">
    <p class='ocr_par' dir='ltr' id='par_1_65' title="bbox 750 3440 2332 3511">
     <span class='ocr_line' id='line_1_65' title="bbox 750 3440 2332 3511; baseline 0.003 -19"><span class='ocrx_word' id='word_1_481' title='bbox 750 3441 1002 3510; x_wconf 83' lang='lat' dir='ltr'><strong>apostoli,</strong></span> <span class='ocrx_word' id='word_1_482' title='bbox 1057 3442 1233 3510; x_wconf 88' lang='lat' dir='ltr'><strong>qualis</strong></span> <span class='ocrx_word' id='word_1_483' title='bbox 1293 3440 1511 3496; x_wconf 79' lang='lat' dir='ltr'><strong>Paulus.</strong></span> <span class='ocrx_word' id='word_1_484' title='bbox 1575 3442 1907 3504; x_wconf 85' lang='lat' dir='ltr'><strong>lmitatores.</strong></span> <span class='ocrx_word' id='word_1_485' title='bbox 1969 3443 2178 3511; x_wconf 88' lang='lat' dir='ltr'><strong>inquit,</strong></span> <span class='ocrx_word' id='word_1_486' title='bbox 2229 3446 2332 3497; x_wconf 86' lang='lat' dir='ltr'><strong>mei</strong></span> 
     </span>
    </p>
   </div>
   <div class='ocr_carea' id='block_1_66' title="bbox 687 3533 1668 3605">
    <p class='ocr_par' dir='ltr' id='par_1_66' title="bbox 687 3533 1668 3605">
     <span class='ocr_line' id='line_1_66' title="bbox 687 3533 1668 3605; baseline 0.002 -18"><span class='ocrx_word' id='word_1_487' title='bbox 687 3587 696 3605; x_wconf 17' lang='grc' dir='ltr'><strong>ι,</strong></span> <span class='ocrx_word' id='word_1_488' title='bbox 749 3543 951 3601; x_wconf 85' lang='lat' dir='ltr'><strong>estote,</strong></span> <span class='ocrx_word' id='word_1_489' title='bbox 988 3535 1130 3589; x_wconf 82' lang='lat' dir='ltr'><strong>sicut</strong></span> <span class='ocrx_word' id='word_1_490' title='bbox 1155 3543 1208 3588; x_wconf 89' lang='lat' dir='ltr'><strong>et</strong></span> <span class='ocrx_word' id='word_1_491' title='bbox 1237 3550 1338 3603; x_wconf 81' lang='lat' dir='ltr'><strong>ego</strong></span> <span class='ocrx_word' id='word_1_492' title='bbox 1373 3533 1575 3588; x_wconf 85' lang='lat' dir='ltr'><strong>Christi</strong></span> <span class='ocrx_word' id='word_1_493' title='bbox 1607 3536 1668 3589; x_wconf 79' lang='lat'><strong>&quot;.</strong></span> 
     </span>
    </p>
   </div>
   <div class='ocr_carea' id='block_1_67' title="bbox 825 3805 2341 3874">
    <p class='ocr_par' dir='ltr' id='par_1_67' title="bbox 825 3805 2341 3874">
     <span class='ocr_line' id='line_1_67' title="bbox 825 3805 2341 3874; baseline 0.001 -13"><span class='ocrx_word' id='word_1_494' title='bbox 825 3806 987 3862; x_wconf 73' lang='lat' dir='ltr'><strong>Vens.</strong></span> <span class='ocrx_word' id='word_1_495' title='bbox 1016 3807 1114 3874; x_wconf 75' lang='lat'><strong>53,</strong></span> <span class='ocrx_word' id='word_1_496' title='bbox 1144 3807 1234 3862; x_wconf 68' lang='grc'><strong>54.</strong></span> <span class='ocrx_word' id='word_1_497' title='bbox 1284 3826 1302 3856; x_wconf 78' lang='grc' dir='ltr'><strong>ι</strong></span> <span class='ocrx_word' id='word_1_498' title='bbox 1333 3805 1397 3860; x_wconf 79' lang='lat' dir='ltr'><strong>Et</strong></span> <span class='ocrx_word' id='word_1_499' title='bbox 1450 3810 1649 3862; x_wconf 88' lang='lat' dir='ltr'><strong>factum</strong></span> <span class='ocrx_word' id='word_1_500' title='bbox 1703 3819 1805 3873; x_wconf 85' lang='lat' dir='ltr'><strong>est,</strong></span> <span class='ocrx_word' id='word_1_501' title='bbox 1853 3820 1912 3862; x_wconf 91' lang='lat' dir='ltr'><strong>ut</strong></span> <span class='ocrx_word' id='word_1_502' title='bbox 1965 3825 2087 3863; x_wconf 89' lang='lat' dir='ltr'><strong>cum</strong></span> <span class='ocrx_word' id='word_1_503' title='bbox 2131 3810 2341 3865; x_wconf 83' lang='lat' dir='ltr'><strong>finisset</strong></span> 
     </span>
    </p>
   </div>
   <div class='ocr_carea' id='block_1_68' title="bbox 748 3899 2335 3969">
    <p class='ocr_par' dir='ltr' id='par_1_68' title="bbox 748 3899 2335 3969">
     <span class='ocr_line' id='line_1_68' title="bbox 748 3899 2335 3969; baseline 0 -15"><span class='ocrx_word' id='word_1_504' title='bbox 748 3899 905 3955; x_wconf 82' lang='lat' dir='ltr'><strong>Jesus</strong></span> <span class='ocrx_word' id='word_1_505' title='bbox 950 3900 1234 3968; x_wconf 76' lang='lat' dir='ltr'><strong>parabolas</strong></span> <span class='ocrx_word' id='word_1_506' title='bbox 1290 3901 1411 3964; x_wconf 91' lang='lat' dir='ltr'><strong>has,</strong></span> <span class='ocrx_word' id='word_1_507' title='bbox 1463 3901 1839 3969; x_wconf 81' lang='lat' dir='ltr'><strong>digrederetur</strong></span> <span class='ocrx_word' id='word_1_508' title='bbox 1894 3902 2065 3956; x_wconf 90' lang='lat' dir='ltr'><strong>illinc.</strong></span> <span class='ocrx_word' id='word_1_509' title='bbox 2103 3902 2170 3957; x_wconf 86' lang='lat' dir='ltr'><strong>Et</strong></span> <span class='ocrx_word' id='word_1_510' title='bbox 2213 3917 2335 3957; x_wconf 90' lang='lat' dir='ltr'><strong>cum</strong></span> 
     </span>
    </p>
   </div>
   <div class='ocr_carea' id='block_1_69' title="bbox 750 3993 2337 4064">
    <p class='ocr_par' dir='ltr' id='par_1_69' title="bbox 750 3993 2337 4064">
     <span class='ocr_line' id='line_1_69' title="bbox 750 3993 2337 4064; baseline 0.003 -20"><span class='ocrx_word' id='word_1_511' title='bbox 750 3993 992 4047; x_wconf 64' lang='lat' dir='ltr'><strong>Vettisset</strong></span> <span class='ocrx_word' id='word_1_512' title='bbox 1018 3995 1067 4045; x_wconf 88' lang='lat' dir='ltr'><strong>in</strong></span> <span class='ocrx_word' id='word_1_513' title='bbox 1097 3994 1324 4062; x_wconf 86' lang='lat' dir='ltr'><strong>patriam</strong></span> <span class='ocrx_word' id='word_1_514' title='bbox 1363 4008 1538 4058; x_wconf 86' lang='lat' dir='ltr'><strong>suam,</strong></span> <span class='ocrx_word' id='word_1_515' title='bbox 1571 3995 1799 4049; x_wconf 85' lang='lat' dir='ltr'><strong>docebat</strong></span> <span class='ocrx_word' id='word_1_516' title='bbox 1831 4008 1925 4048; x_wconf 89' lang='lat' dir='ltr'><strong>eos</strong></span> <span class='ocrx_word' id='word_1_517' title='bbox 1979 3996 2032 4049; x_wconf 92' lang='lat' dir='ltr'><strong>in</strong></span> <span class='ocrx_word' id='word_1_518' title='bbox 2063 4009 2337 4064; x_wconf 81' lang='lat' dir='ltr'><strong>synagoga</strong></span> 
     </span>
    </p>
   </div>
   <div class='ocr_carea' id='block_1_70' title="bbox 753 4084 2339 4156">
    <p class='ocr_par' dir='ltr' id='par_1_70' title="bbox 753 4084 2339 4156">
     <span class='ocr_line' id='line_1_70' title="bbox 753 4084 2339 4156; baseline 0.003 -20"><span class='ocrx_word' id='word_1_519' title='bbox 753 4085 990 4140; x_wconf 87' lang='lat' dir='ltr'><strong>illorum.</strong></span> <span class='ocrx_word' id='word_1_520' title='bbox 1027 4102 1045 4134; x_wconf 73' lang='grc' dir='ltr'><strong>ι</strong></span> <span class='ocrx_word' id='word_1_521' title='bbox 1109 4084 1219 4140; x_wconf 80' lang='lat' dir='ltr'><strong>Has</strong></span> <span class='ocrx_word' id='word_1_522' title='bbox 1263 4087 1397 4140; x_wconf 80' lang='lat' dir='ltr'><strong>dixit</strong></span> <span class='ocrx_word' id='word_1_523' title='bbox 1445 4085 1749 4153; x_wconf 85' lang='lat' dir='ltr'><strong>parabolas,</strong></span> <span class='ocrx_word' id='word_1_524' title='bbox 1797 4088 2056 4156; x_wconf 88' lang='lat' dir='ltr'><strong>quoniam</strong></span> <span class='ocrx_word' id='word_1_525' title='bbox 2105 4099 2161 4141; x_wconf 86' lang='lat' dir='ltr'><strong>et</strong></span> <span class='ocrx_word' id='word_1_526' title='bbox 2205 4087 2339 4141; x_wconf 86' lang='lat' dir='ltr'><strong>alias</strong></span> 
     </span>
    </p>
   </div>
   <div class='ocr_carea' id='block_1_71' title="bbox 753 4178 2332 4250">
    <p class='ocr_par' dir='ltr' id='par_1_71' title="bbox 753 4178 2332 4250">
     <span class='ocr_line' id='line_1_71' title="bbox 753 4178 2332 4250; baseline 0.008 -26"><span class='ocrx_word' id='word_1_527' title='bbox 753 4178 912 4244; x_wconf 74' lang='lat' dir='ltr'><strong>paulo</strong></span> <span class='ocrx_word' id='word_1_528' title='bbox 941 4187 1064 4245; x_wconf 90' lang='lat' dir='ltr'><strong>post</strong></span> <span class='ocrx_word' id='word_1_529' title='bbox 1098 4178 1340 4232; x_wconf 87' lang='lat' dir='ltr'><strong>dicturus</strong></span> <span class='ocrx_word' id='word_1_530' title='bbox 1373 4189 1509 4232; x_wconf 86' lang='lat' dir='ltr'><strong>erat.</strong></span> <span class='ocrx_word' id='word_1_531' title='bbox 1545 4179 1765 4250; x_wconf 75' lang='lat' dir='ltr'><strong>Transit</strong></span> <span class='ocrx_word' id='word_1_532' title='bbox 1796 4195 2001 4245; x_wconf 87' lang='lat' dir='ltr'><strong>autem,</strong></span> <span class='ocrx_word' id='word_1_533' title='bbox 2033 4190 2094 4234; x_wconf 91' lang='lat' dir='ltr'><strong>ut</strong></span> <span class='ocrx_word' id='word_1_534' title='bbox 2122 4193 2179 4236; x_wconf 94' lang='lat' dir='ltr'><strong>et</strong></span> <span class='ocrx_word' id='word_1_535' title='bbox 2211 4182 2332 4236; x_wconf 86' lang='lat' dir='ltr'><strong>aliis</strong></span> 
     </span>
    </p>
   </div>
   <div class='ocr_carea' id='block_1_72' title="bbox 751 4268 2338 4341">
    <p class='ocr_par' dir='ltr' id='par_1_72' title="bbox 751 4268 2338 4341">
     <span class='ocr_line' id='line_1_72' title="bbox 751 4268 2338 4341; baseline 0.002 -16"><span class='ocrx_word' id='word_1_536' title='bbox 751 4287 845 4325; x_wconf 88' lang='lat' dir='ltr'><strong>sua</strong></span> <span class='ocrx_word' id='word_1_537' title='bbox 877 4271 1161 4340; x_wconf 62' lang='lat' dir='ltr'><strong>praesentia</strong></span> <span class='ocrx_word' id='word_1_538' title='bbox 1192 4270 1380 4341; x_wconf 87' lang='lat' dir='ltr'><strong>prosit.</strong></span> <span class='ocrx_word' id='word_1_539' title='bbox 1411 4268 1650 4324; x_wconf 72' lang='lat' dir='ltr'><strong>Palriam</strong></span> <span class='ocrx_word' id='word_1_540' title='bbox 1678 4283 1856 4326; x_wconf 87' lang='lat' dir='ltr'><strong>autem</strong></span> <span class='ocrx_word' id='word_1_541' title='bbox 1891 4273 2035 4328; x_wconf 87' lang='lat' dir='ltr'><strong>illius</strong></span> <span class='ocrx_word' id='word_1_542' title='bbox 2067 4272 2338 4328; x_wconf 82' lang='lat' dir='ltr'><strong>Nazareth</strong></span> 
     </span>
    </p>
   </div>
   <div class='ocr_carea' id='block_1_73' title="bbox 759 4363 2339 4431">
    <p class='ocr_par' dir='ltr' id='par_1_73' title="bbox 759 4363 2339 4431">
     <span class='ocr_line' id='line_1_73' title="bbox 759 4363 2339 4431; baseline 0.004 -16"><span class='ocrx_word' id='word_1_543' title='bbox 759 4363 1000 4431; x_wconf 84' lang='lat' dir='ltr'><strong>intelligo</strong></span> <span class='ocrx_word' id='word_1_544' title='bbox 1034 4381 1048 4415; x_wconf 91' lang='lat'>:</span> <span class='ocrx_word' id='word_1_545' title='bbox 1087 4379 1216 4416; x_wconf 88' lang='lat' dir='ltr'><strong>nam</strong></span> <span class='ocrx_word' id='word_1_546' title='bbox 1264 4365 1315 4416; x_wconf 87' lang='lat' dir='ltr'><strong>in</strong></span> <span class='ocrx_word' id='word_1_547' title='bbox 1362 4363 1463 4418; x_wconf 82' lang='lat' dir='ltr'><strong>ista</strong></span> <span class='ocrx_word' id='word_1_548' title='bbox 1505 4364 1768 4419; x_wconf 87' lang='lat' dir='ltr'><strong>educatus</strong></span> <span class='ocrx_word' id='word_1_549' title='bbox 1805 4376 1907 4420; x_wconf 80' lang='lat' dir='ltr'><strong>est.</strong></span> <span class='ocrx_word' id='word_1_550' title='bbox 1956 4366 2228 4421; x_wconf 68' lang='lat' dir='ltr'><strong>Caeterum</strong></span> <span class='ocrx_word' id='word_1_551' title='bbox 2285 4368 2339 4422; x_wconf 91' lang='lat' dir='ltr'><strong>in</strong></span> 
     </span>
    </p>
   </div>
   <div class='ocr_carea' id='block_1_74' title="bbox 753 4454 2335 4529">
    <p class='ocr_par' dir='ltr' id='par_1_74' title="bbox 753 4454 2335 4529">
     <span class='ocr_line' id='line_1_74' title="bbox 753 4454 2335 4529; baseline 0.004 -21"><span class='ocrx_word' id='word_1_552' title='bbox 753 4470 1027 4526; x_wconf 79' lang='lat' dir='ltr'><strong>synagoga</strong></span> <span class='ocrx_word' id='word_1_553' title='bbox 1054 4457 1210 4509; x_wconf 81' lang='lat' dir='ltr'><strong>docet</strong></span> <span class='ocrx_word' id='word_1_554' title='bbox 1257 4454 1467 4523; x_wconf 87' lang='lat' dir='ltr'><strong>publice</strong></span> <span class='ocrx_word' id='word_1_555' title='bbox 1506 4465 1564 4509; x_wconf 90' lang='lat' dir='ltr'><strong>et</strong></span> <span class='ocrx_word' id='word_1_556' title='bbox 1590 4457 1778 4522; x_wconf 88' lang='lat' dir='ltr'><strong>libere,</strong></span> <span class='ocrx_word' id='word_1_557' title='bbox 1818 4471 1884 4511; x_wconf 88' lang='lat' dir='ltr'><strong>ne</strong></span> <span class='ocrx_word' id='word_1_558' title='bbox 1930 4459 2115 4513; x_wconf 78' lang='lat' dir='ltr'><strong>dicere</strong></span> <span class='ocrx_word' id='word_1_559' title='bbox 2151 4469 2335 4529; x_wconf 85' lang='lat' dir='ltr'><strong>postea</strong></span> 
     </span>
    </p>
   </div>
   <div class='ocr_carea' id='block_1_75' title="bbox 754 4548 2153 4618">
    <p class='ocr_par' dir='ltr' id='par_1_75' title="bbox 754 4548 2153 4618">
     <span class='ocr_line' id='line_1_75' title="bbox 754 4548 2153 4618; baseline 0.004 -18"><span class='ocrx_word' id='word_1_560' title='bbox 754 4549 964 4616; x_wconf 75' lang='lat' dir='ltr'><strong>possint</strong></span> <span class='ocrx_word' id='word_1_561' title='bbox 997 4548 1136 4616; x_wconf 85' lang='lat' dir='ltr'><strong>quod</strong></span> <span class='ocrx_word' id='word_1_562' title='bbox 1168 4549 1413 4616; x_wconf 72' lang='lat' dir='ltr'><strong>qumdam</strong></span> <span class='ocrx_word' id='word_1_563' title='bbox 1438 4563 1466 4600; x_wconf 90' lang='lat' dir='ltr'><strong>a</strong></span> <span class='ocrx_word' id='word_1_564' title='bbox 1496 4549 1613 4618; x_wconf 79' lang='lat' dir='ltr'><strong>lege</strong></span> <span class='ocrx_word' id='word_1_565' title='bbox 1641 4551 1856 4605; x_wconf 75' lang='lat' dir='ltr'><strong>diversa</strong></span> <span class='ocrx_word' id='word_1_566' title='bbox 1887 4553 2153 4607; x_wconf 86' lang='lat' dir='ltr'><strong>docuerit.</strong></span> 
     </span>
    </p>
   </div>
   <div class='ocr_carea' id='block_1_76' title="bbox 831 4726 2330 4798">
    <p class='ocr_par' dir='ltr' id='par_1_76' title="bbox 831 4726 2330 4798">
     <span class='ocr_line' id='line_1_76' title="bbox 831 4726 2330 4798; baseline 0.007 -20"><span class='ocrx_word' id='word_1_567' title='bbox 831 4726 993 4781; x_wconf 73' lang='lat' dir='ltr'><strong>Vens.</strong></span> <span class='ocrx_word' id='word_1_568' title='bbox 1039 4728 1231 4782; x_wconf 65' lang='lat'><strong>54-57.</strong></span> <span class='ocrx_word' id='word_1_569' title='bbox 1286 4748 1303 4779; x_wconf 79' lang='grc' dir='ltr'><strong>ι</strong></span> <span class='ocrx_word' id='word_1_570' title='bbox 1357 4727 1432 4780; x_wconf 85' lang='lat' dir='ltr'><strong>Ita</strong></span> <span class='ocrx_word' id='word_1_571' title='bbox 1477 4740 1529 4784; x_wconf 88' lang='lat' dir='ltr'><strong>ut</strong></span> <span class='ocrx_word' id='word_1_572' title='bbox 1583 4744 1881 4798; x_wconf 84' lang='lat' dir='ltr'><strong>stuperent,</strong></span> <span class='ocrx_word' id='word_1_573' title='bbox 1932 4749 1994 4786; x_wconf 91' lang='lat' dir='ltr'><strong>ac</strong></span> <span class='ocrx_word' id='word_1_574' title='bbox 2041 4735 2284 4790; x_wconf 84' lang='lat' dir='ltr'><strong>dicerent</strong></span> <span class='ocrx_word' id='word_1_575' title='bbox 2318 4780 2330 4789; x_wconf 88' lang='lat'><strong>.</strong></span> 
     </span>
    </p>
   </div>
   <div class='ocr_carea' id='block_1_77' title="bbox 761 4818 2339 4886">
    <p class='ocr_par' dir='ltr' id='par_1_77' title="bbox 761 4818 2339 4886">
     <span class='ocr_line' id='line_1_77' title="bbox 761 4818 2339 4886; baseline 0.006 -15"><span class='ocrx_word' id='word_1_576' title='bbox 761 4818 908 4872; x_wconf 84' lang='lat' dir='ltr'><strong>Unde</strong></span> <span class='ocrx_word' id='word_1_577' title='bbox 935 4818 1058 4871; x_wconf 87' lang='lat' dir='ltr'><strong>huic</strong></span> <span class='ocrx_word' id='word_1_578' title='bbox 1086 4819 1354 4886; x_wconf 88' lang='lat' dir='ltr'><strong>sapientia</strong></span> <span class='ocrx_word' id='word_1_579' title='bbox 1385 4819 1500 4873; x_wconf 64' lang='lat' dir='ltr'><strong>haec</strong></span> <span class='ocrx_word' id='word_1_580' title='bbox 1535 4833 1588 4874; x_wconf 90' lang='lat' dir='ltr'><strong>et</strong></span> <span class='ocrx_word' id='word_1_581' title='bbox 1631 4822 1899 4877; x_wconf 75' lang='lat' dir='ltr'><strong>virtutes?</strong></span> <span class='ocrx_word' id='word_1_582' title='bbox 1924 4839 2104 4879; x_wconf 84' lang='lat' dir='ltr'><strong>nonne</strong></span> <span class='ocrx_word' id='word_1_583' title='bbox 2137 4828 2223 4882; x_wconf 82' lang='lat' dir='ltr'><strong>hic</strong></span> <span class='ocrx_word' id='word_1_584' title='bbox 2256 4837 2339 4883; x_wconf 77' lang='lat' dir='ltr'><strong>est</strong></span> 
     </span>
    </p>
   </div>
   <div class='ocr_carea' id='block_1_78' title="bbox 756 4899 2336 4985">
    <p class='ocr_par' dir='ltr' id='par_1_78' title="bbox 756 4899 2336 4985">
     <span class='ocr_line' id='line_1_78' title="bbox 756 4899 2336 4985; baseline 0.007 -23"><span class='ocrx_word' id='word_1_585' title='bbox 756 4911 844 4962; x_wconf 79' lang='lat' dir='ltr'><strong>iile</strong></span> <span class='ocrx_word' id='word_1_586' title='bbox 900 4909 1036 4963; x_wconf 86' lang='lat' dir='ltr'><strong>fabri</strong></span> <span class='ocrx_word' id='word_1_587' title='bbox 1085 4899 1478 4964; x_wconf 79' lang='lat' dir='ltr'><strong>lilius?nonne</strong></span> <span class='ocrx_word' id='word_1_588' title='bbox 1514 4922 1686 4965; x_wconf 87' lang='lat' dir='ltr'><strong>mater</strong></span> <span class='ocrx_word' id='word_1_589' title='bbox 1727 4916 1848 4982; x_wconf 86' lang='lat' dir='ltr'><strong>ejus</strong></span> <span class='ocrx_word' id='word_1_590' title='bbox 1879 4930 2104 4970; x_wconf 78' lang='lat' dir='ltr'><strong>vocatur</strong></span> <span class='ocrx_word' id='word_1_591' title='bbox 2145 4918 2336 4985; x_wconf 69' lang='lat' dir='ltr'><strong>Maria,</strong></span> 
     </span>
    </p>
   </div>
   <div class='ocr_carea' id='block_1_79' title="bbox 754 4997 2339 5072">
    <p class='ocr_par' dir='ltr' id='par_1_79' title="bbox 754 4997 2339 5072">
     <span class='ocr_line' id='line_1_79' title="bbox 754 4997 2339 5072; baseline 0.008 -22"><span class='ocrx_word' id='word_1_592' title='bbox 754 5011 806 5051; x_wconf 92' lang='lat' dir='ltr'><strong>ct</strong></span> <span class='ocrx_word' id='word_1_593' title='bbox 838 4997 1033 5053; x_wconf 82' lang='lat' dir='ltr'><strong>fratres</strong></span> <span class='ocrx_word' id='word_1_594' title='bbox 1067 5000 1186 5068; x_wconf 84' lang='lat' dir='ltr'><strong>ejus</strong></span> <span class='ocrx_word' id='word_1_595' title='bbox 1217 5000 1454 5055; x_wconf 82' lang='lat' dir='ltr'><strong>Jacobus</strong></span> <span class='ocrx_word' id='word_1_596' title='bbox 1481 5043 1495 5064; x_wconf 95' lang='lat'><strong>,</strong></span> <span class='ocrx_word' id='word_1_597' title='bbox 1535 5015 1588 5055; x_wconf 82' lang='lat' dir='ltr'><strong>et</strong></span> <span class='ocrx_word' id='word_1_598' title='bbox 1616 5002 1792 5069; x_wconf 69' lang='lat' dir='ltr'><strong>loses,</strong></span> <span class='ocrx_word' id='word_1_599' title='bbox 1820 5015 1872 5058; x_wconf 88' lang='lat' dir='ltr'><strong>et</strong></span> <span class='ocrx_word' id='word_1_600' title='bbox 1904 5004 2112 5072; x_wconf 82' lang='lat' dir='ltr'><strong>Simon,</strong></span> <span class='ocrx_word' id='word_1_601' title='bbox 2152 5018 2206 5061; x_wconf 88' lang='lat' dir='ltr'><strong>et</strong></span> <span class='ocrx_word' id='word_1_602' title='bbox 2245 5009 2339 5062; x_wconf 70' lang='lat' dir='ltr'><strong>Ju-</strong></span> 
     </span>
    </p>
   </div>
   <div class='ocr_carea' id='block_1_80' title="bbox 755 5091 2341 5166">
    <p class='ocr_par' dir='ltr' id='par_1_80' title="bbox 755 5091 2341 5166">
     <span class='ocr_line' id='line_1_80' title="bbox 755 5091 2341 5166; baseline 0.007 -23"><span class='ocrx_word' id='word_1_603' title='bbox 755 5093 851 5144; x_wconf 76' lang='lat' dir='ltr'><strong>das</strong></span> <span class='ocrx_word' id='word_1_604' title='bbox 875 5091 896 5143; x_wconf 83' lang='lat'><strong>?</strong></span> <span class='ocrx_word' id='word_1_605' title='bbox 919 5104 972 5146; x_wconf 88' lang='lat' dir='ltr'><strong>et</strong></span> <span class='ocrx_word' id='word_1_606' title='bbox 999 5109 1213 5149; x_wconf 75' lang='lat' dir='ltr'><strong>Sorores</strong></span> <span class='ocrx_word' id='word_1_607' title='bbox 1241 5095 1359 5164; x_wconf 84' lang='lat' dir='ltr'><strong>ejus</strong></span> <span class='ocrx_word' id='word_1_608' title='bbox 1392 5112 1574 5151; x_wconf 82' lang='lat' dir='ltr'><strong>nonne</strong></span> <span class='ocrx_word' id='word_1_609' title='bbox 1611 5113 1805 5151; x_wconf 80' lang='lat' dir='ltr'><strong>omnes</strong></span> <span class='ocrx_word' id='word_1_610' title='bbox 1847 5101 1986 5166; x_wconf 89' lang='lat' dir='ltr'><strong>apud</strong></span> <span class='ocrx_word' id='word_1_611' title='bbox 2023 5117 2122 5155; x_wconf 84' lang='lat' dir='ltr'><strong>nos</strong></span> <span class='ocrx_word' id='word_1_612' title='bbox 2169 5103 2341 5155; x_wconf 69' lang='lat' dir='ltr'><strong>sunt?</strong></span> 
     </span>
    </p>
   </div>
   <div class='ocr_carea' id='block_1_81' title="bbox 758 5179 2340 5252">
    <p class='ocr_par' dir='ltr' id='par_1_81' title="bbox 758 5179 2340 5252">
     <span class='ocr_line' id='line_1_81' title="bbox 758 5179 2340 5252; baseline 0.008 -16"><span class='ocrx_word' id='word_1_613' title='bbox 758 5179 913 5236; x_wconf 78' lang='lat' dir='ltr'><strong>Untle</strong></span> <span class='ocrx_word' id='word_1_614' title='bbox 953 5185 1115 5252; x_wconf 79' lang='lat' dir='ltr'><strong>igitur</strong></span> <span class='ocrx_word' id='word_1_615' title='bbox 1147 5185 1270 5240; x_wconf 83' lang='lat' dir='ltr'><strong>huic</strong></span> <span class='ocrx_word' id='word_1_616' title='bbox 1306 5187 1420 5241; x_wconf 64' lang='lat' dir='ltr'><strong>hate</strong></span> <span class='ocrx_word' id='word_1_617' title='bbox 1449 5189 1632 5241; x_wconf 81' lang='lat' dir='ltr'><strong>omnia</strong></span> <span class='ocrx_word' id='word_1_618' title='bbox 1663 5189 1683 5241; x_wconf 84' lang='lat'><strong>?</strong></span> <span class='ocrx_word' id='word_1_619' title='bbox 1713 5201 1766 5242; x_wconf 93' lang='lat' dir='ltr'><strong>et</strong></span> <span class='ocrx_word' id='word_1_620' title='bbox 1807 5189 2219 5246; x_wconf 66' lang='lat' dir='ltr'><strong>oﬂendebantur</strong></span> <span class='ocrx_word' id='word_1_621' title='bbox 2247 5211 2340 5248; x_wconf 82' lang='lat' dir='ltr'><strong>su-</strong></span> 
     </span>
    </p>
   </div>
   <div class='ocr_carea' id='block_1_82' title="bbox 756 5277 2340 5347">
    <p class='ocr_par' dir='ltr' id='par_1_82' title="bbox 756 5277 2340 5347">
     <span class='ocr_line' id='line_1_82' title="bbox 756 5277 2340 5347; baseline 0.011 -22"><span class='ocrx_word' id='word_1_622' title='bbox 756 5292 852 5343; x_wconf 79' lang='lat' dir='ltr'><strong>per</strong></span> <span class='ocrx_word' id='word_1_623' title='bbox 881 5290 965 5329; x_wconf 84' lang='lat' dir='ltr'><strong>eo.</strong></span> <span class='ocrx_word' id='word_1_624' title='bbox 1005 5295 1023 5327; x_wconf 75' lang='grc' dir='ltr'><strong>ι</strong></span> <span class='ocrx_word' id='word_1_625' title='bbox 1058 5277 1372 5345; x_wconf 83' lang='lat' dir='ltr'><strong>lusipientes</strong></span> <span class='ocrx_word' id='word_1_626' title='bbox 1405 5293 1564 5335; x_wconf 88' lang='lat' dir='ltr'><strong>erant</strong></span> <span class='ocrx_word' id='word_1_627' title='bbox 1598 5281 1864 5336; x_wconf 82' lang='lat' dir='ltr'><strong>Nazareni</strong></span> <span class='ocrx_word' id='word_1_628' title='bbox 1892 5301 1905 5347; x_wconf 92' lang='lat'>;</span> <span class='ocrx_word' id='word_1_629' title='bbox 1947 5287 2340 5342; x_wconf 81' lang='lat' dir='ltr'><strong>existimabant</strong></span> 
     </span>
    </p>
   </div>
   <div class='ocr_carea' id='block_1_83' title="bbox 755 5368 2338 5444">
    <p class='ocr_par' dir='ltr' id='par_1_83' title="bbox 755 5368 2338 5444">
     <span class='ocr_line' id='line_1_83' title="bbox 755 5368 2338 5444; baseline 0.008 -24"><span class='ocrx_word' id='word_1_630' title='bbox 755 5368 896 5420; x_wconf 82' lang='lat' dir='ltr'><strong>cnim</strong></span> <span class='ocrx_word' id='word_1_631' title='bbox 949 5369 1341 5438; x_wconf 72' lang='lat' dir='ltr'><strong>ignobilitatem</strong></span> <span class='ocrx_word' id='word_1_632' title='bbox 1400 5384 1455 5426; x_wconf 88' lang='lat' dir='ltr'><strong>et</strong></span> <span class='ocrx_word' id='word_1_633' title='bbox 1513 5376 1908 5428; x_wconf 74' lang='lat' dir='ltr'><strong>obscuritatem</strong></span> <span class='ocrx_word' id='word_1_634' title='bbox 1960 5379 2222 5444; x_wconf 82' lang='lat' dir='ltr'><strong>majorum</strong></span> <span class='ocrx_word' id='word_1_635' title='bbox 2285 5381 2338 5432; x_wconf 90' lang='lat' dir='ltr'><strong>in</strong></span> 
     </span>
    </p>
   </div>
   <div class='ocr_carea' id='block_1_84' title="bbox 756 5467 2339 5535">
    <p class='ocr_par' dir='ltr' id='par_1_84' title="bbox 756 5467 2339 5535">
     <span class='ocr_line' id='line_1_84' title="bbox 756 5467 2339 5535; baseline 0.009 -23"><span class='ocrx_word' id='word_1_636' title='bbox 756 5476 917 5513; x_wconf 77' lang='lat' dir='ltr'><strong>causa</strong></span> <span class='ocrx_word' id='word_1_637' title='bbox 947 5477 1068 5516; x_wconf 84' lang='lat' dir='ltr'><strong>esse</strong></span> <span class='ocrx_word' id='word_1_638' title='bbox 1095 5478 1204 5532; x_wconf 88' lang='lat' dir='ltr'><strong>quo</strong></span> <span class='ocrx_word' id='word_1_639' title='bbox 1245 5467 1420 5519; x_wconf 89' lang='lat' dir='ltr'><strong>minus</strong></span> <span class='ocrx_word' id='word_1_640' title='bbox 1448 5470 1569 5534; x_wconf 85' lang='lat' dir='ltr'><strong>quis</strong></span> <span class='ocrx_word' id='word_1_641' title='bbox 1604 5467 1712 5520; x_wconf 84' lang='lat' dir='ltr'><strong>Deo</strong></span> <span class='ocrx_word' id='word_1_642' title='bbox 1753 5470 1988 5535; x_wconf 73' lang='lat' dir='ltr'><strong>placeant.</strong></span> <span class='ocrx_word' id='word_1_643' title='bbox 2033 5468 2160 5524; x_wconf 79' lang='lat' dir='ltr'><strong>Esto</strong></span> <span class='ocrx_word' id='word_1_644' title='bbox 2195 5475 2339 5525; x_wconf 91' lang='lat' dir='ltr'><strong>enim</strong></span> 
     </span>
    </p>
   </div>
   <div class='ocr_carea' id='block_1_85' title="bbox 755 5555 2341 5626">
    <p class='ocr_par' dir='ltr' id='par_1_85' title="bbox 755 5555 2341 5626">
     <span class='ocr_line' id='line_1_85' title="bbox 755 5555 2341 5626; baseline 0.013 -27"><span class='ocrx_word' id='word_1_645' title='bbox 755 5556 895 5619; x_wconf 78' lang='lat' dir='ltr'><strong>quod</strong></span> <span class='ocrx_word' id='word_1_646' title='bbox 943 5555 1161 5619; x_wconf 84' lang='lat' dir='ltr'><strong>humilis</strong></span> <span class='ocrx_word' id='word_1_647' title='bbox 1192 5557 1353 5611; x_wconf 86' lang='lat' dir='ltr'><strong>homo</strong></span> <span class='ocrx_word' id='word_1_648' title='bbox 1397 5557 1561 5615; x_wconf 90' lang='lat' dir='ltr'><strong>fuerit</strong></span> <span class='ocrx_word' id='word_1_649' title='bbox 1602 5559 1780 5626; x_wconf 83' lang='lat' dir='ltr'><strong>Jesus,</strong></span> <span class='ocrx_word' id='word_1_650' title='bbox 1814 5581 1880 5617; x_wconf 90' lang='lat' dir='ltr'><strong>au</strong></span> <span class='ocrx_word' id='word_1_651' title='bbox 1928 5580 2034 5619; x_wconf 88' lang='lat' dir='ltr'><strong>non</strong></span> <span class='ocrx_word' id='word_1_652' title='bbox 2075 5576 2128 5616; x_wconf 90' lang='lat' dir='ltr'><strong>et</strong></span> <span class='ocrx_word' id='word_1_653' title='bbox 2161 5565 2341 5619; x_wconf 82' lang='lat' dir='ltr'><strong>Deus?</strong></span> 
     </span>
    </p>
   </div>
   <div class='ocr_carea' id='block_1_86' title="bbox 754 5647 2345 5722">
    <p class='ocr_par' dir='ltr' id='par_1_86' title="bbox 754 5647 2345 5722">
     <span class='ocr_line' id='line_1_86' title="bbox 754 5647 2345 5722; baseline 0.011 -26"><span class='ocrx_word' id='word_1_654' title='bbox 754 5647 891 5708; x_wconf 69' lang='lat' dir='ltr'><strong>Quid</strong></span> <span class='ocrx_word' id='word_1_655' title='bbox 933 5648 1175 5703; x_wconf 88' lang='lat' dir='ltr'><strong>obstaret</strong></span> <span class='ocrx_word' id='word_1_656' title='bbox 1232 5667 1482 5722; x_wconf 80' lang='lat' dir='ltr'><strong>maguum</strong></span> <span class='ocrx_word' id='word_1_657' title='bbox 1536 5655 1683 5710; x_wconf 90' lang='lat' dir='ltr'><strong>illum</strong></span> <span class='ocrx_word' id='word_1_658' title='bbox 1747 5658 1798 5710; x_wconf 90' lang='lat' dir='ltr'><strong>in</strong></span> <span class='ocrx_word' id='word_1_659' title='bbox 1853 5659 2136 5713; x_wconf 83' lang='lat' dir='ltr'><strong>miraculis</strong></span> <span class='ocrx_word' id='word_1_660' title='bbox 2185 5659 2345 5714; x_wconf 81' lang='lat' dir='ltr'><strong>ﬁeri?</strong></span> 
     </span>
    </p>
   </div>
   <div class='ocr_carea' id='block_1_87' title="bbox 830 5830 1300 5903">
    <p class='ocr_par' dir='ltr' id='par_1_87' title="bbox 830 5830 1300 5903">
     <span class='ocr_line' id='line_1_87' title="bbox 830 5830 1300 5903; baseline 0.015 -17"><span class='ocrx_word' id='word_1_661' title='bbox 830 5830 871 5862; x_wconf 79' lang='lat'>&quot;</span> <span class='ocrx_word' id='word_1_662' title='bbox 901 5831 1063 5890; x_wconf 83' lang='lat' dir='ltr'><strong>lCor.</strong></span> <span class='ocrx_word' id='word_1_663' title='bbox 1101 5853 1173 5903; x_wconf 86' lang='grc' dir='ltr'><strong>ιγ,</strong></span> <span class='ocrx_word' id='word_1_664' title='bbox 1219 5841 1300 5893; x_wconf 82' lang='grc'><strong>16.</strong></span> 
     </span>
    </p>
   </div>
   <div class='ocr_carea' id='block_1_88' title="bbox 2443 3262 4032 3333">
    <p class='ocr_par' dir='ltr' id='par_1_88' title="bbox 2443 3262 4032 3333">
     <span class='ocr_line' id='line_1_88' title="bbox 2443 3262 4032 3333; baseline 0.006 -21"><span class='ocrx_word' id='word_1_665' title='bbox 2443 3262 2754 3330; x_wconf 83' lang='grc' dir='ltr'><strong>μαρτυρίας</strong></span> <span class='ocrx_word' id='word_1_666' title='bbox 2789 3263 2895 3315; x_wconf 75' lang='grc' dir='ltr'><strong>ἀπὸ</strong></span> <span class='ocrx_word' id='word_1_667' title='bbox 2937 3265 3037 3333; x_wconf 78' lang='grc' dir='ltr'><strong>τῆς</strong></span> <span class='ocrx_word' id='word_1_668' title='bbox 3088 3266 3348 3332; x_wconf 69' lang='grc' dir='ltr'><strong>παλαιᾶς,</strong></span> <span class='ocrx_word' id='word_1_669' title='bbox 3411 3262 3524 3321; x_wconf 72' lang='grc' dir='ltr'><strong>οἷον</strong></span> <span class='ocrx_word' id='word_1_670' title='bbox 3571 3263 3744 3330; x_wconf 74' lang='grc' dir='ltr'><strong>εἶπεν,</strong></span> <span class='ocrx_word' id='word_1_671' title='bbox 3804 3270 3888 3322; x_wconf 88' lang='grc' dir='ltr'><strong>δτι</strong></span> <span class='ocrx_word' id='word_1_672' title='bbox 3939 3272 4032 3322; x_wconf 68' lang='grc' dir='ltr'><strong>καὶ</strong></span> 
     </span>
    </p>
   </div>
   <div class='ocr_carea' id='block_1_89' title="bbox 2442 3354 4028 3428">
    <p class='ocr_par' dir='ltr' id='par_1_89' title="bbox 2442 3354 4028 3428">
     <span class='ocr_line' id='line_1_89' title="bbox 2442 3354 4028 3428; baseline 0.006 -24"><span class='ocrx_word' id='word_1_673' title='bbox 2442 3355 2580 3422; x_wconf 81' lang='grc' dir='ltr'><strong>ὑπὲρ</strong></span> <span class='ocrx_word' id='word_1_674' title='bbox 2610 3354 2783 3423; x_wconf 82' lang='grc' dir='ltr'><strong>ἀργοῦ</strong></span> <span class='ocrx_word' id='word_1_675' title='bbox 2816 3355 2976 3422; x_wconf 83' lang='grc' dir='ltr'><strong>λόγου</strong></span> <span class='ocrx_word' id='word_1_676' title='bbox 3012 3356 3343 3428; x_wconf 76' lang='grc' dir='ltr'><strong>εὐθυνθήσ-ῃ,</strong></span> <span class='ocrx_word' id='word_1_677' title='bbox 3375 3359 3538 3412; x_wconf 87' lang='grc' dir='ltr'><strong>τοῦτο</strong></span> <span class='ocrx_word' id='word_1_678' title='bbox 3566 3361 3626 3412; x_wconf 81' lang='grc' dir='ltr'><strong>τὸ</strong></span> <span class='ocrx_word' id='word_1_679' title='bbox 3652 3361 3861 3414; x_wconf 82' lang='grc' dir='ltr'><strong>καινόν.</strong></span> <span class='ocrx_word' id='word_1_680' title='bbox 3892 3358 4028 3414; x_wconf 82' lang='grc' dir='ltr'><strong>Εἶτα</strong></span> 
     </span>
    </p>
   </div>
   <div class='ocr_carea' id='block_1_90' title="bbox 2440 3445 4028 3519">
    <p class='ocr_par' dir='ltr' id='par_1_90' title="bbox 2440 3445 4028 3519">
     <span class='ocr_line' id='line_1_90' title="bbox 2440 3445 4028 3519; baseline 0.004 -23"><span class='ocrx_word' id='word_1_681' title='bbox 2440 3445 2687 3512; x_wconf 78' lang='grc' dir='ltr'><strong>ἐπήγαγε</strong></span> <span class='ocrx_word' id='word_1_682' title='bbox 2722 3447 3050 3516; x_wconf 76' lang='grc' dir='ltr'><strong>μαρτυρίαν.</strong></span> <span class='ocrx_word' id='word_1_683' title='bbox 3084 3447 3179 3500; x_wconf 82' lang='grc' dir='ltr'><strong>Ἐκ</strong></span> <span class='ocrx_word' id='word_1_684' title='bbox 3211 3449 3320 3519; x_wconf 81' lang='grc' dir='ltr'><strong>γὰρ</strong></span> <span class='ocrx_word' id='word_1_685' title='bbox 3349 3449 3458 3505; x_wconf 81' lang='grc' dir='ltr'><strong>τῶν</strong></span> <span class='ocrx_word' id='word_1_686' title='bbox 3478 3448 3652 3519; x_wconf 89' lang='grc' dir='ltr'><strong>λόγων</strong></span> <span class='ocrx_word' id='word_1_687' title='bbox 3677 3467 3773 3502; x_wconf 86' lang='grc' dir='ltr'><strong>σου</strong></span> <span class='ocrx_word' id='word_1_688' title='bbox 3805 3451 4028 3504; x_wconf 83' lang='grc' dir='ltr'><strong>δικαιω-</strong></span> 
     </span>
    </p>
   </div>
   <div class='ocr_carea' id='block_1_91' title="bbox 2441 3536 4032 3614">
    <p class='ocr_par' dir='ltr' id='par_1_91' title="bbox 2441 3536 4032 3614">
     <span class='ocr_line' id='line_1_91' title="bbox 2441 3536 4032 3614; baseline 0.005 -27"><span class='ocrx_word' id='word_1_689' title='bbox 2441 3536 2607 3606; x_wconf 81' lang='grc' dir='ltr'><strong>Θήσῃ,</strong></span> <span class='ocrx_word' id='word_1_690' title='bbox 2647 3539 2740 3590; x_wconf 78' lang='grc' dir='ltr'><strong>καὶ</strong></span> <span class='ocrx_word' id='word_1_691' title='bbox 2772 3538 3180 3610; x_wconf 79' lang='grc' dir='ltr'><strong>κατακριθὴσῃ,</strong></span> <span class='ocrx_word' id='word_1_692' title='bbox 3216 3542 3376 3595; x_wconf 89' lang='grc' dir='ltr'><strong>τοῦτο</strong></span> <span class='ocrx_word' id='word_1_693' title='bbox 3428 3543 3488 3595; x_wconf 84' lang='grc' dir='ltr'><strong>τὸ</strong></span> <span class='ocrx_word' id='word_1_694' title='bbox 3535 3544 3788 3597; x_wconf 83' lang='grc' dir='ltr'><strong>παλαιόν.</strong></span> <span class='ocrx_word' id='word_1_695' title='bbox 3841 3545 4032 3614; x_wconf 75' lang='grc' dir='ltr'><strong>Τούτῳ</strong></span> 
     </span>
    </p>
   </div>
   <div class='ocr_carea' id='block_1_92' title="bbox 2441 3629 4028 3705">
    <p class='ocr_par' dir='ltr' id='par_1_92' title="bbox 2441 3629 4028 3705">
     <span class='ocr_line' id='line_1_92' title="bbox 2441 3629 4028 3705; baseline 0.006 -27"><span class='ocrx_word' id='word_1_696' title='bbox 2441 3629 2571 3691; x_wconf 75' lang='grc' dir='ltr'><strong>γοῦν</strong></span> <span class='ocrx_word' id='word_1_697' title='bbox 2602 3630 2779 3697; x_wconf 81' lang='grc' dir='ltr'><strong>ὅμοιοι</strong></span> <span class='ocrx_word' id='word_1_698' title='bbox 2831 3632 2881 3682; x_wconf 81' lang='lat' dir='ltr'><strong>oi</strong></span> <span class='ocrx_word' id='word_1_699' title='bbox 2941 3632 3258 3694; x_wconf 81' lang='grc' dir='ltr'><strong>ἀπόστολοι,</strong></span> <span class='ocrx_word' id='word_1_700' title='bbox 3308 3631 3419 3697; x_wconf 73' lang='grc' dir='ltr'><strong>οἷος</strong></span> <span class='ocrx_word' id='word_1_701' title='bbox 3461 3637 3490 3686; x_wconf 92' lang='lat'><strong>6</strong></span> <span class='ocrx_word' id='word_1_702' title='bbox 3526 3635 3761 3698; x_wconf 80' lang='grc' dir='ltr'><strong>Παῦλος,</strong></span> <span class='ocrx_word' id='word_1_703' title='bbox 3807 3638 3982 3705; x_wconf 81' lang='grc' dir='ltr'><strong>λέγων</strong></span> <span class='ocrx_word' id='word_1_704' title='bbox 4011 3654 4028 3668; x_wconf 77' lang='grc' dir='ltr'><strong>ο</strong></span> 
     </span>
    </p>
   </div>
   <div class='ocr_carea' id='block_1_93' title="bbox 2442 3721 3785 3797">
    <p class='ocr_par' dir='ltr' id='par_1_93' title="bbox 2442 3721 3785 3797">
     <span class='ocr_line' id='line_1_93' title="bbox 2442 3721 3785 3797; baseline 0.009 -27"><span class='ocrx_word' id='word_1_705' title='bbox 2442 3721 2692 3789; x_wconf 80' lang='grc' dir='ltr'><strong>Μιμηταί</strong></span> <span class='ocrx_word' id='word_1_706' title='bbox 2728 3740 2830 3789; x_wconf 88' lang='grc' dir='ltr'><strong>μου</strong></span> <span class='ocrx_word' id='word_1_707' title='bbox 2865 3723 3099 3789; x_wconf 76' lang='grc' dir='ltr'><strong>γίνεσθε,</strong></span> <span class='ocrx_word' id='word_1_708' title='bbox 3130 3725 3308 3785; x_wconf 84' lang='grc' dir='ltr'><strong>καθὼς</strong></span> <span class='ocrx_word' id='word_1_709' title='bbox 3342 3728 3499 3794; x_wconf 85' lang='grc' dir='ltr'><strong>κάγὼ</strong></span> <span class='ocrx_word' id='word_1_710' title='bbox 3526 3729 3785 3797; x_wconf 86' lang='grc' dir='ltr'><strong>Χριστοῦ.</strong></span> 
     </span>
    </p>
   </div>
   <div class='ocr_carea' id='block_1_94' title="bbox 2519 3799 4034 3894">
    <p class='ocr_par' dir='ltr' id='par_1_94' title="bbox 2519 3799 4034 3894">
     <span class='ocr_line' id='line_1_94' title="bbox 2519 3799 4034 3894; baseline 0.006 -30"><span class='ocrx_word' id='word_1_711' title='bbox 2519 3833 2537 3862; x_wconf 79' lang='grc' dir='ltr'><strong>ι</strong></span> <span class='ocrx_word' id='word_1_712' title='bbox 2574 3814 2684 3866; x_wconf 70' lang='grc' dir='ltr'><strong>Καὶ</strong></span> <span class='ocrx_word' id='word_1_713' title='bbox 2707 3814 2925 3882; x_wconf 78' lang='grc' dir='ltr'><strong>ἐγένετο</strong></span> <span class='ocrx_word' id='word_1_714' title='bbox 2953 3817 3041 3869; x_wconf 83' lang='grc' dir='ltr'><strong>ὅτε</strong></span> <span class='ocrx_word' id='word_1_715' title='bbox 3079 3810 3328 3870; x_wconf 77' lang='grc' dir='ltr'><strong>ἐτέλεσεν</strong></span> <span class='ocrx_word' id='word_1_716' title='bbox 3352 3823 3380 3871; x_wconf 88' lang='lat'><strong>6</strong></span> <span class='ocrx_word' id='word_1_717' title='bbox 3417 3819 3625 3890; x_wconf 81' lang='grc' dir='ltr'><strong>Ἰησοῦς</strong></span> <span class='ocrx_word' id='word_1_718' title='bbox 3656 3821 3756 3884; x_wconf 80' lang='grc' dir='ltr'><strong>τὰς</strong></span> <span class='ocrx_word' id='word_1_719' title='bbox 3783 3799 4034 3894; x_wconf 72' lang='grc' dir='ltr'><strong>παραδο-</strong></span> 
     </span>
    </p>
   </div>
   <div class='ocr_carea' id='block_1_95' title="bbox 2442 3904 4033 3983">
    <p class='ocr_par' dir='ltr' id='par_1_95' title="bbox 2442 3904 4033 3983">
     <span class='ocr_line' id='line_1_95' title="bbox 2442 3904 4033 3983; baseline 0.006 -29"><span class='ocrx_word' id='word_1_720' title='bbox 2442 3904 2536 3966; x_wconf 53' lang='lat' dir='ltr'><strong>te;</strong></span> <span class='ocrx_word' id='word_1_721' title='bbox 2583 3906 2808 3969; x_wconf 85' lang='grc' dir='ltr'><strong>ταύτας,</strong></span> <span class='ocrx_word' id='word_1_722' title='bbox 2849 3907 3086 3978; x_wconf 84' lang='grc' dir='ltr'><strong>μετῆρεν</strong></span> <span class='ocrx_word' id='word_1_723' title='bbox 3138 3911 3369 3964; x_wconf 78' lang='grc' dir='ltr'><strong>ἐκεῖθεν.</strong></span> <span class='ocrx_word' id='word_1_724' title='bbox 3425 3913 3535 3965; x_wconf 73' lang='grc' dir='ltr'><strong>Καὶ</strong></span> <span class='ocrx_word' id='word_1_725' title='bbox 3597 3913 3768 3966; x_wconf 68' lang='grc' dir='ltr'><strong>ἐλθὼν</strong></span> <span class='ocrx_word' id='word_1_726' title='bbox 3817 3919 3897 3978; x_wconf 73' lang='grc' dir='ltr'><strong>εἰς</strong></span> <span class='ocrx_word' id='word_1_727' title='bbox 3932 3915 4033 3983; x_wconf 70' lang='grc' dir='ltr'><strong>τὴν</strong></span> 
     </span>
    </p>
   </div>
   <div class='ocr_carea' id='block_1_96' title="bbox 2443 3998 4032 4076">
    <p class='ocr_par' dir='ltr' id='par_1_96' title="bbox 2443 3998 4032 4076">
     <span class='ocr_line' id='line_1_96' title="bbox 2443 3998 4032 4076; baseline 0.008 -28"><span class='ocrx_word' id='word_1_728' title='bbox 2443 3998 2680 4067; x_wconf 75' lang='grc' dir='ltr'><strong>πατρίδα</strong></span> <span class='ocrx_word' id='word_1_729' title='bbox 2715 3999 2906 4064; x_wconf 87' lang='grc' dir='ltr'><strong>αὐτοῦ,</strong></span> <span class='ocrx_word' id='word_1_730' title='bbox 2940 4001 3222 4054; x_wconf 79' lang='grc' dir='ltr'><strong>ἐδίδασκεν</strong></span> <span class='ocrx_word' id='word_1_731' title='bbox 3263 4005 3462 4067; x_wconf 85' lang='grc' dir='ltr'><strong>αὐτοὺς</strong></span> <span class='ocrx_word' id='word_1_732' title='bbox 3507 4009 3565 4057; x_wconf 79' lang='grc' dir='ltr'><strong>έν</strong></span> <span class='ocrx_word' id='word_1_733' title='bbox 3615 4009 3681 4076; x_wconf 73' lang='grc' dir='ltr'><strong>τῇ</strong></span> <span class='ocrx_word' id='word_1_734' title='bbox 3738 4012 4032 4076; x_wconf 74' lang='grc' dir='ltr'><strong>συναγωγῆ</strong></span> 
     </span>
    </p>
   </div>
   <div class='ocr_carea' id='block_1_97' title="bbox 2441 4091 4038 4171">
    <p class='ocr_par' dir='ltr' id='par_1_97' title="bbox 2441 4091 4038 4171">
     <span class='ocr_line' id='line_1_97' title="bbox 2441 4091 4038 4171; baseline 0.008 -31"><span class='ocrx_word' id='word_1_735' title='bbox 2441 4092 2641 4143; x_wconf 84' lang='grc' dir='ltr'><strong>αὐτῶν.</strong></span> <span class='ocrx_word' id='word_1_736' title='bbox 2687 4109 2704 4139; x_wconf 80' lang='grc' dir='ltr'><strong>ι</strong></span> <span class='ocrx_word' id='word_1_737' title='bbox 2748 4092 2962 4155; x_wconf 80' lang='grc' dir='ltr'><strong>Ταύτας</strong></span> <span class='ocrx_word' id='word_1_738' title='bbox 3019 4091 3141 4145; x_wconf 78' lang='grc' dir='ltr'><strong>εἷπε</strong></span> <span class='ocrx_word' id='word_1_739' title='bbox 3185 4095 3279 4156; x_wconf 81' lang='grc' dir='ltr'><strong>τὰς</strong></span> <span class='ocrx_word' id='word_1_740' title='bbox 3320 4097 3662 4164; x_wconf 71' lang='grc' dir='ltr'><strong>παραϐολὰς,</strong></span> <span class='ocrx_word' id='word_1_741' title='bbox 3701 4101 3888 4171; x_wconf 74' lang='grc' dir='ltr'><strong>ἐπειδὴ</strong></span> <span class='ocrx_word' id='word_1_742' title='bbox 3938 4105 4038 4154; x_wconf 71' lang='grc' dir='ltr'><strong>καὶ</strong></span> 
     </span>
    </p>
   </div>
   <div class='ocr_carea' id='block_1_98' title="bbox 2444 4179 4035 4256">
    <p class='ocr_par' dir='ltr' id='par_1_98' title="bbox 2444 4179 4035 4256">
     <span class='ocr_line' id='line_1_98' title="bbox 2444 4179 4035 4256; baseline 0.008 -25"><span class='ocrx_word' id='word_1_743' title='bbox 2444 4179 2610 4242; x_wconf 69' lang='grc' dir='ltr'><strong>ἄλλας</strong></span> <span class='ocrx_word' id='word_1_744' title='bbox 2669 4181 2785 4249; x_wconf 78' lang='grc' dir='ltr'><strong>μετ’</strong></span> <span class='ocrx_word' id='word_1_745' title='bbox 2822 4183 3003 4248; x_wconf 80' lang='grc' dir='ltr'><strong>ὀλίγον</strong></span> <span class='ocrx_word' id='word_1_746' title='bbox 3036 4185 3221 4254; x_wconf 75' lang='grc' dir='ltr'><strong>μέλλει</strong></span> <span class='ocrx_word' id='word_1_747' title='bbox 3265 4188 3432 4256; x_wconf 78' lang='grc' dir='ltr'><strong>ἐρεῖν.</strong></span> <span class='ocrx_word' id='word_1_748' title='bbox 3464 4190 3795 4242; x_wconf 76' lang='grc' dir='ltr'><strong>Μεταδαίνει</strong></span> <span class='ocrx_word' id='word_1_749' title='bbox 3829 4193 3906 4256; x_wconf 80' lang='grc' dir='ltr'><strong>δὲ,</strong></span> <span class='ocrx_word' id='word_1_750' title='bbox 3946 4194 3966 4246; x_wconf 88' lang='grc' dir='ltr'><strong>ῐ</strong></span> <span class='ocrx_word' id='word_1_751' title='bbox 4000 4212 4035 4244; x_wconf 88' lang='grc' dir='ltr'><strong>α</strong></span> 
     </span>
    </p>
   </div>
   <div class='ocr_carea' id='block_1_99' title="bbox 2445 4274 4035 4354">
    <p class='ocr_par' dir='ltr' id='par_1_99' title="bbox 2445 4274 4035 4354">
     <span class='ocr_line' id='line_1_99' title="bbox 2445 4274 4035 4354; baseline 0.009 -29"><span class='ocrx_word' id='word_1_752' title='bbox 2445 4277 2537 4325; x_wconf 79' lang='grc' dir='ltr'><strong>καὶ</strong></span> <span class='ocrx_word' id='word_1_753' title='bbox 2572 4274 2767 4336; x_wconf 77' lang='grc' dir='ltr'><strong>ἄλλους</strong></span> <span class='ocrx_word' id='word_1_754' title='bbox 2813 4275 3070 4348; x_wconf 77' lang='grc' dir='ltr'><strong>ὠφελήσῃ</strong></span> <span class='ocrx_word' id='word_1_755' title='bbox 3113 4283 3179 4349; x_wconf 81' lang='grc' dir='ltr'><strong>τῇ</strong></span> <span class='ocrx_word' id='word_1_756' title='bbox 3227 4281 3507 4351; x_wconf 80' lang='grc' dir='ltr'><strong>παρουσίᾳ</strong></span> <span class='ocrx_word' id='word_1_757' title='bbox 3562 4282 3751 4335; x_wconf 76' lang='grc' dir='ltr'><strong>αὐτοῦ.</strong></span> <span class='ocrx_word' id='word_1_758' title='bbox 3791 4286 4035 4354; x_wconf 82' lang='grc' dir='ltr'><strong>ιιατρέὂα</strong></span> 
     </span>
    </p>
   </div>
   <div class='ocr_carea' id='block_1_100' title="bbox 2444 4365 4034 4448">
    <p class='ocr_par' dir='ltr' id='par_1_100' title="bbox 2444 4365 4034 4448">
     <span class='ocr_line' id='line_1_100' title="bbox 2444 4365 4034 4448; baseline 0.009 -31"><span class='ocrx_word' id='word_1_759' title='bbox 2444 4365 2500 4418; x_wconf 73' lang='grc' dir='ltr'><strong>δὲ</strong></span> <span class='ocrx_word' id='word_1_760' title='bbox 2526 4366 2720 4431; x_wconf 81' lang='grc' dir='ltr'><strong>αὐτοῦ,</strong></span> <span class='ocrx_word' id='word_1_761' title='bbox 2751 4367 2850 4437; x_wconf 79' lang='grc' dir='ltr'><strong>τὴν</strong></span> <span class='ocrx_word' id='word_1_762' title='bbox 2879 4368 3133 4440; x_wconf 77' lang='grc' dir='ltr'><strong>Ναζαρὲτ</strong></span> <span class='ocrx_word' id='word_1_763' title='bbox 3194 4371 3306 4424; x_wconf 85' lang='grc' dir='ltr'><strong>νόει</strong></span> <span class='ocrx_word' id='word_1_764' title='bbox 3336 4388 3348 4402; x_wconf 94' lang='grc'><strong>·</strong></span> <span class='ocrx_word' id='word_1_765' title='bbox 3382 4375 3441 4425; x_wconf 78' lang='grc' dir='ltr'><strong>έν</strong></span> <span class='ocrx_word' id='word_1_766' title='bbox 3471 4373 3614 4444; x_wconf 77' lang='grc' dir='ltr'><strong>αὐτῇ</strong></span> <span class='ocrx_word' id='word_1_767' title='bbox 3647 4374 3754 4446; x_wconf 80' lang='grc' dir='ltr'><strong>γὰρ</strong></span> <span class='ocrx_word' id='word_1_768' title='bbox 3794 4379 4034 4448; x_wconf 66' lang='grc' dir='ltr'><strong>ἐτράφη.</strong></span> 
     </span>
    </p>
   </div>
   <div class='ocr_carea' id='block_1_101' title="bbox 2457 4458 4038 4540">
    <p class='ocr_par' dir='ltr' id='par_1_101' title="bbox 2457 4458 4038 4540">
     <span class='ocr_line' id='line_1_101' title="bbox 2457 4458 4038 4540; baseline 0.007 -28"><span class='ocrx_word' id='word_1_769' title='bbox 2457 4458 2546 4512; x_wconf 85' lang='grc' dir='ltr'><strong>Ἐν</strong></span> <span class='ocrx_word' id='word_1_770' title='bbox 2566 4462 2631 4529; x_wconf 71' lang='grc' dir='ltr'><strong>τῇ</strong></span> <span class='ocrx_word' id='word_1_771' title='bbox 2673 4463 2964 4531; x_wconf 78' lang='grc' dir='ltr'><strong>συναγωγῇ</strong></span> <span class='ocrx_word' id='word_1_772' title='bbox 2986 4462 3044 4515; x_wconf 72' lang='grc' dir='ltr'><strong>δὲ</strong></span> <span class='ocrx_word' id='word_1_773' title='bbox 3063 4462 3326 4528; x_wconf 78' lang='grc' dir='ltr'><strong>διδάσκει,</strong></span> <span class='ocrx_word' id='word_1_774' title='bbox 3351 4466 3410 4518; x_wconf 87' lang='grc' dir='ltr'><strong>έν</strong></span> <span class='ocrx_word' id='word_1_775' title='bbox 3440 4467 3605 4536; x_wconf 82' lang='grc' dir='ltr'><strong>κοινῷ</strong></span> <span class='ocrx_word' id='word_1_776' title='bbox 3626 4470 3720 4520; x_wconf 76' lang='grc' dir='ltr'><strong>καὶ</strong></span> <span class='ocrx_word' id='word_1_777' title='bbox 3751 4473 4038 4540; x_wconf 71' lang='grc' dir='ltr'><strong>παρρησία</strong></span> 
     </span>
    </p>
   </div>
   <div class='ocr_carea' id='block_1_102' title="bbox 2450 4551 4040 4633">
    <p class='ocr_par' dir='ltr' id='par_1_102' title="bbox 2450 4551 4040 4633">
     <span class='ocr_line' id='line_1_102' title="bbox 2450 4551 4040 4633; baseline 0.009 -30"><span class='ocrx_word' id='word_1_778' title='bbox 2450 4551 2646 4621; x_wconf 80' lang='grc' dir='ltr'><strong>λέγων,</strong></span> <span class='ocrx_word' id='word_1_779' title='bbox 2684 4553 2771 4605; x_wconf 84' lang='grc' dir='ltr'><strong>ίνα</strong></span> <span class='ocrx_word' id='word_1_780' title='bbox 2806 4553 2882 4623; x_wconf 82' lang='grc' dir='ltr'><strong>μὴ</strong></span> <span class='ocrx_word' id='word_1_781' title='bbox 2908 4554 3107 4623; x_wconf 71' lang='grc' dir='ltr'><strong>ἔχωσιν</strong></span> <span class='ocrx_word' id='word_1_782' title='bbox 3141 4554 3370 4627; x_wconf 84' lang='grc' dir='ltr'><strong>ὕστερον</strong></span> <span class='ocrx_word' id='word_1_783' title='bbox 3399 4557 3599 4625; x_wconf 61' lang='grc' dir='ltr'><strong>λέγειν,</strong></span> <span class='ocrx_word' id='word_1_784' title='bbox 3625 4561 3709 4619; x_wconf 79' lang='grc' dir='ltr'><strong>ὅτι</strong></span> <span class='ocrx_word' id='word_1_785' title='bbox 3742 4567 4040 4633; x_wconf 74' lang='grc' dir='ltr'><strong>παράνομα</strong></span> 
     </span>
    </p>
   </div>
   <div class='ocr_carea' id='block_1_103' title="bbox 2447 4645 3517 4698">
    <p class='ocr_par' dir='ltr' id='par_1_103' title="bbox 2447 4645 3517 4698">
     <span class='ocr_line' id='line_1_103' title="bbox 2447 4645 3517 4698; baseline 0.007 -4"><span class='ocrx_word' id='word_1_786' title='bbox 2447 4661 2575 4697; x_wconf 85' lang='grc' dir='ltr'><strong>τινα</strong></span> <span class='ocrx_word' id='word_1_787' title='bbox 2605 4645 2905 4698; x_wconf 63' lang='grc' dir='ltr'><strong>ἐδίδασκεν.</strong></span> <span class='ocrx_word' id='word_1_788' title='bbox 3514 4659 3517 4664; x_wconf 71' lang='grc'><strong><em>⁷</em></strong></span> 
     </span>
    </p>
   </div>
   <div class='ocr_carea' id='block_1_104' title="bbox 2523 4742 4041 4816">
    <p class='ocr_par' dir='ltr' id='par_1_104' title="bbox 2523 4742 4041 4816">
     <span class='ocr_line' id='line_1_104' title="bbox 2523 4742 4041 4816; baseline 0.009 -26"><span class='ocrx_word' id='word_1_789' title='bbox 2523 4759 2541 4790; x_wconf 81' lang='grc' dir='ltr'><strong>ι</strong></span> <span class='ocrx_word' id='word_1_790' title='bbox 2573 4742 2738 4793; x_wconf 79' lang='grc' dir='ltr'><strong>Ὥστε</strong></span> <span class='ocrx_word' id='word_1_791' title='bbox 2780 4742 3182 4811; x_wconf 64' lang='grc' dir='ltr'><strong>ἐκπλήττεσθαι</strong></span> <span class='ocrx_word' id='word_1_792' title='bbox 3216 4745 3436 4809; x_wconf 81' lang='grc' dir='ltr'><strong>αὐτοὺς,</strong></span> <span class='ocrx_word' id='word_1_793' title='bbox 3466 4748 3561 4800; x_wconf 70' lang='grc' dir='ltr'><strong>καὶ</strong></span> <span class='ocrx_word' id='word_1_794' title='bbox 3598 4748 3781 4816; x_wconf 84' lang='grc' dir='ltr'><strong>λέγειν</strong></span> <span class='ocrx_word' id='word_1_795' title='bbox 3805 4768 3819 4780; x_wconf 69' lang='grc' dir='ltr'><strong>ο</strong></span> <span class='ocrx_word' id='word_1_796' title='bbox 3868 4752 4041 4804; x_wconf 71' lang='grc' dir='ltr'><strong>Πόθςν</strong></span> 
     </span>
    </p>
   </div>
   <div class='ocr_carea' id='block_1_105' title="bbox 2445 4833 4041 4913">
    <p class='ocr_par' dir='ltr' id='par_1_105' title="bbox 2445 4833 4041 4913">
     <span class='ocr_line' id='line_1_105' title="bbox 2445 4833 4041 4913; baseline 0.02 -44"><span class='ocrx_word' id='word_1_797' title='bbox 2445 4833 2683 4904; x_wconf 38' lang='lat' dir='ltr'><strong>cog-“Pi,</strong></span> <span class='ocrx_word' id='word_1_798' title='bbox 2731 4836 2898 4903; x_wconf 72' lang='grc' dir='ltr'><strong>σοφία</strong></span> <span class='ocrx_word' id='word_1_799' title='bbox 2949 4835 3089 4907; x_wconf 79' lang='grc' dir='ltr'><strong>αὕτη</strong></span> <span class='ocrx_word' id='word_1_800' title='bbox 3152 4840 3248 4891; x_wconf 73' lang='grc' dir='ltr'><strong>καὶ</strong></span> <span class='ocrx_word' id='word_1_801' title='bbox 3315 4841 3373 4891; x_wconf 90' lang='grc' dir='ltr'><strong>αί</strong></span> <span class='ocrx_word' id='word_1_802' title='bbox 3415 4840 3709 4910; x_wconf 75' lang='grc' dir='ltr'><strong>δυνάμειςς</strong></span> <span class='ocrx_word' id='word_1_803' title='bbox 3749 4845 3860 4913; x_wconf 85' lang='grc' dir='ltr'><strong>Οὐχ</strong></span> <span class='ocrx_word' id='word_1_804' title='bbox 3883 4839 4041 4909; x_wconf 62' lang='lat' dir='ltr'><strong>aha-&#39;1;</strong></span> 
     </span>
    </p>
   </div>
   <div class='ocr_carea' id='block_1_106' title="bbox 2449 4926 4046 5005">
    <p class='ocr_par' dir='ltr' id='par_1_106' title="bbox 2449 4926 4046 5005">
     <span class='ocr_line' id='line_1_106' title="bbox 2449 4926 4046 5005; baseline 0.009 -28"><span class='ocrx_word' id='word_1_805' title='bbox 2449 4927 2598 4978; x_wconf 65' lang='grc' dir='ltr'><strong>ἔστιν</strong></span> <span class='ocrx_word' id='word_1_806' title='bbox 2617 4929 2646 4977; x_wconf 88' lang='lat'><strong>6</strong></span> <span class='ocrx_word' id='word_1_807' title='bbox 2672 4926 2766 4979; x_wconf 90' lang='grc' dir='ltr'><strong>τοῦ</strong></span> <span class='ocrx_word' id='word_1_808' title='bbox 2789 4928 3045 4992; x_wconf 78' lang='grc' dir='ltr'><strong>τέκτονος</strong></span> <span class='ocrx_word' id='word_1_809' title='bbox 3068 4931 3182 4993; x_wconf 85' lang='grc' dir='ltr'><strong>υίός</strong></span> <span class='ocrx_word' id='word_1_810' title='bbox 3208 4948 3222 4997; x_wconf 91' lang='grc'><strong>;</strong></span> <span class='ocrx_word' id='word_1_811' title='bbox 3254 4932 3367 5001; x_wconf 84' lang='grc' dir='ltr'><strong>Οὐχ</strong></span> <span class='ocrx_word' id='word_1_812' title='bbox 3398 4934 3432 5002; x_wconf 81' lang='grc' dir='ltr'><strong>ἡ</strong></span> <span class='ocrx_word' id='word_1_813' title='bbox 3473 4937 3657 5005; x_wconf 78' lang='grc' dir='ltr'><strong>μήτηρ</strong></span> <span class='ocrx_word' id='word_1_814' title='bbox 3681 4937 3847 4989; x_wconf 81' lang='grc' dir='ltr'><strong>αὐτοῦ</strong></span> <span class='ocrx_word' id='word_1_815' title='bbox 3879 4939 4046 5004; x_wconf 77' lang='grc' dir='ltr'><strong>λέγε-</strong></span> 
     </span>
    </p>
   </div>
   <div class='ocr_carea' id='block_1_107' title="bbox 2446 5018 4047 5092">
    <p class='ocr_par' dir='ltr' id='par_1_107' title="bbox 2446 5018 4047 5092">
     <span class='ocr_line' id='line_1_107' title="bbox 2446 5018 4047 5092; baseline 0.009 -24"><span class='ocrx_word' id='word_1_816' title='bbox 2446 5034 2536 5068; x_wconf 88' lang='grc' dir='ltr'><strong>ται</strong></span> <span class='ocrx_word' id='word_1_817' title='bbox 2575 5018 2827 5088; x_wconf 79' lang='grc' dir='ltr'><strong>Μαριὰμ,</strong></span> <span class='ocrx_word' id='word_1_818' title='bbox 2887 5021 2983 5072; x_wconf 82' lang='grc' dir='ltr'><strong>καὶ</strong></span> <span class='ocrx_word' id='word_1_819' title='bbox 3025 5023 3075 5075; x_wconf 80' lang='lat' dir='ltr'><strong>ai</strong></span> <span class='ocrx_word' id='word_1_820' title='bbox 3119 5022 3344 5092; x_wconf 77' lang='grc' dir='ltr'><strong>ἀδελφοὶ</strong></span> <span class='ocrx_word' id='word_1_821' title='bbox 3381 5025 3550 5078; x_wconf 87' lang='grc' dir='ltr'><strong>αὐτοῦ</strong></span> <span class='ocrx_word' id='word_1_822' title='bbox 3618 5028 3904 5092; x_wconf 72' lang='grc' dir='ltr'><strong>Ἰἀκωδος,</strong></span> <span class='ocrx_word' id='word_1_823' title='bbox 3944 5032 4047 5084; x_wconf 77' lang='grc' dir='ltr'><strong>καὶ</strong></span> 
     </span>
    </p>
   </div>
   <div class='ocr_carea' id='block_1_108' title="bbox 2459 5110 4038 5192">
    <p class='ocr_par' dir='ltr' id='par_1_108' title="bbox 2459 5110 4038 5192">
     <span class='ocr_line' id='line_1_108' title="bbox 2459 5110 4038 5192; baseline 0.009 -31"><span class='ocrx_word' id='word_1_824' title='bbox 2459 5110 2664 5178; x_wconf 81' lang='grc' dir='ltr'><strong>Ἰωσῆς,</strong></span> <span class='ocrx_word' id='word_1_825' title='bbox 2719 5116 2813 5167; x_wconf 76' lang='grc' dir='ltr'><strong>καὶ</strong></span> <span class='ocrx_word' id='word_1_826' title='bbox 2870 5115 3075 5183; x_wconf 85' lang='grc' dir='ltr'><strong>Σίμων,</strong></span> <span class='ocrx_word' id='word_1_827' title='bbox 3107 5118 3202 5176; x_wconf 69' lang='grc' dir='ltr'><strong>καὶ</strong></span> <span class='ocrx_word' id='word_1_828' title='bbox 3248 5117 3485 5185; x_wconf 85' lang='grc' dir='ltr'><strong>Ἰούδας;</strong></span> <span class='ocrx_word' id='word_1_829' title='bbox 3546 5122 3656 5172; x_wconf 84' lang='lat' dir='ltr'><strong>Ka‘t</strong></span> <span class='ocrx_word' id='word_1_830' title='bbox 3703 5125 3760 5173; x_wconf 88' lang='grc' dir='ltr'><strong>αί</strong></span> <span class='ocrx_word' id='word_1_831' title='bbox 3806 5123 4038 5192; x_wconf 79' lang='grc' dir='ltr'><strong>ἀδελφαὶ</strong></span> 
     </span>
    </p>
   </div>
   <div class='ocr_carea' id='block_1_109' title="bbox 2446 5202 4042 5285">
    <p class='ocr_par' dir='ltr' id='par_1_109' title="bbox 2446 5202 4042 5285">
     <span class='ocr_line' id='line_1_109' title="bbox 2446 5202 4042 5285; baseline 0.009 -32"><span class='ocrx_word' id='word_1_832' title='bbox 2446 5202 2610 5254; x_wconf 83' lang='grc' dir='ltr'><strong>αὐτοῦ</strong></span> <span class='ocrx_word' id='word_1_833' title='bbox 2647 5206 2770 5274; x_wconf 77' lang='grc' dir='ltr'><strong>οὐχὶ</strong></span> <span class='ocrx_word' id='word_1_834' title='bbox 2795 5207 2967 5258; x_wconf 80' lang='grc' dir='ltr'><strong>πᾶσαι</strong></span> <span class='ocrx_word' id='word_1_835' title='bbox 2998 5209 3134 5276; x_wconf 75' lang='grc' dir='ltr'><strong>πρὸς</strong></span> <span class='ocrx_word' id='word_1_836' title='bbox 3177 5210 3324 5277; x_wconf 75' lang='grc' dir='ltr'><strong>ἡμᾶς</strong></span> <span class='ocrx_word' id='word_1_837' title='bbox 3348 5213 3454 5263; x_wconf 76' lang='grc' dir='ltr'><strong>εἰσι</strong></span> <span class='ocrx_word' id='word_1_838' title='bbox 3482 5227 3494 5275; x_wconf 89' lang='lat'><strong>;</strong></span> <span class='ocrx_word' id='word_1_839' title='bbox 3531 5211 3705 5264; x_wconf 79' lang='grc' dir='ltr'><strong>Πόθεν</strong></span> <span class='ocrx_word' id='word_1_840' title='bbox 3741 5210 3837 5266; x_wconf 74' lang='grc' dir='ltr'><strong>οὖν</strong></span> <span class='ocrx_word' id='word_1_841' title='bbox 3861 5219 4042 5285; x_wconf 85' lang='grc' dir='ltr'><strong>τούτῳ</strong></span> 
     </span>
    </p>
   </div>
   <div class='ocr_carea' id='block_1_110' title="bbox 2447 5295 4046 5374">
    <p class='ocr_par' dir='ltr' id='par_1_110' title="bbox 2447 5295 4046 5374">
     <span class='ocr_line' id='line_1_110' title="bbox 2447 5295 4046 5374; baseline 0.008 -27"><span class='ocrx_word' id='word_1_842' title='bbox 2447 5295 2622 5348; x_wconf 87' lang='grc' dir='ltr'><strong>ταῦτα</strong></span> <span class='ocrx_word' id='word_1_843' title='bbox 2645 5298 2852 5362; x_wconf 86' lang='grc' dir='ltr'><strong>πάντα;</strong></span> <span class='ocrx_word' id='word_1_844' title='bbox 2888 5300 2996 5351; x_wconf 73' lang='grc' dir='ltr'><strong>Καὶ</strong></span> <span class='ocrx_word' id='word_1_845' title='bbox 3025 5301 3475 5367; x_wconf 72' lang='grc' dir='ltr'><strong>ἐσκανδαλίζοπο</strong></span> <span class='ocrx_word' id='word_1_846' title='bbox 3496 5308 3554 5356; x_wconf 85' lang='grc' dir='ltr'><strong>έν</strong></span> <span class='ocrx_word' id='word_1_847' title='bbox 3588 5305 3754 5374; x_wconf 79' lang='grc' dir='ltr'><strong>αὐτῷ.</strong></span> <span class='ocrx_word' id='word_1_848' title='bbox 3789 5327 3805 5357; x_wconf 79' lang='grc' dir='ltr'><strong>ι</strong></span> <span class='ocrx_word' id='word_1_849' title='bbox 3849 5308 4046 5374; x_wconf 80' lang='grc' dir='ltr'><strong>Ἀνόη-</strong></span> 
     </span>
    </p>
   </div>
   <div class='ocr_carea' id='block_1_111' title="bbox 2449 5389 4043 5465">
    <p class='ocr_par' dir='ltr' id='par_1_111' title="bbox 2449 5389 4043 5465">
     <span class='ocr_line' id='line_1_111' title="bbox 2449 5389 4043 5465; baseline 0.01 -27"><span class='ocrx_word' id='word_1_850' title='bbox 2449 5405 2531 5439; x_wconf 84' lang='grc' dir='ltr'><strong>τοι</strong></span> <span class='ocrx_word' id='word_1_851' title='bbox 2557 5389 2709 5452; x_wconf 74' lang='grc' dir='ltr'><strong>ὄντες</strong></span> <span class='ocrx_word' id='word_1_852' title='bbox 2755 5393 2802 5442; x_wconf 80' lang='lat' dir='ltr'><strong>oi</strong></span> <span class='ocrx_word' id='word_1_853' title='bbox 2837 5391 3179 5462; x_wconf 73' lang='grc' dir='ltr'><strong>Ναζαρηνοὶ,</strong></span> <span class='ocrx_word' id='word_1_854' title='bbox 3235 5395 3488 5463; x_wconf 76' lang='grc' dir='ltr'><strong>ἐνόμιζον</strong></span> <span class='ocrx_word' id='word_1_855' title='bbox 3538 5397 3619 5448; x_wconf 82' lang='grc' dir='ltr'><strong>ὅτι</strong></span> <span class='ocrx_word' id='word_1_856' title='bbox 3666 5399 3698 5465; x_wconf 78' lang='grc' dir='ltr'>ἡ</span> <span class='ocrx_word' id='word_1_857' title='bbox 3744 5398 4043 5464; x_wconf 72' lang='grc' dir='ltr'><strong>δυσγένεια</strong></span> 
     </span>
    </p>
   </div>
   <div class='ocr_carea' id='block_1_112' title="bbox 2454 5484 4048 5563">
    <p class='ocr_par' dir='ltr' id='par_1_112' title="bbox 2454 5484 4048 5563">
     <span class='ocr_line' id='line_1_112' title="bbox 2454 5484 4048 5563; baseline 0.009 -30"><span class='ocrx_word' id='word_1_858' title='bbox 2454 5484 2545 5534; x_wconf 79' lang='grc' dir='ltr'><strong>καὶ</strong></span> <span class='ocrx_word' id='word_1_859' title='bbox 2578 5486 2610 5551; x_wconf 76' lang='grc' dir='ltr'><strong>ἡ</strong></span> <span class='ocrx_word' id='word_1_860' title='bbox 2640 5484 2886 5536; x_wconf 79' lang='grc' dir='ltr'><strong>εὐτέλεια</strong></span> <span class='ocrx_word' id='word_1_861' title='bbox 2916 5485 3023 5538; x_wconf 82' lang='grc' dir='ltr'><strong>τῶν</strong></span> <span class='ocrx_word' id='word_1_862' title='bbox 3052 5487 3357 5556; x_wconf 83' lang='grc' dir='ltr'><strong>προγόνων,</strong></span> <span class='ocrx_word' id='word_1_863' title='bbox 3391 5488 3620 5556; x_wconf 76' lang='grc' dir='ltr'><strong>βλάπτει</strong></span> <span class='ocrx_word' id='word_1_864' title='bbox 3653 5492 3774 5544; x_wconf 68' lang='grc' dir='ltr'><strong>τινὰ</strong></span> <span class='ocrx_word' id='word_1_865' title='bbox 3811 5496 3944 5563; x_wconf 73' lang='grc' dir='ltr'><strong>πρὸς</strong></span> <span class='ocrx_word' id='word_1_866' title='bbox 3983 5497 4048 5547; x_wconf 76' lang='grc' dir='ltr'><strong>τὸ</strong></span> 
     </span>
    </p>
   </div>
   <div class='ocr_carea' id='block_1_113' title="bbox 2452 5575 4046 5653">
    <p class='ocr_par' dir='ltr' id='par_1_113' title="bbox 2452 5575 4046 5653">
     <span class='ocr_line' id='line_1_113' title="bbox 2452 5575 4046 5653; baseline 0.008 -27"><span class='ocrx_word' id='word_1_867' title='bbox 2452 5576 2820 5646; x_wconf 84' lang='grc' dir='ltr'><strong>εὐαρεστῆσαι</strong></span> <span class='ocrx_word' id='word_1_868' title='bbox 2850 5575 2929 5646; x_wconf 84' lang='grc' dir='ltr'><strong>τῷ</strong></span> <span class='ocrx_word' id='word_1_869' title='bbox 2958 5576 3100 5646; x_wconf 82' lang='grc' dir='ltr'><strong>Θεῷ.</strong></span> <span class='ocrx_word' id='word_1_870' title='bbox 3145 5577 3331 5630; x_wconf 83' lang='grc' dir='ltr'><strong>Ἔστω</strong></span> <span class='ocrx_word' id='word_1_871' title='bbox 3359 5582 3487 5648; x_wconf 75' lang='grc' dir='ltr'><strong>γὰρ,</strong></span> <span class='ocrx_word' id='word_1_872' title='bbox 3511 5582 3594 5633; x_wconf 83' lang='grc' dir='ltr'><strong>ὅτι</strong></span> <span class='ocrx_word' id='word_1_873' title='bbox 3622 5582 3917 5653; x_wconf 75' lang='grc' dir='ltr'><strong>ἄνθρωπος</strong></span> <span class='ocrx_word' id='word_1_874' title='bbox 3949 5585 4046 5652; x_wconf 74' lang='grc' dir='ltr'><strong>ψι-</strong></span> 
     </span>
    </p>
   </div>
   <div class='ocr_carea' id='block_1_114' title="bbox 2451 5664 4048 5742">
    <p class='ocr_par' dir='ltr' id='par_1_114' title="bbox 2451 5664 4048 5742">
     <span class='ocr_line' id='line_1_114' title="bbox 2451 5664 4048 5742; baseline 0.006 -24"><span class='ocrx_word' id='word_1_875' title='bbox 2451 5667 2544 5730; x_wconf 76' lang='grc' dir='ltr'><strong>λὸς</strong></span> <span class='ocrx_word' id='word_1_876' title='bbox 2583 5664 2651 5738; x_wconf 81' lang='grc' dir='ltr'><strong>ἧν</strong></span> <span class='ocrx_word' id='word_1_877' title='bbox 2691 5672 2719 5720; x_wconf 90' lang='grc' dir='ltr'>ὁ</span> <span class='ocrx_word' id='word_1_878' title='bbox 2777 5669 3009 5740; x_wconf 83' lang='grc' dir='ltr'><strong>Ἰησοῦς,</strong></span> <span class='ocrx_word' id='word_1_879' title='bbox 3069 5671 3183 5723; x_wconf 79' lang='grc' dir='ltr'><strong>ἀλλ’</strong></span> <span class='ocrx_word' id='word_1_880' title='bbox 3223 5672 3343 5739; x_wconf 79' lang='grc' dir='ltr'><strong>οὐχὶ</strong></span> <span class='ocrx_word' id='word_1_881' title='bbox 3386 5671 3554 5736; x_wconf 85' lang='grc' dir='ltr'><strong>Θεός·</strong></span> <span class='ocrx_word' id='word_1_882' title='bbox 3632 5679 3683 5728; x_wconf 82' lang='grc' dir='ltr'><strong>τί</strong></span> <span class='ocrx_word' id='word_1_883' title='bbox 3733 5678 4048 5742; x_wconf 71' lang='grc' dir='ltr'><strong>ἑνεποδιξεν</strong></span> 
     </span>
    </p>
   </div>
  </div>
