  <div class='ocr_page' id='page_1' title='image "/cluster/home/n/w/nwhite01/storage/ocr_20150623/123/nnc1.0046979670/158.png"; bbox 0 0 4288 6444; ppageno 0'>
   <div class='ocr_carea' id='block_1_1' title="bbox 302 402 416 468">
    <p class='ocr_par' dir='ltr' id='par_1_1' title="bbox 302 402 416 468">
     <span class='ocr_line' id='line_1_1' title="bbox 302 402 416 468; baseline 0.009 -18"><span class='ocrx_word' id='word_1_1' title='bbox 302 402 416 468; x_wconf 69' lang='lat'><strong>291.</strong></span> 
     </span>
    </p>
   </div>
   <div class='ocr_carea' id='block_1_2' title="bbox 952 403 2645 472">
    <p class='ocr_par' dir='ltr' id='par_1_2' title="bbox 952 403 2645 472">
     <span class='ocr_line' id='line_1_2' title="bbox 952 403 2645 472; baseline 0.004 -6"><span class='ocrx_word' id='word_1_2' title='bbox 952 405 1409 471; x_wconf 73' lang='lat' dir='ltr'><strong>ENARRATIO</strong></span> <span class='ocrx_word' id='word_1_3' title='bbox 1440 405 1522 466; x_wconf 78' lang='grc' dir='ltr'><strong>ΙΝ</strong></span> <span class='ocrx_word' id='word_1_4' title='bbox 1563 403 2067 467; x_wconf 74' lang='lat' dir='ltr'><strong>EVANGELIUM</strong></span> <span class='ocrx_word' id='word_1_5' title='bbox 2101 407 2498 472; x_wconf 75' lang='grc' dir='ltr'><strong>ΜΑΤΤΗΑΞΙ.</strong></span> <span class='ocrx_word' id='word_1_6' title='bbox 2525 433 2596 445; x_wconf 89' lang='grc'><strong><em>-</em></strong></span> <span class='ocrx_word' id='word_1_7' title='bbox 2639 421 2645 461; x_wconf 64' lang='grc' dir='ltr'><strong>ί</strong></span> 
     </span>
    </p>
   </div>
   <div class='ocr_carea' id='block_1_3' title="bbox 1305 403 2998 472">
    <p class='ocr_par' dir='ltr' id='par_1_3' title="bbox 1305 403 2998 472">
     <span class='ocr_line' id='line_1_3' title="bbox 1305 403 2998 472; baseline -0.001 -6"><span class='ocrx_word' id='word_1_8' title='bbox 1305 405 1409 467; x_wconf 73' lang='lat' dir='ltr'><strong>MO</strong></span> <span class='ocrx_word' id='word_1_9' title='bbox 1440 405 1522 466; x_wconf 78' lang='grc' dir='ltr'><strong>ΙΝ</strong></span> <span class='ocrx_word' id='word_1_10' title='bbox 1563 403 2067 467; x_wconf 75' lang='grc' dir='ltr'>ΕνΑΝσΕωυΜ</span> <span class='ocrx_word' id='word_1_11' title='bbox 2101 407 2498 472; x_wconf 76' lang='grc' dir='ltr'><strong>ΜΑΤΤΗΑΞΙ.</strong></span> <span class='ocrx_word' id='word_1_12' title='bbox 2525 433 2596 445; x_wconf 90' lang='grc'><strong><em>-</em></strong></span> <span class='ocrx_word' id='word_1_13' title='bbox 2639 408 2799 470; x_wconf 78' lang='lat' dir='ltr'><strong>CAP.</strong></span> <span class='ocrx_word' id='word_1_14' title='bbox 2842 407 2998 468; x_wconf 76' lang='lat' dir='ltr'><strong>XIV.</strong></span> 
     </span>
    </p>
   </div>
   <div class='ocr_carea' id='block_1_4' title="bbox 3479 413 3590 477">
    <p class='ocr_par' dir='ltr' id='par_1_4' title="bbox 3479 413 3590 477">
     <span class='ocr_line' id='line_1_4' title="bbox 3479 413 3590 477; baseline 0.018 -2"><span class='ocrx_word' id='word_1_15' title='bbox 3479 413 3590 477; x_wconf 76' lang='lat'><strong>298</strong></span> 
     </span>
    </p>
   </div>
   <div class='ocr_carea' id='block_1_5' title="bbox 304 504 1997 588">
    <p class='ocr_par' dir='ltr' id='par_1_5' title="bbox 304 504 1973 584">
     <span class='ocr_line' id='line_1_5' title="bbox 304 504 1973 584; baseline 0.003 -22"><span class='ocrx_word' id='word_1_16' title='bbox 304 504 471 576; x_wconf 63' lang='lat' dir='ltr'><strong>sint,</strong></span> <span class='ocrx_word' id='word_1_17' title='bbox 500 511 587 564; x_wconf 70' lang='grc' dir='ltr'><strong>διὰ</strong></span> <span class='ocrx_word' id='word_1_18' title='bbox 622 512 795 566; x_wconf 76' lang='grc' dir='ltr'>ταῦτα</span> <span class='ocrx_word' id='word_1_19' title='bbox 830 511 1289 583; x_wconf 74' lang='grc' dir='ltr'>γοῦνὰναχωρεῖ.</span> <span class='ocrx_word' id='word_1_20' title='bbox 1334 514 1426 576; x_wconf 68' lang='lat' dir='ltr'><strong>Et;</strong></span> <span class='ocrx_word' id='word_1_21' title='bbox 1457 513 1668 584; x_wconf 78' lang='grc' dir='ltr'>ἔρημον</span> <span class='ocrx_word' id='word_1_22' title='bbox 1707 513 1766 566; x_wconf 71' lang='grc' dir='ltr'>δὲ</span> <span class='ocrx_word' id='word_1_23' title='bbox 1809 513 1896 566; x_wconf 76' lang='grc' dir='ltr'>τό-</span> <span class='ocrx_word' id='word_1_24' title='bbox 1927 519 1973 576; x_wconf 73' lang='grc' dir='ltr'><strong>Α</strong></span> 
     </span>
    </p>
   </div>
   <div class='ocr_carea' id='block_1_6' title="bbox 1901 504 3594 588">
    <p class='ocr_par' dir='ltr' id='par_1_6' title="bbox 1927 512 3594 588">
     <span class='ocr_line' id='line_1_6' title="bbox 1927 512 3594 588; baseline 0.004 -21"><span class='ocrx_word' id='word_1_25' title='bbox 1927 519 1973 576; x_wconf 73' lang='grc' dir='ltr'><strong>Α</strong></span> <span class='ocrx_word' id='word_1_26' title='bbox 2001 512 2223 574; x_wconf 74' lang='lat' dir='ltr'><strong>habitus</strong></span> <span class='ocrx_word' id='word_1_27' title='bbox 2259 516 2454 573; x_wconf 85' lang='lat' dir='ltr'><strong>fuisset</strong></span> <span class='ocrx_word' id='word_1_28' title='bbox 2486 517 2811 588; x_wconf 73' lang='lat' dir='ltr'><strong>phantasma</strong></span> <span class='ocrx_word' id='word_1_29' title='bbox 2850 531 2995 580; x_wconf 84' lang='lat' dir='ltr'><strong>esse,</strong></span> <span class='ocrx_word' id='word_1_30' title='bbox 3027 523 3082 570; x_wconf 89' lang='lat' dir='ltr'><strong>et</strong></span> <span class='ocrx_word' id='word_1_31' title='bbox 3115 525 3393 587; x_wconf 72' lang='lat' dir='ltr'><strong>eapmptez</strong></span> <span class='ocrx_word' id='word_1_32' title='bbox 3434 532 3594 574; x_wconf 80' lang='lat' dir='ltr'><strong>sece-</strong></span> 
     </span>
    </p>
   </div>
   <div class='ocr_carea' id='block_1_7' title="bbox 306 600 1895 675">
    <p class='ocr_par' dir='ltr' id='par_1_7' title="bbox 306 600 1895 675">
     <span class='ocr_line' id='line_1_7' title="bbox 306 600 1895 675; baseline 0.002 -22"><span class='ocrx_word' id='word_1_33' title='bbox 306 616 411 653; x_wconf 76' lang='grc' dir='ltr'><strong>πον</strong></span> <span class='ocrx_word' id='word_1_34' title='bbox 467 600 590 656; x_wconf 72' lang='grc' dir='ltr'>κατ’</span> <span class='ocrx_word' id='word_1_35' title='bbox 637 602 802 668; x_wconf 77' lang='grc' dir='ltr'>ιὸίσν,</span> <span class='ocrx_word' id='word_1_36' title='bbox 851 603 958 658; x_wconf 63' lang='grc' dir='ltr'>ἵνα</span> <span class='ocrx_word' id='word_1_37' title='bbox 992 602 1470 675; x_wconf 76' lang='grc' dir='ltr'>θαυματουργήσῃ</span> <span class='ocrx_word' id='word_1_38' title='bbox 1522 607 1584 656; x_wconf 80' lang='grc' dir='ltr'>τὸ</span> <span class='ocrx_word' id='word_1_39' title='bbox 1641 605 1734 657; x_wconf 77' lang='grc' dir='ltr'>επὶ</span> <span class='ocrx_word' id='word_1_40' title='bbox 1782 605 1895 667; x_wconf 86' lang='grc' dir='ltr'>τοῖς</span> 
     </span>
    </p>
   </div>
   <div class='ocr_carea' id='block_1_8' title="bbox 300 691 731 765">
    <p class='ocr_par' dir='ltr' id='par_1_8' title="bbox 300 691 731 765">
     <span class='ocr_line' id='line_1_8' title="bbox 300 691 731 765; baseline 0.007 -15"><span class='ocrx_word' id='word_1_41' title='bbox 300 691 508 762; x_wconf 66' lang='grc' dir='ltr'>ἄρτοις</span> <span class='ocrx_word' id='word_1_42' title='bbox 522 692 731 765; x_wconf 74' lang='grc' dir='ltr'>θαῦμα.</span> 
     </span>
    </p>
   </div>
   <div class='ocr_carea' id='block_1_9' title="bbox 375 868 1896 942">
    <p class='ocr_par' dir='ltr' id='par_1_9' title="bbox 375 868 1896 942">
     <span class='ocr_line' id='line_1_9' title="bbox 375 868 1896 942; baseline 0.001 -18"><span class='ocrx_word' id='word_1_43' title='bbox 375 891 400 924; x_wconf 71' lang='grc' dir='ltr'><strong>ι</strong></span> <span class='ocrx_word' id='word_1_44' title='bbox 463 873 574 927; x_wconf 65' lang='grc' dir='ltr'><strong>Καὶ</strong></span> <span class='ocrx_word' id='word_1_45' title='bbox 632 868 965 933; x_wconf 70' lang='grc' dir='ltr'>ἀκούσαντες</span> <span class='ocrx_word' id='word_1_46' title='bbox 1007 871 1056 924; x_wconf 82' lang='lat' dir='ltr'><strong>oi</strong></span> <span class='ocrx_word' id='word_1_47' title='bbox 1116 871 1287 938; x_wconf 86' lang='grc' dir='ltr'>ὄχλοι,</span> <span class='ocrx_word' id='word_1_48' title='bbox 1322 868 1698 941; x_wconf 69' lang='grc' dir='ltr'><strong>ἠκολούθησαν</strong></span> <span class='ocrx_word' id='word_1_49' title='bbox 1747 873 1896 942; x_wconf 80' lang='grc' dir='ltr'>αὐτῷ</span> 
     </span>
    </p>
   </div>
   <div class='ocr_carea' id='block_1_10' title="bbox 305 953 1897 1036">
    <p class='ocr_par' dir='ltr' id='par_1_10' title="bbox 305 953 1897 1036">
     <span class='ocr_line' id='line_1_10' title="bbox 305 953 1897 1036; baseline -0.002 -17"><span class='ocrx_word' id='word_1_50' title='bbox 305 966 449 1036; x_wconf 72' lang='grc' dir='ltr'>πεζῇ</span> <span class='ocrx_word' id='word_1_51' title='bbox 478 953 588 1018; x_wconf 75' lang='grc' dir='ltr'>ἀπὸ</span> <span class='ocrx_word' id='word_1_52' title='bbox 616 964 725 1016; x_wconf 81' lang='grc' dir='ltr'><strong>τῶν</strong></span> <span class='ocrx_word' id='word_1_53' title='bbox 768 962 1000 1018; x_wconf 60' lang='grc' dir='ltr'>πόλεων.</span> <span class='ocrx_word' id='word_1_54' title='bbox 1039 962 1152 1015; x_wconf 76' lang='grc' dir='ltr'><strong>Καὶ</strong></span> <span class='ocrx_word' id='word_1_55' title='bbox 1191 961 1424 1027; x_wconf 73' lang='grc' dir='ltr'>ἐξελθὼν</span> <span class='ocrx_word' id='word_1_56' title='bbox 1456 964 1483 1014; x_wconf 87' lang='grc' dir='ltr'>ὁ</span> <span class='ocrx_word' id='word_1_57' title='bbox 1523 962 1755 1032; x_wconf 75' lang='grc' dir='ltr'>Ἰησοῦς,</span> <span class='ocrx_word' id='word_1_58' title='bbox 1788 958 1897 1017; x_wconf 78' lang='grc' dir='ltr'>εἶδε</span> 
     </span>
    </p>
   </div>
   <div class='ocr_carea' id='block_1_11' title="bbox 304 1051 1898 1126">
    <p class='ocr_par' dir='ltr' id='par_1_11' title="bbox 304 1051 1898 1126">
     <span class='ocr_line' id='line_1_11' title="bbox 304 1051 1898 1126; baseline -0.003 -16"><span class='ocrx_word' id='word_1_59' title='bbox 304 1057 476 1111; x_wconf 75' lang='grc' dir='ltr'>πολὺν</span> <span class='ocrx_word' id='word_1_60' title='bbox 503 1055 682 1125; x_wconf 90' lang='grc' dir='ltr'>ὄχλον,</span> <span class='ocrx_word' id='word_1_61' title='bbox 720 1055 814 1109; x_wconf 71' lang='grc' dir='ltr'>καὶ</span> <span class='ocrx_word' id='word_1_62' title='bbox 844 1051 1256 1126; x_wconf 78' lang='grc' dir='ltr'><strong>ἐσπλαγχνίσθη</strong></span> <span class='ocrx_word' id='word_1_63' title='bbox 1291 1053 1379 1104; x_wconf 77' lang='grc' dir='ltr'><strong>ἐπ’</strong></span> <span class='ocrx_word' id='word_1_64' title='bbox 1416 1053 1622 1115; x_wconf 77' lang='grc' dir='ltr'>αὐτοῖς,</span> <span class='ocrx_word' id='word_1_65' title='bbox 1659 1054 1753 1105; x_wconf 82' lang='grc' dir='ltr'>καὶ</span> <span class='ocrx_word' id='word_1_66' title='bbox 1778 1052 1898 1105; x_wconf 78' lang='grc' dir='ltr'>ἑθε-</span> 
     </span>
    </p>
   </div>
   <div class='ocr_carea' id='block_1_12' title="bbox 306 1144 1898 1222">
    <p class='ocr_par' dir='ltr' id='par_1_12' title="bbox 306 1144 1898 1222">
     <span class='ocr_line' id='line_1_12' title="bbox 306 1144 1898 1222; baseline -0.003 -18"><span class='ocrx_word' id='word_1_67' title='bbox 306 1151 548 1222; x_wconf 82' lang='grc' dir='ltr'>ράπευσε</span> <span class='ocrx_word' id='word_1_68' title='bbox 589 1147 716 1210; x_wconf 77' lang='grc' dir='ltr'>τοὺς</span> <span class='ocrx_word' id='word_1_69' title='bbox 757 1144 1103 1219; x_wconf 27' lang='grc' dir='ltr'>ἀρρώστους,</span> <span class='ocrx_word' id='word_1_70' title='bbox 1132 1144 1335 1199; x_wconf 83' lang='grc' dir='ltr'>αὐτῶν.</span> <span class='ocrx_word' id='word_1_71' title='bbox 1386 1164 1403 1198; x_wconf 77' lang='grc' dir='ltr'><strong>ι</strong></span> <span class='ocrx_word' id='word_1_72' title='bbox 1456 1145 1647 1199; x_wconf 79' lang='grc' dir='ltr'><strong>Πίστιν</strong></span> <span class='ocrx_word' id='word_1_73' title='bbox 1687 1145 1898 1200; x_wconf 80' lang='grc' dir='ltr'>ἐνδείκ-</span> 
     </span>
    </p>
   </div>
   <div class='ocr_carea' id='block_1_13' title="bbox 303 1237 1898 1310">
    <p class='ocr_par' dir='ltr' id='par_1_13' title="bbox 303 1237 1898 1310">
     <span class='ocr_line' id='line_1_13' title="bbox 303 1237 1898 1310; baseline -0.001 -16"><span class='ocrx_word' id='word_1_74' title='bbox 303 1257 494 1295; x_wconf 74' lang='grc' dir='ltr'>νυνται</span> <span class='ocrx_word' id='word_1_75' title='bbox 552 1241 603 1292; x_wconf 74' lang='lat' dir='ltr'><strong>oi</strong></span> <span class='ocrx_word' id='word_1_76' title='bbox 645 1239 814 1308; x_wconf 84' lang='grc' dir='ltr'>ὄχλοι,</span> <span class='ocrx_word' id='word_1_77' title='bbox 859 1240 991 1290; x_wconf 74' lang='grc' dir='ltr'>ὅπου</span> <span class='ocrx_word' id='word_1_78' title='bbox 1028 1254 1092 1305; x_wconf 88' lang='grc' dir='ltr'><strong>γε</strong></span> <span class='ocrx_word' id='word_1_79' title='bbox 1144 1239 1241 1292; x_wconf 80' lang='grc' dir='ltr'><strong>καὶ</strong></span> <span class='ocrx_word' id='word_1_80' title='bbox 1294 1237 1673 1310; x_wconf 80' lang='grc' dir='ltr'><strong>ἀναχωροῦντι</strong></span> <span class='ocrx_word' id='word_1_81' title='bbox 1727 1255 1898 1310; x_wconf 88' lang='grc' dir='ltr'>προσ-</span> 
     </span>
    </p>
   </div>
   <div class='ocr_carea' id='block_1_14' title="bbox 299 1328 1897 1402">
    <p class='ocr_par' dir='ltr' id='par_1_14' title="bbox 299 1328 1897 1402">
     <span class='ocr_line' id='line_1_14' title="bbox 299 1328 1897 1402; baseline -0.002 -17"><span class='ocrx_word' id='word_1_82' title='bbox 299 1333 564 1402; x_wconf 78' lang='grc' dir='ltr'>τρέχουσι</span> <span class='ocrx_word' id='word_1_83' title='bbox 630 1331 708 1400; x_wconf 84' lang='grc' dir='ltr'>τῷ</span> <span class='ocrx_word' id='word_1_84' title='bbox 781 1328 981 1398; x_wconf 84' lang='grc' dir='ltr'><strong>Ὶησοῦ.</strong></span> <span class='ocrx_word' id='word_1_85' title='bbox 1050 1329 1142 1381; x_wconf 71' lang='grc' dir='ltr'><strong>Διὸ</strong></span> <span class='ocrx_word' id='word_1_86' title='bbox 1217 1328 1408 1398; x_wconf 82' lang='grc' dir='ltr'>μισθὸν</span> <span class='ocrx_word' id='word_1_87' title='bbox 1479 1329 1582 1398; x_wconf 81' lang='grc' dir='ltr'>τῆς</span> <span class='ocrx_word' id='word_1_88' title='bbox 1656 1330 1897 1393; x_wconf 75' lang='grc' dir='ltr'>πίστεως</span> 
     </span>
    </p>
   </div>
   <div class='ocr_carea' id='block_1_15' title="bbox 303 1419 1893 1494">
    <p class='ocr_par' dir='ltr' id='par_1_15' title="bbox 303 1419 1893 1494">
     <span class='ocr_line' id='line_1_15' title="bbox 303 1419 1893 1494; baseline -0.002 -17"><span class='ocrx_word' id='word_1_89' title='bbox 303 1424 626 1494; x_wconf 73' lang='grc' dir='ltr'><strong>κομίζονται</strong></span> <span class='ocrx_word' id='word_1_90' title='bbox 673 1423 774 1484; x_wconf 73' lang='grc' dir='ltr'>τὰς</span> <span class='ocrx_word' id='word_1_91' title='bbox 837 1422 1030 1486; x_wconf 76' lang='grc' dir='ltr'>ἰάσεις,</span> <span class='ocrx_word' id='word_1_92' title='bbox 1069 1419 1207 1474; x_wconf 79' lang='grc' dir='ltr'>ἀλλὰ</span> <span class='ocrx_word' id='word_1_93' title='bbox 1254 1421 1349 1474; x_wconf 80' lang='grc' dir='ltr'>καὶ</span> <span class='ocrx_word' id='word_1_94' title='bbox 1399 1421 1459 1473; x_wconf 74' lang='grc' dir='ltr'>τὸ</span> <span class='ocrx_word' id='word_1_95' title='bbox 1490 1419 1629 1492; x_wconf 76' lang='grc' dir='ltr'>πεζῇ</span> <span class='ocrx_word' id='word_1_96' title='bbox 1663 1423 1893 1475; x_wconf 83' lang='grc' dir='ltr'>ἀκολου-</span> 
     </span>
    </p>
   </div>
   <div class='ocr_carea' id='block_1_16' title="bbox 303 1513 1892 1591">
    <p class='ocr_par' dir='ltr' id='par_1_16' title="bbox 303 1513 1892 1591">
     <span class='ocr_line' id='line_1_16' title="bbox 303 1513 1892 1591; baseline -0.001 -21"><span class='ocrx_word' id='word_1_97' title='bbox 303 1516 495 1587; x_wconf 78' lang='grc' dir='ltr'>θῆσαι,</span> <span class='ocrx_word' id='word_1_98' title='bbox 531 1516 628 1569; x_wconf 70' lang='grc' dir='ltr'>καὶ</span> <span class='ocrx_word' id='word_1_99' title='bbox 669 1517 729 1568; x_wconf 85' lang='grc' dir='ltr'>τὸ</span> <span class='ocrx_word' id='word_1_100' title='bbox 761 1516 930 1586; x_wconf 80' lang='grc' dir='ltr'>χωρὶς</span> <span class='ocrx_word' id='word_1_101' title='bbox 961 1514 1194 1585; x_wconf 81' lang='grc' dir='ltr'>τροφῆς,</span> <span class='ocrx_word' id='word_1_102' title='bbox 1227 1513 1405 1568; x_wconf 86' lang='grc' dir='ltr'>πάντα</span> <span class='ocrx_word' id='word_1_103' title='bbox 1429 1513 1603 1566; x_wconf 75' lang='grc' dir='ltr'>ταῦτα</span> <span class='ocrx_word' id='word_1_104' title='bbox 1636 1514 1892 1591; x_wconf 85' lang='grc' dir='ltr'>πίστεως.</span> 
     </span>
    </p>
   </div>
   <div class='ocr_carea' id='block_1_17' title="bbox 380 1607 1896 1678">
    <p class='ocr_par' dir='ltr' id='par_1_17' title="bbox 380 1607 1896 1678">
     <span class='ocr_line' id='line_1_17' title="bbox 380 1607 1896 1678; baseline -0.001 -16"><span class='ocrx_word' id='word_1_105' title='bbox 380 1628 400 1662; x_wconf 80' lang='lat' dir='ltr'><strong>t</strong></span> <span class='ocrx_word' id='word_1_106' title='bbox 450 1609 638 1675; x_wconf 79' lang='grc' dir='ltr'>Ὀψίας</span> <span class='ocrx_word' id='word_1_107' title='bbox 669 1608 725 1661; x_wconf 86' lang='grc' dir='ltr'>δὲ</span> <span class='ocrx_word' id='word_1_108' title='bbox 755 1607 1081 1677; x_wconf 78' lang='grc' dir='ltr'><strong>γενομένης,</strong></span> <span class='ocrx_word' id='word_1_109' title='bbox 1114 1607 1426 1678; x_wconf 79' lang='grc' dir='ltr'>προσῆλθον</span> <span class='ocrx_word' id='word_1_110' title='bbox 1451 1607 1603 1676; x_wconf 84' lang='grc' dir='ltr'><strong>αὐτῷ</strong></span> <span class='ocrx_word' id='word_1_111' title='bbox 1639 1609 1687 1661; x_wconf 83' lang='grc' dir='ltr'><strong>οι</strong></span> <span class='ocrx_word' id='word_1_112' title='bbox 1716 1607 1896 1678; x_wconf 83' lang='grc' dir='ltr'>μαθη-</span> 
     </span>
    </p>
   </div>
   <div class='ocr_carea' id='block_1_18' title="bbox 303 1698 1893 1771">
    <p class='ocr_par' dir='ltr' id='par_1_18' title="bbox 303 1698 1893 1771">
     <span class='ocr_line' id='line_1_18' title="bbox 303 1698 1893 1771; baseline 0.001 -19"><span class='ocrx_word' id='word_1_113' title='bbox 303 1699 396 1752; x_wconf 74' lang='grc' dir='ltr'>ταὶ</span> <span class='ocrx_word' id='word_1_114' title='bbox 421 1699 624 1770; x_wconf 79' lang='grc' dir='ltr'>αὑτοῦ,</span> <span class='ocrx_word' id='word_1_115' title='bbox 660 1699 906 1766; x_wconf 80' lang='grc' dir='ltr'>λέγοντες</span> <span class='ocrx_word' id='word_1_116' title='bbox 934 1716 948 1730; x_wconf 86' lang='grc'><strong>·</strong></span> <span class='ocrx_word' id='word_1_117' title='bbox 987 1698 1238 1771; x_wconf 81' lang='grc' dir='ltr'>Ἔρημός</span> <span class='ocrx_word' id='word_1_118' title='bbox 1284 1700 1430 1752; x_wconf 77' lang='grc' dir='ltr'>ἐστιν</span> <span class='ocrx_word' id='word_1_119' title='bbox 1469 1699 1497 1752; x_wconf 84' lang='grc' dir='ltr'><strong>ὀ</strong></span> <span class='ocrx_word' id='word_1_120' title='bbox 1523 1699 1708 1764; x_wconf 80' lang='grc' dir='ltr'>τόπος,</span> <span class='ocrx_word' id='word_1_121' title='bbox 1743 1701 1893 1770; x_wconf 81' lang='grc' dir='ltr'>καὶὴ</span> 
     </span>
    </p>
   </div>
   <div class='ocr_carea' id='block_1_19' title="bbox 304 1789 1894 1863">
    <p class='ocr_par' dir='ltr' id='par_1_19' title="bbox 304 1789 1894 1863">
     <span class='ocr_line' id='line_1_19' title="bbox 304 1789 1894 1863; baseline 0.001 -19"><span class='ocrx_word' id='word_1_122' title='bbox 304 1791 424 1858; x_wconf 82' lang='grc' dir='ltr'>ὦρα</span> <span class='ocrx_word' id='word_1_123' title='bbox 452 1792 553 1863; x_wconf 67' lang='grc' dir='ltr'>ήδη</span> <span class='ocrx_word' id='word_1_124' title='bbox 587 1791 894 1861; x_wconf 64' lang='grc' dir='ltr'>παρῆλθεν</span> <span class='ocrx_word' id='word_1_125' title='bbox 928 1789 1200 1844; x_wconf 79' lang='grc' dir='ltr'><strong>ἀπόλυσον</strong></span> <span class='ocrx_word' id='word_1_126' title='bbox 1224 1792 1347 1855; x_wconf 83' lang='grc' dir='ltr'>τοὺς</span> <span class='ocrx_word' id='word_1_127' title='bbox 1377 1791 1591 1862; x_wconf 80' lang='grc' dir='ltr'>ὄχλους,</span> <span class='ocrx_word' id='word_1_128' title='bbox 1616 1792 1704 1847; x_wconf 83' lang='grc' dir='ltr'>ἵνα</span> <span class='ocrx_word' id='word_1_129' title='bbox 1727 1793 1894 1846; x_wconf 83' lang='grc' dir='ltr'>ἀπελ-</span> 
     </span>
    </p>
   </div>
   <div class='ocr_carea' id='block_1_20' title="bbox 306 1871 1973 1956">
    <p class='ocr_par' dir='ltr' id='par_1_20' title="bbox 306 1871 1973 1956">
     <span class='ocr_line' id='line_1_20' title="bbox 306 1871 1973 1956; baseline 0.002 -21"><span class='ocrx_word' id='word_1_130' title='bbox 306 1884 494 1946; x_wconf 70' lang='grc' dir='ltr'>θόντες</span> <span class='ocrx_word' id='word_1_131' title='bbox 521 1886 601 1945; x_wconf 72' lang='grc' dir='ltr'>εἰς</span> <span class='ocrx_word' id='word_1_132' title='bbox 628 1885 726 1946; x_wconf 71' lang='grc' dir='ltr'>τὰς</span> <span class='ocrx_word' id='word_1_133' title='bbox 752 1881 967 1952; x_wconf 81' lang='grc' dir='ltr'>κώμας,</span> <span class='ocrx_word' id='word_1_134' title='bbox 994 1883 1342 1953; x_wconf 75' lang='grc' dir='ltr'><strong>ἀγοράσωσιν</strong></span> <span class='ocrx_word' id='word_1_135' title='bbox 1362 1883 1575 1947; x_wconf 79' lang='grc' dir='ltr'><strong>ἑαυτοῖς</strong></span> <span class='ocrx_word' id='word_1_136' title='bbox 1604 1883 1893 1956; x_wconf 80' lang='grc' dir='ltr'>βρώματα.</span> <span class='ocrx_word' id='word_1_137' title='bbox 1933 1871 1973 1926; x_wconf 75' lang='grc' dir='ltr'>Β</span> 
     </span>
    </p>
   </div>
   <div class='ocr_carea' id='block_1_21' title="bbox 321 1971 1897 2049">
    <p class='ocr_par' dir='ltr' id='par_1_21' title="bbox 321 1971 1897 2049">
     <span class='ocr_line' id='line_1_21' title="bbox 321 1971 1897 2049; baseline 0.001 -19"><span class='ocrx_word' id='word_1_138' title='bbox 321 1977 381 2031; x_wconf 87' lang='lat'><strong>&#39;0</strong></span> <span class='ocrx_word' id='word_1_139' title='bbox 433 1977 488 2029; x_wconf 81' lang='grc' dir='ltr'>δὲ</span> <span class='ocrx_word' id='word_1_140' title='bbox 553 1977 788 2049; x_wconf 41' lang='grc' dir='ltr'>Ἰησοῦς,</span> <span class='ocrx_word' id='word_1_141' title='bbox 820 1971 978 2029; x_wconf 75' lang='grc' dir='ltr'>εἶπεν</span> <span class='ocrx_word' id='word_1_142' title='bbox 1035 1977 1263 2040; x_wconf 79' lang='grc' dir='ltr'>αὐτοῖς’</span> <span class='ocrx_word' id='word_1_143' title='bbox 1309 1976 1384 2029; x_wconf 79' lang='grc' dir='ltr'><strong>Οὐ</strong></span> <span class='ocrx_word' id='word_1_144' title='bbox 1422 1978 1614 2048; x_wconf 80' lang='grc' dir='ltr'>χρείαν</span> <span class='ocrx_word' id='word_1_145' title='bbox 1677 1975 1897 2049; x_wconf 74' lang='grc' dir='ltr'>ἔχουσιν</span> 
     </span>
    </p>
   </div>
   <div class='ocr_carea' id='block_1_22' title="bbox 305 2055 1897 2146">
    <p class='ocr_par' dir='ltr' id='par_1_22' title="bbox 305 2055 1897 2146">
     <span class='ocr_line' id='line_1_22' title="bbox 305 2055 1897 2146; baseline 0.001 -22"><span class='ocrx_word' id='word_1_146' title='bbox 305 2071 572 2124; x_wconf 80' lang='grc' dir='ltr'>ἀπελθεῖν.</span> <span class='ocrx_word' id='word_1_147' title='bbox 592 2085 604 2098; x_wconf 88' lang='grc'><strong>·</strong></span> <span class='ocrx_word' id='word_1_148' title='bbox 635 2055 756 2126; x_wconf 82' lang='grc' dir='ltr'>δότε</span> <span class='ocrx_word' id='word_1_149' title='bbox 796 2071 981 2132; x_wconf 84' lang='grc' dir='ltr'>αὐτοῖς</span> <span class='ocrx_word' id='word_1_150' title='bbox 1013 2071 1171 2140; x_wconf 81' lang='grc' dir='ltr'><strong>ὑμεῖς</strong></span> <span class='ocrx_word' id='word_1_151' title='bbox 1203 2073 1420 2140; x_wconf 79' lang='grc' dir='ltr'>φαγεῖν.</span> <span class='ocrx_word' id='word_1_152' title='bbox 1463 2091 1481 2124; x_wconf 74' lang='grc' dir='ltr'><strong>ι</strong></span> <span class='ocrx_word' id='word_1_153' title='bbox 1515 2073 1897 2146; x_wconf 84' lang='grc' dir='ltr'>Φιλάνθρωποί</span> 
     </span>
    </p>
   </div>
   <div class='ocr_carea' id='block_1_23' title="bbox 305 2163 1897 2236">
    <p class='ocr_par' dir='ltr' id='par_1_23' title="bbox 305 2163 1897 2236">
     <span class='ocr_line' id='line_1_23' title="bbox 305 2163 1897 2236; baseline 0.001 -17"><span class='ocrx_word' id='word_1_154' title='bbox 305 2165 446 2231; x_wconf 73' lang='grc' dir='ltr'>εἰσιν</span> <span class='ocrx_word' id='word_1_155' title='bbox 477 2166 524 2217; x_wconf 83' lang='lat' dir='ltr'><strong>oi</strong></span> <span class='ocrx_word' id='word_1_156' title='bbox 576 2164 838 2235; x_wconf 73' lang='grc' dir='ltr'>μαθηταὶ,</span> <span class='ocrx_word' id='word_1_157' title='bbox 900 2163 1159 2232; x_wconf 81' lang='grc' dir='ltr'><strong>κήδονται</strong></span> <span class='ocrx_word' id='word_1_158' title='bbox 1211 2164 1319 2236; x_wconf 83' lang='grc' dir='ltr'><strong>γάρ</strong></span> <span class='ocrx_word' id='word_1_159' title='bbox 1351 2165 1444 2218; x_wconf 79' lang='grc' dir='ltr'>τοῦ</span> <span class='ocrx_word' id='word_1_160' title='bbox 1476 2164 1659 2236; x_wconf 79' lang='grc' dir='ltr'>ὄχλου,</span> <span class='ocrx_word' id='word_1_161' title='bbox 1687 2167 1781 2220; x_wconf 78' lang='grc' dir='ltr'>καὶ</span> <span class='ocrx_word' id='word_1_162' title='bbox 1810 2165 1897 2221; x_wconf 65' lang='grc' dir='ltr'><strong>διὰ</strong></span> 
     </span>
    </p>
   </div>
   <div class='ocr_carea' id='block_1_24' title="bbox 303 2253 1898 2328">
    <p class='ocr_par' dir='ltr' id='par_1_24' title="bbox 303 2253 1898 2328">
     <span class='ocr_line' id='line_1_24' title="bbox 303 2253 1898 2328; baseline 0.003 -20"><span class='ocrx_word' id='word_1_163' title='bbox 303 2255 466 2316; x_wconf 71' lang='grc' dir='ltr'>τοῦτο</span> <span class='ocrx_word' id='word_1_164' title='bbox 497 2257 564 2328; x_wconf 72' lang='grc' dir='ltr'>οὐ</span> <span class='ocrx_word' id='word_1_165' title='bbox 619 2257 837 2308; x_wconf 83' lang='grc' dir='ltr'>θέλουσι</span> <span class='ocrx_word' id='word_1_166' title='bbox 889 2257 1108 2328; x_wconf 82' lang='grc' dir='ltr'>νήστεις</span> <span class='ocrx_word' id='word_1_167' title='bbox 1160 2256 1360 2320; x_wconf 80' lang='grc' dir='ltr'>αὐτοὺς</span> <span class='ocrx_word' id='word_1_168' title='bbox 1407 2253 1565 2311; x_wconf 75' lang='grc' dir='ltr'>εἶναι.</span> <span class='ocrx_word' id='word_1_169' title='bbox 1606 2258 1672 2310; x_wconf 91' lang='grc' dir='ltr'>Τί</span> <span class='ocrx_word' id='word_1_170' title='bbox 1722 2255 1814 2312; x_wconf 81' lang='grc' dir='ltr'>οὖν</span> <span class='ocrx_word' id='word_1_171' title='bbox 1870 2261 1898 2312; x_wconf 89' lang='grc' dir='ltr'>ὁ</span> 
     </span>
    </p>
   </div>
   <div class='ocr_carea' id='block_1_25' title="bbox 305 2344 1895 2416">
    <p class='ocr_par' dir='ltr' id='par_1_25' title="bbox 305 2344 1895 2416">
     <span class='ocr_line' id='line_1_25' title="bbox 305 2344 1895 2416; baseline 0.003 -18"><span class='ocrx_word' id='word_1_172' title='bbox 305 2344 537 2415; x_wconf 82' lang='grc' dir='ltr'>Σωτήρ;</span> <span class='ocrx_word' id='word_1_173' title='bbox 569 2347 722 2411; x_wconf 88' lang='grc' dir='ltr'>Δότε,</span> <span class='ocrx_word' id='word_1_174' title='bbox 753 2345 939 2415; x_wconf 84' lang='grc' dir='ltr'>φησὶν,</span> <span class='ocrx_word' id='word_1_175' title='bbox 976 2345 1162 2409; x_wconf 79' lang='grc' dir='ltr'>αὐτοῖς</span> <span class='ocrx_word' id='word_1_176' title='bbox 1193 2346 1354 2416; x_wconf 82' lang='grc' dir='ltr'>ὑμεῖς</span> <span class='ocrx_word' id='word_1_177' title='bbox 1388 2349 1605 2416; x_wconf 87' lang='grc' dir='ltr'>φαγεῖν.</span> <span class='ocrx_word' id='word_1_178' title='bbox 1640 2348 1813 2402; x_wconf 83' lang='grc' dir='ltr'>Τοῦτο</span> <span class='ocrx_word' id='word_1_179' title='bbox 1837 2349 1895 2402; x_wconf 82' lang='grc' dir='ltr'>δὲ</span> 
     </span>
    </p>
   </div>
   <div class='ocr_carea' id='block_1_26' title="bbox 309 2437 1898 2511">
    <p class='ocr_par' dir='ltr' id='par_1_26' title="bbox 309 2437 1898 2511">
     <span class='ocr_line' id='line_1_26' title="bbox 309 2437 1898 2511; baseline 0.003 -21"><span class='ocrx_word' id='word_1_180' title='bbox 309 2437 483 2505; x_wconf 76' lang='grc' dir='ltr'>λέγει,</span> <span class='ocrx_word' id='word_1_181' title='bbox 508 2440 606 2510; x_wconf 86' lang='grc' dir='ltr'>οὐχ</span> <span class='ocrx_word' id='word_1_182' title='bbox 636 2439 712 2501; x_wconf 83' lang='grc' dir='ltr'>ὡς</span> <span class='ocrx_word' id='word_1_183' title='bbox 744 2438 958 2506; x_wconf 81' lang='grc' dir='ltr'>ἀγνοῶν</span> <span class='ocrx_word' id='word_1_184' title='bbox 995 2439 1129 2509; x_wconf 86' lang='grc' dir='ltr'>ὅσην</span> <span class='ocrx_word' id='word_1_185' title='bbox 1165 2439 1357 2492; x_wconf 85' lang='grc' dir='ltr'>πενίαν</span> <span class='ocrx_word' id='word_1_186' title='bbox 1399 2437 1547 2511; x_wconf 81' lang='grc' dir='ltr'>εἶχον</span> <span class='ocrx_word' id='word_1_187' title='bbox 1585 2443 1632 2493; x_wconf 78' lang='lat' dir='ltr'><strong>oi</strong></span> <span class='ocrx_word' id='word_1_188' title='bbox 1662 2442 1898 2495; x_wconf 83' lang='grc' dir='ltr'>ἀπόστο-</span> 
     </span>
    </p>
   </div>
   <div class='ocr_carea' id='block_1_27' title="bbox 306 2528 1897 2605">
    <p class='ocr_par' dir='ltr' id='par_1_27' title="bbox 306 2528 1897 2605">
     <span class='ocr_line' id='line_1_27' title="bbox 306 2528 1897 2605; baseline 0.003 -23"><span class='ocrx_word' id='word_1_189' title='bbox 306 2528 414 2598; x_wconf 87' lang='grc' dir='ltr'>λοι,</span> <span class='ocrx_word' id='word_1_190' title='bbox 441 2529 645 2600; x_wconf 74' lang='grc' dir='ltr'>ἄπαγε,</span> <span class='ocrx_word' id='word_1_191' title='bbox 680 2530 796 2586; x_wconf 79' lang='grc' dir='ltr'>ἀλλ’</span> <span class='ocrx_word' id='word_1_192' title='bbox 828 2531 915 2584; x_wconf 77' lang='grc' dir='ltr'>ἵνα</span> <span class='ocrx_word' id='word_1_193' title='bbox 946 2530 1211 2583; x_wconf 79' lang='grc' dir='ltr'>εἰπόντων</span> <span class='ocrx_word' id='word_1_194' title='bbox 1242 2531 1490 2598; x_wconf 70' lang='grc' dir='ltr'>ἐκείνων,</span> <span class='ocrx_word' id='word_1_195' title='bbox 1515 2532 1598 2586; x_wconf 86' lang='grc' dir='ltr'>ὅτι</span> <span class='ocrx_word' id='word_1_196' title='bbox 1639 2535 1754 2587; x_wconf 86' lang='grc' dir='ltr'>Οὐκ</span> <span class='ocrx_word' id='word_1_197' title='bbox 1782 2533 1897 2605; x_wconf 67' lang='grc' dir='ltr'>ἐχος</span> 
     </span>
    </p>
   </div>
   <div class='ocr_carea' id='block_1_28' title="bbox 309 2604 1898 2698">
    <p class='ocr_par' dir='ltr' id='par_1_28' title="bbox 309 2604 1898 2698">
     <span class='ocr_line' id='line_1_28' title="bbox 309 2604 1898 2698; baseline 0.003 -22"><span class='ocrx_word' id='word_1_198' title='bbox 309 2604 586 2697; x_wconf 70' lang='grc' dir='ltr'>μιν,δόξῃ</span> <span class='ocrx_word' id='word_1_199' title='bbox 610 2624 670 2690; x_wconf 67' lang='grc' dir='ltr'><strong>ἐξ</strong></span> <span class='ocrx_word' id='word_1_200' title='bbox 703 2625 952 2697; x_wconf 78' lang='grc' dir='ltr'>ἀνάγκης</span> <span class='ocrx_word' id='word_1_201' title='bbox 1007 2622 1187 2677; x_wconf 86' lang='grc' dir='ltr'>ὲλθεῖν</span> <span class='ocrx_word' id='word_1_202' title='bbox 1234 2625 1327 2678; x_wconf 69' lang='grc' dir='ltr'><strong>ἐπὶ</strong></span> <span class='ocrx_word' id='word_1_203' title='bbox 1362 2625 1422 2678; x_wconf 87' lang='grc' dir='ltr'>τὸ</span> <span class='ocrx_word' id='word_1_204' title='bbox 1465 2604 1898 2698; x_wconf 74' lang='grc' dir='ltr'>θαυματουργῆσ</span> 
     </span>
    </p>
   </div>
   <div class='ocr_carea' id='block_1_29' title="bbox 311 2715 1176 2784">
    <p class='ocr_par' dir='ltr' id='par_1_29' title="bbox 311 2715 1176 2784">
     <span class='ocr_line' id='line_1_29' title="bbox 311 2715 1176 2784; baseline 0.001 -13"><span class='ocrx_word' id='word_1_205' title='bbox 311 2731 424 2781; x_wconf 80' lang='grc' dir='ltr'>σαι,</span> <span class='ocrx_word' id='word_1_206' title='bbox 457 2717 548 2768; x_wconf 74' lang='grc' dir='ltr'>καὶ</span> <span class='ocrx_word' id='word_1_207' title='bbox 582 2717 642 2768; x_wconf 83' lang='grc' dir='ltr'>οὑ</span> <span class='ocrx_word' id='word_1_208' title='bbox 673 2715 815 2769; x_wconf 73' lang='grc' dir='ltr'>κατὰ</span> <span class='ocrx_word' id='word_1_209' title='bbox 842 2715 1176 2784; x_wconf 75' lang='grc' dir='ltr'>φιλοδοξίαν.</span> 
     </span>
    </p>
   </div>
   <div class='ocr_carea' id='block_1_30' title="bbox 389 2803 1899 2880">
    <p class='ocr_par' dir='ltr' id='par_1_30' title="bbox 389 2803 1899 2880">
     <span class='ocr_line' id='line_1_30' title="bbox 389 2803 1899 2880; baseline 0.003 -23"><span class='ocrx_word' id='word_1_210' title='bbox 389 2824 408 2857; x_wconf 76' lang='grc' dir='ltr'><strong>ι</strong></span> <span class='ocrx_word' id='word_1_211' title='bbox 441 2809 501 2859; x_wconf 82' lang='grc' dir='ltr'><strong>Οί</strong></span> <span class='ocrx_word' id='word_1_212' title='bbox 532 2805 590 2858; x_wconf 71' lang='grc' dir='ltr'>δὲ</span> <span class='ocrx_word' id='word_1_213' title='bbox 621 2806 871 2876; x_wconf 82' lang='grc' dir='ltr'>λέγουσιν</span> <span class='ocrx_word' id='word_1_214' title='bbox 906 2806 1083 2879; x_wconf 67' lang='grc' dir='ltr'>αὐτῷ·</span> <span class='ocrx_word' id='word_1_215' title='bbox 1151 2809 1265 2862; x_wconf 83' lang='grc' dir='ltr'><strong>Οὐκ</strong></span> <span class='ocrx_word' id='word_1_216' title='bbox 1326 2808 1523 2880; x_wconf 79' lang='grc' dir='ltr'>ἔχομεν</span> <span class='ocrx_word' id='word_1_217' title='bbox 1552 2803 1678 2877; x_wconf 82' lang='grc' dir='ltr'>ὧδε,</span> <span class='ocrx_word' id='word_1_218' title='bbox 1726 2811 1774 2863; x_wconf 86' lang='grc' dir='ltr'><strong>εί</strong></span> <span class='ocrx_word' id='word_1_219' title='bbox 1823 2812 1899 2880; x_wconf 81' lang='grc' dir='ltr'>μὴ</span> 
     </span>
    </p>
   </div>
   <div class='ocr_carea' id='block_1_31' title="bbox 309 2895 1901 2979">
    <p class='ocr_par' dir='ltr' id='par_1_31' title="bbox 309 2895 1901 2979">
     <span class='ocr_line' id='line_1_31' title="bbox 309 2895 1901 2979; baseline 0.001 -26"><span class='ocrx_word' id='word_1_220' title='bbox 309 2899 474 2953; x_wconf 73' lang='grc' dir='ltr'>πέντε</span> <span class='ocrx_word' id='word_1_221' title='bbox 503 2899 702 2970; x_wconf 78' lang='grc' dir='ltr'>ἄρτους</span> <span class='ocrx_word' id='word_1_222' title='bbox 736 2901 832 2952; x_wconf 82' lang='grc' dir='ltr'>καὶ</span> <span class='ocrx_word' id='word_1_223' title='bbox 879 2899 975 2953; x_wconf 87' lang='grc' dir='ltr'>δύο</span> <span class='ocrx_word' id='word_1_224' title='bbox 1024 2895 1233 2979; x_wconf 74' lang='grc' dir='ltr'>ἰχθύας.</span> <span class='ocrx_word' id='word_1_225' title='bbox 1280 2901 1337 2956; x_wconf 92' lang='lat'><strong>&#39;0</strong></span> <span class='ocrx_word' id='word_1_226' title='bbox 1371 2903 1428 2955; x_wconf 83' lang='grc' dir='ltr'>δὲ</span> <span class='ocrx_word' id='word_1_227' title='bbox 1476 2899 1630 2956; x_wconf 66' lang='grc' dir='ltr'>εἴπ’</span> <span class='ocrx_word' id='word_1_228' title='bbox 1696 2903 1901 2973; x_wconf 79' lang='grc' dir='ltr'>Φέρετέ</span> 
     </span>
    </p>
   </div>
   <div class='ocr_carea' id='block_1_32' title="bbox 312 2989 1901 3068">
    <p class='ocr_par' dir='ltr' id='par_1_32' title="bbox 312 2989 1901 3068">
     <span class='ocr_line' id='line_1_32' title="bbox 312 2989 1901 3068; baseline 0.003 -23"><span class='ocrx_word' id='word_1_229' title='bbox 312 3006 406 3062; x_wconf 83' lang='grc' dir='ltr'><strong>μοι</strong></span> <span class='ocrx_word' id='word_1_230' title='bbox 430 2994 630 3055; x_wconf 68' lang='grc' dir='ltr'>αὐτοὺς</span> <span class='ocrx_word' id='word_1_231' title='bbox 651 2989 774 3048; x_wconf 82' lang='grc' dir='ltr'>ὦδε.</span> <span class='ocrx_word' id='word_1_232' title='bbox 809 2993 919 3047; x_wconf 72' lang='grc' dir='ltr'><strong>Καὶ</strong></span> <span class='ocrx_word' id='word_1_233' title='bbox 967 2995 1233 3058; x_wconf 83' lang='grc' dir='ltr'>κελεύσας</span> <span class='ocrx_word' id='word_1_234' title='bbox 1279 2997 1408 3060; x_wconf 82' lang='grc' dir='ltr'>τοὺς</span> <span class='ocrx_word' id='word_1_235' title='bbox 1442 2996 1638 3068; x_wconf 77' lang='grc' dir='ltr'>ὄχλους</span> <span class='ocrx_word' id='word_1_236' title='bbox 1673 2999 1901 3053; x_wconf 80' lang='grc' dir='ltr'>ἀνακλι-</span> 
     </span>
    </p>
   </div>
   <div class='ocr_carea' id='block_1_33' title="bbox 309 3083 1901 3163">
    <p class='ocr_par' dir='ltr' id='par_1_33' title="bbox 309 3083 1901 3163">
     <span class='ocr_line' id='line_1_33' title="bbox 309 3083 1901 3163; baseline 0.004 -23"><span class='ocrx_word' id='word_1_237' title='bbox 309 3083 474 3156; x_wconf 74' lang='grc' dir='ltr'>θῆναι</span> <span class='ocrx_word' id='word_1_238' title='bbox 506 3087 601 3141; x_wconf 77' lang='grc' dir='ltr'><strong>ἐπὶ</strong></span> <span class='ocrx_word' id='word_1_239' title='bbox 627 3087 755 3151; x_wconf 80' lang='grc' dir='ltr'>τοὺς</span> <span class='ocrx_word' id='word_1_240' title='bbox 795 3086 1047 3157; x_wconf 89' lang='grc' dir='ltr'>χόρτους,</span> <span class='ocrx_word' id='word_1_241' title='bbox 1088 3087 1272 3144; x_wconf 79' lang='grc' dir='ltr'>λαϐὼν</span> <span class='ocrx_word' id='word_1_242' title='bbox 1326 3093 1454 3154; x_wconf 77' lang='grc' dir='ltr'>τοὺς</span> <span class='ocrx_word' id='word_1_243' title='bbox 1505 3092 1668 3146; x_wconf 81' lang='grc' dir='ltr'>πέντε</span> <span class='ocrx_word' id='word_1_244' title='bbox 1701 3093 1901 3163; x_wconf 84' lang='grc' dir='ltr'>ἄρτους</span> 
     </span>
    </p>
   </div>
   <div class='ocr_carea' id='block_1_34' title="bbox 305 3177 1900 3256">
    <p class='ocr_par' dir='ltr' id='par_1_34' title="bbox 305 3177 1900 3256">
     <span class='ocr_line' id='line_1_34' title="bbox 305 3177 1900 3256; baseline 0.005 -25"><span class='ocrx_word' id='word_1_245' title='bbox 305 3177 410 3251; x_wconf 27' lang='grc' dir='ltr'>,καὶ</span> <span class='ocrx_word' id='word_1_246' title='bbox 437 3179 564 3242; x_wconf 80' lang='grc' dir='ltr'>τοὺς</span> <span class='ocrx_word' id='word_1_247' title='bbox 590 3178 686 3232; x_wconf 85' lang='grc' dir='ltr'>δύο</span> <span class='ocrx_word' id='word_1_248' title='bbox 717 3179 929 3248; x_wconf 74' lang='grc' dir='ltr'>ἰχθύας,</span> <span class='ocrx_word' id='word_1_249' title='bbox 960 3180 1273 3251; x_wconf 75' lang='grc' dir='ltr'>ἀναϐλέψας</span> <span class='ocrx_word' id='word_1_250' title='bbox 1305 3185 1386 3247; x_wconf 84' lang='grc' dir='ltr'><strong>είς</strong></span> <span class='ocrx_word' id='word_1_251' title='bbox 1409 3184 1500 3239; x_wconf 77' lang='grc' dir='ltr'><strong>τὸν</strong></span> <span class='ocrx_word' id='word_1_252' title='bbox 1544 3186 1776 3256; x_wconf 77' lang='grc' dir='ltr'>οὐρανὸν</span> <span class='ocrx_word' id='word_1_253' title='bbox 1809 3187 1900 3239; x_wconf 75' lang='grc' dir='ltr'><strong>εὑ·-</strong></span> 
     </span>
    </p>
   </div>
   <div class='ocr_carea' id='block_1_35' title="bbox 308 3268 1903 3349">
    <p class='ocr_par' dir='ltr' id='par_1_35' title="bbox 308 3268 1903 3349">
     <span class='ocr_line' id='line_1_35' title="bbox 308 3268 1903 3349; baseline 0.006 -25"><span class='ocrx_word' id='word_1_254' title='bbox 308 3268 600 3342; x_wconf 55' lang='grc' dir='ltr'>λόγησε.)</span> <span class='ocrx_word' id='word_1_255' title='bbox 636 3270 838 3341; x_wconf 77' lang='grc' dir='ltr'>Φέρετέ</span> <span class='ocrx_word' id='word_1_256' title='bbox 868 3289 958 3343; x_wconf 86' lang='grc' dir='ltr'><strong>μοι</strong></span> <span class='ocrx_word' id='word_1_257' title='bbox 986 3275 1113 3337; x_wconf 80' lang='grc' dir='ltr'>τοὺς</span> <span class='ocrx_word' id='word_1_258' title='bbox 1149 3276 1349 3346; x_wconf 78' lang='grc' dir='ltr'>ἄρτους</span> <span class='ocrx_word' id='word_1_259' title='bbox 1378 3268 1480 3329; x_wconf 81' lang='grc' dir='ltr'>ὧδε</span> <span class='ocrx_word' id='word_1_260' title='bbox 1502 3294 1515 3306; x_wconf 92' lang='grc'><strong>·</strong></span> <span class='ocrx_word' id='word_1_261' title='bbox 1575 3279 1624 3331; x_wconf 80' lang='grc' dir='ltr'><strong>ει</strong></span> <span class='ocrx_word' id='word_1_262' title='bbox 1654 3278 1765 3349; x_wconf 77' lang='grc' dir='ltr'>γὰρ</span> <span class='ocrx_word' id='word_1_263' title='bbox 1809 3281 1903 3334; x_wconf 74' lang='grc' dir='ltr'><strong>καὶ</strong></span> 
     </span>
    </p>
   </div>
   <div class='ocr_carea' id='block_1_36' title="bbox 307 3361 1901 3443">
    <p class='ocr_par' dir='ltr' id='par_1_36' title="bbox 307 3361 1901 3443">
     <span class='ocr_line' id='line_1_36' title="bbox 307 3361 1901 3443; baseline 0.008 -29"><span class='ocrx_word' id='word_1_264' title='bbox 307 3361 441 3432; x_wconf 80' lang='grc' dir='ltr'>ὀψία</span> <span class='ocrx_word' id='word_1_265' title='bbox 463 3363 635 3430; x_wconf 71' lang='grc' dir='ltr'>ἐστὶν,</span> <span class='ocrx_word' id='word_1_266' title='bbox 678 3364 796 3418; x_wconf 79' lang='grc' dir='ltr'>ἀλλ’</span> <span class='ocrx_word' id='word_1_267' title='bbox 832 3365 990 3420; x_wconf 86' lang='grc' dir='ltr'>ὁτῶν</span> <span class='ocrx_word' id='word_1_268' title='bbox 1047 3367 1210 3437; x_wconf 85' lang='grc' dir='ltr'>ώρῶν</span> <span class='ocrx_word' id='word_1_269' title='bbox 1239 3368 1484 3440; x_wconf 73' lang='grc' dir='ltr'>Ποιητής</span> <span class='ocrx_word' id='word_1_270' title='bbox 1524 3371 1797 3443; x_wconf 76' lang='grc' dir='ltr'>πάρειμιο</span> <span class='ocrx_word' id='word_1_271' title='bbox 1852 3375 1901 3426; x_wconf 88' lang='grc' dir='ltr'>εἱ</span> 
     </span>
    </p>
   </div>
   <div class='ocr_carea' id='block_1_37' title="bbox 309 3454 1905 3536">
    <p class='ocr_par' dir='ltr' id='par_1_37' title="bbox 309 3454 1905 3536">
     <span class='ocr_line' id='line_1_37' title="bbox 309 3454 1905 3536; baseline 0.006 -28"><span class='ocrx_word' id='word_1_272' title='bbox 309 3454 519 3536; x_wconf 72' lang='grc' dir='ltr'>Ιρημος</span> <span class='ocrx_word' id='word_1_273' title='bbox 553 3459 580 3510; x_wconf 85' lang='grc' dir='ltr'><strong>ό</strong></span> <span class='ocrx_word' id='word_1_274' title='bbox 626 3457 815 3523; x_wconf 85' lang='grc' dir='ltr'>τόπος,</span> <span class='ocrx_word' id='word_1_275' title='bbox 849 3457 965 3512; x_wconf 81' lang='grc' dir='ltr'>ἀλλ’</span> <span class='ocrx_word' id='word_1_276' title='bbox 988 3460 1017 3512; x_wconf 86' lang='grc' dir='ltr'><strong>ὁ</strong></span> <span class='ocrx_word' id='word_1_277' title='bbox 1068 3459 1244 3524; x_wconf 85' lang='grc' dir='ltr'>διδοὺς</span> <span class='ocrx_word' id='word_1_278' title='bbox 1275 3461 1486 3532; x_wconf 78' lang='grc' dir='ltr'>τροφὴν</span> <span class='ocrx_word' id='word_1_279' title='bbox 1544 3464 1696 3536; x_wconf 84' lang='grc' dir='ltr'>πάσῃ</span> <span class='ocrx_word' id='word_1_280' title='bbox 1737 3468 1905 3535; x_wconf 74' lang='grc' dir='ltr'>σαρκὶ</span> 
     </span>
    </p>
   </div>
   <div class='ocr_carea' id='block_1_38' title="bbox 309 3542 1903 3622">
    <p class='ocr_par' dir='ltr' id='par_1_38' title="bbox 309 3542 1903 3622">
     <span class='ocr_line' id='line_1_38' title="bbox 309 3542 1903 3622; baseline 0.006 -23"><span class='ocrx_word' id='word_1_281' title='bbox 309 3542 423 3616; x_wconf 63' lang='grc' dir='ltr'>ἐγώ</span> <span class='ocrx_word' id='word_1_282' title='bbox 451 3547 590 3617; x_wconf 85' lang='grc' dir='ltr'>είμι.</span> <span class='ocrx_word' id='word_1_283' title='bbox 639 3547 1001 3618; x_wconf 80' lang='grc' dir='ltr'>Μανθάνομεν</span> <span class='ocrx_word' id='word_1_284' title='bbox 1050 3549 1107 3603; x_wconf 82' lang='grc' dir='ltr'>δὲ</span> <span class='ocrx_word' id='word_1_285' title='bbox 1148 3550 1403 3612; x_wconf 77' lang='grc' dir='ltr'>ἐντεῦθεν</span> <span class='ocrx_word' id='word_1_286' title='bbox 1451 3552 1534 3605; x_wconf 78' lang='grc' dir='ltr'>ὅτι</span> <span class='ocrx_word' id='word_1_287' title='bbox 1591 3553 1695 3607; x_wconf 84' lang='grc' dir='ltr'>κᾶν</span> <span class='ocrx_word' id='word_1_288' title='bbox 1744 3554 1903 3622; x_wconf 80' lang='grc' dir='ltr'>ὀλίγα</span> 
     </span>
    </p>
   </div>
   <div class='ocr_carea' id='block_1_39' title="bbox 311 3623 1898 3712">
    <p class='ocr_par' dir='ltr' id='par_1_39' title="bbox 311 3623 1898 3712">
     <span class='ocr_line' id='line_1_39' title="bbox 311 3623 1898 3712; baseline 0.005 -20"><span class='ocrx_word' id='word_1_289' title='bbox 311 3623 550 3712; x_wconf 73' lang='grc' dir='ltr'>ιχωμεν,</span> <span class='ocrx_word' id='word_1_290' title='bbox 606 3639 689 3693; x_wconf 85' lang='grc' dir='ltr'><strong>δεῖ</strong></span> <span class='ocrx_word' id='word_1_291' title='bbox 719 3639 889 3694; x_wconf 85' lang='grc' dir='ltr'>ταῦτα</span> <span class='ocrx_word' id='word_1_292' title='bbox 921 3642 1001 3706; x_wconf 83' lang='grc' dir='ltr'><strong>εἰς</strong></span> <span class='ocrx_word' id='word_1_293' title='bbox 1055 3642 1154 3712; x_wconf 77' lang='grc' dir='ltr'>τὴν</span> <span class='ocrx_word' id='word_1_294' title='bbox 1199 3642 1509 3711; x_wconf 82' lang='grc' dir='ltr'>φιλοξενίαν</span> <span class='ocrx_word' id='word_1_295' title='bbox 1558 3645 1898 3710; x_wconf 79' lang='grc' dir='ltr'>ἀναλίσκειν,</span> 
     </span>
    </p>
   </div>
   <div class='ocr_carea' id='block_1_40' title="bbox 312 3733 1902 3815">
    <p class='ocr_par' dir='ltr' id='par_1_40' title="bbox 312 3733 1902 3815">
     <span class='ocr_line' id='line_1_40' title="bbox 312 3733 1902 3815; baseline 0.006 -28"><span class='ocrx_word' id='word_1_296' title='bbox 312 3734 546 3811; x_wconf 56' lang='grc' dir='ltr'>καὶγὰρ</span> <span class='ocrx_word' id='word_1_297' title='bbox 589 3733 640 3787; x_wconf 80' lang='grc' dir='ltr'><strong>οῖ</strong></span> <span class='ocrx_word' id='word_1_298' title='bbox 696 3735 987 3789; x_wconf 76' lang='grc' dir='ltr'>ἀπόστολοι</span> <span class='ocrx_word' id='word_1_299' title='bbox 1028 3737 1186 3805; x_wconf 84' lang='grc' dir='ltr'>ὀλίγα</span> <span class='ocrx_word' id='word_1_300' title='bbox 1214 3736 1436 3815; x_wconf 75' lang='grc' dir='ltr'>ἔχοντες</span> <span class='ocrx_word' id='word_1_301' title='bbox 1489 3739 1754 3796; x_wconf 84' lang='grc' dir='ltr'>δεδώκασι</span> <span class='ocrx_word' id='word_1_302' title='bbox 1790 3744 1902 3806; x_wconf 87' lang='grc' dir='ltr'>τοῖς</span> 
     </span>
    </p>
   </div>
   <div class='ocr_carea' id='block_1_41' title="bbox 311 3825 1900 3902">
    <p class='ocr_par' dir='ltr' id='par_1_41' title="bbox 311 3825 1900 3902">
     <span class='ocr_line' id='line_1_41' title="bbox 311 3825 1900 3902; baseline 0.006 -23"><span class='ocrx_word' id='word_1_303' title='bbox 311 3825 516 3898; x_wconf 83' lang='grc' dir='ltr'>ὄχλοις.</span> <span class='ocrx_word' id='word_1_304' title='bbox 559 3825 701 3880; x_wconf 79' lang='grc' dir='ltr'>Ἀλλ’</span> <span class='ocrx_word' id='word_1_305' title='bbox 735 3825 928 3898; x_wconf 79' lang='grc' dir='ltr'>ὥσπερ</span> <span class='ocrx_word' id='word_1_306' title='bbox 980 3828 1050 3882; x_wconf 86' lang='grc' dir='ltr'>τὰ</span> <span class='ocrx_word' id='word_1_307' title='bbox 1100 3828 1260 3898; x_wconf 80' lang='grc' dir='ltr'>ὀλίγα</span> <span class='ocrx_word' id='word_1_308' title='bbox 1320 3829 1493 3884; x_wconf 82' lang='grc' dir='ltr'>ταῦτα</span> <span class='ocrx_word' id='word_1_309' title='bbox 1543 3832 1900 3902; x_wconf 73' lang='grc' dir='ltr'>ἐπλεόνασαν,</span> 
     </span>
    </p>
   </div>
   <div class='ocr_carea' id='block_1_42' title="bbox 314 3918 1901 3998">
    <p class='ocr_par' dir='ltr' id='par_1_42' title="bbox 314 3918 1901 3998">
     <span class='ocr_line' id='line_1_42' title="bbox 314 3918 1901 3998; baseline 0.004 -25"><span class='ocrx_word' id='word_1_310' title='bbox 314 3918 461 3974; x_wconf 72' lang='grc' dir='ltr'>οὓτω</span> <span class='ocrx_word' id='word_1_311' title='bbox 485 3920 578 3975; x_wconf 79' lang='grc' dir='ltr'>καὶ</span> <span class='ocrx_word' id='word_1_312' title='bbox 609 3918 679 3977; x_wconf 76' lang='grc' dir='ltr'>τὰ</span> <span class='ocrx_word' id='word_1_313' title='bbox 733 3918 802 3973; x_wconf 86' lang='grc' dir='ltr'><strong>σά</strong></span> <span class='ocrx_word' id='word_1_314' title='bbox 836 3919 993 3988; x_wconf 83' lang='grc' dir='ltr'>ὀλίγα</span> <span class='ocrx_word' id='word_1_315' title='bbox 1032 3920 1535 3998; x_wconf 63' lang='grc' dir='ltr'>ςπληθυνθήσονται.</span> <span class='ocrx_word' id='word_1_316' title='bbox 1577 3923 1901 3985; x_wconf 60' lang='grc' dir='ltr'>,Ἃνακλίνει</span> 
     </span>
    </p>
   </div>
   <div class='ocr_carea' id='block_1_43' title="bbox 312 4011 1905 4090">
    <p class='ocr_par' dir='ltr' id='par_1_43' title="bbox 312 4011 1905 4090">
     <span class='ocr_line' id='line_1_43' title="bbox 312 4011 1905 4090; baseline 0.006 -24"><span class='ocrx_word' id='word_1_317' title='bbox 312 4012 371 4066; x_wconf 74' lang='grc' dir='ltr'><strong>ὄδ</strong></span> <span class='ocrx_word' id='word_1_318' title='bbox 393 4014 523 4076; x_wconf 70' lang='grc' dir='ltr'>τοὺς</span> <span class='ocrx_word' id='word_1_319' title='bbox 551 4011 742 4082; x_wconf 87' lang='grc' dir='ltr'>ὄχλους</span> <span class='ocrx_word' id='word_1_320' title='bbox 766 4013 860 4066; x_wconf 73' lang='grc' dir='ltr'><strong>ἐπὶ</strong></span> <span class='ocrx_word' id='word_1_321' title='bbox 882 4015 1010 4078; x_wconf 83' lang='grc' dir='ltr'>τοὺς</span> <span class='ocrx_word' id='word_1_322' title='bbox 1048 4013 1303 4086; x_wconf 84' lang='grc' dir='ltr'>χόρτους,</span> <span class='ocrx_word' id='word_1_323' title='bbox 1349 4016 1622 4073; x_wconf 84' lang='grc' dir='ltr'>διδάσκων</span> <span class='ocrx_word' id='word_1_324' title='bbox 1662 4019 1764 4090; x_wconf 79' lang='grc' dir='ltr'>τὴν</span> <span class='ocrx_word' id='word_1_325' title='bbox 1813 4021 1905 4075; x_wconf 77' lang='grc' dir='ltr'><strong>εὑ-</strong></span> 
     </span>
    </p>
   </div>
   <div class='ocr_carea' id='block_1_44' title="bbox 311 4105 1904 4178">
    <p class='ocr_par' dir='ltr' id='par_1_44' title="bbox 311 4105 1904 4178">
     <span class='ocr_line' id='line_1_44' title="bbox 311 4105 1904 4178; baseline 0.001 -17"><span class='ocrx_word' id='word_1_326' title='bbox 311 4105 551 4171; x_wconf 77' lang='grc' dir='ltr'>τέλειαν,</span> <span class='ocrx_word' id='word_1_327' title='bbox 585 4105 674 4160; x_wconf 87' lang='grc' dir='ltr'><strong>ῖνα</strong></span> <span class='ocrx_word' id='word_1_328' title='bbox 704 4105 802 4159; x_wconf 81' lang='grc' dir='ltr'>καὶ</span> <span class='ocrx_word' id='word_1_329' title='bbox 845 4106 909 4159; x_wconf 80' lang='grc' dir='ltr'>σὺ</span> <span class='ocrx_word' id='word_1_330' title='bbox 947 4106 1021 4178; x_wconf 81' lang='grc' dir='ltr'>μὴ</span> <span class='ocrx_word' id='word_1_331' title='bbox 1068 4107 1163 4161; x_wconf 74' lang='grc' dir='ltr'><strong>ἰπὶ</strong></span> <span class='ocrx_word' id='word_1_332' title='bbox 1195 4107 1399 4162; x_wconf 83' lang='grc' dir='ltr'>κλινῶν</span> <span class='ocrx_word' id='word_1_333' title='bbox 1447 4108 1759 4166; x_wconf 84' lang='grc' dir='ltr'>πολυτελῶν</span> <span class='ocrx_word' id='word_1_334' title='bbox 1807 4111 1904 4166; x_wconf 78' lang='grc' dir='ltr'>καὶ</span> 
     </span>
    </p>
   </div>
   <div class='ocr_carea' id='block_1_45' title="bbox 315 4197 1903 4275">
    <p class='ocr_par' dir='ltr' id='par_1_45' title="bbox 315 4197 1903 4275">
     <span class='ocr_line' id='line_1_45' title="bbox 315 4197 1903 4275; baseline 0.004 -22"><span class='ocrx_word' id='word_1_335' title='bbox 315 4199 656 4275; x_wconf 74' lang='grc' dir='ltr'>στρωμάτων</span> <span class='ocrx_word' id='word_1_336' title='bbox 684 4197 967 4272; x_wconf 76' lang='grc' dir='ltr'>άναπαύῃ.</span> <span class='ocrx_word' id='word_1_337' title='bbox 1011 4199 1339 4254; x_wconf 77' lang='grc' dir='ltr'>Ἀναϐλέπει</span> <span class='ocrx_word' id='word_1_338' title='bbox 1393 4201 1450 4255; x_wconf 75' lang='grc' dir='ltr'>δὲ</span> <span class='ocrx_word' id='word_1_339' title='bbox 1484 4203 1564 4268; x_wconf 81' lang='grc' dir='ltr'><strong>είς</strong></span> <span class='ocrx_word' id='word_1_340' title='bbox 1599 4203 1692 4258; x_wconf 84' lang='grc' dir='ltr'>τὸν</span> <span class='ocrx_word' id='word_1_341' title='bbox 1732 4203 1903 4275; x_wconf 81' lang='grc' dir='ltr'>οὐρα-</span> 
     </span>
    </p>
   </div>
   <div class='ocr_carea' id='block_1_46' title="bbox 313 4270 1904 4371">
    <p class='ocr_par' dir='ltr' id='par_1_46' title="bbox 313 4270 1904 4371">
     <span class='ocr_line' id='line_1_46' title="bbox 313 4270 1904 4371; baseline 0.004 -29"><span class='ocrx_word' id='word_1_342' title='bbox 313 4290 405 4343; x_wconf 81' lang='grc' dir='ltr'><strong>νδν</strong></span> <span class='ocrx_word' id='word_1_343' title='bbox 451 4270 548 4345; x_wconf 72' lang='grc' dir='ltr'>καὶ</span> <span class='ocrx_word' id='word_1_344' title='bbox 597 4290 812 4359; x_wconf 78' lang='grc' dir='ltr'>εὐλογεῖ</span> <span class='ocrx_word' id='word_1_345' title='bbox 855 4270 987 4356; x_wconf 70' lang='grc' dir='ltr'>τοῦς</span> <span class='ocrx_word' id='word_1_346' title='bbox 1046 4290 1272 4363; x_wconf 81' lang='grc' dir='ltr'>ἄρτους,</span> <span class='ocrx_word' id='word_1_347' title='bbox 1304 4293 1446 4371; x_wconf 75' lang='grc' dir='ltr'>τάχα</span> <span class='ocrx_word' id='word_1_348' title='bbox 1504 4294 1627 4364; x_wconf 72' lang='grc' dir='ltr'>μὲν,</span> <span class='ocrx_word' id='word_1_349' title='bbox 1676 4294 1773 4351; x_wconf 82' lang='grc' dir='ltr'>καὶ</span> <span class='ocrx_word' id='word_1_350' title='bbox 1802 4270 1904 4349; x_wconf 41' lang='grc' dir='ltr'>’ἵνα</span> 
     </span>
    </p>
   </div>
   <div class='ocr_carea' id='block_1_47' title="bbox 314 4380 1906 4456">
    <p class='ocr_par' dir='ltr' id='par_1_47' title="bbox 314 4380 1906 4456">
     <span class='ocr_line' id='line_1_47' title="bbox 314 4380 1906 4456; baseline 0.002 -18"><span class='ocrx_word' id='word_1_351' title='bbox 314 4380 661 4456; x_wconf 77' lang='grc' dir='ltr'>πιστώσηται</span> <span class='ocrx_word' id='word_1_352' title='bbox 694 4384 769 4447; x_wconf 84' lang='grc' dir='ltr'>ὡς</span> <span class='ocrx_word' id='word_1_353' title='bbox 803 4384 904 4437; x_wconf 83' lang='grc' dir='ltr'>οὐκ</span> <span class='ocrx_word' id='word_1_354' title='bbox 934 4382 1183 4447; x_wconf 81' lang='grc' dir='ltr'>άντὶθεός</span> <span class='ocrx_word' id='word_1_355' title='bbox 1207 4385 1380 4448; x_wconf 67' lang='grc' dir='ltr'>ἐστιν,</span> <span class='ocrx_word' id='word_1_356' title='bbox 1417 4384 1534 4438; x_wconf 80' lang='grc' dir='ltr'>ἀλλ’</span> <span class='ocrx_word' id='word_1_357' title='bbox 1559 4387 1626 4439; x_wconf 81' lang='grc' dir='ltr'>ἐκ</span> <span class='ocrx_word' id='word_1_358' title='bbox 1657 4386 1754 4441; x_wconf 85' lang='grc' dir='ltr'><strong>τοῦ</strong></span> <span class='ocrx_word' id='word_1_359' title='bbox 1789 4388 1906 4440; x_wconf 84' lang='grc' dir='ltr'><strong>Πα-</strong></span> 
     </span>
    </p>
   </div>
   <div class='ocr_carea' id='block_1_48' title="bbox 2003 606 3589 676">
    <p class='ocr_par' dir='ltr' id='par_1_48' title="bbox 2003 606 3589 676">
     <span class='ocr_line' id='line_1_48' title="bbox 2003 606 3589 676; baseline 0.001 -10"><span class='ocrx_word' id='word_1_360' title='bbox 2003 607 2103 666; x_wconf 86' lang='lat' dir='ltr'><strong>dit.</strong></span> <span class='ocrx_word' id='word_1_361' title='bbox 2135 606 2195 662; x_wconf 85' lang='lat' dir='ltr'><strong>in</strong></span> <span class='ocrx_word' id='word_1_362' title='bbox 2225 608 2501 664; x_wconf 84' lang='lat' dir='ltr'><strong>desertum</strong></span> <span class='ocrx_word' id='word_1_363' title='bbox 2541 618 2724 665; x_wconf 86' lang='lat' dir='ltr'><strong>autem</strong></span> <span class='ocrx_word' id='word_1_364' title='bbox 2758 608 2935 664; x_wconf 85' lang='lat' dir='ltr'><strong>locum</strong></span> <span class='ocrx_word' id='word_1_365' title='bbox 2967 623 3250 676; x_wconf 52' lang='grc' dir='ltr'><strong>δεῦε-θωπί</strong></span> <span class='ocrx_word' id='word_1_366' title='bbox 3268 620 3326 667; x_wconf 84' lang='lat' dir='ltr'><strong>ut</strong></span> <span class='ocrx_word' id='word_1_367' title='bbox 3363 610 3589 667; x_wconf 44' lang='lat' dir='ltr'><strong>miracu.</strong></span> 
     </span>
    </p>
   </div>
   <div class='ocr_carea' id='block_1_49' title="bbox 2003 696 3006 771">
    <p class='ocr_par' dir='ltr' id='par_1_49' title="bbox 2003 696 3006 771">
     <span class='ocr_line' id='line_1_49' title="bbox 2003 696 3006 771; baseline 0.004 -21"><span class='ocrx_word' id='word_1_368' title='bbox 2003 696 2114 755; x_wconf 82' lang='lat' dir='ltr'><strong>lum</strong></span> <span class='ocrx_word' id='word_1_369' title='bbox 2145 697 2277 754; x_wconf 88' lang='lat' dir='ltr'><strong>illud</strong></span> <span class='ocrx_word' id='word_1_370' title='bbox 2301 699 2372 756; x_wconf 86' lang='lat' dir='ltr'><strong>de</strong></span> <span class='ocrx_word' id='word_1_371' title='bbox 2399 699 2630 771; x_wconf 86' lang='lat' dir='ltr'><strong>panibus</strong></span> <span class='ocrx_word' id='word_1_372' title='bbox 2659 707 3006 769; x_wconf 83' lang='lat' dir='ltr'><strong>cperarctnr.</strong></span> 
     </span>
    </p>
   </div>
   <div class='ocr_carea' id='block_1_50' title="bbox 2077 881 3597 952">
    <p class='ocr_par' dir='ltr' id='par_1_50' title="bbox 2077 881 3597 952">
     <span class='ocr_line' id='line_1_50' title="bbox 2077 881 3597 952; baseline 0.004 -18"><span class='ocrx_word' id='word_1_373' title='bbox 2077 881 2242 945; x_wconf 70' lang='lat' dir='ltr'><strong>Vens,</strong></span> <span class='ocrx_word' id='word_1_374' title='bbox 2274 884 2360 948; x_wconf 75' lang='grc'><strong>15,</strong></span> <span class='ocrx_word' id='word_1_375' title='bbox 2395 883 2484 938; x_wconf 77' lang='grc'><strong>14.</strong></span> <span class='ocrx_word' id='word_1_376' title='bbox 2532 901 2549 934; x_wconf 74' lang='grc'><strong>1</strong></span> <span class='ocrx_word' id='word_1_377' title='bbox 2593 882 2655 937; x_wconf 81' lang='lat' dir='ltr'><strong>Et</strong></span> <span class='ocrx_word' id='word_1_378' title='bbox 2684 897 2806 937; x_wconf 92' lang='lat' dir='ltr'><strong>cum</strong></span> <span class='ocrx_word' id='word_1_379' title='bbox 2841 883 3124 939; x_wconf 79' lang='lat' dir='ltr'><strong>audissem</strong></span> <span class='ocrx_word' id='word_1_380' title='bbox 3157 885 3363 952; x_wconf 62' lang='lat' dir='ltr'><strong>turbae,</strong></span> <span class='ocrx_word' id='word_1_381' title='bbox 3397 895 3597 941; x_wconf 72' lang='lat' dir='ltr'><strong>secuta:</strong></span> 
     </span>
    </p>
   </div>
   <div class='ocr_carea' id='block_1_51' title="bbox 2001 975 3595 1047">
    <p class='ocr_par' dir='ltr' id='par_1_51' title="bbox 2001 975 3595 1047">
     <span class='ocr_line' id='line_1_51' title="bbox 2001 975 3595 1047; baseline 0.006 -19"><span class='ocrx_word' id='word_1_382' title='bbox 2001 980 2129 1028; x_wconf 89' lang='lat' dir='ltr'><strong>sunt</strong></span> <span class='ocrx_word' id='word_1_383' title='bbox 2151 989 2274 1030; x_wconf 87' lang='lat' dir='ltr'><strong>eum</strong></span> <span class='ocrx_word' id='word_1_384' title='bbox 2309 975 2507 1030; x_wconf 86' lang='lat' dir='ltr'><strong>itinere</strong></span> <span class='ocrx_word' id='word_1_385' title='bbox 2541 975 2778 1045; x_wconf 87' lang='lat' dir='ltr'><strong>pedestri</strong></span> <span class='ocrx_word' id='word_1_386' title='bbox 2815 975 3016 1031; x_wconf 89' lang='lat' dir='ltr'><strong>relictis</strong></span> <span class='ocrx_word' id='word_1_387' title='bbox 3045 975 3294 1030; x_wconf 81' lang='lat' dir='ltr'><strong>urbibus.</strong></span> <span class='ocrx_word' id='word_1_388' title='bbox 3329 976 3395 1030; x_wconf 84' lang='lat' dir='ltr'><strong>Et</strong></span> <span class='ocrx_word' id='word_1_389' title='bbox 3414 990 3595 1047; x_wconf 79' lang='lat' dir='ltr'><strong>egres-</strong></span> 
     </span>
    </p>
   </div>
   <div class='ocr_carea' id='block_1_52' title="bbox 2001 1065 3599 1142">
    <p class='ocr_par' dir='ltr' id='par_1_52' title="bbox 2001 1065 3599 1142">
     <span class='ocr_line' id='line_1_52' title="bbox 2001 1065 3599 1142; baseline 0.002 -21"><span class='ocrx_word' id='word_1_390' title='bbox 2001 1080 2096 1121; x_wconf 87' lang='lat' dir='ltr'><strong>sus</strong></span> <span class='ocrx_word' id='word_1_391' title='bbox 2127 1065 2288 1122; x_wconf 79' lang='lat' dir='ltr'><strong>Jesus</strong></span> <span class='ocrx_word' id='word_1_392' title='bbox 2324 1067 2460 1123; x_wconf 81' lang='lat' dir='ltr'><strong>vidit</strong></span> <span class='ocrx_word' id='word_1_393' title='bbox 2497 1068 2736 1142; x_wconf 77' lang='lat' dir='ltr'><strong>multam</strong></span> <span class='ocrx_word' id='word_1_394' title='bbox 2775 1071 2989 1123; x_wconf 84' lang='lat' dir='ltr'><strong>turbam</strong></span> <span class='ocrx_word' id='word_1_395' title='bbox 3012 1109 3026 1133; x_wconf 94' lang='lat'><strong>,</strong></span> <span class='ocrx_word' id='word_1_396' title='bbox 3062 1077 3116 1123; x_wconf 91' lang='lat' dir='ltr'><strong>et</strong></span> <span class='ocrx_word' id='word_1_397' title='bbox 3163 1069 3457 1125; x_wconf 77' lang='lat' dir='ltr'><strong>miseratus</strong></span> <span class='ocrx_word' id='word_1_398' title='bbox 3488 1071 3599 1142; x_wconf 60' lang='lat'><strong>75,</strong></span> 
     </span>
    </p>
   </div>
   <div class='ocr_carea' id='block_1_53' title="bbox 2001 1161 3600 1226">
    <p class='ocr_par' dir='ltr' id='par_1_53' title="bbox 2001 1161 3600 1226">
     <span class='ocr_line' id='line_1_53' title="bbox 2001 1161 3600 1226; baseline 0.003 -11"><span class='ocrx_word' id='word_1_399' title='bbox 2001 1161 2175 1226; x_wconf 86' lang='lat' dir='ltr'><strong>illam,</strong></span> <span class='ocrx_word' id='word_1_400' title='bbox 2210 1162 2427 1216; x_wconf 81' lang='lat' dir='ltr'><strong>sanavit</strong></span> <span class='ocrx_word' id='word_1_401' title='bbox 2472 1161 2720 1217; x_wconf 84' lang='lat' dir='ltr'><strong>infirmos</strong></span> <span class='ocrx_word' id='word_1_402' title='bbox 2760 1162 2998 1217; x_wconf 89' lang='lat' dir='ltr'><strong>illorum.</strong></span> <span class='ocrx_word' id='word_1_403' title='bbox 3059 1181 3077 1215; x_wconf 73' lang='grc' dir='ltr'><strong>ι</strong></span> <span class='ocrx_word' id='word_1_404' title='bbox 3126 1162 3315 1219; x_wconf 82' lang='lat' dir='ltr'><strong>Fidem</strong></span> <span class='ocrx_word' id='word_1_405' title='bbox 3353 1165 3600 1220; x_wconf 85' lang='lat' dir='ltr'><strong>indicant</strong></span> 
     </span>
    </p>
   </div>
   <div class='ocr_carea' id='block_1_54' title="bbox 2001 1251 3600 1324">
    <p class='ocr_par' dir='ltr' id='par_1_54' title="bbox 2001 1251 3600 1324">
     <span class='ocr_line' id='line_1_54' title="bbox 2001 1251 3600 1324; baseline 0.004 -17"><span class='ocrx_word' id='word_1_406' title='bbox 2001 1253 2194 1318; x_wconf 70' lang='lat' dir='ltr'><strong>turbae,</strong></span> <span class='ocrx_word' id='word_1_407' title='bbox 2230 1251 2376 1324; x_wconf 84' lang='lat' dir='ltr'><strong>unde</strong></span> <span class='ocrx_word' id='word_1_408' title='bbox 2424 1262 2479 1307; x_wconf 89' lang='lat' dir='ltr'><strong>et</strong></span> <span class='ocrx_word' id='word_1_409' title='bbox 2531 1252 2599 1307; x_wconf 89' lang='lat' dir='ltr'><strong>ad</strong></span> <span class='ocrx_word' id='word_1_410' title='bbox 2632 1254 2983 1309; x_wconf 85' lang='lat' dir='ltr'><strong>secedentem</strong></span> <span class='ocrx_word' id='word_1_411' title='bbox 3031 1263 3360 1322; x_wconf 80' lang='lat' dir='ltr'><strong>accurrunt,</strong></span> <span class='ocrx_word' id='word_1_412' title='bbox 3393 1268 3448 1312; x_wconf 84' lang='lat' dir='ltr'><strong>et</strong></span> <span class='ocrx_word' id='word_1_413' title='bbox 3479 1259 3600 1314; x_wconf 85' lang='lat' dir='ltr'><strong>ideo</strong></span> 
     </span>
    </p>
   </div>
   <div class='ocr_carea' id='block_1_55' title="bbox 1999 1342 3594 1432">
    <p class='ocr_par' dir='ltr' id='par_1_55' title="bbox 1999 1342 3594 1432">
     <span class='ocr_line' id='line_1_55' title="bbox 1999 1342 3594 1432; baseline 0.005 -34"><span class='ocrx_word' id='word_1_414' title='bbox 1999 1342 2317 1408; x_wconf 83' lang='lat' dir='ltr'><strong>sanitatem.</strong></span> <span class='ocrx_word' id='word_1_415' title='bbox 2353 1345 2478 1399; x_wconf 84' lang='lat' dir='ltr'><strong>fidei</strong></span> <span class='ocrx_word' id='word_1_416' title='bbox 2519 1345 2829 1414; x_wconf 65' lang='lat' dir='ltr'><strong>intercedere</strong></span> <span class='ocrx_word' id='word_1_417' title='bbox 2869 1347 3161 1416; x_wconf 84' lang='lat' dir='ltr'><strong>deportant</strong></span> <span class='ocrx_word' id='word_1_418' title='bbox 3165 1363 3205 1432; x_wconf 47' lang='grc' dir='ltr'><strong><em>ἑ</em></strong></span> <span class='ocrx_word' id='word_1_419' title='bbox 3241 1349 3338 1402; x_wconf 89' lang='lat' dir='ltr'><strong>sed</strong></span> <span class='ocrx_word' id='word_1_420' title='bbox 3367 1357 3423 1404; x_wconf 83' lang='lat' dir='ltr'><strong>et</strong></span> <span class='ocrx_word' id='word_1_421' title='bbox 3445 1353 3594 1419; x_wconf 90' lang='lat' dir='ltr'><strong>quod</strong></span> 
     </span>
    </p>
   </div>
   <div class='ocr_carea' id='block_1_56' title="bbox 2000 1434 3598 1514">
    <p class='ocr_par' dir='ltr' id='par_1_56' title="bbox 2000 1434 3598 1514">
     <span class='ocr_line' id='line_1_56' title="bbox 2000 1434 3598 1514; baseline 0.011 -28"><span class='ocrx_word' id='word_1_422' title='bbox 2000 1434 2235 1502; x_wconf 81' lang='lat' dir='ltr'><strong>pedestri</strong></span> <span class='ocrx_word' id='word_1_423' title='bbox 2273 1435 2468 1491; x_wconf 82' lang='lat' dir='ltr'><strong>itinere</strong></span> <span class='ocrx_word' id='word_1_424' title='bbox 2501 1437 2781 1504; x_wconf 88' lang='lat' dir='ltr'><strong>incedunt,</strong></span> <span class='ocrx_word' id='word_1_425' title='bbox 2823 1449 2878 1495; x_wconf 92' lang='lat' dir='ltr'><strong>et</strong></span> <span class='ocrx_word' id='word_1_426' title='bbox 2907 1442 3052 1511; x_wconf 91' lang='lat' dir='ltr'><strong>quod</strong></span> <span class='ocrx_word' id='word_1_427' title='bbox 3086 1443 3294 1514; x_wconf 85' lang='lat' dir='ltr'><strong>absque</strong></span> <span class='ocrx_word' id='word_1_428' title='bbox 3325 1446 3465 1502; x_wconf 82' lang='lat' dir='ltr'><strong>cibis</strong></span> <span class='ocrx_word' id='word_1_429' title='bbox 3501 1462 3598 1502; x_wconf 90' lang='lat' dir='ltr'><strong>ve-</strong></span> 
     </span>
    </p>
   </div>
   <div class='ocr_carea' id='block_1_57' title="bbox 2001 1526 2707 1598">
    <p class='ocr_par' dir='ltr' id='par_1_57' title="bbox 2001 1526 2707 1598">
     <span class='ocr_line' id='line_1_57' title="bbox 2001 1526 2707 1598; baseline 0.007 -19"><span class='ocrx_word' id='word_1_430' title='bbox 2001 1526 2175 1592; x_wconf 90' lang='lat' dir='ltr'><strong>niunt,</strong></span> <span class='ocrx_word' id='word_1_431' title='bbox 2206 1526 2332 1581; x_wconf 82' lang='lat' dir='ltr'><strong>ﬁdei</strong></span> <span class='ocrx_word' id='word_1_432' title='bbox 2368 1529 2522 1598; x_wconf 89' lang='lat' dir='ltr'><strong>signa</strong></span> <span class='ocrx_word' id='word_1_433' title='bbox 2557 1539 2707 1584; x_wconf 88' lang='lat' dir='ltr'><strong>sunt.</strong></span> 
     </span>
    </p>
   </div>
   <div class='ocr_carea' id='block_1_58' title="bbox 2072 1617 3601 1695">
    <p class='ocr_par' dir='ltr' id='par_1_58' title="bbox 2072 1617 3601 1695">
     <span class='ocr_line' id='line_1_58' title="bbox 2072 1617 3601 1695; baseline 0.009 -24"><span class='ocrx_word' id='word_1_434' title='bbox 2072 1617 2236 1674; x_wconf 76' lang='lat' dir='ltr'><strong>Vsus.</strong></span> <span class='ocrx_word' id='word_1_435' title='bbox 2291 1620 2380 1688; x_wconf 74' lang='grc'><strong>15,</strong></span> <span class='ocrx_word' id='word_1_436' title='bbox 2417 1619 2503 1675; x_wconf 76' lang='grc'><strong>16.</strong></span> <span class='ocrx_word' id='word_1_437' title='bbox 2553 1639 2572 1672; x_wconf 70' lang='grc' dir='ltr'><strong>ι</strong></span> <span class='ocrx_word' id='word_1_438' title='bbox 2613 1621 2778 1677; x_wconf 85' lang='lat' dir='ltr'><strong>Facta</strong></span> <span class='ocrx_word' id='word_1_439' title='bbox 2825 1632 3004 1679; x_wconf 90' lang='lat' dir='ltr'><strong>autem</strong></span> <span class='ocrx_word' id='word_1_440' title='bbox 3055 1640 3308 1695; x_wconf 87' lang='lat' dir='ltr'><strong>vespera,</strong></span> <span class='ocrx_word' id='word_1_441' title='bbox 3352 1642 3601 1685; x_wconf 86' lang='lat' dir='ltr'><strong>accesse-</strong></span> 
     </span>
    </p>
   </div>
   <div class='ocr_carea' id='block_1_59' title="bbox 2003 1713 3600 1787">
    <p class='ocr_par' dir='ltr' id='par_1_59' title="bbox 2003 1713 3600 1787">
     <span class='ocr_line' id='line_1_59' title="bbox 2003 1713 3600 1787; baseline 0.008 -21"><span class='ocrx_word' id='word_1_442' title='bbox 2003 1724 2128 1768; x_wconf 89' lang='lat' dir='ltr'><strong>runt</strong></span> <span class='ocrx_word' id='word_1_443' title='bbox 2167 1713 2236 1768; x_wconf 86' lang='lat' dir='ltr'><strong>ad</strong></span> <span class='ocrx_word' id='word_1_444' title='bbox 2284 1728 2410 1769; x_wconf 91' lang='lat' dir='ltr'><strong>eum</strong></span> <span class='ocrx_word' id='word_1_445' title='bbox 2443 1715 2694 1786; x_wconf 76' lang='lat' dir='ltr'><strong>discipuli</strong></span> <span class='ocrx_word' id='word_1_446' title='bbox 2746 1717 2940 1787; x_wconf 82' lang='lat' dir='ltr'><strong>ipsius,</strong></span> <span class='ocrx_word' id='word_1_447' title='bbox 2979 1719 3229 1775; x_wconf 79' lang='lat' dir='ltr'><strong>dicentes</strong></span> <span class='ocrx_word' id='word_1_448' title='bbox 3281 1720 3600 1779; x_wconf 76' lang='lat' dir='ltr'><strong>:&#39;Desertus</strong></span> 
     </span>
    </p>
   </div>
   <div class='ocr_carea' id='block_1_60' title="bbox 2000 1801 3600 1876">
    <p class='ocr_par' dir='ltr' id='par_1_60' title="bbox 2000 1801 3600 1876">
     <span class='ocr_line' id='line_1_60' title="bbox 2000 1801 3600 1876; baseline 0.009 -22"><span class='ocrx_word' id='word_1_449' title='bbox 2000 1811 2082 1856; x_wconf 89' lang='lat' dir='ltr'><strong>est</strong></span> <span class='ocrx_word' id='word_1_450' title='bbox 2115 1801 2292 1868; x_wconf 90' lang='lat' dir='ltr'><strong>locus,</strong></span> <span class='ocrx_word' id='word_1_451' title='bbox 2324 1812 2378 1857; x_wconf 89' lang='lat' dir='ltr'><strong>et</strong></span> <span class='ocrx_word' id='word_1_452' title='bbox 2413 1805 2543 1859; x_wconf 86' lang='lat' dir='ltr'><strong>hora</strong></span> <span class='ocrx_word' id='word_1_453' title='bbox 2572 1805 2684 1874; x_wconf 86' lang='lat' dir='ltr'><strong>jam</strong></span> <span class='ocrx_word' id='word_1_454' title='bbox 2721 1809 2988 1876; x_wconf 70' lang='lat' dir='ltr'><strong>prmteriit</strong></span> <span class='ocrx_word' id='word_1_455' title='bbox 3023 1827 3035 1862; x_wconf 93' lang='lat'>:</span> <span class='ocrx_word' id='word_1_456' title='bbox 3071 1811 3283 1866; x_wconf 81' lang='lat' dir='ltr'><strong>dimitte</strong></span> <span class='ocrx_word' id='word_1_457' title='bbox 3325 1815 3511 1868; x_wconf 85' lang='lat' dir='ltr'><strong>turbas</strong></span> <span class='ocrx_word' id='word_1_458' title='bbox 3540 1823 3600 1868; x_wconf 84' lang='lat' dir='ltr'><strong>ut</strong></span> 
     </span>
    </p>
   </div>
   <div class='ocr_carea' id='block_1_61' title="bbox 2001 1894 3602 1961">
    <p class='ocr_par' dir='ltr' id='par_1_61' title="bbox 2001 1894 3602 1961">
     <span class='ocr_line' id='line_1_61' title="bbox 2001 1894 3602 1961; baseline 0.009 -15"><span class='ocrx_word' id='word_1_459' title='bbox 2001 1894 2202 1949; x_wconf 88' lang='lat' dir='ltr'><strong>abeant</strong></span> <span class='ocrx_word' id='word_1_460' title='bbox 2233 1895 2288 1949; x_wconf 92' lang='lat' dir='ltr'><strong>in</strong></span> <span class='ocrx_word' id='word_1_461' title='bbox 2316 1895 2486 1960; x_wconf 89' lang='lat' dir='ltr'><strong>vicos,</strong></span> <span class='ocrx_word' id='word_1_462' title='bbox 2511 1904 2566 1952; x_wconf 90' lang='lat' dir='ltr'><strong>et</strong></span> <span class='ocrx_word' id='word_1_463' title='bbox 2601 1907 2788 1954; x_wconf 88' lang='lat' dir='ltr'><strong>emant</strong></span> <span class='ocrx_word' id='word_1_464' title='bbox 2820 1900 2923 1956; x_wconf 85' lang='lat' dir='ltr'><strong>sibi</strong></span> <span class='ocrx_word' id='word_1_465' title='bbox 2958 1901 3186 1956; x_wconf 89' lang='lat' dir='ltr'><strong>cibaria.</strong></span> <span class='ocrx_word' id='word_1_466' title='bbox 3222 1905 3292 1957; x_wconf 82' lang='lat' dir='ltr'><strong>At</strong></span> <span class='ocrx_word' id='word_1_467' title='bbox 3327 1905 3432 1958; x_wconf 88' lang='lat' dir='ltr'><strong>illis</strong></span> <span class='ocrx_word' id='word_1_468' title='bbox 3462 1905 3602 1961; x_wconf 78' lang='lat' dir='ltr'><strong>dixit</strong></span> 
     </span>
    </p>
   </div>
   <div class='ocr_carea' id='block_1_62' title="bbox 2001 1983 3601 2059">
    <p class='ocr_par' dir='ltr' id='par_1_62' title="bbox 2001 1983 3601 2059">
     <span class='ocr_line' id='line_1_62' title="bbox 2001 1983 3601 2059; baseline 0.008 -20"><span class='ocrx_word' id='word_1_469' title='bbox 2001 1983 2158 2040; x_wconf 81' lang='lat' dir='ltr'><strong>Jesus</strong></span> <span class='ocrx_word' id='word_1_470' title='bbox 2186 2003 2200 2039; x_wconf 88' lang='lat'><strong>:</strong></span> <span class='ocrx_word' id='word_1_471' title='bbox 2229 1985 2346 2041; x_wconf 83' lang='lat' dir='ltr'><strong>Non</strong></span> <span class='ocrx_word' id='word_1_472' title='bbox 2375 1997 2463 2041; x_wconf 91' lang='lat' dir='ltr'><strong>est</strong></span> <span class='ocrx_word' id='word_1_473' title='bbox 2490 1987 2593 2043; x_wconf 90' lang='lat' dir='ltr'><strong>illis</strong></span> <span class='ocrx_word' id='word_1_474' title='bbox 2620 2003 2849 2046; x_wconf 88' lang='lat' dir='ltr'><strong>necesse</strong></span> <span class='ocrx_word' id='word_1_475' title='bbox 2872 2001 2929 2045; x_wconf 90' lang='lat' dir='ltr'><strong>ut</strong></span> <span class='ocrx_word' id='word_1_476' title='bbox 2961 1992 3182 2059; x_wconf 88' lang='lat' dir='ltr'><strong>abeant,</strong></span> <span class='ocrx_word' id='word_1_477' title='bbox 3217 1994 3342 2050; x_wconf 86' lang='lat' dir='ltr'><strong>date</strong></span> <span class='ocrx_word' id='word_1_478' title='bbox 3371 1995 3476 2050; x_wconf 88' lang='lat' dir='ltr'><strong>illis</strong></span> <span class='ocrx_word' id='word_1_479' title='bbox 3503 2011 3601 2052; x_wconf 89' lang='lat' dir='ltr'><strong>vos</strong></span> 
     </span>
    </p>
   </div>
   <div class='ocr_carea' id='block_1_63' title="bbox 2002 2077 3599 2155">
    <p class='ocr_par' dir='ltr' id='par_1_63' title="bbox 2002 2077 3599 2155">
     <span class='ocr_line' id='line_1_63' title="bbox 2002 2077 3599 2155; baseline 0.008 -25"><span class='ocrx_word' id='word_1_480' title='bbox 2002 2077 2144 2146; x_wconf 91' lang='lat' dir='ltr'><strong>quod</strong></span> <span class='ocrx_word' id='word_1_481' title='bbox 2185 2078 2372 2134; x_wconf 85' lang='lat' dir='ltr'><strong>edant.</strong></span> <span class='ocrx_word' id='word_1_482' title='bbox 2417 2098 2434 2132; x_wconf 79' lang='grc' dir='ltr'><strong>ι</strong></span> <span class='ocrx_word' id='word_1_483' title='bbox 2466 2079 2852 2138; x_wconf 85' lang='lat' dir='ltr'><strong>Misericordes</strong></span> <span class='ocrx_word' id='word_1_484' title='bbox 2902 2093 3031 2138; x_wconf 89' lang='lat' dir='ltr'><strong>sunt</strong></span> <span class='ocrx_word' id='word_1_485' title='bbox 3071 2085 3353 2155; x_wconf 86' lang='lat' dir='ltr'><strong>discipuli.</strong></span> <span class='ocrx_word' id='word_1_486' title='bbox 3399 2088 3599 2143; x_wconf 84' lang='lat' dir='ltr'><strong>Curam</strong></span> 
     </span>
    </p>
   </div>
   <div class='ocr_carea' id='block_1_64' title="bbox 2002 2171 3586 2251">
    <p class='ocr_par' dir='ltr' id='par_1_64' title="bbox 2002 2171 3586 2251">
     <span class='ocr_line' id='line_1_64' title="bbox 2002 2171 3586 2251; baseline 0.008 -28"><span class='ocrx_word' id='word_1_487' title='bbox 2002 2171 2144 2224; x_wconf 89' lang='lat' dir='ltr'><strong>enim</strong></span> <span class='ocrx_word' id='word_1_488' title='bbox 2184 2181 2380 2240; x_wconf 90' lang='lat' dir='ltr'><strong>gerunt</strong></span> <span class='ocrx_word' id='word_1_489' title='bbox 2410 2173 2604 2239; x_wconf 73' lang='lat' dir='ltr'><strong>turbze,</strong></span> <span class='ocrx_word' id='word_1_490' title='bbox 2636 2182 2690 2228; x_wconf 89' lang='lat' dir='ltr'><strong>et</strong></span> <span class='ocrx_word' id='word_1_491' title='bbox 2725 2174 3013 2245; x_wconf 81' lang='lat' dir='ltr'><strong>propterea</strong></span> <span class='ocrx_word' id='word_1_492' title='bbox 3048 2178 3244 2233; x_wconf 83' lang='lat' dir='ltr'><strong>nolunt</strong></span> <span class='ocrx_word' id='word_1_493' title='bbox 3287 2195 3406 2236; x_wconf 90' lang='lat' dir='ltr'><strong>eam</strong></span> <span class='ocrx_word' id='word_1_494' title='bbox 3439 2181 3586 2251; x_wconf 85' lang='lat' dir='ltr'><strong>jeju-</strong></span> 
     </span>
    </p>
   </div>
   <div class='ocr_carea' id='block_1_65' title="bbox 2004 2263 3603 2341">
    <p class='ocr_par' dir='ltr' id='par_1_65' title="bbox 2004 2263 3603 2341">
     <span class='ocr_line' id='line_1_65' title="bbox 2004 2263 3603 2341; baseline 0.008 -24"><span class='ocrx_word' id='word_1_495' title='bbox 2004 2267 2127 2317; x_wconf 75' lang='lat' dir='ltr'><strong>nam</strong></span> <span class='ocrx_word' id='word_1_496' title='bbox 2154 2278 2300 2320; x_wconf 87' lang='lat' dir='ltr'><strong>esse.</strong></span> <span class='ocrx_word' id='word_1_497' title='bbox 2334 2263 2476 2332; x_wconf 88' lang='lat' dir='ltr'><strong>Quid</strong></span> <span class='ocrx_word' id='word_1_498' title='bbox 2527 2266 2691 2337; x_wconf 81' lang='lat' dir='ltr'><strong>igitur</strong></span> <span class='ocrx_word' id='word_1_499' title='bbox 2720 2266 3017 2325; x_wconf 84' lang='lat' dir='ltr'><strong>Salvator?</strong></span> <span class='ocrx_word' id='word_1_500' title='bbox 3070 2272 3225 2337; x_wconf 91' lang='lat' dir='ltr'><strong>Date,</strong></span> <span class='ocrx_word' id='word_1_501' title='bbox 3263 2273 3460 2341; x_wconf 83' lang='lat' dir='ltr'><strong>inquit,</strong></span> <span class='ocrx_word' id='word_1_502' title='bbox 3507 2289 3603 2330; x_wconf 84' lang='lat' dir='ltr'><strong>vos</strong></span> 
     </span>
    </p>
   </div>
   <div class='ocr_carea' id='block_1_66' title="bbox 2005 2355 3602 2436">
    <p class='ocr_par' dir='ltr' id='par_1_66' title="bbox 2005 2355 3602 2436">
     <span class='ocr_line' id='line_1_66' title="bbox 2005 2355 3602 2436; baseline 0.008 -26"><span class='ocrx_word' id='word_1_503' title='bbox 2005 2355 2108 2412; x_wconf 83' lang='lat' dir='ltr'><strong>illis</strong></span> <span class='ocrx_word' id='word_1_504' title='bbox 2143 2357 2288 2427; x_wconf 89' lang='lat' dir='ltr'><strong>quod</strong></span> <span class='ocrx_word' id='word_1_505' title='bbox 2334 2359 2520 2417; x_wconf 83' lang='lat' dir='ltr'><strong>edant.</strong></span> <span class='ocrx_word' id='word_1_506' title='bbox 2576 2359 2690 2415; x_wconf 80' lang='lat' dir='ltr'><strong>Hoc</strong></span> <span class='ocrx_word' id='word_1_507' title='bbox 2745 2371 2930 2417; x_wconf 90' lang='lat' dir='ltr'><strong>autem</strong></span> <span class='ocrx_word' id='word_1_508' title='bbox 2976 2365 3130 2431; x_wconf 86' lang='lat' dir='ltr'><strong>dicit,</strong></span> <span class='ocrx_word' id='word_1_509' title='bbox 3181 2381 3288 2420; x_wconf 89' lang='lat' dir='ltr'><strong>non</strong></span> <span class='ocrx_word' id='word_1_510' title='bbox 3342 2376 3602 2436; x_wconf 86' lang='lat' dir='ltr'><strong>tanquam</strong></span> 
     </span>
    </p>
   </div>
   <div class='ocr_carea' id='block_1_67' title="bbox 2003 2449 3603 2525">
    <p class='ocr_par' dir='ltr' id='par_1_67' title="bbox 2003 2449 3603 2525">
     <span class='ocr_line' id='line_1_67' title="bbox 2003 2449 3603 2525; baseline 0.007 -23"><span class='ocrx_word' id='word_1_511' title='bbox 2003 2449 2267 2519; x_wconf 81' lang='lat' dir='ltr'><strong>ignorans</strong></span> <span class='ocrx_word' id='word_1_512' title='bbox 2301 2451 2356 2506; x_wconf 89' lang='lat' dir='ltr'><strong>in</strong></span> <span class='ocrx_word' id='word_1_513' title='bbox 2385 2463 2591 2523; x_wconf 89' lang='lat' dir='ltr'><strong>quanta</strong></span> <span class='ocrx_word' id='word_1_514' title='bbox 2618 2455 2856 2523; x_wconf 87' lang='lat' dir='ltr'><strong>apostoli</strong></span> <span class='ocrx_word' id='word_1_515' title='bbox 2891 2467 3136 2525; x_wconf 74' lang='lat' dir='ltr'><strong>egestate</strong></span> <span class='ocrx_word' id='word_1_516' title='bbox 3170 2469 3356 2515; x_wconf 86' lang='lat' dir='ltr'><strong>essent</strong></span> <span class='ocrx_word' id='word_1_517' title='bbox 3392 2477 3403 2512; x_wconf 94' lang='lat'><strong>:</strong></span> <span class='ocrx_word' id='word_1_518' title='bbox 3439 2460 3603 2525; x_wconf 86' lang='lat' dir='ltr'><strong>absit,</strong></span> 
     </span>
    </p>
   </div>
   <div class='ocr_carea' id='block_1_68' title="bbox 2003 2543 3603 2622">
    <p class='ocr_par' dir='ltr' id='par_1_68' title="bbox 2003 2543 3603 2622">
     <span class='ocr_line' id='line_1_68' title="bbox 2003 2543 3603 2622; baseline 0.007 -25"><span class='ocrx_word' id='word_1_519' title='bbox 2003 2543 2096 2597; x_wconf 86' lang='lat' dir='ltr'><strong>sed</strong></span> <span class='ocrx_word' id='word_1_520' title='bbox 2134 2554 2193 2598; x_wconf 88' lang='lat' dir='ltr'><strong>ut</strong></span> <span class='ocrx_word' id='word_1_521' title='bbox 2226 2543 2538 2602; x_wconf 86' lang='lat' dir='ltr'><strong>dicentibus</strong></span> <span class='ocrx_word' id='word_1_522' title='bbox 2583 2547 2694 2603; x_wconf 89' lang='lat' dir='ltr'><strong>illis</strong></span> <span class='ocrx_word' id='word_1_523' title='bbox 2737 2563 2797 2604; x_wconf 87' lang='lat' dir='ltr'><strong>se</strong></span> <span class='ocrx_word' id='word_1_524' title='bbox 2839 2565 2942 2603; x_wconf 92' lang='lat' dir='ltr'><strong>non</strong></span> <span class='ocrx_word' id='word_1_525' title='bbox 2992 2547 3196 2606; x_wconf 77' lang='lat' dir='ltr'><strong>habere</strong></span> <span class='ocrx_word' id='word_1_526' title='bbox 3227 2555 3371 2622; x_wconf 85' lang='lat' dir='ltr'><strong>quod</strong></span> <span class='ocrx_word' id='word_1_527' title='bbox 3417 2553 3603 2620; x_wconf 89' lang='lat' dir='ltr'><strong>edant,</strong></span> 
     </span>
    </p>
   </div>
   <div class='ocr_carea' id='block_1_69' title="bbox 2003 2636 3608 2712">
    <p class='ocr_par' dir='ltr' id='par_1_69' title="bbox 2003 2636 3608 2712">
     <span class='ocr_line' id='line_1_69' title="bbox 2003 2636 3608 2712; baseline 0.011 -26"><span class='ocrx_word' id='word_1_528' title='bbox 2003 2645 2266 2704; x_wconf 87' lang='lat' dir='ltr'><strong>appareat</strong></span> <span class='ocrx_word' id='word_1_529' title='bbox 2304 2636 2477 2705; x_wconf 86' lang='lat' dir='ltr'><strong>ipsum</strong></span> <span class='ocrx_word' id='word_1_530' title='bbox 2506 2653 2612 2693; x_wconf 90' lang='lat' dir='ltr'><strong>non</strong></span> <span class='ocrx_word' id='word_1_531' title='bbox 2647 2639 2825 2696; x_wconf 92' lang='lat' dir='ltr'><strong>inanis</strong></span> <span class='ocrx_word' id='word_1_532' title='bbox 2848 2642 3032 2712; x_wconf 68' lang='lat' dir='ltr'><strong>glorim</strong></span> <span class='ocrx_word' id='word_1_533' title='bbox 3062 2645 3262 2709; x_wconf 88' lang='lat' dir='ltr'><strong>studio,</strong></span> <span class='ocrx_word' id='word_1_534' title='bbox 3291 2648 3384 2699; x_wconf 86' lang='lat' dir='ltr'><strong>sed</strong></span> <span class='ocrx_word' id='word_1_535' title='bbox 3415 2659 3608 2702; x_wconf 60' lang='lat' dir='ltr'><strong>necesb</strong></span> 
     </span>
    </p>
   </div>
   <div class='ocr_carea' id='block_1_70' title="bbox 2006 2728 3340 2806">
    <p class='ocr_par' dir='ltr' id='par_1_70' title="bbox 2006 2728 3340 2806">
     <span class='ocr_line' id='line_1_70' title="bbox 2006 2728 3340 2806; baseline 0.012 -27"><span class='ocrx_word' id='word_1_536' title='bbox 2006 2728 2169 2782; x_wconf 83' lang='lat' dir='ltr'><strong>sitate</strong></span> <span class='ocrx_word' id='word_1_537' title='bbox 2194 2729 2260 2784; x_wconf 91' lang='lat' dir='ltr'><strong>ad</strong></span> <span class='ocrx_word' id='word_1_538' title='bbox 2287 2732 2628 2803; x_wconf 86' lang='lat' dir='ltr'><strong>operandum</strong></span> <span class='ocrx_word' id='word_1_539' title='bbox 2657 2734 2980 2790; x_wconf 86' lang='lat' dir='ltr'><strong>miraculum</strong></span> <span class='ocrx_word' id='word_1_540' title='bbox 3019 2740 3340 2806; x_wconf 89' lang='lat' dir='ltr'><strong>procedere.</strong></span> 
     </span>
    </p>
   </div>
   <div class='ocr_carea' id='block_1_71' title="bbox 2079 2818 3607 2892">
    <p class='ocr_par' dir='ltr' id='par_1_71' title="bbox 2079 2818 3607 2892">
     <span class='ocr_line' id='line_1_71' title="bbox 2079 2818 3607 2892; baseline 0.013 -20"><span class='ocrx_word' id='word_1_541' title='bbox 2079 2818 2245 2876; x_wconf 74' lang='lat' dir='ltr'><strong>Vsus.</strong></span> <span class='ocrx_word' id='word_1_542' title='bbox 2296 2822 2484 2879; x_wconf 80' lang='lat' dir='ltr'><strong>l7-l9.</strong></span> <span class='ocrx_word' id='word_1_543' title='bbox 2520 2841 2539 2875; x_wconf 74' lang='grc' dir='ltr'><strong>ι</strong></span> <span class='ocrx_word' id='word_1_544' title='bbox 2593 2827 2662 2879; x_wconf 83' lang='lat' dir='ltr'><strong>At</strong></span> <span class='ocrx_word' id='word_1_545' title='bbox 2694 2825 2769 2879; x_wconf 90' lang='lat' dir='ltr'><strong>illi</strong></span> <span class='ocrx_word' id='word_1_546' title='bbox 2817 2826 3006 2882; x_wconf 89' lang='lat' dir='ltr'><strong>dicunt</strong></span> <span class='ocrx_word' id='word_1_547' title='bbox 3037 2829 3128 2884; x_wconf 87' lang='lat' dir='ltr'><strong>ei:</strong></span> <span class='ocrx_word' id='word_1_548' title='bbox 3171 2830 3288 2887; x_wconf 89' lang='lat' dir='ltr'><strong>Non</strong></span> <span class='ocrx_word' id='word_1_549' title='bbox 3336 2834 3607 2892; x_wconf 86' lang='lat' dir='ltr'><strong>habemus</strong></span> 
     </span>
    </p>
   </div>
   <div class='ocr_carea' id='block_1_72' title="bbox 2008 2909 3609 2988">
    <p class='ocr_par' dir='ltr' id='par_1_72' title="bbox 2008 2909 3609 2988">
     <span class='ocr_line' id='line_1_72' title="bbox 2008 2909 3609 2988; baseline 0.012 -26"><span class='ocrx_word' id='word_1_550' title='bbox 2008 2909 2097 2964; x_wconf 92' lang='lat' dir='ltr'><strong>hic</strong></span> <span class='ocrx_word' id='word_1_551' title='bbox 2144 2912 2247 2965; x_wconf 88' lang='lat' dir='ltr'><strong>nisi</strong></span> <span class='ocrx_word' id='word_1_552' title='bbox 2291 2911 2538 2982; x_wconf 89' lang='lat' dir='ltr'><strong>quinque</strong></span> <span class='ocrx_word' id='word_1_553' title='bbox 2572 2928 2762 2984; x_wconf 85' lang='lat' dir='ltr'><strong>panes,</strong></span> <span class='ocrx_word' id='word_1_554' title='bbox 2806 2925 2864 2973; x_wconf 88' lang='lat' dir='ltr'><strong>et</strong></span> <span class='ocrx_word' id='word_1_555' title='bbox 2907 2919 3042 2973; x_wconf 91' lang='lat' dir='ltr'><strong>duos</strong></span> <span class='ocrx_word' id='word_1_556' title='bbox 3087 2920 3287 2988; x_wconf 89' lang='lat' dir='ltr'><strong>pisces.</strong></span> <span class='ocrx_word' id='word_1_557' title='bbox 3333 2921 3426 2978; x_wconf 88' lang='lat' dir='ltr'><strong>Ille</strong></span> <span class='ocrx_word' id='word_1_558' title='bbox 3479 2939 3609 2981; x_wconf 88' lang='lat' dir='ltr'><strong>vero</strong></span> 
     </span>
    </p>
   </div>
   <div class='ocr_carea' id='block_1_73' title="bbox 2006 2996 3611 3077">
    <p class='ocr_par' dir='ltr' id='par_1_73' title="bbox 2006 2996 3611 3077">
     <span class='ocr_line' id='line_1_73' title="bbox 2006 2996 3611 3077; baseline 0.012 -27"><span class='ocrx_word' id='word_1_559' title='bbox 2006 2996 2180 3053; x_wconf 79' lang='lat' dir='ltr'><strong>dixit:</strong></span> <span class='ocrx_word' id='word_1_560' title='bbox 2221 2998 2427 3056; x_wconf 79' lang='lat' dir='ltr'><strong>Ali‘erte</strong></span> <span class='ocrx_word' id='word_1_561' title='bbox 2449 3003 2582 3058; x_wconf 89' lang='lat' dir='ltr'><strong>mihi</strong></span> <span class='ocrx_word' id='word_1_562' title='bbox 2614 3019 2708 3059; x_wconf 89' lang='lat' dir='ltr'><strong>eos</strong></span> <span class='ocrx_word' id='word_1_563' title='bbox 2731 3006 2855 3061; x_wconf 80' lang='lat' dir='ltr'><strong>huc.</strong></span> <span class='ocrx_word' id='word_1_564' title='bbox 2882 3005 2947 3060; x_wconf 87' lang='lat' dir='ltr'><strong>Et</strong></span> <span class='ocrx_word' id='word_1_565' title='bbox 2968 3009 3135 3077; x_wconf 89' lang='lat' dir='ltr'><strong>jussit</strong></span> <span class='ocrx_word' id='word_1_566' title='bbox 3159 3013 3344 3067; x_wconf 89' lang='lat' dir='ltr'><strong>turbas</strong></span> <span class='ocrx_word' id='word_1_567' title='bbox 3365 3014 3611 3070; x_wconf 89' lang='lat' dir='ltr'><strong>discum-</strong></span> 
     </span>
    </p>
   </div>
   <div class='ocr_carea' id='block_1_74' title="bbox 2005 3089 3610 3177">
    <p class='ocr_par' dir='ltr' id='par_1_74' title="bbox 2005 3089 3610 3177">
     <span class='ocr_line' id='line_1_74' title="bbox 2005 3089 3610 3177; baseline 0.012 -33"><span class='ocrx_word' id='word_1_568' title='bbox 2005 3089 2136 3144; x_wconf 83' lang='lat' dir='ltr'><strong>bere</strong></span> <span class='ocrx_word' id='word_1_569' title='bbox 2171 3105 2338 3162; x_wconf 87' lang='lat' dir='ltr'><strong>snper</strong></span> <span class='ocrx_word' id='word_1_570' title='bbox 2382 3097 2658 3164; x_wconf 77' lang='lat' dir='ltr'><strong>gramina,</strong></span> <span class='ocrx_word' id='word_1_571' title='bbox 2707 3110 3053 3170; x_wconf 82' lang='lat' dir='ltr'><strong>sumptisque</strong></span> <span class='ocrx_word' id='word_1_572' title='bbox 3082 3104 3323 3173; x_wconf 89' lang='lat' dir='ltr'><strong>quinque</strong></span> <span class='ocrx_word' id='word_1_573' title='bbox 3376 3110 3610 3177; x_wconf 88' lang='lat' dir='ltr'><strong>panibus</strong></span> 
     </span>
    </p>
   </div>
   <div class='ocr_carea' id='block_1_75' title="bbox 2008 3183 3610 3257">
    <p class='ocr_par' dir='ltr' id='par_1_75' title="bbox 2008 3183 3610 3257">
     <span class='ocr_line' id='line_1_75' title="bbox 2008 3183 3610 3257; baseline 0.015 -23"><span class='ocrx_word' id='word_1_574' title='bbox 2008 3195 2073 3235; x_wconf 90' lang='lat' dir='ltr'><strong>ac</strong></span> <span class='ocrx_word' id='word_1_575' title='bbox 2120 3183 2332 3240; x_wconf 85' lang='lat' dir='ltr'><strong>duobus</strong></span> <span class='ocrx_word' id='word_1_576' title='bbox 2373 3186 2639 3255; x_wconf 82' lang='lat' dir='ltr'><strong>piscibus,</strong></span> <span class='ocrx_word' id='word_1_577' title='bbox 2688 3203 2754 3245; x_wconf 90' lang='lat' dir='ltr'><strong>ac</strong></span> <span class='ocrx_word' id='word_1_578' title='bbox 2805 3193 3035 3249; x_wconf 89' lang='lat' dir='ltr'><strong>sublatis</strong></span> <span class='ocrx_word' id='word_1_579' title='bbox 3085 3197 3137 3250; x_wconf 91' lang='lat' dir='ltr'><strong>in</strong></span> <span class='ocrx_word' id='word_1_580' title='bbox 3188 3197 3386 3253; x_wconf 76' lang='lat' dir='ltr'><strong>cmlum</strong></span> <span class='ocrx_word' id='word_1_581' title='bbox 3435 3203 3610 3257; x_wconf 91' lang='lat' dir='ltr'><strong>oculis</strong></span> 
     </span>
    </p>
   </div>
   <div class='ocr_carea' id='block_1_76' title="bbox 2010 3273 3612 3352">
    <p class='ocr_par' dir='ltr' id='par_1_76' title="bbox 2010 3273 3612 3352">
     <span class='ocr_line' id='line_1_76' title="bbox 2010 3273 3612 3352; baseline 0.015 -25"><span class='ocrx_word' id='word_1_582' title='bbox 2010 3273 2385 3330; x_wconf 65' lang='lat' dir='ltr'><strong>benedixit-»</strong></span> <span class='ocrx_word' id='word_1_583' title='bbox 2441 3277 2644 3336; x_wconf 84' lang='lat' dir='ltr'><strong>Afferte</strong></span> <span class='ocrx_word' id='word_1_584' title='bbox 2688 3282 2818 3338; x_wconf 90' lang='lat' dir='ltr'><strong>mihi</strong></span> <span class='ocrx_word' id='word_1_585' title='bbox 2878 3301 3048 3352; x_wconf 72' lang='lat' dir='ltr'><strong>panes</strong></span> <span class='ocrx_word' id='word_1_586' title='bbox 3102 3289 3243 3351; x_wconf 90' lang='lat' dir='ltr'><strong>huc,</strong></span> <span class='ocrx_word' id='word_1_587' title='bbox 3272 3301 3326 3345; x_wconf 90' lang='lat' dir='ltr'><strong>ct</strong></span> <span class='ocrx_word' id='word_1_588' title='bbox 3366 3294 3491 3348; x_wconf 87' lang='lat' dir='ltr'><strong>licet</strong></span> <span class='ocrx_word' id='word_1_589' title='bbox 3537 3297 3612 3351; x_wconf 90' lang='lat' dir='ltr'><strong>sit</strong></span> 
     </span>
    </p>
   </div>
   <div class='ocr_carea' id='block_1_77' title="bbox 2007 3373 3612 3444">
    <p class='ocr_par' dir='ltr' id='par_1_77' title="bbox 2007 3373 3612 3444">
     <span class='ocr_line' id='line_1_77' title="bbox 2007 3373 3612 3444; baseline 0.014 -28"><span class='ocrx_word' id='word_1_590' title='bbox 2007 3378 2256 3433; x_wconf 90' lang='lat' dir='ltr'><strong>vespera,</strong></span> <span class='ocrx_word' id='word_1_591' title='bbox 2325 3377 2630 3437; x_wconf 86' lang='lat' dir='ltr'><strong>temporum</strong></span> <span class='ocrx_word' id='word_1_592' title='bbox 2690 3387 2792 3444; x_wconf 90' lang='lat' dir='ltr'><strong>ego</strong></span> <span class='ocrx_word' id='word_1_593' title='bbox 2850 3373 3115 3431; x_wconf 88' lang='lat' dir='ltr'><strong>Conditor</strong></span> <span class='ocrx_word' id='word_1_594' title='bbox 3177 3380 3368 3434; x_wconf 84' lang='lat' dir='ltr'><strong>adsum</strong></span> <span class='ocrx_word' id='word_1_595' title='bbox 3420 3401 3432 3436; x_wconf 85' lang='lat'><strong>:</strong></span> <span class='ocrx_word' id='word_1_596' title='bbox 3482 3384 3612 3439; x_wconf 85' lang='lat' dir='ltr'><strong>licet</strong></span> 
     </span>
    </p>
   </div>
   <div class='ocr_carea' id='block_1_78' title="bbox 2007 3456 3602 3539">
    <p class='ocr_par' dir='ltr' id='par_1_78' title="bbox 2007 3456 3602 3539">
     <span class='ocr_line' id='line_1_78' title="bbox 2007 3456 3602 3539; baseline 0.013 -28"><span class='ocrx_word' id='word_1_597' title='bbox 2007 3456 2256 3515; x_wconf 85' lang='lat' dir='ltr'><strong>desertus</strong></span> <span class='ocrx_word' id='word_1_598' title='bbox 2286 3459 2440 3514; x_wconf 83' lang='lat' dir='ltr'><strong>locus</strong></span> <span class='ocrx_word' id='word_1_599' title='bbox 2471 3462 2563 3526; x_wconf 90' lang='lat' dir='ltr'><strong>sit,</strong></span> <span class='ocrx_word' id='word_1_600' title='bbox 2607 3477 2710 3534; x_wconf 86' lang='lat' dir='ltr'><strong>ego</strong></span> <span class='ocrx_word' id='word_1_601' title='bbox 2747 3475 2930 3522; x_wconf 90' lang='lat' dir='ltr'><strong>tamen</strong></span> <span class='ocrx_word' id='word_1_602' title='bbox 2969 3482 3092 3522; x_wconf 91' lang='lat' dir='ltr'><strong>sum</strong></span> <span class='ocrx_word' id='word_1_603' title='bbox 3128 3473 3221 3539; x_wconf 92' lang='lat' dir='ltr'><strong>qui</strong></span> <span class='ocrx_word' id='word_1_604' title='bbox 3256 3475 3405 3529; x_wconf 80' lang='lat' dir='ltr'><strong>ontni</strong></span> <span class='ocrx_word' id='word_1_605' title='bbox 3446 3479 3602 3531; x_wconf 88' lang='lat' dir='ltr'><strong>carni</strong></span> 
     </span>
    </p>
   </div>
   <div class='ocr_carea' id='block_1_79' title="bbox 2005 3549 3608 3633">
    <p class='ocr_par' dir='ltr' id='par_1_79' title="bbox 2005 3549 3608 3633">
     <span class='ocr_line' id='line_1_79' title="bbox 2005 3549 3608 3633; baseline 0.012 -31"><span class='ocrx_word' id='word_1_606' title='bbox 2005 3562 2191 3603; x_wconf 88' lang='lat' dir='ltr'><strong>escam</strong></span> <span class='ocrx_word' id='word_1_607' title='bbox 2239 3549 2328 3605; x_wconf 92' lang='lat' dir='ltr'><strong>do.</strong></span> <span class='ocrx_word' id='word_1_608' title='bbox 2367 3549 2652 3610; x_wconf 85' lang='lat' dir='ltr'><strong>Discamus</strong></span> <span class='ocrx_word' id='word_1_609' title='bbox 2699 3559 2883 3612; x_wconf 83' lang='lat' dir='ltr'><strong>autem‘</strong></span> <span class='ocrx_word' id='word_1_610' title='bbox 2929 3559 3033 3615; x_wconf 92' lang='lat' dir='ltr'><strong>hoc</strong></span> <span class='ocrx_word' id='word_1_611' title='bbox 3070 3562 3192 3616; x_wconf 89' lang='lat' dir='ltr'><strong>loco</strong></span> <span class='ocrx_word' id='word_1_612' title='bbox 3235 3566 3379 3633; x_wconf 91' lang='lat' dir='ltr'><strong>quod</strong></span> <span class='ocrx_word' id='word_1_613' title='bbox 3441 3568 3608 3622; x_wconf 88' lang='lat' dir='ltr'><strong>etiam</strong></span> 
     </span>
    </p>
   </div>
   <div class='ocr_carea' id='block_1_80' title="bbox 2005 3645 3611 3722">
    <p class='ocr_par' dir='ltr' id='par_1_80' title="bbox 2005 3645 3611 3722">
     <span class='ocr_line' id='line_1_80' title="bbox 2005 3645 3611 3722; baseline 0.015 -30"><span class='ocrx_word' id='word_1_614' title='bbox 2005 3655 2179 3710; x_wconf 89' lang='lat' dir='ltr'><strong>pauca</strong></span> <span class='ocrx_word' id='word_1_615' title='bbox 2228 3657 2352 3712; x_wconf 88' lang='lat' dir='ltr'><strong>quae</strong></span> <span class='ocrx_word' id='word_1_616' title='bbox 2399 3645 2690 3710; x_wconf 78' lang='lat' dir='ltr'><strong>habemus,</strong></span> <span class='ocrx_word' id='word_1_617' title='bbox 2741 3647 2795 3702; x_wconf 91' lang='lat' dir='ltr'><strong>in</strong></span> <span class='ocrx_word' id='word_1_618' title='bbox 2848 3652 3278 3722; x_wconf 78' lang='lat' dir='ltr'><strong>hospitalitatem</strong></span> <span class='ocrx_word' id='word_1_619' title='bbox 3331 3656 3611 3716; x_wconf 88' lang='lat' dir='ltr'><strong>insumere</strong></span> 
     </span>
    </p>
   </div>
   <div class='ocr_carea' id='block_1_81' title="bbox 2007 3734 3612 3815">
    <p class='ocr_par' dir='ltr' id='par_1_81' title="bbox 2007 3734 3612 3815">
     <span class='ocr_line' id='line_1_81' title="bbox 2007 3734 3612 3815; baseline 0.014 -29"><span class='ocrx_word' id='word_1_620' title='bbox 2007 3734 2287 3790; x_wconf 87' lang='lat' dir='ltr'><strong>debemus.</strong></span> <span class='ocrx_word' id='word_1_621' title='bbox 2317 3736 2534 3794; x_wconf 86' lang='lat' dir='ltr'><strong>Etenim</strong></span> <span class='ocrx_word' id='word_1_622' title='bbox 2565 3741 2796 3810; x_wconf 90' lang='lat' dir='ltr'><strong>apostoli</strong></span> <span class='ocrx_word' id='word_1_623' title='bbox 2829 3758 2998 3813; x_wconf 92' lang='lat' dir='ltr'><strong>pauca</strong></span> <span class='ocrx_word' id='word_1_624' title='bbox 3029 3747 3314 3815; x_wconf 84' lang='lat' dir='ltr'><strong>habentes,</strong></span> <span class='ocrx_word' id='word_1_625' title='bbox 3342 3751 3612 3808; x_wconf 89' lang='lat' dir='ltr'><strong>dederunt</strong></span> 
     </span>
    </p>
   </div>
   <div class='ocr_carea' id='block_1_82' title="bbox 2010 3825 3608 3913">
    <p class='ocr_par' dir='ltr' id='par_1_82' title="bbox 2010 3825 3608 3913">
     <span class='ocr_line' id='line_1_82' title="bbox 2010 3825 3608 3913; baseline 0.013 -31"><span class='ocrx_word' id='word_1_626' title='bbox 2010 3825 2186 3882; x_wconf 88' lang='lat' dir='ltr'><strong>turbis</strong></span> <span class='ocrx_word' id='word_1_627' title='bbox 2217 3847 2232 3883; x_wconf 88' lang='lat'><strong>:</strong></span> <span class='ocrx_word' id='word_1_628' title='bbox 2267 3838 2322 3884; x_wconf 90' lang='lat' dir='ltr'><strong>et</strong></span> <span class='ocrx_word' id='word_1_629' title='bbox 2356 3833 2821 3901; x_wconf 86' lang='lat' dir='ltr'><strong>quemadmodum</strong></span> <span class='ocrx_word' id='word_1_630' title='bbox 2853 3852 3022 3906; x_wconf 87' lang='lat' dir='ltr'><strong>pauca</strong></span> <span class='ocrx_word' id='word_1_631' title='bbox 3049 3841 3163 3896; x_wconf 68' lang='lat' dir='ltr'><strong>haec</strong></span> <span class='ocrx_word' id='word_1_632' title='bbox 3199 3843 3608 3913; x_wconf 83' lang='lat' dir='ltr'><strong>multiplieavit,</strong></span> 
     </span>
    </p>
   </div>
   <div class='ocr_carea' id='block_1_83' title="bbox 2008 3915 3614 3998">
    <p class='ocr_par' dir='ltr' id='par_1_83' title="bbox 2008 3915 3614 3998">
     <span class='ocr_line' id='line_1_83' title="bbox 2008 3915 3614 3998; baseline 0.012 -23"><span class='ocrx_word' id='word_1_633' title='bbox 2008 3919 2085 3976; x_wconf 88' lang='lat' dir='ltr'><strong>ita</strong></span> <span class='ocrx_word' id='word_1_634' title='bbox 2119 3929 2174 3976; x_wconf 87' lang='lat' dir='ltr'><strong>et</strong></span> <span class='ocrx_word' id='word_1_635' title='bbox 2201 3931 2290 3978; x_wconf 89' lang='lat' dir='ltr'><strong>tua</strong></span> <span class='ocrx_word' id='word_1_636' title='bbox 2319 3939 2492 3994; x_wconf 88' lang='lat' dir='ltr'><strong>pauca</strong></span> <span class='ocrx_word' id='word_1_637' title='bbox 2524 3915 3056 3998; x_wconf 86' lang='lat' dir='ltr'><strong>multiplicabuntur.</strong></span> <span class='ocrx_word' id='word_1_638' title='bbox 3099 3932 3254 3990; x_wconf 83' lang='lat' dir='ltr'><strong>Facit</strong></span> <span class='ocrx_word' id='word_1_639' title='bbox 3286 3948 3465 3993; x_wconf 88' lang='lat' dir='ltr'><strong>autem</strong></span> <span class='ocrx_word' id='word_1_640' title='bbox 3497 3951 3614 3995; x_wconf 90' lang='lat' dir='ltr'><strong>tur-</strong></span> 
     </span>
    </p>
   </div>
   <div class='ocr_carea' id='block_1_84' title="bbox 2008 4013 3609 4099">
    <p class='ocr_par' dir='ltr' id='par_1_84' title="bbox 2008 4013 3609 4099">
     <span class='ocr_line' id='line_1_84' title="bbox 2008 4013 3609 4099; baseline 0.014 -31"><span class='ocrx_word' id='word_1_641' title='bbox 2008 4013 2107 4069; x_wconf 88' lang='lat' dir='ltr'><strong>bas</strong></span> <span class='ocrx_word' id='word_1_642' title='bbox 2137 4029 2304 4085; x_wconf 89' lang='lat' dir='ltr'><strong>super</strong></span> <span class='ocrx_word' id='word_1_643' title='bbox 2332 4018 2579 4087; x_wconf 88' lang='lat' dir='ltr'><strong>gramina</strong></span> <span class='ocrx_word' id='word_1_644' title='bbox 2620 4021 2936 4088; x_wconf 88' lang='lat' dir='ltr'><strong>considere,</strong></span> <span class='ocrx_word' id='word_1_645' title='bbox 2972 4023 3344 4094; x_wconf 78' lang='lat' dir='ltr'><strong>frugalitatem</strong></span> <span class='ocrx_word' id='word_1_646' title='bbox 3382 4031 3609 4099; x_wconf 87' lang='lat' dir='ltr'><strong>docens,</strong></span> 
     </span>
    </p>
   </div>
   <div class='ocr_carea' id='block_1_85' title="bbox 2009 4105 3613 4179">
    <p class='ocr_par' dir='ltr' id='par_1_85' title="bbox 2009 4105 3613 4179">
     <span class='ocr_line' id='line_1_85' title="bbox 2009 4105 3613 4179; baseline 0.013 -21"><span class='ocrx_word' id='word_1_647' title='bbox 2009 4120 2077 4161; x_wconf 87' lang='lat' dir='ltr'><strong>ne</strong></span> <span class='ocrx_word' id='word_1_648' title='bbox 2110 4116 2164 4160; x_wconf 92' lang='lat' dir='ltr'><strong>tu</strong></span> <span class='ocrx_word' id='word_1_649' title='bbox 2197 4105 2252 4160; x_wconf 89' lang='lat' dir='ltr'><strong>in</strong></span> <span class='ocrx_word' id='word_1_650' title='bbox 2289 4109 2554 4177; x_wconf 83' lang='lat' dir='ltr'><strong>pretiosis</strong></span> <span class='ocrx_word' id='word_1_651' title='bbox 2591 4110 2750 4169; x_wconf 86' lang='lat' dir='ltr'><strong>lectis</strong></span> <span class='ocrx_word' id='word_1_652' title='bbox 2784 4122 2840 4169; x_wconf 86' lang='lat' dir='ltr'><strong>et</strong></span> <span class='ocrx_word' id='word_1_653' title='bbox 2873 4117 3063 4171; x_wconf 88' lang='lat' dir='ltr'><strong>stratis</strong></span> <span class='ocrx_word' id='word_1_654' title='bbox 3098 4121 3410 4176; x_wconf 86' lang='lat' dir='ltr'><strong>recumbas.</strong></span> <span class='ocrx_word' id='word_1_655' title='bbox 3442 4123 3613 4179; x_wconf 86' lang='lat' dir='ltr'><strong>Porro</strong></span> 
     </span>
    </p>
   </div>
   <div class='ocr_carea' id='block_1_86' title="bbox 2008 4198 3612 4278">
    <p class='ocr_par' dir='ltr' id='par_1_86' title="bbox 2008 4198 3612 4278">
     <span class='ocr_line' id='line_1_86' title="bbox 2008 4198 3612 4278; baseline 0.011 -26"><span class='ocrx_word' id='word_1_656' title='bbox 2008 4198 2240 4268; x_wconf 81' lang='lat' dir='ltr'><strong>suspicit</strong></span> <span class='ocrx_word' id='word_1_657' title='bbox 2279 4199 2334 4259; x_wconf 89' lang='lat' dir='ltr'><strong>in</strong></span> <span class='ocrx_word' id='word_1_658' title='bbox 2368 4201 2565 4256; x_wconf 71' lang='lat' dir='ltr'><strong>caelum</strong></span> <span class='ocrx_word' id='word_1_659' title='bbox 2604 4213 2659 4258; x_wconf 91' lang='lat' dir='ltr'><strong>et</strong></span> <span class='ocrx_word' id='word_1_660' title='bbox 2692 4204 2968 4262; x_wconf 89' lang='lat' dir='ltr'><strong>benedicit</strong></span> <span class='ocrx_word' id='word_1_661' title='bbox 3009 4223 3182 4278; x_wconf 91' lang='lat' dir='ltr'><strong>panes</strong></span> <span class='ocrx_word' id='word_1_662' title='bbox 3218 4228 3231 4264; x_wconf 87' lang='lat'><strong>:</strong></span> <span class='ocrx_word' id='word_1_663' title='bbox 3267 4211 3517 4269; x_wconf 81' lang='lat' dir='ltr'><strong>fortassis</strong></span> <span class='ocrx_word' id='word_1_664' title='bbox 3552 4227 3612 4269; x_wconf 89' lang='lat' dir='ltr'><strong>ut</strong></span> 
     </span>
    </p>
   </div>
   <div class='ocr_carea' id='block_1_87' title="bbox 2011 4291 3610 4371">
    <p class='ocr_par' dir='ltr' id='par_1_87' title="bbox 2011 4291 3610 4371">
     <span class='ocr_line' id='line_1_87' title="bbox 2011 4291 3610 4371; baseline 0.013 -27"><span class='ocrx_word' id='word_1_665' title='bbox 2011 4291 2187 4359; x_wconf 82' lang='lat' dir='ltr'><strong>major</strong></span> <span class='ocrx_word' id='word_1_666' title='bbox 2212 4291 2346 4351; x_wconf 82' lang='lat' dir='ltr'><strong>ﬁdes</strong></span> <span class='ocrx_word' id='word_1_667' title='bbox 2372 4296 2421 4350; x_wconf 83' lang='lat' dir='ltr'><strong>ei</strong></span> <span class='ocrx_word' id='word_1_668' title='bbox 2446 4296 2715 4352; x_wconf 83' lang='lat' dir='ltr'><strong>habeatur</strong></span> <span class='ocrx_word' id='word_1_669' title='bbox 2738 4301 2882 4368; x_wconf 90' lang='lat' dir='ltr'><strong>quod</strong></span> <span class='ocrx_word' id='word_1_670' title='bbox 2909 4316 3014 4355; x_wconf 88' lang='lat' dir='ltr'><strong>non</strong></span> <span class='ocrx_word' id='word_1_671' title='bbox 3047 4303 3119 4356; x_wconf 87' lang='lat' dir='ltr'><strong>sit</strong></span> <span class='ocrx_word' id='word_1_672' title='bbox 3141 4306 3456 4363; x_wconf 86' lang='lat' dir='ltr'><strong>contrarius</strong></span> <span class='ocrx_word' id='word_1_673' title='bbox 3478 4308 3610 4371; x_wconf 89' lang='lat' dir='ltr'><strong>Deo,</strong></span> 
     </span>
    </p>
   </div>
   <div class='ocr_carea' id='block_1_88' title="bbox 2010 4382 3614 4468">
    <p class='ocr_par' dir='ltr' id='par_1_88' title="bbox 2010 4382 3614 4468">
     <span class='ocr_line' id='line_1_88' title="bbox 2010 4382 3614 4468; baseline 0.012 -32"><span class='ocrx_word' id='word_1_674' title='bbox 2010 4382 2106 4437; x_wconf 88' lang='lat' dir='ltr'><strong>sed</strong></span> <span class='ocrx_word' id='word_1_675' title='bbox 2134 4384 2351 4441; x_wconf 65' lang='lat' dir='ltr'><strong>caelitus</strong></span> <span class='ocrx_word' id='word_1_676' title='bbox 2384 4397 2439 4443; x_wconf 90' lang='lat' dir='ltr'><strong>et</strong></span> <span class='ocrx_word' id='word_1_677' title='bbox 2471 4405 2500 4444; x_wconf 90' lang='lat' dir='ltr'><strong>a</strong></span> <span class='ocrx_word' id='word_1_678' title='bbox 2529 4387 2695 4445; x_wconf 87' lang='lat' dir='ltr'><strong>Patre</strong></span> <span class='ocrx_word' id='word_1_679' title='bbox 2731 4394 2964 4448; x_wconf 85' lang='lat' dir='ltr'><strong>venerit.</strong></span> <span class='ocrx_word' id='word_1_680' title='bbox 3005 4394 3173 4450; x_wconf 90' lang='lat' dir='ltr'><strong>Docet</strong></span> <span class='ocrx_word' id='word_1_681' title='bbox 3216 4413 3432 4468; x_wconf 90' lang='lat' dir='ltr'><strong>quoque</strong></span> <span class='ocrx_word' id='word_1_682' title='bbox 3467 4411 3525 4455; x_wconf 92' lang='lat' dir='ltr'><strong>ut</strong></span> <span class='ocrx_word' id='word_1_683' title='bbox 3557 4414 3614 4456; x_wconf 84' lang='lat' dir='ltr'><strong>ct</strong></span> 
     </span>
    </p>
   </div>
   <div class='ocr_carea' id='block_1_89' title="bbox 313 4472 2006 4564">
    <p class='ocr_par' dir='ltr' id='par_1_89' title="bbox 313 4472 1987 4554">
     <span class='ocr_line' id='line_1_89' title="bbox 313 4472 1987 4554; baseline 0.003 -24"><span class='ocrx_word' id='word_1_684' title='bbox 313 4477 443 4547; x_wconf 83' lang='grc' dir='ltr'>τρὸς</span> <span class='ocrx_word' id='word_1_685' title='bbox 469 4472 617 4548; x_wconf 67' lang='grc' dir='ltr'>ἦλθεν</span> <span class='ocrx_word' id='word_1_686' title='bbox 640 4479 736 4530; x_wconf 77' lang='grc' dir='ltr'>καὶ</span> <span class='ocrx_word' id='word_1_687' title='bbox 761 4476 1058 4545; x_wconf 84' lang='grc' dir='ltr'>οὐρανόθεν</span> <span class='ocrx_word' id='word_1_688' title='bbox 1084 4494 1098 4508; x_wconf 76' lang='grc' dir='ltr'><strong><em>ο</em></strong></span> <span class='ocrx_word' id='word_1_689' title='bbox 1126 4477 1244 4547; x_wconf 83' lang='grc' dir='ltr'><strong>ἄμα</strong></span> <span class='ocrx_word' id='word_1_690' title='bbox 1283 4477 1364 4542; x_wconf 73' lang='grc' dir='ltr'>δὲ,</span> <span class='ocrx_word' id='word_1_691' title='bbox 1387 4477 1482 4532; x_wconf 84' lang='grc' dir='ltr'>καὶ</span> <span class='ocrx_word' id='word_1_692' title='bbox 1516 4479 1606 4534; x_wconf 79' lang='grc' dir='ltr'>ἵνα</span> <span class='ocrx_word' id='word_1_693' title='bbox 1638 4480 1904 4554; x_wconf 81' lang='grc' dir='ltr'>παιδεύσῃ</span> <span class='ocrx_word' id='word_1_694' title='bbox 1938 4484 1987 4543; x_wconf 89' lang='lat' dir='ltr'><strong>D</strong></span> 
     </span>
    </p>
   </div>
   <div class='ocr_carea' id='block_1_90' title="bbox 1918 4472 3611 4564">
    <p class='ocr_par' dir='ltr' id='par_1_90' title="bbox 1938 4483 3611 4564">
     <span class='ocr_line' id='line_1_90' title="bbox 1938 4483 3611 4564; baseline 0.012 -37"><span class='ocrx_word' id='word_1_695' title='bbox 1938 4484 1987 4543; x_wconf 75' lang='grc' dir='ltr'><strong>ι)</strong></span> <span class='ocrx_word' id='word_1_696' title='bbox 2015 4491 2116 4531; x_wconf 88' lang='lat' dir='ltr'><strong>nos</strong></span> <span class='ocrx_word' id='word_1_697' title='bbox 2145 4493 2389 4534; x_wconf 82' lang='lat' dir='ltr'><strong>mensam</strong></span> <span class='ocrx_word' id='word_1_698' title='bbox 2433 4483 2782 4550; x_wconf 87' lang='lat' dir='ltr'><strong>accedentes,</strong></span> <span class='ocrx_word' id='word_1_699' title='bbox 2827 4487 3062 4556; x_wconf 91' lang='lat' dir='ltr'><strong>primum</strong></span> <span class='ocrx_word' id='word_1_700' title='bbox 3104 4491 3312 4560; x_wconf 85' lang='lat' dir='ltr'><strong>gratias</strong></span> <span class='ocrx_word' id='word_1_701' title='bbox 3363 4507 3611 4564; x_wconf 77' lang='lat' dir='ltr'><strong>agamus,</strong></span> 
     </span>
    </p>
   </div>
   <div class='ocr_carea' id='block_1_91' title="bbox 315 4566 1905 4642">
    <p class='ocr_par' dir='ltr' id='par_1_91' title="bbox 315 4566 1905 4642">
     <span class='ocr_line' id='line_1_91' title="bbox 315 4566 1905 4642; baseline 0.004 -21"><span class='ocrx_word' id='word_1_702' title='bbox 315 4569 464 4638; x_wconf 71' lang='grc' dir='ltr'>ἡμᾶς</span> <span class='ocrx_word' id='word_1_703' title='bbox 498 4569 843 4640; x_wconf 75' lang='grc' dir='ltr'>ἁπτομένους</span> <span class='ocrx_word' id='word_1_704' title='bbox 902 4566 1181 4639; x_wconf 76' lang='grc' dir='ltr'>τραπέζης</span> <span class='ocrx_word' id='word_1_705' title='bbox 1217 4571 1570 4642; x_wconf 84' lang='grc' dir='ltr'>εὐχαριστεῖν</span> <span class='ocrx_word' id='word_1_706' title='bbox 1606 4572 1703 4626; x_wconf 74' lang='grc' dir='ltr'><strong>καὶ</strong></span> <span class='ocrx_word' id='word_1_707' title='bbox 1729 4572 1905 4638; x_wconf 78' lang='grc' dir='ltr'>οὕτως</span> 
     </span>
    </p>
   </div>
   <div class='ocr_carea' id='block_1_92' title="bbox 313 4659 535 4715">
    <p class='ocr_par' dir='ltr' id='par_1_92' title="bbox 313 4659 535 4715">
     <span class='ocr_line' id='line_1_92' title="bbox 313 4659 535 4715; baseline 0.009 -2"><span class='ocrx_word' id='word_1_708' title='bbox 313 4659 535 4715; x_wconf 70' lang='grc' dir='ltr'>ισθίσιν.</span> 
     </span>
    </p>
   </div>
   <div class='ocr_carea' id='block_1_93' title="bbox 391 4754 1902 4827">
    <p class='ocr_par' dir='ltr' id='par_1_93' title="bbox 391 4754 1902 4827">
     <span class='ocr_line' id='line_1_93' title="bbox 391 4754 1902 4827; baseline 0.005 -25"><span class='ocrx_word' id='word_1_709' title='bbox 391 4771 410 4802; x_wconf 71' lang='grc' dir='ltr'><strong>ι</strong></span> <span class='ocrx_word' id='word_1_710' title='bbox 453 4754 563 4806; x_wconf 74' lang='grc' dir='ltr'><strong>Καὶ</strong></span> <span class='ocrx_word' id='word_1_711' title='bbox 588 4754 796 4819; x_wconf 83' lang='grc' dir='ltr'>κλάσας</span> <span class='ocrx_word' id='word_1_712' title='bbox 823 4755 995 4809; x_wconf 66' lang='grc' dir='ltr'>ἔδωκε</span> <span class='ocrx_word' id='word_1_713' title='bbox 1035 4758 1150 4820; x_wconf 90' lang='grc' dir='ltr'>τοῖς</span> <span class='ocrx_word' id='word_1_714' title='bbox 1186 4756 1460 4827; x_wconf 76' lang='grc' dir='ltr'>μαθηταῖς</span> <span class='ocrx_word' id='word_1_715' title='bbox 1505 4759 1630 4821; x_wconf 78' lang='grc' dir='ltr'>τοὺς</span> <span class='ocrx_word' id='word_1_716' title='bbox 1678 4757 1902 4827; x_wconf 86' lang='grc' dir='ltr'>ἄρτους,</span> 
     </span>
    </p>
   </div>
   <div class='ocr_carea' id='block_1_94' title="bbox 314 4841 1904 4917">
    <p class='ocr_par' dir='ltr' id='par_1_94' title="bbox 314 4841 1904 4917">
     <span class='ocr_line' id='line_1_94' title="bbox 314 4841 1904 4917; baseline 0.004 -23"><span class='ocrx_word' id='word_1_717' title='bbox 314 4843 366 4894; x_wconf 80' lang='lat' dir='ltr'><strong>oi</strong></span> <span class='ocrx_word' id='word_1_718' title='bbox 403 4841 460 4895; x_wconf 83' lang='grc' dir='ltr'>δὲ</span> <span class='ocrx_word' id='word_1_719' title='bbox 497 4841 744 4912; x_wconf 74' lang='grc' dir='ltr'>μαθηταὶ</span> <span class='ocrx_word' id='word_1_720' title='bbox 795 4848 911 4907; x_wconf 84' lang='grc' dir='ltr'>τοῖς</span> <span class='ocrx_word' id='word_1_721' title='bbox 940 4845 1152 4917; x_wconf 82' lang='grc' dir='ltr'>ὄχλοις⁶</span> <span class='ocrx_word' id='word_1_722' title='bbox 1193 4847 1290 4900; x_wconf 77' lang='grc' dir='ltr'>καὶ</span> <span class='ocrx_word' id='word_1_723' title='bbox 1324 4847 1531 4916; x_wconf 72' lang='grc' dir='ltr'>ἔφαγον</span> <span class='ocrx_word' id='word_1_724' title='bbox 1568 4849 1771 4908; x_wconf 79' lang='grc' dir='ltr'>πάντες</span> <span class='ocrx_word' id='word_1_725' title='bbox 1810 4850 1904 4901; x_wconf 78' lang='grc' dir='ltr'>καὶ</span> 
     </span>
    </p>
   </div>
   <div class='ocr_carea' id='block_1_95' title="bbox 314 4930 1880 5011">
    <p class='ocr_par' dir='ltr' id='par_1_95' title="bbox 314 4930 1880 5011">
     <span class='ocr_line' id='line_1_95' title="bbox 314 4930 1880 5011; baseline 0.008 -27"><span class='ocrx_word' id='word_1_726' title='bbox 314 4933 754 5005; x_wconf 72' lang='grc' dir='ltr'>ἐχορτάσθησαν,</span> <span class='ocrx_word' id='word_1_727' title='bbox 782 4935 880 4988; x_wconf 68' lang='grc' dir='ltr'>καὶ</span> <span class='ocrx_word' id='word_1_728' title='bbox 900 4930 1042 5008; x_wconf 83' lang='grc' dir='ltr'>ᾖραν</span> <span class='ocrx_word' id='word_1_729' title='bbox 1069 4937 1131 4990; x_wconf 83' lang='grc' dir='ltr'>τὸ</span> <span class='ocrx_word' id='word_1_730' title='bbox 1155 4939 1486 5007; x_wconf 66' lang='grc' dir='ltr'>περισσεῦον</span> <span class='ocrx_word' id='word_1_731' title='bbox 1513 4938 1624 4992; x_wconf 85' lang='grc' dir='ltr'><strong>τῶν</strong></span> <span class='ocrx_word' id='word_1_732' title='bbox 1653 4940 1880 5011; x_wconf 87' lang='grc' dir='ltr'>κλασμά</span> 
     </span>
    </p>
   </div>
   <div class='ocr_carea' id='block_1_96' title="bbox 313 5024 1906 5104">
    <p class='ocr_par' dir='ltr' id='par_1_96' title="bbox 313 5024 1906 5104">
     <span class='ocr_line' id='line_1_96' title="bbox 313 5024 1906 5104; baseline 0.004 -28"><span class='ocrx_word' id='word_1_733' title='bbox 313 5041 446 5090; x_wconf 84' lang='grc' dir='ltr'>των,</span> <span class='ocrx_word' id='word_1_734' title='bbox 466 5024 677 5079; x_wconf 84' lang='grc' dir='ltr'>δώδεκα</span> <span class='ocrx_word' id='word_1_735' title='bbox 717 5029 971 5095; x_wconf 82' lang='grc' dir='ltr'>κοφίνους</span> <span class='ocrx_word' id='word_1_736' title='bbox 998 5025 1248 5099; x_wconf 83' lang='grc' dir='ltr'>πλήρεις.</span> <span class='ocrx_word' id='word_1_737' title='bbox 1283 5032 1346 5085; x_wconf 83' lang='lat' dir='ltr'><strong>Ui</strong></span> <span class='ocrx_word' id='word_1_738' title='bbox 1382 5032 1440 5085; x_wconf 81' lang='grc' dir='ltr'>δὲ</span> <span class='ocrx_word' id='word_1_739' title='bbox 1465 5032 1740 5096; x_wconf 80' lang='grc' dir='ltr'>ἐσθίοντες</span> <span class='ocrx_word' id='word_1_740' title='bbox 1763 5029 1906 5104; x_wconf 80' lang='grc' dir='ltr'>ἦσαν</span> 
     </span>
    </p>
   </div>
   <div class='ocr_carea' id='block_1_97' title="bbox 315 5117 1906 5196">
    <p class='ocr_par' dir='ltr' id='par_1_97' title="bbox 315 5117 1906 5196">
     <span class='ocr_line' id='line_1_97' title="bbox 315 5117 1906 5196; baseline 0.004 -24"><span class='ocrx_word' id='word_1_741' title='bbox 315 5117 508 5196; x_wconf 82' lang='grc' dir='ltr'>ἄνδρες</span> <span class='ocrx_word' id='word_1_742' title='bbox 543 5119 675 5173; x_wconf 81' lang='grc' dir='ltr'>ὡσεὶ</span> <span class='ocrx_word' id='word_1_743' title='bbox 732 5123 1193 5193; x_wconf 85' lang='grc' dir='ltr'>πεντακισχίλιοι.</span> <span class='ocrx_word' id='word_1_744' title='bbox 1253 5125 1422 5196; x_wconf 78' lang='grc' dir='ltr'>χωρὶς</span> <span class='ocrx_word' id='word_1_745' title='bbox 1477 5125 1761 5194; x_wconf 86' lang='grc' dir='ltr'>γυναικῶν</span> <span class='ocrx_word' id='word_1_746' title='bbox 1811 5129 1906 5180; x_wconf 76' lang='grc' dir='ltr'>καὶ</span> 
     </span>
    </p>
   </div>
   <div class='ocr_carea' id='block_1_98' title="bbox 315 5195 1906 5287">
    <p class='ocr_par' dir='ltr' id='par_1_98' title="bbox 315 5195 1906 5287">
     <span class='ocr_line' id='line_1_98' title="bbox 315 5195 1906 5287; baseline 0.006 -26"><span class='ocrx_word' id='word_1_747' title='bbox 315 5195 563 5264; x_wconf 82' lang='grc' dir='ltr'>παιδίων.</span> <span class='ocrx_word' id='word_1_748' title='bbox 610 5229 629 5263; x_wconf 76' lang='grc' dir='ltr'><strong>ι</strong></span> <span class='ocrx_word' id='word_1_749' title='bbox 667 5211 794 5275; x_wconf 84' lang='grc' dir='ltr'>Τοῖς</span> <span class='ocrx_word' id='word_1_750' title='bbox 853 5211 1127 5284; x_wconf 84' lang='grc' dir='ltr'>μαθηταῖς</span> <span class='ocrx_word' id='word_1_751' title='bbox 1161 5195 1350 5267; x_wconf 83' lang='grc' dir='ltr'>δίδωσι</span> <span class='ocrx_word' id='word_1_752' title='bbox 1387 5216 1514 5278; x_wconf 81' lang='grc' dir='ltr'>τοὺς</span> <span class='ocrx_word' id='word_1_753' title='bbox 1565 5217 1784 5287; x_wconf 88' lang='grc' dir='ltr'>ἄρτους,</span> <span class='ocrx_word' id='word_1_754' title='bbox 1820 5218 1906 5271; x_wconf 79' lang='grc' dir='ltr'>ἵνα</span> 
     </span>
    </p>
   </div>
   <div class='ocr_carea' id='block_1_99' title="bbox 314 5298 1904 5387">
    <p class='ocr_par' dir='ltr' id='par_1_99' title="bbox 314 5298 1904 5387">
     <span class='ocr_line' id='line_1_99' title="bbox 314 5298 1904 5387; baseline 0.006 -31"><span class='ocrx_word' id='word_1_755' title='bbox 314 5302 403 5356; x_wconf 73' lang='grc' dir='ltr'><strong>διὰ</strong></span> <span class='ocrx_word' id='word_1_756' title='bbox 440 5303 662 5374; x_wconf 80' lang='grc' dir='ltr'>μνήμης</span> <span class='ocrx_word' id='word_1_757' title='bbox 697 5304 896 5387; x_wconf 71' lang='grc' dir='ltr'>ἔχωσιν</span> <span class='ocrx_word' id='word_1_758' title='bbox 925 5306 1014 5359; x_wconf 80' lang='grc' dir='ltr'><strong>ἀεὶ</strong></span> <span class='ocrx_word' id='word_1_759' title='bbox 1048 5306 1108 5359; x_wconf 86' lang='grc' dir='ltr'><strong>τὺ</strong></span> <span class='ocrx_word' id='word_1_760' title='bbox 1133 5298 1341 5376; x_wconf 81' lang='grc' dir='ltr'>θαῦμα,</span> <span class='ocrx_word' id='word_1_761' title='bbox 1373 5310 1481 5377; x_wconf 35' lang='grc' dir='ltr'>,καὶ</span> <span class='ocrx_word' id='word_1_762' title='bbox 1537 5309 1612 5382; x_wconf 80' lang='grc' dir='ltr'>μὴ</span> <span class='ocrx_word' id='word_1_763' title='bbox 1648 5310 1904 5383; x_wconf 76' lang='grc' dir='ltr'><strong>ἁπορρύῃ</strong></span> 
     </span>
    </p>
   </div>
   <div class='ocr_carea' id='block_1_100' title="bbox 315 5393 1907 5470">
    <p class='ocr_par' dir='ltr' id='par_1_100' title="bbox 315 5393 1907 5470">
     <span class='ocr_line' id='line_1_100' title="bbox 315 5393 1907 5470; baseline 0.007 -23"><span class='ocrx_word' id='word_1_764' title='bbox 315 5393 415 5463; x_wconf 78' lang='grc' dir='ltr'>τῆς</span> <span class='ocrx_word' id='word_1_765' title='bbox 447 5394 688 5456; x_wconf 82' lang='grc' dir='ltr'>διανοίας</span> <span class='ocrx_word' id='word_1_766' title='bbox 736 5396 939 5460; x_wconf 76' lang='grc' dir='ltr'>αὐτῶν,</span> <span class='ocrx_word' id='word_1_767' title='bbox 966 5397 1070 5451; x_wconf 76' lang='grc' dir='ltr'>κᾶν</span> <span class='ocrx_word' id='word_1_768' title='bbox 1104 5398 1304 5453; x_wconf 76' lang='grc' dir='ltr'>ἐκεῖνοι</span> <span class='ocrx_word' id='word_1_769' title='bbox 1366 5400 1652 5470; x_wconf 86' lang='grc' dir='ltr'>συντόμως</span> <span class='ocrx_word' id='word_1_770' title='bbox 1710 5403 1907 5458; x_wconf 77' lang='grc' dir='ltr'>ἐπελά-</span> 
     </span>
    </p>
   </div>
   <div class='ocr_carea' id='block_1_101' title="bbox 317 5483 1905 5561">
    <p class='ocr_par' dir='ltr' id='par_1_101' title="bbox 317 5483 1905 5561">
     <span class='ocr_line' id='line_1_101' title="bbox 317 5483 1905 5561; baseline 0.009 -26"><span class='ocrx_word' id='word_1_771' title='bbox 317 5483 474 5544; x_wconf 86' lang='grc' dir='ltr'>θοντο</span> <span class='ocrx_word' id='word_1_772' title='bbox 494 5501 509 5515; x_wconf 86' lang='grc'><strong>·</strong></span> <span class='ocrx_word' id='word_1_773' title='bbox 541 5484 628 5538; x_wconf 81' lang='grc' dir='ltr'>ἵνα</span> <span class='ocrx_word' id='word_1_774' title='bbox 660 5485 718 5537; x_wconf 81' lang='grc' dir='ltr'>δὲ</span> <span class='ocrx_word' id='word_1_775' title='bbox 750 5487 828 5557; x_wconf 75' lang='grc' dir='ltr'>μὴ</span> <span class='ocrx_word' id='word_1_776' title='bbox 851 5487 1080 5561; x_wconf 83' lang='grc' dir='ltr'>νομίσῃς</span> <span class='ocrx_word' id='word_1_777' title='bbox 1104 5489 1186 5542; x_wconf 81' lang='grc' dir='ltr'>ὅτι</span> <span class='ocrx_word' id='word_1_778' title='bbox 1214 5491 1357 5543; x_wconf 82' lang='grc' dir='ltr'>κατὰ</span> <span class='ocrx_word' id='word_1_779' title='bbox 1388 5493 1696 5559; x_wconf 84' lang='grc' dir='ltr'>φαντασίαν</span> <span class='ocrx_word' id='word_1_780' title='bbox 1739 5495 1905 5548; x_wconf 76' lang='grc' dir='ltr'>ἐθαυ‹</span> 
     </span>
    </p>
   </div>
   <div class='ocr_carea' id='block_1_102' title="bbox 318 5569 1904 5651">
    <p class='ocr_par' dir='ltr' id='par_1_102' title="bbox 318 5569 1904 5651">
     <span class='ocr_line' id='line_1_102' title="bbox 318 5569 1904 5651; baseline 0.008 -24"><span class='ocrx_word' id='word_1_781' title='bbox 318 5569 698 5648; x_wconf 57' lang='grc' dir='ltr'>μάούργησε,</span> <span class='ocrx_word' id='word_1_782' title='bbox 763 5578 851 5633; x_wconf 79' lang='grc' dir='ltr'><strong>διὰ</strong></span> <span class='ocrx_word' id='word_1_783' title='bbox 905 5573 1066 5634; x_wconf 74' lang='grc' dir='ltr'>τοῦτο</span> <span class='ocrx_word' id='word_1_784' title='bbox 1109 5582 1515 5651; x_wconf 86' lang='grc' dir='ltr'>περιττεύουσι.</span> <span class='ocrx_word' id='word_1_785' title='bbox 1571 5585 1792 5641; x_wconf 85' lang='grc' dir='ltr'>Δώδεκα</span> <span class='ocrx_word' id='word_1_786' title='bbox 1847 5588 1904 5642; x_wconf 88' lang='grc' dir='ltr'>δὲ</span> 
     </span>
    </p>
   </div>
   <div class='ocr_carea' id='block_1_103' title="bbox 317 5668 1908 5752">
    <p class='ocr_par' dir='ltr' id='par_1_103' title="bbox 317 5668 1908 5752">
     <span class='ocr_line' id='line_1_103' title="bbox 317 5668 1908 5752; baseline 0.009 -31"><span class='ocrx_word' id='word_1_787' title='bbox 317 5668 552 5738; x_wconf 87' lang='grc' dir='ltr'>κόφινοι,</span> <span class='ocrx_word' id='word_1_788' title='bbox 597 5669 684 5722; x_wconf 84' lang='grc' dir='ltr'><strong>ῖνα</strong></span> <span class='ocrx_word' id='word_1_789' title='bbox 719 5671 817 5724; x_wconf 69' lang='grc' dir='ltr'>καὶ</span> <span class='ocrx_word' id='word_1_790' title='bbox 860 5672 1063 5736; x_wconf 82' lang='grc' dir='ltr'>Ἰούδας</span> <span class='ocrx_word' id='word_1_791' title='bbox 1105 5673 1374 5748; x_wconf 75' lang='grc' dir='ltr'>βαστὰση,</span> <span class='ocrx_word' id='word_1_792' title='bbox 1405 5678 1501 5731; x_wconf 73' lang='grc' dir='ltr'>καὶ</span> <span class='ocrx_word' id='word_1_793' title='bbox 1551 5680 1628 5750; x_wconf 82' lang='grc' dir='ltr'>μὴ</span> <span class='ocrx_word' id='word_1_794' title='bbox 1661 5682 1739 5745; x_wconf 81' lang='grc' dir='ltr'><strong>είς</strong></span> <span class='ocrx_word' id='word_1_795' title='bbox 1774 5699 1908 5752; x_wconf 88' lang='grc' dir='ltr'>προ-</span> 
     </span>
    </p>
   </div>
   <div class='ocr_carea' id='block_1_104' title="bbox 315 5762 1903 5845">
    <p class='ocr_par' dir='ltr' id='par_1_104' title="bbox 315 5762 1903 5845">
     <span class='ocr_line' id='line_1_104' title="bbox 315 5762 1903 5845; baseline 0.009 -29"><span class='ocrx_word' id='word_1_796' title='bbox 315 5762 502 5816; x_wconf 89' lang='grc' dir='ltr'>δοσίαν</span> <span class='ocrx_word' id='word_1_797' title='bbox 535 5763 966 5838; x_wconf 76' lang='grc' dir='ltr'>ἐκτραχηλισθῇ,</span> <span class='ocrx_word' id='word_1_798' title='bbox 999 5768 1406 5841; x_wconf 66' lang='grc' dir='ltr'>ὀνθυμούμενος</span> <span class='ocrx_word' id='word_1_799' title='bbox 1438 5773 1499 5826; x_wconf 83' lang='grc' dir='ltr'>τὸ</span> <span class='ocrx_word' id='word_1_800' title='bbox 1533 5773 1743 5845; x_wconf 83' lang='grc' dir='ltr'>θαῦμα.</span> <span class='ocrx_word' id='word_1_801' title='bbox 1789 5777 1903 5832; x_wconf 75' lang='grc' dir='ltr'><strong>Καὶ</strong></span> 
     </span>
    </p>
   </div>
   <div class='ocr_carea' id='block_1_105' title="bbox 314 5853 1900 5943">
    <p class='ocr_par' dir='ltr' id='par_1_105' title="bbox 314 5853 1900 5943">
     <span class='ocr_line' id='line_1_105' title="bbox 314 5853 1900 5943; baseline 0.018 -36"><span class='ocrx_word' id='word_1_802' title='bbox 314 5854 442 5920; x_wconf 78' lang='grc' dir='ltr'>τοὺς</span> <span class='ocrx_word' id='word_1_803' title='bbox 465 5853 665 5927; x_wconf 88' lang='grc' dir='ltr'>ἄρτους</span> <span class='ocrx_word' id='word_1_804' title='bbox 693 5857 748 5911; x_wconf 69' lang='grc' dir='ltr'>δὲ</span> <span class='ocrx_word' id='word_1_805' title='bbox 777 5857 1037 5930; x_wconf 77' lang='grc' dir='ltr'>πληθύνει</span> <span class='ocrx_word' id='word_1_806' title='bbox 1090 5861 1186 5914; x_wconf 77' lang='grc' dir='ltr'>καὶ</span> <span class='ocrx_word' id='word_1_807' title='bbox 1211 5865 1337 5928; x_wconf 86' lang='grc' dir='ltr'>τοὺς</span> <span class='ocrx_word' id='word_1_808' title='bbox 1367 5862 1581 5938; x_wconf 85' lang='grc' dir='ltr'>ίχθύας,</span> <span class='ocrx_word' id='word_1_809' title='bbox 1617 5867 1704 5922; x_wconf 80' lang='grc' dir='ltr'>ἵνα</span> <span class='ocrx_word' id='word_1_810' title='bbox 1748 5866 1900 5943; x_wconf 72' lang='grc' dir='ltr'>δείξῃ</span> 
     </span>
    </p>
   </div>
   <div class='ocr_carea' id='block_1_106' title="bbox 560 5950 1307 6020">
    <p class='ocr_par' dir='ltr' id='par_1_106' title="bbox 560 5950 1307 6020">
     <span class='ocr_line' id='line_1_106' title="bbox 560 5950 1307 6020; baseline 0.015 -12"><span class='ocrx_word' id='word_1_811' title='bbox 560 5950 835 6015; x_wconf 72' lang='grc' dir='ltr'>ΡΑτιιοι.</span> <span class='ocrx_word' id='word_1_812' title='bbox 875 5953 992 6015; x_wconf 79' lang='grc' dir='ltr'>Ο-ιι.</span> <span class='ocrx_word' id='word_1_813' title='bbox 1027 5954 1307 6020; x_wconf 76' lang='lat' dir='ltr'><strong>CXXI”.</strong></span> 
     </span>
    </p>
   </div>
   <div class='ocr_carea' id='block_1_107' title="bbox 2010 4567 2570 4628">
    <p class='ocr_par' dir='ltr' id='par_1_107' title="bbox 2010 4567 2570 4628">
     <span class='ocr_line' id='line_1_107' title="bbox 2010 4567 2570 4628; baseline 0.016 -9"><span class='ocrx_word' id='word_1_814' title='bbox 2010 4577 2065 4620; x_wconf 90' lang='lat' dir='ltr'><strong>et</strong></span> <span class='ocrx_word' id='word_1_815' title='bbox 2096 4567 2175 4622; x_wconf 92' lang='lat' dir='ltr'><strong>sic</strong></span> <span class='ocrx_word' id='word_1_816' title='bbox 2195 4571 2570 4628; x_wconf 85' lang='lat' dir='ltr'><strong>comedamus.</strong></span> 
     </span>
    </p>
   </div>
   <div class='ocr_carea' id='block_1_108' title="bbox 2087 4751 3615 4844">
    <p class='ocr_par' dir='ltr' id='par_1_108' title="bbox 2087 4751 3615 4844">
     <span class='ocr_line' id='line_1_108' title="bbox 2087 4751 3615 4844; baseline 0.016 -39"><span class='ocrx_word' id='word_1_817' title='bbox 2087 4751 2252 4810; x_wconf 72' lang='lat' dir='ltr'><strong>Vens.</strong></span> <span class='ocrx_word' id='word_1_818' title='bbox 2284 4755 2476 4812; x_wconf 70' lang='lat'><strong>19-21.</strong></span> <span class='ocrx_word' id='word_1_819' title='bbox 2519 4777 2538 4811; x_wconf 70' lang='grc' dir='ltr'><strong>ι</strong></span> <span class='ocrx_word' id='word_1_820' title='bbox 2579 4760 2647 4814; x_wconf 80' lang='lat' dir='ltr'><strong>Et</strong></span> <span class='ocrx_word' id='word_1_821' title='bbox 2676 4778 2798 4817; x_wconf 92' lang='lat' dir='ltr'><strong>cum</strong></span> <span class='ocrx_word' id='word_1_822' title='bbox 2830 4763 3102 4835; x_wconf 87' lang='lat' dir='ltr'><strong>fregisset,</strong></span> <span class='ocrx_word' id='word_1_823' title='bbox 3146 4769 3295 4823; x_wconf 88' lang='lat' dir='ltr'><strong>dedit</strong></span> <span class='ocrx_word' id='word_1_824' title='bbox 3329 4774 3615 4844; x_wconf 78' lang='lat' dir='ltr'><strong>discipulis</strong></span> 
     </span>
    </p>
   </div>
   <div class='ocr_carea' id='block_1_109' title="bbox 2011 4851 3613 4933">
    <p class='ocr_par' dir='ltr' id='par_1_109' title="bbox 2011 4851 3613 4933">
     <span class='ocr_line' id='line_1_109' title="bbox 2011 4851 3613 4933; baseline 0.012 -31"><span class='ocrx_word' id='word_1_825' title='bbox 2011 4863 2201 4919; x_wconf 86' lang='lat' dir='ltr'><strong>panes,</strong></span> <span class='ocrx_word' id='word_1_826' title='bbox 2236 4851 2488 4923; x_wconf 89' lang='lat' dir='ltr'><strong>discipuli</strong></span> <span class='ocrx_word' id='word_1_827' title='bbox 2518 4869 2648 4911; x_wconf 87' lang='lat' dir='ltr'><strong>vero</strong></span> <span class='ocrx_word' id='word_1_828' title='bbox 2682 4859 2878 4915; x_wconf 87' lang='lat' dir='ltr'><strong>turbis.</strong></span> <span class='ocrx_word' id='word_1_829' title='bbox 2917 4859 2984 4915; x_wconf 91' lang='lat' dir='ltr'><strong>Et</strong></span> <span class='ocrx_word' id='word_1_830' title='bbox 3014 4866 3372 4921; x_wconf 90' lang='lat' dir='ltr'><strong>comederunt</strong></span> <span class='ocrx_word' id='word_1_831' title='bbox 3398 4882 3613 4933; x_wconf 78' lang='lat' dir='ltr'><strong>omnes,</strong></span> 
     </span>
    </p>
   </div>
   <div class='ocr_carea' id='block_1_110' title="bbox 2011 4948 3616 5028">
    <p class='ocr_par' dir='ltr' id='par_1_110' title="bbox 2011 4948 3616 5028">
     <span class='ocr_line' id='line_1_110' title="bbox 2011 4948 3616 5028; baseline 0.015 -32"><span class='ocrx_word' id='word_1_832' title='bbox 2011 4951 2065 4997; x_wconf 89' lang='lat' dir='ltr'><strong>et</strong></span> <span class='ocrx_word' id='word_1_833' title='bbox 2094 4948 2324 5000; x_wconf 88' lang='lat' dir='ltr'><strong>saturati</strong></span> <span class='ocrx_word' id='word_1_834' title='bbox 2350 4957 2499 5014; x_wconf 90' lang='lat' dir='ltr'><strong>sunt,</strong></span> <span class='ocrx_word' id='word_1_835' title='bbox 2528 4957 2581 5004; x_wconf 93' lang='lat' dir='ltr'><strong>et</strong></span> <span class='ocrx_word' id='word_1_836' title='bbox 2615 4953 2961 5008; x_wconf 87' lang='lat' dir='ltr'><strong>sustulerunt</strong></span> <span class='ocrx_word' id='word_1_837' title='bbox 2997 4959 3141 5025; x_wconf 92' lang='lat' dir='ltr'><strong>quod</strong></span> <span class='ocrx_word' id='word_1_838' title='bbox 3177 4960 3523 5028; x_wconf 84' lang='lat' dir='ltr'><strong>superfuerat</strong></span> <span class='ocrx_word' id='word_1_839' title='bbox 3549 4969 3616 5020; x_wconf 82' lang='lat' dir='ltr'><strong>de</strong></span> 
     </span>
    </p>
   </div>
   <div class='ocr_carea' id='block_1_111' title="bbox 2011 5039 3613 5132">
    <p class='ocr_par' dir='ltr' id='par_1_111' title="bbox 2011 5039 3613 5132">
     <span class='ocr_line' id='line_1_111' title="bbox 2011 5039 3613 5132; baseline 0.014 -39"><span class='ocrx_word' id='word_1_840' title='bbox 2011 5039 2334 5113; x_wconf 85' lang='lat' dir='ltr'><strong>fragmentis</strong></span> <span class='ocrx_word' id='word_1_841' title='bbox 2385 5046 2673 5104; x_wconf 88' lang='lat' dir='ltr'><strong>duodecim</strong></span> <span class='ocrx_word' id='word_1_842' title='bbox 2719 5054 2987 5120; x_wconf 87' lang='lat' dir='ltr'><strong>cophinos</strong></span> <span class='ocrx_word' id='word_1_843' title='bbox 3031 5055 3243 5124; x_wconf 89' lang='lat' dir='ltr'><strong>plenos.</strong></span> <span class='ocrx_word' id='word_1_844' title='bbox 3296 5057 3468 5116; x_wconf 90' lang='lat' dir='ltr'><strong>Porro</strong></span> <span class='ocrx_word' id='word_1_845' title='bbox 3521 5067 3613 5132; x_wconf 89' lang='lat' dir='ltr'><strong>qni</strong></span> 
     </span>
    </p>
   </div>
   <div class='ocr_carea' id='block_1_112' title="bbox 2010 5136 3613 5222">
    <p class='ocr_par' dir='ltr' id='par_1_112' title="bbox 2010 5136 3613 5222">
     <span class='ocr_line' id='line_1_112' title="bbox 2010 5136 3613 5222; baseline 0.014 -34"><span class='ocrx_word' id='word_1_846' title='bbox 2010 5136 2388 5203; x_wconf 89' lang='lat' dir='ltr'><strong>comederant,</strong></span> <span class='ocrx_word' id='word_1_847' title='bbox 2449 5139 2605 5196; x_wconf 91' lang='lat' dir='ltr'><strong>fuere</strong></span> <span class='ocrx_word' id='word_1_848' title='bbox 2657 5145 2760 5199; x_wconf 89' lang='lat' dir='ltr'><strong>viri</strong></span> <span class='ocrx_word' id='word_1_849' title='bbox 2835 5146 3013 5203; x_wconf 90' lang='lat' dir='ltr'><strong>ferme</strong></span> <span class='ocrx_word' id='word_1_850' title='bbox 3083 5151 3377 5221; x_wconf 87' lang='lat' dir='ltr'><strong>quinquies</strong></span> <span class='ocrx_word' id='word_1_851' title='bbox 3443 5157 3613 5222; x_wconf 88' lang='lat' dir='ltr'><strong>mille,</strong></span> 
     </span>
    </p>
   </div>
   <div class='ocr_carea' id='block_1_113' title="bbox 2011 5230 3614 5316">
    <p class='ocr_par' dir='ltr' id='par_1_113' title="bbox 2011 5230 3614 5316">
     <span class='ocr_line' id='line_1_113' title="bbox 2011 5230 3614 5316; baseline 0.016 -37"><span class='ocrx_word' id='word_1_852' title='bbox 2011 5237 2212 5294; x_wconf 73' lang='lat' dir='ltr'><strong>praeter</strong></span> <span class='ocrx_word' id='word_1_853' title='bbox 2243 5230 2500 5288; x_wconf 84' lang='lat' dir='ltr'><strong>mulieres</strong></span> <span class='ocrx_word' id='word_1_854' title='bbox 2541 5251 2603 5289; x_wconf 93' lang='lat' dir='ltr'><strong>ac</strong></span> <span class='ocrx_word' id='word_1_855' title='bbox 2633 5250 2853 5305; x_wconf 90' lang='lat' dir='ltr'><strong>pueros.</strong></span> <span class='ocrx_word' id='word_1_856' title='bbox 2895 5258 2913 5291; x_wconf 71' lang='grc' dir='ltr'><strong>ι</strong></span> <span class='ocrx_word' id='word_1_857' title='bbox 2955 5239 3246 5314; x_wconf 86' lang='lat' dir='ltr'><strong>Discipulis</strong></span> <span class='ocrx_word' id='word_1_858' title='bbox 3285 5246 3377 5300; x_wconf 89' lang='lat' dir='ltr'><strong>dat</strong></span> <span class='ocrx_word' id='word_1_859' title='bbox 3422 5263 3614 5316; x_wconf 88' lang='lat' dir='ltr'><strong>panes,</strong></span> 
     </span>
    </p>
   </div>
   <div class='ocr_carea' id='block_1_114' title="bbox 2012 5322 3615 5403">
    <p class='ocr_par' dir='ltr' id='par_1_114' title="bbox 2012 5322 3615 5403">
     <span class='ocr_line' id='line_1_114' title="bbox 2012 5322 3615 5403; baseline 0.014 -30"><span class='ocrx_word' id='word_1_860' title='bbox 2012 5329 2071 5373; x_wconf 86' lang='lat' dir='ltr'><strong>ut</strong></span> <span class='ocrx_word' id='word_1_861' title='bbox 2116 5322 2168 5375; x_wconf 92' lang='lat' dir='ltr'><strong>in</strong></span> <span class='ocrx_word' id='word_1_862' title='bbox 2213 5325 2479 5380; x_wconf 85' lang='lat' dir='ltr'><strong>memoria</strong></span> <span class='ocrx_word' id='word_1_863' title='bbox 2511 5343 2728 5400; x_wconf 89' lang='lat' dir='ltr'><strong>semper</strong></span> <span class='ocrx_word' id='word_1_864' title='bbox 2778 5333 3017 5389; x_wconf 83' lang='lat' dir='ltr'><strong>habeant</strong></span> <span class='ocrx_word' id='word_1_865' title='bbox 3062 5339 3414 5403; x_wconf 88' lang='lat' dir='ltr'><strong>miraculum,</strong></span> <span class='ocrx_word' id='word_1_866' title='bbox 3456 5352 3510 5396; x_wconf 89' lang='lat' dir='ltr'><strong>et</strong></span> <span class='ocrx_word' id='word_1_867' title='bbox 3548 5359 3615 5395; x_wconf 89' lang='lat' dir='ltr'><strong>ne</strong></span> 
     </span>
    </p>
   </div>
   <div class='ocr_carea' id='block_1_115' title="bbox 2011 5412 3618 5491">
    <p class='ocr_par' dir='ltr' id='par_1_115' title="bbox 2011 5412 3618 5491">
     <span class='ocr_line' id='line_1_115' title="bbox 2011 5412 3618 5491; baseline 0.012 -24"><span class='ocrx_word' id='word_1_868' title='bbox 2011 5412 2195 5468; x_wconf 82' lang='lat' dir='ltr'><strong>emuat</strong></span> <span class='ocrx_word' id='word_1_869' title='bbox 2237 5429 2265 5469; x_wconf 87' lang='lat' dir='ltr'><strong>a</strong></span> <span class='ocrx_word' id='word_1_870' title='bbox 2316 5419 2647 5488; x_wconf 86' lang='lat' dir='ltr'><strong>cogitatione</strong></span> <span class='ocrx_word' id='word_1_871' title='bbox 2680 5438 2891 5491; x_wconf 88' lang='lat' dir='ltr'><strong>eorum,</strong></span> <span class='ocrx_word' id='word_1_872' title='bbox 2942 5431 3159 5484; x_wconf 87' lang='lat' dir='ltr'><strong>tametsi</strong></span> <span class='ocrx_word' id='word_1_873' title='bbox 3209 5431 3284 5485; x_wconf 88' lang='lat' dir='ltr'><strong>illi</strong></span> <span class='ocrx_word' id='word_1_874' title='bbox 3330 5431 3441 5487; x_wconf 89' lang='lat' dir='ltr'><strong>cito</strong></span> <span class='ocrx_word' id='word_1_875' title='bbox 3474 5433 3618 5488; x_wconf 84' lang='lat' dir='ltr'><strong>obli-</strong></span> 
     </span>
    </p>
   </div>
   <div class='ocr_carea' id='block_1_116' title="bbox 2014 5509 3613 5596">
    <p class='ocr_par' dir='ltr' id='par_1_116' title="bbox 2014 5509 3613 5596">
     <span class='ocr_line' id='line_1_116' title="bbox 2014 5509 3613 5596; baseline 0.014 -38"><span class='ocrx_word' id='word_1_876' title='bbox 2014 5509 2387 5564; x_wconf 86' lang='lat' dir='ltr'><strong>viscebantur.</strong></span> <span class='ocrx_word' id='word_1_877' title='bbox 2434 5511 2514 5568; x_wconf 86' lang='lat' dir='ltr'><strong>Ne</strong></span> <span class='ocrx_word' id='word_1_878' title='bbox 2557 5524 2740 5574; x_wconf 87' lang='lat' dir='ltr'><strong>autem</strong></span> <span class='ocrx_word' id='word_1_879' title='bbox 2794 5521 3038 5589; x_wconf 90' lang='lat' dir='ltr'><strong>opineris</strong></span> <span class='ocrx_word' id='word_1_880' title='bbox 3090 5526 3236 5592; x_wconf 88' lang='lat' dir='ltr'><strong>quod</strong></span> <span class='ocrx_word' id='word_1_881' title='bbox 3283 5538 3613 5596; x_wconf 86' lang='lat' dir='ltr'><strong>apparenler</strong></span> 
     </span>
    </p>
   </div>
   <div class='ocr_carea' id='block_1_117' title="bbox 2017 5604 3615 5690">
    <p class='ocr_par' dir='ltr' id='par_1_117' title="bbox 2017 5604 3615 5690">
     <span class='ocr_line' id='line_1_117' title="bbox 2017 5604 3615 5690; baseline 0.014 -39"><span class='ocrx_word' id='word_1_882' title='bbox 2017 5608 2228 5654; x_wconf 90' lang='lat' dir='ltr'><strong>tantum</strong></span> <span class='ocrx_word' id='word_1_883' title='bbox 2288 5604 2556 5660; x_wconf 89' lang='lat' dir='ltr'><strong>miracula</strong></span> <span class='ocrx_word' id='word_1_884' title='bbox 2609 5608 2822 5676; x_wconf 86' lang='lat' dir='ltr'><strong>fecerit,</strong></span> <span class='ocrx_word' id='word_1_885' title='bbox 2863 5615 3302 5686; x_wconf 87' lang='lat' dir='ltr'><strong>multiplicantur</strong></span> <span class='ocrx_word' id='word_1_886' title='bbox 3345 5636 3516 5690; x_wconf 88' lang='lat' dir='ltr'><strong>usque</strong></span> <span class='ocrx_word' id='word_1_887' title='bbox 3549 5623 3615 5675; x_wconf 85' lang='lat' dir='ltr'><strong>ad</strong></span> 
     </span>
    </p>
   </div>
   <div class='ocr_carea' id='block_1_118' title="bbox 2013 5691 3618 5782">
    <p class='ocr_par' dir='ltr' id='par_1_118' title="bbox 2013 5691 3618 5782">
     <span class='ocr_line' id='line_1_118' title="bbox 2013 5691 3618 5782; baseline 0.016 -39"><span class='ocrx_word' id='word_1_888' title='bbox 2013 5691 2389 5761; x_wconf 90' lang='lat' dir='ltr'><strong>impletionem</strong></span> <span class='ocrx_word' id='word_1_889' title='bbox 2441 5699 2730 5757; x_wconf 89' lang='lat' dir='ltr'><strong>duodecim</strong></span> <span class='ocrx_word' id='word_1_890' title='bbox 2785 5706 3149 5776; x_wconf 85' lang='lat' dir='ltr'><strong>caphinorum</strong></span> <span class='ocrx_word' id='word_1_891' title='bbox 3207 5728 3397 5782; x_wconf 88' lang='lat' dir='ltr'><strong>panes,</strong></span> <span class='ocrx_word' id='word_1_892' title='bbox 3452 5724 3510 5768; x_wconf 93' lang='lat' dir='ltr'><strong>ut</strong></span> <span class='ocrx_word' id='word_1_893' title='bbox 3564 5724 3618 5770; x_wconf 88' lang='lat' dir='ltr'><strong>et</strong></span> 
     </span>
    </p>
   </div>
   <div class='ocr_carea' id='block_1_119' title="bbox 2012 5779 3617 5873">
    <p class='ocr_par' dir='ltr' id='par_1_119' title="bbox 2012 5779 3617 5873">
     <span class='ocr_line' id='line_1_119' title="bbox 2012 5779 3617 5873; baseline 0.016 -38"><span class='ocrx_word' id='word_1_894' title='bbox 2012 5779 2182 5838; x_wconf 85' lang='lat' dir='ltr'><strong>Judas</strong></span> <span class='ocrx_word' id='word_1_895' title='bbox 2214 5795 2415 5853; x_wconf 89' lang='lat' dir='ltr'><strong>portet,</strong></span> <span class='ocrx_word' id='word_1_896' title='bbox 2459 5799 2515 5842; x_wconf 93' lang='lat' dir='ltr'><strong>et</strong></span> <span class='ocrx_word' id='word_1_897' title='bbox 2562 5793 2629 5845; x_wconf 90' lang='lat' dir='ltr'><strong>ad</strong></span> <span class='ocrx_word' id='word_1_898' title='bbox 2661 5795 2999 5863; x_wconf 72' lang='lat' dir='ltr'><strong>prodeundum</strong></span> <span class='ocrx_word' id='word_1_899' title='bbox 3055 5816 3163 5855; x_wconf 89' lang='lat' dir='ltr'><strong>non</strong></span> <span class='ocrx_word' id='word_1_900' title='bbox 3208 5779 3286 5856; x_wconf 32' lang='lat' dir='ltr'><strong>&#39;sit</strong></span> <span class='ocrx_word' id='word_1_901' title='bbox 3335 5779 3617 5873; x_wconf 74' lang='lat' dir='ltr'><strong>pervicax,</strong></span> 
     </span>
    </p>
   </div>
   <div class='ocr_carea' id='block_1_120' title="bbox 2015 5875 3606 5969">
    <p class='ocr_par' dir='ltr' id='par_1_120' title="bbox 2015 5875 3606 5969">
     <span class='ocr_line' id='line_1_120' title="bbox 2015 5875 3606 5969; baseline 0.014 -39"><span class='ocrx_word' id='word_1_902' title='bbox 2015 5875 2342 5934; x_wconf 86' lang='lat' dir='ltr'><strong>miraculum</strong></span> <span class='ocrx_word' id='word_1_903' title='bbox 2390 5895 2576 5939; x_wconf 86' lang='lat' dir='ltr'><strong>secum</strong></span> <span class='ocrx_word' id='word_1_904' title='bbox 2610 5889 2880 5958; x_wconf 77' lang='lat' dir='ltr'><strong>cogitans.</strong></span> <span class='ocrx_word' id='word_1_905' title='bbox 2917 5891 3095 5950; x_wconf 89' lang='lat' dir='ltr'><strong>Panes</strong></span> <span class='ocrx_word' id='word_1_906' title='bbox 3129 5904 3312 5951; x_wconf 90' lang='lat' dir='ltr'><strong>autem</strong></span> <span class='ocrx_word' id='word_1_907' title='bbox 3344 5898 3606 5969; x_wconf 90' lang='lat' dir='ltr'><strong>multipli-</strong></span> 
     </span>
    </p>
   </div>
   <div class='ocr_carea' id='block_1_121' title="bbox 3267 5990 3338 6049">
    <p class='ocr_par' dir='ltr' id='par_1_121' title="bbox 3267 5990 3338 6049">
     <span class='ocr_line' id='line_1_121' title="bbox 3267 5990 3338 6049; baseline -0.014 0"><span class='ocrx_word' id='word_1_908' title='bbox 3267 5990 3338 6049; x_wconf 88' lang='grc'><strong>10</strong></span> 
     </span>
    </p>
   </div>
  </div>
