4288 6444
761 429 868 493 299

1596 419 2172 482 THEOPBYLACTI
2207 417 2619 481 BULGARUE
2643 414 3003 479 ARCHIEP.

3900 408 4016 475 300

760 551 849 597 rat
878 550 934 597 et
970 539 1166 610 pisces,
1195 546 1252 592 ut
1282 535 1529 591 ostendat
1556 534 1697 605 quod
1729 535 1846 606 ipse
1880 534 1951 590 sit
1977 535 2069 606 qui
2122 543 2325 591 terram
2354 541 2400 598 Α
2428 532 2453 586 ὃ

2316 549 2325 587 l
2354 541 2400 598 Α
2428 532 2512 586 ὅτι
2542 532 2708 595 αὐτός
2728 532 2882 583 iactv
2929 530 2960 582 ό
2989 529 3092 598 γῆς
3138 526 3233 580 καὶ
3294 523 3579 599 θαλάσσης
3632 525 4009 597 Δημιουργδς,

757 641 811 686 et
839 645 987 685 mare
1013 625 1333 689 condiderit,
1362 632 1417 679 et
1440 638 1629 679 omnes
1659 622 1791 690 cibi,
1813 622 2010 692 quibus
2029 623 2323 689 vescimur,

761 723 830 777 ab
859 722 975 791 ipso
1006 716 1161 774 nobis
1193 714 1408 778 dentur,
1439 725 1493 771 et
1525 728 1625 784 per
1655 716 1832 784 ipsum
1873 713 2323 783 multiplicemur.

764 812 1025 867 Caeterum
1063 808 1117 862 in
1163 807 1380 861 deserto
1408 804 1467 860 ﬁt
1513 804 1857 869 miraculum,
1902 820 1969 860 ne
1996 804 2118 874 quis
2149 803 2327 871 opine-

758 912 846 955 tur
886 913 916 953 e
951 897 1174 953 civitate
1201 896 1625 964 vicina-emptos
1648 909 1850 964 “panes,
1881 892 2325 962 multitudinique

756 988 1097 1051 distributos;
1123 983 1229 1055 75
1255 986 1529 1040 desertum
1556 985 1699 1039 enim
1720 994 1838 1040 erat
1860 990 1955 1038 :‘et
1980 983 2083 1039 hoc
2105 982 2321 1054 quidem

751 1066 1050 1135 secundum
1105 1077 1408 1132 historiam.
1437 1076 1597 1131 Juxta
1644 1091 1920 1147 anagogen
1945 1085 2124 1129 autem
2154 1075 2320 1130 disce.

749 1172 1039 1241 Postquam
1095 1168 1356 1236 Herodes,
1411 1170 1513 1224 hoc
1560 1178 1666 1235 est,
1712 1167 1951 1223 carnalis
1988 1178 2041 1221 et
2094 1166 2318 1237 pellicea

750 1279 902 1320 meus
926 1262 1231 1318 Judaorum
1257 1263 1353 1332 (ita
1384 1262 1529 1316 enim
1564 1260 1801 1323 Herodes
1832 1258 2011 1327 sonat)
2035 1256 2323 1313 decollavit

749 1353 1037 1421 Joannem,
1070 1354 1458 1427 prophetatum
1497 1362 1681 1421 caput,
1710 1350 1812 1405 hoc
1850 1360 1956 1416 est,
1998 1350 2065 1405 de
2103 1349 2323 1405 Christo

752 1447 1168 1519 praedicentibus
1198 1459 1304 1499 non
1338 1442 1587 1508 credidit,
1620 1442 1822 1497 secedit
1854 1441 2014 1497 Jesus
2045 1442 2097 1495 in
2134 1441 2321 1495 deser-

751 1550 860 1593 tum
899 1537 1100 1601 locum,
1147 1535 1212 1590 ad
1244 1542 1431 1606 gentes
1462 1549 1493 1589 a
1536 1534 1643 1588 Deo
1682 1533 2007 1599 destitutas,
2031 1541 2086 1587 et
2114 1540 2323 1586 sanavit

748 1629 989 1683 inllrmas
1013 1625 1246 1690 animas,
1280 1633 1335 1680 et
1378 1625 1571 1681 deinde
1600 1623 1745 1691 pavit
1780 1638 1894 1678 eas.
1921 1622 2056 1677 Nam
2095 1622 2193 1677 nisi
2243 1637 2322 1678 re-

748 1719 956 1775 miserit
1011 1714 1166 1773 nobis
1214 1725 1455 1786 peccata,
1513 1726 1569 1770 et
1622 1713 1901 1769 sanaverit
1946 1711 2166 1767 morbos
2226 1726 2322 1781 per

749 1811 1095 1880 baptismum,
1132 1821 1241 1862 non
1280 1814 1470 1877 pascet
1520 1819 1619 1859 nos
1663 1803 2049 1859 communione
2079 1801 2321 1872 impollu-

750 1913 929 1957 torum
982 1899 1385 1970 mysteriorum.
1433 1896 1623 1951 Nullus
1671 1897 1814 1950 enim
1858 1910 1965 1950 non
2012 1894 2320 1965 baptizatus
2350 1882 2393 1939 Β

744 1992 1129 2048 communicat.
1158 1988 1280 2045 1am
1320 1988 1560 2059 quinque
1601 1986 1769 2042 millia
1796 1986 2015 2059 signant
2042 2000 2140 2041 eos
2181 1974 2320 2055 quo-

742 2099 861 2137 rum
894 2082 1134 2153 quinque
1168 2096 1367 2138 sensus
1399 2080 1539 2135 male
1573 2079 1753 2135 aﬂ‘ecti
1792 2088 1972 2144 erant,
2013 2089 2068 2134 et
2105 2078 2199 2148 qui
2222 2091 2319 2147 per

750 2176 990 2244 quinque
1036 2189 1202 2244 panes
1244 2183 1529 2228 curantur.
1575 2172 1868 2228 Enimvero
1907 2171 2035 2241 quia
2078 2170 2317 2240 quinque

741 2283 939 2325 sensus
964 2267 1405 2330 intlrmnbantur,
1436 2274 1567 2335 quot
1605 2265 1774 2335 plaga:
1814 2273 1997 2328 erant,
2041 2271 2121 2316 tot
2160 2271 2316 2315 erant

739 2372 791 2417 et
812 2362 1125 2432 emplastra.
1149 2361 1262 2417 Duo
1285 2376 1415 2416 vero
1435 2362 1634 2436 pisces,
1655 2360 1984 2431 piscatorum
2009 2367 2313 2414 sermones.

741 2453 892 2511 Unus
921 2456 1108 2525 piscis,
1157 2452 1549 2523 Evangelium;
1602 2454 1741 2507 alius
1774 2450 1960 2522 piscis,
2000 2449 2311 2520 Apostolus.

740 2546 971 2615 Quidam
1000 2548 1241 2617 quinque
1290 2560 1479 2616 panes,
1516 2545 1759 2614 quinque
1789 2544 1956 2599 libros
2002 2542 2205 2612 Moysis
2240 2541 2317 2596 in-

740 2636 1090 2702 tellexerunt,
1124 2634 1402 2699 Genesim,
1439 2633 1707 2698 Exodum,
1742 2630 2068 2695 Levitieum,
2110 2632 2313 2687 Nume-

738 2743 851 2793 ros,
880 2728 1382 2784 Dcuteronomium.
1408 2724 1701 2781 Duodecim
1734 2733 1917 2779 autem
1961 2723 2177 2793 cophini
2202 2724 2318 2777 fue-

729 2829 862 2875 runt
895 2818 1093 2875 sublati
1137 2820 1204 2872 ab
1253 2817 1533 2889 apostolis,
1582 2826 1639 2870 et
1686 2815 1908 2884 portati.
1966 2816 2316 2883 Quaecunque

732 2914 882 2977 enim
915 2926 1014 2968 nos
1050 2911 1220 2965 turba:
1257 2913 1561 2976 comedere,
1602 2909 1703 2963 hoc
1729 2916 1834 2975 est,
1876 2908 2178 2975 intelligere
2206 2922 2311 2962 non

736 3006 1043 3076 potuimus,
1106 3018 1295 3058 eorum
1355 3001 1583 3071 apostoli
1639 3015 1870 3071 capaces
1920 3009 2204 3071 portarunt
2260 3008 2315 3054 et

734 3097 1063 3151 diviserunt.
1094 3095 1300 3150 Przeter
1332 3094 1595 3149 mulieres
1628 3108 1692 3147 ac
1734 3091 1993 3162 parvulos
2027 3107 2041 3145 :
2080 3091 2314 3160 exigitur

2434 625 2530 679 καὶ
2579 625 2662 677 ὅτι
2709 623 2747 677 ἃ
2789 621 2913 678 καθ’
2970 621 3212 689 lxioth
3241 617 3535 688 ἐσθίομεν,
3567 615 3737 672 αὐτοῦ
3772 618 4014 683 διδόντος

2429 717 2704 787 ισθίομεν,
2758 716 2852 770 καὶ
2895 712 2989 767 ὑπ’
3041 710 3209 767 αὑτοῦ
3246 710 3652 782 πληθύνονται·
3703 711 3765 764 έν
3810 711 4011 781 ίρήμῳ

2426 813 2484 867 δὲ
2516 811 2576 864 τὸ
2626 806 2838 879 θαῦμα.
2866 807 2941 871 ὡς
2973 805 3041 861 ἀν
3080 804 3169 886 μὴ
3196 803 3393 879 νομίσῃ
3433 821 3548 871 τις,
3595 806 3680 860 ὅτι
3712 805 3777 857 εει
3798 802 4011 866 πόλεως

2431 904 2674 973 γείτονος
2736 902 2979 972 ἠγόρασε
3026 896 3154 963 τοὺς
3196 899 3418 973 ἄρτους,
3469 898 3567 953 καὶ
3630 899 3867 971 διένειμε
3930 896 4013 969 τῷ

2427 994 2642 1066 πλήθει,
2683 993 2891 1065 ίρημος
2912 991 3023 1064 γάρ
3051 988 3142 1064 ἦν*
3170 990 3267 1046 καὶ
3286 990 3429 1045 οὕτω
3452 992 3551 1062 μὲν
3577 990 3700 1045 καθ’
3740 989 4007 1063 ἱστορίαν.

2427 1087 2587 1141 Κατά
2618 1086 2676 1139 δὲ
2734 1084 3049 1154 ἀναγωγὴν.
3106 1082 3245 1143 μάθε
3287 1084 3369 1137 δτι
3404 1082 3593 1154 ιπειδὴ
3657 1080 3927 1153 Ἡρώδης,
3982 1082 4013 1134 ό

2429 1178 2685 1248 σάρκινος
2725 1176 2822 1230 καὶ
2843 1174 3166 1247 δερμάτιιος
3212 1174 3322 1228 τῶν
3362 1174 3633 1227 Ἰουδαίων
3673 1172 3819 1237 νοῦς,
3850 1172 4014 1225 τοῦτο

2425 1270 2535 1340 γάρ
2575 1268 2823 1339 Ἡρώδης
2852 1266 3243 1339 ἑρμηνεύεται,
3275 1265 3649 1334 ἁπεκεφάλισε
3678 1266 3769 1321 τὸν
3820 1263 4009 1319 Ἰωάν·

2427 1380 2547 1431 νην,
2587 1360 2648 1414 τὸ
2690 1360 2801 1413 τῶν
2851 1360 3153 1433 προφητῶν
3203 1358 3525 1429 κεφάλαιον,
3578 1358 3847 1420 τουτέστι,
3892 1358 4011 1421 τοῖς

2424 1456 2555 1526 περὶ
2588 1452 2830 1525 Χριστοῦ
2882 1453 3336 1525 προφητεύωσιν
3367 1452 3468 1505 οὐκ
3496 1450 3841 1516 επίστευσεν,
3873 1451 4005 1505 ἀνα-

2423 1548 2594 1617 χωρεῖ
2652 1545 2840 1600 λοιπον
2882 1547 2912 1600 ό
2955 1545 3165 1617 Ἰησοῦς
3217 1544 3300 1609 είς
3345 1543 3554 1614 ἔρημον
3594 1541 3783 1608 τόπον,
3825 1544 3907 1605 εἰς
3939 1543 4011 1596 τά

2423 1641 2574 1711 ἔθνη,
2607 1639 2678 1694 τά
2700 1638 2889 1711 ἔρημα
2942 1637 3037 1691 τοῦ
3070 1636 3233 1700 Θεοῦ,
3279 1639 3377 1692 καὶ
3424 1635 3721 1707 θεραπεύει
3752 1636 3877 1699 τοὺς
3909 1635 4010 1709 ἀρ-

2424 1732 2668 1806 ρώστους
2710 1730 2856 1785 κατά
2872 1727 3080 1801 ψυχὴν,
3136 1726 3257 1783 εἶτα
3302 1729 3392 1783 καὶ
3441 1728 3628 1800 τρέφει
3656 1727 3901 1790 τούτους.
3944 1722 4011 1781 El

2426 1826 2501 1898 μὴ
2533 1825 2645 1896 7&9
2684 1826 2887 1896 ἀφήσει
2918 1824 3050 1893 ἡμῖν
3077 1821 3179 1885 τάς
3212 1821 3514 1893 ἁμαρτίας,
3553 1822 3647 1875 καὶ
3670 1819 4007 1891 θεραπεύσει

2420 1922 2519 1983 τὰς
2546 1918 2857 1990 ἀρρωστίας
2879 1916 2968 1971 διά
2993 1915 3088 1969 τοῦ
3119 1914 3520 1986 βαπτίσματος,
3539 1914 3602 1967 ού
3635 1913 3828 1983 Θρέψει
3855 1913 4007 1982 ἡμᾶς

2421 2014 2487 2083 τῇ
2523 2010 2808 2083 μεταδόσει
2840 2009 2949 2063 τῶν
2990 2008 3277 2081 ἀχράντων
3307 2006 3648 2079 μυστηρίων.
3682 2005 3876 2069 Οὐδεὶς
3896 2004 4007 2075 γὰρ

2422 2102 2758 2165 ἀΰάπτιστος
2786 2097 3221 2172 μεταλαμδάνει.
3250 2098 3691 2169 Πεντακισχίλιοι
3722 2097 3801 2164 δὲ,
3831 2098 3881 2150 ot
3906 2096 4005 2159 τάς

2421 2195 2585 2248 πέντε
2621 2183 2910 2264 αἰσθήσεις
2942 2191 3129 2255 κακῶς
3163 2190 3521 2260 διακείμενοι,
3550 2188 3601 2242 οἳ
3634 2190 3727 2242 καὶ
3772 2172 4004 2243 διάἰτῶν

2420 2285 2582 2355 πέντε
2611 2284 2794 2355 ἀρτων
2810 2282 3229 2355 θεραπεύονται.
3276 2280 3432 2335 Ἐπεὶ
3460 2280 3572 2352 7&9
3598 2282 3653 2333 αί
3684 2280 3849 2333 πέντε
3878 2281 4002 2333 αῖσ-

2420 2377 2609 2450 θήσεις
2642 2377 2887 2447 ἐνόσουν,
2932 2378 3054 2430 ὅσαι
3110 2376 3167 2428 αῖ
3220 2374 3449 2445 πληγαὶ,
3489 2372 3754 2428 τοσαῦται
3816 2373 3912 2427 καὶ
3944 2374 4001 2427 αἱ

2419 2452 2786 2541 ἐμπλαστροι.
2832 2468 2937 2522 Δύο
2983 2469 3041 2522 δὲ
3083 2466 3288 2538 ίχθύες,
3328 2468 3377 2520 οῖ
3419 2467 3528 2520 τῶν
3582 2466 3777 2521 ἀλιέων
3827 2465 4002 2534 λόγοι.

2419 2557 2515 2626 Εἷς
2545 2562 2698 2634 ἰχθὺς
2721 2562 2782 2615 τὸ
2812 2560 3169 2631 Εύαγγέλιον,
3201 2560 3388 2632 ἕτερος
3412 2558 3563 2630 ἰχθὺς
3588 2561 3616 2613 ό
3653 2558 3999 2622 Ἀπόστολος.

2420 2656 2577 2720 Τινὲς
2606 2644 2664 2711 δὲ
2707 2656 2871 2708 πέντε
2899 2653 3118 2727 ἄρτους,
3153 2653 3252 2723 τὴν
3294 2654 3666 2721 Πεντάτευχον
3700 2651 3798 2705 τοῦ
3858 2654 3999 2707 Μω-

2420 2749 2558 2812 σέως
2592 2748 2842 2818 ἐνόησαν,
2896 2747 3140 2809 Γένεσιν,
3182 2745 3426 2811 Ἐξοδον,
3463 2744 3772 2811 Λευιτικὸν,
3816 2744 4002 2814 ’Δριθ-

2419 2841 2575 2910 μοῦς.
2627 2841 3069 2911 Δευτερονόμιον.
3130 2838 3351 2892 Δώδεκα
3382 2838 3438 2892 δὲ
3506 2837 3723 2908 κόφινοι
3764 2833 3907 2909 ἦσαν
3950 2840 4001 2890 cl

2418 2932 2677 3003 ἀρθέντες
2737 2932 2843 2988 ὑπὸ
2898 2933 3008 2986 τῶν
3058 2932 3378 2987 ἀποστόλων
3432 2932 3527 2986 καὶ
3571 2931 3993 3003 βασταχθέντες.

2418 3025 2563 3079 Ὅσα
2589 3026 2700 3096 γὰρ
2730 3026 2895 3097 ἡμεῖς
2922 3026 2970 3079 οῖ
3000 3025 3170 3096 ὕχλοι,
3202 3026 3263 3079 ού
3283 3023 3563 3095 δυνάμεθα
3593 3026 3812 3093 φαγεῖν,
3837 3040 3998 3077 τουτ-

2414 3119 2557 3184 έστι,
2617 3118 2833 3185 νοῆσαι,
2884 3116 3060 3172 ταῦτα
3117 3119 3167 3171 οῖ
3211 3117 3501 3174 ἀπόστολοι
3547 3117 3861 3172 ἐϐάστασαν
3906 3118 4003 3171 καὶ

728 3188 877 3282 cutim
910 3201 938 3240 a
965 3186 1279 3242 Christiano
1307 3199 1373 3241 ne
1397 3186 1530 3256 quid
1563 3184 1771 3254 puerile
1802 3184 1884 3237 vel
1921 3182 2181 3238 muliebre
2202 3196 2314 3253 pra:
2338 3222 2383 3282 ϐ
2419 3214 2421 3259 ί

2308 3201 2383 3282 ⁵ο
2419 3182 2727 3281 ἐχώρησαν.
2763 3182 2950 3281 Χωρὶς
2980 3210 3037 3264 δὲ
3082 3210 3363 3279 γυναικῶν
3404 3210 3500 3263 καὶ
3542 3210 3797 3274 παιδίων,
3846 3209 4001 3263 οὐδὲν

732 3295 792 3336 se
818 3278 977 3336 ferat.

804 3462 968 3519 Vens.
989 3462 1078 3518 22.
1103 3481 1120 3515 ι
1162 3460 1227 3518 Et
1258 3462 1441 3516 statim
1469 3462 1644 3533 coegit
1674 3460 1829 3517 Jcsus
1862 3460 2154 3532 discipulos
2181 3475 2309 3517 suos

733 3560 934 3613 intrare
968 3558 1021 3611 in
1050 3556 1249 3620 navim,
1272 3565 1325 3611 et
1378 3557 1683 3626 prmedere
1712 3569 1771 3610 se
1800 3557 1851 3610 in
1891 3556 2200 3610 ulteriorem
2239 3556 2311 3610 ri—

732 3665 878 3720 pam,
929 3653 1100 3734 donec
1159 3648 1452 3704 dimisisset
1514 3648 1721 3704 turbas.
1775 3668 1793 3699 ›
1854 3649 1921 3706 Ut
1977 3649 2312 3719 signiﬁcaret

731 3756 893 3812 quam
946 3740 1201 3797 indivulsi
1257 3751 1443 3805 essent
1490 3756 1520 3796 a
1579 3742 1808 3797 Domino
1856 3740 2310 3811 discipuli,dixit,

730 3834 940 3904 Coegit,
978 3848 1193 3902 semper
1234 3835 1379 3899 enim
1429 3835 1479 3889 ei
1532 3834 1721 3891 adesse
1758 3834 2033 3890 volebant.
2077 3835 2313 3890 Dimittit

732 3934 911 3979 autem
964 3933 1019 3979 et
1052 3924 1259 3988 turbas,
1287 3924 1474 3980 uolens
1514 3926 1661 3993 ipsas
1710 3925 1992 3996 subsequi,
2031 3939 2100 3980 ne
2153 3939 2308 3981 arro-

728 4018 922 4086 gantia:
953 4016 1227 4072 studiosus
1272 4016 1563 4072 videretur.

801 4203 1079 4267 Vesuuii),
1108 4202 1198 4257 24.
1229 4220 1249 4255 ι
1311 4202 1377 4259 Ει
1426 4205 1665 4260 dimissis
1713 4206 1907 4271 turbis,
1952 4211 2197 4267 ascendit
2254 4213 2308 4267 in

728 4303 967 4347 montem
1000 4294 1065 4347 ad
1096 4294 1359 4347 orandum
1388 4308 1656 4350 seorsum.
1680 4293 1814 4350 Cum
1846 4306 2026 4352 autem
2058 4299 2309 4356 advenis-

728 4393 809 4437 set
854 4397 1101 4452 vespera,
1127 4381 1277 4437 solus
1310 4390 1430 4437 erat
1457 4380 1586 4437 illic.
1610 4381 1878 4438 Ceterum
1911 4386 2068 4440 navis
2091 4387 2202 4453 jam
2250 4386 2306 4441 in

730 4476 902 4529 medio
935 4475 1098 4529 maris
1132 4483 1272 4541 erat,
1313 4483 1366 4528 et
1411 4470 1771 4530 afﬂictabatur
1801 4490 1833 4530 a
1863 4475 2114 4535 ﬂuctibus
2140 4498 2153 4533 :
2182 4496 2303 4535 nam

2419 3305 2527 3374 7&9
2560 3305 2827 3376 νηπιῶδες
2852 3305 2885 3377 ἢ
2916 3306 3232 3373 γυναικεῖον
3263 3304 3356 3357 καὶ
3382 3302 3645 3375 ἄνανδρον
3672 3305 3995 3359 ἀπαιτεῖτιι

2417 3396 2445 3448 ὁ
2474 3396 2805 3467 Χριστιανὸς
2835 3396 3005 3468 ἔχειν.
3666 3455 3675 3464 ,

2492 3507 2510 3539 ι
2550 3489 2658 3542 Καὶ
2687 3488 2891 3553 εὐθέως
2927 3490 3293 3560 ἠνάγκασενό
3333 3489 3543 3562 Ἰησοῦς
3580 3490 3709 3554 τοὺς
3750 3490 4001 3561 μαθητὰς

2416 3578 2582 3633 αὑτοῦ
2618 3580 2853 3651 ἐμϐῆναι
2886 3582 2964 3645 εἰς
3016 3581 3077 3634 τδ
3123 3582 3332 3647 πλοῖον,
3383 3584 3478 3636 καῖ¹
3510 3581 3776 3654 προάγειν
3834 3582 3997 3637 αὐτὸν

2414 3672 2494 3735 είς
2533 3670 2594 3726 τὸ
2626 3672 2823 3741 πέραν,
2862 3671 2968 3735 ἕως
3013 3665 3075 3726 οὗ
3121 3672 3375 3745 ἀπολύσῃ
3428 3673 3557 3737 τοὺς
3610 3673 3824 3745 δχλους.
3866 3694 3887 3727 s
3929 3676 4002 3727 Τὸ

2415 3762 2872 3816 δυσαπόσπαστον
2898 3764 3275 3835 αἰνιττόμενος
3314 3764 3423 3818 τῶν
3474 3763 3757 3834 μαθητῶν,
3788 3762 3909 3819 εἷπε
3940 3767 4001 3819 τὲ

2428 3855 2790 3923 Ἢνάγκασεν,
2818 3856 3012 3927 ἤθελον
3035 3856 3144 3928 7&9
3161 3858 3249 3911 ἀεὶ
3270 3856 3419 3923 αύτῷ
3444 3860 3702 3913 συνεῖναι.
3744 3858 3999 3913 Ἀπολύει

2414 3947 2468 4000 δὲ
2499 3949 2624 4012 τοὺς
2652 3948 2863 4020 ὄχλους,
2911 3951 2973 4004 ού
3026 3949 3197 4005 θέλων
3229 3950 3589 4024 δπισύρεσθαι
3649 3952 3870 4017 αὐτοὺς,
3910 3953 3997 4007 ἵνα

2418 4040 2492 4111 μὴ
2517 4040 2643 4113 δόξῃ
2671 4042 3029 4112 φιλόκομπος.

2495 4240 2513 4272 ι
2559 4221 2667 4275 Καὶ
2698 4221 2978 4284 ἀπολύσας
3018 4225 3149 4289 τοὺς
3182 4224 3395 4297 ὄχλους,
3451 4226 3623 4300 ἀνέϐη
3658 4232 3740 4293 είς
3766 4228 3828 4282 τὸ
3875 4229 4001 4301 ὄρος

2414 4314 2535 4367 κατ’
2573 4313 2709 4365 ἰδίαν
2740 4314 3173 4383 προσεύξασθαι*
3204 4317 3364 4387 ὀψίας
3393 4317 3450 4373 δὶ
3476 4320 3799 4393 γενομένης,
3835 4324 3999 4392 μόνος

2412 4394 2481 4470 ἦν
2520 4402 2663 4453 ἐκεῖ*
2691 4400 2753 4453 τὸ
2789 4401 2846 4455 δὲ
2892 4404 3075 4457 πλοῖον
3106 4406 3209 4477 ἤδη
3271 4408 3437 4477 μέσον
3468 4409 3569 4481 τῆς
3603 4409 3877 4481 θαλάσσης
3906 4407 3997 4485 ἦν,

2415 4493 2840 4565 βασανιζόμενον
2877 4496 2981 4550 ὑπὸ
3008 4498 3119 4552 τῶν
3143 4502 3432 4570 κυμάτων,
3480 4497 3548 4575 ἦν
3597 4503 3708 4574 γάρ
3755 4505 3999 4568 έναντίος

732 4578 920 4622 ventus
980 4576 1097 4622 erat
1154 4567 1435 4625 adversus.
1496 4587 1513 4621 ι
1570 4566 1874 4626 Ostendeus
1945 4572 2101 4628 nobis
2162 4573 2306 4643 quod
2342 4582 2425 4640 De

2305 4619 2306 4626 η
2342 4582 2385 4637 D
2410 4588 2439 4640 ό
2470 4586 2692 4658 ἄνεμος.
2735 4607 2753 4638 ι
2805 4589 3083 4645 Δεικνύων
3127 4566 3265 4664 ἡμῖν
3317 4594 3400 4650 ὅτι
3434 4566 3517 4650 δεῖ
3564 4566 3998 4667 ἀπερισπάστως

726 4667 968 4728 oporteat
1036 4660 1244 4729 absque
1311 4660 1664 4715 distractione
1723 4663 1918 4718 mentis
1976 4666 2209 4732 precari,
2254 4666 2307 4719 in

730 4762 961 4806 montem
995 4752 1240 4805 ascendit
1272 4767 1290 4805 :
1317 4751 1498 4807 omnia
1548 4751 1694 4807 enim
1744 4762 1965 4825 pr0pter
2009 4770 2109 4811 nos
2154 4755 2306 4823 facit,

724 4858 898 4914 neque
936 4842 1079 4898 enim
1119 4843 1233 4911 ipse
1290 4842 1541 4911 precibus
1592 4858 1731 4914 opus
1783 4845 1968 4903 habet.
2011 4844 2192 4918 Usque
2242 4849 2308 4903 ad

728 4948 1004 5004 \espet'am
1058 4942 1237 4987 autem
1297 4943 1574 5003 precatur,
1619 4936 1819 4991 docens
1868 4938 2015 5006 quod
2057 4950 2156 4991 nos
2201 4951 2307 4991 non

723 5027 904 5081 statim
941 5025 1010 5080 ab
1052 5025 1393 5082 orationibus
1436 5026 1715 5083 discedere
1762 5028 2080 5096 debeamus,
2121 5030 2215 5085 sed
2254 5042 2309 5084 et

727 5128 883 5173 nocte
935 5118 1273 5191 potissimum
1333 5120 1440 5175 illis
1494 5134 1707 5185 vacare,
1754 5131 1883 5178 tunc
1935 5124 2080 5177 enim
2135 5124 2309 5193 major

726 5210 898 5276 quies.
958 5208 1228 5263 Permittit
1283 5220 1463 5265 autem
1514 5209 1813 5281 discipulos
1856 5212 1909 5266 in
1961 5223 2304 5283 tempestate,

726 5316 835 5370 quo
897 5301 1109 5356 discant
1176 5303 1505 5360 tentatioues
1562 5303 1707 5361 ferre
1759 5304 1993 5372 fortiter,
2043 5322 2305 5378 suamque

726 5408 1023 5464 agnoscant
1060 5397 1332 5452 virtutem.
1376 5394 1433 5452 In
1485 5397 1662 5455 medio
1710 5411 1891 5455 autem
1946 5401 2116 5457 maris
2156 5402 2307 5457 navi-

725 5490 895 5558 gium,
918 5488 1096 5559 signat
1125 5491 1380 5560 majorem
1412 5507 1537 5548 esse
1577 5492 1848 5550 timorem.

800 5580 963 5637 Vens.
984 5582 1174 5638 25.27.
1206 5603 1223 5636 ι
1247 5583 1450 5651 Quarta
1474 5596 1653 5643 autem
1686 5590 2050 5662 nnctisvigilia
2071 5592 2205 5649 abiit
2236 5595 2302 5649 ad

726 5676 842 5731 illos
870 5674 1360 5742 Jesus,,rmbnlans
1393 5695 1553 5751 super
1594 5698 1765 5749 mare,
1792 5692 1846 5739 et
1898 5686 1987 5741 ubi
2040 5686 2302 5743 vidissent

724 5783 847 5819 eum
903 5769 1152 5839 discipuli
1210 5785 1373 5841 super
1434 5789 1584 5833 mare
1643 5778 2035 5848 ambulantem,
2102 5784 2302 5838 turbati

720 5870 873 5926 sum,
898 5860 1174 5920 dicentes:
1203 5861 1484 5937 Spectrum
1536 5876 1640 5939 est,
1664 5885 1724 5926 ac
1753 5885 1865 5944 pra:
1923 5883 2067 5932 metu
2117 5875 2301 5934 excla-

2418 4681 2840 4752 προσεύχεσθαι,
2873 4686 2955 4748 είς
2988 4685 3050 4738 τὸ
3081 4686 3207 4757 δρος
3233 4688 3545 4757 ἀναϐαίνει,
3578 4690 3758 4744 πάντα
3787 4690 3896 4761 γάρ
3929 4690 3998 4745 δι’

2413 4772 2564 4838 ἡμᾶς
2600 4776 2763 4837 ποιεῖ,
2804 4775 2867 4829 ού
2900 4775 3011 4848 7&9
3058 4778 3220 4843 αὐτὸς
3252 4779 3424 4834 ἐδεῖτο
3485 4783 3817 4855 προσευχῆς.
3851 4784 3997 4849 Ἕως

2412 4861 2470 4914 δὲ
2500 4862 2659 4931 ὀψίας
2709 4865 2949 4937 εύχεται,
2999 4868 3268 4925 διδάσκων
3305 4873 3454 4943 ἡμᾶς
3489 4876 3565 4947 μὴ
3623 4875 3835 4947 ταχέως
3864 4876 3996 4947 ἀφί-

2414 4952 2645 5007 στασθαι
2682 4956 2783 5026 τῆς
2818 4960 3128 5032 προσευχῆς
3152 4980 3167 4993 ·
3200 4961 3338 5016 am
3376 4966 3470 5018 καὶ
3501 4965 3602 5035 τῆς
3642 4968 3837 5031 νυκτὸς
3895 4967 3999 5038 μά-

2413 5044 2572 5100 λιστα
2589 5047 2750 5101 τοῦτο
2780 5052 2974 5118 ποιεῖν,
3013 5055 3134 5106 τότε
3171 5058 3281 5127 γὰρ
3305 5058 3505 5128 ἡσυχία
3545 5058 3739 5131 πολλή.
3774 5060 3997 5131 Συγχω·

2413 5138 2501 5209 ρεῖ
2552 5138 2607 5192 δὲ
2641 5142 2768 5213 τοὺς
2814 5143 3065 5215 μαθητάς
3113 5146 3571 5222 κλυδωνισθῆναι,
3628 5151 3714 5206 ῖνα
3780 5152 3995 5223 μάθωσι

2409 5232 2674 5298 γενναίως
2698 5235 2885 5306 φέρειν
2913 5238 3039 5301 τοὺς
3077 5243 3441 5312 πειρασμοὺς,
3474 5245 3569 5297 καὶ
3600 5245 3868 5314 ιπιγνῶσι
3896 5248 3996 5317 τὴν

2411 5322 2576 5377 αὑτοῦ
2616 5325 2867 5396 δύναμιν.
2914 5329 3075 5386 Ἀλλά
3132 5334 3226 5387 καὶ
3273 5335 3439 5404 μέσον
3464 5336 3563 5409 τῆς
3605 5337 3884 5411 θαλάσσης
3932 5342 3993 5394 τὸ

2413 5415 2619 5482 πλοῖον,
2652 5418 2725 5481 ὡς
2760 5421 2984 5490 μείζονα
3025 5421 3163 5479 εἶναι
3196 5425 3286 5481 τὸν
3314 5428 3498 5497 φόόον.

2486 5621 2504 5651 ι
2544 5602 2793 5676 Τετάρτῃ
2815 5605 2871 5659 δὲ
2901 5606 3117 5682 φυλακῇ
3143 5616 3243 5681 τῆς
3274 5616 3467 5679 νυκτὸς
3502 5616 3714 5689 απῆλθε
3746 5620 3882 5692 πρὸς
3900 5622 3994 5676 αύ-

2406 5694 2535 5758 τοὺς
2575 5698 2603 5750 ό
2650 5696 2861 5768 Ἰησοῦς
2896 5704 3222 5774 περιπατῶν
3253 5706 3346 5760 επὶ
3390 5709 3489 5777 τῆς
3543 5709 3855 5784 θαλάσσηςο
3896 5715 3995 5767 καὶ

2412 5788 2614 5853 ἰδόντες
2640 5790 2807 5846 αὐτὸν
2837 5793 2887 5846 οι
2917 5794 3163 5868 μαθηταὶ
3186 5798 3280 5853 ἐπὶ
3300 5800 3399 5871 τὴν
3421 5793 3713 5860 θάλασσαν’
3750 5823 3992 5879 περιπα-

2409 5882 2627 5953 τοῦντα,
2660 5884 3067 5960 ἐταράχθησαν,
3104 5888 3359 5962 λέγοντες
3401 5895 3481 5951 ὅτι
3510 5898 3812 5973 Φάντασμά
3850 5902 3990 5973 εστι,
