4288 6444
280 421 383 483 301

280 623 471 683 αὐτοῖς
521 624 548 672 6
588 615 814 688 Ἰησοῦς,
856 617 1070 686 λέγων’
1113 618 1404 689 Θαρσεῖτε,
1438 616 1550 686 ἐγώ
1593 618 1734 686 είμι,
1795 617 1872 690 μὴ

281 713 558 782 φοϐεῖσθε.
587 731 604 761 t
639 711 754 762 οὐκ
778 709 1114 780 (Ξυεὺθέως
1144 711 1328 774 αὐτοῖς
1352 710 1558 780 ἐπέστη
1576 709 1753 763 λύσων
1781 708 1872 762 τὸν

281 806 549 878 χειμῶνα,
617 804 892 858 παιδεύων
948 805 1024 874 μὴ
1086 803 1300 874 ταχέως
1358 803 1514 855 λύσιν
1547 805 1720 856 αίτεῖν
1763 803 1873 856 τῶν

283 895 604 966 συμφορῶν,
636 895 775 950 ἀλλὰ
809 895 998 964 φέρειν
1025 894 1312 963 γενναίως,
1343 895 1479 948 ἀλλὰ
1511 894 1642 962 περὶ
1669 896 1872 965 τετάρ-

280 975 384 1058 την
417 987 664 1056 φυλακήν
684 1005 698 1018 ·
723 988 805 1050 είς
832 987 1072 1057 τέσσαρα
1097 987 1206 1057 γάρ
1234 986 1530 1059 διαιρεῖται
1558 985 1702 1057 ήνῦξ
1724 986 1875 1058 παρὰ

279 1082 398 1142 τοῖς
462 1080 830 1148 φυλάσσουσιν
886 1080 950 1133 ἐκ
1011 1079 1268 1150 διαδοχῆς
1324 1077 1711 1148 στρατιώταις,
1767 1077 1874 1133 ἀνὰ

280 1179 435 1245 τρεῖς
484 1176 633 1245 ὥρας
697 1175 929 1247 ἐχούσης
991 1177 1230 1245 ἑκάστης
1289 1177 1563 1246 φυλακῆς.
1625 1175 1686 1229 Ὀ
1743 1174 1874 1244 γοῦν

284 1267 490 1337 Κύριος
525 1269 662 1336 μετὰ
690 1271 789 1336 τὴν
818 1269 1048 1338 ἐννάτην
1076 1269 1228 1339 ὥραν
1257 1269 1356 1339 τῆς
1381 1268 1597 1333 νυκτὸς,
1630 1279 1875 1341 περιπα-

282 1359 394 1410 τῶν
422 1359 606 1412 ἐπάνω
633 1357 729 1411 τοῦ
757 1358 974 1423 ὓδατος,
1001 1357 1078 1423 ὡς
1107 1359 1258 1422 Θεὸς,
1297 1358 1524 1430 ἐπέστη.
1581 1359 1646 1414 Οἱ
1674 1359 1758 1423 δὲ,
1787 1359 1876 1414 διὰ

281 1449 346 1502 τὸ
392 1448 560 1517 ἄηθες
593 1450 686 1503 καὶ
711 1450 881 1515 ξένον,
914 1449 1104 1517 ἔδοξαν
1133 1451 1431 1520 φάντασμα
1459 1447 1624 1506 εἶναι.
1659 1451 1736 1505 Οὐ
1765 1450 1875 1523 γὰρ

286 1541 396 1594 ἀπὸ
429 1541 527 1594 τοῦ
556 1541 731 1604 εῐδους
776 1540 1084 1613 ἐγνώρισαν
1134 1543 1319 1610 αὑτὸν,
1361 1543 1479 1614 ἅμα
1514 1544 1616 1614 μὲν
1655 1543 1750 1598 καὶ
1788 1543 1877 1598 διὰ

287 1633 391 1703 τὴν
441 1634 632 1698 νύκτα,
669 1633 787 1702 ἅμα
817 1633 872 1686 δὲ
905 1635 1000 1688 καὶ
1030 1634 1118 1687 διὰ
1142 1634 1234 1688 τὸν
1265 1635 1451 1705 φύσονο
1481 1637 1510 1688 6
1556 1635 1636 1701 δέ,
1691 1651 1874 1706 παρα-

289 1725 353 1778 θα
364 1726 551 1796 ρῤύνει
585 1723 804 1796 πρῶτον
830 1726 1050 1792 αὐτοὺς,
1074 1726 1269 1795 λέγων’
1311 1726 1455 1794 Ἐγὼ
1476 1729 1612 1797 ειμι,
1643 1729 1672 1780 6
1697 1729 1875 1781 πάντα

287 1820 611 1887 δυνάμενος,
641 1818 916 1889 Θαρσεῖτε.

957 417 1402 477 ENARRATIO
1447 415 1528 476 IN
1568 413 2080 477 EVANGELIUM
2120 414 2512 475 ΜΑΤΤΗΑΠ.
2557 435 2624 450 -υ

1328 417 1402 476 [Ο
1447 415 1528 476 IN
1568 413 2080 477 EVANGELIUM
2120 414 2512 475 ΜΑΤΤΗΑΞΙ.
2557 435 2624 450 ’-
2669 415 2825 476 CAP.
2865 414 3018 474 XIV.

279 532 380 583 καί
426 529 535 581 ἀπὸ
587 526 680 580 τοῦ
726 524 893 593 φόϐου
942 526 1200 596 ἔκραξαν.
1254 526 1473 587 Εὐθέως
1505 524 1561 577 δέ
1618 524 1881 596 ἐλάλησεν
1909 533 1954 589 Α
1988 533 2320 590 mavet‘unt;

3473 413 3581 479 302

2406 523 2501 578 sed
2550 523 2733 578 statim
2794 522 3009 578 locutus
3081 530 3163 576 est
3246 521 3353 578 illis
3421 523 3582 582 Jesus

1981 617 2172 673 dicens
2203 633 2217 671 :
2243 614 2442 681 Fidite,
2471 630 2574 686 ego
2606 631 2748 680 sum,
2785 630 2855 669 ne
2879 614 3215 670 tcrreamini.
3248 634 3266 668 ι
3301 615 3420 671 Non
3467 628 3581 672 ste-

1985 710 2080 764 tim
2111 709 2282 764 astitit
2315 709 2395 764 eis
2438 717 2496 762 ut
2541 717 2921 777 tempestatem
2955 709 3192 771 sedaret,
3232 709 3435 764 docens
3471 725 3580 765 non

1983 804 2092 858 cito
2122 805 2408 872 petendam
2441 802 2833 857 adversitatum
2883 800 3234 866 solutionem,
3261 801 3357 856 sed
3390 800 3578 856 ferenv

1983 898 2080 952 das
2107 895 2323 952 fortiter
2352 914 2367 954 :
2394 905 2448 950 at
2478 895 2623 950 circa
2663 904 2915 964 quartam
2949 893 3212 963 vigiliam.
3251 894 3310 948 ln
3344 905 3582 964 quatuor

1985 988 2098 1060 76
2139 997 2324 1058 partes
2367 995 2582 1041 noctem
2625 986 2873 1039 dividunt
2905 987 3163 1039 custodes
3189 984 3344 1054 juxta
3378 985 3581 1038 milita—

1986 1096 2099 1136 rem
2157 1079 2523 1150 disciplinam,
2590 1077 2818 1148 singulis
2877 1092 2972 1146 per
3034 1085 3144 1132 tres
3198 1075 3363 1130 horas
3421 1090 3576 1131 suant

1983 1173 2332 1228 servantibus
2373 1170 2702 1227 custodiam.
2722 1170 2987 1224 Dominus
3021 1177 3201 1223 autem
3228 1178 3350 1239 post
3373 1184 3577 1224 nouam

1983 1267 2174 1322 horam
2234 1265 2406 1320 noctis
2465 1263 2752 1318 ambulans
2834 1276 2998 1330 supra
3054 1276 3275 1330 aquam,
3318 1273 3577 1330 tanquam

1984 1359 2149 1427 Deus,
2183 1357 2484 1414 astitit.llli
2517 1367 2696 1412 autent
2736 1369 2848 1409 rem
2901 1362 3011 1408 tam
3064 1369 3243 1407 raram
3301 1368 3364 1406 ac
3389 1352 3579 1406 insoli-

1986 1460 2094 1506 tam
2162 1460 2496 1521 spectantes,
2551 1448 2811 1517 putabant
2871 1456 3149 1516 spectrum
3205 1460 3347 1500 esse.
3393 1445 3580 1514 Neque

1984 1545 2128 1598 enim
2189 1558 2217 1597 a
2271 1542 2454 1612 specie
2532 1542 2708 1612 ipsum
2750 1539 3172 1609 cognoscebant,
3217 1537 3416 1606 partim
3457 1551 3580 1604 pro-

1984 1646 2104 1708 pter
2130 1645 2367 1702 noctem,
2391 1636 2591 1705 partim
2626 1643 2848 1704 propter
2879 1641 3104 1688 metum.
3130 1630 3223 1684 Ille
3250 1641 3429 1684 autem
3461 1629 3579 1683 ani-

1990 1743 2148 1782 mans
2180 1728 2300 1782 illos
2335 1727 2570 1798 primunt
2606 1723 2738 1781 dixit
2763 1742 2775 1778 :
2799 1721 2909 1795 Ego
2945 1739 3088 1790 sum,
3113 1723 3206 1794 qui
3241 1723 3424 1778 omnia
3454 1735 3581 1792 pos-

1983 1835 2103 1876 sum
2131 1837 2145 1874 :
2175 1819 2342 1874 fidite.

365 1927 385 1960 ι
439 1909 787 1983 Ἀποκριθεὶς
806 1913 864 1965 δέ
899 1911 1048 1983 αὑτῷ
1079 1913 1108 1966 6
1138 1913 1346 1985 Πέτρος
1380 1909 1503 1967 εἶπε
1527 1927 1542 1943 ⁶
1593 1913 1789 1986 Κύριε,
1827 1915 1877 1968 εί
1912 1901 1954 1956 Β

1912 1901 1954 1956 Β
2058 1913 2340 1969 Vsss.28.
2375 1929 2394 1966 ι
2450 1911 2807 1982 Respondens
2833 1918 3012 1964 autem
3046 1908 3119 1964 illi
3155 1907 3352 1964 Petrus
3391 1907 3527 1964 dixit
3563 1927 3574 1962 :

290 2002 354 2054 σὺ
381 1998 450 2064 εἷ.
510 2003 768 2061 κέλευσόν
817 2022 885 2075 με
917 2005 1052 2076 πρὸς
1107 2006 1167 2058 σέ
1206 2007 1382 2061 ἐλθεῖν
1413 2007 1506 2061 ἐπὶ
1539 2007 1608 2060 τὰ
1636 2006 1824 2063 ὕδατα.
1851 2024 1871 2060 1

287 2093 632 2164 Θερμότατος
660 2095 738 2148 ὢν
761 2099 790 2150 6
814 2098 1020 2166 Πέτρος
1049 2099 1151 2170 τὴν
1185 2102 1324 2170 πριις
1351 2100 1590 2171 Χριστὸν
1627 2101 1875 2172 ἀγάπην,

287 2189 550 2260 ἐπιθυμεῖ
577 2190 788 2260 ταχέως
822 2192 991 2260 ἐγγὺς
1017 2193 1184 2247 αὑτοῦ
1208 2194 1465 2263 γενέσθαι
1497 2194 1594 2248 καὶ
1625 2197 1734 2268 πρὸ
1766 2195 1880 2250 τῶν

287 2279 486 2333 ἄλλων.
537 2281 792 2335 Πιστεύει
846 2282 901 2336 δὲ
938 2284 1072 2337 ὅτιὸ
1134 2285 1344 2356 Ἰησοῦς
1387 2288 1448 2339 ού
1495 2287 1659 2357 μόνον
1715 2288 1880 2352 αὐτὸς

289 2375 585 2442 περιπατεῖ
629 2373 722 2426 ἐπὶ
755 2374 865 2428 τῶν
905 2375 1140 2442 ὑδάτων,
1203 2376 1341 2432 ἀλλὰ
1397 2379 1493 2432 καὶ
1535 2379 1685 2450 αὐτῷ
1717 2378 1880 2433 τοῦτο

289 2462 474 2518 δώσει’
498 2466 600 2520 οὑκ
626 2461 748 2520 εἷπε
779 2467 859 2534 δὲ,
885 2468 1160 2523 Κέλευσον
1197 2487 1263 2540 με
1297 2469 1538 2541 βαδίσαι,
1564 2473 1702 2528 ἀλλὰ
1730 2472 1878 2544 Πρὸς

291 2558 352 2610 σέ
384 2560 580 2614 ἐλθεῖν.
615 2561 688 2614 Τὸ
717 2559 818 2631 μέν
852 2562 961 2635 γὰρ
1001 2563 1318 2630 ἐπιδείξεως
1352 2559 1455 2635 ἦν’
1485 2565 1546 2618 τὸ
1573 2565 1630 2618 δέ
1656 2566 1879 2636 ἀγάπης

288 2647 389 2718 τῆς
416 2651 553 2721 πρὸς
581 2651 835 2722 Χριστόν.
1027 2667 1029 2669 ‘

373 2763 392 2796 ι
438 2746 496 2798 '0
526 2746 584 2798 δέ
614 2741 788 2799 εἷπεν
809 2745 987 2801 Ἐλθέ.
1013 2747 1124 2802 Καὶ
1157 2747 1404 2813 καταϐάς
1428 2747 1539 2802 ἀπὸ
1568 2747 1660 2802 τοῦ
1693 2747 1878 2802 πλοίου

289 2837 319 2889 6
362 2837 585 2909 Πέτρος,
619 2839 948 2907 περιεπάτει
973 2839 1067 2893 ἐπὶ
1086 2838 1153 2893 τὰ
1184 2838 1376 2906 ὕδατα,
1404 2839 1584 2894 ἐλθεῖν
1610 2839 1746 2910 πρὸς
1785 2840 1880 2894 τὸν

305 2927 518 2999 Ἰησοῦν
540 2946 553 2959 ·
589 2929 802 2998 βλέπων
839 2930 896 2983 δέ
929 2930 1022 2984 τὸν
1067 2929 1271 3002 ἀνεμον
1319 2933 1561 3002 ἰσχυρὸν,
1601 2931 1872 3003 ἐφοϐήθη,

294 3024 393 3074 καὶ
447 3023 758 3094 ἀρξάμενος
804 3024 1326 3088 καταποντίζεσθαι,
1387 3023 1610 3093 ἔκραξε,
1657 3024 1836 3094 λέγων
1863 3041 1878 3056 ⁸

294 3115 493 3188 Κύριε,
526 3117 699 3172 σῶσόν
733 3137 820 3189 με.
863 3139 881 3170 ι
929 3119 1287 3189 ’Υπέστρωσε
1315 3116 1395 3188 τῷ
1425 3118 1621 3190 Πέτρῳ
1650 3117 1752 3190 τὴν
1782 3118 1881 3172 θά-

295 3208 504 3261 λασσαν
539 3211 566 3262 6
590 3209 817 3281 Κύριος,
849 3211 1066 3274 δεικνὺς
1091 3210 1189 3280 τὴν
1213 3210 1409 3265 ἐαυτοῦ
1433 3209 1702 3280 δύναμιν.
1735 3210 1880 3281 Ὅρα

294 3298 355 3352 δὲ
391 3299 508 3358 πῶς
546 3300 640 3354 τοῦ
674 3300 922 3372 μείζονος
971 3302 1401 3372 περιγενόμενος
1453 3305 1482 3356 6
1511 3303 1742 3374 Πέτρος,
1784 3302 1883 3372 τῆς

296 3389 577 3460 θαλάσσης
627 3393 791 3460 λέγω,
829 3394 922 3447 τὸν
971 3395 1174 3462 ἄνεμον
1208 3394 1475 3465 ἐφοϐήθη,
1522 3396 1694 3459 οὕτως
1733 3395 1884 3448 ἐστὶν

296 3482 535 3552 ἀσθενὴς
567 3485 599 3553 ἡ
631 3483 950 3554 ἀνθρωπίνη
983 3484 1146 3553 φύσις
1177 3498 1190 3512 ⁸
1240 3486 1336 3538 καὶ
1389 3485 1592 3539 αὐτίκα
1636 3485 1724 3538 ὅτε
1759 3486 1885 3553 ἐφοο

297 3574 464 3645 δήθη,
504 3575 627 3628 τότε
656 3575 868 3647 ἤρξατο
894 3575 1389 3642 καταποντίζεσθαι
1409 3593 1424 3610 ο
1461 3578 1551 3630 ὅτε
1583 3577 1691 3647 γὰρ
1717 3563 1886 3647 ἠσθέ-

297 3669 518 3736 νησενὴ
552 3667 755 3732 πίστις,
787 3668 901 3721 τότε
953 3667 1233 3738 βυθίζεται
1266 3669 1294 3720 6
1339 3667 1568 3740 Πέτρος.
1605 3668 1778 3723 Τοῦτο
1828 3670 1886 3723 δέ

298 3759 396 3810 καὶ
436 3757 600 3810 αὐτὸν
624 3758 854 3829 ἐποίησε
900 3761 977 3830 μὴ
1011 3760 1444 3830 ὑψηλοφρονεῖν,
1502 3765 1597 3816 καὶ⁸
1629 3763 1758 3825 τοὺς
1791 3762 1886 3817 ἄλ·

298 3849 427 3913 λους
459 3848 712 3920 μαθητὰς
739 3851 1197 3921 παρεμυθήσατο.
1236 3853 1400 3917 ἰσως
1427 3853 1538 3924 γὰρ
1567 3853 1880 3927 ἐφθόνησαν

301 3940 490 4011 αὐτῷ·
521 3941 657 3995 ἀλλὰ
696 3947 789 3996 καὶ
834 3943 1002 3997 πόσον
1051 3944 1317 4016 ὑπερέχει
1342 3947 1372 3998 6
1421 3946 1658 4017 Χριστὸς
1692 3945 1884 4012 αὑτοῦ,

301 4033 526 4098 ἔδειξεν.

385 4147 402 4177 ι
453 4125 668 4189 Εὐθέως
697 4126 754 4180 δέ
785 4123 815 4182 6
852 4127 1062 4198 Ἰησοῦς
1097 4129 1350 4208 ἐκτείνας
1377 4129 1476 4200 τὴν
1530 4132 1714 4200 χεῖρα,
1765 4137 1891 4184 έπε-

301 4216 499 4271 λάσετο
524 4218 709 4280 αὑτοῦ.
751 4221 849 4273 καὶ
884 4220 1036 4289 λέγει
1087 4222 1270 4293 αὐτῷ·
1314 4222 1683 4290 Ὀλιγόπιστε,
1727 4225 1808 4288 είς
1833 4225 1889 4278 τί

304 4312 594 4377 ἐδίστασας
620 4331 634 4378 ;
670 4313 778 4369 Καὶ
810 4314 1100 4384 ἐμϐάντων
1127 4316 1309 4369 αὐτῶν
1333 4317 1411 4380 είς
1439 4317 1501 4369 τὸ
1533 4317 1737 4382 πλοῖον,
1764 4319 1887 4372 ἐκό-

1987 2008 2237 2072 Domine,
2290 2006 2336 2062 si
2368 2015 2421 2061 tu
2469 2005 2754 2077 es,jubelo
2808 2019 2894 2058 tne
2945 2004 3130 2058 venire
3189 2003 3256 2058 ad
3308 2012 3362 2057 te
3415 2017 3582 2071 super

1986 2116 2175 2173 aquas.
2215 2119 2234 2152 ι
2266 2099 2691 2156 Ferventissima
2728 2095 2875 2151 Petri
2912 2111 3042 2165 erga
3072 2093 3353 2149 Christum
3392 2093 3580 2148 chari-

1990 2203 2073 2248 tas
2096 2201 2213 2247 erat
2239 2208 2252 2246 :
2281 2189 2627 2246 desiderabat
2653 2186 2798 2242 enim
2832 2185 3018 2240 statim
3048 2197 3218 2253 prope
3250 2181 3401 2236 illum
3434 2195 3576 2248 esse,

1986 2294 2040 2341 ct
2081 2299 2204 2355 prie
2228 2281 2635 2338 aliis.Credidit
2665 2288 2850 2333 autem
2885 2275 3030 2346 quod
3066 2274 3224 2330 Jesus
3258 2289 3363 2329 non
3400 2273 3576 2328 solum

1989 2375 2105 2444 ipse
2121 2373 2424 2429 ambularet
2452 2384 2619 2441 super
2659 2382 2852 2437 aquas,
2871 2367 2964 2422 sed
2986 2373 3040 2422 et
3057 2365 3158 2420 sibi
3180 2365 3407 2420 daturus
3432 2370 3582 2420 esset

1988 2470 2112 2524 hoc.
2135 2467 2250 2523 Non
2271 2465 2409 2524 dixit
2439 2474 2644 2530 autem,
2669 2461 2808 2518 Jube
2835 2476 2921 2516 me
2945 2459 3250 2523 ambulare,
3275 2460 3394 2523 sed,
3421 2459 3503 2512 Ad
3529 2465 3582 2512 te

1988 2562 2089 2616 ire.
2116 2559 2249 2614 Nam
2287 2559 2416 2614 illud
2453 2557 2837 2614 ostentationis
2863 2564 2966 2622 est,
2997 2555 3101 2608 hoc
3138 2562 3322 2607 autem
3377 2551 3584 2606 amoris

1988 2652 2040 2706 in
2069 2651 2369 2707 Christum.

2060 2748 2226 2804 Vsus.
2274 2746 2479 2813 29,50.
2515 2764 2534 2798 ι
2573 2746 2669 2802 Ille
2721 2754 2903 2801 autem
2947 2744 3118 2800 dixit:
3150 2742 3317 2808 Veni;
3351 2749 3407 2796 et
3458 2753 3582 2796 cum

1989 2841 2361 2897 descendisset
2393 2855 2424 2896 e
2461 2841 2584 2896 navi
2626 2839 2843 2904 Petrus,
2863 2837 3178 2893 ambulabat
3208 2849 3371 2905 super
3389 2847 3582 2903 aquas.

1989 2946 2050 2989 ut
2079 2935 2182 2990 iret
2223 2934 2290 2989 ad
2324 2932 2532 2988 Iesum.
2578 2930 2849 2988 Czeterum
2907 2945 3030 2985 cum
3091 2928 3301 2984 videret
3362 2935 3588 2982 ventum

1991 3025 2250 3090 validum,
2295 3024 2516 3079 territus
2570 3031 2779 3080 estzet
2831 3036 2954 3076 cum
3012 3019 3275 3089 cmpisset
3314 3014 3585 3085 detuergi,

1989 3119 2246 3176 clamavit
2301 3120 2507 3183 dicens,
2559 3117 2808 3182 Domine,
2854 3130 3011 3170 serva
3062 3128 3166 3168 me.
3202 3132 3220 3165 ι
3275 3111 3589 3166 Substravit

1991 3213 2252 3272 Dominus
2307 3210 2471 3268 Petro
2527 3225 2700 3276 mare,
2746 3224 2902 3264 suam
2946 3207 3236 3262 declarans
3303 3204 3586 3258 virtutem.

1987 3308 2223 3362 Attende
2251 3315 2433 3361 autem
2453 3306 2598 3376 quod
2628 3305 2823 3375 majori
2852 3303 3120 3373 periculo,
3163 3315 3360 3370 nempe
3384 3299 3582 3364 maris,

1989 3407 2270 3470 superato,
2318 3408 2538 3453 ventum
2577 3395 2802 3450 timuit:
2834 3395 2908 3448 ita
2937 3393 3159 3450 infirma
3215 3400 3302 3447 est
3341 3391 3581 3445 bumaua

1990 3502 2190 3546 natura
2237 3508 2251 3544 :
2295 3499 2350 3545 et
2407 3488 2593 3544 statim
2655 3496 2716 3542 ut
2772 3485 2977 3549 timuit,
3026 3484 3193 3554 coepit
3253 3481 3583 3553 suhntergi:

1989 3585 2206 3657 quando
2235 3582 2559 3646 enimfides
2613 3579 2830 3635 infirma
2894 3586 2999 3642 est,
3027 3587 3154 3633 tunc
3206 3577 3258 3632 in
3317 3575 3586 3647 profunda

1989 3676 2272 3733 descendit
2299 3674 2515 3730 Petrus.
2538 3673 2652 3729 Hoc
2686 3681 2866 3727 autem
2902 3671 3052 3735 fecit,
3077 3685 3144 3726 ne
3195 3670 3287 3726 ille
3335 3670 3588 3737 superbi-

1993 3781 2099 3834 ret,
2127 3779 2184 3824 et
2213 3768 2348 3824 alios
2380 3767 2654 3823 solaretur
2687 3764 3010 3836 discipulos.
3036 3762 3200 3820 Forte
3254 3762 3401 3818 enim
3446 3762 3590 3817 invi-

1991 3861 2220 3926 dissent,
2254 3860 2348 3918 sed
2394 3869 2450 3915 et
2501 3858 2758 3916 Christus
2777 3867 3052 3928 quantum
3102 3857 3280 3926 ipsunt
3336 3865 3588 3926 superet,

1991 3954 2251 4011 ostendit.

2068 4138 2453 4195 Vsss.5l-33.
2489 4156 2508 4190 ε
2557 4136 2860 4194 Confestim
2915 4148 3094 4193 autem
3148 4138 3310 4195 Jesus
3364 4152 3588 4196 extenta

1995 4248 2156 4287 manu
2209 4231 2571 4302 apprehendit
2617 4231 3016 4298 eum,etdixlt
3065 4233 3389 4290 illizl’arvm
3444 4235 3589 4301 fidei,

1995 4326 2062 4381 ad
2110 4325 2241 4394 quid
2291 4324 2636 4379 formidasti?
2682 4325 2750 4379 Et
2802 4325 3069 4396 ingressis
3119 4327 3229 4382 illis
3277 4328 3330 4382 in
3382 4332 3592 4396 navim,

307 4419 484 4457 πασεν
511 4404 539 4456 6
565 4405 764 4474 ἄνεμος
789 4422 804 4439 ·
834 4406 884 4458 οι
909 4405 966 4459 δέ
998 4407 1055 4459 ἐν
1085 4405 1164 4478 τῷ
1186 4407 1378 4479 πλοίῳ,
1410 4408 1660 4473 ἐλθόντες
1689 4427 1887 4483 προσε·

303 4497 547 4568 κύνησαν
575 4496 748 4569 αὐτῷ,
783 4498 1036 4566 λέγοντες
1059 4515 1076 4532 ⁶
1104 4500 1350 4571 ’Δληθῶς
1386 4501 1525 4556 Θεοῦ
1570 4502 1699 4568 Υίδς
1756 4499 1823 4558 εί.
1864 4523 1882 4556 t

303 4589 578 4643 Δεικνύων
603 4592 631 4643 6
660 4590 916 4663 Χριστὸς,
948 4592 1030 4645 ὅτι
1054 4587 1154 4664 οὐχ
1182 4594 1209 4646 6
1233 4593 1434 4665 ἄνεμος
1461 4594 1633 4658 αίτιος
1659 4596 1752 4650 τοῦ
1793 4614 1889 4650 κα·
1923 4617 1967 4673 ι)

1923 4617 1967 4673 ι)
1997 4598 2168 4654 Filius
2197 4612 2277 4652 es.
2311 4617 2330 4651 ο
2357 4596 2662 4653 Ostendens
2682 4597 2937 4655 Christus
2971 4615 3076 4654 non
3104 4610 3354 4670 ventum,
3373 4606 3467 4660 sed
3496 4622 3596 4676 pu-

303 4682 757 4752 ταποντισθῆναι,
787 4682 904 4737 ἀλλ’
959 4684 993 4754 ὴ
1057 4685 1419 4757 μικροψυχία,
1467 4687 1533 4740 οὐ
1571 4686 1651 4758 τῷ
1697 4689 1891 4761 ἀνέμῳ
1995 4734 1996 4739 η

1995 4690 2426 4747 sillanitnitatem
2458 4691 2846 4762 submergendi
2878 4706 3103 4748 causam
3139 4708 3281 4760 esse,
3316 4712 3424 4752 non
3459 4714 3597 4754 vcn-

305 4775 564 4846 ἐπιτιμᾷ,
609 4774 748 4830 ἀλλὰ
785 4775 863 4846 τῷ
904 4777 1380 4849 μικροψυχήσαντι
1423 4779 1643 4852 Πέτρῳ.
1675 4781 1767 4834 Διὸ
1800 4782 1892 4834 καὶ

1998 4795 2111 4842 tum
2139 4785 2408 4854 increpat,
2433 4785 2528 4841 sed
2553 4783 2776 4854 Petrum
2811 4785 3232 4855 pusillanimem.
3254 4789 3382 4846 Ideo
3410 4801 3464 4847 et
3495 4808 3597 4863 ap-

305 4867 692 4932 ἁναδαστάσας
720 4867 905 4935 αὑτὸν,
939 4867 1171 4941 ἔστησεν
1201 4870 1295 4924 ἐπὶ
1328 4870 1424 4926 τοῦ
1469 4871 1687 4938 ὓδατος,
1721 4873 1892 4938 ἐάσας

1998 4879 2328 4950 prehensum
2382 4893 2505 4934 eum
2576 4879 2767 4934 statuit
2831 4891 2997 4949 super
3063 4897 3261 4952 aquam
3326 4889 3597 4956 permisso

305 4961 400 5013 τδν
429 4962 631 5032 ἄνεμον
667 4965 842 5016 πνεῖν.
899 4961 1017 5016 Οὐκ
1066 4963 1148 5027 είς
1176 4962 1238 5028 1:6
1296 4965 1406 5018 πᾶν
1449 4965 1506 5018 δέ
1556 4966 1838 5021 ἐδίστασεν
1866 4969 1895 5021 6

2001 4982 2163 5028 vento
2205 4970 2358 5026 flare.
2385 4969 2504 5027 Non
2556 4973 2783 5028 omnino
2832 4982 3014 5028 autem
3057 4974 3340 5031 dubitabat
3376 4977 3595 5043 Petrus,

307 5053 540 5123 Πέτρος,
572 5052 691 5107 ἀλλ’
721 5054 804 5117 είς
830 5070 909 5118 τι,
946 5055 1217 5120 τουτέστι,
1269 5056 1514 5127 μερικῶς
1535 5073 1548 5086 ·
1583 5056 1703 5112 καθ’
1733 5057 1762 5110 6
1795 5059 1894 5128 μιν

2003 5066 2096 5120 sed
2141 5065 2438 5121 secundum
2473 5064 2627 5136 quid,
2649 5066 2752 5121 hoc
2783 5074 2888 5134 est,
2910 5080 2979 5123 ex
3009 5077 3183 5137 parte,
3205 5085 3329 5124 nam
3359 5072 3518 5142 juxta
3545 5075 3597 5129 id

305 5144 414 5216 γὰρ
435 5144 700 5215 ἐφοδήθη,
723 5146 865 5200 κατὰ
886 5145 1049 5199 τοῦτο
1067 5145 1339 5217 ἠπίστησε
1360 5164 1374 5178 ·
1398 5147 1524 5202 καθ’
1543 5149 1571 5202 6
1593 5150 1649 5203 δέ
1672 5151 1893 5223 ἐκραξε,

2004 5158 2150 5228 quod
2200 5157 2489 5224 dubitavit,
2531 5157 2846 5214 incredulus
2897 5159 3051 5222 fuit:
3091 5161 3245 5230 juxta
3301 5164 3356 5219 id
3414 5176 3594 5221 autent

312 5240 508 5312 Κύριε,
550 5239 729 5292 σῶσόν
768 5257 857 5310 με,
900 5241 1044 5294 κατὰ
1076 5239 1238 5293 τοῦτο
1271 5241 1464 5295 ἰάσατο
1493 5243 1592 5314 τὴν
1613 5244 1895 5299 ἀπιστίαν.
1997 5270 2005 5302 ι

1997 5252 2144 5320 quod
2180 5251 2457 5318 clamavit,
2485 5252 2736 5319 Domine,
2773 5265 2932 5308 serva
2967 5270 3075 5319 me,
3102 5257 3316 5311 curavit
3344 5257 3599 5314 incredu-

309 5331 404 5384 At6
425 5332 821 5401 ὀλιγόπιστος
837 5333 1049 5396 ἀκούει,
1079 5332 1308 5386 ἀλλὀὐκ
1341 5333 1620 5402 ἄπιστος.
1640 5334 1705 5391 Oi
1723 5333 1816 5391 οὖν
1838 5339 1897 5391 ἐν
1995 5342 2002 5396 1

1995 5342 2229 5399 Iitatem.
2274 5344 2402 5400 Ideo
2447 5361 2625 5414 parva:
2648 5346 2776 5416 ﬁdei
2822 5347 3048 5414 dicitur,
3099 5365 3206 5405 non
3257 5353 3591 5408 incredulus.

309 5425 390 5494 τῷ
419 5425 613 5497 πλοίῳ,
646 5427 742 5481 καλ⁸
767 5427 925 5481 αὐτοὶ
952 5425 1048 5480 τοῦ
1087 5427 1258 5497 φόϐου
1306 5428 1682 5500 ἀπελύθησαν.
1743 5431 1898 5484 Ἐκό-
1998 5435 2002 5489 l

1998 5434 2168 5506 Igitur
2196 5435 2290 5507 qui
2321 5437 2374 5492 in
2407 5439 2556 5504 navi,
2589 5448 2645 5493 et
2672 5438 2773 5508 ipsi
2801 5449 2949 5494 metu
2987 5440 3148 5496 soluti
3179 5454 3325 5498 sunt.
3347 5442 3595 5500 Cessavit

311 5531 454 5570 πασε
506 5519 616 5589 γὰρ
669 5521 696 5571 6
736 5519 975 5589 ἄνεμος·
1012 5518 1109 5572 καὶ
1141 5519 1206 5590 δὴ
1257 5520 1495 5603 γνόντες.
1530 5519 1642 5576 ἀπὸ
1689 5521 1898 5576 τούτων
1998 5546 2004 5578 ι

1998 5528 2144 5582 enim
2177 5539 2390 5584 ventus.
2417 5527 2486 5584 Et
2517 5543 2585 5586 ex
2619 5529 2704 5585 his
2733 5531 2951 5602 cognito
2981 5531 3132 5601 Jesu,
3168 5533 3407 5590 confessi
3468 5549 3599 5593 sunt

308 5611 402 5665 τὸν
447 5611 676 5682 Ἰησοῦν,
712 5611 1036 5683 ὁμολογοῦσι
1064 5615 1166 5686 τὴν
1196 5613 1362 5668 αὑτοῦ
1393 5613 1752 5685 θεότηταιού
1788 5614 1898 5688 γὰρ
1999 5646 2001 5662 ε

1999 5619 2118 5687 ejus
2155 5608 2437 5679 deitatem.
2464 5621 2653 5694 Neque
2681 5625 2827 5680 enim
2863 5625 3101 5683 hominis
3135 5637 3222 5683 est
3251 5643 3420 5701 super
3447 5644 3599 5686 mare

1250 5739 1338 5800 Ex
1371 5738 1720 5803 collatione
1757 5741 1947 5804 codd.
1985 5745 2220 5807 Venet.
2256 5749 2318 5810 S.
2358 5749 2579 5813 Marci.

309 5861 424 5931 (if)
458 5861 596 5918 Edit.
637 5861 759 5917 ιυι.
813 5863 998 5918 omisit
1036 5863 1173 5930 οὖκς
1207 5863 1409 5919 habent
1476 5867 1636 5922 codd.
1673 5865 1732 5922 S.
1761 5865 1924 5926 Marci
1966 5869 2036 5924 50
2070 5880 2123 5925 οι
2166 5871 2257 5927 5f.

1995 4416 2312 4487 conquievit
2339 4425 2552 4470 ventus.
2579 4416 2749 4470 Porro
2778 4417 2872 4486 qui
2925 4418 2977 4471 in
3036 4417 3161 4472 navi
3210 4430 3371 4474 erant
3407 4437 3598 4477 acces-

1996 4517 2184 4563 serunt
2219 4507 2285 4561 ad
2317 4522 2463 4568 eum.
2489 4516 2545 4562 et
2578 4507 2966 4572 adoravernnt,
2994 4508 3277 4566 dicentes:
3312 4510 3448 4566 Vere
3499 4513 3596 4570 Dei
