4288 6444
299 405 412 469 305

983 408 1438 475 ENARRATIO
1475 412 1559 477 IN
1611 413 2122 481 ΕνΑΝοΕιιυΜ
2162 418 2553 481 MATTILEI.
2591 441 2663 457 -

1357 411 1438 475 ῙΟ
1475 412 1559 477 IN
1611 413 2122 481 ΕνΑΝσΕιιυΜ
2162 418 2553 481 MATTILEI.
2591 441 2663 457 -
2695 418 2856 480 CAP.
2927 417 3045 480 XV.

3498 419 3604 484 306

302 512 523 584 πατέρα
548 531 647 569 σου
706 514 804 570 καὶ
839 515 938 587 τὴν
971 520 1187 591 μητέρα
1208 537 1222 554 ·
1260 523 1354 578 και
1386 525 1413 578 ὁ
1443 525 1762 595 κακολογῶν
1801 541 1902 581 πα·
1928 528 1975 584 Δ

1928 528 1975 584 Δ
2009 523 2221 582 Honora
2274 526 2480 597 patrem
2549 539 2696 583 tuum
2756 537 2810 583 et
2873 535 3099 585 matrem
3134 538 3229 584 :et
3285 530 3375 599 qni
3437 529 3601 585 male-

301 608 441 674 τέρα
466 606 499 676 ἢ
521 608 752 680 μητέρα,
777 609 994 682 θανάτῳ
1012 611 1339 671 τελευτάτω.
1381 617 1575 687 ’Υμεῑς
1599 618 1658 672 δὲ
1683 617 1895 688 λέγετεο

309 699 407 757 Ὃς
451 698 520 751 ἂν
554 699 694 770 εἵπη
715 700 793 770 τῷ
834 693 1056 773 πατρὶῆ
1084 706 1150 774 τῇ
1184 706 1398 776 μητρί·
1423 707 1608 776 Δῶρον
1637 708 1667 762 δ
1718 708 1814 762 ἐὰν
1839 709 1898 775 ἐξ

305 787 444 855 ἐμοῦ
480 790 793 861 ὠφεληθῇς,
829 793 925 847 καὶ
946 795 1007 847 ού
1041 795 1343 870 μὴτιμήσῃ
1372 799 1464 854 τὸν
1491 800 1710 871 πατέρα
1728 799 1896 856 αὑτοῦ

303 878 337 945 ἥ
374 879 476 948 τὴν
531 881 742 952 μητέρα
771 898 784 911 ·
849 886 944 939 καὶ
980 886 1308 958 ήκυρώσατε
1356 891 1456 958 τὴν
1519 890 1745 962 ἐντολὴν
1797 892 1892 944 τοῦ

302 972 445 1025 θεοῦ
468 973 556 1028 διά
587 974 690 1045 τὴν
715 978 1020 1046 παράδοσιν
1071 979 1248 1050 ὑμῶν.
1296 1001 1313 1034 ι
1364 985 1425 1036 Οί
1455 984 1557 1054 μὲν
1604 985 1897 1056 Φαρισαῖοι

303 1065 650 1134 κατηγόρουν
679 1066 790 1120 τῶν
819 1069 1106 1140 μαθητῶν,
1149 1073 1228 1136 ὡς
1272 1076 1496 1147 ἐντολὴν
1521 1076 1632 1130 τῶν
1657 1078 1899 1149 πρεσϐυ-

299 1156 478 1224 τέρων
502 1159 954 1230 παραϐαινόντων
974 1181 988 1195 ’
1026 1165 1059 1221 ἁ
1091 1166 1150 1219 δὲ
1169 1168 1407 1237 Χριστὸς
1427 1168 1663 1223 δεικνύει
1698 1171 1897 1234 αὐτοὺς

300 1247 395 1299 τὸν
423 1248 517 1301 τοῦ
571 1250 706 1304 Θεοῦ
751 1252 915 1320 νόμον
945 1255 1420 1326 παραϐαίνοντας⁸
1457 1259 1737 1313 ἐδίδασκον
1787 1262 1897 1332 γὰρ

301 1339 430 1398 τοὺς
456 1339 656 1402 παῖδας
686 1343 855 1410 μηδὲν
882 1343 1086 1399 διδόναι
1112 1349 1229 1411 τοῖς
1261 1348 1534 1416 γονεῦσιν,
1559 1351 1674 1404 ἀλλ’
1707 1354 1897 1408 άνατι-

303 1427 454 1480 θέναι
471 1430 571 1484 ὅσα
601 1431 783 1501 ἔχουσι
809 1433 887 1504 τῷ
913 1436 1304 1510 γαζοφυλακίῳ
1333 1440 1429 1494 τοῦ
1455 1442 1627 1513 ίεροῦ.
1650 1441 1760 1497 Ἦν
1785 1446 1895 1517 γάρ

303 1518 361 1568 ὲν
384 1519 463 1588 τῷ
493 1521 624 1593 ἱερῷ
663 1522 961 1596 θησαυρὸς,
994 1527 1054 1580 ἑν
1099 1522 1145 1596 ᾧ
1194 1531 1223 1582 δ
1265 1530 1598 1604 βουλόμενος
1642 1536 1891 1603 ἔϐαλλεν,

304 1611 558 1666 ἐκαλεῖτο
581 1614 636 1668 δὲ
657 1633 816 1679 ουτος
845 1617 1011 1685 γάζα.
1058 1620 1117 1675 '0
1142 1622 1200 1676 δὲ
1223 1623 1500 1696 θησαυρὸς
1535 1631 1648 1688 τοῖς
1687 1629 1889 1701 πένησι

302 1702 584 1758 διεδέδοτο.
609 1707 672 1760 Oi
702 1708 884 1761 τοίνυν
904 1711 1192 1781 Φαρισαῖοι
1224 1714 1507 1781 πείθοντες
1538 1720 1665 1782 τοὺς
1691 1721 1892 1785 παῖδας

306 1796 480 1864 μηδὲν
517 1797 719 1854 διδόναι
765 1804 882 1865 τοῖς
929 1804 1203 1872 γονεῦσιν,
1236 1808 1354 1860 ἀλλ’
1401 1809 1716 1867 ἀνατιθέναι
1750 1815 1892 1868 αὐτὰ

2002 618 2204 672 dixerit
2235 620 2375 687 patri
2411 631 2503 674 aut
2532 620 2713 686 matri,
2747 630 2926 675 morte
2956 619 3222 675 moriatur
3250 637 3263 674 :
3291 635 3387 675 vos
3419 631 3600 674 autent

2003 708 2219 762 dicitis:
2250 709 2571 779 Quicunque
2610 710 2808 765 diaerit
2841 710 2980 779 patri
3019 720 3112 763 aut
3160 712 3340 774 matri,
3376 712 3600 765 bonum

2004 799 2094 855 Dei
2133 811 2236 866 εει,
2271 801 2538 871 quidquid
2565 803 2678 871 {per
2723 817 2808 856 me
2841 802 2896 855 in
2944 810 3095 856 tuum
3145 816 3434 855 cessurum
3479 811 3602 856 erat

2000 894 2368 958 commodum,
2416 907 2471 949 et
2521 910 2630 950 non
2687 895 2975 950 honorabit
3007 895 3120 965 73
3148 905 3361 965 patrem
3413 910 3597 960 suum,

2001 996 2094 1039 aut
2145 997 2377 1042 matrem
2412 1001 2607 1042 suam:
2637 996 2693 1043 et
2749 987 2967 1042 irritum
3013 986 3226 1042 fecistis
3266 994 3596 1054 praeceptum

2003 1075 2099 1131 Dei
2129 1087 2353 1148 propter
2383 1077 2736 1133 traditionem
2777 1087 3040 1132 vestram.
3069 1095 3088 1128 ι
3128 1075 3388 1131 Pharismi
3432 1092 3597 1132 που.

2009 1169 2210 1224 sabant
2239 1170 2536 1240 discipulos
2565 1171 2721 1240 quasi
2755 1171 3072 1224 mandatum
3110 1170 3390 1224 seniorum
3447 1184 3592 1239 prae-

2003 1263 2327 1318 varicantes.
2353 1261 2609 1317 Christus
2645 1272 2826 1317 autem
2853 1261 3095 1316 ostendit
3124 1262 3270 1331 ipsos
3297 1259 3392 1315 Dei
3421 1261 3595 1330 legem

1999 1355 2371 1422 pracvaricari.
2397 1354 2674 1410 Docehant
2706 1355 2850 1408 enim
2901 1369 3100 1423 pueros
3139 1369 3205 1409 ne
3237 1353 3368 1424 quid
3400 1353 3598 1407 darent

2005 1449 2344 1516 parentibus,
2396 1448 2492 1503 sed
2545 1447 2803 1502 oﬂ‘erreut
2840 1453 3176 1518 qumcunque
3219 1446 3492 1500 habebant
3540 1448 3594 1500 in

2000 1539 2452 1610 gazophylacium
2487 1539 2694 1607 templi.
2720 1539 2853 1594 Erat
2904 1549 3086 1594 autem
3127 1540 3180 1592 in
3224 1538 3424 1606 templo
3467 1538 3592 1592 the-

1998 1646 2212 1698 saurus,
2241 1633 2293 1686 in
2321 1646 2482 1702 quem
2514 1634 2763 1702 quisquis
2795 1633 3009 1687 volebat
3055 1630 3338 1700 quidpiam
3382 1631 3588 1684 immit-

1999 1730 2162 1786 teret,
2213 1724 2622 1793 vocabaturqne
2666 1723 2757 1779 ille
2785 1724 3030 1794 g:iza.At
3077 1724 3508 1778 distribuebatur
3539 1724 3593 1793 iu

1998 1829 2265 1882 pauperes
2313 1816 2624 1871 thesaurus.
2669 1815 2930 1871 Pharisaei
2996 1815 3160 1885 igitur
3207 1815 3598 1882 persuadentes

303 1888 382 1956 τῷ
410 1889 672 1962 θησαυρῷ
700 1893 794 1947 τοῦ
828 1895 998 1964 ἱεροῦ,
1027 1897 1310 1953 ἐδίδασκον
1337 1902 1536 1966 αὐτοὺς
1581 1904 1766 1974 λέγειν
1809 1909 1890 1962 ὅτι
1931 1887 1970 1941 Β

1931 1887 1970 1941 Β
2002 1908 2183 1976 pueris
2219 1923 2286 1963 ne
2313 1907 2447 1977 quid
2478 1908 2672 1963 darent
2716 1907 3060 1976 parentibus,
3089 1906 3182 1961 sed
3233 1905 3494 1960 oﬂerrent
3543 1903 3597 1958 in

303 1977 489 2068 ét‘bpdv
516 1981 656 2068 ἐστι,
679 1986 985 2051 τουτέστιν,
1011 1989 1435 2061 άνατεθειμένον
1460 1994 1540 2066 τῷ
1568 1995 1691 2068 Θεῷ
1719 2000 1890 2064 ἐστιν,

303 2062 351 2122 ῶ
394 2069 593 2142 πάτερ,
629 2062 662 2126 δ
691 2075 877 2144 ζητεῖς
907 2077 969 2143 ἐξ
997 2080 1134 2150 ἐμοῦ
1161 2062 1542 2156 ὠφεληθῆναι.
1579 2062 1693 2143 καὶ
1717 2062 1892 2156 οὕτως

303 2164 563 2234 ἐμέριζον
589 2168 746 2220 αὐτοὶ
801 2169 944 2239 μετὰ
981 2171 1094 2227 τῶν
1132 2175 1342 2230 παίδων
1369 2179 1440 2232 τὰ
1467 2181 1751 2250 χρήματα,
1797 2185 1894 2237 καὶ

302 2256 354 2307 οἱ
391 2259 569 2321 γονεῖς
598 2260 1078 2333 κατελιμπάνοντο
1107 2267 1522 2340 ἁγηροκόμητοι
1546 2289 1561 2304 ο
1588 2275 1810 2329 ἐποίουν
1835 2277 1895 2330 δὲ

305 2347 465 2402 τοῦτο
495 2350 590 2405 καὶ
618 2353 668 2404 oi
698 2353 998 2410 δανεισταί.
1057 2359 1185 2412 Ἐὰν
1238 2360 1348 2433 γάρ
1383 2375 1462 2426 τις
1509 2365 1752 2420 ὲδάνεισέ
1784 2383 1894 2421 τινι

305 2441 591 2509 χρήματα,
615 2440 734 2497 εἶτα
755 2445 1017 2511 δύσκολος
1045 2451 1074 2503 δ
1101 2451 1386 2522 χρεώστης
1413 2449 1483 2524 ἦν
1517 2457 1613 2510 καὶ
1635 2459 1738 2511 ούκ
1759 2459 1895 2514 άπε-

303 2529 448 2583 δίδου
478 2533 538 2585 τὸ
565 2535 938 2606 ὀφειλόμενον,
985 2541 1176 2611 ἔλεγεν
1205 2547 1234 2598 ὁ
1261 2545 1550 2618 δανειστὴς
1599 2550 1738 2619 πρὸς
1764 2552 1861 2605 τοῦ
1880 2581 1892 2593 -

304 2639 398 2674 τον
432 2625 521 2677 τὸν
546 2627 844 2699 ἀγνώμονα
880 2633 1167 2706 χρεώστην
1190 2652 1205 2666 ο
1245 2638 1468 2710 Κορϐάν
1496 2641 1647 2696 ἐστιν
1675 2642 1704 2696 ὃ
1742 2644 1895 2712 ὀφεί-

305 2712 421 2776 λεις
480 2734 595 2785 μοι,
642 2722 914 2790 τουτέστι,
965 2725 1138 2796 δῶρον
1167 2728 1249 2798 τῷ
1289 2730 1409 2799 Θεῷ
1449 2733 1892 2804 ἀνατεθειμένον.

318 2806 378 2858 ’0
405 2806 497 2861 οὖν
523 2809 804 2881 χρεώστης
827 2815 901 2877 ώς
918 2815 996 2885 τῷ
1010 2817 1129 2888 Θεῷ
1147 2818 1334 2877 ἔκτοτε
1349 2823 1603 2890 ὀφείλων,
1631 2827 1726 2881 καὶ
1746 2828 1898 2883 ἄκων

307 2900 607 2954 κατέὸαλλε
629 2917 641 2929 '
675 2904 836 2958 τοῦτο
856 2907 1141 2963 ἐδίδασκον
1165 2914 1294 2977 τοὺς
1321 2916 1518 2981 παῖδας
1544 2919 1591 2970 oi
1608 2919 1896 2990 Φαρισαῖοι

311 3007 508 3042 ποιειν.

385 3101 404 3133 ι
455 3084 839 3158 .’Υποκριταὶ,
892 3094 1072 3158 καλῶς
1125 3099 1501 3167 προεφήτευσε
1565 3105 1690 3173 περῖ
1742 3104 1897 3173 ὑμῶν

1998 1999 2311 2054 thesaurum
2349 1999 2558 2067 templl,
2618 2000 2889 2054 docebant
2963 1999 3112 2066 ipsos
3176 2005 3236 2052 ut
3299 1998 3596 2052 dicerent:

2002 2089 2210 2144 Donum
2242 2087 2338 2144 Dei
2369 2101 2477 2154 eet,
2505 2089 2557 2144 id
2579 2099 2681 2155 est,
2724 2091 2962 2151 oblatum
2989 2088 3101 2143 Deo
3135 2098 3240 2153 est,
3273 2103 3306 2143 ο
3336 2097 3514 2159 pater,
3548 2088 3598 2140 id

1996 2187 2141 2254 quod
2170 2199 2266 2254 per
2291 2200 2378 2241 me
2411 2185 2504 2242 tibi
2537 2187 2655 2240 usui
2696 2201 2821 2242 esse
2857 2187 3032 2257 cupis.
3085 2186 3150 2240 Et
3174 2185 3254 2239 sic
3283 2185 3597 2254 partieban-

1996 2281 2088 2332 tur
2117 2277 2220 2347 ipsi
2257 2292 2382 2332 cum
2411 2277 2541 2332 ﬁliis
2569 2291 2702 2347 opes
2727 2295 2740 2332 :
2768 2288 2824 2332 et
2852 2288 3108 2347 parentes
3146 2277 3598 2346 relinquebantur

1994 2379 2052 2424 et
2089 2369 2729 2434 conteninehanturmee
2777 2368 2832 2426 in
2887 2380 3106 2426 senecta
3160 2370 3466 2424 alebantur.
3497 2358 3599 2422 F'a-

1997 2461 2217 2516 ciebant
2243 2469 2428 2516 autem
2462 2463 2566 2518 hoc
2594 2463 3005 2518 et‘ereditores.
3025 2463 3083 2517 Si
3117 2465 3243 2534 quis
3273 2463 3418 2518 enim
3473 2462 3598 2517 cni-

1997 2552 2143 2622 piam
2203 2563 2392 2609 mutuo
2446 2553 2689 2611 dedisset
2739 2555 3118 2626 pecuniaszet
3169 2555 3368 2611 deinde
3424 2556 3600 2608 malus

1996 2644 2214 2700 debitor
2245 2661 2352 2700 non
2387 2647 2642 2701 redderet
2677 2647 2944 2710 debitum,
2971 2646 3190 2701 dicebat
3239 2647 3479 2701 creditor
3533 2647 3600 2699 ad
3667 2669 3673 2675 ο

2001 2735 2154 2789 illum
2195 2738 2466 2808 ingratum
2495 2739 2801 2793 debitorem
2834 2757 2846 2793 :
2873 2738 3092 2794 Corban
3125 2749 3210 2794 est
3244 2740 3388 2808 quod
3436 2740 3602 2795 debes

2001 2828 2156 2893 mihi,
2186 2829 2290 2885 hoc
2320 2840 2423 2894 est,
2450 2830 2652 2886 donum
2711 2832 2818 2885 Deo
2864 2831 3128 2886 oblatum.
3160 2832 3380 2887 Debitor
3434 2833 3603 2902 igitur

2002 2929 2133 2974 tunc
2166 2923 2318 2990 quasi
2362 2921 2472 2977 Deo
2499 2923 2722 2987 debens,
2749 2924 2914 2980 etiam
2963 2925 3171 2978 invitus
3198 2925 3599 2980 dinunterabat.

2003 3011 2116 3067 Hoc
2152 3014 2422 3069 docebant
2458 3015 2722 3070 Pharisaei
2753 3031 2952 3085 pueros
2985 3016 3187 3072 facere.

2081 3106 2243 3163 Vens.
2274 3111 2304 3162 7
2337 3109 2394 3165 9.
2438 3128 2457 3161 ι
2517 3107 2850 3180 Hypocritte,
2901 3109 3039 3164 bene
3116 3111 3464 3181 prophetarit
3539 3114 3605 3165 de

313 3176 570 3244 Ἡσαΐας,
597 3179 775 3281 λέγων
801 3201 813 3214 ’
846 3186 1093 3254 Ἐγγίζει
1127 3207 1214 3258 μοι
1247 3193 1275 3244 ὁ
1305 3193 1432 3257 λαὸς
1477 3189 1632 3260 οὗτος
1660 3197 1738 3268 τῷ
1771 3200 1892 3254 στό-
1927 3235 1971 3294 c

1927 3235 1971 3294 ο
2006 3198 2163 3256 vobis
2194 3200 2366 3256 Isaias
2401 3176 3073 3270 dicensvmppropinquat
3097 3176 3232 3257 mihi
3261 3204 3492 3273 pepulns
3516 3204 3605 3259 hic

310 3283 447 3335 ματι
478 3270 682 3333 αὐτῶν,
709 3277 802 3327 καὶ
833 3279 945 3340 τοῖς
978 3279 1183 3348 χείλεσί
1216 3301 1285 3351 με
1344 3289 1502 3357 τιμᾷ,
1546 3290 1579 3358 ὴ
1610 3290 1668 3342 δὲ
1698 3293 1899 3363 καρδία

304 3363 488 3416 αὐτῶν
519 3367 712 3438 πόρρω
754 3371 952 3442 ἀπέχει
985 3375 1082 3427 ἀπ’
1110 3377 1268 3446 ἐμοῦ.
1302 3380 1502 3449 Μάτην
1534 3381 1594 3434 δὲ
1646 3384 1900 3438 σέϐονταί

309 3474 403 3520 με,
430 3455 778 3525 διδάσκοντες
800 3463 1151 3530 διδασκαλίας
1177 3471 1496 3540 ἐντάλματα
1517 3474 1846 3545 ἀνθρώπων.
1877 3496 1896 3530 ι

305 3545 560 3599 Δείκνυσι
590 3549 674 3601 διὰ
704 3552 801 3621 τῆς
843 3553 1067 3609 Ἡσαΐου
1111 3560 1320 3629 φωνῆς,
1352 3563 1446 3615 καὶ
1483 3563 1618 3633 περὶ
1654 3564 1897 3620 τδνΉα-

309 3637 447 3704 τέρα
491 3639 658 3693 αὑτοῦ
691 3642 970 3709 τοιούτους
999 3646 1160 3712 ὄντας
1218 3651 1440 3717 αὐτοὺς,
1478 3648 1582 3706 οἷοι
1635 3655 1730 3708 καὶ
1773 3659 1903 3729 περὶ

307 3729 474 3782 αὐτὸν
505 3733 890 3801 εὑρίσκονται·
930 3741 1160 3811 πονηροὶ
1191 3741 1300 3813 γὰρ
1334 3743 1510 3809 ὄντες,
1552 3747 1648 3800 καὶ
1668 3748 1760 3803 διὰ
1789 3749 1901 3803 τῶν

311 3823 567 3893 πονηρῶν
597 3824 777 3896 ἔργων
809 3831 1181 3903 μικρύνοντες
1205 3835 1440 3900 ἑαυτοὺς
1471 3838 1564 3891 τοῦ
1595 3839 1755 3906 Θεοῦ,
1783 3845 1904 3896 στό-

314 3934 447 3984 ματι
482 3917 644 3986 μόνον
685 3920 911 3975 ἐλάλουν
953 3924 1022 3976 τὰ
1051 3925 1147 3979 τοῦ
1175 3927 1313 3982 Θεοῦ
1349 3931 1528 3999 λόγια.
1569 3932 1766 4003 Μάτην
1793 3935 1904 4007 γὰρ

310 4008 532 4073 παντως
566 4012 816 4069 σέϐονται
840 4016 934 4069 καὶ
956 4017 1176 4074 δοκοῦσι
1215 4024 1381 4094 τιμᾷν
1413 4025 1508 4079 τὸν
1550 4025 1706 4092 Θεὸν,
1736 4030 1784 4082 οἱ
1813 4029 1904 4084 διὰ

308 4100 419 4153 τῶν
447 4102 628 4173 ἔργων
657 4106 821 4160 αὑτὸν
848 4110 1233 4180 ἀτιμάζοντες.

392 4212 412 4245 ι
455 4195 567 4249 Καὶ
591 4200 1111 4272 προσκαλεσάμενος
1140 4204 1234 4260 τὸν
1272 4206 1452 4279 δχλον,
1486 4207 1643 4267 εἶπεν
1674 4215 1860 4280 αὐτοῖς
1885 4231 1899 4246 ·

327 4287 582 4342 Ἀκούετε
631 4293 726 4345 καὶ
787 4295 1020 4352 συνίετε.
1059 4297 1138 4352 Οὐ
1174 4299 1236 4353 τὸ
1275 4302 1662 4375 εἰσερχόμενον
1708 4309 1789 4371 εἰς
1844 4309 1905 4362 τὸ

2005 3308 2102 3349 ore
2141 3307 2262 3358 suo,
2288 3302 2344 3347 et
2372 3292 2532 3348 labiis
2571 3307 2662 3348 me
2695 3294 2948 3360 honorat,
2992 3305 3252 3350 caeterum
3282 3310 3379 3349 cor
3413 3311 3604 3349 eorum

2007 3384 2194 3452 procul
2223 3382 2380 3439 abest
2412 3398 2442 3437 a
2471 3381 2705 3438 me.Sed
2739 3384 2944 3439 [rustra
2996 3401 3083 3440 me
3118 3385 3305 3441 colunt
3347 3387 3609 3443 docentes

2007 3487 2278 3546 praecepta
2309 3475 2574 3534 doctrina;
2610 3476 2912 3531 hominum.
2951 3499 2967 3530 ι
3003 3475 3255 3533 Ostendit
3287 3479 3441 3534 Isaiae
3473 3495 3608 3535 voce

2008 3568 2152 3636 quod
2207 3569 2372 3623 etiam
2417 3567 2555 3623 tales
2594 3569 2706 3624 sint
2741 3584 2870 3639 erga
2918 3569 3141 3625 Patrem
3184 3587 3366 3637 suum,
3417 3574 3608 3641 quales

2005 3670 2060 3714 et
2086 3674 2215 3730 erga
2257 3675 2316 3714 se
2347 3660 2729 3719 inveniuntur.
2777 3660 2911 3716 Nam
2964 3678 3089 3718 cum
3127 3663 3253 3718 mali
3294 3675 3501 3729 essent,
3554 3677 3609 3721 et

2008 3762 2230 3822 propter
2259 3753 2402 3807 mala
2440 3768 2605 3824 opera
2640 3753 2854 3826 longius
2888 3771 2917 3812 ο
2952 3755 3062 3811 Deo
3099 3759 3447 3822 recederent,
3471 3760 3606 3814 divi-

2009 3859 2135 3897 num
2183 3843 2260 3915 (α)
2301 3858 2613 3899 sermonem
2648 3845 2769 3900 solo
2821 3860 2917 3899 ore
2955 3845 3343 3914 loquebantur.
3373 3847 3609 3905 Frustra

2007 3935 2152 3989 enim
2180 3934 2369 3990 colunt
2393 3947 2447 3990 et
2474 3945 2671 4006 putant
2693 3952 2750 3992 se
2785 3937 2970 3994 colere
2990 3938 3179 4007 Deum,
3203 3941 3294 4011 qui
3323 3956 3424 4012 per
3441 3956 3608 4011 opera

2008 4027 2158 4082 illum
2195 4029 2561 4084 dehonorant.

2086 4212 2361 4278 Vens.lO,
2389 4214 2477 4270 ll.
2515 4233 2534 4267 ι
2575 4213 2639 4270 Ει
2685 4217 3081 4288 ούνοοοιεειῖοᾶ
3127 4233 3187 4274 se
3230 4221 3430 4284 turbis,
3474 4221 3611 4277 dixit

2007 4307 2124 4363 eis:
2167 4309 2370 4362 Audite
2391 4317 2445 4364 et
2492 4307 2800 4379 intelligite.
2839 4310 2952 4367 Non
2992 4311 3136 4381 quod
3180 4313 3485 4382 ingreditur
3522 4331 3605 4382 os,

312 4383 490 4453 στόμα
516 4387 689 4438 κοινοῖ
709 4386 802 4440 τὸν
827 4388 1140 4459 ἄνθρωπον,
1177 4393 1317 4448 ἀλλὰ
1368 4398 1431 4450 τὸ
1452 4399 1900 4471 ἐκπορευόμενον

2010 4399 2248 4468 impurat
2279 4400 2560 4456 hominem
2588 4419 2603 4455 :
2628 4401 2723 4456 sed
2753 4403 2896 4471 quod
2942 4405 3224 4472 egreditur
3254 4420 3317 4463 ex
3350 4421 3468 4470 ore,
3504 4409 3607 4462 hoc

313 4476 380 4527 ἐκ
409 4475 503 4529 τοῦ
530 4478 822 4547 στόματος,
856 4481 1018 4540 τοῦτο
1046 4489 1218 4539 κοινοί
1243 4487 1338 4542 τὸν
1369 4489 1688 4560 ἄνθρωπον.
1728 4512 1746 4545 ι
1784 4495 1904 4550 Οὐκ

2011 4490 2284 4559 impurum
2329 4491 2507 4545 reddit
2559 4491 2862 4547 hominem.
2929 4512 2946 4542 ι
2990 4491 3106 4549 Non
3163 4494 3407 4564 loquitur
3461 4497 3609 4553 ultra

313 4566 395 4655 ἔτι
425 4569 536 4631 τοῖς
566 4569 901 4639 Φαρασαίοις
949 4574 1287 4644 διαλέγεται,
1345 4579 1423 4644 ὡς
1473 4582 1899 4655 ἀθεραπεύτοις,
1935 4583 1981 4643 D

1935 4583 1981 4643 D
2015 4582 2328 4649 Pharisaais,
2379 4595 2567 4653 utpote
2608 4584 3008 4640 incnrabilibus
3038 4604 3052 4639 :
3085 4587 3257 4642 turbae
3308 4600 3491 4644 autem
3526 4591 3607 4644 lu-

309 4654 391 4723 τῷ
416 4655 559 4726 ὄχλῳ
585 4657 666 4712 δέ.
699 4660 812 4713 Καὶ
839 4661 928 4716 διὰ
971 4663 1068 4717 τοῦ
1093 4668 1582 4737 προσκαλέσασθαι
1624 4674 1777 4730 δοκεῖ
1817 4654 1905 4732 τιέ

2013 4679 2223 4747 quitur,
2273 4688 2326 4733 et
2369 4693 2466 4748 per
2493 4679 2643 4748 quod
2670 4679 2801 4738 .illos
2854 4679 2919 4734 ad
2975 4695 3034 4735 se
3071 4680 3302 4736 advocat
3341 4684 3605 4739 honorem

312 4751 423 4820 μᾷν
475 4751 698 4814 αὐτοὺς,
747 4753 834 4808 ἶνα
875 4751 1296 4827 παραδέξωνται
1351 4764 1446 4818 τὸν
1487 4765 1648 4836 λόγον
1708 4771 1900 4839 αὐτοῦ,

2011 4770 2119 4828 illis
2145 4768 2364 4830 deferre
2395 4769 2635 4835 videtur,
2659 4777 2715 4824 dt
2746 4771 3043 4839 suscipiant
3076 4786 3383 4829 sermonem
3410 4791 3603 4832 suum:

311 4839 405 4892 καί
434 4858 601 4908 φησιν
623 4859 636 4871 ⁸
672 4843 928 4900 Ἀκούετε
965 4850 1061 4902 καὶ
1089 4851 1326 4920 συνίετε,
1368 4855 1668 4912 διανιστῶν
1698 4851 1903 4928 αὐτοὺς

2010 4871 2066 4920 et
2105 4862 2305 4933 inquit,
2355 4861 2574 4929 Audite,
2595 4871 2651 4921 et
2692 4863 3007 4932 intelligite,
3032 4866 3278 4922 excitans
3311 4880 3499 4934 cos,et
3530 4881 3607 4925 at—

308 4935 388 4994 εἰς
431 4938 730 5008 προσοχήν.
764 4938 885 4992 Τῶν
925 4940 983 4995 δὲ
1026 4944 1342 5014 Φαρισαίων
1387 4950 1734 5021 αἰτιωμένων
1773 4957 1900 5022 τοὺς

2007 4964 2188 5012 tentus
2222 4956 2450 5012 faciens.
2480 4956 2618 5023 Quia
2650 4966 2831 5012 autem
2867 4957 3129 5014 Pharisaei
3184 4963 3484 5032 arguebant
3520 4967 3594 5019 di-

311 5025 564 5120 μαθητὰς
719 5030 974 5097 ἀνίπτοις
1012 5034 1204 5105 χερσὶν
1251 5038 1578 5109 ὲσθίοντας,,
1609 5045 1637 5098 δ
1693 5047 1904 5120 Κύριος

311 5116 442 5184 περὶ
475 5116 784 5188 βρωμάτων
813 5121 987 5191 λέγει,
1021 5126 1106 5180 ὅτι
1138 5124 1293 5181 οὐδὲν
1337 5130 1539 5202 βρῶμα
1592 5139 1767 5191 κοινοί
1786 5116 1903 5194 ⁷τὸν

308 5208 621 5289 ἄνθρωπον,
674 5218 925 5269 τουτέστι
979 5218 1224 5288 μολύνει.
1270 5222 1381 5276 Καὶ
1429 5226 1479 5278 εί
1524 5226 1584 5288 rb
1619 5229 1817 5300 βρῶμα
1839 5234 1900 5286 οὐ

314 5301 560 5370 μολύνει,
593 5305 1008 5396 πολλῷμᾷλλον
1051 5312 1113 5365 τὸ
1145 5313 1396 5380 ἀνίπτοις
1445 5321 1637 5392 χερσὶν
1675 5324 1903 5382 ἐσθίειν.

308 5396 551 5451 Μολύνει
583 5401 692 5470 γὰρ
738 5403 834 5456 τὸν
870 5405 1024 5469 ὲντὺς
1055 5405 1374 5478 ἄνθρωπον,
1421 5414 1484 5467 τὸ
1543 5415 1726 5484 λέγειν
1757 5419 1792 5473 ἃ
1829 5421 1904 5490 μὴ

308 5493 410 5545 ζεῖ.
447 5494 757 5548 Αίνίττεται
791 5497 846 5550 δὲ
892 5499 977 5552 διὰ
1010 5501 1204 5556 τούτου
1240 5506 1367 5570 τοὺς
1418 5508 1772 5577 Φαρισαίους,
1811 5531 1906 5583 μο-

309 5587 640 5656 λυνομένους
679 5590 744 5643 ἐκ
771 5592 866 5645 τοῦ
891 5593 1070 5662 λέγειν
1110 5597 1452 5665 φθονούντων
1509 5603 1733 5672 ῥήματα
1758 5622 1771 5639 ο
1801 5609 1906 5677 ὅρα

309 5680 369 5733 δὲ
402 5683 628 5751 σοφίαν,
681 5685 798 5748 πῶς
841 5686 962 5740 οὗτε
1017 5690 1269 5760 φανερῶς
1304 5693 1366 5746 τὸ
1416 5694 1643 5750 ἄνιπτον
1702 5699 1904 5753 ἐσθίειν

2004 5051 2246 5121 scipulos
2268 5050 2416 5120 quod
2451 5049 2618 5108 illetis
2649 5051 2902 5106 inanibus
2929 5054 3302 5121 comederent,
3336 5055 3606 5115 Dominus

2004 5145 2074 5202 de
2093 5143 2234 5199 cibis
2254 5144 2386 5199 dicit
2406 5143 2549 5212 quod
2579 5142 2760 5197 nullus
2782 5145 2937 5199 cilius
2960 5147 3273 5216 coinquinet
3302 5149 3603 5216 hominem,

2009 5237 2090 5293 vel
2120 5237 2380 5309 impuret.
2405 5231 2538 5291 Etsi
2571 5236 2727 5292 cibus
2763 5255 2874 5293 non
2907 5239 3182 5307 inquinat,
3208 5245 3377 5299 multo
3408 5249 3602 5317 magis,

2008 5329 2174 5387 illotis
2230 5329 2519 5386 comedere
2575 5329 2846 5386 manibus.
2877 5327 3213 5398 Coinquinat
3269 5335 3412 5388 enim
3455 5338 3603 5393 intus

2008 5422 2284 5477 hominem
2326 5421 2511 5476 dicere
2543 5438 2665 5491 quae
2694 5437 2799 5476 non
2832 5434 3068 5492 oportet.
3093 5422 3261 5481 Natat
3300 5440 3480 5484 autent
3522 5431 3604 5483 la-

2007 5526 2182 5569 tenter
2215 5515 2522 5570 Phariszeus
2559 5529 2653 5583 per
2686 5515 2770 5566 illa
2821 5516 3115 5586 verba,qni
3174 5520 3418 5577 dicentes
3457 5524 3600 5577 invi.

2004 5608 2197 5662 dorum
2241 5609 2401 5661 verba
2434 5607 2951 5676 coinquinabantur.
2985 5608 3118 5666 Vide
3149 5625 3333 5668 autem
3387 5619 3609 5685 sapien-

2007 5704 2159 5764 tiam,
2203 5702 2475 5764 quomodo
2535 5715 2711 5770 neque
2767 5701 3062 5760 manifeste
3122 5705 3288 5764 illutis
3350 5715 3603 5766 munitm-2

383 5864 460 5927 μ)
502 5864 639 5919 [ζιιιι.
677 5865 791 5921 Lut.
827 5885 939 5925 eum
975 5874 1100 5926 muli
1131 5887 1322 5942 (sunt,
1347 5889 1559 5949 prnplu'
1584 5879 1722 5932 mqu
1751 5897 1907 5950 upcrn
1951 5880 2070 5953 (UHJ

1217 5887 1322 5942 cnt,
1347 5889 1559 5949 prnplu'
1584 5879 1722 5932 mqu
1751 5897 1907 5950 upcrn
1951 5880 2098 5953 longe
2133 5883 2328 5953 ﬂebunt
2359 5902 2388 5937 (ι
2417 5886 2545 5956 Dw,
2580 5898 2624 5942 cl
2658 5889 2893 5943 dirutum
