4288 6444
721 411 825 475 3οἹ

1641 402 2219 465 THEOPHYLACTI
2256 390 2668 463 BULGA‘RLE
2705 395 3071 459 ARCHIEP.

3868 390 3981 453 303

723 528 1012 584 comedere
1071 521 1353 592 approbat.
1415 534 1591 587 neque
1661 525 1969 583 aversatur,
1998 516 2095 572 sed
2151 513 2295 569 aliud
2326 518 2416 574 Av

2285 513 2295 567 I
2326 518 2372 574 Α
2402 511 2705 582 νομοθετεῖ,
2727 510 2853 565 οὔτε
2883 509 3209 581 ἀποτρέπει.
3254 506 3395 563 Ἀλλ’
3420 504 3611 578 ἱτερόν
3631 520 3685 558 τι
3715 504 3978 569 διδάσκει,

726 614 978 688 quiddam
1021 616 1202 681 docet,
1230 611 1376 685 quod
1407 626 1511 666 non
1549 610 1769 682 ejiciant
1798 625 1828 666 e
1856 618 2075 681 pectore
2123 606 2298 663 malos

725 724 1024 769 sermones.

795 803 959 857 Vens.
1005 802 1093 856 12.
1125 820 1143 854 ι
1188 802 1339 856 Tunc
1372 799 1693 855 accedentes
1725 795 1973 866 discipuli
2001 795 2119 864 ejus
2145 794 2296 848 dixe-

725 904 852 949 runt
915 893 1217 949 illizﬂosti
1285 892 1597 947 Pharisa’os
1653 891 1839 945 audito
1895 902 2149 944 sermone
2196 886 2297 942 isto

722 985 960 1042 oﬂ'ensos
1003 986 1205 1041 fuisse?
1236 1004 1255 1039 ι
1299 985 1558 1054 Discipuli
1600 994 1821 1053 propter
1850 980 1961 1053 79
1992 979 2297 1035 Pharisaeos

730 1077 917 1133 dicunt
958 1078 1102 1145 quod
1131 1076 1317 1131 ollcnsi
1350 1076 1480 1141 sint,
1510 1075 1722 1131 tametsi
1752 1074 1917 1129 etiam
1958 1072 2056 1143 ipsi
2099 1069 2295 1125 turbati

724 1168 946 1230 fuerint,
990 1166 1527 1237 quodmanil‘estum
1578 1182 1646 1221 ex
1678 1180 1765 1220 ‘eo
1813 1164 1957 1235 quod
2010 1160 2299 1218 accesserit

723 1259 1013 1326 Petrus,et
1046 1259 1462 1330 interrogaverit
1484 1260 1550 1313 de
1583 1258 1703 1312 hoc.
1746 1257 1913 1325 Igitur
1960 1252 2124 1309 Iesus
2172 1264 2295 1307 cum

724 1353 964 1408 audisset
994 1352 1137 1422 quod
1169 1351 1356 1425 οπεηεί
1388 1359 1570 1407 essent
1599 1346 2034 1412 Pharisaei,dixit
2063 1362 2078 1400 :

798 1538 963 1593 Vens.
1025 1537 1113 1598 15.
1157 1537 1245 1591 ιιι.
1302 1555 1320 1587 ι
1385 1534 1573 1591 Omnis
1640 1533 1902 1604 plantatio
1971 1545 2135 1602 quam
2178 1544 2297 1583 non

724 1630 990 1695 plantavit
1019 1631 1180 1686 Pater
1211 1643 1359 1684 meus
1397 1629 1656 1692 caelestis,
1679 1626 2066 1684 eradicabitur.
2096 1620 2300 1679 Omitte

726 1721 866 1787 illos,
896 1722 1062 1776 duces
1098 1730 1223 1776 sunt
1277 1721 1405 1776 caeci
1475 1734 1769 1775 crecorum.
1826 1717 1998 1773 Porro
2020 1717 2065 1773 si
2123 1729 2301 1772 εωειιε

724 1824 870 1865 casco
904 1811 1010 1864 dux
1044 1810 1232 1875 fuerit,
1271 1809 1431 1865 ambo
1476 1811 1528 1864 iu
1560 1810 1769 1865 foveam
1804 1809 2018 1865 cadent.
2060 1825 2079 1859 ι
2114 1806 2300 1862 Senio-

724 1917 845 1956 rum
888 1903 1207 1958 traditiones
1236 1912 1289 1956 et
1320 1902 1629 1963 Iudaeorum
1662 1909 1927 1971 praecepta
1962 1900 2295 1958 eradicatum

722 1993 788 2046 iri
833 1992 987 2059 dixit,
1034 2008 1138 2048 non
1175 1993 1386 2063 legalia,
1420 2003 1478 2049 ut
1517 1993 1833 2050 existimant
1862 1991 2165 2047 Manichaei.
2188 1989 2297 2046 Lex

724 2084 865 2139 enim
895 2085 1157 2153 plantatio
1177 2097 1257 2141 est
1288 2083 1406 2150 Dei,
1442 2100 1546 2141 non
1573 2085 1741 2156 igitur
1766 2083 1859 2140 illa
1887 2084 2161 2139 eradicata
2192 2091 2293 2138 est.

724 2175 903 2230 Manet
942 2177 1087 2231 enim
1147 2177 1299 2232 radix
1347 2178 1485 2249 ejus,
1518 2176 1571 2232 id
1601 2186 1705 2243 est,
1736 2176 1959 2246 spiritus
1986 2174 2077 2246 qui
2118 2176 2170 2229 in
2206 2187 2298 2229 oc-

723 2267 869 2320 culto
894 2275 996 2321 est.
1036 2266 1187 2323 Folia
1237 2275 1442 2335 autem,
1493 2268 1595 2324 hoc
1624 2278 1729 2334 est,
1794 2282 2064 2337 apparens
2094 2266 2295 2333 littera,

723 2357 986 2415 dclluunt.
1010 2358 1205 2430 Legem
1234 2361 1379 2418 enim
1423 2361 1561 2416 ultra
1593 2360 1874 2431 nonjuxta
1906 2361 2172 2425 litteram,
2202 2358 2299 2416 sed

718 2452 870 2519 juxta
906 2453 1154 2522 spiritum
1185 2454 1557 2525 intelligimus.
1598 2453 1865 2522 Quoniam
1894 2463 2072 2509 autem
2101 2453 2298 2522 despe-

721 2545 827 2599 rati
850 2558 915 2600 ac
958 2544 1283 2601 inc‘urabiles
1329 2554 1485 2603 erant
1524 2546 1803 2612 Pharisai,
1844 2546 2019 2601 dixit:
2052 2544 2301 2601 Omittite

724 2633 866 2691 illos.
909 2635 1046 2692 Hinc
1093 2638 1236 2693 enim
1283 2638 1560 2705 discimus,
1616 2640 1759 2709 quod
1808 2637 2005 2695 oﬂ'endi
2047 2638 2166 2695 illos
2209 2638 2299 2709 qui

721 2740 921 2791 sponte
954 2729 1322 2795 oﬂ'enduntur,
1372 2742 1421 2787 et
1470 2732 1798 2787 incurabiles
1840 2740 1985 2797 sunt,
2041 2747 2149 2786 non
2216 2738 2301 2788 est

721 2818 875 2875 nobis
902 2819 1240 2876 damnosum.
1274 2820 1636 2891 Praeceptores
1663 2829 1844 2877 autem
1873 2821 1996 2876 illos
2025 2821 2155 2877 dlcit
2195 2834 2297 2891 ex:

721 2924 814 2963 cos
838 2922 1102 2968 caecorum
1135 2914 1316 2978 duces,
1346 2920 1405 2966 ut
1442 2913 1510 2967 ab
1540 2914 1619 2968 eis
1657 2913 1840 2969 turbas
1869 2913 2119 2968 abducat.

796 3095 954 3150 Vens.
984 3097 1070 3151 15.
1109 3116 1127 3148 ι
1185 3095 1538 3167 Respondens
1574 3107 1753 3167 autem
1806 3098 1999 3155 Petrus
2057 3101 2193 3157 dixit
2216 3101 2299 3157 ei:

2324 1865 2373 1926 B

2401 603 2463 657 τὸ
2495 604 2571 676 μὴ
2604 600 2890 660 ικδάλλειν
2918 601 3028 656 ἀπὸ
3051 602 3154 671 τῆς
3184 600 3417 671 καρδίας
3463 595 3737 668 πονηροὺς
3765 594 3980 664 λόγους.

2486 806 2504 838 ι
2565 785 2697 839 Τότε
2757 781 3148 867 προσελθόντες
3189 780 3239 832 οῖ
3290 778 3533 848 μαθηταὶ
3590 777 3781 841 αὐτοῦ,
3827 770 3985 827 εἷπον

2399 877 2549 950 αὐτῷ
2573 893 2590 911 ⁸
2626 872 2788 939 οἶδας
2820 876 2902 930 δτι
2936 876 2986 927 oi
3011 874 3295 943 1Ιθαρισαῖοι
3320 871 3654 932 ἀκούσαντες
3676 869 3769 922 τὸν
3799 868 3981 935 λόγον,

2401 969 2949 1041 ισκανδαλίσθησανς
2992 985 3011 1018 ι
3052 966 3116 1019 Ol
3159 965 3258 1035 μὲν
3311 963 3553 1034 μαθηταὶ
3579 960 3670 1014 διὰ
3699 960 3829 1023 τοὺς
3872 960 3984 1011 Φαο

2406 1065 2652 1137 ρισαίους
2678 1061 2948 1130 λέγουσιν,
2976 1060 3059 1114 ὅτι
3100 1055 3630 1124 ἐσκανδαλίσθησαν.
3666 1052 3815 1123 Πλὴν
3848 1052 3987 1105 ἀλλά

2402 1159 2495 1210 καὶ
2537 1154 2694 1209 αὐτοὶ
2738 1150 3191 1222 ιθορυσήθησανο
3230 1146 3390 1199 τοῦτο
3441 1145 3500 1198 δι
3552 1143 3715 1212 δῆλον
3750 1141 3861 1195 ἀπὸ
3889 1138 3985 1193 τοῦ

2402 1245 2723 1319 προσελθεῖν
2761 1243 2853 1297 τὸν
2886 1243 3097 1311 Πέτρον
3131 1239 3226 1293 καὶ
3268 1238 3544 1308 ἐρωτῆσαι
3600 1236 3731 1304 περὶ
3768 1234 3986 1287 τούτου.

2414 1340 2475 1392 Ὀ
2519 1337 2652 1406 γοῦν
2698 1332 2910 1405 Ἰησοῦς
2951 1331 3214 1397 ἀκούσας,
3264 1331 3348 1385 ὅτι
3394 1326 3898 1396 ὶσκανδαλίσθησαν
3935 1324 3987 1377 oi

2400 1432 2705 1502 Φαρισαῖοι,
2728 1444 2871 1483 ειπεο

2476 1544 2494 1576 ι
2534 1523 2689 1577 Πᾶσα
2718 1520 2914 1590 φυτεία
2952 1518 3020 1591 ἢν
3058 1518 3161 1571 οὐκ
3191 1514 3491 1585 ἐφύτευσεν
3525 1513 3554 1565 6
3589 1511 3784 1581 Πατήρ
3822 1526 3927 1579 μου
3958 1510 3988 1561 6

2399 1616 2670 1688 οὐράνιος,
2699 1612 3137 1684 ἑκριζωθήσεται
3159 1626 3172 1640 ο
3205 1608 3375 1678 ἄφετε
3402 1606 3601 1668 αὐτούς
3622 1622 3636 1634 ·
3664 1602 3852 1673 ὁδηγοί
3880 1602 3987 1653 εἰσι

2399 1708 2589 1776 τυφλοὶ
2621 1704 2862 1774 τυφλῶν,
2898 1701 3096 1771 τυφλὸς
3124 1699 3183 1753 δὲ
3226 1699 3430 1767 τυφλὸν
3458 1698 3553 1751 ἐὰν
3579 1697 3772 1765 ὁδηγῇ,
3804 1692 3991 1761 ἀμφό-

2399 1816 2548 1870 τεροι
2570 1798 2649 1859 είς
2675 1795 2896 1866 βόθυνον
2923 1791 3242 1846 πεσοῦνται.
3277 1808 3295 1842 ι
3323 1788 3435 1851 Τάς
3465 1788 3573 1840 τῶν
3598 1783 3989 1856 πρεσσυτέρων

2400 1889 2729 1962 παραδόσεις
2767 1887 2861 1940 καὶ
2894 1886 2964 1939 τά
3002 1881 3270 1937 ’ῐουδαῖκά
3302 1881 3616 1947 ἐντάλματα
3644 1876 3796 1943 λέγει
3834 1877 3990 1943 ἰκρι-

2402 1981 2777 2049 ζωθήσεσθαιο
2819 1978 2942 2048 οὐχὶ
2983 1977 3053 2030 τὰ
3085 1974 3179 2029 τοῦ
3215 1974 3417 2045 νόμου,
3453 1971 3530 2035 ὡς
3577 1970 3760 2025 νοοῦσι
3810 1970 3990 2023 Μανι-

2401 2078 2567 2146 χαῖοι·
2590 2075 2619 2128 6
2648 2072 2756 2141 γὰρ
2783 2070 2946 2140 νόμος
2974 2068 3170 2139 φυτεία
3201 2066 3317 2119 ἐστὶ
3342 2064 3476 2117 Θεοῦ
3506 2081 3520 2092 ο
3550 2064 3611 2117 οὐ
3635 2064 3817 2116 τοίνυν
3835 2056 3990 2124 οὗτος

2401 2163 2759 2235 εξεῤῥιζὼθη.
2797 2160 2965 2214 Μόνει
2996 2157 3107 2227 γὰρ
3142 2159 3174 2227 ἠ
3221 2156 3347 2227 ῥίζα
3390 2152 3582 2217 αὐτοῦ,
3625 2154 3895 2213 τουτέστι,
3930 2152 3991 2205 τὸ

2402 2256 2778 2327 κρυπτόμενον
2814 2251 3052 2320 πνεῦμα.
3085 2249 3165 2302 Τὰ
3198 2249 3254 2301 δὲ
3286 2246 3485 2315 φύλλα,
3526 2245 3645 2315 ἤτοι
3693 2244 3756 2296 τὸ
3797 2242 3990 2311 φαινό-

2405 2365 2563 2421 μενον
2597 2346 2867 2417 γράμμα,
2918 2341 3208 2414 ἀπερρύη·
3257 2341 3359 2393 οὐκ
3407 2339 3488 2392 ἔτι
3523 2338 3635 2409 γάρ
3680 2337 3775 2390 τὸν
3824 2336 3991 2407 νόμον

2402 2442 2545 2497 κατά
2584 2439 2646 2493 τδ
2677 2438 2915 2509 γράμμα
2938 2478 2953 2499 ,
3008 2436 3147 2490 ἀλλὰ
3189 2435 3330 2489 κατὰ
3364 2433 3427 2486 τὸ
3478 2432 3698 2501 πνεῦμα
3734 2431 3988 2499 νοοῦμεν·

2415 2538 2472 2589 Ἀ
2482 2534 2878 2603 πεγνωσμένων
2893 2529 3136 2591 ὀδόντων
3150 2527 3261 2580 τῶν
3280 2525 3591 2597 Φαρισαίων
3613 2523 3710 2576 καὶ
3726 2521 3989 2584 ἀνιάτων,

2404 2622 2526 2696 εἶπε
2553 2626 2613 2679 τό
2634 2642 2647 2657 ο
2687 2624 2888 2691 Ἅφετε
2919 2619 3140 2682 αὐτούς.
3176 2617 3459 2671 Ἐντεῦθεν
3490 2611 3584 2667 οὖν
3612 2613 3986 2683 μανθάνομεν,

2402 2721 2485 2774 ὅτι
2514 2716 2575 2770 τὸ
2612 2710 3063 2777 σκανδαλίζεσθαι
3095 2711 3224 2773 τοὺς
3255 2708 3435 2762 ἑκοντὶ
3465 2703 3993 2773 σκανδαλιζομένους

2402 2810 2498 2863 καὶ
2521 2808 2799 2872 ἀνιάτους,
2832 2806 2934 2860 οὐκ
2965 2803 3113 2863 ῐστιν
3142 2803 3278 2872 ἡμῖν
3310 2796 3599 2871 βλαϐερόν·
3631 2794 3992 2855 διδασκάλους

2400 2902 2458 2957 δὲ
2484 2881 2683 2963 αὐτοὺς
2710 2899 2859 2967 λέγει
2893 2895 3131 2966 τυφλοὺς
3158 2894 3399 2964 τυφλῶν·
3429 2890 3591 2943 τοῦτο
3622 2887 3678 2941 δέ
3717 2903 3883 2957 φησιν
3915 2876 3990 2948 ὡς

2403 2995 2468 3050 ἀν
2500 2993 2788 3065 ἀποστήσῃ
2817 2990 2911 3045 ἀπ’
2939 2988 3119 3042 αὐτῶν
3148 2988 3276 3050 τοὺς
3306 2986 3519 3056 ὄχλους.
3546 3034 3553 3043 ,

2481 3106 2499 3140 ε
2562 3085 2909 3155 Ἀποκριθεὶς
2940 3084 2996 3136 δὲ
3024 3084 3053 3135 6
3083 3084 3288 3151 Πέτρος
3311 3121 3324 3143 ,
3358 3076 3513 3133 εἶπεν
3560 3078 3744 3150 αὐτῷ·
3777 3076 3995 3148 Φράσον

724 3188 818 3245 Dic
874 3190 1028 3245 nobis
1058 3166 1366 3260 parabolam
1405 3190 1564 3244 hanc.
1606 3208 1624 3242 ι
1660 3189 1854 3245 Petrus
1916 3192 2042 3261 quia
2100 3192 2373 3266 sciehatC
2405 3186 2417 3233 ί

2300 3203 2373 3266 ιο
2405 3183 2537 3252 ἡμῖν
2560 3180 2658 3251 τὴν
2690 3176 3007 3247 παραδολὴν
3036 3174 3265 3245 ταύτην.
3314 3192 3334 3225 ι
3381 3170 3442 3226 ’0
3481 3172 3682 3237 Πέτρος
3716 3168 3847 3222 ἐπεὶ
3874 3166 3993 3239 ᾔδει

721 3284 893 3350 legem
921 3281 1207 3351 prohibere
1243 3282 1549 3351 promiscue
1572 3296 1725 3337 esum
1772 3281 2037 3344 omnium,
2072 3291 2125 3338 et
2151 3282 2306 3339 time—

724 3379 813 3427 bat
865 3374 1048 3429 dicere
1076 3372 1200 3429 Jcsu
1232 3391 1245 3426 :
1276 3371 1350 3425 Ex
1382 3374 1465 3426 his
1500 3388 1636 3442 'qua:
1683 3372 1893 3436 dixisti,
1935 3370 2300 3427 oll'endimur:

726 3471 986 3530 apparent
1014 3463 1157 3517 enim
1192 3462 1291 3531 legi
1326 3461 1553 3516 adversa
1593 3476 1711 3517 esse
1747 3480 1758 3514 :
1794 3462 2014 3517 simulat
2048 3462 2302 3533 ignoran-

725 3554 875 3617 tiam,
902 3561 955 3607 et
987 3553 1297 3621 interrogat.

802 3644 970 3701 Vens.
1012 3645 1107 3700 l6-
1128 3645 1216 3699 20.
1261 3663 1279 3696 ι
1335 3643 1490 3701 Jesus
1521 3656 1696 3703 autem
1730 3645 1893 3699 dixit:
1922 3647 2110 3701 Adhuc
2136 3656 2191 3701 et
2212 3660 2306 3701 vos

730 3736 1077 3807 intelligentia
1116 3736 1337 3791 caretis.
1373 3735 1615 3792 Nondum
1659 3738 1958 3809 iutelligitis
1984 3739 2128 3809 quod
2151 3739 2305 3807 quiil-

726 3830 855 3900 quid
882 3830 1181 3898 ingreditur
1209 3830 1260 3882 in
1286 3843 1368 3897 os,
1422 3829 1474 3885 in
1498 3831 1674 3884 alvum
1701 3832 1831 3897 abit,
1863 3840 1916 3886 et
1948 3830 2000 3885 in
2032 3844 2303 3889 secessum

727 3924 986 3994 cjicitur?
1014 3925 1082 3978 At
1130 3938 1190 3979 ea
1220 3938 1339 3992 qua:
1365 3923 1794 3992 proﬁciscuntur
1821 3939 1888 3979 ex
1939 3938 2057 3990 ore,
2095 3936 2159 3977 ex
2189 3924 2305 3993 ipso

731 4018 895 4071 corde
922 4016 1289 4086 egrediuntur,
1320 4026 1372 4071 et
1404 4015 1491 4069 illa
1548 4018 1820 4086 impurum
1872 4015 2099 4074 reddunt
2134 4015 2306 4069 homio

728 4124 871 4165 nem.
904 4108 1034 4162 Nam
1070 4123 1133 4163 ex
1166 4109 1331 4163 corde
1355 4116 1556 4163 exeunt
1586 4109 1944 4177 cogitationes
1986 4107 2170 4171 malae,
2197 4120 2304 4160 cae—

726 4204 841 4264 des,
872 4200 1162 4261 adulteria,
1198 4209 1399 4269 stupra,
1429 4199 1593 4263 furta,
1630 4198 1760 4253 falsa
1799 4198 2130 4264 testimonia,
2179 4212 2307 4253 con-

730 4292 885 4347 vicia.
939 4289 1062 4344 Haec
1119 4300 1242 4345 sunt
1287 4306 1407 4358 qua:
1454 4290 1724 4359 impurant
1787 4289 2086 4345 hominem.
2138 4289 2309 4344 Crete-

733 4398 847 4436 ruut
894 4382 1057 4435 illotis
1108 4381 1358 4437 manibus
1398 4382 1575 4436 cibum
1622 4396 1837 4451 capere,
1892 4397 1997 4436 non
2062 4382 2308 4452 inquinat

730 4475 1024 4529 hominem.
1071 4494 1088 4525 ι
1144 4473 1393 4543 Increpat
1423 4474 1716 4543 discipulos
1753 4472 2023 4539 Salvator,
2077 4486 2130 4529 et
2175 4472 2305 4528 lusi-

2407 3274 2489 3327 ὅτι
2522 3273 2552 3324 6
2588 3270 2751 3340 νόμος
2791 3266 2997 3327 ἐκώλυε
3027 3266 3206 3321 πάντα
3239 3264 3459 3326 ἐσθίειν,
3488 3263 3680 3325 δεδιὼς
3712 3261 3887 3314 εἰπεῖν
3916 3259 3995 3329 τῷ

2420 3363 2618 3436 Ἰησοῦ,
2646 3364 2729 3416 ὅτι
2758 3358 3199 3430 Σκανδαλίζομαι
3222 3356 3306 3427 ἐφ’
3332 3353 3410 3420 οἷς
3443 3347 3628 3418 εἶπας,
3648 3354 3997 3421 ςαινομένοις

2409 3455 2749 3528 παρανόμοις
2766 3449 2931 3508 εἶναι·
2956 3453 3335 3523 προσποιεῖται
3358 3450 3583 3519 ἄγνοιαν
3604 3448 3697 3500 καὶ
3718 3448 3813 3498 ἐπε
3826 3446 3994 3515 ρωτᾷ.

2487 3661 2505 3694 ι
2557 3642 2615 3695 Ὀ
2641 3640 2697 3695 δὲ
2746 3640 2953 3711 Ἰησοῦς
2976 3633 3150 3702 εἶπεν,
3186 3636 3401 3708 Ἀκμὴν
3435 3636 3529 3689 xui.
3559 3636 3717 3705 ὑμεῖς
3743 3631 3997 3687 ἀσύνετοί

2411 3738 2555 3789 ἐστε.
2585 3732 2753 3787 Οὔπω
2776 3734 2969 3796 νοεῖτε,
3002 3732 3083 3785 ὅτι
3112 3732 3221 3783 πᾶν
3255 3730 3317 3781 τὸ
3348 3729 3802 3797 εἰσπορευόμενον
3830 3727 3909 3788 εἰς
3937 3724 3999 3775 τὸ

2410 3828 2607 3899 στόμα,
2625 3828 2705 3890 εἰς
2724 3824 2823 3896 τὴν
2848 3824 3057 3877 κοιλίαν
3073 3824 3247 3895 χωρεῖ
3267 3822 3362 3875 καὶ
3380 3823 3458 3885 είς
3480 3821 3768 3891 ἀφεδρῶνα
3800 3817 3999 3873 ἐκϐάλ-

2407 3923 2558 3975 λεται
2586 3939 2599 3987 ;
2625 3919 2706 3972 Τά
2742 3918 2799 3973 δὲ
2824 3916 3240 3987 ἐκπορευόμενα
3268 3916 3331 3967 ὲκ
3354 3914 3445 3967 τοῦ
3480 3917 3771 3982 στὸματος,
3805 3914 3870 3965 ὲκ
3900 3912 3998 3981 τῆς

2408 4013 2635 4084 καρδίας
2659 4011 2963 4081 εξὲρχεται,
3000 4011 3233 4061 κάκεῖνα
3263 4009 3433 4061 κοινοῖ
3458 4006 3550 4059 τὸν
3586 4006 3897 4075 ἀνθρωπονε
3932 4007 3997 4057 ὲκ

2410 4104 2518 4172 γὰρ
2569 4102 2669 4171 τῆς
2710 4100 2936 4171 καρδίας
2988 4099 3304 4170 ἐξέρχονται
3350 4098 3696 4167 διαλογισμοὶ
3735 4098 3996 4167 πονηροὶ.

2411 4195 2583 4262 φόνοι,
2622 4194 2884 4263 μοιχεῖαι,
2920 4194 3212 4260 πορνεῖαι,
3246 4191 3467 4254 κλοπαὶ,
3497 4189 3996 4260 ψευδομαρτυρίαι,

2413 4281 2774 4354 βλασφημίαι.
2803 4282 2990 4338 Ταῦτά
3013 4283 3129 4335 ἐστι
3150 4283 3219 4335 τά
3245 4280 3534 4335 κοινοῦντα
3561 4281 3654 4334 τὸν
3686 4280 3996 4351 ἄνθρωπον.
4046 4320 4071 4350 _.

2409 4376 2483 4430 Τὸ
2514 4375 2572 4429 δὲ
2613 4376 2862 4439 ἀνίπτοις
2892 4374 3053 4446 χερσὶ
3095 4377 3317 4443 φαγεῖν,
3363 4374 3424 4426 οὐ
3458 4376 3629 4427 κοινοῖ
3660 4374 3752 4427 τὸν
3782 4373 3997 4444 ἀνορω-

2410 4484 2532 4522 πον.
2578 4485 2596 4518 ι
2636 4468 2897 4538 Ἐπιτιμᾷ
2940 4469 3053 4530 τοῖς
3086 4466 3357 4537 μαθηταῖς
3386 4468 3417 4519 6
3446 4466 3661 4538 Σωτὴρ,
3697 4466 3791 4519 καὶ
3826 4467 4000 4534 ἀφροο

727 4566 984 4633 pientiam
1019 4566 1330 4632 exprobrat,
1364 4564 1446 4617 vel
1469 4563 1793 4626 utoll'ensis,
1823 4563 1903 4616 vel
1928 4574 1984 4616 ut
2017 4562 2299 4618 manifesta
2334 4554 2379 4610 Β
2411 4580 2420 4610 ι

2334 4554 2379 4610 D
2411 4560 2577 4631 σύνην
2605 4559 2874 4624 ὀνειδίζει,
2911 4559 2945 4628 ἢ
2982 4559 3055 4621 ὡς
3084 4557 3555 4613 σκανδαλισθεῖσιν
3576 4599 3589 4623 ,
3623 4558 3655 4628 ἢ
3690 4558 3765 4622 ὡς
3795 4559 3998 4629 ἀγνοή-

727 4656 1125 4724 ignorantibus.
1161 4655 1297 4707 Dicit
1332 4655 1524 4723 igitur:
1550 4652 1664 4707 Non
1691 4654 1989 4723 intelligitis
2011 4654 2155 4723 quod
2183 4669 2302 4707 om—

728 4762 824 4802 nes
848 4748 1163 4816 intelligunt
1204 4756 1257 4800 et
1305 4746 1667 4801 sciunt?Cibi
1723 4747 1867 4802 enim
1926 4760 2031 4802 non
2087 4754 2305 4801 manent

726 4842 893 4904 intus,
934 4842 1031 4895 sed
1071 4839 1207 4892 infra
1268 4850 1467 4892 exeunt
1510 4854 1603 4907 per
1634 4839 1835 4900 alvum,
1874 4849 1927 4894 et
1966 4839 2099 4893 nihil
2135 4840 2307 4893 homi-

726 4949 846 4989 nem
886 4935 935 4985 in
967 4934 1145 4985 anima
1175 4931 1551 5000 coinquinant,
1583 4946 1688 4985 non
1722 4931 1866 4986 enim
1891 4945 2111 4988 manent
2135 4933 2301 4989 intus.

724 5029 1096 5097 Cogitationcs
1146 5036 1325 5079 autem
1361 5026 1685 5079 intrinsecus
1744 5037 2063 5092 nascuntur,
2098 5035 2155 5081 et
2188 5042 2305 5082 ma-

729 5132 856 5175 nent
918 5121 1046 5182 illic,
1091 5129 1143 5172 et
1199 5119 1556 5186 egredientes,
1592 5117 1694 5172 hoc
1714 5126 1819 5181 est,
1856 5118 1907 5171 in
1938 5134 2074 5189 opus
2110 5134 2301 5189 proce-

730 5215 920 5266 dentcs
951 5221 1003 5264 et
1038 5220 1191 5264 actus
1229 5210 1511 5278 inquinant
1536 5209 1830 5264 hominem.
1862 5208 2131 5282 Cogitatio
2159 5213 2302 5266 enim

727 5304 1071 5360 scortationis
1122 5302 1446 5356 intrinsecus
1498 5315 1721 5358 manens
1778 5302 2030 5370 maculat,
2062 5312 2115 5358 et
2153 5319 2303 5375 egre-

726 5397 879 5452 diens
934 5396 983 5450 in
1009 5409 1142 5464 opus
1172 5393 1423 5448 maculat.

801 5587 957 5641 Vens.
988 5585 1079 5651 τι,
1114 5586 1205 5640 ἳὸ.
1245 5605 1259 5636 ι
1298 5585 1362 5639 Et
1390 5585 1667 5655 digressus
1703 5584 1845 5640 illinc
1870 5583 2048 5647 Jesus,
2082 5586 2305 5640 sccrssit

730 5681 780 5735 in
827 5689 1008 5746 partes
1048 5677 1172 5748 Tyri
1212 5688 1263 5731 et
1290 5677 1551 5733 Sidonis:
1609 5686 1663 5729 et
1699 5692 1826 5731 ecce
1872 5679 2061 5731 mulier
2092 5677 2303 5731 Chana-

728 5788 838 5826 naeu
879 5787 997 5840 qum
1031 5788 1056 5824 a
1090 5771 1281 5827 tinihus
1310 5771 1415 5825 illis
1447 5780 1689 5834 venerat,
1733 5770 1991 5824 clamabat
2026 5771 2091 5823 ad
2127 5770 2299 5833 illum,

726 5868 941 5921 ditent:
974 5864 1224 5921 Miserere
1261 5867 1384 5931 inci,
1423 5864 1665 5927 Domino,
1705 5862 1773 5919 lili
1814 5862 1977 5919 Datid
2007 5882 2019 5917 :
2051 5864 2155 5917 tilia
2184 5877 2298 5917 mea

2411 4670 2535 4708 σασι
2560 4653 2621 4706 τὸ
2654 4652 2843 4722 σαφές·
2878 4652 3043 4722 φησὶν
3072 4647 3186 4714 οὗν,
3214 4652 3296 4704 ὅτι
3324 4648 3497 4703 Τοῦτο
3517 4650 3741 4702 τὸ⁷πᾶσι
3770 4650 3891 4703 νοοὺ
3902 4668 3998 4720 με-

2410 4763 2501 4800 νον
2537 4745 2631 4798 καὶ⁸
2671 4744 2998 4815 φαινόμενον
3030 4744 3092 4798 οὐ
3135 4745 3341 4808 νοεῖτε;
3371 4743 3453 4796 ὅτι
3484 4741 3554 4795 τὰ
3591 4743 3692 4812 μὲν
3730 4741 3997 4812 βρώματι

2409 4840 2469 4893 οὐ
2507 4840 2658 4910 μένει
2702 4837 2830 4902 ἔσω,
2867 4836 3005 4893 ἀλλά
3052 4837 3204 4891 κάτω
3246 4836 3800 4907 ὲξέρχονται,·μηδὲν
3831 4836 3998 4905 μολύ-

2410 4950 2568 4987 νοντα
2614 4931 2756 4986 κατὰ
2790 4931 2970 5001 ψυχὴν
3005 4931 3094 4984 τὸν
3126 4930 3434 4999 ἄνθρωπον,
3467 4929 3526 4981 οὑ
3573 4930 3683 4999 γὰρ
3739 4929 3995 4999 μένουσιν

2410 5024 2578 5078 ἔνδον.
2640 5024 2703 5076 Ol.
2766 5023 2817 5075 δὲ
2869 5022 3122 5091 λογισμοὶ
3173 5020 3378 5073 ἔσωθεν
3421 5037 3480 5073 τε
3526 5020 3846 5088 γεννῶνται,
3899 5022 3997 5073 καὶ

2412 5118 2667 5187 μένουσιν
2697 5117 2757 5168 ἐκ
2798 5117 2837 5181 ῐ,
2870 5118 2961 5169 καὶ
2992 5115 3365 5185 ἐξερχόμενοι,
3393 5114 3693 5178 τουτέστιν,
3723 5114 3803 5175 εἰς
3832 5113 3996 5183 ἔργον

2410 5210 2828 5283 προχωροῦντες
2860 5209 2954 5262 καὶ
2985 5210 3063 5270 είς
3095 5206 3319 5278 πρᾶξιν,
3355 5207 3645 5277 μολύνουσι
3665 5206 3757 5259 τδν
3783 5206 3997 5276 ἀνθρω-

2411 5320 2511 5357 πον
2534 5320 2547 5334 ·
2571 5304 2599 5355 6
2624 5302 2733 5374 γὰρ
2755 5301 3014 5371 λογισμὸς
3038 5300 3132 5370 τῆς
3163 5299 3445 5370 πορνείας,
3476 5298 3678 5351 ἐσωοὲν
3703 5315 3762 5350 τε
3790 5299 3993 5368 μένων,

2413 5396 2638 5465 μιαίνει,
2672 5396 2764 5447 καὶ
2788 5394 3142 5465 ἐξερχόμενος
3170 5393 3249 5455 είς
3282 5391 3443 5466 ἔργον
3471 5392 3565 5445 καὶ
3592 5390 3991 5462 πραττόμενος,

2408 5488 2754 5541 κατασπιλοῖ.

2486 5601 2504 5632 ι
2548 5582 2655 5634 Καὶ
2689 5578 2919 5645 ἐξελθὼν
2954 5576 3216 5633 ἐκεῖθενό
3258 5577 3464 5646 Ἰησοῦς
3489 5617 3503 5642 ,
3534 5575 3884 5647 ἀνεχώρησεν
3914 5577 3997 5639 εἰς

2408 5677 2472 5729 τὰ
2508 5674 2646 5746 μέρη
2662 5675 2853 5742 ’Τύρου
2883 5674 2973 5723 καὶ
3004 5671 3255 5733 Σιδῶνοςυ
3284 5672 3379 5723 καὶ
3402 5670 3509 5724 ίδοὺ
3542 5671 3677 5740 γυνὴ
3710 5670 3995 5724 Χαναναία

2409 5770 2522 5820 ἀπὸ
2540 5768 2643 5819 τῶν
2667 5768 2829 5835 όρῖων
2860 5766 3085 5818 ἐκείνων
3113 5764 3425 5830 ἐξελθοῦσα,
3452 5764 3794 5836 ὲκραύγαζεν
3820 5764 3990 5833 αὐτῷ,

2408 5863 2658 5931 λέγουσα·
2685 5858 2945 5931 Ἐλέησόν
2970 5878 3056 5930 με,
3080 5859 3249 5930 Κύριε
3275 5858 3353 5911 υἱὲ
3374 5860 3601 5931 Δαυίδοή
3623 5858 3868 5928 θυγάτηρ
3891 5876 3991 5930 μου
