4288 6444
303 405 412 468 300
1027 389 1480 457 ENARRATIO
1511 390 1592 451 IN
1623 383 2136 450 EVANGELIUM
2186 382 2580 448 MA'I'I‘H/El.
2618 408 2689 420 -
2725 384 2887 445 CAP.
2915 384 3039 445 XV.
3490 380 3598 445 310

307 515 496 578 κακῶς
528 509 922 582 δαιμονίζεται.
967 509 1026 563 ’0
1056 509 1113 562 δέ
1149 507 1251 563 οὐκ
1301 504 1578 576 ἀπεκρίθη
1623 503 1761 574 αὐτῇ
1809 501 1947 560 λόοΛ

2005 500 2143 554 male
2169 516 2195 553 a
2229 499 2501 554 damonio
2529 499 2787 567 agitatur.
2815 498 2908 555 Ille
2939 513 3072 554 vero
3105 513 3212 554 non
3242 496 3520 565 respondit
3542 501 3591 554 ei

309 623 426 672 γον.
474 625 492 658 ι
522 603 682 663 Τίνος
717 603 906 655 ἐνεκεν
931 601 1057 666 τοῦς
1091 597 1342 669 μαθητὰς
1380 595 1636 658 κωλύσας
1672 597 1752 656 είς
1780 594 1899 649 όδδν

2005 592 2246 648 verbum.
2292 611 2309 645 ι
2346 592 2530 658 Quare
2572 590 2868 661 discipulos
2910 591 3187 661 prohibuit
3238 591 3318 644 ire
3367 589 3421 643 in
3457 588 3597 641 viam

312 696 483 750 ἐθνῶν
523 693 819 756 ἀπελθεῖν,
857 691 1019 754 αὐτὸς
1048 691 1129 754 είς
1167 688 1346 759 Τύρον
1396 687 1489 742 καὶ
1525 685 1767 750 Σιδῶνα,
1798 684 1898 748 τὰς

307 786 534 847 "huic
561 784 769 849 πόλεις,
801 782 1203 853 παραγίνεται,
1241 779 1394 834 Μάθε
1433 778 1528 833 οὖν
1575 780 1659 832 ὅτι
1693 780 1792 849 οὐχ
1823 774 1899 841 ὡς

311 876 566 950 κηρύξων
594 873 759 948 ἦλθεν
793 877 929 940 ἐκεῖ,
963 875 1088 928 ἐπεὶ
1115 873 1192 938 ὡς
1221 873 1249 926 6
1284 871 1515 946 Μάρκος
1547 873 1706 944 φησὶ,
1735 891 1754 923 ι
1794 871 1894 925 καὶ

304 956 549 1043 ὶκρυψεν
574 970 787 1026 ἐαυτόν.
833 988 851 1020 ι
901 969 1112 1032 Ἄλλως
1142 980 1202 1021 τε
1225 1008 1238 1031 ,
1284 968 1406 1021 ἐπεὶ
1433 963 1541 1020 εἶδε
1574 967 1701 1028 τοὺς
1728 967 1898 1036 Φαριο

313 1065 502 1127 σαίους
547 1063 623 1134 μὴ
671 1062 1005 1133 δεξαμένους
1048 1062 1141 1116 τὸν
1188 1063 1318 1132 περὶ
1366 1059 1676 1132 βρωμάτων
1717 1058 1896 1127 λόγον,

315 1154 634 1234 μεταϐαίνει
671 1154 765 1207 ἐπὶ
807 1154 878 1208 τά
919 1154 1070 1224 ιθνη.
1129 1153 1386 1223 Ἐλέησον
1437 1153 1494 1206 δέ
1558 1153 1743 1221 λέγει,
1778 1151 1900 1221 οὐχὶ

311 1252 414 1319 τὴν
446 1247 723 1319 θυγατέρα
765 1264 888 1319 patr
920 1246 1101 1319 ἐκείνη
1131 1248 1240 1318 γὰρ
1279 1247 1620 1318 ἀναισθητεῖ,
1653 1245 1772 1301 ἀλλ’
1801 1246 1902 1317 ἐμέ

313 1340 412 1410 τὴν
459 1340 528 1392 τὰ
562 1339 710 1393 δεινά
761 1339 1077 1409 πάσχουσαν
1108 1340 1204 1393 καὶ
1234 1340 1656 1410 αίσθανομένην.
1691 1339 1804 1393 Καὶ
1838 1340 1899 1392 ού

263 1499 272 1505 _
311 1430 486 1497 λέγει,
509 1431 680 1495 Ἐλθέ,
709 1431 804 1484 καὶ
827 1430 996 1497 ἴασαι,
1022 1432 1137 1485 ἀλλ’
1166 1431 1446 1501 Ἐλέησον.
1469 1433 1526 1483 ’0
1543 1431 1600 1483 δὲ
1626 1431 1726 1484 οὐκ
1760 1433 1901 1486 ἀπο-

313 1525 563 1592 κρίνεται
594 1524 734 1594 αὐτῇ
767 1522 926 1590 λόγον
948 1563 962 1584 ,
989 1523 1087 1592 οὐχ
1118 1523 1194 1585 ὡς
1223 1521 1586 1592 καταφρονῶν
1605 1561 1621 1587 ,
1669 1521 1787 1575 ἀλλ’
1816 1522 1904 1577 ῖνα

309 1614 487 1687 δείξῃ,
517 1615 600 1668 δτι
638 1614 728 1667 διὰ
755 1614 882 1678 τοὺς
943 1613 1232 1677 Ἰουδαίους
1259 1609 1391 1684 ἦλθε
1435 1612 1866 1684 προηγουμένως
1885 1629 1900 1645 ⁸

314 1705 410 1757 καὶ
450 1703 701 1775 ἐμφράξῃ
749 1705 845 1766 τὰς
884 1704 1256 1772 συκοφαντίας
1298 1704 1502 1767 αὐτῶν,
1542 1704 1616 1775 μὴ
1668 1707 1904 1776 ἐχόντων

313 1795 542 1864 ὕστερον
574 1794 787 1862 λέγειν,
835 1796 918 1848 ὅτι
953 1798 1080 1860 τοὺς
1128 1797 1383 1858 ἐθνικοὺς
1435 1797 1748 1865 εὐεργετεῖ·
1783 1799 1902 1868 ἃμα

311 1883 394 1947 δέ,
426 1883 514 1937 ἵνα
552 1884 645 1936 καὶ
674 1883 774 1954 τὴν
802 1883 1065 1955 ἐπίμονον
1104 1885 1290 1940 πίστιν
1335 1887 1435 1956 τῆς
1478 1888 1738 1957 γυναικὸς
1777 1891 1903 1943 ἐπι-

310 1976 484 2048 δείξῃ.
626 2047 631 2054 ,

392 2087 414 2121 ε
455 2069 568 2122 Καὶ
605 2069 999 2141 προσελθόντες
1049 2071 1100 2125 οί
1151 2073 1394 2143 μαθηταὶ
1443 2073 1648 2140 αὑτοῦ,
1676 2076 1905 2148 ἠρώτων

313 2160 501 2228 αὐτὸν,
525 2161 796 2229 λέγοντεςο
816 2164 1116 2219 ’Δπόλυσον
1143 2165 1334 2238 αὐτὴν,
1350 2169 1431 2222 ὅτι
1452 2167 1647 2238 κράζει
1679 2171 1906 2224 θπισθεν

315 2255 498 2324 ἡμῶν.
531 2254 591 2308 '0
614 2255 693 2319 δέ,
717 2257 1043 2329 ἀποκριθεὶς
1065 2255 1241 2313 εἶπεν·
1270 2263 1385 2314 Οὐκ
1411 2261 1728 2332 ἀπεστάλην
1753 2266 1800 2316 εί
1831 2265 1906 2335 μὴ

315 2348 400 2410 είς
430 2348 499 2400 τά
533 2346 789 2419 πρόϐατα
831 2349 899 2402 τὰ
933 2351 1256 2407 ἀπολωλότα
1287 2354 1440 2407 οῖκου
1482 2355 1722 2428 Ἰσραήλ.
1784 2377 1800 2409 ι
1845 2358 1908 2410 Oi

318 2439 564 2510 μαθηταὶ
611 2439 978 2511 βαρυνθέντες
1035 2446 1100 2514 τῇ
1162 2448 1382 2515 κραυγῇ
1442 2447 1544 2516 τῆς
1609 2446 1906 2515 γυναικὸς,

313 2531 578 2603 ἠρώτων,
609 2533 695 2587 ῖνα
731 2534 980 2609 ἀπολύσῃ
1013 2537 1186 2608 αὐτὴν
1207 2578 1221 2600 ,
1249 2537 1526 2602 τουτέστι,
1557 2540 1910 2608 παρεκάλουν

313 2625 754 2695 ἀποπέμψασθαι
795 2628 988 2698 αὑτήν.
1025 2628 1224 2683 «Τοῦτο
1267 2629 1324 2683 δὲ
1385 2629 1629 2694 ἐποίουν,
1677 2631 1775 2701 οὐχ
1835 2631 1911 2695 ὼς

313 2713 691 2786 ἀσπλαγχνοι,
730 2718 868 2774 ἀλλά
901 2719 1105 2789 μᾶλλον
1139 2720 1392 2784 θέλοντες
1426 2725 1613 2775 πεῖσαι
1655 2722 1748 2775 τὸν
1793 2722 1911 2776 Κύ-

319 2823 439 2875 ριον
466 2808 687 2879 ἐλεῆσαι
716 2812 911 2882 αὐτήν.
937 2812 1002 2864 '0
1023 2812 1104 2864 δέ·
1134 2813 1250 2865 Οὐκ
1281 2814 1621 2884 ἀπεστάλην,
1646 2813 1832 2884 φησὶν,
1863 2816 1922 2868 εἰ.

318 2897 398 2967 μὴ
429 2903 510 2963 είς
539 2902 665 2964 τοὺς
707 2903 1014 2967 Ἰουδαίους,
1056 2905 1106 2958 οῖ
1149 2906 1470 2960 ἀπολωλότα
1497 2908 1602 2960 εἰσὶ
1635 2907 1909 2977 πρόϐατα,

316 2991 429 3045 ἀπδ
456 2993 655 3056 κακίας
697 2994 807 3048 τῶν
837 2996 1316 3066 ἐμπιστευθέντων
1354 2997 1512 3052 αὑτά.
1547 2999 1649 3052 Διά
1692 2999 1750 3052 δὲ
1784 3001 1877 3052 τού

319 3101 432 3140 των
463 3085 782 3156 δημοσιεύει
816 3090 916 3161 τὴν
953 3089 1138 3143 πίστιν
1175 3091 1275 3161 τῆς
1306 3093 1569 3159 γυναικὸς
1602 3092 1697 3145 ἐπὶ
1728 3093 1909 3149 πλέον.

2000 686 2265 756 gentium,
2307 685 2420 754 ipse
2451 691 2631 738 autem
2664 683 2717 735 in
2750 682 2952 752 Tyrum
3001 691 3057 735 et
3100 681 3383 744 Sidonem,
3417 681 3597 749 genti-

2001 774 2130 829 lium
2166 775 2441 836 civitates,
2467 772 2605 827 ivit?
2629 772 2787 827 Disce
2818 772 2985 838 igitur
3008 771 3154 842 quod
3179 786 3285 824 non
3318 782 3376 825 ut
3402 769 3601 840 pra-di-

2002 875 2221 922 caturus
2248 867 2343 920 ivit
2372 865 2520 932 illuc,
2553 866 2683 934 quia
2713 863 2795 934 (ut
2814 864 3027 920 Marcus
3053 863 3206 928 dicit)
3231 881 3250 914 ι
3275 871 3330 917 et
3360 862 3601 917 occulta-

2003 960 2079 1014 vit
2111 974 2190 1014 se.
2227 977 2245 1010 ι
2273 957 2368 1014 Vel
2409 957 2567 1011 aliter
2590 957 2671 1011 sic
2702 975 2715 1011 :
2752 956 2879 1026 quia
2913 956 3049 1010 vidit
3103 955 3410 1009 Pharisteos
3459 953 3602 1007 nolle

2003 1051 2278 1120 suscipere
2307 1062 2620 1106 sermonem
2640 1047 2707 1104 de
2730 1049 2844 1120 80
2861 1050 3026 1113 cibis,
3065 1048 3260 1103 transit
3284 1049 3350 1101 ad
3379 1055 3593 1117 gentes.

2005 1143 2264 1199 Miserere
2309 1153 2513 1206 autem,
2564 1141 2697 1195 dicit
2748 1156 2854 1194 non
2923 1141 3047 1195 illim
3104 1152 3258 1199 mem.
3319 1140 3404 1195 illa
3455 1139 3600 1194 enim

2004 1251 2167 1290 sensu
2227 1244 2400 1298 cret,
2446 1233 2540 1288 sed
2577 1234 2706 1296 mei,
2750 1248 2870 1302 qua:
2925 1241 3035 1285 tam
3102 1232 3286 1301 gravia
3348 1231 3526 1298 patior
3549 1239 3607 1285 ct

2005 1326 2199 1382 sentio.
2238 1324 2349 1380 Nec
2372 1325 2530 1388 dicit,
2566 1322 2726 1387 Veni,
2779 1333 2836 1378 et
2861 1339 3016 1390 sana,
3053 1324 3173 1387 sed,
3215 1321 3498 1376 Miserere.
3542 1322 3607 1374 At

2007 1419 2095 1474 ille
2128 1436 2234 1474 non
2269 1418 2551 1492 respondit
2578 1418 2626 1472 ei
2668 1419 2913 1483 verbum,
2948 1433 3055 1471 non
3089 1417 3230 1485 quod
3262 1423 3599 1476 contemnat,

2005 1511 2098 1567 sed
2123 1520 2181 1566 ut
2215 1512 2466 1568 ostendat
2497 1511 2642 1580 quod
2694 1519 2919 1580 propter
2950 1508 3167 1565 Judazos
3222 1509 3477 1579 inprimis
3513 1524 3603 1562 ve-

2006 1604 2145 1659 nerit
2173 1620 2187 1657 :
2217 1614 2273 1659 et
2307 1613 2366 1658 ut
2391 1603 2641 1658 occludet
2677 1601 2981 1657 calumnias
3037 1615 3254 1663 eorum,
3299 1615 3366 1653 ne
3390 1599 3601 1668 possint

2007 1701 2190 1767 postea
2224 1696 2406 1751 dicere
2437 1695 2582 1765 quod
2616 1691 3286 1765 gentilibusbenefecerit,
3306 1691 3438 1760 ipsis
3467 1706 3601 1744 con-

2008 1788 2263 1858 temptis;
2301 1789 2367 1842 ad
2399 1788 2535 1849 haec,
2581 1794 2640 1840 ut
2667 1787 2830 1841 etiam
2863 1786 3078 1841 ﬁrmam
3132 1784 3380 1840 mulieris
3438 1783 3600 1838 fidem

2009 1881 2353 1937 manifestam
2381 1879 2592 1936 reddat.

2087 2067 2251 2129 Vens,
2283 2066 2475 2133 23,94.
2511 2085 2528 2117 ι
2568 2065 2632 2120 Et
2666 2065 2990 2121 accedentes
3026 2064 3274 2134 discipuli
3304 2063 3420 2132 ejus
3454 2077 3612 2134 roga-

2011 2158 2141 2212 bant
2165 2158 2335 2224 illum,
2387 2160 2682 2213 dicentes:
2737 2157 2940 2213 Omitte
3002 2157 3171 2223 illam,
3231 2170 3355 2210 nam
3414 2155 3615 2210 clamat

2011 2259 2134 2320 poet
2153 2266 2277 2306 nos.
2313 2250 2384 2305 At
2411 2250 2500 2306 ille
2531 2252 2870 2320 respondens
2907 2250 3077 2304 dixit:
3122 2248 3236 2303 Non
3264 2265 3382 2304 sum
3412 2250 3614 2303 missus

2014 2343 2118 2398 nisi
2147 2343 2213 2398 ad
2247 2358 2379 2400 oves
2407 2359 2528 2414 qua
2551 2345 2830 2413 perierunt
2855 2346 3052 2399 domus
3072 2344 3261 2400 Israel.
3299 2364 3316 2396 ι
3357 2343 3615 2413 Discipuli

2014 2437 2284 2506 gravatim
2337 2436 2579 2493 ferentes
2634 2437 2931 2492 clamorem
2997 2437 3265 2504 mulieris,
3298 2440 3610 2508 rogabant:

2015 2530 2239 2587 Dimitte
2262 2546 2409 2596 eam,
2435 2533 2540 2587 hoc
2566 2541 2670 2596 est,
2724 2532 3094 2588 obsecrabant
3130 2541 3188 2586 ut
3239 2533 3520 2602 ablegaret
3555 2531 3618 2585 il-

2015 2622 2120 2675 lam
2159 2638 2187 2677 a
2235 2639 2314 2679 se.
2358 2622 2472 2678 Hoc
2514 2635 2694 2678 autem
2728 2623 3013 2679 faciebant
3047 2640 3153 2678 non
3224 2633 3479 2692 tanquam
3513 2623 3616 2677 im-

2015 2716 2423 2780 misericordes.
2456 2717 2550 2773 sed
2587 2718 2760 2788 magis
2792 2718 3040 2774 volentes
3069 2721 3404 2788 persuadere
3439 2717 3618 2773 Domi-

2016 2826 2090 2865 no
2122 2819 2181 2864 ut
2212 2811 2565 2866 misereretur
2598 2811 2668 2865 ei.
2704 2813 2771 2864 At
2803 2811 2891 2866 ille
2924 2812 3098 2881 inquit
3134 2829 3146 2866 :
3184 2811 3301 2866 Non
3335 2827 3456 2866 sum
3488 2812 3620 2865 mis-

1996 2905 2234 2972 _susuisi
2269 2903 2333 2958 d
2375 2902 2615 2967 Judzeos,
2650 2906 2744 2975 qui
2799 2914 2926 2960 sunt
2960 2921 3092 2961 oves
3134 2907 3360 2975 perdita:
3386 2921 3483 2973 per
3515 2921 3617 2961 eo-

2017 3009 2140 3048 rum
2175 2993 2464 3059 malitiam,
2507 2996 2704 3064 quibus
2743 2993 2962 3050 fuerant
2994 2995 3352 3051 concredita).
3383 2994 3487 3050 Per
3521 2998 3622 3051 hoc

2020 3096 2200 3141 autem
2230 3088 2462 3154 amplius
2484 3087 2702 3156 evulgat
2732 3089 2893 3143 Iidem
2920 3087 3184 3143 mulieris.

397 3195 420 3228 ε
469 3177 537 3232 Ἦ
580 3180 660 3246 δέ,
698 3180 932 3235 ἐλθοῦσα
970 3184 1386 3255 προσεκύνησεν
1420 3184 1600 3255 αὐτῷ,
1636 3185 1870 3253 λέγουσα
1895 3227 1908 3249 ,
1943 3209 1947 3241 ι

2099 3178 2258 3235 Vens.
2287 3180 2383 3247 9.5,
2408 3180 2499 3234 27.
2535 3192 2554 3231 ι
2593 3179 2686 3236 Illa
2739 3196 2867 3237 vero
2898 3182 3047 3236 venit
3081 3190 3135 3235 et
3193 3181 3444 3256 adoravit
3471 3181 3619 3234 illum

324 3268 523 3341 Κύριε,
557 3271 739 3344 βοήθει
764 3291 878 3345 μοι.
921 3275 979 3328 ’θ
1001 3275 1077 3341 δὲ,
1108 3277 1431 3347 ἀποκριθεὶς
1453 3275 1631 3332 εῖπεν·
1656 3278 1770 3332 Οὐκ
1792 3277 1907 3330 ἐστι

319 3361 488 3415 καλὸν
521 3363 706 3417 λαϐεῖν
733 3366 826 3433 τὸν
852 3366 1018 3437 ἄρτον
1049 3367 1159 3420 τῶν
1193 3370 1422 3433 τέκνων,
1462 3372 1556 3424 καὶ
1587 3370 1768 3441 βαλεῖν
1793 3372 1909 3434 τοῖς

319 3454 622 3524 κυναρίοις.
659 3454 722 3508 'H
749 3454 805 3508 δέ
833 3450 976 3510 ἔῐπε·
1008 3456 1136 3523 Ναὶ,
1165 3459 1361 3528 Κύριε·
1388 3461 1483 3513 καὶ
1513 3462 1623 3531 γὰρ
1649 3462 1716 3515 τά
1746 3461 1912 3514 κυνά-

321 3562 418 3617 ρια
452 3545 622 3600 ἐσθίει
658 3547 766 3600 ἀπὸ
795 3548 905 3601 τῶν
943 3549 1144 3619 ψιχίων
1183 3551 1293 3606 τῶν
1326 3551 1639 3608 πιπτόντων
1670 3557 1780 3610 ἀπὸ
1813 3560 1912 3628 τῆς

321 3637 602 3708 τραπέζης
643 3639 752 3692 τῶν
793 3641 1000 3711 κυρίων
1030 3641 1231 3697 αὐτῶν,
1265 3661 1284 3696 ι
1342 3643 1495 3698 Ἐπεὶ
1524 3629 1666 3699 εἶδέν
1699 3648 1731 3718 ἡ
1775 3650 1914 3721 γυνὴ

321 3730 450 3791 τοὺς
474 3732 812 3801 συνηγόρους
839 3733 1012 3802 αὐτῆς
1069 3735 1195 3798 τοὺς
1223 3736 1580 3803 ἀποστόλους,
1613 3740 1917 3812 ἀποτυχόν-

323 3837 444 3884 τας,
491 3819 655 3874 πάλιν
688 3823 941 3891 πρόσεισι
976 3824 1220 3896 θερμῶς,
1255 3827 1352 3880 καὶ
1386 3828 1592 3899 Κύριον
1624 3833 1913 3889 ἀποκαλεῖ.

337 3914 494 3967 Ἐπεὶ
517 3913 574 3966 δέ
602 3915 629 3964 ό
652 3914 889 3984 Χριστὸς
917 3915 1057 3969 κύνα
1078 3917 1249 3984 αὐτὴν
1272 3919 1563 3984 ἀποκαλεῖ,
1593 3924 1682 3976 διὰ
1709 3925 1768 3978 τὸ
1789 3926 1916 3989 τοὺς

324 4005 573 4068 ἐθνικοὺς
590 4005 904 4076 ἀκάθαρτον
922 4007 1036 4078 βίον
1060 4008 1206 4079 ἔχειν
1233 4013 1324 4063 καὶ
1341 4013 1468 4083 περὶ
1491 4013 1561 4067 τὰ
1581 4016 1792 4083 αἵματα
1808 4018 1917 4072 τῶν

324 4097 693 4152 είδωλοθύτων
709 4100 1174 4170 ἀναστρέφεσθαι,
1191 4103 1356 4156 τέκνα
1373 4103 1431 4156 δὲ
1447 4107 1574 4168 τοὺς
1606 4105 1916 4177 Ἰουδαίους,

324 4193 516 4260 ἐκείνη
574 4191 815 4254 συνετῶς
876 4193 1236 4263 ἀποκρίνεται
1268 4196 1366 4248 καὶ
1406 4197 1551 4266 μάλα
1598 4199 1800 4267 σοφῶς,
1835 4201 1918 4254 ὅτι

326 4285 387 4336 El
421 4286 512 4336 καὶ
547 4284 693 4338 κύων
724 4285 841 4354 είμὶ
873 4286 965 4337 καὶ
997 4285 1098 4338 οὐκ
1137 4284 1268 4349 ἀξία
1295 4286 1459 4354 ἄρτον
1501 4288 1688 4341 λαϐεῖν
1717 4332 1729 4351 ,
1762 4308 1919 4343 τουτ-

326 4377 464 4440 έστι,
517 4375 747 4446 δύναμίν
791 4393 913 4431 τινα
944 4379 1034 4430 καὶ
1056 4380 1199 4447 μέγα
1227 4383 1478 4449 σημεῖονο
1503 4381 1618 4434 ἀλλ’
1641 4379 1735 4436 οὖν
1760 4383 1920 4436 τοῦτο

324 4469 384 4521 τὸ
421 4469 620 4539 μικρὸν
658 4469 759 4539 μὲν
801 4471 875 4532 ὡς
931 4471 1068 4540 πρὸς
1101 4474 1204 4541 τὴν
1236 4471 1336 4541 σὴν
1384 4472 1650 4542 δύναμιν,
1686 4476 1813 4546 ἐμοὶ
1861 4477 1917 4529 δὲ

331 4562 494 4627 μέγα,
523 4562 632 4624 δός*
665 4561 857 4632 ὥσπερ
885 4564 977 4616 καὶ
1006 4562 1104 4626 τὰς
1129 4562 1320 4633 ψίχας,
1354 4565 1404 4617 οί
1438 4565 1539 4633 μὲν
1564 4567 1690 4629 τοὺς
1715 4542 1913 4638 ἀρτους
1953 4542 1994 4597 D

325 4649 600 4712 ἐσθίοντες
637 4651 696 4703 οὺ
733 4651 875 4722 μέγα
903 4668 956 4704 τι
987 4651 1225 4723 ἐχουσιν,
1264 4654 1312 4705 οί
1340 4653 1397 4707 δέ
1435 4654 1595 4718 κύνες
1625 4656 1790 4725 μέγα,
1822 4659 1916 4710 καὶ

324 4744 393 4794 ἐκ
430 4743 635 4796 τούτων
675 4743 986 4815 τρέφονται.

403 4851 420 4883 ι
453 4833 583 4885 Τότε
610 4835 935 4905 ἀποκριθεὶς
963 4838 990 4889 ὁ
1024 4838 1250 4909 Ἰησοῦς,
1279 4832 1434 4893 εἶπεν
1460 4841 1620 4911 αὑτῇ’
1648 4836 1716 4894 Ὦ
1735 4841 1917 4909 γύναι,

326 4925 541 4995 μεγάλη
571 4944 665 4979 σου
701 4930 734 4996 ὴ
775 4928 990 4992 πίστις,
1024 4931 1310 4999 γενηθήτω
1353 4950 1435 4985 σοι
1467 4933 1542 4995 ὼς
1573 4933 1747 4995 θέλεις
1773 4949 1784 4962 '
1827 4934 1920 4986 καὶ

325 5019 452 5090 ίάθη
479 5021 510 5089 ὴ
539 5021 788 5091 θυγάτηρ
820 5022 992 5091 αὐτῆς
1023 5024 1128 5076 ἀπὸ
1151 5016 1249 5093 τῆς
1276 5025 1425 5094 ὥρας
1449 5025 1685 5095 ἐκείνης.
1725 5026 1917 5093 Ἐφαν-

323 5113 499 5180 έρωσε
552 5111 645 5164 νῦν
687 5115 715 5164 ό
761 5113 968 5184 Ἰησοῦς
1014 5118 1113 5186 τὴν
1144 5118 1324 5170 αἰτίαν
1358 5117 1425 5170 δι’
1473 5118 1539 5188 ἣν
1594 5118 1920 5173 ἀνεϐάλλετο

324 5205 424 5274 τὴν
465 5205 762 5276 θεραπείαν
795 5205 854 5270 ἐξ
896 5209 1068 5278 ἀρχῆς
1097 5227 1109 5238 ο
1146 5211 1234 5262 ἵνα
1283 5211 1393 5280 γὰρ
1439 5213 1471 5280 ἡ
1513 5212 1697 5272 πίστις
1749 5213 1844 5265 καὶ
1886 5214 1918 5282 ὴ

324 5295 544 5361 σύνεσις
579 5297 681 5366 τῆς
715 5301 980 5378 γυναικὸς
1006 5303 1278 5373 ἀναφανῇ,
1312 5302 1400 5357 διά
1439 5303 1600 5357 τοῦτο
1627 5304 1728 5358 οὐκ
1755 5305 1919 5368 εὐθὺς

321 5389 387 5454 ἐξ
416 5390 591 5462 ἀρχῆς
619 5392 947 5446 κατένευσεν
979 5396 1007 5446 ό
1047 5396 1280 5464 Χριστὸς
1305 5437 1318 5458 ,
1355 5397 1492 5450 άλλά
1535 5403 1630 5451 καὶ
1663 5399 1920 5466 ἀποπέμ-

326 5498 492 5534 πεται
529 5483 748 5552 μᾶλλον.
775 5485 888 5536 Νῦν
914 5487 970 5539 δὲ
1001 5489 1127 5539 ἐπεὶ
1152 5488 1494 5559 ἐξεκαλύφθη
1527 5493 1557 5560 ἡ
1586 5490 1770 5554 πίστις
1805 5493 1917 5564 (22)

318 5573 525 5643 αὐτῆς,
591 5577 931 5644 ἐπαινεῖται,
992 5582 1296 5635 ἀκουουσα·
1363 5603 1380 5634 ι
1443 5583 1672 5654 Μεγάλη
1732 5603 1825 5637 σου
1886 5589 1917 5656 ἡ

2014 3275 2237 3330 dicens':
2270 3275 2516 3336 Domine,
2545 3289 2801 3330 succurre
2825 3276 2980 3329 mibi.
3011 3278 3078 3329 At
3103 3274 3191 3329 ille
3227 3276 3526 3345 respondit.
3563 3290 3624 3329 ac

2016 3367 2185 3422 dixit:
2218 3367 2332 3423 Non
2361 3367 2675 3444 esbbonum
2699 3383 2915 3423 sumere
2943 3370 3422 3438 panem'ﬁliorum,
3454 3379 3507 3424 et
3534 3369 3622 3424 ob-

2013 3460 2183 3530 ]icere
2239 3459 2468 3514 catellis.
2515 3449 2634 3515 nia.
2659 3470 2842 3515 autem
2882 3461 3019 3514 dixit
3058 3479 3072 3514 :
3107 3463 3309 3526 Etiam,
3368 3461 3618 3518 Domine.

2019 3551 2228 3606 Etenim
2261 3551 2438 3606 catelli
2463 3553 2760 3607 comedunt
2801 3553 2867 3608 de
2914 3555 3069 3608 micis
3127 3570 3250 3625 quae
3303 3556 3506 3610 cadunt
3555 3558 3621 3611 de

2020 3660 2203 3700 tinensa
2239 3642 2586 3699 dominorum
2625 3661 2868 3700 suormu.
2915 3665 2933 3698 ι
3000 3647 3295 3716 Postquam
3331 3649 3462 3701 vidit
3495 3666 3618 3702 mn-

2021 3740 2121 3797 lier
2151 3750 2411 3812 patronos
2470 3757 2597 3797 suos
2647 3742 2919 3812 repulsam
2964 3761 3176 3814 passos,
3207 3745 3403 3800 iterum
3434 3745 3620 3800 Dmni-

2021 3848 2152 3889 num
2208 3833 2484 3888 ferventer
2536 3835 2765 3898 accedit,
2801 3842 2856 3889 et
2913 3836 3134 3890 invocat.
3185 3843 3243 3891 ut
3307 3837 3621 3891 Dominum.

2021 3925 2159 3989 Quia
2194 3934 2373 3978 autem
2449 3923 2703 3980 Christus
2771 3941 2966 3981 canem
3035 3928 3178 3980 illam
3259 3927 3503 3994 dixerat,
3559 3945 3624 3984 co

2021 4015 2167 4084 quod
2200 4015 2430 4084 gentiles
2460 4016 2730 4086 impuram
2777 4029 3004 4089 agerent
3045 4022 3232 4084 vitam,
3302 4030 3355 4074 et
3409 4025 3459 4076 in
3501 4040 3624 4077 san-

2024 4108 2184 4177 guine
2210 4106 2370 4162 idolis
2410 4107 2814 4163 immolatorum
2868 4121 3246 4173 versarentur,
3315 4112 3453 4166 tilins
3495 4129 3624 4167 vero

2022 4198 2288 4254 Judzeos:
2349 4199 2438 4254 illa
2489 4201 2643 4255 valde
2679 4201 2953 4269 sapienter
2981 4211 3037 4255 et
3095 4218 3291 4271 magno
3354 4205 3624 4260 intellectu

2027 4292 2309 4359 respondit
2342 4293 2646 4358 :Quamvis
2676 4301 2728 4346 et
2783 4293 2935 4347 canis
2983 4294 3107 4358 sim,
3141 4305 3197 4347 ct
3259 4296 3479 4359 indigna
3506 4313 3628 4366 qn;e

2028 4399 2220 4453 panem
2246 4386 2538 4454 accipiam,
2569 4387 2670 4441 hoc
2701 4397 2808 4452 est,
2840 4387 3118 4450 virtutem,
3162 4399 3213 4442 et
3240 4389 3451 4455 signum
3509 4408 3627 4442 nmo

2032 4490 2241 4543 gnum:
2287 4476 2382 4531 sed
2417 4475 2519 4530 hoc
2546 4492 2768 4546 parvum
2823 4481 2990 4546 quid.
3034 4488 3294 4548 quantum
3352 4481 3418 4534 ad
3461 4485 3626 4534 νίιιιι-

2024 4576 2131 4622 lem
2171 4577 2315 4622 tuam
2352 4570 2572 4634 attinet,
2619 4572 2750 4624 mihi
2790 4583 2972 4627 autem
3023 4589 3276 4644 magnum
3323 4573 3507 4635 fuerit,
3536 4577 3624 4635 da.

2022 4660 2164 4714 sicut
2191 4669 2245 4714 et
2277 4663 2367 4729 qui
2398 4678 2569 4731 panes
2598 4667 2914 4728 comedunt,
2952 4681 3055 4720 non
3118 4668 3296 4736 magni
3333 4666 3544 4722 faciunt
3582 4670 3624 4722 si

2025 4755 2196 4807 micas
2233 4753 2360 4828 dent
2396 4773 2407 4808 :
2448 4771 2614 4809 canes
2637 4765 2816 4811 autem
2849 4759 2989 4813 bene
3012 4775 3074 4815 ex
3108 4760 3191 4814 his
3235 4773 3551 4827 pascuntur.

2103 4845 2382 4901 “315.28.
2426 4867 2442 4898 ι
2481 4847 2634 4904 Tunc
2688 4852 3026 4917 respondens
3063 4851 3221 4906 Jesus
3254 4855 3391 4906 dixit
3431 4855 3501 4906 illi
3541 4873 3551 4908 ε
3585 4857 3628 4908 ί)

2030 4940 2248 5004 mulier,
2283 4957 2473 5008 magna
2500 4953 2583 4995 est
2635 4942 2769 4996 fides
2798 4952 2910 5006 tua,
2966 4945 3057 4997 ﬁat
3087 4945 3178 4997 tibi
3215 4946 3359 4999 sicut
3424 4950 3524 5002 vis.
3564 4951 3628 5002 lit

2028 5040 2215 5084 sanata
2258 5042 2340 5084 est
2378 5033 2483 5085 ﬁlia
2519 5032 2634 5099 ejus
2663 5050 2725 5088 ex
2753 5035 2839 5088 illa
2875 5036 3028 5090 bura.
3070 5055 3085 5085 ι
3131 5037 3279 5091 Nunc
3320 5040 3630 5094 manifestat

2027 5120 2183 5178 Iesus
2211 5140 2431 5178 causam
2485 5137 2707 5194 propter
2749 5145 2912 5197 quam
2968 5132 3310 5185 sanationem
3364 5136 3430 5185 ab
3467 5136 3622 5189 initio

2029 5217 2326 5278 distulerit.
2364 5234 2555 5287 nempe
2594 5230 2651 5272 ut
2684 5220 2814 5273 lides
2845 5232 2896 5273 et
2928 5221 3214 5290 prndi-ntia
3248 5225 3493 5281 mulieris
3519 5228 3625 5281 cla-

2035 5319 2232 5364 rescit.
2275 5311 2566 5378 Propterea
2595 5329 2699 5366 nou
2729 5316 2911 5367 statim
2938 5315 3003 5366 ab
3037 5316 3191 5370 initio
3221 5320 3418 5371 annuit
3471 5321 3599 5372 Chri

2030 5417 2169 5466 stus,
2207 5405 2299 5458 sed
2335 5408 2507 5474 magis
2542 5406 2685 5460 illam
2723 5423 2750 5460 a
2783 5423 2840 5460 se
2881 5411 3192 5464 amandavit
3224 5432 3233 5464 :
3274 5430 3418 5465 nunc
3448 5425 3626 5466 autem

2027 5499 2467 5566 quandoquidem
2531 5502 2646 5569 ejus
2693 5501 2826 5555 fides
2884 5486 3228 5557 manifestata
3281 5514 3383 5558 est.
3450 5506 3624 5558 land.d

2023 5605 2176 5642 eam:
2224 5610 2240 5639 ι
2269 5590 2457 5663 Magna
2484 5602 2565 5646 est
2600 5593 2733 5649 tides
2760 5605 2867 5649 tua.
2901 5615 2913 5642 ν
2947 5595 3059 5651 llnc
3091 5606 3274 5652 autem
3301 5601 3440 5665 quod
3468 5600 3541 5650 ιΙίι
3567 5612 3621 5654 .t.

1279 5723 1357 5778 Ιέι
1397 5723 1744 5785 rnllntimw
1787 5728 1969 5787 ijwld.
2023 5731 2245 5788 Venet.
2293 5732 2352 5790 Ξ.
2397 5732 2614 5792 Marci.

358 5787 472 5839 (“lii
512 5791 612 5844 Kal
653 5797 679 5859 ἡ
718 5797 930 5865 τὺνεσις
963 5804 1086 5858 ειιΙιΙ.
1125 5807 1280 5861 tmltl.
1316 5809 1403 5866 '29.
