4288 6444
761 390 862 457 311

1683 392 2269 453 THEOPHYLACTI
2311 393 2719 455 ΒυιῦΑῆἰῶ
2761 388 3121 458 ᾹΒΟΗῘΕΡ.

3906 391 4017 459 312

767 505 886 560 Fiat
929 503 1023 558 tibi
1084 504 1222 558 sicut
1272 501 1372 567 vis,
1428 502 1663 559 ostendit
1707 503 1850 572 quod
1883 504 1985 558 nisi
2032 503 2192 557 ﬁdem
2241 505 2336 557 ha-
2362 508 2410 566 Α
2439 522 2460 557 τ

2322 532 2336 544 -
2362 508 2410 566 Α
2439 505 2642 569 πίστις·
2682 525 2701 558 r
2730 506 2793 561 τὸ
2812 506 2889 571 δέ,
2912 507 3205 578 Γενηθήτω
3219 523 3302 560 σοι
3333 506 3409 570 ὡς
3438 497 3636 573 θέλεις,
3655 505 3847 570 εἰπὼν,
3877 507 4015 562 ἔδει-

762 598 983 660 buissct,
1016 595 1143 649 nihil
1179 593 1377 648 fuisset
1424 602 1694 648 assecuta.
1743 594 1924 664 Atque
1952 596 2027 649 ita
2078 596 2124 649 si
2152 594 2333 649 volue-

763 688 933 742 rimus
960 694 1012 739 et
1043 699 1160 747 nos,
1198 683 1328 738 nihil
1360 693 1503 739 vetat
1530 694 1583 738 et
1615 700 1713 739 nos
1742 685 1958 754 assequi
1997 700 2120 753 qua:
2152 685 2333 739 volue-

763 779 951 831 rimus.
983 776 1218 830 Observa
1250 785 1428 828 autem
1472 776 1615 843 quod
1646 776 1772 831 licet
1817 776 1990 830 sancti
2036 786 2198 830 orent
2237 791 2333 846 pro

762 866 937 931 nobis,
972 867 1111 920 sicut
1144 880 1238 934 pro
1281 866 1368 919 illa
1414 866 1664 933 apostoli,
1695 874 1930 920 attamen
1964 880 2064 921 nos
2094 881 2191 935 pro
2235 881 2330 921 no-

759 957 840 1013 bis
875 958 1005 1026 ipsis
1039 966 1285 1024 petentes
1316 958 1483 1025 magis
1532 957 1801 1011 audimur.
1854 955 1949 1010 Est
1974 966 2155 1010 autem
2190 956 2330 1010 Cha-

758 1064 939 1102 nanma
1001 1049 1301 1119 symbolum
1365 1049 1617 1103 Ecclesia:
1676 1063 1707 1103 e
1751 1050 2005 1119 gentibus
2065 1048 2323 1104 collectae.

754 1141 859 1210 ει
887 1138 1019 1193 Nam
1047 1151 1100 1194 ct
1123 1148 1310 1209 gentes
1342 1140 1493 1208 prius
1534 1140 1762 1209 repulsas
1825 1139 2067 1205 fuerunt,
2094 1142 2149 1194 et
2180 1147 2326 1209 post-

753 1246 817 1285 ea
852 1235 904 1286 in
939 1233 1172 1288 ﬁliorum
1212 1231 1456 1287 ordinem
1514 1242 1786 1302 provecta:
1829 1233 2182 1289 obtinuerunt
2231 1246 2326 1301 pa-

756 1337 900 1386 nem,
942 1338 1156 1394 corpus,
1210 1323 1452 1391 inquam,
1502 1323 1736 1379 Domlni.
1786 1323 1957 1379 Judaei
1996 1332 2179 1378 autem
2237 1338 2327 1377 ca-

757 1430 852 1470 nes
878 1414 1022 1482 facti,
1090 1430 1156 1469 ex
1215 1399 1371 1470 micis
1434 1416 1687 1471 videntur
1719 1419 1889 1486 pasci,
1929 1418 2033 1472 hoc
2062 1426 2164 1482 est,
2202 1432 2324 1488 par-

754 1509 917 1560 vitate
939 1516 993 1561 et
1022 1506 1230 1563 vilitate
1268 1507 1479 1563 litterae.
1516 1508 1799 1578 Signiﬁcat
1830 1510 1974 1564 enim
2029 1510 2204 1582 Tyrus
2233 1526 2324 1565 co-

752 1597 1090 1663 hibitionem,
1148 1599 1315 1655 Sidon
1377 1607 1555 1655 autem
1604 1608 1864 1655 venantes
1922 1619 1936 1655 :
1992 1600 2322 1667 Chananaaa,

750 1699 1045 1758 praeparata
1100 1690 1490 1749 humiliationi.
1517 1690 1762 1746 Gentiles
1803 1692 1967 1761 igitur
1992 1692 2084 1762 qui
2116 1692 2322 1747 malitia

752 1780 1094 1845 tenebantur,
1153 1782 1295 1837 inter
1356 1796 1494 1852 quos
1540 1781 1759 1836 fuerunt
1795 1791 2083 1837 venatores
2112 1782 2321 1836 anima-

2435 595 2524 659 ξεν
2555 597 2638 649 ὄτι
2668 597 2766 650 ἐὰν
2817 598 2894 667 μὴ
2932 599 3123 651 πίστιν
3162 592 3332 667 εἶχεν,
3358 597 3459 650 οὐκ
3498 596 3565 650 ἂν
3598 598 3757 666 ἔτυχε
3789 598 3889 666 τῆς
3931 599 4019 651 al-

2431 686 2667 755 τήσεως·
2698 687 2841 741 ὥστε
2876 687 2978 741 δάν
3006 686 3251 757 θέλωμεν
3286 688 3382 740 καὶ
3415 688 3600 755 ἡμεῖς,
3633 687 3784 739 οὐδὲν
3806 686 3870 739 τὸ
3906 704 4018 739 κω-

2432 776 2558 829 λύον
2587 779 2772 846 τυχεῖν
2799 772 2877 831 ὧν
2904 778 3150 848 θέλομεν.
3180 776 3498 847 Σημείωσαι
3529 777 3587 831 δὲ
3617 778 3698 830 ὅτι
3729 778 4013 844 nivaria:

2432 863 2657 917 αἰτῶσιν
2690 864 2827 935 ὑπὲρ
2856 865 3033 935 ἡμῶν,
3061 865 3251 935 ὥσπερ
3286 866 3427 935 ὑπὲρ
3452 865 3667 936 εκείνης
3699 867 3750 919 οι
3777 867 4015 920 ἀπόστο-

2430 957 2536 1019 λοι,
2581 957 2700 1009 ἀλλ’
2731 956 2827 1011 οὖν
2868 959 3026 1028 ἡμεῖς
3065 958 3206 1027 ὑπὲρ
3249 956 3462 1009 ἑαυτῶν
3496 956 3794 1019 αίτοῦντις,
3849 956 4017 1009 πλέον

2430 1048 2687 1117 ἀνύομεν.
2720 1049 2997 1118 Σύμϐολον
3028 1050 3085 1104 δὲ
3108 1051 3142 1119 ή
3177 1048 3460 1103 Χαναναία
3506 1050 3600 1101 καὶ
3626 1049 3723 1117 τῆς
3755 1049 3814 1114 ἐξ
3843 1048 4016 1100 ιθνῶν

2443 1140 2791 1211 Ἐκκλησίας.
2819 1141 2931 1194 Kal.
2965 1142 3074 1213 γὰρ
3098 1142 3192 1195 καὶ
3226 1141 3297 1195 τά
3323 1141 3453 1210 ἔθνη
3486 1140 3787 1209 άπωσμένα
3816 1140 4017 1209 πρότε-

2432 1249 2547 1303 ρον,
2579 1232 2809 1298 ὕστερον
2841 1235 2921 1296 εἰς
2946 1233 3044 1303 τὴν
3069 1233 3180 1287 τῶν
3214 1232 3348 1286 υίῶν
3367 1232 3523 1295 τάξιν
3549 1231 4014 1299 ἀνεϐιϐάσθησαν,

2429 1323 2647 1378 καὶτοῦ
2678 1324 2846 1395 ἄρτου
2898 1325 3245 1395 ἠξιώθησαν,
3290 1324 3385 1379 τοῦ
3425 1321 3680 1393 σώματος
3723 1324 3867 1391 λέγω
3917 1324 4013 1377 τοῦ

2428 1414 2658 1484 Κυρίου.
2694 1416 2757 1469 Oi
2788 1416 2845 1469 δὲ
2888 1416 3154 1479 Ἰουδαῖοι,
3185 1415 3347 1478 κύνες
3372 1416 3623 1483 ἐγένοντο
3643 1455 3656 1476 ,
3689 1416 3751 1466 ἑκ
3780 1414 3892 1466 τῶν
3925 1413 4017 1483 ψι-

2426 1502 2559 1572 χίων
2585 1503 2870 1567 δοκοῦντες
2895 1505 3212 1577 τρέφεσθαι,
3245 1504 3518 1567 τουτέστι,
3542 1504 3652 1556 τῶν
3682 1502 3896 1575 μικρῶν
3921 1504 4017 1555 καὶ

2426 1594 2660 1647 εὐτελῶν
2681 1596 2774 1648 τοῦ
2807 1598 3155 1667 γράμματος.
3183 1595 3453 1666 Σημαίνει
3480 1596 3590 1665 δὲή
3617 1594 3819 1664 Τύρος,
3852 1609 4016 1648 συνο-

2426 1688 2547 1760 χήν·
2569 1688 2602 1757 ἡ
2621 1687 2678 1740 δὲ
2699 1688 2887 1755 Σιδὼν,
2909 1689 3209 1760 θηρῶντες.
3234 1688 3518 1743 Χαναναία
3533 1687 3612 1752 δὲ,
3631 1685 4015 1757 ἡτοιμασμένη

2424 1779 2491 1848 τῇ
2515 1778 2861 1832 ταπεινώσει·
2886 1780 2936 1832 oi
2960 1780 3095 1848 γοῦν
3119 1780 3472 1848 συνεχόμενοι
3500 1780 3567 1847 τῇ
3596 1777 3763 1847 κακίᾳ
3788 1775 4012 1839 ἐθνικοὶ,

750 1885 869 1924 rum
921 1871 1214 1937 daemones,
1264 1873 1563 1927 humilitate
1622 1884 1750 1928 sunt
1816 1875 2125 1944 praeparati.
2176 1873 2317 1930 Iusti
2355 1845 2443 1921 Bi

2315 1907 2317 1927 ι
2355 1845 2395 1901 Β
2423 1845 2489 1922 t6
2510 1864 2591 1933 οἷς
2628 1865 2770 1942 ἦσαν
2797 1873 2846 1924 oi
2881 1845 3157 1941 θηρῶντες
3196 1845 3295 1934 τάξ
3319 1845 3506 1940 -ψυχὰς
3535 1845 3827 1937 θαίμονες,
3860 1860 4008 1921 οὗτοι

750 1964 892 2017 cnim
923 1964 1138 2018 sublimi
1174 1978 1335 2036 regno
1368 1965 1459 2020 Dei
1490 1974 1614 2021 sunt
1644 1967 1955 2035 praeparati.

824 2143 982 2200 Vens.
1016 2144 1106 2211 29,
1169 2145 1259 2199 3t.
1297 2164 1315 2198 ι
1372 2147 1434 2201 Ει
1468 2162 1790 2216 progressus
1844 2148 1990 2204 illinc
2023 2148 2198 2215 Jesus,
2230 2165 2323 2205 ve-

750 2240 829 2291 nit
852 2240 1003 2309 juxta
1028 2254 1179 2295 mare
1203 2240 1459 2307 Galliam,
1486 2252 1541 2296 et
1573 2256 1872 2298 conscenso
1894 2252 2075 2297 monte
2097 2244 2322 2298 sedebat

750 2330 907 2384 illic:
948 2338 1001 2383 et
1033 2341 1382 2388 accesserunt
1443 2333 1510 2388 ad
1542 2349 1667 2389 eum
1715 2335 1889 2389 turba:
1952 2335 2157 2399 multis,
2220 2335 2322 2391 ha-

749 2424 935 2479 bentes
970 2438 1153 2479 secum
1182 2423 1425 2492 claudos,
1484 2441 1681 2494 caecos,
1732 2428 1953 2493 surdos,
1990 2429 2235 2496 mutilos,
2267 2437 2323 2484 et

748 2514 881 2570 alios
909 2516 1125 2585 multos,
1154 2527 1208 2573 et
1236 2516 1547 2586 abjecerunt
1577 2533 1672 2575 eos
1720 2530 1847 2576 ante
1881 2521 2044 2589 pedes
2073 2518 2224 2586 .Iesu,
2269 2530 2324 2577 et

749 2609 957 2663 sanavit
985 2624 1098 2677 eos,
1128 2611 1261 2665 adeo
1290 2619 1349 2665 ut
1378 2610 1545 2665 turbte
1573 2612 1781 2679 mirata:
1832 2612 1939 2667 sint
1998 2628 2119 2668 cum
2167 2613 2321 2669 vide-

751 2707 868 2751 rent
928 2710 1113 2770 mutos
1174 2700 1343 2768 loqui,
1405 2702 1623 2758 mutilos
1673 2718 1795 2760 esse
1849 2719 2028 2770 sanos,
2102 2705 2322 2760 claudos

744 2789 1039 2862 ambulare,
1068 2806 1243 2847 caecos
1272 2792 1457 2849 videre
1492 2814 1505 2847 :
1543 2804 1596 2848 et
1622 2795 1999 2866 gloriﬁcabant
2045 2797 2210 2851 Deum
2246 2796 2321 2852 ls-

744 2882 873 2937 rael.
914 2901 933 2935 »
968 2882 1085 2938 Non
1114 2885 1376 2939 continuo
1400 2887 1721 2941 versaturin
1754 2887 1960 2953 Iudaea,
1989 2890 2083 2943 sed
2133 2889 2185 2943 in
2210 2890 2318 2944 Ga-

742 2975 899 3041 lilaea,
971 2987 1191 3047 propter
1240 2979 1463 3035 multam
1500 2980 1932 3036 incredulitatem
1986 2981 2315 3039 Judaorum.

738 3068 943 3121 Galiltci
971 3071 1113 3123 enim
1146 3069 1418 3127 ﬁdeliores
1449 3071 1557 3127 illis
1580 3082 1759 3127 erant.
1794 3073 1928 3127 Vide
1967 3074 2131 3143 igitur
2158 3074 2316 3131 ﬁdem

2426 1962 2519 2015 καὶ
2549 1963 2616 2031 τῇ
2662 1960 2992 2015 ταπεινώσει
3046 1962 3184 2014 εἰσὶν
3228 1960 3664 2030 ἡτοιμασμένοι·
3699 1961 3747 2013 oi
3791 1960 3903 2031 γὰρ
3929 1958 4010 2012 δί-

2427 2070 2594 2115 καιοι,
2623 2052 2699 2121 τῷ
2722 2051 2847 2122 ὕψει
2875 2053 2975 2122 τῆς
2999 2052 3276 2122 βασιλείας
3300 2053 3393 2105 τοῦ
3416 2050 3551 2105 Θεοῦ
3574 2049 4008 2122 ἡτοιμάσθησαν.

2502 2162 2520 2194 ι
2566 2145 2674 2198 Καὶ
2703 2144 2942 2214 μεταϐὰς
2975 2143 3184 2197 ἐκεῖθεν
3214 2146 3243 2197 ό
3285 2142 3517 2213 Ἰησοῦς,
3545 2139 3677 2214 ἦλθε
3725 2142 4011 2215 παρὰητὴν

2425 2237 2701 2291 θάλασσαν
2738 2237 2838 2307 τῆς
2877 2236 3170 2299 Γαλιλαίας
3194 2273 3211 2300 ,
3264 2235 3362 2289 καὶ
3411 2235 3620 2298 ἀναϐάς
3654 2235 3734 2300 είς
3764 2235 3830 2287 τὸ
3862 2234 4010 2305 ὅρος,

2424 2331 2661 2402 εκάθητο
2704 2331 2842 2384 ἐκεῖ·
2897 2331 2991 2385 καὶ
3038 2329 3348 2402 προσῆλθον
3398 2325 3549 2401 αύτῷ
3595 2330 3743 2400 ὖχλοι
3785 2328 4009 2393 πολλοὶ,

2424 2423 2639 2494 ἔχοντες
2670 2422 2789 2492 μεθ’
2821 2422 3032 2477 ἑαυτῶν
3055 2421 3283 2492 χωλοὺς,
3311 2421 3571 2490 τυφλοὺς,
3603 2417 3844 2490 κωφοὺς,
3876 2419 4009 2472 κυλ-

2425 2517 2573 2581 λοὺς,
2605 2517 2699 2570 καὶ
2725 2517 2947 2586 ἑτέρους
2977 2516 3229 2583 πολλοὺς,
3255 2516 3353 2569 καὶ
3379 2514 3611 2586 ἔρριψαν
3635 2514 3832 2577 αὐτοὺς
3858 2511 4013 2583 παρὰ

2425 2610 2551 2672 τοὺς
2582 2608 2750 2673 πόδας
2791 2609 2886 2662 τοῦ
2946 2607 3156 2678 Ἰησοῦ,
3207 2609 3303 2661 καὶ
3355 2607 3723 2677 δθεράπιυσεν
3773 2604 4009 2668 αὐτούς·

2423 2702 2563 2756 ὥστε
2599 2701 2725 2765 τοὺς
2762 2701 2954 2771 ὄχλους
2988 2699 3269 2769 θαυμάσαι
3303 2699 3625 2771 βλέποντας,
3662 2698 3881 2766 κωφοὺς
3923 2697 4015 2749 λα-

2409 2791 2671 2859 ολοῦντας,
2705 2792 2931 2855 κυλλοὺς
2964 2793 3159 2860 ὑγιεῖς,
3191 2792 3399 2861 χωλοὺς
3426 2787 3888 2861 περιπατοῦντας,
3920 2806 4015 2843 τυο

2422 2889 2589 2956 φλοὺς
2627 2888 2945 2957 βλέποντας·
2987 2888 3080 2940 καὶ
3110 2886 3372 2951 ἐδόξασαν
3407 2886 3499 2938 τὸν
3531 2885 3665 2938 Θεὸν
3710 2883 3948 2955 Ἰσραήλ.
3992 2902 4010 2934 ι

2422 2984 2497 3036 Οὐ
2530 2985 2596 3053 τῇ
2642 2982 2874 3053 Ἰουδαίᾳ
2901 2979 3141 3050 συνεχῶς
3165 2980 3442 3050 ἔπιδημεῖ,
3468 2979 3604 3032 ἀλλὰ
3627 2981 3695 3048 τῇ
3728 2976 4013 3047 Γαλιλαίᾳ,

2420 3075 2509 3129 διὰ
2533 3074 2632 3145 τὴν
2660 3074 2858 3144 πολλὴν
2890 3072 3146 3126 ἀπιστίαν
3173 3071 3281 3125 τῶν
3325 3071 3616 3125 Ἰουδαίων·
3647 3071 3697 3123 οἱ
3718 3072 3828 3143 γὰρ
3853 3070 4015 3124 Γαλι-

739 3161 974 3223 illorum,
1015 3164 1285 3230 quomodo
1330 3171 1385 3217 et
1444 3166 1499 3217 in
1536 3172 1771 3219 montem
1808 3166 2108 3221 ascendant
2136 3167 2315 3223 claudi
2344 3189 2388 3248 ρ
2422 3167 2432 3218 ἰ

2344 3189 2388 3248 C
2422 3167 2560 3221 λαῖοι
2593 3167 2906 3235 πιστότεροι
2937 3161 3077 3235 ἦσαν
3126 3164 3373 3218 ἐκείνων.
3432 3162 3538 3216 Ἴδε
3565 3157 3659 3216 οὖν
3687 3162 3790 3231 τὴν
3829 3160 4014 3213 πίστιν

735 3253 1058 3307 exsistentes
1089 3261 1144 3307 et
1165 3254 1331 3308 caci:
1362 3268 1468 3308 non
1489 3269 1683 3325 segnes
1702 3265 1849 3321 sunt,
1873 3257 1967 3313 sed
1992 3267 2046 3313 et
2071 3265 2137 3314 ad
2154 3260 2317 3330 pedes

732 3345 859 3401 Jcsu
890 3346 1243 3415 objiciuntur,
1286 3358 1468 3418 utpote
1498 3350 1647 3405 illum
1676 3366 1836 3422 supra
1893 3354 2167 3410 hominem
2192 3370 2314 3411 esse

734 3440 1130 3505 existimantes,
1160 3442 1300 3494 unde
1326 3450 1379 3495 et
1417 3443 1735 3501 sanitatem.
1761 3446 1994 3501 assecuti
2038 3457 2185 3503 sunt.
2245 3449 2312 3503 Et

735 3542 788 3583 tu
809 3531 972 3601 igitur
988 3532 1220 3587 ascende
1243 3533 1296 3587 in
1337 3541 1570 3589 montem
1605 3536 2001 3604 mandatorum,
2032 3539 2121 3595 ubi
2160 3540 2312 3597 sedct

732 3622 928 3676 Jesus:
963 3622 1080 3677 etsi
1117 3637 1294 3679 cmcus
1342 3622 1534 3689 fueris,
1594 3642 1699 3681 non
1738 3627 1927 3684 valens
1980 3630 2166 3693 videre
2218 3648 2313 3702 per

732 3714 961 3783 teipsum
994 3714 1135 3782 quod
1161 3713 1361 3769 bonum
1389 3732 1402 3768 :
1427 3724 1483 3770 et
1512 3716 1557 3771 si
1596 3715 1842 3784 claudus,
1867 3719 2057 3776 videns
2090 3721 2310 3791 quidem

732 3805 875 3874 quod
910 3805 1136 3872 bonum,
1174 3823 1279 3862 non
1305 3806 1488 3865 valens
1518 3818 1697 3866 autem
1736 3811 1804 3866 ad
1842 3813 1945 3869 hoc
1981 3815 2265 3883 pervenire
2294 3836 2308 3872 :

732 3907 788 3951 ct
820 3897 862 3952 si
893 3899 1109 3965 surdus,
1145 3900 1237 3969 qui
1269 3914 1443 3971 neque
1478 3902 1645 3958 alium
1678 3902 1866 3960 audias
1904 3908 2306 3977 admonentem,

733 4005 905 4059 neque
936 3990 1101 4046 alium
1152 3993 1445 4051 admonere
1478 3995 1662 4052 valeas
1694 4013 1710 4052 :
1744 4008 1798 4053 ct
1846 3996 1890 4053 si
1943 4000 2171 4057 mutilus
2210 4004 2308 4070 sls,

730 4098 835 4138 non
863 4082 1048 4139 valcns
1065 4088 1356 4140 extendere
1386 4102 1603 4143 manum
1666 4091 1733 4144 ad
1788 4090 2191 4163 eleemosynam
2217 4115 2230 4150 :
2258 4106 2309 4149 et

731 4174 776 4226 si
805 4173 910 4227 alio
941 4176 1170 4243 quodam
1202 4177 1387 4231 morbo
1414 4186 1649 4247 teneare,
1683 4190 1997 4249 prosternas
2048 4194 2098 4239 te
2124 4183 2191 4238 ad
2215 4199 2309 4256 pe-

734 4264 827 4319 des
858 4264 983 4320 Jesu
1010 4306 1024 4331 ,
1053 4278 1105 4320 et
1142 4268 1368 4337 vestigia
1416 4270 1538 4325 vita:
1590 4271 1733 4327 illius
1781 4274 2021 4345 attinge,
2075 4278 2308 4333 cuntis-

732 4372 965 4426 ncmque
997 4358 1239 4415 habebis.

802 4450 965 4507 Vsus.
1014 4452 1103 4508 '52.
1148 4473 1167 4507 ‹
1204 4455 1359 4510 Jesus
1381 4466 1559 4511 autem
1592 4460 1798 4515 vocatis
1843 4462 1908 4515 ad
1937 4475 1999 4518 se
2027 4462 2309 4534 discipulis

2423 3262 2629 3323 αὐτῶν,
2658 3258 2775 3322 πῶς
2807 3258 2901 3312 καὶ
2930 3260 3010 3321 εις
3048 3256 3109 3309 τὸ
3134 3255 3261 3327 ὅρος
3292 3255 3615 3325 ἀνέρχονται
3656 3253 3821 3324 χωλοὶ
3858 3252 4014 3318 ὄντες

2424 3352 2519 3405 καὶ
2548 3351 2762 3417 τυφλοὶ,
2795 3349 2892 3404 καὶ
2918 3350 2980 3402 οὺ
3007 3345 3388 3411 κατοκνοῦσιν,
3414 3346 3552 3400 ἀλλὰ
3586 3347 3678 3399 καὶ
3720 3345 3855 3417 πρὸς
3887 3346 4014 3407 τοὺς

2423 3443 2591 3505 πόδας
2623 3440 2907 3512 ῥίπτονται
2937 3439 3032 3493 τοῦ
3085 3435 3263 3510 Ἰησοῦ
3289 3481 3303 3504 ,
3335 3438 3410 3502 ὡς
3440 3438 3582 3508 ὑπὲρ
3611 3437 3903 3508 ἄνθρωπον
3928 3436 4014 3489 60-

2422 3538 2646 3598 κοῦντες
2682 3535 2867 3599 αὑτὸν,
2910 3534 3034 3588 ὅθεν
3072 3536 3164 3587 καὶ
3193 3534 3293 3603 τῆς
3325 3534 3521 3595 ίάσεως
3557 3532 3770 3601 ἔτυχον.
3810 3532 3918 3583 Καὶ
3947 3530 4011 3583 σὺ

2421 3622 2515 3680 οὖν
2544 3626 2734 3680 ἄνελθε
2757 3628 2838 3689 εἰς
2872 3624 2931 3679 τὸ
2970 3624 3099 3696 ὅρος
3136 3626 3246 3679 τῶν
3274 3624 3528 3688 ἐντολῶν,
3561 3623 3689 3676 ἔνθα
3717 3622 3954 3692 κάθηται
3984 3623 4012 3674 ό

2425 3717 2662 3787 Κύριος·
2706 3717 2814 3770 κᾶν
2854 3716 3057 3785 τυφλὸς
3103 3711 3191 3788 ᾖς,
3230 3716 3306 3787 μὴ
3351 3715 3648 3787 δυνάμενος
3682 3715 3776 3783 ἀφ’
3814 3713 4011 3768 ἑαυτοῦ

2424 3809 2553 3862 ίδεῖν
2587 3810 2647 3863 τὸ
2679 3810 2844 3863 καλόν
2864 3826 2878 3840 ·
2907 3803 3013 3862 κᾶν
3046 3808 3241 3877 χωλὸς,
3274 3808 3489 3878 βλέπων
3523 3807 3621 3877 μὶν
3652 3806 3712 3860 τὸ
3737 3804 3923 3869 καλὸν,
3948 3804 4009 3858 ού

2418 3901 2721 3971 δυνάμενος
2743 3900 2801 3954 δὲ
2819 3902 2898 3964 εἰς
2924 3899 3057 3954 αὐτὸ
3084 3899 3260 3953 ἐλθεῖν
3278 3913 3293 3927 ·
3327 3897 3429 3951 κᾶν
3451 3897 3655 3966 κωφὸς,
3685 3898 3826 3966 μήτε
3850 3896 4011 3950 ἄλλου

2420 3994 2636 4050 ἁκούων
2659 3993 3086 4065 παραινοῦντος,
3140 3992 3279 4062 μήτε
3314 3990 3459 4061 ἄλλῳ
3490 3989 3819 4058 παραινέσαι
3853 3987 4012 4040 δυνά-

2425 4105 2585 4158 μενος
2608 4103 2622 4118 ·
2660 4087 2767 4140 κᾶν
2796 4086 3012 4149 κυλλδς,
3045 4086 3315 4144 τουτέστι,
3347 4083 3448 4154 τὴν
3481 4086 3637 4151 χεῖρα
3665 4084 3744 4145 είς
3780 4082 4011 4152 ἐλεημο-

2423 4180 2591 4251 σύνην
2624 4179 2698 4250 μὴ
2742 4178 3045 4247 δυνάμενος
3081 4172 3353 4229 ἐκτεῖναι·
3392 4176 3497 4228 κᾶν
3540 4174 3671 4228 ἄλλο
3724 4191 3777 4226 τι
3824 4176 4010 4243 νοσῇς,

2420 4274 2604 4327 πεσὼν
2654 4271 2807 4340 παρὰ
2836 4269 2963 4333 τοὺς
2992 4268 3160 4328 πόδας
3197 4266 3295 4320 τοῦ
3338 4264 3519 4337 Ἰησοῦ
3553 4266 3646 4319 καὶ
3690 4264 3801 4318 τῶν
3850 4264 4011 4335 ἰχνῶν

2415 4362 2509 4418 τοῦ
2538 4364 2655 4430 βίου
2678 4363 2886 4416 ἐκείνου
2915 4362 3212 4431 ἁψάμενος,
3241 4358 3652 4429 θεραπευοήσῃ.

2498 4478 2515 4510 ι
2573 4457 2630 4509 Ὀ
2663 4457 2721 4509 δὲ
2761 4454 2970 4527 Ἰησοῦς
3015 4453 3537 4525 προσκαλεσάμενος
3586 4452 3713 4514 τοὺς
3759 4450 4008 4523 μαθητὰς

732 4546 846 4598 suis
872 4544 1008 4599 dixit
1041 4562 1055 4599 :
1089 4544 1311 4603 Miseret
1368 4563 1453 4603 me
1485 4550 1676 4615 turbae,
1709 4562 1996 4622 prapterea
2027 4556 2170 4625 quod
2196 4556 2308 4625 iam
2343 4561 2390 4619 D
2418 4570 2425 4602 ε

2343 4561 2390 4619 υ
2418 4549 2608 4615 αὑτοῦ,
2650 4545 2772 4602 εἶπε
2794 4563 2809 4578 ·
2861 4546 3308 4616 Σπλαγχνίζομαι
3338 4546 3432 4597 ἐπὶ
3461 4545 3551 4597 τὸν
3579 4544 3759 4614 ὄχλον,
3796 4545 3880 4598 ὅτι
3908 4545 4006 4615 ήδη

735 4638 915 4691 triduo
959 4648 1311 4706 perseverant
1356 4642 1494 4710 apud
1527 4658 1632 4707 me,
1658 4652 1712 4698 et
1746 4659 1850 4698 non
1895 4645 2095 4701 habent
2171 4651 2312 4717 quod

731 4727 895 4781 cdant
929 4745 941 4780 :
970 4730 1318 4785 ctdimittere
1365 4746 1457 4786 eos
1497 4730 1714 4801 jejunus
1746 4734 1893 4801 nolo,
1952 4750 2020 4793 ne
2057 4737 2315 4793 deﬁciant

730 4818 784 4871 in
818 4820 925 4872 via.
966 4837 985 4870 ι
1040 4818 1233 4875 Turbae
1282 4822 1497 4890 quidem
1526 4839 1633 4878 non
1699 4824 2186 4897 audebant‘panes
2221 4843 2316 4897 pe-

734 4919 867 4973 tere,
902 4918 1085 4978 utpote
1116 4913 1205 4978 qui
1254 4912 1319 4965 ad
1381 4911 1749 4982 recipiendam
1802 4915 2090 4970 sanitatem
2145 4929 2311 4969 vene-

731 5010 852 5053 rant
886 5017 905 5055 :
936 5001 1049 5067 ipse
1077 5011 1254 5057 autem
1282 5003 1588 5060 misericors
1614 5006 1909 5070 exsistens,
1946 5021 2130 5062 curam
2151 5007 2263 5077 agit
2295 5024 2310 5062 :

728 5103 781 5146 ct
810 5108 875 5148 ne
906 5095 1028 5163 quis
1059 5094 1238 5150 dicere
1275 5098 1442 5165 possit
1465 5099 1605 5164 quod
1660 5098 1764 5152 alia
1816 5099 2006 5153 viatica
2057 5098 2309 5165 habeant,

727 5186 922 5254 inquit,
984 5188 1125 5255 quod
1189 5189 1234 5243 si
1294 5191 1456 5244 etiam
1518 5190 1852 5255 habuissent,
1911 5192 2143 5249 fuissent
2183 5206 2311 5247 con-

729 5288 983 5348 sumpta:
1019 5289 1127 5335 tres
1148 5283 1290 5337 enim
1336 5282 1445 5352 jam
1481 5284 1596 5339 dies
1628 5294 1771 5339 sunt.
1828 5285 2079 5341 Ostendit
2131 5294 2310 5341 autem

730 5371 875 5438 quod
899 5372 1109 5443 alonge
1139 5376 1404 5440 venerint,
1430 5376 1682 5445 dicendo,
1716 5376 1794 5431 Nc
1827 5378 2081 5434 deﬁciant
2113 5379 2163 5433 in
2202 5380 2305 5433 via.

730 5461 854 5516 llaec
882 5474 1057 5518 autem
1115 5464 1335 5519 dicitad
1402 5466 1717 5536 discipulos,
1784 5468 2021 5523 excitare
2065 5484 2158 5524 eos
2214 5486 2308 5524 νυ·
2356 5517 2361 5521 ,

730 5558 847 5610 lens
878 5557 1137 5612 utdicant
1172 5557 1269 5627 ipsi
1301 5560 1440 5627 quod
1484 5561 1653 5627 possit
1698 5576 1793 5616 eos
1861 5562 2025 5629 alcre,
2051 5564 2187 5618 sicut
2255 5573 2308 5616 et

728 5649 964 5717 quinque
1018 5649 1241 5705 millia:
1304 5654 1399 5707 sed
1450 5651 1525 5706 illi
1594 5656 1769 5711 adhuc
1830 5656 2094 5725 sapientia
2151 5672 2309 5712 carc-

728 5741 877 5793 bnnt.

806 5830 964 5886 Vens.
999 5834 1085 5889 55.
1123 5853 1139 5885 ‹
1201 5834 1263 5891 Et
1290 5836 1474 5893 dicunt
1535 5837 1609 5893 illi
1642 5839 1890 5910 discipuli
1958 5839 2076 5909 ejus
2111 5862 2120 5894 ;
2153 5840 2305 5896 L‘ndc

2419 4640 2633 4709 ἡμέρας
2674 4642 2825 4708 τρεῖς
2862 4637 3234 4707 προσμένουσι
3280 4653 3408 4706 μοι,
3461 4637 3555 4688 καὶ
3588 4637 3688 4687 οὐκ
3729 4634 3914 4703 ἔχουσι
3958 4635 4008 4686 τί

2420 4734 2671 4801 φάγωσι,
2709 4731 2804 4783 καὶ
2834 4728 3105 4782 ἀπολῦσαι
3136 4728 3336 4791 αὐτοὺς
3379 4728 3596 4797 νήστεις
3639 4727 3699 4780 ού
3735 4726 3896 4792 θέλω,
3932 4730 4005 4797 μή

2418 4840 2550 4876 ποτε
2586 4820 2887 4875 ὲκλυθῶσιν
2914 4822 2971 4874 έν
3000 4822 3066 4891 τῇ
3108 4818 3233 4889 ὁδῷ.
3273 4838 3291 4870 ι
3330 4819 3393 4872 Ol
3431 4820 3530 4888 μὲν
3556 4818 3704 4889 ὄχλοι
3734 4818 3833 4871 οὐκ
3858 4819 4006 4871 ἐτόλ-

2421 4931 2539 4983 μων
2572 4914 2766 4983 ἄρτους
2798 4910 3043 4981 αῑτῆσαι,
3074 4908 3149 4973 ὡς
3178 4908 3271 4963 ἐπὶ
3295 4908 3563 4979 θεραπείᾳ
3592 4907 3862 4970 ἐλθόντες.
3900 4908 4005 4959 Αύ-

2416 5005 2503 5068 τδς
2524 5004 2579 5057 δὲ
2606 5003 2990 5073 φιλάνθρωπος
3021 5000 3118 5065 ῶν,
3152 5001 3453 5072 φροντίζει·
3486 5002 3572 5054 ἵνα
3603 4999 3671 5052 δὲ
3690 4998 3768 5070 μὴ
3794 5000 3894 5072 ἔχῃ
3922 5016 4005 5062 τις

2417 5101 2594 5151 εἰπεῖν
2626 5098 2731 5164 ὅτι,
2762 5098 2931 5149 Ἀλλα
2964 5096 3150 5164 ἐφόδια
3166 5095 3371 5165 ἔχουσι,
3404 5094 3593 5163 φησὶν,
3622 5094 3683 5145 Εἰ
3712 5093 3806 5145 καὶ
3836 5088 4002 5161 εἶχον,

2414 5189 2778 5260 ἀνηλώθησαν
2805 5190 2890 5244 ἄν·
2920 5191 3070 5260 τρεῖς
3098 5187 3207 5257 γὰρ
3242 5188 3342 5259 ἥδη
3368 5187 3573 5257 ἡμέραι
3594 5186 3720 5242 είσί.
3749 5185 4003 5237 Δείκνυσι

2415 5286 2471 5339 δὲ
2498 5287 2581 5339 ὅτι
2616 5287 2711 5340 καὶ
2762 5284 3039 5356 μακρόθεν
3069 5280 3256 5355 ἦλθον,
3290 5283 3349 5335 ὲν
3381 5283 3459 5353 τῷ
3510 5283 3711 5351 λέγειν,
3768 5280 3885 5335 Ἵνα
3925 5281 3999 5351 μὴ

2415 5376 2717 5431 ἐκλυθῶσιν
2747 5378 2805 5430 ὲν
2833 5380 2899 5447 τῇ
2928 5376 3051 5447 ὁδῷ·
3083 5375 3255 5430 ταῦτα
3284 5376 3339 5428 δὲ
3383 5375 3534 5442 λέγει
3567 5374 3700 5445 πρὸς
3730 5372 3855 5436 τοὺς
3891 5390 3999 5443 μα-

2414 5469 2582 5540 θητὰς
2604 5509 2617 5531 ,
2655 5469 2921 5539 διεγεῖραι
2961 5468 3159 5530 αὐτοὺς
3192 5467 3517 5538 βουλόμενος
3551 5466 3686 5536 πρὸς
3722 5465 3780 5517 τὸ
3826 5467 3998 5519 εἰπεῖν

2412 5562 2583 5631 αὐτῷ,
2610 5564 2691 5614 ὅτι
2713 5562 2949 5614 Δύνασαι
2976 5563 3173 5623 αὐτοὺς
3206 5559 3493 5630 θρέψαιὼς
3525 5560 3621 5613 καὶ
3641 5561 3766 5624 τοὺς
3798 5577 3997 5613 πεντα-

2414 5654 2733 5725 κισχιλίους·
2764 5654 2879 5707 ἀλλ’
2912 5656 3108 5708 ἐκεῖνοι
3136 5653 3550 5725 άνοηταίνουσιν
3578 5652 3678 5706 ἐτι.

2494 5859 2511 5895 ι
2556 5842 2664 5897 Καὶ
2715 5841 2968 5912 λέγουσιν
3003 5841 3151 5912 αὐτῷ
3203 5843 3251 5896 oi
3307 5839 3551 5912 μαθηταὶ
3608 5839 3791 5894 αὑτοῦ·
3828 5838 3997 5894 Πόθεν
