4288 6444
281 415 391 481 313

986 406 1442 470 ENARRATIO
1472 404 1556 466 ΙΝ
1597 400 2113 468 EVANGELIUM
2163 399 2558 462 MATTBEI.
2599 422 2669 435 ·-
2696 396 2854 458 CAP.
2896 396 3054 458 XVI.

3462 386 3578 452 ’314

279 529 417 597 ἡμῖν
435 508 494 578 ιζ,
522 521 732 595 ἐρημίᾳ
758 520 917 589 ἄρτοι
948 516 1218 576 τοσοῦτοι,
1247 515 1390 570 ὥστε
1419 512 1688 586 χορτάσαι
1716 512 1876 583 ὄχλον
1906 547 1915 571 λ

2013 512 2146 568 ιοόἰε
2177 511 2233 566 in
2256 508 2548 566 solitudine
2577 519 2748 576 panes
2815 515 2923 560 tam
2972 500 3128 558 multi
3162 507 3221 556 ut
3271 507 3581 556 saturemus

279 619 576 683 τοσοῦτον;
628 635 647 669 ι
684 612 881 670 Καίτοι
931 611 1039 665 ἔδει
1080 609 1322 664 συνιέναι
1370 609 1596 674 αὐτοὺς,
1634 607 1721 660 ὄτι
1779 604 1876 658 καὶ

283 713 554 782 πρότερον
588 705 810 770 πλείους
844 704 1162 776 ἐτράφησαν
1193 704 1251 756 δν
1287 700 1498 772 έρημία
1523 716 1539 733 ο
1571 699 1692 754 ἀλλ’
1718 698 1878 751 άναι-

291 805 507 873 σθήτως
537 800 753 869 ἔχουσιν
773 840 789 862 ,
821 795 890 851 iv’
919 797 1050 850 ὅταν
1097 794 1217 865 ίδῃς
1249 791 1477 858 τούτους
1528 790 1757 858 ὕστερον
1792 805 1882 842 σο-

291 897 423 962 φίας
453 890 725 962 τοσαύτης
753 891 1008 961 πλήρεις,
1049 886 1343 958 θαυμάζῃς
1373 887 1476 956 τὴν
1517 882 1614 938 τοῦ
1641 880 1881 952 Χριστοῦ

285 990 470 1060 χάριν.

363 1100 384 1132 ε
413 1077 522 1132 Καὶ
543 1076 696 1143 λέγει
719 1074 905 1136 αὐτοῖς
925 1073 955 1126 ό
984 1068 1216 1140 Ἰησοῦς·
1248 1068 1455 1130 Πόσους
1477 1066 1680 1137 άρτους
1700 1061 1882 1135 έχετες

291 1175 356 1228 01
385 1172 444 1226 δὲ
471 1168 648 1225 εῖπον⁹
689 1167 889 1230 Ἑπτά,
923 1165 1018 1220 καὶ
1043 1163 1201 1230 ὀλίγα
1225 1161 1460 1244 ίχθύδια.
1493 1161 1606 1214 Καὶ
1629 1158 1885 1213 έκέλευσε

289 1267 406 1329 τοῖς
436 1265 614 1334 ὄχλοις
636 1261 932 1315 ἀναπεσεῖν
966 1258 1059 1311 επὶ
1091 1256 1193 1327 τὴν
1224 1255 1327 1324 γῆν
1357 1271 1371 1285 ο
1412 1253 1508 1307 καὶ
1546 1251 1726 1305 λαϐὼν
1757 1250 1886 1312 τοὺς

290 1360 436 1412 ἑπτά
463 1357 664 1427 άρτους
689 1356 784 1407 καὶ
818 1351 946 1413 τοὺς
975 1349 1189 1420 ίχθύας,
1223 1346 1634 1416 εὐχαριστήσας
1665 1341 1887 1407 έκλασε,

290 1453 390 1505 καὶ
420 1449 588 1502 ἔδωκε
628 1447 743 1507 τοῖς
788 1442 1063 1513 μαθηταῖς
1096 1437 1266 1494 αὑτοῦ
1294 1454 1307 1466 ·
1343 1439 1395 1490 oi
1435 1436 1494 1490 δὲ
1537 1433 1784 1505 μαθηταὶ
1810 1431 1888 1502 τῷ

289 1541 456 1611 ὄχλῳ.
494 1540 605 1591 Καὶ
654 1538 858 1605 ἔφαγον
886 1534 1110 1595 ,πάντες
1162 1531 1259 1584 καὶ
1302 1527 1741 1600 ἐχορτάσθησαν,
1793 1524 1890 1579 κα)⁸

288 1631 434 1707 ἦραν
476 1634 537 1687 τὸ
567 1629 892 1700 περισσεῦον
929 1625 1042 1681 τῶν
1079 1624 1416 1695 κλασμάτων
1444 1621 1590 1675 ἑπτά
1622 1619 1890 1690 σπυρίδας

291 1727 543 1798 πλήρεις.
575 1725 638 1798 Οί
661 1724 720 1777 δὲ
741 1722 1014 1783 ἐσθίοντες
1037 1715 1182 1791 ἦσαν
1210 1715 1646 1789 τετρακισχίλιοι
1669 1713 1887 1784 ἄνδρες,

290 1821 464 1891 χωρὶς
493 1817 773 1887 γυναικῶν
800 1815 896 1868 καὶ
926 1813 1175 1868 παιδίων.
1213 1831 1232 1864 ι
1268 1810 1562 1865 Εὺτὲλειαν
1591 1807 1886 1872 διδάσκων,

1989 605 2202 659 turbam
2234 601 2478 670 tantam}
2509 618 2527 651 ι
2559 599 2822 667 Quamvis
2842 611 2950 652 non
2981 594 3270 665 oportebat
3298 591 3418 644 illos
3439 588 3582 643 obli~

1988 707 2073 751 tos
2095 709 2239 761 esse,
2275 696 2420 764 quod
2448 702 2504 748 et
2552 693 2707 763 prius
2729 689 2915 761 plures
2944 687 3159 757 paverit
3183 685 3234 738 iu
3267 682 3583 740 solitudine.

1985 789 2082 844 sed
2111 787 2312 858 stupidi
2342 794 2526 849 erant.
2556 794 2615 841 ut
2662 798 2785 838 cum
2821 790 3009 850 postea
3038 779 3140 833 bos
3191 776 3398 829 videris
3433 780 3585 828 tanta

1988 882 2253 952 sapientia
2274 879 2554 951 praeditos,
2577 875 2796 933 mireris
2818 871 3022 928 Christi
3043 870 3296 940 gratiam.

2061 1068 2227 1124 Vsus.
2271 1065 2462 1123 ἴθι-58.
2505 1083 2524 1116 ι
2558 1062 2623 1117 Ει
2676 1060 2810 1116 dicit
2861 1058 2970 1114 illis
3003 1057 3205 1113 Iesus:
3239 1054 3382 1121 Quot
3412 1067 3584 1122 panes

1985 1161 2241 1219 habetis?
2294 1159 2373 1214 Illi
2415 1166 2599 1214 autem
2659 1155 2921 1209 dixerunt
2959 1169 2972 1207 :
3013 1151 3259 1218 Septem,
3296 1157 3349 1202 et
3387 1161 3590 1214 paucos

1985 1259 2098 1329 εκ
2153 1254 2470 1326 pisciculos.
2539 1251 2605 1305 Et
2669 1248 2836 1319 jussit
2904 1248 3093 1301 turbas
3151 1243 3499 1298 discumbere
3539 1239 3592 1292 in

1994 1363 2165 1414 terra,
2192 1355 2248 1405 et
2279 1344 2512 1417 sumpsit
2549 1351 2758 1412 septem
2786 1354 2957 1410 panes
2985 1352 3050 1391 ac
3084 1337 3263 1404 pisces
3292 1354 3306 1389 :
3348 1342 3402 1386 et
3439 1341 3595 1402 post-

1990 1455 2152 1510 quam
2201 1440 2409 1509 gratias
2455 1434 2681 1505 egisset,
2741 1431 2925 1498 fregit,
2986 1425 3249 1494 deditque
3315 1417 3596 1490 discipulis

1990 1534 2106 1591 suis
2147 1551 2162 1586 :
2212 1528 2464 1605 discipuli
2487 1531 2673 1582 autem
2731 1523 2926 1578 turbae.
2965 1518 3452 1584 Comedcruntque
3480 1528 3599 1567 om-

1991 1642 2114 1691 nes,
2146 1634 2203 1680 et
2231 1621 2461 1679 saturati
2492 1627 2642 1675 sunt.
2670 1616 2736 1670 Et
2775 1614 3115 1670 sustulerunt
3149 1610 3292 1679 quod
3316 1613 3600 1674 supererat

1994 1717 2451 1786 fragmentorum,
2501 1720 2711 1777 septem
2769 1703 3046 1773 sportulas
3079 1700 3289 1771 plenas.
3324 1699 3394 1752 At
3418 1697 3472 1751 lii
3505 1695 3597 1763 qui

1995 1809 2369 1867 coxa-ederunt,
2395 1810 2553 1859 erant
2604 1809 2803 1869 quater
2841 1795 2988 1849 mille
3021 1794 3147 1860 viri,
3182 1800 3380 1860 praeter
3404 1787 3600 1841 mulie-

291 1875 393 1962 ἒπί
542 1900 646 1977 γῆν
673 1904 976 1960 άνακλίνει·
1015 1903 1362 1974 εὐχαριστεῖν
1391 1900 1448 1954 δὲ
1479 1899 1751 1953 διδάσκων
1783 1895 1890 1967 πρὸ

2013 1917 2086 1958 'es
2141 1908 2196 1954 et
2237 1912 2454 1966 pueros,
2496 1913 2514 1945 ι
2553 1892 2946 1961 Frugalitatem
2991 1888 3221 1947 (lucens,
3279 1895 3446 1950 super
3485 1888 3598 1935 ter.

292 1994 500 2065 τροφῆς
528 1995 696 2064 ἡμᾶς.
729 1993 1049 2064 εὐχαριστεῖ
1074 1993 1169 2044 καὶ
1192 1992 1378 2054 αὐτός.
1419 1989 1658 2059 Ἐρωτᾷς
1687 1987 1745 2040 δὲ
1771 1986 1889 2049 πῶς

293 2087 413 2140 ἐκεῖ
447 2086 569 2156 μὲν,
605 2086 787 2140 καίτοι
821 2086 984 2139 πέντε
1015 2085 1186 2138 ὄντων
1212 2084 1394 2154 ἄρτων
1416 2084 1514 2136 καὶ
1536 2099 1891 2152 πεντακισχι-

293 2179 425 2233 λίων
464 2178 572 2232 τῶν
609 2177 965 2250 τραφέντων,
1007 2175 1219 2230 δώδεκα
1263 2177 1514 2246 κόφινοι·
1560 2173 1800 2230 ἐνταῦθα
1832 2173 1891 2227 δὲ

295 2271 564 2326 πλειόνων
595 2271 704 2323 τῶν
739 2271 923 2340 άρτων
959 2268 1132 2324 ὄντων
1159 2269 1254 2322 καὶ⁵
1291 2268 1594 2324 ἐλαττόνων
1620 2265 1730 2321 τῶν
1759 2282 1894 2338 τρα-

298 2366 530 2433 φέντων,
582 2362 724 2416 ἑπτά
774 2362 1034 2432 σπυρίδες
1077 2361 1514 2432 έπερίττευτανς
1562 2360 1755 2416 Ἔστιν
1800 2356 1895 2414 οῦν

296 2459 494 2519 είπεῖν,
526 2457 611 2509 ὄτι
644 2456 678 2526 ἢ
709 2455 769 2509 ai
797 2454 1059 2526 σπυρίδες
1083 2453 1303 2524 μείζους
1328 2448 1473 2525 ἦσαν
1497 2452 1608 2508 τῶν
1632 2451 1892 2522 κοφίνων,

297 2550 332 2619 ἢ
369 2549 455 2604 ῖνα
490 2548 568 2619 μὴ
605 2549 639 2618 ή
690 2547 874 2616 ίσότης
920 2545 1015 2600 τοῦ
1045 2545 1327 2616 θαύματος
1367 2546 1449 2608 είς
1495 2544 1669 2616 λήθην
1698 2544 1897 2608 αὐτοὺς

297 2641 534 2712 έμϐάλη.
555 2639 618 2692 El
641 2640 754 2710 γάρ
771 2641 866 2694 καὶ
887 2638 984 2693 νῦν
999 2639 1405 2711 έπερίσσευσαν
1428 2637 1638 2692 δώδεκα
1659 2639 1894 2707 κόφινοι,

297 2735 630 2790 ἐπελάθοντο
650 2734 719 2787 ἂν
735 2735 798 2786 ἐκ
818 2734 916 2804 τῆς
938 2733 1208 2801 ίσότητος,
1230 2733 1314 2784 ὅτι
1335 2731 1590 2800 δεύτερον
1620 2730 1900 2801 ὲθαυματ-

299 2827 574 2900 ούργησεν
604 2826 698 2880 ἐπὶ
725 2825 932 2898 άρτοις.
966 2824 1039 2884 Σὺ
1069 2822 1126 2877 δὲ
1173 2825 1270 2878 καὶ
1302 2823 1464 2876 τοῦτο
1498 2822 1691 2891 γνῶθι,
1723 2825 1806 2876 ὅτι
1848 2824 1898 2895 οἱ

299 2916 768 2989 τετρακισχίλιοι,
814 2913 1119 2977 τουτέστιν,
1163 2914 1213 2965 οι
1249 2911 1350 2974 τὰς
1387 2911 1663 2983 τέσσαρας
1695 2912 1900 2982 ἀρετὰς

300 3014 523 3082 ἔχοντες
551 3008 800 3072 τελείως,
823 2999 972 3061 οὗτοι
1011 3007 1155 3060 ἑπτά
1187 3003 1397 3074 άρτοις,
1431 3003 1703 3067 τουτέστι,
1731 3020 1900 3055 πνευο

304 3103 708 3175 ματιιιωτέροις
733 3101 917 3170 λόγοις
951 3101 1047 3155 καὶ
1085 3097 1444 3167 τελειοτέροις
1472 3098 1791 3165 τρέφονται.
1841 3096 1902 3148 '0

1997 2006 2114 2047 ram
2157 1989 2476 2044 recumbere
2500 1985 2654 2052 jubet
2684 2001 2698 2038 :
2729 1990 2781 2037 et
2830 1981 3036 2052 gratias
3057 1993 3221 2049 agere
3253 1984 3380 2030 ante
3419 1972 3598 2028 cibum

1996 2097 2096 2138 nos
2120 2082 2340 2144 docens,
2388 2076 2592 2148 gratias
2643 2074 2755 2144 agit
2777 2081 2841 2128 et
2872 2076 3014 2142 ipse.
3044 2069 3228 2138 Rogas
3252 2077 3457 2130 autem,
3491 2077 3600 2133 quo

1996 2183 2161 2246 pacto
2193 2171 2302 2226 illic
2342 2169 2564 2239 quidem
2610 2181 2734 2221 cum
2765 2171 2949 2220 essent
3005 2162 3249 2233 quinque
3308 2172 3495 2229 panes,
3549 2167 3606 2212 et

1996 2263 2242 2334 quinque
2273 2259 2440 2314 millia
2502 2255 2617 2313 aliti
2650 2264 2856 2318 essent,
2907 2253 3198 2310 duodecim
3253 2250 3475 2318 eophini
3513 2264 3606 2305 su-

1998 2355 2320 2428 perfuerunt
2352 2369 2365 2406 :
2401 2351 2493 2407 hic
2522 2359 2706 2405 autem
2755 2363 2880 2403 cum
2929 2355 3118 2402 essent
3155 2345 3448 2414 pauciores
3507 2357 3609 2412 pa-

1998 2447 2217 2511 scendi,
2255 2457 2308 2501 et
2335 2444 2523 2515 plures
2556 2455 2750 2510 panes,
2779 2450 3011 2510 septem~
3033 2435 3271 2507 sportae?
3304 2434 3418 2489 Dici
3443 2433 3609 2506 igitur

2001 2551 2191 2612 posset
2216 2539 2300 2595 vel
2329 2538 2474 2608 quod
2493 2545 2697 2608 sporta
2725 2534 2962 2602 majores
2995 2540 3182 2587 essent
3214 2529 3487 2601 copltinis,
3522 2527 3609 2580 vel

2000 2651 2072 2690 ne
2103 2632 2386 2704 aequalitas
2427 2630 2673 2686 miraculi
2699 2643 2795 2685 eos
2822 2626 3072 2682 oblivisci
3129 2624 3354 2679 faceret.
3392 2622 3529 2677 Nam
3564 2622 3610 2676 si

2000 2744 2149 2786 nunc
2188 2740 2404 2798 quoque
2428 2723 2831 2794 superfuissent
2857 2721 3143 2777 duodecim
3173 2717 3421 2786 c0pltini,
3453 2715 3606 2770 obliti

2002 2823 2236 2878 fuissent
2267 2823 2340 2875 ob
2367 2816 2758 2889 aequalitatem,
2823 2817 2967 2885 quod
3013 2815 3213 2867 iterum
3285 2808 3608 2864 miraculum

2002 2914 2225 2971 fecisset
2255 2913 2310 2968 in
2375 2911 2634 2981 panibus.
2674 2907 2756 2963 Tu
2818 2917 3002 2961 autem
3029 2913 3085 2958 et
3146 2906 3249 2958 hoc
3282 2902 3425 2956 scias
3461 2901 3606 2970 quod

2004 3017 2239 3078 quatuor
2293 3003 2483 3068 millia,
2521 3002 2624 3057 hoc
2648 3008 2750 3064 est,
2800 2998 2893 3067 qui
2950 3003 3186 3065 quatuor
3211 2994 3440 3048 virtutes
3463 2999 3615 3045 recte

2007 3099 2311 3166 possident,
2361 3097 2416 3152 lii
2446 3105 2655 3164 septem
2692 3092 2944 3162 panibus,
2980 3090 3084 3142 boc
3115 3096 3224 3150 est,
3273 3085 3447 3154 magis
3500 3082 3613 3150 spi-

300 3197 414 3265 γάρ
441 3193 582 3247 ἑπτὰ
609 3191 871 3263 ἀριθμὸς,
899 3190 1011 3246 τῶν
1042 3191 1187 3244 ἑπτά
1205 3188 1598 3258 πνευματικῶν
1619 3186 1902 3257 χοιρισμά⁹

2013 3192 2298 3248 ritualibus
2328 3197 2384 3244 et
2429 3185 2688 3256 perfectis
2738 3181 3087 3239 sermonibus
3135 3187 3460 3247 pascuntur.
3510 3175 3614 3229 Sc-

2211 3286 2220 3293 -
2398 3282 2408 3293 -
2993 3289 3024 3293 η
3067 3271 3424 3293 --ε-..ηνλιεημ
3459 3271 3596 3293 ,μη

300 3304 414 3339 των
439 3284 732 3355 σύμϐολον·
759 3283 1133 3338 ἀναπίπτουσι
1163 3282 1220 3336 δὲ
1239 3284 1337 3336 ἐπὶ
1363 3282 1462 3354 τήν
1487 3281 1615 3352 γῆν,
1639 3281 1903 3334 ὑποκάτω

189 3382 196 3391 ’
302 3379 488 3434 αὐτῶν
518 3378 764 3441 τιθέντες
793 3378 976 3433 πάντα.
998 3377 1066 3434 τά
1090 3377 1278 3447 γήϊνα,
1315 3377 1413 3430 καὶ
1451 3373 1904 3437 καταπατοῦντες

303 3471 470 3536 αὐτὰ,
506 3471 696 3541 ὥσπερ
727 3471 823 3524 καὶ
851 3472 901 3524 οι
932 3469 1366 3540 πεντακισχίλιοι
1389 3467 1485 3523 ἐπὶ
1517 3467 1647 3533 τοὺς
1674 3467 1906 3538 χόρτους

303 3565 471 3620 άιιέπε
481 3581 594 3629 σον,
617 3564 888 3630 τουτέστι,
910 3564 1012 3634 τὴν
1031 3563 1212 3635 σάρκα
1234 3561 1330 3617 καὶ
1352 3562 1452 3633 τὴν
1469 3541 1628 3626 δόξαν
1645 3557 1905 3614 ὑποκάτω

305 3659 489 3714 αὐτῶν
525 3658 734 3714 έθεντο.
771 3677 789 3710 t
823 3659 981 3712 Πᾶσα
1016 3658 1127 3728 γάρ
1156 3657 1316 3728 σάρξ,
1360 3655 1587 3728 χόρτοςο
1623 3655 1722 3708 καὶ
1755 3655 1908 3708 πάσα

307 3751 604 3822 ἀνθρώπου
641 3751 794 3818 δόξα,
830 3750 906 3814 ὡς
937 3749 1101 3813 ἄνθος
1136 3749 1357 3822 χόρτου.
1399 3768 1418 3800 ι
1475 3746 1649 3801 Ἑπτά
1676 3747 1736 3801 δὲ
1768 3763 1910 3800 σπυ-

309 3845 460 3916 ρίδες
510 3842 749 3896 ἐνταῦθα
793 3843 864 3896 τά
912 3843 1164 3914 περιττά,
1220 3842 1359 3896 διότι
1413 3838 1766 3908 πνευματικὰ
1816 3841 1912 3892 καὶ

307 3930 623 4001 τελειότερα
660 3929 802 4002 ἦσαν
830 3929 866 3985 ἃ
900 3931 1002 3984 οὐκ
1045 3929 1395 4001 ἠδυνήθησαν
1440 3931 1638 4000 φαγεῖν
1660 3947 1674 3961 ο
1725 3931 1913 3984 ἐκεῖνα

308 4017 405 4075 οὖν
445 4021 846 4091 έπερίσσευσαν
893 4023 931 4077 a
973 4023 1119 4077 ἑπτά
1162 4021 1422 4094 σπυρίδες
1473 4022 1749 4093 χωροῦσι,
1787 4039 1913 4077 του-

309 4117 516 4182 τέστιν,
561 4117 598 4172 a
631 4117 793 4186 μόνον
824 4116 885 4169 «is
931 4117 1088 4183 άγιον
1137 4115 1370 4187 Πνεῦμα
1413 4110 1547 4170 οἶδε.
1605 4133 1625 4167 ι
1679 4115 1755 4168 Τὸ
1802 4115 1914 4188 γὰρ

312 4210 540 4282 Πνεῦμα
571 4213 752 4266 πάντα
782 4211 1001 4282 ἑρευιᾷ,
1030 4210 1126 4264 καὶ
1152 4211 1220 4265 τά
1247 4209 1390 4281 βάθη
1417 4208 1514 4264 τοῦ
1544 4207 1709 4264 Θεοῦ.
1740 4227 1760 4262 ι

391 4414 412 4448 ε
446 4395 558 4450 Καὶ
592 4393 875 4458 ἀπολύσας
907 4397 1036 4458 τοὺς
1063 4395 1283 4466 ὄχλους,
1313 4393 1479 4465 ἐνέϐη
1510 4394 1592 4458 είς
1615 4391 1916 4458 τιὸ-πλοῖον,

315 4490 416 4544 καὶ
445 4483 613 4562 ἦλθεν
643 4490 724 4552 είς
758 4489 830 4543 τὰ
858 4488 986 4560 ὅρια
1019 4488 1310 4558 Μαγδαλά.
1345 4507 1364 4541 ι
1407 4488 1711 4558 ’Δναχωρεῖ
1742 4488 1791 4561 ὁ,
1815 4486 1920 4556 ἰη-

2009 3286 2298 3358 ptenarius
2320 3282 2468 3339 enim
2500 3293 2784 3340 numerus,
2820 3285 3030 3346 septem
3063 3271 3427 3343 spirztualinm
3455 3271 3620 3323 dono-

2011 3395 2129 3435 rum
2161 3386 2243 3433 est
2267 3375 2599 3448 symbolum.
2635 3370 3000 3425 Discumbunt
3044 3375 3228 3420 autem
3298 3377 3463 3432 super
3508 3371 3620 3415 ter~

2011 3488 2152 3538 ram,
2179 3470 2308 3542 quia
2353 3467 2609 3523 omnibus
2644 3463 2880 3520 terrenis
2901 3461 3215 3530 superiores
3238 3464 3390 3521 sunt,
3421 3464 3475 3510 et
3508 3453 3622 3508 cal-

2011 3575 2137 3621 cant
2176 3578 2238 3618 ea
2269 3581 2282 3618 :
2310 3562 2455 3625 sicut
2486 3568 2542 3615 et
2574 3557 2815 3628 quinque
2843 3555 3013 3609 millia
3077 3567 3244 3621 super
3270 3548 3455 3603 fenum
3513 3545 3625 3602 dis-

2011 3660 2339 3720 cubuerant,
2368 3657 2469 3708 ltoc
2486 3662 2590 3719 est,
2615 3667 2837 3707 carnem
2857 3659 2910 3705 et
2926 3649 3155 3717 gloriam
3179 3651 3531 3714 subiecerunt
3550 3643 3620 3696 ¹¹.

2020 3753 2259 3809 «Omnis
2307 3752 2452 3806 enim
2514 3763 2666 3810 caro.
2723 3746 3026 3802 fenum:et
3049 3742 3225 3799 omnis
3252 3738 3422 3812 gloria
3444 3735 3626 3791 liomi~

2015 3850 2102 3903 nis
2123 3845 2378 3903 sicuttlos
2412 3843 2604 3898 feni".
2640 3863 2657 3895 ι
2682 3841 2899 3911 Septem
2923 3847 3103 3902 autem
3136 3845 3336 3905 sporta:
3383 3831 3487 3887 hoc
3508 3830 3628 3885 loco

2017 3941 2269 4004 residuae,
2301 3952 2368 3992 eo
2391 3936 2536 4006 quod
2564 3932 2873 4002 spiritualia
2909 3939 2962 3985 et
3004 3928 3328 3999 perfectiora
3362 3923 3620 3985 iuerust,

2017 4049 2138 4103 qua:
2162 4047 2267 4086 non
2296 4037 2588 4100 potuerunt
2629 4025 2939 4080 comedere.
2975 4021 3068 4075 llla
3099 4021 3261 4090 igitur
3282 4024 3628 4088 supererant,

2019 4142 2141 4198 quae
2178 4133 2383 4194 septem
2439 4130 2638 4192 sporta:
2692 4121 2940 4188 capiunt,
2973 4116 3078 4171 hoc
3136 4123 3241 4178 est,
3281 4127 3401 4182 qua:
3482 4113 3632 4166 solus

2021 4228 2249 4276 sanctus
2279 4216 2522 4286 Spiritus
2575 4214 2700 4268 scit.
2731 4211 2965 4279 Spiritus
3008 4209 3154 4264 enim
3194 4208 3379 4262 omnia
3414 4215 3635 4262 scruta-

2024 4321 2133 4374 tur,
2163 4309 2327 4363 ctiam
2354 4304 2756 4376 profunditates
2788 4303 2907 4356 Dei.

2095 4401 2262 4456 Vsus.
2299 4399 2387 4455 '59.
2439 4417 2457 4451 ι
2499 4396 2565 4452 Ει
2589 4395 2832 4451 dimissis
2864 4392 3040 4448 turbis
3071 4390 3394 4448 conscendit
3431 4386 3635 4452 navim,

2025 4494 2353 4564 vettitquein
2388 4491 2524 4546 ﬂues
2555 4488 2825 4560 Magdala.
2870 4505 2890 4540 ι
2925 4487 3144 4542 Secedit
3199 4483 3382 4539 Jesus.
3413 4481 3635 4536 Nullum

316 4583 467 4646 σοῦς,
505 4581 628 4635 ἐπεὶ
664 4580 820 4634 οὐδὲν
858 4580 990 4635 ἄλλο
1034 4584 1260 4654 σημεῖον
1296 4581 1472 4636 ἐποίει
1513 4581 1734 4643 πλείους
1765 4579 1915 4652 αύτῷ

2029 4589 2174 4645 enim
2205 4587 2420 4656 signum
2450 4585 2654 4657 plures,
2689 4593 2748 4637 ut
2774 4599 2901 4638 eum
2933 4588 3321 4650 sequerentur,
3353 4576 3636 4639 incitabat,

313 4675 634 4730 ἀκολουθεῖν
665 4673 741 4737 ὡς
771 4673 834 4726 τὸ
867 4674 977 4726 τῶν
1007 4676 1208 4744 ἄρτων.
1229 4673 1399 4727 Ὥστε
1425 4673 1521 4727 καὶ
1553 4671 1784 4744 βασιλέα
1815 4672 1916 4725 αὑ-

315 4768 408 4819 τὸν
448 4766 673 4836 ἔμελλον
712 4766 977 4835 ποιῆσαι,
1014 4767 1090 4830 ὡς
1132 4766 1395 4836 Ἰωάννης
1435 4766 1622 4837 φησίν.
1660 4765 1782 4820 Ἰνα
1824 4759 1920 4819 οὖν

319 4860 472 4933 φύγῃ
497 4858 596 4931 τὴν
629 4859 730 4929 τῆς
757 4857 1070 4931 τυραννίδος
1101 4858 1364 4930 ὑποψίαν,
1397 4858 1740 4930 μεταϐαίνει.

889 5091 1164 5164 suam.
1196 5106 1314 5178 ις’.

316 5253 459 5322 Περὶ
497 5251 608 5320 τῆς
638 5251 822 5321 ζύμης
849 5249 968 5322 τῶν
989 5250 1350 5320 Φαρισαίων.
1381 5250 1520 5322 Περὶ
1547 5249 1659 5318 τῆς
1690 5250 1762 5322 ἐν
1784 5253 1926 5304 Και-

389 5321 608 5392 σαρείᾳ
655 5321 1103 5392 ἐπερωτήσεως.
1163 5321 1460 5391 Περί’τῆς
1520 5321 1926 5392 ἐπιτιμήσεως

390 5396 501 5451 τοῦ
526 5395 792 5464 Πέτρου,
813 5394 976 5460 ὅπως
1008 5393 1096 5464 μὴ
1127 5393 1386 5463 Χριστὸς
1415 5392 1601 5461 πάθῃ.
1656 5451 1660 5454 ,

397 5527 416 5560 ι
445 5507 558 5562 Καὶ
581 5507 976 5581 προσελθόντες
1009 5507 1060 5560 oi
1086 5507 1376 5576 Φαρισαῖοι
1407 5507 1502 5559 καὶ
1536 5507 1922 5573 Σαδδουκαῖοι,

319 5601 675 5674 πειράζοντες
722 5599 1098 5672 ἐπηρώτησαν
1137 5599 1303 5653 αὐτὸν
1343 5602 1570 5667 σημεῖον
1602 5602 1666 5653 ἐκ
1693 5599 1790 5655 τοῦ
1825 5602 1922 5654 ού-

322 5693 488 5766 ρανοῦ
513 5693 782 5759 ἐπιδεῖξαι
805 5694 1010 5757 αὐτοῖς.
1049 5711 1068 5746 ι
1097 5693 1219 5748 Κᾶν
1247 5695 1360 5756 τοῖς
1383 5694 1623 5763 δόγμασι
1649 5694 1925 5746 διίσταντο

317 5789 609 5859 Φαρισαῖοι
652 5790 749 5843 καὶ
799 5789 1171 5854 Σαδδουκαῖοι,
1208 5787 1347 5842 ἀλλά
1391 5803 1448 5854 γε
1499 5787 1639 5841 κατὰ
1683 5786 1923 5858 Χριστοῦ

397 5955 439 5985 ’ί
481 5952 650 6012 l'lccli.
729 5969 834 6021 ⁵ειν,
882 5953 962 6009 l8.
1043 5955 1086 5984 ²²
1127 5951 1384 6018 lCor.:t,
1441 5953 1520 6006 l0.

2030 4697 2193 4753 quam
2228 4680 2359 4734 illud
2395 4678 2540 4750 quod
2569 4679 2624 4732 in
2677 4673 3113 4742 multiplicandis
3147 4671 3382 4742 panibus
3414 4670 3636 4726 iecerat.

2029 4775 2106 4830 ita
2140 4784 2197 4828 ut
2231 4773 2418 4838 etiam,
2463 4769 2928 4841 quemadmodum
2955 4765 3321 4831 aitJoannes,
3360 4765 3413 4816 in
3454 4777 3638 4832 regem

2031 4867 2361 4938 assumpturi
2410 4875 2570 4921 erant
2632 4864 2783 4919 illum
2809 4863 2878 4916 ".
2939 4859 3099 4917 Unde
3149 4867 3206 4914 et
3259 4857 3486 4920 secedit,
3534 4870 3643 4926 quo

2033 4959 2339 5032 tyrannidis
2367 4958 2590 5029 eil'ugiat
2628 4955 3029 5026 suspicionem.

2636 5107 2768 5165 CAP
2778 5105 2868 5163 UT
2899 5104 3041 5162 XVI.

2037 5243 2115 5300 De
2147 5246 2405 5317 fermento
2434 5242 2864 5317 Pharisworum.
2903 5242 3152 5317 De__fac_ta
3182 5239 3444 5317 Cwsarete
3478 5239 3649 5317 inter;

2112 5310 2406 5398 rogatione.
2445 5316 2518 5370 De
2560 5316 2922 5385 increpatione
2954 5310 3104 5368 Petri
3165 5310 3432 5366 renuentis
3494 5311 3648 5365 ωτι-ί.

2108 5400 2253 5443 stum
2279 5399 2416 5457 pati.

2113 5505 2280 5561 Vsus.
2314 5507 2365 5559 t.
2401 5523 2419 5556 ι
2449 5505 2517 5562 Et
2543 5501 2786 5574 aggressi
2817 5499 3079 5556 Pharismi
3141 5515 3247 5554 una
3271 5514 3392 5554 cum
3439 5495 3653 5551 Saddn-

2037 5601 2479 5665 caeis,tentantes
2494 5598 2902 5667 rogabanteum
2928 5595 3218 5666 utsignum
3240 5609 3270 5649 e
3299 5592 3438 5646 cosio
3460 5601 3652 5644 osten-

2037 5693 2191 5750 deret
2222 5693 2348 5748 sibi.
2390 5711 2408 5744 ι
2445 5690 2687 5746 Taiitetsi
2754 5691 3027 5760 dogmatis
3079 5688 3381 5744 dissideant
3440 5683 3655 5739 Saddu-

2043 5790 2136 5844 caci
2173 5799 2228 5843 ct
2261 5787 2551 5852 ωιτη-ἰωή,
2589 5786 2946 5843 nihilominus
3003 5794 3185 5841 tamen
3251 5791 3441 5837 contra
3492 5775 3651 5836 Chri-

1603 5951 1645 5981 “
1673 5949 1829 6006 an.
1865 5966 1937 6019 Vt,
1986 5952 2069 6008 i3).
