4288 6444
319 393 426 458 317

1038 389 1491 452 ENARRATIO
1535 390 1619 452 IN
1659 386 2166 452 EVANGELIUM
2196 381 2591 452 MATTH/El.
2618 416 2686 429 -
2718 392 2880 456 CAP.
2913 391 3073 455 XVI-

3500 392 3608 458 318

323 511 527 575 ἄρτους
564 505 674 560 τῶν
721 501 1203 572 πεντακισχιλίων,
1257 502 1355 555 καὶ
1409 501 1608 563 πόσους
1647 499 1910 568 κοφίνους

2017 495 2354 567 intelligitis,
2388 513 2563 568 neque
2618 500 2879 555 memoria
2947 499 3142 555 tenetis
3191 500 3434 572 quinque
3483 504 3606 561 illos

323 580 587 661 ἐῖάσετες
617 595 739 649 οὐδέ
793 593 1100 658 τοδςέπτά
1155 593 1356 662 ἀρτους
1396 592 1506 646 τῶν
1563 608 1910 662 τετρακισχι-

321 689 477 750 λΐων,
506 688 602 741 καὶ
654 688 829 752 πόσας
887 684 1159 755 σπυρίδας
1186 683 1410 738 ἐλάϐετε
1437 701 1452 749 ;
1488 682 1612 747 Πῶς
1639 684 1701 736 οὐ
1733 685 1906 737 νοεῖτε

321 784 406 836 δτι
436 781 502 833 οὐ
537 781 666 851 περὶ
714 779 882 850 ἄρτου
921 774 1076 831 εἷπον
1105 779 1258 846 ὑμῖν,
1314 776 1623 847 Προσέχετε
1673 775 1783 828 ἀπὸ
1806 774 1908 845 τῆς

321 873 508 942 ζύμης
535 871 646 925 τῶν
677 870 989 942 Φαρισαίων
1021 871 1115 922 καὶ
1139 867 1548 933 Σαδδουκαίωνς
1577 867 1714 920 Τότε
1739 863 1908 936 συνῆ-

323 981 428 1020 καν
457 964 542 1017 ὅτι
568 963 669 1016 οὐκ
705 958 829 1014 εἶπε
861 961 1154 1030 προσέχειν
1186 960 1295 1014 ἀπὸ
1324 961 1422 1030 τῆς
1457 958 1638 1029 ζύμης
1678 957 1774 1012 τοῦ
1804 957 1906 1028 ἄρα

319 1071 442 1118 του,
466 1053 606 1107 ἀλλὰ
627 1053 737 1106 ἀπὸ
756 1053 856 1122 τῆς
884 1052 1106 1121 διδαχῆς
1133 1051 1244 1104 τῶν
1278 1050 1594 1121 Φαρισαίων
1640 1049 1737 1104 καὶ
1766 1050 1907 1104 Σαδ-

318 1146 612 1200 δουκαίων.
660 1144 944 1215 Ἐνόμιζον
962 1142 1222 1198 amomo
1257 1142 1448 1212 έλεγεν
1477 1143 1688 1208 αὐτοῖς.
1718 1143 1781 1197 τὸ
1807 1160 1909 1210 φυ-

321 1235 619 1292 λάττεσθαι
652 1236 746 1290 τὸν
773 1239 838 1289 ἐκ
883 1234 994 1288 τῶν
1038 1234 1351 1288 Ἰουδαϊκῶν
1387 1232 1698 1304 βρωμάτων
1746 1234 1909 1301 μολυ-

321 1327 484 1398 σμδν,
516 1327 597 1381 διὸ
623 1328 718 1380 καὶ
766 1313 1130 1392 διελογίζοντο
1194 1325 1278 1379 ὅτι
1317 1325 1519 1395 ἄρτους
1546 1324 1646 1378 οὐκ
1676 1324 1870 1378 έλαόον
1890 1340 1904 1356 ο

319 1418 576 1483 ὀνειδίζει
604 1413 698 1472 οὖν
726 1417 911 1481 αὐτοῖς
959 1417 1035 1481 ὡς
1083 1417 1334 1487 ἀνοήτοις
1364 1417 1459 1470 καὶ
1515 1417 1906 1485 δλιγοπίστοις.

323 1508 466 1564 Καθ’
488 1509 518 1564 δ
550 1511 651 1580 μιν
682 1511 793 1582 γὰρ
825 1510 926 1564 οὐκ
963 1509 1320 1580 ἐμνήσθησαν
1359 1508 1550 1572 πόσοις
1579 1510 1768 1580 ἄρτοις
1807 1510 1907 1564 πό-

322 1618 452 1665 σους
475 1601 723 1671 ἔθρεψεν,
746 1600 986 1669 ἀνόητοι·
1030 1600 1152 1653 καθ’
1191 1600 1221 1653 6
1243 1599 1300 1652 δέ
1332 1601 1668 1670 ἠπίστησαν,
1694 1603 1777 1654 ὄτι
1805 1602 1908 1655 κάν

324 1692 412 1762 μὴι
435 1691 717 1762 ἠγόρασαν
761 1690 962 1761 ἄρτους
1023 1691 1082 1756 ἐξ
1130 1691 1438 1756 Ἰουδαίων,
1487 1691 1724 1761 ἠδύνατο
1766 1710 1908 1764 παρ-

323 1787 556 1852 αγαγεῖν
582 1785 767 1848 αὐτὸς,
792 1784 932 1838 κατά
954 1783 1113 1838 τοῦτο
1145 1783 1482 1854 ὀλιγόπιστοι
1503 1799 1518 1816 ο
1549 1783 1625 1848 ὡς
1653 1785 1710 1838 δέ
1727 1785 1907 1838 ἐπετί-

321 1891 499 1947 μησεν
528 1876 714 1940 σύτοῖς
743 1877 1128 1946 σφοδρότερον,
1149 1877 1211 1930 οὐ
1236 1878 1348 1945 γὰρ
1367 1875 1699 1947 πανταχοῦή
1729 1878 1904 1948 πραό-

315 1985 416 2037 της
449 1967 636 2033 καλδν,
666 1968 872 2032 εὐθέως
897 1969 1142 2038 συνῆκαν
1162 1969 1243 2022 ὅτι
1291 1967 1472 2038 ζύμην
1502 1967 1601 2038 τὴν
1645 1968 1904 2023 διδασκα-

317 2060 443 2113 λίαν
474 2060 723 2114 ἐκάλεσε.
757 2059 1028 2114 Τοσοῦτον
1079 2059 1255 2131 ίσχύει
1303 2058 1585 2131 πανταχοῦ
1618 2060 1651 2131 ἡ
1678 2059 1904 2129 εὔλογος

314 2153 661 2224 ἐπιτίμησις.

407 2443 428 2476 ε
452 2424 657 2481 Ἐλθὼν
681 2426 739 2481 δέ
846 2427 1054 2498 Ἰησοῦς
1084 2429 1162 2492 είς
1189 2428 1258 2482 τὰ
1277 2429 1421 2502 μέρη
1438 2431 1783 2501 Καισαρείας
1804 2432 1906 2501 τῆς

310 2519 603 2583 φιλίππου,
642 2519 832 2592 ἠρώτα
858 2519 986 2582 τοὺς
1019 2521 1271 2592 μαθητὰς
1300 2523 1493 2586 αὑτοῦ,
1523 2522 1734 2592 λέγων·
1766 2524 1900 2577 Τίνα

315 2627 384 2681 με
411 2611 666 2680 λέγουσιν
691 2614 740 2665 οί
770 2610 1052 2682 ἄνθρωποι
1083 2609 1245 2677 εἶναι,
1281 2614 1374 2668 τὸν
1399 2615 1528 2669 Υίδν
1556 2615 1651 2669 τοῦ
1686 2615 1786 2670 ἀνθ
1798 2616 1904 2686 ρώ-

309 2717 456 2768 που;
497 2721 517 2754 ι
551 2700 833 2774 Ἐμνήσθη
889 2704 983 2756 τοῦ
1032 2704 1319 2768 κτίσαντος
1352 2706 1454 2777 τὴν
1502 2707 1677 2774 πόλιν,
1713 2709 1901 2780 ἐπειδή

307 2795 426 2847 lett
459 2795 553 2848 καὶ
576 2795 712 2865 ἄλλη
765 2795 1092 2867 Καισάρεια,
1126 2797 1158 2868 ἡ
1201 2799 1544 2870 Στράτωνος.
1585 2801 1681 2854 καὶ
1711 2801 1812 2853 οὐκ
1841 2802 1900 2854 ἐν

306 2884 521 2956 ἐκείνῃ,
579 2885 696 2938 ἀλλ’
727 2887 786 2939 ἐν
814 2885 989 2958 ταύτῃ
1045 2888 1246 2952 αὐτοὺς
1292 2889 1498 2961 ἐρωτᾷ.
1541 2891 1741 2961 Πόρρω
1789 2892 1901 2963 γὰρ

304 2974 418 3027 τῶν
452 2975 725 3029 Ἰουδαίων
753 2977 961 3045 ἀπάγει
1019 2980 1148 3042 τοὺς
1183 2978 1461 3050 μαθητὰς,
1483 2980 1562 3045 ὡς
1593 2981 1660 3034 ἂν
1696 2981 1902 3052 μηδένα

303 3065 654 3137 φοϐούμενοι,
697 3068 838 3138 μετά
866 3065 1180 3142 παρρησίας
1209 3072 1426 3125 εἴπωσι.
1459 3072 1685 3142 Πρῶτον
1711 3073 1768 3126 δὲ
1795 3075 1895 3144 τὴν

1935 1835 1983 1896 Β

2013 602 2204 657 panes,
2244 603 2368 645 cum
2399 589 2648 662 homines
2679 600 2864 646 essent
2893 593 3134 662 quinque
3163 593 3354 658 millia,
3390 604 3443 650 et
3472 608 3608 665 quot

2010 681 2276 750 cophinos
2309 682 2678 737 sustuleritisi
2733 698 2906 754 neque
2961 694 3166 753 septem
3232 686 3352 742 illos
3411 704 3604 757 panes,

2012 785 2136 826 cum
2169 783 2353 828 essent
2384 781 2620 844 quatuor
2656 774 2845 839 millia,
2885 781 2939 829 et
2969 784 3105 842 quot
3135 785 3350 844 sportas
3377 793 3609 848 accepe-

2011 861 2177 917 ritis?
2212 863 2314 929 Qui
2357 864 2418 918 llt
2463 873 2524 918 ut
2568 878 2675 918 non
2724 864 3039 934 intelligatis
3087 882 3174 921 me
3211 881 3318 920 non
3369 870 3434 922 de
3464 885 3604 937 pauc

2011 954 2214 1010 dixisse
2227 956 2382 1011 vobis
2407 955 2542 1010 illud
2562 995 2576 1020 ,
2597 964 2658 1011 ut
2677 957 2947 1012 caveretis
2961 973 2986 1010 a
3002 956 3116 1029 84
3135 958 3401 1013 fermento
3417 960 3579 1013 Phari
3595 990 3610 1002 -

2012 1033 2244 1101 morum
2261 1057 2315 1103 et
2341 1047 2767 1104 Saddncatorum
2792 1048 2815 1102 ?
2839 1047 2994 1102 Tunc
3025 1049 3436 1112 intellexerunt,
3461 1051 3604 1118 quod

2011 1155 2119 1196 non
2137 1140 2390 1211 iussisset
2415 1155 2610 1196 cavere
2635 1155 2664 1194 a
2701 1139 2972 1194 fermento
2993 1140 3170 1210 panis,
3189 1141 3283 1195 sed
3303 1157 3331 1194 a
3357 1143 3604 1196 doctrina

2015 1233 2419 1288 Pharisaeorum
2442 1240 2494 1286 et
2519 1231 2970 1312 Sadducatorum.
3005 1249 3023 1282 ›
3048 1229 3444 1285 Existimabam
3465 1232 3608 1300 quod

2015 1325 2118 1379 hoc
2145 1321 2356 1377 diceret
2385 1322 2527 1386 illis,
2559 1331 2616 1375 ut
2646 1321 2987 1376 custodirent
3010 1337 3068 1377 se
3093 1338 3159 1376 ne
3183 1323 3608 1392 coinquinarcn-

2013 1421 2106 1467 tur
2137 1429 2165 1466 a
2194 1413 2332 1468 cibis
2359 1411 2602 1466 Judaicis
2623 1453 2639 1478 ,
2690 1413 2919 1482 ideoque
2955 1412 3320 1481 loquebantur
3360 1414 3506 1468 inter
3551 1430 3610 1468 sc

2010 1509 2153 1578 quod
2203 1522 2371 1576 panes
2409 1501 2514 1561 non
2543 1507 2903 1575 accepissent.
2966 1505 3274 1573 Exprobrat
3304 1505 3469 1574 igitur
3505 1505 3611 1561 illis

2010 1599 2152 1669 quod
2178 1609 2284 1653 tam
2316 1599 2516 1669 stupidi
2549 1607 2604 1653 et
2635 1605 2744 1652 tam
2775 1612 2956 1665 parvze
2987 1596 3112 1651 lidei
3142 1606 3328 1651 essent
3356 1615 3367 1648 :
3398 1599 3608 1666 impru-

2010 1693 2202 1746 dentes
2231 1693 2375 1744 enim
2412 1700 2568 1744 erant
2608 1697 2663 1744 et
2686 1690 2921 1758 stupidi,
2966 1690 3110 1758 quod
3143 1704 3247 1743 non
3280 1690 3601 1758 cogitabant

2012 1798 2177 1853 quam
2201 1785 2391 1854 paucis
2421 1783 2650 1852 panibus
2679 1783 2878 1836 multos
2909 1797 3072 1851 supra
3098 1781 3322 1836 aluisset
3345 1800 3360 1848 ;
3387 1791 3440 1837 et
3465 1783 3606 1852 quod

2010 1890 2196 1946 paucae
2227 1873 2373 1940 ﬁdei,
2407 1875 2549 1945 quod
2578 1875 2704 1945 quia
2737 1889 2841 1927 non
2870 1883 3120 1927 emerant
3144 1889 3172 1926 a
3201 1872 3408 1928 Judzeis
3440 1888 3608 1941 panes

2010 1965 2320 2022 diliiderent
2374 1967 2549 2034 ipsum
2607 1979 2764 2033 posse
2811 1965 3066 2020 alicunde
3105 1967 3410 2036 acquirere.
3450 1967 3515 2020 Et
3545 1976 3605 2020 ut

2008 2059 2195 2113 acrius
2237 2072 2333 2112 eos
2372 2056 2693 2127 perstrinxit
2730 2061 2861 2126 (non
2904 2055 3048 2110 enim
3095 2056 3295 2125 ubique
3345 2056 3486 2110 bona
3523 2067 3608 2111 est

2009 2150 2416 2225 mansuetudo),
2442 2150 2627 2205 statim
2700 2148 3092 2202 intellexerunt
3114 2147 3256 2214 quod
3284 2147 3608 2204 fermen'um

2011 2242 2317 2296 doctrinam
2340 2238 2859 2296 vocasset.Tantum
2883 2240 3085 2310 ubique
3102 2240 3248 2295 valet
3272 2240 3608 2296 rationabilis

2009 2335 2332 2404 increpatio.

2082 2424 2253 2480 Vsus.
2288 2425 2374 2481 l5.
2412 2443 2429 2476 ι
2467 2425 2604 2480 Cum
2635 2426 2874 2481 venisset
2911 2434 3092 2481 autem
3124 2425 3285 2481 Jesus
3328 2425 3382 2480 in
3424 2433 3610 2496 partes

2006 2519 2268 2576 Caesarea:
2325 2518 2606 2590 Philippi,
2656 2519 3031 2590 interrogabat
3079 2519 3384 2588 discipulos
3438 2533 3607 2585 suos,

2007 2612 2234 2667 dicens:
2278 2610 2450 2679 Quem
2509 2626 2596 2666 me
2650 2612 2840 2666 dicunt
2892 2612 3140 2667 homines
3199 2627 3354 2673 esse.
3408 2610 3603 2666 Filium

2008 2705 2290 2761 hominis?
2334 2723 2352 2756 ι
2400 2704 2649 2760 Meminit
2691 2704 2809 2774 ejus
2852 2705 2942 2776 qui
2992 2704 3270 2760 civitatem
3322 2704 3606 2770 condidit,

2008 2796 2134 2866 quia
2163 2803 2323 2850 estet
2353 2793 2458 2848 alia
2494 2794 2746 2849 Caesarea
2779 2793 3058 2855 Stratonis
3085 2835 3102 2861 ,
3133 2803 3186 2848 et
3220 2809 3326 2848 non
3373 2795 3427 2848 in
3480 2795 3604 2859 illa,

2007 2889 2102 2944 sed
2148 2888 2201 2942 in
2239 2886 2344 2942 bac
2385 2887 2506 2942 illos
2556 2887 2882 2958 interrogat.
2931 2885 3125 2942 Procul
3158 2886 3304 2942 enim
3349 2901 3377 2939 a
3409 2883 3612 2940 Judaeis

2008 2978 2233 3034 abducit
2283 2979 2601 3049 discipulos,
2653 2990 2714 3034 ut
2769 2979 2978 3034 nullum
3029 2979 3284 3034 timentes
3336 2978 3505 3033 libere
3546 2992 3612 3034 ac

2009 3070 2242 3125 ﬁdenter
2287 3071 2492 3126 dicant.
2531 3071 2774 3126 Primum
2813 3083 2994 3125 autern
3033 3081 3390 3140 percontatur
3427 3070 3611 3126 multi-

301 3158 400 3214 τοῦ
425 3159 664 3230 πλήθους
689 3162 874 3233 ἐρωτᾷ
906 3161 1203 3233 ὑπόληψιν,
1247 3164 1338 3218 ῖνα
1383 3166 1464 3225 είς
1513 3164 1743 3235 μείζονα
1800 3167 1933 3242 ἀν-1

2014 3161 2220 3217 tudinis
2255 3163 2588 3232 Opinionem,
2634 3172 2693 3216 ut
2741 3163 2807 3217 ad
2856 3163 3234 3234 sublimiorem
3266 3165 3613 3219 adducantur

309 3253 609 3324 ενεχθῶσιν
635 3255 868 3319 ἐννοιαν,
900 3257 996 3309 καὶ
1020 3256 1095 3327 μὴ
1114 3257 1194 3319 είς
1219 3256 1318 3326 τὴν
1339 3256 1510 3328 αὐτὴν
1529 3258 1899 3327 ταπεινότητα

2007 3252 2423 3321 cogitationem,
2454 3261 2509 3305 et
2550 3253 2712 3320 nein
2744 3253 3018 3320 eamdem,
3060 3255 3113 3308 in
3147 3269 3310 3324 quam
3345 3255 3611 3325 plerique,

301 3347 420 3408 τοῖς
453 3345 671 3409 πολλοῖς
699 3348 941 3400 πέσωσιν
962 3363 975 3377 ⁸
1007 3349 1110 3401 οὐκ
1139 3350 1321 3419 ἐρωτᾷ
1345 3349 1423 3414 δὲ,
1452 3349 1591 3403 Τίνα
1621 3366 1690 3417 με
1708 3349 1900 3417 λέγου-

303 3453 398 3500 σιν
423 3439 474 3490 οί
491 3439 784 3509 Φαρισαῖοι
810 3459 824 3506 ;
850 3439 989 3506 ἀλλ’,
1017 3441 1081 3495 Ol
1106 3440 1412 3510 ἄνθρωποι,
1442 3441 1573 3512 περὶ
1588 3438 1899 3496 τοῦάδόλου

301 3526 553 3599 πλήθους
586 3530 783 3597 λέγων.
1750 3550 1758 3554 ’

382 3639 405 3674 ε
441 3622 502 3673 Ol
531 3620 586 3672 δὲ
613 3615 803 3674 εἷπον·
838 3622 902 3674 Ol
959 3621 1059 3692 μὲν
1109 3622 1366 3694 Ἰωάννην
1416 3623 1510 3688 τὸν
1559 3624 1896 3695 Βαπτιστὴν,

301 3711 457 3767 ἄλλοι
491 3711 549 3765 δέ
594 3712 815 3765 Ἠλίανο
869 3713 1049 3784 ἕτεροι
1106 3713 1164 3766 δὲ
1201 3713 1566 3786 Ἰερεμίαν,ἢ
1623 3715 1723 3770 ἕνα
1781 3714 1895 3769 τῶν

305 3805 628 3876 προφητῶν.
667 3823 684 3856 ι
722 3805 788 3858 Ol
843 3803 1244 3876 μὲνἾωάννην
1297 3805 1465 3860 αὐτὸν
1505 3807 1896 3878 ὀνομάζοντες,

300 3890 445 3966 ἦσαν
470 3895 544 3958 ὼς
580 3895 609 3945 6
649 3895 921 3967 Ἡρώδης,
955 3894 1276 3964 νομίζοντες
1324 3897 1417 3950 τδν
1461 3897 1718 3968 Ἰωάννην
1756 3897 1898 3969 μετά
1931 3978 1933 3981 Ι

303 3990 404 4059 τὴν
438 3987 741 4041 ἀνάστασιν
775 3987 1056 4042 καὶτοῦτο
1085 3989 1147 4040 τὸ
1170 3992 1424 4060 χάρισμα
1453 3990 1665 4056 λαϐεῖν,
1697 3993 1758 4043 τὸ
1788 3991 1889 4062 τῆς

303 4080 786 4152 θαυματουργίας·
816 4081 866 4134 ol
927 4080 984 4136 δὲ
1025 4082 1248 4149 Ἠλίαν,
1300 4083 1389 4136 διὰ
1443 4082 1504 4136 τὸ
1554 4083 1894 4150 ἐλεγκτικὸν,

302 4172 397 4226 καὶ
431 4172 522 4226 διὰ
548 4173 610 4225 τὸ
633 4171 1042 4245 προσδοκᾶσθαι
1083 4174 1164 4227 ὅτ’
1201 4173 1484 4229 ἐλεύσεται
1509 4192 1522 4204 '
1559 4175 1609 4228 οἱ
1637 4175 1695 4227 δὲ
1727 4173 1896 4245 Ἰερε-

303 4263 456 4331 μίαν,
499 4262 587 4316 διὰ
608 4263 672 4314 τδ
703 4262 977 4332 αὐτοφυὲς
1008 4262 1112 4333 τῆς
1167 4263 1352 4331 τοφίας
1396 4265 1494 4317 καὶ
1537 4264 1671 4317 ἄνευ
1720 4264 1898 4333 μαθή-

306 4373 447 4419 σεως
473 4372 488 4386 ·
518 4358 548 4408 6
604 4359 715 4427 γὰρ
757 4355 1053 4428 Ἱερεμίας,

297 4448 532 4520 ἐτάχθη.

1107 4374 1120 4386 '
1157 4359 1238 4420 ιτς
1269 4357 1346 4410 ὢν
1403 4358 1483 4420 είς
1553 4356 1896 4428 προφητείαν

373 4650 392 4684 ι
437 4631 602 4699 Λέγει
667 4631 887 4696 αὐτοῖς’
925 4631 1125 4700 Ὑμεῖς
1157 4632 1215 4686 δὲ
1238 4630 1363 4686 τίνα
1395 4649 1460 4704 με
1482 4631 1672 4700 λέγετε
1701 4628 1843 4688 εἶναι
1876 4651 1892 4702 ;

293 4723 653 4794 Ἀποκριθεὶς
685 4723 740 4775 δὲ
769 4724 956 4794 Σίμων
977 4723 1208 4795 Πέτρος,
1230 4723 1352 4778 εἷπε
1373 4740 1386 4754 ⁸
1418 4726 1490 4783 Σὺ
1521 4721 1573 4778 sl
1597 4725 1626 4776 6
1654 4726 1892 4796 Χριστὸς

293 4815 322 4866 6
346 4815 475 4878 Υίδς
503 4817 598 4868 τοῦ
629 4815 765 4869 Θεοῦ
795 4815 890 4869 τοῦ
934 4815 1157 4880 ζῶντος.
1195 4835 1213 4867 ι
1248 4817 1360 4870 Καὶ
1391 4817 1554 4870 πάλιν
1569 4816 1648 4881 ὡς
1683 4817 1890 4888 θερμὸς

290 4909 320 4960 6
354 4909 559 4978 Ιιέτρος
604 4908 884 4979 προπηδᾷ,
940 4909 1036 4961 καὶ
1083 4907 1342 4978 ὁμολογεῖ
1374 4908 1595 4978 ἀληθῶς
1617 4908 1782 4962 αὑτὸν
1809 4906 1890 4963 εῖ-

290 5017 380 5053 ναι
416 5001 508 5052 τὸν
547 4999 676 5052 Υίὺν
705 5000 800 5054 τοῦ
842 4999 1000 5073 Θεοῦ.
1032 5002 1106 5054 οὐ
1157 4999 1268 5072 γὰρ
1316 4997 1462 5066 εἷπε,
1499 5002 1572 5055 Σὺ
1602 4997 1654 5056 εἶ
1687 5003 1716 5055 6
1753 5004 1890 5071 Χρι-

290 5090 416 5154 στδς
443 5091 571 5154 Υἱὸς
595 5089 690 5144 τοῦ
724 5089 886 5156 Θεοῦ,
919 5093 1086 5163 χωρὶς
1120 5091 1214 5146 τοῦ
1239 5096 1272 5148 d
1305 5093 1539 5165 ἄρθρου,
1581 5095 1720 5148 ἀλλὰ
1747 5099 1889 5166 μετά

286 5183 385 5236 τοῦ
417 5182 645 5254 ἄρθρου,
693 5186 725 5236 ό
763 5183 921 5249 Υιὸς,
955 5185 1260 5251 τουτέστιν,
1291 5185 1456 5250 αὐτὸς
1496 5189 1704 5252 ἐκεῖνος
1748 5191 1776 5243 6
1808 5183 1890 5255 εἷς

288 5275 387 5327 καὶ
418 5276 600 5344 μόνος,
624 5274 685 5328 οὐ
715 5277 901 5351 χᾶριτι
938 5276 1099 5342 Υἱὸς,
1137 5275 1256 5329 ἀλλ’
1299 5279 1328 5330 6
1362 5277 1421 5344 ἐξ
1453 5279 1625 5350 αὐτῆς
1654 5281 1754 5351 τῆς
1791 5281 1886 5334 οὒ-

289 5367 412 5431 σίας
443 5368 534 5419 τοῦ
562 5368 776 5438 Πατρδς
807 5350 1119 5438 γεννηθεὶς,
1146 5371 1269 5423 ἐπεὶ
1297 5370 1393 5424 καὶ
1435 5371 1662 5445 Χριστοὶ
1695 5350 1884 5428 πολλοὶ

284 5454 449 5531 ἦσαν,
473 5461 520 5512 oi
552 5462 716 5528 ίερεῖς
739 5461 940 5526 πάντες
964 5464 1060 5516 καὶ
1085 5463 1135 5514 οἱ
1162 5463 1424 5533 βασιλεῖς,
1444 5465 1561 5519 ἀλλ’
1590 5469 1618 5521 6
1647 5468 1888 5539 Χριστὸς

288 5550 433 5621 μετά
460 5551 552 5605 τοῦ
585 5551 818 5622 ἄρθρου,
847 5547 928 5615 εἷς
960 5556 1132 5609 ἐστιν.

360 5662 380 5695 ε
423 5645 533 5698 Καὶ
553 5645 876 5716 ἀποκριθεὶς
900 5649 928 5700 6
958 5647 1191 5718 Ἰησοῦς,
1219 5646 1375 5703 εἶπεν
1397 5649 1571 5722 αὐτῷ’
1593 5652 1883 5724 Μακάριος

284 5732 353 5801 εἴ,
384 5736 570 5808 Σίμων
595 5739 711 5810 Βᾶρ
744 5740 923 5805 Ἰωνά,
959 5742 1041 5795 ὅτι
1069 5743 1208 5812 σάρξ
1250 5744 1349 5797 καὶ
1377 5738 1520 5814 αἷμα
1547 5746 1647 5799 οὐκ
1670 5747 1888 5801 ἀπεκά-

286 5829 421 5902 λυψέ
472 5848 575 5898 σοι,
628 5832 746 5888 ἀλλ’
779 5836 806 5887 ὁ
859 5835 1053 5907 Πατήρ
1088 5853 1189 5908 μου
1221 5840 1248 5892 6
1275 5839 1333 5893 ἐν
1377 5841 1492 5902 τοῖς
1545 5839 1822 5911 οὐρανοῖς.
1862 5861 1879 5894 ι

2004 3347 2204 3402 cadant
2251 3348 2647 3404 humilitatem.
2695 3348 2810 3404 Non
2854 3350 3160 3419 interrogat
3193 3362 3400 3411 autem,
3434 3349 3608 3417 Quem

2003 3453 2092 3493 me
2143 3439 2332 3494 dicunt
2372 3440 2685 3496 Pharisaei?
2717 3442 2846 3508 sed,
2897 3440 3200 3498 Homines:
3256 3445 3322 3497 de
3374 3443 3611 3514 simplici

2003 3530 2350 3588 multitudine
2373 3532 2581 3588 dicens.

2081 3618 2249 3675 Vsus.
2312 3621 2401 3680 Μ’,
2482 3639 2502 3673 ι
2555 3621 2633 3676 11ιί
2680 3637 2812 3678 vero
2863 3624 3166 3680 dicebant:
3217 3626 3323 3681 Alii
3385 3628 3606 3698 quidem

2002 3711 2268 3768 Joannem
2320 3713 2663 3784 Baptistam,
2721 3715 2814 3771 alii
2861 3731 2994 3772 vero
3045 3717 3245 3788 Eliam,
3290 3720 3381 3775 alii
3431 3732 3613 3779 autem

2005 3801 2366 3870 Hieremiam,
2399 3815 2496 3860 aut
2524 3822 2691 3860 unum
2723 3821 2792 3861 ex
2822 3809 3127 3879 prophetis.
3161 3829 3186 3863 ·›
3219 3811 3321 3878 Qui
3345 3809 3611 3867 Joannem

2002 3893 2157 3949 illum
2200 3897 2583 3965 nominabant,
2625 3898 2783 3954 erant
2829 3914 2896 3955 cx
2935 3902 3019 3958 his
3060 3904 3152 3973 qui
3219 3918 3343 3959 cum
3392 3905 3607 3965 Herode

2002 3984 2268 4058 pu'tabaut
2340 3988 2608 4046 Joannem
2693 4003 2814 4063 post
2901 3997 3364 4053 resurrectionem
3441 4002 3612 4056 etiam

2003 4080 2209 4135 donum
2267 4085 2549 4154 accepisse
2596 4085 2865 4154 operandi
2920 4088 3207 4146 miracula.
3270 4091 3371 4157 Qui
3427 4103 3610 4148 autem

2002 4171 2176 4228 Eliam
2199 4212 2216 4238 ,
2249 4177 2612 4232 movebantur
2634 4193 2698 4234 ex
2727 4193 2794 4235 eo
2823 4181 2968 4251 quod
3004 4183 3207 4238 acriter
3237 4185 3609 4254 reprehende-

2000 4267 2117 4334 bat,
2144 4278 2197 4323 et
2223 4273 2642 4341 exspectabant,
2678 4276 2822 4343 quod
2851 4277 3203 4345 veniret.Qui
3237 4296 3370 4336 vero
3403 4280 3600 4338 Hiere-

2002 4361 2191 4427 miam,
2231 4362 2344 4426 hoc
2365 4365 2642 4432 dicebant,
2668 4369 2811 4437 quod
2844 4370 3010 4425 simili
3043 4373 3310 4442 sapientia
3343 4377 3609 4444 praeditus

2000 4466 2171 4525 esset,
2221 4472 2458 4528 quamn
2508 4459 2656 4514 nullo
2703 4461 2992 4518 didicerat.
3048 4463 3262 4520 Etenim
3302 4466 3608 4524 llieremias

1926 4533 1972 4590 ι)
2000 4565 2125 4604 cum
2156 4564 2292 4618 puer
2327 4558 2499 4619 esset,
2533 4553 2586 4606 in
2625 4555 2948 4624 prophetam
2978 4569 3297 4626 assumptus
3327 4569 3430 4613 est.

2070 4640 2359 4709 Vsas.15,
2401 4643 2492 4699 16‘.
2531 4664 2549 4697 ε
2586 4646 2731 4709 Dicit
2777 4647 2926 4702 illis:
2966 4648 3071 4703 Vos
3104 4657 3285 4703 autem
3319 4667 3478 4720 quem
3520 4670 3609 4710 nte

1997 4735 2181 4791 dicitis
2237 4737 2405 4794 esse?
2467 4734 2825 4808 Hespor'tdens
2887 4750 3072 4794 autem
3156 4741 3346 4798 Simon
3412 4744 3606 4801 Petrus

1995 4827 2175 4884 dixit:
2213 4828 2294 4884 Tu
2343 4845 2403 4885 es
2447 4830 2840 4887 Christusille
2889 4831 3062 4887 Filius
3123 4833 3220 4890 Dei
3283 4836 3538 4891 viventis.
3581 4857 3600 4890 ι

1995 4919 2199 4976 lterum
2233 4931 2291 4977 ut
2326 4921 2628 4979 ferventior
2661 4923 2859 4991 Petrus
2906 4926 3140 4995 prosilit,
3173 4936 3228 4982 et
3257 4943 3383 4983 vere
3428 4931 3599 4983 conli-

1997 5023 2147 5070 tetnr
2172 5014 2351 5083 ipsum
2384 5029 2508 5070 esse
2531 5015 2729 5071 Filium
2760 5016 2880 5073 Dei.
2921 5016 3036 5072 Non
3061 5019 3208 5073 enim
3243 5019 3404 5088 dixit,
3437 5022 3515 5075 Tu
3539 5037 3602 5077 es

1992 5103 2246 5160 Christus
2303 5103 2478 5160 Filius
2539 5106 2678 5172 Dei,
2735 5109 2946 5178 absque
3001 5111 3258 5179 articulo,
3314 5116 3410 5169 sed
3475 5131 3600 5170 cum

1991 5193 2243 5258 articulo,
2298 5195 2390 5249 ille
2421 5193 2620 5257 Filius,
2655 5196 2760 5251 hoc
2797 5207 2904 5261 est,
2941 5197 3033 5254 ille
3061 5199 3198 5270 ipse,
3231 5204 3323 5271 qui
3357 5204 3505 5257 solus
3546 5216 3601 5258 et

1992 5288 2232 5342 unicus:
2282 5303 2389 5343 non
2431 5290 2608 5358 gratia
2658 5289 2852 5355 Filius,
2899 5293 2994 5347 sed
3041 5293 3131 5363 qui
3166 5309 3230 5348 ex
3269 5297 3384 5364 ipsa
3422 5292 3602 5352 ῖαιιιίε

1992 5378 2303 5433 substantia
2363 5381 2620 5449 genitus:
2671 5382 2796 5450 quia
2853 5391 2907 5436 et
2959 5384 3110 5437 multi
3143 5383 3351 5440 Christi
3401 5397 3596 5454 erant,

1990 5472 2308 5527 sacerdotes
2346 5483 2402 5528 et
2444 5487 2599 5544 reges
2625 5488 2854 5540 omnes,
2886 5475 2980 5530 sed
3013 5476 3264 5531 Christus
3297 5493 3420 5534 cum
3455 5479 3592 5532 arti-

1992 5564 2115 5618 culo
2153 5578 2293 5618 unus
2323 5573 2429 5620 est.

2061 5656 2228 5711 Vsus.
2262 5656 2349 5710 l7.
2409 5675 2428 5708 ε
2502 5658 2570 5712 Et
2622 5659 2966 5727 respondens
3020 5659 3226 5726 Jesus,
3287 5663 3425 5717 dixit
3481 5665 3592 5718 illi;

1997 5750 2196 5805 Beatus
2224 5767 2304 5816 cs,
2339 5750 2653 5806 Slmon-Bar
2677 5750 2836 5818 Jona,
2861 5769 2985 5822 quia
3015 5770 3142 5809 caro
3168 5766 3218 5811 et
3243 5758 3463 5829 sanguis
3491 5776 3597 5814 nun

1998 5841 2256 5898 rcvclavit
2308 5843 2444 5908 tibi,
2495 5843 2590 5900 sed
2637 5843 2800 5900 Pater
2833 5861 2983 5903 meus
3031 5850 3123 5918 qui
3154 5858 3234 5904 cst
3275 5850 3326 5905 in
3355 5851 3526 5908 cmlis.
3572 5869 3584 5900 ι
