4288 6444
766 405 872 471 319

1698 401 2277 467 THEOPHYLACTI
2318 400 2727 465 BULGARUE
2772 405 3137 471 ARCHI‘EP.

3915 401 4026 467 330

769 514 997 569 Beatum
1026 514 1154 570 dicit
1190 513 1436 579 Petrum,
1478 514 1603 582 quia
1649 528 1677 566 ιι
1724 513 1904 579 divina
1937 515 2111 584 gratia
2162 512 2335 567 sciett-
2366 512 2462 572 Al

2366 512 2417 572 Δ
2444 511 2755 583 Μακαρίζει
2776 515 2867 569 τὸν
2899 516 3105 587 Πέτρον
3146 515 3221 580 ὡς
3248 516 3311 570 lx
3336 513 3485 578 θείας
3527 515 3748 587 χάριτος
3793 510 4032 569 λαϐόντα

764 606 900 660 tiam
935 614 1254 674 acceperat:
1289 605 1592 672 approbatis
1623 612 1803 660 autem
1834 604 2075 670 Petrum,
2098 603 2340 659 ostendit

769 704 1165 765 consequenter
1208 695 1439 749 aliorum
1480 697 1764 751 hominum
1822 698 2107 767 opiniones
2149 697 2335 752 falsas.

770 787 913 841 Dixit
936 797 1114 841 autem
1149 788 1296 840 illum
1334 787 1435 841 Bar
1470 786 1604 842 Jona
1628 828 1643 853 ,
1681 790 1782 843 hoc
1811 798 1915 856 est,
1953 787 2298 843 filium'Jona
2322 827 2337 852 ,

766 877 917 945 quasi
947 876 1023 929 ita
1047 879 1285 933 diceret:
1311 879 1465 939 Sicut
1494 890 1546 933 tu
1577 880 1726 934 Jonas
1753 881 1913 944 illius,
1937 882 2011 935 ita
2043 896 2143 953 ego
2165 882 2341 937 Patris

766 966 867 1019 mei
888 966 999 1037 85
1026 968 1280 1030 cmlestis.
1309 971 1783 1025 consulistantialis
1805 972 1876 1024 illi
1906 972 2178 1027 exsisteus
2199 987 2336 1029 sum.

768 1056 1169 1113 Revelationetn
1206 1070 1388 1115 autem
1423 1062 1707 1117 scientiam
1742 1061 1913 1126 dicit,
1950 1064 2077 1133 quia
2102 1064 2339 1121 abscon-

764 1148 878 1203 dita
913 1162 966 1205 et
999 1153 1180 1220 ignota
1202 1202 1205 1207 ,
1228 1154 1275 1208 ei
1300 1168 1330 1206 a
1359 1154 1514 1208 l‘atre
1538 1165 1693 1210 erant
1723 1155 1983 1211 revelata.

838 1327 1007 1387 Vsus.
1045 1332 1131 1387 18.
1174 1350 1194 1383 ι
1233 1333 1301 1386 At
1336 1348 1437 1403 ego
1474 1336 1569 1389 tibi
1600 1336 1746 1402 dico,
1777 1341 1921 1408 quod
1952 1350 2004 1394 tu
2032 1354 2091 1395 es
2124 1339 2338 1409 Petrus,

763 1434 817 1476 et
862 1436 1023 1491 super
1066 1422 1208 1477 hanc
1252 1434 1460 1493 petram
1492 1429 1771 1484 aedificabo
1811 1431 2104 1486 Ecclesiam
2142 1447 2341 1497 meam,

764 1524 817 1565 et
862 1524 1031 1581 porta:
1081 1513 1239 1569 inferi
1292 1532 1397 1571 non
1448 1521 1814 1585 praevalebunt
1861 1533 2050 1577 contra
2098 1523 2273 1578 illam.
2316 1542 2335 1575 ι

765 1603 1099 1659 Remunerat
1143 1606 1358 1661 Petrum
1409 1610 1703 1678 Dominus,
1755 1616 2057 1668 mercedem
2100 1615 2172 1669 illi
2203 1615 2342 1670 dans

768 1707 1036 1761 magnam.
1095 1698 1235 1763 quod
1291 1712 1450 1766 supra
1503 1715 1625 1753 eum
1683 1703 1972 1757 edificavit
2025 1705 2341 1761 Ecclesiam.

763 1781 898 1843 Quia
932 1784 1073 1837 enim
1105 1784 1387 1841 confessus
1423 1801 1537 1842 erat
1568 1807 1691 1843 eum
1738 1792 1833 1847 Dei
1880 1794 2073 1847 Filiqu
2115 1794 2337 1861 Petrus,

763 1876 903 1929 dixit
928 1878 1070 1944 quod
1118 1876 1231 1931 haec
1263 1879 1535 1935 confessio
1568 1897 1727 1950 quam
1764 1885 2049 1941 confessus
2106 1898 2190 1942 est
2221 1888 2345 1945 fun-
2376 1865 2411 1919 θ

764 1967 1080 2019 damentum
1113 1967 1215 2022 erit
1258 1968 1501 2025 futurum
1543 1975 1920 2031 credentium:
1971 1979 2046 2032 ita
2078 1988 2137 2032 ut
2164 1982 2343 2038 omnis

768 2058 929 2112 homo
960 2069 1340 2118 exstructurus
1374 2063 1494 2119 fidei
1539 2065 1758 2122 domum
1783 2109 1796 2133 ,
1848 2070 1949 2126 hoc
1984 2071 2232 2141 jacturus
2270 2076 2342 2130 sit

764 2144 1197 2205 fundamentum.
1226 2150 1359 2207 Nam
1394 2154 1519 2209 licet
1556 2156 1871 2215 innumeras
1907 2164 2203 2218 condamus
2235 2165 2343 2218 vir-

764 2245 924 2301 tutes,
964 2254 1067 2294 non
1102 2242 1396 2300 habeamus
1446 2256 1625 2303 autem
1678 2250 2091 2309 fundamentum
2136 2264 2340 2311 rectam

762 2327 1183 2398 confessionem,
1240 2335 1507 2393 inutiliter
1555 2340 1926 2399 aedificamus:
1985 2359 2106 2401 cum
2158 2357 2339 2403 autem

758 2421 922 2487 dixit,
948 2422 1253 2481 Ecclesiam
1286 2444 1481 2493 meam,
1518 2436 1752 2488 ostendit
1794 2450 1853 2490 se
1902 2438 2186 2493 Dominum
2218 2444 2341 2494 uni-

763 2512 945 2567 versi:
1007 2514 1117 2571 Deo
1168 2518 1314 2572 enim
1372 2523 1617 2577 serviunt
1670 2528 1875 2582 omnia.
1929 2528 2106 2585 Porta
2160 2543 2340 2587 autem

762 2602 947 2669 inferi,
987 2609 1314 2676 temporales
1349 2622 1476 2666 sunt
1511 2627 1908 2683 persecutores,
1950 2621 2039 2687 qui
2076 2623 2140 2675 ad
2175 2623 2343 2679 infer-

761 2710 885 2747 uum
939 2697 1154 2754 mittere
1220 2714 1479 2758 conantur
1521 2706 1883 2766 Christianos.
1959 2714 2025 2767 Et
2102 2716 2339 2773 ιιειξτριίρί

759 2803 977 2859 quoque
1024 2805 1191 2861 portae
1238 2808 1365 2850 sunt
1416 2799 1482 2852 ad
1519 2799 1790 2855 infernum
1834 2806 2113 2861 ducentes.
2163 2808 2341 2863 Multis

760 2880 920 2949 igitur
951 2888 1411 2952 persecutoribus,
1453 2902 1507 2945 et
1541 2893 1723 2949 multis
1750 2896 2022 2952 haereticis
2054 2902 2339 2964 prmvaluit

758 2976 1021 3033 Ecclesia.
1040 2978 1134 3035 Est
1152 2993 1329 3037 autem
1352 2995 1405 3039 et
1430 2992 1775 3059 nuusquique
1804 3004 2045 3048 nostrum
2071 2996 2336 3061 Ecclesia,

757 3085 877 3137 «pne
915 3072 973 3125 tit
998 3072 1191 3130 domus
1218 3076 1334 3131 Dei.
1368 3077 1423 3132 Si
1471 3081 1633 3149 igitur
1665 3085 1715 3137 in
1747 3085 2095 3143 confessione
2130 3090 2337 3145 Christi

2442 603 2541 675 τὴν
2569 605 2793 672 γνῶσιν·
2826 606 3227 677 ἀποδεχόμενος
3251 607 3308 662 δὲ
3337 606 3502 661 αὐτὸν
3521 647 3535 671 ,
3564 606 3805 661 δείκνυσι
3839 605 4032 659 λοιπὸν

2443 697 2541 760 τὰς
2564 698 2674 750 τῶν
2706 697 2885 753 ἄλλων
2913 699 3221 770 ἀνθρώπων
3263 698 3563 768 ὑπολήψεις
3602 699 3820 767 ψευδεῖς
3845 710 3863 729 ⁸
3906 695 4029 751 εἰπε

2442 786 2498 838 δὲ
2528 788 2674 857 αὐτῷ
2694 788 2999 857 ΒὰρΊωνᾶ,
3026 789 3325 854 τουτέστιν,
3359 791 3441 843 uti
3471 789 3565 842 τοῦ
3615 791 3792 863 Ἰωνᾶ,
3817 807 4018 859 μονονο

2444 878 2566 947 ουχὶ
2627 879 2787 932 τοῦτο
2810 880 3005 946 λέγων,
3055 882 3139 935 ὅτι
3184 882 3400 951 Ὠσπερ
3446 882 3511 935 σὺ
3556 882 3652 934 τοῦ
3679 880 3840 936 Ἰωνᾶ
3873 885 4028 946 παῖς,

2443 968 2619 1033 οὕτως
2648 970 2759 1038 ἐγὼ
2805 971 2901 1025 τοῦ
2943 972 3159 1044 Πατρός
3199 990 3303 1043 μου
3347 973 3442 1026 τοῦ
3487 974 3546 1025 ὲν
3583 972 3797 1043 οὐρανῷ
3829 974 4029 1042 ὁμοού-

2446 1080 2560 1127 σιος
2587 1064 2662 1117 ῶν
2689 1065 2906 1136 ἐκείνῳ.
2953 1066 3323 1135 ’Δποκάλυψιν
3352 1066 3409 1121 δὲ
3456 1066 3606 1134 λέγει
3652 1067 3751 1135 τὴν
3801 1066 4027 1133 γνῶσιν,

2443 1156 2518 1219 ὡς
2535 1157 2645 1210 τῶν
2675 1159 2923 1229 κρυφίων
2945 1159 3039 1213 καὶ
3074 1160 3375 1228 ἀγνώστων
3418 1158 3845 1230 φανερωθέντων
3878 1160 4029 1229 παρᾶ

2443 1248 2540 1301 τοῦ
2573 1251 2808 1320 Πατρός.

2522 1358 2542 1391 ι
2574 1342 2745 1409 Κάγὼ
2772 1342 2828 1395 δέ
2864 1361 2946 1398 σοι
2992 1344 3136 1413 λέγω
3181 1346 3266 1398 ὅτι
3300 1346 3367 1398 σὺ
3415 1337 3469 1397 εἴ
3513 1344 3739 1412 Πέτρος,
3791 1346 3885 1397 καὶ
3937 1344 4031 1396 ἐπὶ

2444 1432 2617 1505 ταύτῃ
2651 1439 2717 1506 τῇ
2754 1436 2932 1505 πέτρᾳ
2982 1436 3325 1507 οἰκοδομήσω
3376 1455 3481 1506 μου
3534 1438 3633 1507 τὴν
3672 1437 4025 1505 Ἐκκλησίαν,

2444 1525 2539 1578 καὶ
2568 1526 2733 1580 πύλαι
2767 1528 2895 1599 ᾅδου
2926 1529 2988 1583 οὐ
3015 1531 3439 1601 κατισχύσουσιν
3459 1531 3685 1599 αὐτῆς.»
3709 1529 4029 1598 Ἀμείδεται

2443 1614 2535 1667 τὸν
2594 1617 2803 1686 Πέτρον
2852 1618 2882 1670 ὁ
2932 1618 3160 1687 Κύριος,
3209 1620 3402 1688 μισθὸν
3444 1618 3593 1687 αὐτῷ
3623 1619 3800 1681 διδοὺς
3832 1619 4028 1687 μέγαν,

2443 1704 2505 1756 τὸ
2535 1706 2624 1757 ἐπ’
2669 1707 2818 1776 αὐτῷ
2863 1708 3285 1778 οἰκοδομηθῆναι
3335 1709 3435 1779 τὴν
3473 1709 3823 1779 Ἐκκλησίαν.
3878 1708 4031 1761 Ἐπεὶ

2446 1799 2552 1864 γὰρ
2584 1797 2940 1866 ὡμολόγησεν
2970 1801 3134 1853 αὐτὸν
3168 1802 3296 1853 Υἰὸν
3319 1801 3455 1853 Θεοῦ
3492 1804 3519 1855 ό
3572 1802 3800 1867 Πέτρος,
3864 1804 4030 1871 φησὶν

2445 1888 2548 1950 ὅτι,
2582 1887 2732 1958 Αὕτη
2760 1892 2793 1960 ἠ
2821 1890 3085 1959 ὁμολογία
3115 1892 3181 1962 ἢν
3211 1892 3592 1962 ὡμολόγησας,
3624 1892 3875 1962 θεμέλιον
3905 1894 4031 1958 μέλ-

2446 1985 2524 2033 λει
2556 1977 2693 2035 εἶναι
2727 1982 2836 2035 τῶν
2891 1986 3283 2051 πιστευόντων,
3315 1986 3456 2040 ὥστε
3500 1989 3679 2041 πάντα
3726 1988 4021 2059 ἄνθρωπον

2446 2074 2712 2143 μέλλοντα
2743 2076 2952 2141 κτίζειν
2976 2078 3069 2131 τὸν
3103 2083 3202 2149 τῆς
3233 2081 3470 2145 πίστεως
3499 2076 3674 2147 οἶκον,
3695 2082 3901 2153 ταύτην
3931 2086 4029 2153 τὴν

2443 2168 2735 2235 ὁμολογίαν
2786 2171 3102 2225 ὑποτιθέναι
3177 2172 3449 2242 θεμέλιον.
3501 2177 3620 2230 Κᾶν
3672 2177 3780 2247 γὰρ
3826 2178 4028 2245 μυρίας

2442 2256 2645 2327 ἀρετὰς
2674 2257 2976 2329 κτίζωμεν,
3013 2260 3087 2330 μὴ
3120 2260 3338 2331 ἔχωμεν
3362 2252 3420 2316 δὲ
3451 2264 3704 2335 θεμέλιον
3733 2266 3834 2334 τὴν
3856 2265 4027 2336 ὀρθὴν

2443 2350 2753 2417 ὁμολογίαν,
2786 2352 2963 2422 σαθρὰ
2991 2353 3265 2423 κτίζομεν.
3292 2354 3478 2409 Εἰπὼν
3517 2357 3597 2422 δὲ,
3628 2359 3742 2426 Τὴν
3790 2360 4028 2427 Ἐκκλη-

2444 2438 2568 2488 σίαν
2629 2455 2751 2506 μου,
2798 2439 3078 2494 δείκνυσιν
3113 2443 3309 2497 ἑαυτὸν
3344 2446 3627 2517 Δεσπότην
3658 2448 3752 2501 τοῦ
3788 2450 4028 2511 παντός·

2444 2528 2581 2582 Θεοῦ
2622 2531 2731 2601 γὰρ
2762 2531 2926 2585 δοῦλα
2981 2535 3051 2587 τά
3100 2535 3413 2605 σύμπαντα.
3463 2540 3637 2595 Πύλαι
3697 2541 3753 2594 δὲ
3784 2542 3935 2612 ᾅδου,
3983 2542 4032 2595 εἰ

2445 2620 2585 2672 κατὰ
2609 2623 2835 2691 καιροὺς
2866 2623 3115 2689 διῶκται,
3147 2628 3195 2680 οῖ
3222 2630 3302 2691 εἰς
3331 2629 3465 2699 ᾅδην
3502 2632 3869 2701 παρέπεμπον
3903 2636 4030 2696 τοὺς

2442 2711 2827 2780 Χριστιανούς.
2859 2715 2966 2767 Καὶ
2991 2718 3039 2768 οἰ
3075 2719 3346 2787 αίρετικοί
3410 2721 3490 2786 δὲ,
3554 2724 3717 2779 πύλαι
3772 2728 3853 2788 εἰς
3899 2728 4031 2797 ᾅδην

2444 2803 2745 2872 φέρουσαι⁸
2784 2806 2997 2859 πιλλῶν
3053 2808 3146 2862 οὖν
3191 2810 3435 2866 διωκτῶν
3488 2818 3581 2867 καὶ
3628 2810 3839 2871 πολλῶν
3875 2822 4029 2890 αἶρε·

2443 2892 2612 2945 τικῶν
2648 2895 3019 2965 ὑπερίσχυσεν
3059 2901 3090 2968 ἠ
3137 2900 3455 2971 Ἐκκλησία.
3498 2908 3652 2960 Ἐστι
3687 2908 3861 2963 δὲκαὶ
3896 2912 4029 2963 Exa-

2455 3001 2577 3047 στος
2619 2987 2779 3055 ἡμῶν
2830 2989 3149 3061 Ἐκκλησία,
3196 2989 3346 3057 οἶκος
3387 2997 3522 3049 Θεοῦ
3549 3001 3855 3069 γινόμενος.
3903 3005 4029 3056 Ἐὰν

2441 3074 2533 3127 οὖν
2563 3079 2653 3129 ἐπὶ
2684 3082 2748 3147 τῇ
2784 3082 3043 3153 ὁμολογίᾳ
3077 3083 3171 3136 τοῦ
3230 3087 3465 3156 Χριστοῦ
3517 3092 3940 3161 στηριχθῶμεν,
3976 3097 4031 3146 ai

754 3160 1059 3218 confirmati
1097 3164 1380 3235 fuerimus,
1417 3179 1585 3241 porta:
1615 3174 1796 3239 inferi;
1834 3178 2059 3245 hocjest,
2093 3194 2334 3251 peccata,
2365 3210 2408 3268 ο

2365 3210 2408 3268 C
2446 3168 2610 3222 πύλαι
2645 3171 2738 3223 τοῦ
2767 3172 2918 3241 ᾅδου,
2955 3176 3071 3244 ἦτοι
3106 3177 3162 3229 αἰ
3189 3178 3480 3247 ἁμαρτίαι,
3510 3182 3566 3232 οὐ
3598 3184 4030 3251 κατισχύσουσιν

754 3267 862 3307 ιιοη
891 3256 1260 3321 praevalelmnt
1293 3262 1472 3318 nobis.
1515 3264 1590 3320 De
1633 3267 1716 3322 his
1746 3270 1891 3323 enim
1926 3274 2096 3340 portis
2130 3276 2337 3330 exalta-

756 3352 842 3432 tus
862 3343 1037 3432 David
1070 3347 1287 3406 dicebat
1318 3367 1334 3406 :
1376 3363 1396 3406 t
1423 3353 1526 3421 Qui
1566 3359 1773 3414 exaltas
1801 3376 1886 3414 me
1909 3363 1974 3417 de
1998 3365 2169 3432 portis
2191 3383 2333 3420 mor—

756 3430 823 3483 tis
856 3431 920 3527 ’β
945 3431 1148 3527 .Quales
1176 3442 1377 3507 portae?
1403 3457 1437 3497 o
1464 3443 1661 3502 David.
1712 3448 1871 3506 Duze:
1901 3430 2064 3509 caedis
2099 3456 2330 3527 scilicet,

755 3527 806 3569 et
834 3520 1106 3577 adulterii.

826 3608 990 3706 Vens.
1022 3614 1107 3670 l9.
1154 3635 1175 3668 ι
1230 3619 1297 3673 Ει
1341 3622 1480 3679 dabo
1518 3627 1614 3681 tibi
1656 3629 1834 3687 claves
1868 3638 2017 3705 regni
2044 3639 2328 3706 cmlorum,

748 3712 802 3753 ct
833 3703 1093 3774 quidquid
1125 3709 1429 3780 alligaveris
1450 3732 1615 3787 super
1643 3733 1846 3778 terram
1912 3703 2016 3782 erit
2051 3703 2327 3801 alligatum

751 3799 805 3848 in
842 3798 1029 3853 caelis:
1064 3812 1117 3855 et
1148 3806 1409 3875 quidquid
1457 3814 1686 3870 solveris
1736 3832 1903 3884 super
1955 3798 2169 3879 terram.
2219 3830 2325 3881 erit

749 3886 986 3943 solutum
1012 3890 1069 3944 in
1095 3895 1266 3950 catis.
1304 3915 1323 3948 ι
1351 3897 1629 3970 Tanquam
1662 3906 1801 3963 Deus
1833 3926 2026 3980 magna
2060 3926 2327 3983 potestate

747 3977 908 4033 dicit:
937 3979 1081 4039 Dabo
1108 3987 1227 4041 tibi.
1263 3990 1416 4046 Sicut
1445 3996 1585 4048 enim
1613 4000 1781 4054 Pater
1808 3977 1959 4058 dedit
1991 3977 2083 4062 uti}
2118 4014 2327 4066 revela-

748 4071 971 4142 tioncm,
1004 4078 1081 4133 sic
1122 4095 1221 4151 ego
1250 4084 1451 4143 claves.
1479 4090 1671 4147 Claves
1700 4105 1878 4150 autem
1907 4099 2173 4171 intelligas
2206 4121 2326 4174 qua:

748 4164 914 4232 ligant
949 4179 1002 4222 et
1033 4172 1269 4235 solvunt,
1303 4178 1404 4233 hoc
1433 4190 1538 4244 est,
1566 4185 1885 4241 delictorum
1922 4191 2323 4265 velaindulgen-

748 4256 849 4310 tias
873 4258 955 4313 vel
987 4276 1197 4327 poenas.
1240 4265 1448 4326 Habent
1482 4275 1625 4328 enim
1658 4285 1984 4345 potestatem
2008 4256 2321 4345 remittendi

747 4358 802 4399 et
821 4348 1042 4418 ligandi,
1064 4356 1154 4422 qui
1173 4356 1540 4428 sicutPetrns,
1569 4367 1913 4438 episcopatus
1927 4374 2154 4442 gratiam
2174 4392 2325 4434 asse-

743 4440 855 4494 cuti
880 4452 1024 4497 sunt.
1046 4448 1305 4511 Quamvis
1323 4462 1501 4507 autem
1523 4454 1683 4512 Petro
1704 4462 1803 4515 soli
1830 4440 2032 4517 dictum
2058 4466 2147 4529 sit,
2176 4468 2321 4525 Dabo

2450 3260 2733 3329 ἠμῶν’ὲκ
2800 3267 2908 3335 γὰρ
2964 3267 3168 3321 τούτων
3217 3268 3323 3322 τῶν
3377 3273 3564 3350 πυλῶν
3620 3274 3856 3344 ὑψωθεὶς
3890 3277 4033 3331 καὶὸ

2448 3353 2611 3405 Δαυῖδ
2642 3354 2851 3422 ἔλεγεν·
2893 3374 2912 3408 ι
2969 3357 3028 3411 '0
3062 3359 3212 3427 ὐῲῶν
3249 3378 3315 3429 με
3347 3363 3412 3415 ὲκ
3450 3364 3558 3416 τῶν
3590 3366 3775 3419 πυλῶν
3809 3368 3905 3421 τοῦ
3934 3368 4030 3421 θα-

2447 3442 2628 3496 νάτου.
2666 3464 2685 3494 ι
2727 3445 2924 3511 Ποίων,
2957 3441 3003 3502 ὦ
3033 3449 3218 3514 Δαυῒδ,
3261 3452 3450 3505 πυλῶν
3474 3471 3490 3519 ;
3518 3454 3641 3507 Τῶν
3664 3456 3779 3521 δύο,
3812 3458 3909 3511 τοῦ
3934 3460 4030 3529 φό-

2445 3551 2536 3586 νου
2562 3536 2653 3587 καὶ
2688 3537 2787 3605 τῆς
2815 3542 3081 3609 μοιχείας.

2523 3629 2662 3680 «Καὶ
2692 3629 2847 3681 δώσω
2876 3649 2957 3684 σοι
2987 3635 3086 3695 τὰς
3112 3636 3260 3699 κλεῖς
3284 3636 3383 3706 τῆς
3411 3638 3687 3708 βασιλείας
3712 3642 3823 3694 τῶν
3857 3643 4025 3709 οὐρα-

2446 3720 2571 3785 νῶν,
2611 3724 2703 3774 καὶ
2736 3722 2763 3774 ὃ
2794 3726 2889 3777 ἐὰν
2914 3725 3088 3799 δήσῃς
3121 3729 3214 3782 ἐπὶ
3246 3732 3347 3801 τῆς
3374 3734 3498 3801 γῆς,
3526 3735 3698 3805 Αὲσται
3743 3736 4026 3805 δεδεμένον

2440 3812 2501 3864 ἐν
2547 3815 2656 3877 τοῖς
2699 3814 2981 3884 οὐρανοῖς·
3073 3820 3168 3873 καὶ
3212 3821 3239 3873 ὁ
3288 3823 3384 3875 ἐὰν
3425 3803 3594 3896 λύσῃς
3627 3826 3719 3878 ἐπὶ
3769 3803 4021 3897 τῆςγῆς,

2440 3903 2594 3956 ἔσται
2627 3904 2918 3976 λελυμένον
2953 3911 3011 3961 ἐν
3044 3915 3156 3974 τοῖς
3173 3914 3477 3984 οὐρανοῖς.»
3506 3918 3591 3980 ’ος
3619 3918 3748 3981 Θεὸς
3769 3918 3918 3985 λέγει
3942 3922 4021 3981 τὸ,

2439 3995 2609 4052 Δώσω
2638 4015 2746 4063 σοι,
2789 4001 3241 4067 ὲξουσιαστικῶς·
3281 4006 3355 4070 ὠς
3402 4010 3508 4079 γὰρ
3539 4010 3571 4061 ὁ
3605 4012 3794 4080 Πατὴρ
3820 4013 4024 4066 δέδωκέ

2441 4103 2523 4139 σοι
2552 4090 2651 4157 τὴν
2674 4094 3045 4164 ἀποκάλυψιν,
3081 4098 3257 4160 οὓτως
3293 4100 3403 4167 ἐγὼ
3443 4100 3542 4165 τὰς
3586 4104 3749 4167 κλεῖς.
3790 4106 4023 4169 κλεῖδας

2436 4178 2495 4230 δὲ
2555 4180 2792 4249 νοήσεις,
2824 4184 2920 4249 τὰς
2971 4186 3277 4258 δεσμούσας
3332 4193 3426 4244 καὶ
3481 4193 3712 4258 λυούσας
3776 4196 3876 4250 τὰς
3914 4200 4023 4251 τῶν

2438 4275 2774 4347 σφαλμάτων
2829 4279 2861 4347 ἢ
2906 4283 3283 4353 συγχωρήσεις
3334 4286 3365 4354 ἢ
3413 4287 3803 4357 ἐπιτιμήσεις·
3835 4295 4025 4361 έχουσι

2436 4368 2544 4437 γὰρ
2576 4368 2827 4434 ἐξουσίαν
2852 4370 3071 4439 ἀφιέναι
3104 4375 3201 4427 καὶ
3250 4376 3492 4445 δεσμεῖν,
3527 4381 3577 4432 oi
3636 4382 3778 4434 κατά
3813 4383 4023 4454 Πέτρον

2434 4460 2533 4525 τῆς
2566 4460 2940 4533 ὲπισκοπικῆς
3004 4466 3333 4532 ἀξιωθέντες
3391 4473 3610 4540 χάριτος
3633 4490 3647 4503 ·
3678 4476 3725 4526 εἰ
3760 4462 3870 4545 γάρ
3927 4480 4023 4531 καὶ

746 4532 838 4586 tibi
868 4550 883 4587 :
910 4536 1169 4593 omnibus
1214 4550 1392 4596 tamen
1439 4555 1493 4599 et
1532 4552 1791 4616 apostolis
1819 4568 1882 4607 ea
1926 4566 2163 4623 potestas
2193 4572 2325 4615 con-
2359 4562 2400 4618 ο

2359 4562 2400 4618 ι)
2439 4552 2573 4621 πρὸς
2608 4555 2813 4627 Πέτρον
2851 4556 3014 4625 μόνον
3049 4559 3266 4631 εἴρηται
3301 4532 3724 4631 τὸΓΔῶσωνσοι,
3762 4532 3899 4621 άλλά
3927 4574 4022 4624 καὶ

742 4638 895 4678 cessa
920 4635 1021 4680 est.
1044 4626 1271 4691 Quando
1293 4631 1453 4686 icnm
1488 4636 1645 4697 dixit,
1669 4639 2127 4714 Quorumcunque
2154 4653 2319 4705 remi-

742 4714 921 4770 seritis
944 4729 1184 4785 peccata,
1210 4727 1581 4781 remittuntur.
1602 4728 1811 4786 Etenim
1837 4749 1960 4788 cum
1983 4739 2133 4805 dixit,
2156 4741 2318 4811 Dabo,

743 4806 980 4862 futurum
1012 4821 1229 4881 tempus
1257 4817 1468 4885 signat,
1507 4820 1607 4877 hoc
1636 4834 1755 4890 est,
1802 4840 1927 4895 post
1962 4806 2318 4891 resurrectio;

740 4915 883 4953 nem.
938 4901 1073 4957 Caeli
1121 4915 1300 4962 autem
1359 4911 1613 4969 dicuntur
1666 4926 1719 4971 et
1773 4920 2023 4987 virtutes,
2085 4940 2317 4999 quarum

736 4990 916 5046 claves
942 5005 1063 5047 sunt
1099 4996 1249 5053 bona:
1277 5005 1637 5069 npcrationcs.
1668 5007 1802 5063 Nam
1826 4990 2118 5081 operando?
2137 5017 2315 5087 ingrc-

738 5083 937 5149 dimur,
986 5090 1143 5157 quasi
1202 5106 1296 5161 per
1350 5096 1530 5152 claves
1580 5105 1841 5167 quasdam
1887 5110 2221 5177 aperientes,
2263 5113 2314 5168 in

740 5192 1179 5250 unamquamque
1216 5186 1492 5244 virtutum.
1525 5191 1579 5245 Si
1608 5205 1788 5251 autem
1824 5214 1935 5255 non
1969 5217 2184 5271 operor,
2220 5208 2314 5260 sed

736 5269 908 5323 solum
951 5274 1061 5327 scio
1096 5277 1313 5342 bonum,
1359 5283 1529 5339 huch
1568 5288 1791 5355 quidem
1829 5293 2033 5348 clavezu
2070 5295 2313 5353 scientia:

737 5365 931 5429 solum,
965 5377 1119 5423 extra
1149 5383 1326 5427 autem
1356 5392 1565 5435 maneo.
1602 5382 1823 5453 Ligatur
1849 5398 2028 5440 autem
2060 5391 2109 5441 in
2138 5390 2313 5453 cmlis,

736 5457 839 5511 hoc
878 5470 980 5523 est,
1021 5460 1072 5515 in
1105 5465 1416 5532 virtutibus,
1472 5475 1560 5540 qui
1610 5492 1739 5553 uon/
1762 5481 1999 5533 ambulat
2053 5482 2105 5534 in
2162 5482 2310 5536 illis:

736 5566 856 5604 nam
890 5555 1112 5610 sedulus
1142 5557 1194 5611 in
1230 5559 1335 5615 illis
1364 5564 1573 5619 solutus
1597 5580 1696 5622 cst.
1728 5566 1806 5624 Ne
1832 5572 2125 5627 liabenttms
2152 5574 2315 5643 igitur

734 5650 997 5705 perc-ala,
1059 5655 1115 5698 υι
1148 5663 1252 5701 non
1317 5656 1525 5709 ςίιιριιὶδ
1581 5672 1887 5717 IlOSU'OI‘lllll
1963 5676 2311 5732 PCCL‘LHUHIIII

734 5728 881 5796 Μυλιί
925 5736 1112 5788 simus.

812 5859 822 5885 ⁷
889 5857 1028 5912 l',.tl.
1056 5878 1127 5923 ιχ,
1164 5865 1247 5916 ις).

2428 4645 2566 4697 πᾶσι
2604 4648 2714 4710 τοῖς
2743 4648 3063 4713 ἀποστόλοις
3085 4652 3317 4708 δέδοται.
3348 4656 3484 4708 Πότε
3511 4674 3526 4721 ;
3567 4658 3697 4710 Ὅτε
3730 4655 3884 4714 εἶπεν
3913 4664 4017 4715 Ἀν

2424 4736 2587 4788 τινῶν
2623 4738 2797 4807 ἀφῆτε
2828 4743 2927 4804 τὶς
2958 4742 3259 4813 ἁμαρτίας,
3313 4746 3593 4816 ἀφίενται.
3642 4751 3753 4805 Καὶ
3790 4753 3898 4825 γὰρ
3932 4755 4017 4823 τὸ,

2426 4829 2616 4894 Δώσω,
2640 4831 2907 4898 μέλλοντα
2934 4835 3125 4905 χρόνον
3148 4837 3428 4908 σημαίνει,
3453 4847 3725 4905 τουτ⁴στι,
3752 4842 3842 4897 τὸν
3875 4848 4017 4915 μετὰ

2427 4920 2747 4975 ἀνάστασιν.
2810 4925 3047 4995 Οὐρανοὶ
3105 4928 3161 4982 δὲ
3202 4930 3471 4997 ’λέγονται
3525 4936 3620 4987 καὶ
3676 4936 3733 4989 αἰ
3792 4937 4014 5008 ἀρεταὶ,

2430 5013 2637 5077 κλεῖδες
2691 5015 2748 5069 δὲ
2778 5019 3005 5084 τούτων,
3059 5021 3118 5073 αί
3154 5023 3441 5091 ἐργασίαι·
3463 5025 3552 5079 διὰ
3584 5025 3694 5097 γὰρ
3734 5028 3827 5082 τοῦ
3852 5032 4019 5101 ἐργά-

2429 5106 2615 5170 ζεσθαι
2648 5110 3036 5181 εἰσερχόμεθα,
3070 5114 3263 5185 ὥσπερ
3293 5115 3379 5170 διά
3420 5135 3582 5173 τινων
3616 5121 3845 5175 κλειδῶν
3872 5126 4021 5177 ἀνοι-

2427 5200 2658 5265 γουσῶν,
2690 5204 2769 5265 είς
2793 5204 3160 5275 ἑκάστηντῶν
3198 5208 3434 5279 ἀρετῶν.
3481 5208 3606 5264 Ἐὰν
3636 5213 3693 5267 δὲ
3715 5215 3818 5268 οὐκ
3847 5217 4015 5286 ἐργά-

2428 5292 2629 5361 ζωμαι,
2673 5293 2811 5349 ἀλλὰ
2864 5298 3026 5365 μόνον
3078 5294 3197 5353 οἶδα
3252 5301 3313 5355 τὸ
3346 5303 3574 5370 ἀγαθὸν,
3624 5305 3736 5377 ἔχω
3786 5309 3885 5377 μὲν
3912 5310 4013 5379 τὴν

2428 5386 2609 5439 κλεῖδα
2653 5387 2755 5457 τῆς
2822 5390 3080 5457 γνώσεως
3127 5394 3313 5461 μόνον,
3357 5396 3464 5461 ἔξω
3492 5397 3550 5448 δὲ
3586 5398 3770 5466 μένω·
3799 5399 4015 5455 δέδεται

2422 5478 2559 5531 δὲέν
2585 5483 2695 5545 τοῖς
2731 5482 3004 5552 οὐρανοῖς,
3060 5487 3364 5555 τουτέστιν,
3416 5491 3475 5543 ἐν
3520 5494 3641 5555 ταῖς
3704 5495 3948 5562 ἀρεταῖς,
3981 5498 4009 5548 ὁ

2428 5574 2501 5641 μὴ
2530 5574 2761 5642 βαδίζων
2785 5579 2842 5629 ὲν
2868 5578 3060 5642 αὐταῖς
3083 5596 3094 5607 ·
3128 5582 3155 5632 ὁ
3185 5582 3295 5651 γὰρ
3331 5583 3643 5648 σπουδαῖος,
3694 5587 3754 5637 ὲν
3784 5589 4013 5650 ταύταις

2426 5667 2663 5720 λέλυται.
2694 5670 2784 5739 Μὴ
2842 5672 3057 5741 ἔχωμεν
3104 5669 3197 5729 οὖν
3230 5675 3532 5745 ἁμαρτίας,
3572 5678 3657 5732 ἵνα
3693 5681 3767 5751 μὴ
3803 5686 4012 5752 σειραῖς

2426 5762 2532 5814 τῶν
2563 5762 2785 5816 οἰκήων
2811 5765 3101 5838 ἁμαρτιῶν
3140 5768 3193 5821 δε
3212 5770 3498 5840 σμῶμεθα.
