4288 6444
267 410 365 473 9³21

978 399 1428 464 ENARRATIO
1467 398 1547 459 IN
1595 394 2103 458 EVANGELIUM
2132 391 2529 455 ΜΛΤΤΗΑΞῙ.
2561 413 2627 424 -’
2668 407 2671 430 ⁴

1340 399 1428 459 'lO
1467 398 1547 459 IN
1595 394 2103 458 EVANGELIUM
2132 391 2529 455 ΜΛΤΤΗΑΞῙ.
2561 413 2627 424 -
2668 387 2832 448 CAP.
2876 384 3033 446 XVI.

3438 376 3545 440 3‘22

343 541 362 571 ε
397 521 532 575 Τότε
548 515 879 574 διεστεῖλατο
893 517 1006 575 τοῖς
1029 511 1300 583 μαθηταῖς
1330 505 1498 564 αὐτοῦ
1531 508 1617 561 ῖνα
1654 504 1850 578 μηδενὶ
1881 509 1922 566 Α
2027 504 2036 525 ‘

1881 509 1922 566 Α
2027 504 2198 558 Vens.
2227 503 2320 558 20.
2383 520 2402 554 ι
2459 500 2614 556 Tunc
2648 496 2818 552 edixit
2873 490 3151 562 discipulis
3191 489 3309 545 suis
3344 505 3410 544 ne
3454 495 3543 548 cui

266 615 501 666 εἴπωσιν
540 605 818 669 ὃτιαύτός
867 606 1016 657 ἐστιν
1063 606 1092 658 6
1136 603 1392 674 Χριστός.
1434 622 1453 654 ι
1507 600 1791 654 Ἐϐούλετο
1822 599 1852 651 6

268 701 662 775 Χριστδς,ητρὸ
685 698 783 750 τοῦ
829 695 1063 766 σταυροῦ
1114 694 1506 757 συσκιάζεσθαι
1565 691 1666 763 τὴν
1726 690 1853 759 περὶ

268 795 440 848 αὑτοῦ
492 792 669 856 δόξαν.
706 791 769 842 Et
796 791 904 858 γάρ
960 789 1200 858 ἤκουσαν
1223 789 1272 840 οἱ
1301 786 1582 856 ἄνθρωποι
1613 782 1721 853 πρὸ
1753 781 1849 835 τοῦ

271 889 482 948 πάθους
501 887 580 937 ὅτι
613 883 741 945 Θεός
770 885 940 944 ἐστιν,
963 875 1082 932 εἶτα
1109 879 1338 934 ἐΰλεπον
1362 878 1528 933 αὑτὸν
1550 877 1850 946 πάσχοντα,

268 978 392 1039 πῶς
429 978 530 1028 οὐκ
567 976 631 1027 ἂν
670 969 1203 1040 ὲσκανδαλίσθησαν;
1235 970 1333 1023 Διά
1385 968 1542 1022 τοῦτο
1592 966 1684 1020 οὖν
1722 964 1856 1034 κρύο

269 1089 398 1125 πτει
447 1071 640 1123 ἑαυτὸν
668 1071 779 1131 τοῖς
821 1066 1056 1129 πολλοῖς,
1100 1065 1188 1118 ῖνα
1225 1065 1364 1136 μετὰ
1411 1065 1513 1132 τὴν
1557 1063 1855 1117 ἀνάστασιν

270 1163 716 1224 ἀσκανδαλίστως
783 1159 1038 1229 γνωσθῇ,
1113 1157 1208 1210 τοῦ
1290 1155 1609 1226 Πνεύματος
1677 1153 1854 1210 πάντα

269 1255 686 1326 ὲξομαλίζοντος
733 1255 821 1307 διὰ
850 1252 956 1305 τῶν
992 1249 1472 1320 θαυματουργιῶν.

350 1455 370 1486 ε
396 1436 528 1488 Ἀπὸ
553 1437 670 1486 τότε
697 1435 904 1503 Ιἤρξατο
932 1435 959 1485 6
978 1428 1193 1502 Ἰησοῦς
1240 1428 1507 1482 δεικνύειν
1535 1429 1648 1490 τοῖς
1683 1426 1860 1494 μαθη-

272 1529 401 1589 ταῖς
440 1525 606 1578 αὑτοῦ
632 1527 714 1578 ὅτι
749 1525 830 1578 δεῖ
859 1524 1024 1577 αὑτὸν
1066 1522 1324 1575 ἀπελθεῖν
1370 1522 1449 1583 είς
1481 1520 1856 1589 Ἱεροσόλυμα,

277 1621 375 1671 καὶ
413 1620 584 1670 πολλὰ
617 1617 811 1670 παθεῖν
839 1617 948 1671 ἀπὸ
984 1616 1094 1668 τῶν
1125 1615 1518 1685 πρεσϐυτέρων
1552 1613 1646 1664 καὶ
1677 1615 1862 1682 ἀρχιε-

278 1710 420 1776 ρέων
449 1708 544 1760 καὶ
573 1708 980 1776 Γραμματείων,
1028 1707 1120 1757 καὶ
1179 1703 1608 1772 ἀποκτανθῆναι,
1653 1704 1748 1755 καὶ
1793 1703 1858 1770 τῇ

274 1802 438 1871 τρίτῃ
468 1800 652 1869 ἡμέρα
684 1798 998 1869 ἐγερθῆναι.
1036 1817 1053 1848 ι
1078 1795 1344 1867 Προλέγει
1371 1796 1550 1858 αὐτοῖς
1575 1795 1635 1846 τὸ
1665 1793 1854 1855 πάθος,

277 1893 366 1944 ἵνα
391 1893 464 1961 μὴ
491 1891 735 1953 ἐλθόντος
762 1889 1206 1959 ἀπροσδοκήτως,
1235 1885 1720 1948 σκανδαλισθῶσιν,
1752 1887 1860 1952 οἰη-

277 1981 465 2042 θέντες
509 1981 605 2052 ιῖυςΔ
637 1981 786 2034 ἄκων
823 1980 917 2032 καλ⁵
965 1979 1175 2047 ἀγνοῶν
1229 1977 1502 2031 πέπονθεν
1528 1993 1541 2007 ⁸
1575 1977 1698 2029 ἐπεὶ
1757 1977 1864 2045 γὰρ

277 2072 520 2134 ἥκουσαν
549 2069 634 2121 διὰ
669 2070 767 2138 τῆς
817 2062 917 2121 ’τοῦ
973 2069 1184 2138 Πέτρου
1241 2068 1533 2138 ὁμολογίας
1572 2068 1706 2119 ὄτιό
1740 2067 1866 2128 Υἱὸς

279 2159 373 2213 τοῦ
409 2160 545 2213 Θεοῦ
573 2163 714 2224 ἐστι,
739 2159 859 2212 τότε
895 2159 1272 2212 ἀποκαλύπτει
1315 2159 1500 2221 αὐτοῖς
1531 2157 1625 2212 καὶ
1663 2157 1730 2210 τά
1771 2155 1865 2208 τοῦ

281 2251 513 2314 πάθους.
542 2253 698 2306 Μετά
746 2252 800 2306 δὲ
850 2251 918 2304 τὰ
947 2251 1188 2322 λυπηρά,
1221 2252 1418 2319 ἐπάγει
1447 2252 1543 2304 καὶ
1566 2251 1626 2303 τὸ
1653 2250 1866 2320 χαρμό⁴

283 2360 468 2408 συνον,
492 2344 552 2396 τὸ
586 2345 643 2396 ὲν
671 2347 737 2414 τῇ
762 2342 924 2416 τρίτῃ
951 2343 1136 2414 ἡμέρᾳ
1157 2342 1472 2412 ἐγερθῆναι.

360 2455 378 2486 ι
409 2437 518 2488 Καὶ
543 2435 984 2504 προσλαϐόμενος
1014 2436 1176 2488 αὐτὸν
1202 2437 1230 2487 ό
1265 2435 1494 2509 Πέτρος,
1515 2432 1718 2503 ἧρξατο
1747 2435 1869 2484 ἑπι-

279 2529 452 2598 τιμᾷν
483 2527 653 2597 αὐτῷ,
680 2527 853 2594 λέγων
873 2541 890 2560 ο
925 2525 1114 2588 Ἵλεώς
1145 2543 1250 2587 σοι,
1283 2525 1480 2595 Κύριε,
1519 2527 1581 2578 ού
1615 2525 1690 2595 μὴ
1714 2524 1868 2578 ἔσται

195 2687 216 2708 ⁸
285 2633 368 2669 σοι
401 2616 582 2670 τοῦτο.
633 2637 650 2668 ι
697 2620 760 2670 ὐ
793 2617 894 2686 μὲν
952 2617 1335 2688 ἀπεκαλύερθη,
1384 2619 1413 2670 6
1450 2618 1655 2687 Πέτρος
1691 2615 1869 2686 ὀρθῶς

280 2709 660 2779 ὡμολόγησεν,
691 2710 718 2762 θ
747 2710 802 2763 δὲ
821 2713 923 2763 οὐκ
954 2712 1340 2781 ἀπεκαλύςεθη,
1372 2711 1579 2780 ἐσφάλη
1604 2726 1616 2738 ·
1651 2712 1739 2764 ἵνα
1768 2711 1870 2780 μά-

284 2802 470 2874 θωμεν
521 2804 603 2856 ὅτι
655 2801 828 2872 χωρὶς
875 2801 1010 2855 Θεοῦ
1069 2803 1189 2856 οὐδὲ
1244 2804 1422 2857 ἐκεῖνο
1478 2801 1782 2871 ἐσθέγξατο
1814 2803 1872 2856 τ’)

289 2899 454 2970 μέγα.
487 2897 578 2966 Μὴ
631 2894 805 2946 θέλων
833 2889 926 2946 οὖν
971 2895 1163 2948 παθεῖν
1203 2895 1291 2951 τὸν
1315 2893 1552 2964 Χριστὸν
1584 2897 1612 2948 6
1642 2895 1870 2966 Πέτρος,

284 2991 384 3044 καὶ
415 2989 625 3056 ἀγνοῶν
657 2986 717 3038 τὸ
751 2984 849 3053 τῆς
901 2987 1260 3050 ἀναστάσεως
1306 2989 1649 3059 μυστήριονο
1686 2986 1872 3050 Ἵλεώς

288 3101 395 3148 σοι,
444 3080 636 3150 Κύριε,
669 3079 730 3130 οὐ
765 3077 842 3148 μὴ
888 3079 1043 3132 ἔσται
1087 3097 1170 3134 σοι
1200 3080 1380 3147 τοῦτο,
1410 3081 1596 3151 φησίν.

365 3291 385 3322 ε
434 3271 491 3324 Ὀ
519 3273 573 3325 δὲ
603 3275 868 3343 στραφεὶς
902 3271 1022 3326 εἷπε
1049 3268 1126 3341 τῷ
1149 3267 1343 3340 Πέτρῳ
1362 3283 1376 3295 ·
1414 3266 1633 3334 ’Υπαγε
1697 3263 1876 3317 ὀπίσω

292 3379 420 3430 μου,
477 3363 712 3426 Σατανᾶ,
775 3363 1073 3418 σκάνδαλόν
1108 3377 1210 3430 μου
1259 3355 1329 3424 εἴ,
1355 3359 1525 3412 ὅτιού
1558 3359 1778 3427 φρονεῖς
1807 3355 1876 3408 τά

287 3453 386 3505 τοῦ
416 3453 574 3514 Θεοῦ,
607 3454 746 3509 ἀλλά
781 3456 848 3508 τὰ
873 3454 982 3508 τῶν
1020 3453 1349 3522 ἀνθρώπων.
1395 3468 1413 3502 ι
1450 3450 1581 3502 Ὅτε
1614 3449 1712 3519 μὲν
1739 3448 1878 3518 ὀρθά

291 3545 473 3598 ἐλάλει
503 3547 530 3596 6
559 3546 787 3616 Πέτρος,
825 3546 1121 3616 μακαρίζει
1153 3543 1319 3597 αὐτὸν
1341 3544 1370 3595 6
1410 3540 1666 3611 Χριστὸς,
1697 3541 1784 3593 ὅτε
1822 3539 1878 3592 δὲ

294 3636 506 3704 ἀλόγως
537 3637 823 3698 ἑδειλίασε.
855 3636 951 3690 καὶ
978 3637 1080 3690 οὐκ
1103 3634 1262 3705 ἤθελε
1307 3633 1503 3688 παθεῖν
1535 3633 1722 3696 αὐτὸν,
1754 3631 1882 3684 ἐπέ-

293 3725 520 3796 πληξεν,
575 3725 788 3778 εἰπών’
822 3725 1043 3792 Ὕπαγε
1082 3724 1260 3777 ὀπίσω
1308 3740 1444 3791 μου,
1478 3721 1716 3774 Σατανᾶ.
1775 3722 1882 3775 Σα-

269 3817 465 3898 τανᾶς
487 3817 566 3881 δὶ,
607 3819 635 3870 6
680 3817 1064 3888 ἀντικείμενος
1121 3814 1361 3884 λέγεται.
1395 3813 1618 3881 ’Υπαγε
1641 3808 1734 3866 οὖν
1759 3813 1886 3866 ὀπί-

297 3926 378 3962 σω
412 3927 546 3980 μου,
575 3907 846 3974 τουτέστι,
876 3909 951 3980 μὴ
983 3907 1282 3963 ἀνθίστασο
1304 3949 1320 3974 ,
1349 3906 1466 3962 ἀλλ’
1494 3907 1780 3963 ἀκολούθει
1804 3907 1884 3979 τῷ

298 4000 572 4070 θελήματί
605 4016 732 4070 μου.
763 3999 937 4054 Καλεῖ
957 3999 1016 4054 δὲ
1046 3999 1230 4063 οὕτως
1259 4000 1353 4053 τδν
1389 3998 1622 4070 Πέτρον,
1644 4001 1767 4053 επεὶ
1789 4001 1886 4054 καὶ

293 4091 375 4162 τῷ
399 4093 616 4163 Σατανᾷ
649 4091 913 4165 ἀθέλητον
941 4088 1091 4164 ἦντὸ
1118 4092 1314 4146 παθεῖν
1358 4090 1452 4144 τὸν
1485 4092 1722 4163 Χριστόν
1744 4109 1756 4124 ·
1784 4107 1904 4162 φης-η

298 4203 384 4239 σ.ν
419 4185 515 4240 οὖν
545 4187 653 4249 ὅτι,
688 4186 760 4239 Σὺ
781 4187 886 4257 ’μὲν
929 4185 1259 4257 ἀνθρωπίνῳ
1307 4184 1558 4256 λογισμῷ
1612 4185 1791 4248 δοκεῖς
1824 4183 1887 4237 τὸ

297 4276 470 4339 πάθος
502 4277 759 4347 ἀπρεπές
794 4293 887 4346 μοι
922 4272 1061 4331 εῖναι
1083 4295 1098 4310 ο
1125 4278 1187 4330 οὐ
1225 4281 1367 4340 νοεῖς
1401 4277 1456 4329 is
1477 4277 1560 4330 ὃτι
1582 4278 1610 4329 6
1634 4276 1772 4338 Θεὸς
1799 4276 1888 4330 διὰ

296 4368 490 4420 τούτου
535 4367 814 4437 σωτηρίαν
842 4366 1165 4437 ἱργάςεται,
1191 4367 1394 4420 nubem
1422 4365 1584 4420 τοῦτο
1608 4368 1734 4438 ἐμοὶ
1757 4366 1892 4439 πρέ-

300 4475 394 4512 πει
418 4460 676 4530 μάλιστα.

1953 599 2200 653 dicerent
2233 595 2377 665 quod
2419 594 2534 662 ipse
2569 599 2716 644 esset
2744 587 3018 642 Christus.
3061 603 3081 639 ο
3130 581 3352 636 Volebat
3382 582 3543 636 Chri-

1956 700 2074 745 stus
2100 697 2231 742 ante
2265 700 2484 742 crucem
2518 681 2803 737 obscurari
2835 693 2992 733 suam
3024 675 3275 745 gloriam.
3329 673 3462 728 Nam
3501 675 3548 728 si

1957 776 2296 834 audivissent
2350 774 2598 828 homines
2658 780 2784 826 ante
2836 769 3150 837 passionem
3204 767 3348 835 quod
3409 765 3551 819 Deus

1956 879 2124 934 esset,
2165 879 2221 924 et
2254 866 2448 921 deinde
2476 865 2744 918 vidissent
2781 877 2905 916 eum
2939 860 3084 929 pati,
3123 859 3394 928 quomodo
3442 871 3546 910 non

1957 962 2187 1019 fuissent
2217 957 2451 1014 offensi?
2497 955 2790 1025 Prottterea
2844 955 3010 1023 igitur
3059 950 3299 1004 occultat
3335 949 3447 1019 36
3476 964 3536 1002 sc

1958 1052 2171 1116 nmltis,
2215 1061 2272 1106 ut
2308 1059 2430 1120 post
2481 1046 2939 1103 resurrettioncm
2977 1046 3183 1111 abSque
3224 1041 3552 1094 oﬂendicnlo

1960 1159 1990 1198 a
2021 1145 2208 1198 multis
2237 1145 2466 1205 sciatur,
2493 1141 2703 1210 Spiritu
2734 1148 2922 1194 sancto
2945 1139 3128 1192 omnia
3160 1134 3548 1189 miraculorum

1959 1235 2370 1305 Operationibus
2404 1235 2748 1302 adequante.

2038 1420 2200 1474 Vsus.
2225 1417 2314 1470 21.
2341 1434 2359 1467 ι
2389 1416 2464 1469 Ex
2482 1430 2547 1470 eo
2573 1425 2817 1484 lcmporc
2838 1415 2995 1483 cmpit
3018 1411 3178 1467 Jesus
3203 1411 3444 1464 indicare
3467 1409 3553 1461 di-

1964 1511 2188 1581 scipulis
2205 1511 2320 1565 suis
2344 1509 2488 1578 quod
2504 1517 2718 1577 oportet
2733 1507 2905 1574 ipsum
2927 1506 3077 1558 abire
3099 1502 3553 1571 llierosolymmn,

1965 1615 2020 1658 et
2041 1602 2210 1657 multa
2236 1601 2346 1669 pati
2376 1615 2404 1653 a
2432 1601 2741 1654 senioribus
2766 1609 2816 1652 et
2843 1596 3180 1665 principibus
3203 1593 3554 1648 sacerdotum

1964 1709 2020 1753 et
2064 1698 2295 1760 scribis,
2335 1705 2390 1751 et
2424 1694 2637 1757 occidi,
2693 1703 2750 1748 et
2785 1693 2946 1747 tertio
2997 1692 3086 1743 die
3145 1687 3487 1742 resuscitari.
3529 1703 3548 1738 ι

1974 1789 2224 1845 Pmdicit
2266 1788 2370 1841 illis
2403 1787 2750 1856 passionem,
2794 1798 2861 1838 ne
2913 1785 3286 1851 inexspectata
3323 1780 3410 1831 illa
3461 1793 3555 1830 ve-

1973 1884 2157 1937 niente
2191 1881 2534 1943 offendatur,
2590 1889 2845 1950 putantes
2895 1875 3038 1946 quod
3094 1875 3296 1927 invitus
3352 1881 3406 1925 et
3453 1887 3557 1924 non

1967 1975 2258 2045 prtescicns
2285 1987 2480 2043 passus
2512 1983 2679 2025 esset.
2720 1969 3015 2038 Poszquam
3043 1966 3188 2020 enim
3222 1965 3548 2018 audiverunt

1970 2083 2063 2136 per
2108 2065 2512 2120 confessionem
2561 2062 2704 2116 Petri
2755 2058 2900 2129 quod
2932 2057 3105 2112 Filius
3147 2057 3217 2109 sit
3255 2055 3372 2116 Dei,
3432 2063 3562 2106 tunc

1973 2160 2233 2215 revelavit
2283 2159 2392 2213 illis
2453 2167 2507 2212 et
2563 2153 2896 2226 passionum.
2951 2151 3079 2205 Post
3137 2149 3314 2203 tristia
3379 2155 3560 2200 autent

1969 2253 2153 2307 subdit
2201 2261 2257 2305 et
2300 2249 2576 2312 latitiam,
2626 2261 2822 2316 nempe
2866 2245 3010 2314 quod
3056 2244 3144 2297 die
3186 2243 3346 2295 tertio
3377 2254 3548 2294 rcsur

1969 2358 2144 2418 geret.
2435 2344 2441 2349 ’

2044 2439 2211 2492 Vsus.
2244 2435 2336 2489 2‘2.
2396 2452 2416 2485 ι
2455 2433 2520 2487 Ει
2569 2448 2692 2487 cum
2755 2431 3074 2485 abduxisset
3131 2427 3279 2481 illum
3335 2424 3565 2486 Petrus,

1971 2532 2141 2600 cepit
2189 2531 2471 2595 increpare
2509 2525 2682 2591 illum,
2722 2524 2911 2578 dicens
2944 2540 2958 2577 :
2997 2521 3272 2590 Propitius
3301 2528 3418 2574 esto
3447 2518 3563 2578 tibi,

1973 2622 2226 2685 Domine,
2259 2633 2607 2688 nequaquam
2641 2617 2746 2672 erit
2786 2617 2879 2670 tibi
2915 2617 3038 2669 hoc.
3090 2632 3108 2665 ι
3147 2613 3206 2668 id
3239 2613 3382 2682 quod
3414 2626 3572 2663 rcve»

1973 2717 2143 2769 latum
2173 2720 2316 2777 erat,
2347 2711 2543 2766 Petrus
2571 2721 2718 2767 recte
2747 2707 3034 2765 confessus
3058 2717 3141 2762 est
3166 2722 3182 2759 :
3221 2705 3272 2759 in
3304 2719 3370 2756 eo
3387 2715 3568 2756 autem

1974 2806 2121 2878 quod
2177 2821 2294 2860 non
2339 2803 2684 2870 revelatum,
2745 2802 2970 2872 lapsus:
3025 2810 3086 2854 ut
3133 2798 3372 2854 sciamus
3427 2793 3569 2864 quod

1975 2901 2183 2968 absque
2211 2895 2326 2954 Deo
2364 2912 2541 2966 neque
2593 2897 2815 2952 locutus
2876 2905 2959 2949 est
2991 2906 3254 2960 maguum
3287 2888 3569 2959 quiddam.

1976 2992 2180 3048 Nolens
2220 2992 2390 3064 igitur
2432 2991 2628 3047 Petrus
2674 2990 2953 3046 Christum
2999 2987 3147 3058 pati,
3202 2993 3257 3039 et
3314 2984 3576 3054 ignorans

1977 3085 2401 3140 resurrectionis
2424 3084 2766 3155 mysterium,
2805 3082 2942 3136 dixit
2966 3098 2978 3133 :
3007 3079 3280 3150 Propitius
3300 3087 3422 3132 esto
3453 3075 3573 3139 tibi,

1899 3189 1941 3248 ο
1983 3177 2230 3242 Domine,
2258 3189 2604 3244 nequaquam
2639 3173 2744 3228 crit
2777 3172 2870 3226 tibi
2912 3172 3035 3225 hoc.

2053 3269 2223 3324 Vens.
2253 3269 2347 3322 23.
2386 3285 2406 3319 ι
2442 3266 2756 3322 Ccnversus
2800 3276 2980 3317 autem
3018 3265 3126 3326 ille,
3178 3262 3317 3315 dixit
3370 3259 3572 3314 Petro:

1979 3364 2083 3417 Abi
2116 3367 2241 3432 post
2271 3376 2378 3425 me,
2409 3359 2634 3423 Satana,
2664 3356 2944 3412 obstaculo
2986 3369 3050 3410 es
3095 3355 3228 3408 mihi
3255 3371 3270 3409 :
3307 3353 3433 3423 quia
3466 3366 3573 3405 non

1981 3456 2131 3526 sapis
2163 3469 2226 3509 ea
2251 3468 2372 3522 qua:
2402 3461 2529 3508 sunt
2556 3451 2675 3517 Dei,
2699 3450 2795 3505 sed
2825 3463 2885 3503 ea
2917 3464 3035 3515 qum
3061 3459 3187 3501 sunt
3211 3446 3519 3499 hominum.
3553 3461 3573 3492 ι

1983 3545 2204 3601 Petrum
2241 3551 2391 3598 recte
2443 3542 2661 3611 quidem
2697 3541 3037 3610 loquentem,
3069 3540 3284 3591 beatum
3317 3537 3580 3606 praedicat

1981 3636 2276 3693 Christus:
2317 3629 2774 3688 irrationabiliter
2816 3638 2999 3684 autem
3053 3628 3476 3692 formidantem,
3528 3636 3582 3682 et

1985 3731 2260 3787 nolentem
2311 3743 2372 3785 se
2418 3726 2550 3796 pati,
2599 3725 2920 3796 perstringit
2961 3722 3153 3777 dicens
3205 3737 3218 3776 :
3257 3718 3408 3775 Vade
3461 3731 3584 3788 pust

1987 3838 2074 3878 me
2102 3862 2118 3886 ,
2158 3821 2385 3877 Satana.
2437 3817 2676 3873 Satanas
2732 3825 2914 3884 autem
2957 3811 3309 3868 adversarius
3357 3811 3582 3867 dicitur.

1991 3913 2137 3969 Vade
2157 3913 2468 3984 igitur,post
2490 3925 2598 3976 me,
2616 3910 2722 3964 hoc
2742 3917 2847 3972 est,
2866 3921 2934 3962 ne
2954 3907 3213 3970 obsistas,
3236 3905 3334 3960 sed
3353 3917 3588 3975 sequere

1987 4006 2328 4062 voluntatem
2361 4017 2564 4058 meam.
2609 4000 2779 4058 Vocat
2807 4015 2989 4054 autem
3034 4001 3114 4054 sic
3158 3997 3380 4052 Petrum
3408 4035 3423 4060 ,
3459 3997 3588 4066 quia

1987 4099 2152 4154 etiam
2178 4094 2397 4151 Satanae
2417 4093 2736 4164 displicebat
2756 4093 2864 4162 pati
2885 4090 3188 4146 Christum.
3216 4089 3358 4142 Dicit
3379 4086 3546 4156 igitur
3571 4104 3585 4141 z

1992 4186 2116 4244 Tibi
2144 4187 2367 4259 quidem
2397 4185 2550 4254 juxta
2577 4183 2876 4239 humanam
2906 4185 3176 4236 rationem
3207 4179 3423 4234 videtur
3451 4177 3589 4230 mihi

1994 4280 2255 4338 indecens
2289 4279 2513 4350 passio:
2569 4291 2677 4331 non
2739 4274 2996 4344 intelligis
3049 4281 3232 4327 autem
3263 4271 3408 4341 quod
3450 4269 3594 4323 Deus

1992 4389 2092 4444 per
2126 4372 2266 4426 hanc
2293 4371 2525 4425 salutem
2565 4377 2856 4437 operetur,
2886 4375 2941 4420 et
2966 4365 3113 4435 quod
3152 4364 3255 4418 hoc
3293 4377 3382 4416 me
3417 4361 3594 4416 maxi-

1998 4479 2084 4518 me
2121 4464 2314 4517 deceat

381 4568 401 4600 ι
438 4549 570 4602 Τότε
597 4551 626 4602 6
657 4548 866 4620 Ἰησοῦς
894 4545 1016 4603 εἷπε
1045 4550 1162 4613 τοῖς
1195 4548 1464 4620 μαθηταῖς
1488 4547 1657 4602 αὒτοῦ
1677 4564 1693 4578 '
1715 4547 1784 4601 Εἴ
1802 4565 1884 4611 τις
1921 4541 1966 4597 D
2068 4553 2074 4563 ‘

1921 4541 1966 4597 θ
2068 4552 2240 4610 Vsus.
2269 4552 2362 4608 24.
2402 4569 2421 4603 ι
2457 4549 2612 4606 Tunc
2642 4547 2803 4604 Jesus
2837 4548 2976 4602 dixit
3001 4545 3289 4616 discipulis
3315 4544 3428 4599 suis
3465 4563 3478 4598 ε
3536 4543 3591 4597 Si

301 4640 452 4697 θέλει
489 4639 664 4693 ὀπίσω
696 4657 800 4708 μου
830 4641 1026 4704 ἐλθεῖν,
1075 4640 1490 4712 ἀπαρνησάσθω
1546 4640 1761 4704 ἑαυτὸν,
1794 4639 1888 4692 καὶ

302 4731 494 4801 ἀράτω
513 4733 603 4786 τὸν
631 4732 866 4802 σταυρὸν
909 4732 1111 4799 αὑτοῦ,
1138 4735 1235 4787 καὶ
1290 4732 1657 4787 ἀκολουθείτω
1715 4749 1824 4802 μοι.
1865 4749 1884 4782 ι

300 4825 462 4891 Τότε,
491 4825 658 4889 πότες
700 4827 829 4879 Ὅτε
853 4825 932 4896 τῷ
973 4825 1168 4897 Πέτρῳ
1198 4827 1500 4898 ἐπετίμησε
1530 4841 1543 4854 ·
1573 4825 1748 4878 θέλων
1782 4824 1892 4893 γὰρ

303 4916 478 4982 δεῖξαι
529 4917 611 4970 ὅτι
654 4916 916 4986 ισφάληό
936 4915 1144 4989 Πέτρος
1177 4918 1406 4971 κωλύων
1468 4918 1635 4972 αὑτὸν
1661 4917 1756 4971 τοῦ
1789 4935 1894 4970 πα·

305 5008 444 5073 θεῖν,
476 5009 664 5079 φησὶν,
711 5009 797 5062 ὃτι
836 5009 908 5063 Σὺ
929 5009 1035 5080 ἐμὲ
1059 5008 1312 5075 κωλύεις.
1359 5009 1504 5078 Ἐγὼ
1528 5010 1585 5064 δὲ
1632 5010 1778 5078 λέγω
1809 5027 1892 5065 σοι

305 5099 390 5152 ὅτι
415 5098 482 5152 οὐ
510 5099 674 5169 μόνον
701 5098 764 5151 τδ
787 5098 889 5168 ἐμὲ
936 5098 1016 5170 μὴ
1060 5099 1256 5153 παθεῖν
1287 5098 1586 5163 ἐπιϐλαϐές
1640 5117 1743 5164 σοι,
1778 5099 1894 5153 ἀλλ’

302 5190 430 5244 οὖδδ
459 5192 524 5244 σὺ
553 5189 800 5260 σωθῆναι
837 5189 1066 5263 δυνήσῃ,
1106 5193 1201 5246 ὲάν
1235 5191 1311 5264 μὴ
1344 5193 1440 5247 καὶ
1477 5193 1642 5256 αὐτὸς
1682 5192 1897 5247 ἀποθά-

306 5281 586 5352 νῃς,ἀλλά
611 5282 705 5335 καὶ
730 5281 786 5334 εῖ
807 5298 893 5336 τις
924 5282 1107 5346 ἄλλος,
1148 5283 1253 5337 κᾶν
1280 5285 1442 5355 ἀνὴρ,
1475 5286 1578 5340 κᾶν
1608 5285 1769 5355 γυνὴ,
1789 5285 1898 5339 κᾶν

306 5373 501 5442 πένης,
541 5373 644 5428 κᾶν
693 5365 973 5437 πλούσιος.
1007 5376 1178 5428 eum
1211 5375 1268 5429 δὲ
1317 5371 1492 5448 εἶπεν,
1524 5379 1612 5432 ἵνα
1642 5378 1792 5450 δείξῃ
1815 5379 1898 5431 ὅτι

304 5463 661 5530 αὐτεξούσιον
700 5466 795 5520 καὶ
831 5465 932 5518 οὐκ
984 5467 1329 5533 ἀναγκαστὸν
1375 5470 1408 5539 ἡ
1458 5470 1652 5540 ἀρετή.
1693 5469 1900 5523 Ὀπίσω

305 5555 365 5610 δὲ
391 5556 678 5610 ἀκολουθεῖ
699 5556 794 5610 τοῦ
837 5557 1038 5626 Ἰησοῦ,
1071 5561 1170 5630 οὐχ
1216 5559 1244 5610 ὁ
1279 5561 1560 5631 ὁμολογῶν
1600 5560 1766 5615 αὑτὸν
1804 5562 1902 5632 μό-

306 5666 401 5703 νον
437 5649 564 5702 Υίὸν
595 5649 756 5712 Θεοῦ,
788 5651 908 5704 ἀλλ’
938 5653 966 5705 6
991 5653 1086 5705 ttat
1141 5651 1230 5704 διὰ
1283 5653 1502 5706 πάντων
1550 5653 1660 5707 τῶν
1709 5653 1901 5706 δεινῶν

307 5740 632 5812 ἐρχόμενος,
666 5743 761 5796 καὶ
791 5744 858 5797 τὰ
877 5743 1018 5797 αύτά
1045 5744 1435 5816 ὑφιστάμενος.
1462 5745 1902 5817 Ἀπαρνησάσθω

401 5834 616 5899 ἑαυτὸν,
669 5829 816 5902 εἶπε,
850 5836 949 5908 τὴν
979 5839 1194 5893 τελείαν
1221 5841 1454 5912 ἄρνησιν
1503 5841 1591 5897 διὰ
1625 5843 1726 5913 τῆς
1780 5843 1902 5898 ἀπό

1991 4645 2119 4716 quis
2148 4643 2269 4699 vult
2305 4653 2428 4712 post
2459 4657 2548 4696 me
2585 4641 2792 4704 venire,
2825 4639 3060 4707 abneget
3098 4638 3453 4705 semetipsum
3482 4677 3498 4701 ,
3539 4648 3598 4691 et

1993 4736 2150 4793 tollat
2175 4749 2396 4792 crucem
2429 4748 2608 4799 suam,
2645 4741 2701 4788 et
2728 4740 2988 4801 sequatur
3021 4745 3132 4784 me.
3167 4748 3187 4781 ι
3224 4727 3379 4782 Tunc
3422 4743 3596 4799 quau-

1995 4828 2104 4883 do?
2132 4843 2256 4882 cum
2278 4824 2500 4880 Petrum
2527 4825 2882 4895 increpasset.
2913 4822 3110 4878 Voiens
3135 4822 3281 4876 enim
3306 4823 3597 4878 ostendere

1997 4936 2184 4977 errare
2217 4919 2438 4977 Petrum
2467 4917 2848 4989 prohibentem
2880 4930 2940 4971 se
2984 4916 3118 4984 pati,
3153 4914 3318 4969 dicit:
3363 4914 3443 4968 Tu
3477 4915 3600 4983 qui-

2001 5012 2124 5068 dem
2156 5028 2242 5070 me
2267 5011 2562 5082 prohibes,
2599 5025 2702 5080 ego
2736 5021 2918 5064 autem
2952 5009 3076 5064 dico
3107 5008 3226 5072 tibi,
3259 5022 3368 5061 non
3394 5008 3598 5070 solum.

1996 5107 2176 5162 sinon
2199 5106 2401 5176 patiar,
2423 5105 2524 5160 tibi
2549 5107 2871 5160 damnosum
2896 5105 3049 5169 cssej:
3073 5103 3167 5156 sed
3197 5116 3378 5170 neque
3400 5102 3600 5156 salvari

2001 5198 2232 5269 poteris,
2270 5199 2374 5253 nisi
2401 5208 2457 5254 et
2487 5198 2604 5268 ipse
2636 5195 2892 5251 moriaris
2921 5205 2978 5251 et
2996 5194 3258 5266 "quisquis
3295 5193 3455 5259 alius,
3489 5194 3605 5250 sivo

2004 5292 2110 5356 vir,
2136 5291 2252 5345 sive
2279 5289 2498 5355 mulier,
2520 5290 2639 5344 sive
2663 5304 2889 5360 pauper,
2907 5289 3021 5344 sive
3047 5286 3371 5343 dives.Dicit
3393 5297 3600 5347 autem,

2005 5383 2154 5447 Vult,
2185 5393 2244 5437 ut
2272 5384 2529 5438 ostendat
2577 5383 2810 5437 liberum
2867 5383 3179 5444 arbitrium,
3226 5391 3281 5436 et
3353 5397 3459 5435 non
3510 5395 3604 5433 co-

2006 5487 2186 5532 actam
2216 5475 2498 5531 virtutem.
2533 5474 2664 5530 Post
2691 5473 2973 5530 Cbristum
3007 5486 3188 5529 autem
3219 5476 3465 5544 sequitur
3494 5487 3603 5526 non

2006 5568 2180 5624 sulum
2237 5568 2284 5623 is
2324 5567 2415 5637 qui
2463 5568 2614 5622 illum
2657 5567 2950 5623 confitetur
2986 5567 3182 5623 Filium
3219 5568 3356 5632 Dei,
3407 5567 3503 5621 sed
3555 5577 3606 5620 et

2009 5660 2099 5730 qui
2132 5674 2231 5729 per
2259 5660 2442 5714 omnia
2471 5660 2655 5728 gravia
2693 5661 2908 5725 transit,
2936 5670 2995 5715 et
3023 5660 3110 5714 illa
3135 5660 3391 5715 sustinet.
3423 5659 3608 5716 Abne-

2008 5763 2100 5823 get
2135 5762 2320 5808 autem
2349 5753 2702 5820 semetipsum
2736 5754 2906 5814 dixit,
2945 5752 3238 5822 perfectam
3289 5753 3610 5820 a-bncgalio-

2008 5861 2143 5901 nem
2198 5861 2297 5916 per
2346 5847 2812 5917 prtrposilioncm,
2857 5852 2944 5914 ab,
2991 5847 3346 5918 signiﬁcans:
3380 5843 3611 5902 exenwb
