4288 6444
786 442 892 504 3‘23

1706 415 2291 486 THEOPHYLACTI
2325 374 2733 473 amotam
2764 392 3124 465 ARCHIEP.

3926 392 4039 457 σει

780 550 976 622 gratia,
1035 561 1103 601 ne
1160 544 1354 599 habeat
1413 536 1842 595 communionem
1883 530 2168 602 quamdam
2218 536 2473 594 cumAv

2365 540 2418 594 Α
2447 518 2762 589 προθέσεως
2788 513 3095 585 σημαίνων.
3123 512 3273 572 Ο.ον,
3308 509 3384 579 μὴ
3421 507 3593 578 ἐχέτω
3613 522 3664 561 τι
3688 506 3871 560 κοινὸν
3896 506 4040 576 προς

2485 609 2500 622 ι
2581 609 2607 621 -
2865 606 2876 622 ι
2994 621 3006 622 κ
3113 602 3326 622 --.,-ι---
3371 598 3562 622 ι,,,.-,π
3625 597 3808 622 ,σ,,,,,
3839 596 4008 622 AA..-

780 658 875 697 cor

779 732 964 787 dicere
998 726 1140 798 quod
1174 726 1295 795 quis
1326 717 1631 792 quempiam
1678 718 1907 781 negarit,
1960 716 2059 769 hoc
2096 719 2209 775 est,
2241 723 2347 763 non

782 821 942 877 habet
986 833 1105 872 eum
1140 830 1238 885 pro
1277 813 1457 867 amico
1496 810 1576 864 vel
1634 819 1781 863 noto.
1834 806 1925 860 Sic
1967 804 2131 874 igitur
2159 813 2348 855 omnes

778 909 931 963 docet
964 906 1166 960 nullam
1205 920 1327 960 cum
1374 914 1600 970 corpore
1645 898 1845 953 habere
1884 892 2344 953 communionem,

776 1003 827 1055 id
857 1011 959 1064 est,
990 997 1306 1059 amicitiam,
1340 996 1411 1049 ita
1447 1003 1505 1047 ut
1535 1001 1588 1048 et
1612 1004 1830 1046 crucem
1868 986 2076 1051 tollant,
2100 987 2199 1039 hoc
2227 991 2342 1047 est,

776 1099 1002 1143 mortem
1052 1088 1289 1156 eligant,
1343 1094 1396 1138 et
1444 1098 1563 1136 eum
1629 1078 1806 1134 studio
1853 1074 2129 1145 inquirant
2179 1070 2342 1126 etiam

776 1191 1000 1234 mortem
1034 1174 1623 1245 ignominiosissimam,
1652 1170 1761 1240 87
1788 1166 1977 1237 qualis
2022 1179 2152 1218 crux
2199 1160 2343 1229 apud

774 1283 984 1325 veteres
1008 1269 1129 1322 fuit.
1160 1267 1288 1333 Sed,
1317 1267 1380 1319 Et
1401 1272 1658 1331 sequatur
1678 1272 1779 1325 nte,
1805 1259 1999 1327 inquit.
2026 1255 2170 1309 Multi
2199 1255 2342 1306 enim

774 1364 1165 1431 erueiﬁguntur
1194 1359 1432 1411 latrones
1456 1364 1519 1409 σοι
1551 1353 1719 1417 fures,
1751 1362 1806 1403 at
1852 1348 1926 1403 illi
1976 1361 2081 1401 non
2111 1353 2235 1398 sunt
2262 1343 2345 1396 di-

772 1451 962 1521 scipuli
995 1449 1119 1502 mei.
1154 1447 1427 1515 Sequatur
1458 1443 1639 1511 igitur,
1678 1439 1780 1492 hoc
1807 1446 1909 1501 est,
1940 1449 2155 1489 omnem
2180 1432 2340 1486 aliam

772 1545 1019 1597 virtutem
1052 1553 1161 1608 pra:
1188 1550 1245 1591 se
1279 1535 1435 1589 ferat.
1476 1534 1721 1600 Abnegat
1768 1541 1945 1583 autem
1996 1527 2237 1596 scipsum
2288 1533 2343 1577 et

769 1638 860 1704 qui
895 1634 1004 1687 heri
1038 1631 1252 1699 quidem
1305 1628 1691 1693 intemperatus
1738 1631 1892 1685 erat,
1953 1619 2111 1673 hodie
2157 1623 2338 1670 autem

769 1734 947 1780 castus
981 1730 1033 1776 et
1064 1719 1298 1773 sobrius.
1330 1714 1475 1770 Talis
1509 1723 1627 1769 erat
1661 1711 1882 1777 Paulus,
1924 1710 2015 1778 qui
2044 1706 2337 1777 abnegavit

768 1817 1113 1882 semetipsum
1140 1824 1260 1863 cum
1314 1807 1555 1861 diceret:
1592 1823 1610 1856 ι
1644 1802 1780 1857 Vivo
1831 1811 2008 1855 autem
2066 1815 2177 1853 non
2227 1798 2338 1868 jam

880 654 1028 709 pore,
1058 637 1149 692 sed
1178 640 1483 690 contemnat
1507 631 1747 698 seipsum
1773 644 1787 681 :
1814 619 2349 681 sicutconsuevimus
2449 609 2511 663 τὸ
2538 627 2568 662 σ

2449 609 2511 663 τὸ
2538 609 2722 678 σῶμα,
2752 606 2887 661 ἀλλὰ
2914 602 3330 673 καταφρονείτω
3368 598 3587 663 ἑαυτοῦ,
3622 597 3810 667 ὥσπερ
3837 596 4043 649 εἰώθα-

2456 716 2555 771 μεν
2586 699 2788 766 λέγειν,
2828 697 2888 750 '0
2922 695 3071 748 δεῖνα
3100 693 3193 746 τὸν
3219 692 3365 744 δεῖνα
3405 690 3703 760 ἠρνήσατο,
3744 688 3867 740 ἀντὶ
3913 683 4040 749 τοῦ,

2449 791 2565 844 οὐκ
2594 788 2706 860 ἔχει
2733 787 2908 857 φίλον,
2946 784 3071 839 οὐδὲ
3102 781 3362 852 γνωστόν.
3398 779 3588 842 Οῦτως
3630 775 3724 833 οὖν
3774 780 3870 833 καὶ
3918 777 4044 840 πᾶς

2449 880 2657 950 ὀφείλει
2681 877 2957 948 μηδεμίαν
2978 874 3173 945 φιλίαν
3203 873 3349 943 Ιχειν
3380 873 3517 943 πρὸς
3550 870 3613 923 τὸ
3651 871 3814 939 σῶμα
3839 886 3853 901 ’
3890 868 4041 922 ὥστε

2449 972 2545 1026 καὶ
2573 971 2665 1025 τὸν
2698 969 2934 1041 σταυρὸν
2956 967 3158 1037 αἴρειν,
3179 966 3453 1030 τουτέστι,
3478 964 3709 1017 θάνατον
3732 960 4039 1031 αἱρεῖσθαι,

2447 1066 2545 1117 καὶ
2578 1063 2717 1133 μετά
2746 1060 2983 1129 σπουδῆς
3019 1059 3301 1128 ιπιζητεϊν
3326 1058 3420 1110 καὶ
3444 1055 3676 1109 θάνατον
3704 1055 3798 1107 τὸν
3821 1055 4041 1107 ἐπονεί-

2446 1154 2648 1208 διστονο
2675 1153 2918 1215 τοιοῦτος
2943 1150 3052 1221 γὰρ
3087 1152 3115 1204 6
3154 1149 3388 1218 σταυρὸς
3422 1147 3573 1218 παρά
3608 1148 3721 1209 τοῖς
3755 1146 4037 1207 παλαιοῖς.

2458 1245 2644 1311 una,
2668 1244 2781 1299 Καὶ
2808 1242 3169 1297 ἀκολουθείτω
3195 1258 3309 1311 μοι,
3334 1239 3491 1310 φησί.
3518 1238 3709 1292 Πολλοὶ
3732 1239 3842 1309 γάρ
3871 1255 4044 1291 σταυ-

2448 1336 2668 1409 ροῦνται
2700 1335 2900 1407 λῃσταὶ
2921 1336 3016 1387 καὶ
3050 1332 3307 1397 κλέπται,
3334 1329 3451 1383 ἀλλ’
3479 1329 3580 1382 οὐκ
3635 1328 3776 1381 εἰσιν
3831 1330 4040 1380 ἐκεῖνοι

2447 1429 2686 1499 μαθηταί
2718 1445 2819 1499 μου
2849 1444 2861 1456 ’
2901 1424 3266 1481 ἀκολουθείτω
3320 1421 3433 1485 οῦν,
3466 1419 3737 1484 τουτέστι,
3775 1421 3873 1471 κα)⁵
3923 1420 4039 1471 πᾶ-

2445 1538 2545 1574 σαν
2570 1522 2673 1591 τὴν
2700 1519 2867 1591 ἀλλην
2890 1517 3096 1589 ἀρετὴν
3123 1512 3541 1569 ἐπιδεικνύσθω.
3584 1513 3940 1579 Ἀπαρνεῖται
3964 1510 4028 1562 δι

2444 1611 2635 1664 ἑαυτὸν
2658 1612 2752 1663 καὶ
2783 1612 2811 1662 6
2842 1608 2971 1677 χθὲς
3025 1607 3125 1677 μὲν
3166 1605 3521 1672 ἀσελγαίνων,
3558 1606 3800 1673 σήμερον
3838 1602 3896 1653 δὲ
3922 1617 4038 1653 σω-

2443 1704 2678 1773 φρονῶν.
2722 1701 2975 1763 Τοιοῦτος
3001 1696 3070 1769 ἦν
3090 1702 3119 1753 6
3153 1688 3384 1761 Παῦλος,
3411 1696 3707 1767 ἀπαρνησά
3717 1711 3879 1764 μενος
3906 1694 4041 1747 ἑαυ-

2441 1794 2534 1846 τὸν
2568 1796 2625 1847 ἑν
2647 1793 2727 1864 τῷ
2766 1792 2971 1861 λέγειν,
3004 1790 3121 1843 ιΖῶ
3144 1789 3201 1868 δὲ
3229 1789 3329 1841 ούκ
3355 1788 3436 1841 ἔτι
3466 1787 3598 1851 ἐγὼ,
3624 1786 3691 1856 ζῇ
3730 1786 3788 1838 δὶ
3810 1786 3867 1836 tv
3904 1784 4037 1853 ὲμοὶ

767 1920 889 1975 ego,
930 1875 1058 1958 vivit
1095 1911 1276 1957 autem
1315 1901 1366 1955 in
1404 1914 1490 1954 me
1520 1897 1771 1953 Christus
1789 1895 1858 1949 “.
1897 1913 1916 1945 ι
1965 1890 2128 1947 Tollit
2158 1900 2336 1944 autem
2370 1884 2460 1947 Β)

2370 1890 2411 1947 Β
2440 1884 2698 1955 Χριστός.
2715 1885 2899 1953 »Αῐρει
2923 1881 2979 1934 δέ
3000 1880 3092 1933 τὸν
3118 1878 3372 1950 σταυρὸν,
3392 1876 3718 1948 ὁνεκρώσας
3741 1875 3839 1928 καὶ
3869 1892 4038 1928 σταυο

766 2013 1022 2061 crucem,
1083 1996 1174 2065 qui
1235 1991 1583 2049 mortiﬁcavit
1635 1998 1691 2043 et
1747 1986 2018 2042 cruciﬁxit
2094 1984 2331 2053 seipsum

766 2090 984 2141 mundo.

833 2179 997 2234 Vsus.
1029 2178 1119 2231 ‘25.
1172 2195 1189 2228 ι
1243 2176 1346 2241 Qui
1399 2175 1541 2230 enim
1597 2172 1830 2227 voluerit
1882 2170 2117 2223 animam
2173 2180 2329 2221 suam

761 2285 1012 2335 servare,
1052 2270 1239 2338 perdet
1293 2282 1409 2322 eam
1450 2285 1463 2325 ;
1501 2266 1746 2335 quisquis
1801 2273 1982 2317 autem
2040 2257 2334 2330 perdiderit

768 2364 1002 2415 animam
1075 2376 1225 2414 suam
1290 2367 1510 2429 propter
1584 2372 1708 2423 me,
1780 2355 2019 2409 inveniet
2078 2367 2220 2407 eam.
2300 2369 2319 2401 ι

766 2455 844 2507 Ad
895 2455 1208 2523 martyrium
1252 2453 1575 2506 adhortatur
1618 2463 1716 2503 nos
1750 2466 1762 2501 :
1799 2447 2002 2501 invenit
2038 2446 2180 2499 enim
2216 2443 2335 2496 ani-

763 2561 904 2599 mam
953 2548 1019 2599 ad
1069 2559 1329 2612 praesens,
1377 2547 1478 2598 hoc
1524 2551 1627 2605 est,
1686 2548 1887 2606 servat,
1936 2539 2025 2609 qui
2066 2547 2247 2607 negat,
2278 2546 2335 2591 et

761 2648 945 2706 postea
977 2637 1172 2706 perdit.
1203 2635 1387 2691 Perdit
1432 2648 1609 2688 autem
1660 2633 1918 2698 animam,
1964 2632 2059 2686 sed
2114 2640 2335 2699 propter

760 2729 1058 2794 Christum,
1094 2728 1183 2796 qui
1234 2729 1297 2782 de
1334 2742 1399 2783 eo
1449 2726 1808 2781 testificatur:
1840 2724 1931 2793 qui
1985 2730 2040 2777 et
2098 2722 2337 2777 inveniet

759 2836 877 2875 eam
914 2820 965 2873 in
1001 2819 1428 2888 incorruptione,
1460 2826 1513 2871 et
1545 2816 1652 2870 vita
1690 2824 1913 2870 aeterna.

834 2911 998 2964 Vens.
1031 2908 1123 2971 26,
1156 2908 1246 2961 27.
1281 2926 1299 2959 ι
1363 2907 1503 2973 Quid
1553 2906 1693 2961 enim
1730 2904 1945 2974 prodest
2007 2904 2230 2968 homini,
2286 2902 2333 2958 si

767 3009 940 3056 totum
993 3001 1248 3052 mundum
1311 2998 1551 3050 lucratus
1592 2995 1775 3060 fuerit,
1810 2995 2005 3048 animae
2052 3008 2181 3047 vero
2223 3008 2333 3047 sua:

754 3095 1021 3163 jamuram
1066 3087 1291 3144 fecerit?
1334 3088 1438 3141 Aut
1470 3086 1600 3156 quid
1630 3087 1781 3141 dabit
1815 3087 1995 3150 homo,
2028 3087 2181 3154 cujus
2212 3102 2333 3153 per-

762 3184 1056 3238 mutatione
1121 3181 1348 3235 redimat
1404 3180 1638 3234 animam
1694 3178 1883 3233 suam?
1931 3177 2197 3232 Venturus
2250 3187 2334 3232 est

2441 1976 2625 2046 ρώσας
2659 1976 2858 2030 ἑαυτὸν
2879 1973 2959 2045 τῷ
2993 1972 3209 2043 κόσμῳ.

2514 2176 2533 2210 ι
2577 2159 2673 2221 Ὃς
2705 2158 2812 2229 γὰρ
2843 2159 2910 2212 ἂν
2953 2156 3082 2227 θέλῃ
3127 2155 3227 2225 τὴν
3264 2153 3442 2225 ψυχὴν
3474 2151 3638 2206 αὑτοῦ
3666 2151 3858 2217 σῶσαι,
3883 2152 4027 2205 ἀπο-

2438 2249 2585 2302 λέσει
2647 2250 2853 2320 αὐτήν·
2903 2248 2961 2311 ὃς
3016 2249 3063 2301 δ’
3099 2248 3165 2301 ἂν
3207 2247 3449 2317 ἀπολέσῃ
3489 2246 3588 2314 τὴν
3633 2243 3812 2316 ψυχὴν
3859 2240 4032 2296 αὑτοῦ

2436 2340 2620 2394 ἕνεκεν
2642 2341 2799 2409 ἐμοῦ,
2842 2341 3066 2410 εὑρήσει
3110 2341 3303 2409 αὐτὴν.
3342 2356 3360 2389 ι
3391 2337 3518 2396 Ἐπὶ
3550 2336 3854 2407 μαρτύριον
3893 2352 4034 2405 προ-

2434 2433 2698 2502 τρέπεται
2731 2434 2901 2503 ήμᾶς.
2936 2431 3195 2502 Εὑρίσκει
3225 2432 3323 2502 μὲν
3348 2426 3442 2485 οῦν
3472 2432 3571 2502 τὴν
3600 2430 3777 2499 ψυχὴν
3808 2428 3946 2498 πρὸς
3971 2427 4032 2479 τὸ

2436 2522 2632 2593 παρὸν,
2671 2523 2941 2587 τουτέστι,
2976 2522 3160 2587 σώζει,
3193 2525 3221 2573 6
3249 2522 3605 2594 ἀρνούμενος,
3643 2521 3701 2584 ὃς
3730 2521 3827 2573 καὶ
3860 2518 4033 2575 ἀπόλ-

2436 2612 2589 2665 λυσιν
2620 2612 2849 2683 ὕστερον
2870 2630 2885 2646 ο
2931 2613 3197 2667 ἀπόλλυσι
3237 2613 3295 2667 δὲ
3325 2614 3427 2685 τὴν
3454 2612 3656 2683 ψυχὴν,
3687 2612 3803 2666 ἀλλ’
3842 2611 4030 2665 ἕνεκεν

2435 2702 2530 2754 τοῦ
2581 2702 2842 2772 Χριστοῦ,
2884 2703 2944 2765 ὃς
2976 2703 3321 2773 μαρτυρήσει
3374 2703 3511 2773 ὑπὲρ
3558 2702 3746 2756 αὐτοῦ.
3794 2702 3891 2765 ’ος
3920 2699 4031 2769 ,καὶ

2436 2793 2657 2864 εὑρήσει
2696 2794 2867 2865 αὐτὴν
2911 2796 2969 2846 ὲν
3001 2794 3284 2866 ἀφθαρσίᾳ
3318 2795 3413 2859 καὶ
3443 2796 3558 2865 ζωῇ
3596 2794 3819 2865 αίωνίᾳ.

2510 2905 2528 2938 ι
2568 2887 2632 2939 Τί
2665 2888 2772 2958 γὰρ
2801 2886 3094 2955 ὠφελεῖται
3124 2887 3410 2957 ἄνθρωπος
3437 2888 3532 2941 ἓάν
3561 2888 3653 2941 τὸν
3680 2888 3885 2956 κόσμον
3905 2884 4031 2939 ὅλον

2436 2977 2698 3049 κερδήσῃ,
2731 2977 2830 3049 τὴν
2855 2977 2911 3030 δὲ
2941 2977 3120 3048 ψυχὴν
3148 2979 3316 3032 αὑτοῦ
3344 2978 3596 3049 ζημιωθῇ
3626 2997 3641 3045 ;
3677 2980 3747 3032 Ἣ
3781 2980 3835 3032 τί
3862 2976 4027 3033 δώσει

2436 3070 2724 3141 ἄνθρωπος
2780 3071 3140 3142 ἀντάλλαγμα
3186 3072 3286 3142 τῆς
3328 3072 3507 3143 ψυχῆς
3561 3074 3764 3139 αὐτοῦς
3822 3075 4026 3129 Μέλλει

2437 3162 2544 3231 γὰρ
2582 3166 2609 3216 6
2644 3164 2769 3227 Υἱὸς
2802 3164 2897 3217 τοῦ
2946 3165 3236 3236 ἀνθρώπου
3276 3167 3530 3237 ἔρχεσθαι
3577 3172 3635 3221 ἑν
3665 3171 3731 3239 τῇ
3764 3169 3892 3241 δόξῃ
3929 3168 4024 3223 τοῦ

757 3276 900 3328 enim
944 3272 1113 3328 Filius
1156 3270 1389 3325 hominis
1432 3270 1483 3322 in
1513 3268 1680 3339 gloria
1728 3268 1904 3322 Patris
1946 3268 2027 3322 sui
2072 3284 2192 3321 cum
2237 3282 2335 3320 an-
2365 3265 2409 3325 C
2445 3255 2450 3305 ἒ

2331 3265 2409 3325 .C
2445 3254 2657 3323 Πατρός
2691 3255 2858 3308 αὑτοῦ
2903 3258 3043 3326 μετά
3080 3257 3187 3312 τῶν
3227 3259 3704 3327 ἀγγέλων-αὑτοῦ,
3744 3261 3850 3313 -καὶ
3906 3263 4024 3315 τότε

756 3365 887 3431 gelis
935 3364 1065 3427 suis,
1108 3372 1161 3415 et
1219 3372 1345 3415 tunc
1400 3361 1585 3413 reddet
1643 3358 1933 3426 unicuique
1976 3357 2133 3425 juxta
2186 3357 2326 3412 facta

760 3457 951 3524 ipsius.
991 3473 1007 3506 ι
1047 3453 1138 3508 Sic
1174 3453 1334 3521 igitur
1359 3461 1411 3505 et
1446 3451 1712 3519 ﬁngamus
1754 3450 1897 3516 quod
1951 3458 2119 3501 totum
2172 3464 2328 3501 mutt-

756 3548 879 3599 dum
904 3544 1152 3609 luci-eris,
1177 3542 1267 3597 sed
1292 3557 1408 3610 qua:
1427 3541 1633 3594 utilitas
1656 3540 1700 3594 si
1725 3554 1925 3609 corpus
1951 3540 2085 3593 bene
2110 3539 2327 3602 habeat,

752 3648 807 3691 et
853 3639 1031 3689 anima
1086 3634 1224 3688 male
1255 3632 2027 3702 afﬁciatur?quemadmodum
2072 3631 2116 3685 si
2158 3641 2333 3706 mater

753 3730 985 3782 familias
1016 3727 1193 3781 lacera
1228 3734 1398 3789 veste,
1428 3733 1481 3779 et
1518 3726 1726 3780 ancillae
1773 3723 1978 3794 fulgida
2020 3736 2217 3778 ornatu
2246 3724 2329 3777 in-

756 3821 970 3875 cedant.
1000 3819 1182 3888 Neque
1226 3822 1279 3871 in
1324 3818 1505 3872 futuro
1543 3817 1741 3872 saeculo
1784 3819 1982 3888 poterit
2024 3819 2147 3888 quis
2200 3818 2328 3872 dare

751 3913 1228 3969 commutationem
1271 3921 1376 3979 pro
1404 3911 1583 3965 anima
1616 3926 1710 3965 sua
1746 3930 1756 3963 :
1787 3912 1871 3965 hic
1902 3912 2115 3980 quidem
2149 3920 2327 3979 potest

751 4008 879 4058 dare
936 4007 1203 4075 lacrymas
1264 4012 1318 4057 et
1352 4003 1771 4072 eleemosynam,
1804 4012 1857 4058 et
1901 4002 2170 4073 jejunare,
2218 4003 2326 4058 illic

749 4108 927 4150 autem
959 4112 1087 4149 non.
1113 4094 1281 4150 Judex
1299 4096 1440 4149 enim
1473 4103 1599 4148 tunc
1626 4108 1725 4148 nos
1754 4094 2010 4162 excipiet,
2034 4095 2177 4147 dona
2232 4110 2323 4148 re-

746 4203 983 4257 spuens:
1016 4203 1133 4241 nam
1165 4189 1315 4256 juxta
1342 4201 1501 4252 opera
1544 4202 1641 4239 sua
1679 4184 1941 4251 iudicabit
1970 4200 2327 4255 unumquem-

749 4295 874 4346 que.
902 4280 995 4332 Est
1020 4291 1197 4332 autem
1220 4288 1275 4331 et
1306 4277 1660 4331 metuendus:
1690 4277 1873 4330 veniet
1900 4277 2042 4330 enim
2073 4277 2126 4331 in
2154 4276 2324 4348 gloria

748 4386 843 4425 sua
880 4380 933 4425 et
966 4385 1087 4423 cum
1120 4368 1347 4438 angelis,
1377 4376 1431 4421 et
1462 4383 1568 4421 non
1596 4367 2036 4437 contemptibilis.

821 4552 981 4608 Vsus.
1010 4553 1099 4607 28.
1141 4573 1158 4605 ι
1197 4556 1366 4611 Amen
1412 4554 1553 4611 dico
1577 4552 1728 4607 vobis
1760 4568 1773 4605 :
1810 4560 1934 4609 sunt
1958 4550 2177 4622 quidam
2234 4552 2321 4607 hic

2441 3346 2714 3400 ἀποδώσει
2752 3349 2971 3420 ἑκάστῳ
3005 3351 3146 3403 κατά
3184 3350 3282 3421 τὴν
3311 3351 3513 3422 πρᾶξιν
3536 3353 3724 3407 αὑτοῦ.
3764 3373 3781 3405 ι
3822 3355 4024 3419 Ἔστω,

2443 3445 2601 3507 φησι,
2637 3440 3057 3508 καθ’ύπόθεσιν,
3092 3443 3173 3495 ὃτι
3207 3444 3298 3497 τὸν
3331 3446 3533 3514 κόσμον
3555 3446 3673 3498 ὅλον
3707 3447 4023 3516 ὲκέρδανας,

2437 3529 2575 3581 ἀλλά
2601 3530 2654 3581 τί
2683 3530 2742 3583 τὸ
2776 3530 2989 3600 ὄφελος,
3028 3534 3127 3600 τῆς
3171 3534 3349 3603 ψυχῆς
3405 3535 3591 3599 κακῶς
3649 3538 4022 3609 διακειμένης,

2435 3620 2497 3672 τὺ
2527 3620 2686 3690 σῶμα
2732 3623 3033 3688 εύπαθεῐν;
3072 3624 3260 3695 ὥσπερ
3306 3626 3373 3677 ἂν
3408 3629 3456 3679 εί
3487 3626 3585 3696 τῆς
3618 3630 4024 3698 οίκοδεσποίνης

2438 3712 2603 3782 ῥάκια
2632 3713 3008 3785 διερῤηγμένα
3044 3717 3336 3788 φορούσης,
3372 3720 3429 3771 at
3466 3721 3852 3790 θεραπαινίδες
3888 3723 4024 3792 λαμ-

2438 3809 2790 3874 προφοροῖεν.
2828 3808 2961 3861 Οὐδὲ
2996 3811 3102 3879 γὰρ
3135 3812 3191 3863 tv
3220 3809 3297 3881 τῷ
3328 3811 3573 3880 μέλλοντι
3601 3808 3759 3866 αἰῶνι
3796 3813 4022 3870 δύναταί

2433 3913 2518 3960 τις
2571 3898 2757 3952 δοῦναι
2824 3900 3181 3971 ἀντάλλαγμα
3232 3903 3372 3973 ὑπὲρ
3429 3905 3531 3973 τῆς
3583 3906 3764 3975 ψυχῆς
3829 3907 4019 3962 αὑτοῦ.

2446 3989 2709 4044 Ἐνταῦθα
2745 3993 2845 4063 μὲν
2878 3995 2986 4064 γὰρ
3033 3995 3257 4049 δύναται
3293 3997 3478 4051 δοῦναι
3522 3996 3754 4068 δάκρυα,
3798 4016 4021 4068 στεναγ-

2435 4084 2590 4151 μοὺς,
2630 4084 3002 4157 ἐλεημοσύνην
3026 4103 3037 4112 '
3076 4090 3195 4140 ἐκεῖ
3230 4089 3288 4141 δὲ
3319 4089 3403 4144 οὗ.
3451 4090 3879 4162 Ἀδωροδόκητος
3913 4093 4019 4163 γὰρ

2431 4178 2625 4248 κριτὴς
2648 4178 2950 4242 διαδέξεται
2967 4195 2979 4208 °
3006 4180 3150 4233 κατὰ
3170 4182 3278 4250 γὰρ
3301 4182 3367 4233 τά
3384 4182 3524 4252 ἔργα
3551 4183 3761 4248 δικάζει
3779 4186 4015 4257 ἑκάστην

2430 4272 2569 4325 ἀλλά
2615 4272 2707 4325 καὶ
2751 4272 3004 4344 φοῦερὸς,
3051 4275 3109 4327 tv
3141 4278 3207 4345 τῇ
3239 4276 3367 4347 δόξῃ
3421 4277 3531 4346 γὰρ
3569 4277 3736 4331 αὑτοῦ
3798 4278 4016 4350 ἔρχεται

2431 4363 2523 4413 καὶ
2576 4363 2715 4429 μετά
2770 4363 2881 4416 τῶν
2934 4363 3215 4432 ἀγγέλων,
3267 4366 3362 4419 καὶ
3415 4368 3538 4436 οὐχὶ
3594 4386 4015 4443 καταπεφρονη-

2432 4454 2612 4523 μένος.

2506 4560 2525 4593 ι
2578 4541 2748 4614 Ἀμην
2784 4542 2926 4611 λέγω
2957 4544 3110 4612 ὑμῖν,
3156 4543 3264 4598 είσί
3291 4562 3433 4609 τινες
3464 4546 3571 4599 τῶν
3602 4540 3703 4601 ὧδε
3740 4549 4011 4615 ἑστώτων,

752 4645 1099 4712 ειειιιοιᾳιὶ
1129 4656 1235 4698 non
1272 4647 1568 4714 gustabunt
1594 4654 1842 4709 mortem,
1876 4646 2052 4699 donec
2096 4646 2327 4700 viderint
2361 4622 2445 4685 DC

2319 4653 2327 4700 γ
2361 4622 2402 4677 Ῑ)
2428 4632 2621 4697 οίτινες
2647 4635 2707 4686 ού
2742 4635 2816 4705 μὴ
2845 4634 3151 4703 γεύσωνται
3191 4634 3444 4704 θανάτου,
3490 4638 3595 4702 ἕως
3647 4640 3713 4693 ἂν
3743 4640 3895 4693 ῐδωσι
3926 4642 4012 4696 τὸν

748 4734 943 4791 l'fiinm
979 4736 1213 4790 hominis
1245 4739 1550 4789 venientem
1593 4736 1642 4788 in
1686 4749 1851 4804 regno
1881 4750 2002 4789 suo.
2039 4753 2059 4787 ›
2102 4735 2325 4791 Dixerat

750 4840 1035 4882 venturum
1073 4826 1268 4881 Filium
1305 4827 1539 4881 hominis
1573 4826 1627 4879 in
1663 4826 1832 4895 gloria
1868 4840 1963 4880 sua
1998 4843 2013 4879 :
2047 4841 2115 4882 ne
2160 4827 2327 4895 igitur

747 4920 1011 4975 increduli
1040 4920 1169 4982 sint,
1202 4918 1333 4973 dicit
1366 4919 1489 4990 quia
1519 4927 1644 4972 sunt
1675 4919 1764 4973 hic
1793 4919 2011 4989 quidam
2044 4920 2139 4988 qui
2166 4920 2323 4987 juxta

742 5016 884 5083 quod
926 5027 1121 5081 capere
1167 5022 1413 5082 possunt,
1445 5012 1706 5066 videbunt
1746 5012 1798 5064 in
1836 5014 2323 5084 transﬁguratione

741 5107 967 5175 gloriam
1012 5105 1233 5160 secundi
1276 5105 1559 5159 adventus.
1590 5100 1813 5158 interim
1851 5113 2032 5159 autem
2085 5106 2326 5161 ostendit

747 5201 799 5252 in
828 5214 932 5267 qua
970 5198 1138 5266 giuria
1170 5204 1329 5251 erunt
1355 5198 1444 5267 qui
1480 5209 1699 5267 propter
1728 5199 1899 5266 ipsum
1930 5198 2073 5267 passi
2096 5197 2321 5254 fuerint.

746 5292 898 5345 Sicut
934 5290 1076 5344 enim
1114 5300 1238 5343 tunc
1289 5304 1415 5344 caro
1455 5290 1573 5359 ejus
1615 5288 1928 5359 fulguravit,
1964 5290 2035 5343 ita
2080 5306 2176 5360 pro
2228 5305 2324 5346 sua

741 5385 987 5451 portione
1013 5394 1138 5435 tunc
1170 5382 1445 5450 fulgebunt
1468 5383 1643 5437 sancti
1674 5400 1687 5435 :
1716 5381 1992 5450 signiﬁcat
2016 5392 2195 5437 autem
2226 5384 2328 5439 hoc

740 5476 856 5531 loco
874 5476 1092 5529 Petrum
1116 5484 1170 5529 et
1184 5475 1469 5539 Iacobum,
1485 5483 1537 5529 et
1552 5472 1839 5539 Joannem,
1858 5487 1996 5545 quos
2015 5474 2070 5529 in
2086 5483 2327 5530 montem

739 5568 1054 5636 assumpsit,
1087 5576 1140 5621 et
1176 5566 1413 5622 ostendit
1460 5565 1568 5623 illis
1612 5580 1839 5636 regnum
1871 5581 2053 5629 suum,
2085 5566 2187 5621 hoe
2220 5577 2326 5633 est,

739 5658 979 5715 futurum
1018 5671 1225 5715 statum
1263 5662 1314 5715 in
1345 5674 1453 5732 quo
1484 5669 1746 5716 venturus
1781 5670 1926 5715 esset
1952 5660 2088 5729 ipse,
2117 5670 2168 5716 et
2194 5660 2328 5730 justi

812 5843 854 5873 ’³
885 5839 1063 5897 Gulat.
1108 5854 1167 5905 II,
1199 5835 1288 5892 20.

2433 4726 2562 4780 Υίὸν
2584 4725 2678 4778 τοῦ
2703 4726 2991 4798 ἀνθρώπου
3013 4728 3314 4799 ἐρχόμενον
3329 4730 3388 4782 t‘v
3406 4733 3470 4799 τῇ
3506 4730 3754 4803 βασιλείᾳ
3776 4734 3963 4789 αὑτοῦ.
3988 4753 4005 4786 ι

2432 4814 2600 4871 Εἷπεν
2630 4820 2712 4872 ὅτι
2745 4820 2927 4890 μέλλει
2976 4819 3235 4891 ἔρχεσθαι
3263 4823 3292 4874 6
3323 4822 3449 4886 Υίδς
3489 4824 3585 4877 τοῦ
3631 4825 3924 4895 ἀνθρώπου
3956 4830 4011 4883 tv

2430 4914 2499 4982 τῇ
2521 4912 2651 4983 δόξῃ
2671 4912 2860 4966 αὐτοῦ.
2899 4912 3021 4968 ἰνα
3047 4910 3141 4968 οῦν
3173 4915 3247 4985 μὴ
3272 4918 3577 4971 ἀπιστῶσιν
3604 4920 3824 4987 ἐκεῖνοι,
3851 4926 4011 4993 φησιν

2428 5004 2511 5057 ὅτι
2542 5004 2649 5057 stat
2679 5022 2823 5068 τινες
2859 5004 3117 5073 ἐνταῦθα,
3149 5008 3200 5061 ot
3229 5010 3371 5064 κατά
3398 5012 3460 5063 τὸ
3485 5012 3767 5083 ἐγχωροῦν
3789 5015 4009 5085 ὄψονται

2428 5097 2486 5149 tv
2516 5098 2581 5167 τῇ
2618 5114 2687 5166 με
2699 5097 3045 5169 ιαμορφώσει
3068 5099 3167 5171 τὴν
3196 5100 3355 5167 δόξαν
3384 5103 3483 5173 τῆς
3513 5104 3776 5175 δευτέρας
3800 5124 4009 5178 παρου-

2431 5190 2584 5252 σίας·
2619 5188 2737 5259 ἀμα
2767 5191 2826 5243 δὲ
2860 5192 2953 5244 καὶ
2983 5191 3256 5245 δείκνυσιν
3299 5196 3358 5247 tv
3386 5195 3513 5265 ποίᾳ
3546 5196 3673 5268 δόξῃ
3723 5199 3937 5254 ἔσονται
3963 5204 4007 5255 ot

2426 5283 2492 5336 δι’
2519 5284 2682 5337 αὑτὸν
2717 5286 3004 5351 παθόντες.
3051 5286 3139 5349 Ὠς
3171 5286 3281 5358 γὰρ
3315 5288 3658 5360 ἑξήστραψεν
3689 5294 3723 5361 ἡ
3756 5295 3893 5363 σὰρξ
3917 5300 4008 5350 αὑ-

2426 5377 2520 5430 τοῦ
2563 5377 2892 5448 τηνικαῦτα,
2927 5378 3071 5432 οὕτω
3111 5380 3252 5434 κατὰ
3296 5381 3597 5451 ἀναλογίαν
3628 5386 3678 5437 ot
3705 5384 3853 5454 ἀγιοι
3892 5389 4007 5443 τότε

2427 5467 2827 5537 έκλάμψουσινο
2869 5468 3171 5522 αίνίττεται
3199 5469 3256 5522 δὲ
3286 5471 3527 5524 ἐνταῦθα
3556 5473 3647 5525 τὸν
3690 5476 3897 5547 Πέτρον
3920 5480 4009 5534 καὶ

2442 5563 2701 5617 Ἰάκωϐον
2738 5564 2829 5615 καὶ
2872 5560 3163 5633 ⁸Ἰωάννην,
3195 5562 3287 5626 οὓς
3322 5565 3634 5635 παρέλαϐεν
3667 5570 3746 5632 είς
3777 5570 3838 5622 τὸ
3863 5570 4006 5642 ὄρος,

2430 5655 2523 5709 καὶ
2574 5656 2773 5721 ἔδειξεν
2813 5651 2998 5725 αὺτοῖς
3030 5656 3129 5726 τὴν
3167 5654 3448 5725 βασιλείαν
3495 5659 3684 5727 αὑτοῦ,
3738 5664 4003 5733 τουτέστι,
