4288 6444
761 334 864 401 327

1714 333 2297 403 THEOPHYLACTI
2335 327 2751 396 BULGABIJE
2789 325 3151 397 ARCHIEP.

3908 317 4042 384 3:8

757 445 955 502 mansit
992 458 1190 515 corpus
1219 443 1274 500 iu
1301 455 1408 514 suo
1456 440 1666 500 habitu.
1703 439 1919 496 Faciem
1961 442 2105 498 enim
2155 441 2378 514 ipsius}

2433 453 2636 508 ματος·
2684 433 2979 504 πρόσωπον
3033 432 3142 502 γάρ
3173 429 3340 485 αὑτοῦ
3396 429 3616 491 ἀκούεις
3669 430 3764 481 καὶ
3806 431 4047 499 [μά-εισι.

755 539 910 593 audis
968 548 1022 592 et
1078 537 1303 596 vestem.
1347 532 1626 603 εαιαίἀὶοτ
1683 531 1983 603 apparebat
2049 532 2332 590 divinitate

757 643 954 699 parvos
994 626 1256 698 quosdam
1301 624 1484 679 radios
1515 639 1644 678 suos
1675 623 2006 689 declarante,
2037 633 2093 679 et
2132 625 2234 682 hoe
2275 632 2334 678 ut

759 721 940 774 videre
968 710 1265 787 poterant:
1294 724 1584 786 prepterea
1615 725 1668 771 et
1696 731 1923 786 regnum
1958 717 2050 771 Dei
2087 717 2334 784 superius

760 812 892 864 dixit
945 809 1477 878 transfigurationem
1507 848 1522 874 ,
1558 823 1623 863 eo
1673 806 1816 876 quod
1869 807 2157 870 ineaabilis
2212 808 2333 878 ejus

759 912 994 972 potestas
1024 905 1090 955 ibi
1123 887 1420 966 refulserit,
1450 911 1502 956 et
1535 901 1677 970 quod
1709 915 2000 971 germanus
2035 901 2204 956 Filius
2232 901 2333 955 Pa-

759 997 856 1048 tris
878 1007 1130 1049 ostensus
1159 997 1248 1058 sit,
1279 1006 1332 1049 et
1364 995 1503 1062 quod
1532 992 1767 1060 dignitas
1793 993 2015 1048 secundi
2069 993 2332 1048 adventus

760 1089 812 1141 in
850 1089 1135 1157 splendore
1168 1088 1320 1163 [aciei
1353 1087 1551 1141 Christi
1581 1084 1848 1141 ineffabili
1882 1087 2161 1142 claruerit.

827 1276 990 1328 Vens.
1040 1275 1089 1328 3.
1123 1293 1141 1325 ι
1181 1274 1248 1327 Et
1303 1289 1430 1329 ecce
1475 1281 1843 1343 apparuerunt
1894 1265 2000 1327 illis
2053 1268 2229 1326 Moses
2273 1278 2329 1323 et

755 1367 896 1420 Elius
923 1383 1042 1420 cum
1065 1368 1151 1421 illo
1169 1369 1501 1437 loquentes.»
1526 1368 1600 1423 De
1625 1384 1729 1437 quo
1753 1365 2231 1436 colloquebantur?
2253 1364 2328 1419 De

751 1473 995 1520 excessu,
1051 1460 1221 1527 inquit
1270 1458 1464 1523 Lucas,
1509 1474 1669 1530 quem
1736 1460 2054 1527 impleturus
2092 1470 2210 1513 erat
2271 1460 2322 1512 in

757 1547 1110 1609 lliel‘tISnIum,
1141 1550 1241 1604 hoc
1270 1561 1371 1614 est,
1408 1551 1472 1605 de
1503 1567 1684 1605 cruce.
1713 1550 1890 1617 Quare
1937 1563 2114 1608 autem
2151 1549 2325 1605 Moses

2439 525 2836 597 Λαμπρότερος
2870 523 3146 593 ἐφαίνετο,
3183 521 3283 586 τῆς
3325 520 3584 587 θεότητος
3619 517 4052 594 παραδςιξάσης

2436 619 2630 690 μικρόν
2663 635 2717 672 τι
2768 616 2868 680 τὰς
2912 617 3136 677 ἀκτῖνας
3169 613 3362 690 αὐτῆς,
3410 613 3504 664 καὶ
3555 611 3712 666 τοῦτο
3761 611 3836 674 ὼς
3890 609 4046 680 ἡδύ-

2433 728 2593 768 ναντο
2629 710 2758 763 ἰδεῖν
2781 727 2792 741 ·
2842 708 2932 761 διά
2973 707 3132 760 τοῦτο
3159 706 3268 775 γάρ
3301 703 3395 758 καὶ
3437 702 3717 773 βασιλείαν
3745 703 3836 755 τοῦ
3881 699 4038 754 Θεοῦ

2430 802 2691 872 ἀνωτέρω
2723 803 2916 872 εἴρηκε
2955 798 3052 868 τὴν
3091 797 3542 867 μεταμόρφωσιν,
3585 794 3660 858 ὡς
3701 796 4040 864 ἐκφήνασαν

2429 897 2530 964 τῆς
2549 894 2803 959 ἐξουσίας
2835 894 2896 944 τὸ
2925 892 3156 959 ἄφατον.
3211 889 3306 942 καὶ
3343 889 3429 941 ὅτι
3459 885 3683 955 γνήσιός
3713 886 3865 939 ἐστιν
3895 873 4039 945 Υἱὸς

2428 988 2523 1040 τοῦ
2557 987 2769 1058 Πατρὸς
2805 986 3080 1050 δείξασαν,
3116 983 3209 1038 καὶ
3251 981 3326 1042 ὡς
3367 980 3469 1049 τῆς
3506 978 3764 1046 δευτέρας
3813 993 4037 1045 παρου-

2433 1079 2551 1140 σίας
2578 1077 2638 1129 τὸ
2670 1076 2886 1146 ἀξίωμα
2918 1076 3210 1144 φέρουσαν,
3243 1072 3329 1125 διὰ
3353 1069 3451 1139 τὴν
3488 1070 3730 1140 ἄρρητον
3771 1067 4036 1137 λαμπρό-

2429 1185 2564 1238 τητα
2587 1168 2680 1220 τοῦ
2713 1167 3006 1237 προσώπου
3044 1163 3138 1218 τοῦ
3183 1162 3380 1230 Ἰησοῦ.

2512 1279 2530 1312 ι
2562 1261 2676 1312 Καὶ
2726 1260 2837 1313 ίδοὺ
2873 1257 3135 1329 ὤφθησαν
3165 1256 3350 1316 αὐτοῖς
3400 1255 3603 1322 Μωσῆς
3655 1253 3752 1304 καὶ
3811 1251 4028 1309 Ἠλίας,

2432 1348 2750 1422 μετ”αὺτοῦ
2784 1331 3244 1411 συλλαλοῦντεςρι
3280 1347 3344 1399 Τί
3371 1345 3692 1399 συνελάλουν
3725 1362 3739 1409 ;
3767 1340 3881 1411 Τὴν
3905 1343 4028 1405 ἐξο-

2427 1445 2517 1498 δον
2568 1444 2705 1515 (24),
2756 1444 3254 1514 φησὶνόΛουκᾶς,
3309 1440 3375 1511 ἣν
3427 1439 3619 1510 ἔμελλε
3672 1438 3917 1507 πληροῦν
3965 1437 4029 1484 ἐν

2436 1525 2814 1608 Ἰερουσαλὴμ,
2840 1536 3106 1600 τουτέστι,
3134 1534 3227 1587 τὸν
3260 1535 3513 1603 σταυρόν.
3549 1533 3700 1585 Διατί
3733 1531 3787 1582 δὲ
3813 1527 4025 1593 Μωσῆς

751 1651 803 1693 ct
847 1641 989 1693 Elius
1025 1643 1121 1694 visi
1171 1641 1336 1695 sunt?
1367 1642 1434 1697 Ut
1461 1645 1780 1698 ostendatur
1819 1643 1964 1714 quod
2012 1653 2063 1699 et
2108 1643 2242 1712 legis
2268 1654 2324 1696 et

2432 1630 2519 1681 καὶ
2545 1610 2730 1692 Ἠλίας
2757 1626 3053 1698 ὢφθησανς
3104 1625 3219 1682 Ἵνα
3251 1625 3437 1696 δειχθῇ
3467 1627 3548 1707 ὅτι
3580 1624 3672 1675 καὶ
3718 1623 3886 1690 νόμου
3931 1637 4023 1671 και

752 1734 1142 1799 prophetarum
1197 1733 1312 1802 ipse
1362 1735 1432 1788 sit
1487 1735 1766 1800 Dominus,
1813 1735 2215 1806 viventiumque
2259 1750 2320 1788 ac

753 1836 1127 1880 tnOrtuorum:
1169 1826 1310 1880 Elius
1362 1827 1580 1896 quidem
1630 1837 1713 1881 est
1762 1829 2046 1898 propheta,
2087 1837 2141 1884 et
2193 1829 2326 1882 vivit

749 1916 954 1981 adhuc;
987 1917 1160 1969 Moses
1209 1928 1387 1970 autem
1443 1917 1739 1987 legislator,
1774 1929 1827 1972 et
1881 1928 2124 1972 mortuus
2184 1929 2263 1973 est
2309 1936 2320 1970 :

748 2010 876 2078 quin
921 2019 973 2061 et
1030 2019 1085 2061 ut
1136 2020 1391 2077 appareat
1420 2011 1558 2077 quod
1595 2024 1699 2063 non
1745 2011 1811 2063 sit
1848 2009 1947 2081 legi
1980 2010 2325 2066 adversarius

754 2114 924 2168 neque
956 2101 1084 2163 Deo,
1115 2116 1220 2154 non
1247 2102 1389 2155 enim
1433 2099 1605 2156 Moses
1651 2093 1909 2161 aStitisset
1935 2115 2034 2156 suo
2067 2103 2324 2158 adversa-

751 2188 851 2250 rio,
889 2205 1063 2257 neque
1113 2191 1259 2244 Elias
1319 2199 1501 2243 tantus
1543 2191 1747 2245 Zelolcs
1799 2171 2322 2267 ipsutntulissetpsi

749 2280 858 2333 Deo
905 2283 1093 2335 fuisset
1145 2283 1491 2336 contrarius:
1530 2289 1791 2352 praeterea
1852 2293 1909 2337 ut
1955 2267 2320 2354 suspicionem

750 2374 896 2425 tollat
929 2391 1113 2428 eorum
1151 2377 1240 2444 qui
1273 2377 1443 2442 ipsum
1477 2375 1649 2430 Etiam
1688 2376 1769 2430 vel
1801 2390 1966 2431 unum
1999 2391 2064 2431 ex
2096 2361 2326 2446 ;ropbe-

750 2469 818 2520 tis
882 2467 1152 2522 dicebant.
1207 2469 1354 2522 Unde
1409 2477 1586 2520 autem
1649 2478 2021 2537 wgnoverunt
2073 2467 2324 2538 discipuli

749 2560 890 2623 quod
920 2557 1090 2610 Moses
1123 2569 1175 2611 ct
1199 2558 1340 2613 Elias
1380 2557 1622 2613 fuerint?
1649 2575 1757 2613 non
1797 2560 1941 2613 enim
1973 2575 2000 2616 a
2027 2558 2326 2613 lineamen-

750 2652 818 2704 tis
848 2651 1135 2714 faciernm,
1164 2653 1286 2720 quia
1323 2653 1590 2721 imagines
1639 2652 1922 2728 hominum
1971 2650 2152 2709 facere
2193 2660 2325 2705 tunc

751 2743 970 2810 impium
1021 2744 1318 2797 videbatur.
1360 2743 1586 2798 Videtur
1631 2737 1982 2815 igitur-quod
2016 2758 2080 2797 ex
2119 2757 2326 2800 sermo-

749 2834 907 2888 nibus
950 2848 1085 2900 quos
1127 2844 1251 2887 tunc
1297 2829 1436 2887 inter
1481 2849 1540 2888 se
1578 2833 1956 2898 conterebant,
2008 2834 2325 2903 agnoverint

747 2938 861 2976 eos.
901 2922 1175 2976 Fortassis
1223 2923 1366 2976 enim
1407 2923 1543 2977 alter
1577 2925 1795 2992 quidem
1859 2925 2091 2989 dicebat,
2135 2941 2324 2996 nempe

752 3013 927 3067 Moses
958 3032 970 3066 :
997 3013 1074 3065 Tu
1107 3031 1165 3067 es
1198 3015 1352 3082 cujus
1384 3030 1482 3092 ego
1514 3016 1820 3091 passionem
1847 3017 2182 3087 praeﬁguravi
2229 3031 2323 3071 oc-

745 3110 860 3162 ciso
900 3123 1058 3176 agno,
1086 3119 1140 3160 et
1166 3105 1407 3176 perfecto
1455 3107 1703 3164 Pascha:
1742 3109 1882 3164 alter
1929 3118 2107 3165 autem
2142 3107 2322 3164 Elias:
2357 3137 2400 3195 α

746 3197 825 3254 Tn
851 3213 913 3252 es
926 3197 1081 3265 cujus
1106 3197 1563 3253 resurrectionem
1591 3213 1692 3268 ego
1715 3199 2124 3271 praeﬁguravijn
2150 3200 2321 3256 vidua:

746 3289 875 3349 lilio,
903 3297 955 3341 et
999 3288 1124 3341 talia
1170 3288 1437 3356 quaedam.
1471 3289 1777 3343 Ostendens
1809 3283 1989 3360 igitur
2010 3289 2126 3344 illos
2158 3289 2321 3343 disci-

743 3379 917 3448 pulis,
950 3383 1109 3434 docet
1159 3395 1252 3433 eos
1301 3381 1435 3434 tales
1488 3380 1706 3445 imitari,
1740 3389 1792 3435 et
1840 3394 2151 3437 mansuetos
2197 3380 2321 3450 qui-

2429 1721 2724 1792 προφητῶν
2772 1721 2936 1781 αὐτός
2982 1721 3096 1774 ἐστι
3145 1719 3373 1787 Κύριος,
3426 1718 3519 1769 καὶ
3556 1717 3637 1768 ὅτι
3671 1713 3890 1778 ζώντων
3929 1714 4022 1762 xx‘:

2429 1812 2638 1883 νεκρῶν
2658 1829 2669 1841 ⁸
2714 1802 2902 1874 Ἠλίας
2935 1813 3033 1880 μὲν
3063 1812 3170 1881 γάρ
3199 1813 3507 1880 προψήτης,
3536 1811 3629 1860 καὶ
3655 1806 3722 1875 ζῇ
3758 1805 3860 1855 ἔτι·
3890 1805 4019 1855 Μω-

2429 1906 2529 1974 σῆς
2561 1904 2615 1956 δὲ
2648 1905 2967 1974 νομοθέτης,
3009 1906 3101 1956 καὶ
3137 1903 3399 1974 τέθνηκεν
3429 1921 3440 1934 ·
3470 1902 3605 1954 ἀλλὰ
3631 1904 3722 1953 καί
3756 1901 3841 1952 ἵκα
3877 1901 4016 1966 φανῇ

2426 1997 2506 2051 ὅτι
2540 2000 2638 2052 οὐκ
2680 1998 2921 2060 ἐναντίος
2972 1999 3088 2048 ἐστί
3123 1995 3202 2064 τῷ
3235 1997 3389 2072 νόμῳ
3440 1992 3547 2046 οὐδ’
3599 1990 3870 2052 ἀντίθεος.
3903 1989 4016 2039 Οὐκ

2427 2089 2494 2143 ἂν
2523 2089 2630 2160 γὰρ
2660 2089 2686 2140 ὁ
2734 2083 2941 2158 Μωσῆς
2997 2088 3277 2141 συνελάλει
3326 2087 3403 2157 τῷ
3457 2085 3861 2151 ἐναντιουμένῳ
3905 2085 4016 2141 τοῖς

2425 2180 2590 2234 αῦτοῦ
2620 2222 2634 2247 ,
2689 2180 2800 2232 οὐδ’
2851 2180 2916 2234 ἂν
2949 2179 3135 2241 Ἠλίας
3175 2179 3203 2231 ὁ
3243 2177 3487 2250 ζηλωτὴς
3536 2177 3785 2246 ἠνείχετο
3827 2172 4012 2253 αὑτοῦ,

2426 2274 2670 2327 ἀντιθέου
2705 2273 2890 2343 ὄντος·
2923 2273 3001 2327 ἔτι
3043 2273 3121 2335 δὲ,
3158 2273 3243 2326 ἵνα
3295 2273 3432 2343 λύσῃ
3472 2273 3571 2339 τὴν
3619 2269 3874 2321 ὑπόνοιαν
3909 2265 4016 2317 τῶν

2426 2367 2697 2437 λεγόντων
2731 2341 2894 2422 αὐτὸν
2944 2367 3128 2420 Ἠλίαν
3161 2367 3194 2440 ἢ
3234 2367 3328 2418 ἕνα
3357 2341 3466 2417 τιῦν
3499 2363 3817 2436 προφητῶν.
3852 2357 4019 2412 Πόθεν

2423 2461 2481 2541 δὲ
2513 2462 2682 2528 ἔγνων
2715 2462 2765 2512 οἱ
2812 2459 3054 2531 μαθηταὶ
3092 2461 3173 2513 ὅτι
3220 2458 3427 2528 Μωσῆς
3472 2458 3565 2509 καὶ
3626 2449 3810 2516 Ἠλίας
3841 2449 4016 2523 i1qu;

2427 2553 2486 2606 οὺ
2505 2553 2614 2623 γάρ
2642 2553 2704 2623 δὴ
2730 2553 2836 2608 ἀπὸ
2857 2553 3104 2620 εἰκόνων,
3129 2553 3250 2604 ἐπεὶ
3280 2553 3491 2611 εἰκόνας
3515 2547 3817 2618 ἀνθρώπων
3847 2547 4017 2597 ποεῖν

2426 2646 2544 2697 τότε
2575 2646 2769 2708 άσεὸἐς
2819 2645 3014 2697 ἐδόκει.
3059 2647 3279 2697 Ἔοικεν
3308 2644 3405 2698 οῦν
3440 2631 3522 2696 ὅτι
3565 2641 3672 2696 ἀπὸ
3707 2640 3814 2692 τῶν
3845 2639 4017 2704 λόγων

2426 2727 2502 2788 ὧν
2534 2734 2720 2803 ἔλεγον
2749 2738 2994 2804 ἐπέγνων
3026 2736 3223 2798 αὐτούς
3245 2752 3258 2764 '
3289 2737 3448 2805 τυχὸν
3486 2734 3593 2803 γὰρ
3624 2732 3650 2782 ὁ
3687 2733 3784 2801 μὲν
3815 2730 4018 2799 Μωσῆς

2426 2827 2610 2905 ἔλεγεν
2631 2845 2643 2859 ο
2677 2829 2747 2882 Σὺ
2773 2825 2821 2882 si
2853 2825 2914 2883 οὗ
2946 2829 3315 2898 προετύπωσα
3353 2826 3466 2895 ἐγὼ
3493 2827 3553 2879 τὸ
3585 2823 3777 2888 πάθος,
3811 2821 4019 2899 σφάξας

2419 2922 2515 2976 τὸν
2538 2901 2721 2992 ’ἀμνὸν
2749 2923 2843 2975 καὶ
2872 2916 2931 2974 τὸ
2964 2922 3155 2992 Πάσχα
3184 2921 3407 2982 τελέσας
3428 2935 3442 2950 ο
3501 2918 3688 2980 Ἠλίας
3735 2917 3792 2969 δέ
3821 2932 3832 2945 ·
3971 2909 4020 2965 εἴ

2430 3010 2491 3070 οῦ
2524 3015 2623 3085 τὴν
2654 3016 2951 3068 ἀνάστασιν
2981 3015 3348 3086 προετὺπωσα
3375 3014 3432 3065 ἐν
3459 3010 3536 3080 τῷ
3566 3015 3660 3080 τῆς
3693 3009 3868 3079 χήρας
3895 3006 4020 3076 uit},

2432 3106 2526 3159 καὶ
2557 3107 2781 3159 τοιαῦτά
2809 3124 2952 3160 τινα.
3003 3105 3274 3158 Δεικνύων
3306 3101 3399 3158 οὖν
3429 3102 3653 3165 τούτους
3691 3103 3801 3163 τοῖς
3842 3098 4019 3169 μαθη-

2431 3199 2574 3263 ταῖς,
2609 3197 2851 3250 διδάσκει
2888 3197 3086 3260 αὐτοὺς
3121 3196 3347 3258 τούτους
3383 3195 3691 3266 μιμεῖσθαι,
3745 3193 3837 3245 καὶ
3879 3190 4022 3244 κατὰ

2424 3289 2630 3359 Μωσῆν
2668 3289 2766 3358 μὲν
2805 3290 3017 3360 πράους
3050 3283 3308 3344 εἶναικαὶ
3344 3285 3774 3357 δημαγωγικούς
3803 3301 3814 3313 ·
3875 3284 4018 3337 κατὰ

2426 3381 2483 3433 δέ
2528 3380 2732 3444 Ἠλίαν,
2781 3365 3030 3451 ζηλωτὰ-ς
3071 3382 3166 3435 καὶ
3214 3367 3496 3448 άκαμπεῖς
3525 3380 3614 3431 ὅτε
3662 3378 3874 3447 καιρὸς,
3928 3376 4024 3428 καὶ

743 3475 864 3528 dem
897 3489 1015 3527 esse
1053 3483 1109 3526 et
1147 3472 1452 3541 populares,
1480 3473 1624 3528 sicut
1651 3471 1828 3530 Moses
1858 3490 1873 3527 :
1900 3474 2102 3528 zelotas
2131 3485 2315 3529 autem

2432 3471 2882 3538 κινδυνευτικοῢς,
2929 3471 3119 3545 ὥσπερ
3158 3467 3304 3526 οῦτοι
3330 3471 3477 3543 ὑπὲρ
3508 3471 3604 3541 τῆς
3629 3460 3914 3541 ἀληθείας.

739 3576 795 3620 et
839 3573 1169 3627 constantes,
1222 3563 1362 3618 sicut
1409 3562 1555 3618 Elias
1595 3580 1609 3616 :
1644 3575 1698 3621 et
1741 3565 1790 3619 si
1842 3565 2058 3635 quando
2109 3575 2320 3637 tempus

739 3667 913 3717 vocet,
946 3655 1323 3724 periclitantes
1354 3670 1452 3724 pro
1483 3656 1734 3721 veritate,
1762 3657 1904 3710 sicut
1938 3657 2035 3711 illi.

811 3748 924 3821 89
945 3746 1106 3802 Vsus.
1124 3748 1177 3801 4.
1202 3765 1218 3796 ι
1243 3743 1590 3820 Respondeas
1607 3757 1783 3801 autem
1803 3745 2277 3803 Petrusdixitiesu
2305 3766 2318 3801 :

743 3842 990 3907 Doinine,
1031 3842 1233 3895 bonum
1266 3851 1350 3895 est
1377 3828 1487 3895 'nOs
1518 3841 1604 3896 hic
1630 3855 1788 3906 esse;
1828 3841 1872 3894 si
1903 3841 2003 3906 vis,
2051 3840 2318 3897 faciamus

741 3934 828 3992 hic
852 3935 950 3986 tria
988 3932 1357 3997 tabernacula,
1393 3932 1486 3986 tibi
1524 3946 1711 3997 unum,
1743 3939 1795 3986 et
1829 3930 2000 4000 Moysi
2049 3947 2236 3995 unum,
2268 3941 2324 3986 et

739 4025 869 4080 lilia:
901 4040 1084 4079 unum.
1122 4043 1148 4082 ι,
1179 4025 1375 4079 Petrus
1432 4023 1501 4078 ob
1525 4023 1747 4078 multam
1778 4023 2126 4078 dilectionem
2159 4014 2322 4079 Chri-

737 4127 876 4172 stum
910 4118 1016 4187 pati
1047 4118 1254 4178 nolens,
1289 4116 1415 4169 dicit
1438 4115 1672 4168 :Bonum
1699 4126 1782 4170 est
1807 4117 1910 4170 hoc
1936 4117 2054 4170 ioco
2079 4131 2321 4183 manere,

741 4219 794 4262 et
828 4223 933 4261 non
985 4208 1337 4269 descendere.
1370 4215 1424 4259 et
1467 4206 1664 4260 occidi.
1695 4206 1829 4261 Nam
1860 4208 1904 4262 si
1936 4209 2059 4276 quis
2095 4209 2199 4263 huc
2229 4223 2324 4264 ve-

741 4300 903 4364 nerit,
954 4298 1214 4352 habemus
1244 4302 1296 4352 et
1331 4296 1510 4353 Mosen
1551 4308 1605 4353 et
1633 4298 1805 4353 Eliam
1847 4311 1949 4354 nos
1981 4294 2320 4366 adiuvantes.

740 4392 913 4445 Moses
946 4393 1163 4458 quidem
1200 4387 1484 4460 Egyptios
1511 4389 1727 4453 devicit,
1762 4389 1905 4444 Elius
1935 4399 2116 4447 autem
2147 4391 2320 4458 ignem

2501 3769 2518 3802 ι
2572 3748 2918 3820 Ἀποκριθεὶς
2937 3750 2992 3803 δέ
3015 3752 3042 3803 ὁ
3073 3750 3280 3821 Πέτρος
3312 3745 3438 3804 εἷπε
3470 3749 3548 3822 τῷ
3591 3748 3793 3820 Ἰησοῦ·
3823 3748 4022 3818 Κύριε,

2425 3841 2592 3894 καλόν
2628 3843 2780 3894 ἐστιν
2816 3843 2965 3912 ἡμᾶς
3010 3836 3113 3897 ὧδε
3166 3840 3349 3897 εἶναι’
3383 3845 3431 3896 εί
3473 3845 3668 3907 θέλεις,
3702 3845 4024 3913 ποιήσωμεν

2421 3924 2521 3984 ὧδε
2555 3933 2703 4002 τρεῖς
2755 3930 2983 4000 σκηνὰς,
3038 3935 3122 3986 σο)⁸
3170 3934 3325 4004 μίαν,
3381 3935 3474 3988 καὶ
3510 3935 3683 4005 Μωσῇ
3742 3936 3892 4004 μίαν,
3930 3935 4023 3986 καὶ

2427 4025 2558 4093 μίαν
2608 4024 2782 4092 Ἠλίᾳ.
2821 4042 2838 4074 ι
2891 4024 2950 4077 '0
2993 4025 3199 4096 Πέτρος
3239 4027 3565 4096 βουλόμενος
3597 4026 3672 4097 μὴ
3703 4025 3895 4080 παθεῖν
3931 4027 4024 4078 τὸν

2427 4117 2682 4187 Χριστὸν,
2712 4115 2802 4167 διὰ
2829 4115 2930 4186 τὴν
2984 4119 3183 4188 πολλὴν
3232 4119 3481 4188 ἀγάπην,
3514 4110 3680 4188 φησὶν
3716 4121 3798 4171 ὅτι
3840 4119 4024 4172 Καλόν

2427 4212 2577 4264 ἐστιν
2609 4207 2848 4264 ἐνταῦθα
2883 4211 3090 4282 μένειν,
3123 4211 3221 4265 καὶ
3256 4212 3330 4281 μὴ
3370 4212 3657 4264 κατελθεῖν
3689 4209 3787 4266 καὶ
3828 4229 4026 4281 φονευ-

2428 4302 2607 4371 θῆναι.
2649 4301 2710 4354 Εί
2743 4301 2854 4370 γὰρ
2911 4303 3004 4354 καὶ
3055 4301 3200 4356 ἔλθοι
3251 4319 3337 4367 τις
3376 4290 3633 4367 ἐνταῦθα,
3667 4301 3879 4374 ’ἔχομεν
3932 4308 4027 4356 καὶ

2429 4393 2636 4463 Μωσῆν
2669 4394 2761 4445 καὶ
2805 4393 2993 4446 Ἠλίαν
3018 4397 3458 4465 συνεργήσουτας
3494 4397 3649 4466 ἡμῖν.
3686 4396 3889 4465 Μωσῆς
3925 4397 4024 4466 μὲν

738 4502 767 4538 e
803 4485 941 4537 casio
967 4481 1208 4544 deduxit,
1242 4491 1297 4534 et
1320 4483 1453 4536 tales
1473 4494 1631 4535 erunt
1659 4483 1710 4535 in
1738 4483 1987 4537 inimicos
2022 4485 2067 4538 si
2097 4486 2187 4553 qui
2222 4486 2324 4543 huc
2356 4479 2378 4533 ι

2432 4486 2538 4553 γάρ
2571 4484 2700 4547 τοὺς
2753 4486 3088 4552 Αίγυπτίους
3133 4489 3569 4557 κατηγωνίσατο,
3612 4489 3800 4551 Ἠλίας
3824 4488 3880 4540 δὲ
3913 4489 4028 4558 πῦρ

740 4590 926 4633 contra
970 4593 1070 4632 nos
1105 4577 1318 4631 venturi
1352 4586 1496 4630 sunt.
1550 4576 1672 4630 Haec
1703 4585 1881 4630 autem
1913 4593 2024 4645 pne
2054 4579 2224 4632 nimio
2257 4581 2322 4632 ti-

743 4685 894 4723 more
922 4667 1264 4736 loquehatnr.
1297 4665 1438 4718 sicut
1470 4663 1644 4719 Lucas
1694 4666 1890 4734 inquit,
1924 4666 2171 4733 nesciens
2195 4668 2324 4736 quid

741 4763 964 4815 diceret.
989 4759 1202 4817 Insolita
1229 4757 1376 4812 enim
1398 4755 1534 4809 visio
1553 4756 1935 4825 obstupescere
1959 4771 2080 4810 eum
2099 4756 2325 4824 fecerat,
2355 4802 2357 4805 .

747 4863 839 4906 aut
869 4853 1145 4905 nesciebat
1182 4863 1371 4904 revera
1396 4849 1527 4920 quid
1568 4850 1905 4918 loqueretur,
1927 4850 2114 4906 volens
2137 4849 2322 4908 Jesum

741 4962 961 5000 mam-re
1004 4951 1057 4998 in
1097 4954 1298 5007 monte,
1345 4954 1398 4997 et
1445 4959 1550 4997 non
1603 4943 1956 5007 descendere,
1989 4952 2042 4998 et
2069 4947 2180 5013 pati
2227 4961 2324 5014 pro

741 5043 913 5094 nolns.
954 5037 1168 5092 Veritus
1212 5046 1485 5090 tamenne
1514 5037 1765 5106 pertinax
1801 5037 2102 5106 videretur,
2147 5041 2322 5095 dixit:

740 5132 795 5186 Si
831 5133 932 5187 vis.

814 5314 973 5370 Vens.
1004 5316 1054 5370 5.
1098 5333 1114 5366 ι
1155 5315 1343 5372 Adhuc
1376 5313 1464 5368 illo
1489 5313 1765 5385 loquente,
1796 5330 1922 5369 ecce
1955 5317 2126 5371 nubes
2149 5317 2325 5373 lucida

738 5409 1083 5464 obumbravit
1113 5423 1227 5474 eos,
1270 5417 1323 5460 et
1357 5421 1483 5462 ecce
1538 5423 1640 5464 vox
1680 5422 1711 5461 e
1762 5408 1900 5461 nube
1949 5410 2135 5464 dicens
2173 5427 2185 5462 :
2229 5408 2326 5465 llic

738 5511 819 5558 est
857 5499 1026 5556 Filius
1057 5517 1208 5557 meus
1239 5501 1473 5558 dilectus
1523 5500 1576 5556 in
1607 5502 1720 5570 quo‘
1761 5499 1892 5554 mihi
1921 5502 2056 5555 bene
2086 5505 2327 5573 compla.

2433 4578 2747 4647 κατήγαγεν
2795 4581 2859 4631 ἐκ
2904 4575 2999 4628 τοῦ
3043 4577 3278 4645 οὐρανοῦ
3309 4593 3324 4608 ·
3381 4577 3520 4630 ὥστε
3575 4580 3669 4630 καὶ
3723 4579 3867 4633 κατά
3915 4579 4026 4630 τῶν

2433 4667 2808 4738 ἐλευσομένων
2877 4666 3117 4722 ἐνταῦθα
3174 4668 3425 4738 ἐχθρῶν,
3481 4670 3714 4723 τοιοῦτοι
3784 4670 4022 4725 ἔσονται.

2435 4762 2625 4816 Ταῦτα
2645 4762 2700 4815 δέ
2727 4765 2789 4815 ἐκ
2810 4761 3013 4832 πολλῆς
3030 4761 3236 4824 δειλίας
3249 4762 3457 4826 ἐλάλει,
3475 4762 3553 4825 ὡς
3573 4765 3599 4816 ὁ
3620 4765 3834 4826 Λουκᾶς
3860 4782 4023 4833 φησι,

2437 4855 2511 4926 μὴ
2546 4853 2701 4919 είδὼς
2735 4855 2762 4907 ὃ
2794 4855 2959 4925 λέγει.
2993 4856 3066 4908 Τὸ
3101 4856 3210 4925 γὰρ
3243 4856 3410 4926 ἄηθες
3437 4853 3739 4928 ἐξέπληξεν
3776 4857 3957 4922 αὑτὶν,

2433 4947 2533 4999 οὐκ
2562 4947 2679 5018 ᾔδει
2711 4947 2788 5017 τῷ
2824 4947 2939 5002 θντι
2965 4949 3019 5000 τί
3052 4947 3255 5013 ἐλάλει,
3312 4948 3483 5000 θέλων
3530 4948 3621 5001 τὸν
3669 4948 3881 5019 Ἰησοῦν
3934 4952 4026 5020 μὲ-

2432 5055 2546 5092 νειν
2574 5042 2634 5092 ἐν
2663 5041 2738 5110 τῷ
2766 5042 2910 5112 ὖρει,
2939 5041 3033 5094 καὶ
3088 5042 3162 5111 μὴ
3194 5041 3478 5094 κατελθεῖν
3507 5042 3603 5096 καὶ
3655 5042 3850 5096 πιθεῖν
3884 5045 4026 5112 ὑπὲρ

2435 5135 2610 5204 ἡμῶν.
2642 5135 2979 5206 Φοδοῦμενος
3009 5137 3063 5190 δὲ
3095 5136 3173 5206 μὴ
3202 5136 3440 5206 αὐθάδης
3473 5136 3619 5210 δόξῃ,
3656 5139 3791 5207 φησὶ
3821 5138 3883 5189 τό
3914 5155 3928 5170 ’
3962 5139 4024 5190 Εἰ

2434 5228 2629 5289 θέλεις.

2513 5339 2530 5373 ι
2572 5322 2693 5375 Ἔτι
2749 5320 2914 5374 αὐτοῦ
2968 5322 3295 5390 λαλοῦντος,
3360 5323 3467 5376 ίδοὺ
3520 5309 3719 5393 νεφέλη
3787 5322 4026 5395 φωτεινὴ

2433 5415 2763 5471 ἐπεσκίασεν
2817 5417 3038 5477 αὐτοὺς,
3070 5416 3168 5468 καὶ
3197 5416 3308 5468 ἰδοὺ
3356 5415 3508 5486 φωνὴ
3540 5419 3603 5468 ἐκ
3635 5416 3735 5483 τῆς
3766 5415 4020 5486 νεφέλης,

2435 5506 2706 5575 λέγουσα·
2738 5502 2911 5569 Οὗτός
2971 5511 3121 5564 ἐστιν
3152 5511 3182 5562 ὁ
3211 5509 3339 5574 Υἱός
3388 5526 3489 5580 μου
3520 5510 3548 5561 ὁ
3575 5509 3857 5579 ἀγαπητὸς
3894 5509 3955 5563 ἐν
3980 5503 4027 5578 ᾧ

1716 5660 1807 5720 Ex
1839 5657 2188 5721 collatione
2222 5660 2410 5722 codd.
2441 5661 2670 5726 Venet.
2712 5664 2771 5725 S.
2815 5662 3033 5726 Marci.

816 5778 925 5850 (ἓό)
950 5779 1044 5850 τὴν
1070 5780 1228 5847 δόξαν
1258 5785 1373 5837 cod.
1406 5783 1497 5837 δι.
