4288 6444
781 414 893 475 335
1646 408 1945 470 THEOI’H
1960 409 2221 496 YLACTI
2267 407 2677 468 BUI.G.\RUE
2716 409 2918 469 AllCil
2932 410 2944 465 l
2959 408 3070 467 ΕΡ.
3916 414 4038 477 33G

786 529 917 594 ginti
964 526 1079 579 dum
1109 537 1161 580 et
1195 526 1407 582 ducenti
1448 536 1500 581 ct
1533 529 1872 597 septuaginta
1900 537 2009 581 tres
2025 527 2091 596 τ’.
2121 527 2225 582 l’ro
2271 528 2353 580 his
2383 546 2424 600 Α
2458 527 2479 578 δ

2346 544 2353 579 ς
2383 546 2424 600 Α
2458 526 2549 578 δύο
2580 529 2671 579 καὶ
2697 526 2945 579 διακόσια
2971 525 3344 595 ἐϐδομήκοντα
3373 526 3465 578 καὶ
3495 523 3621 595 τρία
3646 540 3659 554 ·
3683 526 3804 579 ἀντὶ
3820 529 4039 581 τούτων

786 616 953 683 igitur
983 617 1071 683 qui
1106 626 1259 669 erant
1304 616 1439 669 ultra
1472 616 1666 669 tribum
1719 615 1869 681 Levi,
1903 628 1956 671 et
2012 618 2352 686 primogeniti
2455 637 2479 669 0

2341 618 2352 667 i
2455 617 2545 670 οὖν
2583 617 2690 670 τῶν
2723 618 2975 669 ἐπέκεινα
3002 617 3102 684 τῆς
3135 615 3228 667 τοῦ
3250 614 3382 668 Λευῒ
3416 616 3591 684 φυλῆς
3616 615 3785 668 ὄντων
3805 634 4034 685 πρωτο-

793 717 966 771 erant,
1000 707 1236 760 decrevit
1264 706 1401 761 Deus
1425 708 1537 761 dsri
1563 707 1938 762 didrachmum
1962 709 2350 762 sacerdotibus.

790 798 928 853 llinc
948 799 1108 867 igitur
1130 796 1269 851 facta
1295 808 1375 851 est
1398 800 1724 853 consuetudo
1749 809 1805 853 ut
1831 799 2145 869 simpliciter
2165 813 2350 853 omnes

788 887 1125 955 primogeniti
1160 889 1455 954 penderent
1480 889 1878 954 didrachmum,
1904 890 1994 958 qui
2017 899 2099 944 est
2117 891 2353 958 quinque

787 979 929 1044 sicli,
983 979 1083 1033 hoc
1134 990 1215 1033 est
1255 978 1466 1035 ducenti
1516 983 1678 1037 oboli.
1731 981 1883 1037 Unde
1938 984 2063 1050 quia
2099 982 2353 1035 Dominus

787 1070 1175 1140 prinmgenitus
1203 1080 1339 1135 erat,
1370 1073 1631 1139 pendebat
1663 1084 1716 1126 et
1741 1074 1874 1143 ipse.
1908 1072 2141 1128 Reveriti
2173 1083 2348 1125 autem

790 1162 1033 1215 fortassis
1065 1160 1339 1214 Christum
1378 1172 1593 1230 propter
1642 1163 1899 1216 miracula
1928 1178 2055 1232 qua:
2078 1163 2305 1216 faciebat
2330 1200 2345 1225 ,

788 1267 892 1305 non
940 1251 1085 1304 illum
1132 1254 1487 1322 interrogant,
1528 1254 1618 1307 sed
1652 1252 1887 1316 Petrum,
1929 1255 2010 1307 vel
2055 1256 2231 1321 patius
2259 1257 2354 1308 de-

786 1352 1033 1410 eeptores
1061 1352 1236 1403 erant,
1263 1343 1412 1409 quasi
1438 1340 1509 1394 ita
1540 1344 1781 1397 dicerent
1811 1361 1823 1394 :
1852 1341 2153 1411 Praeceptor
2176 1354 2353 1398 vester

786 1433 891 1501 legi
931 1432 1249 1495 contrarius,
1308 1446 1434 1484 num
1491 1432 1541 1486 id
1595 1433 1825 1486 admittit
1860 1444 1916 1486 ut
1953 1432 2223 1501 persoIVat
2276 1432 2354 1485 di-

783 1527 1078 1579 (lim-lima?

859 1621 1020 1675 \‘Ens.
1053 1622 1144 1686 Eli,
1175 1622 1262 1677 25.
1303 1641 1320 1672 ι
1360 1620 1423 1675 Ει
1452 1636 1572 1675 cum
1600 1620 1868 1689 ingressus
1893 1619 2080 1672 fuisset
2111 1620 2349 1684 domum,

782 1716 1038 1782 praevenit
1088 1714 1236 1767 illum
1282 1712 1459 1775 .lesus,
1519 1711 1750 1765 dicens:
1794 1712 1932 1777 Quid
1972 1711 2064 1765 tibi
2118 1710 2345 1772 videtur,

783 1804 1008 1858 Simon?
1043 1804 1210 1872 Reges
1247 1815 1407 1858 lena:
1437 1820 1463 1857 a
1500 1806 1693 1873 quibus
1722 1803 1992 1871 accipiunt
2018 1804 2217 1855 tributa
2261 1808 2352 1854 aut

2454 710 2644 772 τόκων,
2669 706 2869 775 ὥρισεν
2887 709 2914 759 ὁ
2933 705 3063 767 Θεὸς
3078 705 3295 772 δοθῆναι
3314 687 3608 775 δίδραχμον
3629 708 3739 768 τοῐς
3763 707 4033 775 ἱερεῦσιν.

2459 803 2681 855 Ἐκτοιε
2721 799 2812 853 οὖν
2846 799 3034 868 γέγονε
3072 799 3224 864 ἔθος,
3261 798 3447 859 ἁπλῶς
3480 799 3687 861 πάντας
3712 800 3836 860 τοὺς
3873 816 4035 866 πρω-

2453 895 2706 956 τοτόκους
2762 892 2935 945 τελεῖν
2969 892 3029 945 τὸ
3068 892 3383 961 δίδραχμον,
3428 893 3455 945 ὅ
3483 896 3600 945 ἐστι
3634 892 3795 943 πέντε
3830 892 4035 956 σίκλοσ,

2454 990 2621 1058 ῆγουν
2648 986 2909 1041 διακόσιοι
2936 985 3133 1040 ὀϐολοί.
3158 986 3315 1039 Ἐπεὶ
3345 982 3437 1040 οὖν
3472 987 3563 1037 καὶ
3595 986 3623 1038 6
3652 986 3852 1061 Κύριος
3882 1002 4041 1051 πρω-

2454 1083 2669 1141 τότοκος
2710 1075 2800 1150 ἦν,
2858 1077 3030 1130 ἐτέλει
3084 1078 3177 1129 καὶ
3223 1077 3415 1139 αὐτὸς·
3452 1075 3758 1143 αἰδούμενοι
3799 1076 3855 1127 δὲ
3900 1075 4033 1135 ἴσως

2454 1174 2545 1225 τὶν
2597 1171 2831 1241 Χριστὸν
2884 1168 2971 1222 διὰ
3021 1169 3120 1230 τὰς
3147 1168 3613 1237 θαυματουργίας,
3659 1168 3770 1219 ὀὐκ
3821 1168 4030 1219 ἐκεῖνον

2456 1263 2756 1333 ἐρωτῶσιν,
2792 1261 2927 1314 ἀλλὰ
2959 1260 3050 1313 τόν
3086 1260 3311 1328 Πέτρον,
3362 1259 3394 1328 ἦ
3442 1258 3640 1326 μᾶλλον
3675 1258 4028 1326 πανούργως,

2454 1355 2652 1408 ὡσανεὶ
2685 1355 2931 1421 λέγοντες
2964 1351 3209 1416 τοιαῦτα,
3253 1351 3313 1402 '0
3343 1350 3615 1411 ἀντίθετος
3659 1349 3734 1417 τῷ
3764 1349 3913 1415 νόμῳ
3945 1346 4028 1397 δι-

2453 1447 2719 1509 δάσκαλος
2774 1447 2949 1516 ὑμῶν,
3016 1441 3124 1514 ἆρα
3192 1442 3518 1508 κατεδέξατο
3572 1441 3746 1494 τελεῖν
3808 1441 3877 1491 τὰ
3946 1437 4030 1490 δί-

2449 1529 2669 1611 δρῗικμα
2688 1556 2703 1602 ς
3048 1607 3053 1612 .

2529 1650 2548 1682 ι
2578 1632 2687 1683 Καὶ
2714 1630 2801 1682 ὅτε
2828 1628 3074 1700 εἰσῆλθεν
3103 1630 3181 1691 είς
3210 1629 3307 1698 τὴν
3324 1626 3523 1689 οἰκίαν,
3548 1624 3891 1693 προᾶφθασεν
3921 1621 4022 1672 αὑ-

2452 1726 2545 1779 τὸν
2580 1726 2607 1777 ὁ
2645 1723 2872 1794 Ἰησοῦς,
2917 1709 3113 1789 λέγων’
3148 1722 3212 1773 Τί
3254 1738 3335 1775 σοι
3378 1721 3545 1783 δοκεῖ,
3578 1720 3795 1785 Σίμων;
3831 1716 3896 1766 Ol
3926 1714 4024 1782 βα-

2456 1817 2620 1879 σιλεῖς
2669 1817 2767 1886 τῆς
2810 1815 2913 1883 γῆς
2948 1815 3056 1867 ἀπὸ
3087 1814 3251 1867 τίνων
3280 1812 3618 1882 λαμϐάνουσι
3648 1808 3776 1875 τέλη
3810 1806 3844 1875 ἢ
3897 1806 4026 1870 κῆν-

779 1895 1038 1951 censum?
1064 1913 1091 1951 a
1132 1897 1250 1951 liliis
1297 1898 1427 1963 suis,
1461 1912 1527 1950 au
1579 1897 1645 1949 ah
1703 1897 1931 1951 alienis?
1972 1897 2107 1949 Dicit
2140 1896 2209 1949 illi
2255 1898 2353 1949 l‘e-
2384 1920 2472 1973 Β(

2331 1925 2353 1935 “
2384 1920 2425 1973 Β
2456 1929 2581 1979 σονς
2627 1911 2734 1964 ἀπὸ
2781 1911 2892 1977 τῶν
2932 1908 3063 1960 υἱῶν
3098 1906 3298 1968 αὐτῶν,
3333 1906 3364 1973 ἢ
3402 1905 3510 1955 ἀπὺ
3542 1900 3652 1954 τῶν
3692 1899 4024 1965 ὰλλοτρίωνς

782 1995 917 2048 trus,
969 1987 1051 2040 Ab
1100 1987 1307 2041 alienis.
1361 1990 1448 2041 Ait
1502 1988 1574 2041 illi
1621 1987 1800 2053 Jesus,
1860 1987 1997 2058 Ergo
2037 1988 2186 2039 liberi
2225 1996 2351 2041 sunt

783 2076 900 2133 lilii.
939 2098 957 2130 ι
998 2077 1269 2147 Tanquam
1342 2079 1483 2133 Deus
1532 2080 1755 2144 Sciebat,
1807 2081 2051 2148 quamvis
2086 2095 2190 2132 non
2247 2095 2347 2131 att-

778 2172 972 2236 dierat,
1007 2173 1132 2241 quid
1165 2171 1237 2226 illi
1268 2171 1429 2226 locuti
1462 2170 1694 2226 fuissent
1726 2172 1794 2225 ad
1848 2171 2065 2225 Petrum
2099 2189 2110 2223 :
2144 2172 2347 2229 idcirco

778 2276 833 2320 et
874 2267 1131 2336 praevenit
1158 2280 1301 2329 eum,
1341 2266 1524 2321 dicens
1555 2282 1569 2319 :
1602 2266 1659 2320 Si
1691 2280 1845 2337 reges
1879 2277 2032 2321 terrae
2062 2280 2168 2319 non
2202 2263 2347 2317 acci-

779 2355 938 2424 piunt
966 2356 1221 2409 tributum
1254 2370 1284 2409 It
1317 2356 1441 2410 [iliis
1467 2358 1600 2421 suis,
1631 2356 1724 2410 sed
1752 2357 1818 2410 ab
1846 2356 2055 2419 alienis,
2080 2356 2349 2425 qmunodo

778 2446 1041 2500 rmlurum
1072 2445 1183 2501 Rex
1212 2462 1238 2500 a
1270 2463 1354 2500 tne
1375 2448 1512 2501 Filio
1537 2462 1634 2501 suo
1667 2446 1894 2516 accipiet
1925 2445 2346 2502 didrachmum?

778 2538 891 2595 Hoc
921 2539 1064 2593 enim
1096 2538 1270 2610 (sicut
1298 2553 1460 2607 supra
1489 2536 1635 2608 dixi)
1668 2537 2040 2593 sacerdotibus
2067 2549 2118 2593 et
2149 2537 2346 2606 templo

780 2632 1135 2683 tribuebatur.
1173 2620 1226 2683 Si
1255 2640 1431 2683 autem
1466 2630 1618 2683 liberi
1654 2639 1779 2683 sunt
1816 2629 1907 2682 lilii
1937 2644 2219 2699 parvorum
2260 2643 2347 2681 re-

777 2739 924 2790 gum,
956 2722 1161 2777 scilicet
1211 2721 1341 2778 nihil
1370 2723 1758 2793 persolventes,
1800 2720 1965 2777 multo
2003 2720 2170 2793 magis
2218 2737 2344 2790 ego.

856 3016 1016 3071 Vrsas.
1055 3015 1146 3071 26.
1205 3032 1224 3067 ι
1273 3013 1468 3069 Verum
1500 3027 1564 3067 ne
1618 3013 1789 3068 simus
1851 3011 1953 3067 illis
2003 3010 2344 3075 ull’endiculo,

778 3113 915 3163 vade
945 3110 1008 3162 ad
1038 3124 1207 3171 mare,
1238 3117 1292 3161 et
1325 3107 1477 3161 mitte
1508 3107 1750 3171 hamum,
1786 3114 1840 3161 et
1868 3120 1991 3160 eum
2029 3106 2229 3172 piscem
2257 3106 2348 3175 qni

776 3201 1037 3273 prodierit
1072 3202 1297 3269 primus,
1330 3197 1475 3264 tolle,
1505 3208 1560 3253 et
1605 3209 1794 3268 aperto
1838 3213 1935 3253 ore
1986 3197 2126 3252 illius
2185 3198 2350 3252 inve-

773 3269 889 3344 nies
921 3296 1177 3343 Slslel'elli
1210 3306 1222 3341 :
1266 3288 1373 3358 93
1412 3288 1558 3342 illum
1617 3289 1839 3357 accipe,
1875 3298 1929 3341 et
1975 3288 2041 3342 da
2093 3288 2198 3343 illis
2248 3303 2345 3356 pro
2374 3269 2418 3326 ο

772 3396 860 3435 me
888 3394 939 3435 et
970 3393 1040 3434 te.
1085 3400 1100 3429 ι
1136 3378 1213 3433 Ne
1250 3390 1561 3447 reputemur
1584 3419 1599 3444 ,
1640 3379 1835 3448 inquit,
1868 3388 2263 3448 contemptores
2296 3390 2349 3433 et

772 3475 1123 3541 despectnres
1147 3470 1298 3539 legis,
1339 3483 1391 3524 et
1421 3470 1779 3533 oﬂendamus,
1826 3472 1888 3522 da
1927 3470 2035 3524 illis
2066 3470 2344 3526 tributum.

773 3561 891 3618 Non
913 3565 1056 3618 enim
1093 3574 1150 3618 ut
1171 3562 1408 3617 debitum
1458 3565 1545 3628 do,
1583 3562 1675 3617 sed
1720 3571 1779 3617 ut
1807 3562 2022 3617 illorum
2064 3563 2346 3617 inllrmila-

773 3666 879 3712 tem
912 3657 1201 3725 corrigam.
1254 3653 1521 3710 Diseimus
1548 3656 1690 3708 enim
1742 3654 1844 3710 hoc
1883 3655 2023 3716 loco.
2057 3656 2200 3724 quod
2238 3671 2345 3711 non

767 3758 983 3816 orvit-tet
1012 3746 1302 3808 ollendere,
1341 3745 1430 3797 ubi
1466 3745 1671 3799 nullum
1697 3754 1780 3799 est
1802 3746 2081 3800 damnum.
2109 3744 2208 3801 Ubi
2248 3763 2345 3799 au-

768 3846 880 3892 tem
912 3839 1169 3890 damnum
1204 3836 1438 3903 patimur
1481 3834 1532 3888 in
1589 3850 1751 3904 opere
1805 3833 2002 3903 aliquo,
2059 3850 2163 3888 non
2220 3844 2345 3888 sunt

770 3931 995 3982 curandi
1052 3931 1141 3997 qui
1204 3928 1573 3994 imprudenter
1625 3925 1990 3982 oﬂenduntur.
2068 3922 2138 3981 Ut
2182 3928 2344 3995 igitur

767 4020 1012 4076 ostendat
1054 4020 1195 4090 quod
1226 4019 1364 4071 Deus
1393 4020 1461 4072 sit
1482 4027 1536 4072 et
1565 4019 1727 4071 maris
1757 4019 2033 4083 Dominus,
2067 4019 2209 4073 misit
2242 4018 2339 4073 Pe-

771 4122 911 4163 trum
967 4109 1238 4163 tollentem
1284 4118 1538 4163 staterem
1588 4123 1655 4162 ex
1682 4122 1777 4161 ore
1828 4110 2010 4175 piscis.
2055 4108 2337 4165 Disce-nus

771 4205 855 4257 hic
881 4211 932 4255 et
966 4202 1254 4271 myterium
1303 4202 1597 4269 quoddam.
1622 4200 1817 4254 Nostra
1850 4203 1995 4254 enim
2028 4212 2219 4255 natura
2256 4212 2340 4255 est

771 4295 934 4363 piscis
964 4293 1013 4345 in
1046 4293 1310 4361 prolundo
1337 4290 1730 4347 incredulitatis
1758 4306 1929 4345 mersa
1954 4306 1971 4348 :
1999 4294 2093 4345 sed
2117 4302 2338 4361 aposto-

772 4386 905 4438 licus
942 4398 1122 4437 sermo
1154 4382 1388 4435 extrahit
1420 4398 1535 4443 nos.
1583 4389 1637 4435 et
1679 4382 1731 4433 in
1766 4398 1860 4435 ore
1900 4392 2085 4435 nostro
2135 4383 2340 4436 invenit

770 4484 1047 4539 staterem,
1078 4475 1286 4544 eloquia
1318 4472 1551 4537 Domini,
1601 4483 1653 4526 et
1698 4472 2087 4528 confessionem
2113 4474 2337 4530 Christi.

766 4566 901 4620 Nam
943 4568 1030 4635 qui
1066 4567 1337 4621 Christum
1363 4567 1671 4629 t‘onlitetur,
1709 4565 1752 4619 is
1786 4573 2043 4620 staterem
2080 4567 2239 4621 habet
2290 4566 2342 4620 in
2380 4606 2422 4659 ο

768 4674 885 4724 ore,
921 4672 1174 4713 Slalcretlt
1226 4658 1332 4711 duo
1378 4658 1691 4711 didrachma
1752 4665 2067 4712 tenentem:
2116 4661 2241 4727 quia
2282 4663 2329 4711 el

774 4752 1020 4800 Christus
1048 4752 1178 4801 duas
1229 4758 1455 4800 naturas
1506 4745 1685 4810 habet,
1744 4748 1903 4799 homo
1956 4747 2227 4801 exsistens
2282 4763 2345 4803 ac

775 4841 931 4894 Deus.
970 4838 1065 4891 llic
1093 4838 1253 4906 igitur
1291 4846 1460 4891 stater
1491 4838 1649 4891 datus
1688 4848 1773 4891 cst
1810 4839 2055 4892 Christus
2084 4854 2180 4908 pro
2210 4842 2342 4891 duo-

771 4937 888 4997 bus,
927 4946 1020 4989 pro
1046 4928 1243 4982 Judaeis
1274 4940 1325 4981 ut
1371 4928 1640 4997 geminus,
1685 4930 1965 4998 projustis
2006 4941 2053 4983 et
2088 4940 2339 4998 peccato-

769 5026 936 5076 ribus.
965 5021 1116 5087 Quod
1151 5023 1191 5074 si
1225 5031 1278 5074 et
1336 5037 1557 5073 avarum
1609 5023 1916 5089 quempiam
1959 5022 2155 5075 videris
2204 5019 2337 5074 nihil

767 5116 908 5168 aliud
942 5115 1225 5168 habentem
1262 5116 1312 5167 in
1360 5128 1475 5174 ore.
1527 5114 1632 5165 nisi
1680 5130 1867 5167 aurum
1922 5124 1976 5168 et
2034 5123 2338 5179 argentum,

771 5213 907 5261 hunc
936 5209 1070 5260 habe
1097 5222 1195 5274 pio
1226 5208 1391 5272 pisce.
1429 5207 1480 5258 in
1510 5205 1642 5257 mari
1680 5204 1835 5270 hujus
1867 5206 1988 5259 vitae
2019 5215 2291 5257 natantem
2326 5221 2338 5256 :

768 5310 821 5349 at
851 5298 935 5349 ubi
970 5298 1222 5349 inventus
1255 5296 1417 5347 luerit
1450 5303 1770 5362 prwceptor,
1798 5295 1975 5363 qualis
2003 5294 2214 5357 l’etrus,
2247 5295 2339 5364 qui

768 5395 945 5445 mittat
977 5393 1190 5444 hamum
1225 5391 1277 5443 iu
1312 5409 1339 5440 ιι
1366 5402 1491 5453 are,
1541 5389 1586 5441 is
1616 5391 1805 5457 eripiet
1839 5406 1902 5442 ex
1939 5405 2034 5444 ore
2072 5391 2211 5443 illius
2250 5407 2346 5445 titt-

765 5502 883 5539 rum
918 5497 969 5538 et
994 5496 1298 5553 argentum.
1337 5486 1605 5537 Statorem
1637 5486 1851 5551 quidam
1889 5495 2075 5552 putant
2111 5487 2340 5554 lapidem

763 5580 1058 5646 pretiosum
1094 5579 1142 5629 in
1179 5576 1357 5648 Syria,
1388 5578 1458 5630 illi
1494 5578 1775 5641 tributum,
1812 5578 1899 5630 alii
1926 5595 2054 5633 vero
2087 5592 2337 5648 quartam

766 5678 969 5737 partem
997 5670 1356 5721 uumismatis.

767 5762 914 5817 λίϐον
950 5763 1245 5831 πολύτιμον
1281 5765 1666 5835 εὑρισκόμενον
1694 5764 1831 5818 κατὰ
1883 5766 2116 5837 Συρίανε
2158 5771 2204 5820 oi
2259 5768 2351 5827 δὲ.
2388 5770 2406 5820 ἐ

846 5877 893 5911 ⁸⁸
920 5874 1075 5933 Num.
1114 5892 1196 5944 nt,
1230 5878 1311 5945 i7,
1347 5894 1468 5947 sqq.

2451 2005 2612 2073 Λέγει
2629 2003 2776 2073 αὐτῷ
2797 2005 2824 2056 ὁ
2849 2002 3071 2071 Πέτρος·
3090 1999 3221 2053 Ἀπὸ
3236 1999 3344 2051 τῶν
3369 1995 3683 2064 ἀλλοτρίων.
3709 1992 3852 2057 Ἔφη
3881 1986 4026 2054 αὑτῴ

2451 2099 2479 2149 ὁ
2521 2096 2894 2166 Ἰησοῦς·Ἂρα
2925 2109 2988 2160 γε
3017 2090 3290 2159 ἐλεύθεροί
3321 2091 3461 2141 εἰσιν
3486 2088 3535 2138 οί
3562 2084 3688 2147 υίοί.
3717 2103 3733 2132 ι
3755 2081 3843 2142 Ὠς
3873 2080 4023 2139 Θεὸς,

2452 2190 2627 2243 καίτοι
2683 2188 2756 2258 μὴ
2781 2188 3040 2248 ἀκούσας,
3076 2184 3189 2254 ᾔδει
3211 2184 3263 2234 τί
3289 2179 3641 2248 διελέχθησαν
3668 2176 3864 2227 ἐκείνοι
3891 2170 4026 2239 πρὸς

2449 2282 2541 2334 τὸν
2589 2279 2813 2350 Πέτρον
2853 2277 2933 2329 διδ
2964 2277 3056 2327 καὶ
3093 2272 3397 2345 προφθάνει
3429 2268 3615 2331 αὐτὸν,
3644 2266 3843 2331 λέγων·
3889 2261 3951 2312 ἐξ
3979 2259 4025 2310 οί

2451 2373 2688 2444 βασιλεῖς
2714 2372 2814 2439 τῆς
2838 2370 2939 2439 γῆς
2967 2369 3029 2421 οὐ
3062 2366 3402 2436 λαμϐάνουσι
3427 2362 3592 2430 φόρον
3624 2357 3734 2411 ἀπὸ
3763 2354 3873 2407 τῶν
3896 2352 4027 2404 υἱῶν

2448 2462 2780 2529 αὐτῶν,άλλ’
2820 2462 2928 2515 ἀπὸ
2959 2461 3065 2514 τῶν
3116 2457 3435 2527 ἀλλοτρίων,
3468 2452 3585 2514 πῶς
3630 2451 3662 2503 6
3705 2445 4023 2514 ἐπουράνιος

2453 2559 2711 2621 Βασιλεὺς
2739 2556 2833 2611 ἀπ’
2865 2553 2999 2625 ἐμοῦ
3032 2552 3124 2605 τοῦ
3155 2549 3287 2604 Υἱοῦ
3318 2546 3482 2602 αὑτοῦ
3503 2543 3737 2614 λήψεται
3755 2540 3816 2592 τὸ
3842 2539 4024 2606 δίδρα-

2451 2668 2588 2723 χμον
2612 2668 2626 2716 ;
2660 2649 2829 2703 Τοῦτο
2854 2648 2981 2716 γὰρ,
3007 2645 3099 2712 (ὥς
3125 2643 3261 2712 ἔφην
3290 2638 3423 2710 ἄνω)
3444 2641 3556 2698 τοῖς
3584 2634 3789 2705 ίερεῦσι
3831 2632 3925 2684 καὶ
3951 2630 4027 2697 τῷ

2450 2748 2563 2816 ναῷ
2610 2744 2937 2815 προσήγετο.
2993 2741 3053 2792 Ei
3085 2737 3177 2790 οὖν
3216 2734 3493 2802 ἐλεύθεροί
3525 2732 3663 2783 είσιν
3692 2729 3738 2783 oi
3774 2727 3881 2780 υἱοὶ
3920 2725 4027 2777 τῶν

2450 2840 2601 2892 κάτω
2666 2836 2949 2908 βασιλέων,
2999 2833 3244 2886 τουτέστι
3308 2827 3473 2900 μηδὲν
3509 2824 3814 2887 τελοῦντες,
3872 2819 4024 2887 πόσῳ

2453 2934 2653 3005 μᾶλλον
2683 2929 2793 2999 ἐγώ
2809 2930 2822 2982 ι

2527 3045 2544 3079 ι
2589 3025 2708 3079 Ἵνα
2753 3023 2809 3077 δὲ
2852 3021 2926 3092 μὴ
2970 3020 3421 3088 σκανδαλίσωμεν
3469 3017 3689 3079 αὐτοὺς,
3739 3014 4029 3085 πορευθεὶς

2452 3123 2530 3182 είς
2562 3120 2661 3191 τὴν
2694 3117 2968 3171 θάλασσαν
3004 3114 3129 3183 βάλε
3166 3113 3484 3181 ἄγκιστρον,
3510 3110 3606 3164 καὶ
3631 3112 3723 3162 τὸν
3748 3108 4027 3160 ἀναϐάντα

2455 3212 2669 3282 πρῶτον
2709 3211 2864 3281 ιχθὺν
2913 3203 3046 3277 ἆρον
3070 3219 3083 3233 °
3140 3206 3234 3256 καὶ
3273 3203 3490 3267 ἀνοίξας
3537 3201 3597 3255 τὸ
3629 3203 3802 3269 στόμα
3837 3198 4023 3259 αὑτοῦ,

2453 3298 2708 3367 εὑρήσεις
2751 3298 2995 3365 στατῆρα
3022 3307 3035 3321 ·
3078 3293 3284 3345 ἐκεῖνον
3326 3289 3528 3353 λαὸὼν,
3570 3290 3657 3352 δὸς
3692 3290 3877 3350 αὐτοῖς
3909 3286 4027 3339 amt

2452 3388 2586 3457 ἐμοῦ
2637 3388 2731 3440 καὶ
2763 3385 2879 3439 σοῦ.
2926 3404 2942 3435 ι
2992 3385 3129 3450 Ἵνα,
3163 3382 3319 3452 φησὶ,
3359 3381 3433 3453 μὴ
3475 3380 3815 3448 λογισθῶμεν
3853 3380 4025 3447 ὑπερ-

2455 3482 2619 3534 όπται
2651 3481 2743 3532 καὶ
2791 3478 3201 3546 καταφρονηταὶ
3246 3474 3342 3528 τοῦ
3384 3475 3570 3542 νόμου,
3600 3472 3693 3525 καὶ
3740 3471 4025 3523 σκανδαλί-

2451 3588 2654 3636 σωμεν,
2703 3569 2790 3632 δὺς
2838 3568 2900 3620 τὺ
2945 3568 3130 3630 τέλος·
3183 3567 3248 3626 0Q
3276 3566 3384 3635 γὰρ
3428 3566 3503 3626 ὡς
3532 3564 3761 3632 ὀφείλων
3811 3562 4025 3630 δίδωμι,

2450 3663 2566 3717 ἀλλ’
2597 3663 2669 3722 ὡς
2705 3662 2804 3731 τὴν
2833 3661 3059 3712 ἐκείνοιν
3093 3657 3383 3711 ἀσθένειαν
3433 3656 3838 3726 διορθούμενος.
3872 3655 4026 3707 Μαν-

2450 3754 2681 3821 Θάνομεν
2715 3752 2827 3821 γὰρ
2851 3749 3121 3815 ἐντεῦθεν,
3150 3750 3229 3801 ὅτι
3266 3748 3327 3800 οὐ
3357 3748 3439 3800 δεῖ
3467 3744 3867 3813 σκανδαλίζειν,
3898 3743 4027 3795 ἔνθα

2453 3845 2529 3915 μὴ
2572 3841 2957 3914 βλαπτόμεθαι
3011 3840 3138 3892 ἔνθα
3172 3839 3280 3911 γὰρ
3331 3836 3680 3907 βλαπτόμεθα
3724 3835 3832 3888 ἀπὸ
3865 3834 4027 3904 ἐργου

2448 3937 2718 4002 τινὸς,νοὺ
2766 3934 2847 3989 δεῖ
2892 3920 3200 4004 φροντίζειν
3253 3930 3360 3983 τῶν
3407 3931 3620 3998 ἀλόγως
3676 3927 4026 3990 σκανδαλιζο-

2454 4030 2655 4100 μένων.
2675 4031 2794 4082 ’Ὶνα
2823 4028 3003 4080 τοίνυν
3037 4025 3207 4097 δείξῃ.
3229 4026 3309 4079 ὃτι
3339 4025 3469 4086 Θεός
3498 4025 3637 4088 ἐστι,
3674 4025 3767 4075 καὶ
3797 4022 3896 4091 τῆς
3928 4021 4027 4073 θα-

2450 4121 2657 4190 λάσσης
2709 4119 2950 4191 κρατῶν,
3002 4117 3293 4171 ἀπιστειλε
3322 4115 3413 4168 τὸν
3449 4116 3653 4184 Πέτρον
3694 4114 3893 4179 ἄξοντα
3937 4114 4029 4163 τὶν

2450 4210 2698 4279 στατῆρα
2748 4212 2810 4262 ἐκ
2841 4208 2933 4263 τοῦ
2990 4208 3172 4277 ίχούος
3198 4226 3210 4239 ’
3262 4208 3378 4277 ἅμα
3422 4206 3477 4259 δὲ
3512 4207 3605 4258 καὶ
3644 4204 3943 4274 μυστήριόν
3974 4219 4025 4254 τι

2453 4302 2798 4372 μανθάνομεν
2819 4318 2832 4331 ·
2872 4303 2905 4371 ὴ
2939 4302 3183 4370 ἡμετέρα
3214 4299 3321 4368 γὰρ
3350 4301 3509 4366 φύσις
3533 4298 3677 4350 ἐστὶν
3704 4297 3731 4349 δ
3765 4297 3936 4365 ἰχθὺς,
3968 4296 4027 4345 ἐν

2451 4393 2597 4464 βυθῷ
2626 4392 2887 4455 ἀπιστίας
2931 4390 3308 4461 βαπτισθεῑσα,
3348 4389 3461 4442 ἀλλ’
3487 4389 3516 4441 ὁ
3546 4387 3901 4448 ἀποστολικδς
3942 4385 4029 4437 λό-

2447 4502 2543 4555 γος
2572 4485 2886 4537 ἀνείλκυσεν
2922 4485 3087 4552 ἡμᾶς,
3127 4484 3221 4536 καὶ
3247 4484 3304 4534 ἐν
3331 4482 3409 4551 τῷ
3442 4481 3670 4550 στόματι
3702 4479 3859 4549 ήμῶν
3898 4471 4024 4544 εὗρε

2449 4579 2539 4629 τὸν
2569 4576 2836 4645 στατῆρα,
2871 4576 2939 4628 τὰ
2976 4575 3133 4641 λόγια
3166 4573 3259 4626 τοῦ
3305 4573 3543 4641 Κυρίου,
3572 4572 3666 4624 καὶ
3692 4571 3790 4639 τὴν
3832 4570 4028 4637 ὀμολο·

2449 4668 2573 4735 γίαν
2616 4670 2712 4720 τοῦ
2753 4666 3020 4737 Χριστοῦ·
3068 4669 3095 4718 ὁ
3127 4666 3236 4733 γὰρ
3264 4663 3540 4732 ὁμολογῶν
3592 4662 3687 4715 τὸν
3744 4661 4020 4729 Χριστὸν,

2451 4761 2653 4820 ἐκεῖνος
2689 4758 2801 4827 ἔχει
2827 4758 2917 4809 τὸν
2945 4758 3187 4824 στατῆρα
3212 4760 3267 4809 ἐν
3288 4755 3364 4824 τῷ
3389 4758 3637 4823 στόματι,
3665 4754 3911 4823 στατῆρα
3934 4752 4029 4805 δύο

2448 4849 2723 4919 δίδραχμα
2773 4850 3025 4901 ἕλκοντα.
3067 4847 3218 4899 Ἐπεὶ
3261 4850 3352 4899 καὶ
3379 4849 3406 4899 ὀ
3436 4846 3667 4914 Χριστὸς
3700 4844 3793 4897 δύο
3834 4843 4028 4922 φύσεις

2450 4940 2585 5009 ἔχει,
2628 4940 2761 5001 θεὸς
2799 4944 2892 4993 καὶ
2937 4939 3219 5009 ἄνθρωπος
3262 4937 3355 4991 ὢν.
3390 4933 3558 4999 Οὗτος
3585 4936 3677 4989 οὖν
3712 4938 3739 4989 ὁ
3764 4937 3973 5004 στατὴρ
3997 4938 4027 4987 ὁ

2449 5032 2710 5100 Χριστὸς,
2747 5032 2902 5100 ἐδόθη
2937 5032 3077 5101 ὑπὲρ
3107 5031 3219 5094 δύο,
3254 5032 3395 5101 ὑπὲρ
3436 5030 3704 5083 Ἰουδαίων
3741 5032 3834 5082 καὶ
3886 5028 4027 5080 ἐθνι-

2449 5124 2580 5185 κῶν,
2612 5126 2705 5176 καὶ
2734 5124 2873 5193 ἱπέρ
2900 5124 3125 5174 δικαίων
3164 5123 3256 5175 καὶ⁵
3282 5120 3624 5191 ἁμαρτωλῶν
3645 5138 3658 5151 ·
3690 5124 3819 5174 ὅταν
3847 5121 3904 5173 δέ
3935 5135 4027 5173 και

2448 5232 2569 5268 τινα
2594 5217 2707 5284 ἴδῃς
2732 5215 3087 5283 φιλάργυρον,
3111 5216 3265 5267 οὐδὲν
3284 5216 3411 5269 ἄλλο
3432 5216 3620 5282 ἔχοντα
3642 5215 3731 5266 8;:‘1
3760 5215 4027 5281 στόματος

2450 5309 2498 5357 εί
2533 5308 2607 5377 μὴ
2641 5307 2863 5376 χρυσίον
2903 5309 2995 5357 καὶ
3044 5306 3330 5377 ἀργύριον,
3376 5307 3564 5359 τοῦτον
3614 5307 3846 5373 γίνωσκε
3887 5299 4029 5355 simi

2451 5398 2621 5467 ἰχθὺν,
2672 5400 2729 5450 ἐν
2779 5402 2844 5468 τῇ
2884 5398 3129 5469 θαλάσσῃ
3177 5398 3270 5449 τοῦ
3320 5399 3435 5468 βίου
3471 5400 3797 5468 νηχόμενον·
3840 5399 3933 5449 ἐὰν
3971 5397 4028 5447 δὲ

2448 5490 2648 5559 εὑρεθῇ
2699 5506 2783 5551 τις
2839 5488 3155 5551 διδάσκαλος
3201 5490 3343 5541 κατὰ
3396 5491 3621 5559 Πέτρον,
3670 5487 4029 5555 ἀγκιστρεύει

2448 5582 2655 5645 τοῦτον,
2709 5584 2801 5634 καὶ
2854 5581 3105 5633 ἐκϐάλλει
3157 5582 3263 5635 ἁτῖι
3318 5582 3410 5633 τοῦ
3456 5584 3720 5649 στόματος
3767 5578 3933 5631 αὑτοῦ
3973 5580 4029 5630 τὸ

2450 5674 2670 5741 χρυσίον
2695 5673 2787 5725 καὶ
2816 5672 2874 5723 τὸ
2902 5672 3185 5741 ἀργύριον.
3215 5672 3467 5743 Στατῆρα
3498 5672 3553 5726 δέ
3578 5692 3717 5737 τινες
3745 5672 4027 5743 νομίζουσι

2418 5770 2622 5837 ςὰγιον,
2650 5772 2907 5838 τέταρτον
2938 5771 3292 5839 νομίσματός.
