4288 6444
793 366 900 432 343
1670 363 2249 426 THEOPHYLAC’II
2290 364 2388 424 BU
2399 363 2705 425 ιολιιΜι
2745 360 3100 422 ARCHIEP.
3920 360 4037 430 3U

791 486 916 527 nus.
967 469 1275 525 Consolatio
1310 477 1489 524 autem
1523 468 1581 522 lit
1617 467 1844 534 oﬂ'enso,
1877 470 2072 537 injuria
2109 469 2350 526 allicien-
2382 479 2427 528 Δ
2458 486 2484 521 κ

2382 479 2427 528 Δ
2458 470 2656 530 κακίας
2689 467 2909 536 μεταδῴ
2940 467 3168 528 καὶτοῖς
3209 464 3414 527 ἄλλοις.
3451 465 3784 534 Παρεικάζει
3817 466 3874 518 δὲ
3926 472 4049 530 τοῖς

792 573 897 616 tem
954 559 1294 630 publicanum
1345 559 1640 613 existimari
1702 570 1754 615 et
1807 563 2084 630 gentilem,
2124 564 2227 619 hoc
2272 572 2352 617 est
2465 572 2485 608 τ

2465 555 2724 617 τελώναις
2768 553 2898 617 τοὺς
2944 552 3220 616 τοιούτους
3274 553 3538 622 ἀδελφοὺς
3591 554 4046 624 (διαϐεϐλημένον

787 664 1119 723 peccatorem
1146 661 1199 704 et
1222 649 1580 706 incredulum.
1609 650 1859 721 Nunquid
1893 665 2072 708 autem
2105 655 2217 708 hac
2240 654 2352 708 sola
2463 662 2480 713 t

2351 688 2352 703 ,
2463 647 2569 714 γάρ
2596 663 2646 698 τι
2674 645 2861 715 χρῆμα
2890 647 2918 697 6
2936 644 3194 715 τελώνης)
3218 661 3234 676 ⁸
3283 645 3609 715 παραμυθία
3638 646 3695 699 δὲ
3713 646 3820 717 ειτῷ
3846 649 4044 718 ἠδικη-

786 743 1036 812 injuriam
1069 741 1319 798 facientis
1349 756 1508 812 paena
1529 741 1557 797 ἲ
1586 741 1824 799 Minime.
1862 743 1966 799 Sed
2000 744 2120 798 audi
2151 753 2206 799 et
2235 757 2353 813 quae
2464 755 2479 807 ι

2350 764 2353 794 ε
2464 739 2632 807 μένῳ,
2687 736 2746 788 τὸ
2803 735 2892 788 τὸν
2939 735 3226 789 ἀδικοῦντα
3268 734 3506 805 τελώνην
3561 737 3881 806 νομίζεσθαι
3939 738 4043 791 καὶ

783 843 1096 904 sequuntur.

851 1142 1012 1198 Vens.
1058 1144 1144 1200 18.
1191 1163 1209 1196 ι
1240 1148 1406 1201 Amen
1440 1148 1563 1202 dico
1590 1148 1761 1213 vobis,
1799 1161 2131 1218 qua‘cunque
2159 1148 2346 1219 alliga-

776 1235 964 1288 veritis
990 1249 1152 1304 super
1189 1246 1408 1299 terram,
1441 1250 1597 1294 erunt
1626 1241 1786 1307 ligata
1811 1241 1864 1295 in
1901 1241 2040 1296 ccelo
2068 1258 2082 1294 :
2113 1250 2166 1295 et
2197 1254 2343 1309 qure-

776 1337 988 1391 cnnqne
1031 1326 1303 1382 solveritis
1361 1344 1522 1397 super
1569 1338 1799 1399 terram,
1856 1340 2015 1386 erunt
2063 1331 2234 1386 soluta
2288 1332 2341 1385 in

775 1417 933 1468 caelo.
978 1433 996 1466 ι
1042 1415 1200 1479 Situ,
1251 1419 1459 1487 inquit,
1489 1421 1767 1488 oﬂ‘ensus,
1815 1422 1979 1478 babes
2005 1437 2129 1476 eum
2165 1423 2254 1490 qui
2294 1431 2343 1477 te

775 1503 971 1570 injuria
1029 1504 1208 1560 all‘ecit
1249 1508 1384 1562 sicut
1432 1509 1775 1576 publicanum
1812 1521 1865 1565 et
1898 1511 2190 1582 gentilem,
2236 1512 2342 1567 erit

772 1595 862 1648 ille
891 1605 943 1650 et
975 1596 1024 1650 in
1059 1599 1197 1651 creto
1231 1599 1370 1654 talis.
1401 1599 1454 1655 Si
1487 1612 1667 1657 autem
1705 1603 1933 1659 solveris
1958 1620 2103 1669 eum,
2128 1605 2228 1660 boc
2260 1614 2343 1660 est

772 1685 1064 1754 ignoveris,
1095 1688 1197 1742 erit
1229 1690 1277 1745 ei
1309 1701 1364 1746 et
1394 1692 1446 1746 in
1481 1693 1619 1746 caelo
1645 1695 2026 1750 condOnatum.
2056 1695 2169 1751 Non
2196 1697 2339 1752 enim

769 1778 947 1831 solum
989 1795 1108 1848 qua“:
1156 1782 1372 1837 solvunt
1420 1786 1768 1851 sacerdotes,
1823 1799 1948 1842 sunt
1989 1787 2209 1845 soluta:
2246 1789 2337 1844 sed

771 1884 1105 1940 qumcunque
1153 1884 1204 1927 et
1255 1890 1352 1930 nos
1401 1877 1592 1945 injuria
1637 1877 1809 1932 an‘ecti
1845 1879 1929 1933 vel
1964 1879 2228 1949 ligamus,
2257 1880 2341 1936 vel

769 1961 1047 2024 solvimus,
1088 1973 1140 2018 et
1186 1967 1298 2036 ipsa
1328 1980 1485 2023 erunt
1536 1970 1696 2041 ligata
1737 1971 1822 2026 vel
1860 1973 2056 2028 soluta.

841 2090 1000 2148 Vens.
1038 2095 1121 2158 l9,
1148 2096 1235 2150 20.
1279 2117 1295 2149 ι
1320 2097 1548 2164 Rursus,
1576 2117 1730 2156 amen
1763 2103 1886 2157 dico
1921 2104 2094 2166 vobis,
2128 2103 2268 2172 quod
2293 2104 2338 2157 si

767 2189 874 2240 duo
916 2203 980 2241 ex
1040 2189 1185 2243 vobis
1218 2194 1594 2247 consenserint
1645 2209 1808 2263 super
1837 2203 2061 2259 terram,
2096 2196 2162 2249 de
2190 2195 2337 2249 omni

770 2294 826 2330 re
857 2293 1230 2346 quamcunque
1270 2283 1547 2350 petierint,
1582 2284 1674 2337 fiet
1713 2285 1818 2340 illis
1848 2300 1875 2338 a
1908 2285 2070 2340 Patre
2103 2300 2220 2340 meo
2243 2287 2334 2354 qui

767 2378 848 2420 οςι
879 2369 928 2420 in
957 2371 1126 2424 cmlis.
1157 2371 1258 2426 Ubi
1287 2375 1433 2426 enim
1477 2385 1604 2429 sunt
1637 2377 1741 2431 duo
1771 2377 1848 2430 vel
1882 2386 1990 2432 tres
2027 2379 2333 2448 congregati

769 2458 818 2507 iu
854 2459 1070 2513 nomine
1100 2476 1242 2523 meo,
1284 2462 1391 2516 illic
1421 2477 1539 2518 sum
1571 2465 1619 2518 in
1655 2465 1832 2520 medio
1866 2467 2100 2521 illorum.
2137 2486 2156 2520 ι
2191 2467 2335 2522 Con-

765 2561 950 2618 gregat
994 2567 1089 2606 nos
1123 2554 1271 2608 liisce
1315 2557 1496 2612 verbis
1535 2559 1602 2611 ad
1642 2558 1984 2615 charitatem.
2022 2561 2155 2626 Quia
2191 2563 2332 2614 enim

763 2643 1038 2707 prohibuit
1091 2660 1156 2699 ne
1215 2656 1456 2701 mutuum
1504 2648 1941 2715 oﬂ‘enderemus,
1999 2667 2142 2706 nunc
2186 2662 2238 2706 et
2272 2653 2337 2706 de

765 2745 946 2787 mutua
981 2739 1268 2792 concordia
1303 2741 1451 2794 dicit.
1504 2741 1819 2797 Concordes
1849 2753 2024 2797 autem
2056 2744 2332 2807 dicuntur,

762 2840 868 2879 ιιοιι
898 2827 986 2895 qm'
1025 2827 1079 2882 in
1127 2829 1325 2884 malum
1353 2835 1686 2888 conveniunt
1711 2872 1725 2897 .
1762 2833 1854 2889 sed
1892 2833 1986 2904 qui
2025 2833 2076 2889 in
2110 2834 2329 2891 bonum.

760 2917 896 2972 Vide
929 2921 1070 2973 enim
1105 2923 1230 2991 quid
1275 2924 1416 2977 dicat
1449 2943 1461 2978 :
1514 2924 1570 2979 Si
1603 2926 1710 2979 duo
1739 2941 1802 2980 ex
1854 2928 2035 2990 vobis,
2088 2928 2186 2981 hoc
2228 2939 2330 2992 est,

760 3013 1108 3068 credentibus
1143 3023 1198 3067 et
1264 3015 1459 3069 virtute
1537 3017 1794 3084 praeditis.
1875 3016 2332 3087 Conspiraverunt

760 3104 900 3156 enim
934 3107 1190 3161 etAnnas
1220 3121 1281 3160 ac
1309 3107 1566 3175 Caiphas,
1600 3111 1692 3162 sed
1739 3110 1902 3163 male.
1940 3110 2006 3164 Et
2041 3111 2328 3180 'prOpterea

760 3212 898 3264 smpe
930 3209 1212 3265 precantes
1244 3215 1348 3252 non
1380 3201 1694 3269 accipimus,
1723 3217 1788 3256 eo
1809 3203 1950 3272 quod
1989 3213 2172 3258 mutua
2202 3219 2332 3258 con-

761 3289 944 3341 cordia
982 3304 1252 3344 caremus.
1296 3290 1412 3345 Non
1458 3293 1593 3346 dixit
1625 3304 1826 3359 autem,
1856 3294 2009 3364 Ero(
2046 3310 2150 3348 non
2185 3295 2330 3350 enim

761 3379 960 3441 tardat,
999 3380 1078 3432 vel
1113 3381 1446 3447 cunctatur),
1482 3383 1576 3435 sed
1615 3381 1768 3444 Sum,
1807 3384 1907 3436 hoc
1934 3394 2014 3437 est
2038 3424 2051 3448 ,
2081 3385 2190 3451 jam
2225 3385 2334 3438 illic

761 3469 1027 3522 invenior.
1063 3471 1337 3539 intelligas
1375 3473 1500 3526 item
1537 3475 1679 3542 quod
1714 3475 1930 3539 quando
1981 3477 2330 3543 conspirave-

763 3555 864 3607 riut
918 3558 1139 3622 spiritus
1169 3568 1222 3611 et
1258 3574 1422 3622 caro,
1478 3569 1533 3615 et
1583 3577 1688 3616 non
1725 3565 2094 3632 concupiverit
2142 3575 2331 3620 contra

757 3647 1006 3715 spiritum
1033 3663 1183 3712 caro,
1222 3660 1346 3705 tunc
1385 3653 1486 3706 erit
1512 3653 1562 3706 in
1595 3655 1773 3708 medio
1801 3655 2082 3711 Dominus.
2107 3655 2337 3726 Conspi-

765 3750 882 3791 rant
915 3749 1092 3792 autem
1119 3752 1173 3794 et
1206 3753 1316 3797 tres
1341 3745 1570 3798 virtutes
1601 3746 1816 3808 animae,
1851 3747 2134 3801 rationalis
2155 3788 2168 3809 ,
2211 3749 2338 3801 ira-

766 3830 981 3894 scitiva,
1025 3841 1077 3885 et
1116 3832 1496 3888 desiderativa.
1537 3835 1642 3890 Sed
1675 3848 1723 3890 et
1749 3847 1903 3892 vetus
1931 3853 1993 3892 ac
2019 3853 2154 3893 nova
2189 3839 2335 3909 leges

757 3923 1094 3990 conspirant,
1149 3925 1530 3994 invenitnrqne
1583 3928 1632 3981 in
1683 3929 1858 3984 medio
1887 3929 2126 3999 ipsarum
2175 3929 2336 3985 Chri-

755 4023 870 4067 stus
900 4016 964 4067 ab
994 4026 1220 4084 utraque
1261 4019 1608 4085 praedic-atus.

833 4301 988 4354 Vens.
1010 4302 1098 4364 2i,
1121 4302 1210 4356 22.
1236 4323 1252 4354 σ
1291 4305 1439 4360 Tunc
1466 4309 1728 4362 accedens
1744 4309 1853 4380 97
1887 4310 2080 4367 Petrus
2106 4313 2171 4366 ad
2190 4328 2333 4378 eum,

2460 827 2693 891 ὲονικδν,
2733 826 3010 879 τουτέστιν
3057 827 3381 897 ἁμαρτωλὸν
3413 827 3508 879 καὶ
3557 828 3804 882 ἄπιστον.
3861 828 4042 882 Τοῦτο

2458 919 2549 974 οὖν
2574 920 2732 990 μόνον
2761 919 2981 983 κόλασις
3015 919 3107 972 τοῦ
3130 919 3448 983 ἀδικοῦντος
3470 937 3482 985 ;
3507 921 3660 991 Οὐχί.
3706 921 3846 974 Ἀλλ’
3864 923 4039 978 ἀκσυε

2457 1009 2549 1062 καὶ
2575 1009 2680 1062 τῶν
2715 1008 2862 1079 ἑξῆς.

2530 1143 2547 1173 ι
2601 1122 2771 1194 Ἀμὴν
2797 1122 2944 1193 λέγω
2971 1125 3122 1196 ὑμῖν,
3163 1125 3265 1180 ὅσα
3292 1125 3388 1180 έάν
3411 1126 3615 1196 δήσητε
3644 1127 3736 1179 ἐπὶ
3772 1127 3875 1196 τῆς
3904 1128 4027 1196 γῆς.

2455 1210 2610 1265 ἔσται
2635 1211 2895 1281 δεδεμένα
2939 1212 2997 1266 ἐν
3035 1211 3114 1282 τῷ
3140 1211 3379 1283 οὐρανῷ,
3428 1213 3521 1265 καὶ
3564 1212 3664 1265 ὅσα
3703 1213 3800 1264 ἐὰν
3827 1212 4024 1281 λύσητε

2451 1305 2545 1356 ἐπὶ
2571 1303 2671 1373 τῆς
2700 1302 2823 1373 γῆς,
2861 1304 3015 1356 ἔσται
3056 1302 3324 1373 λελυμένα
3353 1304 3412 1356 έν
3455 1302 3533 1371 τῷ
3563 1301 3793 1374 οὐρανῷ.
3836 1320 3855 1352 ι
3900 1302 4025 1355 Ἐὰν

2452 1393 2539 1459 σὺ,
2567 1395 2796 1464 φησὶν,ό
2819 1393 3119 1463 ἀδικηθεὶς,
3160 1394 3294 1465 ἔχῃς
3317 1395 3392 1457 ώς
3423 1393 3663 1463 τελώνην
3685 1393 3779 1445 καὶ
3814 1391 4023 1447 έθνικὶιν

2449 1487 2539 1538 τὸν
2572 1484 2880 1550 ἀδικοῦντα,
2905 1485 3057 1538 ἔσται
3075 1487 3167 1539 καὶ
3192 1488 3247 1538 ἐν
3270 1486 3345 1556 τῷ
3370 1485 3583 1555 ούρανῷ
3605 1483 3866 1546 τοιοῦτος.
3901 1483 4020 1536 Ἐὰν

2449 1578 2506 1632 δὲ
2550 1579 2718 1650 λύσῃς
2761 1577 2964 1643 αὑτὸν,
3000 1579 3242 1633 τουτέστι
3295 1580 3679 1650 συγχωρήσῃς,
3720 1577 3874 1631 ἔσται
3926 1577 4022 1628 καὶ

2449 1672 2507 1723 έν
2552 1668 2630 1740 τῷ
2656 1670 2872 1741 οὐρανῷ
2902 1669 3399 1739 συγκεχωρημένος
3430 1685 3442 1697 ·
3480 1670 3541 1724 οὑ
3578 1669 3687 1740 γὰρ
3721 1669 3885 1738 μόνον
3917 1669 4020 1722 ὅσα

2447 1764 2664 1817 λύουσιν
2696 1764 2745 1816 οἱ
2781 1765 2967 1834 ἱερεῖς,
2995 1763 3104 1814 εἰσὶ
3130 1760 3419 1832 λελυμένα,
3452 1760 3568 1815 ἀλλ’
3597 1763 3699 1816 ὅσα
3737 1760 3834 1814 καὶ
3866 1761 4020 1830 ἡμεῖς

2445 1855 2496 1908 οἱ
2537 1853 2934 1922 ἀδικηθέντεςῆ
2970 1850 3280 1924 ἃσμοῦμεν
3309 1852 3342 1922 ἢ
3376 1850 3596 1924 λύομεν,
3620 1852 3845 1904 κάκεῖνα
3872 1852 4020 1903 ἔσται

2443 1947 2702 2017 δεδεμένα
2753 1942 2786 2016 ἢ
2819 1944 3109 2014 λελυμένα.

2521 2104 2550 2137 ι.
2577 2084 2768 2149 Πάλιν,
2796 2084 2943 2154 ἀμὴν
2972 2082 3116 2150 λέγω
3139 2082 3289 2153 ύμῖν,
3321 2081 3404 2134 ὅτι
3449 2080 3546 2133 έάν
3564 2079 3658 2134 δύο
3697 2078 3852 2148 ὑμῶν
3881 2095 4021 2148 συμ-

2441 2180 2761 2248 φωνήσωσιν
2787 2178 2879 2229 ἐπὶ
2911 2177 3008 2242 τῆς
3031 2175 3154 2242 γῆς,
3193 2174 3323 2244 περὶ
3356 2171 3556 2234 παντὸς
3586 2172 3913 2240 πράγματος
3959 2164 4019 2225 οὗ

2441 2263 2926 2337 ὲάν⁹αἱτήσωνται,
2963 2267 3257 2337 γενήσεται
3286 2266 3470 2328 αὐτοῖς
3500 2265 3649 2333 παρά
3682 2263 3776 2316 τοῦ
3811 2261 4019 2332 Πατρός

2444 2376 2545 2428 μου
2571 2359 2665 2411 τοῦ
2693 2362 2750 2410 ὲν
2774 2358 3021 2427 οὐρανοῖς
3052 2374 3066 2387 ·
3097 2349 3158 2409 οὗ
3198 2356 3306 2425 γάρ
3337 2358 3442 2408 εἰσι
3466 2354 3572 2422 ιδύο
3627 2354 3659 2422 ἢ
3717 2355 3867 2424 τρεῖς
3894 2368 3988 2404 συν

2438 2451 2666 2520 ηγμένοι
2691 2452 2768 2512 εἰς
2785 2451 2846 2502 τὸ
2873 2449 3005 2518 ὲμδν
3029 2449 3222 2518 ὄνομα,
3243 2447 3491 2516 ἐκεῖεἰμι
3517 2449 3576 2497 ἐν
3599 2445 3749 2514 μέσῳ
3769 2443 3968 2497 αύτῶν.
3995 2462 4013 2494 ι

2439 2542 2673 2609 Συνάγει
2723 2543 2873 2610 qua;
2906 2540 2996 2593 διὰ
3042 2540 3151 2593 τῶν
3182 2538 3443 2591 τοιούτων
3473 2536 3738 2607 ῥημάτων
3787 2537 3867 2597 εἰς
3917 2534 4013 2600 τὴν

2445 2635 2666 2704 ἀγάπην
2703 2651 2717 2667 ο
2753 2635 2872 2685 ἐπεὶ
2914 2632 3023 2701 γὰρ
3074 2631 3349 2684 ἐκώλυσεν
3382 2630 3532 2698 ἡμᾶς
3586 2627 3694 2681 ἀπὸ
3719 2625 3812 2679 τοῦ
3855 2641 4018 2678 σκαν-

2438 2726 2674 2790 δαλίζειν
2702 2725 2986 2794 ἀλλήλους,
3042 2724 3137 2776 καὶ
3194 2722 3455 2792 βλάπτειν
3500 2721 3597 2775 καλ⁵
3651 2719 4013 2789 βλάπτεσθαι,

2437 2819 2531 2870 νῦν
2559 2817 2705 2883 λέγει
2741 2817 2836 2869 καὶ
2877 2816 3005 2886 περὶ
3055 2814 3154 2884 τῆς
3189 2815 3329 2886 πρὸς
3375 2813 3636 2883 ἀλλήλους
3669 2811 4013 2882 συμφωνίας.

2435 2907 2858 2980 Συμφωνοῦντες
2892 2906 2949 2962 δὲ
2988 2905 3233 2962 νοοῦνται
3266 2906 3371 2977 οὐχ
3422 2906 3470 2960 ol
3503 2903 3594 2959 ἐπὶ
3627 2902 3787 2975 κακῷ
3826 2917 4016 2973 συνερ-

2433 3003 2673 3072 χόμενοι,
2702 3001 2817 3054 ἀλλ’
2839 3002 2889 3055 οἱ
2927 3002 3014 3054 ἔπ’
3047 2998 3259 3070 ἀγαθῷ.
3287 3001 3428 3068 ’ϋρα
3459 2998 3567 3068 γάρ
3589 2996 3642 3049 τι
3682 2993 3855 3049 εἶπεν·
3889 2995 4013 3049 Ἐὰν

2433 3096 2526 3149 δύο
2558 3095 2734 3165 ὑμῶν,
2781 3094 3026 3147 τουτέστι
3073 3093 3183 3146 τῶν
3233 3092 3621 3155 πιστευόντων,
3660 3090 3769 3143 τῶν
3821 3091 4014 3156 ἐναρέ-

2433 3205 2540 3241 των
2574 3205 2588 3218 ·
2623 3186 3008 3255 συνεφώνησαν
3049 3186 3156 3255 γάρ
3209 3184 3304 3236 καὶ
3338 3185 3537 3248 ’Ἄννας
3591 3182 3685 3234 καὶ
3737 3181 4011 3247 Καϊάφας,

2433 3280 2572 3333 ἀλλά
2602 3277 2820 3347 ψεκτῶς
2849 3293 2862 3308 ·
2896 3277 3034 3330 ὥστε
3058 3277 3145 3330 διά
3178 3274 3336 3328 τοῦτο
3356 3274 3617 3335 πολλάκις
3647 3272 3932 3341 εὐχόμενοι
3954 3271 4013 3322 ού

2437 3370 2811 3439 λαμϐάνομεν,
2868 3369 3003 3421 διότι
3051 3367 3171 3420 οὐδὲ
3213 3365 3538 3435 συμφωνίαν
3573 3364 3710 3432 πρὸς
3747 3362 4012 3432 ἀλλήλους

2442 3462 2661 3530 ἔχομεν.
2683 3459 2798 3512 Ούκ
2824 3453 2944 3510 εἷπε
2962 3457 3037 3518 δὲ,
3059 3457 3140 3509 ὅτι
3173 3456 3407 3524 Ἐσομαι
3430 3471 3444 3484 ·
3465 3455 3525 3508 ού
3555 3455 3625 3522 γά
3635 3469 3666 3523 ρ
3694 3451 3875 3523 μέλλει
3896 3450 4018 3503 οὐδὲ

2437 3550 2715 3621 βραδύνει·
2740 3546 2891 3611 ἀλλ’,
2927 3546 2987 3600 El
2998 3548 3079 3615 μὶ,
3102 3541 3615 3610 τουτέστιν,ξαὺτίκα
3632 3541 3749 3592 ἐκεῖ
3765 3539 4018 3607 εὑρίσκο-

2438 3659 2536 3710 μαι
2555 3658 2569 3670 ο
2600 3642 2812 3707 νοήσεις
2842 3637 2898 3689 δὲ
2930 3637 3012 3688 ὅτι
3033 3636 3128 3689 καί
3157 3635 3287 3688 ὅταν
3322 3633 3663 3702 συμφωνήσῃ
3707 3631 3740 3698 ἡ
3769 3628 3904 3697 σὰρξ
3923 3629 4018 3680 καὶ

2436 3732 2498 3784 τὸ
2531 3734 2771 3798 πνεῦμα,
2808 3729 2902 3780 καὶ
2935 3728 3008 3796 μὴ
3035 3728 3277 3796 ἐπιθυμῇ
3325 3725 3468 3777 κατὰ
3495 3723 3589 3775 τοῦ
3643 3720 3954 3789 πνεύματος
3980 3722 4012 3785 ἠ

2439 3823 2597 3893 σὰρξ,
2629 3823 2748 3873 τότε
2776 3819 2923 3871 ἐστὶν
2960 3821 3020 3871 έν
3053 3819 3202 3887 μέσῳ
3230 3820 3258 3870 ό
3290 3816 3513 3884 Κύριος.
3557 3809 3918 3884 Συμφωνοῦσι
3959 3810 4017 3863 δὲ

2437 3916 2532 3969 καὶ
2581 3915 2638 3966 αἱ
2688 3916 2839 3983 τρεῖς
2893 3912 3151 3980 δυνάμεις
3183 3911 3282 3979 τῆς
3313 3909 3526 3977 ψυχῆς,
3566 3907 3629 3960 τὸ
3677 3904 3918 3973 λογικὸν,
3955 3904 4017 3954 τὸ

2439 4005 2689 4075 θυμικὸν,
2721 4005 2817 4059 καὶ
2852 4004 2912 4057 τὸ
2949 4002 3370 4073 ἐπιθυμητικόν.
3417 4000 3580 4054 Ἀλλὰ
3607 4000 3701 4052 καὶ
3737 3999 3768 4067 ἡ
3805 3997 4016 4052 παλαιά

2444 4102 2539 4153 καὶ
2594 4100 2628 4166 ή
2656 4098 2749 4150 νέα
2782 4095 3166 4163 συμφωνοῦσιν
3193 4098 3247 4146 αἱ
3288 4094 3381 4146 δύο
3402 4131 3416 4154 ,
3450 4094 3541 4144 καὶ
3571 4094 3629 4145 έν
3657 4091 3806 4159 μέσῳ
3837 4089 4016 4142 αὐτῶν

2439 4190 2755 4260 εὑρίσκεται
2783 4190 2812 4242 6
2833 4187 3088 4252 Χριστὸς,
3127 4186 3217 4237 ὑπ’
3249 4187 3450 4254 ἀμφοῖν
3484 4181 3910 4252 κηρυττόμενος.

2517 4323 2536 4354 ι
2587 4303 2720 4355 Τότε
2757 4297 3070 4370 προσελθὼν
3108 4298 3257 4366 αὐτῷ
3285 4299 3313 4348 6
3351 4297 3576 4366 Πέτρος,
3623 4292 3746 4348 εἷπε
3773 4311 3786 4324 ·
3817 4295 4014 4364 Κύριε,

751 4392 887 4444 dixit
911 4411 920 4444 :
948 4393 1187 4456 Domine,
1210 4397 1423 4461 quoties
1453 4397 1695 4466 peccabit
1723 4400 1873 4453 inme
1891 4400 2060 4455 frater
2086 4417 2258 4466 meus,
2285 4413 2339 4457 et
2442 4420 2444 4430 ι

2324 4413 2339 4455 ι
2442 4396 2670 4456 ποσάκις
2701 4392 3008 4462 ἁμαρτήσει
3033 4391 3110 4453 εἰς
3131 4389 3230 4459 ἐμὲ
3256 4392 3282 4441 ὁ
3307 4388 3534 4456 ἀδελφός
3561 4387 3798 4457 μου,καὶ
3818 4388 4017 4456 ἀφήσω

750 4484 1020 4538 remittam
1039 4485 1276 4540 ei?Num
1305 4505 1473 4556 usque
1488 4492 1684 4559 septies
1707 4491 1728 4544 ?
1748 4491 1881 4547 Dicit
1902 4493 1975 4547 illi
1995 4492 2150 4550 Jesns
2173 4513 2184 4548 :
2204 4492 2318 4547 Non
2350 4489 2443 4548 Dc

2350 4489 2402 4548 D
2428 4487 2575 4557 αύτῷ
2601 4505 2616 4554 ;
2649 4486 2752 4548 ἓως
2781 4484 3038 4548 ὲπτάκις;
3083 4484 3246 4550 Λέγει
3274 4483 3422 4551 αύτῷ
3453 4483 3480 4535 6
3520 4481 3726 4550 Ἰησοῦς
3750 4499 3764 4512 ·
3817 4483 3890 4534 Ού
3930 4483 4017 4535 λέ-

747 4577 869 4631 dico
892 4578 983 4632 tibi
1007 4593 1176 4646 usque
1197 4582 1418 4648 septies,
1436 4585 1528 4636 sed
1549 4599 1718 4653 usque
1742 4587 2048 4656 septuagies
2061 4589 2281 4656 septies.
2301 4607 2318 4638 ι

749 4663 861 4719 Hoc
892 4676 967 4718 est
1005 4669 1146 4733 quod
1169 4670 1462 4738 interrogat
1481 4671 1674 4726 Petrus
1695 4671 1957 4738 :Quoties,
1980 4674 2024 4728 si
2049 4685 2253 4744 peccet,
2273 4685 2326 4730 ct

748 4757 942 4809 deinde
976 4765 1200 4811 accedat
1236 4771 1286 4813 et
1329 4770 1473 4828 petat
1507 4762 1720 4816 veniam
1752 4765 2070 4832 pce-nitentia
2105 4767 2322 4827 ductus,

749 4849 1038 4902 concedam
1058 4851 1104 4902 ei
1125 4852 1401 4918 ?Addidit,
1437 4854 1493 4906 In
1528 4870 1614 4909 me
1637 4856 1681 4909 si
1713 4857 2039 4918 peccaverit.
2066 4856 2123 4911 In
2156 4856 2322 4911 Deum

749 4943 891 4995 enim
931 4943 973 4996 si
1000 4947 1323 5012 peccaverit,
1359 4964 1462 5001 non
1495 4964 1614 5019 ego,
1641 4951 1731 5018 qui
1758 4951 1949 5004 idiotes
1985 4968 2047 5007 ac
2083 4953 2326 5024 privatus

748 5044 887 5095 sum,
913 5046 1129 5098 possum
1159 5035 1204 5088 ei
1233 5037 1530 5102 remittere,
1553 5039 1653 5092 nisi
1686 5039 1825 5094 forte
1853 5041 1942 5095 Dei
1961 5042 2208 5096 ordinem
2229 5042 2326 5095 ba-

748 5121 882 5174 brns
911 5126 1186 5177 sacerdos.
1213 5124 1267 5178 Si
1297 5135 1475 5180 autem
1503 5129 1553 5180 in
1576 5143 1659 5181 me
1687 5139 1892 5198 peccet,
1925 5145 1985 5184 ac
2015 5130 2209 5184 deinde
2241 5144 2326 5184 re-

751 5213 949 5268 misero
968 5216 1038 5279 εἰ,
1065 5217 1166 5270 erit
1199 5218 1427 5284 solutus,
1455 5222 1619 5274 etiam
1655 5222 1697 5274 si
1716 5222 1959 5290 privatus
1986 5237 2084 5292 ego
2107 5224 2208 5276 sim
2233 5265 2245 5286 ,
2272 5233 2327 5277 et

747 5319 853 5358 non
896 5310 1170 5362 sacerdos.
1192 5309 1342 5374 Quod
1369 5321 1548 5364 autem
1585 5316 1892 5382 septuagies
1934 5316 2135 5384 septies
2167 5317 2322 5384 dixit,

750 5410 856 5446 non
873 5397 1146 5451 concludit
1165 5401 1632 5456 veniamnumero.
1659 5403 2116 5459 Absurdumenim
2134 5408 2325 5461 sedere

748 5495 801 5537 et
851 5503 1133 5541 numerare
1185 5507 1354 5557 usque
1402 5495 1526 5547 dum
1578 5495 1977 5564 quadringenta
2030 5498 2322 5570 nonaginta

746 5576 946 5630 habeas
1007 5579 1117 5652 [tot
1153 5584 1296 5635 enim
1350 5584 1556 5638 faciunt
1601 5588 1912 5658 septuagies
1943 5591 2176 5663 septies]
2229 5594 2322 5645 sed

750 5665 1071 5724 immensum
1104 5689 1387 5729 numerum
1434 5677 1654 5746 signat:
1687 5680 1842 5748 quasi
1893 5681 2056 5747 dicat,
2101 5682 2325 5749 Quoties

749 5760 870 5826 quis
899 5761 1080 5826 lapsus
1107 5762 1282 5832 fuerit,
1319 5777 1371 5823 et
1420 5769 1792 5832 penitentiam
1819 5784 1937 5836 aget
1962 5812 1976 5836 .
2004 5775 2238 5837 concede
2273 5779 2322 5832 ei

2428 4601 2509 4649 γω
2539 4599 2619 4634 σοι
2651 4581 2756 4642 ἕως
2781 4579 3032 4640 ἑπτάκις,
3059 4578 3174 4630 ἀλλ’
3195 4577 3298 4639 iw;
3326 4577 3788 4646 ἑϐδομηκοντάκις
3815 4577 4011 4629 ὲπτά.»

2429 4673 2600 4727 Τοῦτο
2632 4673 2777 4724 ἐστιν
2799 4671 2825 4723 ὃ
2854 4671 3036 4740 ἐρωτᾷ
3061 4672 3088 4722 6
3117 4669 3344 4740 Πέτροςο
3387 4671 3623 4735 Ποσάκις
3647 4672 3742 4724 ἐὰν
3769 4672 4013 4742 ἁμάρτῃ,

2431 4762 2548 4819 εἶτα
2582 4765 2956 4834 προσέρχηται
2980 4761 3075 4814 καὶ
3106 4764 3231 4833 αἰτῇ
3275 4761 3607 4835 συγγνώμην
3641 4764 4018 4832 μεταμελόμεο

2429 4876 2536 4922 νος,
2569 4853 3086 4926 συγχωρήσωξαύτοῦ
3111 4869 3124 4916 ς
3161 4855 3476 4924 Προσέθηκε
3501 4854 3652 4920 δὲτὸ,
3673 4856 3765 4918 Εἰς
3789 4856 3888 4924 ἐμὲ
3917 4858 4014 4908 ἐὰν

2429 4947 2650 5017 ἁμάρτῃ
2669 4961 2681 4972 ·
2709 4949 2787 5006 εἰς
2811 4945 2919 5014 γὰρ
2943 4943 3074 4995 Θεὸν
3091 4943 3186 4996 ὲάν
3213 4945 3457 5017 ἁμάρτῃ,
3480 4945 3580 4997 οὐκ
3607 4944 3718 5014 ἐγὼ
3741 4946 3768 4996 6
3797 4947 4016 5016 ἰδιώτης

2427 5040 2659 5108 δύναμαι
2690 5037 2839 5107 αύτῷ
2871 5038 3193 5107 συγχωρεῖν,
3227 5039 3274 5089 εἰ
3311 5038 3495 5106 μήπου
3527 5056 3588 5108 γε
3620 5043 3646 5092 ό
3679 5039 3815 5093 Θεοῦ
3861 5041 4015 5106 τάξιν

2431 5131 2616 5199 ἔχωνό
2650 5130 2857 5200 ἱερεύςο
2900 5130 2995 5182 ἐὰν
3024 5131 3081 5183 δὲ
3122 5132 3198 5191 εἰς
3233 5130 3332 5199 ἐμὲ
3369 5131 3609 5201 ἁμάρτῃ,
3640 5128 3762 5185 εἶτα
3817 5137 4014 5201 ἀφήσω

2431 5224 2600 5293 αὐτῷ,
2639 5224 2793 5277 ἔσται
2844 5225 3161 5292 ἀφειμένος,
3197 5223 3301 5276 κᾶν
3329 5223 3545 5294 ἰδιώτης
3580 5226 3697 5294 εἰμὶ
3738 5226 3869 5294 ἐγὼ,
3920 5227 4014 5278 καὶ

2430 5318 2544 5387 οὐχῖ
2576 5319 2776 5387 ἱερεύς.
2816 5316 2889 5368 Τὸ
2909 5317 2984 5379 δὲ,
3017 5317 3122 5379 ἓως
3153 5317 3616 5387 ἑϐδομηκοντάκις
3651 5321 3812 5384 ἑπτὰ,
3837 5317 4011 5384 εἶπεν,

2430 5408 2527 5475 οὐχ
2571 5408 2656 5460 ἵνα
2689 5405 2911 5475 ἀριθμῷ
2943 5405 3263 5478 περικλείσῃ
3287 5408 3385 5477 τὴν
3406 5407 3789 5477 συγχώρησιν.
3820 5409 4015 5477 ἀλογον

2431 5502 2538 5570 γάρ
2558 5503 2673 5553 ἐστι
2697 5499 2970 5569 καθῆσθαί
2996 5517 3120 5553 τινα
3146 5500 3487 5570 ἀριθμοῦντα
3510 5502 3615 5564 ἕως
3639 5495 3698 5553 οὗ
3723 5503 4014 5556 ποσωθῶσι

2432 5591 2761 5661 τετρακόσια
2807 5591 3166 5662 ἐννενήκοντα
3226 5593 3487 5664 (τοσαῦτα
3528 5593 3636 5663 γὰρ
3670 5595 3738 5647 τά
3778 5595 4014 5666 ἐϐδομητ

2433 5686 2682 5748 κοντάκις
2725 5686 2909 5759 έπτά),
2933 5687 3065 5741 ἀλλά
3094 5689 3154 5741 τὸ
3185 5691 3411 5759 ἄπειρον
3438 5690 3672 5743 ἐνταῦθα
3712 5693 3966 5762 σημαίνει
3996 5708 4011 5723 ·

2429 5776 2501 5842 ώς
2535 5778 2599 5831 ἂν
2622 5779 2667 5831 εἰ
2704 5779 2908 5847 ἔλεγε-ν
2952 5779 3170 5845 Ὁσάκις
3207 5780 3269 5834 ἂν
3311 5782 3546 5847 «micat;
3588 5787 3845 5854 μετανοῇ,
3878 5803 4001 5850 my-
