4288 6444
263 355 377 420 345

863 355 1313 418 ENARRATIO
1354 356 1436 417 IN
1473 357 1985 421 EVANGELIUM
2024 358 2413 420 MATTILEI.
2454 382 2524 393 ·-
2563 357 2723 417 CAP.
2764 354 2982 419 XVIII.

3445 350 3554 415 346

261 471 435 540 χώρει
467 469 637 540 αὐτῷ.
677 469 851 523 Τοῦτο
883 472 990 541 γὰυρ
1022 475 1114 524 καὶ
1143 473 1231 526 διὰ
1262 472 1359 541 τῆς
1382 473 1509 543 ἑξῆς
1537 474 1854 546 παραϐολῆς
1888 482 1931 537 Α

1888 482 1931 537 Α
1967 477 2203 543 veniam,
2228 486 2283 532 et
2332 478 2382 530 id
2420 475 2588 549 [quod
2625 485 2680 531 et
2712 489 2806 542 per
2852 476 3176 540 sequentem
3231 464 3548 534 parabolam

257 558 435 627 λέγει,
474 562 554 614 ὃτι
585 562 667 615 δεῖ
687 563 834 631 ἡμᾶς
856 561 1162 630 συμπαθεῖς
1192 556 1352 615 εἶναι.

340 677 359 708 α
416 658 514 708 Διὰ
549 654 709 707 τοῦτο
755 652 1015 724 ὡμοιώθη
1061 655 1093 723 ἡ
1139 653 1389 723 βασιλεία
1442 653 1550 706 τῶν
1602 656 1851 725 οὐρανῶν

267 750 545 819 ἀνθρώπῳ
578 746 827 817 βασιλεῖ,
876 746 932 809 ὃς
968 744 1202 815 ἠθέλησε
1231 746 1464 814 συνᾶραι
1508 746 1670 814 λόγον
1714 749 1853 816 μετὰ

259 842 374 894 τῶν
402 840 603 893 δούλων
633 837 821 890 αὐτοῦ.
865 856 883 888 ι
928 836 991 889 Ἠ
1027 836 1128 906 μὲν
1177 836 1357 889 ἔννοια
1390 837 1487 905 τῆς
1535 838 1852 909 παραϐολῆς

260 932 505 985 διδάσκει
536 930 842 998 συγχωρεῖν
863 930 928 981 τὰ
959 930 1038 989 είς
1070 927 1215 996 ἡμᾶς
1240 928 1391 995 παρὰ
1413 929 1524 980 τῶν
1546 930 1852 997 ὁμοῗούλων

261 1022 718 1094 ἁμαρτανόμενα,
757 1021 851 1074 καὶ
903 1019 1137 1090 μάλιστα
1183 1020 1278 1071 ἐὰν
1324 1019 1417 1071 καὶ
1450 1022 1853 1091 συγχωρήσεως

261 1118 465 1170 ἐκείνοι
510 1114 808 1185 χρῄζοντες
862 1112 1271 1183 προσπίπτωσι.
1320 1110 1393 1164 Τὸ
1426 1113 1481 1166 δὲ
1512 1113 1653 1166 κατὰ
1686 1114 1855 1182 μέρος

262 1206 581 1277 ἐξηγεῖσθαι
641 1207 741 1275 τὴν
788 1203 1127 1274 παραϐολὴν,
1181 1204 1345 1272 μόνου
1380 1204 1447 1258 ἂν
1482 1205 1568 1275 είη
1599 1206 1694 1258 τοῦ
1728 1205 1854 1259 νοῦν

262 1295 505 1368 Χριστοῦ
534 1296 748 1366 ἔχοντος
776 1311 789 1323 ·
816 1293 954 1365 πλὴν
989 1293 1360 1365 ὲπιόαλοῦμεν
1392 1296 1487 1350 καὶ
1516 1295 1691 1352 αὐτοί.
1746 1297 1855 1349 Βα-

265 1390 468 1453 σιλεία,
489 1392 519 1483 ό
544 1388 637 1443 τοῦ
670 1388 806 1443 Θεοῦ
837 1389 1009 1456 Λόγος
1036 1404 1052 1419 ·
1084 1388 1200 1442 ἀλλ’
1233 1389 1293 1442 οὑ
1328 1388 1544 1459 μικρῶν
1571 1405 1733 1442 τινων
1761 1388 1858 1459 βα-

265 1481 464 1541 σ.λεία,
489 1473 624 1534 33.?
655 1480 921 1551 οὐρανῶν.
964 1478 1237 1550 Ὡμοιώθη
1272 1478 1365 1533 οὖν
1403 1473 1559 1542 οὗτος
1583 1480 1859 1551 ἀνθρώπῳ

266 1572 502 1643 βασιλεῖ,
533 1573 837 1643 σαρκωθεὶς
865 1572 933 1625 δι’
974 1572 1122 1642 ἡμᾶς
1182 1572 1281 1625 καὶ
1320 1574 1379 1625 ιν
1409 1573 1720 1643 ὁμοιώματι
1764 1574 1859 1626 ἀν-

264 1666 505 1738 θρώπων
566 1665 904 1735 γενόμενοςι·
942 1665 1191 1735 συναίρει
1235 1664 1293 1719 δὲ
1344 1665 1504 1734 λόγον
1559 1666 1701 1736 μετὰ
1749 1655 1859 1719 τῶῦ

262 1758 470 1814 δούλων
524 1758 725 1823 αὑτοῦ,
774 1757 851 1820 ώς
886 1756 1089 1825 ἀγαθὸς
1143 1758 1347 1829 κρίνων
1379 1759 1586 1822 αὐτοῖς.
1637 1758 1713 1812 Οὐ
1747 1760 1859 1829 γὰρ

262 1854 510 1926 ἀκρίτως
533 1853 750 1916 κολάζει
777 1869 791 1883 ⁸
822 1853 1115 1922 ὠμότητος
1133 1853 1243 1924 γὰρ
1275 1851 1457 1909 τοῦτο.

343 1964 362 1997 ι
415 1945 750 2015 ’Δρξαμένου
812 1943 868 1997 δὶ
918 1942 1083 1997 αὑτοῦ
1140 1944 1455 2014 συναίρειν,
1505 1943 1855 2013 προσηνέχθη

266 2038 420 2110 αὐτῷ
475 2033 554 2101 εἷς
604 2037 892 2107 ὀφειλέτης
936 2037 1148 2107 μυρίων
1177 2036 1459 2090 ταλάντων
1487 2055 1502 2069 ο
1537 2037 1612 2106 μὴ
1640 2038 1857 2105 ἔχοντος

264 2128 518 2183 δέιαύτοῦ
542 2129 859 2188 ἀποδοῦναι,
887 2126 1178 2180 ἐκέλευσεν
1206 2126 1372 2180 αὐτὸν
1396 2127 1424 2178 ὁ
1473 2126 1663 2193 κύριος
1686 2126 1854 2179 αὑτοῦ

265 2220 565 2291 πραθῆναι,
603 2219 699 2273 καὶ
722 2221 821 2289 τὴν
856 2221 1094 2287 γυναῖκα
1122 2216 1313 2283 αὐτοῦ,
1348 2218 1441 2271 καὶ
1468 2211 1732 2276 τὲὶιέκνα
1761 2220 1858 2271 καὶ

265 2312 453 2367 πάντα
484 2312 586 2366 ὅσα
618 2308 757 2381 εἶχε,
789 2313 884 2365 καὶ
932 2310 1284 2379 ἀποδοθῆναι.
1325 2329 1343 2360 ι
1385 2309 1614 2379 Μυρίων
1655 2307 1858 2361 ταλάν-

264 2423 378 2460 των
432 2406 832 2475 χρεωφειλέται
891 2405 1077 2473 ἡμεῖς,
1133 2402 1209 2465 ώς
1271 2401 1727 2472 εὐεργετούμενοι
1760 2401 1859 2472 μὲν

265 2498 389 2551 καθ’
408 2500 666 2566 ἑκάστην,
697 2496 863 2567 μηδὲν
892 2495 949 2548 δὲ
986 2494 1193 2563 ἀγαθὸν
1230 2494 1588 2556 ἀντιδιδόντες
1615 2494 1695 2563 τῷ
1715 2493 1855 2563 Θεῷ.

264 2590 499 2660 Μυρίων
530 2589 809 2641 ταλάντων
845 2588 1240 2658 χρεωφειλέται
1286 2588 1379 2640 καὶ
1410 2589 1458 2639 oi
1512 2587 1860 2657 προστασίαν

266 2681 402 2735 λαοῦ
456 2681 745 2751 δεξάμενοι
804 2680 899 2733 καὶ
957 2679 1264 2751 ἀνθρώπων
1338 2678 1550 2733 πολλῶν
1606 2680 1859 2744 (ἕκαστος

265 2776 377 2842 γαρ
401 2773 685 2845 mpm...-
724 2772 1025 2834 τάλαντον,
1072 2773 1213 2824 κατὰ
1252 2772 1346 2825 τὸν
1396 2772 1660 2839 λέγοντα’
1699 2772 1860 2837 Μέγα

266 2868 601 2938 ἄνθρωπος),
630 2863 749 2919 εἶτα
783 2865 860 2937 μὴ
892 2866 1075 2929 καλῶς
1108 2866 1443 2936 κεχρημένοι
1477 2868 1543 2936 τῇ
1589 2867 1754 2933 ἀρχῇ.
1789 2864 1863 2917 Τὸ

266 2964 328 3016 δὲ
345 2962 755 3033 πιπράσκεσθαι
777 2964 868 3014 τὶν
914 2961 1202 3032 χρεώστην
1247 2964 1343 3016 σὺν
1370 2962 1594 3029 γυναικὶ
1621 2960 1718 3012 καὶ
1750 2960 1865 3022 τοῖς

271 3055 443 3110 αὑτοῦ
478 3056 719 3117 τέκνοις,
754 3055 908 3126 δηλοί
936 3057 1037 3125 τὴν
1075 3053 1431 3125 ἀλλοτρίωσιν
1466 3054 1567 3123 τὴν
1616 3053 1725 3107 ἀπὸ
1768 3050 1861 3104 τοῦ

1956 569 2108 642 dicit]
2142 571 2269 638 quia
2304 578 2518 639 Oportet
2551 583 2649 621 nos
2688 565 3085 633 compatientes
3115 573 3259 611 esse.

2029 662 2192 717 Vens.
2240 662 2331 715 235.
2371 681 2389 712 ι
2442 658 2567 714 Ideo
2602 656 2971 713 assimilatum
3006 662 3091 707 est
3123 665 3345 718 regnum
3378 648 3548 701 uelo-

1971 771 2089 810 rum
2130 754 2333 809 homini
2361 753 2493 822 regi,
2526 752 2617 821 qui
2654 750 2825 804 voluit
2856 744 3104 799 conferre
3136 743 3397 795 rationem
3426 754 3550 793 cum

1956 851 2131 904 servis
2164 848 2298 902 suis.
2343 865 2360 897 ι
2401 845 2551 899 Meus
2592 840 2862 910 parabolae
2903 846 3009 901 est,
3040 844 3095 887 ut
3124 833 3337 885 veniam
3364 832 3554 884 demus

1956 938 2237 994 conservis
2275 937 2328 990 in
2380 949 2479 990 nos
2506 927 2951 1001 delinquentibus
2988 944 3003 980 :
3053 922 3355 993 praesertim
3394 920 3439 972 si
3476 918 3548 969 illi

1958 1032 2172 1086 veniam
2226 1040 2353 1085 ante
2403 1042 2501 1082 nos
2544 1024 2893 1095 procitleules
2929 1027 3134 1087 petant.
3175 1010 3553 1068 Particulatim

1959 1122 2171 1190 singula
2199 1120 2518 1173 examinare
2542 1158 2556 1181 ,
2595 1113 2712 1183 ejus
2742 1110 2905 1165 fuerit
2944 1117 3150 1162 tantmn
3191 1103 3281 1172 qui
3318 1112 3552 1154 mentem

1962 1214 2165 1270 Christi
2204 1214 2404 1265 habeat
2438 1228 2452 1262 :
2505 1207 2598 1262 sed
2634 1202 3020 1275 aggrediemur
3057 1208 3110 1251 et
3148 1211 3267 1248 nos.
3306 1191 3554 1256 Regnum

1961 1317 2047 1363 est
2078 1306 2169 1361 Dei
2211 1303 2452 1358 Verbum
2484 1317 2499 1353 :
2535 1310 2589 1353 et
2624 1313 2729 1351 non
2760 1308 2985 1363 parvum
3005 1288 3277 1360 quoddam
3307 1297 3555 1353 regnum,

1959 1398 2055 1454 sed
2110 1396 2398 1452 coriorum.
2452 1390 2806 1445 Assimilatus
2841 1394 2925 1439 est
2984 1383 3147 1451 igitur
3192 1380 3299 1433 iste
3345 1373 3556 1430 homini

1961 1492 2097 1561 regi.
2135 1491 2457 1544 Iucarnatus
2505 1492 2586 1537 est
2624 1482 2769 1536 enim
2806 1486 3029 1548 propter
3083 1487 3203 1537 nos,
3238 1479 3291 1524 et.
3323 1469 3376 1522 in
3405 1466 3561 1520 simi-

1962 1559 2246 1637 litudinem
2279 1577 2557 1633 hominum
2582 1572 2785 1626 factus.
2814 1566 3039 1624 Confert
3065 1576 3242 1618 autem
3283 1559 3553 1614 rationem

1962 1690 2086 1730 cum
2119 1672 2293 1728 servis
2315 1670 2451 1733 suis,
2491 1667 2568 1721 uti
2604 1666 2780 1719 bonus
2802 1661 3077 1729 judicans.
3105 1656 3218 1711 Non
3254 1654 3399 1707 enim
3427 1651 3554 1705 abs-

1963 1782 2070 1837 que
2100 1764 2309 1837 judicio
2339 1762 2491 1833 punit
2522 1774 2537 1813 :
2575 1764 2681 1813 hoc
2709 1758 2853 1812 enim
2887 1750 3234 1809 crudelitatis
3264 1747 3424 1801 foret.

2034 1946 2199 2001 Vens.
2229 1944 2323 2008 24,
2346 1942 2438 1998 ΞΒ.
2477 1940 2592 2009 ‹,Ει
2611 1953 2734 1994 eum
2758 1935 3015 2003 ccepisset
3044 1930 3316 1993 conferre,
3344 1926 3560 1981 oblatus

1959 2050 2042 2096 est
2072 2040 2120 2093 ei
2164 2054 2304 2093 unus
2341 2037 2431 2107 qui
2486 2036 2723 2089 debebat
2773 2032 2959 2087 decem
2996 2028 3161 2082 millia
3202 2033 3560 2078 talentorum.

1960 2132 2233 2188 Caeterum
2274 2144 2399 2186 cum
2462 2128 2509 2180 is
2560 2140 2665 2179 non
2701 2134 2848 2178 esset
2884 2120 3147 2175 solvendo
3172 2157 3187 2180 ,
3222 2114 3387 2183 juSsit
3434 2126 3560 2166 eum
3626 2120 3627 2123 ‘

1962 2226 2227 2279 dominus
2252 2218 2579 2279 venundari.
2636 2226 2692 2271 et
2741 2228 2966 2268 uxorem
2996 2209 3135 2278 ejus,
3168 2218 3221 2260 et
3256 2206 3477 2265 liberos,
3509 2210 3565 2254 et

1964 2316 2149 2372 omnia
2189 2328 2310 2385 qua:
2346 2311 2623 2374 habebat,
2653 2318 2707 2363 et
2748 2306 2861 2360 ﬁeri
2901 2303 3258 2356 solutionem.
3303 2316 3321 2348 ι
3365 2294 3562 2347 Det-ent

1966 2411 2196 2466 millium
2239 2409 2569 2463 talentorum
2602 2403 2881 2457 debitores
2917 2412 3014 2451 nos
3049 2407 3263 2453 sumus,
3299 2389 3393 2459 qui
3426 2401 3565 2456 quo-

1965 2504 2094 2557 tidie
2130 2499 2313 2555 multis
2333 2494 2613 2552 bcuetlciis
2647 2490 2937 2551 allicimur,
2969 2496 3020 2539 et
3050 2483 3185 2538 nihil
3210 2482 3332 2533 boni
3370 2493 3567 2546 repen-

1965 2595 2143 2650 dimus
2187 2592 2318 2646 Deo.
2354 2589 2551 2643 Decem
2588 2585 2737 2639 mille
2769 2582 3098 2637 talentorum
3133 2575 3409 2627 debitores
3444 2576 3571 2622 sunt

1964 2698 2021 2742 et
2077 2684 2170 2755 qui
2230 2682 2413 2753 populi
2487 2679 2869 2749 praefecturam
2926 2674 3290 2736 susceperunt
3350 2662 3571 2735 [unus-

1965 2780 2201 2850 quisque
2229 2752 2378 2839 enim,
2410 2774 2573 2825 homo
2634 2770 2895 2821 talentum
2932 2775 3014 2817 est
3072 2760 3227 2829 juxta
3260 2757 3411 2809 illum
3472 2752 3563 2819 qui

1968 2842 2174 2925 dicio:
2233 2865 2486 2934 Magnum
2528 2856 2731 2928 homo]
2765 2868 2816 2910 et
2844 2852 3043 2909 deinde
3089 2865 3193 2903 non
3251 2848 3390 2901 bene
3446 2842 3576 2897 lun-

1966 2973 2169 3034 guntur
2238 2958 2569 3029 principatu.
2638 2950 2807 3005 Veudi
2864 2960 3049 3001 autem
3104 2958 3228 2997 cum
3296 2952 3466 2992 uxore
3519 2944 3574 2988 et

1969 3056 2209 3117 latitilia,
2283 3053 2467 3117 signat
2527 3047 2914 3102 alienationem
2984 3058 3011 3094 a
3067 3042 3202 3094 Deo.
3265 3035 3368 3102 Qui
3424 3033 3571 3087 enim

272 3149 433 3201 Θεοῦ.
483 3149 539 3202 Ὀ
563 3150 674 3219 γὰρ
702 3144 1153 3218 πιπρασκόμενος
1185 3147 1375 3217 ἑτέρου
1421 3145 1687 3197 δεσπότου
1718 3144 1866 3211 γίνε-
1896 3165 1937 3220 C

1896 3165 1937 3220 ρ
1975 3148 2249 3210 venditur,
2275 3142 2503 3197 alterius
2529 3139 2735 3195 domini
2788 3138 2869 3191 lit.
2917 3138 2997 3188 Au
3040 3150 3147 3186 non
3184 3140 3363 3184 autem
3415 3140 3570 3186 uxor,

271 3256 384 3292 ται.
421 3240 649 3308 Μήποτε
680 3239 736 3292 δὲ
771 3238 909 3307 γυνη
939 3238 1095 3308 μὲνὴ
1138 3237 1306 3305 σὰρξ,
1345 3237 1420 3298 ώς
1462 3234 1696 3301 σύζυγος
1730 3232 1866 3285 οὖσα

272 3331 374 3400 τῆς
416 3330 593 3400 ψυχῆς
616 3347 630 3360 ·
664 3332 832 3384 τέκνα
870 3331 952 3392 δὲ,
988 3331 1045 3383 al
1094 3330 1324 3400 πράξεις
1380 3329 1435 3381 αί
1472 3326 1867 3396 ὲνεργούμεναι

276 3425 466 3487 κακῶς
499 3424 601 3476 ὑπὸ
652 3428 752 3495 τῆς
806 3424 984 3495 ψυχῆς
1014 3425 1107 3476 καὶ
1160 3422 1253 3475 τοῦ
1292 3422 1589 3491 σώματος
1642 3420 1868 3472 Κελεύει

276 3516 370 3571 οὖν
404 3520 501 3581 τὴν
527 3519 707 3587 σάρκα
727 3518 949 3587 δοθῆναι
978 3515 1057 3587 τῷ
1079 3516 1297 3585 Σατανᾷ
1325 3517 1403 3577 εἰς
1438 3514 1682 3579 ὄλεθρον,
1718 3516 1873 3566 τουτ-

278 3613 395 3664 έστι
448 3611 626 3673 νόσοις
665 3611 698 3679 ἢ
741 3610 905 3663 πάθει
943 3609 1200 3677 δαίμονος
1251 3604 1630 3676 παραδοθῆναι
1658 3621 1671 3635 ⁸
1735 3603 1873 3657 ἀλλὰ

278 3705 376 3758 καὶ
404 3704 476 3756 τὰ
504 3704 706 3765 τέκνα,
740 3703 883 3771 λέγω
920 3702 983 3772 δὴ
1033 3702 1131 3765 τὰς
1178 3701 1462 3771 ἐνεργείας
1506 3698 1617 3751 τῶν
1664 3697 1870 3762 κακῶν,

281 3796 713 3865 στρεϐλωθῆναι.
739 3788 884 3859 Οἷον,
917 3794 1034 3847 ἐστι
1061 3794 1204 3856 τινὸς
1232 3792 1354 3862 χεὶρ
1382 3791 1713 3855 κλέπτουσα,
1739 3789 1874 3842 ταύ-

280 3907 381 3957 την
414 3890 444 3942 ό
471 3888 602 3948 Θεὸς
636 3888 917 3958 ξηραίνει,
958 3888 992 3958 ἢ
1043 3885 1439 3959 στραγγαλίζει
1474 3885 1561 3939 δια
1585 3902 1730 3949 τινος
1758 3885 1877 3938 51i-

285 3998 466 4050 μονος.
503 3980 633 4033 Ἰδοὺ
666 3976 812 4047 οὖνὴ
861 3979 998 4046 γυνὴ
1035 3980 1069 4047 ἡ
1108 3977 1268 4048 σὰρξ,
1312 3976 1411 4028 καὶ
1445 3974 1513 4026 τὰ
1544 3973 1729 4037 τέκνα,
1756 3972 1875 4041 ἦτοι

281 4078 316 4143 ἠ
349 4077 600 4145 ἐνέργεια
629 4073 724 4126 τοῦ
757 4072 953 4135 κακοῦ,
986 4070 1367 4141 παρεδόθησαν
1390 4072 1457 4139 τῇ
1491 4068 1759 4130 κακώσει,
1790 4067 1877 4118 ἵνα

1976 3256 2140 3300 caro,
2191 3251 2311 3303 quae
2361 3233 2565 3287 scilicet
2624 3241 2711 3284 est
2761 3222 2961 3296 conqu
3020 3225 3218 3277 anima:
3253 3238 3268 3274 :
3310 3228 3364 3271 et
3399 3216 3577 3286 pueri,

1977 3344 2140 3399 opera
2173 3343 2293 3396 qua:
2324 3324 2466 3378 male
2494 3324 2629 3376 liunt
2666 3337 2693 3373 a
2726 3333 2956 3389 corpore
2978 3330 3027 3370 et
3048 3311 3458 3368 auitna?Jubet
3481 3308 3582 3377 igi-

1981 3434 2067 3475 tur
2094 3435 2312 3475 carnem
2358 3419 2473 3470 dari
2516 3425 2721 3470 satana
2753 3416 2803 3466 in
2829 3410 3134 3472 interitum,
3165 3407 3265 3460 hoc
3304 3414 3388 3457 est
3434 3414 3581 3454 mor-

1982 3515 2063 3569 bis
2096 3514 2179 3567 vel
2203 3512 2441 3580 passioui
2475 3508 2762 3563 daemonis.
2801 3504 3070 3558 Similiter
3097 3511 3150 3554 et
3188 3499 3347 3560 lilios,
3388 3510 3580 3563 opera-

1985 3607 2123 3659 tiVas
2150 3605 2271 3657 dico
2307 3596 2540 3655 virtutes
2576 3599 2846 3652 malorum
2870 3634 2887 3659 ,
2921 3594 3077 3662 ligari
3108 3608 3122 3644 :
3162 3601 3239 3652 ut,
3276 3598 3359 3641 est
3389 3600 3583 3637 uulnus

1984 3694 2215 3760 alicujus
2264 3690 2412 3746 furto
2445 3689 2624 3743 dedita
2651 3727 2666 3751 ,
2698 3703 2815 3740 eam
2850 3685 2996 3737 Deus
3042 3685 3252 3735 aridam
3303 3679 3455 3737 facit,
3499 3674 3585 3727 vel

1984 3783 2309 3852 constringit
2364 3796 2459 3851 per
2508 3782 2813 3854 daemonem
2882 3776 3142 3844 aliquem.
3204 3773 3341 3825 Ecce
3392 3766 3586 3821 tntilier

1986 3891 2117 3930 caro
2146 3885 2251 3938 est,
2281 3886 2335 3928 et
2363 3874 2455 3926 lilii
2488 3872 2836 3940 operationes
2864 3868 3041 3920 tutelae:
3064 3866 3276 3918 ltadita:
3304 3875 3429 3915 sunt
3452 3858 3587 3913 ami-

1985 3972 2176 4037 ctioni,
2212 3983 2272 4023 ut
2317 3970 2543 4040 spiritus
2583 3968 2843 4021 salvetur.
2890 3964 3005 4033 98
3052 3962 3167 4016 Non
3228 3966 3406 4030 potest
3440 3957 3585 4011 enim

1989 4074 2118 4117 tunc
2153 4063 2218 4116 ad
2264 4061 2467 4114 furtum
2496 4060 2778 4129 cooperari
2811 4058 2977 4111 homo
3007 4057 3115 4109 ille.

280 4169 595 4239 τὸιπνεῦμα
624 4168 773 4238 σωθῇ
799 4182 810 4194 ·
847 4168 950 4220 οὐκ
981 4165 1062 4219 ἔτι
1087 4166 1194 4236 γὰρ
1241 4164 1531 4234 ἐνεργήσει
1565 4159 1879 4222 κλεπτικῶς
1910 4161 2120 4221 ἐκεῖνος
2156 4159 2184 4209 ὁ
2223 4156 2534 4227 ἄνθρωπος.

364 4284 382 4315 ι
415 4263 605 4317 [ιεσὼν
652 4258 746 4315 οὖν
777 4262 805 4314 ό
837 4260 1025 4324 δοζλος
1058 4258 1386 4331 προσεκύνει
1418 4256 1569 4326 αὐτῷ
1597 4298 1610 4317 ,
1658 4256 1832 4321 λέγων
1856 4266 1872 4283 ⁸

282 4359 481 4429 Κύριε.
510 4356 943 4427 μακροθύμησον
977 4352 1067 4407 ἐπ’
1101 4353 1246 4422 ἐμοὶ,
1286 4353 1379 4405 καὶ
1412 4353 1592 4404 πάντα
1624 4365 1707 4402 σοι
1735 4350 1875 4402 ἀπο-

282 4452 443 4503 δώσω
470 4465 483 4478 ·
510 4446 938 4515 σπλαγχνισθεὶς
963 4444 1021 4497 δὲ
1065 4445 1093 4496 ὁ
1132 4442 1340 4512 Κύριος
1372 4441 1466 4494 τοῦ
1508 4440 1699 4492 δούλου
1730 4438 1877 4489 ὲκεί-

281 4563 400 4605 νου,
432 4542 705 4596 ἀπέλυσεν
729 4540 915 4601 αὐτὸν,
951 4540 1043 4590 καὶ
1072 4537 1133 4589 τὸ
1158 4536 1371 4589 δάνειον
1396 4535 1613 4602 ἀφῆκεν
1647 4529 1818 4601 αὐτῷ.
1856 4547 1874 4577 ι

288 4634 400 4687 Ἴδε.
423 4633 525 4701 τὴν
549 4631 648 4698 τῆς
676 4628 969 4699 μετανοίας
1013 4627 1189 4696 ἰσχὺν,
1222 4627 1317 4678 καὶ
1343 4626 1442 4693 τὴν
1468 4621 1884 4693 φιλανθρωπίαν

284 4728 383 4781 τοῦ
419 4727 642 4796 κυρίου.
680 4726 744 4777 Ἦ
776 4722 875 4792 μὲν
908 4722 1019 4792 γὰρ
1065 4720 1329 4789 μετάνοια
1376 4718 1605 4787 ἐποίησε
1642 4715 1735 4768 τὸν
1759 4714 1887 4767 δοῦ-

285 4823 381 4875 λον
410 4823 598 4873 πεσεῖν
626 4818 735 4871 ἀπὸ
762 4820 859 4886 τῆς
894 4816 1115 4879 κακίας’
1146 4816 1173 4868 ὁ
1194 4816 1305 4883 γὰρ
1330 4814 1620 4882 ἱστάμενος
1650 4809 1887 4881 βεϐαίως

288 4916 351 4965 ὲν
383 4914 449 4981 τῇ
468 4900 669 4980 κακίᾳ.
694 4910 756 4961 οὐ
774 4908 1205 4979 συγχωρητέος..
1226 4905 1289 4958 'll
1316 4904 1369 4957 δὲ
1388 4901 1770 4973 φιλανθρωπία
1790 4898 1886 4953 τοῦ

288 5004 811 5072 Θεοῦσυνεχώρησε
844 5000 1128 5062 παντελῶς
1155 4999 1251 5051 καὶ
1290 4998 1524 5059 δάνειον,
1569 4995 1749 5049 καίτοι
1820 5009 1887 5061 γε

290 5099 319 5148 ὁ
347 5094 531 5156 δοῦλος
568 5092 630 5145 οὐ
661 5092 1011 5162 συγχώρησιν
1048 5086 1290 5156 παντελῆ
1323 5086 1530 5155 ἐζήτει,
1571 5082 1708 5135 ἀλλὰ
1749 5096 1888 5150 προ-

292 5187 548 5256 θεσμίαν.
606 5183 864 5239 Μάνθανε
918 5181 1099 5234 τοίνυν
1140 5180 1223 5232 ὅτι
1286 5179 1313 5230 ὁ
1345 5177 1478 5239 Θεὸς
1531 5176 1627 5228 καὶ
1662 5174 1889 5227 πλείονα

291 5283 514 5335 δίδωσιν
553 5272 630 5331 ῶν
666 5276 993 5346 αἰτούμεθα.
1048 5274 1205 5327 Ἐπεὶ
1266 5270 1507 5338 τοσαύτη
1548 5271 1699 5321 ἐστὶν
1734 5268 1765 5336 ἡ
1804 5283 1893 5333 φι-

295 5372 617 5443 λανθρωπία
634 5369 821 5433 αὑτοῦ,
848 5367 991 5419 ὥστε
1013 5369 1108 5418 καὶ
1132 5366 1310 5417 ἐκεῖνο
1339 5364 1397 5415 τὸ
1424 5360 1616 5414 δοκοῦν
1632 5358 1766 5426 σκλη
1778 5360 1890 5426 ρὸν,

294 5466 359 5517 τὸ
391 5462 703 5533 προστάξαι
739 5459 1067 5530 πωληθῆναι
1093 5458 1280 5521 αὑτὸν,
1308 5456 1409 5508 οὐκ
1450 5455 1560 5507 ἀπο
1585 5452 1889 5520 σκληρότη-

294 5574 389 5620 τος
425 5552 611 5617 εῐπεν,
648 5553 767 5607 ἀλλ’
808 5554 897 5606 ἵνα
933 5552 1297 5621 καταπτοήσῃ
1352 5548 1445 5599 τὸν
1506 5546 1695 5599 δοῦλον
1723 5585 1738 5609 ,
1798 5544 1895 5596 καὶ

300 5648 467 5720 πείσῃ
491 5646 656 5701 αύτδν
689 5647 824 5716 πρὸς
860 5644 1101 5698 ίκετείαν
1132 5646 1228 5697 καὶ
1267 5642 1621 5712 παράκλησιν
1655 5638 1893 5692 ἀποϐλέ-

297 5743 418 5812 qm.

384 5849 402 5878 ι
460 5826 719 5896 Ἐξελθὼν
757 5827 814 5883 δὲ
851 5830 879 5882 ό
927 5826 1111 5893 δοῦλος
1156 5828 1384 5892 ἐκεῖνος,
1431 5820 1592 5897 ιῖιρεν
1630 5824 1726 5879 ἕνα
1788 5822 1897 5877 τᾶν

2058 4250 2232 4306 Vens.
2250 4250 2343 4314 ‘26,
2362 4249 2452 4303 27.
2467 4268 2484 4299 ι
2500 4247 2793 4302 Procideus
2816 4256 2996 4299 autem
3013 4257 3204 4299 servus
3226 4241 3313 4296 ille
3331 4238 3593 4294 adorabat

1989 4345 2164 4410 illum,
2197 4345 2387 4396 dicens
2440 4358 2453 4395 :
2508 4338 2776 4403 Domine,
2812 4349 2931 4391 esto
2963 4337 3177 4405 patiens
3203 4350 3329 4402 erga
3378 4347 3485 4393 me,
3538 4340 3594 4383 et

1988 4440 2170 4492 omnia
2204 4437 2300 4490 tibi
2334 4436 2579 4490 reddam.
2634 4432 2887 4485 Miserius
2918 4438 3097 4482 autem
3143 4427 3399 4479 dominus
3449 4424 3592 4477 servi

1988 4531 2156 4589 illius.
2191 4528 2426 4583 absolvit
2481 4542 2631 4585 eum.
2692 4535 2746 4578 et
2799 4540 2873 4577 tes
2922 4524 3164 4576 alienum
3206 4519 3420 4572 remisit
3456 4517 3524 4568 ei.
3571 4534 3590 4566 ι

1988 4624 2126 4679 Vide
2157 4619 2497 4691 paenitentia:
2542 4626 2750 4691 robur",
2785 4628 2841 4670 et
2887 4614 3320 4669 misericordiam
3365 4609 3595 4663 domini.

1990 4715 2316 4770 [’(Bnitentia
2358 4713 2503 4768 enim
2532 4711 2661 4765 fecit
2686 4688 2902 4763 servum
2945 4709 3141 4761 cadere
3164 4721 3192 4755 ιι
3227 4704 3430 4756 malitia
3457 4719 3473 4769 ;
3504 4703 3595 4769 qui

1990 4810 2137 4864 enim
2162 4807 2396 4860 ﬁrmiter
2425 4807 2475 4859 in
2513 4804 2603 4857 illa
2631 4813 2763 4866 stat,
2788 4817 2896 4856 non
2918 4801 3075 4854 venia
3102 4800 3297 4865 dignus
3316 4808 3418 4849 est.
3442 4796 3595 4848 Mise~

1994 4899 2228 4955 ricordia
2266 4907 2443 4953 autem
2477 4897 2571 4950 Dei
2598 4896 2811 4949 dimisit
2837 4893 3061 4946 omnino
3090 4892 3357 4950 debitum,
3382 4886 3601 4939 tametsi

1993 5006 2185 5045 servus
2208 5005 2312 5043 non
2343 4988 2527 5043 omnia
2565 4987 2795 5048 remitti.
2825 4988 2917 5040 sed
2946 4984 3229 5055 prorogari
3261 4991 3471 5049 tempus
3506 4995 3601 5047 pe-

1997 5093 2154 5138 teret.
2189 5082 2347 5136 Disce
2377 5080 2542 5152 igitur
2585 5082 2731 5149 quod
2766 5080 2907 5132 Deus
2944 5078 3095 5145 plura
3127 5077 3219 5127 dat
3246 5088 3408 5141 quam
3466 5071 3605 5139 peti-

1998 5191 2158 5230 mus:
2197 5178 2322 5244 quia
2356 5186 2502 5228 tanta
2531 5184 2615 5228 est
2649 5171 3032 5226 misericordia
3070 5168 3309 5231 Domini,
3348 5175 3405 5218 nt
3449 5174 3498 5217 et
3549 5164 3600 5215 id

1996 5269 2139 5337 quod
2173 5270 2465 5322 admodum
2486 5268 2678 5321 durum
2706 5266 3017 5328 videbatur,
3050 5275 3243 5327 nempe
3273 5255 3420 5328 quod
3440 5257 3606 5326 jussit

1997 5372 2057 5417 ut
2080 5361 2405 5415 venderetur
2443 5360 2557 5423 ille,
2590 5355 2697 5413 non
2729 5373 2796 5412 ex
2830 5356 3033 5411 duritia
3064 5354 3224 5416 dixit,
3259 5351 3353 5404 sed
3388 5360 3445 5403 ut
3479 5362 3604 5415 per-

2000 5455 2360 5511 terrefaceret
2392 5468 2637 5516 servmu,
2663 5462 2718 5505 et
2742 5449 3104 5519 persuaderet
3134 5446 3211 5501 illi
3242 5455 3300 5500 ut
3322 5444 3388 5498 ad
3416 5454 3606 5512 preces

1999 5564 2057 5602 se
2078 5556 2132 5603 et
2154 5546 2592 5603 obsecrationem
2640 5552 3013 5599 converteret.

2081 5817 2248 5874 νεεδ.
2287 5818 2359 5875 98
2392 5818 2482 5875 30.
2546 5837 2562 5869 ι
2603 5815 2872 5887 Egressus
2904 5831 3030 5872 vero
3064 5829 3253 5873 servus
3288 5812 3376 5870 ille
3400 5812 3609 5871 invenit
