4288 6444
254 398 367 465 389
871 392 1317 458 ENARRATIO
1354 391 1438 455 ΙΝ
1480 382 1884 454 ΕνΑΝθΕιιι

2025 377 2512 443 MATTHBI.—
2536 379 2700 442 CAP.
2738 378 2906 441 XIX.
3432 371 3545 438 σω
3583 366 3586 373 ’

257 507 460 573 αὐτοὺς
497 507 693 563 διιεῖ..)
734 479 907 562 ιωὼ
944 506 1014 576 τῇ
1064 500 1301 572 Ἰουδαίᾳ
1333 499 1614 570 έπιδημεῖ,
1646 497 1736 550 ἵνα
1766 494 1841 564 μὴ
1874 524 1884 548 Α

1992 505 2003 543 ι
2035 487 2246 555 .ludtna,
2288 497 2348 544 ut
2377 488 2510 544 nihil
2539 475 2840 558 prtetexere
2881 482 3093 550 possint
3140 482 3236 555 qui
3272 497 3381 538 non
3419 496 3547 539 ere.

260 602 432 674 ιχωσι
483 596 918 670 προφασίζεσθαι
973 575 1026 651 oi
1068 595 1431 656 ἀπιστοῦντες
1483 590 1596 646 τῶν
1668 590 1729 642 έν
1775 587 1844 658 τῇ

1992 583 2154 638 ebant
2189 583 2242 636 iu
2274 578 2487 648 Jutlaa,
2516 578 2660 650 quod
2691 593 2798 633 non
2845 575 3187 646 frequentius
3220 578 3362 646 apud
3399 575 3548 643 ipsos

264 691 523 762 Ἰουδαίᾳ,
562 691 644 744 ὃτι
695 689 772 743 Οὐ
837 686 1227 759 συνεχέστερον
1276 686 1409 756 ἡμῖν
1449 679 1843 753 έπτχιυρίαζεν,

266 784 403 840 ἀλλὰ
430 785 542 846 τοῖς
587 780 895 843 Γαλιλαίοις
915 796 931 812 ο
964 778 1128 834 πάλιν
1151 776 1246 831 οὖν
1273 775 1415 846 μετά
1453 775 1556 846 τὴν
1587 773 1848 827 διδασκα-

264 874 382 928 λίαν
409 875 503 927 καὶ
534 870 1035 940 τδρυντελεσθῆναι
1082 870 1208 931 τοὺς
1240 867 1456 936 λόγους,
1489 862 1848 918 ἀκολουθοῦσι

264 967 336 1019 τά
369 964 644 1035 θαύματα.
677 965 776 1016 Δεῖ
805 962 914 1032 γάρ
947 961 1102 1030 ἡμᾶς
1141 959 1236 1012 καὶ
1263 957 1562 1022 διδάσκειν,
1589 953 1727 1010 ἀλλά
1754 952 1850 1007 καὶ

264 1054 532 1126 πράττειν
557 1067 573 1082 ·
613 1051 732 1106 ἀλλ’
779 1051 831 1105 oi
883 1048 1103 1116 ἀνόητοι
1147 1048 1431 1116 Φαρισαῖοι
1480 1045 1551 1098 τά
1590 1043 1850 1112 Θαύματα

1949 683 2284 739 versantur,
2319 671 2416 728 sed
2454 672 2598 742 apud
2644 669 2916 726 Galilzeos.
2967 669 3170 724 lterum
3219 669 3388 738 igitur
3419 675 3548 739 post

1951 767 2283 826 doctrinam.
2312 773 2367 819 et
2404 760 2803 818 consummatis
2845 760 3196 815 sermonibus
3237 766 3546 827 sequuntur

1954 857 2239 914 miracula.
2274 855 2504 925 Oportet
2545 853 2691 906 enim
2734 867 2831 905 nos
2854 860 2909 906 et
2945 851 3144 905 docere
3202 859 3257 904 et
3284 847 3543 916 aperari:

1952 960 2008 1004 at
2034 951 2354 1019 insipientes
2376 946 2454 1001 illi
2473 944 2733 999 Pharisaei
2767 958 2890 997 cum
2915 944 3048 998 visis
3082 941 3362 998 miraculis
3383 953 3548 1010 opor-

1954 1035 2104 1098 tebat
2124 1041 2373 1106 credere,
2403 1045 2636 1094 tentant.
2668 1035 2808 1090 Audi
2841 1036 3008 1093 enim.

266 1143 498 1208 ίδόντες,
532 1142 653 1196 δέον
687 1145 1000 1205 πιστεῦσαι,
1049 1139 1100 1194 oi
1146 1139 1205 1193 δι
1249 1138 1608 1210 πειράζουσιν
1636 1152 1651 1166 ·
1683 1136 1851 1191 ἄκουε

261 1236 401 1308 γάρ.
619 1215 630 1239 ’

343 1299 363 1380 i
411 1327 523 1382 Καὶ
562 1323 872 1399 προσῆλθον
927 1321 1076 1392 αὒτῷ
1107 1323 1157 1376 οί
1184 1299 1470 1390 ⁸δαρισαῖοι
1497 1317 1855 1390 πειράζοντες

261 1421 452 1487 αύτδν,
475 1421 570 1474 καὶ
603 1420 875 1487 λέγοντεςο
913 1416 979 1470 ει
1025 1414 1238 1480 έξεστιν
1267 1413 1546 1484 ἀνθρώπῳ
1581 1410 1854 1466 ἀπολῦσαι

262 1512 366 1584 τὴν
399 1513 633 1580 γυναῖκα
664 1508 833 1564 αὑτοῦ
873 1506 1016 1561 κατά
1047 1507 1227 1561 πᾶσαν
1267 1507 1484 1570 αίτίαν;
1528 1504 1586 1558 ὐ
1611 1503 1671 1558 δδ
1717 1504 1857 1557 ἀπο.

263 1606 478 1678 κριῦεὶς
506 1598 660 1657 εἶπεν
708 1602 914 1664 αὐτοῖς·
967 1599 1081 1652 Οὐκ
1136 1597 1410 1664 ἀνέγνωτε
1445 1597 1527 1649 ὅτι
1557 1595 1586 1648 6
1621 1596 1858 1666 ποιήσας

264 1701 364 1755 ἀπ’
393 1697 588 1768 ἀρχῆς,
620 1696 787 1768 ἀρσεν
829 1692 926 1746 καὶ
981 1690 1119 1762 θῆλυ
1158 1689 1417 1759 έποίησεν
1451 1686 1700 1754 αὐτούς;
1759 1685 1858 1740 καὶ

2025 1305 2195 1374 Vatis.
2256 1303 2381 1360 3-6.
2428 1321 2449 1356 ι
2509 1304 2580 1359 Et
2616 1311 2966 1358 accesserunt
3010 1303 3076 1356 ad
3119 1313 3241 1354 eum
3290 1294 3551 1353 Pitarisci

1959 1410 2234 1458 tentantes
2259 1399 2434 1460 illum,
2466 1406 2521 1452 et
2545 1397 2832 1451 dicentes:
2870 1395 3093 1449 Licetne
3135 1392 3340 1446 homini
3365 1389 3555 1444 divor-

1963 1495 2097 1550 tium
2138 1491 2325 1547 facere
2347 1506 2469 1545 cum
2514 1503 2686 1543 uxore
2709 1505 2805 1544 sua
2837 1488 3080 1556 qualibet
3105 1500 3172 1540 ex
3214 1483 3421 1538 causa?
3451 1481 3555 1548 Qui

1958 1586 2294 1655 respondens
2321 1584 2517 1646 aiteis,
2544 1583 2625 1636 Att
2653 1597 2758 1634 tton
2792 1579 3005 1648 legistis
3027 1577 3167 1646 quod
3198 1578 3243 1630 is
3285 1575 3375 1644 qui
3421 1572 3551 1628 fecit

1960 1677 2030 1731 ab
2064 1676 2238 1740 luitio,
2274 1673 2577 1729 masculum
2611 1679 2665 1725 et
2697 1671 2955 1722 feminam
2989 1666 3118 1720 fecit
3153 1665 3285 1720 eos?
3316 1674 3370 1717 et
3399 1662 3554 1724 dixit,

265 1764 756 1845 εἶπεν-’Ἶλενεκεν
807 1782 1002 1836 τούτου
1052 1779 1379 1849 καταλείψει
1429 1777 1718 1848 ἄνθρωπος
1763 1776 1858 1830 τὸν

1992 1772 2254 1837 'ropterea
2278 1767 2493 1821 deseret
2520 1766 2684 1819 homo
2707 1771 2916 1831 patrem
2941 1775 3101 1814 suum
3141 1769 3196 1812 et
3224 1766 3475 1820 matrem,
3504 1764 3560 1810 et

267 1843 488 1948 πατέρα
528 1878 694 1932 αὑτοῦ
749 1876 844 1930 καὶ
897 1874 999 1946 τὴν
1031 1874 1267 1945 μητέρα,
1299 1843 1404 1924 ⁷καὶ
1435 1843 1852 1940 προσκολληοή-
1883 1898 1884 1901 η

1992 1862 2388 1932 dglntinabitur
2412 1858 2568 1914 uxori
2598 1872 2730 1922 sum,
2761 1865 2816 1911 et
2842 1865 3007 1909 erunt
3041 1855 3219 1907 duoin
3243 1867 3412 1905 carne
3427 1863 3557 1904 una.

266 1990 423 2028 σεται
446 1975 511 2042 τῇ
535 1969 759 2039 γυναικὶ
782 1966 973 2031 αὑτοῦ,
998 1965 1092 2019 καὶ
1121 1965 1336 2017 ισονται
1356 1963 1407 2016 οί
1439 1960 1534 2015 δύο
1564 1963 1644 2026 είς
1677 1961 1857 2031 σάρκα

269 2064 423 2134 μίαν.
482 2062 644 2116 Ὥστε
681 2061 784 2114 οὐκ
826 2057 907 2112 ἔτι
945 2058 1053 2110 είσ¹ι
1094 2054 1208 2122 δύο,
1262 2054 1400 2109 ἀλλά
1439 2053 1577 2124 σὰρξ
1633 2053 1754 2123 μία.
1793 2053 1858 2106 ⁸0

262 2152 363 2210 οὖν
402 2157 431 2209 6
468 2153 601 2217 Θεδς
631 2149 975 2215 συνέζευξεν,
1025 2147 1316 2219 ἅνθρωπος
1359 2147 1433 2217 μὴ
1485 2145 1846 2216 vomant...

267 2249 337 2302 Ὦ
380 2248 481 2318 τῆς
515 2243 734 2308 ἀνοίαςι
766 2244 938 2315 ᾤοντο
976 2240 1356 2310 ίπιστομίσειν
1380 2229 1613 2293 διάτῶν
1641 2241 1859 2309 ιρωτηο

272 2341 465 2411 μάτων
502 2339 595 2393 τὸν
642 2335 902 2409 Χριστόνο
940 2333 1037 2389 έάν
1064 2333 1175 2403 γὰρ
1226 2328 1358 2403 εἴπῃ
1383 2332 1466 2385 δτι
1503 2331 1687 2398 ῑξεστι
1717 2331 1861 2385 κατά

266 2433 453 2485 πᾶσαν
486 2430 672 2484 αίτίαν
703 2426 964 2482 ἀπολύειν
1012 2425 1112 2496 τὴν
1165 2425 1426 2492 γυναῖκα,
1461 2422 1652 2488 ἕξουσι
1678 2421 1862 2488 λέγειν

265 2524 438 2595 αύτῷ·
477 2522 598 2586 [ιὼς
627 2515 720 2576 οὖν
763 2515 949 2586 εἶπας,
986 2519 1069 2572 ὅτι
1093 2517 1185 2586 Μὴ
1221 2514 1509 2570 ἀπολυέτω
1552 2533 1639 2578 τις
1689 2516 1738 2568 εί
1787 2515 1863 2585 μὴ

265 2617 373 2688 τὴν
413 2615 699 2689 μοιχαλίδα
753 2614 938 2686 μόνον⁸
979 2613 1030 2666 εί
1084 2611 1141 2666 δὶ
1194 2610 1328 2684 είπῃ
1372 2610 1457 2663 δτι
1503 2610 1606 2663 οὐκ
1651 2607 1864 2676 ἔξεστιν

272 2707 541 2763 ἀπολύειν
587 2708 689 2776 τὴν
730 2707 990 2774 γυναῖκα,
1015 2702 1371 2759 διασαλοῦσιν
1401 2701 1568 2756 αὑτὸν
1597 2701 1672 2765 ὡς
1703 2703 1860 2754 ἀντι-

273 2799 678 2871 ωμοθετοῦντα
731 2796 812 2869 τῷ
857 2797 1069 2855 Minari.
1114 2797 1357 2861 Ἐκεῖνος
1412 2795 1523 2868 γὰρ
1577 2794 1868 2849 ικέλευσεν

270 2893 562 2967 εκσάλλειν
593 2891 693 2963 τὴν
719 2889 1068 2961 μισηθεῖσαν,
1092 2890 1186 2943 καὶ
1209 2889 1380 2959 χωρὶς
1410 2887 1638 2955 εὐλόγου
1662 2885 1869 2949 αίτίας.

277 2982 346 3036 Τί
381 2979 475 3034 οὖν
498 2983 525 3035 6
548 2980 784 3049 Χριστός
806 2996 825 3046 ;
851 2979 1136 3033 Δείκνυσιν
1165 2978 1248 3032 ὅτι
1270 2977 1365 3031 τοῦ
1393 2977 1703 3040 πλάσαντος
1722 2976 1872 3047 ἡμᾶς

274 3071 338 3138 ιξ
369 3072 546 3145 ἀρχῆς
586 3072 748 3143 έργον
789 3071 908 3124 έστὶ
954 3070 1052 3122 καὶ
1097 3068 1389 3140 νομοθεσία
1453 3070 1487 3138 ὴ
1537 3065 1872 3136 μονογαμία.

1962 1956 2154 2024 Itaque
2198 1955 2311 2021 iam
2345 1968 2450 2005 non
2481 1958 2606 2005 sunt
2629 1952 2757 2011 duo,
2786 1946 2880 2001 sed
2925 1962 3031 2000 una
3071 1961 3221 1999 caro.
3249 1941 3404 2009 Quod
3430 1955 3564 2012 ergo

1963 2049 2107 2103 Deus
2130 2044 2425 2114 copulavit,
2446 2045 2608 2097 homo
2635 2055 2743 2094 non
2765 2040 3002 2108 separet.
3040 2057 3058 2090 ι
3085 2035 3131 2091 0
3155 2028 3559 2103 insipientiam!

1961 2140 2326 2210 opinabantur
2354 2134 2750 2206 quaestionibus
2775 2131 2888 2185 suis
2910 2129 3189 2183 Christum
3220 2141 3282 2182 se
3306 2123 3559 2189 confun-

1964 2244 2150 2288 turos:
2188 2245 2314 2286 nam
2352 2231 2398 2284 si
2425 2229 2662 2283 dixisset
2711 2225 2880 2280 licere
2933 2235 3263 2292 quacunque
3298 2221 3362 2274 de
3388 2229 3563 2272 causa

1964 2325 2240 2381 dimittere
2274 2336 2522 2383 uxorem,
2561 2319 2877 2390 potuissent
2905 2315 2980 2369 illi
3018 2316 3239 2368 dicere:
3280 2307 3567 2377 Quomodo

1965 2418 2130 2487 igitur
2159 2413 2364 2478 dixisti,
2407 2411 2486 2467 Ne
2532 2412 2658 2480 quis
2695 2407 2952 2469 dimittat,
2989 2406 3090 2459 nisi
3130 2403 3432 2456 adulteram
3469 2411 3564 2452 so-

1966 2511 2071 2565 lam
2092 2510 2116 2563 ‘l
2139 2508 2193 2561 Si
2214 2515 2398 2562 autem
2424 2505 2656 2558 dixisset
2683 2516 2791 2555 non
2827 2501 2990 2554 licere
3007 2497 3285 2552 dimittere
3317 2503 3569 2554 uxorem,

1967 2601 2280 2668 srguisseut
2303 2613 2428 2653 eum
2470 2605 2528 2650 nt
2559 2593 2934 2649 adversarium
2969 2588 3130 2643 Mosi.
3161 2586 3257 2641 ille
3289 2581 3574 2653 enimjns-

1969 2697 2042 2752 sit
2072 2705 2130 2751 ut
2160 2694 2537 2748 dimitteretur
2561 2689 2688 2745 odio
2719 2687 2905 2740 habita
2936 2683 3004 2746 ³⁸,
3042 2693 3096 2738 et
3140 2683 3355 2749 absque
3392 2681 3566 2731 ardua

1971 2796 2024 2842 et
2045 2783 2355 2841 rationabili
2393 2796 2584 2836 eausa.
2619 2779 2760 2847 Quid
2794 2778 2962 2849 igitur
2989 2773 3282 2831 Christus?
3323 2769 3578 2826 Ostendit

1973 2893 2109 2951 opus
2139 2889 2195 2933 et
2229 2875 2632 2946 legislationem
2662 2871 2782 2942 ejus
2811 2870 2903 2938 qui
2937 2885 3034 2923 nos
3085 2883 3112 2921 a
3163 2866 3431 2935 principio
3460 2863 3577 2918 foro

1976 2971 2169 3032 mavit,
2220 2983 2344 3023 esse
2388 2967 2819 3036 monogamiztm.
2865 2963 2948 3016 Ab
3003 2959 3160 3013 initio
3203 2960 3351 3012 enim
3407 2969 3577 3009 unum

1972 3062 2268 3132 conjunxit
2315 3059 2460 3115 Deus
2503 3059 2635 3114 uni:
2670 3067 2836 3126 atque
2871 3057 2946 3109 ita
3007 3068 3112 3107 non
3161 3057 3379 3118 oportet
3410 3039 3578 3102 unum

291 3165 383 3231 Ἐξ
413 3141 631 3238 *ἀρχῆς*
653 3164 784 3235 γὰρ,
819 3163 1009 3233 φησὶν,
1039 3161 1135 3215 ἕνα
1168 3160 1490 3225 συνέζευξεν
1518 3161 1548 3214 6
1580 3159 1714 3223 Θεδς
1752 3159 1872 3229 μιᾷ·

1992 3158 2159 3212 virum
2182 3153 2444 3225 conjungi
2495 3151 2683 3207 multis
2718 3147 3060 3209 mulieribus,
3091 3161 3266 3213 neque
3295 3141 3582 3198 mulierem

272 3254 422 3310 ὥστε
480 3255 542 3308 ού
587 3255 667 3308 δεῖ
717 3255 816 3309 ἕνα
846 3253 1018 3324 ἀνδρα
1069 3251 1292 3315 πολλαῖς
1327 3250 1725 3312 συνάπτεσθαι.
1757 3251 1880 3305 οὐδὲ

273 3345 408 3418 μίαν
428 3343 664 3407 πολλοῖς·
689 3343 804 3398 ἀλλ’
825 3344 901 3407 ὡς
930 3341 991 3409 ιε
1015 3342 1191 3413 ἀρχῆς
1226 3341 1625 3412 συνεζύγησαν,
1671 3343 1877 3409 μένειν,

281 3439 361 3508 μὴ
414 3435 758 3499 διασπῶντας
787 3435 887 3503 τὴν
923 3435 1237 3505 συνοίκησιν
1261 3436 1492 3502 ἀλόγως·
1524 3436 1625 3488 οὐκ
1650 3431 1772 3488 εἷπε
1796 3435 1876 3498 δὲ,

272 3530 358 3585 δτι
397 3528 540 3597 Ἐγὼ
577 3530 810 3599 ἐποίησα
844 3528 1011 3598 ἄρσεν
1038 3530 1134 3582 καὶ
1166 3527 1325 3597 θῆλυ,
1353 3528 1440 3581 ἵνα
1468 3527 1544 3600 μὴ
1571 3528 1751 3602 πλήξῃ
1788 3530 1882 3584 αἰ-

275 3623 427 3689 τοὺς,
462 3620 580 3677 ἀλλ’
615 3622 906 3694 ἀορίστως,
954 3623 984 3677 6
1022 3622 1277 3694 ποιήσας.
1316 3619 1505 3686 Οὕτως
1548 3619 1664 3688 οὖν,
1721 3624 1877 3692 φησὶ,

277 3717 753 3790 περισπούδαστόν
783 3717 900 3770 έστι
934 3715 1010 3787 τῷ
1036 3716 1157 3787 Θεῷ
1192 3717 1253 3770 τὸ
1295 3716 1395 3786 τῆς
1427 3716 1693 3784 συζυγίας
1732 3719 1878 3784 ἀγα-

278 3807 394 3874 οδν,
445 3809 588 3862 ὥστε
625 3809 874 3870 καὶτοὺς
904 3810 1084 3877 γονεῖς
1109 3808 1492 3878 συνεχώρησεν
1520 3806 1758 3876 ἀφιέναι,
1789 3806 1884 3859 καὶ

278 3900 580 3955 κολλᾶσθαι
629 3902 744 3964 τοῖς
787 3900 1065 3970 ἀνδράσιν.
1106 3900 1229 3964 Πῶς
1257 3900 1315 3953 δὲ
1348 3902 1405 3952 ὲν
1435 3901 1532 3970 μὲν
1557 3902 1624 3970 τῇ
1658 3898 1884 3952 Γενέσει

280 3991 598 4062 γέγραπται
625 3991 708 4046 ὅτι
738 3991 767 4044 6
796 3989 976 4060 ’Δδάμ
1010 3985 1132 4044 εῐπε
1166 3990 1249 4057 τὸ,
1303 3990 1452 4044 Ἀντί
1485 3989 1678 4043 τούτου
1715 4005 1886 4043 κατα-

277 4082 455 4152 λείψει
484 4084 770 4156 ἄνθρωπος
798 4083 890 4138 τὸν
922 4083 1137 4153 πατέρα
1169 4081 1339 4136 αὑτοῦ
1369 4082 1469 4136 καὶ
1504 4083 1606 4153 τὴν
1646 4082 1884 4152 μητέρα,

277 4175 516 4230 δνταῦθα
539 4176 598 4229 δέ
629 4193 794 4246 φησιν
822 4178 850 4229 6
874 4175 1110 4247 Χριστὸς
1141 4176 1223 4229 ὅτι
1249 4176 1278 4230 6
1307 4173 1443 4238 Θεὸς
1460 4168 1881 4228 εῐπενοἚνεκεν

277 4268 474 4323 τούτου
497 4268 842 4338 καταλείψει,
869 4269 965 4322 καὶ
994 4269 1066 4322 τά
1088 4267 1254 4335 tam;
1295 4267 1546 4338 Λέγομεν
1566 4263 1659 4341 οὖν
1682 4269 1766 4322 δτι
1789 4273 1887 4322 καὶ

275 4357 308 4414 ὃ
333 4354 490 4413 εἶπεν
535 4362 566 4414 6
600 4356 801 4430 ’Δδάμ,
829 4362 895 4414 ἐκ
922 4358 1060 4413 Θεοῦ
1097 4357 1250 4414 εἶπεν
1279 4375 1291 4390 ⁸
1322 4359 1467 4415 ὥστε
1505 4361 1534 4414 6
1573 4359 1669 4414 τοῦ
1715 4360 1887 4428 Ἀδὰμ

279 4451 439 4518 λόγος
487 4449 584 4505 τοῦ
637 4451 774 4506 Θεοῦ
810 4453 980 4507 ἔστιν.
1029 4453 1186 4506 Ἐπεὶ
1217 4452 1401 4507 τοίνυν
1437 4454 1538 4524 μία
1580 4452 1725 4524 σάρξ
1754 4454 1880 4522 ἐγέ-

1989 3264 2153 3305 ttnam
2184 3247 2317 3302 viris
2335 3245 2553 3300 multis:
2593 3245 2689 3298 sed
2727 3257 2825 3297 eos
2849 3241 2989 3296 sicut
3020 3241 3088 3293 ah
3121 3237 3277 3291 initio
3303 3231 3585 3303 conjuncti

1987 3342 2231 3405 fuerunt,
2282 3352 2528 3402 manere,
2568 3351 2745 3405 neque
2784 3334 2990 3401 alisque
3015 3344 3179 3385 causa
3221 3325 3589 3383 cohabitatio-

1989 3449 2112 3489 nem
2156 3431 2439 3488 divellere.
2473 3427 2590 3482 Non
2617 3424 2749 3481 dicit
2775 3435 2978 3486 autem,
3012 3423 3124 3489 Ego
3145 3420 3246 3476 feci
3282 3419 3589 3474 masculum

1989 3534 2044 3583 et
2076 3524 2332 3581 feminam
2356 3565 2370 3589 ,
2430 3521 2592 3592 100
2631 3536 2696 3576 ne
2735 3519 2856 3590 plus
2881 3531 2977 3572 eos
3017 3522 3343 3585 exasperet;
3377 3510 3497 3578 sed,
3536 3509 3588 3564 is

1991 3621 2081 3689 qui
2123 3617 2278 3678 fecit,
2331 3617 2637 3670 indelinite.
2664 3613 2841 3680 Atque
2876 3612 2950 3665 ita
2978 3611 3111 3665 dicit
3149 3608 3388 3660 maxime
3441 3617 3593 3659 cura:

1992 3711 2158 3766 fuisse
2195 3707 2306 3762 Deo
2337 3704 2850 3775 conjttgiiqbottuut,
2903 3711 2960 3756 ttt
3046 3699 3364 3771 permiserit
3420 3697 3591 3752 etiam

1991 3812 2248 3874 parentes
2287 3798 2516 3863 dimitti,
2547 3807 2603 3851 et
2659 3796 2793 3851 viris
2828 3794 3135 3848 adluerere.
3173 3789 3460 3857 Quomodo
3488 3800 3592 3841 au-

1991 3905 2098 3950 tem
2135 3894 2188 3948 itt
2223 3891 2422 3948 Genesi
2453 3891 2716 3948 scriptum
2742 3898 2827 3944 est
2854 3904 2867 3940 :
2907 3888 3078 3942 Adam
3109 3885 3268 3949 dixit,
3293 3880 3592 3952 PrOplerca

1990 3989 2207 4045 deseret
2253 3987 2415 4043 homo
2478 3991 2691 4055 patrem
2746 3997 2906 4038 suum
2961 3991 3016 4036 et
3055 3989 3286 4032 matrem
3347 3975 3439 4044 ἰς
3504 3972 3596 4029 hic

1989 4094 2171 4139 autem
2203 4081 2335 4136 dicit
2364 4078 2656 4134 Christus:
2688 4075 2828 4130 Deus
2849 4074 3010 4140 dixit,
3037 4069 3593 4141 Proptereﬂdeseret,

1991 4190 2056 4230 ac
2079 4174 2325 4230 caetera?
2379 4171 2626 4226 Dicimus
2663 4169 2831 4239 igitur
2875 4166 3022 4234 quod
3055 4171 3110 4217 et
3144 4163 3194 4217 id
3225 4160 3373 4232 quod
3422 4158 3594 4213 Adam

1989 4268 2230 4335 dixit,ex
2256 4265 2367 4322 Deo
2388 4264 2546 4326 dixit,
2569 4271 2734 4330 atque
2761 4261 2834 4314 ita
2856 4273 3039 4314 sermo
3055 4255 3184 4309 Adae
3226 4253 3318 4307 Dei
3356 4261 3464 4307 est.
3490 4248 3600 4320 lgio-

1993 4372 2079 4418 tur
2105 4363 2231 4430 quia
2255 4375 2362 4414 una
2391 4371 2521 4413 caro
2543 4355 2669 4409 lacti
2701 4361 2850 4416 sunt,
2869 4360 2923 4406 et
2946 4357 3166 4418 propter
3194 4345 3400 4401 coitum
3427 4350 3482 4398 et
3505 4359 3603 4398 tta-

1993 4449 2226 4505 turaletn
2246 4461 2487 4502 amorem
2515 4446 2857 4500 cohaerentes
2880 4458 2892 4495 :
2915 4440 3057 4494 sicut
3076 4437 3302 4506 impium
3328 4444 3412 4490 est
3440 4447 3597 4489 suam

278 4559 456 4607 νον-το,
519 4542 619 4597 καὶ
663 4542 753 4598 διά
781 4541 881 4613 τὴν
908 4543 1058 4614 μίξιν
1106 4546 1202 4598 καὶ
1237 4545 1334 4615 τὴν
1363 4547 1604 4618 φυσικὴν
1632 4547 1871 4616 στοργὴν

1992 4555 2200 4600 :arnem
2231 4539 2496 4603 dividere,
2533 4538 2603 4591 ita
2637 4544 2692 4590 et
2720 4532 2979 4603 coniuges
3005 4530 3284 4586 divellere.
3319 4527 3434 4583 Non
3463 4527 3602 4582 dixit

279 4636 637 4709 κολλώμενοι,
671 4636 864 4710 ὥσπερ
896 4637 1093 4706 έναγές
1130 4638 1250 4691 έστι
1279 4638 1339 4692 τὸ
1366 4637 1465 4708 τὴν
1496 4639 1706 4691 οἰκείαν
1739 4638 1874 4709 σάρ-

282 4744 358 4788 κα
378 4732 620 4801 τέμνειν,
648 4731 792 4784 οὕτω
813 4732 908 4784 καὶ
937 4731 999 4783 τὸ
1025 4731 1264 4802 διασπᾷν
1290 4731 1416 4799 τοὺς
1446 4729 1739 4798 συζύγους·
1775 4729 1878 4783 οὐκ

284 4820 408 4880 εἷπε
443 4823 520 4886 δὲ,
561 4825 652 4895 Μὴ
684 4825 965 4896 χωριζέτω
1007 4824 1240 4894 Μωσῆς.
1267 4823 1358 4876 ῐνα
1401 4824 1478 4893 μὴ
1534 4823 1754 4897 ’ταράξῃ
1780 4824 1882 4876 αύ-

280 4915 434 4980 τούς,
472 4915 613 4981 ἀλλ’,
660 4917 950 4986 ἄνθρωπος
973 4917 1191 4980 ἁπλῶς,
1219 4916 1482 4971 δεικνύων
1501 4916 1563 4968 τὸ
1587 4916 1754 4988 μέσον
1784 4912 1881 4969 τοῦ

284 5007 650 5075 συζεύξαντος
679 5007 815 5062 Θεοῦ
843 5013 937 5081 καὶ
964 5007 1062 5061 τοῦ
1108 5009 1422 5073 διαλύοντος
1453 5006 1773 5079 ἀνθρώπου.

361 5119 381 5150 ε
407 5103 674 5169 Λέγουσιν
701 5100 875 5170 αύτῷ,
903 5101 971 5155 Τί
998 5097 1094 5156 οὖν
1123 5102 1333 5171 Μωσῆς
1364 5100 1674 5156 ένετείλατο
1697 5099 1883 5153 δοῦναι

285 5193 492 5265 βιϐλίον
514 5196 880 5258 ἀποστασίου,
911 5197 1006 5250 καὶ
1033 5196 1308 5250 ἀπολῦσαι
1334 5195 1508 5267 αὑτήν
1533 5206 1551 5263 ;‘
1577 5195 1740 5264 Λέγει
1777 5194 1884 5247 αύ-

284 5290 424 5351 τοῖς,
477 5287 562 5341 ὃτι
619 5289 827 5357 Μωσῆς
877 5289 1017 5360 πρὸς
1071 5290 1172 5360 τὴν
1230 5289 1676 5361 σκληροκαρδίαν
1726 5286 1885 5357 ὑμῶν

286 5381 592 5454 έπέτρεψεν
638 5383 772 5452 ὑμῖν
824 5382 1100 5438 ἀπολῦσαι
1141 5385 1242 5448 τάς
1271 5387 1546 5453 γυναῖκας
1573 5382 1754 5453 ὑμῶν,
1787 5383 1885 5435 ἀπ’

285 5475 463 5546 ἀρχῆς
495 5475 552 5529 δέ
580 5475 644 5529 ού
681 5476 904 5546 γέγονεν
928 5475 1122 5539 οὕτως.
1160 5477 1322 5546 Λέγω
1359 5477 1418 5532 δὲ
1455 5477 1584 5548 ὑμῖν
1614 5477 1698 5530 ὅτι
1723 5473 1780 5539 ὃς
1815 5473 1884 5529 ἂν

360 5660 406 5692 ³⁸
438 5659 598 5716 Dent.
629 5674 782 5726 xxiv,
808 5661 864 5716 3.
975 5659 1016 5694 "
1052 5658 1189 5714 ch.
1216 5676 1278 5716 ll.
1319 5659 1412 5713 is.

364 5841 451 5916 (α)
487 5841 633 5901 Edit.
663 5843 787 5902 Lut.
817 5843 1026 5912 omisit,
1057 5854 1108 5900 et
1146 5855 1400 5901 matrem.
1490 5840 1496 5848 ”

1984 4648 2191 4699 autem.
2215 4633 2293 4690 Ne
2323 4640 2543 4704 separet
2562 4618 2759 4693 Moses,
2786 4645 2851 4683 ne
2881 4627 3122 4682 turbaret
3139 4625 3279 4690 illos,
3297 4624 3412 4688 sed,
3438 4621 3606 4676 homo

1994 4728 2349 4801 simpliciter:
2384 4725 2679 4780 ostendens
2704 4731 2970 4792 quantum
3004 4719 3222 4774 intersit
3245 4719 3388 4771 inter
3429 4711 3602 4767 Deum

1993 4820 2509 4890 conjungentem,et
2540 4814 2822 4870 hominem
2856 4812 3178 4868 solventem.

2016 5131 2024 5141 ο
2065 5099 2233 5154 Vens.
2259 5095 2374 5152 7-9.
2414 5114 2432 5147 ι
2471 5093 2666 5148 Dicunt
2704 5091 2800 5158 illi,
2839 5089 2950 5146 Cur
3009 5087 3173 5158 igitur
3214 5083 3392 5140 Moses
3443 5079 3609 5154 iussit

1997 5193 2129 5248 dare
2156 5191 2399 5246 libellum
2437 5188 2676 5257 repudii,
2713 5195 2767 5240 et
2804 5182 3084 5240 dimittere
3137 5181 3295 5236 eam?
3342 5178 3432 5232 Ait
3477 5176 3604 5238 illis.

1998 5288 2183 5342 Moses
2208 5285 2275 5338 ad
2315 5282 2576 5338 duritiam
2599 5279 2781 5336 cordis
2819 5276 2991 5333 vestri
3036 5272 3290 5346 permisit
3320 5271 3476 5328 vobis
3517 5283 3607 5322 re-

1997 5379 2227 5453 pudiare
2260 5390 2458 5432 uxores
2495 5385 2730 5437 vestras,
2762 5381 3022 5428 caeterum
3052 5367 3120 5423 ab
3156 5365 3313 5422 initio
3347 5377 3461 5419 non
3502 5360 3607 5416 fuit

1998 5451 2104 5528 sic.
2132 5466 2262 5524 Dico
2288 5476 2471 5524 autem
2505 5465 2681 5530 vobis,
2710 5463 2855 5536 quod
2886 5462 3201 5534 quicunque
3231 5451 3605 5530 repudiaverlt
