4288 6444
769 383 873 448 351

1609 380 2189 441 TIIEUPHYLACTI
2230 377 2643 443 RULGARLﬁ
2684 378 3039 441 ARCHIEP.

3898 371 4022 439 352

772 511 1000 552 uxorem
1032 510 1204 560 suam,
1235 492 1337 548 nisi
1362 492 1429 547 oh
1464 501 1730 561 stuprum.
1760 504 1814 545 et
1840 494 1998 547 aliam
2030 491 2266 557 duxerit,
2295 494 2340 544 is
2371 494 2418 549 Δ
2447 490 2465 541 d

2337 494 2418 549 ,Α
2447 488 2692 562 ἀπολύσῃ
2742 489 2844 557 ⁸τὴν
2902 491 3139 557 γυναῖκα
3183 486 3349 542 αὑτοῦ
3398 487 3473 558 μὴ
3521 486 3613 541 ἐπὶ
3646 486 3895 558 πορνείᾳ.
3922 485 4030 540 καὶ

768 587 1057 642 committit
1077 584 1419 639 adulterium.
1450 584 1514 637 Et
1540 584 1632 641 aui
1666 584 1996 651 repudiatam
2030 584 2262 647 duxerit,
2291 584 2336 636 is

760 676 1089 735 adulterium
1158 674 1468 728 committit.
1518 692 1537 725 ι
1577 673 1711 729 Cum
1773 675 2038 728 vidissent
2083 674 2334 728 Pharisaei

770 769 909 834 quod
933 766 1187 819 Dominus
1211 768 1354 832 ipsos
1371 766 1724 828 confutasset,
1748 768 1916 819 coacti
1947 766 2162 819 fuerunt
2192 774 2337 832 past-

754 871 833 910 .ca
867 857 915 906 in
948 872 1011 907 tn:
1035 855 1179 907 dium
1225 853 1419 908 afferre
1454 854 1635 908 Mosen
1683 854 2142 909 contendiccntom
2186 852 2338 909 Cltri-

772 963 799 1001 ε
826 962 887 1000 o:
914 954 967 998 et
986 946 1192 1005 dicunt,
1215 944 1493 1009 Quomodo
1522 947 1679 1014 igitur
1704 944 1876 999 Moses
1906 944 2174 997 mandavit
2210 946 2339 997 dare

772 1037 969 1090 librum
1000 1038 1227 1103 rt'ptltlli,
1262 1045 1313 1091 et
1360 1036 1670 1091 dimittere?
1716 1038 1879 1107 Igitur
1928 1030 2185 1091 DOntintts
2221 1028 2339 1089 vc!-

774 1138 889 1178 teus
943 1142 1157 1180 Omnem
1204 1128 1605 1181 accusationem
1657 1128 1713 1180 in
1770 1128 1981 1181 illorum
2025 1138 2205 1195 caput.
2238 1144 2339 1196 pro

772 1215 917 1270 Maso
948 1216 1234 1285 respondet
1267 1232 1330 1270 ac
1361 1218 1521 1271 dicit:
1565 1217 1680 1271 Non
1715 1219 1984 1272 contraria
2024 1217 2132 1273 Deo
2164 1217 2336 1273 Moses

770 1307 1074 1370 constituit,
1106 1306 1198 1360 scd
1228 1308 1293 1359 ad
1317 1317 1549 1359 vestram
1574 1307 1831 1361 duritiam
1872 1306 1974 1362 hoc
2017 1309 2333 1377 pronuntia-

770 1398 885 1449 vit:
932 1411 997 1449 ne
1030 1406 1248 1464 propter
1274 1397 1740 1465 intemperantiam
1777 1397 2016 1451 volentes
2049 1398 2171 1452 aliis
2198 1414 2335 1453 con-

763 1485 935 1554 jungi,
964 1487 1283 1540 occidentis
1316 1489 1521 1554 primas
1567 1502 1785 1539 uxores.
1824 1486 1957 1540 Nam
2001 1503 2122 1541 cum
2153 1498 2339 1543 essent

768 1576 1068 1637 inhumani.
1095 1577 1423 1631 occidissent
1453 1592 1669 1642 uxores,
1693 1578 1735 1631 si
1768 1582 1937 1634 coacti
1970 1579 2197 1634 fuissent
2223 1596 2339 1636 ser-

768 1680 898 1721 vare
928 1668 1079 1721 illas:
1113 1684 1255 1721 nunc
1285 1682 1465 1722 autem
1503 1671 1737 1724 libellum
1770 1672 1989 1726 divortii
2021 1671 2186 1742 jussit
2221 1673 2335 1727 dari

772 1760 854 1812 his
888 1775 1009 1828 qua
1055 1776 1084 1815 a
1135 1763 1268 1815 viris
1312 1764 1438 1816 odio
1470 1764 1831 1819 habebantur.
1869 1766 1979 1835 Ego
2005 1777 2185 1819 autem
2217 1766 2337 1822 dico

769 1850 942 1912 vobis,
987 1851 1185 1918 inquit,
1220 1854 1362 1921 quod
1412 1854 1608 1907 bonum
1649 1864 1733 1909 est
1774 1834 1997 1910 uxorent
2025 1871 2143 1924 qua:
2172 1857 2340 1911 lurni-
2374 1834 2415 1893 Β

769 1951 887 1991 cata
911 1949 1014 2000 est,
1050 1941 1265 2007 ejicere,
1300 1952 1554 2010 tanquam
1586 1945 1909 2000 adulteram.
1943 1948 1999 2001 Si
2023 1949 2143 2015 quis
2161 1958 2339 2003 autem

765 2029 989 2091 eiecerit
1021 2030 1254 2097 aliquam
1290 2045 1410 2099 qua:
1453 2049 1556 2086 non
1606 2042 1689 2089 est
1732 2034 2019 2101 fornicata,
2060 2049 2253 2093 auctor
2295 2039 2340 2070 “

769 2120 833 2171 ﬁt
875 2120 946 2172 illi
990 2121 1256 2175 adulterii.
1312 2122 1554 2195 lntellige
1585 2136 1765 2180 autem
1799 2130 1939 2197 quod
1986 2130 2075 2198 qui
2106 2132 2342 2187 adltmret

771 2210 1015 2274 Domino,
1050 2226 1192 2263 unus
1231 2214 1452 2281 spiritus
1487 2224 1590 2276 est,
1634 2226 1688 2269 et
1729 2217 2034 2287 conjugium
2070 2229 2155 2275 est
2195 2220 2341 2277 ﬁdeli

766 2316 887 2352 cum
918 2300 1155 2354 Christo.
1195 2301 1396 2358 Omnes
1428 2307 1569 2358 enim
1598 2308 1735 2362 idem
1769 2324 1969 2380 corpus
1995 2310 2123 2367 lacti
2154 2328 2340 2368 sumus

765 2404 885 2443 cum
922 2406 1005 2457 co,
1050 2402 1104 2445 et
1150 2408 1214 2446 ex
1266 2407 1418 2463 parte
1453 2399 1695 2453 membra
1730 2400 2187 2459 Christi‘sumus.
2222 2405 2338 2459 Non

766 2478 927 2545 igitur
967 2490 1113 2535 recte
1158 2484 1281 2550 quis
1330 2496 1507 2553 potest
1561 2494 1801 2559 separari
1856 2508 1886 2547 a
1936 2495 2186 2565 conjugio
2225 2497 2338 2560 tali,

759 2570 914 2638 juxta
939 2587 1241 2631 sermonem
1275 2576 1424 2630 l‘auli
1464 2580 1714 2647 dicentis,
1747 2602 1764 2634 ι
1788 2584 1920 2650 Quis
1950 2600 2049 2645 nos
2073 2590 2344 2654 separabit

764 2679 796 2716 a
825 2665 1109 2720 dilectione
1132 2667 1332 2724 Christi
1350 2670 1430 2724 "2
1454 2690 1475 2723 ι
1504 2670 1635 2738 Qua:
1664 2673 1828 2739 igitur
1865 2675 2006 2730 Deus
2034 2678 2338 2747 conjunxit,

764 2768 938 2824 neque
963 2758 1144 2822 homo,
1173 2776 1346 2831 neque
1374 2762 1480 2817 alia
1508 2774 1780 2830 creatura,
1808 2779 1983 2835 neque
2008 2767 2206 2837 angeli,
2249 2785 2344 2827 ne-

763 2859 869 2913 quc
893 2849 1246 2916 principatus,
1284 2868 1457 2921 neque
1497 2862 1790 2925 potestates
1823 2855 1907 2928 (ut
1951 2854 2152 2935 Paulus
2189 2860 2343 2935 dicit)

762 2952 1013 3004 separare
1043 2952 1315 3009 poterunt.

834 3119 995 3176 Vsus.
1035 3124 1120 3180 l0.
1159 3144 1177 3177 ‹
1221 3125 1413 3183 Dicunt
1436 3129 1489 3185 ei
1523 3129 1775 3203 discipuli
1811 3134 1964 3204 ejus:
2000 3136 2056 3192 Si
2081 3137 2147 3191 ad
2176 3138 2340 3195 istum

763 3218 978 3268 modum
1008 3217 1163 3271 habet
1185 3234 1347 3273 causa
1380 3221 1617 3278 hominis
1646 3240 1769 3279 cum
1811 3243 2002 3293 uxore,
2038 3245 2143 3283 non
2172 3247 2339 3301 expe-

759 3306 837 3359 dit
858 3311 1177 3365 contrahere
1206 3313 1629 3370 matrimonium.
1672 3336 1691 3369 ι
1729 3317 2040 3376 Turbantur
2062 3322 2335 3394 discipuli,

759 3406 813 3449 et
847 3400 1075 3453 dicunt:
1115 3401 1171 3455 Si
1228 3416 1508 3472 propterea
1563 3408 1837 3478 conjuncti
1885 3421 2032 3479 sunt,
2069 3427 2124 3467 ttt
2172 3432 2335 3471 unum

762 3491 891 3552 sint,
941 3501 994 3544 et
1035 3492 1283 3548 indivulsi
1350 3508 1601 3550 maneant
1648 3516 1742 3567 per
1796 3517 2012 3557 omnem
2043 3506 2229 3573 vitam,
2280 3518 2338 3562 ut

761 3581 925 3634 ctiam
966 3582 1279 3650 si'improba
1310 3586 1510 3656 alioqui
1544 3591 1613 3644 sit
1654 3593 1867 3655 mulier,
1891 3609 2008 3647 eam
2042 3596 2195 3665 101
2234 3597 2337 3665 eji-

758 3686 880 3725 (τι-ε
910 3688 1015 3727 ηοη
1042 3675 1228 3729 licent:
1277 3694 1381 3732 non
1416 3683 1635 3750 expedit
1676 3686 2083 3741 matrimonium
2119 3700 2336 3745 contra-

761 3764 890 3818 here
922 3783 935 3819 ε
967 3766 1135 3822 levius
1169 3770 1331 3824 fuerit
1390 3773 1798 3832 matrimonium
1832 3794 1937 3833 non
1984 3786 2333 3851 contrahere,

760 3854 851 3906 sed
887 3872 1121 3925 pugnare
1158 3871 1211 3912 et
1247 3872 1460 3916 certare
1508 3880 1629 3918 cum
1667 3870 2003 3927 naturalibus
2045 3876 2334 3945 concupis-

759 3949 971 4009 centiis,
1016 3967 1176 4018 quam
1213 3957 1479 4010 sustinere
1533 3960 1729 4015 malam
1764 3963 2064 4019 mulierem.
2098 3967 2332 4024 Causam

758 4040 904 4091 enim
931 4042 1164 4096 hominis
1194 4059 1317 4098 cum
1347 4048 1569 4102 muliere
1605 4052 1735 4105 dicit
1763 4064 2079 4124 perpetuam
2100 4068 2155 4111 et
2196 4062 2337 4115 inse-

760 4132 1050 4196 pataltilent
1084 4137 1359 4188 unionem.
1393 4136 1643 4193 Nonnulli
1683 4154 1860 4197 autem
1902 4155 1956 4200 et
2006 4149 2086 4202 sic
2133 4149 2334 4204 intelli-

758 4232 922 4286 gttnl:
952 4222 1006 4273 Si
1035 4224 1109 4276 sic
1139 4234 1221 4276 cst
1255 4240 1411 4279 causa
1440 4228 1695 4298 hominis,
1724 4235 1824 4289 hoc
1852 4245 1953 4300 est,
1974 4237 2017 4292 si
2043 4243 2334 4307 reprehen-

759 4309 966 4361 sionem
1006 4322 1058 4363 et
1101 4314 1309 4373 culpam
1352 4317 1633 4372 habiturus
1671 4332 1752 4375 est
1798 4326 1900 4391 vir,
1945 4336 2004 4378 ttt
2059 4327 2333 4397 illegititne

755 4400 933 4466 ejiciut
966 4418 1207 4466 uxorem,
1241 4423 1343 4459 non
1392 4413 1609 4475 expedit
1660 4416 2062 4471 matrimonium
2110 4433 2330 4482 contra-

754 4495 904 4547 lietc.

832 4589 991 4640 Vens.
1036 4590 1119 4641 ll.
1164 4607 1182 4639 ι
1222 4591 1287 4641 At
1318 4591 1403 4644 illc
1435 4592 1568 4646 dixit
1608 4595 1749 4649 illis:
1790 4596 1905 4651 Non
1942 4615 2131 4655 omnes
2160 4617 2328 4670 Capa-

762 4696 853 4732 ees
885 4692 1005 4733 sunt
1032 4682 1188 4749 hujus
1209 4684 1361 4745 dicti,
1402 4688 1496 4738 scd
1528 4690 1722 4755 quibus
1769 4691 1952 4745 datum
1981 4707 2082 4747 est.
2115 4714 2132 4745 ι
2169 4697 2327 4751 Post-

2444 582 2670 652 γαμήσῃ
2689 581 2875 651 ἀλλην,
2913 582 3190 653 μοιχᾶται.
3216 580 3324 634 Καὶ
3350 581 3378 632 6
3402 579 3810 650 ἀπολελυμένην
3829 579 4029 649 γαμή-

2446 690 2564 735 σας.
2602 675 2880 743 μοιχᾶται.
2916 693 2934 725 ι
2974 674 3037 728 οι
3057 672 3340 743 Φαρισαῖοι
3385 670 3582 731 ἰδόντες
3611 670 3692 722 ὅτι
3743 672 3773 721 ό
3811 669 4030 737 Κύριος

2444 764 2807 832 ἐπεστόμισεν
2841 763 3065 827 αὐτοὺς,
3104 760 3530 830 ἠναγκάσθησαν
3576 757 3779 824 λοιπὸν,
3812 760 3907 810 καὶ
3934 758 4029 820 είς

2448 854 2611 925 μέσον
2667 857 2861 921 ἄγουσι
2909 855 3000 908 τὸν
3061 852 3306 920 Μωῠσῆν
3366 849 3890 920 ἀντινομοθετοῦντα
3936 849 4024 912 τῷ

2444 945 2663 1012 Χριστῷ
2691 984 2705 1008 ,
2744 944 2838 997 καί
2889 959 3044 1012 φασι·
3084 944 3207 1006 Πῶς
3231 938 3326 995 οὖν
3357 941 3560 1004 Μωσῆς
3590 939 3890 991 ἐνετείλατο
3926 936 4020 1005 βι-

2444 1034 2591 1093 ϐλίον
2629 1035 2961 1088 ἀποστασίου
3015 1033 3225 1095 δοῦναι,
3291 1030 3386 1084 καὶ
3453 1029 3749 1093 ἀπολύεινς
3801 1028 3859 1079 '0
3918 1020 4021 1078 οὖν

2446 1127 2649 1194 Κύριος
2676 1126 3026 1195 περιτρέπων
3066 1125 3128 1177 τὸ
3149 1125 3258 1178 πᾶν
3287 1125 3387 1191 τῆς
3422 1120 3757 1190 κατηγορίας
3787 1119 3868 1181 εις
3912 1117 4018 1185 τὴν

2445 1220 2671 1272 ἐκείνων
2707 1218 2986 1287 κεφαλὴν,
3041 1218 3181 1287 ὑπὲρ
3231 1216 3475 1277 Μωσέως
3514 1213 3888 1280 ἀπολογεῖται,
3926 1208 4023 1262 καί

2447 1326 2636 1379 φησιν·
2673 1310 2788 1362 Οὐκ
2832 1309 3053 1361 ὲναντία
3087 1307 3166 1377 τῷ
3220 1305 3340 1375 6εῷ
3390 1307 3417 1357 6
3472 1305 3678 1372 Μωσῆς
3712 1300 4025 1371 νομοθετῶν

2448 1400 2603 1454 τοῦτό
2656 1416 2844 1471 φησιν,
2880 1400 3017 1454 ἀλλά
3062 1400 3196 1471 πρὸς
3247 1399 3346 1467 τὴν
3398 1397 3673 1466 ὑμετέραν
3716 1393 4026 1463 μοχθηρίαν

2447 1492 2606 1545 τοῦτο
2652 1479 3066 1562 ένομοθέτησεψ
3113 1492 3200 1543 ἵνα
3236 1490 3311 1560 μὴ
3344 1489 3410 1541 δι’
3447 1486 3741 1540 ἀκολασίαν
3776 1485 4027 1545 θέλοντες

2446 1586 2661 1654 ἑτέραις
2704 1588 2963 1649 συνεῖναι,
3015 1583 3237 1652 ἀνέλητε
3266 1583 3363 1643 τὰς
3425 1579 3695 1648 προτέρας
3732 1578 4022 1645 γυναῖκας.

2460 1678 2715 1748 ’Δπηνεῖς
2758 1677 2869 1747 γάρ
2912 1679 3087 1740 ὀντες,
3126 1678 3382 1744 ἐφόνευον
3431 1674 3497 1727 ἂν
3525 1676 3623 1735 τὰς
3655 1675 3944 1739 γυναῖκας,
3971 1671 4023 1724 ει

2446 1768 2824 1839 ἠναγκάζοντο
2873 1770 3129 1837 κατέχειν
3161 1769 3352 1831 αὐτάς.
3402 1767 3517 1819 Νῦν
3543 1766 3598 1818 δὲ
3639 1764 3844 1833 βιϐλίον
3882 1765 4023 1816 ἀπο-

2447 1861 2667 1914 στασίου
2706 1859 3004 1929 προσέταξε
3054 1859 3256 1912 διδόναι
3310 1860 3431 1918 ταῖς
3475 1858 3840 1925 μισουμέναις
3874 1852 4025 1924 παρὰ

2442 1956 2552 2008 τῶν
2572 1952 2800 2023 ἀνδρῶν.
2820 1951 2961 2020 Ἐγὼ
2990 1951 3047 2004 δὲ
3092 1950 3236 2017 λέγω
3267 1950 3415 2019 ὑμῖν,
3448 1950 3635 2018 φησὶν,
3661 1949 3743 2001 ὅτι
3770 1952 3870 2018 τὴν
3894 1962 4028 2016 πορ-

2444 2045 2733 2098 νευθεῖσαν
2784 2046 3022 2111 γυναῖκα
3080 2042 3245 2095 καλὸν
3277 2041 3559 2093 ἐκϐάλλειν
3592 2040 3667 2103 ὡς
3713 2038 4021 2109 μοιχαλίδα’

2444 2138 2541 2192 ὶάν
2579 2137 2636 2189 δὲ
2662 2113 2875 2207 τὴν,μὴ
2900 2134 3295 2206 πορνευθεῖσαν
3336 2134 3547 2204 ἐκϐάλῃ
3577 2150 3663 2195 τις
3687 2172 3701 2197 ,
3737 2130 4027 2202 παραίτιος

2444 2232 2581 2301 αὐτῇ
2614 2231 2827 2299 γίνεται
2873 2230 3138 2300 μοιχείας·
3169 2228 3279 2281 νόει
3310 2227 3369 2281 δὲ
3399 2228 3493 2280 καὶ
3523 2226 3705 2291 τοῦτο,
3740 2226 3823 2279 ὃτι
3847 2226 3877 2276 6
3906 2224 4029 2276 κολ-

2444 2322 2685 2390 λώμενος
2716 2301 2794 2392 τῷ
2826 2320 3039 2391 Κυρίῳ,
3092 2318 3151 2373 ἒν
3180 2318 3403 2389 πνεῦμά
3466 2321 3610 2382 ἐστι,
3659 2318 3755 2370 καὶ
3792 2315 4023 2382 συζυγία

2446 2413 2655 2482 γίνεται
2698 2412 2778 2482 τῷ
2808 2411 2987 2481 πιστῷ
3019 2410 3158 2480 πρὸς
3203 2410 3461 2480 Χριστόν.
3514 2410 3725 2471 Πάντες
3759 2409 3870 2477 γὰρ
3898 2407 4028 2460 σύσ-

2448 2521 2622 2574 σωμοι
2674 2504 2983 2574 γεγόναμεν
3040 2501 3215 2572 αὐτῷ.
3255 2502 3350 2556 καὶ
3384 2502 3521 2574 μέλη
3562 2503 3627 2554 ὲκ
3656 2501 3859 2569 μέρους
3887 2502 4026 2571 Χρι-

2446 2596 2576 2651 στοῦ
2608 2614 2768 2666 σμεν.
2816 2596 3014 2659 Καλῶς
3055 2592 3150 2649 οὖν
3181 2595 3244 2647 οὑ
3282 2594 3508 2647 δύναταί
3536 2610 3620 2652 τις
3662 2593 3900 2662 χωρίσαι
3930 2592 4021 2661 τὴν

2442 2666 2702 2759 τοιαῦτην
2742 2688 3030 2755 συζυγίαν,
3088 2686 3231 2740 κατά
3285 2685 3378 2738 τὸν
3428 2684 3524 2737 τοῦ
3578 2682 3797 2736 Παύλου
3845 2682 4025 2749 λόγον,

2443 2776 2712 2845 λέγοντοςο
2749 2795 2769 2829 ι
2804 2776 2901 2841 Τίς
2936 2778 3084 2847 ἡμᾶς
3118 2777 3345 2847 χωρίσει
3382 2775 3492 2829 ἀπὸ
3515 2774 3633 2843 ’τῆς
3666 2772 3891 2844 ἀγάπης
3930 2770 4027 2827 τοῦ

2444 2869 2716 2937 Χριστοῦς
2748 2887 2767 2920 ι
2783 2870 2851 2922 Ἀ
2870 2868 2963 2922 οὖν
2992 2870 3021 2921 6
3046 2868 3179 2932 Θεὸς
3208 2866 3553 2932 συνέζευξεν,
3572 2864 3698 2919 οὔτε
3717 2866 4026 2935 ἄνθρωπος.

2442 2962 2569 3016 οὕτε
2621 2980 2703 3025 τις
2750 2963 2917 3032 ἑτέρα
2965 2960 3166 3025 κτίσις,
3222 2960 3347 3014 οὔτε
3403 2959 3649 3029 ἄγγελοι,
3681 2957 3805 3012 οὔτε
3833 2957 4025 3029 ἀρχαὶ,

2443 3052 2571 3107 οὔτε
2607 3052 2868 3116 ἐξουσίαι,
2902 3052 2976 3114 ὡς
3004 3053 3032 3105 6
3065 3051 3274 3114 Παῦλός
3300 3068 3455 3119 φησι,
3484 3050 3721 3121 χωρίσαι
3750 3050 4027 3103 δύνανται.

2523 3162 2542 3195 ι
2591 3145 2855 3213 Λέγουσιν
2908 3143 3056 3213 αὖτῷ
3111 3142 3162 3195 οι
3219 3142 3459 3211 μαθηταὶ
3496 3140 3702 3194 αὐτοῦ’
3741 3141 3805 3194 El
3852 3138 4029 3201 οὕτως

2452 3238 2602 3290 ἐστὶν
2638 3237 2671 3305 ὴ
2721 3235 2871 3288 αἰτία
2911 3235 3006 3287 τοῦ
3039 3232 3326 3303 ἀνθρώπου
3356 3232 3495 3303 μετά
3529 3234 3631 3304 τῆς
3657 3233 3937 3303 γυναικὸς,
3966 3234 4028 3287 οὐ

2449 3327 2716 3398 συμφέρει
2754 3327 3025 3395 γαμῆσαι.
3071 3344 3090 3377 ι
3140 3325 3509 3388 Θορυϐοὖνται
3553 3327 3603 3379 oi
3634 3326 3895 3394 μαθηταὶ,
3932 3325 4029 3380 καί

2446 3438 2630 3489 φασιν,
2667 3421 2748 3472 ὅτι
2774 3420 2837 3471 Εἰ
2868 3419 2956 3472 διὰ
2986 3418 3147 3472 τοῦτο
3178 3420 3538 3489 συνήφθησαν
3571 3419 3658 3471 ἶνα
3701 3419 3760 3471 ἓν
3804 3412 3908 3472 ὦσι
3936 3420 4032 3471 καὶ

2443 3512 2804 3565 ἀδιάσπασῖοι
2840 3511 3043 3580 μένωσι
3096 3511 3230 3581 παρ’
3259 3511 3381 3565 ὅλον
3436 3511 3528 3563 τὸν
3579 3509 3715 3580 βίον,
3756 3510 3898 3563 ὥστε
3926 3510 4033 3565 κᾶν

2447 3604 2699 3673 μοχθηρὰ
2743 3604 2920 3667 ἄλλως
2965 3597 2999 3676 ᾗ
3061 3602 3093 3673 ἠ
3146 3602 3318 3674 γυνὴ,
3369 3602 3445 3673 μὴ
3489 3602 3694 3673 τολμᾷν
3742 3604 4029 3658 ἐκϐάλλειν

2443 3698 2635 3767 αὐτὴν,
2692 3699 2753 3750 οὐ
2814 3697 3084 3767 συμφέρει
3116 3696 3367 3766 γαμῆσαι
3392 3712 3405 3726 ο
3438 3697 3772 3765 κουφότερον
3792 3697 3916 3766 ’γὰρ
3954 3698 4031 3769 μὴ

2443 3793 2666 3857 γαμεῖν,
2706 3790 2844 3843 ἁλλά
2882 3788 3153 3859 μάχεσθαι
3188 3788 3284 3843 καὶ
3321 3789 3574 3844 παλαίειν
3618 3793 3879 3858 φυσικαῖς
3910 3793 4033 3843 επι-

2443 3881 2691 3950 θυμίαις,
2730 3881 2762 3949 ἢ
2796 3880 3324 3949 πονηρᾱςγυναικὸς
3360 3879 3669 3950 ἀνέχεσθαι.
3697 3881 3890 3933 Λίτίαν
3919 3881 4029 3952 γάρ

2444 3974 2730 4045 ἀνθρώπου
2789 3976 2925 4043 μετά
2981 3973 3082 4042 τῆς
3142 3974 3405 4039 γυναικὸς
3481 3972 3581 4044 τὴν
3657 3974 4031 4027 ἀδιάσπαστον

2443 4068 2636 4119 ἕνωσιν
2659 4066 2830 4137 λέγει’
2864 4067 3012 4130 τινὲς
3035 4068 3092 4119 δὲ
3119 4069 3212 4120 καὶ
3230 4068 3375 4121 οὓτω
3401 4069 3735 4134 νοοῦσιν,ὃτι
3766 4069 3828 4121 Ei
3856 4069 4029 4131 οὕτως

2443 4160 2589 4211 ἐστὶν
2646 4160 2679 4228 ἠ
2728 4160 2881 4212 αίτία
2914 4159 3009 4211 τοῦ
3063 4160 3374 4230 ἀνθρώπου,
3428 4162 3730 4224 τουτέστιν,
3765 4163 3812 4213 εί
3847 4163 4030 4214 αἰτίαν

2441 4250 2612 4320 ἦγουν
2647 4251 2873 4321 μομφὴν
2905 4252 2999 4305 καὶ
3029 4253 3375 4305 καταιτίασιν
3408 4252 3596 4321 μέλλει
3635 4253 3777 4319 ἕξειν
3814 4254 3843 4304 6
3888 4254 4029 4323 ἀνὴρ

2438 4341 2513 4404 ὡς
2547 4342 2833 4398 ὲκϐἀλλων
2865 4344 2965 4412 τὴν
3006 4346 3245 4411 γυναῖκα
3276 4346 3637 4414 παρανόμως,
3666 4346 3727 4397 οὐ
3759 4348 4026 4415 συμφέρει

2439 4438 2718 4505 γαμῆσαμ

2510 4634 2527 4666 ι
2549 4616 2609 4669 Ὀ
2631 4615 2687 4668 δὲ
2725 4586 2879 4669 εἶπεν
2902 4616 3109 4679 αὐτοῖς·
3134 4614 3213 4672 Οὐ
3249 4618 3450 4680 πάντες
3473 4618 3715 4689 χωροῦσι
3737 4619 3831 4673 τὸν
3868 4620 4029 4689 λόγον

2432 4707 2643 4773 τοῦτον,
2680 4708 2795 4760 ἀλλ’
2826 4703 2907 4771 οἷς
2952 4708 3187 4762 δέδοται.
3231 4729 3250 4761 ι
3311 4710 3530 4781 Ἐπειδὴ
3577 4709 3731 4765 εἷπον
3757 4716 3807 4766 oi.
3844 4715 4028 4785 μαθη-

753 4787 911 4840 quam
956 4775 1206 4828 dixerunt
1250 4779 1503 4844 apostoli,
1564 4781 1756 4837 melius
1809 4800 1930 4839 esse
1992 4803 2096 4840 non
2146 4790 2329 4845 venite
2429 4817 2446 4851 ιι

2429 4800 2542 4862 ταὶ,
2575 4800 2656 4851 ὃτι
2682 4798 2933 4868 κρεῖττόν
2952 4801 3072 4851 ἑστι
3102 4799 3163 4852 τὸ
3200 4800 3275 4870 μὴ
3301 4802 3381 4862 είς
3403 4775 3583 4870 γάμον
3617 4803 3815 4867 ἐλθεῖν,
3844 4775 4022 4876 inciti

753 4868 815 4917 al
850 4868 1086 4933 nuptias,
1124 4869 1253 4921 dicit
1289 4866 1548 4925 Dominus
1580 4890 1823 4943 magnam
1856 4892 1977 4933 esse
2006 4879 2329 4947 virginitatis

754 4960 1169 5023 possessionem,
1231 4973 1287 5013 at
1330 4977 1449 5016 eam
1497 4980 1601 5020 non
1637 4968 1702 5018 ab
1738 4970 1989 5025 omnibus
2023 4986 2169 5027 recte
2213 4988 2329 5028 ser-

752 5054 887 5114 v;tt-i,
928 5056 1021 5103 sed
1068 5053 1135 5103 ah
1183 5054 1265 5106 his
1307 5056 1591 5120 duntaxat,
1621 5074 1852 5126 quorum
1891 5077 2216 5132 cooperator
2242 5074 2328 5121 est.

752 5140 912 5195 Deus.
941 5142 1071 5196 Nam
1100 5145 1199 5198 hoc
1227 5146 1341 5199 loco
1369 5149 1549 5202 datum
1583 5164 1679 5219 est,
1736 5153 1893 5216 valet,
1924 5158 2113 5223 quibus
2143 5145 2329 5227 coepe;

752 5250 902 5286 ratur
938 5236 1095 5289 Deus.
1132 5236 1241 5291 Illis
1284 5250 1460 5294 autent
1506 5245 1683 5309 datur,
1719 5248 1808 5315 qui
1841 5259 2045 5315 petunt,
2091 5270 2109 5299 ι
2149 5253 2326 5309 Petite

748 5330 919 5393 enim,
965 5329 1161 5396 inquit,
1221 5340 1273 5384 et
1324 5332 1540 5386 dabitur
1587 5338 1739 5392 vobis
1794 5338 1855 5393 “.
1930 5338 2121 5399 Omnis
2154 5346 2322 5410 cuitu,

750 5414 946 5481 inquit,
984 5422 1073 5488 qui
1103 5422 1255 5485 petit,
1293 5424 1491 5492 accipit
1528 5426 1595 5479 ".
1631 5444 1643 5463 '

828 5505 989 5562 Vsus.
1024 5511 1109 5565 l2.
1148 5529 1167 5564 ι
1215 5511 1354 5566 Sunt
1389 5517 1533 5569 enim
1577 5522 1835 5586 eunuchi,
1870 5526 1962 5594 qui
2016 5528 2079 5581 de
2140 5532 2328 5587 matris

754 5614 908 5656 tttcro
942 5603 1019 5658 sic
1051 5606 1161 5660 nati
1190 5618 1346 5663 euut:
1395 5618 1449 5663 et
1489 5621 1607 5665 sunt
1646 5622 1877 5671 eunuchi
1912 5621 2001 5689 qui
2040 5621 2168 5677 facti
2201 5634 2327 5678 sunt

2433 4892 2463 4943 6
2496 4889 2720 4957 Κύριος,
2758 4892 2839 4942 ὅτι
2901 4890 3044 4959 μέγα
3089 4892 3191 4960 μὶν
3245 4893 3307 4945 τὸ
3335 4894 3433 4962 τῆς
3474 4895 3776 4964 παρθενίας
3809 4898 4023 4969 χρῆμα,

2435 4981 2551 5034 ἀλλ’
2580 4982 2643 5033 οὐ
2682 4983 2816 5034 πᾶσι
2850 4982 3228 5052 κατορθωτὸν,
3265 4984 3381 5036 ἀλλ’
3426 4987 3659 5049 ἐκείνοις
3719 4992 3903 5056 μόνοις
3941 4985 4025 5054 οἷς

2436 5074 2690 5142 συνεργεῖ
2720 5075 2747 5125 6
2780 5072 2933 5136 Θεός.
2961 5071 3034 5126 Τὸ
3061 5075 3190 5145 γὰρ,
3230 5074 3495 5141 δέδοται,
3533 5080 3767 5132 ἐνταῦθα
3817 5086 4019 5148 κεῖται,

2436 5168 2554 5222 ἀντὶ
2584 5168 2700 5234 τοῦ,
2732 5164 2819 5236 οἷς
2851 5172 3139 5239 συνεργεῖ
3162 5176 3194 5227 ό
3231 5175 3399 5241 Θεός.
3419 5175 3681 5240 Ἐκείνοις
3714 5178 3771 5230 δὲ
3793 5179 4023 5246 δίδοται,

2433 5263 2545 5324 τοῖς
2580 5262 2844 5330 αἰτοῦσιν,
2884 5287 2903 5315 ι
2946 5266 3160 5319 Αίτεῖτε
3201 5269 3331 5337 γὰρ,
3375 5275 3534 5338 φησὶ,
3568 5274 3665 5324 καὶ
3720 5272 4016 5343 δοθήσεται

2435 5356 2582 5424 ὑμῖν.
2614 5357 2866 5428 ιΙᾶςογὰρ
2896 5359 2924 5411 6
2960 5358 3148 5426 αίτῶν,
3180 5359 3469 5429 λαμϐάνει.
3506 5381 3527 5413 ι

2510 5553 2528 5585 ι
2582 5536 2699 5588 Εἰσὶ
2747 5536 2857 5607 γὰρ
2907 5537 3154 5609 εὐνοῦχοι
3184 5540 3380 5604 οἵτινες
3427 5542 3492 5596 ἐκ
3555 5541 3766 5619 κοιλίας
3811 5544 4023 5615 μητρὸς

2436 5629 2807 5701 ἐγεννήθησαν
2839 5631 3001 5698 οὕτω,
3031 5634 3124 5686 καὶ
3151 5634 3291 5689 εἰσὶν
3320 5634 3567 5707 εὐνοῦχοι
3605 5636 3802 5702 οἵτινες
3827 5639 4021 5693 εὐνου-

832 5784 873 5813 ⁸¹
908 5780 926 5835 l
961 5781 1086 5837 Cor.
1140 5799 1211 5851 τι,
1239 5784 1323 5840 l7.
1406 5787 1449 5818 "
1489 5786 1646 5845 Rom.
1702 5808 1817 5859 vm,
1864 5796 1951 5851 35.
2032 5800 2073 5830 “
2102 5798 2235 5855 Luc.
2270 5818 2341 5871 at,
2372 5804 2423 5859 9.
2503 5805 2543 5836 "
2576 5803 2730 5862 Joan.
2768 5809 2992 5877 x\'t,2l.
