4288 6444
780 411 881 472 2’53

1614 391 2194 457 THEOPHYLACTI
2240 388 2653 452 BULGABUE
2692 388 3048 451 ARCHIEP.

3904 381 4012 444 355

779 527 904 566 ttora
938 518 1144 579 patrem
1179 518 1327 562 tuum
1368 516 1421 561 et
1454 516 1703 568 matrem,
1737 513 1792 558 et
1813 503 2001 573 diliges
2026 506 2332 574 proximum
2362 499 2415 558 Α
2436 516 2467 552 τ

2320 520 2332 554 ι
2362 499 2415 558 Α
2436 500 2591 567 τέρα,
2624 501 2719 551 καὶ
2746 501 3059 569 ἀγαπήσεις
3100 496 3192 550 τὸν
3219 494 3444 566 πλησίον
3467 510 3563 548 σου
3592 493 3669 555 ὡς
3704 493 3954 546 σεαυτὸν.
3997 512 4013 542 ι

777 611 927 655 tuum
965 612 1021 656 ut
1053 600 1301 667 teipsum.
1336 616 1356 648 ο
1394 596 1647 649 Dmninus
1668 594 1734 648 ad
1765 597 1898 664 legis
1932 598 2184 649 mandata
2219 598 2343 651 mit-

782 692 849 743 tit
880 698 1181 759 rogantem,
1208 704 1278 742 nu
1306 686 1473 740 Judaei
1506 686 1690 740 dicant
1722 688 1866 755 quod
1902 687 2072 755 legem
2098 696 2342 743 contem-

777 780 988 847 nst(a).
1021 778 1157 843 Quid
1195 775 1399 846 igitur?

848 868 1116 923 “135.90.
1141 886 1161 919 ι
1204 867 1339 922 Dicit
1372 868 1443 924 illi
1479 868 1824 923 adolescens:
1856 865 2047 923 Omnis
2084 867 2199 921 haec
2226 881 2344 922 ser-

778 964 899 1014 vavi
944 976 973 1014 a
1016 962 1299 1027 juventute
1340 977 1481 1016 mea.
1524 961 1665 1027 Quid
1708 963 1884 1016 adhuc
1925 962 2054 1014 mihi
2096 962 2283 1015 deest?
2319 978 2338 1010 s

776 1053 1183 1107 Adolescentem
1223 1064 1405 1106 autem
1429 1055 1649 1121 quidam
1681 1062 1739 1105 ut
1781 1054 2070 1120 superbum
2105 1062 2158 1105 et
2192 1068 2345 1106 arro-

778 1156 992 1215 gentem
1020 1154 1267 1212 arguunt.
1302 1144 1585 1209 Quomodo
1612 1145 1756 1197 enim
1782 1145 2057 1197 dilexisset
2089 1145 2189 1197 rite
2220 1157 2340 1212 pro-

778 1232 1003 1297 ximum,
1039 1232 1127 1298 qui
1151 1232 1301 1286 dives
1326 1232 1476 1285 erat?
1517 1230 1701 1285 Nullus
1734 1232 1877 1285 enim
1902 1228 2129 1300 diligens
2160 1230 2343 1291 proxi-

782 1338 925 1375 mum
955 1332 1012 1375 ut
1050 1322 1310 1389 seipsum,
1340 1324 1501 1375 ditior
1522 1332 1606 1377 est
1638 1322 1920 1391 proximo:
1952 1322 2129 1375 omnis
2162 1331 2341 1375 autem

778 1411 940 1467 homo
979 1413 1268 1477 proximus.
1308 1411 1537 1478 Quidum
1564 1413 1643 1467 sic
1680 1412 2006 1481 intelligunt,
2050 1412 2123 1465 Da
2148 1453 2163 1475 ,
2199 1414 2345 1483 quod

779 1500 892 1554 hac
918 1500 1097 1554 omnia
1126 1501 1384 1553 servarint
1409 1519 1423 1554 :
1444 1502 1570 1567 quid
1601 1500 1775 1553 adhuc
1799 1500 1926 1553 mihi
1948 1500 2136 1553 deest?

846 1589 1007 1643 Vsus.
1036 1589 1223 1654 2|,‘22.
1248 1608 1268 1641 ι
1295 1592 1383 1643 Ait
1415 1590 1486 1643 illi
1516 1590 1710 1644 Jesus:
1738 1589 1793 1644 Si
1814 1590 1898 1645 vis
1915 1589 2187 1658 perfectus
2200 1604 2343 1656 esse,

775 1681 933 1745 vade,
963 1680 1134 1735 vende
1164 1694 1283 1749 quae
1311 1682 1499 1742 habes,
1530 1692 1585 1735 et
1615 1681 1680 1734 ds
1712 1681 2058 1750 pauperibus,
2090 1694 2145 1736 et
2172 1683 2340 1736 habe-

777 1772 861 1827 bis
906 1773 1216 1825 thesaurum
1250 1772 1304 1826 in
1354 1773 1526 1827 coelo:
1560 1782 1612 1826 et
1640 1773 1782 1837 veni,
1810 1778 2039 1840 sequere
2071 1788 2178 1827 me.
2208 1773 2343 1827 Cum

777 1863 1015 1917 audisset
1069 1873 1248 1918 autem
1299 1864 1617 1919 adolescens
1663 1880 1785 1918 eum
1834 1879 2163 1931 sermonem,
2210 1866 2342 1921 abiit

780 1954 974 2017 tristis,
1018 1961 1135 2007 erat
1182 1954 1324 2005 enim
1372 1954 1574 2006 habens
1624 1953 1996 2036 possessiones
2048 1951 2260 2007 multas.
2316 1970 2337 2005 s

778 2043 1156 2112 Quacunque,
1213 2044 1407 2110 inquit,
1460 2042 1635 2097 fecisti
1688 2057 1853 2111 opera
1916 2041 2076 2107 bona,
2115 2039 2343 2098 Judaico

779 2148 931 2188 more
958 2132 1129 2186 fecisti
1167 2151 1181 2183 :
1214 2133 1257 2186 si
1291 2141 1468 2185 autem
1499 2135 1577 2186 vis
1615 2133 1907 2201 perfectus,
1928 2135 2029 2186 hoc
2047 2142 2156 2199 est,
2190 2146 2344 2189 meus

778 2225 1072 2292 discipulus
1116 2238 1234 2279 esse
1269 2234 1324 2277 et
1372 2223 1741 2277 Christianus:
1774 2225 1929 2288 vade,
1964 2225 2136 2279 vende
2161 2225 2342 2279 omnia

777 2332 899 2388 quae
925 2318 1110 2381 habes,
1144 2325 1198 2369 et
1232 2317 1295 2370 da
1327 2318 1510 2370 statim
1550 2316 1710 2371 simul
1747 2319 1952 2382 omnia,
1985 2318 2130 2372 nulla
2176 2332 2345 2373 reser-

779 2424 931 2469 vans,
970 2418 1025 2460 ut
1053 2408 1362 2461 continuam
1400 2406 1565 2461 facias
1595 2407 2012 2479 eleemosyoam.
2052 2408 2166 2463 Non
2199 2410 2342 2464 enim

782 2499 935 2556 dixit,
969 2495 1227 2549 Paulatim
1248 2497 1313 2549 da
1349 2496 1694 2565 pauperibus,
1728 2500 1823 2552 sed
1861 2499 2015 2561 dixit,
2046 2498 2121 2551 Da
2153 2499 2343 2563 semel,

777 2598 831 2641 t-t
856 2593 1029 2642 nudus
1062 2598 1201 2643 esto.
1234 2587 1364 2641 Dein
1412 2591 1540 2657 quia
1584 2599 1711 2644 sunt
1749 2591 1900 2644 multi
1940 2592 2345 2655 misericordes,

775 2680 941 2731 vitam
979 2689 1154 2732 tamen
1186 2678 1331 2730 omni
1371 2679 1572 2731 malitia
1607 2680 1819 2749 plenam
1858 2680 2139 2746 habentes,
2177 2684 2345 2739 dicit:

780 2787 799 2821 ι
840 2769 904 2823 Et
935 2770 1079 2835 veni,
1108 2784 1335 2838 sequere
1358 2784 1462 2835 me,
1499 2789 1516 2821 ο
1540 2773 1638 2825 hoc
1659 2782 1764 2838 est,
1784 2787 1998 2828 omnem
2019 2775 2178 2828 aliam
2210 2792 2347 2845 quo-

776 2876 881 2932 que
935 2864 1185 2917 virtutem
1247 2864 1403 2916 habe.
1453 2864 1785 2920 Adolescens
1839 2866 2004 2937 igitur
2075 2869 2343 2926 indoluit:

778 2954 1120 3009 desiderabat
1156 2956 1376 3020 etenim,
1404 2964 1459 3010 et
1488 2966 1627 3010 terra
1675 2959 1853 3012 cordis
1884 2960 2053 3028 ipsius
2082 2962 2346 3030 profunda

776 3054 893 3099 erat
925 3054 975 3098 et
1024 3046 1261 3116 pinguis,
1295 3047 1387 3101 sed
1438 3049 1603 3117 spina:
1632 3048 1944 3105 divitiarum
1986 3051 2343 3109 sufl‘ocabant.

2461 582 2521 646 Ὀ
2554 594 2759 663 Κύριος
2785 594 2877 646 ἐπὶ
2900 597 3000 655 τὰς
3029 589 3259 661 νομικὰς
3292 587 3512 649 ἑντολὰς
3542 584 3901 655 παραπέμπει
3928 583 4021 635 τὸν

2445 686 2826 754 ἐρωτήσαντα,
2872 683 2959 739 ῐνα
3015 683 3090 754 μὴ
3126 683 3291 752 ἔχωσι
3335 681 3519 746 λέγειν
3544 680 3596 732 oi
3634 676 3903 739 Ἰουδαῖοι,
3936 676 4018 728 ὅτι

2444 776 2539 829 τοῦ
2569 776 2735 844 νόμου
2767 774 3116 843 καταφρονεῖ.
3156 772 3221 823 Τί
3249 765 3343 823 οὖν
3369 784 3384 834 ;

2520 886 2540 921 ι
2581 868 2743 934 Λᾶγει
2767 866 2916 935 αὐτῷ
2945 868 2975 917 ὁ
3001 864 3302 923 νεανίσκος·
3337 861 3523 914 Πάντα
3550 858 3724 912 ταῦτα
3749 854 4023 926 ἐφυλαξά-

2449 976 2558 1031 μην
2587 962 2651 1013 ἐκ
2677 958 2924 1027 νεότητός
2986 974 3110 1027 μου.
3170 956 3234 1008 Τί
3284 955 3365 1007 ιτι
3422 952 3664 1023 ὑστερῶς
3702 970 3721 1001 s
3748 951 3907 1013 Τινὲς
3942 951 4021 1013 ὡς

2446 1053 2776 1123 κομπαστῆν
2830 1052 2925 1105 καὶ
2977 1050 3214 1113 ἀλαζόνα
3241 1047 3585 1102 διαϐάλλουσι
3638 1043 3848 1097 τοῦτον.
3897 1032 4022 1105 Πῶς

2446 1147 2556 1215 γὰρ
2582 1143 2911 1212 κατώρθωσε
2941 1143 3002 1194 τὺ
3028 1140 3250 1210 ἀγαπᾷν
3293 1138 3385 1191 τὸν
3414 1136 3644 1205 πλησίον
3665 1176 3678 1197 ,
3707 1136 3822 1203 εῖγε
3855 1134 4022 1186 πλού-

2447 1254 2562 1300 σιος
2589 1232 2657 1307 ἦν
2679 1252 2693 1299 ;
2728 1234 2901 1296 οὐδεὶς
2928 1233 3039 1303 γὰρ
3060 1230 3291 1299 ἀγαπῶν
3324 1231 3415 1282 τὸν
3440 1230 3671 1297 πλησίον
3698 1227 3772 1289 ὡς
3803 1225 4022 1289 ἑαυτὸν,

2448 1328 2852 1397 πλουσιώτερός
2887 1327 3004 1379 ἐστι
3055 1324 3149 1379 τοῦ
3202 1322 3451 1393 πλησίονο
3487 1323 3593 1382 πᾶς
3621 1320 3677 1372 δὲ
3709 1318 4020 1387 ἄνθρωπος.

2447 1421 2698 1490 πλησίον.
2721 1419 2876 1482 Τινὲς
2892 1418 2950 1471 δὶ
2978 1416 3121 1470 οὕτω
3141 1417 3324 1469 νοοῦσι
3346 1414 3522 1467 τοῦτο’
3550 1411 3798 1471 ’Υπόοες.
3833 1410 4020 1479 φησὶν,

2447 1510 2531 1563 δτι
2565 1508 2739 1562 ταῦτα
2772 1508 2949 1561 πάντα
2986 1504 3358 1574 φυλαξαίμηψ
3382 1503 3433 1554 τί
3464 1518 3554 1571 μοι
3588 1501 3668 1553 ἔτι
3697 1499 3873 1551 λείπει
3899 1516 3914 1562 ;

2524 1619 2544 1651 ε
2588 1580 2736 1669 ’ἶΕφη
2780 1598 2930 1667 αὐτῷ
2960 1600 2988 1651 ὁ
3028 1596 3257 1667 Ἰησοῦς·
3290 1596 3354 1649 El.
3388 1594 3566 1654 θέλεις
3604 1592 3806 1652 τάλειος
3856 1587 4020 1646 εἶναι.

2450 1691 2650 1761 ὕπαγε,
2681 1690 2937 1758 πώλησόν
2986 1706 3080 1742 σου
3137 1688 3207 1742 τὰ
3246 1688 3585 1757 ὑπάρχοντα,
3618 1684 3714 1737 καὶ
3748 1682 3835 1745 δὸς
3870 1698 4018 1734 πτωο

2449 1787 2584 1856 χοῖς,
2613 1784 2710 1837 καὶ⁸
2740 1782 2884 1849 ιξεις
2922 1780 3196 1848 θησαυρὸν
3236 1780 3292 1831 tv
3316 1778 3553 1849 οὐρανῷ,
3583 1775 3677 1828 καὶ
3703 1772 3863 1844 δεῦρο
3891 1773 4023 1824 ἁκο-

2446 1880 2628 1934 λούθει
2656 1895 2767 1949 μοι.
2786 1876 3056 1938 ’Δκούσας
3076 1876 3132 1928 δὲ
3150 1877 3179 1927 ὁ
3202 1874 3483 1933 νεανίσκος
3504 1871 3597 1924 τὸν
3614 1872 3792 1937 λόγον,
3809 1866 4023 1934 ἀπῆλθε

2448 1971 2809 2041 λυπούμενος·
2843 1964 2912 2040 ἦν
2939 1967 3049 2037 γὰρ
3093 1966 3234 2036 ιχων
3289 1964 3545 2033 κτήματα
3582 1959 3771 2014 πολλά.
3823 1978 3841 2010 s
3887 1959 4023 2011 Ὅσα

2452 2068 2574 2136 μὲν,
2614 2065 2817 2134 φησὶν,
2858 2047 3010 2124 εἶπες
3060 2056 3428 2129 κατορθῶσαι,
3477 2055 3653 2107 ταῦτα
3710 2052 4021 2114 Ἰουδαϊκῶς

2450 2153 2825 2224 κατώρθωσας
2851 2170 2864 2184 ο
2916 2153 2966 2205 εί
3017 2150 3073 2203 δὲ
3106 2148 3281 2210 Θέλεις
3306 2147 3531 2209 τέλειος,
3560 2143 3862 2203 τουτέστιν,
3896 2142 4024 2211 ιμδς

2460 2241 2602 2299 εῐναι
2654 2244 2901 2314 μαθητὴς
2966 2241 3063 2294 καὶ
3110 2238 3463 2311 Χριστιανὸς,
3514 2235 3721 2303 ὕπαγε,
3774 2231 4025 2300 πώλησόν

2452 2353 2549 2390 σου
2596 2335 2664 2389 τὰ
2703 2336 3039 2404 ὑπάρχοντα,
3073 2334 3167 2385 καὶ
3204 2331 3291 2393 δὸς
3322 2330 3521 2383 αὐτίκα
3555 2326 3691 2397 ὁμοῦ
3724 2325 3922 2385 πάντα,
3953 2322 4025 2393 μὴ

2453 2426 2827 2498 παρακρατῶν
2848 2443 2991 2486 τινα,
3024 2424 3108 2477 ἵνα
3129 2424 3473 2477 ἀδιάλειπτον
3496 2424 3658 2488 ποιῇς
3685 2419 3782 2487 τὴν
3799 2418 4028 2485 ἐλεημο-

2458 2524 2649 2587 σύνην.
2695 2521 2771 2571 Οὑ
2802 2518 2911 2586 γὰρ
2937 2514 3079 2581 εἷπε,
3114 2515 3259 2568 δίδου
3288 2516 3543 2583 πτωχοῖς,
3566 2511 3722 2575 ἀλλὰ,
3766 2508 3854 2569 δὸς
3882 2504 4029 2570 ἅπαξ

2455 2614 2550 2665 καὶ
2580 2609 2918 2679 γυμνώθητι.
2951 2604 3081 2661 Εἶτα
3110 2606 3232 2659 επεὶ
3264 2606 3371 2658 είσί
3416 2620 3560 2664 τινες
3598 2599 3877 2661 ἐλεοῦντες
3906 2597 4028 2667 pia,

2456 2705 2637 2770 πάσης
2675 2703 2730 2756 δὲ
2780 2701 3053 2772 ῥυπαρίας
3096 2700 3403 2769 ἀνάμεστον
3439 2698 3553 2768 βίον
3580 2696 3819 2767 ἔχοντες.
3855 2696 4025 2763 φησί·

2461 2815 2481 2849 t
2518 2797 2626 2847 Καὶ
2682 2794 2841 2863 δεῦρο
2906 2791 3190 2846 ἀκολούθει
3264 2807 3377 2860 μοι,
3411 2808 3430 2841 s
3472 2790 3753 2851 τουτέστι,
3790 2788 3883 2840 καὶ
3933 2786 4032 2856 τὴν

2456 2890 2623 2957 ἄλλην
2671 2889 2851 2941 πᾶσαν
2880 2885 3079 2954 ἀρετὴν
3118 2883 3232 2952 ιχε.
3277 2882 3338 2937 '0
3373 2883 3555 2950 μέντοι
3584 2880 3868 2942 νεανίσκος
3905 2878 4031 2931 ἔλυ-

2457 2982 2626 3054 πήθη·
2660 2980 2925 3049 ἐπεθύμει
2954 2977 3055 3046 μὲν
3083 2978 3215 3044 γὰρ,
3244 2974 3341 3027 καὶ⁵
3381 2974 3570 3045 βαθεῖα
3594 2972 3692 3026 καὶ
3726 2971 3867 3025 πίων
3895 2965 3962 3039 ἦν
3993 2970 4027 3037 ή

2457 3075 2529 3145 γῆ
2557 3075 2655 3143 τῆς
2687 3072 2915 3142 καρδίας
2943 3067 3134 3132 αὑτοῦ,
3168 3067 3281 3121 ἀλλ’
3308 3069 3363 3120 ai
3395 3066 3628 3120 ἄκανθαι
3663 3064 3759 3117 τοῦ
3798 3062 4029 3116 πλούτου

778 3135 907 3190 Etat
926 3138 1091 3204 enim,
1114 3138 1311 3205 inquit,
1337 3136 1540 3192 habens
1563 3144 1938 3208 possessiones
1968 3144 2186 3201 multas.
2213 3146 2343 3201 Nam
2373 3173 2416 3229 ο

2331 3164 2416 3229 'C
2452 3135 2798 3235 συνέπνιγον·
2846 3163 2917 3236 ἦν
2968 3165 3097 3234 γὰρ,
3144 3164 3333 3232 φησὶν,
3365 3160 3505 3229 ἔχων
3546 3161 3803 3229 κτήματα
3832 3156 4024 3210 πολλὰ.

777 3231 1085 3297 quipaucas
1127 3230 1519 3293 habet,nouita
1548 3233 1613 3285 ab
1646 3232 1747 3289 illis
1786 3235 2058 3290 detinetur
2084 3256 2097 3293 :
2128 3237 2181 3291 in
2212 3240 2349 3293 mul-

780 3321 849 3374 tis
876 3322 1018 3375 enim
1051 3322 1255 3376 divitiis
1278 3324 1567 3379 violentius
1595 3337 1676 3380 est
1695 3327 1992 3383 vinculum.
2026 3330 2197 3388 Porro
2224 3337 2348 3403 quia

779 3410 928 3463 diviti
950 3412 1263 3481 loquebatur
1279 3413 1548 3481 Christus,
1576 3418 1808 3485 dicebat,
1830 3418 2127 3478 “abiturus
2151 3441 2211 3481 es
2233 3428 2349 3483 the-

782 3516 1001 3555 Suurum
1026 3506 1075 3557 in
1110 3506 1269 3565 caelo,
1296 3507 1447 3576 103
1480 3509 1788 3563 divitiarum
1823 3512 1964 3567 enim
1985 3526 2349 3573 amatorcrat.

855 3594 1000 3647 Vsus
1054 3594 1147 3656 25,
1170 3596 1261 3648 24.
1292 3616 1309 3645 t
1346 3597 1503 3652 Jesus
1526 3609 1704 3652 autem
1736 3602 1870 3655 dixit
1898 3606 2177 3676 discipulis
2203 3610 2349 3666 suis:

786 3685 953 3738 Anien
980 3688 1102 3739 dico
1122 3688 1269 3741 vobis
1290 3726 1304 3752 ,
1340 3688 1491 3744 dives
1529 3691 1745 3747 difﬁcile
1774 3694 2001 3749 intrabit
2046 3698 2099 3751 in
2133 3714 2352 3767 regnum

779 3782 1063 3835 ctelurum.
1089 3780 1283 3837 Iterum
1306 3795 1481 3840 autent
1508 3788 1625 3840 dico
1658 3790 1829 3854 vobis,
1853 3789 2063 3845 facilius
2079 3803 2354 3848 estcame-

784 3870 891 3923 lum
930 3888 1023 3939 per
1065 3872 1303 3926 foramen
1347 3889 1479 3929 auis
1536 3880 1787 3943 transire,
1836 3894 1995 3946 quam
2050 3882 2270 3937 divitem
2300 3886 2353 3940 in

782 3977 1002 4031 regnum
1044 3966 1132 4018 Dei
1168 3968 1391 4035 ingredi.
1431 3987 1449 4019 ι
1479 3970 1892 4034 Quandiudives
1922 3975 2108 4043 etipse
2135 3977 2353 4044 quidem

782 4054 942 4107 habet
1001 4058 1292 4124 superflua,
1376 4069 1430 4112 et
1458 4062 1548 4113 alii
1609 4079 1712 4115 non
1742 4063 1822 4117 vel
1876 4068 2205 4133 necessaria,
2247 4083 2355 4122 non

782 4144 1079 4214 ingreditur
1138 4152 1186 4200 in
1224 4164 1447 4213 regnum
1496 4154 1777 4208 ctelorum.
1844 4154 2131 4224 Postquam
2176 4168 2355 4212 autem

782 4240 1015 4291 excussit
1044 4241 1244 4301 omnia,
1306 4252 1431 4292 tunc
1486 4257 1588 4294 noo
1624 4252 1708 4295 est
1748 4244 1916 4306 dives,
1956 4254 2008 4299 et
2038 4255 2224 4315 postea
2278 4248 2359 4301 itt-

780 4330 962 4383 trabit.
985 4331 1316 4398 llllpOsblbllB
1332 4342 1411 4385 est
1442 4334 1583 4385 enim
1605 4335 1767 4387 multa
1803 4335 2091 4390 habentem
2130 4340 2353 4403 intrare,

780 4422 919 4475 sicut
937 4431 987 4475 et
1010 4422 1272 4476 camelum
1294 4423 1623 4493 impossibile
1646 4441 1737 4491 per
1760 4426 2003 4484 foramen
2030 4446 2159 4485 acus
2184 4440 2356 4487 trans—

781 4516 878 4570 ire.
958 4516 1086 4570 Vide
1140 4526 1314 4570 autem
1377 4519 1649 4587 quomodo
1706 4523 1845 4588 quod
1902 4525 2150 4591 superius
2222 4526 2353 4579 dixit

780 4608 1016 4674 dimi-ile,
1049 4610 1134 4664 hic
1167 4612 1667 4679 dicitimpossihile.
1694 4612 1946 4667 Nonnulli
1970 4626 2147 4669 autem
2173 4617 2358 4673 dicunt

783 4702 1048 4755 camelum
1072 4717 1176 4756 non
1207 4701 1404 4754 animal
1422 4703 1750 4773 signiﬁcare,
1782 4707 1875 4759 sed
1890 4720 2134 4761 crassum
2167 4724 2359 4778 quem-

785 4792 907 4845 datn
943 4791 1143 4858 funem,
1170 4807 1280 4863 quo
1306 4803 1483 4849 nauta:
1518 4805 1741 4851 utuntur
1768 4806 1825 4853 ut
1868 4798 2154 4869 projiciant
2203 4818 2361 4858 anco-

784 4898 893 4938 ras.

857 5100 1023 5158 Vsus.
1049 5101 1138 5165 25,
1173 5102 1262 5156 26.
1294 5122 1311 5155 t
1344 5104 1556 5159 Auditis
1576 5115 1754 5160 autem
1788 5107 1892 5169 his,
1916 5108 2164 5177 discipuli
2198 5125 2361 5178 expa-

793 5202 979 5249 verunt
1014 5196 1187 5258 valde,
1218 5196 1500 5251 dicentes:
1526 5198 1657 5264 Quis
1676 5214 1801 5267 ergo
1820 5210 1994 5265 potest
2011 5202 2190 5255 salvus
2213 5202 2363 5258 ﬂeri?

791 5286 1023 5341 lntnitus
1056 5296 1234 5340 autem
1272 5288 1393 5342 illos
1429 5287 1584 5343 Jesus
1618 5291 1899 5357 dixitillis,
1934 5293 2085 5360 Apud
2116 5294 2362 5351 homines

791 5384 893 5434 hoc
928 5379 1261 5448 impossibile
1298 5392 1402 5446 est,
1436 5384 1572 5451 apud
1607 5384 1773 5438 Deum
1803 5396 1982 5438 autem
2025 5389 2204 5441 omnia
2238 5405 2361 5457 pos-

785 5473 960 5526 sibilia
1010 5482 1156 5525 sunt.
1200 5489 1219 5524 ι
1257 5473 1510 5541 Discipuli
1538 5484 1595 5527 ut
1633 5475 2028 5545 misericordes,
2056 5497 2159 5535 non
2195 5482 2364 5537 inter-

2469 3265 2529 3316 Ὀ
2564 3265 2662 3331 μὲν
2692 3261 2803 3329 γὰρ
2833 3258 2991 3326 ὀλίγα
3014 3257 3171 3327 ἔχων,
3199 3257 3301 3325 οὐχ
3329 3253 3529 3323 ὁμοίως
3573 3252 3868 3321 κατέχεται
3907 3248 4032 3303 τού-

2454 3374 2590 3420 τοιςο
2618 3358 2675 3407 εν
2708 3353 2817 3424 γὰρ
2852 3355 2965 3413 τοῖς
2994 3351 3211 3413 πολλοῖς
3250 3344 3719 3416 τυραννικώτερος
3750 3346 3777 3396 ὁ
3808 3340 4029 3410 δεσμός·

2455 3452 2574 3507 ἐπεὶ
2600 3452 2655 3503 δὲ
2678 3451 2813 3520 πρὸς
2843 3448 3099 3501 πλούσιον
3122 3446 3395 3513 διελέγετο
3417 3446 3445 3496 ὁ
3471 3443 3698 3509 Κύριος,
3729 3438 3918 3506 φησὶν,
3948 3437 4031 3489 δτι

2455 3540 2638 3612 Ἐξεις
2670 3546 2729 3597 ιν
2778 3542 3031 3612 οὐρανοῖς
3064 3537 3359 3609 θησαυρὸν,
3388 3536 3508 3589 ἐπεὶ
3542 3524 4030 3602 φιλοχρήματοςεῖ.

2533 3657 2552 3691 t
2599 3638 2656 3690 ὐ
2674 3637 2730 3690 δὲ
2766 3636 2972 3703 Ἰησοῦς
3007 3631 3129 3685 εἷπε
3160 3634 3270 3694 τοῖς
3299 3628 3567 3699 μαθηταῖς
3596 3625 3764 3679 αὑτοῦ
3804 3640 3815 3654 ⁸
3860 3623 4032 3693 ’Δμὴν

2456 3730 2601 3797 λέγω
2631 3729 2761 3797 ὑμῖν
2809 3726 2891 3779 ὃτι
2924 3724 3175 3785 πλούσιος
3203 3720 3479 3782 δυσκόλως
3526 3716 3897 3771 εἰσελεύσεται
3952 3714 4033 3776 είς

2456 3825 2558 3889 τὴν
2592 3818 2872 3891 βασιλείαν
2901 3818 3013 3870 τῶν
3070 3814 3338 3887 οὐρανῶν.
3377 3812 3546 3867 Πάλιν
3578 3812 3634 3864 δὲ
3686 3810 3833 3877 λέγω
3881 3809 4033 3877 ὑμῖν,

2456 3912 2832 3983 εὐκοπώτερόν
2864 3912 2981 3963 ἐστι
3009 3910 3254 3979 κάμηλον
3275 3908 3363 3961 διὰ
3411 3906 3770 3976 τρυπήματος
3811 3900 4034 3969 ῥαφίδος

2455 4004 2705 4067 διελθεῖν,
2742 4003 2775 4074 ἢ
2813 4003 3068 4056 πλούσιον
3100 4002 3177 4063 είς
3195 4001 3293 4071 τὴν
3325 3997 3603 4068 βασιλείαν
3630 3995 3723 4049 τοῦ
3760 3992 3893 4047 Θεοῦ
3924 3994 4007 4046 εἰσ

2457 4099 2655 4152 ελθεῖν.
2696 4119 2715 4151 ι
2748 4099 2894 4161 Ἕως
2937 4097 3002 4151 ἃν
3050 4093 3389 4166 ᾗπλούσιος,
3453 4094 3550 4147 καὶ
3604 4091 3765 4151 αὐτὸς
3807 4089 3905 4158 μὲν
3938 4087 4038 4156 im

2461 4191 2714 4259 περιττὰ,
2747 4188 2897 4242 ἄλλοι
2928 4188 2984 4239 δὲ
3009 4187 3132 4240 οὐδὲ
3157 4187 3225 4239 τὰ
3257 4186 3551 4250 ἀναγκαῖα,
3608 4182 3669 4234 οὐ
3706 4181 3781 4250 μὴ
3815 4178 4039 4249 εἰσέλθῃ

2460 4283 2539 4346 είς
2588 4281 2686 4351 τὴν
2732 4280 3011 4349 βασιλείαν
3062 4278 3173 4331 τῶν
3227 4276 3494 4347 οὐρανῶν.
3544 4272 3797 4326 Ἐπειδὰν
3854 4271 4039 4341 μέντοι

2461 4373 2855 4441 ἀποτινάξηται
2906 4372 3107 4433 πάντα,
3143 4370 3264 4423 τότε
3300 4370 3361 4421 οὐ
3407 4368 3683 4428 πλούσιος,
3725 4364 3820 4417 καὶ
3851 4363 4039 4417 λοιπὸν

2386 4497 2439 4557 D
2465 4467 2854 4521 εἰσελεύσεται.
2929 4462 3217 4516 Ἀδύνατον
3246 4461 3354 4528 γὰρ
3390 4459 3561 4512 πολλὰ
3613 4459 3809 4557 ἔχοντα
3863 4455 4041 4557 εἰσελ-

2464 4561 2600 4623 θεῖν,
2631 4558 2822 4628 ὥσπερ
2849 4556 2946 4611 καὶ
2988 4556 3083 4626 τήν
3110 4554 3359 4625 κάμηλον
3387 4551 3648 4604 ἀδύνατον
3671 4548 3897 4602 διελθεῖν
3954 4548 4044 4601 διὰ

2463 4655 2826 4725 τρυπήματος
2881 4650 3124 4720 βελόνης.
3166 4647 3272 4700 Ἴδε
3329 4643 3422 4697 οὖν
3467 4644 3580 4704 πῶς
3630 4640 3888 4706 ἀνωτέρω
3942 4639 4045 4708 μὶν

2463 4749 2724 4802 δύσκολον
2772 4744 2892 4799 εἷπε
2949 4746 3011 4797 τὸ
3052 4742 3337 4805 είσελθεῖν,
3395 4738 3629 4793 ἐνταῦθα
3685 4737 3741 4789 δὲ
3778 4736 4046 4789 ἀδύνατον

2466 4838 2766 4901 παντελῶς.
2828 4838 2984 4899 Τινὲς
3035 4836 3091 4889 δὲ
3128 4834 3394 4904 κάμηλον,
3424 4832 3486 4885 οὐ
3544 4832 3603 4883 τὸ
3654 4830 3794 4891 ζῶόν
3848 4845 4040 4897 φασιν,

2469 4932 2603 4985 ἀλλὰ
2633 4931 2693 4984 τὸ
2722 4929 2864 4999 παχὺ
2902 4928 3155 4998 σχοινίον,
3186 4920 3229 4995 ᾧ
3255 4926 3497 4997 χρῶνται
3526 4925 3575 4977 οί
3606 4922 3795 4976 ναῦται
3821 4922 3956 4991 πρὸς
3983 4921 4049 4973 τὸ

2468 5026 2687 5096 ῥίπτειν
2720 5023 2816 5085 τὰς
2851 5022 3121 5092 ἀγκύρας.

2542 5138 2560 5170 ι
2619 5117 2979 5178 Ἀκούσαντες
3014 5116 3068 5167 δὲ
3094 5117 3141 5167 οί
3177 5113 3417 5183 μαθηταὶ
3450 5112 3613 5165 αὐτοῦ
3648 5108 4049 5180 ἐξεπλήσσοντο

2468 5210 2695 5281 σφόδρα,
2726 5209 2978 5276 λέγοντες
3006 5222 3022 5239 ο
3050 5207 3144 5271 Τίς
3180 5208 3289 5275 ἄρα
3320 5206 3542 5258 δύναται
3571 5205 3844 5274 σωθῆναι;
3912 5204 4050 5271 Ἐμε-

2469 5303 2671 5372 6).ἐψας
2700 5302 2755 5354 δὲ
2798 5304 2826 5354 ὁ
2866 5299 3073 5371 Ἰησοῦς
3103 5296 3259 5353 εἶπεν
3290 5299 3492 5363 αὐτοῖς,
3531 5298 3687 5368 Παρὰ
3734 5297 4077 5365 ἀνθρώποις»

2467 5393 2626 5446 τοῦτο
2661 5391 2922 5445 ἀδύνατόν
2962 5394 3102 5452 ἔστι.
3128 5393 3276 5461 παρά
3310 5390 3365 5442 δὲ
3409 5389 3528 5459 Θεῷ
3562 5392 3738 5443 πάντα
3768 5388 3984 5441 δυνατά.
4026 5407 4044 5437 s

2470 5488 2530 5538 Οἱ
2554 5486 2792 5555 μαθηταὶ
2824 5486 3194 5555 φιλάνθρωποι
3231 5485 3403 5547 ὅντες,
3443 5484 3720 5553 ἐρωτῶσιν
3753 5483 3849 5551 οὐχ
3906 5483 4051 5553 ὑπὲρ

786 5571 978 5631 rogant
1000 5579 1095 5631 pro
1125 5565 1318 5631 seipsis
1351 5566 1637 5633 (pauperes
1684 5567 1824 5621 enim
1860 5568 2119 5639 fuerunt),
2152 5577 2243 5628 sed
2271 5591 2367 5643 pro
2470 5580 2479 5629 l

2359 5595 2367 5625 ν
2470 5580 2682 5632 ἑαυτῶν
2722 5580 2979 5647 (πένητες
3014 5578 3121 5647 γὰρ
3146 5572 3333 5647 ἧσαν,,
3374 5577 3487 5627 ἀλλ’
3540 5576 3679 5635 ὑπὲρ
3709 5575 3924 5626 πάντων
3956 5574 4052 5623 ἀν-

790 5656 1033 5707 omnibus
1092 5654 1418 5710 hominibus.
1492 5657 1748 5711 Dominus
1828 5663 1990 5730 igitur
2053 5666 2208 5718 docet
2259 5682 2364 5719 non
2470 5672 2483 5721 l

2355 5683 2364 5718 I
2470 5671 2724 5741 θρώπων.
2770 5672 2827 5723 Ὀ
2853 5666 2947 5723 οὖν
2993 5671 3195 5740 Κύριος
3226 5670 3469 5722 διὸἐισκει
3509 5668 3581 5737 μὴ
3634 5671 3699 5735 τῇ
3729 5667 4048 5736 ἀνθρωπίνη

788 5746 1019 5798 humana
1063 5748 1375 5802 infirmitate
1402 5750 1723 5803 metiendam
1756 5750 2003 5815 salutem,
2044 5759 2137 5810 sed
2186 5759 2363 5812 divina
2470 5781 2481 5816 t

2356 5778 2363 5811 I
2470 5763 2724 5834 ἀσθενείᾳ
2783 5766 3119 5833 συμμετρεῖν
3164 5763 3262 5831 τὴν
3319 5760 3610 5831 σωτηρίαν,
3660 5759 3795 5813 ἀλλὰ
3844 5761 3909 5829 τῇ
3953 5756 4049 5811 τοῦ

860 5861 933 5929 (ο)
985 5861 1124 5918 Edit.
1162 5863 1281 5921 Lut.
1338 5867 1542 5933 omisit,
1598 5866 1738 5933 Quid
1782 5872 1947 5940 igitur
1986 5890 2155 5945 usque
2195 5879 2259 5931 ad
2301 5896 2359 5934 tta
2404 5884 2567 5939 verba
2606 5884 3020 5938 Adolesceutcm.
