4288 6444
216 396 329 462 361

877 396 1026 456 ΕΝΑ
1042 393 1329 456 “RATIO
1369 393 1451 454 ΙΝ
1494 392 1837 456 ΕνΑΝοΕι

1958 398 1997 456 ιι
2041 397 2426 458 ΜΑΤΤΗᾹΞΙ.
2467 421 2538 434 ι-
2578 400 2737 460 CAP.
2773 404 2901 462 XX.

3419 406 3525 469 3t?

222 513 336 581 τὴν
367 511 665 578 ἑνδεκάτην
695 505 869 576 ὥραν,
908 505 1100 559 ελαϐον
1147 505 1252 558 ἀνὰ
1283 504 1563 575 δηνάριον.
1614 505 1824 558 Ἐλθόν-

1958 508 2195 562 iecimam
2231 508 2422 562 horam
2455 520 2738 577 venerant,
2771 519 3104 581 acceperunt
3128 512 3324 581 singuli
3355 517 3522 569 deua-

221 621 324 665 τες
359 604 418 656 δι
464 604 512 654 οί
564 597 774 668 πρῶτοι
823 597 1083 666 ἐνόμισαν
1123 597 1212 649 δτι
1263 595 1487 648 πλείονα
1539 596 1824 666 λήψονται.

223 696 348 748 Καὶ
393 693 582 746 ἔλαϐον
624 692 720 744 καὶ
783 690 943 744 αὐτοὶ
989 690 1093 743 ἀνὰ
1140 689 1415 759 δηνάριονο
1467 688 1723 756 λαϐόντες
1747 689 1825 753 δὲ,

231 787 543 852 ὲγὸγξυξον
599 785 741 837 κατὰ
792 781 889 835 τοῦ
965 781 1371 844 οἰκοδεσπότου,
1423 781 1697 851 λέγοντες,
1747 782 1829 834 ὅτι

225 871 402 929 Οὗτοι
433 878 481 928 οἱ
514 875 733 944 ἔσχατοι
755 875 883 945 μίαν
910 872 1062 944 ὤραν
1089 873 1377 942 ἐποίησαν,
1405 875 1499 924 καὶ
1529 872 1675 935 ίσους
1700 873 1832 941 ἡμῖν

227 955 438 1030 αὐτοὺς
484 969 746 1037 ἐποίησας
821 969 936 1030 τοῖς
1016 965 1322 1034 βαστάσασι
1382 965 1444 1016 τὸ
1495 962 1662 1034 βάρος
1728 962 1830 1031 τῆς

230 1061 458 1129 ἡμέρας
493 1061 708 1112 καὶτὸν
747 1059 1038 1124 καύσωνα;
1107 1057 1165 1110 ’0
1198 1057 1254 1110 δὲ
1307 1057 1634 1127 ἀποκριθεὶς
1675 1050 1832 1108 εἶπεν

228 1153 318 1204 ἑνὶ
352 1153 553 1204 αύτιίν·
573 1152 812 1220 Ἑταῖρε,
837 1152 937 1203 οὐκ
956 1151 1127 1204 ἀδικῶ
1151 1167 1231 1202 σε.
1263 1151 1396 1219 Οὐχὶ
1419 1149 1679 1219 δηναρίου
1714 1166 1837 1202 συν·-

232 1242 524 1312 ιςρὼνησάς
562 1261 691 1312 μοι;
744 1239 876 1311 ἆρον
923 1242 985 1295 τὸ
1035 1242 1153 1305 σὸν,
1191 1246 1288 1294 καὶ
1340 1240 1543 1308 ὕπαγε.
1581 1240 1732 1292 Θέλω
1777 1240 1833 1292 δὲ

230 1335 414 1402 τούτῳ
443 1335 520 1402 τῷ
551 1335 765 1403 ἐσχάτῳ
812 1332 998 1384 δοῦναι
1027 1337 1100 1393 ὼς
1144 1331 1237 1383 καὶ
1277 1332 1377 1384 σοί·
1413 1331 1444 1398 ἢ
1497 1332 1599 1382 οὐκ
1653 1329 1835 1393 ἐξεστὶ

235 1441 332 1491 μοι
381 1427 606 1492 ποιῆσαι
639 1425 667 1476 ὃ
705 1425 846 1477 θέλω
880 1426 939 1476 ὲν
981 1426 1094 1485 τοῖς
1129 1425 1325 1492 ὲμοῖς;
1371 1425 1419 1476 εί
1473 1425 1500 1475 6
1554 1423 1836 1491 ὀφθαλμός

237 1533 336 1567 σου
386 1518 622 1584 πονηρός
676 1520 845 1580 ἐστιν,
898 1518 979 1569 ὅτι
1039 1514 1152 1583 ἐγὼ
1201 1516 1404 1583 ἁγαθός
1441 1516 1594 1582 είμίς
1649 1513 1837 1576 Οὕτως

234 1606 534 1660 ἔσονταιοί
584 1607 801 1676 ἔσχατοι
852 1609 1083 1676 πρῶτοι,
1133 1608 1228 1661 καὶ
1259 1609 1310 1659 οἱ
1354 1608 1561 1676 πρῶτοι
1595 1607 1835 1676 ἔσχατοι.

238 1698 437 1750 Πολλοὶ
470 1699 578 1768 γάρ
606 1700 712 1750 είσι
743 1699 953 1768 κλητοὶ,
989 1692 1160 1766 ὀλίγοι
1199 1700 1254 1751 δὲ
1291 1699 1564 1754 ἐκλεκτοί.
1608 1718 1628 1749 ι
1680 1698 1839 1768 Ὀψία

239 1789 276 1857 ἠ
308 1791 620 1840 συντέλεια·
657 1791 715 1840 ὲν
749 1789 882 1858 γοῦν
912 1793 978 1859 τῇ
1016 1790 1298 1859 συντελείᾳ
1334 1790 1675 1859 λαμϐάνουσι
1706 1789 1836 1841 πάν-

1934 599 2094 653 ιὶιιιιι.
2126 597 2625 670 VenienteSqutem
2647 613 2700 655 et
2731 602 2914 670 primi,
2945 603 3194 656 arbitrati
3225 615 3355 656 sunt
3387 610 3526 670 quod

1933 691 2054 759 plus
2101 698 2290 745 essent
2331 691 2632 760 accepturi,
2681 702 2736 746 et
2781 703 3114 762 acceperunt
3172 694 3272 762 ipsi
3315 710 3530 764 quoque

1933 783 2128 852 singuli
2183 783 2489 838 denarium.
2547 782 2615 836 Et
2654 799 2775 838 cum
2816 787 3180 853 accepissent,
3224 804 3532 841 murmura-

1936 875 2066 929 baut
2099 876 2358 930 adversus
2389 877 2866 945 patremfamilias,
2896 879 3141 932 dicentes
3171 897 3183 932 :
3249 880 3312 930 lli
3351 881 3532 932 lltn'is-

1936 968 2059 1021 simi
2093 982 2254 1020 unam
2291 967 2480 1022 horam
2513 967 2734 1022 luerunt
2777 970 2829 1022 in
2878 984 3062 1038 Opere,
3111 978 3164 1022 ct
3209 972 3328 1022 illos
3379 988 3534 1039 [lal'ts

1940 1058 2096 1110 nobis
2125 1057 2326 1122 fecisti,
2361 1058 2451 1126 qui
2477 1060 2816 1126 portavimus
2845 1061 3055 1126 pondus
3085 1059 3192 1112 diei
3215 1073 3269 1113 et
3299 1071 3487 1114 :nsturn
3515 1063 3528 1113 ε

1935 1151 2006 1202 At
2057 1149 2144 1202 ille
2200 1149 2533 1217 respondens
2575 1151 2664 1201 nni
2711 1163 2921 1214 eorum,
2973 1152 3048 1202 ait
3089 1168 3102 1202 :
3159 1151 3368 1211 Amice,
3431 1169 3534 1202 ltili

1939 1239 2114 1294 nfﬂcio
2147 1250 2197 1294 te
2236 1243 2456 1310 injuria.
2493 1241 2680 1295 Nonne
2714 1243 2942 1294 denario
2971 1253 3163 1311 pactus
3200 1258 3259 1296 es
3287 1243 3535 1296 mecum?

1940 1331 2090 1386 Tolle
2124 1335 2268 1401 quod
2303 1343 2456 1384 tuum
2493 1343 2596 1395 est,
2626 1342 2680 1385 et
2715 1332 2824 1384 abi.
2867 1332 2995 1386 Volo
3028 1343 3209 1386 autem
3261 1336 3386 1386 lmic
3433 1349 3526 1387 no-

1941 1417 2163 1476 vissimo
2219 1423 2352 1476 dare
2386 1424 2530 1476 sicut
2575 1432 2629 1476 et
2668 1426 2784 1476 tibi.
2819 1423 3013 1477 Annon
3064 1425 3192 1478 licet
3227 1424 3357 1477 mihi
3393 1429 3536 1492 quod

1943 1513 2065 1565 volo
2107 1513 2289 1566 facere
2329 1511 2382 1565 in
2429 1515 2594 1567 rebus
2640 1515 2815 1566 meis?
2864 1532 2931 1566 riu
2977 1515 3170 1567 oculus
3208 1524 3332 1568 tuus
3366 1515 3539 1568 malus

1942 1615 2046 1668 est,
2102 1604 2243 1671 quod
2309 1621 2410 1675 ego
2468 1607 2643 1660 hnnus
2696 1607 2841 1659 sim?
2896 1608 2986 1660 Sic
3045 1607 3327 1661 novissimi
3380 1621 3543 1660 erunt

1941 1693 2128 1760 primi,
2161 1704 2215 1746 et
2252 1695 2409 1763 primi
2464 1696 2743 1749 novissimi
2784 1715 2795 1750 ε
2833 1699 2982 1749 multi
3011 1699 3153 1750 enim
3185 1707 3311 1750 sont
3343 1700 3542 1760 vocati,

1946 1786 2100 1851 p.mci
2130 1795 2310 1840 autem
2341 1788 2526 1840 electi.
2567 1808 2584 1838 ο
2645 1786 2939 1856 Vcspcrum
2983 1799 3065 1842 est
3097 1792 3496 1843 consununalio
3528 1808 3540 1841 :

238 1897 331 1940 τες
379 1882 484 1932 ἀνά
530 1881 808 1952 δηνάριον,
858 1884 886 1934 ὃ
923 1886 1070 1934 εστιν
1101 1884 1134 1951 ἡ
1171 1883 1267 1934 τοῦ
1303 1883 1459 1948 ἁγίου
1513 1881 1836 1949 Πνεύματος

1964 1892 1996 1928 ιι
2052 1875 2159 1930 line
2215 1887 2398 1930 autem
2457 1881 2562 1933 diei
2619 1891 2673 1934 et
2741 1883 3220 1934 consumtiiatione
3272 1882 3548 1950 aecipiunt

239 1969 423 2039 χάρις,
465 1970 866 2039 άναμορφοῦσα
897 1972 988 2022 τὸν
1040 1970 1330 2039 ἄνθρωπον
1373 1971 1454 2031 εἰς
1501 1967 1563 2022 τὸ
1612 1967 1733 2020 κατ’
1764 1971 1840 2020 εἱ·-

264 2068 397 2124 mea,
433 2063 530 2113 καὶ
559 2061 792 2115 ποιοῦσα
831 2062 986 2126 θείας
1030 2063 1244 2132 φύσεως
1268 2062 1546 2114 κοινωνόν.
1576 2060 1745 2113 Πλέον
1784 2059 1840 2113 δὲ

243 2154 550 2206 ἐκοπίασαν
583 2156 632 2206 οἱ
675 2157 780 2224 πρὸ
811 2155 918 2223 τῆς
943 2155 1039 2207 τοῦ
1073 2153 1316 2224 Χριστοῦ
1354 2153 1678 2221 ἐπιδημίας,
1714 2151 1835 2203 καθ’

241 2244 272 2296 ὃ
319 2243 474 2296 οὔπω
512 2241 580 2316 ἦν
618 2247 739 2299 τότε
771 2249 799 2299 6
835 2246 1065 2308 θάνατος
1112 2247 1314 2310 λυθεὶς,
1354 2245 1474 2298 οὐδὲ
1527 2248 1554 2296 ὁ
1593 2242 1842 2305 διάϐολος

243 2336 564 2407 συνετρίϐη,
605 2338 720 2390 ἀλλ’
751 2337 831 2390 ἔτι
859 2338 958 2407 ἔζη
989 2341 1022 2407 ἠ
1058 2339 1326 2407 ἁμαρτία’
1359 2337 1523 2405 ἡμεῖς
1565 2337 1621 2388 δὲ
1656 2338 1842 2404 χάριτι

245 2428 487 2499 Χριστοῦ
517 2430 606 2482 διὰ
636 2429 730 2482 τοῦ
760 2429 1140 2499 βαπτίσματος
1170 2429 1578 2491 δικαιωθέντες,
1613 2428 1845 2497 δύναμιν

246 2519 604 2590 λαμϐάνομεν
652 2524 730 2582 εἰς
786 2524 846 2573 τὸ
893 2522 1118 2589 νικῆσαι
1174 2523 1267 2572 τὸν
1311 2521 1614 2572 ἀντίπαλον
1665 2522 1844 2590 ἡμῶν,

249 2610 352 2678 ἤδη
399 2611 817 2681 καταϐλιλθέντα
848 2618 942 2666 καί
977 2611 1360 2665 θανατωθέντα
1413 2611 1518 2662 ὑπὸ
1562 2611 1658 2664 τοῦ
1706 2612 1845 2682 Χρι-

252 2702 403 2754 στοῦ·
457 2703 594 2756 άλλά
627 2704 718 2754 καὶ
764 2705 904 2757 κατὰ
948 2707 1049 2772 τὴν
1096 2704 1375 2774 προτέραν
1422 2703 1744 2773 ἑρμηνείαν,
1799 2705 1847 2755 οἱ

249 2794 512 2865 νεώ;εροι
567 2797 985 2858 πιστεύσαντες,
1053 2794 1274 2847 πλείονα
1329 2795 1578 2862 κάματον
1637 2796 1850 2863 ἔχουσιν

252 2887 397 2959 ὑπὲρ
429 2891 552 2950 τοὺς
581 2890 638 2941 ἐν
668 2891 817 2959 γήρςι⁵
847 2887 1268 2959 προσελθόντας·
1301 2890 1328 2940 6
1354 2888 1454 2957 μὲν
1479 2888 1589 2956 γὰρ
1620 2889 1760 2949 νέος,
1791 2889 1853 2939 τὸ

252 2977 426 3047 βάρος
465 2980 560 3033 τοῦ
614 2981 787 3050 θυμοῦ
821 2979 917 3034 καὶ
964 2979 1054 3030 τὸν
1100 2978 1358 3030 καύσοᾳνα
1405 2977 1504 3043 τῆς
1556 2977 1854 3046 ἐπθυμίας

257 3069 538 3139 βαστάζει,
585 3070 841 3130 πολεμῶν
872 3073 984 3133 τοῖς
1019 3068 1268 3122 πάθεσιν
1301 3071 1329 3122 6
1358 3069 1416 3120 δὲ
1441 3071 1622 3139 γέρων
1654 3069 1711 3121 ὲν
1749 3085 1855 3136 γα-

256 3163 394 3234 λήνῃ
434 3166 664 3231 γίνεται.
724 3164 863 3216 Ἀλλ’
896 3167 1044 3232 ὅμως
1076 3163 1301 3226 πάντες,
1355 3163 1482 3231 μιᾶς
1518 3162 1728 3232 δωρεᾶς
1761 3162 1853 3214 τοῦ

256 3256 421 3325 ἁγίου
469 3257 784 3327 Πνεῦμα-τος
849 3256 1150 3320 ἀξιοῦνται.
1211 3255 1468 3307 Διδάσκει
1544 3250 1638 3306 οὖν
1699 3256 1851 3324 ἡμᾶς

265 3351 295 3418 ἡ
329 3349 638 3419 παραϐολὴ,
665 3349 755 3402 ὅτι
788 3348 995 3418 κάν-,τῷ
1023 3350 1174 3418 [ᾐρα
1212 3345 1331 3398 ἔστι
1364 3344 1713 3413 μεταγνῶναι
1763 3348 1855 3398 καὶ

259 3443 362 3511 τῆς
395 3443 672 3511 βασιλείας
721 3446 904 3512 τυχεῖν
928 3457 940 3469 °
989 3441 1150 3493 τοῦτο
1183 3441 1293 3511 γὰρ
1343 3442 1375 3509 ἡ
1407 3437 1670 3508 ἑνδεκάτη
1713 3437 1852 3509 ὥρα.

261 3534 341 3586 Οὑ
381 3536 712 3603 φθονήσουσι
750 3535 807 3586 δὲ
837 3534 888 3586 οἱ
935 3534 1084 3600 amo.
1138 3535 1250 3594 τοῖς
1301 3531 1370 3583 τὰ
1420 3531 1512 3582 ι’σα
1563 3529 1854 3597 λαϐοῦσιν;

268 3628 509 3694 Ἀπ..γε,
544 3627 680 3678 άλλὰ
706 3626 865 3678 τοῦτο
893 3625 1174 3677 δείκνυται
1207 3622 1482 3687 ἐντεῦθεν,
1512 3622 1594 3675 ὅτι
1618 3622 1859 3676 τοσαῦτα

263 3720 364 3771 καὶ
398 3718 704 3788 τηλικαῦτά
738 3721 844 3772 είσι
871 3719 940 3770 τὰ
973 3718 1230 3788 διδόμενα
1259 3717 1370 3778 τοῖς
1395 3713 1624 3778 δικαίοις
1652 3714 1856 3782 ἀγαθά,

266 3811 409 3864 ὣστε
447 3811 542 3864 καὶ
574 3811 768 3879 φθόνον
799 3814 1023 3881 κινῆσαι
1053 3811 1332 3867 δύνανται.

348 3922 366 3953 ι
422 3904 533 3955 Καὶ
586 3903 898 3957 ἀναϐαίνων
963 3908 992 3958 6
1061 3904 1273 3975 Ἰησοῦς
1341 3905 1423 3966 είς
1485 3903 1857 3974 Ἰεροσόλυμα,

268 3995 547 4064 παρέλαϐε
593 3997 720 4060 τοὺς
765 3996 975 4050 δώδεκα
1031 3997 1282 4068 μαθητὰς
1331 3998 1450 4051 κατ’
1502 3997 1639 4050 ίδίαν
1687 3998 1746 4048 ὲν
1791 3997 1859 4066 τῇ

268 4088 397 4158 ὁδῷ,
433 4091 528 4142 καὶ
566 4087 720 4143 εἶπεν
749 4092 955 4155 αὐτοῖς·
1005 4091 1137 4146 Ἰδοὺ
1177 4093 1544 4162 ἀναϐαίνομεν
1581 4095 1660 4154 είς
1700 4091 1864 4161 Ἰεροο

272 4181 506 4250 σόλυμα,
545 4185 640 4236 καί
685 4187 712 4237 6
766 4185 897 4247 Υἱὸς
939 4185 1035 4237 τοῦ
1081 4184 1379 4256 ἀνθρώπου
1419 4184 1863 4255 παραδοθήσεται

271 4277 387 4334 τοίς
446 4276 764 4345 ἀρχιερεῦσι
816 4278 914 4330 atat
965 4278 1005 4330 Γ
1011 4277 1388 4348 ραμματεῦσι,
1449 4279 1546 4331 καὶ
1591 4293 1863 4346 κατακρι-

274 4364 460 4420 νοῦσιν
490 4369 652 4421 αὑτὸν
677 4369 916 4440 θανάτῳ,
967 4371 1063 4423 καὶ
1095 4370 1516 4440 παραδώσουσιν
1557 4370 1721 4422 αὑτὸν
1751 4372 1864 4432 τοῖς

271 4455 484 4510 ἔθνεσιν
512 4461 591 4520 είς
624 4460 684 4512 τὸ
707 4461 996 4528 ἐμπαῖξαι,
1027 4464 1122 4514 καὶ
1160 4462 1526 4532 μαστιγῶσαι,
1563 4463 1658 4514 καὶ
1699 4478 1864 4514 σταυο

1943 1982 2131 2027 omnes
2159 1983 2316 2021 sumn
2352 1970 2658 2031 denarium,
2702 1972 2794 2039 qui
2825 1982 2908 2023 est
2938 1969 3176 2038 Spiritus
3206 1971 3381 2024 sancti
3422 1985 3546 2040 gra-

1947 2058 2041 2122 tia,
2085 2064 2482 2115 transl'ortnaus
2536 2062 2810 2116 hominem
2848 2066 2913 2114 ad
2964 2079 3120 2116 suum
3151 2063 3448 2128 exemplar,
3495 2072 3550 2114 et

1945 2149 2154 2206 faciens
2185 2152 2382 2207 divinae
2415 2164 2624 2206 natura:
2670 2155 3014 2222 participem.
3070 2155 3197 2206 Plus
3252 2166 3434 2206 autem
3467 2154 3546 2205 ιε·-

1946 2243 2276 2295 bornverunt
2319 2245 2410 2311 qui
2454 2251 2582 2296 ante
2607 2243 2814 2296 Christi
2873 2244 3166 2296 adventum
3203 2245 3445 2303 luerunt.
3484 2255 3551 2296 eo

1945 2335 2088 2402 quod
2119 2343 2243 2386 tunc
2287 2335 2524 2387 nondum
2559 2344 2679 2388 erat
2717 2350 2864 2388 mors
2898 2336 3094 2396 soluta,
3138 2349 3313 2402 neque
3359 2335 3549 2387 disho-

1951 2423 2034 2476 lus
2081 2423 2373 2487 contritus,
2431 2425 2525 2478 sed
2577 2425 2753 2477 adhuc
2810 2425 3022 2476 vivebat
3069 2431 3380 2491 peccatum.
3441 2420 3551 2472 Nos

1949 2525 2132 2570 autem
2155 2515 2329 2585 gratia
2363 2515 2566 2570 Christi
2597 2531 2694 2584 per
2727 2516 3054 2583 baptismum
3087 2513 3397 2582 juslilieuti,
3436 2514 3549 2565 ιιι·-

1953 2619 2123 2664 tutem
2174 2607 2477 2678 accipimus
2511 2608 2579 2662 ad
2635 2609 2964 2663 vincendum
3022 2606 3395 2660 adversarium
3449 2622 3550 2659 no—

1953 2699 2298 2777 struinkjam
2331 2700 2599 2770 dejectum
2623 2710 2677 2754 et
2701 2699 2947 2761 occisum
2975 2714 3002 2751 a
3033 2699 3273 2753 Christo.
3308 2695 3372 2749 Et
3398 2695 3553 2763 juxta

1955 2793 2192 2858 priorem
2247 2792 2778 2860 interpretationem,
2823 2792 2914 2860 qui
2972 2795 3204 2860 juvenes
3252 2792 3554 2856 credidere,

1956 2885 2218 2953 majorem
2253 2884 2496 2940 laborem
2531 2885 2759 2948 habent,
2784 2902 2948 2955 quam
2983 2887 3034 2941 hi
3063 2888 3151 2954 qui
3186 2888 3238 2939 in
3277 2893 3564 2940 senectute

1957 2980 2022 3030 ad
2059 2977 2218 3032 (idem
2243 2991 2617 3034 accesserunt.
2660 2978 2994 3034 Adolescens
3033 2982 3176 3033 enim
3213 2982 3423 3048 pondus
3470 2982 3567 3032 ira:

1957 3078 2011 3122 et
2040 3082 2233 3122 aestum
2270 3071 2728 3137 concupiscentia
2765 3077 2965 3138 gestat,
3005 3085 3225 3124 certans
3260 3089 3380 3124 cum
3431 3070 3564 3125 atl'e-

1960 3160 2256 3215 ctionibus.
2288 3160 2470 3216 Senex
2499 3173 2681 3217 autem
2716 3165 2768 3216 in
2801 3164 3102 3232 tranquillo
3147 3173 3229 3218 cst
3262 3181 3276 3216 :
3320 3174 3562 3217 attamen

1959 3267 2149 3306 omnes
2172 3267 2271 3308 nos
2305 3269 2472 3307 unum
2504 3255 2704 3307 donum
2735 3252 2973 3323 Spiritus
2997 3256 3168 3307 sancti
3195 3257 3561 3321 asseqnimur.

1961 3343 2131 3401 Docet
2173 3345 2455 3414 igiturnos
2482 3346 2646 3420 106
2683 3348 2964 3414 parabola,
3002 3348 3148 3417 quod
3191 3350 3243 3400 in
3278 3359 3562 3402 senectute

1959 3437 2124 3490 etiam
2159 3436 2285 3492 licet
2312 3437 2656 3506 resipiscere,
2681 3449 2736 3492 et
2769 3454 2994 3508 regnum
3023 3441 3290 3494 C(biOl‘llltl
3322 3442 3561 3508 assequi.

1962 3527 2089 3583 Haec
2145 3531 2289 3582 enim
2352 3530 2639 3584 undecima
2692 3534 2822 3584 liora
2882 3543 2988 3586 est.
3050 3532 3185 3586 Num
3248 3535 3567 3587 inridebunt

1962 3621 2139 3675 sancti
2173 3621 2256 3676 his
2289 3623 2393 3692 qui
2430 3625 2581 3692 paria
2619 3622 2939 3693 accipiunt?
2968 3624 3145 3690 Absit,
3195 3625 3291 3679 sed
3325 3625 3569 3678 ostendit

1963 3711 2054 3768 hic
2091 3715 2234 3782 quod
2271 3721 2423 3769 tanta
2463 3725 2517 3768 et
2556 3717 2686 3770 talia
2731 3727 2858 3770 sunt
2905 3719 3043 3770 bona
3080 3731 3200 3785 qua:
3243 3718 3442 3770 dantur
3482 3716 3572 3783 ju-

1963 3804 2086 3870 stis,
2122 3813 2181 3859 ut
2215 3816 2270 3860 et
2301 3807 2562 3861 invidiam
2605 3807 2847 3862 excitare
2871 3810 3103 3877 possint.

2043 3895 2210 3953 Vens.
2263 3897 2454 3953 ιε-ειι.
2475 3917 2514 3960 ,ι
2553 3899 2616 3953 Ει
2640 3903 2944 3956 ascendens
2977 3900 3139 3958 Jesus
3164 3902 3572 3976 Hierosolyma,

1967 3990 2270 4060 assumpsit
2300 3992 2588 4047 duodecim
2621 3993 2920 4062 discipulos
2954 4009 3084 4050 suos
3115 3997 3260 4051 solos
3292 3998 3344 4051 in
3382 4000 3489 4061 via,
3520 4007 3574 4052 et

1966 4084 2045 4138 ait
2080 4083 2186 4138 illis
2217 4102 2232 4138 :
2267 4085 2411 4139 Ecce
2435 4088 2854 4142 conscendimus
2883 4086 3284 4160 Hierosolyma,
3318 4104 3372 4145 et
3404 4091 3572 4148 Filius

1969 4173 2209 4228 hominis
2233 4176 2482 4230 tradetur
2510 4177 2852 4246 principibus
2876 4181 3220 4234 sacerdotum
3252 4198 3318 4235 ac
3342 4183 3570 4248 Scribis,

1971 4277 2026 4320 et
2060 4267 2504 4323 condemnabunt
2537 4284 2664 4323 cum
2700 4279 2896 4332 morte,
2928 4281 2983 4326 et
3035 4274 3249 4326 tradent
3281 4293 3402 4327 eum
3443 4293 3575 4344 gen-

1973 4363 2119 4418 tibus
2149 4363 2217 4418 ad
2244 4363 2605 4428 illudendum,
2634 4373 2688 4417 et
2716 4363 3127 4434 ﬂagellandum,
3163 4377 3218 4421 et
3245 4375 3574 4440 crueitigen-

1970 4453 2120 4517 dum,
2153 4464 2210 4507 et
2233 4454 2394 4508 tertio
2449 4455 2540 4508 die
2579 4467 2852 4523 resurget.
2894 4454 3046 4511 Tunc
3083 4461 3317 4513 accessit
3351 4467 3415 4514 ad
3449 4481 3573 4516 eum

274 4548 474 4620 ρῶσαι,
506 4551 682 4621 καὶτῇ
714 4554 874 4624 τρίτῃ
897 4554 1083 4625 ἡμέρᾳ
1105 4555 1493 4624 ἀναστήσεται.
1526 4554 1569 4605 Τ
1573 4557 1660 4605 οτε
1692 4569 1837 4622 προσ

1976 4557 2148 4599 mater
2191 4544 2426 4599 liliorum
2464 4545 2712 4602 Zebedari
2746 4563 2870 4601 cum
2913 4549 3037 4602 (iliis
3071 4554 3206 4613 suis,
3256 4555 3492 4607 adorans
3525 4569 3579 4609 et

273 4637 439 4707 ἦλθεν
466 4641 616 4709 αὐτῷ
643 4643 678 4713 ἡ
710 4643 898 4713 μήτηρ
930 4644 1044 4698 τῶν
1093 4644 1230 4698 υίῶν
1262 4645 1552 4713 Ζεϐεδαίου
1590 4645 1725 4715 μετὰ
1758 4645 1865 4697 τῶν

275 4730 413 4783 υίῶν
445 4732 639 4803 αὐτῇς,
690 4736 1076 4804 προσκυνοῦσα
1123 4738 1220 4790 καὶ
1252 4737 1482 4790 αἰτοῦσά
1515 4754 1565 4790 τι
1602 4735 1729 4803 παρ’
1765 4737 1867 4790 αὺ-

273 4823 395 4879 τοῦ.
441 4826 499 4879 Ὀ
526 4825 584 4879 δὲ
614 4821 769 4879 εἶπεν
798 4831 961 4898 αὑτῇο
993 4829 1057 4880 Τί
1089 4829 1268 4893 θέλεις
1294 4847 1309 4896 ;
1334 4830 1503 4898 Λέγει
1531 4829 1702 4899 αὐτῷ’
1737 4828 1869 4881 Eine

279 4917 370 4970 ἵνα
400 4918 700 4972 καθίσωσιν
727 4913 877 4975 οὗτοι
907 4922 959 4975 oi
990 4921 1086 4975 δύο
1119 4923 1226 4976 υίοί
1261 4940 1388 4993 μου,
1447 4917 1526 4986 εἷς
1565 4925 1629 4975 ἐκ
1680 4920 1871 4986 δεξιῶν

280 5026 375 5063 σου
417 5015 511 5065 καὶ
546 5007 627 5075 εἷς
658 5013 720 5077 ἐξ
749 5015 1048 5083 εὐωνύμων
1086 5005 1192 5068 σου
1216 5017 1274 5069 ἐν
1306 5019 1374 5086 τῇ
1407 5014 1657 5086 βασιλεία
1695 5031 1811 5066 σου.
1847 5032 1866 5064 ι

295 5101 581 5171 Ἐνόμιζον
611 5106 661 5158 οί
689 5105 784 5157 τοῦ
817 5105 1131 5170 Ζεϐεδαίου,
1169 5106 1251 5158 ὅτι
1282 5109 1377 5158 ἐὰν
1407 5106 1618 5176 ἁπέλοῃ
1649 5108 1730 5169 είς
1768 5105 1870 5158 Ἰε-

280 5195 558 5266 ροσόλυμα
591 5200 620 5249 6
642 5199 871 5264 Κύριος,
906 5197 1216 5268 βασιλεύσει
1267 5198 1534 5268 αἰσθητὴν
1567 5197 1870 5267 βασιλείαν⁶

281 5288 482 5356 ἧκουον
513 5291 622 5358 γάρ
663 5289 842 5362 αὐτοῦ,
861 5289 1102 5358 συνεχῶς
1133 5289 1405 5357 λέγοντος,
1439 5291 1520 5342 ὅτι
1561 5289 1873 5344 Ἀναϐαίνο·

283 5396 386 5450 μεν
409 5381 488 5442 είς
527 5378 897 5451 ’1εροσὸ).υμα’
951 5382 1154 5435 ἔπαθον
1179 5379 1272 5436 οὖν
1306 5379 1651 5453 ἀνθρώπινόν
1676 5398 1749 5445 τι,
1779 5382 1875 5434 καὶ

281 5472 607 5542 προσελθεῖν
634 5478 732 5541 τὴν
765 5477 978 5545 μητέρα
1003 5475 1306 5540 πείθουσιν,
1343 5475 1501 5527 αὐτοὶ
1539 5474 1876 5544 εὐλαϐούμε-

282 5580 365 5616 νοι
401 5567 457 5614 ιν
483 5563 562 5633 τῷ
585 5565 806 5634 φανερῴ
841 5566 1180 5636 προσελθεῖν·
1211 5566 1395 5636 κρύφα
1429 5567 1539 5636 γάρ
1567 5565 1877 5635 προσῆλθον

281 5653 379 5708 καὶ
403 5653 579 5719 αὐτοὶ,
611 5655 686 5717 ὼς
725 5657 753 5706 6
780 5656 1006 5726 Μάρκος
1037 5658 1206 5724 λέγει·
1247 5658 1382 5727 φησὶ
1408 5657 1540 5726 γαρ,
1573 5657 1656 5709 ὅτι
1704 5671 1878 5725 προσ-

283 5747 609 5816 πορεύονται
652 5750 801 5816 nemp
861 5750 1115 5812 Ἰάκωϐος
1155 5754 1251 5804 καὶ
1307 5750 1584 5822 Ἰωάννης,
1625 5749 1748 5803 ἀντὶ
1783 5746 1879 5802 τοῦ

286 5839 463 5913 λάθρα
499 5844 594 5896 καὶ
627 5844 734 5914 ἰδίρ⁸
764 5844 1187 5915 προσέρχονται.
1214 5838 1219 5845 ’

616 5941 887 6003 Ριιτιιοι..
923 5941 1044 6004 GI.
1091 5941 1372 6005 CXXllI.

1976 4649 2166 4705 petens
2195 4637 2402 4708 aliquid
2434 4639 2626 4699 abeo.
2656 4641 2727 4693 At
2757 4639 2852 4695 ille
2874 4643 3014 4697 dixit
3045 4643 3093 4697 ei
3122 4661 3138 4699 ι
3168 4645 3308 4720 Quid
3339 4650 3462 4700 vis?
3490 4651 3582 4702 Ait

1977 4731 2050 4786 illi
2079 4750 2093 4786 :
2128 4730 2226 4786 Dic
2262 4742 2327 4786 ut
2363 4723 2589 4788 sedeant
2623 4736 2676 4788 hi
2699 4735 2807 4790 duo
2839 4735 2931 4791 ﬁlii
2969 4738 3097 4800 mel,
3132 4754 3270 4793 unus
3313 4755 3342 4792 a
3373 4742 3582 4796 dextris

1979 4825 2104 4889 tuis,
2132 4837 2188 4879 et
2218 4831 2357 4879 alter
2385 4828 2450 4881 ad
2475 4827 2757 4882 sinistram
2795 4839 2950 4883 tuam
2970 4832 3022 4884 in
3059 4847 3224 4900 regno
3249 4843 3360 4889 tuo.
3407 4854 3425 4884 ι
3453 4837 3583 4904 Opis

1979 4920 2256 4974 nabantur
2306 4920 2398 4976 lilii
2456 4920 2708 4977 Zebedaei
2762 4925 2907 4993 quod
2959 4930 3165 4981 vadens
3205 4925 3582 4998 Hierosolyma

1981 5012 2246 5068 Dominus
2276 5025 2606 5083 regnaturus
2629 5025 2776 5070 esset
2809 5033 2976 5086 regno
3006 5024 3241 5087 quodam
3273 5024 3579 5090 temporali.

1978 5102 2282 5158 Audierant
2315 5105 2463 5160 enim
2492 5123 2615 5162 eum
2644 5123 2787 5178 szepe
2820 5109 3119 5177 dicentem,
3151 5110 3584 5171 Consccmiimus

1982 5195 2384 5269 llierosclyma.
2422 5199 2576 5254 Passi
2619 5213 2807 5256 autem
2842 5213 2968 5257 sunt
3010 5205 3308 5259 humanum
3339 5209 3492 5276 quid,
3531 5221 3586 5263 et

1981 5300 2041 5342 ut
2092 5299 2266 5346 mater
2296 5293 2526 5346 accedat
2567 5293 2919 5363 persuadent,
2969 5295 3070 5363 ipsi
3111 5298 3330 5350 reveriti
3368 5300 3420 5352 in
3468 5317 3584 5354 ma-

1983 5382 2185 5439 niiesto
2229 5389 2494 5440 accedere
2539 5401 2555 5440 :
2613 5385 2862 5442 clanculo
2913 5387 3063 5442 enim
3121 5401 3476 5444 accesserunt
3529 5400 3583 5446 et

1985 5476 2110 5544 ipsi,
2148 5487 2206 5530 ut
2248 5475 2468 5531 Marcus
2516 5477 2670 5531 dicit.
2723 5476 3008 5533 Accedunt
3056 5481 3225 5546 enim,
3275 5481 3469 5549 inquit,
3514 5482 3581 5534 ad

1984 5584 2106 5624 etim
2140 5567 2379 5624 Iacobus
2412 5580 2467 5626 et
2493 5570 2758 5638 Joannes,
2787 5572 2888 5627 hoc
2918 5585 3022 5648 est,
3054 5576 3310 5644 privatim
3343 5585 3398 5631 et
3430 5590 3586 5631 seor-

1984 5674 2106 5714 sum
2143 5661 2410 5716 accedunt
2439 5663 2506 5715 ad
2534 5679 2681 5718 eum.

3068 5941 3146 6006 ﬂ
