4288 6444
292 406 411 471 365

961 406 1416 468 ΕΝΛΚΗΑΤΙΟ
1463 404 1540 464 ΙΝ
1579 398 2094 477 ιιλιἈΝῡιιιιυῑιι
2136 398 2530 458 ΜΑῚΤΗΑΞΙ.
2572 421 2611 427 ·-
2673 399 2834 458 CAP.
2877 400 3002 458 XX.

3499 402 3618 465 «366

295 524 582 594 ριιιὶουσ;ν
645 524 844 584 αὐτῶν.
884 525 975 577 καὶ
1016 527 1065 577 ei
1100 521 1328 592 μεγάλοι
1388 517 1902 584 κατεξουσιάζουσιν

2007 515 2286 568 minentur
2316 513 2420 567 illis
2447 529 2460 565 :
2491 524 2546 567 et
2581 513 2670 583 qui
2703 515 2884 584 magni
2916 523 3066 578 sunt,
3097 523 3422 584 pelestatem
3460 533 3620 574 exer-

292 616 408 670 αειτ
457 633 507 669 ν.
537 617 650 686 Οὐχ
677 617 848 678 οὕτως
883 616 1037 669 ἔσται
1068 619 1124 665 ἐν
1159 616 1308 676 νέμιῖν,
1345 611 1532 674 αλλ’ὃς
1557 611 1652 664 ἐὰν
1682 609 1813 678 θέλῃ
1841 610 1899 660 ὲν

294 708 434 777 ὑμῖν
470 709 644 776 μέγας
665 705 946 775 γενέσθαι,
993 706 1148 759 ἐσται
1184 706 1338 775 ὑμῶν
1385 705 1659 767 διάκονος,
1695 703 1792 755 καὶ
1839 701 1900 764 ὃς

291 799 398 852 ἐὰν
429 796 560 872 θέλῃ
593 801 652 850 ὲν
685 800 816 868 ὑμῖν
843 793 984 851 εἶναι
1021 798 1260 868 πρῶτοί,
1305 797 1462 848 ἔσται
1493 794 1650 865 ὑμῶν
1691 794 1896 856 δοῦλος’

291 888 491 961 ὥσπερ
513 893 542 943 ό
577 891 702 954 Υίδς
720 889 814 942 τοῦ
846 889 1141 962 ἀνθρώπου
1194 890 1293 942 οὐκ
1319 885 1453 959 ἦλθε
1481 886 1896 957 διακονηθῆναι,

291 983 436 1038 ἀλλὰ
469 983 810 1053 διακονῆσαι,
859 985 956 1037 καὶ
995 983 1181 1035 δοῦναι
1234 984 1330 1053 τὴν
1379 981 1561 1052 ψυχὴν
1609 979 1776 1034 αὑτοῦ
1807 979 1898 1032 λύ-

288 1092 427 1145 τρον
482 1078 603 1128 ἀντὶ
653 1076 884 1130 πολλῶν.
926 1097 944 1127 ι
998 1078 1126 1131 Ὀτε
1175 1071 1315 1128 εἶδον
1353 1075 1400 1127 οξ
1450 1076 1585 1128 δέκα
1633 1073 1762 1137 τοὺς
1803 1072 1901 1126 δύο

291 1167 723 1237 ἐπιτιμηθέντας
773 1172 924 1237 παρὰ
968 1167 1062 1221 τοῦ
1105 1166 1370 1238 Χριστοῦ,
1433 1169 1558 1220 τότε
1609 1167 1704 1219 καὶ
1743 1165 1899 1218 αὐτοὶ

290 1260 687 1327 ἀγανακτοῦσι,
722 1263 817 1314 καὶ
842 1259 1052 1325 ἔδειξαν
1083 1261 1166 1314 ὅτι
1203 1263 1296 1314 καὶ
1331 1261 1675 1331 προήχθο-ιτο
1709 1260 1803 1313 ἐπὶ
1832 1261 1898 1329 τῇ

287 1352 499 1403 τούτων
551 1354 706 1422 τιμῇ.
757 1353 879 1404 Ἔτι
913 1353 1019 1424 γὰρ
1070 1349 1213 1424 ἦσαν
1254 1353 1490 1416 ἀτελεῖς·
1552 1355 1603 1408 οί
1651 1354 1751 1424 μὲν
1787 1354 1899 1425 γὰρ

290 1441 754 1508 κατεξανέσταντο
785 1445 896 1498 τῶν
928 1444 1081 1498 δέκα·
1120 1447 1173 1498 oi
1202 1447 1260 1500 δὲ
1323 1447 1587 1516 ἐφθόνουν
1623 1449 1736 1509 τοῖς
1779 1446 1896 1500 δύο.

303 1533 459 1587 Ἐπεὶ
495 1533 588 1588 οὖν
622 1538 670 1588 οί
702 1536 836 1590 δέκα
875 1537 1215 1602 ἀκούσαντες
1246 1537 1688 1609 ἐθορυϐήθησαν,
1725 1552 1900 1607 προσ-

289 1627 544 1681 καλεῖται
591 1630 812 1695 αὐτοὺς,
859 1634 926 1703 τῇ
960 1631 1154 1702 κλήσει
1185 1632 1293 1702 πρὸ
1324 1632 1434 1685 τῶν
1466 1631 1646 1699 λόγων
1697 1632 1899 1695 αὐτοὺς

289 1721 721 1792 καταπραΰνων.
763 1725 873 1778 Καὶ
908 1724 1018 1795 γὰρ
1057 1725 1108 1777 οί
1156 1725 1253 1778 τοῦ
1306 1725 1599 1779 Ζεϐεδαίου
1651 1726 1902 1796 ἁττορρα-

286 1811 481 1880 γέντες
510 1813 621 1866 τῶν
652 1813 852 1881 ἄλλων,
886 1816 1130 1885 ὡμίλουν
1159 1816 1330 1888 αὐτῷ’
1363 1818 1532 1871 πᾶσιν
1573 1815 1669 1871 οὖν
1705 1816 1899 1880 κοινῶς

2011 615 2172 662 ceant
2201 608 2252 660 in
2283 621 2398 660 eas.
2435 606 2552 661 Non
2587 608 2658 660 ita
2687 607 2789 661 erit
2823 607 2965 661 inter
2997 620 3115 674 vos,
3159 607 3255 664 sed
3301 611 3616 680 quicunque

2008 697 2245 753 voluerit
2286 699 2427 753 inter
2475 713 2572 755 vos
2608 715 2837 770 magnus
2887 700 3027 763 ﬁeri,
3064 702 3170 754 erit
3219 712 3404 757 vester
3451 704 3616 757 mini-

2008 799 2126 846 ster
2153 809 2166 844 :
2201 799 2256 845 et
2286 791 2379 860 qui
2409 791 2643 847 voluerit
2674 791 2815 846 inter
2836 807 2944 847 vos
2977 795 3186 861 primus
3215 808 3360 860 esse,
3388 795 3495 849 erit
3523 812 3618 850 ve-

2007 891 2122 938 ster
2164 896 2361 938 servus
2395 899 2410 937 :
2441 885 2584 939 sicut
2617 882 2790 938 Fdius
2828 884 3067 939 hominis
3097 899 3205 938 non
3235 885 3384 940 venit
3424 895 3481 939 ιιι
3511 886 3616 940 sibi

2008 975 2436 1040 ministraretur,
2468 976 2563 1030 sed
2597 986 2657 1031 ut
2700 978 2815 1046 ipse
2849 978 3209 1044 ministraret,
3260 989 3427 1046 atque
3461 981 3619 1034 daret

2007 1066 2248 1120 animam
2269 1082 2424 1122 suam
2460 1068 2888 1139 redemptionem
2913 1085 3011 1140 pro
3031 1071 3237 1126 multis.
3268 1091 3285 1124 ι
3328 1073 3430 1128 Ubi
3466 1073 3617 1126 vidr-

2008 1171 2128 1212 rnnt
2165 1161 2350 1213 decem
2383 1161 2519 1216 duos
2549 1162 2669 1216 illus
2697 1178 2726 1214 a
2758 1164 2978 1217 Christo
3012 1164 3345 1231 ittgtrrpatns,
3392 1175 3519 1219 tunc
3555 1174 3609 1218 et

2005 1252 2106 1320 ipsi
2142 1252 2407 1320 indignati
2442 1263 2594 1318 sunt,
2622 1262 2677 1308 et
2725 1259 3085 1309 ostenderunt
3115 1271 3172 1308 se
3201 1266 3508 1310 eonnuotos
3537 1258 3609 1311 ob

2006 1348 2234 1400 istorum
2286 1345 2573 1401 honorem.
2617 1348 2809 1402 Adhuc
2863 1348 3012 1402 enim
3062 1361 3217 1401 erant
3252 1351 3557 1418 imperfecti
3598 1370 3612 1405 :

2005 1455 2128 1492 nam
2161 1439 2235 1493 illi
2273 1441 2535 1495 adversus
2569 1442 2755 1496 decem
2793 1441 3170 1508 insurgebanl,
3217 1443 3268 1495 hi
3313 1458 3444 1497 vero
3476 1443 3613 1498 duo-

2005 1531 2106 1585 bus
2137 1529 2474 1586 invidebant.
2529 1531 2825 1602 Postquam
2871 1533 3036 1602 igitur
3064 1535 3253 1586 dce-tn
3299 1534 3383 1589 his
3415 1535 3620 1588 auditis

2006 1623 2208 1676 turbati
2258 1621 2500 1688 fuerunt,
2535 1624 2764 1679 arcessit
2811 1624 2954 1688 illos,
2999 1626 3286 1678 vocatione
3331 1636 3461 1681 ante
3500 1642 3622 1682 ser—

2006 1734 2226 1774 monem
2258 1733 2354 1774 eos
2395 1717 2736 1772 demulcens.
2784 1715 3002 1770 Etenim
3035 1717 3128 1770 lilii
3163 1717 3413 1773 Zehedzci
3442 1719 3619 1774 avulsi

2005 1813 2074 1867 ab
2106 1811 2229 1867 aliis
2262 1813 2736 1867 conversabantur
2771 1824 2895 1864 cum
2949 1810 3087 1879 ipso.
3122 1809 3390 1866 Omnibus
3434 1813 3620 1884 itaque

287 1903 498 1973 ὁμιλεῖ.
542 1905 711 1970 Εἰδὼς
764 1909 873 1980 γὰρ
922 1910 1251 1979 τυραννικὸν
1293 1910 1356 1963 τὸ
1404 1910 1771 1981 φιλόπρωτον,
1804 1910 1902 1963 καὶ

2007 1905 2169 1962 simul
2199 1906 2462 1974 loquitur.
2490 1903 2683 1958 Sciens
2709 1905 2856 1960 enim
2902 1919 3066 1972 quam
3102 1905 3173 1958 sit
3222 1907 3532 1976 tyrannica,
3564 1916 3620 1963 et

293 2003 662 2074 σφοδροτέρας
724 2003 982 2072 δεόμενον
1061 2002 1303 2072 πληγῆς,
1365 2002 1667 2074 βαθύτερον
1717 2004 1899 2059 αὐτῶν

292 2095 638 2151 καθικνεῖται
666 2100 746 2159 είς
767 2098 867 2166 τὴν
898 2097 1010 2150 τῶν
1036 2097 1271 2150 ἐθνικῶν
1299 2098 1396 2151 καὶ
1424 2099 1675 2152 ἀπίστων
1698 2103 1900 2170 μοῖραν

291 2188 494 2250 αὐτοὺς
520 2188 905 2261 ἀπορρίπτων,
924 2189 974 2241 εί
1002 2187 1300 2256 φιλοδοξεῖν
1326 2189 1552 2244 θέλοιεν.
1585 2191 1694 2242 Καὶ
1724 2188 1899 2255 οὕτως

291 2278 497 2341 αὐτοὺς
532 2280 819 2349 ἐντρέπει.
861 2282 1111 2348 φάσκων
1154 2283 1218 2334 Ol
1251 2281 1352 2352 μὲν
1393 2282 1542 2335 ἄλλοι
1592 2281 1894 2353 ἄνθρωποι,

291 2370 431 2427 διότι
478 2374 736 2444 ἄρχουσι,
795 2373 1261 2446 λαμπρύνονταν
1337 2376 1430 2429 καὶ
1480 2378 1542 2429 τὸ
1592 2379 1723 2448 ὲρᾷν
1788 2378 1898 2429 τῶν

293 2464 604 2534 πρωτείων,
637 2464 749 2517 τῶν
787 2465 1022 2520 ἐθνικῶν
1049 2469 1168 2520 ἐστι
1206 2468 1402 2532 πάθος·
1444 2472 1490 2521 οἱ
1521 2470 1580 2523 δὲ
1631 2471 1756 2538 ἐμοὶ
1793 2490 1898 2540 μα-

291 2556 476 2628 θηταὶ,
508 2559 615 2612 ἀπὸ
642 2560 1030 2624 ταπεινώσεως
1077 2561 1368 2632 τιμῶντας
1403 2562 1546 2616 ὥστε
1580 2566 1675 2615 καὶ
1708 2566 1735 2616 ό
1780 2565 1898 2633 μεί-

293 2645 403 2712 ζων
431 2647 605 2702 θέλων
638 2646 804 2717 εἶναι,
836 2649 1045 2719 ὀφείλει
1095 2651 1368 2706 διακονεῖν
1415 2657 1528 2717 τοῖς
1572 2654 1863 2708 ὑποδεεστέ

295 2756 433 2810 ροις.
465 2741 604 2812 ὅπερ
633 2744 730 2814 τῆς
761 2742 938 2816 ἄκρας
976 2746 1094 2797 ἐστὶ
1109 2746 1520 2810 ταπεινώσεως.
1558 2749 1646 2802 Ἐν
1674 2749 1897 2820 ἐμαυτῴ

289 2835 350 2889 δὲ
371 2833 534 2888 τοῦτο
561 2836 834 2907 δείκνυμι,
862 2837 920 2901 ὃς
950 2839 1138 2911 ἄρχων
1179 2840 1256 2893 ὢν
1284 2843 1376 2894 καὶ
1407 2841 1665 2912 βασιλεὺς
1695 2861 1726 2896 τ
1777 2862 1805 2894 ν
1840 2846 1896 2897 ὲν

292 2925 566 2996 οὐρανοῖς,
598 2927 940 2984 ἑταπείνωσα
973 2931 1234 3000 ἐμαυτὸν,
1266 2934 1611 3004 διακονήσων
1655 2935 1786 3005 ὑμῖν
1817 2938 1896 2998 εἰς

290 3018 393 3091 τὴν
423 3021 703 3092 σωτηρίαν
726 3038 742 3050 ο
783 3023 880 3075 καὶ
909 3023 1169 3078 τοσοῦτον
1210 3025 1518 3081 δουλεύσων
1566 3028 1719 3099 ὑμῖν,
1753 3029 1896 3084 ὥστε

291 3110 390 3163 καὶ
419 3112 518 3183 τὴν
544 3112 722 3183 ψυχὴν
749 3112 932 3170 δοῦναι
960 3114 1158 3185 λύτρον
1189 3117 1314 3170 ἀντὶ
1348 3118 1585 3184 πολλῶν,
1622 3122 1894 3186 τουτέστι,

292 3203 538 3258 πάντων·
581 3208 630 3258 οἱ
655 3207 762 3278 γὰρ
789 3206 1013 3273 πάντες,
1043 3208 1251 3266 πολλοί.

367 3402 387 3436 ι
429 3385 540 3441 Καὶ
591 3386 1050 3458 ἐκπορευομένων
1081 3391 1262 3448 αὐτῶν
1312 3393 1422 3446 ἀπὸ
1486 3395 1718 3466 Ἱεριχὼ,
1758 3398 1893 3465 ἡκοο

288 3476 558 3548 λούθησιν
605 3481 759 3552 αὐτῷ
796 3481 952 3552 ὄχλος
1002 3485 1191 3549 πολύς.
1242 3488 1351 3539 Καὶ
1391 3488 1502 3541 ίδοὶι
1559 3490 1654 3542 δύο
1700 3495 1894 3560 τυφλοὶ

288 3570 592 3642 καθήμενοι
641 3577 797 3647 παρὰ
841 3575 940 3646 τὴν
978 3577 1118 3642 ὁδὸν,
1158 3578 1496 3646 ἀκούσαντες
1542 3585 1625 3636 ὅτι
1685 3583 1893 3653 Ἰησοῦς

286 3666 553 3736 παράγει,
585 3666 826 3739 ἔκραξαν
871 3669 1148 3739 λέγοντες
1189 3673 1449 3745 Ἐλέησον
1491 3676 1665 3744 ἡμᾶς,
1694 3676 1892 3747 Κύριε,

285 3758 406 3821 υίὸς
449 3760 634 3813 Δαυῖδ.
678 3760 736 3814 '0
765 3762 821 3816 δὲ
863 3763 1020 3833 δχλος
1065 3766 1402 3839 ἐπετίμησεν
1424 3768 1610 3832 αὐτοῖς
1648 3769 1734 3822 ἵνα
1763 3787 1892 3822 σιω-

286 3851 563 3922 πήσωσιν.
596 3854 660 3906 Oi
688 3854 744 3906 δὲ
785 3856 972 3926 μεῖζον
1018 3857 1276 3927 ἔκραζον,
1307 3859 1583 3928 λέγοντεςο
1635 3861 1892 3933 Ἐλέησον

286 3943 465 4016 ἡμᾶς,
496 3944 692 4017 Κύριε,
731 3947 842 4009 υίὸς
873 3949 1059 4005 Δαυῖδ.
1087 3950 1201 4003 Καὶ
1219 3953 1351 4014 στας
1375 3954 1405 4005 ό
1441 3954 1648 4024 Ἰησοῦς
1676 3956 1892 4025 ἐφώνη-

286 4053 384 4089 σεν
410 4039 630 4105 αὐτοὺς,
657 4041 753 4093 καὶ
789 4037 935 4095 εἷπε·
975 4042 1042 4095 Τί
1084 4043 1269 4100 θέλετε
1315 4049 1530 4116 ποιήσω
1581 4048 1711 4117 ὑμῖν
1738 4065 1754 4111 ;
1784 4050 1891 4102 Λέ-

285 4145 477 4196 γουσιν
500 4131 670 4202 αὐτῷ’
705 4133 901 4208 Κύριε,
942 4135 1027 4190 ἵνα
1054 4138 1382 4209 ἀνοιχθῶσιν
1419 4141 1577 4213 ήμῶν
1611 4144 1662 4194 οί
1690 4142 1892 4212 όφοαλ-

286 4222 405 4292 μοι·
451 4223 884 4297 Σπλαγχνισοεὶς
913 4229 970 4282 δὲ
1006 4233 1032 4285 ὁ
1077 4231 1310 4302 Ἰησοῦς,
1339 4233 1519 4306 ἥψατο
1553 4236 1660 4290 τῶν
1687 4235 1892 4305 ὀρθαὶ.-

286 4313 410 4386 μῶν
436 4317 641 4385 αὐτῶν,
673 4322 768 4373 καὶ
795 4321 1000 4384 εὐθέως
1050 4325 1355 4397 ἀνέϐλεψαν
1391 4328 1575 4382 αὐτῶν
1608 4331 1656 4382 οἱ
1691 4331 1893 4399 ὀφθαλ-

287 4409 410 4478 μοὶ,
439 4413 537 4463 καὶ
572 4414 953 4487 ἠκολούθησαν
988 4417 1161 4490 αὐτῷ.
1222 4439 1240 4470 ι
1311 4420 1444 4474 Ἀπὸ
1486 4423 1583 4492 τῆς
1620 4425 1810 4494 φήμης
1843 4425 1893 4478 οί

283 4503 482 4571 τυφλοὶ
529 4506 753 4572 γνόντες
803 4510 894 4565 τὸν
945 4509 1174 4582 Κύριον,
1214 4513 1510 4584 ἐδράξαντο
1540 4516 1631 4569 τοῦ
1671 4518 1948 4584 καιροῦ,“·-ί

2003 1999 2153 2070 gravi
2191 1999 2430 2069 indigeat
2462 1997 2905 2067 reprehensionis
2934 2002 3114 2068 plaga,
3155 1999 3403 2065 ambitio,
3433 2001 3616 2058 acrius

2002 2108 2098 2147 eos
2127 2091 2474 2162 perstringit,
2507 2100 2562 2144 et
2608 2087 2794 2157 abiicit
2826 2103 2924 2144 eos
2974 2091 3026 2143 in
3061 2089 3363 2145 intidelium
3392 2103 3448 2146 et
3479 2106 3616 2161 gen-

2005 2185 2178 2238 tilium
2207 2185 2541 2254 portiouem,
2577 2181 2796 2247 siinaui
2820 2181 3007 2251 glorim
3034 2185 3261 2238 studere
3291 2185 3567 2244 voluerint
3595 2205 3608 2238 :

2001 2287 2056 2330 ct
2091 2276 2173 2330 sic
2213 2291 2310 2331 eos
2344 2277 2702 2342 adhortatur,
2741 2276 2928 2328 dicens
2964 2292 2981 2328 :
3027 2276 3126 2330 Alii
3163 2277 3380 2345 quidem
3440 2279 3619 2334 homi—

2004 2386 2124 2436 nes,
2157 2371 2284 2440 quia
2326 2377 2541 2438 reguut,
2587 2370 2718 2423 clari
2755 2379 2882 2423 sunt
2916 2387 2929 2422 :
2966 2378 3022 2423 ct
3067 2385 3258 2425 amare
3290 2372 3614 2441 primatum,

2003 2464 2286 2533 grntilium
2313 2473 2396 2519 est
2426 2462 2680 2527 aﬂ'ectio;
2717 2477 2866 2515 meos
2895 2474 3077 2516 autem
3112 2464 3410 2534 discipulos
3435 2467 3618 2521 humi,

2004 2559 2126 2610 lilas
2159 2557 2535 2620 cotmuendat,
2567 2565 2622 2610 et
2660 2554 3013 2610 honorabiles
3044 2556 3178 2611 facit
3208 2577 3221 2611 :
3269 2568 3434 2628 atque
3481 2562 3620 2613 adeo

2002 2651 2092 2720 qui
2125 2650 2302 2721 major
2327 2664 2454 2704 esse
2480 2649 2735 2712 voluerit,
2769 2649 2952 2715 debet,
2991 2649 3078 2705 his
3107 2650 3197 2716 qui
3222 2666 3362 2720 opus
3392 2653 3615 2718 habent,

2006 2745 2347 2809 u..uistraro,
2406 2743 2459 2797 id
2503 2743 2648 2813 quod
2698 2744 2989 2812 praecipuae
3039 2745 3371 2801 humilitatis
3405 2759 3512 2814 est,
3559 2759 3617 2802 et

2011 2856 2112 2893 nuc
2140 2841 2192 2893 in
2233 2838 2442 2903 meipso
2473 2835 2704 2891 ostendo
2733 2851 2746 2887 :
2787 2849 2910 2889 cum
2942 2837 3088 2894 enim
3118 2839 3220 2893 sint
3259 2841 3517 2910 princeps
3563 2851 3618 2896 et

2009 2954 2099 2991 rex
2139 2939 2471 3002 ctelestinm,
2510 2936 2793 2990 humiliari
2826 2936 3230 3004 memetipsum,
3265 2936 3339 2988 ita
3375 2945 3434 2988 ιιι
3463 2938 3617 2991 vobis

2009 3029 2314 3082 ministrum
2361 3028 2428 3083 ad
2463 3027 2731 3092 salutem;
2775 3026 2939 3097 108
2986 3036 3040 3080 et
3090 3028 3144 3079 in
3196 3033 3408 3079 tantum
3452 3025 3616 3079 mini-

2005 3134 2172 3178 sti-em
2200 3123 2376 3187 vobis,
2401 3132 2459 3174 ut
2483 3129 2538 3174 ct
2565 3121 2804 3174 animant
2830 3113 3012 3173 meam
3047 3134 3245 3186 ponam
3285 3120 3620 3188 redemptio»

2008 3232 2130 3268 nem
2176 3231 2274 3284 pro
2323 3214 2530 3282 multis,
2585 3219 2688 3270 hoc
2724 3223 2810 3268 est
2859 3215 3118 3268 omnibus
3175 3230 3188 3266 :
3230 3228 3424 3269 onmes
3465 3216 3614 3268 enim

2007 3308 2188 3363 multi.

2078 3401 2243 3456 Vsus.
2285 3401 2478 3456 29-54.
2519 3422 2536 3453 ι
2583 3401 2647 3457 Ει
2684 3402 3095 3473 egredientibus
3126 3402 3236 3456 illis
3262 3419 3290 3456 a
3330 3402 3615 3470 Hiericho,

2000 3509 2184 3549 secuta
2223 3506 2306 3549 est
2346 3510 2470 3548 eum
2508 3499 2664 3550 turba
2709 3495 2898 3550 multa.
2944 3494 3012 3548 Et
3051 3510 3181 3550 ecce
3220 3496 3328 3551 duo
3361 3495 3490 3550 cazci
3529 3512 3618 3552 se-

1999 3588 2190 3642 dentes
2217 3588 2550 3655 secusvviam
2602 3604 2724 3642 cum
2751 3590 3031 3643 audissent
3062 3590 3208 3658 quod
3242 3587 3404 3645 Jesus
3437 3600 3618 3644 trans-

2003 3686 2128 3751 iret,
2181 3684 2560 3740 clamarernnt
2608 3686 2888 3739 dicentes:
2943 3684 3210 3739 Miserere
3243 3687 3442 3751 nostri,
3507 3685 3615 3742 Do-

2000 3781 2167 3844 mine,
2209 3778 2283 3833 an
2333 3777 2525 3833 David.
2571 3780 2758 3834 Turba
2815 3789 3001 3834 autem
3041 3781 3368 3850 increpabat
3407 3797 3505 3836 eos
3555 3793 3615 3836 ut

2001 3881 2269 3927 tacerent.
2311 3873 2384 3926 At
2427 3872 2504 3927 illi
2541 3873 2717 3942 magis
2744 3872 3079 3936 clamabant,
3111 3875 3358 3931 dicentes
3396 3893 3411 3930 :
3448 3876 3610 3932 Mise-

1999 3979 2122 4020 rore
2153 3966 2347 4032 nostri,
2401 3966 2649 4033 Domine,
2685 3965 2757 4020 lili
2800 3966 2994 4021 David.
3025 3967 3094 4022 Et
3137 3969 3292 4022 stetit
3330 3969 3512 4037 Jesus,
3546 3986 3612 4025 ac

1997 4060 2215 4114 vocavit
2265 4075 2384 4123 eos,
2433 4070 2488 4115 et
2517 4061 2637 4114 ait:
2672 4060 2814 4128 Quid
2859 4061 3024 4116 vultis
3063 4071 3122 4114 ιιι
3169 4061 3365 4117 faciam
3410 4067 3612 4120 vobis?

1999 4147 2199 4206 Dicunt
2247 4149 2328 4205 illi
2367 4151 2664 4215 :Domine,
2721 4162 2780 4204 ut
2837 4151 3160 4221 aperiantur
3207 4153 3352 4207 oeuli
3410 4157 3609 4213 neStri.

1998 4245 2255 4302 Misenus
2292 4257 2476 4302 autem
2518 4262 2708 4303 eorum
2736 4246 2921 4313 Jesus,
2961 4249 3139 4319 tetigit
3173 4250 3362 4306 oculos
3395 4269 3613 4319 eorum,

1997 4348 2054 4394 et
2108 4339 2397 4394 confestim
2456 4340 2637 4396 visum
2697 4331 3218 4412 receperuntLOculi
3267 4347 3510 4415 illorum,
3558 4361 3615 4405 et

1997 4431 2170 4487 secuti
2220 4440 2347 4488 sunt
2390 4448 2542 4491 eum.
2585 4453 2602 4487 ι
2656 4432 2823 4488 Fama
2863 4451 3201 4505 agnoverant
3235 4442 3363 4495 cecci
3421 4442 3613 4498 Domi-

1955 4523 1966 4533 "
2000 4540 2153 4592 num,
2192 4537 2247 4580 et
2277 4527 2654 4582 observabant
2703 4540 2920 4601 tempus
2967 4548 3092 4587 cum
3147 4536 3434 4591 audissent
3465 4539 3611 4606 quod

280 4593 627 4662 ἀκούσαντες
667 4599 782 4686 ,μὲν
821 4601 905 4654 ὃτι
941 4603 1283 4674 παρέρχεται
1320 4607 1421 4677 τὴν
1471 4607 1591 4660 ὀδόν
1623 4625 1638 4640 ο
1667 4611 1890 4662 πιστεύ-

2002 4618 2329 4684 praeleriret.
2371 4618 2742 4676 Crediderunt
2786 4636 2969 4677 autem
3001 4626 3145 4694 quod
3195 4623 3356 4682 Jesus
3383 4629 3500 4699 (qui
3545 4645 3611 4686 ex

283 4703 482 4753 σαντες
503 4690 581 4757 δὲ,
607 4691 690 4744 ὄτι
727 4693 940 4764 Ἰησοῦς
969 4698 996 4748 ὁ
1030 4697 1095 4748 ἐκ
1119 4698 1432 4769 σπέρματος
1465 4700 1632 4755 Δαυῒδ
1663 4703 1724 4756 τὸ
1746 4708 1888 4756 κατὰ

285 4780 492 4852 σάρκα,
522 4784 750 4850 δυνατὸς
802 4782 872 4858 ἦν
902 4788 1250 4860 θεραπεῦσαι
1283 4796 1506 4860 αὐτοὺς,
1545 4797 1622 4861 ὼς
1667 4797 1726 4852 δὲ
1748 4801 1890 4868 ἄγαν

287 4872 489 4946 θερμοὶ
524 4880 656 4948 περὶ
681 4879 781 4954 τὴν
815 4883 1024 4949 πίστιν,
1056 4885 1178 4938 οὐδὲ
1206 4888 1691 4960 ὲπιστομιζὸμενοι
1721 4891 1886 4944 ὲσιώ·

282 4984 429 5032 πων,
481 4971 621 5026 ἀλλὰ
664 4976 761 5028 καὶ
809 4975 983 5032 πλείω
1032 4977 1288 5048 ἔκραζον.
1331 4982 1497 5036 Ὅθεν
1539 4985 1663 5038 οὐδὲ
1705 4987 1886 5059 ἐρωτᾷ

281 5063 486 5129 αὐτοὺς
510 5069 558 5118 εί
593 5067 779 5121 πίστιν
807 5069 1046 5140 ἔχουσιν,
1089 5071 1229 5124 ἀλλὰ
1269 5074 1323 5126 τί
1365 5073 1636 5143 θέλουσιν,
1689 5078 1777 5133 ἵνα
1811 5082 1885 5151 μή

279 5173 372 5219 τις
407 5158 604 5232 νομίσῃ
640 5161 722 5213 ὅτι
754 5161 889 5214 ἄλλα
937 5161 1286 5232 βουλομένοις
1353 5165 1490 5222 ἄλλα
1532 5169 1740 5223 δίδωσι.
1775 5173 1888 5224 Δεί-

282 5268 478 5305 κνυσιν
503 5249 598 5308 οὖν
621 5256 705 5306 ὅτι
730 5255 829 5325 οὐχ
852 5256 1044 5330 ἕνεκεν
1073 5258 1170 5312 τοῦ
1187 5259 1371 5312 λαϐεῖν
1393 5263 1659 5332 ἀργύριον
1689 5264 1882 5328 ἐϐόων,

280 5345 420 5399 ἀλλὰ
448 5345 541 5400 τοῦ
588 5348 826 5419 ἰαθῆναι.
851 5351 1173 5420 Ἂψάμενος
1211 5352 1268 5406 δὲ
1303 5353 1621 5427 θεραπεύει,
1660 5356 1745 5410 ἵνα
1776 5359 1885 5428 μά-

283 5439 490 5511 θωμεν,
517 5443 598 5495 ὅτι
623 5447 731 5496 πᾶν
766 5446 930 5513 μέλος
961 5447 1062 5517 τῆς
1094 5448 1257 5516 ἁγίας
1287 5450 1454 5504 αὑτοῦ
1486 5454 1713 5524 σαρκὸς,
1747 5455 1883 5520 ζωο-

283 5536 440 5588 ποιδν
497 5538 592 5588 καὶ
641 5537 778 5590 Θεοῦ
841 5539 1006 5609 μέλος
1056 5538 1148 5612 ἦν.
1195 5542 1258 5595 El
1311 5542 1369 5596 δὲ
1400 5547 1428 5597 ό
1471 5547 1689 5611 Λουκᾶς
1732 5548 1828 5601 καὶ
1859 5549 1887 5601 ὁ

279 5625 512 5696 Μάρκος
537 5627 634 5680 ἕνα
663 5629 883 5698 λέγουσι
920 5633 1011 5686 τὸν
1039 5633 1266 5701 τυφλὸν,
1294 5635 1450 5689 οὐδὲν
1477 5636 1640 5690 τοῦτο
1675 5638 1885 5709 διαφω-

279 5722 384 5775 νεῖ·
447 5724 649 5777 ἑκεῖνοι
704 5727 816 5800 γὰρ
867 5727 962 5780 τοῦ
1016 5730 1452 5804 ὲπιφανεστέρου
1504 5735 1884 5807 ἐμνήσθησαν.

359 5908 404 5937 ³·
425 5906 560 5963 Luc.
595 5922 749 5970 svtlt,
778 5907 967 5962 Matth.
1006 5926 1058 5965 ς.

1999 4710 2210 4765 semine
2235 4708 2400 4765 David
2427 4716 2727 4788 secundum
2752 4718 2996 4787 carnem)
3026 4728 3211 4787 posset
3235 4733 3432 4775 curare
3463 4721 3607 4776 illos.

2000 4804 2064 4862 Et
2097 4805 2256 4870 plane
2289 4805 2516 4861 multum
2548 4806 2837 4864 fervebant
2883 4809 3011 4876 (ide,
3047 4827 3223 4882 neque
3260 4815 3388 4869 dum
3429 4825 3613 4872 tacere

1993 4896 2343 4966 iuberentur,
2387 4900 2650 4964 silebant,
2688 4904 2782 4958 sed
2816 4905 2974 4974 longe
3001 4906 3236 4975 amplius
3267 4906 3608 4967 clamabant.

2006 4989 2159 5046 Unde
2191 5007 2297 5046 non
2349 4993 2706 5064 interrogavit
2741 4995 2860 5049 illus
2915 5014 2981 5050 an
3028 4999 3186 5053 tidem
3222 5001 3480 5067 habeant,
3515 5005 3613 5058 scd

1997 5084 2126 5154 quid
2157 5084 2356 5138 vellent
2393 5104 2403 5139 :
2456 5101 2524 5140 ne
2557 5088 2677 5156 quis
2716 5090 3001 5144 existimet
3031 5092 3177 5161 quod
3219 5093 3326 5147 alia
3372 5095 3467 5148 det
3501 5097 3607 5151 alia

1998 5177 2328 5233 volentibus.
2359 5177 2675 5236 Monstrans
2702 5182 2867 5252 igitur
2896 5186 3041 5253 quod
3073 5201 3178 5240 non
3213 5187 3461 5256 pecunia:
3492 5206 3611 5259 gra-

2001 5270 2071 5325 tia
2105 5273 2170 5324 ad
2205 5289 2264 5328 se
2295 5273 2611 5341 clamariut,
2645 5279 2738 5331 sed
2771 5288 2828 5330 ut
2865 5291 3152 5342 curentur,
3202 5292 3380 5337 tactos
3409 5294 3606 5353 curat,

2000 5374 2058 5416 ιιι
2085 5365 2360 5421 discamus
2403 5369 2585 5426 omnia
2615 5385 2726 5424 sua:
2753 5384 2956 5426 sancta:
2990 5377 3174 5430 carnis
3219 5379 3490 5445 membra,
3527 5381 3605 5435 vi-

1998 5457 2152 5511 viflca
2196 5469 2250 5514 ct
2287 5460 2378 5515 Dri
2431 5464 2674 5518 membra
2723 5480 2867 5520 esse.
2917 5468 3073 5534 Quod
3109 5480 3290 5526 autem
3347 5473 3521 5529 Lucas
3553 5489 3611 5531 et

1999 5551 2219 5607 Marcus
2253 5568 2420 5607 unum
2473 5556 2664 5610 dicunt
2710 5573 2918 5614 caecum
2979 5560 3170 5628 fuisse,
3235 5581 3343 5619 non
3395 5569 3464 5621 ab
3524 5568 3610 5625 his

1999 5645 2334 5698 diSSUIlal“.
2381 5647 2461 5701 Illi
2509 5651 2656 5704 enim
2705 5651 3026 5724 insignioris
3078 5661 3412 5714 mentionem
3463 5663 3610 5717 l‘ecc—

1998 5748 2146 5794 runt.
2189 5740 2284 5796 Vel
2313 5742 2494 5812 alitcr,
2528 5743 2702 5799 Lucas
2727 5745 2862 5802 dicit
2891 5751 3037 5824 quod
3063 5762 3362 5827 antequam
3396 5758 3610 5824 venire:
