  <div class='ocr_page' id='page_1' title='image "/cluster/home/n/w/nwhite01/storage/ocr_20150623/123/nnc1.0046979670/195.png"; bbox 0 0 4288 6444; ppageno 0'>
   <div class='ocr_carea' id='block_1_1' title="bbox 755 390 853 463">
    <p class='ocr_par' dir='ltr' id='par_1_1' title="bbox 755 390 853 463">
     <span class='ocr_line' id='line_1_1' title="bbox 755 390 853 463; baseline -0.02 0"><span class='ocrx_word' id='word_1_1' title='bbox 755 390 853 463; x_wconf 79' lang='lat'><strong>371</strong></span> 
     </span>
    </p>
   </div>
   <div class='ocr_carea' id='block_1_2' title="bbox 1609 381 3033 456">
    <p class='ocr_par' dir='ltr' id='par_1_2' title="bbox 1609 381 3033 456">
     <span class='ocr_line' id='line_1_2' title="bbox 1609 381 3033 456; baseline -0.007 0"><span class='ocrx_word' id='word_1_2' title='bbox 1609 386 2184 456; x_wconf 80' lang='lat' dir='ltr'><strong>THEOPHYLACTI</strong></span> <span class='ocrx_word' id='word_1_3' title='bbox 2224 381 2637 455; x_wconf 56' lang='lat' dir='ltr'><strong>BULGARDE</strong></span> <span class='ocrx_word' id='word_1_4' title='bbox 2676 381 3033 449; x_wconf 76' lang='lat' dir='ltr'><strong>ARCHIEP.</strong></span> 
     </span>
    </p>
   </div>
   <div class='ocr_carea' id='block_1_3' title="bbox 3914 336 4073 442">
    <p class='ocr_par' dir='ltr' id='par_1_3' title="bbox 3914 336 4073 442">
     <span class='ocr_line' id='line_1_3' title="bbox 3914 336 4073 442; baseline -0.019 0"><span class='ocrx_word' id='word_1_5' title='bbox 3914 336 4073 442; x_wconf 75' lang='lat' dir='ltr'><strong>31s</strong></span> 
     </span>
    </p>
   </div>
   <div class='ocr_carea' id='block_1_4' title="bbox 753 497 2446 582">
    <p class='ocr_par' dir='ltr' id='par_1_4' title="bbox 753 511 2446 582">
     <span class='ocr_line' id='line_1_4' title="bbox 753 511 2446 582; baseline -0.007 -7"><span class='ocrx_word' id='word_1_6' title='bbox 753 512 1037 575; x_wconf 83' lang='lat' dir='ltr'><strong>columbas</strong></span> <span class='ocrx_word' id='word_1_7' title='bbox 1070 521 1284 582; x_wconf 75' lang='lat' dir='ltr'><strong>evertit,</strong></span> <span class='ocrx_word' id='word_1_8' title='bbox 1326 530 1378 571; x_wconf 86' lang='lat' dir='ltr'><strong>et</strong></span> <span class='ocrx_word' id='word_1_9' title='bbox 1413 516 1544 570; x_wconf 82' lang='lat' dir='ltr'><strong>dixit</strong></span> <span class='ocrx_word' id='word_1_10' title='bbox 1576 516 1683 569; x_wconf 88' lang='lat' dir='ltr'><strong>illis</strong></span> <span class='ocrx_word' id='word_1_11' title='bbox 1726 532 1739 567; x_wconf 90' lang='lat'><strong>:</strong></span> <span class='ocrx_word' id='word_1_12' title='bbox 1774 513 2050 581; x_wconf 81' lang='lat' dir='ltr'><strong>Scriptum</strong></span> <span class='ocrx_word' id='word_1_13' title='bbox 2074 520 2190 578; x_wconf 89' lang='lat' dir='ltr'><strong>est,</strong></span> <span class='ocrx_word' id='word_1_14' title='bbox 2222 513 2326 567; x_wconf 80' lang='lat' dir='ltr'><strong>Do-</strong></span> <span class='ocrx_word' id='word_1_15' title='bbox 2355 514 2402 573; x_wconf 79' lang='grc' dir='ltr'><strong>Α</strong></span> <span class='ocrx_word' id='word_1_16' title='bbox 2432 511 2446 563; x_wconf 75' lang='grc' dir='ltr'><strong>ι</strong></span> 
     </span>
    </p>
   </div>
   <div class='ocr_carea' id='block_1_5' title="bbox 2329 497 4022 582">
    <p class='ocr_par' dir='ltr' id='par_1_5' title="bbox 2355 497 4022 580">
     <span class='ocr_line' id='line_1_5' title="bbox 2355 497 4022 580; baseline -0.009 -16"><span class='ocrx_word' id='word_1_17' title='bbox 2355 514 2402 573; x_wconf 78' lang='grc' dir='ltr'><strong>Α</strong></span> <span class='ocrx_word' id='word_1_18' title='bbox 2432 507 2683 580; x_wconf 77' lang='grc' dir='ltr'>έστρεψε,</span> <span class='ocrx_word' id='word_1_19' title='bbox 2703 507 2798 561; x_wconf 78' lang='grc' dir='ltr'><strong>καὶ</strong></span> <span class='ocrx_word' id='word_1_20' title='bbox 2826 506 2926 570; x_wconf 70' lang='grc' dir='ltr'><strong>τὰς</strong></span> <span class='ocrx_word' id='word_1_21' title='bbox 2956 502 3224 574; x_wconf 71' lang='grc' dir='ltr'>καθέδρας</span> <span class='ocrx_word' id='word_1_22' title='bbox 3254 500 3365 556; x_wconf 87' lang='grc' dir='ltr'><strong>τῶν</strong></span> <span class='ocrx_word' id='word_1_23' title='bbox 3394 500 3721 556; x_wconf 78' lang='grc' dir='ltr'>πωλούντων</span> <span class='ocrx_word' id='word_1_24' title='bbox 3744 497 3847 562; x_wconf 69' lang='grc' dir='ltr'><strong>τὰς</strong></span> <span class='ocrx_word' id='word_1_25' title='bbox 3878 512 4022 567; x_wconf 63' lang='lat' dir='ltr'><strong>sap:-</strong></span> 
     </span>
    </p>
   </div>
   <div class='ocr_carea' id='block_1_6' title="bbox 754 602 2332 675">
    <p class='ocr_par' dir='ltr' id='par_1_6' title="bbox 754 602 2332 675">
     <span class='ocr_line' id='line_1_6' title="bbox 754 602 2332 675; baseline -0.004 -12"><span class='ocrx_word' id='word_1_26' title='bbox 754 626 874 665; x_wconf 89' lang='lat' dir='ltr'><strong>mns</strong></span> <span class='ocrx_word' id='word_1_27' title='bbox 903 624 1019 665; x_wconf 87' lang='lat' dir='ltr'><strong>mea</strong></span> <span class='ocrx_word' id='word_1_28' title='bbox 1047 610 1238 662; x_wconf 68' lang='lat' dir='ltr'><strong>domus</strong></span> <span class='ocrx_word' id='word_1_29' title='bbox 1267 606 1662 675; x_wconf 85' lang='lat' dir='ltr'><strong>deprecationis</strong></span> <span class='ocrx_word' id='word_1_30' title='bbox 1696 605 1978 659; x_wconf 84' lang='lat' dir='ltr'><strong>vocabitur</strong></span> <span class='ocrx_word' id='word_1_31' title='bbox 2009 623 2022 659; x_wconf 91' lang='lat'><strong>:</strong></span> <span class='ocrx_word' id='word_1_32' title='bbox 2054 614 2109 658; x_wconf 86' lang='lat' dir='ltr'><strong>at</strong></span> <span class='ocrx_word' id='word_1_33' title='bbox 2138 618 2232 658; x_wconf 90' lang='lat' dir='ltr'><strong>vos</strong></span> <span class='ocrx_word' id='word_1_34' title='bbox 2251 602 2332 657; x_wconf 88' lang='lat' dir='ltr'><strong>fe-</strong></span> 
     </span>
    </p>
   </div>
   <div class='ocr_carea' id='block_1_7' title="bbox 752 694 2330 768">
    <p class='ocr_par' dir='ltr' id='par_1_7' title="bbox 752 694 2330 768">
     <span class='ocr_line' id='line_1_7' title="bbox 752 694 2330 768; baseline -0.005 -12"><span class='ocrx_word' id='word_1_35' title='bbox 752 702 905 756; x_wconf 73' lang='lat' dir='ltr'><strong>ci~tis</strong></span> <span class='ocrx_word' id='word_1_36' title='bbox 934 702 1076 755; x_wconf 79' lang='lat' dir='ltr'><strong>illaut</strong></span> <span class='ocrx_word' id='word_1_37' title='bbox 1109 696 1419 768; x_wconf 78' lang='lat' dir='ltr'><strong>speluncam</strong></span> <span class='ocrx_word' id='word_1_38' title='bbox 1449 701 1740 753; x_wconf 84' lang='lat' dir='ltr'><strong>latronum.</strong></span> <span class='ocrx_word' id='word_1_39' title='bbox 1788 717 1807 748; x_wconf 74' lang='grc' dir='ltr'><strong>ι</strong></span> <span class='ocrx_word' id='word_1_40' title='bbox 1846 697 2129 767; x_wconf 81' lang='lat' dir='ltr'><strong>Tanquam</strong></span> <span class='ocrx_word' id='word_1_41' title='bbox 2158 694 2330 751; x_wconf 91' lang='lat' dir='ltr'><strong>domi-</strong></span> 
     </span>
    </p>
   </div>
   <div class='ocr_carea' id='block_1_8' title="bbox 754 789 2326 859">
    <p class='ocr_par' dir='ltr' id='par_1_8' title="bbox 754 789 2326 859">
     <span class='ocr_line' id='line_1_8' title="bbox 754 789 2326 859; baseline -0.003 -14"><span class='ocrx_word' id='word_1_42' title='bbox 754 807 853 847; x_wconf 85' lang='lat' dir='ltr'><strong>nus</strong></span> <span class='ocrx_word' id='word_1_43' title='bbox 903 794 1113 855; x_wconf 87' lang='lat' dir='ltr'><strong>domus,</strong></span> <span class='ocrx_word' id='word_1_44' title='bbox 1174 793 1275 846; x_wconf 82' lang='lat' dir='ltr'><strong>hoc</strong></span> <span class='ocrx_word' id='word_1_45' title='bbox 1326 800 1433 853; x_wconf 88' lang='lat' dir='ltr'><strong>est,</strong></span> <span class='ocrx_word' id='word_1_46' title='bbox 1488 790 1706 859; x_wconf 89' lang='lat' dir='ltr'><strong>templi,</strong></span> <span class='ocrx_word' id='word_1_47' title='bbox 1757 789 1916 858; x_wconf 87' lang='lat' dir='ltr'><strong>ejecit</strong></span> <span class='ocrx_word' id='word_1_48' title='bbox 1972 789 2265 844; x_wconf 86' lang='lat' dir='ltr'><strong>vendentes</strong></span> <span class='ocrx_word' id='word_1_49' title='bbox 2312 804 2326 840; x_wconf 88' lang='lat'><strong>:</strong></span> 
     </span>
    </p>
   </div>
   <div class='ocr_carea' id='block_1_9' title="bbox 2437 585 4024 672">
    <p class='ocr_par' dir='ltr' id='par_1_9' title="bbox 2437 585 4024 672">
     <span class='ocr_line' id='line_1_9' title="bbox 2437 585 4024 672; baseline -0.008 -18"><span class='ocrx_word' id='word_1_50' title='bbox 2437 602 2653 672; x_wconf 79' lang='grc' dir='ltr'>στεράς.</span> <span class='ocrx_word' id='word_1_51' title='bbox 2684 600 2795 653; x_wconf 75' lang='grc' dir='ltr'><strong>Καὶ</strong></span> <span class='ocrx_word' id='word_1_52' title='bbox 2826 597 2973 667; x_wconf 72' lang='grc' dir='ltr'>λέγει</span> <span class='ocrx_word' id='word_1_53' title='bbox 2997 596 3215 659; x_wconf 80' lang='grc' dir='ltr'>αὐτοῖς·</span> <span class='ocrx_word' id='word_1_54' title='bbox 3254 594 3589 665; x_wconf 69' lang='grc' dir='ltr'>Γέγραπταιο</span> <span class='ocrx_word' id='word_1_55' title='bbox 3637 593 3700 645; x_wconf 84' lang='grc' dir='ltr'>Ὀ</span> <span class='ocrx_word' id='word_1_56' title='bbox 3736 585 3887 654; x_wconf 72' lang='grc' dir='ltr'>οἶκός</span> <span class='ocrx_word' id='word_1_57' title='bbox 3918 603 4024 659; x_wconf 80' lang='grc' dir='ltr'><strong>μου</strong></span> 
     </span>
    </p>
   </div>
   <div class='ocr_carea' id='block_1_10' title="bbox 2434 678 4025 762">
    <p class='ocr_par' dir='ltr' id='par_1_10' title="bbox 2434 678 4025 762">
     <span class='ocr_line' id='line_1_10' title="bbox 2434 678 4025 762; baseline -0.008 -17"><span class='ocrx_word' id='word_1_58' title='bbox 2434 688 2579 754; x_wconf 75' lang='grc' dir='ltr'>οἶκος</span> <span class='ocrx_word' id='word_1_59' title='bbox 2618 689 2928 762; x_wconf 70' lang='grc' dir='ltr'><strong>προσευχῆς</strong></span> <span class='ocrx_word' id='word_1_60' title='bbox 2965 686 3331 758; x_wconf 69' lang='grc' dir='ltr'>κληθήσεταυ</span> <span class='ocrx_word' id='word_1_61' title='bbox 3362 686 3523 754; x_wconf 79' lang='grc' dir='ltr'>ὑμεῖς</span> <span class='ocrx_word' id='word_1_62' title='bbox 3548 683 3605 737; x_wconf 67' lang='grc' dir='ltr'><strong>δὲ</strong></span> <span class='ocrx_word' id='word_1_63' title='bbox 3640 678 3803 736; x_wconf 72' lang='grc' dir='ltr'>αὐτὸν</span> <span class='ocrx_word' id='word_1_64' title='bbox 3834 678 4025 749; x_wconf 63' lang='lat' dir='ltr'><strong>litati]-</strong></span> 
     </span>
    </p>
   </div>
   <div class='ocr_carea' id='block_1_11' title="bbox 2439 771 4023 855">
    <p class='ocr_par' dir='ltr' id='par_1_11' title="bbox 2439 771 4023 855">
     <span class='ocr_line' id='line_1_11' title="bbox 2439 771 4023 855; baseline -0.01 -15"><span class='ocrx_word' id='word_1_65' title='bbox 2439 802 2568 839; x_wconf 86' lang='grc' dir='ltr'>σατε</span> <span class='ocrx_word' id='word_1_66' title='bbox 2607 782 2872 855; x_wconf 82' lang='grc' dir='ltr'>σπήλαιον</span> <span class='ocrx_word' id='word_1_67' title='bbox 2899 780 3133 854; x_wconf 83' lang='grc' dir='ltr'>λῃστῶν.</span> <span class='ocrx_word' id='word_1_68' title='bbox 3163 798 3181 830; x_wconf 75' lang='grc' dir='ltr'><strong>ι</strong></span> <span class='ocrx_word' id='word_1_69' title='bbox 3214 778 3304 842; x_wconf 82' lang='lat'><strong>&#39;0;</strong></span> <span class='ocrx_word' id='word_1_70' title='bbox 3335 777 3603 845; x_wconf 76' lang='grc' dir='ltr'>δεσπότης</span> <span class='ocrx_word' id='word_1_71' title='bbox 3648 773 3746 828; x_wconf 90' lang='grc' dir='ltr'><strong>τοῦ</strong></span> <span class='ocrx_word' id='word_1_72' title='bbox 3777 773 3959 837; x_wconf 81' lang='grc' dir='ltr'>οίκου,</span> <span class='ocrx_word' id='word_1_73' title='bbox 3992 771 4023 824; x_wconf 82' lang='grc' dir='ltr'><strong>δ</strong></span> 
     </span>
    </p>
   </div>
   <div class='ocr_carea' id='block_1_12' title="bbox 751 868 2444 959">
    <p class='ocr_par' dir='ltr' id='par_1_12' title="bbox 751 876 2444 953">
     <span class='ocr_line' id='line_1_12' title="bbox 751 876 2444 953; baseline -0.004 -13"><span class='ocrx_word' id='word_1_74' title='bbox 751 884 1041 940; x_wconf 90' lang='lat' dir='ltr'><strong>ostendens</strong></span> <span class='ocrx_word' id='word_1_75' title='bbox 1080 898 1143 939; x_wconf 83' lang='lat' dir='ltr'><strong>ea</strong></span> <span class='ocrx_word' id='word_1_76' title='bbox 1177 899 1295 953; x_wconf 62' lang='lat' dir='ltr'><strong>qua:</strong></span> <span class='ocrx_word' id='word_1_77' title='bbox 1325 876 1503 938; x_wconf 78' lang='lat' dir='ltr'><strong>Patris</strong></span> <span class='ocrx_word' id='word_1_78' title='bbox 1530 891 1658 938; x_wconf 72' lang='lat' dir='ltr'><strong>sunt</strong></span> <span class='ocrx_word' id='word_1_79' title='bbox 1677 922 1693 947; x_wconf 93' lang='lat'><strong>,</strong></span> <span class='ocrx_word' id='word_1_80' title='bbox 1721 890 1775 936; x_wconf 88' lang='lat' dir='ltr'><strong>et</strong></span> <span class='ocrx_word' id='word_1_81' title='bbox 1800 897 1896 937; x_wconf 81' lang='lat' dir='ltr'><strong>sua</strong></span> <span class='ocrx_word' id='word_1_82' title='bbox 1926 896 2080 945; x_wconf 85' lang='lat' dir='ltr'><strong>esse,</strong></span> <span class='ocrx_word' id='word_1_83' title='bbox 2109 880 2329 935; x_wconf 87' lang='lat' dir='ltr'><strong>interim</strong></span> <span class='ocrx_word' id='word_1_84' title='bbox 2433 883 2444 934; x_wconf 86' lang='lat' dir='ltr'><strong>i</strong></span> 
     </span>
    </p>
   </div>
   <div class='ocr_carea' id='block_1_13' title="bbox 2330 868 4023 959">
    <p class='ocr_par' dir='ltr' id='par_1_13' title="bbox 2433 868 4023 959">
     <span class='ocr_line' id='line_1_13' title="bbox 2433 868 4023 959; baseline -0.007 -25"><span class='ocrx_word' id='word_1_85' title='bbox 2433 883 2553 934; x_wconf 71' lang='grc' dir='ltr'>ἐστι</span> <span class='ocrx_word' id='word_1_86' title='bbox 2581 879 2675 933; x_wconf 88' lang='grc' dir='ltr'><strong>τοῦ</strong></span> <span class='ocrx_word' id='word_1_87' title='bbox 2710 877 2878 950; x_wconf 86' lang='grc' dir='ltr'>ίεροῦ,</span> <span class='ocrx_word' id='word_1_88' title='bbox 2910 873 3133 944; x_wconf 70' lang='grc' dir='ltr'>ίξέϐαλε</span> <span class='ocrx_word' id='word_1_89' title='bbox 3165 874 3296 959; x_wconf 81' lang='grc' dir='ltr'>τοὺς</span> <span class='ocrx_word' id='word_1_90' title='bbox 3334 872 3666 933; x_wconf 72' lang='grc' dir='ltr'>πωλοῦντας*</span> <span class='ocrx_word' id='word_1_91' title='bbox 3690 870 3910 932; x_wconf 78' lang='grc' dir='ltr'>δεικνὺς</span> <span class='ocrx_word' id='word_1_92' title='bbox 3939 868 4023 923; x_wconf 75' lang='grc' dir='ltr'>ὅτι</span> 
     </span>
    </p>
   </div>
   <div class='ocr_carea' id='block_1_14' title="bbox 753 970 2327 1042">
    <p class='ocr_par' dir='ltr' id='par_1_14' title="bbox 753 970 2327 1042">
     <span class='ocr_line' id='line_1_14' title="bbox 753 970 2327 1042; baseline -0.003 -14"><span class='ocrx_word' id='word_1_93' title='bbox 753 975 916 1029; x_wconf 87' lang='lat' dir='ltr'><strong>etiam</strong></span> <span class='ocrx_word' id='word_1_94' title='bbox 950 970 1447 1042; x_wconf 85' lang='lat' dir='ltr'><strong>honestatistempli</strong></span> <span class='ocrx_word' id='word_1_95' title='bbox 1476 988 1662 1028; x_wconf 82' lang='lat' dir='ltr'><strong>curam</strong></span> <span class='ocrx_word' id='word_1_96' title='bbox 1683 972 1910 1036; x_wconf 83' lang='lat' dir='ltr'><strong>habens,</strong></span> <span class='ocrx_word' id='word_1_97' title='bbox 1938 970 2031 1027; x_wconf 85' lang='lat' dir='ltr'><strong>sed</strong></span> <span class='ocrx_word' id='word_1_98' title='bbox 2057 981 2113 1025; x_wconf 88' lang='lat' dir='ltr'><strong>et</strong></span> <span class='ocrx_word' id='word_1_99' title='bbox 2143 981 2327 1024; x_wconf 81' lang='lat' dir='ltr'><strong>trans-</strong></span> 
     </span>
    </p>
   </div>
   <div class='ocr_carea' id='block_1_15' title="bbox 751 1056 2327 1133">
    <p class='ocr_par' dir='ltr' id='par_1_15' title="bbox 751 1056 2327 1133">
     <span class='ocr_line' id='line_1_15' title="bbox 751 1056 2327 1133; baseline -0.003 -18"><span class='ocrx_word' id='word_1_100' title='bbox 751 1061 1008 1115; x_wconf 84' lang='lat' dir='ltr'><strong>lationem</strong></span> <span class='ocrx_word' id='word_1_101' title='bbox 1067 1062 1459 1117; x_wconf 80' lang='lat' dir='ltr'><strong>sacriﬁciorum</strong></span> <span class='ocrx_word' id='word_1_102' title='bbox 1514 1064 1858 1133; x_wconf 80' lang='lat' dir='ltr'><strong>significans,</strong></span> <span class='ocrx_word' id='word_1_103' title='bbox 1909 1076 1974 1117; x_wconf 89' lang='lat' dir='ltr'><strong>eo</strong></span> <span class='ocrx_word' id='word_1_104' title='bbox 2030 1061 2174 1132; x_wconf 89' lang='lat' dir='ltr'><strong>quod</strong></span> <span class='ocrx_word' id='word_1_105' title='bbox 2223 1056 2327 1129; x_wconf 83' lang='lat' dir='ltr'><strong>eji-</strong></span> 
     </span>
    </p>
   </div>
   <div class='ocr_carea' id='block_1_16' title="bbox 749 1151 2323 1223">
    <p class='ocr_par' dir='ltr' id='par_1_16' title="bbox 749 1151 2323 1223">
     <span class='ocr_line' id='line_1_16' title="bbox 749 1151 2323 1223; baseline -0.002 -15"><span class='ocrx_word' id='word_1_106' title='bbox 749 1154 939 1208; x_wconf 87' lang='lat' dir='ltr'><strong>ciendo</strong></span> <span class='ocrx_word' id='word_1_107' title='bbox 990 1155 1155 1209; x_wconf 83' lang='lat' dir='ltr'><strong>boves</strong></span> <span class='ocrx_word' id='word_1_108' title='bbox 1201 1161 1257 1209; x_wconf 89' lang='lat' dir='ltr'><strong>et</strong></span> <span class='ocrx_word' id='word_1_109' title='bbox 1299 1154 1606 1217; x_wconf 89' lang='lat' dir='ltr'><strong>columbas,</strong></span> <span class='ocrx_word' id='word_1_110' title='bbox 1646 1153 1990 1223; x_wconf 65' lang='lat' dir='ltr'><strong>praesignavit</strong></span> <span class='ocrx_word' id='word_1_111' title='bbox 2032 1168 2138 1207; x_wconf 88' lang='lat' dir='ltr'><strong>non</strong></span> <span class='ocrx_word' id='word_1_112' title='bbox 2186 1151 2323 1205; x_wconf 85' lang='lat' dir='ltr'><strong>ultra</strong></span> 
     </span>
    </p>
   </div>
   <div class='ocr_carea' id='block_1_17' title="bbox 754 1240 2326 1311">
    <p class='ocr_par' dir='ltr' id='par_1_17' title="bbox 754 1240 2326 1311">
     <span class='ocr_line' id='line_1_17' title="bbox 754 1240 2326 1311; baseline 0 -14"><span class='ocrx_word' id='word_1_113' title='bbox 754 1261 883 1311; x_wconf 71' lang='lat' dir='ltr'><strong>.rpus</strong></span> <span class='ocrx_word' id='word_1_114' title='bbox 909 1259 1030 1298; x_wconf 89' lang='lat' dir='ltr'><strong>esse</strong></span> <span class='ocrx_word' id='word_1_115' title='bbox 1053 1245 1368 1299; x_wconf 86' lang='lat' dir='ltr'><strong>animalium</strong></span> <span class='ocrx_word' id='word_1_116' title='bbox 1402 1244 1669 1301; x_wconf 82' lang='lat' dir='ltr'><strong>sacrificio</strong></span> <span class='ocrx_word' id='word_1_117' title='bbox 1698 1255 1790 1297; x_wconf 91' lang='lat' dir='ltr'><strong>aut</strong></span> <span class='ocrx_word' id='word_1_118' title='bbox 1816 1242 2207 1305; x_wconf 84' lang='lat' dir='ltr'><strong>immolatione,</strong></span> <span class='ocrx_word' id='word_1_119' title='bbox 2229 1240 2326 1297; x_wconf 87' lang='lat' dir='ltr'><strong>sed</strong></span> 
     </span>
    </p>
   </div>
   <div class='ocr_carea' id='block_1_18' title="bbox 744 1325 2322 1402">
    <p class='ocr_par' dir='ltr' id='par_1_18' title="bbox 744 1325 2322 1402">
     <span class='ocr_line' id='line_1_18' title="bbox 744 1325 2322 1402; baseline -0.004 -11"><span class='ocrx_word' id='word_1_120' title='bbox 744 1352 832 1391; x_wconf 68' lang='lat' dir='ltr'><strong>or&quot;</strong></span> <span class='ocrx_word' id='word_1_121' title='bbox 872 1352 1013 1392; x_wconf 86' lang='lat' dir='ltr'><strong>.one.</strong></span> <span class='ocrx_word' id='word_1_122' title='bbox 1053 1336 1253 1393; x_wconf 85' lang='lat' dir='ltr'><strong>Domus</strong></span> <span class='ocrx_word' id='word_1_123' title='bbox 1300 1337 1444 1390; x_wconf 86' lang='lat' dir='ltr'><strong>enim</strong></span> <span class='ocrx_word' id='word_1_124' title='bbox 1489 1349 1628 1398; x_wconf 87' lang='lat' dir='ltr'><strong>mea,</strong></span> <span class='ocrx_word' id='word_1_125' title='bbox 1663 1325 1871 1402; x_wconf 83' lang='lat' dir='ltr'><strong>inquit,</strong></span> <span class='ocrx_word' id='word_1_126' title='bbox 1904 1335 2096 1387; x_wconf 89' lang='lat' dir='ltr'><strong>domus</strong></span> <span class='ocrx_word' id='word_1_127' title='bbox 2126 1334 2322 1401; x_wconf 62' lang='lat' dir='ltr'><strong>deprev</strong></span> 
     </span>
    </p>
   </div>
   <div class='ocr_carea' id='block_1_19' title="bbox 744 1422 2327 1495">
    <p class='ocr_par' dir='ltr' id='par_1_19' title="bbox 744 1422 2327 1495">
     <span class='ocr_line' id='line_1_19' title="bbox 744 1422 2327 1495; baseline -0.002 -13"><span class='ocrx_word' id='word_1_128' title='bbox 744 1445 763 1477; x_wconf 77' lang='grc' dir='ltr'><strong>ι</strong></span> <span class='ocrx_word' id='word_1_129' title='bbox 792 1430 974 1484; x_wconf 90' lang='lat' dir='ltr'><strong>..ionis</strong></span> <span class='ocrx_word' id='word_1_130' title='bbox 1009 1439 1123 1495; x_wconf 80' lang='lat' dir='ltr'><strong>est;</strong></span> <span class='ocrx_word' id='word_1_131' title='bbox 1157 1442 1251 1483; x_wconf 74' lang='lat' dir='ltr'><strong>vos</strong></span> <span class='ocrx_word' id='word_1_132' title='bbox 1282 1437 1461 1483; x_wconf 86' lang='lat' dir='ltr'><strong>autem</strong></span> <span class='ocrx_word' id='word_1_133' title='bbox 1497 1425 1706 1483; x_wconf 84' lang='lat' dir='ltr'><strong>fecistis</strong></span> <span class='ocrx_word' id='word_1_134' title='bbox 1740 1422 1882 1481; x_wconf 81' lang='lat' dir='ltr'><strong>illam</strong></span> <span class='ocrx_word' id='word_1_135' title='bbox 1907 1426 2221 1495; x_wconf 76' lang='lat' dir='ltr'><strong>speluncam</strong></span> <span class='ocrx_word' id='word_1_136' title='bbox 2248 1424 2327 1478; x_wconf 86' lang='lat' dir='ltr'><strong>la-</strong></span> 
     </span>
    </p>
   </div>
   <div class='ocr_carea' id='block_1_20' title="bbox 2431 960 4025 1042">
    <p class='ocr_par' dir='ltr' id='par_1_20' title="bbox 2431 960 4025 1042">
     <span class='ocr_line' id='line_1_20' title="bbox 2431 960 4025 1042; baseline -0.008 -17"><span class='ocrx_word' id='word_1_137' title='bbox 2431 974 2500 1027; x_wconf 85' lang='grc' dir='ltr'><strong>τά</strong></span> <span class='ocrx_word' id='word_1_138' title='bbox 2523 971 2618 1026; x_wconf 88' lang='grc' dir='ltr'><strong>τοῦ</strong></span> <span class='ocrx_word' id='word_1_139' title='bbox 2651 965 2885 1042; x_wconf 79' lang='grc' dir='ltr'>Πατρδς,</span> <span class='ocrx_word' id='word_1_140' title='bbox 2917 972 3012 1025; x_wconf 78' lang='grc' dir='ltr'><strong>καὶ</strong></span> <span class='ocrx_word' id='word_1_141' title='bbox 3038 966 3206 1023; x_wconf 90' lang='grc' dir='ltr'>αὐτοῦ</span> <span class='ocrx_word' id='word_1_142' title='bbox 3239 969 3368 1022; x_wconf 87' lang='grc' dir='ltr'>είσι.</span> <span class='ocrx_word' id='word_1_143' title='bbox 3392 965 3563 1019; x_wconf 86' lang='grc' dir='ltr'>τοῦτο</span> <span class='ocrx_word' id='word_1_144' title='bbox 3587 962 3644 1016; x_wconf 65' lang='grc' dir='ltr'><strong>δὲ</strong></span> <span class='ocrx_word' id='word_1_145' title='bbox 3670 961 3871 1029; x_wconf 69' lang='grc' dir='ltr'>εποίει,</span> <span class='ocrx_word' id='word_1_146' title='bbox 3900 960 4025 1032; x_wconf 68' lang='grc' dir='ltr'>ἃμα</span> 
     </span>
    </p>
   </div>
   <div class='ocr_carea' id='block_1_21' title="bbox 2434 1046 4021 1133">
    <p class='ocr_par' dir='ltr' id='par_1_21' title="bbox 2434 1046 4021 1133">
     <span class='ocr_line' id='line_1_21' title="bbox 2434 1046 4021 1133; baseline -0.006 -16"><span class='ocrx_word' id='word_1_147' title='bbox 2434 1065 2535 1131; x_wconf 77' lang='grc' dir='ltr'>μὲν</span> <span class='ocrx_word' id='word_1_148' title='bbox 2559 1065 2653 1119; x_wconf 75' lang='grc' dir='ltr'><strong>καὶ</strong></span> <span class='ocrx_word' id='word_1_149' title='bbox 2685 1064 2785 1133; x_wconf 81' lang='grc' dir='ltr'>τῆς</span> <span class='ocrx_word' id='word_1_150' title='bbox 2816 1061 3120 1133; x_wconf 70' lang='grc' dir='ltr'><strong>εὐκοσμίας</strong></span> <span class='ocrx_word' id='word_1_151' title='bbox 3152 1059 3250 1115; x_wconf 88' lang='grc' dir='ltr'><strong>τοῦ</strong></span> <span class='ocrx_word' id='word_1_152' title='bbox 3279 1057 3428 1131; x_wconf 82' lang='grc' dir='ltr'>ἱεροῦ</span> <span class='ocrx_word' id='word_1_153' title='bbox 3457 1046 3783 1130; x_wconf 73' lang='grc' dir='ltr'><strong>φροντίζων,</strong></span> <span class='ocrx_word' id='word_1_154' title='bbox 3821 1055 3941 1125; x_wconf 71' lang='grc' dir='ltr'><strong>ἃμα</strong></span> <span class='ocrx_word' id='word_1_155' title='bbox 3962 1052 4021 1107; x_wconf 62' lang='grc' dir='ltr'><strong>δὲ</strong></span> 
     </span>
    </p>
   </div>
   <div class='ocr_carea' id='block_1_22' title="bbox 2432 1138 4024 1232">
    <p class='ocr_par' dir='ltr' id='par_1_22' title="bbox 2432 1138 4024 1232">
     <span class='ocr_line' id='line_1_22' title="bbox 2432 1138 4024 1232; baseline -0.006 -22"><span class='ocrx_word' id='word_1_156' title='bbox 2432 1158 2529 1232; x_wconf 57' lang='grc' dir='ltr'>οιαὶ</span> <span class='ocrx_word' id='word_1_157' title='bbox 2560 1156 2658 1227; x_wconf 79' lang='grc' dir='ltr'>τὴν</span> <span class='ocrx_word' id='word_1_158' title='bbox 2687 1155 2979 1226; x_wconf 80' lang='grc' dir='ltr'><strong>μετάθεσιν</strong></span> <span class='ocrx_word' id='word_1_159' title='bbox 3003 1145 3113 1208; x_wconf 85' lang='grc' dir='ltr'><strong>τῶν</strong></span> <span class='ocrx_word' id='word_1_160' title='bbox 3133 1150 3339 1206; x_wconf 81' lang='grc' dir='ltr'><strong>θυσιῶν</strong></span> <span class='ocrx_word' id='word_1_161' title='bbox 3370 1150 3673 1219; x_wconf 80' lang='grc' dir='ltr'><strong>σημαίνων·</strong></span> <span class='ocrx_word' id='word_1_162' title='bbox 3706 1146 3775 1201; x_wconf 78' lang='grc' dir='ltr'><strong>δι’</strong></span> <span class='ocrx_word' id='word_1_163' title='bbox 3805 1138 3883 1201; x_wconf 78' lang='grc' dir='ltr'><strong>ῶν</strong></span> <span class='ocrx_word' id='word_1_164' title='bbox 3911 1145 4024 1217; x_wconf 69' lang='grc' dir='ltr'><strong>γὰρ</strong></span> 
     </span>
    </p>
   </div>
   <div class='ocr_carea' id='block_1_23' title="bbox 2431 1240 4018 1319">
    <p class='ocr_par' dir='ltr' id='par_1_23' title="bbox 2431 1240 4018 1319">
     <span class='ocr_line' id='line_1_23' title="bbox 2431 1240 4018 1319; baseline -0.006 -17"><span class='ocrx_word' id='word_1_165' title='bbox 2431 1248 2684 1315; x_wconf 72' lang='grc' dir='ltr'>ἐξέϐαλλε</span> <span class='ocrx_word' id='word_1_166' title='bbox 2704 1249 2831 1310; x_wconf 80' lang='grc' dir='ltr'>τοὺς</span> <span class='ocrx_word' id='word_1_167' title='bbox 2861 1248 2991 1319; x_wconf 76' lang='grc' dir='ltr'>βόας</span> <span class='ocrx_word' id='word_1_168' title='bbox 3021 1247 3115 1301; x_wconf 76' lang='grc' dir='ltr'><strong>καὶ</strong></span> <span class='ocrx_word' id='word_1_169' title='bbox 3140 1246 3241 1308; x_wconf 80' lang='grc' dir='ltr'><strong>τὰς</strong></span> <span class='ocrx_word' id='word_1_170' title='bbox 3268 1242 3620 1315; x_wconf 81' lang='grc' dir='ltr'>περιστερὰς,</span> <span class='ocrx_word' id='word_1_171' title='bbox 3648 1240 4018 1311; x_wconf 81' lang='grc' dir='ltr'>προεμήνυεν,</span> 
     </span>
    </p>
   </div>
   <div class='ocr_carea' id='block_1_24' title="bbox 2428 1332 4017 1412">
    <p class='ocr_par' dir='ltr' id='par_1_24' title="bbox 2428 1332 4017 1412">
     <span class='ocr_line' id='line_1_24' title="bbox 2428 1332 4017 1412; baseline -0.009 -16"><span class='ocrx_word' id='word_1_172' title='bbox 2428 1342 2512 1396; x_wconf 77' lang='grc' dir='ltr'>ὃτι</span> <span class='ocrx_word' id='word_1_173' title='bbox 2542 1340 2748 1395; x_wconf 77' lang='grc' dir='ltr'>οὐκετι</span> <span class='ocrx_word' id='word_1_174' title='bbox 2777 1339 2936 1412; x_wconf 87' lang='grc' dir='ltr'>χρεία</span> <span class='ocrx_word' id='word_1_175' title='bbox 2959 1336 3268 1403; x_wconf 77' lang='grc' dir='ltr'>ζωοθυσιῶν</span> <span class='ocrx_word' id='word_1_176' title='bbox 3298 1335 3335 1407; x_wconf 73' lang='grc' dir='ltr'><strong>ἢ</strong></span> <span class='ocrx_word' id='word_1_177' title='bbox 3371 1335 3645 1405; x_wconf 77' lang='grc' dir='ltr'>σφαγίων,</span> <span class='ocrx_word' id='word_1_178' title='bbox 3679 1332 3819 1387; x_wconf 81' lang='grc' dir='ltr'><strong>ἀλλά</strong></span> <span class='ocrx_word' id='word_1_179' title='bbox 3848 1346 4017 1401; x_wconf 80' lang='grc' dir='ltr'>προσ-</span> 
     </span>
    </p>
   </div>
   <div class='ocr_carea' id='block_1_25' title="bbox 2431 1422 4019 1505">
    <p class='ocr_par' dir='ltr' id='par_1_25' title="bbox 2431 1422 4019 1505">
     <span class='ocr_line' id='line_1_25' title="bbox 2431 1422 4019 1505; baseline -0.001 -20"><span class='ocrx_word' id='word_1_180' title='bbox 2431 1434 2620 1505; x_wconf 85' lang='grc' dir='ltr'>ευχῆς·</span> <span class='ocrx_word' id='word_1_181' title='bbox 2662 1432 2725 1486; x_wconf 84' lang='grc' dir='ltr'><strong>Ὀ</strong></span> <span class='ocrx_word' id='word_1_182' title='bbox 2753 1433 2864 1500; x_wconf 85' lang='grc' dir='ltr'>γὰρ</span> <span class='ocrx_word' id='word_1_183' title='bbox 2910 1425 3058 1494; x_wconf 75' lang='grc' dir='ltr'>οἶκός</span> <span class='ocrx_word' id='word_1_184' title='bbox 3103 1447 3227 1499; x_wconf 90' lang='grc' dir='ltr'>μου,</span> <span class='ocrx_word' id='word_1_185' title='bbox 3257 1428 3445 1498; x_wconf 71' lang='grc' dir='ltr'>φησιν,</span> <span class='ocrx_word' id='word_1_186' title='bbox 3474 1422 3624 1490; x_wconf 78' lang='grc' dir='ltr'>οῐιιος</span> <span class='ocrx_word' id='word_1_187' title='bbox 3683 1422 4019 1494; x_wconf 75' lang='grc' dir='ltr'>προσευχῆς.</span> 
     </span>
    </p>
   </div>
   <div class='ocr_carea' id='block_1_26' title="bbox 771 1512 2464 1595">
    <p class='ocr_par' dir='ltr' id='par_1_26' title="bbox 771 1512 2460 1589">
     <span class='ocr_line' id='line_1_26' title="bbox 771 1512 2460 1589; baseline -0.001 -17"><span class='ocrx_word' id='word_1_188' title='bbox 771 1532 976 1575; x_wconf 86' lang='lat' dir='ltr'><strong>renum.</strong></span> <span class='ocrx_word' id='word_1_189' title='bbox 1015 1512 1072 1574; x_wconf 80' lang='lat' dir='ltr'><strong>In</strong></span> <span class='ocrx_word' id='word_1_190' title='bbox 1098 1519 1375 1589; x_wconf 80' lang='lat' dir='ltr'><strong>speluncis</strong></span> <span class='ocrx_word' id='word_1_191' title='bbox 1401 1519 1544 1574; x_wconf 88' lang='lat' dir='ltr'><strong>enim</strong></span> <span class='ocrx_word' id='word_1_192' title='bbox 1568 1518 1839 1573; x_wconf 75' lang='lat' dir='ltr'><strong>latronum</strong></span> <span class='ocrx_word' id='word_1_193' title='bbox 1865 1516 2000 1571; x_wconf 77' lang='lat' dir='ltr'><strong>ﬁunt</strong></span> <span class='ocrx_word' id='word_1_194' title='bbox 2024 1516 2324 1571; x_wconf 69' lang='lat' dir='ltr'><strong>mactatio-</strong></span> <span class='ocrx_word' id='word_1_195' title='bbox 2430 1528 2460 1580; x_wconf 70' lang='grc' dir='ltr'><strong>ὑ</strong></span> 
     </span>
    </p>
   </div>
   <div class='ocr_carea' id='block_1_27' title="bbox 2325 1512 4018 1595">
    <p class='ocr_par' dir='ltr' id='par_1_27' title="bbox 2430 1514 4018 1595">
     <span class='ocr_line' id='line_1_27' title="bbox 2430 1514 4018 1595; baseline -0.008 -15"><span class='ocrx_word' id='word_1_196' title='bbox 2430 1528 2595 1595; x_wconf 82' lang='grc' dir='ltr'>ὑμεῖς</span> <span class='ocrx_word' id='word_1_197' title='bbox 2653 1526 2711 1580; x_wconf 63' lang='grc' dir='ltr'><strong>δὲ</strong></span> <span class='ocrx_word' id='word_1_198' title='bbox 2740 1526 3040 1595; x_wconf 65' lang='grc' dir='ltr'>ἐποιήσατε</span> <span class='ocrx_word' id='word_1_199' title='bbox 3073 1522 3237 1576; x_wconf 79' lang='grc' dir='ltr'>αὐτὸν</span> <span class='ocrx_word' id='word_1_200' title='bbox 3268 1521 3538 1590; x_wconf 78' lang='grc' dir='ltr'>σπήλαιον</span> <span class='ocrx_word' id='word_1_201' title='bbox 3565 1517 3799 1592; x_wconf 75' lang='grc' dir='ltr'>λῃστῶν·</span> <span class='ocrx_word' id='word_1_202' title='bbox 3831 1518 3890 1570; x_wconf 71' lang='grc' dir='ltr'><strong>ιν</strong></span> <span class='ocrx_word' id='word_1_203' title='bbox 3911 1514 4018 1586; x_wconf 74' lang='grc' dir='ltr'><strong>γάρ</strong></span> 
     </span>
    </p>
   </div>
   <div class='ocr_carea' id='block_1_28' title="bbox 742 1608 2435 1688">
    <p class='ocr_par' dir='ltr' id='par_1_28' title="bbox 742 1608 2435 1684">
     <span class='ocr_line' id='line_1_28' title="bbox 742 1608 2435 1684; baseline -0.003 -16"><span class='ocrx_word' id='word_1_204' title='bbox 742 1628 872 1678; x_wconf 86' lang='lat' dir='ltr'><strong>nes,</strong></span> <span class='ocrx_word' id='word_1_205' title='bbox 930 1624 984 1667; x_wconf 90' lang='lat' dir='ltr'><strong>et</strong></span> <span class='ocrx_word' id='word_1_206' title='bbox 1032 1613 1313 1684; x_wconf 78' lang='lat' dir='ltr'><strong>sanguinis</strong></span> <span class='ocrx_word' id='word_1_207' title='bbox 1369 1609 1680 1668; x_wconf 84' lang='lat' dir='ltr'><strong>effusiones.</strong></span> <span class='ocrx_word' id='word_1_208' title='bbox 1738 1608 1834 1665; x_wconf 89' lang='lat' dir='ltr'><strong>Vel</strong></span> <span class='ocrx_word' id='word_1_209' title='bbox 1891 1610 2054 1666; x_wconf 87' lang='lat' dir='ltr'><strong>etiam</strong></span> <span class='ocrx_word' id='word_1_210' title='bbox 2101 1617 2324 1681; x_wconf 87' lang='lat' dir='ltr'><strong>propter</strong></span> <span class='ocrx_word' id='word_1_211' title='bbox 2425 1638 2435 1655; x_wconf 80' lang='grc' dir='ltr'><strong>ι</strong></span> 
     </span>
    </p>
   </div>
   <div class='ocr_carea' id='block_1_29' title="bbox 2325 1608 4018 1688">
    <p class='ocr_par' dir='ltr' id='par_1_29' title="bbox 2425 1609 4018 1688">
     <span class='ocr_line' id='line_1_29' title="bbox 2425 1609 4018 1688; baseline -0.008 -14"><span class='ocrx_word' id='word_1_212' title='bbox 2425 1622 2539 1683; x_wconf 81' lang='grc' dir='ltr'>τοῖς</span> <span class='ocrx_word' id='word_1_213' title='bbox 2592 1618 2877 1688; x_wconf 73' lang='grc' dir='ltr'>σπηλαίοις</span> <span class='ocrx_word' id='word_1_214' title='bbox 2919 1617 3029 1672; x_wconf 88' lang='grc' dir='ltr'><strong>τῶν</strong></span> <span class='ocrx_word' id='word_1_215' title='bbox 3084 1614 3301 1688; x_wconf 78' lang='grc' dir='ltr'>λῃστῶν</span> <span class='ocrx_word' id='word_1_216' title='bbox 3345 1615 3588 1683; x_wconf 87' lang='grc' dir='ltr'>γίνονται</span> <span class='ocrx_word' id='word_1_217' title='bbox 3638 1611 3850 1681; x_wconf 80' lang='grc' dir='ltr'>σφαγαὶ</span> <span class='ocrx_word' id='word_1_218' title='bbox 3922 1609 4018 1664; x_wconf 72' lang='grc' dir='ltr'><strong>καὶ</strong></span> 
     </span>
    </p>
   </div>
   <div class='ocr_carea' id='block_1_30' title="bbox 740 1700 2322 1777">
    <p class='ocr_par' dir='ltr' id='par_1_30' title="bbox 740 1700 2322 1777">
     <span class='ocr_line' id='line_1_30' title="bbox 740 1700 2322 1777; baseline -0.003 -18"><span class='ocrx_word' id='word_1_219' title='bbox 740 1707 1106 1777; x_wconf 74' lang='lat' dir='ltr'><strong>negotiatores</strong></span> <span class='ocrx_word' id='word_1_220' title='bbox 1136 1714 1381 1761; x_wconf 84' lang='lat' dir='ltr'><strong>ementes</strong></span> <span class='ocrx_word' id='word_1_221' title='bbox 1426 1714 1481 1759; x_wconf 93' lang='lat' dir='ltr'><strong>et</strong></span> <span class='ocrx_word' id='word_1_222' title='bbox 1513 1703 1808 1759; x_wconf 86' lang='lat' dir='ltr'><strong>vendentes</strong></span> <span class='ocrx_word' id='word_1_223' title='bbox 1830 1742 1847 1768; x_wconf 87' lang='lat'><strong>,</strong></span> <span class='ocrx_word' id='word_1_224' title='bbox 1886 1701 2198 1771; x_wconf 76' lang='lat' dir='ltr'><strong>speluncam</strong></span> <span class='ocrx_word' id='word_1_225' title='bbox 2237 1700 2322 1756; x_wconf 87' lang='lat' dir='ltr'><strong>la-</strong></span> 
     </span>
    </p>
   </div>
   <div class='ocr_carea' id='block_1_31' title="bbox 2428 1698 4017 1783">
    <p class='ocr_par' dir='ltr' id='par_1_31' title="bbox 2428 1698 4017 1783">
     <span class='ocr_line' id='line_1_31' title="bbox 2428 1698 4017 1783; baseline -0.006 -19"><span class='ocrx_word' id='word_1_226' title='bbox 2428 1710 2896 1783; x_wconf 78' lang='grc' dir='ltr'>αἱματεκχυσίαι·</span> <span class='ocrx_word' id='word_1_227' title='bbox 2933 1710 2967 1781; x_wconf 78' lang='grc' dir='ltr'>ἢ</span> <span class='ocrx_word' id='word_1_228' title='bbox 3000 1711 3098 1765; x_wconf 80' lang='grc' dir='ltr'><strong>καὶ</strong></span> <span class='ocrx_word' id='word_1_229' title='bbox 3133 1709 3223 1764; x_wconf 80' lang='grc' dir='ltr'><strong>διὰ</strong></span> <span class='ocrx_word' id='word_1_230' title='bbox 3260 1711 3391 1772; x_wconf 76' lang='grc' dir='ltr'>τοὺς</span> <span class='ocrx_word' id='word_1_231' title='bbox 3425 1698 3876 1779; x_wconf 78' lang='grc' dir='ltr'>καπηλεύοντας,</span> <span class='ocrx_word' id='word_1_232' title='bbox 3922 1700 4017 1755; x_wconf 72' lang='grc' dir='ltr'><strong>καὶ</strong></span> 
     </span>
    </p>
   </div>
   <div class='ocr_carea' id='block_1_32' title="bbox 740 1792 2433 1873">
    <p class='ocr_par' dir='ltr' id='par_1_32' title="bbox 740 1793 2433 1873">
     <span class='ocr_line' id='line_1_32' title="bbox 740 1793 2433 1873; baseline -0.003 -22"><span class='ocrx_word' id='word_1_233' title='bbox 740 1808 955 1853; x_wconf 87' lang='lat' dir='ltr'><strong>tronum</strong></span> <span class='ocrx_word' id='word_1_234' title='bbox 1012 1799 1227 1852; x_wconf 86' lang='lat' dir='ltr'><strong>vocavit</strong></span> <span class='ocrx_word' id='word_1_235' title='bbox 1283 1798 1565 1867; x_wconf 91' lang='lat' dir='ltr'><strong>templum.</strong></span> <span class='ocrx_word' id='word_1_236' title='bbox 1615 1794 1857 1850; x_wconf 70' lang='lat' dir='ltr'><strong>Avaritia</strong></span> <span class='ocrx_word' id='word_1_237' title='bbox 1902 1796 2047 1850; x_wconf 90' lang='lat' dir='ltr'><strong>enim</strong></span> <span class='ocrx_word' id='word_1_238' title='bbox 2094 1803 2149 1849; x_wconf 91' lang='lat' dir='ltr'><strong>et</strong></span> <span class='ocrx_word' id='word_1_239' title='bbox 2185 1793 2319 1850; x_wconf 89' lang='lat' dir='ltr'><strong>lucri</strong></span> <span class='ocrx_word' id='word_1_240' title='bbox 2353 1823 2433 1873; x_wconf 47' lang='lat' dir='ltr'><strong>ﬁ.</strong></span> 
     </span>
    </p>
   </div>
   <div class='ocr_carea' id='block_1_33' title="bbox 2323 1792 4016 1873">
    <p class='ocr_par' dir='ltr' id='par_1_33' title="bbox 2353 1792 4016 1873">
     <span class='ocr_line' id='line_1_33' title="bbox 2353 1792 4016 1873; baseline -0.008 -15"><span class='ocrx_word' id='word_1_241' title='bbox 2353 1854 2394 1873; x_wconf 48' lang='lat' dir='ltr'><strong>ﬁ</strong></span> <span class='ocrx_word' id='word_1_242' title='bbox 2426 1801 2800 1873; x_wconf 74' lang='grc' dir='ltr'>ἀγοράζοντας</span> <span class='ocrx_word' id='word_1_243' title='bbox 2829 1800 2925 1857; x_wconf 74' lang='grc' dir='ltr'>καὶ</span> <span class='ocrx_word' id='word_1_244' title='bbox 2956 1799 3297 1865; x_wconf 81' lang='grc' dir='ltr'>πωλοῦντας,</span> <span class='ocrx_word' id='word_1_245' title='bbox 3337 1798 3604 1869; x_wconf 80' lang='grc' dir='ltr'>σπήλαιον</span> <span class='ocrx_word' id='word_1_246' title='bbox 3643 1795 3861 1867; x_wconf 76' lang='grc' dir='ltr'>λῃστῶν</span> <span class='ocrx_word' id='word_1_247' title='bbox 3890 1792 4016 1847; x_wconf 66' lang='grc' dir='ltr'>ιδιά-</span> 
     </span>
    </p>
   </div>
   <div class='ocr_carea' id='block_1_34' title="bbox 736 1886 2319 1960">
    <p class='ocr_par' dir='ltr' id='par_1_34' title="bbox 736 1886 2319 1960">
     <span class='ocr_line' id='line_1_34' title="bbox 736 1886 2319 1960; baseline -0.001 -19"><span class='ocrx_word' id='word_1_248' title='bbox 736 1892 1034 1959; x_wconf 85' lang='lat' dir='ltr'><strong>cupiditas,</strong></span> <span class='ocrx_word' id='word_1_249' title='bbox 1074 1892 1341 1945; x_wconf 82' lang='lat' dir='ltr'><strong>latronum</strong></span> <span class='ocrx_word' id='word_1_250' title='bbox 1386 1886 1607 1943; x_wconf 87' lang='lat' dir='ltr'><strong>morbus</strong></span> <span class='ocrx_word' id='word_1_251' title='bbox 1644 1896 1749 1943; x_wconf 87' lang='lat' dir='ltr'><strong>est.</strong></span> <span class='ocrx_word' id='word_1_252' title='bbox 1784 1888 2095 1960; x_wconf 72' lang='lat' dir='ltr'><strong>Collybistae</strong></span> <span class='ocrx_word' id='word_1_253' title='bbox 2138 1898 2319 1941; x_wconf 85' lang='lat' dir='ltr'><strong>autem</strong></span> 
     </span>
    </p>
   </div>
   <div class='ocr_carea' id='block_1_35' title="bbox 737 1974 2321 2046">
    <p class='ocr_par' dir='ltr' id='par_1_35' title="bbox 737 1974 2321 2046">
     <span class='ocr_line' id='line_1_35' title="bbox 737 1974 2321 2046; baseline 0 -17"><span class='ocrx_word' id='word_1_254' title='bbox 737 1978 979 2045; x_wconf 73' lang='lat' dir='ltr'><strong>suntqui</strong></span> <span class='ocrx_word' id='word_1_255' title='bbox 1012 1979 1149 2046; x_wconf 82' lang='lat' dir='ltr'><strong>apud</strong></span> <span class='ocrx_word' id='word_1_256' title='bbox 1182 1993 1282 2032; x_wconf 85' lang='lat' dir='ltr'><strong>nos</strong></span> <span class='ocrx_word' id='word_1_257' title='bbox 1306 1978 1564 2031; x_wconf 79' lang='lat' dir='ltr'><strong>dicuntur</strong></span> <span class='ocrx_word' id='word_1_258' title='bbox 1591 1978 1865 2032; x_wconf 83' lang='lat' dir='ltr'><strong>mensarii.</strong></span> <span class='ocrx_word' id='word_1_259' title='bbox 1890 1974 2145 2046; x_wconf 85' lang='lat' dir='ltr'><strong>Collybos</strong></span> <span class='ocrx_word' id='word_1_260' title='bbox 2174 1975 2321 2031; x_wconf 90' lang='lat' dir='ltr'><strong>enim</strong></span> 
     </span>
    </p>
   </div>
   <div class='ocr_carea' id='block_1_36' title="bbox 736 2068 2320 2137">
    <p class='ocr_par' dir='ltr' id='par_1_36' title="bbox 736 2068 2320 2137">
     <span class='ocr_line' id='line_1_36' title="bbox 736 2068 2320 2137; baseline 0.002 -14"><span class='ocrx_word' id='word_1_261' title='bbox 736 2071 948 2137; x_wconf 88' lang='lat' dir='ltr'><strong>species</strong></span> <span class='ocrx_word' id='word_1_262' title='bbox 982 2082 1061 2124; x_wconf 86' lang='lat' dir='ltr'><strong>est</strong></span> <span class='ocrx_word' id='word_1_263' title='bbox 1099 2071 1220 2126; x_wconf 88' lang='lat' dir='ltr'><strong>vilis</strong></span> <span class='ocrx_word' id='word_1_264' title='bbox 1256 2070 1620 2134; x_wconf 89' lang='lat' dir='ltr'><strong>numismatis,</strong></span> <span class='ocrx_word' id='word_1_265' title='bbox 1659 2071 1804 2125; x_wconf 85' lang='lat' dir='ltr'><strong>sicut</strong></span> <span class='ocrx_word' id='word_1_266' title='bbox 1841 2068 2104 2126; x_wconf 86' lang='lat' dir='ltr'><strong>habemus</strong></span> <span class='ocrx_word' id='word_1_267' title='bbox 2137 2078 2191 2124; x_wconf 86' lang='lat' dir='ltr'><strong>et</strong></span> <span class='ocrx_word' id='word_1_268' title='bbox 2222 2085 2320 2126; x_wconf 87' lang='lat' dir='ltr'><strong>nos</strong></span> 
     </span>
    </p>
   </div>
   <div class='ocr_carea' id='block_1_37' title="bbox 734 2160 2318 2231">
    <p class='ocr_par' dir='ltr' id='par_1_37' title="bbox 734 2160 2318 2231">
     <span class='ocr_line' id='line_1_37' title="bbox 734 2160 2318 2231; baseline -0.001 -16"><span class='ocrx_word' id='word_1_269' title='bbox 734 2160 1020 2231; x_wconf 79' lang='lat' dir='ltr'><strong>ebolos(a)</strong></span> <span class='ocrx_word' id='word_1_270' title='bbox 1053 2172 1143 2217; x_wconf 86' lang='lat' dir='ltr'><strong>aut</strong></span> <span class='ocrx_word' id='word_1_271' title='bbox 1190 2177 1442 2217; x_wconf 90' lang='lat' dir='ltr'><strong>nummos</strong></span> <span class='ocrx_word' id='word_1_272' title='bbox 1496 2166 1804 2229; x_wconf 82' lang='lat' dir='ltr'><strong>argenteos.</strong></span> <span class='ocrx_word' id='word_1_273' title='bbox 1855 2160 2107 2215; x_wconf 83' lang='lat' dir='ltr'><strong>Vendunt</strong></span> <span class='ocrx_word' id='word_1_274' title='bbox 2139 2170 2318 2216; x_wconf 86' lang='lat' dir='ltr'><strong>autem</strong></span> 
     </span>
    </p>
   </div>
   <div class='ocr_carea' id='block_1_38' title="bbox 733 2246 2313 2325">
    <p class='ocr_par' dir='ltr' id='par_1_38' title="bbox 733 2246 2313 2325">
     <span class='ocr_line' id='line_1_38' title="bbox 733 2246 2313 2325; baseline -0.001 -18"><span class='ocrx_word' id='word_1_275' title='bbox 733 2254 1016 2309; x_wconf 86' lang='lat' dir='ltr'><strong>columbas</strong></span> <span class='ocrx_word' id='word_1_276' title='bbox 1055 2262 1108 2309; x_wconf 90' lang='lat' dir='ltr'><strong>et</strong></span> <span class='ocrx_word' id='word_1_277' title='bbox 1157 2256 1209 2309; x_wconf 87' lang='lat' dir='ltr'><strong>bi</strong></span> <span class='ocrx_word' id='word_1_278' title='bbox 1254 2256 1347 2325; x_wconf 92' lang='lat' dir='ltr'><strong>qui</strong></span> <span class='ocrx_word' id='word_1_279' title='bbox 1397 2255 1448 2309; x_wconf 90' lang='lat' dir='ltr'><strong>in</strong></span> <span class='ocrx_word' id='word_1_280' title='bbox 1497 2254 1752 2309; x_wconf 83' lang='lat' dir='ltr'><strong>Ecclesiis</strong></span> <span class='ocrx_word' id='word_1_281' title='bbox 1802 2246 2003 2325; x_wconf 84' lang='lat' dir='ltr'><strong>gradus</strong></span> <span class='ocrx_word' id='word_1_282' title='bbox 2056 2253 2313 2307; x_wconf 84' lang='lat' dir='ltr'><strong>vendunt.</strong></span> 
     </span>
    </p>
   </div>
   <div class='ocr_carea' id='block_1_39' title="bbox 734 2343 2319 2416">
    <p class='ocr_par' dir='ltr' id='par_1_39' title="bbox 734 2343 2319 2416">
     <span class='ocr_line' id='line_1_39' title="bbox 734 2343 2319 2416; baseline -0.003 -15"><span class='ocrx_word' id='word_1_283' title='bbox 734 2345 971 2416; x_wconf 82' lang='lat' dir='ltr'><strong>Spiritus</strong></span> <span class='ocrx_word' id='word_1_284' title='bbox 1004 2348 1146 2402; x_wconf 89' lang='lat' dir='ltr'><strong>enim</strong></span> <span class='ocrx_word' id='word_1_285' title='bbox 1186 2348 1415 2416; x_wconf 81' lang='lat' dir='ltr'><strong>gratiam</strong></span> <span class='ocrx_word' id='word_1_286' title='bbox 1444 2386 1457 2411; x_wconf 91' lang='lat'><strong>,</strong></span> <span class='ocrx_word' id='word_1_287' title='bbox 1491 2347 1583 2415; x_wconf 90' lang='lat' dir='ltr'><strong>qui</strong></span> <span class='ocrx_word' id='word_1_288' title='bbox 1619 2357 1703 2401; x_wconf 90' lang='lat' dir='ltr'><strong>est</strong></span> <span class='ocrx_word' id='word_1_289' title='bbox 1735 2344 1983 2401; x_wconf 87' lang='lat' dir='ltr'><strong>columba</strong></span> <span class='ocrx_word' id='word_1_290' title='bbox 2009 2385 2025 2407; x_wconf 95' lang='lat'><strong>,</strong></span> <span class='ocrx_word' id='word_1_291' title='bbox 2077 2343 2319 2398; x_wconf 89' lang='lat' dir='ltr'><strong>vendunt</strong></span> 
     </span>
    </p>
   </div>
   <div class='ocr_carea' id='block_1_40' title="bbox 731 2436 2315 2509">
    <p class='ocr_par' dir='ltr' id='par_1_40' title="bbox 731 2436 2315 2509">
     <span class='ocr_line' id='line_1_40' title="bbox 731 2436 2315 2509; baseline -0.001 -17"><span class='ocrx_word' id='word_1_292' title='bbox 731 2439 831 2507; x_wconf 76' lang='lat' dir='ltr'><strong>ipsi</strong></span> <span class='ocrx_word' id='word_1_293' title='bbox 867 2458 880 2493; x_wconf 91' lang='lat'><strong>:</strong></span> <span class='ocrx_word' id='word_1_294' title='bbox 914 2443 1052 2495; x_wconf 90' lang='lat' dir='ltr'><strong>unde</strong></span> <span class='ocrx_word' id='word_1_295' title='bbox 1080 2441 1373 2509; x_wconf 90' lang='lat' dir='ltr'><strong>ejiciuntur</strong></span> <span class='ocrx_word' id='word_1_296' title='bbox 1406 2455 1471 2495; x_wconf 80' lang='lat' dir='ltr'><strong>ex</strong></span> <span class='ocrx_word' id='word_1_297' title='bbox 1496 2453 1736 2508; x_wconf 89' lang='lat' dir='ltr'><strong>superno</strong></span> <span class='ocrx_word' id='word_1_298' title='bbox 1764 2448 1818 2493; x_wconf 89' lang='lat' dir='ltr'><strong>et</strong></span> <span class='ocrx_word' id='word_1_299' title='bbox 1847 2438 2061 2493; x_wconf 88' lang='lat' dir='ltr'><strong>inferno</strong></span> <span class='ocrx_word' id='word_1_300' title='bbox 2091 2436 2315 2507; x_wconf 86' lang='lat' dir='ltr'><strong>templo.</strong></span> 
     </span>
    </p>
   </div>
   <div class='ocr_carea' id='block_1_41' title="bbox 728 2528 2315 2600">
    <p class='ocr_par' dir='ltr' id='par_1_41' title="bbox 728 2528 2315 2600">
     <span class='ocr_line' id='line_1_41' title="bbox 728 2528 2315 2600; baseline 0.001 -19"><span class='ocrx_word' id='word_1_301' title='bbox 728 2529 943 2600; x_wconf 85' lang='lat' dir='ltr'><strong>indigni</strong></span> <span class='ocrx_word' id='word_1_302' title='bbox 971 2532 1115 2585; x_wconf 90' lang='lat' dir='ltr'><strong>enim</strong></span> <span class='ocrx_word' id='word_1_303' title='bbox 1139 2541 1267 2586; x_wconf 90' lang='lat' dir='ltr'><strong>sunt</strong></span> <span class='ocrx_word' id='word_1_304' title='bbox 1294 2530 1600 2586; x_wconf 87' lang='lat' dir='ltr'><strong>sacerdotio</strong></span> <span class='ocrx_word' id='word_1_305' title='bbox 1623 2529 1794 2599; x_wconf 87' lang='lat' dir='ltr'><strong>fungi.</strong></span> <span class='ocrx_word' id='word_1_306' title='bbox 1817 2528 1953 2585; x_wconf 87' lang='lat' dir='ltr'><strong>Vide</strong></span> <span class='ocrx_word' id='word_1_307' title='bbox 1977 2537 2156 2584; x_wconf 87' lang='lat' dir='ltr'><strong>autem</strong></span> <span class='ocrx_word' id='word_1_308' title='bbox 2179 2539 2234 2583; x_wconf 87' lang='lat' dir='ltr'><strong>et</strong></span> <span class='ocrx_word' id='word_1_309' title='bbox 2261 2539 2315 2583; x_wconf 88' lang='lat' dir='ltr'><strong>tu</strong></span> 
     </span>
    </p>
   </div>
   <div class='ocr_carea' id='block_1_42' title="bbox 730 2618 2316 2691">
    <p class='ocr_par' dir='ltr' id='par_1_42' title="bbox 730 2618 2316 2691">
     <span class='ocr_line' id='line_1_42' title="bbox 730 2618 2316 2691; baseline 0.001 -17"><span class='ocrx_word' id='word_1_310' title='bbox 730 2637 801 2675; x_wconf 84' lang='lat' dir='ltr'><strong>ne</strong></span> <span class='ocrx_word' id='word_1_311' title='bbox 852 2623 992 2677; x_wconf 87' lang='lat' dir='ltr'><strong>forte</strong></span> <span class='ocrx_word' id='word_1_312' title='bbox 1044 2622 1299 2689; x_wconf 89' lang='lat' dir='ltr'><strong>templum</strong></span> <span class='ocrx_word' id='word_1_313' title='bbox 1351 2622 1482 2685; x_wconf 87' lang='lat' dir='ltr'><strong>Dei,</strong></span> <span class='ocrx_word' id='word_1_314' title='bbox 1518 2622 1900 2691; x_wconf 84' lang='lat' dir='ltr'><strong>cogitationem</strong></span> <span class='ocrx_word' id='word_1_315' title='bbox 1953 2631 2099 2674; x_wconf 89' lang='lat' dir='ltr'><strong>tuam</strong></span> <span class='ocrx_word' id='word_1_316' title='bbox 2145 2618 2316 2676; x_wconf 79' lang='lat' dir='ltr'><strong>facias</strong></span> 
     </span>
    </p>
   </div>
   <div class='ocr_carea' id='block_1_43' title="bbox 730 2709 2313 2780">
    <p class='ocr_par' dir='ltr' id='par_1_43' title="bbox 730 2709 2313 2780">
     <span class='ocr_line' id='line_1_43' title="bbox 730 2709 2313 2780; baseline -0.002 -13"><span class='ocrx_word' id='word_1_317' title='bbox 730 2713 1042 2780; x_wconf 77' lang='lat' dir='ltr'><strong>speluncam</strong></span> <span class='ocrx_word' id='word_1_318' title='bbox 1056 2713 1351 2778; x_wconf 89' lang='lat' dir='ltr'><strong>latronum,</strong></span> <span class='ocrx_word' id='word_1_319' title='bbox 1368 2713 1419 2767; x_wconf 88' lang='lat' dir='ltr'><strong>id</strong></span> <span class='ocrx_word' id='word_1_320' title='bbox 1436 2723 1543 2775; x_wconf 85' lang='lat' dir='ltr'><strong>est.</strong></span> <span class='ocrx_word' id='word_1_321' title='bbox 1570 2712 1978 2767; x_wconf 64' lang='lat' dir='ltr'><strong>daemoniorum.</strong></span> <span class='ocrx_word' id='word_1_322' title='bbox 1998 2709 2118 2765; x_wconf 85' lang='lat' dir='ltr'><strong>Fiet</strong></span> <span class='ocrx_word' id='word_1_323' title='bbox 2133 2721 2313 2765; x_wconf 84' lang='lat' dir='ltr'><strong>autem</strong></span> 
     </span>
    </p>
   </div>
   <div class='ocr_carea' id='block_1_44' title="bbox 730 2802 2315 2874">
    <p class='ocr_par' dir='ltr' id='par_1_44' title="bbox 730 2802 2315 2874">
     <span class='ocr_line' id='line_1_44' title="bbox 730 2802 2315 2874; baseline -0.001 -15"><span class='ocrx_word' id='word_1_324' title='bbox 730 2804 1010 2874; x_wconf 85' lang='lat' dir='ltr'><strong>spelunca,</strong></span> <span class='ocrx_word' id='word_1_325' title='bbox 1041 2803 1085 2859; x_wconf 88' lang='lat' dir='ltr'><strong>si</strong></span> <span class='ocrx_word' id='word_1_326' title='bbox 1117 2805 1469 2859; x_wconf 82' lang='lat' dir='ltr'><strong>habuerimus</strong></span> <span class='ocrx_word' id='word_1_327' title='bbox 1496 2802 1855 2873; x_wconf 84' lang='lat' dir='ltr'><strong>cogitationes</strong></span> <span class='ocrx_word' id='word_1_328' title='bbox 1877 2803 2191 2857; x_wconf 79' lang='lat' dir='ltr'><strong>carnalibus</strong></span> <span class='ocrx_word' id='word_1_329' title='bbox 2226 2818 2315 2857; x_wconf 89' lang='lat' dir='ltr'><strong>re-</strong></span> 
     </span>
    </p>
   </div>
   <div class='ocr_carea' id='block_1_45' title="bbox 726 2896 2315 2965">
    <p class='ocr_par' dir='ltr' id='par_1_45' title="bbox 726 2896 2315 2965">
     <span class='ocr_line' id='line_1_45' title="bbox 726 2896 2315 2965; baseline -0.003 -12"><span class='ocrx_word' id='word_1_330' title='bbox 726 2899 832 2953; x_wconf 80' lang='lat' dir='ltr'><strong>bus</strong></span> <span class='ocrx_word' id='word_1_331' title='bbox 860 2899 1403 2965; x_wconf 86' lang='lat' dir='ltr'><strong>amicas,veudentes</strong></span> <span class='ocrx_word' id='word_1_332' title='bbox 1430 2909 1481 2953; x_wconf 91' lang='lat' dir='ltr'><strong>et</strong></span> <span class='ocrx_word' id='word_1_333' title='bbox 1513 2908 1778 2961; x_wconf 89' lang='lat' dir='ltr'><strong>ementes,</strong></span> <span class='ocrx_word' id='word_1_334' title='bbox 1798 2908 1851 2953; x_wconf 91' lang='lat' dir='ltr'><strong>et</strong></span> <span class='ocrx_word' id='word_1_335' title='bbox 1883 2896 1958 2951; x_wconf 90' lang='lat' dir='ltr'><strong>ita</strong></span> <span class='ocrx_word' id='word_1_336' title='bbox 1991 2897 2128 2950; x_wconf 89' lang='lat' dir='ltr'><strong>lucri</strong></span> <span class='ocrx_word' id='word_1_337' title='bbox 2162 2897 2315 2963; x_wconf 86' lang='lat' dir='ltr'><strong>cupi-</strong></span> 
     </span>
    </p>
   </div>
   <div class='ocr_carea' id='block_1_46' title="bbox 728 2987 2310 3061">
    <p class='ocr_par' dir='ltr' id='par_1_46' title="bbox 728 2987 2310 3061">
     <span class='ocr_line' id='line_1_46' title="bbox 728 2987 2310 3061; baseline -0.001 -17"><span class='ocrx_word' id='word_1_338' title='bbox 728 2990 844 3053; x_wconf 80' lang='lat' dir='ltr'><strong>das,</strong></span> <span class='ocrx_word' id='word_1_339' title='bbox 881 3000 938 3043; x_wconf 93' lang='lat' dir='ltr'><strong>nt</strong></span> <span class='ocrx_word' id='word_1_340' title='bbox 984 3000 1038 3044; x_wconf 89' lang='lat' dir='ltr'><strong>et</strong></span> <span class='ocrx_word' id='word_1_341' title='bbox 1070 2991 1307 3061; x_wconf 85' lang='lat' dir='ltr'><strong>collybos</strong></span> <span class='ocrx_word' id='word_1_342' title='bbox 1341 3001 1393 3045; x_wconf 93' lang='lat' dir='ltr'><strong>et</strong></span> <span class='ocrx_word' id='word_1_343' title='bbox 1426 2987 1545 3045; x_wconf 83' lang='lat' dir='ltr'><strong>vilia</strong></span> <span class='ocrx_word' id='word_1_344' title='bbox 1578 2990 1906 3045; x_wconf 87' lang='lat' dir='ltr'><strong>numismata</strong></span> <span class='ocrx_word' id='word_1_345' title='bbox 1942 3000 2310 3061; x_wconf 85' lang='lat' dir='ltr'><strong>congregem;</strong></span> 
     </span>
    </p>
   </div>
   <div class='ocr_carea' id='block_1_47' title="bbox 732 3078 2311 3152">
    <p class='ocr_par' dir='ltr' id='par_1_47' title="bbox 732 3078 2311 3152">
     <span class='ocr_line' id='line_1_47' title="bbox 732 3078 2311 3152; baseline -0.001 -15"><span class='ocrx_word' id='word_1_346' title='bbox 732 3078 887 3152; x_wconf 73' lang='grc' dir='ltr'>ιιι</span> <span class='ocrx_word' id='word_1_347' title='bbox 939 3092 993 3137; x_wconf 91' lang='lat' dir='ltr'><strong>et</strong></span> <span class='ocrx_word' id='word_1_348' title='bbox 1039 3082 1083 3137; x_wconf 90' lang='lat' dir='ltr'><strong>si</strong></span> <span class='ocrx_word' id='word_1_349' title='bbox 1132 3082 1536 3137; x_wconf 85' lang='lat' dir='ltr'><strong>vendiderimus</strong></span> <span class='ocrx_word' id='word_1_350' title='bbox 1585 3092 1638 3138; x_wconf 91' lang='lat' dir='ltr'><strong>et</strong></span> <span class='ocrx_word' id='word_1_351' title='bbox 1672 3083 1968 3137; x_wconf 89' lang='lat' dir='ltr'><strong>emerimns</strong></span> <span class='ocrx_word' id='word_1_352' title='bbox 2001 3082 2311 3144; x_wconf 84' lang='lat' dir='ltr'><strong>columbas,</strong></span> 
     </span>
    </p>
   </div>
   <div class='ocr_carea' id='block_1_48' title="bbox 2425 1882 4021 1962">
    <p class='ocr_par' dir='ltr' id='par_1_48' title="bbox 2425 1882 4021 1962">
     <span class='ocr_line' id='line_1_48' title="bbox 2425 1882 4021 1962; baseline -0.006 -16"><span class='ocrx_word' id='word_1_353' title='bbox 2425 1894 2549 1946; x_wconf 81' lang='grc' dir='ltr'>λεσε</span> <span class='ocrx_word' id='word_1_354' title='bbox 2580 1895 2640 1946; x_wconf 78' lang='grc' dir='ltr'>τὸ</span> <span class='ocrx_word' id='word_1_355' title='bbox 2668 1894 2817 1962; x_wconf 88' lang='grc' dir='ltr'>ίερόν</span> <span class='ocrx_word' id='word_1_356' title='bbox 2838 1910 2851 1925; x_wconf 91' lang='grc'><strong>·</strong></span> <span class='ocrx_word' id='word_1_357' title='bbox 2881 1893 2943 1945; x_wconf 86' lang='grc' dir='ltr'>τδ</span> <span class='ocrx_word' id='word_1_358' title='bbox 2982 1892 3093 1961; x_wconf 86' lang='grc' dir='ltr'><strong>γὰρ</strong></span> <span class='ocrx_word' id='word_1_359' title='bbox 3140 1889 3456 1961; x_wconf 72' lang='grc' dir='ltr'>φιλοκερδὶς</span> <span class='ocrx_word' id='word_1_360' title='bbox 3475 1928 3490 1951; x_wconf 91' lang='grc'><strong>,</strong></span> <span class='ocrx_word' id='word_1_361' title='bbox 3519 1884 3820 1960; x_wconf 76' lang='grc' dir='ltr'>λῃστρικὸν</span> <span class='ocrx_word' id='word_1_362' title='bbox 3848 1882 4021 1946; x_wconf 80' lang='grc' dir='ltr'>πάθος</span> 
     </span>
    </p>
   </div>
   <div class='ocr_carea' id='block_1_49' title="bbox 2424 1976 4017 2051">
    <p class='ocr_par' dir='ltr' id='par_1_49' title="bbox 2424 1976 4017 2051">
     <span class='ocr_line' id='line_1_49' title="bbox 2424 1976 4017 2051; baseline -0.006 -12"><span class='ocrx_word' id='word_1_363' title='bbox 2424 1986 2581 2040; x_wconf 64' lang='grc' dir='ltr'>ἐστί’</span> <span class='ocrx_word' id='word_1_364' title='bbox 2632 1983 2986 2038; x_wconf 69' lang='grc' dir='ltr'>κολλυϐισταὶ</span> <span class='ocrx_word' id='word_1_365' title='bbox 3019 1983 3078 2037; x_wconf 69' lang='grc' dir='ltr'><strong>δέ</strong></span> <span class='ocrx_word' id='word_1_366' title='bbox 3108 1984 3248 2036; x_wconf 87' lang='grc' dir='ltr'>είσιν</span> <span class='ocrx_word' id='word_1_367' title='bbox 3283 1982 3333 2034; x_wconf 86' lang='grc' dir='ltr'><strong>οί</strong></span> <span class='ocrx_word' id='word_1_368' title='bbox 3376 1980 3507 2050; x_wconf 77' lang='grc' dir='ltr'>παρ’</span> <span class='ocrx_word' id='word_1_369' title='bbox 3555 1980 3691 2051; x_wconf 73' lang='grc' dir='ltr'>ἡμῖν</span> <span class='ocrx_word' id='word_1_370' title='bbox 3731 1976 4017 2047; x_wconf 73' lang='grc' dir='ltr'>λεγόμενοι</span> 
     </span>
    </p>
   </div>
   <div class='ocr_carea' id='block_1_50' title="bbox 2422 2065 4018 2147">
    <p class='ocr_par' dir='ltr' id='par_1_50' title="bbox 2422 2065 4018 2147">
     <span class='ocr_line' id='line_1_50' title="bbox 2422 2065 4018 2147; baseline -0.007 -18"><span class='ocrx_word' id='word_1_371' title='bbox 2422 2073 2769 2147; x_wconf 61' lang='grc' dir='ltr'>τραπεζίταιθ</span> <span class='ocrx_word' id='word_1_372' title='bbox 2798 2074 3057 2137; x_wconf 79' lang='grc' dir='ltr'>κόλλυσος</span> <span class='ocrx_word' id='word_1_373' title='bbox 3083 2073 3213 2143; x_wconf 79' lang='grc' dir='ltr'>γάρ,</span> <span class='ocrx_word' id='word_1_374' title='bbox 3242 2065 3386 2135; x_wconf 62' lang='lat' dir='ltr'><strong>des;</strong></span> <span class='ocrx_word' id='word_1_375' title='bbox 3412 2072 3529 2123; x_wconf 68' lang='grc' dir='ltr'>εστι</span> <span class='ocrx_word' id='word_1_376' title='bbox 3562 2068 3904 2139; x_wconf 84' lang='grc' dir='ltr'>νομίσματος</span> <span class='ocrx_word' id='word_1_377' title='bbox 3927 2066 4018 2119; x_wconf 76' lang='grc' dir='ltr'><strong>εὐ⁴</strong></span> 
     </span>
    </p>
   </div>
   <div class='ocr_carea' id='block_1_51' title="bbox 2421 2153 4016 2233">
    <p class='ocr_par' dir='ltr' id='par_1_51' title="bbox 2421 2153 4016 2233">
     <span class='ocr_line' id='line_1_51' title="bbox 2421 2153 4016 2233; baseline -0.008 -15"><span class='ocrx_word' id='word_1_378' title='bbox 2421 2164 2633 2228; x_wconf 82' lang='grc' dir='ltr'>τελοῦς,</span> <span class='ocrx_word' id='word_1_379' title='bbox 2658 2164 2848 2231; x_wconf 86' lang='grc' dir='ltr'>ῶσπερ</span> <span class='ocrx_word' id='word_1_380' title='bbox 2871 2162 3071 2233; x_wconf 75' lang='grc' dir='ltr'>ἔχομεν</span> <span class='ocrx_word' id='word_1_381' title='bbox 3094 2161 3259 2232; x_wconf 81' lang='grc' dir='ltr'>τυχὸν</span> <span class='ocrx_word' id='word_1_382' title='bbox 3294 2158 3608 2232; x_wconf 76' lang='grc' dir='ltr'>ἡμεῖς’τοὺς</span> <span class='ocrx_word' id='word_1_383' title='bbox 3636 2156 3863 2218; x_wconf 75' lang='grc' dir='ltr'>ὀϐολοὺς</span> <span class='ocrx_word' id='word_1_384' title='bbox 3884 2154 3926 2224; x_wconf 72' lang='grc' dir='ltr'>ἢ</span> <span class='ocrx_word' id='word_1_385' title='bbox 3947 2153 4016 2206; x_wconf 76' lang='grc' dir='ltr'><strong>τά</strong></span> 
     </span>
    </p>
   </div>
   <div class='ocr_carea' id='block_1_52' title="bbox 2420 2241 4016 2326">
    <p class='ocr_par' dir='ltr' id='par_1_52' title="bbox 2420 2241 4016 2326">
     <span class='ocr_line' id='line_1_52' title="bbox 2420 2241 4016 2326; baseline -0.008 -15"><span class='ocrx_word' id='word_1_386' title='bbox 2420 2257 2686 2326; x_wconf 79' lang='grc' dir='ltr'>ἀργύρια.</span> <span class='ocrx_word' id='word_1_387' title='bbox 2730 2254 2980 2309; x_wconf 82' lang='grc' dir='ltr'>Πωλοῦσι</span> <span class='ocrx_word' id='word_1_388' title='bbox 3004 2254 3062 2308; x_wconf 72' lang='grc' dir='ltr'><strong>δὲ</strong></span> <span class='ocrx_word' id='word_1_389' title='bbox 3096 2251 3430 2325; x_wconf 81' lang='grc' dir='ltr'>περιστεράς</span> <span class='ocrx_word' id='word_1_390' title='bbox 3463 2250 3560 2305; x_wconf 78' lang='grc' dir='ltr'><strong>καὶ</strong></span> <span class='ocrx_word' id='word_1_391' title='bbox 3585 2250 3634 2304; x_wconf 89' lang='grc' dir='ltr'><strong>οί</strong></span> <span class='ocrx_word' id='word_1_392' title='bbox 3664 2241 3790 2315; x_wconf 73' lang='grc' dir='ltr'>τοὺς</span> <span class='ocrx_word' id='word_1_393' title='bbox 3816 2249 3876 2299; x_wconf 81' lang='grc' dir='ltr'>ὲν</span> <span class='ocrx_word' id='word_1_394' title='bbox 3896 2248 4016 2308; x_wconf 85' lang='grc' dir='ltr'>ταῖς</span> 
     </span>
    </p>
   </div>
   <div class='ocr_carea' id='block_1_53' title="bbox 2433 2338 4015 2420">
    <p class='ocr_par' dir='ltr' id='par_1_53' title="bbox 2433 2338 4015 2420">
     <span class='ocr_line' id='line_1_53' title="bbox 2433 2338 4015 2420; baseline -0.008 -15"><span class='ocrx_word' id='word_1_395' title='bbox 2433 2350 2780 2420; x_wconf 83' lang='grc' dir='ltr'>Ἐκκλησίαις</span> <span class='ocrx_word' id='word_1_396' title='bbox 2805 2348 3049 2419; x_wconf 87' lang='grc' dir='ltr'>βαθμοὺς</span> <span class='ocrx_word' id='word_1_397' title='bbox 3072 2348 3403 2410; x_wconf 79' lang='grc' dir='ltr'>πωλοῦντες.</span> <span class='ocrx_word' id='word_1_398' title='bbox 3428 2346 3543 2417; x_wconf 75' lang='grc' dir='ltr'><strong>Τὴν</strong></span> <span class='ocrx_word' id='word_1_399' title='bbox 3572 2344 3683 2415; x_wconf 80' lang='grc' dir='ltr'>γὰρ</span> <span class='ocrx_word' id='word_1_400' title='bbox 3715 2342 3813 2396; x_wconf 86' lang='grc' dir='ltr'><strong>τοῦ</strong></span> <span class='ocrx_word' id='word_1_401' title='bbox 3843 2338 4015 2395; x_wconf 80' lang='grc' dir='ltr'>Πνεῦ-</span> 
     </span>
    </p>
   </div>
   <div class='ocr_carea' id='block_1_54' title="bbox 2425 2428 4012 2514">
    <p class='ocr_par' dir='ltr' id='par_1_54' title="bbox 2425 2428 4012 2514">
     <span class='ocr_line' id='line_1_54' title="bbox 2425 2428 4012 2514; baseline -0.008 -18"><span class='ocrx_word' id='word_1_402' title='bbox 2425 2460 2594 2513; x_wconf 83' lang='grc' dir='ltr'>ματος</span> <span class='ocrx_word' id='word_1_403' title='bbox 2631 2443 2831 2514; x_wconf 81' lang='grc' dir='ltr'>χάριν,</span> <span class='ocrx_word' id='word_1_404' title='bbox 2886 2442 2916 2495; x_wconf 83' lang='grc' dir='ltr'><strong>δ</strong></span> <span class='ocrx_word' id='word_1_405' title='bbox 2962 2444 3079 2495; x_wconf 70' lang='grc' dir='ltr'>ὕστι</span> <span class='ocrx_word' id='word_1_406' title='bbox 3134 2440 3474 2510; x_wconf 82' lang='grc' dir='ltr'>περιστερά,</span> <span class='ocrx_word' id='word_1_407' title='bbox 3516 2436 3791 2491; x_wconf 82' lang='grc' dir='ltr'>πωλοῦσιν</span> <span class='ocrx_word' id='word_1_408' title='bbox 3836 2428 4012 2488; x_wconf 85' lang='grc' dir='ltr'>αὐτοί.</span> 
     </span>
    </p>
   </div>
   <div class='ocr_carea' id='block_1_55' title="bbox 2423 2524 4011 2595">
    <p class='ocr_par' dir='ltr' id='par_1_55' title="bbox 2423 2524 4011 2595">
     <span class='ocr_line' id='line_1_55' title="bbox 2423 2524 4011 2595; baseline -0.01 -3"><span class='ocrx_word' id='word_1_409' title='bbox 2423 2537 2587 2592; x_wconf 84' lang='grc' dir='ltr'>Ὅθεν</span> <span class='ocrx_word' id='word_1_410' title='bbox 2619 2535 2974 2591; x_wconf 62' lang='grc' dir='ltr'>ἐπιϐάλλονται</span> <span class='ocrx_word' id='word_1_411' title='bbox 3007 2536 3072 2589; x_wconf 71' lang='lat' dir='ltr'><strong>lx</strong></span> <span class='ocrx_word' id='word_1_412' title='bbox 3103 2532 3201 2587; x_wconf 88' lang='grc' dir='ltr'><strong>τοῦ</strong></span> <span class='ocrx_word' id='word_1_413' title='bbox 3236 2532 3349 2586; x_wconf 76' lang='grc' dir='ltr'>ἄνω</span> <span class='ocrx_word' id='word_1_414' title='bbox 3388 2527 3542 2595; x_wconf 88' lang='grc' dir='ltr'>ναοῦ,</span> <span class='ocrx_word' id='word_1_415' title='bbox 3576 2524 3795 2581; x_wconf 75' lang='grc' dir='ltr'>καὶτοῦ</span> <span class='ocrx_word' id='word_1_416' title='bbox 3827 2524 4011 2578; x_wconf 75' lang='grc' dir='ltr'>κάτω·</span> 
     </span>
    </p>
   </div>
   <div class='ocr_carea' id='block_1_56' title="bbox 2421 2618 4015 2698">
    <p class='ocr_par' dir='ltr' id='par_1_56' title="bbox 2421 2618 4015 2698">
     <span class='ocr_line' id='line_1_56' title="bbox 2421 2618 4015 2698; baseline -0.009 -15"><span class='ocrx_word' id='word_1_417' title='bbox 2421 2628 2629 2693; x_wconf 80' lang='grc' dir='ltr'>ἀνάξιοι</span> <span class='ocrx_word' id='word_1_418' title='bbox 2656 2628 2766 2697; x_wconf 87' lang='grc' dir='ltr'><strong>γάρ</strong></span> <span class='ocrx_word' id='word_1_419' title='bbox 2789 2629 2929 2682; x_wconf 87' lang='grc' dir='ltr'>είσιν</span> <span class='ocrx_word' id='word_1_420' title='bbox 2950 2625 3273 2698; x_wconf 75' lang='grc' dir='ltr'>ἱερατεύειν.</span> <span class='ocrx_word' id='word_1_421' title='bbox 3304 2622 3479 2677; x_wconf 73' lang='grc' dir='ltr'>Βλέπε</span> <span class='ocrx_word' id='word_1_422' title='bbox 3504 2620 3561 2674; x_wconf 65' lang='grc' dir='ltr'><strong>δὲ</strong></span> <span class='ocrx_word' id='word_1_423' title='bbox 3588 2620 3683 2673; x_wconf 74' lang='grc' dir='ltr'><strong>καὶ</strong></span> <span class='ocrx_word' id='word_1_424' title='bbox 3710 2618 3776 2672; x_wconf 75' lang='grc' dir='ltr'>σὺ</span> <span class='ocrx_word' id='word_1_425' title='bbox 3801 2618 4015 2688; x_wconf 80' lang='grc' dir='ltr'>μήποτε</span> 
     </span>
    </p>
   </div>
   <div class='ocr_carea' id='block_1_57' title="bbox 2425 2708 4013 2793">
    <p class='ocr_par' dir='ltr' id='par_1_57' title="bbox 2425 2708 4013 2793">
     <span class='ocr_line' id='line_1_57' title="bbox 2425 2708 4013 2793; baseline -0.009 -17"><span class='ocrx_word' id='word_1_426' title='bbox 2425 2724 2489 2776; x_wconf 84' lang='grc' dir='ltr'>τὸ</span> <span class='ocrx_word' id='word_1_427' title='bbox 2522 2722 2666 2793; x_wconf 75' lang='grc' dir='ltr'>ἱερὸν</span> <span class='ocrx_word' id='word_1_428' title='bbox 2686 2721 2781 2775; x_wconf 88' lang='grc' dir='ltr'><strong>τοῦ</strong></span> <span class='ocrx_word' id='word_1_429' title='bbox 2804 2721 2965 2784; x_wconf 84' lang='grc' dir='ltr'>Θεοῦ,</span> <span class='ocrx_word' id='word_1_430' title='bbox 2996 2719 3269 2780; x_wconf 83' lang='grc' dir='ltr'>τουτέστι,</span> <span class='ocrx_word' id='word_1_431' title='bbox 3289 2717 3391 2787; x_wconf 80' lang='grc' dir='ltr'>τὴν</span> <span class='ocrx_word' id='word_1_432' title='bbox 3420 2716 3520 2787; x_wconf 84' lang='grc' dir='ltr'>σὴν</span> <span class='ocrx_word' id='word_1_433' title='bbox 3546 2713 3790 2768; x_wconf 83' lang='grc' dir='ltr'>διάνοιαν</span> <span class='ocrx_word' id='word_1_434' title='bbox 3807 2751 3823 2775; x_wconf 90' lang='grc'><strong>,</strong></span> <span class='ocrx_word' id='word_1_435' title='bbox 3851 2708 4013 2778; x_wconf 76' lang='grc' dir='ltr'>ποιή·</span> 
     </span>
    </p>
   </div>
   <div class='ocr_carea' id='block_1_58' title="bbox 2421 2802 4019 2887">
    <p class='ocr_par' dir='ltr' id='par_1_58' title="bbox 2421 2802 4019 2887">
     <span class='ocr_line' id='line_1_58' title="bbox 2421 2802 4019 2887; baseline -0.011 -18"><span class='ocrx_word' id='word_1_436' title='bbox 2421 2830 2522 2887; x_wconf 76' lang='grc' dir='ltr'>σῃς</span> <span class='ocrx_word' id='word_1_437' title='bbox 2551 2814 2817 2883; x_wconf 84' lang='grc' dir='ltr'>σπήλαιον</span> <span class='ocrx_word' id='word_1_438' title='bbox 2840 2812 3057 2886; x_wconf 77' lang='grc' dir='ltr'>λῃστῶν</span> <span class='ocrx_word' id='word_1_439' title='bbox 3075 2814 3379 2877; x_wconf 85' lang='grc' dir='ltr'>,τουτέστι,</span> <span class='ocrx_word' id='word_1_440' title='bbox 3397 2809 3505 2862; x_wconf 87' lang='grc' dir='ltr'><strong>τῶν</strong></span> <span class='ocrx_word' id='word_1_441' title='bbox 3539 2805 3832 2877; x_wconf 80' lang='grc' dir='ltr'>δαιμόνων.</span> <span class='ocrx_word' id='word_1_442' title='bbox 3848 2802 4019 2872; x_wconf 76' lang='grc' dir='ltr'><strong>Γενήι-</strong></span> 
     </span>
    </p>
   </div>
   <div class='ocr_carea' id='block_1_59' title="bbox 2420 2898 4019 2979">
    <p class='ocr_par' dir='ltr' id='par_1_59' title="bbox 2420 2898 4019 2979">
     <span class='ocr_line' id='line_1_59' title="bbox 2420 2898 4019 2979; baseline -0.008 -17"><span class='ocrx_word' id='word_1_443' title='bbox 2420 2926 2573 2963; x_wconf 89' lang='grc' dir='ltr'>σεται</span> <span class='ocrx_word' id='word_1_444' title='bbox 2594 2909 2650 2962; x_wconf 80' lang='grc' dir='ltr'><strong>δὲ</strong></span> <span class='ocrx_word' id='word_1_445' title='bbox 2681 2908 2969 2979; x_wconf 78' lang='grc' dir='ltr'>σπήλαιον,</span> <span class='ocrx_word' id='word_1_446' title='bbox 3000 2907 3095 2960; x_wconf 67' lang='lat' dir='ltr'><strong>sev</strong></span> <span class='ocrx_word' id='word_1_447' title='bbox 3122 2906 3337 2975; x_wconf 81' lang='grc' dir='ltr'>ἔχωμεν</span> <span class='ocrx_word' id='word_1_448' title='bbox 3371 2903 3666 2973; x_wconf 78' lang='grc' dir='ltr'>λογισμοὺς</span> <span class='ocrx_word' id='word_1_449' title='bbox 3700 2898 4019 2970; x_wconf 76' lang='grc' dir='ltr'>φιλοῠλους,</span> 
     </span>
    </p>
   </div>
   <div class='ocr_carea' id='block_1_60' title="bbox 2419 2991 4018 3068">
    <p class='ocr_par' dir='ltr' id='par_1_60' title="bbox 2419 2991 4018 3068">
     <span class='ocr_line' id='line_1_60' title="bbox 2419 2991 4018 3068; baseline -0.008 -14"><span class='ocrx_word' id='word_1_450' title='bbox 2419 3000 2733 3062; x_wconf 84' lang='grc' dir='ltr'>πωλοῦντας</span> <span class='ocrx_word' id='word_1_451' title='bbox 2794 2999 2891 3053; x_wconf 74' lang='grc' dir='ltr'><strong>καὶ</strong></span> <span class='ocrx_word' id='word_1_452' title='bbox 2958 2998 3329 3068; x_wconf 77' lang='grc' dir='ltr'>ἀγοράζοντας</span> <span class='ocrx_word' id='word_1_453' title='bbox 3375 2995 3470 3049; x_wconf 76' lang='grc' dir='ltr'><strong>καὶ</strong></span> <span class='ocrx_word' id='word_1_454' title='bbox 3530 2991 4018 3064; x_wconf 72' lang='grc' dir='ltr'>φιλοχρημάτους,</span> 
     </span>
    </p>
   </div>
   <div class='ocr_carea' id='block_1_61' title="bbox 2417 3080 4014 3162">
    <p class='ocr_par' dir='ltr' id='par_1_61' title="bbox 2417 3080 4014 3162">
     <span class='ocr_line' id='line_1_61' title="bbox 2417 3080 4014 3162; baseline -0.008 -15"><span class='ocrx_word' id='word_1_455' title='bbox 2417 3094 2544 3162; x_wconf 82' lang='grc' dir='ltr'>άχρι</span> <span class='ocrx_word' id='word_1_456' title='bbox 2574 3090 2669 3142; x_wconf 78' lang='grc' dir='ltr'><strong>καὶ</strong></span> <span class='ocrx_word' id='word_1_457' title='bbox 2700 3088 2879 3143; x_wconf 85' lang='grc' dir='ltr'>αὐτῶν</span> <span class='ocrx_word' id='word_1_458' title='bbox 2907 3088 3018 3142; x_wconf 90' lang='grc' dir='ltr'><strong>τῶν</strong></span> <span class='ocrx_word' id='word_1_459' title='bbox 3047 3087 3326 3142; x_wconf 78' lang='grc' dir='ltr'>κολλύσων</span> <span class='ocrx_word' id='word_1_460' title='bbox 3355 3086 3477 3158; x_wconf 67' lang='grc' dir='ltr'>ἦτοι</span> <span class='ocrx_word' id='word_1_461' title='bbox 3514 3084 3625 3138; x_wconf 90' lang='grc' dir='ltr'><strong>τῶν</strong></span> <span class='ocrx_word' id='word_1_462' title='bbox 3651 3080 3887 3137; x_wconf 79' lang='grc' dir='ltr'>εὐτελῶν</span> <span class='ocrx_word' id='word_1_463' title='bbox 3922 3097 4014 3135; x_wconf 84' lang='grc' dir='ltr'>νο·</span> 
     </span>
    </p>
   </div>
   <div class='ocr_carea' id='block_1_62' title="bbox 727 3172 2420 3265">
    <p class='ocr_par' dir='ltr' id='par_1_62' title="bbox 727 3172 2384 3265">
     <span class='ocr_line' id='line_1_62' title="bbox 727 3172 2384 3265; baseline 0 -38"><span class='ocrx_word' id='word_1_464' title='bbox 727 3174 830 3227; x_wconf 81' lang='grc' dir='ltr'>Ιιοο</span> <span class='ocrx_word' id='word_1_465' title='bbox 855 3181 973 3235; x_wconf 91' lang='lat' dir='ltr'><strong>est,</strong></span> <span class='ocrx_word' id='word_1_466' title='bbox 998 3173 1041 3226; x_wconf 90' lang='lat' dir='ltr'><strong>si</strong></span> <span class='ocrx_word' id='word_1_467' title='bbox 1074 3174 1214 3242; x_wconf 91' lang='lat' dir='ltr'><strong>quod</strong></span> <span class='ocrx_word' id='word_1_468' title='bbox 1243 3174 1294 3227; x_wconf 89' lang='lat' dir='ltr'><strong>in</strong></span> <span class='ocrx_word' id='word_1_469' title='bbox 1328 3173 1481 3227; x_wconf 88' lang='lat' dir='ltr'><strong>nobis</strong></span> <span class='ocrx_word' id='word_1_470' title='bbox 1510 3172 1672 3227; x_wconf 82' lang='lat' dir='ltr'><strong>fuerit</strong></span> <span class='ocrx_word' id='word_1_471' title='bbox 1703 3174 1987 3242; x_wconf 84' lang='lat' dir='ltr'><strong>spiritualc</strong></span> <span class='ocrx_word' id='word_1_472' title='bbox 2012 3172 2227 3241; x_wconf 84' lang='lat' dir='ltr'><strong>dogma,</strong></span> <span class='ocrx_word' id='word_1_473' title='bbox 2260 3182 2313 3227; x_wconf 84' lang='lat' dir='ltr'><strong>et</strong></span> <span class='ocrx_word' id='word_1_474' title='bbox 2341 3209 2384 3265; x_wconf 65' lang='grc' dir='ltr'>ο</span> 
     </span>
    </p>
   </div>
   <div class='ocr_carea' id='block_1_63' title="bbox 2326 3172 4019 3265">
    <p class='ocr_par' dir='ltr' id='par_1_63' title="bbox 2341 3173 4019 3265">
     <span class='ocr_line' id='line_1_63' title="bbox 2341 3173 4019 3265; baseline -0.007 -28"><span class='ocrx_word' id='word_1_475' title='bbox 2341 3209 2384 3265; x_wconf 78' lang='lat' dir='ltr'><strong>C</strong></span> <span class='ocrx_word' id='word_1_476' title='bbox 2424 3176 2713 3254; x_wconf 80' lang='grc' dir='ltr'>μισμάτων</span> <span class='ocrx_word' id='word_1_477' title='bbox 2762 3182 3095 3250; x_wconf 85' lang='grc' dir='ltr'>συνάγοντας</span> <span class='ocrx_word' id='word_1_478' title='bbox 3130 3198 3143 3211; x_wconf 90' lang='grc'><strong>·</strong></span> <span class='ocrx_word' id='word_1_479' title='bbox 3184 3181 3280 3233; x_wconf 70' lang='grc' dir='ltr'><strong>καὶ</strong></span> <span class='ocrx_word' id='word_1_480' title='bbox 3334 3181 3429 3233; x_wconf 73' lang='grc' dir='ltr'><strong>ἐὰν</strong></span> <span class='ocrx_word' id='word_1_481' title='bbox 3479 3176 3752 3265; x_wconf 87' lang='grc' dir='ltr'>πωλῶμεν</span> <span class='ocrx_word' id='word_1_482' title='bbox 3802 3176 3859 3229; x_wconf 70' lang='grc' dir='ltr'><strong>δι</strong></span> <span class='ocrx_word' id='word_1_483' title='bbox 3916 3173 4019 3227; x_wconf 79' lang='grc' dir='ltr'><strong>καὶ</strong></span> 
     </span>
    </p>
   </div>
   <div class='ocr_carea' id='block_1_64' title="bbox 728 3261 2421 3345">
    <p class='ocr_par' dir='ltr' id='par_1_64' title="bbox 728 3261 2421 3334">
     <span class='ocr_line' id='line_1_64' title="bbox 728 3261 2421 3334; baseline 0.002 -17"><span class='ocrx_word' id='word_1_484' title='bbox 728 3264 1038 3333; x_wconf 75' lang='lat' dir='ltr'><strong>liujusmodi</strong></span> <span class='ocrx_word' id='word_1_485' title='bbox 1079 3266 1303 3318; x_wconf 84' lang='lat' dir='ltr'><strong>honesta</strong></span> <span class='ocrx_word' id='word_1_486' title='bbox 1346 3266 1605 3334; x_wconf 82' lang='lat' dir='ltr'><strong>cogitatio</strong></span> <span class='ocrx_word' id='word_1_487' title='bbox 1631 3312 1643 3329; x_wconf 80' lang='lat'><strong>,</strong></span> <span class='ocrx_word' id='word_1_488' title='bbox 1677 3267 1990 3333; x_wconf 86' lang='lat' dir='ltr'><strong>speluncam</strong></span> <span class='ocrx_word' id='word_1_489' title='bbox 2042 3265 2310 3318; x_wconf 87' lang='lat' dir='ltr'><strong>latronum</strong></span> <span class='ocrx_word' id='word_1_490' title='bbox 2351 3261 2383 3265; x_wconf 44' lang='grc'>⁷</span> <span class='ocrx_word' id='word_1_491' title='bbox 2420 3302 2421 3321; x_wconf 65' lang='grc' dir='ltr'><em>ς</em></span> 
     </span>
    </p>
   </div>
   <div class='ocr_carea' id='block_1_65' title="bbox 2315 3261 4008 3345">
    <p class='ocr_par' dir='ltr' id='par_1_65' title="bbox 2351 3261 4008 3345">
     <span class='ocr_line' id='line_1_65' title="bbox 2351 3261 4008 3345; baseline -0.006 -17"><span class='ocrx_word' id='word_1_492' title='bbox 2351 3261 2383 3265; x_wconf 32' lang='grc' dir='ltr'><strong><em>γ</em></strong></span> <span class='ocrx_word' id='word_1_493' title='bbox 2420 3275 2779 3345; x_wconf 76' lang='grc' dir='ltr'>ἔκπριὼμεθα</span> <span class='ocrx_word' id='word_1_494' title='bbox 2799 3275 2896 3336; x_wconf 80' lang='grc' dir='ltr'><strong>τάς</strong></span> <span class='ocrx_word' id='word_1_495' title='bbox 2922 3274 3272 3344; x_wconf 71' lang='grc' dir='ltr'>περιστερὰς,</span> <span class='ocrx_word' id='word_1_496' title='bbox 3296 3261 3599 3334; x_wconf 67' lang='grc' dir='ltr'>τουτέστιν,</span> <span class='ocrx_word' id='word_1_497' title='bbox 3628 3269 3756 3322; x_wconf 79' lang='grc' dir='ltr'>εἴτι</span> <span class='ocrx_word' id='word_1_498' title='bbox 3784 3270 3843 3321; x_wconf 67' lang='grc' dir='ltr'><strong>ιν</strong></span> <span class='ocrx_word' id='word_1_499' title='bbox 3875 3267 4008 3336; x_wconf 78' lang='grc' dir='ltr'>ἡμῖν</span> 
     </span>
    </p>
   </div>
   <div class='ocr_carea' id='block_1_66' title="bbox 726 3355 1277 3425">
    <p class='ocr_par' dir='ltr' id='par_1_66' title="bbox 726 3355 1277 3425">
     <span class='ocr_line' id='line_1_66' title="bbox 726 3355 1277 3425; baseline 0.005 -17"><span class='ocrx_word' id='word_1_500' title='bbox 726 3355 954 3411; x_wconf 74' lang='lat' dir='ltr'><strong>fecimus</strong></span> <span class='ocrx_word' id='word_1_501' title='bbox 984 3371 1083 3412; x_wconf 93' lang='lat' dir='ltr'><strong>nos</strong></span> <span class='ocrx_word' id='word_1_502' title='bbox 1112 3357 1277 3425; x_wconf 89' lang='lat' dir='ltr'><strong>ipsos.</strong></span> 
     </span>
    </p>
   </div>
   <div class='ocr_carea' id='block_1_67' title="bbox 797 3539 2313 3595">
    <p class='ocr_par' dir='ltr' id='par_1_67' title="bbox 797 3539 2313 3595">
     <span class='ocr_line' id='line_1_67' title="bbox 797 3539 2313 3595; baseline 0.003 -4"><span class='ocrx_word' id='word_1_503' title='bbox 797 3540 945 3595; x_wconf 69' lang='lat' dir='ltr'><strong>Vens</strong></span> <span class='ocrx_word' id='word_1_504' title='bbox 1000 3542 1083 3593; x_wconf 76' lang='lat' dir='ltr'><strong>M.</strong></span> <span class='ocrx_word' id='word_1_505' title='bbox 1124 3560 1141 3591; x_wconf 79' lang='grc' dir='ltr'><strong>ι</strong></span> <span class='ocrx_word' id='word_1_506' title='bbox 1178 3541 1239 3595; x_wconf 83' lang='grc' dir='ltr'><strong>Ει</strong></span> <span class='ocrx_word' id='word_1_507' title='bbox 1266 3550 1606 3595; x_wconf 87' lang='lat' dir='ltr'><strong>accesserunt</strong></span> <span class='ocrx_word' id='word_1_508' title='bbox 1634 3539 1699 3594; x_wconf 89' lang='lat' dir='ltr'><strong>ad</strong></span> <span class='ocrx_word' id='word_1_509' title='bbox 1728 3554 1848 3595; x_wconf 89' lang='lat' dir='ltr'><strong>eum</strong></span> <span class='ocrx_word' id='word_1_510' title='bbox 1890 3541 2020 3595; x_wconf 58' lang='lat' dir='ltr'><strong>caci</strong></span> <span class='ocrx_word' id='word_1_511' title='bbox 2050 3549 2104 3594; x_wconf 88' lang='lat' dir='ltr'><strong>et</strong></span> <span class='ocrx_word' id='word_1_512' title='bbox 2134 3539 2313 3595; x_wconf 85' lang='lat' dir='ltr'><strong>claudi</strong></span> 
     </span>
    </p>
   </div>
   <div class='ocr_carea' id='block_1_68' title="bbox 724 3633 2311 3704">
    <p class='ocr_par' dir='ltr' id='par_1_68' title="bbox 724 3633 2311 3704">
     <span class='ocr_line' id='line_1_68' title="bbox 724 3633 2311 3704; baseline -0.003 -14"><span class='ocrx_word' id='word_1_513' title='bbox 724 3635 781 3690; x_wconf 87' lang='lat' dir='ltr'><strong>in</strong></span> <span class='ocrx_word' id='word_1_514' title='bbox 817 3636 1016 3704; x_wconf 88' lang='lat' dir='ltr'><strong>templo</strong></span> <span class='ocrx_word' id='word_1_515' title='bbox 1053 3652 1065 3687; x_wconf 92' lang='lat'>:</span> <span class='ocrx_word' id='word_1_516' title='bbox 1098 3644 1150 3688; x_wconf 89' lang='lat' dir='ltr'><strong>et</strong></span> <span class='ocrx_word' id='word_1_517' title='bbox 1172 3636 1386 3690; x_wconf 83' lang='lat' dir='ltr'><strong>sanavit</strong></span> <span class='ocrx_word' id='word_1_518' title='bbox 1416 3649 1531 3690; x_wconf 83' lang='lat' dir='ltr'><strong>eos.</strong></span> <span class='ocrx_word' id='word_1_519' title='bbox 1580 3652 1598 3685; x_wconf 74' lang='grc' dir='ltr'><strong>ι</strong></span> <span class='ocrx_word' id='word_1_520' title='bbox 1638 3633 1741 3689; x_wconf 86' lang='lat' dir='ltr'><strong>Per</strong></span> <span class='ocrx_word' id='word_1_521' title='bbox 1766 3634 2013 3689; x_wconf 87' lang='lat' dir='ltr'><strong>inlirmos</strong></span> <span class='ocrx_word' id='word_1_522' title='bbox 2044 3646 2184 3704; x_wconf 86' lang='lat' dir='ltr'><strong>quos</strong></span> <span class='ocrx_word' id='word_1_523' title='bbox 2211 3648 2311 3688; x_wconf 60' lang='lat' dir='ltr'><strong>eu.</strong></span> 
     </span>
    </p>
   </div>
   <div class='ocr_carea' id='block_1_69' title="bbox 724 3726 2314 3795">
    <p class='ocr_par' dir='ltr' id='par_1_69' title="bbox 724 3726 2314 3795">
     <span class='ocr_line' id='line_1_69' title="bbox 724 3726 2314 3795; baseline -0.002 -12"><span class='ocrx_word' id='word_1_524' title='bbox 724 3728 888 3794; x_wconf 82' lang='lat' dir='ltr'><strong>ravit,</strong></span> <span class='ocrx_word' id='word_1_525' title='bbox 934 3728 1176 3784; x_wconf 90' lang='lat' dir='ltr'><strong>ostendit</strong></span> <span class='ocrx_word' id='word_1_526' title='bbox 1227 3742 1286 3782; x_wconf 87' lang='lat' dir='ltr'><strong>se</strong></span> <span class='ocrx_word' id='word_1_527' title='bbox 1321 3727 1489 3783; x_wconf 87' lang='lat' dir='ltr'><strong>Deum</strong></span> <span class='ocrx_word' id='word_1_528' title='bbox 1522 3741 1643 3781; x_wconf 89' lang='lat' dir='ltr'><strong>esse</strong></span> <span class='ocrx_word' id='word_1_529' title='bbox 1664 3768 1678 3792; x_wconf 93' lang='lat'><strong>,</strong></span> <span class='ocrx_word' id='word_1_530' title='bbox 1708 3736 1762 3781; x_wconf 92' lang='lat' dir='ltr'><strong>et</strong></span> <span class='ocrx_word' id='word_1_531' title='bbox 1796 3728 1934 3781; x_wconf 78' lang='lat' dir='ltr'><strong>bene</strong></span> <span class='ocrx_word' id='word_1_532' title='bbox 1966 3726 2177 3788; x_wconf 79' lang='lat' dir='ltr'><strong>facere,</strong></span> <span class='ocrx_word' id='word_1_533' title='bbox 2210 3727 2314 3795; x_wconf 87' lang='lat' dir='ltr'><strong>eji-</strong></span> 
     </span>
    </p>
   </div>
   <div class='ocr_carea' id='block_1_70' title="bbox 725 3817 2313 3885">
    <p class='ocr_par' dir='ltr' id='par_1_70' title="bbox 725 3817 2313 3885">
     <span class='ocr_line' id='line_1_70' title="bbox 725 3817 2313 3885; baseline -0.002 -13"><span class='ocrx_word' id='word_1_534' title='bbox 725 3819 878 3874; x_wconf 88' lang='lat' dir='ltr'><strong>ciens</strong></span> <span class='ocrx_word' id='word_1_535' title='bbox 910 3834 1032 3874; x_wconf 89' lang='lat' dir='ltr'><strong>cum</strong></span> <span class='ocrx_word' id='word_1_536' title='bbox 1065 3820 1390 3872; x_wconf 79' lang='lat' dir='ltr'><strong>auctoritate</strong></span> <span class='ocrx_word' id='word_1_537' title='bbox 1423 3834 1453 3871; x_wconf 90' lang='lat' dir='ltr'><strong>e</strong></span> <span class='ocrx_word' id='word_1_538' title='bbox 1483 3820 1644 3872; x_wconf 85' lang='lat' dir='ltr'><strong>domo</strong></span> <span class='ocrx_word' id='word_1_539' title='bbox 1676 3832 1771 3870; x_wconf 85' lang='lat' dir='ltr'><strong>sua</strong></span> <span class='ocrx_word' id='word_1_540' title='bbox 1808 3817 2081 3885; x_wconf 81' lang='lat' dir='ltr'><strong>indignos.</strong></span> <span class='ocrx_word' id='word_1_541' title='bbox 2122 3818 2313 3871; x_wconf 88' lang='lat' dir='ltr'><strong>Decla-</strong></span> 
     </span>
    </p>
   </div>
   <div class='ocr_carea' id='block_1_71' title="bbox 724 3907 2313 3978">
    <p class='ocr_par' dir='ltr' id='par_1_71' title="bbox 724 3907 2313 3978">
     <span class='ocr_line' id='line_1_71' title="bbox 724 3907 2313 3978; baseline -0.003 -11"><span class='ocrx_word' id='word_1_542' title='bbox 724 3920 883 3967; x_wconf 85' lang='lat' dir='ltr'><strong>ratur</strong></span> <span class='ocrx_word' id='word_1_543' title='bbox 915 3911 1081 3965; x_wconf 88' lang='lat' dir='ltr'><strong>etiam</strong></span> <span class='ocrx_word' id='word_1_544' title='bbox 1128 3912 1264 3972; x_wconf 86' lang='lat' dir='ltr'><strong>hoc,</strong></span> <span class='ocrx_word' id='word_1_545' title='bbox 1302 3910 1443 3976; x_wconf 85' lang='lat' dir='ltr'><strong>quod</strong></span> <span class='ocrx_word' id='word_1_546' title='bbox 1491 3908 1680 3978; x_wconf 87' lang='lat' dir='ltr'><strong>ejectis</strong></span> <span class='ocrx_word' id='word_1_547' title='bbox 1718 3907 1946 3971; x_wconf 78' lang='lat' dir='ltr'><strong>Judmis,</strong></span> <span class='ocrx_word' id='word_1_548' title='bbox 1982 3909 2073 3977; x_wconf 90' lang='lat' dir='ltr'><strong>qui</strong></span> <span class='ocrx_word' id='word_1_549' title='bbox 2118 3909 2219 3977; x_wconf 85' lang='lat' dir='ltr'><strong>legi</strong></span> <span class='ocrx_word' id='word_1_550' title='bbox 2260 3918 2313 3963; x_wconf 89' lang='lat' dir='ltr'><strong>et</strong></span> 
     </span>
    </p>
   </div>
   <div class='ocr_carea' id='block_1_72' title="bbox 726 4001 2311 4067">
    <p class='ocr_par' dir='ltr' id='par_1_72' title="bbox 726 4001 2311 4067">
     <span class='ocr_line' id='line_1_72' title="bbox 726 4001 2311 4067; baseline -0.001 -11"><span class='ocrx_word' id='word_1_551' title='bbox 726 4002 1043 4057; x_wconf 83' lang='lat' dir='ltr'><strong>animalium</strong></span> <span class='ocrx_word' id='word_1_552' title='bbox 1081 4002 1393 4055; x_wconf 84' lang='lat' dir='ltr'><strong>mactationi</strong></span> <span class='ocrx_word' id='word_1_553' title='bbox 1434 4002 1631 4055; x_wconf 84' lang='lat' dir='ltr'><strong>addicti</strong></span> <span class='ocrx_word' id='word_1_554' title='bbox 1663 4011 1857 4067; x_wconf 87' lang='lat' dir='ltr'><strong>erant,</strong></span> <span class='ocrx_word' id='word_1_555' title='bbox 1886 4001 2016 4056; x_wconf 62' lang='lat' dir='ltr'><strong>caci</strong></span> <span class='ocrx_word' id='word_1_556' title='bbox 2044 4011 2099 4054; x_wconf 87' lang='lat' dir='ltr'><strong>et</strong></span> <span class='ocrx_word' id='word_1_557' title='bbox 2133 4001 2311 4057; x_wconf 83' lang='lat' dir='ltr'><strong>claudi</strong></span> 
     </span>
    </p>
   </div>
   <div class='ocr_carea' id='block_1_73' title="bbox 724 4092 2027 4166">
    <p class='ocr_par' dir='ltr' id='par_1_73' title="bbox 724 4092 2027 4166">
     <span class='ocr_line' id='line_1_73' title="bbox 724 4092 2027 4166; baseline -0.005 -15"><span class='ocrx_word' id='word_1_558' title='bbox 724 4112 790 4151; x_wconf 80' lang='lat' dir='ltr'><strong>ex</strong></span> <span class='ocrx_word' id='word_1_559' title='bbox 825 4095 1073 4166; x_wconf 84' lang='lat' dir='ltr'><strong>gentibus</strong></span> <span class='ocrx_word' id='word_1_560' title='bbox 1104 4094 1366 4161; x_wconf 85' lang='lat' dir='ltr'><strong>assumpti</strong></span> <span class='ocrx_word' id='word_1_561' title='bbox 1401 4092 1602 4147; x_wconf 74' lang='lat' dir='ltr'><strong>fuerint</strong></span> <span class='ocrx_word' id='word_1_562' title='bbox 1635 4095 1806 4146; x_wconf 81' lang='lat' dir='ltr'><strong>sanati</strong></span> <span class='ocrx_word' id='word_1_563' title='bbox 1844 4094 1912 4147; x_wconf 83' lang='lat' dir='ltr'><strong>ab</strong></span> <span class='ocrx_word' id='word_1_564' title='bbox 1942 4108 2027 4146; x_wconf 80' lang='lat' dir='ltr'><strong>eo.</strong></span> 
     </span>
    </p>
   </div>
   <div class='ocr_carea' id='block_1_74' title="bbox 798 4275 2314 4346">
    <p class='ocr_par' dir='ltr' id='par_1_74' title="bbox 798 4275 2314 4346">
     <span class='ocr_line' id='line_1_74' title="bbox 798 4275 2314 4346; baseline 0 -16"><span class='ocrx_word' id='word_1_565' title='bbox 798 4277 963 4332; x_wconf 65' lang='lat' dir='ltr'><strong>Vens.</strong></span> <span class='ocrx_word' id='word_1_566' title='bbox 1000 4276 1089 4338; x_wconf 78' lang='grc'>15,</span> <span class='ocrx_word' id='word_1_567' title='bbox 1129 4276 1212 4330; x_wconf 89' lang='lat' dir='ltr'><strong>l6.</strong></span> <span class='ocrx_word' id='word_1_568' title='bbox 1264 4291 1282 4326; x_wconf 87' lang='grc'><strong><em>‹</em></strong></span> <span class='ocrx_word' id='word_1_569' title='bbox 1333 4276 1465 4330; x_wconf 90' lang='lat' dir='ltr'><strong>Cum</strong></span> <span class='ocrx_word' id='word_1_570' title='bbox 1513 4286 1696 4329; x_wconf 87' lang='lat' dir='ltr'><strong>autem</strong></span> <span class='ocrx_word' id='word_1_571' title='bbox 1743 4275 2000 4329; x_wconf 84' lang='lat' dir='ltr'><strong>vidissent</strong></span> <span class='ocrx_word' id='word_1_572' title='bbox 2039 4276 2314 4346; x_wconf 89' lang='lat' dir='ltr'><strong>principes</strong></span> 
     </span>
    </p>
   </div>
   <div class='ocr_carea' id='block_1_75' title="bbox 727 4366 2313 4437">
    <p class='ocr_par' dir='ltr' id='par_1_75' title="bbox 727 4366 2313 4437">
     <span class='ocr_line' id='line_1_75' title="bbox 727 4366 2313 4437; baseline -0.004 -11"><span class='ocrx_word' id='word_1_573' title='bbox 727 4371 1076 4426; x_wconf 81' lang='lat' dir='ltr'><strong>sacerdotum</strong></span> <span class='ocrx_word' id='word_1_574' title='bbox 1136 4377 1186 4421; x_wconf 90' lang='lat' dir='ltr'><strong>et</strong></span> <span class='ocrx_word' id='word_1_575' title='bbox 1231 4366 1434 4421; x_wconf 73' lang='lat' dir='ltr'><strong>Scriba:</strong></span> <span class='ocrx_word' id='word_1_576' title='bbox 1482 4367 1750 4420; x_wconf 80' lang='lat' dir='ltr'><strong>mirabilia</strong></span> <span class='ocrx_word' id='word_1_577' title='bbox 1796 4382 1916 4437; x_wconf 72' lang='lat' dir='ltr'><strong>qua:</strong></span> <span class='ocrx_word' id='word_1_578' title='bbox 1966 4366 2206 4432; x_wconf 83' lang='lat' dir='ltr'><strong>fecerat,</strong></span> <span class='ocrx_word' id='word_1_579' title='bbox 2258 4377 2313 4420; x_wconf 86' lang='lat' dir='ltr'><strong>et</strong></span> 
     </span>
    </p>
   </div>
   <div class='ocr_carea' id='block_1_76' title="bbox 727 4458 2309 4530">
    <p class='ocr_par' dir='ltr' id='par_1_76' title="bbox 727 4458 2309 4530">
     <span class='ocr_line' id='line_1_76' title="bbox 727 4458 2309 4530; baseline 0 -17"><span class='ocrx_word' id='word_1_580' title='bbox 727 4477 922 4529; x_wconf 90' lang='lat' dir='ltr'><strong>pueros</strong></span> <span class='ocrx_word' id='word_1_581' title='bbox 953 4462 1252 4513; x_wconf 88' lang='lat' dir='ltr'><strong>clamantes</strong></span> <span class='ocrx_word' id='word_1_582' title='bbox 1284 4460 1339 4513; x_wconf 89' lang='lat' dir='ltr'><strong>in</strong></span> <span class='ocrx_word' id='word_1_583' title='bbox 1384 4460 1585 4530; x_wconf 85' lang='lat' dir='ltr'><strong>templo</strong></span> <span class='ocrx_word' id='word_1_584' title='bbox 1636 4470 1689 4513; x_wconf 89' lang='lat' dir='ltr'><strong>et</strong></span> <span class='ocrx_word' id='word_1_585' title='bbox 1721 4460 1966 4515; x_wconf 82' lang='lat' dir='ltr'><strong>dicentes</strong></span> <span class='ocrx_word' id='word_1_586' title='bbox 2001 4478 2013 4514; x_wconf 88' lang='lat'><strong>:</strong></span> <span class='ocrx_word' id='word_1_587' title='bbox 2054 4458 2309 4516; x_wconf 87' lang='lat' dir='ltr'><strong>llosanna</strong></span> 
     </span>
    </p>
   </div>
   <div class='ocr_carea' id='block_1_77' title="bbox 2419 3360 4021 3437">
    <p class='ocr_par' dir='ltr' id='par_1_77' title="bbox 2419 3360 4021 3437">
     <span class='ocr_line' id='line_1_77' title="bbox 2419 3360 4021 3437; baseline -0.006 -17"><span class='ocrx_word' id='word_1_588' title='bbox 2419 3368 2505 3437; x_wconf 84' lang='grc' dir='ltr'>είη</span> <span class='ocrx_word' id='word_1_589' title='bbox 2543 3367 2915 3436; x_wconf 77' lang='grc' dir='ltr'>πνευματικὸν</span> <span class='ocrx_word' id='word_1_590' title='bbox 2944 3365 3122 3435; x_wconf 84' lang='grc' dir='ltr'>δόγμα</span> <span class='ocrx_word' id='word_1_591' title='bbox 3154 3367 3247 3417; x_wconf 72' lang='grc' dir='ltr'><strong>καὶ</strong></span> <span class='ocrx_word' id='word_1_592' title='bbox 3275 3361 3537 3433; x_wconf 66' lang='grc' dir='ltr'>λογισμὸς</span> <span class='ocrx_word' id='word_1_593' title='bbox 3566 3361 3835 3424; x_wconf 88' lang='grc' dir='ltr'>τοιοῦτος.</span> <span class='ocrx_word' id='word_1_594' title='bbox 3873 3360 4021 3427; x_wconf 68' lang='lat' dir='ltr'><strong>arri;-</strong></span> 
     </span>
    </p>
   </div>
   <div class='ocr_carea' id='block_1_78' title="bbox 2418 3457 3483 3530">
    <p class='ocr_par' dir='ltr' id='par_1_78' title="bbox 2418 3457 3483 3530">
     <span class='ocr_line' id='line_1_78' title="bbox 2418 3457 3483 3530; baseline -0.006 -16"><span class='ocrx_word' id='word_1_595' title='bbox 2418 3462 2570 3515; x_wconf 83' lang='grc' dir='ltr'>λαιον</span> <span class='ocrx_word' id='word_1_596' title='bbox 2596 3459 2811 3530; x_wconf 85' lang='grc' dir='ltr'>λῃστῶν</span> <span class='ocrx_word' id='word_1_597' title='bbox 2850 3459 3198 3527; x_wconf 78' lang='grc' dir='ltr'>ἐποιήσαμεν</span> <span class='ocrx_word' id='word_1_598' title='bbox 3237 3457 3483 3520; x_wconf 79' lang='grc' dir='ltr'>ἐαυτους.</span> 
     </span>
    </p>
   </div>
   <div class='ocr_carea' id='block_1_79' title="bbox 2496 3540 4017 3621">
    <p class='ocr_par' dir='ltr' id='par_1_79' title="bbox 2496 3540 4017 3621">
     <span class='ocr_line' id='line_1_79' title="bbox 2496 3540 4017 3621; baseline -0.006 -17"><span class='ocrx_word' id='word_1_599' title='bbox 2496 3573 2513 3604; x_wconf 86' lang='grc' dir='ltr'><strong>ι</strong></span> <span class='ocrx_word' id='word_1_600' title='bbox 2564 3554 2675 3606; x_wconf 72' lang='grc' dir='ltr'><strong>Καὶ</strong></span> <span class='ocrx_word' id='word_1_601' title='bbox 2705 3549 3016 3621; x_wconf 77' lang='grc' dir='ltr'>προσῆλθον</span> <span class='ocrx_word' id='word_1_602' title='bbox 3055 3548 3206 3619; x_wconf 88' lang='grc' dir='ltr'><strong>αὐτῷ</strong></span> <span class='ocrx_word' id='word_1_603' title='bbox 3248 3547 3413 3617; x_wconf 78' lang='grc' dir='ltr'>χωλοὶ</span> <span class='ocrx_word' id='word_1_604' title='bbox 3448 3545 3541 3600; x_wconf 69' lang='grc' dir='ltr'><strong>καὶ</strong></span> <span class='ocrx_word' id='word_1_605' title='bbox 3591 3543 3786 3615; x_wconf 75' lang='grc' dir='ltr'>τυφλοὶ</span> <span class='ocrx_word' id='word_1_606' title='bbox 3834 3544 3893 3596; x_wconf 67' lang='grc' dir='ltr'>ἐν</span> <span class='ocrx_word' id='word_1_607' title='bbox 3933 3540 4017 3611; x_wconf 80' lang='grc' dir='ltr'>τῷ</span> 
     </span>
    </p>
   </div>
   <div class='ocr_carea' id='block_1_80' title="bbox 2421 3630 4018 3713">
    <p class='ocr_par' dir='ltr' id='par_1_80' title="bbox 2421 3630 4018 3713">
     <span class='ocr_line' id='line_1_80' title="bbox 2421 3630 4018 3713; baseline -0.009 -15"><span class='ocrx_word' id='word_1_608' title='bbox 2421 3644 2571 3713; x_wconf 82' lang='grc' dir='ltr'>ίερῷ,</span> <span class='ocrx_word' id='word_1_609' title='bbox 2622 3644 2718 3696; x_wconf 72' lang='grc' dir='ltr'><strong>καὶ</strong></span> <span class='ocrx_word' id='word_1_610' title='bbox 2745 3641 3116 3713; x_wconf 72' lang='grc' dir='ltr'>ἐθεράπευσεν</span> <span class='ocrx_word' id='word_1_611' title='bbox 3151 3636 3369 3699; x_wconf 78' lang='grc' dir='ltr'>αὐτούς.</span> <span class='ocrx_word' id='word_1_612' title='bbox 3417 3654 3436 3688; x_wconf 71' lang='grc' dir='ltr'><strong>ι</strong></span> <span class='ocrx_word' id='word_1_613' title='bbox 3484 3635 3572 3703; x_wconf 82' lang='grc' dir='ltr'><strong>Ἐξ</strong></span> <span class='ocrx_word' id='word_1_614' title='bbox 3608 3630 3683 3688; x_wconf 80' lang='grc' dir='ltr'>ὧν</span> <span class='ocrx_word' id='word_1_615' title='bbox 3716 3630 4018 3703; x_wconf 78' lang='grc' dir='ltr'>θεραπεύει</span> 
     </span>
    </p>
   </div>
   <div class='ocr_carea' id='block_1_81' title="bbox 2417 3728 4016 3801">
    <p class='ocr_par' dir='ltr' id='par_1_81' title="bbox 2417 3728 4016 3801">
     <span class='ocr_line' id='line_1_81' title="bbox 2417 3728 4016 3801; baseline -0.008 -9"><span class='ocrx_word' id='word_1_616' title='bbox 2417 3739 2544 3801; x_wconf 82' lang='grc' dir='ltr'>τοὺς</span> <span class='ocrx_word' id='word_1_617' title='bbox 2568 3738 2814 3799; x_wconf 82' lang='grc' dir='ltr'>ἀσθενεῖς</span> <span class='ocrx_word' id='word_1_618' title='bbox 2833 3736 3107 3788; x_wconf 79' lang='grc' dir='ltr'>δείκνυσιν</span> <span class='ocrx_word' id='word_1_619' title='bbox 3127 3734 3207 3785; x_wconf 80' lang='grc' dir='ltr'>ὅτι</span> <span class='ocrx_word' id='word_1_620' title='bbox 3228 3731 3361 3793; x_wconf 84' lang='grc' dir='ltr'>Θεός</span> <span class='ocrx_word' id='word_1_621' title='bbox 3384 3732 3500 3784; x_wconf 70' lang='grc' dir='ltr'>εστι</span> <span class='ocrx_word' id='word_1_622' title='bbox 3525 3730 3622 3784; x_wconf 74' lang='grc' dir='ltr'>καὶ</span> <span class='ocrx_word' id='word_1_623' title='bbox 3643 3728 3822 3789; x_wconf 78' lang='grc' dir='ltr'>καλῶς</span> <span class='ocrx_word' id='word_1_624' title='bbox 3840 3728 4016 3789; x_wconf 67' lang='grc' dir='ltr'>ποιεῖ,</span> 
     </span>
    </p>
   </div>
   <div class='ocr_carea' id='block_1_82' title="bbox 2419 3817 4014 3898">
    <p class='ocr_par' dir='ltr' id='par_1_82' title="bbox 2419 3817 4014 3898">
     <span class='ocr_line' id='line_1_82' title="bbox 2419 3817 4014 3898; baseline -0.01 -13"><span class='ocrx_word' id='word_1_625' title='bbox 2419 3830 2698 3885; x_wconf 79' lang='grc' dir='ltr'><strong>ὲκόἁ).λων</strong></span> <span class='ocrx_word' id='word_1_626' title='bbox 2728 3828 2848 3898; x_wconf 78' lang='grc' dir='ltr'>μετ’</span> <span class='ocrx_word' id='word_1_627' title='bbox 2875 3825 3124 3890; x_wconf 74' lang='grc' dir='ltr'>ἐξουσίας</span> <span class='ocrx_word' id='word_1_628' title='bbox 3152 3825 3215 3875; x_wconf 83' lang='grc' dir='ltr'><strong>ὲκ</strong></span> <span class='ocrx_word' id='word_1_629' title='bbox 3240 3824 3331 3876; x_wconf 78' lang='grc' dir='ltr'><strong>τοῦ</strong></span> <span class='ocrx_word' id='word_1_630' title='bbox 3371 3823 3522 3875; x_wconf 81' lang='grc' dir='ltr'>οίκου</span> <span class='ocrx_word' id='word_1_631' title='bbox 3553 3819 3721 3873; x_wconf 83' lang='grc' dir='ltr'>αὐτοῦ</span> <span class='ocrx_word' id='word_1_632' title='bbox 3756 3819 3883 3881; x_wconf 76' lang='grc' dir='ltr'>τοὺς</span> <span class='ocrx_word' id='word_1_633' title='bbox 3919 3817 4014 3870; x_wconf 81' lang='grc' dir='ltr'>ἀν-</span> 
     </span>
    </p>
   </div>
   <div class='ocr_carea' id='block_1_83' title="bbox 2416 3909 4014 3989">
    <p class='ocr_par' dir='ltr' id='par_1_83' title="bbox 2416 3909 4014 3989">
     <span class='ocr_line' id='line_1_83' title="bbox 2416 3909 4014 3989; baseline -0.009 -13"><span class='ocrx_word' id='word_1_634' title='bbox 2416 3922 2622 3987; x_wconf 76' lang='grc' dir='ltr'>αξίους·</span> <span class='ocrx_word' id='word_1_635' title='bbox 2646 3918 2904 3989; x_wconf 88' lang='grc' dir='ltr'>δηλοῦται</span> <span class='ocrx_word' id='word_1_636' title='bbox 2933 3916 2989 3970; x_wconf 70' lang='grc' dir='ltr'><strong>δὲ</strong></span> <span class='ocrx_word' id='word_1_637' title='bbox 3022 3916 3115 3969; x_wconf 77' lang='grc' dir='ltr'><strong>καὶ</strong></span> <span class='ocrx_word' id='word_1_638' title='bbox 3141 3914 3320 3975; x_wconf 87' lang='grc' dir='ltr'>τοῦτο,</span> <span class='ocrx_word' id='word_1_639' title='bbox 3338 3915 3419 3967; x_wconf 82' lang='grc' dir='ltr'>ὅτι</span> <span class='ocrx_word' id='word_1_640' title='bbox 3453 3911 3573 3981; x_wconf 89' lang='grc' dir='ltr'>μεθ’</span> <span class='ocrx_word' id='word_1_641' title='bbox 3595 3911 3623 3965; x_wconf 79' lang='grc' dir='ltr'><strong>ὃ</strong></span> <span class='ocrx_word' id='word_1_642' title='bbox 3640 3909 4014 3981; x_wconf 74' lang='grc' dir='ltr'>ἐξεσλήθησαν</span> 
     </span>
    </p>
   </div>
   <div class='ocr_carea' id='block_1_84' title="bbox 2416 4005 4009 4078">
    <p class='ocr_par' dir='ltr' id='par_1_84' title="bbox 2416 4005 4009 4078">
     <span class='ocr_line' id='line_1_84' title="bbox 2416 4005 4009 4078; baseline -0.008 -12"><span class='ocrx_word' id='word_1_643' title='bbox 2416 4015 2466 4066; x_wconf 86' lang='grc' dir='ltr'><strong>οί</strong></span> <span class='ocrx_word' id='word_1_644' title='bbox 2505 4014 2769 4073; x_wconf 79' lang='grc' dir='ltr'>Ἰουδαῖοι,</span> <span class='ocrx_word' id='word_1_645' title='bbox 2803 4011 2853 4061; x_wconf 82' lang='grc' dir='ltr'>οἱ</span> <span class='ocrx_word' id='word_1_646' title='bbox 2883 4010 2961 4078; x_wconf 83' lang='grc' dir='ltr'>τῷ</span> <span class='ocrx_word' id='word_1_647' title='bbox 2986 4008 3138 4078; x_wconf 84' lang='grc' dir='ltr'>νόμῳ</span> <span class='ocrx_word' id='word_1_648' title='bbox 3158 4009 3249 4061; x_wconf 65' lang='grc' dir='ltr'><strong>καὶ</strong></span> <span class='ocrx_word' id='word_1_649' title='bbox 3278 4008 3400 4067; x_wconf 75' lang='grc' dir='ltr'>ταῖς</span> <span class='ocrx_word' id='word_1_650' title='bbox 3430 4005 3806 4072; x_wconf 78' lang='grc' dir='ltr'>ζωοσφαγίαις</span> <span class='ocrx_word' id='word_1_651' title='bbox 3836 4018 4009 4071; x_wconf 87' lang='grc' dir='ltr'>προσ-</span> 
     </span>
    </p>
   </div>
   <div class='ocr_carea' id='block_1_85' title="bbox 2418 4090 4012 4172">
    <p class='ocr_par' dir='ltr' id='par_1_85' title="bbox 2418 4090 4012 4172">
     <span class='ocr_line' id='line_1_85' title="bbox 2418 4090 4012 4172; baseline -0.008 -18"><span class='ocrx_word' id='word_1_652' title='bbox 2418 4104 2654 4172; x_wconf 81' lang='grc' dir='ltr'>έχοντες,</span> <span class='ocrx_word' id='word_1_653' title='bbox 2709 4104 2756 4153; x_wconf 85' lang='grc' dir='ltr'><strong>οί</strong></span> <span class='ocrx_word' id='word_1_654' title='bbox 2797 4098 2989 4169; x_wconf 77' lang='grc' dir='ltr'>τυφλοὶ</span> <span class='ocrx_word' id='word_1_655' title='bbox 3036 4098 3129 4151; x_wconf 75' lang='grc' dir='ltr'>καὶ</span> <span class='ocrx_word' id='word_1_656' title='bbox 3163 4095 3325 4166; x_wconf 77' lang='grc' dir='ltr'>χωλοὶ</span> <span class='ocrx_word' id='word_1_657' title='bbox 3358 4096 3407 4147; x_wconf 71' lang='lat' dir='ltr'><strong>oi</strong></span> <span class='ocrx_word' id='word_1_658' title='bbox 3444 4092 3503 4159; x_wconf 78' lang='grc' dir='ltr'><strong>ἐξ</strong></span> <span class='ocrx_word' id='word_1_659' title='bbox 3537 4093 3707 4146; x_wconf 82' lang='grc' dir='ltr'>ὲθνῶν</span> <span class='ocrx_word' id='word_1_660' title='bbox 3739 4090 4012 4162; x_wconf 76' lang='grc' dir='ltr'>προσελήο</span> 
     </span>
    </p>
   </div>
   <div class='ocr_carea' id='block_1_86' title="bbox 2418 4184 3471 4263">
    <p class='ocr_par' dir='ltr' id='par_1_86' title="bbox 2418 4184 3471 4263">
     <span class='ocr_line' id='line_1_86' title="bbox 2418 4184 3471 4263; baseline -0.008 -15"><span class='ocrx_word' id='word_1_661' title='bbox 2418 4195 2654 4263; x_wconf 81' lang='grc' dir='ltr'>φθησαν,</span> <span class='ocrx_word' id='word_1_662' title='bbox 2687 4190 3117 4262; x_wconf 81' lang='grc' dir='ltr'>θεραπευθέντες</span> <span class='ocrx_word' id='word_1_663' title='bbox 3157 4188 3248 4241; x_wconf 73' lang='grc' dir='ltr'>ὐπ’</span> <span class='ocrx_word' id='word_1_664' title='bbox 3283 4184 3471 4240; x_wconf 80' lang='grc' dir='ltr'>αὐτοῦ.</span> 
     </span>
    </p>
   </div>
   <div class='ocr_carea' id='block_1_87' title="bbox 2497 4274 4012 4352">
    <p class='ocr_par' dir='ltr' id='par_1_87' title="bbox 2497 4274 4012 4352">
     <span class='ocr_line' id='line_1_87' title="bbox 2497 4274 4012 4352; baseline -0.006 -13"><span class='ocrx_word' id='word_1_665' title='bbox 2497 4306 2514 4338; x_wconf 82' lang='grc' dir='ltr'><strong>ι</strong></span> <span class='ocrx_word' id='word_1_666' title='bbox 2558 4282 2783 4347; x_wconf 74' lang='grc' dir='ltr'>’ἰδόντες</span> <span class='ocrx_word' id='word_1_667' title='bbox 2813 4283 2869 4337; x_wconf 78' lang='grc' dir='ltr'><strong>δὲ</strong></span> <span class='ocrx_word' id='word_1_668' title='bbox 2910 4285 2959 4335; x_wconf 80' lang='grc' dir='ltr'>οἱ</span> <span class='ocrx_word' id='word_1_669' title='bbox 3006 4282 3282 4352; x_wconf 81' lang='grc' dir='ltr'>ἀρχιερεῖς</span> <span class='ocrx_word' id='word_1_670' title='bbox 3326 4279 3420 4331; x_wconf 76' lang='grc' dir='ltr'><strong>καὶ</strong></span> <span class='ocrx_word' id='word_1_671' title='bbox 3460 4278 3511 4330; x_wconf 82' lang='grc' dir='ltr'><strong>οί</strong></span> <span class='ocrx_word' id='word_1_672' title='bbox 3540 4278 3897 4346; x_wconf 80' lang='grc' dir='ltr'>Γραμματεις</span> <span class='ocrx_word' id='word_1_673' title='bbox 3939 4274 4012 4330; x_wconf 85' lang='grc' dir='ltr'><strong>τά</strong></span> 
     </span>
    </p>
   </div>
   <div class='ocr_carea' id='block_1_88' title="bbox 2418 4367 4011 4448">
    <p class='ocr_par' dir='ltr' id='par_1_88' title="bbox 2418 4367 4011 4448">
     <span class='ocr_line' id='line_1_88' title="bbox 2418 4367 4011 4448; baseline -0.008 -17"><span class='ocrx_word' id='word_1_674' title='bbox 2418 4379 2699 4448; x_wconf 78' lang='grc' dir='ltr'>θαυμάσια</span> <span class='ocrx_word' id='word_1_675' title='bbox 2730 4376 2765 4430; x_wconf 74' lang='grc' dir='ltr'><strong>ἃ</strong></span> <span class='ocrx_word' id='word_1_676' title='bbox 2797 4375 3044 4446; x_wconf 70' lang='grc' dir='ltr'>εποίησε,</span> <span class='ocrx_word' id='word_1_677' title='bbox 3088 4372 3338 4435; x_wconf 73' lang='grc' dir='ltr'>καὶτοὺς</span> <span class='ocrx_word' id='word_1_678' title='bbox 3374 4370 3569 4433; x_wconf 79' lang='grc' dir='ltr'>παῖδας</span> <span class='ocrx_word' id='word_1_679' title='bbox 3606 4367 3911 4439; x_wconf 79' lang='grc' dir='ltr'>κράζοντας</span> <span class='ocrx_word' id='word_1_680' title='bbox 3951 4369 4011 4419; x_wconf 76' lang='grc' dir='ltr'>ὲν</span> 
     </span>
    </p>
   </div>
   <div class='ocr_carea' id='block_1_89' title="bbox 2415 4460 4013 4542">
    <p class='ocr_par' dir='ltr' id='par_1_89' title="bbox 2415 4460 4013 4542">
     <span class='ocr_line' id='line_1_89' title="bbox 2415 4460 4013 4542; baseline -0.008 -18"><span class='ocrx_word' id='word_1_681' title='bbox 2415 4470 2494 4542; x_wconf 83' lang='grc' dir='ltr'><strong>τῷ</strong></span> <span class='ocrx_word' id='word_1_682' title='bbox 2518 4469 2671 4541; x_wconf 85' lang='grc' dir='ltr'>ίερῷ,</span> <span class='ocrx_word' id='word_1_683' title='bbox 2695 4470 2787 4522; x_wconf 74' lang='grc' dir='ltr'><strong>καὶ</strong></span> <span class='ocrx_word' id='word_1_684' title='bbox 2810 4469 3069 4537; x_wconf 82' lang='grc' dir='ltr'>λέγοντας</span> <span class='ocrx_word' id='word_1_685' title='bbox 3091 4485 3106 4498; x_wconf 77' lang='grc' dir='ltr'><strong>ο</strong></span> <span class='ocrx_word' id='word_1_686' title='bbox 3138 4464 3371 4519; x_wconf 78' lang='grc' dir='ltr'>ὀσαννά</span> <span class='ocrx_word' id='word_1_687' title='bbox 3385 4462 3465 4534; x_wconf 83' lang='grc' dir='ltr'>τῷ</span> <span class='ocrx_word' id='word_1_688' title='bbox 3508 4462 3610 4530; x_wconf 88' lang='grc' dir='ltr'>υίῷ</span> <span class='ocrx_word' id='word_1_689' title='bbox 3629 4460 3815 4524; x_wconf 79' lang='grc' dir='ltr'>Δαυῖδ,</span> <span class='ocrx_word' id='word_1_690' title='bbox 3838 4462 4013 4530; x_wconf 73' lang='grc' dir='ltr'>ἠγαν-</span> 
     </span>
    </p>
   </div>
   <div class='ocr_carea' id='block_1_90' title="bbox 726 4549 2419 4632">
    <p class='ocr_par' dir='ltr' id='par_1_90' title="bbox 726 4553 2390 4628">
     <span class='ocr_line' id='line_1_90' title="bbox 726 4553 2390 4628; baseline 0 -19"><span class='ocrx_word' id='word_1_691' title='bbox 726 4554 863 4609; x_wconf 84' lang='lat' dir='ltr'><strong>Filio</strong></span> <span class='ocrx_word' id='word_1_692' title='bbox 893 4553 1085 4616; x_wconf 86' lang='lat' dir='ltr'><strong>David,</strong></span> <span class='ocrx_word' id='word_1_693' title='bbox 1116 4554 1379 4619; x_wconf 74' lang='lat' dir='ltr'><strong>indignati</strong></span> <span class='ocrx_word' id='word_1_694' title='bbox 1425 4564 1571 4615; x_wconf 85' lang='lat' dir='ltr'><strong>sunt,</strong></span> <span class='ocrx_word' id='word_1_695' title='bbox 1607 4564 1659 4606; x_wconf 88' lang='lat' dir='ltr'><strong>et</strong></span> <span class='ocrx_word' id='word_1_696' title='bbox 1699 4554 1952 4607; x_wconf 76' lang='lat' dir='ltr'><strong>dixerunt</strong></span> <span class='ocrx_word' id='word_1_697' title='bbox 1984 4556 2031 4606; x_wconf 92' lang='lat' dir='ltr'><strong>ei</strong></span> <span class='ocrx_word' id='word_1_698' title='bbox 2086 4572 2099 4607; x_wconf 88' lang='lat'><strong>:</strong></span> <span class='ocrx_word' id='word_1_699' title='bbox 2140 4554 2311 4609; x_wconf 85' lang='lat' dir='ltr'><strong>Audis</strong></span> <span class='ocrx_word' id='word_1_700' title='bbox 2346 4574 2390 4628; x_wconf 80' lang='grc' dir='ltr'><strong>ι)</strong></span> 
     </span>
    </p>
   </div>
   <div class='ocr_carea' id='block_1_91' title="bbox 2315 4549 4008 4632">
    <p class='ocr_par' dir='ltr' id='par_1_91' title="bbox 2346 4549 4008 4632">
     <span class='ocr_line' id='line_1_91' title="bbox 2346 4549 4008 4632; baseline -0.008 -13"><span class='ocrx_word' id='word_1_701' title='bbox 2346 4574 2390 4628; x_wconf 83' lang='grc' dir='ltr'>ι)</span> <span class='ocrx_word' id='word_1_702' title='bbox 2419 4563 2795 4632; x_wconf 67' lang='grc' dir='ltr'>άκτησαν,κιὶ</span> <span class='ocrx_word' id='word_1_703' title='bbox 2812 4556 2965 4613; x_wconf 75' lang='grc' dir='ltr'>εἷπον</span> <span class='ocrx_word' id='word_1_704' title='bbox 2988 4557 3157 4629; x_wconf 84' lang='grc' dir='ltr'>αὐτῷ·</span> <span class='ocrx_word' id='word_1_705' title='bbox 3198 4556 3444 4619; x_wconf 82' lang='grc' dir='ltr'>’Δκούεις</span> <span class='ocrx_word' id='word_1_706' title='bbox 3468 4556 3519 4608; x_wconf 92' lang='grc' dir='ltr'><strong>τί</strong></span> <span class='ocrx_word' id='word_1_707' title='bbox 3550 4549 3698 4609; x_wconf 68' lang='grc' dir='ltr'>οὗτοι</span> <span class='ocrx_word' id='word_1_708' title='bbox 3721 4554 4008 4621; x_wconf 74' lang='grc' dir='ltr'>λέγουσινς</span> 
     </span>
    </p>
   </div>
   <div class='ocr_carea' id='block_1_92' title="bbox 726 4641 2306 4714">
    <p class='ocr_par' dir='ltr' id='par_1_92' title="bbox 726 4641 2306 4714">
     <span class='ocr_line' id='line_1_92' title="bbox 726 4641 2306 4714; baseline -0.001 -15"><span class='ocrx_word' id='word_1_709' title='bbox 726 4648 855 4714; x_wconf 83' lang='lat' dir='ltr'><strong>quid</strong></span> <span class='ocrx_word' id='word_1_710' title='bbox 902 4646 989 4699; x_wconf 90' lang='lat' dir='ltr'><strong>isti</strong></span> <span class='ocrx_word' id='word_1_711' title='bbox 1040 4645 1267 4698; x_wconf 87' lang='lat' dir='ltr'><strong>dicunt?</strong></span> <span class='ocrx_word' id='word_1_712' title='bbox 1303 4642 1457 4697; x_wconf 83' lang='lat' dir='ltr'><strong>Jesus</strong></span> <span class='ocrx_word' id='word_1_713' title='bbox 1501 4654 1680 4697; x_wconf 87' lang='lat' dir='ltr'><strong>autem</strong></span> <span class='ocrx_word' id='word_1_714' title='bbox 1713 4643 1845 4697; x_wconf 81' lang='lat' dir='ltr'><strong>dicit</strong></span> <span class='ocrx_word' id='word_1_715' title='bbox 1890 4644 2041 4696; x_wconf 85' lang='lat' dir='ltr'><strong>illis:</strong></span> <span class='ocrx_word' id='word_1_716' title='bbox 2089 4641 2306 4712; x_wconf 88' lang='lat' dir='ltr'><strong>Utique.</strong></span> 
     </span>
    </p>
   </div>
   <div class='ocr_carea' id='block_1_93' title="bbox 726 4736 2308 4808">
    <p class='ocr_par' dir='ltr' id='par_1_93' title="bbox 726 4736 2308 4808">
     <span class='ocr_line' id='line_1_93' title="bbox 726 4736 2308 4808; baseline -0.003 -15"><span class='ocrx_word' id='word_1_717' title='bbox 726 4740 1017 4808; x_wconf 76' lang='lat' dir='ltr'><strong>Nunquam</strong></span> <span class='ocrx_word' id='word_1_718' title='bbox 1064 4739 1308 4808; x_wconf 87' lang='lat' dir='ltr'><strong>legistis:</strong></span> <span class='ocrx_word' id='word_1_719' title='bbox 1338 4736 1416 4791; x_wconf 78' lang='lat' dir='ltr'><strong>Ex</strong></span> <span class='ocrx_word' id='word_1_720' title='bbox 1452 4753 1545 4791; x_wconf 90' lang='lat' dir='ltr'><strong>ore</strong></span> <span class='ocrx_word' id='word_1_721' title='bbox 1579 4736 1865 4790; x_wconf 81' lang='lat' dir='ltr'><strong>infantium</strong></span> <span class='ocrx_word' id='word_1_722' title='bbox 1900 4746 1953 4789; x_wconf 90' lang='lat' dir='ltr'><strong>et</strong></span> <span class='ocrx_word' id='word_1_723' title='bbox 1994 4737 2308 4791; x_wconf 86' lang='lat' dir='ltr'><strong>lactentium</strong></span> 
     </span>
    </p>
   </div>
   <div class='ocr_carea' id='block_1_94' title="bbox 727 4829 2313 4901">
    <p class='ocr_par' dir='ltr' id='par_1_94' title="bbox 727 4829 2313 4901">
     <span class='ocr_line' id='line_1_94' title="bbox 727 4829 2313 4901; baseline -0.002 -15"><span class='ocrx_word' id='word_1_724' title='bbox 727 4833 997 4901; x_wconf 73' lang='lat' dir='ltr'><strong>perlecisti</strong></span> <span class='ocrx_word' id='word_1_725' title='bbox 1029 4832 1281 4884; x_wconf 74' lang='lat' dir='ltr'><strong>laudem?</strong></span> <span class='ocrx_word' id='word_1_726' title='bbox 1330 4851 1345 4881; x_wconf 74' lang='grc' dir='ltr'><strong>ι</strong></span> <span class='ocrx_word' id='word_1_727' title='bbox 1391 4830 1651 4885; x_wconf 74' lang='lat' dir='ltr'><strong>Phariszei</strong></span> <span class='ocrx_word' id='word_1_728' title='bbox 1684 4844 1806 4883; x_wconf 92' lang='lat' dir='ltr'><strong>cum</strong></span> <span class='ocrx_word' id='word_1_729' title='bbox 1843 4829 2084 4883; x_wconf 86' lang='lat' dir='ltr'><strong>viderent</strong></span> <span class='ocrx_word' id='word_1_730' title='bbox 2117 4844 2313 4896; x_wconf 69' lang='lat' dir='ltr'><strong>pueros</strong></span> 
     </span>
    </p>
   </div>
   <div class='ocr_carea' id='block_1_95' title="bbox 724 4919 2313 4996">
    <p class='ocr_par' dir='ltr' id='par_1_95' title="bbox 724 4919 2313 4996">
     <span class='ocr_line' id='line_1_95' title="bbox 724 4919 2313 4996; baseline -0.004 -17"><span class='ocrx_word' id='word_1_731' title='bbox 724 4926 979 4996; x_wconf 88' lang='lat' dir='ltr'><strong>bymnmn</strong></span> <span class='ocrx_word' id='word_1_732' title='bbox 1020 4923 1189 4976; x_wconf 81' lang='lat' dir='ltr'><strong>David</strong></span> <span class='ocrx_word' id='word_1_733' title='bbox 1220 4923 1415 4977; x_wconf 71' lang='lat' dir='ltr'><strong>offerre</strong></span> <span class='ocrx_word' id='word_1_734' title='bbox 1458 4922 1704 4987; x_wconf 87' lang='lat' dir='ltr'><strong>Christo,</strong></span> <span class='ocrx_word' id='word_1_735' title='bbox 1738 4935 1900 4991; x_wconf 84' lang='lat' dir='ltr'><strong>quem</strong></span> <span class='ocrx_word' id='word_1_736' title='bbox 1934 4920 2146 4976; x_wconf 88' lang='lat' dir='ltr'><strong>videtur</strong></span> <span class='ocrx_word' id='word_1_737' title='bbox 2182 4919 2313 4973; x_wconf 83' lang='lat' dir='ltr'><strong>Pro-</strong></span> 
     </span>
    </p>
   </div>
   <div class='ocr_carea' id='block_1_96' title="bbox 728 5016 2315 5087">
    <p class='ocr_par' dir='ltr' id='par_1_96' title="bbox 728 5016 2315 5087">
     <span class='ocr_line' id='line_1_96' title="bbox 728 5016 2315 5087; baseline -0.001 -18"><span class='ocrx_word' id='word_1_738' title='bbox 728 5020 885 5087; x_wconf 83' lang='lat' dir='ltr'><strong>pheta</strong></span> <span class='ocrx_word' id='word_1_739' title='bbox 922 5016 1030 5069; x_wconf 81' lang='lat' dir='ltr'><strong>Deo</strong></span> <span class='ocrx_word' id='word_1_740' title='bbox 1059 5016 1355 5079; x_wconf 88' lang='lat' dir='ltr'><strong>obtulisse,</strong></span> <span class='ocrx_word' id='word_1_741' title='bbox 1392 5016 1734 5071; x_wconf 88' lang='lat' dir='ltr'><strong>dissecantur</strong></span> <span class='ocrx_word' id='word_1_742' title='bbox 1762 5016 1968 5071; x_wconf 79' lang='lat' dir='ltr'><strong>invidia</strong></span> <span class='ocrx_word' id='word_1_743' title='bbox 1992 5055 2009 5078; x_wconf 95' lang='lat'><strong>,</strong></span> <span class='ocrx_word' id='word_1_744' title='bbox 2051 5024 2105 5069; x_wconf 91' lang='lat' dir='ltr'><strong>et</strong></span> <span class='ocrx_word' id='word_1_745' title='bbox 2146 5016 2315 5069; x_wconf 88' lang='lat' dir='ltr'><strong>inter-</strong></span> 
     </span>
    </p>
   </div>
   <div class='ocr_carea' id='block_1_97' title="bbox 726 5108 2315 5181">
    <p class='ocr_par' dir='ltr' id='par_1_97' title="bbox 726 5108 2315 5181">
     <span class='ocr_line' id='line_1_97' title="bbox 726 5108 2315 5181; baseline -0.001 -16"><span class='ocrx_word' id='word_1_746' title='bbox 726 5111 930 5181; x_wconf 90' lang='lat' dir='ltr'><strong>pellant</strong></span> <span class='ocrx_word' id='word_1_747' title='bbox 961 5109 1131 5173; x_wconf 90' lang='lat' dir='ltr'><strong>illum,</strong></span> <span class='ocrx_word' id='word_1_748' title='bbox 1158 5109 1298 5176; x_wconf 89' lang='lat' dir='ltr'><strong>quod</strong></span> <span class='ocrx_word' id='word_1_749' title='bbox 1329 5108 1603 5176; x_wconf 89' lang='lat' dir='ltr'><strong>permittat</strong></span> <span class='ocrx_word' id='word_1_750' title='bbox 1628 5110 1693 5163; x_wconf 91' lang='lat' dir='ltr'><strong>de</strong></span> <span class='ocrx_word' id='word_1_751' title='bbox 1720 5125 1778 5163; x_wconf 90' lang='lat' dir='ltr'><strong>se</strong></span> <span class='ocrx_word' id='word_1_752' title='bbox 1806 5110 1908 5164; x_wconf 89' lang='lat' dir='ltr'><strong>dici</strong></span> <span class='ocrx_word' id='word_1_753' title='bbox 1937 5123 2059 5178; x_wconf 72' lang='lat' dir='ltr'><strong>quae</strong></span> <span class='ocrx_word' id='word_1_754' title='bbox 2080 5109 2179 5164; x_wconf 91' lang='lat' dir='ltr'><strong>soli</strong></span> <span class='ocrx_word' id='word_1_755' title='bbox 2207 5108 2315 5163; x_wconf 88' lang='lat' dir='ltr'><strong>Deo</strong></span> 
     </span>
    </p>
   </div>
   <div class='ocr_carea' id='block_1_98' title="bbox 724 5201 2309 5270">
    <p class='ocr_par' dir='ltr' id='par_1_98' title="bbox 724 5201 2309 5270">
     <span class='ocr_line' id='line_1_98' title="bbox 724 5201 2309 5270; baseline 0.001 -14"><span class='ocrx_word' id='word_1_756' title='bbox 724 5204 1012 5257; x_wconf 88' lang='lat' dir='ltr'><strong>debentur.</strong></span> <span class='ocrx_word' id='word_1_757' title='bbox 1047 5201 1142 5255; x_wconf 79' lang='lat' dir='ltr'><strong>Ille</strong></span> <span class='ocrx_word' id='word_1_758' title='bbox 1163 5210 1345 5254; x_wconf 89' lang='lat' dir='ltr'><strong>autem</strong></span> <span class='ocrx_word' id='word_1_759' title='bbox 1373 5202 1544 5270; x_wconf 79' lang='lat' dir='ltr'><strong>magis</strong></span> <span class='ocrx_word' id='word_1_760' title='bbox 1573 5204 1879 5270; x_wconf 82' lang='lat' dir='ltr'><strong>approbans</strong></span> <span class='ocrx_word' id='word_1_761' title='bbox 1902 5204 2074 5257; x_wconf 87' lang='lat' dir='ltr'><strong>dicit:</strong></span> <span class='ocrx_word' id='word_1_762' title='bbox 2110 5202 2309 5257; x_wconf 86' lang='lat' dir='ltr'><strong>Etiam.</strong></span> 
     </span>
    </p>
   </div>
   <div class='ocr_carea' id='block_1_99' title="bbox 724 5295 2314 5361">
    <p class='ocr_par' dir='ltr' id='par_1_99' title="bbox 724 5295 2314 5361">
     <span class='ocr_line' id='line_1_99' title="bbox 724 5295 2314 5361; baseline 0.001 -12"><span class='ocrx_word' id='word_1_763' title='bbox 724 5298 955 5349; x_wconf 79' lang='lat' dir='ltr'><strong>Tantum</strong></span> <span class='ocrx_word' id='word_1_764' title='bbox 981 5295 1132 5349; x_wconf 85' lang='lat' dir='ltr'><strong>abest</strong></span> <span class='ocrx_word' id='word_1_765' title='bbox 1156 5306 1210 5349; x_wconf 88' lang='lat' dir='ltr'><strong>ut</strong></span> <span class='ocrx_word' id='word_1_766' title='bbox 1241 5296 1489 5348; x_wconf 85' lang='lat' dir='ltr'><strong>obturem</strong></span> <span class='ocrx_word' id='word_1_767' title='bbox 1523 5312 1615 5349; x_wconf 87' lang='lat' dir='ltr'><strong>ora</strong></span> <span class='ocrx_word' id='word_1_768' title='bbox 1632 5297 1774 5351; x_wconf 80' lang='lat' dir='ltr'><strong>.talia</strong></span> <span class='ocrx_word' id='word_1_769' title='bbox 1812 5298 2147 5361; x_wconf 87' lang='lat' dir='ltr'><strong>dicentium,</strong></span> <span class='ocrx_word' id='word_1_770' title='bbox 2177 5307 2314 5351; x_wconf 87' lang='lat' dir='ltr'><strong>utet</strong></span> 
     </span>
    </p>
   </div>
   <div class='ocr_carea' id='block_1_100' title="bbox 726 5386 2312 5454">
    <p class='ocr_par' dir='ltr' id='par_1_100' title="bbox 726 5386 2312 5454">
     <span class='ocr_line' id='line_1_100' title="bbox 726 5386 2312 5454; baseline 0.003 -15"><span class='ocrx_word' id='word_1_771' title='bbox 726 5387 1010 5454; x_wconf 71' lang='lat' dir='ltr'><strong>Propheta:</strong></span> <span class='ocrx_word' id='word_1_772' title='bbox 1059 5388 1427 5441; x_wconf 68' lang='lat' dir='ltr'><strong>testimonium</strong></span> <span class='ocrx_word' id='word_1_773' title='bbox 1475 5386 1775 5452; x_wconf 86' lang='lat' dir='ltr'><strong>adducam,</strong></span> <span class='ocrx_word' id='word_1_774' title='bbox 1808 5401 1861 5444; x_wconf 89' lang='lat' dir='ltr'><strong>et</strong></span> <span class='ocrx_word' id='word_1_775' title='bbox 1909 5406 1998 5445; x_wconf 90' lang='lat' dir='ltr'><strong>vos</strong></span> <span class='ocrx_word' id='word_1_776' title='bbox 2028 5392 2312 5444; x_wconf 82' lang='lat' dir='ltr'><strong>ostendam</strong></span> 
     </span>
    </p>
   </div>
   <div class='ocr_carea' id='block_1_101' title="bbox 726 5477 2341 5551">
    <p class='ocr_par' dir='ltr' id='par_1_101' title="bbox 726 5477 2341 5551">
     <span class='ocr_line' id='line_1_101' title="bbox 726 5477 2341 5551; baseline 0.006 -26"><span class='ocrx_word' id='word_1_777' title='bbox 726 5477 805 5529; x_wconf 76' lang='lat' dir='ltr'><strong>vel</strong></span> <span class='ocrx_word' id='word_1_778' title='bbox 829 5477 1127 5545; x_wconf 84' lang='lat' dir='ltr'><strong>imperitos,</strong></span> <span class='ocrx_word' id='word_1_779' title='bbox 1157 5482 1235 5532; x_wconf 80' lang='lat' dir='ltr'><strong>vel</strong></span> <span class='ocrx_word' id='word_1_780' title='bbox 1262 5480 1495 5533; x_wconf 82' lang='lat' dir='ltr'><strong>invidos.</strong></span> <span class='ocrx_word' id='word_1_781' title='bbox 1523 5479 1719 5533; x_wconf 78' lang='lat' dir='ltr'><strong>Annon</strong></span> <span class='ocrx_word' id='word_1_782' title='bbox 1762 5480 1902 5533; x_wconf 83' lang='lat' dir='ltr'><strong>enim</strong></span> <span class='ocrx_word' id='word_1_783' title='bbox 1933 5483 2138 5551; x_wconf 71' lang='lat' dir='ltr'><strong>legistis</strong></span> <span class='ocrx_word' id='word_1_784' title='bbox 2164 5485 2341 5551; x_wconf 73' lang='lat' dir='ltr'><strong>quod”</strong></span> 
     </span>
    </p>
   </div>
   <div class='ocr_carea' id='block_1_102' title="bbox 733 5568 2313 5641">
    <p class='ocr_par' dir='ltr' id='par_1_102' title="bbox 733 5568 2313 5641">
     <span class='ocr_line' id='line_1_102' title="bbox 733 5568 2313 5641; baseline 0.003 -18"><span class='ocrx_word' id='word_1_785' title='bbox 733 5568 814 5623; x_wconf 73' lang='lat' dir='ltr'><strong>Ea</strong></span> <span class='ocrx_word' id='word_1_786' title='bbox 848 5586 943 5625; x_wconf 85' lang='lat' dir='ltr'><strong>ore</strong></span> <span class='ocrx_word' id='word_1_787' title='bbox 982 5572 1263 5625; x_wconf 80' lang='lat' dir='ltr'><strong>infantium</strong></span> <span class='ocrx_word' id='word_1_788' title='bbox 1307 5583 1359 5627; x_wconf 87' lang='lat' dir='ltr'><strong>ct</strong></span> <span class='ocrx_word' id='word_1_789' title='bbox 1385 5574 1701 5628; x_wconf 71' lang='lat' dir='ltr'><strong>lactentinm</strong></span> <span class='ocrx_word' id='word_1_790' title='bbox 1748 5576 2021 5641; x_wconf 73' lang='lat' dir='ltr'><strong>perfecisti</strong></span> <span class='ocrx_word' id='word_1_791' title='bbox 2057 5575 2313 5630; x_wconf 79' lang='lat' dir='ltr'><strong>laudem?</strong></span> 
     </span>
    </p>
   </div>
   <div class='ocr_carea' id='block_1_103' title="bbox 726 5659 2311 5733">
    <p class='ocr_par' dir='ltr' id='par_1_103' title="bbox 726 5659 2311 5733">
     <span class='ocr_line' id='line_1_103' title="bbox 726 5659 2311 5733; baseline 0.005 -19"><span class='ocrx_word' id='word_1_792' title='bbox 726 5659 1010 5729; x_wconf 72' lang='lat' dir='ltr'><strong>Pcrfccisli</strong></span> <span class='ocrx_word' id='word_1_793' title='bbox 1041 5674 1221 5718; x_wconf 79' lang='lat' dir='ltr'><strong>autem</strong></span> <span class='ocrx_word' id='word_1_794' title='bbox 1242 5664 1543 5733; x_wconf 75' lang='lat' dir='ltr'><strong>signiﬁcat:</strong></span> <span class='ocrx_word' id='word_1_795' title='bbox 1577 5663 1882 5720; x_wconf 81' lang='lat' dir='ltr'><strong>Perfectam</strong></span> <span class='ocrx_word' id='word_1_796' title='bbox 1926 5675 1978 5721; x_wconf 85' lang='lat' dir='ltr'><strong>cl.</strong></span> <span class='ocrx_word' id='word_1_797' title='bbox 2012 5668 2311 5723; x_wconf 80' lang='lat' dir='ltr'><strong>absolutam</strong></span> 
     </span>
    </p>
   </div>
   <div class='ocr_carea' id='block_1_104' title="bbox 798 5848 1515 5913">
    <p class='ocr_par' dir='ltr' id='par_1_104' title="bbox 798 5848 1515 5913">
     <span class='ocr_line' id='line_1_104' title="bbox 798 5848 1515 5913; baseline -0.018 -7"><span class='ocrx_word' id='word_1_798' title='bbox 798 5857 874 5913; x_wconf 54' lang='grc' dir='ltr'><strong>(ι’)</strong></span> <span class='ocrx_word' id='word_1_799' title='bbox 1077 5848 1191 5901; x_wconf 50' lang='grc' dir='ltr'>Ικιιι.</span> <span class='ocrx_word' id='word_1_800' title='bbox 1231 5861 1275 5903; x_wconf 65' lang='lat' dir='ltr'><strong>v‘l</strong></span> <span class='ocrx_word' id='word_1_801' title='bbox 1321 5849 1515 5903; x_wconf 34' lang='lat' dir='ltr'><strong>fifty/95.</strong></span> 
     </span>
    </p>
   </div>
   <div class='ocr_carea' id='block_1_105' title="bbox 2430 4646 4010 4721">
    <p class='ocr_par' dir='ltr' id='par_1_105' title="bbox 2430 4646 4010 4721">
     <span class='ocr_line' id='line_1_105' title="bbox 2430 4646 4010 4721; baseline -0.007 -12"><span class='ocrx_word' id='word_1_802' title='bbox 2430 4656 2489 4709; x_wconf 85' lang='lat'><strong>&#39;0</strong></span> <span class='ocrx_word' id='word_1_803' title='bbox 2518 4655 2574 4707; x_wconf 81' lang='grc' dir='ltr'><strong>δὲ</strong></span> <span class='ocrx_word' id='word_1_804' title='bbox 2612 4652 2819 4721; x_wconf 74' lang='grc' dir='ltr'>Ἰησοῦς</span> <span class='ocrx_word' id='word_1_805' title='bbox 2846 4652 2993 4720; x_wconf 83' lang='grc' dir='ltr'>λέγει</span> <span class='ocrx_word' id='word_1_806' title='bbox 3023 4652 3229 4713; x_wconf 85' lang='grc' dir='ltr'>αὐτοῖς·</span> <span class='ocrx_word' id='word_1_807' title='bbox 3259 4648 3388 4703; x_wconf 83' lang='grc' dir='ltr'>Ναί.</span> <span class='ocrx_word' id='word_1_808' title='bbox 3412 4648 3685 4701; x_wconf 81' lang='grc' dir='ltr'>Οὐδέποτε</span> <span class='ocrx_word' id='word_1_809' title='bbox 3713 4646 4010 4714; x_wconf 80' lang='grc' dir='ltr'>ἀνέγνωτε,</span> 
     </span>
    </p>
   </div>
   <div class='ocr_carea' id='block_1_106' title="bbox 2419 4738 4012 4815">
    <p class='ocr_par' dir='ltr' id='par_1_106' title="bbox 2419 4738 4012 4815">
     <span class='ocr_line' id='line_1_106' title="bbox 2419 4738 4012 4815; baseline -0.006 -15"><span class='ocrx_word' id='word_1_810' title='bbox 2419 4749 2500 4801; x_wconf 76' lang='grc' dir='ltr'>ὅτι</span> <span class='ocrx_word' id='word_1_811' title='bbox 2546 4748 2642 4799; x_wconf 82' lang='grc' dir='ltr'><strong>Ἐκ</strong></span> <span class='ocrx_word' id='word_1_812' title='bbox 2670 4747 2941 4815; x_wconf 78' lang='grc' dir='ltr'>στόματος</span> <span class='ocrx_word' id='word_1_813' title='bbox 2973 4743 3182 4814; x_wconf 81' lang='grc' dir='ltr'>νηπίων</span> <span class='ocrx_word' id='word_1_814' title='bbox 3205 4744 3297 4795; x_wconf 69' lang='grc' dir='ltr'>καὶ</span> <span class='ocrx_word' id='word_1_815' title='bbox 3329 4740 3673 4809; x_wconf 76' lang='grc' dir='ltr'>θηλαζόντων</span> <span class='ocrx_word' id='word_1_816' title='bbox 3691 4738 4012 4808; x_wconf 86' lang='grc' dir='ltr'>κατηρτίσω</span> 
     </span>
    </p>
   </div>
   <div class='ocr_carea' id='block_1_107' title="bbox 2419 4830 4014 4907">
    <p class='ocr_par' dir='ltr' id='par_1_107' title="bbox 2419 4830 4014 4907">
     <span class='ocr_line' id='line_1_107' title="bbox 2419 4830 4014 4907; baseline -0.008 -14"><span class='ocrx_word' id='word_1_817' title='bbox 2419 4836 2599 4903; x_wconf 86' lang='grc' dir='ltr'>αἷνον;</span> <span class='ocrx_word' id='word_1_818' title='bbox 2642 4858 2658 4889; x_wconf 76' lang='grc' dir='ltr'><strong>ι</strong></span> <span class='ocrx_word' id='word_1_819' title='bbox 2706 4839 2769 4890; x_wconf 76' lang='lat' dir='ltr'><strong>Ol</strong></span> <span class='ocrx_word' id='word_1_820' title='bbox 2804 4839 3088 4907; x_wconf 76' lang='grc' dir='ltr'>Φαρισαῖοι</span> <span class='ocrx_word' id='word_1_821' title='bbox 3125 4837 3324 4899; x_wconf 79' lang='grc' dir='ltr'>ίδόντες</span> <span class='ocrx_word' id='word_1_822' title='bbox 3370 4837 3495 4895; x_wconf 75' lang='grc' dir='ltr'>τοὺς</span> <span class='ocrx_word' id='word_1_823' title='bbox 3530 4833 3726 4895; x_wconf 74' lang='grc' dir='ltr'>παῖδας</span> <span class='ocrx_word' id='word_1_824' title='bbox 3770 4830 4014 4899; x_wconf 78' lang='grc' dir='ltr'>προσφέ-</span> 
     </span>
    </p>
   </div>
   <div class='ocr_carea' id='block_1_108' title="bbox 2423 4922 4014 5006">
    <p class='ocr_par' dir='ltr' id='par_1_108' title="bbox 2423 4922 4014 5006">
     <span class='ocr_line' id='line_1_108' title="bbox 2423 4922 4014 5006; baseline -0.007 -22"><span class='ocrx_word' id='word_1_825' title='bbox 2423 4948 2617 5004; x_wconf 80' lang='grc' dir='ltr'>ροντας</span> <span class='ocrx_word' id='word_1_826' title='bbox 2640 4929 2719 5000; x_wconf 82' lang='grc' dir='ltr'>τῷ</span> <span class='ocrx_word' id='word_1_827' title='bbox 2752 4929 2975 4999; x_wconf 84' lang='grc' dir='ltr'>Χριστῷ</span> <span class='ocrx_word' id='word_1_828' title='bbox 3012 4928 3101 4981; x_wconf 78' lang='grc' dir='ltr'>τὸν</span> <span class='ocrx_word' id='word_1_829' title='bbox 3147 4928 3317 4998; x_wconf 81' lang='grc' dir='ltr'>ὐμνον</span> <span class='ocrx_word' id='word_1_830' title='bbox 3348 4926 3443 4980; x_wconf 87' lang='grc' dir='ltr'><strong>τοῦ</strong></span> <span class='ocrx_word' id='word_1_831' title='bbox 3475 4924 3639 4979; x_wconf 52' lang='lat' dir='ltr'><strong>Auditi</strong></span> <span class='ocrx_word' id='word_1_832' title='bbox 3659 4966 3673 4989; x_wconf 91' lang='lat'><strong>,</strong></span> <span class='ocrx_word' id='word_1_833' title='bbox 3700 4923 3760 4977; x_wconf 80' lang='grc' dir='ltr'>ὃν</span> <span class='ocrx_word' id='word_1_834' title='bbox 3788 4922 3951 5006; x_wconf 35' lang='grc' dir='ltr'>,δοκεῖ</span> <span class='ocrx_word' id='word_1_835' title='bbox 3984 4922 4014 4973; x_wconf 82' lang='grc' dir='ltr'>ὁ</span> 
     </span>
    </p>
   </div>
   <div class='ocr_carea' id='block_1_109' title="bbox 2421 5013 4012 5092">
    <p class='ocr_par' dir='ltr' id='par_1_109' title="bbox 2421 5013 4012 5092">
     <span class='ocr_line' id='line_1_109' title="bbox 2421 5013 4012 5092; baseline -0.005 -19"><span class='ocrx_word' id='word_1_836' title='bbox 2421 5022 2710 5092; x_wconf 75' lang='grc' dir='ltr'>προφήτης</span> <span class='ocrx_word' id='word_1_837' title='bbox 2849 5019 2967 5089; x_wconf 76' lang='grc' dir='ltr'><strong>Θεῷ</strong></span> <span class='ocrx_word' id='word_1_838' title='bbox 3000 5020 3302 5083; x_wconf 79' lang='grc' dir='ltr'>ἀναθεῖναι,</span> <span class='ocrx_word' id='word_1_839' title='bbox 3330 5017 3678 5087; x_wconf 79' lang='grc' dir='ltr'>διαπρίονται</span> <span class='ocrx_word' id='word_1_840' title='bbox 3706 5013 3783 5083; x_wconf 85' lang='grc' dir='ltr'><strong>τῷ</strong></span> <span class='ocrx_word' id='word_1_841' title='bbox 3806 5013 4012 5082; x_wconf 70' lang='grc' dir='ltr'>φθόνῳ,</span> 
     </span>
    </p>
   </div>
   <div class='ocr_carea' id='block_1_110' title="bbox 2420 5104 4015 5181">
    <p class='ocr_par' dir='ltr' id='par_1_110' title="bbox 2420 5104 4015 5181">
     <span class='ocr_line' id='line_1_110' title="bbox 2420 5104 4015 5181; baseline -0.008 -12"><span class='ocrx_word' id='word_1_842' title='bbox 2420 5116 2515 5169; x_wconf 72' lang='grc' dir='ltr'><strong>καὶ</strong></span> <span class='ocrx_word' id='word_1_843' title='bbox 2544 5113 2769 5177; x_wconf 63' lang='grc' dir='ltr'>κακίζοι</span> <span class='ocrx_word' id='word_1_844' title='bbox 2783 5131 2862 5165; x_wconf 77' lang='grc' dir='ltr'><strong>σιν</strong></span> <span class='ocrx_word' id='word_1_845' title='bbox 2894 5113 3055 5165; x_wconf 68' lang='grc' dir='ltr'>αὐτὸν</span> <span class='ocrx_word' id='word_1_846' title='bbox 3078 5110 3154 5174; x_wconf 80' lang='grc' dir='ltr'>ὡς</span> <span class='ocrx_word' id='word_1_847' title='bbox 3176 5112 3503 5181; x_wconf 65' lang='grc' dir='ltr'>ἀνεχόμενον</span> <span class='ocrx_word' id='word_1_848' title='bbox 3530 5109 3599 5161; x_wconf 72' lang='grc' dir='ltr'><strong>τὰ</strong></span> <span class='ocrx_word' id='word_1_849' title='bbox 3626 5110 3718 5160; x_wconf 83' lang='grc' dir='ltr'><strong>τοῦ</strong></span> <span class='ocrx_word' id='word_1_850' title='bbox 3750 5104 3885 5158; x_wconf 81' lang='grc' dir='ltr'>Θεοῦ</span> <span class='ocrx_word' id='word_1_851' title='bbox 3923 5105 4015 5157; x_wconf 73' lang='grc' dir='ltr'><strong>ἐπ’</strong></span> 
     </span>
    </p>
   </div>
   <div class='ocr_carea' id='block_1_111' title="bbox 2418 5200 4011 5277">
    <p class='ocr_par' dir='ltr' id='par_1_111' title="bbox 2418 5200 4011 5277">
     <span class='ocr_line' id='line_1_111' title="bbox 2418 5200 4011 5277; baseline -0.006 -17"><span class='ocrx_word' id='word_1_852' title='bbox 2418 5208 2566 5277; x_wconf 84' lang='grc' dir='ltr'><strong>αὐτῷ</strong></span> <span class='ocrx_word' id='word_1_853' title='bbox 2592 5206 2868 5274; x_wconf 77' lang='grc' dir='ltr'>λέγεσθαι·</span> <span class='ocrx_word' id='word_1_854' title='bbox 2908 5208 2933 5258; x_wconf 78' lang='grc' dir='ltr'><strong>ὁ</strong></span> <span class='ocrx_word' id='word_1_855' title='bbox 2960 5206 3037 5270; x_wconf 72' lang='grc' dir='ltr'>δὲ,</span> <span class='ocrx_word' id='word_1_856' title='bbox 3067 5205 3397 5257; x_wconf 71' lang='grc' dir='ltr'>ἐπιόεὸαιῶν</span> <span class='ocrx_word' id='word_1_857' title='bbox 3428 5202 3650 5273; x_wconf 56' lang='grc' dir='ltr'>μᾶλλον,</span> <span class='ocrx_word' id='word_1_858' title='bbox 3688 5200 3844 5270; x_wconf 71' lang='grc' dir='ltr'>φησί’</span> <span class='ocrx_word' id='word_1_859' title='bbox 3878 5200 4011 5251; x_wconf 78' lang='grc' dir='ltr'>Ναί.</span> 
     </span>
    </p>
   </div>
   <div class='ocr_carea' id='block_1_112' title="bbox 2420 5289 4013 5368">
    <p class='ocr_par' dir='ltr' id='par_1_112' title="bbox 2420 5289 4013 5368">
     <span class='ocr_line' id='line_1_112' title="bbox 2420 5289 4013 5368; baseline -0.007 -17"><span class='ocrx_word' id='word_1_860' title='bbox 2420 5298 2687 5351; x_wconf 80' lang='grc' dir='ltr'>Τοσοῦτον</span> <span class='ocrx_word' id='word_1_861' title='bbox 2708 5299 2839 5368; x_wconf 81' lang='grc' dir='ltr'>γὰρ,</span> <span class='ocrx_word' id='word_1_862' title='bbox 2860 5300 3045 5367; x_wconf 59' lang='grc' dir='ltr'>φησὶν,</span> <span class='ocrx_word' id='word_1_863' title='bbox 3074 5298 3262 5367; x_wconf 77' lang='grc' dir='ltr'>ἀπέχω</span> <span class='ocrx_word' id='word_1_864' title='bbox 3279 5298 3372 5349; x_wconf 81' lang='grc' dir='ltr'><strong>τοῦ</strong></span> <span class='ocrx_word' id='word_1_865' title='bbox 3390 5294 3739 5363; x_wconf 73' lang='grc' dir='ltr'>ἐπιστομίσαι</span> <span class='ocrx_word' id='word_1_866' title='bbox 3766 5292 3892 5352; x_wconf 81' lang='grc' dir='ltr'>τοὺς</span> <span class='ocrx_word' id='word_1_867' title='bbox 3926 5289 4013 5341; x_wconf 62' lang='grc' dir='ltr'><strong>λέ.</strong></span> 
     </span>
    </p>
   </div>
   <div class='ocr_carea' id='block_1_113' title="bbox 2421 5384 4012 5460">
    <p class='ocr_par' dir='ltr' id='par_1_113' title="bbox 2421 5384 4012 5460">
     <span class='ocr_line' id='line_1_113' title="bbox 2421 5384 4012 5460; baseline -0.006 -17"><span class='ocrx_word' id='word_1_868' title='bbox 2421 5392 2615 5458; x_wconf 79' lang='grc' dir='ltr'>γοντάς</span> <span class='ocrx_word' id='word_1_869' title='bbox 2660 5409 2747 5459; x_wconf 71' lang='grc' dir='ltr'><strong>μοι</strong></span> <span class='ocrx_word' id='word_1_870' title='bbox 2788 5391 2983 5453; x_wconf 62' lang='grc' dir='ltr'>ταῦτα,</span> <span class='ocrx_word' id='word_1_871' title='bbox 3022 5390 3163 5442; x_wconf 75' lang='grc' dir='ltr'>ὥστε</span> <span class='ocrx_word' id='word_1_872' title='bbox 3197 5390 3288 5442; x_wconf 75' lang='grc' dir='ltr'><strong>καὶ</strong></span> <span class='ocrx_word' id='word_1_873' title='bbox 3324 5394 3413 5442; x_wconf 69' lang='grc' dir='ltr'><strong>τὸν</strong></span> <span class='ocrx_word' id='word_1_874' title='bbox 3447 5390 3739 5460; x_wconf 66' lang='grc' dir='ltr'>προφήτην</span> <span class='ocrx_word' id='word_1_875' title='bbox 3771 5384 4012 5453; x_wconf 78' lang='grc' dir='ltr'>παράγει)</span> 
     </span>
    </p>
   </div>
   <div class='ocr_carea' id='block_1_114' title="bbox 2415 5478 4009 5555">
    <p class='ocr_par' dir='ltr' id='par_1_114' title="bbox 2415 5478 4009 5555">
     <span class='ocr_line' id='line_1_114' title="bbox 2415 5478 4009 5555; baseline -0.004 -18"><span class='ocrx_word' id='word_1_876' title='bbox 2415 5484 2689 5555; x_wconf 78' lang='grc' dir='ltr'>μάρτυρα,</span> <span class='ocrx_word' id='word_1_877' title='bbox 2726 5486 2819 5537; x_wconf 71' lang='grc' dir='ltr'><strong>καὶ</strong></span> <span class='ocrx_word' id='word_1_878' title='bbox 2854 5486 2997 5553; x_wconf 64' lang='grc' dir='ltr'>ὑμᾶς</span> <span class='ocrx_word' id='word_1_879' title='bbox 3031 5486 3391 5553; x_wconf 80' lang='grc' dir='ltr'>ἀποδείκνυμι</span> <span class='ocrx_word' id='word_1_880' title='bbox 3425 5484 3455 5552; x_wconf 79' lang='grc' dir='ltr'>ἦ</span> <span class='ocrx_word' id='word_1_881' title='bbox 3488 5481 3777 5553; x_wconf 78' lang='grc' dir='ltr'>ἀμαθεῐςῆ</span> <span class='ocrx_word' id='word_1_882' title='bbox 3815 5478 4009 5547; x_wconf 63' lang='grc' dir='ltr'>φθονε-</span> 
     </span>
    </p>
   </div>
   <div class='ocr_carea' id='block_1_115' title="bbox 2416 5572 4011 5647">
    <p class='ocr_par' dir='ltr' id='par_1_115' title="bbox 2416 5572 4011 5647">
     <span class='ocr_line' id='line_1_115' title="bbox 2416 5572 4011 5647; baseline -0.004 -18"><span class='ocrx_word' id='word_1_883' title='bbox 2416 5576 2561 5647; x_wconf 72' lang='grc' dir='ltr'>ρούς.</span> <span class='ocrx_word' id='word_1_884' title='bbox 2602 5578 2714 5630; x_wconf 74' lang='grc' dir='ltr'><strong>Οὐκ</strong></span> <span class='ocrx_word' id='word_1_885' title='bbox 2760 5578 3032 5644; x_wconf 78' lang='grc' dir='ltr'>ἀνέγνωτε</span> <span class='ocrx_word' id='word_1_886' title='bbox 3065 5580 3201 5645; x_wconf 74' lang='grc' dir='ltr'>γὰρ,</span> <span class='ocrx_word' id='word_1_887' title='bbox 3242 5580 3323 5632; x_wconf 85' lang='grc' dir='ltr'>ὅτι</span> <span class='ocrx_word' id='word_1_888' title='bbox 3364 5578 3455 5629; x_wconf 77' lang='grc' dir='ltr'><strong>Ἐκ</strong></span> <span class='ocrx_word' id='word_1_889' title='bbox 3494 5578 3760 5644; x_wconf 61' lang='grc' dir='ltr'>στόματος</span> <span class='ocrx_word' id='word_1_890' title='bbox 3796 5572 4011 5641; x_wconf 72' lang='grc' dir='ltr'>νηπίων</span> 
     </span>
    </p>
   </div>
   <div class='ocr_carea' id='block_1_116' title="bbox 2417 5665 4010 5740">
    <p class='ocr_par' dir='ltr' id='par_1_116' title="bbox 2417 5665 4010 5740">
     <span class='ocr_line' id='line_1_116' title="bbox 2417 5665 4010 5740; baseline -0.002 -17"><span class='ocrx_word' id='word_1_891' title='bbox 2417 5670 2508 5723; x_wconf 70' lang='grc' dir='ltr'><strong>καὶ</strong></span> <span class='ocrx_word' id='word_1_892' title='bbox 2564 5670 2910 5737; x_wconf 65' lang='grc' dir='ltr'>θηλαζόντυι)</span> <span class='ocrx_word' id='word_1_893' title='bbox 2962 5672 3277 5740; x_wconf 64' lang='grc' dir='ltr'>κατηρτίσω</span> <span class='ocrx_word' id='word_1_894' title='bbox 3329 5665 3509 5734; x_wconf 69' lang='grc' dir='ltr'>ατνον;</span> <span class='ocrx_word' id='word_1_895' title='bbox 3572 5671 3920 5735; x_wconf 64' lang='grc' dir='ltr'>Ιιίιτηρτίσω</span> <span class='ocrx_word' id='word_1_896' title='bbox 3956 5666 4010 5720; x_wconf 64' lang='grc' dir='ltr'><strong>δὲ</strong></span> 
     </span>
    </p>
   </div>
  </div>
