4288 6444
259 407 365 471 377

925 398 1385 463 'ENARRATIO
1423 396 1506 460 IN
1537 391 2045 459 EVANGELlUM
2083 387 2475 452 MATTH/EI.
2510 409 2584 424 -

1292 398 1385 460 ¹ῙΟ
1423 396 1506 460 IN
1537 391 2045 459 EVANGELlUM
2083 387 2475 452 MATTH/EI.
2510 409 2584 424 -
2620 384 2780 448 CAP.
2821 380 2985 444 XXI.

3451 341 3643 438 ,τίδ’

264 528 452 600 μάχοι.
485 527 561 589 ὡς
596 522 670 594 μή
699 517 1136 590 παραδεξάμενοι
1194 516 1354 569 τοῦτο
1383 531 1398 547 ο
1450 513 1548 566 ἑὰν
1588 511 1645 568 δὲ
1675 510 1735 575 ἐξ
1766 511 1860 563 άν-
1888 513 1937 568 Α

1888 507 2252 569 Αόίοετεηι,
2303 502 2745 573 periclitareutnr
2792 504 3019 568 propter
3069 492 3310 548 turbam.
3365 489 3567 547 Omnes

263 623 501 692 θρώπων
527 619 750 678 εἴπωσι,
783 613 1205 668 κινδυνεύσωσιν
1224 613 1286 664 ὲκ
1318 608 1412 662 τοῦ
1442 606 1626 677 ὄχλου.
1650 607 1862 664 Πάντες

265 715 377 784 γὰρ
416 713 492 774 ὡς
533 709 820 778 προφήτην
868 700 1017 775 εἶχον
1051 702 1143 754 τὸν
1190 699 1469 768 Ἰωάννην.
1506 695 1762 749 Δείκνυσι
1804 691 1861 743 δὲ

265 805 519 867 tacito”
549 803 578 854 6
609 799 836 869 Κύριος,
868 799 950 850 ὅτι
984 796 1098 856 τοῖς
1131 789 1460 862 κακούργως
1495 786 1776 859 ἐρωτῶσιν
1801 784 1863 836 οὑ

266 902 352 956 δεῖ
380 894 797 965 ἀποκρίνεσθαι.
831 891 968 945 Οὐδὲ
1013 891 1122 958 γὰρ
1153 887 1263 941 οὐδ’
1319 883 1482 947 αὐτὸς
1528 879 1865 950 ἀπεκρίνατο

264 990 381 1054 τοίς
412 986 694 1060 ὶρωτῶσιν
732 983 898 1038 αὑτὸν
944 979 1224 1042 Ἰουδαίοις
1257 980 1316 1031 ὲν
1353 975 1520 1042 δόλῳ,
1554 973 1733 1027 καίτοι
1763 970 1864 1023 οὑκ

261 1080 461 1152 ἠπόρει
493 1075 865 1148 ἀποκρίσεως.
904 1075 1060 1144 ’Δμα
1098 1072 1155 1124 δὲ
1190 1069 1538 1141 μανθάνομεν
1572 1065 1654 1118 ὅτι
1685 1064 1780 1117 καὶ
1806 1061 1866 1113 τὸ

265 1171 464 1227 ἑαυτὸν
501 1167 912 1237 δγκωμιάζειν,
940 1167 1041 1219 οὑκ
1080 1163 1196 1217 ἐστι
1236 1163 1382 1214 κατὰ
1419 1158 1684 1229 Χριστόν.
1730 1153 1865 1207 Ἰδοὺ

265 1265 362 1318 οὖν
382 1266 412 1316 6
438 1263 641 1333 Κύριος
671 1255 975 1329 δυνάμενος
997 1258 1173 1310 εἰπεῖν
1204 1255 1262 1307 ὲν
1285 1252 1416 1323 ποίᾳ
1445 1249 1667 1319 ἐξουσίᾳ
1691 1245 1866 1299 ταῦτα

266 1363 422 1416 ποιεῖ
443 1399 457 1417 .
499 1358 600 1410 οὑκ
631 1350 809 1414 εἶπεν,
849 1352 934 1404 ἵνα
965 1348 1040 1418 μὴ
1069 1348 1196 1418 δόξῃ
1229 1345 1425 1400 ἑαυτὸν
1469 1338 1865 1410 ἐγκωμιάζειν.

352 1470 368 1501 ι
404 1448 472 1504 Τί
522 1448 579 1501 δὲ
632 1446 762 1516 ὑμῖν
815 1443 996 1506 δοκεῖ;
1029 1438 1356 1508 Ἀνθρωπος
1381 1431 1492 1505 εἶχε
1532 1433 1700 1486 τέκνα
1735 1429 1829 1483 δύο
1850 1441 1866 1458 ⁶

269 1545 366 1596 καὶ
394 1538 711 1612 προσελθὼν
739 1534 818 1605 τῷ
853 1532 1080 1604 πρώτῳ,
1109 1526 1271 1591 εἴπεο
1306 1529 1533 1589 Τέκνον,
1562 1524 1744 1590 ὕπαγε
1774 1521 1871 1592 σή-

273 1652 463 1706 μερον,
485 1630 721 1702 ἐργάζου
749 1629 806 1682 ὲν
837 1626 917 1696 τῷ
939 1622 1228 1696 ἀμπελῶνί
1271 1637 1396 1690 μου.
1438 1618 1498 1672 '0
1527 1616 1583 1670 δὲ
1632 1616 1872 1684 ἀποκρι-

271 1705 410 1788 θεῖς,
481 1719 673 1779 εῐπεν-
705 1719 782 1773 os
844 1717 1005 1771 θέλω.
1040 1715 1313 1781 ’Υστερον
1353 1711 1411 1765 δὲ
1461 1705 1872 1781 μεταμεληθεις

271 1816 508 1885 ἀπῆλθε.
547 1815 658 1868 Καὶ
701 1809 1017 1882 προσελθὼν
1057 1807 1137 1876 τῷ
1195 1805 1462 1874 δευτέρῳ,
1491 1798 1647 1856 εἶπεν
1682 1797 1869 1853 ὡσαύ-

272 1918 410 1970 τως·
438 1907 466 1959 6
493 1905 549 1958 δὲ
577 1901 925 1972 ἀποκριθεὶς,
952 1895 1109 1952 εἶπεν
1132 1912 1149 1927 ⁸
1202 1894 1372 1962 Ἐγὼ,
1413 1893 1600 1961 κύριε·
1644 1890 1740 1944 καὶ
1772 1888 1874 1940 οὑκ

273 1998 508 2068 ἀπῆλθε.
542 1997 638 2059 Τις
674 1994 866 2049 ἐκτῶν
896 1993 993 2046 δύο
1050 1989 1276 2056 ἐποίησε
1302 1986 1362 2039 τὸ
1389 1985 1604 2054 θέλημα
1641 1980 1735 2035 τοῦ
1771 1996 1877 2032 πα-

274 2092 442 2164 τρός;
481 2092 751 2157 Λέγουσιν
817 2085 986 2155 αὑτῷ·
1044 2086 1107 2138 '0
1141 2081 1384 2152 πρῶτος.
1419 2079 1585 2146 Λέγει
1623 2076 1809 2135 αὑτοῖς
1848 2074 1877 2126 ό

287 2185 530 2254 Ἰησοῦςο
575 2182 750 2251 Ἀμὴν
785 2180 931 2246 λέγω
974 2177 1105 2247 ὑμῖν
1150 2175 1307 2228 ὅτιοὶ
1365 2170 1598 2224 τελῶναι
1659 2168 1757 2220 καὶ
1819 2166 1875 2218 αἱ

275 2253 477 2347 πόρναι
504 2274 842 2345 προάγουσιν
872 2271 1018 2341 ὑμᾶς
1051 2271 1130 2330 εἰς
1161 2267 1262 2336 τήν
1287 2263 1567 2334 βασιλείαν
1591 2257 1685 2312 τοῦ
1713 2253 1874 2310 Θεοῦ.

275 2365 449 2426 Ἶιλθε
481 2371 592 2439 γὰρ
617 2365 754 2438 πρὸς
783 2366 929 2434 ὑμᾶς
975 2361 1233 2430 Ἰωάννης
1258 2361 1316 2411 ὲν
1360 2355 1464 2423 ὁδῷ
1496 2350 1875 2419 δικαιοσύνης,

278 2467 372 2520 καὶ
424 2465 525 2518 οὑκ
585 2459 947 2515 ἐπιστεύσατε
993 2453 1175 2523 αὑτῷ·
1209 2453 1258 2505 οἱ
1292 2451 1348 2504 δὲ
1391 2449 1624 2502 τελῶναι
1679 2445 1776 2498 καὶ
1822 2443 1878 2495 αἱ

277 2558 477 2627 πόρναι
511 2553 844 2620 ὲπξστευσαν
874 2547 1026 2616 αὑτῷ
1049 2562 1062 2576 ⁸
1099 2546 1258 2615 ὑμεῖς
1300 2542 1357 2596 δὲ
1397 2541 1596 2602 ἰδόντες
1628 2536 1689 2589 οὑ
1725 2551 1880 2604 μετες

283 2647 557 2718 μελήθητε
592 2643 824 2710 ὕστερον
848 2639 944 2693 τοῦ
993 2635 1298 2691 ’πιστεῦσαι
1341 2630 1514 2701 αὑτῷ.
1560 2648 1578 2681 ι
1611 2627 1716 2682 Δύο
1744 2626 1879 2692 τάγ-

283 2757 430 2809 ματα
461 2736 693 2803 εἰσάγω
732 2733 792 2786 ’ἐν
823 2733 922 2800 μὶν
963 2731 1074 2783 τῶν
1129 2728 1188 2794 ἐξ
1238 2726 1415 2797 ἀρχῆς
1453 2722 1877 2792 ὑποσχομένων·

281 2826 548 2901 οἶοιήσαν
580 2829 630 2881 οἱ
670 2824 942 2887 Ἰουδαῖοι,
997 2818 1246 2880 εἰπόντες
1274 2833 1288 2848 ·
1321 2833 1339 2867 ι
1374 2816 1560 2868 Πάντα
1591 2813 1692 2866 ὅσα
1726 2806 1882 2862 εἶπεν

279 2925 307 2974 6
341 2921 474 2982 Θεὸς
503 2920 806 2988 ποιήσομεν
829 2915 924 2969 καὶ
947 2908 1300 2980 ἀκουσόμεθα
1330 2921 1344 2936 ⁸
1398 2925 1416 2957 ι
1449 2905 1638 2974 ἕτερον
1662 2903 1741 2965 δὲ,
1773 2901 1883 2955 τῶν

280 3014 724 3084 άπειθησάντων,
777 3003 890 3062 οἷον
933 3005 1155 3076 πορνῶν
1181 3001 1277 3055 καὶ
1337 2998 1609 3060 τελωνῶν,
1650 2995 1786 3049 ἀλλὰ
1818 2995 1884 3062 δὴ

281 3113 382 3163 καὶ
410 3107 507 3161 τοῦ
541 3105 603 3169 ἐξ
624 3103 793 3158 ἐθνῶν
824 3097 982 3164 λαοῦ,
1025 3100 1074 3150 οἳ
1106 3095 1165 3160 ἐξ
1205 3095 1380 3164 ἀρχῆς
1423 3091 1497 3160 μὴ
1537 3087 1887 3142 ὑπακούσαν-

1967 601 2191 656 enimut
2216 596 2536 666 prophetam
2564 594 2841 653 habebant
2871 589 3163 645 Joannem.
3194 585 3448 642 Ostendit
3477 601 3571 639 an-

1970 703 2074 746 tem
2107 692 2208 744 hoc
2240 690 2358 742 loco
2393 686 2690 750 Dominus,
2720 683 2864 752 quod
2900 681 3136 747 maligne
3178 678 3570 746 interroganti-

1968 787 2070 840 bus
2101 798 2206 837 non
2247 788 2500 848 oporteat
2531 776 2887 844 respondere.
2921 772 3055 826 Nam
3083 787 3187 826 nee
3220 772 3335 839 ipse
3369 769 3571 824 Jndaais

1968 877 2155 933 dolose
2208 873 2676 941 interrogantibus
2737 869 3048 937 respondit.
3110 866 3364 935 quamvis
3427 862 3571 916 nulla

1970 967 2334 1039 respondendi
2373 963 2664 1018 difﬁcultas
2694 970 2859 1015 esset.
2905 960 3174 1011 Discimns
3219 965 3399 1009 autem
3437 954 3575 1006 inte-

1973 1062 2074 1116 rim
2106 1059 2250 1128 quod
2280 1056 2632 1122 semetipsum
2661 1053 2882 1105 laudare
2913 1066 3018 1101 non
3058 1057 3141 1102 est
3178 1046 3334 1114 jnt'a
3367 1043 3572 1105 Christi

1972 1153 2297 1209 doctrinam.
2338 1152 2482 1204 Ecce
2521 1147 2782 1200 Dominus
2831 1146 2980 1200 enim
3027 1145 3116 1208 qui
3164 1143 3345 1212 potuit
3396 1143 3577 1192 dicere

1972 1263 2076 1316 qua
2111 1253 2379 1313 potestate
2425 1244 2544 1296 haec
2601 1240 2829 1305 faceret,
2863 1253 2969 1292 non
3000 1236 3174 1299 dixit,
3219 1249 3289 1289 ne
3335 1235 3575 1301 seipsum

1973 1339 2198 1392 laudare
2217 1337 2512 1388 videretur.

2047 1429 2211 1484 Vens.
2245 1426 2492 1501 28—52.:
2530 1423 2669 1491 Quid
2704 1431 2886 1476 autem
2919 1420 3075 1474 vobis
3112 1416 3371 1471 videtur?
3405 1415 3580 1468 Homo

1974 1524 2195 1591 quidam
2228 1519 2465 1576 habebat
2490 1519 2627 1573 duos
2666 1516 2843 1570 lilios:
2877 1523 2931 1567 et
2958 1511 3224 1566 aceedens
3245 1511 3312 1563 ad
3339 1509 3580 1578 priorem

1975 1617 2152 1670 dixit:
2190 1615 2312 1673 Fili,
2347 1613 2482 1666 vade
2531 1611 2715 1671 hodie,
2750 1621 2979 1678 operare
3015 1607 3066 1658 in
3121 1606 3277 1657 vinea
3316 1618 3455 1656 mea.
3487 1601 3584 1655 llle

1977 1718 2154 1763 autem
2187 1707 2522 1776 respondens
2554 1705 2660 1757 ait:
2691 1701 2846 1756 Nolo.
2877 1700 3069 1752 Postea
3098 1713 3227 1752 vero
3254 1697 3582 1764 paenitentia

1978 1812 2159 1857 motus
2182 1801 2333 1854 abiit.
2361 1799 2643 1855 Accedens
2666 1807 2844 1848 autem
2877 1794 2940 1846 ad
2974 1794 3203 1845 alterum
3228 1791 3363 1842 dixit
3397 1787 3590 1843 simili-

1985 1907 2099 1961 ter;
2124 1903 2180 1948 at
2201 1895 2288 1948 ille
2310 1891 2646 1960 reSpondens
2665 1890 2736 1943 ait
2771 1907 2783 1942 :
2812 1887 2912 1949 Eo,
2950 1885 3190 1948 domine,
3216 1894 3269 1937 et
3301 1897 3406 1935 non
3430 1879 3584 1933 abiit.

1983 1989 2118 2044 Uter
2145 2005 2174 2042 e
2203 1989 2412 2042 duobus
2459 1985 2585 2040 fecit
2627 1983 2768 2050 quod
2820 1981 2990 2034 voluit
3046 1977 3238 2041 pater?
3267 1975 3462 2027 Dicunt
3487 1973 3536 2026 ei
3572 1991 3585 2026 :

1984 2082 2159 2136 Prior.
2219 2077 2358 2132 Dicit
2416 2076 2524 2131 illis
2579 2074 2740 2129 Jesns
2775 2095 2785 2127 :
2819 2074 2992 2125 Amen
3048 2070 3171 2123 dlt'O
3225 2067 3399 2127 vobis,
3441 2063 3588 2132 quod

1984 2172 2258 2244 publicani
2289 2182 2344 2226 et
2377 2169 2698 2224 meretrices
2728 2165 3044 2233 prmcednnt
3073 2177 3166 2215 vos
3191 2163 3241 2212 in
3274 2173 3439 2228 regno
3471 2156 3588 2210 Dei.

1985 2268 2148 2323 Venit
2177 2267 2322 2321 enim
2344 2265 2410 2318 ad
2445 2279 2538 2315 vos
2567 2261 2809 2315 Joannes
2837 2273 2934 2326 per
2966 2257 3106 2308 viam
3131 2255 3380 2324 iustitiae,
3405 2261 3454 2304 et
3484 2265 3592 2301 non

1989 2359 2307 2419 credidistis
2338 2360 2386 2413 ei
2419 2376 2431 2412 :
2463 2355 2738 2427 publicani
2777 2363 2958 2406 autem
3005 2360 3061 2406 et
3095 2347 3417 2403 meretrices
3468 2359 3595 2396 cre-

1985 2456 2240 2511 diderunt
2284 2453 2356 2507 ei.
2415 2451 2523 2506 Vos
2575 2459 2756 2502 autem
2815 2461 2938 2499 cum
2996 2441 3272 2496 vidissetis
3307 2453 3454 2494 eum.
3487 2449 3594 2488 non

1985 2547 2167 2603 fuistis
2217 2543 2476 2600 commoti
2532 2538 2855 2612 pceuitentia
2937 2549 3126 2604 postea
3171 2544 3228 2587 ut
3295 2529 3596 2585 crederetis

1985 2645 2056 2698 ei.
2091 2662 2109 2694 ι
2143 2641 2286 2695 Duos
2319 2639 2540 2694 ordines
2571 2632 2800 2695 inducit,
2829 2645 2998 2684 unum
3029 2625 3299 2698 principio
3335 2622 3596 2691 pollicen-

1989 2735 2146 2796 tium,
2196 2733 2390 2802 quales
2424 2729 2647 2784 fuerunt
2679 2724 2854 2778 Jndtei
2884 2722 2974 2791 qni
3004 2721 3301 2780 dixerunt;
3338 2733 3355 2766 ι
3394 2713 3592 2766 Omnia

1987 2841 2328 2896 qnmconque
2356 2821 2494 2880 dixit
2542 2821 2706 2885 Deus,
2741 2818 3007 2872 faciemus
3045 2823 3099 2867 et
3141 2807 3537 2872 audiemus";
3576 2823 3594 2856 ι

1990 2919 2225 2971 alterum
2273 2930 2462 2970 eorum
2488 2912 2580 2983 qui
2607 2927 2710 2964 non
2744 2909 2929 2962 statim
2964 2903 3207 2975 persuasi
3233 2910 3378 2961 sunt,
3413 2897 3603 2969 quales

1991 3017 2115 3064 sunt
2173 3006 2495 3062 meretrices
2525 3014 2580 3058 et
2615 2999 2930 3073 publicani,
2965 3010 3016 3051 et
3065 2997 3155 3067 qni
3204 3010 3268 3048 ex
3317 2991 3602 3063 gentilium

1992 3100 2192 3169 populo
2237 3101 2328 3169 qui
2363 3101 2430 3151 ab
2463 3096 2620 3150 initio
2670 3110 2778 3149 non
2831 3091 3158 3146 obediernnt
3206 3085 3473 3142 voluntati
3517 3084 3604 3140 di-

281 3217 378 3261 τες
410 3199 490 3268 τῷ
513 3196 787 3265 θελήματι
811 3189 906 3246 τοῦ
935 3188 1096 3254 Θεοῦ,
1132 3187 1360 3256 ὕστερον
1403 3184 1758 3253 μετέγνωσαν
1788 3181 1886 3233 καὶ
1913 3196 1956 3254 c

1913 3196 1956 3254 c
1992 3192 2152 3256 vinae,
2184 3200 2371 3258 postea
2422 3197 2608 3241 autem
2659 3184 2999 3254 ptenitudine
3051 3181 3199 3234 ducti
3253 3179 3603 3232 obedierunt.

282 3291 630 3363 ὑπήκουσαν.
657 3288 806 3358 Ὅρα
835 3279 929 3338 οὖν
951 3282 1053 3351 τὴν
1097 3279 1294 3348 σοφίαν
1319 3277 1414 3329 τοῦ
1467 3273 1734 3344 Χριστοῦ.
1771 3273 1886 3325 Οὐκ

283 3387 449 3447 εὐθὺς
480 3383 538 3448 ιε
567 3378 746 3450 ἀρχῆς
779 3373 933 3429 εἶπεν
985 3375 1170 3435 αὐτοῖς
1221 3372 1304 3424 ὅτι
1354 3369 1680 3440 Κρεῑττονες
1733 3367 1888 3435 ὑμῶν

285 3477 431 3528 εἰσὶν
477 3475 526 3526 οἱ
558 3470 789 3523 τελῶναι
821 3467 917 3521 καὶ
953 3466 1010 3518 αἱ
1042 3465 1267 3535 πόρναι,
1299 3460 1438 3515 ἀλλὰ
1500 3459 1883 3530 προκατέσχεν

286 3569 491 3628 αὐτοὺς
513 3566 605 3617 καὶ
626 3562 993 3633 ὡμολόγησαν
1024 3559 1108 3611 ὅτι
1141 3559 1204 3610 ὲκ
1241 3557 1349 3608 τῶν
1387 3554 1484 3608 δύο
1515 3552 1648 3605 υἱῶν
1681 3553 1888 3614 ἐκεῖνος

285 3661 592 3732 πειθήνιος,
625 3662 653 3713 6
706 3657 942 3726 ποιήσας
981 3653 1061 3711 τὸ,
1086 3651 1302 3720 θέλημα
1363 3646 1460 3701 τοῦ
1512 3646 1742 3718 πατρός.
1775 3641 1892 3698 Εἶθ’

285 3754 466 3815 οὕτως
492 3749 948 3820 ὁμολογησάντων
972 3743 1218 3806 ὲκεένων,
1253 3742 1540 3810 ἐπήγαγεν
1575 3741 1659 3792 ὅτι
1680 3736 1890 3792 Ἦλθεν

300 3849 563 3915 Ἰωάννης
595 3846 651 3896 ὲν
683 3842 786 3912 ὁδῷ
814 3839 1196 3906 δικαιοσύνης,
1230 3835 1536 3900 τουτέστιν,
1587 3836 1644 3886 ὲν
1709 3832 1890 3901 άμέμ-

288 3959 411 4009 πτῳ
439 3939 538 4010 βίῳ
561 3956 573 3968 ·
603 3938 706 3990 οὑκ
733 3935 886 4004 ἔχετε
916 3933 1025 4001 γὰρ
1070 3931 1248 3982 εἰπεῖν
1274 3930 1358 3982 ὅτι
1398 3927 1660 3995 ἐπίψογος
1704 3921 1772 3994 ἦν
1796 3925 1892 3978 αύ-

286 4035 370 4103 τῷ
398 4035 425 4085 ὁ
451 4031 584 4101 βίος,
623 4027 739 4082 ἀλλ’
767 4028 917 4096 ὅμως
950 4025 1006 4077 αἱ
1033 4024 1231 4092 πόρναι
1260 4020 1608 4091 ὑπήκουσαν,
1644 4019 1804 4088 ὑμεῖς
1836 4018 1892 4070 δὲ

288 4125 352 4181 οὒ
381 4141 397 4156 ⁶
431 4123 512 4177 διὸ
550 4122 645 4174 καὶ
677 4119 1017 4186 προάγουσιν
1081 4114 1250 4178 ὑμᾶς,
1307 4111 1579 4172 τουτέστι,
1624 4111 1891 4180 πρότεραι

290 4220 449 4290 ὑμῶν
465 4216 821 4284 .εἱσέρχονται
855 4211 932 4274 εἰς
977 4211 1077 4275 τὴν
1107 4207 1390 4278 βασιλείαν
1429 4221 1446 4238 ο
1481 4205 1624 4258 ὥστε
1688 4203 1894 4271 ἀγωνί-

292 4312 462 4367 σασθε
489 4310 583 4364 καὶ
615 4309 797 4378 ὑμεῖς,
834 4306 923 4358 ἵνα
970 4303 1076 4356 κᾶν
1110 4300 1243 4369 γοῦν
1300 4299 1417 4370 μετ’
1447 4298 1668 4361 ἐκείνας
1717 4296 1894 4349 εἰσέλ-

292 4415 428 4476 θητε
483 4404 578 4456 καὶ
639 4400 798 4455 αὑτοὶ
855 4395 1286 4456 πιστεύσαντες·
1325 4393 1422 4444 ἐὰν
1458 4392 1516 4445 δὲ
1551 4390 1628 4461 μὴ
1664 4389 1894 4443 πιστεύ-

294 4516 453 4567 σησε.
484 4495 593 4550 οὐδ’
620 4494 758 4556 ὅλως
800 4487 1200 4544 εἰσελεύσεσθε.
1232 4486 1426 4540 Πολλοὶ
1457 4485 1514 4538 δὲ
1572 4477 1669 4537 καὶ
1725 4483 1889 4554 μέχρι

291 4591 389 4645 τοῦ
417 4589 512 4641 νῦν
541 4583 933 4656 ὑπισχνοῦνται
967 4581 1065 4651 μὲν
1094 4579 1172 4651 τῷ
1211 4578 1331 4649 Θεῷ
1356 4578 1451 4632 καὶ
1489 4579 1692 4648 “arpi,
1727 4593 1892 4646 μονα-

294 4687 383 4756 pl.
420 4683 582 4753 τυχὸν
611 4678 833 4733 ἔσεσθαι
865 4679 899 4748 ἢ
946 4678 1135 4746 ἱερεῖς,
1178 4673 1317 4743 μετὰ
1349 4673 1405 4726 δὲ
1448 4673 1548 4741 τήν
1591 4672 1894 4743 ὑπόσχεσιν

296 4773 657 4846 ρᾳθυμούσιν.
698 4769 919 4839 Ἕτεροι
948 4766 1027 4830 δὲ,
1060 4763 1366 4834 μοναχικὴν
1404 4764 1504 4837 μὲν
1539 4763 1568 4832 ἢ
1600 4763 1890 4834 ἱερατικὴν

289 4866 575 4935 διαγωγὴν
626 4863 727 4916 οὑκ
777 4858 1205 4928 ἐπηγγείλαντο,
1255 4856 1572 4927 μοναχικῶς
1597 4857 1652 4909 δὲ
1696 4858 1788 4910 καὶ
1821 4859 1893 4910 ἱε-

297 4959 539 5033 ρατικῶς
594 4957 913 5023 διάγουσινο
948 4951 1090 5004 ὥστε
1141 4945 1290 5022 οὑτοι
1335 4949 1506 5001 τέκνα
1558 4949 1814 5019 εὐπειθῆ,
1847 4951 1896 5004 οἱ

295 5054 630 5123 πράττοντες
655 5046 757 5100 κᾶν
787 5043 957 5113 μηδὲν
993 5041 1316 5110 ὑπέσχοντο.

371 5163 388 5192 ι
433 5140 638 5208 Ἀλλην
670 5136 987 5210 παραϐολήν
1014 5134 1315 5187 ἀκούσατε.
1359 5133 1684 5202 Ἄνθρωπος
1723 5126 1791 5206 ἦν
1822 5136 1899 5186 οἰ-

295 5236 654 5303 κοδεσπότης,
693 5235 840 5292 ὅστις
875 5231 1174 5299 ἐφύτευσεν
1224 5227 1551 5297 ἀμπελῶνα,
1587 5229 1684 5280 καὶ
1750 5245 1895 5298 φρα-

292 5331 438 5402 γμὸν
462 5328 612 5398 αὑτῷ
641 5325 959 5397 περιέθηκε,
1002 5323 1098 5377 καὶ
1137 5322 1348 5393 ὤρυξεν
1411 5323 1467 5372 ἐν
1521 5321 1672 5390 αὑτῷ
1711 5323 1894 5392 ληνόν.

296 5425 412 5479 Καὶ
441 5422 759 5494 ᾠκοδόμησε
793 5419 1025 5487 πύργον,
1063 5417 1157 5469 καὶ
1216 5415 1430 5479 ἐξέδοτο
1505 5415 1672 5468 αὑτὸν
1730 5433 1903 5488 γεωρο

297 5521 439 5585 γοῖςς
477 5517 571 5570 καὶ
624 5512 1005 5580 ἀπεδήμησεν.
1049 5529 1067 5562 ι
1104 5509 1310 5577 Ἄλλην
1354 5508 1675 5577 παραϐολὴν
1706 5510 1894 5573 αὑτοῖς

297 5606 576 5673 ιπιφέρει,
613 5602 875 5655 δεικνύων
909 5602 991 5653 ὅτι
1034 5602 1126 5651 καὶ
1153 5598 1353 5668 μυρίας
1381 5598 1703 5669 ἐπιμελείας
1732 5601 1899 5665 ἀξιω-

299 5699 513 5761 ὒὶντες,
558 5696 657 5747 ούκ
705 5693 1132 5762 ἐδελτιώθησαν.
1167 5693 1499 5761 Ἀνθρωπος
1541 5691 1652 5762 γὰρ
1681 5694 1901 5747 almae-

375 5889 420 5920 ”
461 5884 628 5938 Exml.
668 5898 815 5944 Idl“,
852 5884 906 5933 5.

1996 3286 2132 3341 Vide
2166 3285 2331 3353 igitur
2367 3281 2696 3350 sapientiam
2746 3277 2975 3333 Christi.
3011 3275 3128 3328 Non
3164 3275 3351 3328 statim
3390 3287 3417 3324 ο
3452 3272 3608 3340 prin-

1994 3379 2135 3446 cipio
2179 3376 2320 3430 dixit
2374 3375 2482 3428 illis
2513 3390 2529 3426 :
2566 3371 2824 3426 Meliores
2866 3369 3022 3423 vobis
3071 3366 3346 3436 publicani
3385 3375 3514 3417 sunt
3552 3371 3610 3416 et

1995 3470 2313 3525 meretrices
2341 3487 2353 3521 :
2385 3467 2482 3522 scd
2533 3465 2686 3537 prius
2732 3463 2878 3530 cepit
2920 3462 3093 3530 ipsos,
3126 3469 3181 3513 et
3211 3457 3446 3512 confessi
3480 3468 3612 3511 sunt

1994 3565 2137 3633 quod
2168 3578 2233 3617 ex
2273 3561 2482 3617 duobus
2529 3560 2654 3613 [iliis
2687 3557 2776 3612 ille
2811 3555 2975 3627 114
3006 3553 3266 3608 oliediens
3304 3552 3489 3613 fuerit,
3518 3550 3607 3619 qui
3680 3564 3684 3568 '

1998 3658 2187 3712 fecerit
2218 3641 2562 3710 voluntatem
2610 3653 2802 3722 patris.
2839 3650 3033 3704 Postea
3085 3650 3175 3702 ubi
3225 3647 3329 3701 hoc
3369 3643 3608 3699 confessi

1998 3749 2242 3812 fuerunt,
2273 3747 2512 3802 subdidit
2546 3745 2759 3798 venisse
2781 3742 3052 3798 Joannem
3079 3755 3174 3809 per
3201 3741 3342 3793 viam
3362 3736 3610 3802 iustitiae,

1996 3845 2100 3896 hoc
2131 3853 2232 3903 est,
2266 3842 2317 3894 in
2349 3841 2454 3893 vita
2491 3821 2958 3908 irrepreliensibili
2987 3851 3000 3887 :
3035 3849 3143 3888 non
3198 3831 3427 3902 potestis
3465 3830 3629 3884 enitu'

1996 3938 2180 3991 dicere
2206 3935 2372 3987 vitam
2405 3931 2632 3986 Joannis
2670 3931 2838 3984 fuisse
2890 3925 3382 3998 reprehensihilcm
3423 3941 3437 3979 :
3472 3933 3613 3977 atta-

2000 4045 2121 4081 nien
2150 4026 2472 4080 meretrices
2504 4023 2935 4083 ciobediernnt.
2991 4036 3088 4074 vos
3129 4030 3310 4073 autem
3349 4033 3493 4081 non;
3526 4018 3610 4070 id-

1998 4123 2147 4174 circo
2175 4129 2226 4173 et
2256 4117 2573 4187 praecedunt
2601 4131 2718 4178 vos,
2745 4115 2848 4168 hoc
2881 4123 2986 4178 est,
3017 4123 3144 4167 ante
3173 4127 3270 4165 vos
3296 4111 3618 4173 ingrediun-

2004 4223 2091 4266 tur
2133 4213 2187 4268 in
2226 4227 2452 4279 regnum
2492 4210 2755 4263 caelorum
2793 4227 2804 4261 :
2841 4210 3084 4261 labor-ate
3120 4207 3306 4273 itaque
3337 4215 3392 4258 et
3428 4217 3525 4258 vos
3557 4212 3616 4253 ut

2000 4309 2190 4364 saltem
2257 4315 2376 4375 post
2438 4307 2558 4360 illas
2624 4306 2844 4360 intretis
2902 4313 2955 4356 et
3017 4302 3118 4372 ipsi
3182 4301 3524 4363 credentes:
3569 4297 3616 4351 si

1999 4413 2181 4456 autem
2224 4401 2490 4456 increduli
2531 4400 2745 4455 fueritis
2768 4439 2782 4460 ,
2813 4412 3092 4466 nunquam
3129 4394 3429 4448 intrahitis.
3457 4390 3614 4446 Multi

2002 4504 2184 4548 autem
2221 4495 2383 4546 etiam
2419 4492 2581 4546 hodie
2614 4491 2940 4560 pollicentur
2979 4489 3086 4541 Deo
3118 4500 3170 4541 et
3206 4484 3377 4549 Patri,
3422 4500 3618 4539 mona-

2004 4585 2135 4639 chos
2181 4599 2240 4639 se
2271 4582 2488 4637 futuros
2539 4582 2681 4635 forte
2712 4581 2792 4633 vel
2824 4580 3140 4635 sacerdotes
3169 4595 3188 4650 ε..
3218 4587 3339 4647 post
3393 4576 3619 4647 promis-

2007 4679 2217 4733 sionem
2251 4687 2432 4730 antem
2469 4675 2809 4745 negligentes
2841 4685 2989 4730 sunt.
3029 4675 3130 4726 Alii
3171 4683 3353 4727 autem
3393 4685 3614 4725 monas-

2007 4772 2170 4824 ticam
2209 4769 2289 4823 vel
2323 4767 2725 4822 sacerdotalem
2785 4768 2949 4819 vitam
3002 4765 3226 4834 polliciti
3288 4780 3396 4818 non
3467 4773 3617 4825 sunt,

2005 4863 2147 4917 sicut
2204 4861 2453 4914 monachi
2494 4870 2676 4913 tamen
2715 4858 2797 4912 vel
2837 4858 3153 4912 sacerdotes
3191 4854 3423 4908 vivunt:
3455 4865 3622 4922 atque

2007 4955 2080 5008 ita
2136 4954 2209 5007 illi
2259 4963 2383 5007 sunt
2433 4953 2754 5006 obedientes
2786 4951 2964 5021 pueri,
3019 4950 3112 5019 qui
3150 4947 3360 5002 faciunt
3393 4947 3617 5002 etiamsi

2012 5047 2145 5101 nihil
2185 5045 2561 5115 promiserint.

2087 5141 2246 5194 Vens.
2274 5139 2365 5193 53.
2399 5158 2417 5190 ι
2448 5140 2622 5192 Aliam
2670 5139 2984 5207 parabolain
3038 5137 3246 5191 audite.
3277 5133 3454 5187 Homo
3498 5134 3620 5203 qui.

2013 5233 2134 5285 datu
2178 5245 2297 5284 erat
2338 5213 2757 5299 paterfamilias,
2808 5230 2899 5298 qui
2959 5215 3224 5299 plantavit
3279 5228 3518 5290 vincam,
3570 5235 3624 5278 et.

2011 5339 2194 5393 sepem
2243 5324 2786 5389 circnmdeditei,et
2833 5324 2970 5378 fodit
3028 5324 3079 5377 in
3129 5337 3191 5378 ea
3256 5321 3519 5382 torcular,
3569 5329 3623 5374 et

2011 5415 2298 5469 a'diticavil
2329 5416 2543 5477 turrim,
2571 5426 2623 5469 et
2655 5417 2858 5469 locavit
2885 5431 3005 5470 eam
3047 5415 3326 5484 agricolis,
3357 5429 3421 5476 ac
3464 5426 3622 5479 pere-

2009 5525 2105 5578 gre
2144 5511 2419 5578 profectus
2465 5517 2569 5563 est.
2610 5530 2627 5560 ι
2681 5511 2856 5563 Aliam
2907 5510 3226 5580 paraliolam
3289 5511 3369 5562 eis
3431 5505 3614 5570 aﬂert,

2008 5605 2307 5657 ostendens
2330 5603 2494 5671 quod,
2523 5604 2651 5658 licet
2691 5580 2922 5684 summi.
2938 5603 3215 5672 diligentia
3250 5604 3330 5657 eis
3375 5600 3620 5654 exhibita

2011 5696 2105 5765 sit,
2131 5712 2241 5752 non
2297 5696 2550 5755 meliores
2601 5698 2728 5754 facti
2785 5699 3011 5754 fuerint.
3042 5699 3217 5753 lion.)
3250 5697 3400 5753 enim
3436 5706 3617 5766 pater-
