4288 6444
772 427 840 488 εδ

846 427 878 489 3
1657 427 1757 473 ΤΗ

1304 522 1533 581 CAPUT
1596 519 1764 574 XXII.

772 667 849 721 De
895 661 1128 717 inritatis
1156 660 1224 712 ad
1258 658 1488 715 nuptias.
1526 654 1597 707 De
1626 650 2072 721 interrogantibus
2107 647 2168 721 ob
2215 663 2336 721 cen-

842 750 974 786 sum.
1016 729 1087 782 De
1125 729 1456 782 Sadducmis.
1491 724 1564 777 De
1590 717 1921 790 jurispei‘ito.
1977 720 2050 772 De
2107 717 2264 785 factis
2313 731 2342 768 α

845 803 1066 855 Domino
1098 797 1624 866 interrogationibus.

839 979 1003 1032 Vens.
1034 979 1144 1031 1-7.
1176 995 1194 1026 ‹
1220 975 1282 1027 Ει
1312 968 1837 1039 respondensJesus,
1865 967 2058 1019 iterum
2078 964 2212 1016 dixit
2237 962 2344 1016 illis

769 1088 862 1140 per
895 1070 1196 1138 parabolas,
1231 1068 1413 1118 dicens
1449 1077 1461 1114 :
1497 1062 1686 1116 Simile
1739 1059 1939 1113 factum
1988 1069 2069 1111 est
2117 1069 2343 1124 regnum

767 1166 1029 1219 emam-um
1076 1160 1278 1214 homini
1316 1157 1446 1224 ιἰυιςὶ,
1480 1156 1570 1225 qui
1611 1154 1737 1206 fecit
1773 1153 1987 1218 unptias
2042 1150 2150 1202 tilio
2197 1164 2295 1201 suo
2329 1166 2340 1200 :

771 1268 818 1307 et
850 1255 1031 1307 ιιιιιὶεἱι
1069 1266 1253 1303 servos
1287 1263 1436 1310 suos,
1465 1259 1522 1300 ut
1556 1255 1807 1299 vocarent
1838 1244 2090 1297 invitatos
2114 1242 2177 1294 ad
2205 1257 2341 1309 nnp--

769 1349 893 1407 tias,
929 1356 978 1398 ct
1016 1344 1266 1396 nolebant
1297 1342 1501 1393 venire.
1535 1339 1736 1400 lterum
1771 1337 1950 1389 emisit
1975 1335 2108 1386 alios
2133 1347 2339 1395 servos,

767 1436 989 1488 dicens:
1029 1434 1195 1484 Dicite
1231 1431 1466 1511 ipvilatis
1503 1447 1516 1482 :
1551 1430 1687 1481 Ecce
1720 1426 2003 1495 prandium
2041 1437 2220 1474 meum
2244 1435 2339 1488 ριι-

765 1529 878 1579 ravi
920 1526 1099 1578 :tauri
1135 1525 1238 1576 mei
1285 1534 1335 1574 et
1392 1523 1559 1574 altilia
1608 1529 1838 1574 mactata
1876 1529 2025 1577 sunt,
2075 1527 2122 1569 ct
2160 1516 2340 1568 omnia

766 1628 985 1687 parata;
1027 1617 1204 1668 venite
1258 1615 1320 1667 ad
1363 1615 1596 1680 nuptias,
1636 1613 1715 1666 llli
1750 1623 1928 1664 autem
1964 1610 2336 1680 neglexerunt,

763 1721 813 1760 et
841 1709 1112 1772 abierunt,
1139 1707 1274 1760 alius
1297 1707 1346 1759 in
1376 1706 1551 1758 villam
1581 1720 1754 1767 suam,
1781 1704 1916 1756 alius
1939 1718 2067 1756 vero
2092 1701 2157 1755 ad
2180 1714 2340 1768 nego-

766 1800 1214 1854 tiationemsnam
1251 1812 1264 1850 :
1299 1797 1487 1865 reliqui
1520 1811 1648 1850 vero
1675 1805 1965 1848 tenuerunt
1995 1809 2183 1848 servos
2200 1790 2336 1858 ejus.

763 1901 818 1943 et
841 1889 1187 1943 contumeliis
1225 1887 1443 1942 aﬂ‘ectos
1477 1887 1816 1940 occiderunt.
1855 1884 1967 1937 Ile:
2000 1893 2179 1938 autem
2216 1898 2340 1936 cum

763 1979 1025 2042 audisset,
1062 1981 1228 2032 iratus
1253 1987 1354 2038 est,
1376 1986 1426 2028 et
1457 1977 1635 2029 missis
1656 1976 1987 2029 exercitibus
2007 1975 2120 2028 suis
2158 1975 2340 2043 perdi-

761 2072 838 2122 dit
871 2073 1166 2123 bomicidas
1188 2069 1322 2129 illos,
1353 2079 1405 2122 et
1428 2070 1700 2122 civitatem
1743 2067 1956 2120 illorum
1983 2066 2282 2120 succendit.
2314 2083 2333 2116 ι

760 2159 825 2214 Et
841 2161 952 2214 haec
974 2177 1034 2228 pa
1046 2160 1224 2214 rabola
1239 2159 1546 2213 Judarurum
1566 2159 1986 2213 inobedientiam
2005 2159 2334 2220 subiudicat,

761 2254 898 2307 sicut
937 2263 990 2306 et
1031 2254 1279 2322 superior
1317 2253 1381 2305 de
1417 2253 1594 2306 vinea.
1634 2252 1828 2305 Verum
1877 2251 2015 2304 sicut
2063 2250 2150 2303 illa
2195 2264 2339 2302 mor-

764 2353 868 2397 tem
921 2344 1144 2407 Christi,
1187 2346 1257 2396 ita
1316 2345 1430 2398 haec
1476 2342 1716 2412 nuptiale
1766 2342 2042 2410 gaudium,
2086 2341 2188 2395 hoc
2233 2350 2336 2402 est,

762 2435 1220 2488 resurrectionem
1282 2435 1543 2486 declarat.
1582 2435 1851 2487 Caeterum
1903 2433 2017 2487 hate
2073 2441 2341 2485 monstrat

762 2521 930 2576 multo
971 2527 1240 2578 atrociora
1274 2539 1394 2591 qua:
1429 2523 1696 2588 patrariut
1733 2522 1830 2586 illi,
1859 2537 2021 2591 quam
2065 2521 2333 2588 superior.

759 2612 835 2668 illi
862 2617 1006 2667 enim
1053 2630 1175 2668 cum
1223 2616 1578 2683 exigerentur
1622 2613 1852 2674 fructus.
1886 2612 2207 2667 occidebant
2245 2627 2340 2667 eos

759 2707 848 2771 qui
868 2706 1156 2776 exigebant
1182 2724 1194 2758 :
1223 2706 1273 2759 bi
1305 2718 1483 2759 autem
1516 2722 1636 2760 cum
1666 2717 1987 2759 vocarentur
2011 2707 2075 2756 ad
2099 2706 2332 2773 nuptias,

761 2798 1113 2851 homicidium
1145 2799 1412 2852 fecerunt.
1438 2797 1656 2852 Homini
1693 2797 1858 2865 igitur
1888 2799 1997 2865 regi
2027 2797 2221 2852 similis
2251 2808 2334 2850 est

760 2891 924 2946 Deus.
963 2891 1073 2949 Non
1103 2892 1247 2945 enim
1280 2902 1506 2961 apparet
1553 2902 1610 2945 ut
1653 2902 1756 2953 est,
1801 2893 1896 2945 sed
1945 2892 2155 2960 qualem
2182 2893 2336 2945 decet

759 2993 816 3034 nt
883 2983 1036 3036 nobis
1090 2997 1148 3036 se
1209 2983 1498 3036 videndum
1565 2982 1840 3036 exhibeat.
1901 2981 2036 3035 Nam
2113 2983 2330 3051 quando

757 3075 831 3128 uti
873 3075 1118 3128 homines
1160 3075 1425 3128 morimur
1473 3075 1728 3128 humanis
1788 3076 2024 3140 peccatis
2088 3075 2333 3135 obnoxii,

1657 407 2228 473 THEOPHYLACTI
2269 394 2680 465 BULGARHE
2718 388 3074 453 ARCHIEP.

2367 511 2420 570 Α

3896 362 4005 432 384

3037 493 3289 548 ΚΕΦΑΛ.
3327 487 3454 543 ΚΒ’.

2445 644 2585 710 Περὶ
2608 639 2727 694 τῶν
2773 632 3161 710 καλουιιέγωις
3195 632 3310 708 εις-
3337 629 3444 680 τείν
3474 625 3681 710 γάέιοη.
3712 622 3846 710 Περί
3885 619 4024 710 “ex:

2516 692 3073 779 ἔρωτησάντωνδψ
3097 702 3202 779 τῷ·
3225 692 3492 779 aris-cor".
3529 694 3669 760 Περὶ
3723 693 3842 744 τῶν
3875 692 4025 771 Σαξ-

2518 772 2837 835 ῧουκήίων.
2899 773 3036 839 Περὶ
3069 772 3175 824 τοῦ
3208 772 3713 839 ἐπερωτήσαντος
3746 779 4023 831 νομικου.

2519 851 2657 917 Περὶ
2697 865 2813 904 των
2835 846 2939 899 τοῦ
2967 836 3187 910 Κυρίου
3213 836 3665 903 ἐπερωτήσεων.

2523 964 2664 1017 «Kal
2693 958 3018 1029 ἀποκριθεὶς
3041 960 3067 1009 6
3112 953 3342 1021 Ἰησοῦς,
3369 951 3530 1004 πάλιν
3566 945 3719 1001 εἶπεν
3750 948 3930 1009 αὐτοῖς
3965 946 4026 998 ὲν

2448 1055 2804 1126 παραδολαίς,
2831 1051 3033 1116 λέγων’
3068 1043 3341 1112 Ὠμοιὼοη
3374 1043 3404 1108 ή
3437 1039 3685 1106 βασιλεία
3720 1037 3826 1090 τῶν
3855 1038 4026 1104 ούρα-

2447 1149 2553 1200 νῶν
2581 1145 2853 1213 ἀνθρώπῳ
2882 1139 3113 1210 βασιλεῖ,
3147 1140 3298 1196 ὅστις
3331 1134 3554 1199 ἐποίησε
3583 1133 3792 1197 γάμους
3823 1129 3899 1196 τῷ
3925 1127 4026 1196 υίῷ

2445 1239 2632 1301 αὐτοῦ,
2667 1237 2758 1288 καὶ
2787 1233 3075 1286 ἀπέστειλε
3128 1229 3255 1290 τοὺς
3306 1225 3524 1284 δούλους
3587 1220 3753 1274 αὑτοῦ
3803 1220 4028 1271 καλέσαι

2444 1333 2568 1393 τοὺς
2603 1330 2969 1398 κεκλημένους
3004 1326 3082 1387 εἰς
3117 1325 3243 1384 τοὺς
3285 1322 3520 1388 γάμους,
3566 1317 3660 1369 καὶ
3710 1317 3810 1366 οὐκ
3835 1314 4027 1384 ἤθελον

2444 1423 2640 1476 ἐλθεῖν.
2691 1419 2860 1473 Πάλιν
2914 1415 3233 1473 ἀπέστειλεν
3289 1411 3482 1468 ἄλλους
3531 1409 3775 1469 δούλους,
3808 1406 4025 1469 λέγων·

2444 1515 2649 1568 Εἴπατε
2666 1516 2778 1582 τοῖς
2802 1510 3163 1580 κεκλημένοις
3182 1525 3195 1538 ο
3238 1506 3368 1559 Ἰδοὺ
3392 1504 3452 1555 τὸ
3487 1501 3709 1572 ἄριστόν
3747 1516 3848 1568 μου
3877 1496 4030 1565 ἡτοί-

2447 1624 2620 1676 μασα,
2653 1609 2700 1659 οί
2733 1604 2927 1673 ταῦροί
2958 1620 3059 1671 μου
3118 1600 3211 1653 καὶ
3247 1599 3317 1650 τά
3356 1595 3569 1649 σιτιστὰ
3605 1591 3899 1659 τεθυμένα,
3934 1589 4026 1641 καὶ

2444 1700 2622 1752 πάντα
2644 1699 2841 1766 ἕτοιμα
2867 1714 2880 1728 ·
2903 1694 3058 1748 δεῦτε
3090 1687 3175 1754 είς
3212 1691 3338 1751 τοὺς
3381 1687 3612 1756 γάμους.
3646 1685 3706 1736 Ol
3733 1683 3789 1735 δὲ
3819 1680 4027 1748 ἀμελή-

2448 1809 2640 1854 σαντες
2669 1790 2934 1857 ἀπῆλθον,
2969 1791 2997 1840 6
3031 1787 3128 1855 μὲν
3166 1788 3246 1846 εὶς
3276 1783 3365 1834 τὸν
3416 1781 3546 1833 ἴδιον
3576 1777 3768 1845 ἀγρὸν,
3808 1775 3836 1826 6
3863 1776 3918 1827 δὲ
3945 1773 4023 1834 είς,

2443 1883 2542 1951 τὴν
2572 1883 2843 1952 ἐμπορίαν
2873 1881 3041 1933 αὑτοῦ
3069 1894 3082 1907 °
3113 1879 3162 1930 οἱ
3191 1877 3247 1930 δὲ
3277 1875 3474 1937 λοιποὶ,
3495 1871 3869 1942 κρατήσαντες
3900 1867 4026 1926 τοὺς

2441 1974 2659 2035 δούλους
2699 1973 2864 2025 αὑτοῦ
2927 1971 3156 2040 ὕϐρισαν
3183 1971 3276 2021 καὶ
3309 1968 3659 2019 ἀπέκτειναν.
3717 1963 3823 2013 Καὶ
3856 1958 4025 2012 ἀκούο

2447 2080 2547 2126 σας
2579 2062 2889 2131 όβασιλεὺς
2938 2062 3165 2120 ἐκεῖνος,
3204 2055 3476 2127 ὠργίσθη,
3535 2053 3631 2105 καὶ
3681 2051 3902 2118 πέμψας
3960 2048 4028 2102 τὰ

2443 2151 2831 2223 στρατεύματα
2854 2150 3020 2203 αὑτοῦ
3040 2189 3054 2212 ,
3084 2147 3334 2200 ἀπώλεσε
3379 2146 3506 2207 τοὺς
3533 2146 3716 2211 φονεῖς
3760 2141 4024 2202 ἐκείνους.

2441 2244 2538 2296 καὶ
2561 2241 2658 2312 τὴν
2692 2242 2845 2293 πόλιν
2879 2238 3059 2293 αὐτῶν
3098 2239 3419 2308 ἐνέπρησεν.
3467 2255 3483 2286 ι
3518 2235 3627 2287 Καὶ
3669 2233 3809 2301 αῦτη
3845 2235 3876 2302 ἡ
3921 2249 4028 2285 πα-

2446 2331 2648 2401 ραϐολὴ
2674 2330 2773 2403 τὴν
2819 2329 2929 2382 τῶν
2978 2327 3250 2381 Ἰουδαίων
3295 2325 3580 2378 ἀπείθειαν
3635 2322 4025 2392 ὑποσημαίνει,

2443 2423 2632 2494 ὥσπερ
2661 2423 2754 2475 καὶ
2789 2420 2942 2490 ἡτοῦ
2969 2418 3315 2488 ἀμπελῶνος.
3370 2417 3516 2485 Πλὴν
3549 2417 3670 2468 ὅσον
3709 2415 3892 2481 ἐκείνη
3929 2413 4028 2480 μὲν

2441 2515 2532 2568 τὸν
2559 2514 2787 2567 θάνατον
2821 2511 2918 2564 τοῦ
2950 2509 3208 2582 Χριστοῦ,
3238 2507 3380 2576 αῦτη
3409 2507 3463 2558 δὲ
3507 2507 3684 2575 χαρὰν
3729 2505 4025 2572 γαμήλιον,

2441 2607 2563 2674 ἦτοι
2597 2605 2695 2673 τὴν
2734 2603 3036 2656 ἀνάστασιν
3069 2602 3236 2670 δηλοῖ.
3265 2601 3515 2652 Δείκνυσι
3538 2599 3595 2651 δὲ
3625 2597 3761 2665 αῦτη
3792 2597 3886 2647 καὶ
3909 2595 4028 2663 χεί-

2445 2713 2577 2766 ρονα
2643 2694 3150 2763 πλημμελήσαντας
3198 2693 3424 2753 τούτους
3465 2690 3574 2742 τῶν
3604 2692 3660 2741 ὲν
3680 2691 3744 2758 τῇ
3783 2689 4028 2756 προτέρᾳ⁸

2442 2788 2750 2859 παραϐολῇ.
2793 2786 3026 2839 Ἐκεῖνοι
3055 2787 3154 2854 μὲν
3185 2785 3292 2854 γάρ
3328 2787 3576 2851 καρποὺς
3607 2780 4026 2846 ἀπαιτούμενοι.

2441 2880 2743 2945 ἐφόνευσαν
2779 2879 2906 2938 τοὺς
2938 2876 3249 2945 ἀπαιτητάς
3269 2891 3282 2904 ·
3319 2865 3467 2925 οὗτοι
3494 2871 3550 2925 δὲ
3578 2871 3657 2933 είς
3689 2871 3906 2938 γάμους
3931 2885 4029 2921 κα-

2439 2970 2717 3040 λούμενοι,
2777 2969 2876 3039 τὴν
2944 2969 3262 3038 μιαιφονίαν
3330 2964 3703 3028 ἐπεδείξαντο·
3753 2958 4029 3030 ἀνθρώπῳ

2440 3059 2532 3116 οὖν
2565 3062 2775 3132 βασιλεῖ
2807 3061 3088 3131 ὁμοιοῦται
3111 3063 3138 3113 6
3181 3059 3335 3122 Θεὸς,
3365 3059 3426 3111 οὑ
3474 3058 3584 3127 γάρ
3635 3055 3889 3123 φαίνεται
3915 3047 4030 3113 οἶός

758 3173 818 3218 ιιι
894 3165 1054 3217 homo
1115 3163 1268 3217 nobis
1324 3174 1545 3231 apparet
1595 3163 1734 3216 Deus
1776 3164 2052 3231 {quando
2114 3157 2451 3237 autem,Ci

2361 3174 2405 3237 ρ
2440 3157 2607 3215 ἐστιν,
2635 3154 2750 3208 ἀλλ’
2775 3148 2887 3207 οἷον
2916 3154 2998 3206 δεῖ
3020 3154 3155 3224 πρὸς
3182 3153 3328 3222 ἡμᾶς
3372 3149 3682 3219 φαίνεσθαι.
3717 3148 3892 3201 Ὅταν
3929 3146 4026 3216 μὲν

756 3267 815 3310 ut
868 3257 938 3307 dii
983 3256 1357 3321 ambulamus,
1403 3267 1530 3310 tunc
1574 3263 1683 3310 stat
1743 3255 1886 3310 Deus
1947 3255 1998 3308 in
2055 3269 2332 3324 synagoga

760 3350 925 3418 117'
952 3350 1173 3402 deorum
1211 3350 1252 3379 "
1285 3368 1300 3404 :
1336 3352 1475 3404 sicut
1506 3359 1559 3403 et
1600 3351 1812 3418 quando
1842 3347 2076 3402 ferarum
2109 3357 2334 3402 naturas

755 3442 1110 3502 assumimus,
1149 3441 1208 3494 tit
1247 3451 1298 3495 et
1335 3443 1423 3495 ille
1453 3442 1606 3495 nobis
1645 3441 1928 3508 panthera,
1965 3453 2015 3494 et
2054 3457 2236 3499 ursus.
2281 3447 2337 3494 et

757 3530 859 3584 leo.
895 3530 1044 3584 Facit
1089 3541 1266 3585 autem
1324 3533 1540 3599 nuptias
1577 3529 1711 3582 Filio
1762 3546 1858 3584 suo
1906 3530 2162 3598 copulatis
2211 3546 2331 3584 eum

752 3626 899 3675 omni
958 3622 1211 3676 formosae
1273 3625 1486 3674 animm.
1553 3621 1795 3690 Sponsus
1853 3623 1996 3674 enim
2057 3622 2333 3686 Christus,

757 3714 965 3780 Sponsa
1015 3726 1192 3767 autem
1231 3713 1471 3768 Ecclesia
1523 3724 1576 3767 et
1611 3716 1815 3768 anima.
1863 3716 2013 3768 Servi
2061 3731 2187 3768 vero
2221 3715 2336 3783 pri-

754 3825 902 3861 mnm
938 3811 1106 3870 missi,
1145 3807 1320 3862 Moses
1361 3818 1412 3862 et
1460 3809 1570 3871 alii,
1609 3808 1807 3875 quibus
1850 3823 1954 3861 non
1988 3807 2336 3862 crediderunt

755 3900 986 3964 Hebraei,
1021 3901 1113 3953 sed
1149 3910 1611 3968 exasperaveruut
1649 3901 1810 3953 Deum
1855 3902 1905 3952 in
1951 3901 2168 3953 deserto
2199 3916 2334 3968 qua-

753 3992 1002 4058 draginta
1038 3991 1216 4054 annis,
1248 4001 1298 4043 et
1334 3992 1625 4044 noluerunt
1658 4006 1963 4045 serumuem
1993 3992 2084 4045 Dei
2121 4001 2169 4045 et
2201 3995 2332 4046 cha-

754 4083 967 4136 ritatem
1001 4082 1274 4149 suscipere
1327 4082 1687 4149 spiritualem.
1744 4081 1944 4135 Deinde
1995 4085 2146 4137 missi
2211 4095 2335 4136 sunt

751 4174 894 4229 servi
923 4173 1034 4232 alii,
1070 4180 1346 4240 prophetae
1385 4190 1395 4225 :
1431 4174 1522 4226 sed
1559 4183 1615 4226 et
1647 4173 1860 4225 illorum
1901 4176 2160 4240 quosdam
2191 4177 2336 4229 occi-

755 4268 970 4325 derunt.
995 4277 1050 4318 ut
1085 4264 1272 4317 Isaiam
1307 4282 1320 4320 :
1354 4266 1614 4333 quosdam
1650 4267 1991 4319 contumeliis
2016 4267 2333 4333 aﬂ‘ecerunt,

756 4369 812 4412 ut
841 4357 1154 4421 Jeremiam,
1195 4371 1352 4423 quem
1399 4357 1447 4408 in
1497 4357 1669 4410 lacum
1710 4358 1802 4410 ltiti
1838 4357 2156 4424 injecernnt.
2203 4358 2334 4425 Qui-

752 4451 878 4502 dim
911 4458 1087 4501 autem
1121 4448 1300 4500 minus
1337 4448 1483 4508 mali,
1519 4446 1617 4499 sibi
1653 4449 1721 4501 ab
1761 4448 2065 4519 lmjnsmodi
2118 4451 2330 4515 injuriis

2440 3241 2533 3297 οὖν
2566 3246 2641 3307 ὡς
2671 3246 2950 3314 ἄνθρωποι
2984 3243 3446 3313 ἀποθνήσκωμεν,
3487 3243 3602 3302 τοῖς
3659 3237 4028 3309 ἀνθρωπίνοις

2441 3335 2818 3404 ἐλαττώμασιν
2858 3334 3232 3404 ὑποκείμενοι,
3288 3333 3364 3395 ὡς
3429 3329 3716 3401 ἄνθρωπος
3778 3328 4029 3397 φαίνεται

2441 3431 2572 3498 ἡμῖν
2604 3430 2630 3478 6
2670 3429 2838 3488 Θεός·
2875 3427 3004 3480 ὅταν
3059 3427 3116 3478 δὲ
3153 3424 3229 3488 ὡς
3282 3424 3398 3477 θεοὶ
3443 3422 3876 3494 περιπατῶμεν,
3936 3419 4028 3471 τό·

2439 3539 2496 3574 τε
2547 3522 2759 3573 ἵσταται
2820 3523 2847 3573 ὀ
2897 3519 3030 3582 Θεὸς
3092 3519 3149 3570 ὲν
3219 3517 3516 3584 συναγωγῇ
3573 3513 3744 3567 Θεῶν.
3809 3513 4028 3582 Ὠσπερ

2438 3612 2531 3668 οὖν
2567 3617 2658 3668 καὶ
2693 3616 2822 3668 ὅταν
2854 3616 2928 3678 ὼς
2986 3615 3148 3685 θηρία
3192 3612 3396 3678 ζῶμεν,
3455 3611 3686 3676 γίνεται*
3730 3607 3824 3659 καὶ
3883 3605 4031 3657 ἐκεῖ-

2439 3725 2526 3770 νος
2577 3711 2707 3777 ἡμῖν
2771 3707 3008 3776 πάνθηρ,
3073 3705 3168 3757 καὶ
3203 3705 3421 3773 ἄρκτος,
3461 3703 3555 3754 καὶ
3583 3702 3718 3753 λέων
3745 3714 3758 3728 ⁸
3797 3699 3940 3750 ποιεί
3972 3695 4029 3749 δὲ

2437 3801 2613 3868 γάμον
2667 3800 2743 3869 τῷ
2788 3798 2901 3867 Υίῷ
2970 3798 3136 3851 αὑτοῦ
3179 3839 3193 3860 ,
3253 3795 3545 3848 συνάπτων
3639 3790 3806 3846 αὐτὸν
3873 3789 4026 3859 πάσῃ

2438 3893 2583 3962 ψυχῇ
2637 3891 2836 3961 ὡραία.
2896 3891 3146 3958 Νυμφίος
3179 3888 3336 3957 γάρὸ
3391 3886 3647 3955 Χριστὸς,
3696 3884 3882 3949 νύμφη
3908 3881 4024 3950 8ὲὴ

2451 3987 2748 4054 Ἐκκλησία
2807 3985 2901 4038 καὶ
2959 3987 2990 4052 ἡ
3047 3985 3215 4054 ψυχή.
3275 3983 3466 4034 Δοῦλοι
3511 3980 3567 4033 δὲ
3620 3977 4028 4035 ἀποσταλέντες

2440 4081 2727 4150 πρότερον,
2765 4081 2814 4131 οἱ
2840 4078 2967 4148 περὶ
2996 4085 3087 4128 τον
3119 4075 3323 4129 Μωσέα
3344 4076 3500 4135 είσὶν,
3529 4067 3610 4133 οἷς
3637 4071 3736 4123 οὐκ
3769 4067 4030 4138 ἐπείσθη-

2443 4153 2541 4225 σαν
2595 4174 2644 4226 oi.
2687 4171 2944 4240 Ἑϐραῖοι,
3010 4169 3145 4222 ἀλλά
3206 4166 3634 4236 παρεπίκραναν
3670 4163 3762 4215 τὸν
3806 4161 3938 4213 Θεὸν
3969 4161 4028 4212 ἐν

2439 4270 2503 4336 τῇ
2539 4268 2735 4335 ἐρήμῳ
2787 4263 3198 4332 τεσσαράκοντα
3231 4262 3349 4328 ἐτη,
3376 4259 3474 4312 καὶ⁷
3503 4259 3603 4310 οὐκ
3643 4256 3914 4326 ἠθέλησαν
3936 4254 4028 4307 τὸν

2439 4361 2596 4427 λόγον
2651 4359 2743 4411 τοῦ
2797 4356 3062 4423 Θεοῦακαὶ
3124 4357 3221 4426 τὴν
3252 4356 3424 4425 χαράν
3478 4349 3888 4421 παραδέξασθαι
3929 4350 4028 4414 τὴν

2441 4454 2841 4523 πνευματικήν.
2891 4447 3026 4504 Εἶτα
3084 4447 3474 4516 ἀπεστάλησαν
3527 4444 3678 4496 ἄλλοι
3746 4440 3945 4500 δοῦλοι,
3978 4439 4027 4490 ot

755 4549 1209 4610 temperaverunt,
1237 4541 1327 4592 sed
1356 4539 1490 4594 alitis
1517 4540 1730 4606 quidem
1770 4543 1820 4594 in
1847 4544 2118 4610 pi-Oprimn
2144 4560 2329 4612 agrum
2367 4529 2410 4586 θ
2439 4565 2448 4598 -.

2367 4529 2410 4586 θ
2439 4545 2740 4616 προφῆται.
2787 4542 2948 4596 Ἀλλά
2993 4543 3089 4595 καὶ
3123 4540 3330 4592 τούτων
3364 4537 3489 4598 τοὺς
3527 4535 3625 4604 μὲν
3671 4533 4024 4590 ἀπέκτειναν,

753 4637 906 4697 abiit,
941 4637 1039 4688 hoc
1076 4645 1177 4698 est,
1207 4634 1424 4686 indulsit
1469 4634 1679 4687 deliciis
1715 4644 1768 4686 et
1804 4636 2167 4701 voluptatibus
2204 4641 2328 4692 vita:

754 4727 1202 4796 (uniuscujusque
1242 4727 1382 4778 enim
1425 4741 1553 4793 ager
1580 4737 1664 4778 est
1707 4726 1948 4792 corpus),
1973 4727 2112 4780 alius
2145 4738 2328 4783 autem

753 4820 804 4871 in
857 4819 1279 4889 negotiationem
1328 4833 1482 4872 suam
1509 4859 1522 4882 ,
1564 4819 1663 4872 hoc
1696 4828 1796 4881 est,
1846 4822 2088 4876 avaritia
2120 4824 2330 4878 deditus

747 4911 868 4965 fuit.
905 4910 1303 4980 Negotiatoruin
1337 4914 1477 4964 enim
1515 4928 1680 4978 genus
1717 4930 1936 4967 avarum
1969 4927 2070 4980 est,
2101 4926 2155 4971 et
2193 4917 2329 4973 lucri

746 5005 1174 5072 cupidissimum.
1206 5005 1456 5059 Ostendit
1490 5006 1650 5076 igitur
1683 5007 1956 5075 parabola,
1993 5011 2136 5077 quod
2164 5011 2253 5078 qui
2291 5026 2319 5065 a

745 5095 1112 5163 spiritualibus
1146 5097 1348 5164 nuptiis
1379 5108 1432 5149 et
1463 5099 1712 5152 c0nvivi0
1743 5109 1796 5153 et
1829 5099 2032 5155 Christi
2066 5103 2328 5158 societate

745 5186 1130 5248 destituuntur,
1156 5188 1222 5240 ob
1250 5188 1346 5241 has
1373 5189 1508 5242 duas
1539 5190 1881 5256 potissimum
1914 5207 2107 5247 causas
2137 5195 2326 5248 ext-lu-

745 5279 967 5338 duntur.
1001 5280 1078 5330 vel
1112 5294 1329 5348 prepter
1367 5282 1678 5349 corporales
1711 5284 2036 5352 voluptates,
2087 5289 2165 5341 vel
2198 5304 2324 5339 ava-

741 5371 881 5421 ritiae
914 5371 1180 5423 morbum.
1221 5374 1515 5425 Prandium
1545 5385 1723 5427 autem
1770 5378 1867 5430 hoc
1912 5378 2030 5430 loco
2061 5381 2322 5442 nominat,

741 5465 986 5525 (manivis
1021 5466 1125 5516 alio
1159 5466 1271 5518 loco
1306 5482 1515 5520 cumam
1552 5483 1669 5521 eam
1700 5471 1913 5525 dixerit.
1941 5469 2054 5524 Non
2093 5473 2325 5528 absurde

739 5569 948 5606 omnem
989 5573 998 5607 :
1041 5572 1162 5608 nam
1230 5561 1277 5610 in
1333 5562 1640 5614 novissimis
1693 5565 2024 5631 temporibus
2082 5566 2323 5633 perfecte

740 5650 1073 5716 apparebunt
1126 5650 1226 5703 ilice
1278 5654 1492 5720 nuptiae,
1543 5664 1597 5707 et
1648 5656 1714 5707 ad
1769 5672 2073 5726 vesperum,
2125 5673 2216 5712 seu
2257 5660 2321 5711 ad

814 5809 857 5841 λ’
900 5811 1038 5863 ὶδκῖιί.
1085 5829 1265 5875 invi.
1315 5814 1357 5864 ί.

2435 4640 2510 4702 ὡς
2541 4639 2632 4692 τὸν
2675 4637 2902 4692 Ἡσαΐαν
2922 4653 2936 4667 ο
2969 4637 3097 4698 τοὺς
3123 4636 3180 4688 δὲ
3209 4634 3463 4703 ὕϐρισαν,
3498 4630 3574 4691 ὡς
3603 4628 3694 4680 τὸν
3733 4624 4023 4693 Ἰερεμίαν,

2435 4734 2516 4794 είς
2555 4710 2756 4785 λάκκον
2810 4730 3072 4800 βορϐόρου
3129 4726 3480 4795 ἐμϐαλόντες.
3516 4723 3580 4774 0i.
3629 4721 3685 4772 δὲ
3721 4717 4022 4787 μετριωτε-

2438 4842 2520 4898 ροι
2544 4825 2954 4897 παρῃτήσαντο,
2987 4824 3017 4874 6
3045 4824 3142 4894 μὲν
3172 4824 3252 4883 εἰς
3297 4820 3388 4871 τὸν
3440 4817 3572 4868 ἴδιον
3630 4813 3803 4883 ἀγρὸν
3851 4810 4025 4863 ἀπελ-

2436 4920 2572 4983 θὼν,
2619 4920 2926 4982 τουτέστιν,
2978 4919 3058 4982 είς
3089 4917 3421 4985 φιλόσαρκον
3474 4913 3587 4982 βίον
3621 4901 3717 4963 καὶ
3745 4903 4026 4976 τρυφηλὸν

2431 5015 2738 5079 ἀπονεύσας
2761 5032 2776 5046 ο
2823 5012 2994 5084 ἀγρὸς
3051 5014 3160 5082 γὰρ
3191 5012 3427 5064 ἑκάστου
3464 5009 3595 5069 ῐδιος
3636 5005 3698 5059 τὸ
3752 5002 3914 5071 σῶμα
3949 5015 3963 5032 ·
3994 4999 4027 5052 6

2431 5108 2488 5162 δὲ
2546 5110 2626 5170 είς
2678 5109 2780 5177 τὴν
2834 5107 3107 5178 ιμπορίαν
3135 5106 3325 5168 αὑτοῦ,
3363 5105 3666 5166 τουτέστιν,
3700 5103 3779 5162 εἰς
3811 5099 3906 5151 τδν
3931 5114 4023 5163 φι-

2428 5200 2654 5272 λοκερδῆ
2718 5199 2874 5270 βίον·
2938 5201 2988 5252 οἱ
3053 5199 3161 5270 γὰρ
3207 5199 3465 5268 ἔμποροι,
3537 5191 4025 5264 φιλοκερδέστατον

2437 5293 2611 5360 γένος.
2650 5292 2937 5345 Δείκνυσιν
2953 5291 3104 5362 οῦνὴ
3151 5291 3459 5362 παραδολὴ,
3489 5291 3571 5342 ὅτι
3605 5290 3653 5340 οἱ
3702 5285 4022 5352 ἀποτυγχά-

2435 5402 2614 5447 νοντες
2638 5386 2731 5438 τοῦ
2775 5386 3150 5455 πνευματικοῦ
3184 5386 3389 5453 γάμου,
3451 5379 3673 5446 καὶτῆς
3710 5379 3846 5447 πρὸς
3886 5378 4021 5444 Χρι·

2439 5478 2562 5529 στὸν
2617 5478 2912 5545 συναφείας
2980 5479 3073 5531 καὶ
3131 5480 3452 5540 ἑστιάσεως,
3485 5474 3576 5526 διὰ
3606 5471 3699 5524 δύο
3737 5470 3912 5523 ταῦτα
3947 5468 4020 5527 ὡς

2435 5573 2526 5623 ἐπὶ
2556 5572 2617 5624 τὸ
2646 5572 2895 5624 πλεῖστον
2931 5572 3403 5641 ἀποτυγχάνουσιν
3432 5585 3444 5597 ·
3480 5568 3511 5637 ἢ
3543 5568 3630 5620 διὰ
3654 5567 3752 5626 1'1;
3781 5580 4022 5633 σωματι-

2434 5661 2534 5723 κὰς
2583 5653 2856 5733 ήδονὰς,ίῆ
2891 5661 2979 5714 διὰ
3010 5663 3068 5714 τὸ
3091 5662 3186 5730 τῆς
3219 5661 3595 5730 φιλοκερδείας
3622 5659 3815 5722 πάθος.
3857 5660 3987 5721 ~Afr.
