4288 6444
758 350 859 411 38Ἱ

1628 328 2205 396 THEUPHYLACTI
2255 325 2657 390 BULGARH“.
2696 322 3048 386 ARCHiEP.

3904 322 4012 384 388

764 454 919 509 trasti
969 466 1071 506 non
1103 450 1308 505 habens
1353 455 1553 501 vestem
1580 442 1874 513 nuptialem
1908 440 1931 493 ?
1963 440 2024 493 At
2063 439 2147 492 ille
2184 438 2329 493 obti-
2360 446 2401 498 Α
2436 452 2457 502 ι.

2315 467 2329 478 -
2360 446 2401 498 Α
2436 435 2509 502 μὴ
2541 434 2680 503 ἔχων
2710 435 2917 503 ἔνδυμα
2948 435 3124 503 γάμον
3152 451 3166 497 ;
3212 434 3265 486 '0
3286 432 3341 486 δὲ
3375 433 3644 502 ἐφιμώθη.
3682 431 3816 484 τότε
3857 428 4008 485 εἶπεν

763 545 895 602 cuit.
927 540 1077 595 Tunc
1110 538 1247 592 dixit
1292 525 1381 590 rex
1423 534 1688 589 ministris
1723 549 1739 584 :
1784 531 1987 601 Ligatis
2017 529 2329 603 pedibuset

761 636 1007 691 manibus
1032 632 1167 699 ejus,
1198 628 1364 683 tollite
1384 642 1509 681 eum
1535 637 1591 681 et
1615 624 1796 696 ejicite
1829 624 1879 676 in
1907 624 2158 676 tenebras
2181 632 2329 673 exte-

764 728 933 781 riores
970 742 983 778 :
1030 722 1103 777 ibi
1157 722 1264 775 erit
1314 719 1492 782 ﬂetus,
1521 729 1577 773 et
1615 717 1816 772 stridor
1856 715 2117 769 dentium.
2176 710 2329 765 Multi

760 818 901 869 enim
930 825 1053 869 sunt
1087 812 1285 876 vocati,
1329 811 1485 879 pauci
1513 823 1643 864 vero
1669 808 1844 862 electi.
1891 824 1910 857 ι
1949 806 2226 873 Ingressus
2261 800 2329 855 ad

761 906 974 973 nuptias
1039 906 1157 957 sine
1214 901 1597 971 dijudicau'oue
1666 899 1743 953 0t.
1799 897 1981 953 Gratia
2026 895 2168 949 enim
2216 893 2329 947 sola

758 1012 945 1050 omnes
977 994 1146 1049 vocali
1182 1009 1369 1048 sumus
1410 1001 1519 1047 tam
1562 994 1683 1045 boni
1715 1006 1874 1061 quam
1912 989 2035 1043 mali
2067 1004 2079 1041 :
2127 997 2181 1040 at
2223 988 2328 1039 vi:a

762 1103 951 1142 eorum
982 1090 1073 1157 qui
1108 1087 1336 1154 ingressi
1370 1086 1566 1139 iuerint
1600 1085 1823 1154 pastltac
1853 1098 1955 1136 non
1991 1080 2330 1149 indisqnisila

760 1183 886 1241 erit,
916 1180 1007 1236 sed
1042 1194 1267 1233 examen
1309 1177 1466 1230 valde
1510 1191 1756 1245 uiagnum
1799 1174 1959 1227 facict
2004 1188 2096 1225 rex
2142 1186 2329 1225 eorum

761 1268 851 1336 qui
885 1278 1006 1337 pOsl.
1036 1268 1334 1337 ingressum
1371 1266 1435 1319 ad
1488 1264 1737 1322 lidem_in
1775 1262 1990 1316 sordido
2018 1260 2200 1313 habitu
2249 1260 2330 1310 in—

766 1362 1062 1413 venientur.
1115 1358 1443 1413 Horreamus
1491 1357 1651 1426 igitur
1691 1356 2006 1422 cogitantes,
2036 1354 2187 1419 quin,
2226 1352 2327 1403 nisi

760 1451 883 1518 quis
934 1449 1103 1502 vitam
1156 1451 1347 1502 habeat
1381 1464 1592 1518 puram,
1632 1447 1762 1499 nihil
1814 1448 1862 1499 ei
1900 1444 2134 1513 proderit
2191 1445 2327 1496 nuda

760 1523 941 1596 iides’:
975 1524 1079 1594 non
1114 1540 1284 1594 solum
1316 1541 1459 1594 enim
1496 1555 1526 1593 e
1559 1539 1757 1607 nuptiis
1785 1537 2020 1604 ejicitnr,
2061 1537 2150 1590 sed
2191 1545 2243 1587 et
2276 1540 2328 1587 in

760 1635 938 1700 ignem
991 1633 1243 1686 mittitur.
1297 1631 1428 1698 Quis
1461 1642 1545 1685 est
1594 1631 1682 1684 ille
1738 1631 1951 1685 sordida
2008 1630 2327 1681 vestimenta

760 1724 1005 1794 gerens?
1055 1723 1102 1777 is
1132 1724 1224 1792 qui
1261 1739 1361 1777 non
1405 1725 1625 1776 indutus
1657 1731 1738 1776 est
1774 1722 1980 1774 viscera
2026 1719 2329 1772 miseratio-

722 1833 727 1838 ’
765 1831 913 1877 num,
948 1815 1365 1880 fraternitatem,
1399 1813 1807 1885 benignitatem.
1848 1811 1995 1864 Multi
2051 1813 2209 1879 igitur
2240 1824 2327 1864 se-

761 1904 909 1971 ipsiis
964 1921 1093 1959 vana
1146 1922 1240 1973 Spe
1272 1906 1621 1974 decipientcs,
1674 1915 1863 1974 putant
1909 1908 2049 1971 quod
2109 1912 2329 1972 regnum

758 1998 1018 2052 (αξιοι-ιιιιὶ
1054 2009 1429 2068 assequentur,
1473 2009 1525 2052 et
1554 2000 1759 2065 seipsos
1814 1997 1973 2050 simul
2021 1997 2330 2049 immiscent

758 2089 1203 2144 disCumbentium
1242 2092 1427 2152 choro,
1459 2092 1754 2143 Sentienles
1784 2090 1847 2143 de
1880 2090 2071 2158 seipsis
2105 2102 2325 2155 magna.

758 2179 1041 2235 Rationem
1094 2181 1255 2250 igitur
1298 2196 1515 2235 sumens
1553 2180 1813 2235 Dominus
1847 2180 1916 2233 ab
1968 2180 2185 2247 indigno
2218 2179 2328 2242 illn,

758 2281 1025 2326 monstrat
1069 2271 1223 2326 nobis
1270 2274 1375 2326 duo
1423 2272 1576 2326 hac;
1614 2286 1803 2335 unum,
1838 2268 1980 2338 quod
2021 2269 2330 2323 misericors

759 2362 828 2415 sit
857 2379 869 2426 ;
907 2361 1160 2428 alterum,
1208 2363 1415 2428 quodet
1440 2376 1539 2415 nos
1568 2360 1747 2413 nullos
1777 2358 2139 2412 condemnare
2168 2357 2332 2411 debe-

759 2466 901 2516 mus,
942 2452 1152 2505 etiamsi
1189 2450 1479 2505 manifeste
1518 2457 1762 2519 peccent,
1799 2448 1901 2501 nisi
1939 2446 2333 2516 redargunnmr

760 2553 1066 2610 peccantes.
1108 2540 1247 2593 Dicit
1290 2540 1455 2610 igitur
1503 2539 1766 2593 Dominus
1806 2538 2093 2600 ministris,
2128 2538 2333 2606 angelis

764 2630 1096 2685 tortoribus:
1136 2648 1152 2680 ι
1196 2629 1395 2699 Ligatis
1430 2629 1675 2683 manibus
1714 2640 1768 2684 et
1797 2629 2041 2698 pedibus,
2095 2646 2113 2679 ι
2152 2630 2202 2681 id
2228 2638 2330 2692 est,

764 2722 1055 2790 operativis
1087 2722 1206 2788 ejus
1238 2721 1542 2774 virtutibus.
1575 2719 1627 2773 lu
1660 2720 1860 2775 smculo
1892 2720 2035 2774 enim
2081 2717 2331 2788 praesenti

762 2814 975 2880 operari
1014 2828 1317 2880 pOSsttttttls,
1357 2815 1407 2867 in
1440 2816 1618 2866 futuro
1657 2824 1838 2869 autem
1868 2814 2062 2865 saeculo
2098 2812 2319 2880 ligantur

762 2918 950 2957 omnes
1005 2906 1227 2959 \‘ittules
1286 2907 1481 2959 animae
1538 2896 1851 2972 opt-rativae,
1898 2914 1952 2957 et
1998 2921 2101 2957 non
2159 2914 2335 2972 p0test

760 2994 875 3047 ﬁeri
908 2994 1106 3064 aliquid
1140 2995 1261 3050 boni
1297 2995 1347 3048 in
1372 2996 1699 3051 ablutionem
1724 3006 2091 3066 peccatorum.
2125 2996 2335 3051 Stridor

761 3098 942 3139 autem
981 3087 1249 3147 dentium,
1287 3087 1604 3155 poenitentia
1635 3098 1739 3153 est,
1772 3102 1892 3158 quae
1926 3098 2052 3142 tunc
2084 3090 2249 3144 Stulte
2280 3102 2333 3141 et

767 3176 1030 3231 inutiliter
1059 3178 1137 3232 ﬁt.
1171 3177 1323 3233 Multi
1354 3191 1532 3234 autem
1562 3190 1686 3235 sunt
1715 3182 1914 3246 vocati,
1951 3180 2112 3251 119
2140 3181 2338 3236 multos

761 3269 905 3321 enim
933 3270 1014 3321 vel
1034 3272 1207 3338 potius
1231 3286 1416 3326 onmes
1436 3283 1594 3327 vocat
1625 3271 1801 3329 Deus:
1829 3276 1984 3343 pauci
2012 3290 2138 3329 vero
2158 3276 2335 3329 electi.

760 3359 918 3415 Pauci
961 3362 1101 3415 enim
1137 3364 1226 3431 qui
1253 3363 1555 3427 salvantur,
1583 3376 1636 3419 et
1664 3367 1752 3435 qui
1802 3368 1945 3437 digni
1999 3377 2131 3422 sunt
2165 3380 2219 3421 ut
2244 3369 2341 3420 eli-

760 3444 954 3522 gantur
984 3470 1010 3505 a
1047 3453 1152 3509 Deo
1186 3474 1199 3509 :
1229 3456 1299 3510 ita
1336 3467 1388 3509 ut
1421 3456 1509 3509 Dei
1538 3457 1752 3527 quidem
1787 3459 1857 3512 sit
1893 3474 2102 3522 vocare,
2134 3462 2339 3515 electus

759 3559 937 3600 autem
956 3548 1090 3613 ﬁeri,
1117 3549 1198 3602 vel
1217 3562 1340 3613 non,
1364 3561 1606 3604 nostrum
1628 3560 1728 3606 est.
1751 3550 1998 3606 Ostendit
2017 3552 2179 3621 igitur
2196 3554 2338 3620 quod

760 3649 974 3708 propter
1006 3638 1217 3695 Judaeos
1246 3643 1386 3695 dicta
1420 3642 1491 3696 sit
1512 3642 1790 3711 parabola.
1816 3642 1905 3711 qui
1932 3644 2338 3711 vocatiquidem

762 3727 932 3792 fuere,
978 3746 1081 3785 non
1124 3741 1301 3784 autent
1344 3732 1521 3795 electi,
1594 3747 1658 3786 eo
1704 3733 1844 3801 quoi
1878 3748 1979 3785 non
2012 3734 2325 3787 audierunt.

2432 528 2460 577 6
2499 525 2751 593 βασιλεὺς
2811 528 2923 587 τοῖς
2983 525 3274 587 διακόνοις·
3322 524 3785 595 Δήσαντεςαύτοῦ
3819 526 4009 593 χεῖρας

2432 618 2525 668 καὶ
2555 616 2742 679 πόδας,
2777 617 2943 685 άρατε
2972 616 3135 669 αὑτὸν
3189 617 3282 668 καὶ
3312 615 3571 669 ἐκϐάλετε
3608 618 3687 678 είς
3723 615 3782 668 τὸ
3817 616 4009 678 σκότος

2430 706 2490 758 τὸ
2514 706 2796 776 ἐξώτερον·
2831 711 2948 761 ἐκεῖ
2992 708 3145 761 ἔσται
3177 710 3204 761 6
3237 707 3513 777 κλαυθμός
3574 710 3664 761 καὶ
3699 711 3727 761 ὀ
3762 707 4011 777 βρυγμὸς

2432 797 2537 850 τῶν
2567 799 2796 851 ὀδόντων
2818 816 2832 830 ·
2878 800 3061 853 πολλοὶ
3106 800 3215 867 γάρ
3246 800 3349 853 είσι
3402 800 3611 869 κλητοὶ,
3643 800 3816 866 ὀλίγοι
3838 798 3895 851 δέ
3917 800 4012 851 ἐκ·

2432 890 2631 944 λεκτοί.
2673 911 2691 942 ι
2735 891 2795 946 'H
2826 891 2925 960 μὲν
2956 894 3035 953 εἰς
3062 892 3154 944 τὸν
3204 893 3382 961 γάμον
3411 892 3709 957 εἰσέλευσις
3738 894 3863 945 ἄνευ
3890 893 4011 945 δια-

2433 983 2664 1053 κρίσεως
2734 982 2963 1047 γίνεται’
2986 983 3170 1053 χάριτι
3225 986 3331 1053 γὰρ
3381 984 3518 1054 μόνῃ
3550 982 4011 1053 πάντεςὴλήθηο

2435 1090 2555 1142 μεν,
2595 1072 2787 1141 ἀγαθοί
2812 1089 2870 1125 τε
2899 1077 2993 1126 καὶ
3045 1075 3291 1143 πονηροὶ,
3328 1075 3359 1142 ή
3389 1075 3444 1126 δέ
3481 1075 3594 1143 ζωὴ
3651 1075 3792 1144 μετὰ
3834 1074 4011 1128 ταῦτα

2434 1163 2539 1214 τῶν
2570 1164 2941 1229 εἰσελθόντων,
2990 1166 3088 1218 οὐκ
3128 1167 3484 1229 ἀνεξέταστος
3541 1166 3717 1232 ἔσται,
3746 1167 3890 1219 ἀλλὰ
3918 1168 4013 1220 καὶ

2434 1257 2575 1309 πάνυ
2616 1256 2815 1327 πολλὴν
2850 1257 3094 1321 ἐξέτασιν
3128 1262 3360 1313 ποιεῖται
3392 1262 3418 1310 6
3445 1259 3699 1329 βασιλεὺς
3730 1261 3845 1314 τῶν
3871 1264 4013 1331 μετὰ

2431 1348 2492 1398 τὸ
2530 1348 2796 1401 εἰσελθεῖν
2821 1352 2897 1412 είς
2920 1352 3019 1418 τήν
3055 1352 3237 1403 πίστιν
3271 1351 3538 1421 ῥυπαρῶν
3572 1352 4005 1421 εὑρισκομένων.

2429 1438 2712 1507 Φρίξωμεν
2758 1440 2852 1493 οὖν
2886 1442 3257 1511 ἐννοήσαντες,
3296 1446 3399 1509 ὅτι,
3438 1446 3484 1497 εἰ
3517 1445 3591 1513 μὴ
3631 1444 3745 1515 ἔχοι
3784 1464 3866 1509 τις
3896 1446 4012 1514 βίον

2432 1530 2691 1601 καθαρὸν,
2735 1533 2891 1586 οὐδὲν
2926 1536 3088 1586 αὑτὸν
3106 1535 3307 1603 ὠφελεῖ
3336 1539 3367 1606 ή
3405 1538 3590 1600 πίστις
3616 1538 3749 1607 μόνη
3772 1553 3784 1566 ·
3820 1539 3880 1590 οὐ
3917 1539 4011 1607 μό·

2430 1643 2518 1678 νον
2570 1628 2677 1695 γὰρ
2708 1625 3031 1679 ἐκϐάλλεται
3060 1629 3121 1677 ἐκ
3156 1626 3247 1677 τοῦ
3295 1628 3497 1694 γάμου,
3531 1627 3667 1680 ἀλλὰ
3709 1629 3803 1681 καὶ
3839 1630 3918 1690 εἰς
3942 1627 4002 1679 τὸ

2434 1716 2547 1787 πῦρ
2602 1718 3011 1787 ἀποπέμπεται.
3069 1719 3164 1782 Τίς
3206 1719 3260 1770 δέ
3293 1720 3441 1771 ἐστιν
3474 1719 3501 1770 ὀ
3533 1719 3762 1789 ῥυπαρὰ
3815 1719 4011 1789 ίμάτια

2435 1810 2656 1877 φορῶν;
2701 1808 2759 1861 'U
2793 1807 2868 1879 μή
2925 1797 3289 1878 ἐνδυσάμενος
3342 1808 3629 1876 σπλάγχνα
3683 1809 4009 1877 οἰκτιρμῶν,

2433 1900 2800 1970 χρηστότητα,
2856 1900 3210 1968 φιλαδελφίαν
3245 1915 3258 1927 '
3298 1900 3482 1952 πολλοὶ
3516 1899 3607 1953 οὖν
3631 1900 3861 1963 ἑαυτοὺς
3926 1900 4014 1966 ἐξ·

2434 1994 2755 2054 απατῶντες
2818 1994 2997 2055 κεναῖς
3026 1992 3225 2054 ἐλπίσι,
3278 1991 3593 2061 νομίζουσιν
3616 1994 3697 2046 ὃτι
3729 1992 3831 2060 τῆς
3860 1991 4012 2061 βασι.

2432 2085 2575 2149 λείας
2608 2085 2715 2137 τῶν
2742 2085 2987 2155 οὐρανῶν
3023 2084 3423 2149 ἐπιτεύξονται,
3465 2087 3558 2137 καὶ
3589 2085 3999 2155 παρεμϐάλλουη

2434 2192 2518 2227 σιν
2565 2176 2790 2236 tauro-1i;
2818 2174 2894 2244 τῷ
2942 2174 3050 2227 τῶν
3097 2176 3474 2243 ἀνακειμένων
3536 2175 3702 2246 χορῷ,
3765 2152 4004 2243 οἰόμενοι

2433 2266 2562 2335 περὶ
2584 2266 2805 2318 ἐαυτῶν
2850 2264 3081 2334 μεγάλα.
3120 2265 3642 2335 Δικαιολογούμενος
3669 2266 3726 2319 δέ
3757 2268 3784 2319 6
3805 2264 4013 2335 Κύριος

2433 2360 2567 2429 πρὸς
2599 2358 2689 2410 τὸν
2722 2356 2940 2421 ἀνάξιον
2972 2359 3199 2420 ἐκεῖνον,
3224 2357 3498 2409 δείκνυσιν
3534 2359 3668 2428 ἡμῖν
3693 2357 3786 2409 δύο
3814 2357 4011 2410 ταῦτα’

2434 2446 2492 2499 ἓν
2519 2448 2637 2516 μὲν,
2668 2448 2752 2499 ὅτι
2797 2445 3180 2515 φιλάνθρωπός
3233 2448 3404 2510 ἐστιν,
3467 2446 3657 2517 ἕτερον
3687 2446 3766 2509 δὲ,
3800 2446 3884 2499 ὅτι
3920 2447 4013 2499 καὶ

2434 2539 2581 2608 ἡμᾶς
2640 2539 2720 2590 δεῖ
2764 2537 2839 2607 μὴ
2884 2534 3317 2605 καταγινώσκειν
3370 2536 3555 2601 τινῶν,
3603 2536 3703 2589 κᾶν
3762 2536 3973 2606 φανερᾶ
3985 2554 4015 2600 ς

2436 2630 2777 2699 ἁμάρτωσιν,
2804 2630 2853 2680 εί
2886 2627 2962 2698 μὴ
2993 2628 3325 2697 ἐλεγχθῶσιν
3355 2630 3405 2680 oi
3444 2629 3803 2699 ἁμαρτόντες.
3852 2628 4017 2695 Λέγει

2433 2716 2527 2774 οὖν
2546 2722 2574 2773 6
2601 2721 2803 2791 Κύριος
2830 2723 2943 2783 τοῖς
2968 2721 3259 2785 διακόνοις,
3288 2720 3541 2789 ἀγγέλοις
3584 2722 4012 2791 τιμωρητικοῐςο

2440 2832 2458 2866 ι
2488 2814 2760 2883 Δήσαντες
2789 2812 2954 2865 αὑτοῦ
2986 2815 3176 2882 χεῖρας
3207 2814 3303 2865 καὶ
3334 2812 3524 2877 πόδας,
3562 2833 3579 2865 ι
3614 2812 3887 2876 τουτέστι,
3913 2810 4013 2874 τὰς

2436 2906 2745 2974 πρακτικὰς
2773 2907 2869 2974 τῆς
2895 2903 3071 2974 ψυχῆς
3091 2905 3255 2958 αὑτοῦ
3292 2906 3577 2973 δυνάμεις.
3626 2904 3716 2957 Ἐν
3753 2903 3828 2974 τῷ
3859 2902 4018 2956 αἰῶνι

2440 3000 2539 3068 μὲν
2599 2998 2707 3067 γὰρ
2738 2998 2814 3067 τῷ
2842 2998 3125 3064 ἐνεστῶτι,
3183 3000 3299 3050 ἐστι
3334 3000 3540 3069 πρᾶξαι
3600 3000 3692 3051 καὶ
3717 2995 4018 3068 ἐνεργῆσαί

2441 3109 2513 3154 τι,
2547 3092 2685 3158 ἐν,δέ
2711 3091 2785 3161 τῷ
2830 3092 3103 3161 μέλλοντι,
3132 3090 3460 3161 δεσμοῦνται
3494 3093 3664 3145 πᾶσαι
3696 3092 3754 3143 αί
3786 3108 4021 3162 πρακτι-

2440 3186 2535 3237 καὶ
2598 3184 2857 3253 δυνάμεις
2912 3186 3012 3252 τῆς
3064 3182 3261 3253 ψυχῆς,
3320 3185 3428 3236 Καὶ
3450 3185 3549 3255 οὐκ
3577 3184 3691 3236 ἔστι
3726 3186 4021 3256 ποιῆσαίτι

2438 3276 2641 3342 ἀγαθὸν
2672 3278 2747 3336 εἰς
2800 3276 3168 3343 άντισήκωσιν
3193 3276 3303 3327 τῶν
3338 3277 3646 3345 ἁμαρτιῶνο
3685 3276 3929 3347 βρυγμὸς
3962 3279 4020 3332 δὲ

2439 3366 2690 3429 ὀδόντων,
2737 3369 2765 3437 ἡ
2800 3369 2920 3419 τότε
2959 3368 3305 3438 γενησομένη
3337 3369 3609 3438 ἀνονήτως
3642 3371 3980 3437 μεταμέλεια
4004 3385 4019 3401 ο

2442 3458 2631 3512 πολλοὶ
2658 3459 2710 3511 δέ
2740 3463 2846 3511 είσι
2899 3457 3109 3529 κλητοὶ,
3162 3458 3391 3523 πολλοὺς
3444 3461 3553 3530 γὰρ
3595 3460 3754 3513 καλεῖ
3802 3464 3829 3514 6
3863 3460 4020 3525 Θεὸς,

2449 3550 2646 3619 μᾶλλον
2674 3550 2733 3605 δέ
2768 3552 2996 3615 πάντας
3022 3554 3193 3619 ὀλίγοι
3220 3553 3277 3606 δέ
3310 3552 3587 3606 ἐκλεκτοί.
3634 3553 3835 3619 Ὀλίγοι
3869 3556 4025 3607 καίοί

2447 3639 2743 3711 σωζόμενοι
2779 3646 2872 3695 καὶ
2902 3644 3043 3709 ἄξιοι
3078 3644 3172 3698 τοῦ
3200 3645 3490 3713 ἐκλεγῆναι
3522 3645 3673 3715 παρὰ
3696 3646 3854 3698 Θεοῦ’
3884 3646 4026 3700 ὥστε

2448 3736 2542 3786 τοῦ
2577 3736 2675 3806 μὲν
2724 3737 2884 3799 Θεοῦ,
2923 3738 2981 3789 τὸ
3016 3740 3223 3800 καλεῖν,
3251 3739 3313 3791 τὸ
3334 3739 3390 3792 δὲ
3426 3741 3718 3803 ἐκλεκτοὺς
3772 3739 4029 3807 γενέσθαι

766 3821 923 3891 ῆμὴ,
962 3823 1227 3892 ἡμέτερόν
1260 3823 1411 3875 ἐστι·
1465 3821 1705 3874 δείκνυσι
1754 3822 1953 3887 τοίνυν,
2020 3824 2099 3877 ὅτι
2147 3823 2231 3875 διὸ.
2257 3824 2383 3885 τοὺς
2441 3824 2723 3887 Ἰουδαίους
2755 3824 2946 3896 ἐλέχθη
2997 3828 3028 3897 ή
3077 3828 3377 3897 παραδολὴ,
3433 3828 3483 3880 οί
3537 3829 3848 3900 ἐκλήθησαν
3905 3830 4029 3900 μὲν,

764 3916 864 3965 οὐκ
898 3914 1227 3981 ἐξελὲγησαν
1266 3913 1345 3978 δέ,
1374 3914 1447 3975 ὡς
1486 3914 1560 3983 μὴ
1590 3912 1945 3974 ἀκούσαντες.

836 4006 995 4063 Vens.
1041 4009 1129 4070 15,
1170 4009 1254 4060 i6.
1299 4023 1318 4057 ι
1373 4005 1525 4059 Tunc
1570 4008 1829 4059 abeuntes
1861 4004 2117 4059 Pharismi
2164 4008 2341 4059 consi—

763 4101 892 4158 lium
925 4112 1182 4168 ceperunt
1237 4111 1295 4152 ut
1352 4098 1707 4165 illaquearent
1760 4112 1880 4149 eum
1930 4098 1982 4149 in
2033 4111 2283 4149 sermune
2324 4114 2337 4149 :

760 4203 819 4247 et
878 4196 942 4245 ad
995 4194 1141 4245 illum
1193 4193 1447 4247 emittunt
1484 4190 1778 4257 discipulus
1834 4204 1959 4242 suos
1995 4204 2119 4243 cum
2173 4188 2343 4243 lit-ro-

766 4284 963 4338 dianis.
1005 4302 1020 4332 ι
1058 4281 1159 4336 Per
1208 4283 1431 4336 insidias
1485 4283 1599 4335 bac
1647 4281 1847 4335 ﬁebant
1900 4299 1911 4332 :
1953 4293 2237 4349 propterea
2289 4290 2343 4334 et

764 4374 943 4431 Lucas
982 4375 1323 4430 insidiatores
1375 4376 1493 4430 illos
1542 4386 1717 4437 vocat,
1752 4384 2007 4441 tanquam
2053 4374 2248 4428 missos
2286 4374 2339 4430 in

2522 4024 2538 4055 ι
2565 4004 2698 4058 Τότε
2717 4004 3071 4074 πορευθέντες
3100 4006 3150 4058 oi
3181 4006 3461 4073 Φαρισαῖοι
3491 4005 3814 4075 συμὸούλιον
3840 4008 4033 4080 ἔλαϐον

2445 4096 2591 4159 ὅπως
2616 4097 2779 4150 αὑτὸν
2814 4098 3217 4164 παγιδεύσωσιν
3240 4100 3297 4148 ἐν
3325 4097 3489 4167 λόγῳ·
3534 4100 3628 4150 καὶ
3669 4101 4034 4155 ἀποστέλλου-

2450 4206 2537 4242 σιν
2591 4189 2738 4260 αὐτῷ
2769 4192 2895 4252 τοὺς
2921 4190 3170 4261 μαθητὰς
3216 4191 3394 4244 αὐτῶν
3429 4193 3568 4262 μετὰ
3610 4193 3718 4245 τῶν
3768 4196 4034 4266 Ἡρωδια-

2445 4281 2574 4335 νῶν.
2617 4300 2635 4331 ι
2708 4281 3005 4351 Ἐπιϐουλὴ
3030 4277 3099 4350 ἦν
3129 4281 3190 4333 τὸ
3226 4282 3537 4351 γινόμενον,
3574 4282 3661 4337 διὰ
3691 4282 3848 4337 τοῦτο
3881 4288 3978 4339 καὶ
4006 4289 4034 4341 ὁ

2447 4374 2662 4435 Λουκᾶς
2678 4372 3009 4442 ἐγκαθέτους
3032 4374 3155 4435 τοὺς
3183 4374 3458 4435 τοιούτους
3485 4375 3763 4445 ὀνομάζει,
3797 4378 3873 4440 ὡς
3900 4378 4036 4432 ὑπο-ν

767 4473 868 4524 hoc
900 4482 956 4523 ut
1005 4471 1326 4523 insidientur
1371 4467 1610 4521 Christo.
1656 4467 1938 4521 llerodiani
1976 4475 2155 4519 autem
2188 4477 2341 4521 erant
2376 4464 2418 4517 D
2452 4484 2460 4516 τ

2376 4464 2418 4517 D
2452 4465 2796 4533 πεμφθέντας
2826 4466 2917 4517 ἐπὶ
2944 4466 3005 4517 τὸ
3029 4464 3410 4519 ἐπιϐουλεῦσαι
3437 4468 3678 4539 Χριστῷο
3709 4469 4034 4539 Ἡρωδιανώ

768 4565 849 4617 vel
898 4563 1123 4616 Herodis
1187 4563 1407 4623 milites,
1474 4562 1555 4613 vel
1606 4561 1697 4627 qui
1764 4562 2021 4628 putabant
2082 4559 2343 4613 llerutlem

766 4657 1065 4709 Christum.
1117 4654 1382 4718 Quoniam
1417 4652 1559 4705 enim
1597 4653 1973 4705 deﬁcientibus
2017 4652 2347 4719 principibus

767 4745 899 4799 λεια..
952 4750 1193 4811 regnavit
1250 4745 1511 4805 llerodcs,
1549 4742 1960 4795 arbitrabantur
2004 4743 2175 4809 ipsum
2224 4755 2346 4795 ease

766 4838 1039 4891 Christum
1091 4854 1105 4888 :
1160 4837 1384 4888 veniunt
1434 4836 1595 4901 igitur
1632 4832 1891 4886 Pharisaei
1926 4847 2047 4885 cum
2094 4831 2199 4884 illis
2235 4830 2348 4883 illa-

768 4930 1015 4998 queatuti
1067 4945 1210 4984 eum.
1260 4930 1399 4981 Audi
1452 4929 1596 4982 enim
1634 4926 1907 4995 quomodo
1949 4926 2239 4995 loquantur
2269 4926 2349 4979 di-

768 5032 949 5072 centes
986 5036 998 5072 ζ

847 5106 1215 5163 Vens.16-22.
1259 5124 1274 5155 ι
1319 5105 1595 5174 Magister,
1630 5106 1833 5160 scimus
1860 5106 2003 5175 quod
2051 5120 2210 5159 verax
2250 5106 2345 5169 sis,

770 5210 822 5254 et
856 5201 991 5251 viam
1021 5199 1111 5252 Dei
1152 5202 1201 5253 itt
1248 5203 1479 5253 veritate
1535 5204 1717 5262 doces,
1755 5215 1924 5267 neque
1977 5213 2133 5252 cures
2162 5214 2349 5267 quem-

771 5308 929 5361 quam
966 5307 978 5343 :
1012 5308 1113 5345 non
1142 5294 1281 5346 enim
1320 5294 1542 5359 respicis
1584 5309 1867 5360 personam
1908 5294 2212 5347 hominum.
2260 5292 2351 5346 Dic

768 5398 897 5452 ergo
955 5384 1129 5446 nobis,
1164 5386 1291 5452 quid
1341 5384 1433 5437 tibi
1494 5383 1926 5438 videturiLicet
1972 5399 2188 5437 sensum
2236 5384 2351 5437 dari

767 5476 992 5539 ϐάτεαι-ἱ,
1018 5490 1199 5529 annon
1240 5476 1260 5529 ἲ
1288 5476 1513 5547 Cognita
1546 5486 1719 5530 autem
1739 5475 1896 5531 Jesus
1916 5477 2117 5529 malitia
2141 5492 2347 5539 eorum,

773 5570 848 5622 ait
879 5589 889 5625 :
923 5570 1062 5635 Quid
1095 5585 1178 5624 me
1225 5572 1467 5635 tentatis,
1504 5572 1807 5641 hypocrita:
1835 5571 1857 5623 ?
1890 5568 2171 5624 Ostendite
2216 5569 2347 5624 mihi

773 5660 1040 5713 nnmisma
1083 5674 1296 5712 census.
1338 5662 1401 5713 At
1432 5662 1504 5714 illi
1536 5660 1849 5715 obtulerunt
1883 5662 1929 5715 ei
1958 5663 2259 5716 denarium.
2288 5658 2351 5714 Et

776 5751 848 5803 ait
875 5750 1014 5805 illis:
1048 5752 1214 5821 Cujus
1246 5762 1325 5807 est
1367 5756 1539 5823 imagn
1582 5756 1692 5808 ha-e
1729 5764 1781 5809 et
1812 5756 2128 5825 inscriptio?
2156 5756 2350 5810 Dicunt

2450 4557 2504 4608 δὲ
2533 4553 2695 4626 ἦσαν,
2729 4558 2760 4623 ἢ
2799 4559 2845 4609 oi
2873 4557 2965 4608 τοῦ
3014 4556 3254 4627 Ἡρώδου
3308 4560 3660 4627 στρατιῶται,
3696 4560 3728 4629 ἢ
3773 4563 3823 4614 οἱ
3880 4563 4037 4634 νομί-

2451 4645 2633 4710 ζοντες
2678 4649 2926 4717 Ἡρώδην
2977 4642 3117 4702 εἶναι
3151 4650 3240 4701 τὸν
3299 4652 3557 4721 Χριστόν’
3600 4638 3725 4706 ἐπει
3757 4656 3863 4725 γάρ
3894 4658 4038 4711 ἐκλι-

2456 4740 2664 4791 πόντων
2710 4740 2818 4791 τῶν
2870 4741 3147 4809 ἀρχόντων
3195 4741 3383 4806 Ἰούδα,
3414 4744 3817 4803 ἐϐασίλευσενό
3858 4751 4035 4822 Ἦρώο

2450 4831 2565 4900 δης,
2604 4834 2880 4903 ἐνόμισαν,
2920 4836 3001 4889 ὅτι
3030 4835 3189 4898 αὐτός
3224 4838 3372 4889 ἐστιν
3395 4840 3421 4891 6
3444 4828 3702 4909 Χριστός.
3740 4843 4034 4913 Ἐρχονται

2452 4924 2632 4977 τοίνυν
2671 4928 2718 4977 οί
2753 4927 3036 4994 Φαρισαῖοι
3071 4928 3210 4996 μετὰ
3235 4928 3441 4981 τούτων
3472 4932 3896 4999 παγιδεύσοντες
3936 4938 4034 4989 αὐ-

2452 5017 2562 5071 τόν.
2604 5019 2798 5071 Ἀκουε
2839 5019 2893 5070 δέ
2928 5019 3042 5081 πῶς
3080 5020 3361 5089 ὁμιλοῦσιν
3389 5024 3559 5094 αὐτῷ,
3584 5025 3852 5093 λέγοντες·

2532 5131 2547 5159 ι
2587 5108 2906 5170 Διδάσκαλε,
2942 5108 3185 5178 οἴδαμεν,
3210 5112 3291 5164 ὅτι
3317 5112 3526 5183 ἀληθὴς
3558 5110 3627 5175 si,
3666 5117 3757 5167 καὶ
3787 5117 3885 5185 τήν
3918 5116 4036 5171 ἁδὺν

2455 5201 2548 5254 τοῦ
2609 5204 2743 5255 Θεοῦ
2791 5204 2849 5255 ἐν
2889 5202 3117 5273 ἀληθεία
3170 5204 3464 5270 διδάσκεις,
3502 5209 3593 5259 καὶ
3623 5208 3683 5259 οὐ
3724 5209 3909 5277 μέλλει
3954 5226 4036 5263 σοι

2460 5295 2589 5366 περὶ
2617 5294 2853 5358 οὐδενὸς,
2881 5296 2938 5347 οὐ
2969 5296 3077 5367 γάρ
3129 5296 3346 5365 βλέπεις
3379 5301 3457 5361 είς
3494 5301 3785 5366 πρόσωπον
3822 5300 4038 5373 ἀνθρὼ-

2458 5405 2593 5440 πων.
2646 5386 2778 5439 Εἰπὲ
2810 5386 2904 5441 οὖν
2950 5391 3099 5456 ἡμῖν,
3149 5389 3200 5441 τί
3234 5407 3313 5441 σοι
3346 5389 3537 5455 δοκεῖς
3579 5391 3825 5455 Ἔξεστιν
3845 5392 4034 5446 δοῦναι

2459 5481 2658 5549 κῆνσον
2691 5481 2955 5550 Καίσαρι,
2988 5480 3143 5552 ﬁcii;
3179 5482 3348 5545 Γνοὺς
3373 5483 3427 5535 δὲ
3467 5486 3493 5535 6
3528 5485 3732 5551 Ἰησοῦς
3752 5486 3855 5555 τὴν
3872 5503 4042 5557 πονη-

2459 5571 2582 5639 ρίαν
2638 5570 2838 5631 αὐτῶν,
2887 5566 3008 5624 εἷπε
3037 5588 3048 5601 ’
3083 5572 3152 5623 εΓί
3220 5572 3286 5641 μέ
3324 5575 3640 5643 πειράζετε,
3706 5577 4036 5647 ὑποκριταίς

2473 5662 2803 5727 Ἑπιδείξατέ
2832 5664 2999 5732 μοιτό
3029 5666 3269 5735 νόμισμα
3302 5666 3395 5719 τοῦ
3430 5669 3652 5734 κήνσου.
3686 5670 3761 5721 Ὀἱ
3788 5670 3842 5722 δὲ
3865 5689 4040 5741 προτ-

2462 5759 2697 5827 ήνεγκῖν
2743 5758 2889 5825 αἰτῗῇ
2936 5758 3207 5829 δηνάριον.
3252 5760 3358 5811 Καὶ
3404 5759 3793 5826 liras-310’;
3829 5764 4036 5831 Τένσμ,ἡ
