4288 6444
263 429 372 494 389

909 416 1362 484 ENARRATIO
1403 415 1487 478 IN
1519 410 2026 476 EVANGELIUM
2068 409 2459 471 ΜΑΤΤΗιΕΙ.
2496 433 2566 445 --
2599 424 2602 454 ε

1313 416 1362 480 Ο
1403 415 1487 478 ΙΝ
1519 410 2026 476 EVANGELIUM
2068 409 2459 471 ΜΑΤΤΗιΕΙ.
2496 433 2566 445 --
2599 407 2764 469 CAP.
2802 403 3003 466 XXII.

3445 401 3554 464 390

262 537 428 595 είκὼν
452 534 592 605 αὕτη
633 533 731 588 καὶ
755 534 790 603 ή
830 529 1158 600 ιπιγραφής
1223 524 1490 593 Λέγουσιν
1520 520 1692 590 αὐτῷ·
1729 519 1862 574 Καίο
1890 524 1931 578 Α

1860 524 1931 578 πΑ
1962 519 2038 582 ei,
2073 515 2332 572 Cmsaris.
2362 514 2517 571 Tunc
2557 513 2634 568 ait
2665 515 2794 578 illis,
2834 513 3062 567 Reddite
3092 525 3222 580 ergo
3265 523 3386 580 quae
3424 519 3553 566 sunt

263 646 450 702 σαρος.
485 626 617 681 Τότε
639 623 1023 693 λέγει-αὐτοῖς’
1073 611 1446 675 ’Δπόδοτεοῦν
1474 613 1544 668 τά
1571 613 1851 683 Καίσαρος

262 725 529 792 Καίσαρι,
565 719 758 785 καὶ-τὰ
786 714 884 770 τοῦ
913 714 1054 769 Θεοῦ
1077 711 1157 783 τῷ
1182 710 1326 781 Θεῷ.
1368 709 1482 762 Καὶ
1509 707 1851 768 ἀκούσαντες

260 813 603 884 ιοαύμασαν,
639 809 735 863 καὶ
758 807 987 878 ἀφέντες
1037 804 1203 860 αὑτὸν
1226 799 1494 872 ἀπῆλθον.
1523 816 1543 852 ι
1577 796 1852 868 Νομίζον-

262 925 356 972 τες
388 905 629 977 μαλάξαι
665 903 832 957 αὑτὸν
864 900 960 955 καὶ
1007 896 1292 970 χαυνῶται
1321 897 1437 959 τοῖς
1466 891 1735 953 ὲπαίνοις,
1759 905 1852 942 κο-

261 996 610 1059 λακεύουσιν,
663 994 754 1048 ῖνα
806 988 1111 1064 χαυνωθεὶς
1161 988 1314 1058 sirm.
1348 985 1431 1039 ὅτι
1459 984 1522 1037 οὐ
1544 983 1632 1037 δεῖ
1648 979 1852 1034 διδόναι

265 1093 360 1144 τὸν
394 1088 581 1160 φρρον,
604 1085 703 1142 καὶ
739 1086 806 1138 εκ
832 1081 1028 1136 τούτου
1052 1080 1401 1151 κρατήσωσιν
1436 1075 1600 1130 αὐτὸν
1619 1073 1696 1137 ὼς
1725 1089 1855 1126 στα-

265 1182 498 1250 σιαστὴν
572 1178 672 1234 καὶ⁵
728 1175 1054 1231 άνασείοντα
1074 1173 1165 1225 τὸν
1191 1169 1320 1225 λαὸν
1360 1169 1500 1224 κατά
1524 1167 1617 1220 τοῦ
1646 1166 1856 1219 Καίσα-

266 1287 384 1342 ρος.
409 1270 508 1323 Διά
529 1267 693 1321 τοῦτο
723 1266 817 1319 καὶ
847 1263 972 1326 τοὺς
1017 1258 1386 1331 Ἡρωδιανοὺς
1420 1256 1744 1325 ἐπάγονται,
1777 1253 1854 1316 ὼς

259 1363 358 1418 τοῦ
395 1359 664 1432 βασιλέως
685 1358 866 1420 δντας,
926 1354 1017 1407 ῖνα
1048 1352 1402 1420 κατάσχωσιν
1422 1349 1588 1402 αὑτὸν
1620 1347 1696 1410 ὡς
1723 1362 1857 1400 νεω-

259 1455 541 1526 τεριστήν.
592 1452 668 1506 οι
736 1447 1039 1519 λαμϐάνεις
1067 1445 1122 1498 δὲ
1157 1444 1472 1511 πρόσωπον,
1502 1439 1660 1510 φασὶ,
1699 1455 1858 1492 τουτ-

262 1547 436 1610 έστιν,
467 1544 620 1599 ούδάν
647 1543 714 1597 ἂν
743 1543 920 1601 εῖποις
960 1537 1100 1605 πρὸς
1127 1535 1291 1605 χάριν
1326 1533 1562 1587 Πιλάτου
1598 1530 1630 1602 ἢ
1674 1527 1851 1600 Ἦρώ·

260 1639 388 1694 δου·
438 1637 560 1691 εἰπὲ
609 1630 706 1689 οὖν
763 1632 898 1703 ἡμῖν
935 1668 951 1695 ,
1008 1627 1302 1698 ὀφείλομεν
1366 1624 1466 1678 καὶ
1538 1619 1856 1694 ἀνθρώποις

264 1730 549 1793 ὑποτελεῖς
606 1721 769 1789 εἶναι,
806 1724 904 1780 καὶ
955 1722 1146 1794 φερειν
1179 1719 1367 1782 αὐτοῖς
1387 1717 1449 1774 τὸ
1475 1716 1631 1780 τέλος
1663 1713 1858 1785 ὥσπερ

265 1826 362 1882 καὶ
391 1823 469 1894 τῷ
500 1819 621 1891 Θεῷ
648 1818 711 1872 τδ
741 1817 1061 1888 δίδραχμον,
1087 1814 1122 1884 ἢ
1167 1815 1313 1884 μόνῳ
1343 1811 1422 1882 τῷ
1446 1807 1568 1881 Θεῷ
1621 1806 1858 1863 τελέσω-

1957 607 2214 672 Caesaris,
2242 605 2473 669 Caesari,
2502 613 2558 660 et
2599 619 2719 672 quae
2751 612 2880 658 sunt
2914 603 3031 665 Dei,
3075 600 3205 655 Deo.
3240 599 3305 654 Et
3341 598 3425 652 his
3457 614 3555 651 au-

1959 700 2088 753 ditis
2123 698 2304 753 mirati
2355 709 2503 759 sunt,
2542 707 2597 750 et
2644 696 2850 750 omisso
2884 708 2948 749 eo
2991 694 3269 749 abierunt.
3324 709 3344 744 ι
3393 689 3558 745 Arbi-

1962 788 2092 842 trati
2141 801 2200 841 se
2231 785 2578 841 demulsuros
2619 784 2769 838 illum
2813 784 3089 844 laudibus,
3146 781 3459 844 adulantur,
3497 787 3559 834 ιιι

1959 875 2191 933 lat-tatus
2215 877 2367 931 dicat
2399 890 2506 931 non
2541 874 2725 931 deberi
2767 874 2968 930 Caesari
3011 873 3297 937 tributum,
3325 881 3381 925 et
3429 871 3557 927 inde

1960 948 2431 1031 comprehendant
2465 981 2590 1022 eum
2630 979 2892 1035 tanquam
2937 963 3284 1025 seditiosum,
3321 971 3373 1015 et
3408 973 3558 1016 com-

1962 1070 2272 1114 moventem
2326 1060 2582 1139 pOpulnm
2635 1069 2826 1114 contra
2869 1057 3142 1113 Ca-sarem
3201 1075 3213 1108 :
3254 1066 3307 1109 et
3352 1054 3558 1110 ideirco

1966 1152 2308 1208 Herodianos
2367 1169 2555 1208 st-cum
2597 1152 2893 1215 adducunt,
2945 1151 3037 1219 qui
3091 1151 3220 1219 regii
3276 1157 3458 1211 erant,
3496 1156 3556 1203 ιιι

1962 1245 2493 1313 comprehenderent
2545 1244 2694 1297 illum
2752 1244 2912 1312 quasi
2973 1257 3154 1297 rerum
3211 1250 3555 1294 nutratorem.

1962 1334 2080 1390 Non
2136 1336 2362 1405 respicis
2408 1349 2699 1407 personam
2752 1334 3097 1403 cujusquam,
3151 1334 3423 1400 inquiunt,
3459 1331 3562 1387 hoc

1964 1440 2070 1490 est,
2100 1430 2233 1484 nihil
2274 1430 2413 1483 dicis
2452 1429 2505 1483 in
2547 1429 2775 1500 gratiam
2824 1427 3056 1482 llerodis
3100 1437 3199 1480 aut
3245 1424 3424 1479 l’iiati.
3465 1424 3561 1478 Dic

1965 1522 2133 1591 igitur
2163 1522 2344 1586 nobis,
2389 1520 2662 1575 Debemus
2691 1529 2744 1572 et
2768 1520 3080 1573 hominibus
3112 1517 3384 1571 tributarii
3411 1530 3558 1584 esse,

1964 1621 2019 1669 et
2065 1614 2194 1667 dare
2225 1613 2306 1666 eis
2334 1626 2578 1676 censum,
2613 1611 2748 1666 sicut
2785 1619 2840 1665 et
2880 1610 2989 1665 Deo
3022 1605 3444 1663 didrachmum‘l
3475 1606 3558 1658 Διι

1965 1705 2066 1760 soli
2126 1704 2234 1759 Deo
2274 1701 2618 1758 tribuemus?
2667 1701 2925 1772 Nunquid
2977 1713 3158 1755 autem
3207 1710 3260 1753 et
3309 1695 3561 1753 Caesari?

1969 1795 2080 1851 lloc
2125 1808 2302 1848 autem
2351 1794 2608 1848 dicebant
2655 1793 2817 1863 (sicut
2849 1791 3007 1856 dixit)
3051 1800 3111 1848 ut
3151 1790 3195 1844 si
3237 1788 3381 1842 dicat
3418 1783 3561 1857 quod

269 1930 403 1984 μενς
431 1883 555 1980 οὐχὶ
591 1883 603 1891 ’
634 1907 692 1962 δι
726 1883 840 1962 καὶ.⁷
987 1883 1229 1974 Καίσαρι
1252 1883 1291 1969 ;7
1324 1902 1499 1955 Τοῦτο
1529 1900 1586 1954 δὲ
1649 1899 1859 1966 ῑλεγον,
1889 1883 1937 1942 Β

1889 1883 1937 1942 Β
1969 1903 2075 1942 non
2107 1894 2356 1954 oporteat
2399 1885 2661 1938 tributum
2693 1894 2747 1938 et
2781 1883 2984 1938 Caesari
3025 1884 3280 1950 pendere,
3308 1893 3566 1948 compte-

265 1999 342 2062 ὡς
370 1997 530 2069 ἔφην,
554 1996 665 2063 ἵνα,
698 1996 794 2050 εάν
813 1996 965 2066 εῖπῃ,
993 1993 1155 2048 δτιού
1197 1993 1279 2046 δεῖ
1309 1991 1482 2044 τελεῖν
1501 1989 1582 2061 τῷ
1599 1990 1860 2059 Καίσαρι,

266 2089 610 2144 συλλάϐωσιν
668 2088 834 2142 αὐτὸν
867 2088 962 2141 καὶ
993 2083 1417 2149 ἀποκτείνωσιν,
1460 2083 1537 2146 ὡς
1561 2084 1690 2145 τοὺς
1733 2082 1860 2152 περὶ

265 2183 474 2238 Θευδᾶν
537 2181 634 2237 καὶ
666 2180 891 2248 Ἰούδαν,
949 2180 1081 2243 τοὺς
1117 2177 1382 2248 λέγοντας
1436 2176 1510 2248 μὴ
1538 2176 1651 2230 δεῖν
1711 2174 1864 2228 θύειν

268 2276 412 2347 ὑπὲρ
439 2274 538 2329 τοῦ
588 2274 857 2345 ὀνόματος
896 2273 993 2325 τοῦ
1021 2270 1343 2340 Καίσαρος·
1385 2268 1415 2321 δ
1447 2268 1505 2323 δὲ
1543 2265 1753 2337 Ἰησοῦς
1772 2264 1863 2320 διὰ

265 2366 364 2420 τοῦ
400 2364 811 2421 ἐντετυπῶσθαι
841 2363 918 2434 τῷ
938 2362 1240 2434 νομίσματι
1278 2361 1371 2416 τὸν
1395 2362 1676 2431 Καίσαρα,
1741 2357 1864 2411 mt-

271 2456 358 2512 οει
382 2457 581 2519 αὐτοὺς
612 2456 690 2520 ὡς
712 2457 795 2509 δεῖ
821 2456 902 2526 τῷ
957 2455 1197 2526 Καίσαρι
1258 2451 1576 2508 ἀποδιδόναι
1603 2453 1672 2506 τά
1737 2453 1864 2505 εαυ-

265 2547 387 2614 τοῦ,
446 2549 716 2615 τουτέστι,
776 2547 844 2602 τὰ
874 2546 1069 2619 ἔχοντα
1124 2547 1226 2618 τὴν
1273 2543 1443 2598 αὑτοῦ
1494 2545 1682 2599 εἰκόνα
1707 2560 1721 2575 ·
1773 2542 1868 2596 καὶ

271 2642 335 2698 ιν
394 2644 508 2705 τοῖς
553 2643 892 2712 σωματικοῖς
970 2639 1068 2697 καὶ
1116 2642 1231 2702 τοῖς
1287 2635 1400 2706 ἔξω
1461 2637 1865 2691 ὑποτάττεσθαι

267 2731 350 2804 τῷ
414 2732 783 2803 βασιλεύοντι,
850 2733 912 2786 εν
955 2731 1013 2787 δι
1063 2733 1179 2795 τοῖς
1231 2729 1342 2784 [om
1399 2731 1495 2785 καὶ
1559 2747 1865 2800 πνευματι-

269 2827 419 2888 κοῖς,
466 2824 544 2895 τῷ
610 2825 754 2897 Θεῷ.
805 2827 898 2879 Δεῖ
955 2824 1013 2878 δὲ
1083 2825 1178 2878 καὶ
1237 2822 1384 2878 οὕτω
1438 2825 1604 2888 νοεῖν,
1637 2823 1714 2887 ὼς
1783 2822 1868 2876 δεῖ

268 2916 504 2970 ικαστον
561 2917 723 2988 ήμῶν
747 2918 816 2971 τά
862 2915 958 2971 τοῦ
1012 2917 1312 2989 Καίσαρος,
1374 2914 1650 2980 τουτέστι,
1677 2913 1746 2967 τὰ
1771 2912 1866 2967 τοῦ

269 3009 529 3077 δαίμονος
587 3009 686 3062 τοῦ
746 3008 856 3063 τῶν
896 3010 1048 3064 κάτω
1091 3010 1455 3081 κρατοῦντος,
1494 3006 1645 3078 αὐτῷ
1672 3006 1868 3077 ἐκείνῳ

271 3099 587 3154 ἀποδιδόναι
633 3100 729 3155 καὶ⁸
781 3102 1166 3174 προσρίπτειν.
1201 3095 1328 3155 Οἷον
1361 3099 1508 3174 ἔχεις
1557 3099 1730 3170 θυμὸν
1758 3097 1870 3150 ἀπὸ

269 3191 369 3248 τοῦ
419 3193 723 3264 Καίσαρος,
777 3193 937 3263 ρίψον
982 3193 1173 3248 τοῦτον
1202 3194 1292 3247 ἔπ’
1324 3195 1512 3258 αὐτὸν,
1580 3189 1868 3260 θυμώθητι

271 3283 396 3338 κατ’
445 3284 638 3338 αὑτοῦ·
678 3284 822 3339 οὕτω
861 3287 972 3356 γὰρ
1028 3286 1235 3358 δυνήσῃ
1267 3286 1361 3339 καὶ
1390 3286 1456 3339 τὰ
1486 3281 1581 3340 τοῦ
1605 3281 1745 3337 Θεοῦ
1784 3281 1866 3354 τῷ

271 3376 396 3448 Θεῷ
417 3375 734 3432 ἀποδοῦναι.
765 3377 926 3430 Ἀλλά
947 3377 1058 3447 μὴν
1087 3379 1184 3430 καὶ
1214 3377 1385 3429 διττοὶ
1416 3377 1568 3438 δντες
1592 3376 1776 3447 ἡμεῖς,
1807 3375 1872 3428 ἐκ

273 3466 457 3536 ψυχῆς
473 3452 582 3537 γάρ
605 3467 701 3519 καὶ
722 3465 976 3537 σώματος
1006 3465 1404 3538 συνιστάμεθα,
1432 3465 1511 3533 τῷ
1533 3465 1629 3535 μὶν
1657 3464 1872 3535 σώματι

273 3558 352 3620 ὡς
386 3559 650 3630 Καίσαρι,
700 3557 992 3627 ὀφείλομεν
1017 3555 1320 3626 διατροφὰς
1350 3558 1445 3610 καὶ
1472 3556 1871 3627 σκεπάσματα.

271 3649 354 3719 τῷ
382 3647 440 3702 δὲ
466 3651 522 3703 ὲν
554 3651 689 3722 ἡμῖν
716 3647 998 3721 θειοτέρῳ,
1031 3648 1103 3701 τά
1135 3648 1392 3718 ἁρμόδια.

351 3757 372 3793 ε
415 3741 505 3795 Ἐν
536 3742 720 3814 ἐκείνῃ
752 3743 821 3815 τῇ
851 3741 1037 3813 ἡμέρα
1086 3741 1398 3813 προσῆλθον
1445 3740 1596 3812 αὺτῷ
1641 3739 1875 3794 Σαδδου-

273 3834 783 3903 καῖοι,οῑλλέγοντες
819 3833 894 3906 μὴ
930 3828 1069 3888 εἶναι
1117 3835 1418 3890 ἀνάστασιν
1441 3875 1457 3901 ,
1500 3835 1596 3887 καὶ
1649 3831 1873 3903 επηρώ-

273 3943 452 3993 τησαν
472 3926 657 3998 αύτδν,
715 3925 967 3994 λεγοντες
987 3942 1001 3956 ·
1051 3924 1374 3985 Διδάσκαλε,
1407 3925 1614 3995 Μωσῆς
1664 3921 1818 3978 εἶπεν
1841 3941 1855 3956 ·

289 4018 417 4072 Ἐάν
440 4034 526 4082 τις
564 4017 813 4089 ἀποθάνῃ
865 4016 940 4089 μὴ
988 4017 1129 4088 ἔχων
1165 4018 1356 4080 τέκνα,
1387 4016 1826 4088 ἐπιγαμϐρεύσει
1850 4019 1879 4070 δ

277 4111 513 4179 ἀδελφὸς
568 4109 734 4164 αὑτοῦ
784 4111 884 4181 τὴν
907 4112 1144 4180 γυναῖκα
1195 4108 1388 4177 αὐτοῦ,
1424 4111 1522 4165 καὶ
1573 4110 1878 4181 ἀναστήσει

281 4202 513 4272 σπέρμα
543 4200 622 4270 τῷ
643 4199 860 4270 ἀδελφῷ
890 4186 1082 4254 αύτοῦ.
1123 4195 1314 4254 Ἦσαν
1337 4199 1393 4252 δι
1425 4200 1558 4270 παρ’
1584 4201 1717 4271 ἡμῖν
1738 4200 1882 4255 επτά

281 4291 530 4361 ἀδελφοὶ,
557 4293 654 4346 καὶ
682 4294 711 4346 δ
748 4291 986 4364 πρῶτος,
1025 4296 1286 4363 γαμήσας
1319 4294 1665 4365 ἐτελεύτησε·
1689 4294 1784 4346 καὶ
1803 4291 1881 4365 μὴ

283 4383 427 4456 ιχων
458 4385 705 4455 σπέρμα,
739 4386 924 4454 ἀφῆκε
954 4385 1054 4457 τὴν
1076 4387 1315 4454 γυναῖκα
1353 4386 1522 4440 αὐτοῦ
1561 4387 1641 4458 τῷ
1667 4386 1882 4457 ἀδελφῴ

281 4476 474 4531 αὑτοῦ·
503 4477 707 4547 ὁμοίως
730 4477 826 4532 καὶ
861 4479 890 4531 δ
915 4477 1191 4548 δεύτερος,
1225 4478 1367 4532 καὶὸ
1397 4480 1602 4550 τρίτος,
1629 4477 1736 4541 ἕως
1771 4477 1881 4531 τῶν

1968 1981 2208 2034 lietidant
2247 1994 2370 2032 eum
2412 1987 2468 2032 et
2510 1976 2764 2032 occidant
2810 1993 2823 2030 :
2859 1977 2999 2030 sicut
3035 1973 3318 2029 Theudam
3358 1981 3415 2028 et
3459 1971 3556 2026 Ju-

1966 2073 2113 2136 dam.
2145 2071 2236 2141 qui
2281 2071 2533 2124 dicebant
2578 2084 2683 2122 non
2739 2068 3162 2122 saerilicaudum
3209 2081 3310 2135 pro
3342 2064 3567 2119 nomine

1965 2161 2219 2218 Ca-saris.
2251 2160 2413 2217 Jesus
2449 2169 2631 2215 autem
2659 2176 2758 2231 per
2799 2159 2903 2214 hoc
2931 2160 3075 2228 quod
3112 2159 3402 2227 ﬁguratum
3443 2166 3566 2210 erat

1965 2254 2236 2318 nttntistna
2280 2252 2515 2322 imagine
2559 2251 2818 2313 Caesaris,
2875 2253 3169 2320 perSIIadet
3217 2249 3325 2303 illis
3379 2246 3566 2305 deberi

1967 2343 2172 2400 Ca-sari
2217 2358 2336 2415 qua:
2375 2342 2496 2414 ejus
2547 2352 2697 2407 sunt.
2743 2342 2844 2398 hoc
2884 2348 2990 2407 est,
3039 2356 3161 2411 quae
3214 2342 3412 2395 habent
3447 2340 3565 2409 ejus

1970 2435 2282 2503 imaginem.
2327 2434 2394 2489 Et
2428 2435 2479 2489 in
2518 2433 2899 2503 corporalibus
2941 2444 2996 2488 et
3039 2433 3092 2486 in
3141 2433 3388 2488 externis
3433 2432 3568 2486 obe-

1968 2527 2226 2584 dieudum
2259 2537 2343 2584 est
2392 2527 2506 2598 regi
2542 2544 2557 2583 :
2593 2527 2648 2582 iu
2685 2526 2916 2582 intemis
2948 2535 3134 2582 autem
3179 2533 3234 2580 et
3268 2522 3570 2594 spirituali-

1969 2620 2093 2685 bus,
2151 2619 2285 2675 Deo.
2339 2619 2495 2675 Licet
2548 2633 2732 2674 autem
2785 2629 2840 2672 et
2888 2621 2971 2672 sic
3021 2617 3352 2687 intelligere,
3424 2615 3569 2685 quod

1969 2725 2219 2786 Oporteat
2265 2725 2707 2781 unumquemque
2737 2718 2984 2764 nostrum
3028 2723 3093 2763 ea
3127 2722 3248 2776 qua:
3285 2717 3413 2760 sunt
3442 2703 3565 2760 Cm-

1969 2806 2135 2871 saris,
2174 2809 2276 2862 hoc
2300 2815 2406 2870 est,
2443 2804 2728 2870 daemonis,
2771 2801 3118 2870 internarum
3163 2799 3457 2871 principis,
3490 2796 3571 2854 illi

1970 2901 2074 2972 ipsi
2134 2900 2389 2964 reddere,
2433 2907 2490 2954 et
2522 2895 2764 2966 obiicere
2812 2912 2827 2952 :
2879 2907 2936 2949 ut
3003 2891 3238 2960 exempli
3289 2891 3486 2963 gratia,
3527 2891 3573 2945 si

1971 2995 2139 3051 habes
2172 2994 2308 3049 iram
2341 3005 2370 3046 a
2403 2991 2641 3056 Ca'sare,
2678 2990 2844 3051 reiice
2877 3002 2996 3042 eam
3036 2987 3090 3040 in
3126 2987 3302 3050 illum,
3336 2986 3575 3040 irascere

1971 3099 2162 3143 contra
2197 3087 2399 3156 ipsum.
2433 3087 2513 3138 sic
2539 3083 2745 3154 poteris
2774 3089 2832 3136 et
2861 3097 2924 3135 ea
2964 3078 3126 3151 120
3155 3092 3277 3148 qua:
3307 3087 3432 3131 sunt
3453 3073 3573 3139 Dei,

1976 3180 2087 3236 Deo
2118 3179 2366 3236 reddere.
2411 3176 2546 3232 Item
2597 3176 2725 3246 quia
2759 3175 3007 3246 duplices
3041 3187 3232 3229 sumus
3272 3186 3397 3236 nos,
3430 3180 3574 3227 etes

1977 3277 2159 3329 anima
2215 3285 2559 3341 corporeque
2604 3271 3015 3337 constituimur,
3066 3264 3285 3335 corpori
3338 3264 3491 3319 cibos
3521 3271 3579 3317 et

1976 3368 2238 3423 amictum
2289 3375 2348 3418 ut
2376 3362 2582 3418 Caesari
2619 3360 2880 3416 debemus
2918 3356 3223 3418 :diviniori
3253 3365 3436 3411 autem
3485 3369 3581 3412 no-

1975 3469 2106 3516 stra:
2137 3459 2300 3529 parti,
2331 3471 2453 3526 qua:
2486 3462 2543 3510 et
2573 3454 2650 3509 illi
2680 3459 3011 3525 congruunt.

2049 3732 2217 3787 Vsus.
2261 3728 2454 3786 25-18.
2497 3746 2516 3780 ι
2563 3726 2622 3781 1n
2672 3727 2766 3782 illo
2813 3724 2900 3781 die
2951 3729 3306 3779 accesserunt
3340 3720 3407 3775 ad
3453 3734 3578 3777 eum

1979 3826 2288 3889 Ssdduczi,
2335 3824 2428 3892 qui
2457 3821 2648 3876 dicunt
2702 3835 2809 3873 non
2854 3832 2978 3871 esse
3013 3812 3494 3877 resurrectionem,
3527 3822 3584 3864 et

1979 3921 2457 3989 interrogaverunt
2497 3929 2647 3979 eum,
2698 3912 2986 3966 dicentes:
3035 3906 3318 3977 Magister,
3367 3903 3584 3976 Moyses

1983 4011 2149 4072 dixit,
2188 4010 2250 4062 Si
2288 4008 2414 4076 quis
2469 4016 2717 4059 mortuus
2766 4002 2932 4056 fuerit
2981 4015 3092 4055 non
3141 3999 3349 4053 habens
3390 3996 3581 4062 lilium,

1981 4104 2146 4160 ducat
2175 4102 2343 4158 iratcr
2381 4100 2498 4171 ejus
2539 4113 2768 4153 uxorem
2801 4097 2968 4161 illius,
3011 4105 3067 4150 et
3110 4094 3344 4150 suscitet
3394 4107 3583 4148 semen

1985 4197 2141 4253 fratri
2175 4208 2298 4250 suo.
2336 4192 2509 4248 Erant
2542 4204 2725 4246 autem
2777 4190 2920 4260 apud
2969 4203 3070 4243 nos
3103 4200 3310 4257 septem
3363 4185 3583 4248 fratres,

1982 4290 2264 4360 etprimus
2292 4302 2462 4341 uxore
2488 4287 2650 4340 ducta
2676 4283 2965 4338 defunctus
2996 4290 3080 4336 est
3105 4299 3118 4335 :
3147 4295 3212 4337 ac
3239 4296 3345 4335 non
3377 4279 3585 4334 habens

1984 4395 2194 4444 semen,
2233 4376 2453 4446 reliquit
2484 4389 2711 4432 uxorem
2753 4388 2909 4430 suam
2952 4372 3107 4426 fratri
3143 4386 3246 4427 suo
3282 4388 3294 4425 :
3331 4369 3590 4425 similiter

1985 4469 2264 4526 secundus
2290 4478 2343 4524 et
2374 4467 2588 4534 tertius,
2614 4482 2788 4535 usque
2818 4465 2886 4520 ad
2916 4466 3231 4536 septimum.
3269 4461 3582 4517 Novissime

284 4570 450 4624 ἑπτά.
483 4569 753 4640 ’Υστερυν
786 4569 845 4624 δὲ
869 4570 1089 4624 πάντων
1146 4570 1387 4624 ἀπέθανε
1440 4574 1535 4624 καὶ
1563 4573 1595 4642 ή
1618 4571 1756 4642 γυνή
1785 4586 1800 4600 ·
1825 4570 1884 4623 δν
1910 4576 1965 4641 D

1910 4576 1965 4641 υ
1993 4570 2175 4616 autem
2211 4561 2453 4625 omnium
2504 4559 2764 4615 defuncta
2813 4568 2900 4613 est
2947 4556 3190 4611 mulier:
3236 4555 3289 4609 in
3341 4569 3589 4609 resurrev

281 4664 352 4733 τῇ
383 4657 478 4716 οὖν
494 4661 813 4728 ἀναστάσει,
834 4663 981 4726 τίνος
1001 4663 1113 4716 τῶν
1129 4664 1270 4717 ιπτά
1291 4663 1446 4718 ισται
1471 4666 1608 4734 γυνή
1626 4681 1640 4729 ;
1673 4664 1883 4727 Πάντες

284 4754 400 4824 γὰρ
425 4752 584 4824 ἔσχον
605 4755 800 4827 αὐτήν.
821 4772 844 4807 ι
887 4754 1426 4826 Ἐπιστομισθιντων
1442 4757 1552 4810 τῶν
1569 4743 1885 4828 Ψαρισαίων

288 4845 389 4899 σὺν
439 4847 550 4908 τοῖς
594 4846 973 4914 Ἦρωδιανοῖς.
1009 4848 1172 4901 πάλιν
1199 4849 1249 4901 οῖ
1279 4848 1632 4903 Σαδδουκαῖοι
1684 4849 1885 4920 πειρά-

288 4936 493 5001 ζουσιν.
529 4936 752 5007 Αἵρεσις
783 4938 840 4992 δὶ
863 4933 934 5010 ἦν
955 4940 1167 4996 τούτων
1211 4939 1415 4994 τοιάδε·
1464 4939 1566 4994 οὐκ
1600 4939 1888 4996 ἐπίστευον

289 5025 415 5081 οὔτε
435 5028 756 5096 ἀνάστασιν,
779 5027 906 5084 οὔτε
934 5021 1189 5101 πνεῦμα,
1215 5029 1342 5084 οὔτε
1360 5031 1618 5099 ἄγγελον,
1650 5031 1889 5084 ἀπεναν-

289 5119 418 5184 τίας
435 5121 550 5182 τοῖς
580 5121 903 5193 Φαρισαίοις
943 5122 1305 5194 διακείμενοι·
1343 5125 1580 5194 πρᾶγμα
1611 5122 1705 5176 οὖν
1757 5141 1886 5176 συν·

290 5214 518 5268 τιθέασι
543 5212 619 5285 μὴ
649 5214 965 5285 γενόμενον.
1017 5215 1119 5280 θὲς
1182 5217 1290 5288 γὰρ
1359 5217 1443 5270 ὅτι
1472 5218 1521 5270 οί
1555 5216 1649 5270 δύο
1694 5216 1890 5273 ἔλαϐον

294 5306 489 5377 αὐτὴν,
517 5307 613 5359 καὶ
645 5307 1088 5382 άπέθαγον,·πῶς
1117 5306 1183 5361 ἂν
1209 5310 1238 5361 δ
1259 5309 1438 5380 τρίτος
1468 5310 1568 5362 οὐκ
1596 5311 1891 5364 οίωνίσατο

296 5401 395 5453 καὶ
417 5400 692 5452 ἀπείπατο
719 5400 810 5452 τὸν
835 5401 1036 5469 γάμον,
1067 5404 1180 5465 τοῖς
1204 5402 1313 5471 πρδ
1339 5402 1508 5457 αὑτοῦ
1541 5401 1889 5468 παιδευθείς;

297 5489 636 5546 Πλάττονται
659 5490 704 5544 δ’
734 5487 829 5544 οὖν
852 5493 1092 5562 οίόμενοι
1140 5494 1233 5544 τὸν
1263 5494 1502 5566 Χριστὸν
1541 5496 1621 5560 εἰς
1655 5495 1892 5560 ἀπορίαν

296 5582 583 5651 ἱμϐαλεῖν,
611 5582 700 5637 ἶνα
734 5583 832 5655 τὴν
860 5584 1159 5637 ἀνάστασιν
1216 5585 1585 5640 διαϐάλλωσιν
1618 5604 1631 5615 ·
1669 5588 1766 5639 καὶ
1796 5587 1890 5639 τὸν

297 5675 508 5731 Mucia.
538 5673 617 5745 τῷ
639 5674 924 5745 πλάσματι
949 5675 1129 5728 αὐτῶν
1169 5677 1473 5745 συνήγορον
1527 5676 1892 5746 παραλαμϐά-

297 5781 505 5819 νουσιν.
554 5764 730 5818 Ἒπτά
752 5764 811 5818 δι
836 5759 992 5818 εἷπον
1025 5759 1166 5819 εἶναι
1196 5766 1326 5829 τοὺς
1348 5766 1639 5836 ἀδελφοὺς,
1670 5769 1756 5822 ἴνα
1800 5769 1894 5821 ἐπὶ

296 5847 463 5914 si!»
499 5856 883 5928 majuﬁﬁowst
921 5856 985 5910 τδ
1031 5855 1130 5928 τῆς
1157 5858 1513 5923 ἀναστάσεως
1548 5861 1850 5931 μυστήριον
1874 5878 1887 5891 ·

1988 4656 2174 4712 ctione
2204 4657 2393 4725 igitur,
2420 4652 2576 4721 cujus
2600 4667 2632 4707 e
2668 4662 2877 4722 septem
2913 4650 3024 4705 illis
3053 4652 3161 4705 erit
3188 4647 3363 4704 uxor?
3389 4645 3592 4702 Omnes

1987 4749 2134 4805 enim
2177 4748 2490 4803 habuerunt
2522 4760 2666 4801 eam.
2710 4763 2730 4798 ι
2779 4743 3088 4800 Coufutatis
3131 4741 3426 4797 Pliarisazis
3465 4755 3590 4794 cum

1989 4841 2331 4903 Herodianis,
2354 4841 2550 4896 iterum
2573 4839 2855 4894 Saddnczel
2890 4847 3122 4892 tentant.
3155 4835 3388 4893 Haresis
3412 4844 3593 4889 autem

1990 4934 2205 4989 illorum
2253 4943 2372 4987 erat
2418 4933 2541 4986 talis
2586 4947 2600 4985 :
2648 4945 2828 5001 neque
2876 4929 3364 4991 resurrectionem,
3421 4939 3597 4994 neque

1992 5027 2269 5097 spiritum,
2305 5039 2485 5094 neque
2518 5024 2744 5095 angelos
2776 5025 3093 5087 credebant,
3125 5023 3342 5076 diversa
3377 5035 3408 5074 ε
3442 5020 3588 5075 Plia-

1997 5121 2172 5174 riszeis
2225 5117 2565 5173 sentiebant.
2631 5117 2765 5172 Rem
2822 5117 3070 5186 lingunt.
3132 5129 3255 5184 quae
3320 5125 3596 5182 nunquam

1994 5214 2244 5282 contigit.
2271 5211 2422 5266 Pone
2465 5211 2614 5266 enim
2647 5212 2791 5280 quod
2839 5212 2946 5264 duo
2977 5210 3290 5278 acceperint
3330 5207 3502 5277 ipsam
3543 5214 3600 5258 et

1996 5305 2193 5361 mortui
2227 5307 2358 5373 sint,
2389 5305 2484 5375 qui
2518 5305 2638 5359 lleri
2670 5305 2844 5374 potuit
2879 5314 2938 5357 ut
2980 5303 3174 5357 tertius
3216 5315 3385 5356 omen
3445 5313 3601 5352 aver—

1997 5414 2127 5454 sans
2171 5400 2391 5469 nuptias
2429 5413 2538 5452 non
2588 5397 2948 5459 recusaverit,
2995 5395 3255 5466 periculis
3292 5395 3601 5464 praeceden-

1999 5493 2131 5548 tium
2163 5491 2477 5547 admonitus
2501 5490 2525 5546 τ
2551 5489 2790 5562 Fingnnt
2825 5491 3013 5560 igitur,
3037 5490 3192 5558 quasi
3221 5487 3499 5543 Christum
3539 5485 3594 5538 in

1997 5585 2223 5640 dubium
2282 5585 2541 5649 tracturi,
2595 5594 2656 5638 ut
2708 5583 3177 5639 resurrectionem
3231 5589 3483 5651 arguant,
3546 5586 3601 5632 ιιι

2001 5677 2184 5733 Hoscn
2211 5677 2469 5749 ﬁgmento
2496 5691 2594 5731 suo
2622 5687 2911 5746 patronum
2944 5675 3170 5730 faciant.
3203 5677 3420 5742 Septem
3449 5673 3601 5725 dist--

2001 5778 2132 5824 runt
2157 5784 2280 5826 esse
2303 5769 2522 5831 fratres,
2549 5770 2787 5824 maxime
2812 5772 3148 5824 incessentes
3181 5767 3602 5822 resurrectionis

2006 5862 2368 5932 mystcrlum;
2401 5869 2478 5929 et,
2508 5859 2678 5930 Cujus
2719 5878 2782 5919 cs
2816 5863 2946 5930 illis,
2977 5862 3187 5929 dicunt,
3216 5861 3318 5916 erit
3357 5861 3550 5916 muiicr
3576 5856 3597 5916 Ξ
