4298 6446
767 401 870 467 391

1617 399 2204 462 TBEOPHYLACTI
2240 401 2489 463 BULGA
2499 399 2653 461 [{le
2695 405 2896 465 ARCB
2909 406 3054 465 [ΕΡ.

3930 401 4039 463 392

770 529 980 577 Diceret
1023 521 1169 590 quis,
1205 518 1252 573 0
1295 517 1648 572 contaminati
1693 517 1999 582 Saddui-ai,
2031 520 2229 587 prioris
2255 519 2342 586 qui
2376 529 2411 579 Α

2403 540 2417 579 ι
2449 523 2540 572 καὶ
2604 523 2749 583 τίνες
2811 522 3013 584 αὐτῶν,
3063 521 3250 588 φασὶν,
3305 520 3462 573 ἔσται
3496 519 3727 589 ήγυνή;
3756 518 3915 570 Εἴποι
3944 519 4038 573 οὑν

768 618 996 669 duxerat
1043 627 1177 666 uxor
1222 612 1345 671 erit,
1393 609 1659 678 siquidem
1709 613 2130 665 concederemus
2175 612 2227 663 in
2261 626 2345 663 ru-

767 705 1103 760 aurrectiune
1148 704 1362 770 nuptias
1403 699 1520 755 fore
1567 715 1582 753 :
1622 699 1715 754 alii
1744 700 1888 755 enim
1937 716 2042 752 non
2083 701 2217 765 veri,
2251 699 2344 752 sed

771 797 865 848 viri
897 804 1053 847 erant
1083 791 1397 846 accessorii.

836 970 999 1026 Vens.
1039 972 1230 1027 29-33.
1285 991 1303 1022 ι
1358 965 1709 1041 Respondens
1749 978 1928 1025 autem
1978 969 2158 1033 Iesus,
2210 969 2344 1023 dixit

762 1065 864 1118 illis
895 1083 906 1117 :
943 1066 1167 1124 Erratis,
1193 1065 1498 1118 nescientes
1529 1061 1863 1130 Scriptores,
1886 1073 2063 1129 neque
2084 1063 2341 1114 \‘il'lttteltl

769 1154 882 1206 Dei.
939 1154 995 1207 In
1055 1157 1454 1208 resurrectione
1511 1155 1654 1206 enim
1707 1167 1880 1219 neque
1940 1153 2342 1206 matrimonium

765 1255 1113 1310 cculraiinnl,
1155 1262 1326 1312 neque
1369 1246 1677 1307 elocantur,
1705 1245 1801 1298 sed
1839 1245 2131 1298 suntsicut
2171 1242 2342 1310 angeli

765 1338 857 1390 Dei
898 1340 947 1389 in
982 1337 1139 1389 cudo.
1171 1338 1242 1388 De
1268 1337 1662 1390 resurrectione
1697 1349 1823 1387 vero
1859 1342 2194 1386 mortuorum
2235 1348 2338 1384 non

764 1429 970 1495 legistis
1001 1431 1140 1495 quod
1179 1429 1328 1480 vobis
1356 1429 1555 1479 dictqu
1585 1436 1668 1480 est
1696 1441 1724 1478 a
1760 1425 1886 1489 Deo,
1912 1425 2022 1494 Ego
2051 1440 2168 1475 sum
2199 1424 2339 1475 Deus

760 1520 1056 1581 Abraham,
1084 1519 1226 1570 Deus
1259 1516 1425 1574 Isaac.
1448 1529 1496 1570 el
1528 1518 1664 1570 Deus
1685 1515 1892 1569 Jacob?
1922 1515 2039 1566 Non
2065 1523 2147 1567 est
2176 1513 2337 1578 Deus,

763 1619 1094 1663 mortuorum
1132 1607 1295 1666 Deus.
1330 1610 1424 1660 sed
1460 1609 1772 1660 virentium.
1813 1607 1875 1659 Et
1903 1623 2022 1660 cum
2059 1606 2340 1660 audissent

763 1701 957 1761 turbae,
1012 1708 1336 1768 stupuerunt
1397 1703 1461 1754 de
1512 1701 1755 1753 doctrina
1815 1701 1954 1768 ejus.
2011 1717 2028 1749 υ
2087 1699 2338 1753 Ostendit

763 1794 1013 1848 Salvator
1044 1811 1094 1847 et
1133 1797 1588 1848 resurrectionem
1638 1793 1896 1857 futuram,
1931 1804 1984 1846 et
2030 1809 2135 1846 non
2175 1793 2336 1845 talem

2444 613 2509 666 ἄν
2534 629 2618 673 τις
2641 628 2654 640 ο
2692 609 2762 665 Ὠ
2793 616 2982 681 μιαροὶ
3009 610 3380 674 Σαδδουκαῖοι,
3411 609 3505 663 τοῦ
3534 609 3767 681 πρώτως
3789 625 4036 677 γεγαμη-

2445 703 2598 764 κότος
2651 703 2803 756 ἐσται
2829 705 2862 773 ὴ
2888 704 3044 773 γυνὴ,
3084 705 3196 769 εἴγε
3222 703 3695 770 συγχωρήσωμεν,
3728 700 3812 751 ὃτι
3842 703 3936 750 καὶ
3967 700 4024 750 ἐν

2444 801 2508 867 τῇ
2551 798 2848 850 ἀναστάσει
2882 800 3058 866 γάμος
3110 796 3258 848 ἐστίν
3283 811 3295 824 ’
3331 797 3380 848 oi
3414 794 3522 864 γάρ
3560 793 3732 857 ἄλλοι,
3780 790 4031 844 ὑποδολι-

2448 894 2621 960 μαίοι,
2659 891 2780 959 οὑχὶ
2813 891 3034 960 νόμιμοι
3072 888 3286 958 ἄνδρες.

2524 1005 2541 1036 ι
2599 984 2945 1053 Ἀποκριθεὶς
2968 982 3076 1034 δὲδ
3120 978 3329 1050 Ἰησοῦς
3376 976 3531 1032 εἶπεν
3561 978 3768 1040 αὐτοῖς·
3826 976 4036 1030 Πλανᾶ-

2447 1079 2565 1137 σθε,
2593 1078 2667 1148 μὴ
2691 1078 2893 1138 εἰδότες
2922 1075 3020 1136 τάς
3066 1074 3308 1144 Γραφάς,
3343 1071 3478 1141 μηδὲ
3531 1069 3629 1138 τὴν
3682 1067 3914 1139 δύναμιν
3938 1068 4031 1122 τοῦ

2445 1171 2603 1223 Θεοῦ.
2655 1171 2740 1222 Ἐν
2773 1171 2883 1238 γὰρ
2914 1171 2980 1238 τῇ
3023 1166 3342 1226 ἀναστάσει,
3406 1162 3529 1216 οὔτε
3581 1163 3877 1231 γαμοῦσιν,
3908 1161 4030 1214 οὗτε

2447 1259 2859 1330 ὲκγᾶμίζονται,
2892 1259 3007 1312 ἀλλ’
3040 1260 3114 1320 ὼς
3142 1258 3364 1326 ἄγγελοι
3398 1254 3534 1309 Θεοῦ
3565 1257 3621 1306 ὲν
3660 1253 3876 1322 οὐρανῷ
3901 1257 4027 1305 εισι.

2447 1353 2581 1424 Περὶ
2611 1355 2666 1406 δὲ
2688 1355 2788 1420 τῆς
2825 1355 3175 1414 ἀναστάσεως
3210 1351 3319 1403 τῶν
3345 1349 3578 1418 νεκρῶν,
3611 1349 3709 1399 οὐκ
3754 1348 4025 1412 ἀνέγνωτε

2441 1449 2500 1499 τὸ
2528 1441 2691 1516 ῥηθὲν
2724 1447 2852 1514 ὑμῖν
2901 1445 3005 1498 ὑπὸ
3062 1445 3154 1496 τοῦ
3184 1439 3320 1496 Θεοῦ
3349 1442 3620 1509 λέγοντος
3683 1438 3825 1507 Ἐγώ
3857 1441 3972 1506 είμι
4003 1442 4031 1490 6

2441 1538 2572 1600 Θεὸς
2621 1537 2888 1607 Ἀϐραὰμ,
2927 1539 3016 1589 καὶ
3046 1535 3452 1598 ὁτΘεὸςἸσαάκ.
3486 1534 3574 1587 καὶ
3598 1535 3625 1585 6
3647 1533 3777 1595 Θεὸς
3796 1531 3988 1583 Ἰακώϐ
4013 1547 4028 1593 ;

2440 1632 2540 1683 οὐκ
2574 1632 2719 1681 ἔστιν
2742 1633 2769 1682 6
2799 1630 2951 1693 Θεὸς,
3007 1629 3140 1690 Θεὸς
3195 1627 3425 1697 νεκρῶν,
3459 1625 3594 1678 ἁλλά
3649 1624 3888 1688 ζώντων.
3922 1623 4029 1675 Καὶ

2442 1725 2776 1784 ἀκούσαντες
2809 1724 2857 1774 oi
2898 1722 3068 1791 δχλοι,
3131 1720 3528 1787 ἐξεπλήσσοντο
3577 1718 3668 1768 ἐπὶ
3721 1720 3786 1786 τῇ
3837 1717 4026 1786 διδαχῇ

2445 1814 2632 1867 αὑτοῦ.
2655 1833 2672 1863 ι
2704 1814 2981 1865 Δείκνυσιν
3005 1815 3032 1865 ὁ
3061 1813 3271 1880 Σωτὴρ.
3294 1813 3376 1862 ὅτι
3406 1811 3498 1862 καὶ
3523 1809 3822 1870 ἀνάστασις
3849 1808 4023 1869 ἔσται,

758 1887 1053 1949 carmilem,
1095 1897 1148 1937 ut
1193 1897 1398 1945 errant,
1434 1887 1526 1938 sed
1557 1886 1881 1937 divmiorem
1914 1892 1967 1936 et
1993 1883 2330 1951 spiritualio-
2368 1870 2408 1927 Β

2403 1878 2408 1921 ί
2443 1907 2611 1959 καὶού
2643 1905 2867 1970 τοιαύτη
2893 1903 3132 1974 σαρκικὴ
3153 1904 3229 1964 ώς
3261 1901 3592 1962 πλανῶνται,
3619 1901 3750 1953 ἀλλά
3778 1902 4024 1970 θειοτέρα

761 1995 893 2032 rem.
935 1979 1072 2044 Quid
1119 1980 1282 2041 enim,
1343 1979 1533 2047 inqtlil,
1589 1979 1820 2039 erratis,
1855 1978 2157 2031 nescientes
2191 1975 2335 2031 Suri-

761 2084 971 2140 pturas,
1022 2080 1077 2124 et
1121 2071 1226 2122 vim
1273 2069 1415 2123 Dei?
1464 2069 1594 2120 Dium
1650 2069 1692 2121 si
1746 2067 2052 2133 St'riptut'as
2099 2069 2333 2134 sciretis,

760 2163 1057 2216 crederetis
1086 2162 1269 2228 utique
1295 2160 1458 2212 Deum
1489 2172 1746 2212 nonesse
1781 2159 1945 2212 Deum
1977 2173 2333 2223 mortuorum,

760 2255 856 2306 sed
896 2253 1218 2304 viventium.
1252 2251 1401 2316 Quod
1441 2251 1484 2303 si
1527 2252 1776 2304 virtutem
1819 2252 1909 2314 Dei
1960 2256 2193 2316 sciretis,
2245 2269 2334 2305 co-

761 2344 1098 2412 gnoscirretis
1153 2343 1337 2410 utique
1372 2343 1477 2395 Deo
1525 2345 1703 2396 omnia
1763 2358 1906 2399 esse.
1945 2342 2246 2412 possibllta,
2281 2355 2334 2398 et

758 2448 915 2504 posse
951 2434 1112 2486 Deum
1155 2433 1336 2488 facere
1370 2444 1426 2485 ut
1464 2435 1712 2487 homines
1754 2437 1938 2487 \it'ant
1972 2439 2109 2489 sicut
2135 2438 2330 2505 angeli.

761 2521 892 2577 Vide
949 2532 1127 2575 autem
1185 2523 1508 2591 sapientiam
1568 2524 1800 2578 Domini.
1855 2523 1933 2578 Illi
1994 2542 2087 2594 per
2150 2525 2333 2581 Mosen

759 2616 1097 2668 conabantur
1141 2617 1331 2684 dogma
1367 2616 1432 2669 de
1473 2617 1875 2670 resurrectione
1916 2614 2253 2683 subvertere,
2283 2632 2337 2672 et

759 2704 1022 2759 Dominus
1075 2721 1168 2773 per
1221 2704 1403 2759 Mosen
1461 2707 1566 2762 illis
1613 2707 1804 2761 iterum
1858 2713 2166 2779 persuadet.
2225 2711 2335 2780 Ego

761 2796 906 2847 enim
934 2806 1076 2855 sum,
1108 2794 1302 2860 inquit,
1352 2792 1491 2847 Deus
1524 2793 1820 2860 Abraham,
1867 2807 1921 2850 et
1953 2795 2127 2860 isaac,
2161 2809 2209 2851 et
2245 2799 2336 2851 Ja-

763 2883 886 2936 cob.
926 2882 1037 2937 Hoc
1083 2895 1260 2936 autem
1315 2887 1493 2938 dicere
1519 2886 1625 2937 vult
1657 2905 1667 2937 :
1703 2887 1842 2941 Deus
1874 2903 1979 2942 non
2026 2901 2106 2942 cst
2148 2903 2333 2943 eorum

759 2972 904 3028 Deus
938 2978 1028 3042 qui
1063 2991 1167 3026 non
1208 2985 1354 3038 sunt,
1392 2979 1483 3029 sed
1511 2979 1598 3045 qui
1632 2980 1934 3032 Sttbb‘islttnl
1962 2992 2016 3035 et
2060 2991 2208 3034 sunt.
2235 2980 2336 3035 Ne-

760 3079 866 3133 que
915 3066 1056 3118 enitn
1105 3067 1261 3129 dixit,
1308 3067 1458 3135 121
1497 3068 1606 3136 Ego
1648 3083 1816 3132 eram,
1850 3073 1968 3135 sed,
2004 3071 2156 3124 Sum.
2201 3069 2332 3123 Nam

762 3157 1011 3222 quamvis
1068 3159 1264 3209 mortui
1319 3160 1465 3220 sint,
1523 3174 1618 3226 spe
1676 3173 1850 3215 tamen
1919 3164 2334 3216 resurrectionis

763 3247 973 3300 vivunt.
1006 3248 1310 3315 Interrogas
1348 3259 1548 3315 autem,
1575 3253 1858 3315 Quomodo
1896 3257 2057 3324 igitur
2089 3257 2194 3308 alio
2225 3256 2338 3309 loco
2367 3226 2411 3285 ε

765 3341 893 3394 dicit
922 3357 934 3393 :
965 3339 1294 3394 Mortuorum
1323 3355 1376 3394 ct
1408 3345 1701 3397 viventium
1739 3346 1996 3401 Dominus
2025 3359 2107 3401 cst
2132 3348 2153 3399 ?
2183 3347 2340 3400 Disce

761 3430 926 3500 igitur
957 3432 1112 3498 Quod
1141 3442 1380 3487 mortuos
1423 3435 1541 3488 illos
1575 3437 1682 3488 illic
1714 3439 1846 3489 dicit
1867 3420 2174 3493 ἰιυίιιιιριοε
2221 3439 2339 3506 qui-

761 3526 906 3584 dem,
941 3526 1178 3577 victuros
1219 3539 1396 3578 autem
1434 3544 1446 3579 :
1487 3527 1573 3580 hic
1606 3544 1729 3581 vero
1765 3530 2024 3583 Dominus
2054 3533 2339 3597 respondet

761 3615 954 3670 heresi
989 3615 1432 3682 Sadducworum,
1469 3623 1772 3674 docentium
1807 3637 1912 3674 non
1944 3639 2064 3674 esse
2100 3623 2335 3674 animam

759 3710 1143 3776 immortalem,
1197 3715 1290 3766 sed
1333 3729 1556 3792 omnino
1587 3716 1884 3784 corrumpi,
1937 3717 2126 3769 ἀίει-ηε
2172 3715 2334 3769 Deum

758 3817 868 3856 non
897 3819 1018 3857 esse
1047 3804 1212 3858 Deum
1254 3799 1623 3872 moriuorum,
1662 3810 1762 3876 hoc
1791 3819 1893 3872 est,
1928 3812 2064 3860 sicut
2113 3825 2205 3876 vos
2236 3823 2336 3875 pu-

760 3897 910 3957 tatis,
945 3897 1166 3950 omnino
1197 3909 1562 3966 peremittum,
1608 3902 1699 3952 sed
1751 3902 2065 3963 viventium,
2102 3902 2199 3955 hoc
2229 3914 2332 3966 est,

759 3987 1125 4042 immortalem
1160 3991 1475 4042 habentium
1525 3993 1788 4057 animam,
1831 4001 1884 4046 et
1919 3997 2334 4061 resurgentium,

757 4080 1207 4134 etianisi-mortui
1242 4081 1461 4137 fuerint.

829 4254 994 4309 Vens.
1029 4255 1220 4309 ’δέ-ἑο.
1292 4276 1308 4308 ι
1356 4255 1612 4312 Pharisazi
1647 4270 1829 4310 autem
1886 4277 2005 4313 cum
2059 4261 2339 4316 audissent

757 4349 902 4418 quod
933 4349 1206 4402 silentium
1239 4351 1583 4418 imposuisset
1605 4353 1939 4415 Sudduczeis,
1965 4367 2336 4409 convenerunt

759 4441 808 4492 lu
846 4456 1035 4502 unum,
1071 4453 1123 4493 et
1151 4445 1505 4508 interrogavit
1535 4459 1654 4497 eum
1693 4460 1832 4498 unus
1863 4461 1925 4498 ex
1953 4449 2030 4500 eis
2063 4449 2337 4516 logislator

757 4535 1046 4598 quispiam.
1084 4544 1298 4585 tentans
1329 4550 1471 4597 eum,
1509 4545 1561 4587 et
1603 4535 1828 4587 dicens:
1877 4535 2155 4608 Magister,
2192 4542 2333 4608 quod

757 4632 839 4673 est
881 4627 1189 4675 mandatum
1241 4638 1492 4691 magnum
1549 4626 1601 4677 in
1662 4626 1815 4694 lege?
1870 4632 1959 4680 Ait
2012 4629 2080 4680 ilIi
2135 4629 2331 4684 Jesus:

758 4711 956 4781 Diliges
1002 4713 1287 4767 Dominum
1350 4716 1514 4768 Deum
1574 4727 1718 4768 tuum
1757 4733 1824 4770 ex
1873 4727 1982 4770 toto
2018 4722 2179 4773 corde
2223 4733 2331 4785 tuo,

753 4816 808 4858 et
836 4804 885 4857 in
919 4815 1024 4858 tota
1061 4808 1237 4858 anima
1272 4813 1363 4858 tua
1390 4847 1403 4869 ,
1446 4817 1498 4859 et
1540 4808 1590 4860 in
1626 4819 1733 4860 tota
1771 4819 1947 4862 mente
1976 4820 2082 4862 tua.
2115 4811 2227 4866 lloc
2256 4822 2338 4867 est

751 4897 983 4966 primum
1016 4906 1069 4950 et
1114 4914 1363 4966 magnum
1396 4900 1728 4956 mandatum.
1773 4900 2079 4956 Secundum
2115 4915 2197 4958 est
2237 4921 2336 4957 au-

758 5003 863 5044 tem
915 4991 1089 5044 simile
1144 4994 1309 5045 huic:
1381 4993 1575 5063 Diliges
1631 4995 1941 5064 proximum
2000 5008 2147 5049 tuum
2200 4997 2340 5053 sicut

757 5085 1008 5152 teipsum.
1044 5084 1097 5136 lu
1139 5086 1221 5138 his
1249 5087 1391 5137 enim
1430 5086 1639 5139 duobus
1669 5089 1939 5142 mandatis
1969 5091 2221 5142 universa
2252 5095 2335 5145 lex

755 5187 809 5230 ct
844 5178 1115 5243 propheta:
1149 5178 1402 5243 pendent.
1440 5197 1454 5228 ι
1498 5176 1574 5230 Ex
1607 5177 1894 5232 immodica
1940 5180 2140 5234 invidia
2174 5197 2334 5236 accc-

753 5270 829 5323 dit
857 5279 1087 5323 teutaus.
1117 5271 1249 5335 Quia
1271 5274 1410 5325 enim
1437 5273 1680 5324 \itlcraut
1709 5273 2033 5328 Saddncaeos
2051 5276 2332 5344 confusos,

754 5351 1134 5418 etilandatutn
1175 5357 1456 5418 Dominum
1523 5370 1589 5419 0h
1650 5370 2010 5436 sapivntiam,
2067 5374 2335 5426 accedunt

757 5462 1032 5506 tentantes
1077 5453 1118 5506 si
1149 5468 1382 5523 apponat
1416 5457 1610 5523 aliquid
1649 5463 1901 5513 mandato
1941 5463 2144 5530 primo,
2179 5467 2329 5533 quasi

756 5545 930 5612 legem
961 5547 1253 5617 corrigens,
1293 5559 1348 5601 ut
1389 5550 1665 5603 inveniant
1700 5565 1883 5606 cuntra
1916 5557 2086 5624 ipsum
2121 5573 2330 5614 ansam.

758 5636 1018 5692 Dominus
1069 5649 1244 5694 autem
1295 5641 1580 5710 invulgans
1614 5659 1797 5698 eorum
1853 5651 2145 5714 malitiam,
2187 5656 2330 5720 quod

753 5744 861 5786 non
897 5731 964 5784 ad
1011 5732 1326 5788 discendum
1376 5737 1683 5799 venissent,
1739 5741 1832 5792 sed
1866 5744 2016 5796 t'aCui
2065 5747 2330 5802 charitate

751 5820 1030 5884 invideant
1072 5828 1249 5896 potius
1289 5837 1341 5883 et
1369 5831 1710 5898 aemulentur,
1743 5835 1980 5889 ostendit
2007 5837 2325 5895 charitatem

2445 1999 2536 2050 καὶ
2578 1998 3092 2067 πνευματικωτέρα.
3135 1997 3200 2049 Ὶ’ί
3228 1998 3359 2068 γὰρ,
3398 1999 3553 2068 φησὶ,
3617 1996 3917 2058 πλανᾶσθε,
3952 1998 4024 2065 μὴ

2447 2088 2647 2151 εἰδότες
2675 2091 2772 2150 τας
2800 2088 3028 2156 Γραφάς
3058 2087 3191 2158 μηδὲ
3222 2089 3321 2157 τὴν
3362 2089 3591 2158 δύναμιν
3621 2086 3715 2140 τοῦ
3747 2086 3919 2150 Θεοῦ;
3964 2085 4026 2138 Εἰ

2447 2178 2546 2244 μὲν
2571 2178 2680 2246 γάρ
2717 2176 2816 2239 τὰς
2841 2177 3061 2247 Γραφάς
3095 2179 3447 2245 ὲγινώσκετε,
3484 2176 3792 2247 ἠπίστασθε
3819 2178 3906 2242 ἂν,
3946 2176 4026 2229 ὅτι

2440 2268 2468 2319 ὁ
2501 2270 2632 2330 Θεὸς
2668 2269 2768 2320 οὐκ
2820 2268 2935 2320 ἔστι
2969 2269 3181 2338 νεκρῶν
3240 2269 3397 2332 Θεὸς,
3433 2268 3570 2322 ἀλλά
3600 2267 3819 2333 ζώντων
3853 2284 3868 2298 ⁶
3897 2269 3944 2321 εἰ
3971 2267 4026 2319 δὲ

2441 2357 2540 2427 τὴν
2563 2357 2794 2427 δύναμιν
2821 2359 2916 2412 τοῦ
2951 2359 3088 2413 Θεοῦ
3124 2361 3326 2431 ᾔδειτε,
3367 2359 3696 2429 ὲγινώσκετε
3717 2361 3801 2420 ἄν,
3838 2361 3920 2413 ὅτι
3948 2361 4027 2429 τῷ

2443 2450 2563 2520 Θεῷ
2624 2451 2800 2504 πάντα
2843 2451 3068 2515 δυνατὰ,
3127 2452 3268 2505 ὥστε
3300 2454 3554 2516 καὶτοὺς
3599 2452 3923 2522 ἀνθρώπους
3954 2452 4028 2514 ὡς

2444 2543 2712 2609 ἀγγέλους
2751 2544 2975 2612 ποιῆσαι
3010 2545 3417 2600 πολιτεύεσθαι.
3454 2547 3593 2613 Ὅρα
3614 2544 3669 2597 δὲ
3697 2544 3797 2614 τὴν
3834 2545 4027 2614 σοφίαν

2441 2632 2535 2686 τοῦ
2590 2634 2795 2704 Κυρίου
2831 2651 2844 2666 ⁸
2896 2637 3092 2688 ἐκεῖνοι
3121 2637 3227 2688 ἀπὸ
3258 2637 3351 2689 τοῦ
3409 2638 3652 2700 Μωσέως
3694 2637 4029 2701 ἐσπούδαζον

2445 2726 2778 2793 περιτρέψαι
2801 2725 2862 2778 τὸ
2895 2727 2991 2795 τῆς
3012 2728 3364 2789 ἀναστάσεως
3391 2729 3588 2798 δόγμα,
3618 2731 3712 2783 καὶ
3733 2724 3894 2791 οὗτος
3924 2732 4031 2782 ἀπὸ

2443 2817 2540 2869 τοῦ
2603 2819 2849 2880 Μωσέως
2899 2818 3060 2872 πάλιν
3103 2820 3282 2872 πείθει
3313 2821 3535 2882 αὐτούς.
3577 2819 3719 2891 Ἐγὼ
3740 2823 3851 2892 γὰρ
3888 2821 4026 2890 ειμι,

2443 2915 2626 2978 φησιν,
2653 2912 2681 2962 6
2711 2911 2836 2974 Θεὸς
2880 2912 3147 2982 Ἀϐραὰμ,
3187 2915 3281 2965 καὶ
3318 2915 3526 2977 Ίσαάκ,
3584 2916 3680 2966 καὶ
3745 2912 3964 2966 Ἰακώϐ·
3998 2911 4028 2966 δ

2441 3003 2497 3053 δὲ
2525 3001 2674 3068 λέγει
2725 3003 2968 3055 τοιοῦτόν
3033 3007 3181 3057 ἐστιν
3204 3020 3218 3033 °
3263 3005 3324 3058 Ὀ
3356 3005 3488 3066 Θεὸς
3518 3006 3617 3058 οὐκ
3659 3004 3775 3057 ἔστι
3809 3004 3920 3058 τιῖιν
3953 3005 4029 3074 μὴ

2442 3091 2611 3144 ὄντων
2638 3091 2791 3156 Θεὸς,
2842 3093 2976 3144 ἀλλὰ
3002 3093 3111 3144 τῶν
3138 3094 3526 3162 ὑφισταμένων
3553 3097 3647 3147 καὶ
3674 3095 3843 3148 ὄντων
3864 3112 3877 3124 ·
3905 3095 4028 3148 οὐδὲ

2443 3182 2549 3252 γὰρ
2579 3179 2749 3235 εἷπεψ
2797 3185 2936 3250 Ἐγὼ
2967 3185 3137 3254 ήμην,
3182 3185 3319 3251 ἀλλ’,
3352 3187 3500 3254 Elui.
3526 3187 3732 3256 ⁵Εἰγάρ
3770 3187 3866 3240 καὶ
3915 3189 4023 3241 ὲτεσ

2442 3276 2733 3342 λεύτησαν,
2793 3276 2926 3329 ἀλλά
2953 3280 3019 3346 τῇ
3044 3276 3217 3329 ἐλπίδι
3277 3276 3376 3343 τῆς
3429 3277 3782 3340 ἀναστάσεως
3839 3277 4024 3341 ζῶσιν.

2455 3366 2596 3418 Ἀλλ’
2648 3368 2878 3436 ἐρωτᾷς,
2950 3369 3075 3431 Πῶς
3128 3367 3219 3421 οὖν
3276 3369 3510 3436 ἀλλαχοῦ
3567 3387 3752 3439 φησιν,
3803 3371 3885 3423 ὅτι
3935 3369 4032 3424 καὶ

2441 3457 2650 3527 νεκρῶν
2704 3462 2795 3510 και
2847 3459 3068 3522 ζώντων
3109 3460 3391 3530 κυριεύει;
3427 3461 3583 3514 Μάθε
3609 3462 3791 3513 τοίνυν
3822 3462 3904 3514 ὅτι
3939 3479 4027 3514 νε-

2441 3551 2605 3617 κροὺς
2638 3551 2754 3602 ἐκεῖ
2783 3549 2929 3616 λέγει
2978 3552 3102 3614 τοὺς
3152 3551 3526 3614 ἀποθανόντας
3571 3555 3691 3622 μὲν,
3734 3553 4028 3622 μέλλοντας

2438 3641 2492 3694 δὲ
2523 3640 2808 3711 ζήσεσθαι.
2849 3642 3117 3696 Ἐνταῦθα
3139 3644 3193 3696 δὲ
3223 3645 3250 3697 ὀ
3282 3644 3487 3715 Κύριος
3521 3646 3660 3714 πρὸς
3693 3647 3792 3715 τὴν
3813 3647 4061 3717 αἵρεσιν,

2439 3732 2548 3782 τών
2591 3731 2966 3783 Σαδδουκαίων
3034 3733 3412 3801 ἐνιστάμενος,
3461 3736 3904 3803 δογματιξόντων
3954 3733 4028 3806 μὴ

2440 3818 2579 3874 εἶναι
2634 3822 2734 3892 τὴν
2796 3823 2976 3892 ψυχὴν
3027 3824 3318 3889 ἀθάνατον,
3347 3826 3482 3878 ἀλλά
3505 3829 3682 3896 πάντη
3717 3829 4030 3899 διαφθείρε-

2440 3912 2585 3979 σθαι,
2637 3931 2802 3983 ιρησιν
2841 3915 2923 3966 ὅτι
2959 3915 3059 3966 οὐκ
3091 3915 3237 3968 ἐστιν
3277 3920 3305 3969 6
3327 3917 3458 3980 Θεὸς
3493 3919 3724 3988 νεκρῶν,
3757 3922 4030 3983 τουτέστι,

2440 4006 2548 4055 τῶν
2578 4005 2652 4068 ὡς
2703 4006 2831 4073 ὑμῖν
2863 4006 3011 4059 δοκεῖ
3044 4007 3518 4078 διαφθειρομένων
3550 4010 3858 4074 παντελῶς,
3885 4011 4030 4081 ῥλλά

2439 4097 2545 4147 τών
2571 4095 2810 4161 ζώντων,
2839 4099 3088 4152 τουτέστι
3141 4099 3249 4152 τῶν
3305 4102 3575 4154 ἀθάνατον
3631 4104 3866 4171 ἐχόντων
3922 4105 4024 4168 τὴν

2440 4189 2642 4257 ψυχὴν,
2680 4191 2774 4240 καὶ
2807 4191 3290 4260 ἀναστησομένων,
3313 4196 3361 4246 εί
3398 4196 3490 4246 καὶ
3520 4193 3615 4248 νῦν
3645 4195 3831 4266 νεκροί
3861 4197 4029 4254 εἰσιν,

2517 4297 2533 4328 ι
2573 4280 2635 4330 Ui
2669 4279 2725 4331 δὲ
2780 4282 3065 4350 Φαρισαῖοι
3119 4284 3453 4346 ἀκούσαντες
3487 4286 3568 4337 ὅτι
3617 4287 3865 4354 ὲφίμωσε
3899 4290 4029 4350 τοὺς

2441 4373 2860 4439 Σαδδουκαίους,
2895 4377 3244 4446 συνήχθησαν
3268 4379 3359 4431 ἐπὶ
3397 4379 3457 4431 τὸ
3491 4380 3646 4443 αὐτὸ,
3684 4385 3777 4434 καὶ
3803 4379 4029 4450 ὲπηρώο

2440 4479 2601 4531 τησεν
2637 4458 2715 4524 εἷς
2754 4463 2814 4528 ἐξ
2866 4467 3045 4518 αὐτῶν
3098 4469 3343 4537 νομικὸς,
3386 4472 3663 4539 πειράζων
3717 4474 3900 4535 αὑτὸν,
3939 4476 4032 4525 καὶ

2368 4578 2414 4636 D
2440 4553 2648 4620 λέγων’
2687 4557 3012 4620 Διδάσκαλε,
3038 4561 3166 4612 ποία
3190 4561 3379 4630 ἐντολὴ
3406 4563 3617 4632 μεγάλη
3649 4567 3705 4617 ἐν
3736 4564 3812 4632 τῷ
3844 4566 4029 4632 νόμως

2450 4646 2510 4700 Ὀ
2538 4647 2594 4699 δὲ
2628 4649 2837 4716 Ἰησοῦς
2863 4652 2962 4718 ἔφη
2993 4653 3140 4720 αὐτῷ
3162 4669 3173 4682 ο
3209 4655 3542 4721 Ἀγαπήσεις
3563 4654 3767 4724 Κύριον
3790 4655 3881 4708 τὸν
3899 4657 4031 4710 Θεόν

2444 4755 2536 4788 σου
2576 4740 2631 4788 ὲν
2675 4739 2774 4811 ὅλῃ
2807 4744 2872 4810 τῇ
2917 4742 3117 4818 καρδία
3151 4760 3265 4806 σου,
3299 4744 3395 4796 καὶ
3431 4746 3487 4796 ὲν
3515 4745 3612 4817 ὅλῃ
3631 4749 3699 4816 τῇ
3736 4747 3879 4817 ψυχῇ
3910 4761 4026 4808 σου,

2444 4831 2539 4881 καὶ
2571 4831 2625 4882 ὲν
2666 4831 2760 4900 ὅλῃ
2815 4834 2880 4902 τῇ
2938 4832 3146 4905 διανοίᾳ
3177 4851 3269 4887 σου
3295 4850 3307 4863 ·
3362 4833 3504 4906 αὕτη
3535 4838 3653 4889 ἐστὶ
3690 4837 3882 4908 πρώτη
3934 4839 4030 4890 καὶ

2446 4922 2656 4992 μεγάλη
2686 4923 2873 4994 ἐντολή
2900 4941 2912 4955 ·
2943 4925 3171 4995 δευτέρα
3195 4929 3272 4990 δὲ,
3293 4931 3452 4998 ὁμοία
3481 4931 3618 5000 αὐτῇ
3642 4946 3656 4960 ο
3693 4931 4025 5000 Ἀγαπήσει,

2441 5014 2532 5064 τὸν
2562 5015 2793 5083 πλησίον
2828 5033 2921 5068 σου
2954 5016 3029 5081 ὡς
3056 5020 3302 5071 σεαυτόν.
3355 5020 3443 5073 Ἐν
3471 5021 3699 5083 ταύταις
3729 5025 3845 5082 ταῖς
3874 5023 4030 5074 δυσὶν

2443 5107 2713 5171 ἐντολαῖς,
2747 5110 2865 5171 ὅλος
2892 5113 2918 5161 ὁ
2951 5112 3111 5179 νόμος
3138 5116 3231 5165 καί
3267 5115 3313 5165 oi
3347 5115 3623 5184 προφῆται
3644 5119 3972 5185 κρέμανται.
4002 5135 4021 5166 ι

2456 5199 2548 5264 Ἐξ
2583 5201 2827 5270 ἀμέτρου
2889 5203 3088 5270 φθόνου
3140 5206 3425 5274 πρόσεισιν
3461 5209 3489 5259 6
3544 5207 3822 5276 πειράζων
3849 5225 3861 5237 ·
3905 5208 4028 5260 ἐπεὶ

2439 5292 2547 5362 γάρ
2582 5287 2725 5345 εἶδον
2776 5296 3276 5363 καταισχυνθέντας
3305 5302 3432 5362 τοὺς
3473 5300 3887 5361 Σαδδουκαίους.
3935 5305 4027 5352 καὶ

2437 5386 2834 5454 ἐπαινούμενον
2877 5389 2970 5442 τὸν
3004 5391 3207 5460 Κύριον
3265 5394 3358 5444 ἐπὶ
3417 5396 3482 5464 τῇ
3528 5397 3712 5464 σοςίᾳ,
3766 5395 4026 5464 προσίασι

2443 5478 2820 5546 πειράζοντες,
2851 5482 2900 5532 εί
2932 5484 3258 5552 προστίθησί
3291 5503 3341 5538 τι
3380 5488 3568 5558 ἐντολῇ
3608 5490 3671 5556 τῇ
3709 5486 3924 5557 πρώτη,
3950 5488 4026 5550 ὡς

2434 5569 2821 5640 διορθούμενος
2855 5575 2945 5626 τὸν
2978 5578 3161 5645 νόμον,
3187 5578 3273 5630 ἵνα
3307 5579 3511 5648 εὕρωσι
3554 5581 3725 5652 λαϐὴν
3759 5584 3877 5633 κατ’
3926 5583 4026 5635 εύ-

2436 5663 2552 5716 τοῦ.
2599 5664 2658 5715 Ὀ
2688 5665 2742 5717 δὲ
2783 5666 2986 5737 Κύριος
3041 5668 3382 5736 δημοσιεύων
3443 5673 3623 5725 αὐτῶν
3654 5675 3752 5742 τὴν
3801 5677 4019 5737 κακίαν,

2435 5755 2518 5807 ὅτι
2571 5758 2630 5808 οὐ
2662 5756 2747 5809 διὰ
2778 5760 2837 5810 τὸ
2866 5760 3059 5828 μαθεῖν
3108 5757 3294 5832 ἦλθον,
3331 5764 3447 5818 ἀλλ’
3479 5767 3609 5818 ἀπὸο
3643 5765 3734 5819 τοῦ
3762 5765 3836 5837 μὴ
3877 5768 4023 5835 ἔχειν

2438 5849 2684 5917 ἀγάπην,
2737 5850 2825 5903 διὰ
2857 5853 2914 5903 τὸ
2947 5853 3164 5920 φθονεῖν
3214 5855 3269 5908 δὲ
3299 5857 3499 5926 μᾶλλον
3530 5859 3621 5912 καὶ
3671 5860 4021 5929 ζηλοτυπεῖν,
