4298 6446
756 448 860 510 403

1602 438 2174 501 TIIEOPIIYLACTI
2214 436 2624 497 B'L'LGARLE
2664 435 3017 497 ARCHIEP.

3890 428 3995 492 404

756 582 879 618 num
919 564 1113 633 injuste
1141 570 1370 632 partum,
1426 566 1477 613 et
1530 561 1758 613 mundus
1793 559 1950 611 etiam
2005 557 2144 610 intus
2180 555 2315 610 calix
2350 560 2391 614 Α
2421 555 2453 609 ο

2294 573 2315 610 ι
2350 560 2391 614 Α
2421 553 2562 609 οἶνον
2605 555 2663 619 ἐξ
2697 556 2937 618 ἀδικίας,
2968 554 3061 606 καὶ
3106 552 3314 619 γίνεται
3350 547 3535 603 λοιπὸν
3574 549 3635 603 τὸ
3665 547 3870 602 ἔσωθεν
3897 548 3991 601 τοί

756 658 882 709 erit.
939 655 1030 708 Vel
1065 670 1166 707 non
1197 653 1261 707 de
1301 652 1559 707 calicibus
1594 660 1645 704 et
1682 650 1878 716 patinis
1932 648 2080 712 dicit,
2136 649 2228 701 sed
2255 650 2321 701 de

756 756 976 797 externa
1006 754 1058 796 et
1100 743 1363 812 corporali
1390 742 1721 803 habitudine,
1750 752 1802 793 et
1840 741 2046 792 interna
2080 750 2132 792 et
2158 740 2318 803 spiri-

756 836 904 888 tuali.
942 833 1017 886 Tu
1052 835 1217 897 enim,
1254 835 1445 903 inquit,
1478 834 1773 886 exteriores
1803 831 1975 900 poculi
1999 840 2196 898 partes,
2220 830 2320 882 hoc

753 937 831 980 est
878 908 1213 980 exteriorem
1266 927 1845 989 tuamhabitudinem,
1880 924 2059 985 tricas,
2097 933 2152 974 ut
2212 921 2322 975 ele-

752 1018 1028 1082 gantiores
1062 1019 1208 1070 sint:
1240 1019 1379 1069 intus
1417 1027 1591 1068 autem
1632 1026 1680 1068 te.
1710 1016 1898 1081 imples
1916 1016 2186 1075 sordibus,
2217 1014 2319 1066 hoc

750 1118 853 1170 est,
908 1108 1107 1174 rapinis
1132 1116 1182 1160 et
1220 1108 1411 1174 injuria
1447 1108 1578 1160 alios
1631 1105 1817 1160 allicis.
1868 1104 2093 1174 Oportet
2136 1115 2315 1156 autem

752 1210 801 1249 te
833 1200 974 1251 intus
998 1200 1321 1261 lavari,hoc
1362 1209 1444 1253 est
1469 1202 1517 1252 iu
1548 1202 1748 1259 anima,
1779 1210 1832 1251 ut
1867 1199 2096 1265 puritate
2125 1198 2317 1251 animm

748 1290 1128 1344 i-oltonesletur
1158 1300 1209 1344 et
1234 1294 1466 1345 eaterior
1503 1290 1751 1359 dignitas.

820 1462 981 1517 \‘cns.
1008 1466 1095 1527 27,
1128 1466 1215 1519 28.
1253 1485 1269 1516 ι
1310 1466 1394 1518 Vae
1426 1469 1598 1529 vobis,
1632 1466 1832 1521 Scriba:
1858 1476 1909 1520 et
1932 1466 2186 1520 Pharismi
2217 1469 2315 1538 hy-

746 1558 988 1623 pocrite,
1023 1558 1141 1623 quia
1180 1558 1383 1612 similes
1417 1559 1547 1612 estis
1577 1560 1837 1626 sepulcris
1877 1560 2159 1619 dealbatis,
2197 1574 2314 1626 tum

748 1577 988 1623 puerile,
1023 1577 1141 1623 qlllﬂ
1180 1577 1383 1612 slmues
1417 1577 1547 1612 esus
1577 1577 1837 1626 sepulcris
1877 1577 2159 1619 oeatnatts,
2232 1577 2311 1612 ltzn

748 1648 879 1701 foris
910 1649 1124 1716 quidem
1162 1660 1422 1717 apparent
1448 1652 1715 1718 speciosa,
1767 1652 1909 1705 intus
1938 1661 2113 1704 autem
2156 1577 2311 1720 pikua

747 1748 871 1792 sunt
930 1742 1143 1794 ossibus
1200 1751 1531 1794 mortuorum
1580 1743 1837 1809 Omnique
1879 1745 2131 1811 spurcitia
2172 1762 2183 1794 :
2237 1745 2314 1795 sic

746 1839 797 1881 et
829 1844 919 1882 vos
958 1829 1086 1883 foris
1116 1830 1327 1899 quidem
1351 1834 1617 1899 apparetis
1643 1834 1950 1887 hominibus
1981 1835 2130 1903 justi,
2171 1835 2313 1888 intus

744 1932 922 1975 autem
966 1922 1105 1991 pleni
1155 1924 1282 1978 estis
1326 1924 1541 1978 ﬁetione
1590 1936 1643 1978 et
1685 1926 1993 1993 iniquitate.
2036 1946 2055 1977 ι
2101 1928 2161 1979 Et
2202 1929 2313 1981 hrec

743 2013 1000 2081 parabola
1034 2015 1285 2069 similiter
1314 2017 1625 2085 intelligitur
1663 2028 1716 2070 ut
1747 2018 2075 2086 praecedens.
2109 2020 2315 2074 Dabaut

741 2104 885 2159 enim
910 2120 1125 2173 operam
1161 2116 1215 2159 ut
1246 2109 1500 2163 exteriori
1524 2108 1833 2163 habitudine
1868 2109 2046 2163 decori
2073 2111 2313 2164 videreu-

743 2209 850 2258 tur.
880 2200 1019 2253 sicut
1045 2199 1291 2268 sepulcra
1330 2201 1595 2263 dealbata,
1642 2203 1691 2255 id
1723 2211 1802 2256 est
1830 2217 1997 2271 gypso
2018 2216 2074 2256 et
2096 2204 2314 2257 ashesto

741 2289 1011 2353 dealbata,
1051 2291 1193 2345 intus
1224 2302 1399 2345 autem
1431 2294 1577 2347 muni
1610 2304 1661 2346 et
1692 2302 2023 2347 mortuorum
2055 2305 2106 2349 et
2142 2296 2314 2365 putri-

741 2378 932 2433 dorum
964 2394 1184 2447 operum
1217 2381 1556 2437 immunditia
1588 2394 1743 2437 erant
1770 2384 1934 2452 pleni.

817 2556 979 2611 Vens.
1003 2558 1198 2611 29-3l.
1233 2577 1250 2610 ι
1281 2557 1370 2612 Vae
1403 2560 1573 2625 vobis,
1607 2561 1811 2617 Scribat
1833 2574 1886 2617 et
1919 2560 2174 2616 Pharisaai
2212 2565 2309 2633 hy-

740 2654 981 2723 pocritte,
1008 2654 1162 2723 127
1189 2654 1308 2722 quia
1334 2654 1613 2709 atdilleatis
1640 2656 1882 2723 sepulcra
1908 2657 2309 2725 prephetarnm,

739 2761 792 2803 et
826 2749 1032 2802 ornatis
1058 2748 1712 2815 monumentajustorum,
1744 2764 1806 2803 ac
1838 2748 2013 2803 dicitis
2043 2768 2054 2802 :
2095 2749 2148 2803 Si
2182 2750 2313 2803 ruis-

738 2852 922 2892 semus
959 2838 1009 2891 in
1041 2838 1227 2893 diebus
1271 2846 1481 2903 patrum
1528 2848 1857 2901 nostrorum,
1892 2854 1993 2891 non
2026 2840 2313 2892 fuissemus

739 2929 875 2982 socii
912 2943 1095 2981 eorum
1129 2928 1177 2979 in
1208 2929 1470 2995 sanguine
1500 2928 1910 2995 prOphetarum.
1947 2928 2129 2995 Itaque
2162 2929 2312 2982 testi-

738 3020 921 3073 monio
951 3021 1079 3073 estis
1108 3018 1531 3087 t'oliismetipsis,
1556 3020 1698 3087 quod
1742 3019 1832 3072 ﬁlii
1855 3019 1974 3073 sitis
2003 3035 2186 3073 eorum
2224 3021 2310 3088 qui

740 3111 1034 3178 prophetas
1091 3110 1427 3164 occiderunt.
1470 3129 1488 3162 ι
1550 3108 1775 3163 Miseros
1831 3110 1962 3163 dicit
2013 3110 2155 3176 illos,
2208 3126 2311 3164 non

2422 647 2682 716 ποτηρίου
2711 646 2952 716 καθαρόν
2974 662 2986 674 ·
3018 645 3049 713 ἢ
3082 644 3142 696 οὐ
3170 644 3295 713 περὶ
3319 643 3594 711 ποτηρίων
3625 642 3721 694 καὶ
3744 640 3978 693 πινάκω·

2421 744 2599 810 λέγει,
2639 742 2772 794 ἁλλά
2808 742 2933 811 περὶ
2966 740 3064 809 τῆς
3098 736 3415 806 σωματικῆς
3459 736 3550 787 καὶ
3583 736 3689 801 ἔξω
3724 733 3971 787 καταστά

2422 853 2557 897 σεως
2580 877 2592 897 ,
2624 836 2716 885 καὶ
2762 834 2858 902 τῆς
2890 832 2998 884 ἔσω
3032 832 3125 883 καὶ
3159 828 3553 895 πνευματικῆς.
3597 827 3668 878 Σὺ
3706 827 3804 894 μὲν
3851 824 3992 894 γὰρ,

2421 929 2580 996 φησὶ,
2628 926 2688 978 τὸ
2730 925 2834 989 ἔξω
2863 924 2955 976 τοῦ
2975 922 3275 991 ποτηρίου,
3334 920 3577 971 τουτέστι
3626 917 3723 986 τὴν
3757 918 3859 983 ἔξω
3899 932 3992 968 σου

2420 1019 2785 1080 κατάστασιν,
2830 1012 3185 1085 σχηματίζεις
3219 1013 3297 1073 εἰς
3329 1012 3389 1063 τὸ
3415 1009 3990 1079 σεμνοπρεπέστερον,

2417 1114 2478 1166 τὸ
2503 1113 2557 1165 δὲ
2597 1112 2702 1164 ἔσω
2745 1128 2836 1163 σου
2870 1109 3029 1177 γέμει
3064 1107 3268 1179 ῥύπου·
3301 1106 3569 1174 ἀρπάζεις
3603 1104 3711 1171 γὰρ
3741 1104 3837 1155 καί
3882 1101 3994 1154 sat-

2418 1207 2553 1265 κείς.
2608 1206 2697 1254 Δεῖ
2740 1202 2793 1253 δὲ
2832 1200 2900 1253 τὰ
2934 1199 3041 1251 ἔσω
3076 1198 3316 1258 πλύνειν,
3354 1196 3594 1247 τουτέστι
3652 1192 3749 1257 τὴν
3794 1191 3991 1258 ψυχὴν.

2419 1298 2505 1348 ἵνα
2547 1297 2615 1363 τῇ
2660 1293 2995 1359 καθαρότητι
3053 1289 3149 1355 τῆς
3193 1286 3372 1356 ψυχῆς
3429 1282 3783 1351 συνεκλάμῷῃ
3828 1282 3918 1332 καὶ
3958 1282 3989 1347 ἡ

2417 1387 2615 1453 ἔξωθεν
2648 1384 3074 1452 σεμνοπρέπεια.

2493 1498 2511 1529 ι
2557 1478 2695 1529 Οὐαὶ
2733 1476 2881 1543 ὑμῖν,
2928 1472 3280 1539 Γραμματεῖς
3324 1468 3417 1520 καὶ
3447 1468 3726 1538 Φαρισαῖοι
3766 1464 3992 1531 ὑποκρι-

2416 1570 2523 1633 ταὶ,
2558 1569 2641 1621 ὅτι
2674 1566 3074 1635 παρομοιάζετε
3112 1563 3305 1628 τάφοις
3341 1556 3766 1625 κεκονιαμένοις,
3798 1555 3993 1615 οἵτινες

2416 1661 2613 1725 ἔξωθεν
2654 1659 2752 1728 μὲν
2792 1657 3071 1723 φαίνονται
3110 1654 3330 1723 ὡραῖοι,
3378 1651 3579 1703 ἔσωθεν
3627 1648 3682 1700 δὲ
3731 1648 3993 1714 γέμουσιν

2414 1754 2615 1805 ὀστέων
2659 1749 2870 1818 νεκρῶν
2896 1789 2909 1807 ,
2960 1749 3050 1799 καὶ
3082 1746 3259 1812 πάσης
3296 1742 3671 1810 ἀκαθαρσίας·
3721 1737 3863 1790 οὕτω
3898 1738 3992 1787 καὶ

2416 1845 2595 1913 ὑμεῖς,
2628 1843 2827 1907 ἔξωθεν
2866 1840 2963 1909 μὲν
2996 1838 3249 1905 φαίνεσθε
3288 1838 3400 1896 τοῖς
3436 1832 3741 1903 ἀνθρώποις
3767 1831 3989 1889 δίκαιοι,

2418 1935 2618 1987 ἔσωθεν
2648 1933 2703 1985 δὲ
2752 1931 2941 2001 μεστοί
2989 1932 3111 1981 ἐστε
3162 1927 3502 1995 ὑποκρίσεως
3546 1925 3639 1975 καὶ
3671 1921 3924 1991 ἀνομίας.
3968 1937 3986 1969 ι

2415 2028 2523 2079 Καὶ
2569 2023 2706 2093 α’ὑτη
2768 2026 2800 2092 ἡ
2857 2021 3139 2091 παραϐολὴ
3178 2018 3383 2083 ὁμοίως
3435 2019 3633 2068 νοεῖται
3676 2015 3741 2082 τῇ
3793 2011 3997 2081 προλα-

2417 2120 2615 2189 ϐούση·
2650 2116 2977 2179 ἐσπούδαζον
3010 2114 3119 2182 γὰρ
3150 2114 3248 2179 τὴν
3289 2111 3388 2179 μὲν
3429 2109 3626 2173 ἔξωθεν
3662 2106 3995 2157 κατάστασιν

2418 2212 2603 2280 σεμνοὶ
2633 2208 2916 2278 φαίνεσθαι
2945 2248 2957 2268 ,
2999 2206 3188 2275 ὥσπερ
3222 2207 3269 2255 οἱ
3308 2204 3466 2271 τάφοι
3497 2202 3546 2254 oi
3582 2196 3992 2265 κεκονιαμένοι,

2414 2303 2659 2355 τουτέστι
2715 2304 2779 2371 τῇ
2814 2300 2969 2369 γύψῳ
3001 2299 3095 2351 καὶ
3135 2300 3200 2366 τῇ
3251 2294 3501 2364 ἀσϐέστῳ
3544 2287 3992 2357 λελευκασμένοι·

2413 2395 2482 2447 τὰ
2513 2395 2567 2447 δὲ
2623 2394 2731 2447 ἔσω
2768 2395 2943 2460 πάσης
2975 2389 3319 2459 ἀκαθαρσίας
3358 2386 3451 2439 καὶ
3476 2384 3684 2454 νεκρῶν
3716 2382 3810 2435 καὶ
3837 2395 3999 2449 σεσηο

2417 2489 2593 2541 πότων
2623 2488 2799 2558 ἔργων
2828 2482 2968 2555 ἦσαν
3000 2484 3250 2553 πλήρεις.

2491 2599 2508 2632 ι
2538 2580 2672 2633 Οὑαί
2698 2579 2848 2647 ὑμῖν,
2868 2576 3220 2645 Γραμματεῖς
3248 2572 3342 2625 καὶ
3372 2571 3654 2642 Φαρισαῖοι
3680 2564 3996 2629 ὑποκριταὶ,

2414 2676 2495 2728 ὅτι
2531 2672 2862 2742 οἰκοδομεῖτε
2898 2671 3024 2731 τοὺς
3052 2668 3256 2734 τάφους
3290 2665 3397 2717 τῶν
3429 2660 3745 2733 προφητῶν,
3783 2659 3875 2711 καὶ
3904 2675 3994 2709 κο-

2418 2770 2601 2834 σμεῖτε
2653 2764 2720 2817 τὰ
2780 2764 3019 2833 μνημεῖα
3064 2761 3172 2813 τῶν
3202 2758 3460 2818 δικαίων,
3503 2755 3595 2807 καὶ
3639 2752 3825 2818 λέγετε
3870 2767 3884 2781 ο
3932 2748 3995 2799 Εἰ

2414 2855 2555 2928 ἦμεν
2600 2858 2656 2910 ὲν
2694 2859 2813 2915 ταῖς
2845 2855 3080 2924 ἡμέραις
3128 2853 3236 2905 τῶν
3267 2850 3519 2919 πατέρων
3560 2847 3751 2916 ἡμῶν,
3794 2848 3891 2898 οὑκ
3932 2842 4001 2895 ἀν

2416 2944 2558 3017 ἦμεν
2589 2945 2834 2999 κοινωνοὶ
2876 2944 3056 2997 αὑτῶν
3092 2944 3150 2995 ἐν
3192 2941 3271 3010 τῷ
3303 2941 3495 3008 αἵματι
3533 2938 3642 2988 τῶν
3681 2935 3997 3004 προφητῶν.

2421 3038 2583 3091 Ὥστε
2618 3037 2947 3107 μαρτυρεῖτε
2999 3034 3213 3095 ἑαυτοῖς
3257 3032 3337 3083 ὅτι
3375 3030 3479 3082 uio!
3514 3031 3633 3080 ἐστε
3671 3027 3776 3078 τῶν
3810 3042 4001 3093 φονευ-

2420 3133 2627 3184 σάντων
2666 3131 2791 3190 τοὺς
2821 3128 3129 3196 προφήτας.
3176 3143 3194 3175 ι
3233 3120 3523 3183 Ταλανίζει
3559 3118 3753 3179 αὐτοὺς
3778 3118 3875 3186 οὑχ
3915 3118 3999 3169 ὅτι

738 3202 881 3266 quod
925 3201 1169 3268 sepulcra
1237 3201 1507 3254 aedificant
1558 3202 1939 3269 prophetarum
1982 3202 2109 3269 (hoc
2162 3200 2307 3255 enim
2336 3233 2379 3295 C
2415 3240 2435 3274 ε

2303 3221 2307 3253 ¹
2336 3233 2379 3295 C
2415 3219 2752 3290 οἰκοδομοῦσι
2790 3219 2915 3279 τοὺς
2954 3218 3155 3284 τάφους
3187 3214 3295 3268 τῶν
3337 3213 3659 3283 προφητῶνσ
3692 3210 3851 3262 τοῦτο
3889 3207 4000 3275 γὰρ

740 3290 852 3348 Deo
885 3290 1145 3362 gratum),
1173 3293 1265 3345 sed
1300 3294 1421 3361 quia
1446 3292 1513 3345 ita
1542 3293 1887 3359 simulabant,
1908 3301 1959 3347 et
1980 3301 2158 3362 patres
2182 3306 2311 3348 suos

738 3385 1193 3451 condemnabam,
1215 3384 1502 3440 deteriores
1521 3387 1623 3439 illis
1640 3389 1983 3449 exsistentes,
2004 3386 2313 3456 malitiaque

737 3493 831 3531 eos
880 3477 1204 3533 excellentes
1246 3478 1643 3532 mentiebantur
1692 3478 1999 3542 manifeste,
2082 3478 2206 3547 quia
2259 3477 2311 3533 Si

737 3571 1029 3626 fuissemus
1084 3572 1135 3625 in
1185 3570 1372 3625 diebus
1422 3581 1633 3640 patrum
1686 3580 2016 3633 nostrorum,
2074 3585 2178 3624 non
2225 3586 2315 3624 oc-

739 3664 1067 3718 cidissemus
1119 3664 1463 3733 prophetas:
1524 3664 1625 3732 ipsi
1698 3667 1843 3718 enim
1927 3664 2309 3732 prophetarum

738 3755 1027 3810 Dominum
1090 3757 1260 3810 rabidi
1321 3758 1567 3813 occidere
1628 3757 1936 3827 cupiebant.
1998 3756 2204 3811 Idcirco
2256 3765 2307 3810 et

735 3846 866 3898 dicit
899 3864 915 3898 ι

809 3934 972 3991 Vens.
1003 3938 1095 3999 32,
1127 3938 1216 3992 55.
1264 3958 1281 3989 ι
1312 3920 1433 3991 ’νος
1482 3953 1694 4008 quoque
1728 3940 1944 4009 implete
2003 3956 2305 3995 mensuram

733 4041 947 4099 patrum
991 4040 1308 4087 vestrorum.
1334 4031 1643 4100 Serpentes,
1674 4035 1957 4104 progenies
1982 4034 2306 4101 viperarum,

735 4124 1008 4188 quomodo
1040 4122 1307 4191 etl‘ugietis
1333 4125 1591 4193 judicium
1635 4126 1936 4193 gehennae?
1974 4144 1991 4175 ι
2042 4122 2156 4178 Non
2202 4126 2305 4178 im—

734 4225 911 4278 perat,
973 4224 1062 4266 aut
1098 4216 1368 4282 compellit
1418 4216 1537 4270 illos
1578 4226 1631 4269 ut
1668 4232 1726 4270 se
1782 4218 2049 4278 occidant,
2098 4218 2302 4282 dicens,

734 4303 957 4374 implete
994 4316 1043 4359 et
1095 4320 1186 4359 vos
1235 4323 1541 4361 mensuram
1585 4319 1795 4375 patrum
1823 4322 2124 4364 vestrorum
2166 4330 2177 4364 :
2215 4312 2308 4365 sed

733 4396 834 4448 hoc
868 4404 947 4449 est
981 4396 1123 4463 quod
1159 4395 1481 4462 dicitzouia
1527 4409 1805 4467 Serpentes
1850 4402 2000 4458 estis.
2036 4409 2089 4453 et
2120 4400 2302 4455 talium

732 4496 947 4551 patrum
1008 4488 1322 4554 progenies,
1372 4497 1426 4541 et
1470 4489 1521 4541 in
1572 4498 1716 4541 tanta
1774 4491 1981 4545 insania
2044 4492 2299 4545 obstinati

2418 3316 2725 3383 θεάρεστον·
2756 3310 2873 3363 ἀλλ’
2896 3310 2975 3362 ὃτι
3007 3308 3463 3378 προσποιούμενοι
3491 3303 3686 3368 ταῦτα,
3715 3305 3807 3355 καὶ
3834 3301 4000 3368 δῆθεν

2416 3403 2915 3470 καταγινώσκοντες
2952 3402 3059 3454 τῶν
3095 3401 3348 3469 πατέρων
3374 3400 3575 3460 αὐτῶν,
3608 3397 3829 3468 χείρονα
3857 3394 4001 3447 ὲκεί-

2417 3499 2773 3561 νωνὲποίουν,
2811 3498 2905 3551 καὶ
2949 3496 3385 3567 ὑπερηκόντισαν
3428 3494 3669 3554 ἐκείνους
3700 3493 3766 3559 τῇ
3804 3488 3999 3558 κακία,

2415 3592 2732 3661 ψευδόμενοι
2760 3590 3071 3660 προφανῶς,
3102 3590 3206 3651 ὅτι,
3245 3588 3306 3639 El
3338 3584 3478 3657 ἦμεν
3513 3589 3571 3638 ὲν
3604 3586 3721 3646 ταῖς
3760 3582 4001 3653 ἡμέραις

2415 3682 2524 3733 τῶν
2567 3676 2816 3749 πατέρων
2859 3677 3049 3748 ἡμῶν,
3082 3677 3180 3729 οὑκ
3222 3676 3286 3729 ἂν
3324 3677 3650 3742 ἐφονεὺομεν
3683 3676 3809 3735 τοὺς
3857 3689 3999 3740 προ-

2416 3775 2610 3843 φήτας
2639 3773 2793 3825 αὐτοὶ
2822 3771 2929 3838 γὰρ
2961 3769 3052 3821 τὸν
3077 3770 3183 3820 τῶν
3210 3767 3507 3837 προφητῶν
3536 3766 3814 3834 Δεσπότην
3841 3762 3999 3816 mn-

2413 3885 2519 3919 των
2550 3864 2825 3933 φονεῦσαι.
2861 3865 2949 3915 Διὸ
2976 3861 3068 3913 καί
3100 3877 3287 3930 φησιν’

2490 3979 2508 4010 ι
2558 3958 2666 4010 Καὶ
2706 3959 2862 4026 ὑμεῖς
2906 3953 3232 4024 πληρώσατε
3263 3952 3323 4004 τὸ
3374 3950 3568 4019 μέτρον
3594 3949 3707 3999 τῶν
3742 3946 4003 4017 πατέρων

2414 4050 2599 4120 ὑμῶν·
2630 4049 2783 4117 δφεις
2804 4089 2817 4111 ,
2854 4048 3165 4116 γεννήματα
3198 4044 3423 4113 ἐχιδνῶν
3443 4082 3456 4104 ,
3495 4041 3614 4103 πῶς
3646 4046 3857 4107 φύγητε
3889 4037 4001 4091 ἀπὸ

2410 4141 2511 4209 τῆς
2540 4140 2775 4210 κρίσεως
2805 4138 2904 4207 τῆς
2942 4138 3205 4205 γεέννης;
3250 4155 3267 4185 ι
3299 4136 3412 4187 Οὐκ
3445 4134 3748 4186 ἐπιτάττων
3772 4130 3996 4191 αὐτοὺς,

2412 4231 2443 4301 ἦ
2486 4229 2742 4283 συνωθῶν
2783 4230 2919 4298 πρὸς
2956 4229 3016 4280 τὸ
3046 4226 3306 4296 φονεῦσαι
3347 4224 3529 4287 αὑτὸν,
3561 4222 3708 4286 λέγει
3733 4220 3813 4285 τὸ,
3858 4219 4001 4288 Πλη-

2413 4324 2624 4392 ρὼσατε
2657 4322 2717 4375 τὸ
2742 4322 2939 4389 μέτρον
2960 4319 3070 4372 τῶν
3100 4318 3353 4388 πατέρων
3382 4317 3409 4367 ὑ
3420 4315 3555 4384 μῶν,
3587 4312 3723 4364 ἀλλά
3751 4309 3999 4363 τοιοῦτόν

2409 4431 2461 4467 τι
2489 4414 2659 4481 λέγει’
2697 4412 2914 4482 Ἐπειδὴ
2947 4412 3099 4480 ὃφεις
3123 4412 3243 4463 ἐστὶ
3278 4411 3367 4462 καὶ
3395 4409 3711 4475 γεννήματα
3738 4402 3999 4455 τοιούτων

2411 4508 2685 4577 πατέρων,
2719 4508 2813 4559 καὶ
2848 4508 2927 4567 είς
2955 4502 3224 4571 τοσαύτην
3250 4501 3447 4561 κακίαν
3478 4494 3995 4567 ὲξετραχηλίσθητε,

731 4577 882 4639 estis,
910 4586 965 4630 ut
996 4578 1317 4632 iueurabiles
1346 4579 1463 4632 sitis
1499 4580 1799 4648 :reliquum
1832 4592 1913 4636 est
1936 4597 2057 4636 cum
2090 4598 2306 4651 operam
2342 4582 2386 4641 D
2416 4597 2428 4647 ι

2301 4602 2306 4635 ι
2342 4582 2386 4641 D
2416 4594 2556 4649 ὥστε
2596 4596 2827 4656 ἀνιάτως
2860 4594 3040 4663 ἔχειν,
3082 4591 3490 4661 συντομώτερον
3530 4586 3870 4639 σπουδάσατε
3920 4603 3998 4636 νι-

732 4668 954 4729 dabitis,
991 4679 1046 4721 ut
1076 4680 1256 4737 patres
1293 4682 1501 4725 vestros
1554 4674 1805 4736 vincatis,
1833 4674 1934 4728 hoc
1962 4676 2066 4729 erit
2091 4668 2307 4745 quando

735 4776 822 4814 me
848 4762 1126 4814 occidetis.
1149 4760 1300 4816 Tunc
1319 4764 1459 4828 enim
1493 4779 1762 4818 summum
1797 4766 2013 4819 malitire
2047 4770 2303 4823 verticem

732 4853 1171 4918 apprehendens,
1226 4870 1347 4908 cum
1414 4854 1670 4909 omissam
1735 4871 1763 4908 α
1809 4858 2055 4925 patribus
2114 4864 2307 4914 veStris

729 4944 929 4996 Ctedem
975 4945 1285 5011 implebitis.
1332 4946 1465 5000 Cum
1496 4948 1657 5017 igitur
1692 4949 1821 5003 tales
1850 4951 1992 5015 sitis,
2037 4953 2306 5019 quomodo

726 5048 943 5103 penam
980 5037 1245 5105 eﬂ'ugietis
1270 5061 1283 5091 ι

807 5131 963 5182 \‘eas.
997 5130 1088 5184 54.
1128 5150 1144 5180 ι
1175 5130 1299 5183 ideo
1320 5146 1444 5186 ecce
1473 5146 1573 5202 ego
1608 5134 1759 5185 mitto
1792 5137 1855 5187 ad
1888 5150 1982 5189 vos
2014 5138 2306 5205 prophetas

730 5235 783 5274 ot
814 5224 1108 5292 sapientes,
1143 5234 1194 5276 et
1220 5225 1447 5289 scribas,
1470 5236 1522 5277 et
1550 5226 1757 5280 illorum
1787 5228 1993 5296 aliquot
2018 5230 2299 5289 occidetis,

732 5314 1192 5383 crucifigetisque,
1261 5327 1313 5368 et
1353 5316 1563 5369 illorum
1620 5318 1909 5373 nonnullos
1962 5318 2303 5388 ﬂzngellahitis

731 5404 786 5457 in
812 5404 1099 5473 synagogis
1133 5407 1353 5468 vestris,
1377 5416 1430 5459 et
1467 5410 1863 5475 persequemini
1897 5411 1961 5463 de
1994 5412 2215 5465 civitate
2253 5413 2301 5464 in

728 5496 1026 5548 civitatem.
1072 5514 1090 5546 ι
1131 5496 1317 5564 Arguit
1359 5500 1474 5551 illos
1521 5502 1806 5563 mendacii,
1862 5504 2101 5556 dicentes
2164 5505 2304 5573 quod

730 5584 786 5639 Si
814 5584 1102 5641 fuissemus
1140 5587 1189 5638 in
1212 5587 1395 5641 diebus
1424 5600 1633 5656 patrum
1668 5599 1994 5658 nostrorum,
2027 5607 2130 5645 non
2163 5594 2305 5646 occi-

729 5679 997 5732 dissemu~
1028 5679 1336 5747 prepbetas.
1390 5679 1529 5735 Ecce
1566 5682 1709 5735 enim
1751 5696 1868 5750 ego,
1918 5682 2113 5751 inquit,
2150 5685 2305 5738 mitto

726 5771 1043 5840 prophetas,
1071 5782 1124 5827 et
1152 5774 1438 5840 sapientes,
1462 5785 1515 5830 et
1545 5775 1782 5838 scribas;
1803 5784 2037 5830 attamen
2066 5792 2159 5830 vos
2185 5777 2305 5831 illos

726 5862 1004 5919 occidetis.
1036 5866 1106 5919 De
1136 5866 1393 5936 apostolis
1416 5878 1589 5921 autem
1612 5868 1722 5921 lucc
1743 5867 1890 5931 dicit,
1912 5883 2046 5936 quos
2068 5868 2303 5936 Spiritus

2414 4687 2581 4755 κῆσαι
2608 4687 2734 4748 τοὺς
2774 4687 3019 4755 πατέρας
3050 4682 3205 4752 ὑμῶν
3230 4698 3242 4712 ’
3274 4679 3431 4732 τοῦτο
3462 4679 3516 4730 δὲ
3551 4679 3726 4740 ἐσται,
3768 4676 3861 4727 ὲάν
3897 4674 3998 4742 ἐμὲ

2414 4779 2709 4848 φονεὺσητε
2736 4798 2749 4809 ·
2777 4779 2909 4832 αὐτὸ
2939 4779 3047 4847 γὰρ
3079 4777 3139 4829 τὸ
3188 4775 3485 4843 ἀκρότατον
3534 4772 3634 4839 τῆς
3664 4769 3863 4829 κακίας
3899 4784 4001 4819 κα-

2411 4870 2713 4941 ταλήψεσθε
2732 4912 2745 4935 ,
2781 4871 2875 4923 ἐὰν
2902 4869 2999 4937 τὴν
3026 4868 3379 4921 ἐλλείπουσαν
3404 4867 3513 4926 τοῖς
3539 4862 3807 4930 πατράσιν
3838 4859 4004 4927 ὑμῶν

2416 4960 2725 5030 μιαιφονίαν
2756 4964 2853 5014 ἀνα
2867 4958 3189 5030 πληρώσητε
3216 4976 3227 4986 ·
3267 4958 3381 5019 πῶς
3414 4955 3505 5009 οὖν
3546 4954 3773 5006 τοιοῖτοι
3807 4951 3957 5013 ὅντες
3978 4989 3995 5013 ,

2413 5053 2618 5122 φύγητε
2652 5052 2748 5121 τὴν
2779 5052 3028 5116 κόλασιν;

2489 5164 2507 5195 ι
2547 5144 2645 5197 Διά
2674 5142 2831 5196 τοῦτο
2871 5143 2977 5196 ίδοὺ
3009 5141 3118 5211 ἐγὼ
3157 5139 3471 5195 ἀποστέλλω
3508 5139 3645 5209 πρὸς
3671 5138 3814 5206 ὑμᾶς
3853 5151 3993 5203 προσ-

2412 5238 2609 5306 φήτας,
2646 5238 2739 5289 καὶ
2776 5238 2993 5303 σοφοὺς,
3033 5236 3129 5288 καὶ
3161 5236 3507 5305 γραμματεῖς
3537 5250 3549 5263 ·
3590 5232 3682 5284 καὶ
3723 5230 3781 5293 ἐξ
3813 5229 3997 5281 αὑτῶν

2411 5328 2761 5380 ἀποκτενεῖτε
2804 5328 2899 5379 καὶ
2935 5327 3314 5396 σταυρώσετε,
3361 5326 3455 5377 καὶ
3496 5323 3556 5388 ἐξ
3584 5324 3763 5377 αὐτῶν
3792 5339 3992 5391 μαστι-

2411 5415 2620 5481 γώσετε
2682 5417 2739 5467 έν
2790 5417 2910 5479 ταῖς
2976 5418 3320 5484 συναγωγαῖς
3378 5415 3564 5483 ὑμῶν,
3628 5414 3722 5467 καὶ
3773 5411 3993 5477 διώξετε

2410 5506 2520 5561 ἀπὸ
2575 5506 2781 5568 πόλεως
2817 5508 2897 5569 είς
2948 5505 3120 5559 πόλιν.
3164 5526 3181 5557 ι
3226 5506 3469 5576 Ἐλέγχει
3515 5506 3735 5567 αὑτοὺς,
3779 5504 3993 5572 ψευδῶς

2411 5600 2684 5662 εἰπόντας,
2724 5600 2803 5651 ὅτι
2838 5599 2897 5651 Εἰ
2924 5594 3063 5669 ἦμεν
3096 5601 3151 5651 ἐν
3180 5602 3297 5662 ταῖς
3335 5601 3568 5670 ἡμέραις
3599 5598 3706 5649 τῶν
3738 5598 3993 5667 πατέρων

2411 5690 2603 5760 ἡμῶν,
2660 5691 2757 5742 οὑκ
2813 5690 2880 5743 ἀν
2933 5690 3262 5758 ὲφονεύομεν
3310 5692 3437 5753 τοὺς
3480 5689 3786 5759 προφήτας.
3860 5687 3992 5741 Ἰδοὺ

2410 5779 2538 5847 γὰρ,
2571 5778 2755 5849 φησὶν,
2782 5779 2890 5847 ἐγὼ
2928 5780 3240 5833 ἀποστέλλω
3271 5782 3581 5853 προφήτας,
3621 5780 3715 5831 καὶ
3764 5778 3988 5847 σοφοὺς,

2409 5871 2503 5923 καὶ
2554 5872 2937 5939 γραμματεῖς,
2990 5870 3103 5924 ἀλλ’
3155 5872 3304 5937 ὅμως
3361 5873 3712 5927 ἀποκτενεῖτε
3764 5870 3985 5934 αὑτούς.
