4298 6446
329 385 439 452 405

932 395 1372 460 ΕΝΛΠῐὶῘιΤΙΟ
1410 401 1492 461 IN
1533 397 2032 463 EVANGELIUM
2068 398 2458 460 ΜᾹΤΤΗΕῙ.
2488 424 2558 435 -
2590 399 2629 459 C

1318 398 1372 460 ῙΟ
1410 401 1492 461 IN
1533 397 2032 463 EVANGELIUM
2068 398 2458 460 ΜᾹΤΤΗΕῙ.
2488 424 2558 435 -
2590 399 2746 460 CAP.
2788 396 3015 458 XXIII.

3498 391 3607 456 406

335 506 474 576 Περῖ
514 505 570 558 δὲ
601 504 708 559 τῶν
751 505 1065 560 ἀποστόλων
1109 510 1281 563 ταῦτα
1317 511 1484 578 λέγει·
1522 512 1583 565 τὸ
1611 512 1719 583 γὰρ
1759 513 1914 580 ἅγιον
1944 513 1986 569 Α
2020 525 2032 564 ε

1910 528 1914 550 ι
1944 513 1986 569 Α
2020 519 2243 564 sanctus
2277 510 2528 564 doctrina
2563 509 2712 577 ipsos
2759 521 3034 563 exornans
3069 504 3279 562 scribas
3317 504 3467 567 fecit,
3502 508 3607 561 hoc

331 596 559 666 Πνεῦμα
579 637 594 660 ,
625 599 720 650 καὶ
753 597 1118 662 διδασκαλίαις
1146 601 1345 672 αὐτοὺς
1375 604 1692 673 κοσμῆσαν,
1735 620 1914 673 γραμ-

336 691 527 754 ματεῖς
558 687 803 752 ἐποίησε,
858 687 1104 739 τουτέστι
1133 688 1228 741 τοῦ
1258 689 1386 743 λαοῦ
1417 691 1790 757 διδασκάλους,
1820 694 1914 747 καὶ

332 778 642 845 προφήτας,
679 779 773 829 καὶ
803 778 994 845 σοφίας
1024 780 1206 848 πάσης
1240 780 1724 851 πεπληρωμένους.
1756 784 1914 837 Ἀπο-

332 866 537 919 στέλλω
570 866 644 930 δὲ,
685 861 827 931 εἷπε,
870 867 1084 930 δεικνὺς
1131 869 1192 922 τὸ
1231 869 1332 939 τῆς
1374 870 1628 942 θεότητος
1669 871 1915 938 ἐξουσια-

332 957 536 1009 στικόν.

409 1067 429 1099 ε
476 1050 667 1113 Ὅπως
698 1050 826 1121 ,ξλοῃ
863 1050 948 1120 ἐφ’
979 1052 1123 1122 ὑμᾶς
1161 1055 1271 1106 πᾶν
1303 1048 1443 1122 αἷμα
1473 1055 1713 1122 δίκαιον,
1746 1058 1912 1127 ἐκχυ-

329 1142 556 1208 νομενον
604 1141 696 1194 ἐπὶ
749 1143 848 1212 τῆς
902 1144 1006 1212 γῆς
1035 1143 1143 1196 ἀπὸ
1193 1143 1286 1197 τοῦ
1336 1146 1567 1217 αἵματος
1609 1147 1774 1200 Ἀδελ
1816 1148 1912 1203 τοῦ

329 1230 562 1294 δικαίου,
597 1232 701 1291 ἕως
741 1231 834 1285 τοῦ
870 1235 1102 1302 αἵματος
1136 1234 1403 1305 Ζαχαρίου
1452 1237 1570 1289 υίοῦ
1619 1238 1911 1310 Βαραχίου,

329 1321 386 1371 δί
409 1323 731 1390 ἐφονεύσατε
763 1326 965 1393 μεταξῦ
991 1325 1082 1378 τοῦ
1106 1326 1234 1379 ναοῦ
1261 1328 1355 1380 καὶ
1381 1327 1473 1380 τοῦ
1500 1327 1911 1400 θυσιαστηρίου.

344 1413 516 1484 Ἀμὴν
545 1417 687 1484 λέγω
736 1419 898 1487 ὑμῖν,
949 1420 1030 1470 ὄτι
1077 1420 1198 1488 ἥξει
1244 1420 1416 1474 ταῦτα
1464 1422 1645 1476 πάντα
1685 1425 1780 1476 ἐπὶ
1817 1424 1914 1495 τὴν

330 1507 525 1571 γενεὰν
576 1509 819 1577 ταύτην.·
856 1528 875 1560 ι
937 1509 1058 1562 Ἐπὶ
1087 1513 1216 1574 τοὺς
1257 1512 1378 1564 τότε
1407 1512 1567 1578 ὄντας
1626 1515 1916 1581 Ἰουδαίους

331 1597 498 1663 φησιν
529 1597 680 1667 ἥξειν
726 1602 834 1653 πᾶν
872 1597 1012 1670 αἷμα
1044 1601 1246 1667 ἀδίκως
1279 1603 1512 1673 ἐκχυθέν
1537 1621 1551 1635 ⁸
1585 1609 1768 1677 χεῖρον
1805 1609 1915 1680 γὰρ

330 1689 810 1758 τιμωρηθήσονται
845 1693 994 1762 παρὰ
1030 1694 1158 1757 τοὺς
1200 1695 1439 1766 πατέρας
1465 1698 1668 1766 αὐτῶν,
1699 1704 1746 1754 οί
1778 1703 1914 1773 μηδὲ

332 1781 473 1845 μετὰ
498 1781 733 1833 τοσαῦτα
757 1784 1180 1854 παραδείγματα
1200 1790 1661 1859 σωφρονισθέντες
1681 1808 1693 1820 ·
1725 1792 1914 1865 ὥσπερ

328 1873 425 1922 καὶ
454 1874 479 1924 ὁ
511 1873 699 1942 Λάμεχ
732 1874 884 1944 παρὰ
913 1875 1003 1928 τὸν
1039 1878 1177 1931 Κάῖν
1211 1880 1373 1932 πλέον
1411 1882 1702 1954 ἐκολάσθη,
1735 1883 1909 1939 καίτοί

327 1961 430 2012 οὐκ
464 1961 691 2029 ἁδελςρὸν
722 1964 948 2029 ἀνελὼν,
979 1966 1114 2019 διότι
1142 1969 1242 2022 οὐκ
1264 1971 1636 2045 ἐσωφρονίσθη
1665 1974 1743 2044 τῷ
1771 1977 1911 2030 κατά

326 2050 420 2102 τὸν
455 2052 592 2104 Κάῐν
634 2054 1012 2123 ὑποδείγματι.
1066 2058 1225 2123 Ἥξει
1256 2057 1350 2114 οὖν
1371 2103 1384 2126 ,
1419 2064 1619 2133 φησὶν,
1649 2065 1736 2134 ἐφ’
1766 2066 1912 2135 ὑμᾶς

331 2143 441 2195 πᾶν
468 2139 626 2212 αἷμα,
668 2146 776 2200 ἀπὸ
831 2149 998 2203 Ἀὅελ
1051 2150 1156 2215 ἕως
1185 2155 1475 2224 Ζαχαρίου.
1516 2157 1802 2229 Εὑκαίρως
1854 2160 1910 2213 δὲ

327 2236 575 2306 ἐμνήσθη
621 2239 716 2290 τοῦ
768 2240 1088 2311 ἈδεληὮς
1127 2245 1236 2316 γὰρ
1293 2248 1321 2298 ό
1377 2249 1540 2302 ’Λϐελ
1574 2251 1662 2304 διὰ
1714 2253 1908 2321 φθόνον

325 2326 571 2398 ἀνῃρέθη
599 2369 613 2392 ,
646 2329 790 2385 οὕτω
831 2334 926 2386 καὶ
955 2335 983 2388 ὁ
1017 2336 1253 2406 Χριστὸς
1284 2331 1593 2409 φθονήθείς.
1643 2347 1806 2400 Ποίου
1854 2348 1912 2402 δὲ

325 2414 597 2488 Ζαχαρίου
643 2422 880 2477 ἐνταῦθα
920 2426 1237 2498 μέμνηται;
1291 2432 1353 2484 Οί
1405 2433 1505 2500 μὲν
1558 2435 1650 2487 τοῦ
1703 2437 1760 2491 ὲν
1802 2442 1913 2502 τοῖς

323 2507 534 2597 {di—63m
579 2514 888 2584 προφήταις
945 2520 1079 2585 φασὶ
1116 2522 1675 2594 έσυναριθμουμένου·
1723 2530 1774 2581 οί
1821 2532 1909 2597 δὲ,

323 2593 421 2688 ⁸τοῦ
454 2597 661 2666 πατρὸς
698 2600 790 2653 τοῦ
826 2602 1140 2675 Προδρόμου
1165 2623 1179 2638 ⁸
1205 2608 1361 2676 λόγος
1393 2593 1503 2681 γὰρ
1536 2614 1648 2685 ἔχει
1678 2593 1915 2688 παραδοέ

327 2682 442 2748 θεὶς
470 2689 621 2757 ἡμῖν,
651 2693 730 2746 ὅτι
760 2694 925 2759 τόπος
953 2714 1042 2762 τις
1067 2694 1133 2770 ἦν
1165 2702 1222 2754 ἐν
1245 2702 1325 2773 τῷ
1363 2705 1497 2774 ναῷ,
1535 2710 1594 2760 ὲν
1623 2701 1666 2777 ᾧ
1696 2712 1914 2767 ἵσταντο

325 2778 386 2829 αἱ
420 2781 701 2848 παρθένοι.
746 2784 803 2839 ’0
834 2789 1015 2842 τοίνυν
1046 2790 1323 2864 Ζαχαρίας
1349 2797 1640 2869 ἀρχιερεὺς
1677 2803 1786 2866 ὢν,
1819 2805 1914 2858 καὶ

330 2870 483 2968 μετὰ*
509 2871 569 2924 τὸ
613 2879 796 2930 τεκεῖν
849 2880 943 2931 τὸν
979 2882 1216 2952 Χριστὸν
1246 2888 1345 2957 τὴν
1375 2889 1638 2948 Θεοτόκον
1685 2895 1914 2968 ἔστησεν

326 2961 387 3012 ὲν
416 2963 492 3029 τῷ
517 2968 667 3036 τόπῳ
697 2971 806 3023 τῶν
840 2975 1129 3045 παρθένων
1157 2993 1170 3005 ·
1205 2981 1693 3056 ἀγανακτήσαντες
1723 2991 1778 3044 δὲ
1803 2961 1915 3045 ’ἐπὶ

326 3056 504 3124 τούτῳ
535 3061 585 3111 οί
638 3061 906 3130 Ἰουδαῖοι,
938 3068 1269 3125 ἀπέκτειναν
1299 3076 1480 3144 αὑτὸν,
1525 3080 1601 3144 ὠς
1637 3084 1776 3152 μετά
1805 3085 1915 3141 τῶν

327 3148 619 3216 παρθένων
655 3153 894 3217 τάξαντα
948 3164 1182 3227 γυνατκα
1238 3148 1807 3239 γεννήσασανονοὺδὲν
1857 3178 1936 3231 δὲ’

329 3237 664 3335 θαυμαστὸν,
700 3247 747 3297 εί
779 3247 875 3301 καὶ
916 3251 943 3303 ὀ
984 3254 1166 3324 πατὴρ
1197 3257 1287 3308 τοῦ
1325 3237 1642 3332 Προδρόμου
1669 3260 1784 3335 εἶχε
1814 3284 1919 3321 παν

327 3330 462 3399 τέρα
496 3333 772 3407 Βαραχίαν
802 3341 1048 3410 ὀνόματι,
1075 3346 1263 3419 ὥσπερ
1297 3353 1390 3403 καὶ
1411 3354 1447 3404 ’ὁ
1474 3330 1549 3405 Ἳὲνγ
1569 3358 1679 3419 τοῖς
1711 3330 1919 3413 δωδεκα

332 3430 638 3525 προφήταις
666 3433 940 3505 Βαραχίου
971 3437 1187 3506 λέγεται
1237 3445 1350 3506 uiri;
1375 3463 1386 3474 ·
1413 3447 1560 3511 εἰκὸς
1591 3451 1700 3520 γὰρ
1727 3451 1917 3525 ὥσπερ

328 3521 399 3571 τὰ
440 3523 645 3575 τούτων
684 3526 921 3595 ὀνόματα
956 3532 1327 3604 συνέδραμον,
1383 3538 1527 3595 οῦτω
1569 3545 1660 3596 καὶ
1703 3547 1771 3600 τά
1807 3521 1917 3601 τῶν

331 3617 589 3685 πατέρων
619 3621 818 3676 αὐτῶν.

407 3727 428 3759 ι
511 3710 901 3786 Ἰερουσαλὴμ,
968 3719 1362 3794 Ἰερουσαλὴμ,
1419 3729 1451 3796 ἡ
1519 3729 1918 3790 ἀποκτείνουσα

331 3799 458 3860 τοὺς
484 3804 794 3872 προφήτας,
822 3808 914 3859 καὶ
939 3807 1290 3867 λιθοϐολοῦσα
1318 3818 1444 3881 τοὺς
1469 3820 1919 3893 ἀπεσταλμένους

331 3892 470 3958 πρὸς
536 3895 747 3964 αὐτὴν,
805 3900 1038 3965 ποσάκις
1085 3903 1326 3975 ἠθέλησα
1376 3892 1804 3983 ἐπισυναγαγεῖν
1851 3920 1918 3973 τὰ

328 3983 498 4035 τέκνα
551 4002 645 4037 σου
692 3989 752 4040 ὃν
803 3992 1004 4061 τρόπον
1047 3996 1367 4068 ἐπισυνάγει
1423 4001 1570 4072 ὅρνις
1616 4007 1684 4060 τὰ
1729 4011 1918 4065 νοσσία

330 4073 532 4144 ἑαυτῆς
557 4079 662 4131 ὑπὸ
693 4081 790 4143 τὰς
818 4085 1132 4155 πτέρυγας,
1163 4091 1260 4142 καὶ
1292 4093 1392 4145 οὐκ
1414 4095 1751 4166 ἠθελήσατε;
1789 4100 1916 4157 Ἰδοὺ

329 4166 552 4233 ἀφίεται
584 4170 712 4239 ὑμῖν
742 4174 770 4225 ὁ
796 4169 942 4236 οἶκος
979 4178 1134 4246 ὑμῶν
1165 4180 1369 4251 ἕρημος
1391 4199 1405 4214 ·
1439 4185 1584 4254 λέγω
1627 4189 1734 4259 γὰρ
1766 4192 1916 4260 ὑμῖν,

327 4261 390 4309 οὐ
412 4262 484 4329 μή
515 4278 580 4330 με
607 4263 751 4334 ἴδητε
777 4267 872 4320 ἀπ’
898 4268 1044 4339 ἄρτι.
1073 4271 1178 4334 ἕως
1208 4273 1273 4326 ἂν
1296 4278 1510 4347 εῑπητε·
1540 4279 1919 4351 Εὐλογημένος

326 4351 354 4400 ὁ
386 4351 681 4419 ἐρχόμενος
725 4358 783 4409 ἑν
837 4359 1063 4428 ὀνόματι
1098 4365 1329 4432 Κυρίου.
1385 4386 1403 4418 ι
1452 4369 1810 4437 Διπλασιάζει
1859 4376 1918 4429 τὸ

326 4441 498 4511 ὄνομα
526 4445 624 4515 τῆς
673 4447 1049 4522 Ἰερουσαλὴμ,
1085 4456 1251 4508 ἐλεῶν
1287 4458 1458 4531 αὐτὴν
1490 4463 1581 4514 καὶ
1616 4463 1919 4519 ἀνακαλοῦ-

2015 610 2120 667 est,
2154 601 2410 656 doctores
2442 600 2646 671 populi,
2681 609 2734 654 et
2771 598 3035 668 sapientia
3062 598 3211 652 omni
3247 607 3297 651 et
3323 597 3606 665 prophetia

2015 690 2248 745 ornavit.
2269 689 2471 745 Emitte
2488 700 2688 757 autem,
2720 689 2922 758 inquit,
2949 687 3238 742 declarans
3256 701 3368 742 sua:
3394 683 3612 742 deitatis

2014 792 2362 854 potestatem.

2089 1046 2256 1103 Vsus.
2282 1046 2374 1113 35,
2403 1046 2492 1103 56.
2538 1065 2555 1099 :
2597 1045 2668 1101 Ut
2710 1045 2891 1100 veniat
2920 1059 3085 1114 super
3117 1056 3212 1097 vos
3256 1042 3435 1095 omnis
3484 1056 3610 1094 san-

2018 1139 2138 1211 guis
2171 1139 2353 1208 justus
2389 1140 2478 1208 qui
2513 1137 2811 1193 elfunditur
2842 1151 3009 1205 super
3046 1146 3250 1188 terram
3287 1149 3314 1185 a
3349 1132 3613 1201 sanguine

2016 1228 2150 1282 Abel
2176 1227 2330 1296 justi,
2368 1242 2539 1297 usque
2570 1228 2636 1280 ad
2691 1227 3023 1293 sanguineo!
3051 1223 3332 1277 Zacharia:
3365 1222 3455 1274 lilii
3509 1220 3613 1272 Ba-

2020 1319 2240 1384 rachiw,
2271 1333 2430 1388 quem
2489 1316 2768 1372 occidistis
2804 1317 2944 1370 inter
2996 1313 3252 1382 templum
3286 1323 3340 1366 et
3418 1312 3609 1364 altare.

2017 1409 2190 1464 Amen
2239 1410 2362 1464 dico
2409 1408 2582 1473 vobis,
2614 1408 2756 1478 quod
2813 1407 3030 1461 venient
3073 1407 3186 1460 lucc
3229 1405 3411 1459 omnia
3449 1419 3614 1471 super

2019 1502 2426 1572 generationem
2453 1501 2634 1554 istam.
2679 1519 2697 1552 ι
2732 1498 2910 1570 Super
2939 1498 3156 1553 Judazos
3190 1497 3311 1550 illos
3357 1497 3447 1566 qui
3485 1507 3615 1548 tunc

2016 1603 2194 1658 erant,
2234 1593 2384 1659 dicit,
2431 1592 2614 1646 veniet
2661 1592 2841 1644 omnis
2866 1591 3088 1659 sanguis
3141 1589 3341 1657 injuste
3385 1584 3610 1639 elfusds.

2019 1685 2148 1741 Plus
2176 1688 2322 1740 enim
2352 1687 2668 1754 punientur,
2693 1698 2856 1752 quam
2892 1695 3076 1752 patres
3127 1681 3232 1734 sui.
3267 1679 3400 1732 Nam
3440 1693 3614 1745 neque

2017 1786 2143 1847 post
2179 1785 2326 1832 tanta
2372 1776 2624 1847 exempla
2654 1775 2926 1830 emendati
2963 1772 3201 1827 fuerunt.
3250 1773 3340 1827 Sic
3387 1771 3528 1824 enim
3561 1783 3616 1823 et

1947 1850 1987 1908 Β
2021 1867 2258 1924 Lauiech
2288 1879 2410 1941 post
2440 1869 2579 1925 Cain
2615 1869 2735 1938 plus
2795 1869 3020 1937 punitus
3055 1867 3179 1932 fuit,
3213 1866 3464 1934 quamvis
3510 1878 3612 1914 nou

2020 1963 2388 2019 interemisset
2413 1963 2662 2027 fratrem,
2693 1978 2760 2018 eo
2795 1962 2939 2032 quod
2965 1977 3066 2015 non
3111 1960 3302 2013 fuisset
3337 1960 3402 2010 ad
3429 1973 3614 2010 exeo:-

2019 2056 2165 2127 plum
2202 2057 2334 2110 Cain
2367 2057 2705 2111 emendatus.
2755 2053 2947 2108 Veniet
2981 2054 3167 2123 igitur,
3207 2051 3402 2118 inquit,
3455 2065 3615 2118 supi't‘

2020 2164 2115 2203 vos
2147 2149 2323 2204 omnis
2357 2148 2599 2220 sanguis,
2644 2148 2712 2201 ab
2765 2147 2914 2202 Abel-
2950 2161 3118 2215 usque
3150 2148 3214 2198 ad
3265 2144 3610 2196 Zachariam.

2020 2241 2336 2311 Opportune
2369 2251 2548 2295 autem
2575 2240 2824 2295 meminit
2855 2239 3060 2293 Abelis.
3093 2237 3249 2292 Sicut
3287 2237 3429 2291 enim
3481 2233 3615 2288 Abel

2019 2344 2240 2403 propter
2279 2331 2539 2387 invidiam
2598 2332 2955 2399 interemptus
3008 2338 3112 2391 est,
3152 2329 3225 2381 ita
3258 2336 3311 2382 et
3362 2327 3616 2382 Christus

2021 2427 2232 2480 occisus
2251 2435 2353 2479 est.
2375 2423 2542 2494 Cujus
2562 2433 2744 2478 autem
2764 2422 3048 2476 Zaeliarim
3070 2422 3172 2476 hoc
3196 2421 3314 2475 loco
3334 2419 3618 2473 meminit?

2025 2516 2187 2587 128
2216 2515 2321 2571 Alii
2366 2517 2557 2571 dicunt
2589 2516 2740 2570 illum
2791 2515 2962 2570 fuisse
3009 2529 3176 2568 unum
3215 2516 3278 2567 de
3326 2512 3614 2566 duodecim

2022 2608 2321 2679 prophetis,
2355 2610 2444 2664 alii
2497 2618 2707 2680 patrem
2764 2607 3128 2663 Praecursoris
3169 2607 3406 2660 Domini.
3444 2607 3617 2658 Ilabet

2021 2706 2164 2756 enim
2202 2703 2276 2756 ita
2303 2704 2548 2758 narratio
2579 2703 2736 2758 nobis
2771 2703 2992 2768 tradita,
3025 2701 3171 2770 quod
3200 2699 3353 2754 locus
3391 2699 3613 2768 quidam

2024 2795 2076 2848 in
2103 2795 2303 2864 templo
2341 2794 2527 2858 fuerit,
2565 2795 2618 2849 in
2641 2809 2749 2864 quo
2777 2795 2996 2849 stabant
3033 2794 3290 2862 virgines.
3317 2793 3614 2846 Zacharias

2025 2885 2186 2954 igitur
2209 2901 2331 2940 cmn
2364 2894 2509 2941 esset
2554 2883 2822 2955 pontifex,
2874 2893 3160 2953 postquam
3196 2883 3425 2951 Deipara
3457 2895 3617 2950 pepe-

2026 2976 2186 3032 risset
2216 2976 2591 3042 Christum,et
2613 2978 2899 3032 statuisset
2928 2974 3071 3030 illam
3098 2977 3149 3028 in
3173 2989 3238 3030 eo
3269 2975 3407 3039 loco,
3442 2973 3618 3043 indig-

2023 3070 2134 3124 nati
2185 3081 2312 3125 sunt
2375 3080 2566 3125 contra
2612 3086 2734 3126 eum
2776 3070 2970 3136 Judaei,
3015 3081 3070 3126 et
3093 3069 3413 3124 occiderunt
3469 3084 3616 3131 cum,

2023 3163 2166 3230 quod
2200 3178 2325 3216 cum
2357 3163 2660 3233 virginibus
2699 3163 3020 3218 collocasset
3059 3165 3341 3217 mulierem
3375 3178 3495 3231 quae
3528 3178 3621 3230 pe-

2027 3264 2264 3323 pererat.
2291 3253 2410 3308 Non
2440 3264 2526 3309 est
2577 3255 2723 3310 enim
2764 3255 3017 3310 mirabile
3050 3255 3196 3324 quod
3245 3257 3412 3308 etiam
3467 3265 3621 3322 pater

2027 3345 2386 3402 Prazeursoris
2405 3347 2660 3413 habuerit
2703 3358 2909 3417 patrem
2937 3346 3284 3410 Baracbiam,
3329 3348 3544 3400 sicutct
3577 3349 3620 3402 is

2021 3437 2115 3506 qui
2154 3453 2219 3491 ex
2244 3437 2529 3492 duodecim
2558 3437 2918 3504 erat,dicitur
2953 3437 3232 3491 Barachiae
3271 3438 3429 3490 filius.
3471 3438 3622 3492 Veri-

2023 3527 2201 3581 simile
2239 3527 2384 3580 enim
2415 3527 2560 3596 quod
2603 3529 2747 3583 sicut
2774 3526 2849 3581 illi
2886 3526 3105 3582 fuerunt
3136 3529 3514 3597 cognomines,
3547 3528 3619 3582 ita

2020 3630 2072 3674 et
2099 3627 2276 3687 patres
2300 3621 2564 3686 ipsorum.

2098 3709 2258 3766 Vsus.
2293 3711 2489 3767 37-39.
2528 3731 2546 3764 ι
2583 3711 2910 3776 Jerusalem,
2953 3712 3284 3775 Jerusalem,
3322 3729 3440 3782 qum
3473 3715 3622 3768 occi-

2022 3802 2106 3857 dis
2134 3804 2447 3873 prophetas,
2482 3811 2538 3858 et
2568 3803 2780 3873 lapidas
2813 3819 2908 3858 eos
2944 3806 3033 3874 qui
3077 3805 3142 3857 ad
3189 3813 3240 3858 te
3275 3803 3429 3857 missi
3466 3813 3621 3866 sunt,

2023 3897 2238 3964 quoties
2271 3895 2416 3950 volui
2447 3911 2785 3968 congregare
2815 3897 2956 3952 filios
2993 3907 3134 3961 tuos,
3163 3897 3623 3966 quemadmodum

2023 3989 2221 4058 gallina
2254 4000 2551 4060 congregat
2586 3991 2761 4061 pullos
2791 4006 2920 4046 suos
2947 3991 3049 4045 sub
3081 3992 3217 4057 alas,
3244 4000 3296 4045 et
3331 3993 3624 4046 uoluistis?

2023 4082 2161 4137 I'Icce
2195 4082 2522 4151 relinquitur
2563 4083 2717 4138 vobis
2752 4082 2949 4139 domus
2987 4092 3164 4138 vestra
3207 4088 3443 4138 deserta.
3490 4083 3622 4139 Dico

2023 4176 2166 4229 enim
2217 4175 2392 4239 vobis,
2451 4175 2877 4244 haudquaquam
2939 4191 3023 4230 me
3069 4177 3324 4230 videbitis
3376 4176 3622 4244 posthac,

2023 4265 2196 4321 donec
2231 4266 2470 4324 dicatis:
2507 4267 2840 4324 Benedictus
2869 4271 2957 4338 qui
2994 4269 3144 4324 venit
3177 4272 3229 4322 in
3271 4271 3492 4322 nomine
3525 4269 3628 4322 Do-

2025 4359 2177 4414 mini.
2224 4380 2242 4412 ι
2275 4359 2364 4416 Bis
2395 4363 2548 4430 ponit
2587 4379 2782 4418 nomen
2819 4361 3152 4430 Jerusalem,
3181 4364 3441 4417 misertus
3476 4363 3621 4432 ejus,

2023 4462 2077 4505 et
2117 4468 2310 4522 magna
2343 4471 2471 4509 eum
2524 4458 2906 4524 compassione
2955 4471 3075 4511 eam
3122 4472 3405 4510 revocans.
3447 4455 3626 4523 Expo-

330 4553 494 4602 μενος
528 4541 825 4608 συμπαθῶς
850 4560 863 4572 ο
892 4545 1081 4614 ὥσπερ
1118 4548 1227 4618 γὰρ
1265 4552 1400 4621 πρός
1433 4569 1555 4605 τινα
1587 4556 1915 4628 φιλουμένην
1953 4561 1991 4614 D

1953 4561 1991 4614 υ
2027 4544 2235 4599 stulaus
2259 4547 2406 4598 enim
2437 4561 2563 4600 cum
2602 4562 2686 4609 ea,
2717 4547 2873 4615 quasi
2912 4563 3034 4600 cum
3058 4549 3292 4616 quadam
3327 4546 3623 4600 vehemen-

329 4629 430 4697 μὲν
498 4630 774 4699 διακαῶς,
823 4640 1275 4709 καταφρονοῦσαν
1325 4644 1381 4696 δὲ
1444 4646 1539 4698 τοῦ
1592 4632 1912 4717 φίλοῦντος,

327 4719 712 4787 ἀπολογεῖται,
747 4725 961 4794 μέλλων
995 4731 1220 4796 ἐπάγειν
1252 4731 1349 4802 τὴν
1384 4733 1604 4786 κόλασιν
1630 4753 1642 4766 ·
1671 4738 1914 4792 αἰτιᾶται

324 4810 434 4880 γὰρ
483 4813 656 4883 αὐτὴν
687 4815 760 4877 ὡς
802 4818 1065 4889 φονικὴν,
1108 4823 1202 4874 καὶ
1240 4825 1321 4875 ὅτι
1363 4825 1622 4892 πολλάκις
1669 4829 1932 4894 θέλοντος·

323 4904 490 4955 αὑτοῦ
524 4907 746 4973 ἐλεῆσαι
777 4909 1016 4979 ταύτην,
1059 4913 1196 4983 αὑτὴ
1236 4915 1337 4967 οὐκ
1365 4915 1596 4985 ἠθέλησε
1616 4961 1630 4984 ,
1674 4921 1810 4975 ἀλλὶι
1837 4921 1915 4985 τῷ

323 4993 770 5062 διασκορπὶζοντι
813 5000 986 5070 αὐτὴν
1018 5001 1316 5072 πειθομένη
1357 5003 1614 5072 διαϐόλῳ,
1662 5008 1758 5062 καὶ
1816 5010 1917 5062 ἀπ-

325 5085 514 5150 άγοντι
544 5087 652 5139 ἀπὺ
675 5089 772 5156 τῆς
788 5089 1070 5159 ἀληθείας,
1090 5093 1210 5160 ἥτις
1232 5095 1459 5158 ὲνοειδές
1486 5114 1537 5150 τι
1567 5098 1756 5168 χρῆμά
1775 5101 1913 5164 ἐστι,

323 5179 416 5230 τὶν
452 5180 756 5248 συνάγοντα
798 5183 1002 5253 Κύριον
1035 5186 1132 5236 οὐκ
1167 5186 1380 5256 ἐδέχετο
1406 5205 1418 5217 ’
1451 5189 1603 5242 οὐδὲν
1632 5190 1741 5261 γὰρ
1773 5191 1917 5245 οὕτω

325 5272 614 5342 σκορπίζει
667 5273 778 5327 ἀπὸ
815 5275 988 5343 Θεοῦ,
1029 5278 1103 5340 ὡς
1132 5281 1380 5349 ἁμαρτία
1405 5300 1416 5311 ·
1457 5281 1646 5354 ὥσπερ
1681 5280 1748 5337 αὖ
1788 5301 1913 5339 συν-

325 5364 453 5427 άχσει
475 5365 612 5433 πρὸς
632 5365 764 5418 Θεὸν
797 5357 1078 5436 τὸάγαθὸν
1108 5373 1371 5436 συνειδός·
1405 5373 1504 5445 τὴν
1526 5375 1915 5448 φιλοστοργίαν

323 5455 382 5508 δὲ
413 5455 842 5526 ὶνδεικνύμενος,
873 5461 934 5513 τὸ
964 5461 1062 5530 τῆς
1095 5463 1306 5535 ὄρνιθος
1339 5466 1646 5536 ὑπόδειγμα
1677 5469 1912 5526 τέθεικε.

323 5548 416 5601 Διὸ
449 5551 568 5602 ἐπεὶ
594 5552 655 5603 οὐ
687 5553 888 5617 θέλετε,
917 5553 1118 5626 ἀφίημι
1142 5558 1233 5611 τὸν
1266 5560 1391 5612 ναὸν
1418 5561 1648 5632 ἔρημον.
1703 5561 1916 5616 Ἐντεῦ-

325 5639 421 5694 θεν
453 5642 509 5694 δὲ
548 5643 942 5716 μανθάνωμεν,
981 5650 1061 5701 ὅτι
1096 5652 1162 5704 δι’
1193 5654 1340 5722 ἡμᾶς
1376 5659 1627 5708 κατοικεῖ
1658 5657 1751 5709 καὶ
1787 5665 1916 5721 τοὺς

324 5734 489 5793 ναοὺς
527 5737 555 5786 ὁ
585 5735 750 5798 Θεόςο
784 5738 911 5791 ὅταν
957 5739 1015 5792 δὲ
1062 5743 1223 5812 ἡμεῖς
1267 5746 1684 5815 ἀπεγνωσμένοι
1733 5741 1913 5816 ὦμεν,

334 5827 454 5878 τότε
485 5827 579 5880 καὶ
612 5830 658 5880 o!
691 5831 807 5883 ναοὶ
838 5832 1105 5901 ἁςίενται.
1142 5837 1216 5889 Ui)
1254 5838 1328 5910 μὴ
1363 5835 1458 5893 οὖν
1503 5856 1568 5910 με
1607 5839 1752 5911 ἴδητε
1786 5839 1916 5910 ἄχρι

2025 4644 2104 4689 ter
2135 4636 2351 4702 dilecta,
2398 4653 2519 4708 quae
2562 4639 2876 4708 diligentem
2934 4648 3274 4701 contemnat,
3329 4640 3626 4709 responlet

2024 4727 2368 4782 indueturutn
2422 4744 2496 4798 se.
2529 4741 2747 4808 papam
2800 4750 2812 4785 :
2859 4733 3001 4785 unde
3053 4732 3234 4801 arguit
3270 4731 3413 4784 illaut
3465 4731 3621 4800 quasi

2022 4820 2451 4890 sanguinariam,
2499 4833 2553 4876 et
2586 4823 2733 4892 quod
2778 4826 2981 4894 saepius
3019 4825 3231 4878 vole'ite
3268 4838 3326 4877 se
3375 4824 3623 4877 misereri

2022 4911 2165 4980 ejus,
2195 4913 2308 4981 ipsa
2359 4914 2596 4967 uoluerit
2625 4957 2639 4980 ,
2678 4918 2772 4970 sed
2812 4917 3090 4970 diabolum
3128 4918 3311 4986 potius
3364 4917 3619 4980 audierit,

2024 5018 2050 5056 a
2087 5019 2193 5073 quo
2227 5006 2496 5074 dispersa,
2530 5014 2586 5060 et
2618 5023 2646 5059 a
2684 5007 2934 5069 veritate,
2974 5022 3095 5075 quae
3124 5008 3344 5059 uuiendi
3379 5007 3486 5058 vim
3525 5011 3625 5060 bac

2023 5095 2132 5159 but,
2173 5096 2341 5152 fuerit
2377 5099 2635 5166 abducta,
2669 5111 3093 5169 congregantem
3122 5109 3302 5153 autem
3332 5099 3623 5153 Dominum

2024 5208 2132 5245 non
2167 5192 2496 5262 susceperit.
2532 5191 2678 5247 Nihil
2725 5194 2870 5247 enim
2907 5193 3052 5248 sie-a
3089 5193 3199 5247 Deo
3244 5192 3530 5260 dispergit,
3569 5201 3626 5244 ut

2024 5293 2304 5352 pitt'Culttln
2335 5291 2429 5336 :et
2460 5283 2596 5337 nihil
2628 5284 2698 5337 ita
2732 5286 2797 5335 ad
2830 5283 2999 5336 Deum
3032 5293 3314 5353 aggregat,
3344 5294 3398 5334 ut
3427 5283 3618 5335 virtus.

2024 5375 2337 5427 Ostendens
2380 5383 2565 5426 autem
2624 5373 3088 5436 misericordiam,
3142 5374 3260 5427 avis
3312 5371 3621 5440 eXt'JllltllHll

2025 5468 2194 5536 petiit.
2233 5466 2438 5521 Idcirco
2466 5468 2592 5536 quia
2631 5468 2906 5532 noluistis,
2946 5468 3197 5535 relinquo
3231 5465 3492 5534 templum
3529 5466 3621 5514 dr—

2023 5568 2252 5611 sm'tum.
2282 5557 2394 5612 lloe
2422 5559 2541 5614 loco
2572 5559 2872 5623 discamus,
2911 5561 3055 5628 quod
3094 5569 3315 5627 propter
3357 5571 3453 5610 nes
3484 5557 3623 5610 0.21:5

2023 5661 2076 5705 et
2117 5651 2314 5720 templa
2361 5651 2632 5704 inhabitat
2675 5668 2689 5704 :
2726 5651 2869 5720 quod
2911 5651 2955 5706 si
3007 5666 3107 5706 nos
3134 5648 3456 5719 des-perandi
3499 5645 3617 5699 fue-

2029 5745 2219 5806 rimus,
2245 5756 2368 5797 tuue
2397 5745 2846 5815 relinquunturet
2867 5745 3085 5813 templa.
3114 5743 3229 5797 Non
3253 5745 3417 5812 igitur
3447 5755 3529 5793 me
3549 5743 3623 5791 vi-

2029 5838 2250 5906 debitis,
2279 5837 2476 5909 iuquit,
2509 5855 2681 5910 usque
2711 5838 2777 5895 ad
2809 5841 3110 5896 secundum
3131 5840 3446 5894 adventum.
3467 5833 3619 5889 'I'un-c
