4298 6446
289 385 396 451 413

896 383 1340 446 ΕΝΛΠΒᾹἸῚΟ
1383 383 1460 443 IN
1500 380 2001 444 EVAN’GELIUM
2035 383 2425 446 ΜΑΤΤΠΕΙ.
2471 411 2540 420 -
2582 391 2593 443 l

1297 383 1340 444 Ο
1383 383 1460 443 IN
1500 380 2001 444 EVAN’GELIUM
2035 383 2425 446 ΜΑΤΤΠΕΙ.
2471 411 2540 420 -
2582 386 2740 446 CAP.
2781 388 2994 447 XXIV.

3474 385 3582 448 ΜΛ

288 510 388 566 καὶ
418 505 889 578 ψευδοπροφῆται·
919 503 1013 554 καὶ
1043 501 1275 554 δώσουσι
1302 502 1503 566 σημεῖα
1549 497 1761 567 μεγάλα
1792 496 1886 549 καὶ
1918 499 1960 554 Α

1918 499 1960 554 Α
1993 499 2391 565 psmtdochristi
2432 509 2487 555 et
2531 502 3056 571 pseudoprophetm,
3103 510 3156 555 ct
3190 500 3396 554 dabunt
3429 504 3583 568 signa

291 605 522 671 τέρατα,
553 599 693 651 ὥστε
730 595 1020 662 πλανῆσαι,
1070 593 1122 644 εί
1151 590 1395 654 δυνατὸν,
1432 592 1524 641 καὶ
1567 590 1693 652 τοὺς
1724 589 1882 640 ἐκλεα

290 692 475 752 κτούς.
519 689 650 741 ’ἰδοῦ
685 685 993 754 προείρηκα
1047 683 1200 751 ὑμῖν.
1244 699 1261 730 ι
1326 679 1544 748 Ἐπειδὴ
1580 679 1672 730 δύο
1706 695 1882 747 προσ-

293 787 537 852 ήνεγκαν
572 780 870 846 ἐρωτήσεις
923 777 969 826 οξ
1014 773 1277 843 μαθηταὶ,
1338 773 1466 840 περὶ
1503 772 1594 840 τῆς
1628 771 1884 833 ἁλώσεως

291 875 391 940 τῆς
441 870 817 941 Ἰερουσαλὴμ,
869 867 964 920 καὶ
1004 867 1103 936 τῆς
1148 866 1452 934 παρουσίας
1508 864 1602 917 τοῦ
1651 864 1883 934 Κυρίου,

293 963 464 1017 εἰπὼν
495 963 620 1033 περὶ
653 963 748 1030 τῆς
772 959 1049 1023 ἁλώσεως,
1077 956 1330 1010 ἐντεῦθεν
1362 957 1590 1026 ἄρχεται
1626 958 1755 1024 περὶ
1785 956 1886 1026 τῆς

292 1053 492 1105 ἑαυτοῦ
525 1050 851 1121 παρουσίας,
884 1049 978 1101 καὶ
1030 1049 1128 1115 τῆς
1161 1047 1478 1110 συντελείας
1525 1045 1620 1098 τοῦ
1655 1048 1882 1115 κόσμου.

291 1145 367 1197 Τὸ
398 1144 474 1205 δὲ,
511 1145 657 1207 τότε,
698 1143 760 1194 ού
812 1141 972 1193 τοῦτο
1016 1140 1292 1207 ἐμφαίνει,
1345 1141 1425 1192 δτι
1465 1139 1624 1200 εὐθὺς
1661 1140 1799 1207 μετά
1825 1137 1888 1190 τὸ

293 1239 498 1290 ἁλῶναι
523 1237 622 1306 τὴν
663 1234 1038 1306 Ἰερουσαλὴμ,
1072 1233 1166 1285 ἐάν
1212 1249 1295 1295 τις
1328 1234 1456 1302 ὑμῖν
1496 1231 1648 1302 εἴπῃ.
1690 1230 1783 1283 καὶ
1818 1230 1887 1284 τὰ

292 1330 443 1397 ἑξῆς,
479 1327 614 1380 ἀλλά
647 1326 739 1378 τὸν
773 1326 963 1394 καιρὸν
998 1326 1205 1376 ἐκεῖνον
1232 1323 1486 1392 ἐμφαίνει
1520 1323 1640 1374 καθ’
1668 1322 1726 1374 ὃν
1760 1321 1887 1391 μέλ-

291 1420 378 1472 λει
427 1418 787 1488 γενήσεσθαι·
842 1416 985 1468 ὥστε
1025 1411 1164 1468 εῖναι
1211 1415 1272 1468 τὸ
1325 1415 1622 1482 λεγόμενον
1658 1414 1884 1466 τοιόνδε·

292 1514 454 1574 Τότε,
489 1509 756 1573 τουτέστι,
804 1509 934 1561 ὅταν
990 1507 1160 1578 μέλλῃ
1214 1509 1241 1559 6
1288 1508 1656 1576 Ἀντὶχριστος
1689 1505 1885 1569 ἐλθεῖν,

293 1604 510 1657 ἔσονται
543 1602 919 1672 ψευδόχριστοι
970 1600 1064 1654 καὶ
1095 1599 1542 1669 ψευδοπροφῆται
1581 1597 1789 1662 πολλοὶ,
1824 1599 1888 1650 ἐκ

294 1695 592 1764 φαντασὶας
623 1695 896 1763 δαιμόνων
926 1679 1311 1752 διαπαίςοντες
1344 1693 1472 1751 τοὺς
1500 1689 1613 1742 τῶν
1633 1688 1888 1758 ὁρώντων

293 1788 630 1856 ὀφθαλμοὺς,
651 1785 788 1854 πρὸς
816 1785 878 1836 τὸ
906 1783 1186 1854 ἀπατῆσαί
1209 1799 1361 1844 τινας
1379 1799 1391 1812 ·
1423 1781 1561 1834 ῶστε
1586 1781 1653 1850 ῆν
1686 1780 1760 1850 μὴ
1791 1780 1888 1849 νή-

296 1896 466 1947 φωσι,
507 1879 600 1930 καὶ
632 1879 680 1929 οἱ
717 1878 917 1929 δίκαιοι
936 1875 1408 1944 ἁπατηθήσονται.
1450 1873 1592 1926 Ἀλλ’
1620 1873 1746 1940 ὑμῖν
1778 1871 1885 1924 ἰδοὺ

296 1971 606 2040 προείρηκα
642 1987 656 1999 ο
685 1971 784 2022 οὐκ
815 1970 965 2038 ἔχετε
1018 1969 1292 2040 πρόφασιν
1316 1983 1329 1997 ·
1363 1965 1595 2019 δύνασθε
1644 1964 1753 2037 γὰρ
1812 1966 1888 2036 μὴ

295 2063 673 2131 ἀπατηθῆναι.

377 2175 394 2206 ι
451 2153 575 2206 Ἐἀν
607 2147 700 2206 οὖν
728 2152 952 2206 εἴπωσιν
979 2149 1129 2220 ὑμῖν,
1177 2149 1306 2201 Ἰδοὺ
1335 2151 1392 2202 ἐν
1423 2149 1488 2218 τῇ
1525 2148 1719 2218 ἐρήμῳ
1747 2148 1886 2214 ἐστὶ,

299 2247 377 2315 μὴ
405 2245 655 2313 ἐξέλθητε
674 2261 687 2274 ⁸
732 2245 839 2296 ἰδοῦ
890 2245 948 2296 ἐν
975 2244 1087 2304 τοῖς
1107 2241 1381 2311 ταμείοις,
1426 2239 1500 2310 μὴ
1533 2239 1885 2307 πιστεύσητε.

296 2334 513 2404 Ὠσπερ
533 2334 642 2404 γὰρ
666 2334 698 2402 ἡ
728 2333 985 2402 ἀστραπὴ
1012 2332 1297 2401 ἐξέρχεται
1332 2332 1438 2384 ἀπὸ
1459 2331 1758 2395 ἀνατολῶν,
1797 2333 1890 2382 καὶ

295 2426 547 2493 φαίνεται
597 2426 700 2486 ἕως
741 2423 987 2493 δυσμῶν,
1021 2423 1194 2486 οὓτως
1224 2423 1379 2475 ἔσται
1424 2425 1456 2492 ἡ
1485 2420 1760 2490 παρουσία
1790 2421 1886 2474 τοῦ

295 2517 434 2571 Υίοῦ
465 2517 558 2570 τοῦ
583 2517 874 2587 ἀνθρώπου
897 2532 910 2545 °
943 2518 1079 2569 ὅπου
1115 2517 1223 2585 γάρ
1249 2517 1344 2569 ἐὰν
1435 2515 1493 2568 τὸ
1520 2509 1744 2584 πτῶμα,
1771 2516 1894 2566 ἐκεῖ

296 2609 731 2679 συναχθήσονται
779 2611 825 2661 οἱ
867 2609 1034 2662 ἀετοί.
1094 2627 1111 2658 ι
1165 2609 1293 2662 Ἐἀν
1323 2608 1518 2660 ἔλθωσι
1544 2647 1560 2673 ,
1617 2609 1806 2675 φησὶν,
1841 2607 1893 2660 ot

294 2698 638 2761 ἀπατεῶνες,
662 2699 913 2766 λέγοντες
937 2700 1040 2764 ὅτι,
1058 2695 1262 2752 Ἦλθεν
1286 2699 1580 2768 ὀΧριστὸς,
1596 2696 1714 2752 ἀλλ’
1745 2701 1802 2750 ἐν
1824 2699 1890 2766 τῇ

296 2796 494 2865 ἐρήμῳ
531 2795 646 2848 ἐστὶ
703 2795 1102 2863 κρυπτόμενος,
1143 2792 1175 2863 ἢ
1218 2794 1276 2844 ἐν
1324 2793 1473 2861 οἰκία
1520 2792 1647 2852 τινὶ,
1703 2793 1796 2842 καὶ
1835 2791 1894 2844 ἐν

295 2889 413 2949 τοῖς
441 2885 687 2955 ταμείοις
719 2887 810 2936 καὶ
837 2885 1130 2954 ἐσωτέροις
1163 2883 1352 2943 τόποις
1381 2882 1610 2951 ταύτης,
1640 2881 1714 2950 μὴ
1746 2883 1894 2934 ἀπα-

297 2979 503 3048 τηθῆτε
529 2992 544 3006 ’
578 2979 609 3045 ἡ
638 2977 744 3046 γὰρ
779 2975 872 3029 τοῦ
904 2975 1142 3046 Χριστοῦ
1176 2975 1453 3044 παρουσία
1480 2975 1539 3026 οὑ
1591 2973 1770 3026 δέεται
1799 2971 1894 3025 τοῦ

295 3069 588 3134 δείξοντος,
617 3069 754 3121 ἀλλά
785 3070 1105 3136 καταφανὴς
1138 3066 1291 3118 ἔσται
1333 3068 1520 3130 πᾶσιν,
1577 3065 1768 3136 ῶσπερ
1801 3065 1896 3118 καὶ

298 3161 336 3231 ή
367 3160 643 3230 ἀστραπή.
679 3160 788 3212 Καὶ
823 3162 931 3228 γὰρ
978 3157 1122 3226 αῦτη
1161 3158 1256 3210 καὶ
1314 3157 1584 3223 αἰφνίδιός
1631 3158 1770 3219 ἐστι,
1802 3157 1896 3210 καὶ

299 3253 440 3304 πᾶσι
476 3250 776 3320 κατάδηλος
822 3264 834 3277 ⁸
884 3249 1054 3311 οὕτως
1106 3245 1200 3302 οῦν
1252 3248 1482 3319 κάκείνη
1525 3251 1656 3302 πᾶσι
1702 3251 1812 3313 τοῖς
1840 3251 1897 3302 ἐν

299 3342 381 3411 τῷ
410 3343 601 3412 κόσμῳ
626 3342 851 3408 ἔκδηλος
877 3343 1030 3394 ἔσται
1055 3359 1070 3372 ο
1095 3343 1154 3394 οὐ
1191 3343 1302 3412 γὰρ
1349 3343 1542 3410 ῶσπερ
1583 3343 1642 3394 ἐν
1677 3346 1739 3412 τῇ
1767 3359 1898 3412 προ-

297 3434 436 3504 τέρα
453 3433 725 3503 παρουσία
752 3433 862 3484 ἀπὸ
889 3433 1057 3484 τόπου
1091 3434 1170 3494 είς
1197 3434 1362 3485 τόπον
1392 3432 1733 3501 μετέϐαινεν,
1756 3434 1899 3489 οὕτω

301 3531 402 3582 καὶ
433 3531 489 3582 ἐν
522 3531 588 3598 τῇ
619 3527 870 3596 δευτέρᾳ,
907 3525 1022 3578 ἀλλ’
1049 3528 1106 3577 ἐν
1132 3529 1263 3596 ῥιπῇ
1295 3527 1580 3594 ὀφθαλμοῦ
1605 3529 1894 3595 παρέσται.

303 3624 418 3676 Καὶ
452 3622 643 3691 ῶσπερ
698 3621 790 3672 ἐπὶ
823 3621 1017 3689 νεκρὸν
1070 3620 1230 3688 σῶμα
1292 3621 1616 3686 συνάγονται
1647 3622 1812 3686 ὀξέως
1849 3626 1896 3676 ol

301 3715 480 3778 ἀετοὶ,
505 3715 554 3766 οἱ
580 3713 756 3782 γῦπες
782 3713 1008 3782 δηλαδὴ,
1045 3712 1190 3764 οὕτω
1218 3713 1315 3764 καὶ
1343 3713 1475 3765 ἔνθα
1503 3713 1569 3766 ἂν
1597 3716 1681 3782 εἴη
1700 3718 1728 3766 6
1760 3717 1898 3783 Χρι-

303 3808 453 3871 στὸς,
484 3805 799 3859 ἐλεύσονται
824 3804 1028 3867 πάντες
1063 3805 1110 3856 οἱ
1142 3803 1310 3871 ἅγιοι,
1348 3805 1398 3856 ot
1424 3804 1493 3856 τὰ
1526 3805 1707 3874 ὑψηλὰ
1737 3809 1899 3860 πετό-

308 3917 482 3972 μενοι,
511 3901 605 3952 καὶ
632 3900 689 3950 ἐν
709 3901 830 3957 ταῖς
851 3897 1120 3964 νεφέλαις
1137 3897 1594 3968 ἀρπαγησόμενοι
1616 3899 1692 3961 ώς
1724 3901 1893 3952 ἀετοί⁹

303 3992 508 4061 πτῶμα
554 3991 609 4043 δέ
657 3990 871 4052 πάντως
917 3990 945 4041 6
996 3988 1257 4056 Χριστὸς,
1298 3988 1385 4041 διά
1417 3990 1478 4040 τὸ
1528 3993 1717 4042 πεσεῖν
1758 3993 1898 4060 ὑπὲρ

302 4082 465 4155 ἡμῶν
495 4081 592 4136 καὶ
621 4080 934 4134 ἀποθανεῖν.
973 4080 1061 4144 Ὠς
1089 4079 1182 4134 καὶ
1204 4083 1231 4134 6
1255 4081 1485 4149 Συμεὼν
1511 4082 1691 4151 λέγει·
1725 4080 1899 4149 Οὗτος

303 4179 484 4229 κεῖται
515 4177 596 4238 εἰς
626 4173 858 4227 πτῶσιν.

384 4285 404 4316 ε
439 4265 656 4327 Εὐθέως
682 4263 736 4316 δὲ
764 4263 901 4332 μετά
923 4265 1024 4334 τὴν
1077 4262 1259 4331 θλίψιν
1285 4263 1394 4317 τῶν
1420 4267 1647 4337 ἡμερῶν
1677 4268 1900 4322 ἐκείνων

304 4360 333 4411 6
355 4357 507 4428 ἥλιος
530 4356 969 4426 σκοτισθήσεται,
995 4357 1140 4427 καὶὴ
1171 4358 1370 4428 σελήνη
1404 4359 1464 4411 οὑ
1489 4358 1652 4412 δώσει
1681 4361 1744 4413 τὸ
1767 4361 1900 4430 φέγ-

302 4467 400 4518 γος
427 4449 621 4518 αὐτῆς,
657 4451 752 4500 καὶ
778 4450 826 4501 οί
855 4449 1088 4520 ἀστέρες
1114 4451 1409 4505 πεσοῦνται
1443 4454 1551 4506 ἀπὸ
1599 4453 1693 4507 τοῦ
1731 4456 1900 4526 ούρα-

1991 607 2186 660 magna
2229 601 2282 647 et
2317 593 2600 663 prodigia,
2653 595 2722 647 ita
2763 604 2819 647 ut
2865 597 2916 646 in
2968 608 3208 647 errorem
3254 594 3586 648 inducantur

1989 684 2150 736 etiam
2183 683 2365 747 electi,
2414 685 2459 737 si
2495 685 2610 738 fieri
2645 695 2840 753 potest.
2892 683 3029 738 Ecce
3073 684 3297 751 przedixi
3335 685 3508 739 vobis.
3558 705 3577 738 ι

1989 771 2258 837 Quoniam
2306 773 2558 840 discipuli
2605 775 2738 827 duas
2777 775 3104 842 quaestiones
3148 775 3584 840 introduxerant,

1991 879 2154 917 unam
2196 867 2262 918 de
2309 866 2621 934 captivitate
2649 865 2974 927 Jerusalem,
3012 877 3062 918 et
3111 865 3340 918 alteram
3381 866 3446 917 de
3485 867 3583 917 ad-

1989 967 2152 1008 ventu
2196 957 2407 1012 Domini
2439 978 2452 1014 :
2492 970 2774 1028 postquam
2808 959 2873 1012 de
2909 959 3221 1026 captivitate
3259 956 3416 1016 dixit.
3461 957 3584 1010 inde

1990 1059 2042 1101 et
2075 1049 2139 1103 de
2170 1064 2268 1104 suo
2296 1052 2528 1104 adventu
2559 1053 2738 1106 dicere
2775 1051 2961 1118 incipit
3019 1067 3081 1104 ac
3116 1050 3586 1101 consummatione

1991 1142 2198 1196 surculi.
2256 1141 2390 1196 Cum
2426 1153 2606 1196 autem
2645 1142 2795 1207 dicit,
2838 1153 2986 1205 tunc,
3033 1156 3137 1194 non
3171 1140 3274 1193 hoc
3307 1140 3405 1192 sibi
3450 1137 3583 1199 vult,

1993 1237 2133 1302 quod
2175 1236 2358 1290 statim
2396 1244 2518 1304 post
2557 1245 2774 1304 captam
2819 1232 3120 1288 Jerusalem
3144 1273 3157 1296 ,
3192 1231 3236 1285 si
3275 1227 3396 1300 quis
3432 1229 3586 1282 vobis

1998 1327 2163 1391 tlit'at,
2200 1337 2334 1390 etc..
2375 1329 2467 1381 sed
2504 1339 2716 1397 tempus
2753 1327 2879 1379 illud
2914 1326 3154 1379 declarat
3202 1338 3307 1391 quo
3345 1322 3585 1373 futurum

1992 1429 2096 1482 est,
2135 1427 2192 1471 ut
2224 1420 2274 1472 id
2307 1419 2446 1486 quod
2473 1419 2691 1482 dicitur,
2727 1419 2868 1470 hunc
2904 1431 3122 1470 sensum
3153 1415 3380 1467 habeat:
3411 1410 3583 1474 Tune,

1993 1511 2043 1562 id
2077 1519 2177 1569 est,
2211 1524 2318 1576 quo
2347 1519 2589 1578 tempore
2614 1519 2875 1560 venturus
2899 1515 2980 1558 est
3004 1504 3391 1560 Antichristus.
3425 1507 3588 1552 etunt

1993 1598 2389 1668 pseudochristi
2428 1609 2482 1654 et
2517 1597 2999 1668 pseudoprophetze
3027 1589 3212 1656 ‘multi,
3249 1593 3342 1660 qui
3381 1593 3431 1642 in
3474 1591 3585 1642 da?-

1996 1708 2214 1745 tnonum
2267 1691 2607 1761 apparitione
2665 1689 2850 1743 fallent
2907 1687 3205 1740 videntium
3255 1685 3478 1746 oculos,
3531 1692 3589 1734 nt

1995 1786 2258 1852 Quosdam
2301 1783 2592 1851 decipiant,
2652 1791 2816 1850 atque
2855 1781 3018 1839 adeo,
3067 1777 3169 1831 nisi
3218 1778 3370 1828 valde
3421 1773 3585 1827 sobrii

1994 1879 2121 1939 sint,
2165 1887 2219 1930 et
2247 1877 2380 1947 justi
2414 1878 2763 1930 sedncantnr.
2811 1874 2916 1928 Sed
2960 1887 3086 1926 ecce
3131 1868 3584 1940 prardixi'vobis:

1991 1985 2099 2024 neu
2123 1969 2338 2024 habetis
2359 1967 2766 2024 en-usationem
2797 1983 2810 2019 :
2839 1966 3064 2035 potestis
3087 1965 3232 2022 enim
3261 1977 3364 2015 non
3389 1959 3585 2027 deripi.

2068 2147 2233 2204 Vens.
2280 2147 2471 2202 26-28.
2509 2165 2526 2198 ι
2573 2147 2628 2202 Si
2678 2161 2807 2216 ergo
2855 2147 3095 2200 dixerint
3129 2145 3317 2206 vobis,
3357 2141 3492 2194 Ecce
3535 2141 3586 2192 in

1994 2242 2211 2296 deserto
2240 2250 2343 2304 est,
2375 2240 2543 2294 nolite
2574 2240 2723 2292 exire
2756 2255 2770 2291 :
2816 2252 2948 2292 ecce
2977 2237 3029 2290 iu
3064 2234 3455 2304 penetralibus,
3490 2247 3588 2283 uo-

1994 2334 2087 2390 lite
2123 2336 2368 2388 credere.
2406 2331 2560 2386 Sicut
2599 2331 2742 2386 enim
2784 2330 2962 2397 fulgur
2991 2329 3105 2382 exit
3139 2330 3206 2381 ab
3250 2328 3462 2380 oriente
3487 2365 3500 2385 .
3537 2335 3593 2376 et

1998 2435 2218 2496 apparet
2246 2440 2419 2493 usque
2445 2425 2498 2478 in
2526 2424 2892 2498 occidentem,
2932 2421 3006 2474 ita
3041 2422 3145 2474 erit
3174 2419 3437 2473 adventus
3469 2416 3592 2470 Filii

1996 2519 2251 2575 hominis.
2303 2516 2403 2572 Ubi
2454 2517 2598 2571 enim
2648 2514 2810 2570 fuerit
2851 2512 3105 2576 cadaver,
3140 2511 3249 2565 illic
3291 2525 3592 2579 congrega-

1996 2614 2200 2668 buntur
2226 2621 2280 2664 et
2315 2610 2529 2678 aquilae.
2576 2628 2593 2661 ι
2629 2609 2684 2663 Si
2728 2609 2996 2670 venerint,
3031 2606 3222 2675 inquit,
3265 2605 3593 2671 impostores

1998 2705 2262 2770 dicentes,
2302 2703 2460 2772 132
2491 2702 2744 2756 Christus
2771 2699 2938 2763 venit,
2975 2699 3066 2752 sed
3101 2700 3151 2750 in
3189 2697 3482 2752 solitudine
3512 2704 3595 2748 est

1996 2793 2276 2858 occultus,
2310 2793 2393 2847 vel
2422 2793 2473 2844 in
2506 2794 2669 2845 domo
2693 2791 2926 2859 quadarn
2953 2830 2964 2848 ,
3011 2787 3092 2840 vel
3131 2788 3181 2839 in
3209 2787 3596 2854 promptuariis

1998 2897 2054 2941 et
2082 2886 2439 2939 interioribus
2473 2885 2605 2938 locis
2637 2884 2775 2953 ejus,
2807 2898 2874 2936 ne
2908 2879 3281 2948 decipiamioi.
3316 2879 3597 2932 Adventus

2000 2977 2144 3032 enim
2187 2976 2387 3031 Christi
2439 2991 2548 3030 non
2584 2991 2719 3045 opus
2758 2974 2979 3028 habebit
3023 2972 3275 3042 quopiam
3311 2972 3400 3040 qui
3447 2972 3594 3024 illum

2003 3073 2360 3133 demonstret,
2399 3072 2492 3121 sed
2531 3068 2853 3123 manifestus
2892 3065 2998 3118 erit
3037 3062 3322 3123 omnibus,
3364 3063 3501 3115 sicut
3542 3075 3598 3116 et

1924 3181 1966 3239 ο
2002 3162 2201 3232 fulgur.
2238 3160 2373 3214 Nam
2403 3162 2543 3214 sicut
2584 3160 2714 3213 illud
2751 3162 3091 3227 repentinum
3130 3170 3211 3213 est
3259 3168 3311 3211 et
3345 3158 3598 3210 omnibus

2003 3257 2243 3316 clarum,
2294 3255 2366 3306 ita
2401 3261 2454 3307 et
2498 3255 2614 3321 ipse
2644 3253 2896 3306 oumibus
2927 3253 2980 3306 in
3031 3252 3233 3305 mundo
3280 3250 3598 3302 manifestus

2002 3347 2126 3400 erit.
2169 3343 2285 3398 Non
2321 3347 2466 3399 enim
2511 3345 2648 3398 sicut
2699 3344 2752 3396 in
2801 3345 2975 3412 primo
3011 3344 3248 3397 adventu
3288 3341 3354 3395 de
3393 3343 3507 3394 loco
3546 3343 3598 3393 in

2004 3440 2179 3493 locum
2215 3439 2484 3504 transivit,
2530 3439 2600 3491 ita
2631 3447 2681 3491 et
2723 3440 2771 3491 iu
2815 3438 3076 3500 secundo,
3109 3438 3202 3491 sed
3238 3438 3289 3488 in
3323 3446 3599 3488 ammento

2002 3531 2144 3584 oculi
2182 3531 2375 3583 aderit.
2418 3530 2483 3582 Et
2514 3531 2656 3584 sicut
2702 3532 2839 3598 apud
2879 3537 3152 3582 mortuum
3198 3528 3431 3580 cadaver
3466 3543 3599 3580 con-

2004 3635 2300 3695 gregantur
2331 3624 2514 3676 statim
2555 3623 2770 3692 aquilae,
2809 3639 2928 3693 qua:
2972 3624 3214 3678 vultures
3259 3633 3403 3684 sunt,
3443 3622 3519 3672 sic
3550 3634 3600 3672 ⁴·ι

2003 3727 2194 3766 omnes
2233 3712 2408 3766 sancti
2465 3713 2688 3766 venient
2737 3729 2802 3767 eo
2856 3715 2943 3767 ubi
2986 3713 3243 3767 Christus
3296 3712 3480 3766 foenit.
3537 3710 3598 3763 lli

2003 3803 2145 3858 enim
2180 3804 2232 3856 in
2257 3818 2469 3857 summa
2509 3803 2711 3866 volant.
2743 3815 2795 3857 et
2833 3805 2883 3858 in
2924 3809 3093 3859 nubes
3126 3805 3429 3872 rapientur,
3461 3804 3602 3856 sicut

2004 3900 2218 3970 aquilae.
2265 3897 2515 3953 Cadaver
2560 3905 2741 3952 autem
2785 3899 2986 3952 dicitur
3028 3897 3315 3959 Christus,
3350 3898 3472 3966 quia
3507 3913 3603 3964 pro

2006 3994 2162 4047 nobis
2197 3991 2394 4046 cecidit
2423 4001 2478 4044 et
2503 4001 2745 4045 mortuus
2775 4001 2857 4044 est
2887 4011 2899 4044 :
2931 3993 3069 4046 sicut
3102 4003 3155 4045 et
3193 3990 3418 4045 Simeou
3448 3991 3601 4053 dicit,

2005 4086 2104 4142 llic
2139 4088 2351 4155 positus
2381 4095 2463 4141 est
2494 4086 2547 4141 in
2580 4098 2792 4142 casum.

2079 4265 2248 4321 Vens.
2309 4267 2401 4324 29.
2466 4285 2484 4319 ι
2535 4264 2731 4322 Statim
2788 4275 2970 4320 autem
3025 4277 3144 4335 post
3195 4265 3610 4323 tribulationem

2006 4362 2216 4417 dierum
2251 4361 2467 4416 illorum
2503 4360 2586 4415 sol
2623 4361 3028 4426 obscurabitur,
3059 4371 3112 4414 et
3148 4360 3273 4413 luna
3317 4378 3420 4415 ιιοιι
3458 4364 3609 4417 dabit

2009 4454 2194 4509 lumen
2235 4470 2416 4520 suum,
2441 4465 2495 4510 et
2535 4455 2708 4510 stella:
2743 4456 2940 4509 cadent
2978 4455 3046 4509 de
3081 4456 3240 4520 caelo,
3285 4467 3338 4510 et
3376 4460 3604 4508 νὶιοιιιιυς

302 4541 546 4606 velut
582 4541 637 4592 at
689 4540 950 4611 δυνάμεις
968 4541 1077 4596 τῶν
1107 4543 1357 4614 οὐρανῶν
1390 4525 1842 4617 σαλευθήσονται.
1875 4566 1896 4600 ι
1933 4525 1986 4587 D

1933 4525 1986 4587 θ
2013 4549 2275 4602 cmlorum
2308 4549 2816 4603 commovebuntur.
2852 4567 2872 4601 ι
2905 4547 3038 4603 Post
3065 4551 3378 4610 adventum,
3410 4551 3607 4617 inquit,

303 4637 461 4691 Μετά
515 4633 616 4704 τὴν
645 4633 741 4686 τοῦ
796 4634 1194 4705 Ἀντιχρίστου,
1255 4639 1446 4708 φησὶν,
1497 4639 1736 4702 ἐλευσιν,
1773 4641 1898 4712 ἥτις

301 4733 438 4798 ταχὺ
465 4730 781 4800 λυθήσεταιο
807 4729 965 4784 τοῦτο
995 4732 1103 4802 γάρ
1129 4731 1215 4785 διὰ
1239 4731 1333 4786 τοῦ
1359 4733 1580 4800 εὐθέως
1599 4736 1891 4807 ἐδήλωσεν·

300 4823 331 4875 6
351 4821 503 4890 ἣλιος
541 4821 984 4893 σκοτισθήσεται,
1017 4824 1141 4876 ἀντὶ
1156 4823 1251 4878 τοῦ
1281 4826 1772 4898 ἀμαυρωθήσεται,
1796 4831 1898 4884 οὒκ

302 4913 726 4983 ἀφανιζόμενος,
781 4915 916 4970 ἀλλά
946 4916 1246 4995 νικώμενος
1265 4917 1342 4988 τῷ
1372 4922 1472 4990 τῆς
1509 4920 1603 4974 τοῦ
1657 4923 1900 4993 Χριστοῦ

303 5006 611 5076 παρουσίας
641 5005 781 5074 φωτί
801 5020 815 5034 ⁶
837 5003 1026 5077 ῶσπερ
1048 5007 1142 5059 καὶ
1165 5007 1234 5060 τὰ
1255 5007 1431 5079 ἄστρα
1477 5012 1570 5064 καὶ
1605 5013 1637 5082 ἡ
1675 5012 1895 5084 σελήνη·

298 5097 385 5161 ⁶τίς
417 5099 524 5167 γὰρ
550 5096 630 5150 ἔτι
681 5097 839 5168 χρεία
887 5097 1133 5150 τοιούτου
1162 5098 1426 5168 αἰσθητοῦ
1458 5103 1656 5170 φωτὸς,
1701 5105 1896 5169 νυκτὸς

299 5193 404 5246 οὐκ
434 5190 628 5258 οὔσης.
648 5194 740 5244 καὶ
765 5191 860 5245 τοῦ
902 5191 1087 5246 Ἡλίου
1114 5193 1210 5263 τῆς
1238 5195 1590 5266 δικαιοσύνης
1612 5197 1891 5266 ὀφθέντος;

314 5283 481 5337 nam
515 5284 608 5337 καὶ
645 5283 700 5336 αἱ
723 5283 980 5353 δυνάμεις
1013 5284 1122 5337 τῶν
1149 5286 1400 5357 οὐρανῶν
1436 5287 1891 5360 σαλευθήσονται,

299 5376 582 5429 τουτέστιν
639 5375 1082 5446 ἐκπλαγήσονται
1149 5378 1244 5429 καλ⁸
1328 5376 1634 5448 φρίξουσιν,
1691 5381 1899 5451 ὁρῶσαι

296 5468 402 5536 τὴν
427 5467 606 5520 κτίσιν
637 5466 1050 5538 ἀλλοιουμένην,
1076 5467 1172 5519 καὶ
1196 5470 1404 5531 πάντας
1435 5472 1562 5534 τοὺς
1589 5471 1701 5524 ἀπὸ
1720 5473 1898 5545 Ἀδάμ

302 5558 471 5631 μέχρι
504 5557 624 5612 τότε
658 5558 984 5628 ἀνθρώπους
1007 5557 1200 5620 δώσειν
1239 5561 1532 5628 μέλλοντας
1572 5562 1780 5632 λόγον-

381 5668 403 5702 ι
438 5649 548 5704 Καὶ
577 5648 700 5704 τότε
731 5652 1036 5720 φανήσεται
1061 5653 1121 5706 τὸ
1150 5657 1374 5725 σημεῖον
1395 5655 1488 5709 τοῦ
1522 5656 1650 5710 Υίοῦ
1678 5657 1773 5713 τοῦ
1804 5660 1894 5713 ἀν-

375 5831 420 5863 "
450 5827 616 5888 Zach.
647 5846 756 5904 xiv,
785 5831 839 5902 4,
867 5846 1021 5904 seqq.

2008 4645 2329 4699 Antichristi
2353 4683 2367 4707 ,
2403 4644 2495 4712 qui
2532 4644 2682 4709 bnevi
2722 4644 3002 4698 solvetur:
3045 4646 3143 4699 hoc
3178 4645 3319 4697 enim
3357 4648 3603 4698 declara-

2009 4739 2086 4791 vit
2114 4751 2209 4806 per
2242 4737 2346 4790 hoc
2378 4738 2522 4811 quod
2554 4735 2706 4801 d1cit,
2739 4736 2923 4791 statim
2957 4752 2970 4789 :
3012 4737 3093 4790 sal
3128 4737 3605 4800 obtenebrabitur,

2010 4827 2112 4881 hoc
2137 4836 2248 4894 εει,
2276 4827 2678 4892 obscurabitur,
2711 4842 2814 4881 non
2849 4826 3156 4896 disparetts,
3187 4827 3279 4880 sed
3317 4839 3608 4895 superatus

2018 4919 2214 4972 iumine
2243 4919 2509 4973 adventus
2534 4916 2761 4982 Christi,
2789 4901 3247 4988 quemadmodum
3276 4930 3327 4972 et
3356 4921 3524 4972 Stellzl:
3550 4930 3605 4973 et

2010 5011 2132 5064 luna
2183 5027 2197 5063 :
2246 5009 2378 5078 quid
2425 5009 2570 5063 enim
2625 5021 2889 5078 prmterea
2940 5024 3076 5078 Optls
3131 5011 3238 5064 erit
3293 5011 3601 5079 hojnstuodi

2007 5102 2248 5159 sensibili
2285 5102 2515 5164 lumine,
2559 5117 2682 5156 cum
2730 5117 2833 5155 non
2866 5112 2972 5155 erit
3015 5117 3153 5165 uox,
3195 5103 3288 5156 sed
3322 5105 3604 5172 apparebit

2005 5196 2098 5252 Sol
2132 5197 2356 5263 justitia:
2387 5196 2474 5250 ἰζ’
2528 5196 2668 5264 Quin
2710 5209 2762 5250 et
2801 5197 3033 5249 virtutes
3069 5197 3331 5248 caelorum
3363 5213 3605 5249 commo-

2006 5293 2307 5356 Vebuotur,
2352 5292 2454 5345 hoc
2481 5301 2597 5356 est,
2635 5291 3023 5359 obstupescent
3052 5303 3100 5346 et
3139 5293 3488 5355 borresceut,
3523 5291 3605 5344 vi-

2004 5383 2195 5438 dentes
2249 5394 2564 5438 creaturam
2615 5384 2928 5447 immutari,
2974 5394 3028 5436 et
3078 5397 3268 5436 omnes
3320 5383 3387 5434 ab
3434 5383 3610 5433 Adam

2005 5492 2177 5547 usque
2218 5479 2284 5531 ad
2325 5476 2456 5530 illud
2503 5487 2715 5545 tempus
2759 5476 3011 5531 homines
3056 5477 3322 5530 rationem
3353 5477 3602 5528 daturos.

2076 5656 2246 5715 Vens.
2279 5658 2369 5715 '50.
2413 5675 2431 5709 ι
2468 5659 2535 5712 Et
2567 5665 2698 5712 tunc
2723 5656 3004 5727 apparebit
3026 5630 3243 5728 signum
3275 5652 3396 5711 Filii
3429 5653 3607 5709 homi-
