4298 6446
769 376 880 442 423

1329 483 1555 541 CAPUT
1597 483 1764 538 XXV.

768 623 846 682 De
890 627 1060 679 decem
1109 621 1415 687 virginibus.
1477 621 1733 672 Pnrabola
1777 635 1952 687 eorum
2002 617 2090 684 qni
2135 617 2328 667 tulenia

1073 686 1401 760 acceperunt.
1441 691 1511 742 De
1548 692 1768 742 adventu
1802 686 2018 740 Christi.

838 823 1002 878 Vatis.
1032 824 1145 877 1-5.
1178 840 1195 872 ι
1231 822 1379 875 Tunc
1403 819 1790 897 assitnilaliitnr
1819 833 2039 885 regnum
2071 816 2328 870 cmlnrmn

766 914 948 967 decem
1003 914 1321 980 virginibus,
1373 927 1494 980 quae
1535 912 1765 979 sumptis
1797 909 2133 976 lampadibus
2177 906 2333 975 136

765 1006 878 1058 Suis
907 1007 1154 1057 exierunt
1200 1005 1250 1055 in
1283 1018 1568 1056 occursum
1614 1016 1831 1068 sponso.
1876 1001 2121 1068 Quinque
2153 1010 2330 1052 autem

765 1111 828 1148 ex
855 1097 958 1147 illis
976 1105 1128 1147 erant
1151 1096 1466 1163 prudentes,
1490 1102 1542 1147 et
1570 1095 1806 1161 quinque
1831 1091 2008 1144 fatuae.
2032 1091 2159 1156 Qum
2178 1099 2334 1143 erant

764 1184 954 1246 fatuas,
1011 1185 1247 1249 acceptis
1299 1183 1638 1251 lampadibus
1687 1184 1820 1244 suis,
1856 1197 1958 1234 non
2017 1186 2334 1246 acceperant

763 1276 936 1328 oleum
963 1290 1141 1329 secum
1171 1292 1184 1329 :
1214 1276 1500 1347 prudentes
1531 1289 1658 1326 vero
1702 1281 2052 1339 sumpserant
2077 1271 2252 1323 oleum
2280 1271 2331 1321 in

763 1371 908 1419 vasis
953 1369 1095 1430 suis,
1146 1382 1250 1418 una
1309 1382 1432 1419 cum
1480 1365 1836 1430 lampadibus.
1885 1361 2158 1417 Tardante
2207 1375 2334 1414 vero

762 1471 962 1523 sponso
991 1457 1419 1509 dormitaverunt
1465 1469 1652 1508 omnes
1679 1468 1742 1508 ac
1775 1453 2130 1506 dormierunt.
2164 1470 2182 1502 ι
2223 1448 2334 1504 Sub

761 1561 992 1614 persona
1036 1549 1300 1616 virginum
1354 1547 1603 1616 proponit
1650 1545 1961 1614 parabolam
2000 1545 2065 1598 de
2097 1543 2332 1598 eleenio-

761 1652 887 1707 syna
917 1655 930 1690 :
963 1649 1019 1689 ut
1059 1639 1311 1705 quoniam
1355 1652 1605 1705 magnum
1635 1653 1769 1705 opus
1797 1646 1880 1690 est
1913 1635 2224 1704 virg'nitas,
2270 1649 2335 1688 ne

760 1731 881 1797 quis
928 1730 1055 1781 illud
1099 1743 1263 1782 unum
1300 1743 1522 1790 curans,
1570 1727 1672 1780 alia
1710 1727 1983 1796 negligat,
2025 1725 2115 1779 sed
2161 1725 2333 1778 discat

760 1817 900 1884 quod
929 1819 1130 1885 absque
1154 1817 1496 1887 eleemosyna
1520 1818 1683 1870 etiam
1713 1818 1950 1886 virgines
1983 1831 2103 1868 cum
2138 1817 2330 1869 scortis
2365 1805 2407 1862 Β

761 1909 1068 1974 ejirientur.
1107 1907 1302 1961 Merito
1335 1919 1514 1961 autem
1564 1909 1654 1977 qui
1699 1904 2070 1976 coinpassione
2097 1917 2246 1961 caret
2275 1917 2329 1961 et

763 2002 1129 2055 misericordia
1154 2038 1170 2064 ,
1204 2002 1437 2069 eiicitur,
1475 2003 1637 2054 etiam
1671 2001 1713 2053 si
1758 2004 1904 2068 virgo
1940 2001 2030 2055 sit.
2075 1999 2325 2054 Scortnm

758 2093 898 2146 enim
927 2093 993 2145 ab
1017 2090 1299 2146 sﬂ'ectione
1326 2092 1601 2160 tyrannica
1632 2101 1971 2159 expugnatur
1993 2100 2044 2145 et
2071 2091 2326 2154 naturali,

758 2184 1146 2239 itumisericors
1179 2193 1356 2238 autem
1400 2199 1428 2236 a
1457 2185 1680 2238 divitiis.
1713 2181 1928 2249 Quanto
1971 2184 2132 2252 igitur
2180 2183 2329 2237 inﬁr-

757 2277 895 2326 iuius
936 2278 1019 2326 cui
1060 2275 1475 2337 obluctandum,
1522 2283 1672 2326 tanto
1705 2275 1896 2326 minori
1941 2275 2095 2325 venia
2137 2273 2329 2341 dignus

752 2366 951 2432 estqui
992 2377 1332 2432 expugnatur
1373 2365 1439 2417 ab
1483 2365 1724 2418 avaritiae
1767 2364 1976 2418 morbo.
2027 2365 2092 2417 Et
2131 2367 2327 2419 stultus

756 2455 967 2520 quidem
1001 2465 1102 2516 est,
1139 2457 1226 2522 qui
1261 2455 1427 2508 vincit
1460 2455 1706 2508 naturale
1742 2456 2081 2522 incendium,
2118 2466 2171 2509 et
2207 2458 2327 2510 vin-

756 2547 898 2597 citur
953 2562 979 2597 a
1043 2561 1205 2613 parva
1261 2549 1612 2612 pecuniarum
1665 2547 1958 2614 cupiditate
2008 2562 2067 2600 ac
2118 2549 2324 2600 inorbo.

758 2637 1076 2687 Dorinitatio
1111 2647 1192 2689 est
1241 2653 1405 2688 mors.
1461 2637 1605 2688 Mora
1654 2646 1830 2688 autem
1875 2640 2057 2704 Sponsi
2108 2639 2324 2704 dicitur,

754 2729 875 2794 quia
911 2742 1014 2779 non
1048 2733 1227 2782 statim
1265 2728 1532 2781 secundus
1563 2729 1824 2781 adientns
1860 2731 1930 2780 tit.

832 2967 996 3021 Vens.
1028 2967 1182 3020 ιιο15.
1226 2986 1244 3018 ι
1294 2965 1465 3022 Porro
1509 2969 1684 3022 medio
1721 2969 1892 3022 noctis
1921 2966 2124 3020 clamor
2153 2970 2326 3019 laetus

756 3069 877 3110 est:
939 3056 1072 3109 Etce
1120 3070 1350 3124 sponsus
1398 3057 1576 3119 venit,
1623 3057 1766 3130 exite
1814 3057 2023 3108 obviam
2071 3058 2138 3110 ei.
2178 3054 2327 3110 Tunc

1623 370 2200 433 TIIEUPHYLACTI
2238 365 2651 428 BULGARIA!
2690 368 3045 430 ARCHIEP.

3909 364 4014 429 4:24

3016 479 3265 534 ΚΕΦΔΛ.
3309 480 3436 534 κε’.

2433 617 2570 682 Περὶ
2611 619 2730 670 τῶν
2759 618 2902 672 δέκα
2939 621 3270 688 παρ’ζένων.
3299 616 3454 688 Περὶ
3487 613 3606 688 tibi:
3636 615 3710 688 τά
3749 613 4018 688 τάλαντα

2508 689 2830 740 λαϐόντων.
2861 684 3143 759 ΠερΓτῆς
3173 687 3470 751 ἐλεύσεως
3503 685 3608 739 τοῦ
3623 684 3944 753 ιηκριστοῦ.

2507 844 2525 878 ι
2555 825 2688 880 Τότε
2727 827 3123 899 ὁμοιωθήσεται
3150 830 3184 897 ἡ
3213 825 3458 896 βασιλεία
3485 826 3594 878 τῶν
3613 824 3860 895 οὐρανῶν
3884 823 4020 878 δέκα

2435 917 2743 988 παρθένοις,
2773 919 2975 982 αἵτινες
3005 918 3273 970 λαϐοῦσαι
3310 916 3410 978 τὰς
3465 915 3755 984 λαμπάδας
3808 913 4014 973 αὐτῶν,

2433 1009 2656 1077 ἐξῆλθον
2685 1013 2766 1074 είς
2825 1011 3134 1080 ἀπάντησιν
3173 1007 3266 1061 τοῦ
3300 1007 3558 1077 νυμφίου.
3585 1005 3757 1058 Πέντε
3789 1005 3848 1057 δὲ
3871 1000 4017 1075 ἦσαν

2435 1099 2495 1162 ἐξ
2549 1099 2726 1151 αὐτῶν
2776 1100 3052 1169 φρόνιμοι,
3114 1101 3205 1151 καὶ
3239 1099 3297 1150 αἱ
3348 1098 3509 1148 πέντε
3563 1096 4019 1166 μωραί·αἴτινες

2439 1193 2638 1260 μωραὶ,
2673 1190 2937 1244 λαϐοῦσαι
2973 1192 3070 1256 τὰς
3102 1191 3391 1258 λαμπάδας
3444 1184 3659 1249 αὐτῶν,
3697 1189 3797 1240 οὐκ
3830 1187 4022 1240 ἐλασον

2439 1283 2557 1350 μεθ’
2584 1271 2789 1334 ἑαυτῶν
2821 1281 3000 1333 ἔλαιον
3026 1298 3039 1309 ·
3075 1280 3214 1333 αι’δδ
3245 1279 3500 1350 φρόνιμοι
3534 1276 3724 1330 ἔλασαν
3755 1276 3934 1330 ἐλαιον
3964 1279 4020 1327 ἐν

2434 1374 2545 1433 τοῖς
2573 1371 2816 1438 ἀγγείοις
2871 1369 3048 1422 αὐτῶν
3103 1367 3244 1438 μετά
3294 1367 3399 1420 τῶν
3453 1366 3756 1436 λαμπάδων
3814 1365 4014 1418 αὐτῶν.

2436 1462 2788 1533 Χρονίζοντος
2808 1463 2864 1516 δὲ
2897 1462 2992 1518 τοῦ
3021 1464 3278 1531 νυμφίου,
3335 1460 3633 1525 ἐνύσταξαν
3684 1462 3855 1515 πᾶσαι
3927 1464 4020 1514 καὶ

2435 1555 2743 1608 ἐκάθευδον.
2777 1574 2795 1607 ι
2837 1555 2961 1608 Ἐπὶ
2983 1554 3076 1608 τοῦ
3114 1553 3405 1624 προσώπου
3435 1555 3542 1607 τῶν
3575 1554 3862 1624 παρθένων
3890 1571 4019 1622 σχη-

2439 1647 2654 1715 ματίζει
2674 1647 2774 1713 τὴν
2806 1647 2933 1716 περὶ
2964 1645 3335 1717 ἐλεημοσύνης
3358 1645 3696 1716 παραϐολὴν,
3716 1645 3802 1698 ἵνα
3826 1647 4015 1718 ἐπειδὴ

2441 1739 2582 1806 μέγα
2631 1738 2866 1807 πρᾶγμά
2909 1739 3048 1802 ἐστι,
3089 1738 3163 1807 μὴ
3194 1727 3352 1790 τοῦτο
3403 1735 3564 1806 μόνον
3598 1737 3883 1806 κατορθῶν
3913 1754 4016 1800 τις,

2435 1829 2608 1898 ἀμελῇ
2635 1830 2742 1881 τῶν
2765 1829 2960 1882 ἄλλων·
2993 1829 3130 1882 ἀλλά
3161 1829 3396 1899 μάνθανε
3421 1831 3494 1892 ὡς
3515 1829 3614 1899 τῆς
3646 1827 4041 1898 ἐλεημοσύνης,

2434 1922 2624 1991 χωρὶς,
2649 1921 2751 1974 κᾶν
2777 1922 3073 1990 παρθενίαν
3094 1921 3245 1992 ἔχῃς,
3279 1922 3415 1991 μετά
3435 1923 3652 1990 πορνῶν
3680 1921 4018 1993 ἐκϐληθήσῃ.

2437 2013 2676 2073 Εἰκότως
2700 2012 2756 2065 δὲ
2788 2015 2818 2066 6
2843 2013 3174 2084 ἀσυμπαθὴς
3200 2014 3295 2066 καὶ
3318 2013 3507 2080 ἀνελεή
3519 2031 3636 2082 μων
3668 2012 4017 2076 ἐκϐάλλεται,

2437 2103 2540 2156 κᾶν
2598 2102 2971 2174 παρθένος-εἵη
3000 2120 3015 2134 ·
3044 2106 3072 2156 6
3127 2105 3226 2173 μέν
3258 2104 3369 2174 γᾶς)
3437 2103 3636 2173 πόρνος
3685 2105 3892 2167 πάθους
3927 2107 4021 2174 ητ-

2435 2194 2570 2264 τὴθη
2604 2195 2926 2264 τυραννικοῦ
2963 2211 3022 2246 τε
3055 2196 3149 2248 καὶ
3199 2193 3429 2263 φυσικοῦ
3456 2211 3471 2226 ο
3527 2197 3555 2247 6
3598 2196 3657 2248 δὲ
3704 2197 4022 2266 ἀνελεήμων

2435 2287 2753 2356 χρημάτων.
2787 2288 2936 2356 Ὂσῳ
2962 2286 3056 2340 οὖν
3087 2290 3114 2340 6
3143 2288 3557 2357 ἀνταγωνιστὴς
3633 2290 4022 2360 ἀσθενέστερος

2435 2381 2674 2447 τοσούτῳ
2706 2379 3099 2448 ἀσυγχώρητος
3128 2379 3155 2431 6
3185 2379 3430 2447 νικηθεὶς
3462 2379 3570 2430 ὑπὸ
3598 2377 3692 2431 τοῦ
3727 2380 3826 2448 τῆς
3865 2381 4021 2446 φιλοο

2435 2471 2748 2540 χρηματιας
2781 2473 2988 2534 πάθους
3009 2486 3022 2499 ·
3055 2473 3150 2524 καὶ
3184 2472 3434 2542 μωρὸςδὲ
3458 2475 3486 2526 6
3520 2472 3763 2535 τοιοῦτος
3793 2473 3862 2526 δι’
3888 2474 4022 2527 αὐτὸ

2435 2564 2616 2627 τοῦτο,
2644 2563 2704 2614 τὸ
2742 2567 2963 2630 νικῆσαι
3003 2564 3102 2631 μὲν
3133 2564 3368 2634 φυσικὴν
3402 2564 3669 2632 πύρωσιν,
3722 2566 4021 2635 ἡττηθῆναι

2435 2657 2490 2708 δὲ
2519 2656 2610 2708 τοῦ
2671 2656 2867 2725 μικροῦ
2902 2657 3105 2718 πάθους
3163 2656 3273 2709 τῶν
3327 2657 3627 2727 χρημάτων
3653 2675 3665 2686 ·
3709 2657 4022 2728 νυσταγμδς

2435 2747 2513 2809 δὲ,
2546 2749 2572 2799 ό
2607 2746 2852 2806 θάνατος.
2904 2747 3210 2816 Χρονισμὸς
3260 2748 3316 2800 δέ
3367 2748 3461 2800 τοῦ
3540 2751 3800 2818 νυμφίου,
3857 2749 3920 2802 τὸ
3949 2748 4023 2818 μὴ

2438 2837 2716 2906 συντόμως
2740 2836 2985 2902 γίνεσθαι
3012 2836 3111 2907 τὴν
3146 2838 3407 2907 δευτέραν
3445 2841 3774 2909 παρουσίαν.

2513 2970 2530 3000 ι
2557 2949 2744 3016 Μέσης
2767 2949 2818 3000 δὲ
2842 2948 3036 3011 νυκτὸς
3059 2949 3273 3020 κραυγὴ
3307 2950 3549 3018 γέγονεν’
3569 2952 3698 3004 Ἰδοὺ
3728 2952 3757 3003 6
3789 2951 4025 3024 νυμφίος

2437 3042 2675 3114 ἔρχεται,
2710 3044 2994 3114 ἐξέρχεσθε
3022 3046 3103 3105 είς
3131 3044 3435 3113 ἀπάντησιν
3467 3044 3656 3097 αὑτοῦ.
3693 3045 3826 3097 Τότε
3852 3045 4024 3116 ἡγέρ·

755 3159 1109 3201 sui-rexerunt
1152 3164 1338 3201 omnes
1375 3151 1610 3216 virgines
1653 3148 1784 3208 ιιιω,
1832 3157 1884 3200 et
1928 3158 2328 3218 apparaverunt
2358 3157 2402 3216 ο
2438 3139 2452 3189 ί

2325 3189 2328 3199 ,
2358 3157 2402 3216 c
2438 3139 2609 3205 θησαν
2635 3140 2801 3190 πᾶσαι
2831 3139 2886 3189 al
2916 3138 3173 3205 παρθένοι
3199 3138 3426 3202 ἐκεῖναι,
3458 3139 3552 3192 καὶ
3582 3139 3895 3209 ἐκόσμησαν
3921 3140 4022 3203 τάς

755 3240 1029 3302 lampades
1053 3255 1196 3293 suas.
1234 3238 1416 3293 Fatuae
1441 3250 1620 3293 autem
1643 3240 1993 3308 prudentibus
2032 3240 2324 3294 dixerunt:

755 3329 889 3384 Date
936 3334 1090 3384 nobis
1125 3333 1189 3383 de
1222 3333 1340 3385 oleo
1395 3347 1575 3386 vestro
1600 3373 1612 3394 ,
1664 3336 1784 3398 quia
1821 3331 2098 3400 lampades
2129 3344 2325 3385 nostra:

759 3426 1200 3488 eutinguuntur.
1222 3425 1286 3477 Et
1307 3425 1700 3491 responderunt
1731 3423 2022 3491 prudentes
2049 3423 2322 3476 dicentes:

753 3514 1126 3585 Nequaquam,
1156 3531 1219 3570 ne
1245 3532 1346 3569 non
1378 3516 1609 3570 sitllicial
1636 3516 1789 3569 nubis
1827 3525 1883 3567 et
1915 3515 2083 3569 vobis.
2116 3511 2218 3567 Sed
2253 3513 2327 3566 ite

754 3613 933 3678 potius
977 3613 1042 3661 ad
1090 3624 1183 3662 eos
1227 3611 1314 3676 qui
1366 3600 1641 3671 vendunt,
1695 3616 1750 3661 et
1806 3608 1969 3660 emite
2019 3608 2324 3674 vobisipsis.

754 3700 922 3754 Porro
967 3701 1093 3754 dum
1139 3703 1275 3753 irent
1307 3714 1582 3767 emptum,
1633 3701 1791 3762 venit,
1825 3713 2085 3768 Sponsus,
2121 3707 2174 3751 et
2211 3712 2328 3765 quae

753 3801 952 3858 parata
981 3801 1155 3854 erant,
1188 3795 1529 3856 intrqverunt
1561 3807 1682 3844 cum
1709 3805 1773 3844 eo
1794 3793 1861 3843 ad
1897 3793 2135 3858 nuptias,
2174 3790 2328 3842 clau-

754 3896 922 3946 saque
953 3892 1036 3936 est
1081 3884 1266 3950 janua.
1320 3883 1512 3936 Postea
1558 3898 1684 3937 vero
1733 3882 1956 3937 veniunt
2007 3892 2060 3936 et
2109 3882 2328 3950 reliquae

756 3973 1013 4041 virgines,
1058 3975 1337 4028 dicentes:
1372 3975 1619 4038 Domine,
1665 3973 1920 4036 Domine,
1961 3975 2107 4040 aperi
2149 3975 2324 4026 nobis.

757 4067 824 4118 At
855 4067 943 4120 ille
989 4066 1316 4134 respondens
1343 4069 1416 4119 ait
1438 4106 1453 4129 ,
1485 4069 1653 4120 Amen
1692 4068 1814 4121 dico
1845 4067 1996 4120 vobis
2018 4106 2032 4128 ,
2069 4081 2169 4117 nun
2205 4080 2326 4118 novi

755 4171 871 4209 vos.
911 4155 1139 4222 Vigilate
1177 4158 1394 4224 itaque,
1434 4158 1558 4222 quia
1595 4157 1814 4208 nescitis
1842 4155 1981 4207 diem
2020 4168 2193 4222 neque
2230 4157 2326 4209 lio-

763 4263 877 4303 ram
910 4266 1012 4317 qua
1048 4247 1216 4303 Filius
1251 4249 1485 4302 hominis
1520 4249 1715 4302 veniet.
1757 4266 1774 4298 ι
1804 4247 1973 4300 Media
2008 4257 2163 4301 nocte
2200 4248 2331 4302 dicit

753 4341 1044 4396 clamorem
1082 4341 1227 4404 lieri,
1281 4350 1336 4392 ut
1366 4339 1616 4393 ostendat
1642 4341 1780 4407 quod
1813 4340 1891 4393 sic
1933 4340 2331 4408 inexspectatus

751 4437 934 4487 veniat
966 4431 1242 4494 Dominus,
1276 4433 1426 4500 quasi
1467 4431 1640 4485 inedia
1671 4441 1826 4484 nocte
1865 4445 2051 4484 omnes
2091 4433 2329 4486 dormia-

755 4537 874 4577 mus
925 4522 1193 4591 profundo
1228 4537 1439 4575 somno.
1467 4522 1534 4573 At
1566 4537 1685 4574 cuni
1727 4520 1961 4574 clamore
1998 4522 2161 4584 venit,
2200 4527 2324 4574 tuba

755 4617 897 4668 enim
928 4617 1141 4667 sanabit
1167 4615 1217 4665 in
1250 4616 1484 4667 secundo
1517 4616 1771 4664 adventu.
1820 4612 2117 4681 Lanipades
2148 4627 2326 4666 autem

755 4706 947 4758 anima:
970 4711 1168 4758 nostrae
1192 4743 1206 4766 ,
1235 4713 1290 4757 et
1324 4703 1744 4770 uniuscujusth
1781 4718 1930 4755 inens
1969 4706 2170 4770 lampas
2205 4718 2286 4757 εει
2311 4743 2326 4766 ,

755 4809 874 4864 quae
899 4804 1026 4846 tunc
1049 4792 1384 4856 accenditur,
1412 4793 1625 4859 quando
1657 4791 1813 4843 habet
1864 4792 2038 4859 oleum
2069 4793 2323 4844 virtutum

756 4895 810 4940 et
845 4885 1296 4939 misericordiam.
1341 4883 1522 4936 Fatua:
1556 4891 1733 4936 autem
1769 4884 2001 4952 virgines
2033 4882 2152 4936 ideo
2184 4884 2329 4952 quod

758 4987 882 5030 tunc
920 4977 1196 5043 requirant.
1223 4974 1422 5037 oleum,
1458 4989 1580 5028 cuin
1615 4989 1719 5027 non
1757 4975 1827 5027 sit
1857 4975 2158 5043 negotiandi
2192 4989 2328 5026 teni-

757 5081 878 5135 pus.
914 5065 1079 5120 l’urro
1115 5067 1407 5132 prudentes
1433 5066 1639 5129 dicunt,
1677 5062 1752 5118 Ne
1790 5065 1925 5119 forte
1956 5080 2060 5118 ιιοιι
2103 5064 2330 5119 suﬂiciat

759 5153 914 5206 nobis
951 5165 1003 5205 et
1054 5154 1221 5205 vobis.
1267 5152 1448 5206 Virtus
1474 5155 1616 5206 enim
1656 5155 1881 5222 proximi
1923 5156 2025 5210 tnei
2066 5157 2152 5208 vix
2183 5157 2329 5208 sulliv

762 5247 864 5298 ciet
908 5245 981 5298 illi
1023 5248 1087 5298 ad
1119 5243 1482 5300 defensionem
1507 5288 1521 5310 ,
1571 5256 1775 5300 tantum
1823 5250 1976 5302 abest
2013 5256 2141 5302 utet
2179 5250 2329 5302 inibi.

758 5340 836 5394 Ex
867 5342 979 5393 suis
1008 5341 1152 5393 enim
1194 5340 1394 5408 quique
1439 5339 1691 5406 operibus
1726 5339 2181 5406 juSIilleabuntur,
2226 5359 2329 5396 non

760 5433 1150 5502 proximorum.
1199 5430 1305 5485 Sed
1341 5431 1498 5484 fatuae
1527 5433 1592 5486 ad
1637 5436 1930 5487 vendentes
1962 5439 2161 5488 abeunt
2184 5475 2196 5497 ,
2233 5436 2331 5488 hoc

756 5535 860 5584 est,
895 5522 961 5577 ad
991 5538 1275 5592 pauperes.
1308 5523 1573 5578 Caeterum
1607 5525 1748 5593 quod
1779 5524 1899 5578 dico
1936 5526 2076 5579 hunc
2108 5542 2327 5580 sensum

758 5613 963 5671 hlbel;
998 5614 1343 5671 Penitudine
1376 5615 1648 5671 ducuntur
1687 5616 1880 5680 fatuae,
1913 5632 1978 5671 eo
2017 5619 2159 5687 quod
2191 5619 2331 5673 elce-

760 5719 1040 5775 mosynsm
1088 5722 1194 5763 non
1250 5707 1478 5764 fecerint
1519 5725 1532 5762 :
1580 5718 1632 5763 et
1680 5724 1820 5763 nunc
1873 5712 2103 5777 primum
2157 5713 2332 5763 senuit

755 5801 903 5868 quod
936 5813 962 5852 a
998 5802 1320 5871 pauperibus
1350 5811 1597 5871 oporteat
1631 5815 1727 5857 nos
1759 5800 1932 5857 oleum
1962 5802 2178 5857 emisse.
2216 5801 2321 5857 Hoc

2431 3231 2716 3300 λαμπάδας
2745 3229 2947 3293 αὐτῶν,
2977 3232 3032 3282 αἱ
3062 3230 3118 3283 δὲ
3155 3232 3334 3300 μωραὶ
3367 3234 3487 3294 ταῖς
3513 3234 3798 3302 φρονίμοις
3831 3228 3988 3286 εῐπον
4008 3250 4022 3261 ⁸

2431 3324 2557 3374 Δότε
2581 3324 2713 3392 ἡμίν
2736 3325 2798 3375 ὲκ
2828 3323 2920 3374 τοῦ
2951 3323 3129 3375 ἐλαίου
3163 3323 3336 3390 ὑμῶν,
3362 3324 3442 3375 ὅτι
3469 3325 3525 3376 αι
3555 3324 3839 3393 λαμπάδες
3861 3325 4023 3395 ἡμῶν

2433 3413 2767 3466 σϐέννυνται.
2806 3416 3207 3484 Ἀπεκρίθησαν
3235 3414 3289 3467 δέ
3317 3416 3373 3467 αἱ
3405 3411 3682 3485 φρόνιμοι,
3718 3415 3979 3482 λέγουσαι
4004 3433 4015 3446 ⁸

2430 3504 2655 3572 Μήποτε
2698 3505 2796 3556 οὑκ
2831 3505 3043 3575 ἀρκέσῃ
3086 3506 3214 3574 ὑμῖν
3265 3506 3359 3557 καὶ
3393 3507 3543 3574 ἡμῖν.
3611 3506 3914 3577 Πορεύεσθε
3966 3509 4024 3561 δὲ

2435 3597 2632 3664 μᾶλλον
2673 3597 2808 3665 πρὸς
2857 3598 2983 3658 τοὺς
3017 3598 3348 3662 πωλοῦντας,
3398 3597 3492 3649 καὶ
3541 3599 3848 3667 ἀγοράσατε
3893 3603 4020 3654 ἐαυ-

2431 3691 2574 3749 ταῖς.
2636 3686 3050 3757 Ἀπερχομένων
3099 3689 3153 3741 δὲ
3205 3687 3386 3741 αὐτῶν
3440 3689 3730 3758 ἀγοράσαι,
3787 3684 3952 3759 ἦλθεν
3993 3693 4024 3744 6

2432 3779 2684 3848 νυμφίος,
2711 3781 2803 3831 καί
2831 3781 2886 3832 αί
2919 3779 3124 3849 ἕτοιμοι
3151 3778 3398 3849 εἰσῆλθον
3435 3781 3552 3848 μετ’
3594 3780 3759 3833 αὑτοῦ
3787 3785 3869 3845 εἰς
3893 3783 4021 3845 τοὺς

2432 3870 2666 3938 γάμους,
2700 3869 2793 3921 καὶ
2823 3869 3075 3938 ἐκλείσθη
3106 3872 3137 3940 ή
3177 3869 3315 3941 θύρα
3341 3886 3354 3900 ·
3410 3869 3637 3941 ὕστερον
3675 3872 3732 3924 δέ
3767 3872 4024 3942 ἔρχονται

2433 3963 2528 4013 καὶ
2576 3962 2628 4012 αἱ
2659 3961 2844 4013 λοιπαὶ
2882 3961 3163 4030 παρθένοι,
3223 3960 3481 4028 λέγουσαι
3513 3978 3528 3994 ο
3563 3962 3760 4033 Κύριε,
3819 3963 4023 4033 Κύριε,

2433 4051 2642 4115 ἄνοιξον
2674 4053 2827 4122 ἡμῖν.
2884 4052 2941 4104 Ὀ
2971 4052 3025 4103 δέ
3064 4051 3386 4119 ἀποκριθεὶς
3416 4047 3570 4105 εἶπεν
3602 4069 3613 4078 ·
3667 4052 3840 4124 Ἀμὴν
3879 4054 4025 4124 λέγω

2435 4143 2583 4212 ὑμῖν,
2616 4144 2714 4194 οὐκ
2745 4139 2861 4194 οἶδα
2893 4145 3055 4212 ὑμᾶς.
3088 4143 3420 4214 Γρηγορεῖτε
3455 4142 3568 4206 οὖν,
3607 4144 3689 4196 ὅτι
3718 4146 3819 4197 οὐκ
3841 4145 4023 4199 οἴδατε

2433 4236 2531 4304 τὴν
2571 4235 2785 4304 ἡμέραν
2818 4235 2937 4286 οὐδὲ
2965 4235 3062 4303 τὴν
3084 4235 3234 4305 ὦραν
3259 4238 3318 4287 ἐν
3407 4240 3433 4286 6
3454 4236 3578 4296 Υἱὸς
3604 4234 3699 4290 τοῦ
3730 4236 4023 4306 ἀνθρώπου

2438 4327 2709 4396 ἔρχεται.)
2742 4328 3031 4395 Μεσούσης
3061 4331 3160 4395 τῆς
3191 4327 3380 4387 νυκτὸς
3409 4327 3559 4394 λέγει
3588 4329 3835 4399 κραυγὴν
3867 4331 4027 4397 γενέ-

2438 4419 2581 4482 σθαι,
2627 4421 2712 4471 ἵνα
2763 4418 2910 4489 δείξῃ
2961 4421 3041 4472 ὅτι
3085 4420 3404 4482 ἀνέλπιστος
3459 4421 3680 4489 ἔρχεται
3727 4423 3755 4472 6
3790 4419 4020 4492 Κύριος,

2438 4509 2628 4580 ὥσπερ
2663 4511 3016 4580 μεσονυκτίου
3075 4512 3273 4573 πάντες
3326 4511 3429 4580 ήδη
3480 4511 3816 4582 καθεύδομεν
3868 4513 4026 4583 βαθεῖ

2438 4603 2612 4671 ὕπνῳ.
2670 4603 2829 4656 Ἀλλά
2876 4604 3014 4670 μετά
3051 4602 3299 4671 κραυγῆς
3333 4594 3574 4673 ἔρχεται*
3626 4604 3864 4670 σάλπιγξ
3914 4605 4024 4676 γάρ

2437 4697 2631 4765 ἠχήσει
2679 4697 2735 4747 ἐν
2776 4699 2840 4763 τῇ
2872 4696 3098 4765 δευτέρᾳ
3129 4695 3442 4765 παρουσίαο
3488 4696 3773 4765 λαμπάδες
3811 4696 3890 4759 δὲ,
3925 4699 4024 4750 καὶ

2437 4790 2492 4841 al
2517 4789 2686 4858 ψυχαὶ
2724 4791 2902 4858 ἡμῶν,
2942 4793 3034 4842 καὶ
3065 4791 3092 4841 6
3123 4789 3242 4852 νοῦς
3292 4789 3528 4841 ἑκάστου
3565 4789 3788 4859 λαμπάς
3835 4790 4021 4843 ἐστιν·

2440 4882 2558 4948 ἥτις
2611 4881 2730 4932 τότε
2768 4881 3089 4944 ἀνάπτεται,
3113 4880 3200 4932 ὅτε
3232 4880 3345 4948 εχει
3370 4879 3430 4932 τὸ
3452 4881 3559 4933 τῶν
3591 4880 3806 4950 ἀρετῶν
3838 4881 4022 4936 ἔλαιον

2437 4973 2530 5024 καὶ
2560 4973 2659 5043 τὴν
2690 4973 3060 5042 ἐλεημοσύνην
3081 4989 3094 5002 ·
3125 4974 3307 5042 μωραὶ
3339 4972 3394 5024 δὲ
3423 4972 3591 5034 ὅντως
3625 4974 3762 5025 εἰσὶν
3801 4974 3856 5027 ai
3883 4990 4024 5044 παρ-

2438 5066 2578 5116 θένοι
2610 5066 2700 5116 καὶ
2733 5064 2872 5116 κατά
2905 5063 3084 5128 τοῦτο,
3131 5063 3266 5116 καθὸ
3295 5065 3414 5116 τότε
3449 5065 3680 5134 ἐζήτουν
3714 5066 3775 5117 τὸ
3817 5066 4018 5132 ἔλαιον,

2434 5158 2522 5210 ὅτε
2571 5159 2670 5210 οὐκ
2729 5157 2810 5209 ἔτι
2866 5159 3057 5228 καιρὸς
3108 5159 3518 5228 πραγματείας.
3576 5159 3726 5211 Λιδὲ
3763 5158 4025 5229 φρόνιμοί

2436 5267 2566 5316 φασι
2600 5267 2611 5279 ο
2654 5251 2879 5316 Μήποτε
2911 5249 3008 5300 οὐκ
3043 5250 3258 5322 ἀρκέσῃ
3295 5252 3429 5319 ἡμῖν
3475 5252 3569 5303 καὶ
3598 5251 3748 5320 ὑμῖν.
3807 5250 3872 5302 Ἥ
3912 5254 4023 5319 γὰρ

2438 5342 2604 5410 ἀρετὴ
2650 5340 2744 5392 τοῦ
2780 5340 3004 5410 πλησίον
3039 5358 3141 5410 μου
3195 5343 3347 5410 μόλις
3374 5341 3603 5411 ἀρκέσει
3637 5342 3832 5413 ἐκείνῳ
3882 5344 4023 5412 πρὸς

2439 5430 2755 5498 ἀπολογίαν.
2793 5431 3008 5499 μήτιγε
3057 5433 3150 5483 καὶ
3178 5432 3330 5500 ἐμοί·
3368 5433 3600 5494 ἕκαστος
3644 5432 3755 5503 γὰρ
3794 5436 3860 5485 ἐκ
3912 5433 4023 5486 τῶν

2439 5524 2614 5594 ἔργων
2659 5523 2823 5575 αὑτοῦ
2850 5523 3296 5593 δικαιωθήσεται,
3326 5525 3447 5595 οὐχὶ
3476 5523 3585 5577 τῶν
3617 5523 3712 5576 τοῦ
3766 5524 4018 5593 πλησίον.

2444 5614 2585 5669 Ἀλλ’
2613 5617 2666 5667 αἱ
2701 5615 2886 5684 μωραὶ
2941 5616 3077 5685 πρὸς
3125 5616 3252 5678 τοὺς
3304 5617 3614 5679 πιιλλοῦντας
3661 5618 4018 5686 ἀπέρχονται,

2440 5707 2706 5770 τουτέστι,
2745 5708 2880 5776 πρὸς
2907 5707 3032 5769 τοὺς
3079 5707 3336 5778 πένητας.
3373 5711 3439 5760 Ὀ
3470 5707 3526 5761 δέ
3575 5709 3721 5775 λέγει
3775 5707 4018 5760 τοιοῦτόν

2443 5803 2594 5854 ἐστι’
2629 5800 3041 5871 Μετσμέλονται
3091 5800 3146 5853 αι
3216 5801 3397 5871 μωραὶ
3453 5799 3586 5853 διότι
3630 5803 3704 5872 μὴ
3758 5799 4023 5870 ἐποίησαν
