4298 6446
265 384 378 452 425

882 381 1328 450 ENIA‘RIMTIO
1364 382 1447 448 IN
1487 379 1995 447 EYANGELIUM
2033 379 2427 444 huuTH/EI.
2470 405 2542 419 —
2578 378 2744 442 CAP.
2785 378 2969 440 XXV.

3444 371 3549 446 ω

265 497 661 572 ἐλεημοσύνην,
692 499 788 554 καὶ
825 495 924 554 νῦν
952 497 1172 570 πρῶτον
1219 494 1588 566 γινώσκουσιν
1631 493 1715 549 δτι
1744 491 1856 548 ἀπὸ
1881 493 1932 557 Α
1961 498 1962 546 i

1881 493 1932 557 Α
1961 493 2129 566 igitur
2164 492 2326 565 137
2376 502 2460 550 est
2505 493 2651 563 quod
2691 491 2822 548 dicit
2865 489 3018 546 abire
3055 487 3124 545 ad
3157 486 3459 546 vendentes
3493 496 3555 542 ut

263 589 379 644 τῶν
411 594 663 662 πενήτων
709 589 817 643 ἔδει
847 589 998 660 ἡμᾶς
1018 586 1081 642 τὸ
1109 587 1290 642 ἐλαιον
1335 585 1508 656 ἔχειν.
1543 583 1718 647 Τοῦτο
1758 581 1853 637 οὐν

264 679 419 732 ἐστιν
466 680 494 733 δ
526 679 696 746 λέγει,
752 679 834 732 ὅτι
884 677 1128 749 ἀπῆλθον
1161 676 1298 747 πρὸς
1349 675 1477 737 τούς
1535 672 1852 738 πωλοῦντας

265 770 535 838 ἀγοράσαι
563 767 765 833 ἔλαιον,
789 767 1093 832 τουτέστιν,
1117 765 1362 837 ἀπῆλθον
1387 766 1453 836 τῇ
1479 762 1689 833 διανοίᾳ
1717 764 1854 833 πρὸς

266 859 396 921 τοὺς
426 857 685 928 πένητας,
722 859 817 911 καὶ
847 857 1225 926 ἐνελογίσαντο
1275 851 1390 908 οἷον
1427 855 1632 922 ἀγαθὸν
1663 857 1696 925 ἡ
1734 855 1852 907 ἐλε-

267 948 540 1018 ημοσύνη,
580 949 716 1004 ἀλλά
744 948 854 1020 γάρ
881 948 1136 1019 ικλείσθη
1186 947 1379 1010 αὐταῖς
1407 948 1440 1017 ἡ
1471 945 1612 1018 θύρα
1634 962 1649 977 °
1682 963 1852 1015 μετα-

268 1036 494 1106 μιλείας
521 1036 630 1108 γάρ
658 1038 752 1090 καὶ
780 1037 1044 1108 ἐργασίας
1073 1034 1267 1108 καιρδς
1305 1036 1407 1089 οὐκ
1443 1033 1558 1087 ἐστι
1591 1034 1730 1105 μετά
1754 1033 1854 1104 τὴν

264 1127 480 1181 ἐνθένδε
509 1128 831 1183 ἀποσιωσιν.
870 1129 929 1182 '0
951 1127 1298 1198 γοῦνΚύριος
1323 1127 1471 1194 λέγει
1500 1126 1716 1188 αὐταῖς·
1739 1126 1856 1180 Οὐκ

265 1215 386 1272 οἶδα
415 1221 580 1290 ὑμᾶς.
620 1221 677 1273 ὐ
712 1223 822 1292 γὰρ
876 1220 1258 1292 φιλάνθρωπος
1316 1220 1412 1274 καὶ
1463 1219 1711 1290 ἐλεήμων
1755 1219 1857 1273 οὐκ

265 1306 380 1364 οἵδε
409 1310 508 1374 τάς
528 1311 924 1382 ἀνελεήμονας.
975 1311 1100 1376 Πῶς
1141 1311 1249 1381 γὰρ
1277 1313 1376 1372 τάς
1407 1310 1700 1374 ἀλλοτρίας
1756 1309 1856 1360 αὐ-

265 1403 365 1456 τοῦ
422 1404 516 1456 καὶ
548 1404 844 1474 ἀνομοίας;
872 1403 1112 1457 Γίνωσκε
1134 1402 1210 1455 -δέ
1263 1404 1346 1456 ὅτι
1378 1403 1472 1455 καὶ
1526 1403 1676 1455 πᾶσα
1708 1401 1855 1472 ψυχὴ

266 1495 525 1565 λαμπάδα
564 1498 659 1551 καὶ
704 1497 986 1566 φωτισμὸν
1033 1498 1097 1548 ἐκ
1149 1493 1287 1548 Θεοῦ
1348 1494 1497 1564 ἔσχε,
1534 1496 1628 1549 καὶ
1681 1496 1855 1548 πᾶσαι

267 1589 575 1658 ἐγείρονται
629 1590 710 1652 εἰς
743 1590 1073 1658 συνάντησιν
1121 1587 1216 1640 τοῦ
1265 1588 1472 1658 Κυρίου
1496 1601 1510 1616 ·
1545 1588 1717 1642 πᾶσαι
1747 1588 1858 1659 γάρ

267 1680 599 1751 ἐπιθυμοῦσι
631 1680 724 1735 τοῦ
771 1680 1105 1751 συναντῆσαι
1150 1672 1247 1734 καί
1300 1677 1646 1758 συναφθῆναι
1695 1678 1853 1750 Θεῷ·

267 1774 407 1828 ἀλλά
431 1775 525 1828 τοῦ
550 1770 684 1828 Θεοῦ
707 1775 890 1838 δόντος
924 1773 1204 1843 φωτισμὸν
1243 1773 1337 1826 καὶ
1364 1771 1647 1843 λαμπάδα,
1673 1773 1728 1827 αἰ
1754 1771 1856 1840 μέν

1962 596 2210 642 emerent
2245 585 2426 641 oleum
2457 599 2473 640 :
2512 585 2614 641 hoc
2647 593 2767 650 est,
2807 590 2991 638 mente
3025 581 3275 636 abierunt
3313 580 3379 634 ad
3417 595 3558 649 pau-

1963 692 2141 748 peres,
2171 687 2225 734 et
2251 692 2443 733 secum
2471 678 2781 748 cogitarunt
2805 673 2966 744 quale
2991 673 3192 728 bonum
3224 671 3296 727 sit
3321 671 3558 726 eleemo-

1963 785 2094 840 syna
2119 808 2135 834 ,
2183 770 2279 824 sed
2312 769 2498 824 clausa
2531 776 2616 821 est
2653 767 2734 822 eis
2773 767 2941 836 janua
2975 770 3158 833 :.post
3200 764 3368 817 vitam
3403 762 3550 816 enim

1965 857 2123 912 istam
2171 871 2276 911 non
2325 866 2408 912 est
2448 857 2539 910 ltic
2584 867 2798 923 tempus
2839 854 3136 922 pmnitendi
3177 862 3230 907 et
3273 853 3557 924 operandi.

1964 950 2202 1005 Proinde
2229 949 2493 1004 Dominus
2529 949 2660 1004 dicit
2704 948 2830 1011 illis,
2869 947 3066 1003 Nescio
3093 963 3208 1002 vos.
3246 945 3560 1002 Misericors

1963 1045 2112 1099 enim
2141 1053 2193 1098 et
2232 1043 2522 1098 miserator
2559 1042 2822 1097 Dominus
2857 1042 3031 1096 nescit
3071 1040 3558 1095 itnmisericordes.

1964 1134 2248 1200 Quomodo
2289 1134 2434 1188 enim
2478 1134 2772 1188 dissimiles
2814 1142 2870 1187 et
2906 1132 3114 1186 alienos
3159 1147 3189 1186 a
3239 1145 3299 1186 se
3339 1128 3562 1184 nosset?

1965 1224 2116 1280 Scito
2156 1225 2378 1296 insuper
2415 1240 2632 1280 omnem
2674 1225 2912 1278 animam
2963 1239 2990 1275 a
3037 1222 3144 1278 Deo
3190 1222 3391 1276 habere
3433 1221 3561 1274 illu-

1965 1318 2291 1372 strationem
2323 1327 2375 1370 et
2403 1317 2709 1386 lampadem
2737 1355 2752 1378 ,
2794 1327 2848 1369 et
2889 1329 3078 1368 omnes
3118 1329 3344 1382 surgere
3380 1313 3430 1366 in
3465 1328 3560 1366 oc-

1965 1421 2188 1461 cursum
2228 1405 2461 1460 Domini.
2503 1407 2708 1460 Omnes
2739 1407 2883 1458 enitn
2920 1404 3233 1457 desiderant
3270 1415 3562 1456 occurrere

1965 1506 2021 1553 et
2045 1497 2298 1569 conjungi
2340 1494 2488 1563 Deo,
2527 1498 2622 1552 sed
2656 1499 2765 1552 Deo
2793 1497 2955 1552 dante
2998 1495 3302 1563 lampadem
3342 1505 3396 1549 et
3438 1494 3563 1548 illu-

1965 1589 2306 1653 strationem,
2339 1590 2634 1660 prudentes
2657 1589 2877 1660 quidem
2908 1589 3046 1644 bene
3071 1588 3350 1656 operando
3376 1587 3556 1641 oleum

1967 1679 2290 1741 immittunt,
2322 1678 2484 1734 fatua:
2513 1688 2690 1733 autem
2723 1679 2909 1734 sinunt
2939 1677 3242 1746 lampadem
3270 1677 3390 1729 sine
3419 1674 3559 1728 oleo.

1964 1769 2343 1826 Escluduntur
2377 1771 2541 1841 igitur
2574 1785 2681 1825 non
2725 1771 2991 1825 habentes
3019 1769 3163 1823 bona
3210 1781 3398 1836 opera,
3432 1779 3564 1836 pro-

268 1866 527 1936 φρόνιμοι
554 1867 643 1921 διά
677 1866 778 1937 τῆς
828 1865 1200 1937 ἀγαθοεργίας
1233 1864 1621 1935 ἐπιϐάλλουσιν
1655 1863 1861 1920 ἐλαιονο
1895 1859 1938 1917 Β

1895 1859 1938 1917 Β
1967 1869 2088 1931 pter
2113 1876 2234 1932 qua:
2265 1862 2588 1918 accenditur
2617 1861 2671 1915 in
2707 1859 2814 1915 illis
2843 1859 3028 1914 lumen
3056 1875 3071 1913 :
3106 1858 3208 1914 nisi
3241 1859 3386 1914 enim
3423 1859 3565 1911 bona

272 1960 330 2010 αἰ
379 1959 438 2012 δέ
475 1960 664 2030 μωραὶ
690 1960 861 2014 ἐῶσαι
891 1961 992 2022 τὰς
1039 1956 1332 2028 λαμπάδας
1359 1956 1670 2024 ἀνελαίους,
1716 1955 1854 2010 ἀπο-

1968 1969 2134 2024 opera
2165 1954 2453 2020 faciamus,
2480 1953 2850 2025 e'xstinguitur
2876 1952 3060 2008 lumen
3090 1949 3185 2006 Dei
3219 1950 3274 2005 in
3313 1948 3489 2005 nobis.

280 2052 593 2120 κλείονται,
630 2055 708 2125 μὴ
737 2053 964 2123 έχουσαι
1007 2051 1189 2122 ἀγαθά
1222 2052 1364 2122 έργα
1405 2049 1475 2105 δι’
1504 2044 1581 2106 ῶν
1608 2050 1808 2122 ἀνάψει
1853 2050 1916 2105 τὸ
1948 2052 2008 2106 ἐν
2041 2051 2234 2116 αὐταῖς
2266 2050 2418 2123 φῶςο
2479 2051 2576 2105 ἐὰν
2601 2048 2715 2123 γὰρ
2762 2047 2841 2122 μὴ
2870 2048 2942 2103 τά
2974 2046 3120 2102 καλά
3171 2045 3566 2119 ἐργαζώμεθα,

266 2148 586 2218 ἐσδέσαμεν
616 2147 677 2201 τὸ
702 2148 762 2202 ἐν
792 2148 926 2217 ἡμῖν
957 2148 1073 2217 φῶς
1108 2145 1202 2200 τοῦ
1229 2143 1390 2199 Θεοῦ.

346 2259 367 2292 ε
399 2242 613 2312 Ὠσπερ
645 2239 753 2310 γὰρ
797 2239 1086 2309 ἄνθρωπος
1125 2239 1449 2310 ἀποδημῶν,
1476 2236 1701 2292 ἐκάλεσε
1728 2238 1856 2302 τούς

270 2334 437 2397 ἰδίους
471 2333 712 2396 δούλους,
742 2332 836 2386 καὶ
862 2331 1184 2402 παρέδωκεν
1221 2331 1410 2394 αὐτοῐς
1443 2329 1512 2384 τά
1536 2329 1855 2401 ὑπάρχοντα

266 2422 460 2488 αὐτοῦ,
493 2423 588 2477 καὶ
612 2415 656 2490 ᾧ
684 2424 782 2493 μὲν
838 2423 1008 2476 ῑδωκε
1044 2422 1207 2476 πέντε
1233 2422 1493 2486 τάλαντα,
1524 2415 1568 2490 ᾧ
1589 2422 1646 2475 δέ
1675 2421 1789 2487 δύο,
1814 2414 1861 2490 ᾧ

265 2515 328 2568 δὲ
365 2513 447 2578 ἐν,
477 2513 694 2585 ἐκάστῳ
713 2512 854 2567 κατά
882 2513 981 2584 τὴν
1025 2513 1164 2566 ἰδίαν
1208 2511 1445 2582 δύναμιν
1464 2553 1478 2577 ,
1527 2513 1620 2566 καὶ
1649 2514 1857 2583 ἀπεδή-

270 2624 450 2678 μησεν
483 2607 707 2671 εὐθέως.
739 2606 1032 2679 Πομυθείς
1059 2607 1116 2661 δέ
1141 2608 1170 2660 6
1198 2607 1268 2662 τά
1295 2607 1459 2661 πέντε
1497 2606 1737 2662 τάλαντα
1759 2608 1857 2662 λαο

267 2700 406 2769 σῶν,
435 2688 734 2771 εἰργάσατο
756 2703 814 2756 ἐν
837 2701 1046 2765 αὐτοῖς,
1090 2702 1187 2754 καὶ
1238 2700 1497 2772 ἐποίησεν
1523 2699 1660 2754 ἀλλα
1692 2700 1860 2757 πέντε

265 2795 510 2848 τάλαντα
529 2810 543 2826 ·
575 2793 840 2858 ὡσαύτως
881 2794 976 2848 καὶ
1004 2797 1031 2848 ὀ
1073 2793 1142 2848 τά
1172 2793 1288 2862 δύο,
1329 2794 1594 2866 ἐκέρδησε
1634 2795 1730 2847 καὶ
1755 2794 1857 2848 αὐ-

265 2885 361 2947 τὸς
379 2885 515 2940 ἀλλα
538 2871 665 2938 δύοῖ
709 2884 738 2938 6
784 2885 842 2939 δέ
871 2885 933 2938 τὸ
962 2884 1022 2939 ἐν
1049 2885 1255 2952 λαϐὼν,
1287 2884 1540 2941 ἀπελθὼν
1563 2884 1773 2958 ὤρυξεν
1801 2885 1861 2943 ἐν

264 2978 337 3047 τῇ
366 2979 462 3048 γῇ,
487 2977 584 3032 καὶ
607 2976 892 3050 ἀπέκρυψε
922 2977 984 3031 τὸ
1017 2979 1283 3050 ἀργύριον
1307 2977 1405 3033 τοῦ
1446 2980 1641 3050 κυρίου
1666 2979 1856 3035 αὐτοῦ.

266 3066 427 3122 Μετά
463 3067 519 3120 δὲ
554 3068 746 3140 χρόνον
805 3068 998 3133 πολὺν,
1034 3069 1256 3142 ἔρχεται
1289 3072 1319 3124 6
1365 3069 1559 3141 κύριος
1595 3070 1706 3124 τῶν
1734 3071 1860 3126 δού-

2041 2238 2206 2294 Vens.
2238 2234 2425 2292 i649.
2467 2253 2488 2288 s
2527 2233 2682 2290 Sicut
2707 2234 2857 2290 enim
2889 2233 3054 2290 homo
3086 2232 3308 2304 quidam
3341 2250 3570 2308 peregre

1965 2328 2358 2403 proﬁciscens,
2403 2329 2620 2383 vocavit
2678 2341 2871 2383 servos
2912 2341 3044 2383 suos
3092 2335 3147 2382 et
3188 2327 3414 2383 tradidit
3459 2327 3570 2382 illis

1965 2424 2107 2480 bona
2136 2437 2257 2488 sua,
2278 2431 2337 2477 et
2366 2421 2494 2475 huic
2516 2421 2739 2491 quidem
2765 2421 2914 2476 dedit
2935 2421 3185 2492 quinque
3215 2421 3439 2487 talenta,
3472 2420 3566 2476 alii

1965 2524 2148 2570 autem
2180 2515 2321 2581 duo,
2371 2514 2463 2567 alii
2513 2528 2641 2569 vero
2674 2528 2880 2581 unum,
2927 2513 3224 2584 unicuique
3266 2514 3566 2569 secundum

1967 2607 2249 2679 propriam
2282 2607 2619 2671 facultatem,
2657 2617 2712 2661 ct
2748 2605 3029 2676 prolectus
3062 2616 3148 2662 est
3178 2607 3388 2661 statim.
3421 2606 3572 2660 Abiit

1965 2708 2150 2753 autem
2180 2697 2274 2768 qui
2319 2698 2565 2768 quinque
2614 2698 2816 2753 talenta
2854 2707 3176 2768 acceperat,
3219 2709 3272 2753 et
3305 2707 3572 2768 operatus

1964 2801 2048 2848 est
2078 2792 2129 2845 in
2164 2791 2244 2847 eis
2265 2832 2281 2859 ,
2313 2799 2370 2847 et
2414 2791 2652 2847 coniecit
2700 2791 2877 2846 altera
2910 2790 3174 2862 quinque.
3218 2790 3486 2848 Similiter
3517 2798 3575 2845 ct

1966 2884 2058 2955 qui
2083 2883 2195 2939 duo
2225 2892 2538 2953 acceperat,
2581 2884 2825 2940 lucratus
2860 2894 2948 2940 est
2977 2892 3032 2939 et
3070 2883 3187 2954 ipse
3216 2882 3326 2938 duo
3349 2883 3526 2937 altera
3552 2898 3568 2934 :

1965 2978 2061 3048 qui
2088 2987 2269 3031 autem
2300 2992 2467 3032 unum
2507 2987 2820 3048 acceperat,
2851 2978 3045 3032 abiens
3077 2975 3212 3031 fodit
3250 2976 3303 3030 in
3341 2984 3570 3040 terram,

1964 3077 2022 3125 et
2059 3069 2348 3126 abscondit
2391 3069 2682 3140 pecuniam
2733 3068 2941 3124 domini
2989 3067 3096 3124 sui.
3155 3066 3292 3123 Post
3333 3069 3571 3124 multum

268 3160 382 3212 λων
403 3161 651 3226 ἐκείνων,
685 3163 780 3216 καὶ
806 3163 1054 3234 συναίρει
1081 3163 1199 3234 μετ’
1223 3163 1403 3218 αὐτῶν
1419 3165 1598 3233 λόγον.
1624 3183 1644 3218 a
1674 3165 1861 3220 Εἰπὼν
1887 3165 1932 3226 C

1887 3165 1932 3226 (Ξ
1966 3181 2100 3223 vero
2136 3167 2402 3237 temporis
2436 3169 2586 3223 venit
2620 3167 2881 3223 dominus
2913 3180 3200 3222 servorum
3237 3164 3479 3227 illorum,
3515 3172 3572 3219 et

268 3251 386 3306 ἀνω
418 3253 500 3306 ὅτι
539 3254 656 3306 Οὐκ
680 3253 861 3308 οἴδατε
898 3255 998 3326 τὴν
1023 3257 1240 3328 ἡμέραν
1265 3258 1352 3312 ὅτε
1390 3257 1513 3328 ἥξει
1567 3258 1598 3310 6
1628 3257 1859 3331 Κύριος,

268 3346 600 3418 προστίθησι
620 3348 716 3400 καὶ
744 3348 845 3421 τὴν
873 3347 1191 3421 παραϐολὴν
1219 3348 1453 3421 ταύτην,
1481 3350 1746 3405 δεικνύων
1777 3352 1862 3405 ὅτι

267 3463 562 3531 αἰφνιδιως
607 3459 920 3513 ἐλεύσεται·
965 3456 1171 3512 ὡσανεὶ
1198 3455 1310 3528 γὰρ
1340 3455 1631 3526 ἄνθρωπος
1656 3455 1865 3524 ἀποδη-

271 3555 418 3626 μῶν,
449 3555 595 3609 οὕτω
614 3553 680 3618 δὴ
713 3553 811 3606 καὶ
834 3554 864 3606 6
895 3549 1084 3622 κύριος
1126 3551 1358 3605 ἐκάλεσε
1389 3551 1518 3615 τούς
1550 3552 1716 3616 ἰδίους
1737 3552 1864 3606 δού-

268 3645 418 3711 λως,
441 3645 542 3700 καὶ
585 3643 714 3700 τάδε
759 3644 854 3698 καὶ
881 3643 1010 3700 τάδε
1037 3643 1224 3706 αὐτοῖς
1255 3641 1483 3698 διέθετο.
1531 3644 1864 3717 Ἀποδημείν

267 3738 366 3793 εἰν
396 3737 615 3806 λέγεται
649 3738 678 3791 6
699 3736 768 3790 δι’
791 3736 944 3814 ημᾶς
967 3733 1258 3806 γενόμενος
1289 3733 1580 3806 ἄνθρωπος
1603 3736 1863 3807 Χριστὸς,

271 3829 307 3897 ἢ
345 3829 484 3881 καθὸ
523 3827 694 3896 ἀνέϐη
725 3825 807 3889 εἰς
830 3824 1174 3897 οὐρανοὺς,ἢ
1208 3823 1346 3879 καθὸ
1371 3826 1739 3896 μακροθυμεῖ,
1767 3825 1866 3880 καὶ

269 3920 372 3974 οὐκ
403 3917 564 3982 εὐθὺς
597 3918 822 3972 ἀπαιτεῖ
841 3917 944 3989 τὴν
962 3914 1378 3988 ἐργασίαν,άλλ’
1406 3916 1696 3988 ἀναμένει.
1727 3916 1866 3972 Δοῦ-

270 4006 355 4066 λοι
395 4011 455 4064 δὲ
484 4009 676 4073 αὐτοῦ,
729 4011 779 4062 οἰ
807 4007 908 4080 τὴν
932 4008 1026 4062 τοῦ
1056 4008 1217 4076 λόγου
1235 4007 1517 4064 διακονίαν
1564 4025 1867 4065 πεπιστευ-

274 4105 448 4173 μένοι,
481 4095 594 4155 οἰον
613 4101 919 4172 ἀρχιερεῖς,
943 4099 1128 4171 ἰερείς,
1145 4100 1405 4168 διάκονοι,
1423 4102 1519 4156 καὶ
1548 4103 1867 4172 χαρίσματα

270 4193 624 4264 πνευματικά
651 4191 932 4256 λοδόντες,
945 4192 994 4244 οἰ
1031 4192 1130 4260 μὲν
1162 4191 1412 4262 μείζονα,
1427 4194 1478 4246 οἰ
1496 4193 1554 4246 δέ
1583 4192 1866 4261 ἐλάττονα,

270 4286 502 4348 ἕκαστος
529 4284 671 4337 κατά
705 4282 806 4355 τὴν
847 4283 985 4336 ἰδίαν
1010 4282 1269 4353 δύναμιν,
1314 4283 1590 4351 τουτέστι,
1623 4286 1767 4340 κατά
1805 4287 1869 4342 τὸ

274 4378 478 4448 μέτρον
510 4377 609 4445 τῆς
639 4375 876 4436 πίστεως
904 4373 1111 4441 καὶτῆς
1142 4373 1491 4443 καθάρσεως.
1533 4375 1622 4429 Ἑν
1652 4377 1763 4448 γάρ
1790 4376 1869 4446 τῷ

269 4469 484 4540 ἀγγείῳ
515 4460 560 4534 ᾧ
587 4466 742 4520 δώσω
766 4465 879 4537 ἐγὼ
897 4465 976 4537 τῷ
995 4464 1136 4536 Θεῷ,
1170 4469 1229 4519 ἐν
1261 4467 1458 4538 ἐκείνῳ
1491 4469 1744 4522 ἐπιδαλεῖ
1771 4487 1865 4541 μοι

1963 3260 2119 3332 ponit
2154 3259 2423 3314 rationem
2451 3274 2575 3316 cum
2633 3260 2736 3316 eis.
2763 3276 2783 3311 ι
2813 3256 2950 3315 Cum
2981 3258 3211 3314 dixisset
3235 3271 3400 3328 supra
3426 3255 3572 3325 quod

1966 3351 2244 3407 nesciatur
2263 3351 2380 3406 dies
2403 3351 2622 3421 quando
2650 3354 2915 3407 venturus
2936 3350 3008 3407 sit
3029 3349 3321 3414 Dominus,
3347 3349 3573 3421 apponit

1962 3451 2019 3497 et
2049 3441 2361 3512 parabolam
2397 3443 2561 3508 hanc,
2594 3443 2897 3500 ostendens
2928 3444 3075 3514 quod
3113 3451 3337 3514 repente
3373 3452 3571 3497 ventu-

1967 3548 2062 3589 rus
2091 3535 2185 3589 sit.
2226 3532 2382 3591 Sicut
2413 3536 2559 3590 enim
2592 3534 2761 3592 homo
2807 3550 3039 3606 peregre
3066 3534 3457 3608 proﬁciscens,
3493 3535 3572 3589 ita

1965 3639 2022 3682 et
2047 3625 2308 3684 dominus
2344 3627 2567 3684 vocavit
2608 3642 2804 3684 servos
2829 3642 2959 3684 suos
2999 3635 3055 3684 et
3096 3628 3216 3684 haze
3262 3637 3428 3700 atque
3464 3628 3569 3682 ista
3667 3681 3673 3686 .

1967 3719 2264 3776 commisit.
2320 3717 2557 3790 Peregre
2593 3729 2794 3774 .autem
2849 3717 3126 3790 proﬁcisci
3182 3717 3419 3784 dicitur,
3472 3718 3568 3789 qui

1967 3828 2191 3889 propter
2227 3831 2326 3874 nos
2364 3816 2540 3874 factus
2577 3825 2663 3871 est
2705 3816 2874 3872 homo
2914 3812 3204 3881 Christus,
3246 3813 3330 3870 vel
3365 3829 3568 3871 secun-

1968 3908 2097 3963 dum
2146 3906 2291 3979 quod
2332 3907 2583 3964 ascendit
2621 3907 2677 3963 in
2720 3907 2929 3976 ctelos,
2955 3904 3042 3962 vel
3084 3905 3387 3963 secundum
3425 3907 3571 3976 quod

1970 4001 2298 4074 Ionganimis
2328 4010 2416 4057 est
2451 4009 2510 4058 et
2546 4015 2655 4057 non
2697 4001 2886 4056 statim
2923 3997 3096 4070 exigit
3131 4012 3294 4070 opus,
3330 3997 3428 4054 sed
3471 4012 3574 4054 ex-

1969 4103 2204 4168 spectat.
2239 4093 2399 4150 Servi
2436 4103 2620 4150 autem
2656 4092 2803 4149 illius
2850 4092 3054 4163 quibus
3084 4090 3457 4148 concreditum
3486 4098 3574 4145 est

1971 4187 2245 4244 sermonis
2305 4186 2712 4250 ministerium,
2769 4193 2830 4240 ut
2879 4183 3172 4255 episcopi,
3222 4182 3570 4249 sacerdotes,

1970 4282 2185 4338 diaconi
2214 4289 2269 4336 et
2300 4279 2610 4357 spiritualia
2655 4278 2797 4334 dona
2823 4277 3197 4348 accipientes:
3239 4275 3317 4330 illi
3346 4275 3569 4346 quidem

1971 4372 2149 4444 plura,
2176 4372 2232 4427 hi
2264 4386 2396 4428 vero
2424 4371 2662 4435 minora,
2700 4367 3078 4438 unusquisque
3104 4366 3407 4423 sectmdum
3438 4379 3574 4436 pro-

1971 4465 2146 4536 priam
2190 4462 2538 4530 facultatem,
2589 4462 2696 4518 hoc
2739 4469 2855 4527 est,
2901 4445 3204 4517 secundum
3254 4472 3573 4514 mensuram

267 4563 371 4633 τὴν
396 4560 608 4634 δωρεάν
627 4559 824 4613 αὐτοῦ·
857 4561 906 4613 εἰ
939 4560 1138 4631 μικρὸν
1159 4559 1337 4626 δώσω,
1367 4560 1580 4630 ὀλίγην,
1614 4561 1664 4614 εί
1695 4561 1862 4631 μέγα,
1896 4550 1943 4609 Ι)

1896 4550 1943 4609 D
1972 4556 2097 4612 iidei
2126 4564 2182 4612 et
2208 4553 2625 4626 puriﬁcationis.
2653 4550 2713 4608 In
2739 4567 2838 4608 vas
2861 4553 3007 4609 enim
3039 4552 3186 4623 quod
3211 4565 3314 4621 ego
3339 4553 3574 4605 daturas

269 4654 498 4724 πολλὴν.
554 4651 771 4715 Εὐθέως
821 4650 878 4705 δέ
941 4652 970 4704 6
1034 4653 1104 4705 τά
1140 4649 1303 4704 πέντε
1353 4651 1594 4706 τάλαντα
1654 4650 1860 4718 λαδὼν,

267 4745 525 4800 ἀπελθὼν
546 4744 862 4816 εἰργάσατο.
887 4743 1032 4815 Ὅρα
1052 4741 1154 4814 τὴν
1177 4741 1493 4814 ἐντρέχειαν
1523 4741 1712 4805 αὐτοῦ,
1745 4743 1864 4808 πῶς

267 4837 423 4891 οὐδέν
455 4836 755 4907 ἠμέλησεν,
778 4833 896 4890 ἀλλ’
912 4833 1116 4897 εὐθέως
1137 4833 1460 4905 εἰργάσατο,
1485 4833 1865 4898 διπλασιάζων

267 4930 296 4982 ὃ
323 4928 540 4982 ἐλασεν.
579 4927 644 4982 '0
666 4927 774 4996 γάρ
807 4926 882 4996 μὴ
919 4925 1082 4995 μόνον
1114 4924 1308 4978 ἑαυτὴν
1337 4923 1587 4993 ὠφελῶν,
1624 4923 1736 4978 είτε
1770 4923 1864 4977 λό-

267 5038 368 5090 γον
412 5020 546 5091 ιχοι,
600 5021 713 5073 εῐτε
747 5017 1003 5083 πλοῦτον,
1037 5013 1500 5073 εἰτεδυναστείαν
1521 5016 1678 5086 παρά
1707 5015 1865 5087 βασι-

265 5103 476 5178 λεῦσιν,
513 5111 628 5165 εἰτε
665 5110 836 5181 ἀλλην
880 5107 1105 5162 οἰανοῦν
1147 5106 1382 5176 δύναμιν
1411 5106 1448 5177 ἢ
1477 5106 1700 5176 τέχνην,
1724 5103 1865 5159 ἀλλά

268 5205 366 5260 καὶ
388 5192 613 5274 ἐτέρους
639 5201 814 5256 θέλων
839 5200 1096 5270 ὠφελεῖν,
1129 5200 1161 5252 6
1216 5197 1458 5261 τοιοῦτος
1511 5197 1864 5264 διπλασιάζει

265 5299 330 5352 τὸ
354 5297 508 5351 δοθὲν
536 5294 783 5366 αὐτῷ,⁹0
811 5293 871 5348 δι
902 5292 1087 5363 χώσας
1117 5291 1182 5346 τδ
1210 5292 1497 5358 τάλαντον,
1528 5292 1681 5345 ἐστὶν
1702 5293 1732 5346 6
1761 5290 1862 5361 τῆς

268 5389 406 5466 ἰδίας
434 5387 595 5459 μόνον
628 5386 900 5456 ὠφελείας
930 5385 1259 5456 φροντίζων,
1285 5385 1380 5439 καὶ
1413 5383 1491 5456 μὴ
1519 5384 1617 5440 καὶ
1638 5385 1738 5456 τῆς
1754 5381 1866 5438 τῶν

269 5478 476 5543 ἄλλων,
509 5479 572 5541 δς
596 5480 693 5534 καὶ
746 5477 1162 5549 κατακρίνεται.
1207 5477 1370 5532 Ἀλλά
1405 5477 1501 5531 καὶ
1546 5476 1641 5530 ἐάν
1674 5473 1858 5546 εὐφυῆ

268 5572 390 5645 αγις
417 5573 516 5639 καὶ
541 5571 858 5643 ,ἐπιτήδειον
904 5569 1215 5642 ἄνθρωπον,
1254 5571 1323 5642 τῇ
1347 5571 1551 5641 εὐφυΐᾳ
1585 5570 1665 5632 εἰς
1718 5585 1861 5639 πραε-

265 5665 542 5738 γματείας
577 5667 670 5720 καὶ
699 5664 1014 5736 δολιότητας
1040 5664 1135 5720 καὶ
1157 5662 1322 5736 γήίνα
1354 5663 1658 5734 πράγματα
1687 5677 1861 5715 κατα-

265 5758 640 5828 χρησάμενον,
672 5754 764 5808 τδν
795 5753 1037 5809 τοιοῦτον
1068 5755 1194 5809 εἰπὲ
1230 5752 1530 5826 κατορύξαι
1576 5752 1638 5806 τὸ
1665 5751 1863 5807 τάλαν-

267 5865 362 5903 τον
389 5847 470 5912 εἰς
497 5844 597 5917 τὴν
627 5844 755 5914 γῆν,
786 5844 1093 5909 τουτέστιν,
1125 5847 1204 5906 εἰς
1237 5845 1307 5897 τὰ
1337 5844 1434 5914 τῆς
1462 5843 1569 5915 γῆς
1603 5841 1865 5916 πράγμα-

588 5937 863 5999 ParnoL.
909 5937 1027 5998 Gn.
1072 5937 1352 6000 CXXIII.

1970 4664 2090 4705 sum
2130 4648 2278 4715 Deo,
2308 4649 2362 4702 in
2399 4646 2531 4702 illud
2564 4647 2748 4703 mittet
2776 4645 2980 4702 donum
3013 4661 3172 4702 suum
3203 4663 3218 4700 :
3259 4644 3306 4700 si
3339 4658 3575 4715 parvum

1968 4739 2173 4796 dedero
2193 4777 2210 4804 ,
2247 4753 2476 4810 parvum
2508 4737 2677 4804 dabit:
2695 4744 2752 4793 et
2779 4737 2900 4808 ipse
2927 4736 3131 4793 donum
3162 4753 3177 4790 :
3211 4736 3255 4790 si
3288 4749 3572 4805 magnum,

1974 4845 2230 4900 magnum
2262 4830 2377 4903 ipse
2404 4845 2628 4902 quoque
2654 4830 2826 4887 dabit.
2854 4829 3052 4886 Statim
3081 4840 3265 4884 autem
3289 4829 3382 4897 qui
3411 4828 3578 4897 quiu-

1970 4935 2079 4992 que
2116 4919 2324 4974 talenta
2360 4930 2682 4988 acceperat,
2717 4919 2854 4987 abiit
2898 4929 2955 4976 et
2987 4929 3250 4989 operatus
3295 4927 3403 4972 est.
3442 4915 3576 4970 Vide

1971 5013 2318 5069 sedulitatem
2374 5013 2558 5079 illius,
2609 5012 2886 5084 quomodo
2939 5011 3075 5066 nihil
3139 5011 3420 5079 neglexit,
3475 5009 3573 5064 sed

1967 5107 2155 5161 statim
2190 5117 2450 5176 operatus
2484 5117 2568 5161 est
2599 5104 2892 5176 duplicatis
2924 5102 3068 5172 quod
3116 5111 3428 5171 acceperat.
3465 5098 3573 5167 Qui

1969 5199 2116 5256 enim
2166 5212 2275 5253 non
2308 5197 2483 5252 solum
2514 5199 2621 5253 sibi
2655 5196 2757 5252 soli
2789 5197 3035 5265 prodest,
3070 5194 3187 5250 sive
3222 5193 3572 5263 prudentiam

1968 5288 2190 5352 habeat,
2215 5287 2331 5343 sive
2360 5287 2601 5352 divitias,
2627 5289 2743 5343 sive
2762 5285 3062 5356 potentiam
3095 5292 3149 5339 et
3179 5283 3573 5340 auctoritatem

1972 5379 2117 5449 apud
2161 5393 2344 5450 reges,
2386 5378 2501 5433 sive
2525 5391 2913 5449 quamcunque
2943 5377 3112 5432 aliam
3154 5376 3240 5432 vel
3275 5381 3448 5429 artem
3485 5370 3574 5428 vel

1969 5471 2307 5538 facultatem,
2340 5473 2435 5526 sed
2475 5483 2531 5527 et
2572 5471 2697 5528 aliis
2732 5470 2850 5526 vult
2896 5472 3200 5543 prodesse,
3250 5470 3296 5524 is
3329 5467 3571 5537 duplicat

1970 5566 2118 5634 quod
2167 5563 2273 5619 sibi
2319 5565 2505 5619 datum
2550 5571 2653 5620 est.
2709 5564 2813 5632 Qui
2860 5563 3028 5636 138
3073 5573 3260 5618 autem
3304 5561 3570 5617 talentum

1969 5655 2110 5712 fudit
2157 5657 2211 5711 in
2262 5664 2504 5721 terram,
2554 5656 2603 5712 is
2647 5665 2734 5712 est
2770 5657 2866 5727 qui
2914 5670 3028 5712 suae
3064 5663 3275 5710 tantum
3321 5651 3574 5708 utilitatis

1973 5764 2164 5804 curat.
2195 5747 2383 5814 habet,
2410 5757 2466 5803 et
2492 5762 2604 5803 non
2639 5745 2896 5813 aliorum,
2932 5748 3025 5817 qui
3055 5754 3110 5803 et
3145 5747 3570 5803 eundemnutur.

1975 5841 2116 5898 Etsi
2159 5841 2318 5898 bona:
2359 5841 2558 5899 tuentis
2583 5849 2645 5898 et
2675 5840 2984 5898 studiosum
3025 5840 3309 5896 hominem
3336 5837 3572 5907 videbis,

3100 5931 3176 5996 ﬂ
