4298 6446
768 405 873 473 42⁸1

1615 398 2204 463 THEOPil-YLACTI
2245 395 2657 461 BULGARI/E
2698 394 3053 457 ARCHIEP.

3910 394 4020 457 623

768 529 861 599 qui
902 525 1120 599 ingenio
1163 538 1259 580 suo
1286 523 1351 576 ad
1392 520 1810 591 negotiationes,
1860 519 2011 574 dolos
2038 528 2093 573 et
2125 528 2337 574 terrena
2372 532 2415 587 Α
2441 533 2465 569 1

2334 544 2337 571 ι
2372 532 2415 587 Α
2441 532 2511 569 τα
2532 529 2548 547 ο
2584 513 2723 585 μετά
2750 511 2805 566 δι
2835 513 3025 584 χρόνον
3046 509 3213 565 πολὺν
3233 508 3452 581 ἔρχεται
3472 511 3500 562 6
3516 509 3639 574 δοὺς
3660 508 3721 562 τδ
3736 507 4031 579 ἀργύριον.

771 634 936 689 opera
976 616 1236 677 abutitur,
1277 614 1341 667 d‘e
1386 611 1472 665 illo
1504 611 1654 665 dicas
1688 609 1830 679 quod
1862 608 2129 664 defoderit
2175 608 2343 663 talen-

773 720 881 763 tum
924 721 1078 762 suum
1120 701 1219 759 sub
1261 711 1438 766 terra,
1485 702 1588 756 hoc
1630 709 1746 765 est,
1795 700 1848 752 in
1898 708 2111 753 terrena
2154 714 2338 767 opera.

771 802 899 855 Post
942 798 1166 852 multum
1206 803 1385 849 autem
1433 793 1694 863 temporis
1740 790 1885 845 venit
1941 791 2195 845 dominus
2246 788 2339 859 qui

769 894 989 947 dederat
1020 898 1307 960 argentum
1347 887 1427 943 vel
1460 888 1676 956 eloquia
1711 900 1827 939 sua.
1865 884 2157 954 Argentum
2194 882 2337 937 enim

769 982 889 1049 igne
935 979 1263 1047 probatum,
1316 975 1531 1044 eloquia
1588 972 1679 1027 Dei
1726 973 1818 1026 ":
1876 972 1958 1026 vel
2018 970 2341 1040 simpliciter

2454 606 2580 678 ἥτά
2613 606 2770 675 λόγια
2813 604 3006 659 αὐτοῦ·
3054 603 3315 675 ἀργύριον
3360 604 3469 671 γάρ
3519 603 3935 673 πεπυρωμένον,
3963 601 4034 655 τὰ

2452 696 2547 749 τοῦ
2568 694 2706 749 Θεοῦ
2736 695 2915 763 λόγια,
2955 694 2989 764 ἢ
3022 693 3207 756 ἀπλῶς
3234 694 3345 745 πᾶν
3374 692 3557 745 ὁτιοῦν
3589 693 3860 762 χάρισμα,
3889 690 4030 761 λαμ-

2450 788 2586 859 πρὸν
2604 788 2699 841 καὶ
2716 786 2925 854 ἔνδοξον
2948 785 3135 838 ποιοῦν
3158 785 3245 839 τὸν
3270 785 3483 855 ἔχοντα,
3502 783 3763 854 ἀργύριον
3788 781 4029 854 λεχθείη.

2454 879 2564 934 Καὶ
2599 879 2842 951 συναίρει
2870 878 3027 947 λόγον
3080 876 3331 933 ἀπαιτῶν
3373 877 3468 929 καὶ
3507 873 3863 947 λογοπραγῶν
3902 876 4032 940 τοὺς

2454 972 2741 1036 λαϐόντας.

769 1083 931 1123 omne
966 1069 1164 1122 donum
1200 1066 1344 1134 quod
1375 1064 1581 1119 clarum
1614 1072 1671 1118 et
1732 1061 2002 1131 insignem
2042 1062 2169 1115 facit
2224 1059 2532 1129 hominem,
2600 1072 2882 1134 argentum
2932 1061 3135 1115 dictum
3178 1068 3278 1114 est.
3346 1059 3413 1113 Et
3456 1066 3726 1114 convocat
3780 1056 3922 1123 illos,
3971 1068 4033 1112 ut

772 1159 1037 1210 rationem
1065 1157 1131 1209 ab
1163 1154 1247 1209 bis
1274 1154 1363 1223 qui
1396 1152 1593 1208 talenta
1625 1162 1969 1223 acceperant,
2004 1152 2206 1207 audiat.

838 1244 1004 1300 Vens.
1060 1244 1251 1299 15-50.
1298 1262 1315 1295 t
1363 1245 1428 1297 Et
1462 1245 1723 1299 accedens
1769 1245 1815 1299 is
1866 1242 1955 1313 qui
1993 1245 2229 1313 quinque
2269 1254 2348 1297 ta.

767 1340 910 1393 lenta
936 1346 1239 1406 acceperat,
1270 1336 1447 1391 attulit
1472 1337 1573 1389 alia
1600 1337 1839 1405 quinque
1866 1328 2085 1400 talenta,
2116 1335 2340 1391 dicens:

766 1429 1017 1493 Domine,
1048 1428 1285 1497 quinque
1316 1426 1512 1481 talenta
1547 1426 1813 1480 tradidisti
1838 1426 1989 1491 mibi,
2019 1442 2145 1481 ecce
2173 1427 2341 1481 altera

769 1520 1005 1589 quinque
1033 1519 1231 1572 talenta
1273 1517 1514 1572 lucratus
1543 1531 1662 1572 sum
1692 1531 1788 1587 per
1820 1530 1903 1571 ea.
1935 1517 2023 1571 Ait
2056 1517 2131 1571 illi
2159 1515 2341 1571 Domi-

768 1628 867 1665 nus
897 1611 1012 1680 ejus
1042 1628 1054 1663 :
1096 1611 1261 1679 Euge,
1299 1623 1453 1664 serve
1488 1610 1625 1663 bone
1658 1619 1713 1662 et
1738 1609 1932 1673 ﬁdelis,
1972 1622 2136 1677 super
2164 1622 2336 1679 pauca

766 1702 912 1756 inisti
956 1702 1164 1768 ﬁdelis,
1208 1716 1367 1769 supra
1406 1700 1571 1754 multa
1608 1710 1660 1755 te
1700 1703 2061 1768 constituam,
2099 1702 2240 1755 intra
2279 1702 2333 1756 in

764 1793 1013 1864 gaudium
1054 1790 1263 1847 Domini
1311 1791 1408 1845 tui.
1449 1791 1725 1847 Accedens
1774 1802 1949 1846 autem
1987 1794 2075 1861 qui
2119 1793 2224 1847 duo
2253 1801 2333 1846 ta-

2526 1261 2543 1293 (
2582 1242 2691 1295 Καὶ
2720 1238 3029 1309 προσελθὼν
3061 1240 3087 1291 6
3110 1238 3177 1291 τὰ
3200 1237 3359 1291 πέντε
3381 1238 3619 1292 τάλαντα
3654 1236 3833 1292 λαϐὼν
3857 1254 4032 1311 προσ.

2449 1335 2679 1405 ήνεγκεν
2714 1331 2849 1385 ἄλλα
2883 1331 3047 1383 πέντε
3084 1331 3345 1393 τάλαντα,
3391 1329 3595 1397 λέγων’
3630 1329 3826 1401 Κύριε,
3864 1332 4028 1385 πέντε

2445 1422 2690 1479 τάλαντά
2734 1438 2823 1491 μοι
2876 1421 3238 1493 παρέδωκαςο
3276 1423 3352 1475 ίδε
3407 1421 3543 1475 ἀλλα
3578 1421 3738 1475 πέντε
3788 1423 4028 1478 τάλαντα

2444 1514 2712 1585 ἐκέρδησα
2763 1513 2852 1567 ἐπ’
2910 1516 3113 1577 αὐτοῖς.
3152 1510 3294 1583 Ἔφη
3328 1512 3480 1583 αὐτῷ
3534 1515 3562 1566 6
3593 1513 3797 1584 Κύριος
3827 1497 4020 1569 αὐτοῦ·

2444 1605 2542 1668 Εὖ,
2574 1606 2726 1659 δοῦλε
2760 1605 2932 1673 ἀγαθὲ
2956 1606 3047 1658 καὶ
3082 1604 3260 1667 πιστὲ,
3284 1605 3375 1658 ἐπὶ
3405 1605 3559 1673 ὀλίγα
3592 1601 3658 1675 ἧς
3684 1607 3895 1672 πιστὸς,
3930 1607 4025 1659 ἐπὶ

2445 1697 2652 1751 πολλῶν
2688 1713 2744 1749 σε
2787 1697 3116 1767 καταστήσω
3141 1712 3157 1728 σ
3204 1696 3410 1750 είσελθε
3444 1698 3525 1760 είς
3574 1697 3671 1769 τὴν
3721 1698 3898 1770 χαρὰν
3926 1702 4023 1753 τοῦ

2444 1790 2649 1860 Κυρίου
2680 1806 2797 1841 σου.
2836 1788 3157 1857 Προσελθὼν
3191 1788 3246 1841 δὲ
3282 1791 3374 1842 καὶ
3397 1791 3424 1842 6
3446 1790 3513 1843 τά
3546 1788 3638 1842 δύο
3668 1791 3903 1845 τάλαντα
3927 1792 4025 1844 λας

762 1886 906 1938 1ιιηιτι
954 1894 1272 1953 acceperat,
1309 1885 1383 1936 ait
1417 1901 1429 1935 :
1480 1882 1703 1937 Domine
1729 1925 1744 1947 ,
1778 1884 1882 1937 duo
1927 1882 2127 1937 talenta
2169 1883 2336 1937 tradi-
2369 1872 2411 1928 Β
2441 1881 2459 1933 ί

2322 1913 2336 1924 .
2369 1872 2411 1928 Β
2441 1880 2571 1945 ϐὼν,
2604 1878 2744 1933 είπε·
2802 1879 2996 1950 Κύριε,
3032 1880 3125 1933 δύο
3153 1880 3392 1935 τάλαντά
3434 1898 3522 1950 μοι
3562 1883 3901 1950 παρέδωκας,
3943 1884 4019 1937 ίόε

761 1977 885 2031 disti
920 1977 1071 2040 mihi,
1106 1990 1230 2030 ecce
1267 1976 1369 2028 alia
1410 1975 1515 2029 duo
1559 1976 1795 2029 lucratus
1824 1989 1944 2029 sum
1988 1989 2082 2045 per
2124 1988 2209 2028 ea.
2244 1974 2334 2028 Ait

763 2070 832 2121 illi
853 2067 1109 2122 Dominus
1136 2064 1251 2132 ejus
1278 2082 1292 2120 :
1328 2066 1490 2134 Euge,
1524 2080 1676 2120 serve
1703 2066 1838 2119 bone
1867 2075 1920 2119 et
1951 2064 2143 2130 ﬁdelis,
2173 2080 2334 2135 super

760 2176 925 2229 pauca
950 2158 1095 2212 fuisti
1127 2157 1317 2221 ﬁdelis,
1348 2171 1509 2225 supra
1542 2159 1705 2210 multa
1741 2166 1790 2211 te
1812 2160 2161 2223 constituam,
2189 2158 2329 2211 intra

761 2253 809 2306 in
838 2250 1086 2321 gaudium
1115 2248 1322 2303 Domini
1350 2249 1443 2303 tui.
1470 2249 1745 2303 Accedens
1769 2258 1946 2304 autem
1974 2257 2027 2303 et
2055 2250 2143 2318 qui
2166 2265 2329 2303 unum

762 2342 1018 2395 talentum
1057 2349 1359 2408 acceperat,
1386 2339 1459 2392 ait
1489 2356 1501 2391 :
1536 2337 1783 2401 Domine,
1817 2353 2071 2392 noveram
2108 2348 2158 2392 te
2189 2338 2330 2407 quod

759 2435 917 2487 homo
949 2432 1111 2485 durus
1144 2432 1238 2497 sis,
1275 2440 1482 2485 metens
1521 2430 1609 2483 ubi
1640 2444 1742 2483 non
1781 2430 2086 2493 seminasti,
2126 2438 2178 2483 et
2206 2430 2327 2482 inde

757 2537 1085 2591 congregans
1119 2521 1207 2575 ubi
1246 2535 1348 2575 non
1377 2520 1645 2590 sparsisti,
1677 2535 1739 2576 ac
1776 2522 1999 2575 territus
2029 2520 2156 2584 abii,
2192 2521 2325 2574 abs-

756 2616 1019 2684 condique
1068 2612 1325 2667 talentum
1380 2622 1528 2667 tuum
1587 2614 1639 2666 in
1699 2624 1841 2667 terra
1910 2632 1921 2667 :
1979 2628 2104 2668 ecce
2160 2612 2327 2667 habes

756 2705 896 2775 quod
945 2716 1090 2759 tuum
1115 2714 1213 2759 est.
1262 2702 1612 2773 Respondens
1651 2715 1829 2759 autem
1876 2704 2135 2759 Dominus
2183 2704 2319 2771 ejus,

756 2800 891 2849 dixit
924 2797 1003 2850 ei:
1040 2794 1205 2851 Serve
1246 2796 1383 2850 male
1416 2804 1470 2851 et
1498 2796 1668 2865 piger,
1698 2796 1907 2850 sciebas
1946 2796 2090 2865 quod
2127 2804 2325 2851 metam

758 2892 842 2943 ubi
870 2905 970 2942 non
993 2889 1274 2951 seminavi,
1294 2898 1346 2942 et
1370 2902 1687 2957 congregem
1709 2888 1858 2941 illinc
1882 2886 1971 2942 ubi
1999 2903 2102 2940 non
2126 2888 2321 2957 sparsi:

752 2980 985 3049 opo'rtuit
1005 2995 1132 3047 ergo
1156 2988 1205 3034 te
1231 2981 1567 3034 committere
1596 2978 1879 3047 pecuniam
1908 2993 2081 3033 meam
2109 2994 2325 3033 meusa-

754 3071 878 3133 riis,
912 3080 963 3124 et
994 3070 1216 3124 veniens
1248 3083 1347 3138 ego
1381 3070 1702 3138 recepissem
1741 3069 1925 3138 utique
1958 3068 2107 3138 quod
2142 3084 2321 3124 meum

753 3172 836 3216 est
879 3176 997 3215 cum
1044 3176 1226 3215 usura.
1276 3160 1466 3216 Tollite
1505 3162 1687 3229 itaque
1730 3162 1799 3214 ab
1832 3175 1895 3215 eo
1936 3161 2231 3225 talentum,
2268 3170 2322 3216 et

751 3252 875 3305 date
904 3252 953 3305 ei
979 3251 1068 3321 qui
1091 3252 1250 3305 habet
1276 3254 1462 3306 decem
1489 3254 1709 3307 talenta.
1735 3250 1896 3308 Omni
1922 3254 2065 3307 enim
2096 3254 2318 3308 habenti

748 3344 985 3408 dabitur,
1028 3352 1079 3398 et
1107 3344 1400 3398 abundabit
1431 3361 1445 3399 :
1497 3347 1586 3415 qui
1618 3360 1749 3400 vero
1781 3360 1886 3400 non
1916 3346 2111 3411 habet,
2152 3346 2316 3401 etiam

747 3436 889 3505 quod
934 3435 1093 3489 habet
1132 3436 1409 3489 auieretur
1451 3436 1519 3490 ab
1563 3451 1646 3491 eo.
1696 3436 1761 3490 Et
1812 3436 2053 3491 inutilem
2101 3452 2315 3491 servum

747 3526 923 3593 ejicite
965 3527 1018 3579 in
1054 3527 1307 3581 tenebras
1358 3526 1698 3594 exteriores;
1756 3527 1865 3581 illic
1917 3528 2020 3581 erit
2066 3527 2223 3584 ﬁctus
2259 3522 2337 3583 et

747 3616 946 3671 stridor
974 3618 1234 3672 dentium.
1272 3636 1289 3669 ι
1326 3617 1496 3673 Ambo
1525 3619 1577 3672 hi
1610 3621 1700 3688 qui
1740 3620 1791 3673 in
1830 3620 2159 3674 concreditis
2190 3634 2321 3690 0pc-

746 3720 961 3775 rantur,
1004 3710 1297 3765 laudantur
1327 3726 1355 3764 a
1407 3712 1632 3766 domino
1675 3713 1864 3768 eodem
1911 3714 2108 3768 modo:
2146 3712 2312 3783 Euge,

742 3818 898 3857 serve
941 3803 1077 3858 bone
1126 3813 1179 3858 et
1221 3805 1411 3867 ﬁdelis,
1463 3814 1689 3873 uterque
1739 3806 1909 3859 audit.
1960 3806 2062 3860 Per
2112 3806 2314 3861 bonum

744 3905 919 3950 autem
982 3895 1070 3949 bic
1117 3897 1351 3950 omnino
1393 3897 1744 3966 intelligimus
1796 3899 2201 3955 misericordem
2258 3910 2312 3953 et

742 3988 1035 4053 liberalem,
1064 3988 1153 4056 qui
1178 4004 1327 4041 suam
1354 3988 1650 4042 bonitatem
1674 4000 1725 4042 ct
1754 3990 2016 4056 proximis
2049 3991 2305 4061 inipartit.

738 4078 838 4143 Qui
894 4087 1073 4133 autem
1128 4094 1291 4146 super
1322 4094 1508 4148 ,pauca
1564 4078 1750 4133 lldelcs
1799 4091 2095 4148 apparent,
2150 4096 2311 4149 super

738 4169 903 4221 n:u|ta
936 4171 1337 4223 constituuntur
1366 4186 1379 4223 :
1410 4184 1473 4221 na
1496 4185 1545 4221 m
1578 4169 1704 4223 licet
1734 4168 1821 4223 hic
1846 4172 1985 4223 dona
2020 4185 2313 4237 consequa-

735 4277 879 4323 mur,
914 4275 975 4313 ea
1020 4272 1347 4314 tamencum
1396 4260 1593 4313 futuris
1643 4275 1749 4313 non
1792 4274 1915 4313 sunt
1957 4260 2304 4315 conferenda.

736 4351 1001 4405 Gaudium
1046 4363 1223 4406 autem
1263 4352 1493 4419 Domini,
1530 4352 1869 4406 ineessabilis
1904 4352 2113 4418 lzetitia,
2145 4368 2304 4420 quam

736 4446 896 4496 habet
940 4442 1081 4498 Deus
1122 4441 1361 4513 gaudens
1401 4445 1451 4496 in
1489 4444 1745 4513 operibus
1782 4444 1931 4507 suis,
1964 4446 2104 4498 sicut
2139 4444 2303 4497 David

2436 1971 2570 2026 ἀλλα
2589 1971 2682 2023 δύο
2714 1971 2952 2024 τάλαντα
2977 1971 3243 2041 ἐκέρδησα
3272 1973 3361 2023 ἐπ’
3386 1973 3592 2037 αὐτοῖς.
3628 1974 3775 2042 Ἔφη
3814 1973 3963 2042 αὑτῷ
3990 1975 4026 2030 6

2434 2064 2637 2133 Κύριος
2667 2064 2830 2116 αὑτοῦ
2855 2078 2869 2092 ⁸
2906 2062 2999 2125 Εῦ,
3029 2062 3181 2116 δοῦλε
3214 2062 3384 2132 ἀγαθὲ
3413 2064 3506 2117 καὶ.
3532 2065 3711 2129 πιστὲ,
3743 2068 3835 2118 ἐπὶ
3860 2065 4020 2135 ὀλίγα

2431 2150 2499 2225 ἧς
2523 2154 2734 2217 πιστὸς,
2791 2155 2885 2207 ἐπὶ
2946 2154 3154 2206 πολλῶν
3194 2172 3253 2207 σε
3287 2156 3620 2225 καταστήσω
3647 2172 3661 2187 ο
3700 2156 3907 2209 είσελθε
3938 2160 4017 2221 είς

2431 2247 2530 2317 τὴν
2563 2245 2738 2317 χαρὰν
2782 2244 2876 2298 τοῦ
2910 2246 3113 2315 Κυρίου
3155 2264 3274 2298 σου.
3318 2246 3643 2316 Πρεσελθὼν
3674 2247 3731 2301 δὲ
3775 2249 3869 2300 καὶ
3894 2251 3923 2301 6
3952 2249 4017 2301 τὺ

2431 2339 2488 2391 ἓν
2516 2340 2778 2391 τάλαντον
2834 2337 3092 2407 είληφὼς,
3154 2332 3300 2390 εἷπε·
3365 2338 3573 2409 Κύριε,
3609 2340 3779 2407 ἔγνων
3834 2357 3895 2393 σε
3932 2343 4016 2395 ὅτι

2432 2428 2669 2499 σκληρὸς
2707 2424 2759 2480 ei
2786 2428 3092 2499 ἄνθρωπος,
3139 2428 3371 2499 θερίζων
3417 2430 3553 2481 ὅπου
3596 2430 3696 2483 οὐκ
3724 2430 4012 2501 ἔσπειρας,

2430 2520 2523 2574 καὶ
2555 2519 2803 2587 συνάγων
2833 2520 2954 2573 ὅθεν
3001 2519 3061 2572 οὐ
3088 2518 3482 2590 διεσκόρπισας
3505 2559 3520 2584 ,
3579 2521 3676 2575 καὶ
3728 2522 4011 2591 φοϐηθεὶς,

2430 2612 2678 2666 ἀπελθὼν
2710 2609 2924 2681 ἔκρυψα
2948 2611 3008 2664 τὸ
3036 2612 3300 2665 τάλαντόν
3332 2629 3425 2665 σου
3451 2612 3509 2665 ἔν
3539 2615 3604 2683 τῇ
3628 2614 3720 2683 γῇο
3760 2614 3835 2666 ίδε
3861 2613 4012 2683 ἔχεις

2428 2706 2488 2759 τὺ
2526 2705 2637 2759 σόν.
2680 2703 3025 2773 Ἀποκριθεὶς
3044 2703 3098 2756 δὲ
3129 2706 3156 2757 6
3181 2703 3387 2775 Κύριος
3426 2704 3614 2772 αὑτοῦ,
3642 2699 3798 2759 εἶπεν
3823 2707 3974 2777 αὐτῷ
3992 2723 4008 2739 ο

2428 2795 2639 2865 Πονηρὲ
2686 2793 2838 2847 δοῦλε
2867 2796 2962 2847 καὶ
3018 2793 3216 2865 όκνηρὲ
3249 2835 3263 2859 ,
3304 2794 3452 2865 ⁴ᾔδεις
3504 2796 3586 2848 ὅτι
3620 2795 3823 2864 θερίζω
3873 2798 4009 2849 ἕπου

2430 2889 2531 2942 οὐκ
2593 2886 2842 2957 ἔσπειρα,
2873 2887 2967 2940 καὶ
2997 2887 3215 2955 συνάγω
3238 2886 3363 2941 ὅθεν
3394 2888 3456 2940 οὑ
3486 2887 3868 2958 διεσκόρπισαο
3899 2888 4007 2943 ἔδει

2425 2975 2519 3034 οὖν
2550 2995 2609 3032 σε
2640 2979 2820 3050 βαλεῖν
2846 2979 2907 3032 τὺ
2940 2978 3203 3050 ἀργύριόν
3226 2996 3328 3050 μου
3361 2984 3473 3042 τοῖς
3500 2980 3884 3050 τραπεζίταις,
3912 2979 4008 3034 καὶ

2426 3071 2598 3126 ἐλθὼν
2630 3071 2739 3140 εγὼ
2760 3072 3107 3142 ἐκομισάμην
3129 3070 3195 3124 ἂν
3232 3071 3293 3124 τὸ
3322 3071 3453 3138 ιμὸν
3487 3072 3583 3123 σὺν
3615 3072 3761 3140 τόκῳ
3784 3088 3798 3101 ·
3831 3071 4004 3141 ἄρατε

2425 3161 2519 3216 οῦν
2546 3162 2641 3215 ἀπ’
2672 3162 2837 3215 αὑτοῦ
2886 3163 2946 3214 τὸ
2980 3163 3261 3227 τάλαντον,
3314 3164 3407 3216 καὶ
3455 3162 3577 3215 δότε
3629 3163 3707 3233 τῷ
3732 3162 3909 3233 ἔχοντι
3934 3165 4005 3217 si

2422 3255 2552 3307 δέκα
2586 3254 2848 3309 τάλαντα.
2882 3255 2973 3324 Τῷ
3007 3255 3115 3324 γάρ
3147 3255 3324 3324 ἔχοντι
3374 3255 3537 3307 παντὶ
3567 3254 3876 3323 δοθήσεται,
3907 3257 4006 3310 καὶ

2423 3346 2955 3417 περισσευθήσεταιο
3009 3346 3117 3400 ἀπὸ
3166 3347 3223 3399 δὲ
3264 3346 3358 3400 τοῦ
3412 3329 3486 3416 μὴ
3529 3347 3767 3416 ἔχοντος,
3826 3349 3920 3402 καὶ
3972 3347 4003 3401 6

2420 3437 2554 3507 ἔχει,
2590 3438 2889 3509 ἀρθήσεται
2941 3422 3036 3490 ἀπ’
3066 3437 3232 3491 αὑτοῦ
3256 3455 3270 3469 ο
3311 3438 3408 3491 καὶ
3438 3439 3528 3491 τὸν
3565 3440 3783 3510 ἀχρεῖον
3815 3439 4001 3493 δοῦλον

2418 3532 2709 3585 ἐκϐάλλετε
2732 3534 2814 3595 είς
2854 3531 2915 3584 τὸ
2946 3531 3136 3595 σκότος
3183 3532 3243 3584 τὸ
3272 3530 3555 3599 ἐξώτερον,
3616 3533 3733 3585 ἐκεῖ
3779 3531 3937 3585 ἔσται
3971 3534 4001 3585 6

2418 3623 2693 3693 κλαυθμὸς
2750 3624 2844 3675 καὶ
2877 3624 2905 3676 6
2952 3622 3201 3693 βρυγμὸς
3246 3623 3356 3675 τῶν
3412 3622 3667 3677 ὀδόντων.
3705 3643 3724 3674 ι
3781 3623 3847 3676 Oi
3899 3623 4001 3694 μιν

2413 3714 2857 3784 ὲπεργασάμενοι
2908 3717 3021 3776 τοῖς
3064 3713 3319 3781 δοθεῖσιν,
3375 3714 3729 3769 ἐπαινοῦνται
3764 3715 3870 3768 ὑπὸ
3904 3715 3996 3769 τοῦ

2414 3808 2675 3860 δεσπότου
2729 3808 2930 3876 ὁμοίως
2976 3805 3303 3875 ἀμφότεροι,
3355 3800 3451 3870 Εὖ,
3482 3805 3637 3859 δοῦλε
3669 3807 3841 3875 ἀγαθὲ
3903 3810 3998 3862 καὶ

2415 3900 2593 3962 πιστε,
2629 3900 2887 3969 ἑκάτερος
2922 3898 3103 3951 αὐτῶν
3132 3896 3350 3951 ἀκούων
3371 3914 3385 3928 ·
3425 3898 3629 3965 ἀγαθὸν
3676 3899 3734 3952 δὲ
3759 3898 3997 3953 ἐνταῦθα

2412 3988 2627 4050 πάντως
2647 3988 2737 4039 τὸν
2764 3987 3165 4057 φιλάνθρωπον,
3190 3986 3283 4040 τὸν
3306 3986 3537 4055 ἄφθονον
3550 3988 3799 4059 νοοῦμεν,
3816 3990 3877 4055 ὃς
3896 3994 3996 4062 τὴν

2410 4078 2616 4131 οἰκείαν
2645 4076 2955 4146 ἀγαθὸτητα
3006 4077 3101 4128 καὶ⁵
3139 4078 3251 4139 τοῖς
3302 4076 3533 4147 πλησίον
3572 4077 3843 4146 ἔφαπλοῖ·
3900 4083 3994 4136 ἀπὶ

2411 4170 2569 4236 ὀλίγα
2594 4168 2651 4222 δὲ
2680 4168 2860 4221 πιστοὶ
2907 4169 3188 4235 φανέντες,
3238 4170 3330 4221 επὶ
3353 4168 3562 4223 πολλῶν
3607 4170 3989 4229 καθίστανται.

2409 4264 2519 4316 Καὶ
2548 4263 2657 4333 γὰρ
2720 4263 2767 4314 εί
2814 4261 2907 4313 καὶ
2959 4258 3197 4313 ἐνταῦθα
3254 4262 3615 4331 χαρισμάτων
3666 4265 3990 4334 ἀξιούμεθα,

2406 4355 2554 4424 ὅμως
2600 4355 2754 4407 οὐδέν
2798 4356 2905 4407 είσι
2953 4353 3129 4407 ταῦτα
3180 4356 3317 4424 πρὸς
3366 4356 3431 4407 τὰ
3479 4356 3741 4425 μέλλοντα
3787 4360 3990 4428 ἀγαθά.

2405 4449 2563 4519 Χαρά
2582 4449 2639 4502 δὲ
2668 4449 2762 4502 τοῦ
2784 4449 3011 4519 Κυρίου,
3035 4451 3069 4520 ὴ
3091 4448 3327 4519 ἀληκτος
3357 4451 3692 4522 εὐφροσύνη,
3723 4456 3789 4525 ἣν
3816 4457 3930 4527 ἔχει
3961 4461 3992 4512 6

730 4537 859 4590 dicit
886 4536 953 4587 ".
989 4535 1103 4588 Tali
1140 4534 1305 4607 igitur
1335 4534 1532 4605 gaudio
1568 4538 1806 4604 gaudent
1838 4537 2013 4590 sancti
2044 4535 2096 4589 in
2124 4539 2301 4604 operi-
2334 4556 2377 4609 ι)
2406 4542 2427 4595 ε

2291 4556 2377 4609 .D
2406 4542 2560 4607 θεὸς,
2610 4543 3035 4612 εὐφραινόμενος
3087 4542 3179 4594 επὶ
3226 4546 3339 4607 τοῖς
3384 4544 3568 4614 ἔργοις
3602 4546 3794 4611 αὐτοῦ,
3838 4550 3916 4611 ὡς
3959 4552 3988 4603 6

728 4631 826 4682 bns
852 4631 963 4684 suis
996 4630 1239 4683 lattantes
1263 4646 1275 4681 :
1311 4629 1450 4682 sicut
1472 4636 1528 4682 et
1552 4639 1745 4683 contra
1774 4639 2089 4698 peccatores
2113 4628 2301 4682 dolent
2406 4638 2425 4686 Δ

2291 4639 2301 4682 l
2406 4634 2569 4688 Δαυῖδ
2601 4634 2771 4702 λέγει.
2809 4634 3079 4704 Τοιαύτην
3112 4629 3206 4687 οὖν
3237 4637 3580 4707 εὐφροσύνην
3602 4638 3988 4708 εὐφραίνονται

728 4722 779 4774 in
815 4722 1065 4789 operibus
1109 4722 1384 4790 propriis:
1415 4730 1470 4775 et
1516 4722 1688 4775 sancti
1725 4722 1959 4790 gaudent
2001 4722 2143 4790 quod
2188 4731 2297 4777 tam
2406 4741 2425 4777 ι

2289 4740 2297 4776 ι
2406 4725 2502 4778 καὶ
2530 4726 2580 4777 oi
2612 4726 2759 4791 ἀγιοι
2812 4727 2907 4779 επὶ
2942 4728 3052 4789 τοῖς
3082 4725 3267 4795 ἔργοις
3316 4726 3497 4780 αὐτῶν
3530 4746 3543 4758 ·
3569 4727 3763 4799 ὥσπερ
3810 4728 3906 4785 οὖν
3934 4734 3986 4788 οῖ

725 4814 945 4866 divitem
984 4813 1218 4868 habeant
1253 4812 1561 4867 Dominum.
1608 4813 1737 4867 Vide
1767 4823 1947 4868 autem
1984 4814 2129 4882 quod
2164 4822 2218 4869 et
2252 4814 2298 4869 is
2404 4819 2422 4871 ὁ

2287 4830 2298 4869 i
2404 4817 2719 4887 ἁμαρτωλοὶ
2750 4817 3046 4871 λυποῦνται
3091 4820 3185 4871 ἔπὶ
3234 4820 3347 4881 τοῖς
3370 4819 3595 4885 οίκείοις
3638 4820 3847 4891 ἔργοις,
3888 4827 3984 4879 καὶ

722 4906 809 4974 qui
840 4906 1101 4975 quinque,
1130 4916 1182 4959 et
1216 4905 1258 4959 is
1275 4906 1376 4985 qui
1410 4908 1515 4960 duo
1542 4906 1743 4960 talenta
1770 4916 2075 4974 acceperat.
2105 4907 2293 4963 eadem

721 4998 858 5052 bona
892 5007 1312 5066 consequantur.
1342 4996 1570 5064 Quando
1604 5000 1747 5055 enim
1779 5002 1901 5069 quis
1927 5001 2090 5054 etiam
2125 5014 2294 5070 pauca

720 5089 1006 5155 acceperit,
1046 5088 1207 5159 139
1238 5097 1293 5142 et
1321 5084 1506 5143 datum
1540 5092 1641 5145 sibi
1674 5092 1893 5153 donum,
1919 5092 2046 5147 licet
2069 5106 2293 5159 parvum

718 5180 819 5242 sit,
865 5178 999 5234 bene
1031 5184 1378 5249 dispensarit,
1416 5183 1674 5249 aequalem
1707 5184 1966 5238 honorem
2001 5184 2295 5252 adepturus

715 5279 798 5321 est
822 5285 943 5322 cum
968 5286 1031 5324 eo
1060 5274 1147 5341 qui
1182 5288 1377 5343 magna
1409 5274 1597 5327 habuit
1631 5283 1683 5327 et
1713 5272 1861 5327 fecit.
1907 5273 2294 5343 Unusquisque

714 5361 856 5414 enim
889 5373 945 5413 ut
982 5365 1272 5431 acceperit.
1309 5367 1378 5418 ita
1405 5375 1456 5419 et
1490 5365 1734 5420 excelsus
1764 5366 2056 5430 videbitur,
2086 5367 2128 5421 si
2154 5366 2292 5421 bene

713 5453 903 5519 egerit.
933 5452 1101 5507 Porro
1126 5457 1267 5509 servi
1294 5458 1431 5526 grati
1464 5458 1533 5510 ita
1572 5457 1852 5515 sc.habent
1878 5479 1890 5514 :
1919 5470 1972 5512 at
1997 5474 2289 5527 perversus

709 5554 762 5593 ct
817 5547 964 5611 piger
1016 5547 1173 5597 aliter
1229 5549 1545 5615 respondet,
1602 5556 1657 5600 ct
1705 5557 1762 5600 ut
1813 5564 1872 5602 se
1916 5550 2135 5618 dignum
2180 5560 2284 5603 eSt.

713 5632 912 5687 Durum
960 5638 1102 5689 cnim
1162 5638 1437 5692 dominum
1501 5641 1782 5703 nominat,
1843 5642 1982 5695 sicut
2036 5652 2090 5697 ct
2146 5657 2289 5697 nunc

780 5817 825 5849 "
858 5815 999 5871 i’sal.
1034 5835 1105 5881 τι,
1139 5820 1191 5871 7.
1316 5822 1359 5852 "
1399 5820 1540 5878 Psai.
1592 5840 1697 5893 ειν,
1743 5826 1796 5879 5.

2406 4910 2837 4981 μεταμέλονται·
2872 4910 3080 4964 καὶτὸν
3112 4912 3320 4983 Κύριον
3351 4912 3408 4965 δὲ
3439 4900 3668 4968 πλοῦτον
3691 4915 3906 4985 ἔχοντες
3933 4922 3983 4973 oi

2402 5002 2569 5070 ἀγιοι,
2601 5003 2881 5073 χαίρουσιν
2904 5003 2989 5055 εντ’
3014 5002 3185 5073 αὐτῷ.
3212 4998 3353 5074 Ὅρα
3377 5003 3431 5057 δὲ
3451 5006 3534 5058 ὅτι
3556 5007 3652 5059 καὶ
3677 5008 3705 5059 6
3724 5009 3793 5061 τὰ
3818 5007 3984 5065 πέντε

2395 5096 2634 5148 τάλαντα
2665 5094 2865 5159 λαϐὼν,
2922 5094 3015 5148 καὶ
3042 5096 3071 5147 6
3099 5097 3168 5148 τά
3214 5096 3331 5161 δύο,
3383 5096 3497 5153 τῶν
3543 5099 3723 5151 αὐτῶν
3753 5101 3980 5168 ἀγαθῶν

2392 5187 2689 5252 ἀξιοῦνται.
2723 5188 2894 5243 Ὀταν
2930 5190 3040 5259 γάρ
3072 5206 3180 5255 τις,
3236 5191 3331 5242 καὶ
3368 5189 3525 5259 όλίγα
3570 5192 3774 5257 λαϐὼν,
3825 5195 3979 5265 ὅμως

2390 5278 2490 5350 τὴν
2506 5278 2757 5331 δοθεῖσαν
2786 5279 2935 5349 αὐτῷ
2964 5280 3149 5349 χάριν,
3184 5278 3289 5333 κᾶν
3325 5282 3501 5351 μικρά
3542 5282 3652 5352 είη,
3681 5282 3865 5347 καλῶς
3891 5286 3979 5338 οι-

2393 5372 2672 5443 κονομήσῃ
2700 5413 2715 5439 ,
2778 5372 2901 5443 ίσην
2959 5373 3125 5444 τιμὴν
3181 5374 3521 5444 ἀπολήψεται
3576 5376 3653 5447 τῷ
3715 5379 3976 5447 μεγάλων

2391 5463 2675 5529 ἀξιωθέντι
2727 5467 2822 5518 καὶ
2881 5464 3311 5535 κατορθώσαντι.
3354 5467 3624 5531 Ἕκαστος
3658 5469 3769 5539 γάρ
3798 5470 3924 5523 καθ’
3947 5470 3979 5523 6

2390 5552 2570 5617 ἔλαϐε,
2596 5554 2736 5607 κατά
2762 5554 2923 5607 τοῦτο
2952 5557 3043 5608 καί
3082 5555 3254 5627 ἄκρος
3280 5556 3448 5623 δοκεῖ,
3500 5558 3595 5611 ἐὰν
3625 5559 3971 5634 κατορθώσῃ.

2404 5642 2543 5697 Ἀλλ’
2574 5646 2623 5697 el
2661 5644 2759 5714 μὲν
2796 5646 3151 5716 εὐγνώμονες
3184 5646 3397 5713 δοῦλοι,
3436 5647 3699 5703 τοιοῦτοι*
3733 5652 3761 5705 6
3785 5650 3842 5706 δὲ
3876 5667 3976 5706 πο-
