4298 6446
275 404 386 467 ιτς

867 399 1316 464 ENARRATIO
1355 401 1439 463 IN
1479 395 1988 463 EVANGELIUM
2017 398 2404 461 ΜΑΤΤΗΑΞΙ.
2446 425 2517 436 -
2552 403 2564 457 ί

1241 399 1316 462 [0
1355 401 1439 463 ΙΝ
1479 395 1988 463 EVANGELIUM
2017 398 2404 461 ΜΑΤΤΗΑΞΙ.
2446 425 2517 436 -
2552 399 2711 460 CAP.
2755 398 2932 461 XXV.

3445 399 3558 463 430

272 525 440 596 νηρδς
504 523 596 576 καὶ
630 521 862 591 όκνηρδς
914 521 1089 583 ἄλλως
1126 520 1497 586 ἀπολογεῖται,
1534 517 1630 571 καὶ
1659 503 1858 571 ἐαυτοῦ
1890 518 1934 574 Α
1964 533 1969 570 l

1890 518 1934 574 A
1964 517 2121 571 multi
2168 516 2460 572 doctorum
2491 516 2703 571 dicunt.
2755 515 2961 571 Durum
3000 513 3226 584 quidem
3269 515 3555 584 requirere

271 615 463 680 ἀξίως.
493 608 735 682 Σκληρδν
763 605 874 681 γάρ
901 610 1161 680 ὀνομάζει
1194 607 1287 659 16v
1314 606 1602 675 δεσπότην,
1661 603 1856 673 ῶσπερ

271 707 370 760 καὶ
417 705 514 758 νῦν
561 703 748 758 πολλοὶ
778 703 886 756 τῶν
917 701 1281 756 διδασκόντων
1314 699 1554 766 λέγουσι’
1616 695 1860 767 Σκληρόν

273 800 393 851 ἐστι
420 797 482 849 16
531 795 714 865 ζητεῖν
769 794 924 860 παρά
982 790 1292 861 ἀνθρώπων
1337 789 1590 858 ὑπακοὴν
1645 783 1728 852 οἷς
1757 789 1860 842 οὐκ

272 886 595 955 ἐνεποίησεν
621 887 649 938 6
681 884 813 947 Θεὸς
841 884 903 936 16
933 883 1200 953 ὑπήκοον,
1228 881 1354 934 οὐδὲ
1409 880 1731 950 ἐνέσπειρεν
1758 878 1860 932 αὐ-

271 980 388 1040 τοῖς
419 977 483 1030 16
533 976 816 1038 εὐπειθές·
849 973 1009 1026 τοῦτο
1046 973 1158 1045 γάρ
1199 971 1497 1025 αἰνίττεται
1530 970 1620 1025 διά
1643 969 1737 1024 τοῦ
1777 971 1859 1024 τί.

275 1071 396 1122 πεῖν
419 1084 434 1100 ο
467 1068 716 1138 Θερίζεις
739 1068 872 1120 ὅπου
919 1066 1020 1120 οὑκ
1048 1065 1335 1136 ἔσπειρας,
1369 1063 1672 1130 τουτέστιν,
1708 1056 1862 1130 ᾧτινι

270 1160 372 1212 οὐκ
395 1160 723 1229 ἐνέσπειρας
748 1159 810 1210 16
829 1157 1102 1222 εὐπειθὲς,
1122 1156 1375 1218 ἀπαιτεῖς
1399 1153 1533 1225 παρ’
1561 1155 1774 1208 ἐκείνου
1799 1154 1863 1208 16

272 1256 546 1318 εὐπειθές.
575 1255 766 1322 Λέγων
805 1253 860 1307 δὲ
901 1253 1135 1323 σκληρὸν
1160 1251 1252 1305 16v
1301 1249 1570 1318 δεσπότην
1598 1251 1627 1302 6
1653 1249 1861 1317 δοῦλος,

273 1348 468 1400 ἐαυτὸν
495 1347 834 1416 κατακρίνει.
880 1344 1036 1399 Ἐπεὶ
1084 1344 1196 1415 γάρ
1237 1344 1472 1416 σκληρὸς
1515 1340 1604 1413 ἦν,
1660 1340 1862 1409 ὤφειλε

275 1439 477 1507 μᾶλλον
510 1437 885 1504 ἐπιμελεῖσθαι
906 1477 921 1502 ,
972 1436 1049 1498 ὼς
1084 1435 1320 1506 σκληρὸν
1349 1436 1443 1489 καὶ
1487 1434 1674 1502 ἀπηνῆ
1723 1432 1865 1503 ἔχων

271 1530 566 1597 δεσπότην.
629 1527 694 1581 Ei
742 1529 853 1598 γάρ
898 1527 968 1581 τὰ
1032 1527 1237 1598 ἐτέρων
1282 1528 1528 1592 ἀπαιτεῖ,
1564 1524 1766 1596 μᾶλλον
1795 1524 1866 1579 τὰ

271 1619 469 1673 ἑαυτοῦ
531 1620 863 1690 ἀπαιτήσειο
899 1617 1042 1671 ὥστε
1095 1617 1202 1672 ἔδει
1255 1619 1349 1671 καὶ
1385 1616 1445 1670 σὲ
1501 1617 1797 1688 πλεονάσαι
1836 1613 1868 1668 δ

272 1711 488 1774 ἔλαϐες,
533 1713 628 1764 καὶ
663 1711 886 1778 ποιῆσαι
919 1709 1192 1780 μαθητὰς,
1231 1711 1326 1779 ἀφ’
1355 1703 1431 1769 ὧν
1474 1710 1755 1780 ἀπῄτησεν
1798 1708 1867 1763 ἂν

269 1803 334 1855 16
365 1801 718 1871 ὀφειλόμενον
745 1799 882 1871 ('53).
919 1799 1268 1869 Τραπεζίτας
1298 1799 1409 1870 γάρ
1456 1800 1582 1861 τοὺς
1617 1797 1867 1869 μαθητὰς

1966 609 2035 664 ab
2057 607 2370 663 hominibus
2398 608 2792 672 obedientiam,
2819 608 3019 677 quibus
3043 605 3187 661 Deus
3222 621 3334 661 non
3362 609 3559 664 indidit

1963 701 2329 756 obedientiam
2353 709 2407 754 et
2435 700 2977 771 persuasibilitatem,
3006 699 3108 753 hoc
3136 699 3281 755 enim
3319 700 3558 755 insinuat

1965 791 2156 846 dicens
2184 808 2199 846 :
2238 790 2396 847 Metis
2426 792 2515 845 ubi
2551 805 2662 846 non
2702 791 3018 857 seminasti,
3044 791 3148 845 hnc
3178 799 3296 856 est,
3327 793 3414 845 cui
3449 807 3556 845 non

1966 883 2166 938 dedisti
2226 892 2284 937 ut
2339 883 2628 950 obediret,
2682 884 2858 952 exigis
2923 883 2992 938 ab
3049 883 3141 938 illo
3199 894 3258 936 ut
3316 885 3557 938 obediat.

1970 964 2168 1029 bicens
2226 985 2407 1030 autem
2459 975 2657 1030 durum
2711 976 2990 1030 dominum
3063 989 3253 1029 servus
3320 974 3559 1044 seipsum

1965 1065 2314 1122 condemnat.
2372 1066 2511 1122 Nam
2568 1069 2830 1138 quoniam
2892 1069 3059 1122 durus
3113 1080 3269 1135 erat,
3327 1070 3564 1124 debebat

1967 1158 2144 1230 magis
2189 1159 2422 1230 diligens
2473 1174 2634 1224 esse,
2684 1169 2874 1229 utpote
2926 1161 3122 1214 durum
3173 1171 3229 1215 et
3285 1161 3560 1215 crudelem

1966 1251 2249 1308 dominum
2301 1256 2551 1307 sortitus.
2601 1250 2739 1306 Nam
2795 1253 2837 1306 si
2894 1252 3070 1307 aliena
3124 1255 3335 1323 exigit,
3391 1252 3564 1306 multo

1968 1344 2142 1414 magis
2191 1359 2286 1398 sua
2335 1346 2554 1414 exiget:
2589 1355 2751 1412 atque
2791 1343 2864 1397 ita
2909 1344 3196 1412 Oportebat
3237 1353 3292 1398 et
3335 1354 3386 1398 te
3429 1345 3564 1395 mul-

1970 1437 2219 1507 tiplicare
2269 1451 2394 1506 qua:
2444 1449 2735 1504 acceperas
2769 1476 2784 1501 ,
2839 1444 2895 1489 et
2950 1433 3130 1488 facere
3184 1435 3482 1504 discipulos
3535 1451 3562 1487 a

1967 1528 2165 1598 quibus
2193 1527 2433 1581 debitum
2479 1533 2770 1596 repeteret.
2810 1523 3219 1580 Nummularios
3251 1538 3432 1578 autem
3482 1527 3568 1578 di-

1968 1621 2206 1690 scipulos
2253 1621 2534 1681 nominat,
2585 1629 2840 1688 tanquam
2899 1633 2994 1672 eos
3045 1620 3135 1686 qui
3193 1620 3424 1684 probent
3473 1627 3566 1669 aut

1972 1706 2268 1781 reprobettt
2301 1726 2607 1766 sermones.
2655 1709 2857 1765 Verum
2892 1725 3112 1763 usuram
3142 1710 3311 1779 exigit
3341 1723 3370 1761 a
3406 1711 3567 1761 disci-

1973 1804 2154 1876 pulis,
2217 1819 2442 1873 operum
2502 1803 2714 1858 scilicet
2773 1802 3191 1855 exbibitionem.
3261 1800 3566 1867 Discipnlus

269 1895 551 1964 ὀνομάζει,
600 1895 677 1957 ῶς
706 1893 1102 1964 δοκιμάζοντας
1125 1895 1160 1963 ἢ
1219 1892 1726 1963 ἀποδοκιμάζοντας
1771 1891 1866 1945 τὸν
1898 1871 1966 1933 θη

1898 1871 1941 1928 Β
1965 1871 2115 1952 enim
2146 1910 2176 1950 a
2211 1871 2436 1951 doctore
2462 1908 2772 1948 sermonem
2804 1894 3107 1960 accipiens,
3146 1891 3310 1944 habet
3342 1891 3563 1959 quidem

270 1987 430 2057 λόγον
450 2005 464 2018 ·
527 1990 684 2042 τόκον
716 1988 773 2041 δὲ
826 1990 1052 2043 ἀπαιτεῖ
1103 1988 1257 2060 παρὰ
1317 1987 1426 2043 τῶν
1463 1988 1725 2060 μαθητῶν
1766 1985 1866 2058 τὴν

269 2081 382 2134 τῶν
411 2079 589 2150 ἔργων
627 2079 908 2147 ἐπίδειξιν.
956 2080 1016 2126 Ὦ
1061 2081 1170 2152 γὰρ
1233 2079 1502 2151 μαθητὴς,
1567 2078 1865 2148 λαμϐάνων

271 2172 427 2243 παρὰ
447 2172 542 2224 τοῦ
573 2172 892 2226 διδασκάλου
916 2173 1010 2226 τὸν
1042 2171 1222 2242 λόγον,
1256 2172 1371 2243 ἔχει
1405 2172 1507 2242 μὲν
1549 2173 1643 2225 καὶ
1676 2171 1862 2234 αὐτὸν,

270 2263 368 2316 καὶ
398 2263 724 2316 ἀποδίδωσιν
748 2261 911 2316 αὐτὸν
958 2262 1256 2334 ὁλόκληρον
1275 2279 1290 2293 ο
1319 2261 1643 2332 προσδίδωσι
1668 2260 1727 2314 δὲ
1767 2261 1866 2314 καὶ

268 2355 431 2407 τόκον
481 2353 578 2424 τὴν
615 2353 882 2424 ἐργασίαν
917 2352 1014 2406 τοῦ
1055 2353 1287 2421 ἀγαθοῦ.
1341 2354 1566 2423 Αίρεται
1612 2347 1706 2406 οὖν
1755 2350 1865 2405 ἀπὸ

269 2444 368 2498 τοῦ
398 2444 646 2516 πονηροῦ
665 2444 763 2499 καὶ
785 2444 1020 2516 ὀκνηροῦ
1057 2445 1245 2500 δούλου
1270 2445 1330 2501 16
1356 2446 1628 2515 χάρισμα.
1667 2445 1728 2498 '0
1752 2445 1864 2516 γάρ

269 2537 456 2591 λαϐὼν
485 2539 734 2610 χάρισμὰ
761 2556 816 2593 τι
848 2541 926 2603 είς
957 2539 1018 2593 16
1053 2526 1334 2610 ὠφελῆσαι
1363 2539 1580 2603 ἄλλους,
1641 2539 1734 2591 καὶ
1787 2537 1864 2609 μὴ

270 2634 612 2703 κεχρημένος
641 2635 837 2704 τούτῳ,
861 2635 957 2686 καὶ
979 2634 1115 2688 αὐτὸ
1137 2633 1438 2687 ἀπόλλυσιν
1459 2649 1470 2661 ·
1501 2633 1530 2685 6
1553 2632 1610 2685 δὲ
1639 2631 1864 2684 πλείονα

275 2724 517 2795 σπουδὴν
577 2725 970 2795 ποιησάμενος,
1027 2723 1254 2778 πλείονα
1295 2727 1601 2780 ἐπισπᾶται
1634 2726 1730 2777 καὶ
1761 2723 1864 2795 τὴν

269 2814 504 2885 δωρεάν.
532 2814 624 2884 Τῷ
653 2815 760 2886 γὰρ
810 2815 989 2885 ἔχοντι
1025 2814 1261 2888 σπουδὴν
1313 2816 1605 2885 δοθήσεται
1660 2814 1866 2867 πλείων

269 2911 305 2977 ἠ
336 2912 516 2981 χάρις,
548 2911 643 2965 καὶ
675 2910 1169 2981 περισσευθήσεται
1195 2927 1210 2943 ·
1245 2911 1355 2964 ἀπὸ
1387 2911 1444 2964 δὲ
1483 2911 1576 2964 τοῦ
1610 2908 1687 2981 μὴ
1717 2908 1868 2980 ἕχον-

1971 1990 2120 2044 illum
2153 1999 2209 2044 et
2241 1989 2420 2044 reddit
2464 1989 2772 2055 integrum,
2817 1985 2968 2041 addit
2995 1995 3182 2050 autem
3227 1995 3284 2041 et
3313 1999 3564 2048 usuram,

1970 2083 2096 2139 boni
2143 2083 2540 2153 operationem.
2575 2080 2812 2135 Tollitur
2843 2081 3026 2149 itaque
3073 2094 3101 2132 a
3145 2080 3290 2133 malo
3324 2089 3383 2133 et
3413 2080 3563 2146 segni

1970 2189 2130 2231 servo
2172 2177 2397 2230 donum.
2426 2173 2531 2241 Qui
2560 2175 2708 2230 enim
2742 2175 2944 2228 donum
2975 2171 3194 2242 aliquod
3229 2171 3283 2226 in
3327 2171 3563 2224 aliorum

1972 2267 2265 2322 utilitatem
2295 2268 2525 2338 accepit,
2554 2281 2657 2320 nec
2679 2280 2746 2320 eo
2771 2267 2965 2330 utitur,
3002 2265 3131 2317 illud
3162 2264 3325 2316 etiam
3352 2264 3564 2332 perdit:

1974 2359 2066 2427 qui
2099 2371 2228 2412 vero
2259 2356 2627 2426 multiplicare
2658 2357 2868 2419 studet,
2913 2355 3181 2425 majorem
3222 2354 3329 2408 sibi
3373 2353 3564 2408 conci-

1973 2449 2127 2504 liabit
2157 2449 2406 2520 gratiam.
2445 2445 2792 2517 Diligentiam
2829 2449 2976 2502 enim
3013 2447 3300 2502 adhibenti
3344 2447 3566 2500 dabitur

1976 2537 2148 2607 major
2177 2538 2374 2607 gratia,
2404 2537 2490 2606 _ita
2521 2548 2581 2590 ut
2624 2536 2882 2592 abundet.
2928 2535 3180 2592 Studium
3221 2547 3407 2591 autem
3459 2552 3564 2589 non

1976 2627 2263 2693 adhibens,
2296 2638 2354 2682 et
2388 2629 2533 2682 dono
2568 2629 2710 2696 quod
2743 2628 2962 2682 videtur
3003 2628 3208 2682 habere
3238 2627 3566 2696 privabitur.

1974 2717 2266 2789 Negligens
2303 2721 2487 2787 enim,
2532 2730 2588 2776 et
2631 2723 2724 2792 qui
2772 2733 2878 2776 nou
2921 2734 3183 2792 operatur
3215 2736 3311 2791 per
3355 2737 3418 2775 ea
3448 2735 3571 2790 quae

1974 2813 2224 2881 accepit;
2263 2827 2370 2866 non
2417 2813 2579 2868 habet
2627 2815 2869 2881 donum,
2909 2815 3006 2871 sed
3053 2815 3267 2870 videtur
3321 2815 3566 2870 habere:

1977 2922 2101 2960 nam
2137 2905 2373 2975 perdidit
2404 2921 2502 2960 sua
2535 2907 2890 2977 negligentia.

270 3021 364 3067 τος
398 3004 634 3076 σπουδὴν
688 3005 782 3057 καὶ
806 3005 868 3057 16
896 3005 1146 3076 χάρισμα
1185 3005 1214 3058 ὃ
1241 3005 1392 3058 δοκεῖ
1420 3003 1589 3074 ἔχειν,
1622 3003 1928 3074 ἀρθήσεται
1951 3017 1965 3030 ’
2040 2999 2069 3052 6
2133 2999 2244 3070 γὰρ
2304 3017 2380 3070 μη
2414 3000 2651 3071 σπουδὴν
2699 3001 2862 3072 ἔχων,
2930 3002 3066 3073 μηδὲ
3098 3004 3571 3074 -ἐπεργασάμενος

269 3097 354 3168 οἷς
390 3101 602 3164 ἐλαϐεν,
628 3103 730 3154 οὐκ
774 3101 888 3172 ἔχει
927 3102 989 3153 τὸ
1018 3101 1287 3172 χάρισμα,
1319 3100 1455 3154 ἀλλά
1488 3101 1642 3153 δοκεῖ
1672 3098 1844 3170 ἔχειν’Δ
1888 3097 2193 3167 ἠμαύρωσε
2231 3095 2342 3166 γὰρ
2373 3097 2533 3150 τσῦτο
2559 3099 2646 3151 διὰ
2671 3101 2772 3169 τῆς
2813 3099 3096 3168 ἀμελείας.

349 3214 368 3246 ι
413 3195 580 3248 Ὅταν
606 3194 661 3246 δὲ
694 3192 824 3266 ἔλθῃ
854 3197 882 3247 6
919 3194 1048 3258 Υἱὸς
1078 3194 1174 3248 τοῦ
1201 3194 1494 3266 ἀνθρώπου
1530 3199 1587 3249 ἐν
1618 3197 1684 3266 τῇ
1732 3191 1863 3264 δόξῃ
1890 3194 1936 3252 C
2043 3189 2046 3198 ’

1890 3194 1936 3252 c
2043 3188 2207 3245 Vens.
2245 3190 2481 3245 51-334
2521 3190 2654 3246 Cum
2690 3203 2873 3250 autem
2907 3196 3118 3248 venerit
3141 3194 3310 3249 Filius
3335 3196 3572 3261 hominis

269 3283 576 3342 αὑτοῦ,κα“ι
613 3283 812 3345 πάντες
838 3283 888 3334 οί
919 3281 1066 3351 ἅγιοι
1101 3283 1324 3351 ἄγγελοι
1358 3285 1479 3355 μετ’
1509 3284 1697 3349 αὑτοῦ,
1742 3285 1865 3337 τότε

273 3375 498 3427 καθίσει
525 3376 619 3427 ἐπὶ
661 3375 853 3446 θρόνου
887 3375 1044 3446 δόξης
1071 3377 1260 3442 αὐτοῦ,
1307 3379 1403 3431 καὶ
1431 3378 1865 3448 συναχθήσονται

271 3467 584 3537 ἔμπροσθεν
615 3467 781 3520 αὑτοῦ
819 3467 996 3521 πάντα
1019 3469 1088 3520 τὰ
1116 3468 1266 3537 ἔθνη,
1298 3473 1391 3523 καὶ
1417 3473 1636 3540 ἀφοριεῖ
1667 3471 1867 3534 αὐτοὺς

273 3561 370 3615 ἀπ’
404 3562 673 3632 ἀλλήλων,
702 3562 891 3634 ῶτπερ
915 3565 943 3616 6
979 3565 1185 3634 ποιμὴν
1226 3565 1481 3635 ἀφορίζει
1511 3566 1580 3619 τὰ
1615 3564 1868 3636 πρόϐατα

272 3655 383 3707 ἀπὸ
409 3655 516 3707 τῶν
542 3656 764 3726 ἐρίφων,
799 3658 894 3709 καὶ
929 3657 1118 3729 στήσει
1157 3657 1225 3711 τὰ
1262 3659 1361 3727 μὲν
1411 3659 1658 3728 πρόϐατα
1690 3659 1752 3710 ἐκ
1781 3659 1867 3711 δε-

273 3747 406 3815 ξιῶν
429 3747 615 3805 αὐτοῦ.
658 3748 726 3800 τὰ
748 3748 805 3801 δὲ
837 3749 1024 3818 ἐρίφια
1056 3748 1115 3814 ἐξ
1148 3749 1469 3818 εὐωνύμων.
1512 3768 1530 3801 ι
1580 3749 1802 3820 Ἐπειδὴ
1831 3749 1865 3819 ή

274 3839 472 3910 πρώτη
502 3841 775 3909 παρουσία
819 3841 914 3894 τοῦ
961 3841 1170 3912 Κυρίου
1224 3843 1281 3894 ἐν
1321 3843 1517 3913 ἀτιμίᾳ
1543 3842 1735 3910 γέγονε
1771 3843 1868 3895 καὶ

275 3932 456 4005 ὕϐρει,
485 3935 618 4002 φησὶ
637 3935 717 4001 τὸ,
743 3935 908 3987 Ὅταν
936 3935 1062 4006 ἔλθῃ
1089 3937 1146 3988 ἐν
1177 3937 1243 4006 τῇ
1276 3936 1404 4007 δόξῃ
1435 3935 1622 3991 αὑτοῦ.
1644 3936 1731 3989 Ἐν
1759 3936 1868 4008 γὰρ

274 4029 342 4096 τῇ
378 4025 605 4096 δευτέρᾳ
658 4027 798 4094 μετά
823 4025 982 4096 δόξης
1017 4025 1323 4090 ἐλεύσεται,
1351 4025 1602 4096 ἀγγέλων
1634 4028 1867 4097 δορυφο-

276 4114 519 4186 ρούντων
547 4115 730 4170 αὐτόν.
763 4115 986 4184 Πρῶτον
1011 4115 1069 4168 δὲ
1107 4115 1356 4185 ἀφορίζει
1389 4118 1515 4178 τοὺς
1539 4117 1730 4185 ἁγίους
1759 4117 1869 4171 ἀπὸ

275 4207 386 4260 τῶν
422 4207 788 4277 ἁμαρτωλῶν,
821 4208 1190 4262 ἀπαλλάσσων
1225 4209 1427 4271 αὐτοὺς
1472 4207 1739 4276 ἀγωνίας,
1771 4210 1868 4261 καὶ

277 4301 481 4370 ῖστησι,
525 4300 618 4352 καὶ
657 4301 778 4352 τότε
823 4304 992 4370 φωνεῖ
1023 4303 1160 4372 πρὸς
1205 4301 1425 4366 αὐτούς.
1458 4302 1716 4370 Πρόϐατα
1766 4302 1868 4372 μὲν

275 4384 370 4442 οἶι⁹ν
398 4391 555 4443 καλεῖ
578 4391 704 4452 τοὺς
734 4392 941 4458 ἁγίους,
971 4393 1058 4445 διὰ
1086 4392 1147 4445 16
1175 4393 1404 4463 ἥμερον,
1426 4393 1517 4446 καὶ
1542 4394 1623 4446 ὅτι
1652 4394 1868 4462 καρπὸν

280 4485 414 4554 ἡμῖν
442 4483 645 4536 διδόασι
686 4485 780 4537 καὶ
810 4484 1077 4553 ὠφέλειαν
1098 4485 1174 4549 ὼς
1202 4485 1271 4538 τὰ
1302 4486 1569 4556 πρόϐατα,
1603 4487 1696 4539 καὶ
1722 4487 1868 4554 ἔριον

279 4576 641 4646 χορηγοῦντες
666 4576 784 4645 ἦτοι
809 4577 1021 4647 σκέπην
1047 4576 1199 4629 θείαν
1221 4577 1317 4630 καὶ
1341 4578 1868 4647 πνευματικὴν,,καὶ

286 4669 442 4734 (ἀλα,
470 4668 716 4719 τουτέστι
776 4667 984 4737 τροφὴν
1037 4668 1465 4738 προσήκουσαν·
1518 4666 1743 4737 ἐρίφους
1787 4667 1866 4733 δέ,

276 4761 399 4821 τοὺς
424 4759 786 4829 ἁμαρτωλούς
807 4778 820 4791 ο
856 4759 993 4813 κατά
1019 4761 1284 4831 κρημνῶν
1305 4761 1414 4830 γὰρ
1444 4759 1745 4831 βαδίζουσι,
1773 4761 1864 4813 καὶ

279 4851 507 4904 ἄτακτοί
543 4855 648 4904 είσι
675 4853 769 4905 καὶ
804 4852 1046 4922 ἄκαρποι
1072 4853 1147 4916 ὡς
1179 4853 1228 4905 oi
1259 4852 1462 4923 ἔριφοι.

354 4961 372 4994 ι
415 4943 553 4996 Τότε
612 4946 729 5013 ἐρεῖ
778 4947 806 4997 ό
858 4944 1115 5013 βασιλεὺς
1157 4947 1270 5021 τοῖς
1319 4947 1384 4998 ἐκ
1413 4943 1604 5010 δεξιῶν
1653 4945 1860 4999 αὑτοῦ·

275 5035 475 5104 Δεῦτε,
505 5040 552 5090 oi
587 5038 944 5108 εὐλογημένοι
986 5037 1079 5092 τοῦ
1118 5038 1335 5109 Πατρός
1371 5055 1496 5109 μου,
1525 5039 1868 5113 κληρονομή-

1972 3284 2025 3337 ἱη
2055 3284 2220 3353 gloria
2255 3293 2446 3347 sua,et
2476 3300 2668 3340 omnes
2712 3287 2888 3341 sancti
2928 3289 3101 3357 angeli
3145 3304 3269 3343 cum
3317 3306 3405 3356 eo,
3445 3302 3574 3348 tunc

1971 3377 2182 3431 sedebit
2214 3392 2381 3445 super
2408 3379 2588 3432 sedem
2619 3379 2802 3448 gloria:
2833 3395 2965 3444 ante,
2998 3392 3050 3433 et
3089 3385 3574 3453 eongregabuntur

1970 3478 2097 3521 ante
2131 3483 2254 3522 eum
2281 3483 2473 3522 omnes
2505 3479 2716 3538 gentes,
2737 3477 2788 3523 et
2814 3472 3087 3538 separabit
3107 3487 3202 3526 eos
3224 3475 3291 3527 ab
3315 3474 3572 3539 invicem,

1970 3561 2428 3629 quemadmodum
2466 3571 2653 3628 pastor
2704 3572 2956 3631 segregat
3004 3579 3139 3618 oves
3191 3567 3259 3620 ab
3292 3567 3491 3629 ΙιωιΙίε,
3520 3579 3577 3623 et

1973 3658 2176 3705 statuet
2209 3647 2431 3721 quidem
2464 3667 2600 3708 oves
2630 3668 2659 3707 a
2695 3655 2901 3708 dextris
2930 3656 3066 3720 suis,
3093 3656 3285 3712 haedos
3334 3670 3513 3713 autem
3543 3677 3574 3713 a

1971 3741 2233 3798 sinistris.
2291 3760 2310 3794 ι
2349 3741 2619 3809 Quoniam
2678 3745 2892 3815 primus
2942 3749 3207 3803 adventus
3262 3750 3474 3806 Domini
3519 3754 3574 3807 in

1972 3834 2270 3903 ignominia
2323 3833 2424 3888 fuit
2447 3845 2499 3891 et
2533 3839 2865 3907 opprobriis,
2888 3841 3037 3908 dicit,
3068 3841 3203 3896 Cum
3260 3846 3473 3900 venerit
3517 3847 3573 3900 in

1973 3927 2146 3996 gloria
2181 3942 2303 3984 sua.
2329 3927 2384 3980 In
2418 3931 2654 3983 secundo
2690 3931 2835 3984 enim
2873 3947 2995 3985 cum
3027 3933 3196 4001 gloria
3231 3937 3429 4002 aderit,
3472 3952 3575 3993 an-

1971 4018 2105 4086 gelis
2134 4018 2309 4088 ipsum
2340 4020 2686 4087 stipantibus.
2707 4021 2948 4075 Primum
2979 4035 3158 4078 autem
3193 4038 3416 4093 separat
3447 4044 3578 4084 san~

1970 4119 2090 4164 etos
2106 4126 2134 4163 a
2159 4113 2558 4180 peccatoribus,
2578 4113 2816 4169 liberans
2835 4130 2932 4171 eos
2947 4132 2976 4170 a
3001 4117 3203 4184 labore,
3218 4132 3273 4175 et
3290 4121 3506 4189 statuit,
3523 4133 3578 4179 et

1976 4213 2104 4257 tunc
2135 4203 2375 4274 loquitur
2421 4205 2520 4259 eis.
2567 4206 2754 4277 Itaque
2794 4223 2925 4264 oves
2967 4221 3129 4264 vocat
3163 4224 3406 4280 sanctos,
3447 4218 3574 4287 quia

1976 4298 2240 4350 mansueti
2277 4307 2430 4364 sunt,
2453 4307 2507 4352 et
2540 4297 2774 4357 fructum
2816 4295 2972 4356 nubis
3007 4318 3071 4358 ac
3103 4304 3395 4360 utilitatem
3445 4308 3577 4362 dant

1975 4397 2031 4442 ut
2081 4403 2213 4443 oves
2252 4388 2430 4442 lanam
2483 4393 2919 4460 suppeditantes,
2958 4395 3212 4450 videlicet
3242 4397 3486 4453 divinum
3522 4411 3578 4455 et

1977 4480 2314 4548 spiritualetn
2362 4482 2622 4536 amictum
2657 4503 2669 4538 :
2703 4493 2756 4538 et
2799 4486 2903 4549 lae,
2936 4488 3040 4541 hoc
3079 4497 3182 4552 est,
3221 4491 3402 4545 cibum
3440 4507 3574 4546 con-

1977 4590 2171 4643 gruum
2199 4592 2212 4628 :
2242 4575 2436 4629 hmdos
2468 4587 2646 4630 autem
2676 4586 2992 4646 peccatores
3025 4598 3039 4634 :
3076 4581 3126 4633 in
3160 4596 3403 4652 praeceps
3426 4587 3572 4640 enim

1974 4667 2199 4732 vadunt,
2222 4677 2278 4722 et
2308 4668 2835 4742 incompositi.sunt,
2859 4681 2915 4726 et
2946 4671 3163 4728 steriles
3193 4685 3252 4728 ut
3288 4678 3463 4730 btetli.

2047 4955 2210 5011 Vens.
2239 4957 2427 5011 54-ίο.
2460 4977 2477 5010 ι
2517 4957 2670 5015 Tunc
2718 4961 2848 5018 dicit
2904 4962 3065 5036 140
3116 4983 3207 5023 rex
3268 4970 3351 5023 bis
3400 4973 3491 5040 qui
3544 4988 3573 5023 ιι

1979 5047 2187 5102 dextris
2220 5048 2322 5102 sibi
2377 5046 2818 5120 eruntzV'enite,
2880 5055 3153 5112 benedicti
3210 5058 3390 5113 Patris
3439 5065 3566 5126 mei,

1249 5199 1340 5258 Ex
1373 5199 1724 5262 collatione
1756 5202 1948 5266 codd.
1986 5207 2221 5270 Venet.
2273 5209 2338 5272 S.
2372 5207 2594 5271 Marci.

353 5340 469 5415 (at)
498 5339 631 5395 Cod.
661 5323 977 5415 §2ﬂadditt
1001 5338 1124 5393 Τῶν
1145 5338 1358 5415 ,δοολων
1386 5343 1502 5415 γάρ
1533 5342 1652 5415 ἐστι
1679 5343 1740 5397 τὸ
1773 5362 1871 5415 με-

278 5409 558 5474 ταδοῦναι,
597 5409 690 5482 τοῦ
728 5410 785 5482 δὲ
815 5409 1079 5482 δεσπότου
1111 5411 1170 5463 τὸ
1209 5409 1516 5482 ἀπαιτῆσαι
1541 5429 1553 5442 ·
1591 5414 1741 5481 λέγει
1773 5409 1875 5470 οῦν

279 5486 307 5536 6
329 5482 516 5544 δοῦλος
549 5481 686 5553 πρὸς
710 5481 801 5533 τὸν
829 5480 1118 5553 δεσπότην·
1141 5480 1416 5552 Σκληρδν,
1432 5486 1591 5553 φησὶ,
1625 5480 1867 5540 συνεῖδον

276 5553 342 5607 τὸ
380 5552 662 5625 ἐπίταγμά
695 5568 811 5615 σου,
857 5553 917 5625 τὸ
961 5552 1149 5625 ζητεῖν
1191 5552 1687 5625 παράᾐάνθρώπων
1723 5556 1867 5610 ὐπα-

277 5627 438 5693 κοὴν,
471 5617 681 5684 οἷςοὺκ
703 5617 1027 5691 ἐνεποίησας
1057 5623 1147 5676 διὰ
1174 5617 1284 5677 τοῦ
1304 5623 1466 5692 λόγου
1486 5617 1551 5677 16
1581 5627 1864 5693 εὐπειθὲς,

277 5694 359 5744 διὸ
378 5693 636 5744 φοϐηθεὶς
666 5693 738 5744 μὴ
768 5694 1048 5744 ἄπρακτος
1078 5695 1346 5744 γένιυααι.
1379 5695 1439 5744 16
1485 5699 1606 5744 κατ’
1627 5700 1864 5744 ἐμαυτὸν

276 5694 359 5751 διὸ
378 5694 636 5762 φοϐηθεὶς
665 5694 739 5761 μὴ
768 5694 1048 5762 ἄπρακτος
1078 5695 1346 5764 γένωμαι,
1379 5695 1439 5746 16
1464 5699 1606 5765 _x11’
1627 5700 1866 5765 ἐμαυτὸν

282 5767 441 5816 -ιόνον
472 5764 736 5829 ἐφύλαξα,
766 5765 826 5815 16
859 5766 915 5816 δὲ
962 5766 1093 5833 περὶ
1127 5765 1349 5833 ἐτέρους
1383 5766 1485 5818 οὐκ
1528 5769 1862 5823 ἐσπούδασα.

284 5834 342 5902 Τι
361 5835 659 5898 amarae,
689 5851 741 5889 κ.
772 5850 822 5886 τ.
850 5835 900 5887 λ.
941 5854 957 5886 ι
989 5833 1284 5891 Serrorum
1317 5835 1463 5892 enim
1509 5848 1592 5894 est
1616 5841 1865 5906 reddere,

1985 5349 2355 5427 domini_vero
2383 5362 2655 5427 repetere.
2675 5351 2902 5427 ΔΑίΐειιιιιιδ
2947 5355 3134 5427 itaque
3168 5351 3375 5417 servus
3399 5364 3572 5420 domi-

1986 5437 2156 5474 num:
2191 5421 2508 5487 Austerum,
2541 5424 2734 5492 inquit,
2764 5425 2872 5478 vidi
2921 5421 3384 5488 esse-mandatum
3416 5444 3568 5491 tuum

1975 5505 2085 5560 Quo
2117 5492 2483 5571 obedientiam
2507 5493 2939 5571 ab__l10tninibus
2965 5501 3160 5571 exigis,
3187 5503 3387 5571 quibus
3420 5509 3572 5560 scili-

1972 5572 2076 5644 eet.
2091 5578 2188 5632 per
2211 5565 2483 5644 rationem
2503 5561 2819 5644 facilitatem
2837 5561 3128 5644 obedien'di
3150 5561 3268 5627 non
3288 5578 3523 5632 tribuisti
3552 5595 3568 5644 ;

1974 5631 2181 5688 ideirco
2215 5635 2434 5708 timens,
2464 5649 2532 5688 ne
2566 5649 2595 5687 a
2647 5637 2952 5708 ministerio
2982 5643 3316 5708 exciderent,
3362 5646 3414 5700 id
3449 5631 3573 5701 tan1

1973 5712 2106 5782 tuin,
2130 5704 2276 5773 quod
2317 5706 2382 5756 ad
2415 5720 2501 5758 me
2520 5707 2858 5782 pertint-bat,
2888 5715 3154 5782 custodiri
3184 5731 3196 5766 :
3221 5704 3362 5782 quod
3392 5732 3574 5773 autem

1977 5774 2206 5829 aliorum
2237 5784 2374 5842 erat,
2411 5777 2645 5846 neglexi.
2680 5775 3097 5835 Nummularios
3130 5774 3332 5853 autem,
3371 5807 3387 5838 ι
3425 5800 3535 5843 etc.
