4298 6446
762 391 860 454 ΗΞ
1609 384 2189 448 TlIEOPHYLACTI
2229 381 2644 445 BULGARI/E
2682 383 3042 445 AﬂCIIlEP.
3888 384 3999 450 432

763 501 1031 571 possidete
1066 511 1284 567 regnum
1317 496 1368 549 in
1395 494 1763 549 ha‘rcditatem
1806 504 2049 561 paratum
2081 491 2231 545 vobis
2257 492 2324 545 ab
2355 493 2398 550 Δ
2430 507 2460 543 σ

2313 508 2324 543 i
2355 493 2398 550 Δ
2430 507 2560 544 σατε
2590 491 2688 562 τὴν
2717 492 3130 561 ἡτοιμασμένην
3172 492 3301 561 ὑμῖν
3329 490 3607 561 βασιλείαν
3639 492 3748 547 ἀπὸ
3774 497 4010 550 κατασο·

762 592 980 646 t-xordio
1002 589 1200 643 mundi.
1225 586 1430 642 Esurivi
1456 586 1686 649 euim,et
1718 584 1939 638 dedistis
1972 585 2099 637 mihi
2125 583 2318 637 edere:
2431 582 2459 634 λ

2308 596 2318 635 :
2431 582 2527 649 λῆς
2556 583 2783 651 κόσμου.
2826 584 3112 636 Ἐπείνασα
3139 585 3266 654 γὰρ,
3288 584 3381 637 καὶ
3412 583 3648 638 ἐδώκατέ
3672 602 3762 655 μοι
3788 590 4005 653 φαγεῖν·

759 684 927 745 sitivi,
951 691 1000 733 et
1035 679 1255 733 dedistis
1306 677 1433 729 mihi
1469 677 1683 729 bibere:
1709 676 1903 741 hospes
1934 690 2103 737 eram,
2130 684 2183 728 et
2212 669 2315 727 coi—
2433 672 2456 723 ἐ

2311 702 2315 712 ι
2433 671 2683 741 ἐδίψησα,
2728 672 2821 726 καὶ
2847 673 3133 726 ἐποτίσατέ
3170 689 3256 742 με·
3319 674 3467 737 ξένος
3498 676 3669 744 ἥμην,
3738 677 3830 728 καὶ
3879 694 4008 729 συνο

759 774 963 842 legistis
1012 786 1132 824 me:
1165 770 1358 829 nudus,
1395 778 1446 821 et
1490 767 1775 834 Operuistis
1823 782 1905 818 me
1931 783 1944 819 :
1975 765 2242 826 infirmus,
2266 773 2319 818 et
2429 782 2456 832 η

2305 773 2319 818 ι
2429 763 2665 833 ηγάγετέ
2695 782 2783 833 με’
2822 764 3049 833 γυμνὸς,
3085 766 3177 817 καὶ
3205 764 3555 836 περιεϐάλετέ
3590 782 3679 835 με’
3708 766 4002 837 ἠσθένησα,

759 864 1010 916 visitastis
1063 874 1144 913 me
1172 879 1182 911 :
1213 860 1262 912 in
1296 872 1507 913 carcere
1543 866 1780 920 eram,et
1826 858 2048 911 venistis
2098 858 2163 909 ad
2209 871 2315 910 me.
2428 870 2456 904 κ

2301 893 2315 909 .
2428 855 2519 905 καὶ
2543 853 2919 921 ἐπεσκέψασθέ
2959 871 3049 923 με’
3087 856 3144 905 ἐν
3197 854 3407 923 φυλακῇ
3460 855 3628 924 ήμην,
3688 855 3783 907 καὶ
3806 856 3998 925 ήλθετε

760 951 907 1003 Tunc
989 948 1383 1016 respondebunt
1430 948 1478 998 ei
1529 946 1680 1014 jiisti,
1722 945 2011 999 dicentes:
2067 945 2315 1008 nomine,
2426 960 2457 995 τι

2309 984 2315 1006 ,
2426 944 2562 1013 πρός
2592 961 2680 1014 με.
2733 945 2864 997 Τότε
2899 945 3361 1016 ἀποκριθήσονται
3389 944 3536 1015 αύτῷ
3562 946 3610 996 οἱ
3661 944 3883 1011 δίκαιοι,
3916 946 4006 1000 λέ-

754 1042 970 1107 quando
1003 1054 1051 1096 te
1088 1042 1315 1094 vidimus
1340 1041 1685 1101 esurientem,
1712 1047 1764 1092 et
1798 1037 2079 1105 pavimus?
2112 1046 2203 1091 aut
2242 1038 2316 1090 si-
2426 1051 2451 1101 γ

2307 1065 2316 1077 ι
2426 1050 2653 1101 γοντες·
2713 1036 2930 1105 Κύριε,
2993 1036 3123 1088 πότε
3173 1053 3233 1087 σε
3273 1036 3489 1104 εἴδομεν
3541 1035 3841 1101 πεινῶντα,
3910 1040 4004 1090 καὶ

755 1138 999 1195 ιίυιιιιηιι,
1029 1144 1079 1184 et
1112 1132 1355 1186 dedimus
1388 1133 1478 1184 tibi
1515 1130 1733 1200 potum?
1761 1128 1981 1193 Quando
2010 1138 2188 1180 autem
2237 1129 2316 1180 ι’ἱ-
2425 1126 2451 1177 ἐ

2303 1156 2316 1166 -
2425 1124 2765 1194 ἐθρέψαμεν;
2798 1126 3115 1196 ῆδιψῶντα,
3156 1127 3251 1179 καὶ
3277 1127 3645 1195 ἐποτίσαμεν;
3684 1127 3817 1179 Πότε
3845 1128 3902 1180 δέ
3940 1146 4000 1182 σε

753 1230 926 1279 .lnnns
984 1226 1266 1292 hospitem,
1305 1235 1355 1277 et
1400 1224 1705 1292 collegimus
1758 1222 1843 1274 te?
1877 1232 1967 1273 aut
2019 1223 2239 1284 nudum,
2261 1229 2315 1273 et
2425 1230 2449 1265 ε

2305 1229 2315 1272 ι
2425 1214 2637 1283 εἴδομεν
2654 1214 2823 1279 ξένον,
2841 1216 2934 1268 καὶ
2963 1219 3375 1286 συνηγάγομενς
3405 1217 3681 1287 ἣγυμνδν,
3718 1222 3811 1273 καὶ
3842 1238 4002 1291 περι-

751 1319 1122 1381 (οορθιιιίιιιιιε
1160 1314 1246 1366 te?
1274 1315 1377 1366 Aut
1423 1312 1632 1380 quando
1667 1322 1714 1365 te
1745 1311 1973 1364 vidimus
2019 1311 2311 1372 infirmum,
2424 1321 2448 1355 ε

2301 1348 2311 1371 ,
2424 1303 2721 1374 εὸάλομενς
2791 1306 2926 1359 Πότε
2978 1307 3037 1359 δέ
3074 1324 3131 1360 σε
3152 1309 3366 1379 εἴδομεν
3394 1309 3645 1381 ἀσθενῆῆ
3676 1315 3734 1365 ἐν
3760 1313 3998 1383 φυλακῇ,

750 1422 841 1462 aut
884 1411 934 1460 iu
989 1424 1223 1470 rarcere,
1265 1418 1317 1459 et
1368 1408 1614 1460 venimus
1648 1405 1713 1459 ad
1751 1406 1833 1458 te?
1868 1405 1932 1457 Et
1990 1406 2315 1472 reSponileus
2423 1411 2447 1447 δι

2299 1418 2315 1455 ι
2423 1397 2515 1449 καὶ
2549 1396 2781 1467 ἤλθομεν
2828 1399 2963 1466 πρός
3010 1400 3098 1465 σέ;
3134 1401 3245 1453 Καὶ
3277 1403 3596 1473 ἀποκριθεὶς
3649 1406 3677 1456 6
3720 1405 3996 1473 βασιλεὺς,

750 1516 840 1553 rex
887 1499 1011 1550 dicit
1062 1497 1165 1550 illis
1199 1517 1209 1549 :
1241 1500 1406 1551 Amen
1435 1496 1554 1549 dico
1587 1496 1759 1557 vobis,
1797 1506 2059 1562 quatenus
2110 1493 2313 1547 fecistis
2423 1489 2446 1541 ἐ

2298 1506 2313 1545 ι
2423 1489 2538 1558 ἐρεῖ
2564 1488 2778 1551 αὐτοῖς’
2818 1490 2989 1560 Ἀμὴν
3019 1491 3161 1558 λέγω
3215 1493 3362 1562 ὑμῖν,
3416 1495 3500 1563 ἐφ’
3536 1496 3659 1548 ὅσον
3700 1497 3995 1567 ἐποιήσατε

750 1592 838 1641 nui
875 1589 941 1641 de
983 1592 1062 1642 his
1092 1590 1342 1641 fratribus
1392 1591 1525 1641 meis
1575 1587 1823 1649 minimis,
1857 1588 1985 1640 mihi
2035 1585 2258 1639 fecistis.
2290 1606 2307 1637 ι
2421 1579 2447 1631 ἐ

2295 1606 2307 1637 ι
2421 1578 2502 1631 ἐνὶ
2533 1579 2737 1632 τούτων
2789 1581 2898 1633 τῶν
2935 1581 3177 1650 ἀδελφῶν
3211 1601 3310 1651 μου
3342 1585 3448 1637 τῶν
3485 1586 3809 1656 ἐλαχίστων,
3870 1588 3992 1658 ἐμοὶ

749 1680 865 1735 Non
898 1692 1051 1734 antea
1086 1680 1329 1747 praemisit
1360 1680 1439 1732 vel
1477 1678 1649 1747 punit,
1671 1694 1828 1747 quam
1860 1675 2314 1745 ilijudicet.Mise-
2422 1672 2446 1723 ὲ

2296 1704 2314 1717 .
2422 1672 2734 1742 ἐποιήσατε.
2778 1691 2796 1723 ι
2845 1673 2919 1726 Ού
2952 1673 3217 1743 πρότερον
3250 1678 3384 1746 τιμᾷ
3432 1677 3463 1747 ῆ
3512 1679 3751 1745 κολάζει,
3802 1680 3992 1751 πρὶνῆ

755 1776 924 1828 iicors
970 1774 1108 1826 enim
1160 1782 1334 1832 est,et
1367 1786 1464 1824 nos
1504 1771 1659 1824 docet
1689 1771 1739 1823 id
1774 1772 1966 1837 ipsum,
2011 1768 2151 1836 quod
2205 1782 2309 1820 non
2418 1762 2447 1815 δ

2298 1784 2309 1819 ι
2418 1762 2723 1833 δικάσηται.
2753 1765 3134 1836 Φιλάνθρωπος
3158 1768 3266 1839 γάρ
3303 1771 3437 1833 ἐστι,
3464 1773 3558 1824 καὶ
3589 1773 3734 1841 ἡμᾶς
3767 1773 3825 1826 δὲ
3849 1774 3995 1826 τοῦτ’

752 1876 906 1917 antea
960 1865 1246 1918 debeamus
1284 1862 1489 1930 punire,
1517 1875 1676 1929 quam
1722 1875 1833 1913 rem
1879 1861 2315 1916 discusserimus.
2340 1840 2394 1901 Β
2423 1873 2449 1908 α

2300 1896 2315 1911 .
2340 1840 2394 1901 Β
2423 1856 2558 1909 αὐτὸ
2589 1858 2853 1921 παιδεύει,
2884 1859 2959 1928 μὴ
3000 1860 3259 1929 πρότερον
3284 1860 3533 1925 κολάζειν
3558 1840 3693 1932 πρὶν
3721 1864 3786 1918 ἂν
3808 1865 3995 1930 ἐξετά-

753 1959 840 2010 Sit:
876 1957 1017 2011 enim
1047 1956 1390 2008 excusatione
1441 1954 1610 2019 magis
1657 1952 1935 2015 carebunt,
1967 1952 2067 2020 qui
2119 1966 2316 2019 przece-
2425 1964 2450 2001 σ

2298 1979 2316 1994 -
2425 1964 2625 2019 σωμεν.
2661 1948 2817 2002 Οὕτω
2850 1949 2958 2018 γάρ
3012 1951 3410 2021 ἀναπολόγητοι
3468 1954 3667 2023 μᾶλλον
3698 1955 3910 2011 ἔσονται
3944 1960 3995 2011 oi

748 2048 906 2101 dente
933 2045 1136 2113 judicio
1181 2045 1492 2111 puniuntur.
1515 2041 1682 2094 Porro
1716 2050 1931 2095 sanctos
1963 2049 2115 2093 vocat
2150 2040 2312 2094 bene-
2426 2056 2445 2109 ι.

2298 2067 2312 2079 -
2426 2040 2566 2109 μετά
2598 2040 2945 2112 δικαστήριον
2969 2042 3343 2108 κολασθέντες.
3376 2046 3789 2117 Εὐλογημένους
3811 2049 3867 2102 δέ
3895 2067 3995 2102 κα·-

750 2143 1021 2196 dictos,ut
1056 2138 1272 2190 αἰτίαι-ο
1320 2146 1614 2202 susceptos.
1659 2132 1907 2187 [heredes
1958 2143 2133 2186 autent
2172 2135 2313 2200 ipsos
2422 2130 2447 2183 λ

2295 2145 2313 2185 ε
2422 2130 2504 2183 λεῖ
2521 2132 2643 2193 τοὺς
2682 2131 2891 2199 ἁγίους,
2939 2133 3013 2196 ὠς
3054 2134 3161 2187 ύπδ
3200 2134 3295 2187 τοῦ
3328 2134 3539 2206 Πατρδς
3567 2138 3992 2207 ἀτιεοδεχθέντας⁹

747 2232 873 2283 ficit
929 2229 1098 2297 mgni,
1142 2227 1434 2281 ostendens
1492 2224 1630 2293 quod
1689 2224 1827 2277 Deus
1880 2238 1972 2278 eos
2023 2223 2313 2291 participes
2423 2239 2444 2276 ιι

2297 2234 2313 2275 t
2423 2221 2789 2293 κληρονόμους
2818 2226 2875 2279 δέ
2904 2226 3099 2287 αὐτοὺς
3151 2229 3385 2281 ποιεῖται
3430 2229 3527 2299 τῆς
3571 2229 3871 2300 βασιλείας,
3908 2231 3994 2285 ἵνα

747 2323 903 2376 {sciet
940 2322 1121 2388 gloria:
1157 2335 1287 2383 sua,
1331 2328 1385 2371 nt
1436 2317 1568 2371 filios
1614 2332 1760 2371 suos.
1796 2314 1910 2369 Non
1966 2316 2109 2369 enim
2158 2313 2309 2379 dixit,
2420 2312 2444 2364 δ

2297 2352 2309 2379 ,
2420 2312 2567 2384 δείξῃ
2594 2314 2677 2367 ὅτι
2708 2318 2999 2378 κοινωνοὺς
3042 2317 3239 2382 αὐτοὺς
3262 2321 3407 2374 ποιεῖ
3429 2320 3457 2373 6
3498 2320 3630 2385 Θεὸς
3662 2322 3764 2390 τῆς
3794 2324 3994 2377 ἐαυτοῦ

747 2414 1164 2482 Αιίεἰρξιεεεριι,
1210 2410 1481 2465 l’ossidete
1521 2410 1572 2462 in
1628 2408 2094 2468 hmreditalenuut
2128 2414 2310 2472 palcr-
2418 2402 2444 2456 δ

2297 2431 2310 2444 -
2418 2401 2597 2474 δόξης,
2630 2405 2705 2467 ὠς
2756 2408 2905 2470 υἱοὺς
2936 2407 3121 2462 αὐτοῦ.
3153 2410 3227 2462 Ού
3256 2410 3364 2482 γάρ
3392 2406 3536 2477 είπε,
3568 2412 3800 2477 Λάϐετε,
3834 2414 3994 2481 ἀλλά,

750 2526 870 2560 natu
927 2506 1301 2558 substantiam.
1345 2501 1463 2556 Jam
1506 2499 1704 2554 fratres
1748 2500 1996 2553 minimos
2022 2507 2181 2551 ruent
2229 2497 2311 2552 vel
2426 2497 2447 2549 l

2295 2497 2311 2552 l
2426 2497 2913 2569 κληρονομήσατε,
2973 2501 3135 2554 οἱονεί
3189 2518 3311 2556 τινα
3338 2503 3597 2574 πατρῴαν
3655 2508 3992 2574 περιουσίαν.

748 2616 873 2651 suos
934 2598 1240 2666 discipulos,
1278 2594 1357 2649 vel
1410 2608 1597 2649 omnes
1654 2590 1969 2661 simpliciter
2021 2603 2307 2657 pauperes.
2437 2589 2445 2612 ‘

2295 2626 2307 2642 .
2437 2589 2727 2660 ’Δδελφοὺς
2758 2592 2815 2645 δέ
2850 2592 3167 2663 ἐλαχίστους
3190 2595 3360 2660 καλεῖ,
3397 2597 3428 2666 ἦ
3463 2599 3587 2660 τοὺς
3614 2598 3775 2652 αὑτοῦ
3813 2600 3992 2670 μαθη-

744 2690 935 2745 Omnis
990 2691 1130 2743 enim
1187 2701 1388 2755 pauper
1433 2685 1599 2739 frater
1653 2694 1733 2737 est
1784 2682 1987 2737 Christi
2043 2692 2309 2749 quatenus
2417 2697 2441 2731 τ

2293 2695 2309 2734 5
2417 2682 2535 2743 τάς,
2560 2681 2591 2751 ἢ
2623 2683 2829 2744 πάντας
2859 2684 3045 2746 ἁπλῶς
3072 2686 3197 2747 τοὺς
3222 2686 3480 2756 πένητας.
3515 2688 3629 2752 Πᾶς
3662 2688 3770 2759 γὰρ
3800 2694 3990 2759 πένης,

743 2798 946 2853 psuper
997 2799 1009 2835 ι
1066 2777 1501 2849 quandoquidem
1558 2786 1610 2829 et
1666 2774 1915 2829 Christus
1969 2776 2020 2825 iu
2053 2782 2309 2841 .egestnte
2418 2774 2440 2828 Δ

2297 2785 2309 2824 3
2418 2773 2644 2843 ἀδελφός
2670 2777 2786 2828 ἐστι
2820 2775 2913 2828 τοῦ
2946 2775 3186 2845 Χριστοῦ
3228 2779 3351 2829 κατ’
3374 2778 3506 2831 αὐτὸ
3535 2777 3713 2843 τοῦτο,
3748 2780 3872 2851 ἐπεὶ
3899 2780 3994 2834 καὶ

744 2878 900 2927 vixit.
934 2872 1062 2925 \‘ide
1090 2881 1263 2923 autem
1299 2869 1388 2923 llei
1420 2868 1684 2935 justitiam
1712 2863 1982 2933 quomodo
2029 2861 2211 2917 laudet
2247 2876 2310 2915 ac
2416 2872 2441 2922 ά

2295 2876 2310 2915 :
2416 2872 2444 2922 6
2480 2867 2712 2939 Χριστὸς
2747 2870 2805 2920 ἐν
2856 2868 3017 2939 πενίᾳ
3046 2869 3329 2941 διήγαγεν.
3362 2871 3504 2941 Ὅρα
3547 2871 3604 2925 δέ
3648 2874 3742 2927 καὶ
3771 2872 3872 2943 τὴν
3898 2874 3992 2927 τοῦ

741 2966 991 3037 praedicet
1045 2972 1280 3017 sani-tos.
1318 2959 1450 3015 Vide
1500 2960 1625 3014 item
1661 2966 1714 3013 et
1748 2957 1958 3011 illorum
2018 2955 2305 3011 candorem
2417 2960 2438 3014 ε

2293 2972 2305 3008 ι
2417 2960 2552 3014 Θεοῦ
2597 2960 2965 3031 δικαιοσύνην,
3024 2961 3142 3025 πῶς
3198 2964 3565 3033 ἀνακηρύττει
3600 2966 3726 3028 τοὺς
3777 2968 3988 3034 ἁγίους.

740 3056 1005 3127 quomodo
1038 3064 1254 3125 propter
1285 3050 1599 3107 modestiam
1634 3059 1827 3119 negent
1853 3065 1911 3103 se
1942 3049 2090 3102 illum
2124 3048 2308 3117 pavis-
2419 3052 2437 3069 "

2294 3074 2308 3089 -
2419 3052 2560 3123 Ὅρα
2596 3055 2687 3105 καί
2712 3053 2810 3122 τὴν
2841 3052 3065 3107 ἐκείνων
3091 3054 3540 3124 εὐγνωμοσύνην,
3572 3055 3688 3118 πῶς
3718 3058 3787 3109 δι’
3815 3058 3991 3109 ἐπιεί-

741 3153 961 3205 sezsed
997 3148 1254 3201 Dominus
1304 3160 1366 3200 ea
1421 3158 1539 3212 quae
1587 3142 1911 3212 pauperibus
1960 3149 2086 3196 sunt
2138 3140 2302 3206 facta,
2341 3200 2378 3217 _
2417 3161 2438 3196 ι

2294 3180 2302 3205 ,
2341 3200 2378 3217 Α
2417 3160 2572 3197 κειαν
2624 3144 2915 3214 ἀρνοῦνται
2946 3144 3005 3198 τὺ
3050 3143 3283 3216 θρέψαι·
3323 3144 3441 3199 ἀλλ’
3466 3147 3496 3199 ὁ
3549 3146 3755 3217 Κύριος
3794 3148 3863 3201 τά
3912 3149 3991 3212 είς

741 3242 794 3295 in
827 3240 1171 3307 semetipsum
1209 3237 1449 3307 sust-ipit.
2336 3200 2380 3260 ο
2411 3256 2438 3292 τ

2289 3200 2298 3206 ⁷
2336 3200 2380 3260 C
2411 3240 2538 3303 τοὺς
2565 3200 2805 3310 πένητας
2841 3200 3107 3309 γενόμενά
3146 3200 3224 3302 είς
3252 3240 3443 3293 ἐαυτὸν
3469 3200 3809 3311 ἀναδέχεται.

813 3333 977 3387 Vsus.
1017 3332 1211 3387 M46.
1268 3349 1285 3382 ε
1336 3329 1483 3384 Tunc
1530 3329 1669 3384 dicet
1698 3338 1750 3383 et
1780 3328 1864 3382 his
1891 3327 1981 3397 qui
2016 3342 2044 3379 a
2077 3326 2310 3382 sinistris
2488 3350 2505 3384 ι

2295 3340 2310 3380 5
2488 3350 2505 3384 ι
2530 3332 2663 3385 Τότε
2694 3334 2811 3402 ἐρεῖ
2841 3332 3064 3395 καὶτοῖς
3097 3330 3155 3395 ἐξ
3180 3331 3475 3401 εὐωνύμων
3494 3347 3510 3364 ⁶
3549 3332 3857 3403 Πορεύεσθε
3896 3333 3992 3389 ἀπ’

738 3438 916 3488 (runt,
940 3423 1204 3479 Discedite
1227 3440 1255 3476 a
1287 3437 1392 3486 me.
1424 3421 1717 3484 maledicti,
1750 3421 1800 3473 in
1828 3420 2001 3489 igni-ni
2026 3429 2307 3482 aternum,
2411 3425 2435 3478 ξ

2297 3458 2307 3482 .
2411 3422 2569 3494 ἐμοῦ,
2586 3425 2633 3477 οἱ
2658 3423 3052 3497 κατηραμένοι,
3077 3425 3157 3485 είς
3181 3424 3243 3477 τὸ
3268 3423 3380 3495 πῦρ
3405 3423 3467 3477 τδ
3490 3424 3730 3490 αίώνιον,
3759 3426 3820 3479 τὸ
3845 3428 3994 3496 ήτοι-

740 3520 829 3583 qui
854 3526 1075 3585 paratus
1092 3526 1173 3569 est
1196 3514 1410 3585 diabolo
1449 3522 1502 3568 et
1525 3512 1731 3581 angelis
1753 3512 1888 3581 ejus.
1907 3510 2120 3564 Esuriv-i
2138 3512 2320 3576 enim,
2414 3536 2437 3590 μ

2294 3515 2320 3576 .’
2414 3518 2694 3590 μασμένον
2715 3514 2792 3588 τῷ
2816 3516 3048 3586 διαϐόλῳ
3069 3517 3160 3569 καὶ
3190 3518 3301 3580 τοῖς
3322 3516 3574 3586 ἀγγέλοις
3596 3518 3783 3571 αὑτοῦ.
3814 3518 3991 3573 Ἐπεί-

739 3621 792 3662 ιιι
842 3624 944 3661 non
1000 3607 1221 3659 dedistis
1256 3605 1382 3657 milii
1417 3604 1593 3659 cibum
1624 3622 1638 3657 :
1671 3604 1838 3667 sitiri,
1859 3614 1912 3658 et
1941 3617 2049 3657 non
2087 3602 2308 3658 dedistis
2411 3629 2436 3664 ν

2293 3617 2308 3658 Ι
2411 3627 2547 3665 νασα
2572 3609 2705 3680 γὰρ,
2734 3609 2830 3663 καὶ
2854 3610 2951 3663 οὐκ
2978 3608 3219 3663 ἐδώκατέ
3246 3627 3336 3676 μοι
3362 3612 3584 3679 φαγεῖν·
3619 3610 3870 3681 ἐδίψησα,
3896 3612 3990 3666 καὶ

741 3702 871 3754 mihi
926 3707 1106 3767 potum
1136 3716 1153 3751 ι
1182 3699 1374 3765 hospes
1426 3710 1597 3757 eram,
1636 3706 1691 3749 et
1727 3711 1829 3749 non
1859 3710 1943 3747 me
1966 3694 2305 3763 collegistis:
2410 3718 2438 3753 ο

2290 3708 2305 3747 ἒ
2410 3702 2511 3754 οὑκ
2539 3700 2831 3754 ἐποτίσατέ
2863 3716 2948 3769 με’
2987 3700 3138 3766 ξένος
3188 3701 3371 3771 ήμην,
3408 3704 3503 3755 καὶ
3547 3702 3611 3756 οὐ
3652 3704 3987 3774 συνηγάγετέ

742 3795 933 3856 nudus,
958 3802 1007 3844 et
1035 3808 1137 3843 tiOlt
1170 3786 1460 3856 operuistis
1498 3800 1582 3839 me
1619 3804 1630 3839 :
1672 3786 1919 3839 iniirmus
1953 3794 2005 3837 et
2035 3785 2086 3837 in
2120 3797 2307 3837 carce-
2414 3810 2439 3864 μ

2293 3811 2307 3823 ·
2414 3808 2507 3864 με·
2540 3792 2770 3862 γυμνὸς,
2796 3792 2889 3845 καὶ
2918 3791 2979 3843 ού
3030 3808 3095 3843 πε
3107 3790 3385 3863 ριεὸἀλετέ
3418 3807 3508 3862 με’
3542 3793 3774 3864 ἀσθενής
3806 3796 3901 3848 καὶ
3931 3795 3990 3846 ἐν

744 3900 801 3937 re
832 3898 1001 3944 crum,
1033 3892 1084 3930 et
1119 3896 1223 3932 non
1259 3878 1520 3937 visitastis
1576 3890 1679 3929 me.
1719 3875 1871 3929 Tunc
1912 3873 2311 3942 respondebunt
2412 3901 2441 3953 ς

2291 3880 2311 3925 ι
2412 3883 2651 3955 φυλακῇ,
2676 3883 2773 3937 καὶ
2788 3884 2887 3937 οὐκ
2911 3884 3292 3953 ἐπεσκέψασθέ
3319 3901 3409 3953 με.
3447 3885 3579 3940 Τότε
3597 3886 3988 3957 ἀποκριθήσον-

738 3980 786 4032 ei
836 3990 889 4031 et
948 3978 1046 4045 ipsi
1103 3969 1665 4033 dicenteszbomine,
1703 3970 1918 4037 quando
1974 3967 2205 4022 vidimus
2259 3976 2309 4020 te
2408 3992 2435 4028 τ

2294 3980 2309 4020 3
2408 3992 2497 4029 ται
2523 3978 2617 4030 καὶ
2641 3977 2818 4039 αὐτοὶ,
2840 3976 3089 4045 λέγοντες
3110 3993 3124 4007 ο
3154 3977 3351 4047 Κύριε,
3374 3978 3505 4031 πότε
3541 3994 3599 4030 σε
3628 3978 3840 4048 εἴδομεν
3874 3995 3991 4033 ποει-

738 4070 1088 4129 νδιινὶειιιιίη,
1106 4076 1193 4119 aut
1226 4065 1519 4124 sitientem,
1540 4072 1631 4114 aut
1658 4062 1943 4129 hospitem,
1970 4070 2061 4112 aut
2086 4058 2306 4123 nudum,
2410 4087 2435 4123 ν

2289 4096 2306 4123 ε
2410 4070 2606 4134 νῶντα,
2636 4068 2943 4139 ήδιψῶντα,
2976 4071 3007 4139 ἢ
3055 4069 3224 4135 ξένον,
3264 4069 3294 4139 ἦ
3327 4070 3557 4141 γυμνὸν,
3607 4071 3639 4140 ἢ
3688 4070 3915 4139 ἀσθενῆ,
3951 4072 3985 4141 ἢ

738 4170 832 4213 aut
864 4158 1158 4218 intirnnnn,
1195 4167 1285 4206 aut
1318 4156 1368 4205 in
1404 4161 1714 4215 earcere,et
1744 4166 1847 4204 non
1870 4149 2309 4203 ministravinius
2411 4163 2435 4214 ι

2291 4162 2309 4203 ⁵
2411 4163 2469 4214 ἐν
2508 4159 2746 4231 φυλακῇ,
2779 4161 2875 4212 καὶ
2916 4161 2975 4212 ού
3009 4160 3414 4229 διηκονήσαμέν
3444 4177 3570 4227 σοις
3598 4161 3730 4214 Τότε
3754 4163 3988 4232 ἀποκρι-

740 4251 869 4305 tibi?
924 4250 1072 4301 'l'uue
1137 4246 1477 4313 reSpoudebit
1529 4243 1655 4313 illis,
1699 4242 1880 4295 dicens
1914 4260 1929 4295 :
1960 4243 2129 4295 Amen
2189 4240 2309 4296 dico
2412 4251 2437 4304 θ

2291 4254 2309 4296 )
2412 4251 2635 4321 θήσεται
2666 4250 2871 4312 αὐτοῖς,
2904 4249 3078 4317 λέγων
3099 4264 3115 4280 ο
3169 4249 3341 4319 Ἀμὴν
3366 4248 3509 4317 λέγω
3550 4250 3699 4320 ὑμῖν,
3746 4249 3832 4319 ἐφ’
3863 4251 3988 4303 ὅσον

737 4342 911 4405 vobis,
942 4352 1205 4408 qnazenus
1231 4350 1339 4390 non
1384 4335 1586 4388 fecistis
1643 4335 1732 4386 uni
1789 4335 1854 4387 de
1905 4333 2139 4385 minimis
2190 4332 2296 4396 his,
2409 4360 2434 4396 ο

2290 4371 2296 4393 ι
2409 4342 2510 4396 οὐκ
2526 4343 2823 4412 ἐποιήσατε
2867 4341 2947 4394 ἐνὶ
2974 4339 3179 4393 τούτων
3220 4339 3331 4393 τῶν
3355 4340 3677 4411 ἐλαχίστων,
3712 4342 3833 4395 οὐδὲ
3862 4344 3987 4413 ἐμοὶ

737 4450 833 4487 nec
860 4434 987 4484 mihi
1015 4430 1234 4483 fecistis.
1257 4427 1319 4480 Et
1341 4427 1491 4478 ibunt
1514 4425 1563 4477 hi
1589 4425 1639 4478 in
1660 4424 1982 4492 supplicium
2006 4433 2297 4487 maternum,
2411 4434 2434 4486 ι

2289 4461 2297 4486 ρ
2411 4434 2725 4501 ἐποιήσατε.
2763 4432 2873 4485 Καὶ
2896 4432 3292 4485 ἀπελεύσονται
3322 4422 3469 4484 οῦτοι
3506 4434 3586 4495 εἰς
3612 4432 3834 4487 κόλασιν
3857 4433 3986 4487 alii»

730 4524 861 4591 jusu
894 4540 1016 4577 vero
1060 4522 1109 4574 in
1148 4521 1308 4572 vitam
1345 4528 1630 4571 ateruain.
1678 4535 1694 4567 ι
1732 4516 1835 4570 Eos
1861 4517 1950 4584 qui
1983 4532 2013 4570 a
2041 4516 2302 4579 siniStris,
2342 4542 2427 4598 Di

2290 4555 2302 4579 ι
2342 4542 2385 4598 ο
2413 4541 2525 4577 νιον
2550 4562 2563 4586 ,
2597 4526 2645 4576 oi
2699 4522 2754 4575 δὲ
2819 4521 3016 4574 δίκαιοι
3073 4523 3155 4584 είς
3212 4522 3360 4607 ζωήν
3395 4520 3636 4576 αἰώνιον.
3674 4540 3693 4573 ι
3748 4523 3887 4587 Τοὺς
3929 4523 3987 4589 ἐξ

736 4620 789 4672 in
829 4617 1001 4686 ignem
1048 4613 1211 4665 mittit
1259 4612 1348 4680 qui
1404 4621 1738 4677 pra-paratus
1788 4618 1861 4662 est
1914 4609 2145 4663 diabolo.
2170 4610 2303 4677 Quia
2410 4631 2433 4666 ε

2290 4627 2303 4662 ι
2410 4614 2705 4683 εὐωνύμων
2750 4613 2831 4675 εἰς
2864 4612 2925 4664 τὸ
2976 4610 3085 4681 πῦρ
3119 4611 3420 4679 ἐκπέμπει,
3470 4612 3498 4664 ὃ
3546 4612 3873 4682 ἡτοίμασται
3908 4614 3987 4685 τῷ

736 4714 878 4764 enim
910 4703 1298 4771 eompassiouis
1330 4714 1580 4771 expertes
1616 4710 1741 4754 sunt
1771 4700 1991 4765 diaboli,
2016 4709 2070 4755 et
2098 4702 2309 4755 hos:ili—
2410 4706 2433 4758 ὃ

2289 4731 2309 4741 -
2410 4704 2659 4775 διαϐόλῳ.
2710 4705 2861 4757 Ἐπεὶ
2887 4704 2997 4773 γάρ
3038 4704 3387 4773 ἀσυμπαθεῖς
3427 4706 3569 4759 εἰσιν
3614 4706 3665 4759 οἱ
3710 4706 3986 4777 δαίμονες,

737 4816 819 4858 ter
848 4814 901 4855 et
935 4801 1150 4854 inimice
1183 4812 1309 4866 erga
1351 4809 1450 4847 nos
1504 4790 1675 4847 allecti
1723 4803 1893 4846 sunt:
1926 4792 2121 4846 merito
2167 4794 2307 4848 idem
2411 4817 2434 4851 δι

2295 4811 2307 4846 t
2411 4798 2504 4851 καὶ
2544 4798 2765 4867 ἀπηνῶς
2805 4796 3105 4849 διάκεινται
3160 4799 3255 4850 καὶ
3306 4796 3593 4867 ἐχθρωδῶς
3634 4798 3768 4868 πρὸς
3814 4801 3988 4870 ἡμᾶς,

736 4895 1053 4965 supplicium
1114 4892 1333 4951 habent,
1374 4888 1461 4956 qui
1526 4885 1766 4955 ejusdem
1832 4886 2122 4940 voluntatis
2163 4895 2304 4949 sunt,
2412 4906 2433 4941 ε

2292 4928 2304 4949 ,
2412 4888 2635 4951 εἰκότως
2661 4886 2759 4955 τῆς
2787 4886 2959 4956 αὐτῆς
2989 4889 3259 4958 τιμωρίας
3296 4887 3577 4952 ἀξιοῦνται
3604 4891 3654 4943 ot
3682 4889 3779 4959 τῆς
3810 4891 3986 4962 αὐτῆς

737 4990 826 5055 qui
860 4996 914 5039 et
944 4984 1171 5054 pi'Opriis
1200 4979 1450 5049 operibus
1506 4976 1775 5030 maledicti
1825 4975 1949 5031 facti
1983 4988 2125 5031 sunt.
2176 4977 2309 5031 Vide
2411 4994 2434 5046 γ

2295 4992 2309 5031 3
2411 4976 2638 5049 γνώμης
2670 4977 2903 5043 ὄντες,οἳ
2926 4978 3020 5031 καὶ
3058 4982 3121 5031 ἐκ
3145 4978 3254 5032 τῶν
3287 4979 3433 5033 ἰδίων
3455 4981 3633 5034 αὐτῶν
3660 4980 3843 5053 ἔργων
3868 4985 3992 5037 ἐπι·

739 5092 914 5134 azitein
944 5078 1083 5146 qnoJ
1125 5075 1265 5127 Di-us
1294 5075 1466 5139 ignem
1493 5085 1594 5123 non
1618 5071 1937 5138 preparavit
1961 5068 2308 5134 hominibus;
2412 5086 2436 5121 ii

2293 5085 2308 5125 :
2412 5070 2709 5139 κατάρατοι
2741 5069 3159 5139 ἐγένοντο.”ορα
3176 5069 3231 5122 δὲ
3252 5070 3335 5122 ὅτι
3353 5071 3449 5140 οὐχ
3481 5072 3777 5142 ἡτοίμασεν
3801 5074 3830 5125 6
3854 5074 3990 5137 Θεὸς

737 5169 1057 5237 supplicium
1085 5150 1228 5220 enim
1260 5177 1366 5216 non
1408 5160 1531 5215 fecit
1561 5171 1779 5230 propter
1804 5174 1928 5226 nos,
1963 5164 2055 5215 sed
2088 5172 2311 5231 propter
2410 5177 2434 5215 τ

2291 5177 2311 5215 r
2410 5160 2472 5216 τὸ
2498 5160 2610 5232 πῦρ
2633 5163 2745 5225 τοῖς
2777 5161 3109 5233 ἀνθρώπως,
3144 5161 3267 5215 ούδέ
3295 5164 3392 5232 τὴν
3420 5165 3641 5218 κόλασιν
3663 5165 3889 5235 ἐποίησε
3919 5165 3988 5219 δι’

737 5260 1008 5314 diabolum
1040 5279 1049 5309 :
1077 5272 1176 5325 ego
1212 5267 1389 5307 autem
1441 5251 1817 5321 memetipsum
1856 5253 2117 5320 supplicio
2169 5251 2310 5307 facio
2412 5256 2434 5323 ί

2293 5266 2310 5307 ι
2412 5255 2580 5325 ἡμᾶς,
2614 5252 2753 5308 ἀλλά
2782 5254 2869 5308 διὰ
2927 5254 3017 5307 τὸν
3045 5253 3308 5320 διάσολον,
3346 5255 3456 5325 ἐγὼ
3501 5256 3559 5311 δέ
3590 5256 3730 5312 ποιῶ
3750 5257 3990 5327 ἐμαυτὸν

737 5352 1049 5406 obnoxium.
1083 5346 1343 5401 llorresce
1379 5343 1613 5412 igitur,o
1638 5344 1817 5409 homo,
1840 5357 1961 5419 cum
1984 5344 2311 5413 cogitaveris
2410 5364 2434 5401 τ

2293 5357 2311 5402 I
2410 5350 2477 5418 τῇ
2506 5347 2727 5401 κολάσει
2759 5346 3034 5402 ὑπόδικον.
3065 5346 3259 5416 Φρίξον
3288 5347 3369 5412 δέ,
3399 5344 3677 5419 ἄνθρωπε,
3726 5350 3990 5421 ἐννοήσας

737 5443 907 5514 1141
932 5441 1204 5507 hoc,qnod
1227 5439 1296 5491 illi
1320 5451 1495 5506 neque
1516 5443 1571 5488 ut
1607 5445 1807 5503 scorta,
1832 5450 2007 5506 neque
2051 5448 2109 5491 ut
2142 5437 2311 5492 latro-
2409 5439 2434 5489 ἐ

2297 5466 2311 5480 -
2409 5436 2657 5490 ἐντεῦθεν
2686 5440 2767 5490 ὃτι
2805 5437 2911 5489 ίδοὺ
2946 5431 3091 5490 οὗτοι
3112 5436 3236 5490 οὔτε
3270 5437 3345 5500 ὡς
3377 5438 3599 5508 πόρνοι,
3634 5437 3758 5493 οὔτε
3787 5439 3862 5501 ὡς
3890 5440 3994 5510 ἀρ-

739 5550 1036 5605 nes,neqne
1053 5531 1210 5600 utqui
1237 5544 1397 5601 grave
1434 5529 1577 5583 aliud
1610 5527 1867 5599 ﬂagitium
1909 5541 2307 5599 perpetrarunt,
2410 5544 2436 5581 τ

2295 5570 2307 5596 ,
2410 5544 2609 5598 παγες,
2642 5526 2767 5582 οὔτε
2802 5528 2877 5592 ὡς
2910 5528 3039 5582 ἄλλο
3066 5544 3118 5580 τι
3154 5528 3648 5598 πλημμελήσαντες
3667 5530 3860 5596 κακὸν,
3896 5548 3992 5584 κο-

738 5630 1049 5698 puninntur,
1076 5626 1169 5679 sed
1208 5634 1264 5677 ut
1297 5623 1348 5676 hi
1375 5624 1462 5692 qui
1495 5623 1692 5677 bonum
1728 5636 1829 5675 n0n
1863 5620 2127 5677 fecerunt.
2170 5621 2306 5678 Pro-
2408 5621 2435 5674 λ

2292 5650 2306 5664 -
2408 5621 2683 5687 λάζονται,
2714 5621 2828 5673 ἀλλ’
2874 5621 2947 5683 ὡς
2982 5620 3056 5691 μὴ
3093 5622 3420 5691 ποιήσαντες
3468 5622 3697 5691 ἀγαθόν.
3753 5623 3847 5695 Τῷ
3872 5625 3989 5679 δντε

737 5717 881 5776 facto
909 5718 952 5770 si
980 5720 1110 5770 bene
1138 5712 1470 5778 consideras,
1496 5720 1681 5780 raptor
1707 5713 1903 5781 estqui
1934 5713 2095 5765 multa
2124 5714 2304 5779 habet,
2409 5734 2434 5785 γ

2291 5754 2304 5779 ,
2409 5718 2517 5789 γὰρ
2546 5717 2640 5770 ἐάν
2670 5716 2849 5777 καλῶς
2883 5715 3186 5785 σκοπήσῃς,
3218 5715 3401 5785 ἅρπαξ
3434 5717 3583 5769 ἐστὶν
3607 5718 3635 5767 6
3656 5718 3825 5770 πολλά
3849 5719 3988 5788 ἒχων

736 5822 787 5866 et
825 5825 928 5861 non
957 5812 1265 5873 miseretur,
1284 5802 1494 5858 etiamsi
1527 5803 1794 5858 nemiuem
1836 5808 2120 5858 mamlesta
2174 5823 2303 5860 eon-
2411 5822 2433 5856 ii

2288 5834 2303 5847 .
2411 5808 2505 5859 καὶ
2537 5806 2611 5875 μή
2652 5805 2838 5868 ἐλεῶν,
2896 5802 2995 5857 κᾶν
3025 5804 3192 5873 μηδὲν
3225 5804 3459 5877 ἀδικήσῃ
3500 5808 3807 5877 προδήλωςδ
3844 5810 3985 5866 "ttat:
