4298 6446
281 395 390 462 63-1

883 390 1333 458 ENABRATIO
1371 395 1456 459 ΙΝ
1499 384 2002 456 EVANGELIUM
2038 387 2425 453 MATTIid-Il.
2470 414 2536 428 -·
2565 391 2724 452 CAP.
2766 391 2940 453 XXV.

3444 383 3552 447 ιιι

286 510 394 579 γὰρ
426 510 539 577 ἔχει
571 504 934 578 περισσότερα
967 507 1062 560 τοῦ
1099 505 1334 571 δέοντος,
1391 508 1612 580 ἥρπασε
1648 505 1867 570 πάντως
1892 499 1945 563 Δ
1972 511 1983 557 l

1858 499 1945 568 :A
1972 502 2194 557 tumelia
2230 503 2450 557 alliciat.
2478 502 2612 569 Quia
2657 502 2801 558 enim
2852 500 3101 570 qumdam
3148 499 3309 552 habet
3355 497 3555 565 quibus

286 605 398 660 ἀπὸ
416 603 524 656 τῶν
546 601 857 673 χρῃζόντων
880 603 1000 671 μέν,
1033 604 1108 674 μὴ
1148 603 1539 673 λαμϐανόντων
1588 603 1652 656 δέ
1678 601 1738 667 ἐξ
1763 600 1862 656 a6—
1965 611 1983 649 ι

1853 629 1862 645 .
1965 610 2069 649 non
2107 595 2330 667 indiget,
2360 596 2500 666 rapit
2530 596 2753 649 omnino
2784 595 2851 647 ab
2885 595 2971 647 his
3015 593 3106 662 qui
3153 598 3394 661 egcnl,el
3444 605 3550 641 non

286 696 403 750 τοῦ.
439 694 502 746 El
533 693 640 764 γάρ
672 695 751 756 είς
782 693 960 746 κοινὸν
1011 694 1187 748 ταῦτα
1220 691 1547 765 κατέθηκεν,
1596 687 1742 766 ἦσαν
1793 690 1861 748 ἂν
1964 703 1983 742 ε

1854 710 1861 739 ι
1964 687 2238 757 accipiunt
2271 689 2340 742 ab
2370 686 2510 756 ipso.
2536 684 2668 741 Nam
2696 687 2740 741 si
2767 687 2818 739 in
2850 699 3139 739 commune
3169 699 3230 739 ea
3263 681 3551 751 posuisset,

284 787 526 842 κάκεῖνοι
551 784 817 848 άνενδεείς
838 800 852 814 '
883 785 979 839 νῦν
998 785 1054 839 δὲ
1087 786 1210 839 ἐπεὶ
1234 785 1526 840 ἀπέκλεισε
1553 786 1748 852 ταῦτα,
1768 785 1863 839 καὶ

287 879 669 947 ίδιοποιήσατο,
702 876 792 929 διὰ
841 876 1002 930 τοῦτο
1057 878 1313 931 πένονται
1359 880 1597 932 ἐκεῖνον
1656 877 1800 932 ὥστε
1834 879 1864 932 6

283 970 605 1040 ἁνελεήμων
678 969 862 1038 ἅρπαξ
914 969 1053 1033 ἐστὶ,
1095 971 1389 1037 τοσούτους
1435 971 1639 1026 ἀδικῶν
1699 970 1865 1036 ὅσους

284 1065 592 1135 εὐεργετεῖν
623 1063 875 1134 ἠδύνατο,
903 1065 997 1117 καὶ
1035 1067 1135 1118 οὐκ
1182 1065 1577 1137 εὐηργέτησεν,
1609 1066 1732 1121 ὅθεν
1757 1067 1866 1122 ἀπο

284 1155 597 1210 ελεύσονται
632 1150 778 1210 οὗτοι
805 1156 887 1218 είς
939 1155 1164 1211 κόλασιν
1195 1156 1413 1212 αίώνιον
1443 1159 1537 1212 καὶ
1596 1159 1866 1228 μηδέποτε

285 1248 594 1318 λήγουσαν·
628 1247 678 1300 οί
715 1246 775 1299 δέ
803 1245 1004 1301 δίκαιοι
1049 1249 1128 1310 είς
1181 1246 1328 1320 ζωὴν
1382 1248 1624 1304 αἰώνιον.
1655 1251 1868 1316 Ὠσπερ

284 1339 398 1410 γὰρ
425 1340 474 1393 οί
518 1339 663 1408 ἅγιοι
713 1338 992 1393 ἄπαυστον
1043 1339 1230 1408 ἐχουσι
1259 1341 1455 1411 χαρὰν,
1486 1339 1630 1394 οὕτω
1683 1340 1780 1393 καὶ
1819 1340 1870 1393 οί

284 1433 465 1486 ἄδικοι
493 1431 771 1486 ἄπαυστον
798 1431 1042 1496 κόλασιν,
1067 1431 1168 1486 κᾶν
1215 1432 1497 1504 Ὦριγένης
1527 1432 1745 1504 φλυαρῇ
1777 1432 1871 1487 λέ-

288 1539 402 1587 γων
431 1523 515 1575 δτι
553 1523 671 1576 ἐστὶ
721 1521 1000 1587 κολάσεως
1043 1522 1218 1586 τέλος,
1246 1525 1340 1577 καὶ
1371 1525 1473 1578 οὒκ
1503 1526 1592 1578 ἀεὶ
1622 1542 1872 1597 τιμωρη-

287 1612 546 1683 θήσονται
577 1613 626 1664 οί
661 1611 1002 1682 ἁμαρτωλοὶ,
1036 1613 1153 1665 ἀλλ’
1198 1613 1378 1675 ἐσται,
1405 1615 1494 1668 ὅτε
1531 1616 1611 1679 είς
1641 1615 1733 1670 τὸν
1761 1615 1874 1669 τῶν

287 1698 515 1753 δικαίων
537 1699 704 1756 τόπον
737 1701 1072 1767 ἐλεύσονται,
1106 1703 1196 1758 διά
1229 1705 1328 1775 τῆς
1354 1705 1634 1770 κολάσεως
1668 1706 1875 1780 καθαρο

1967 779 2200 835 fuissent
2231 779 2422 850 utique
2453 790 2507 835 et
2539 780 2612 834 illi
2647 794 2751 833 non
2788 777 2956 844 indigi
2991 795 3003 830 :
3035 790 3173 830 nunc
3217 785 3394 828 autem
3428 775 3559 839 quia

1968 870 2209 934 reclusit,
2247 881 2304 927 et
2353 870 2565 940 propria
2609 869 2756 934 fecit,
2800 877 3086 939 propterea
3136 864 3210 917 illi
3259 862 3556 917 esurinnt:

1969 975 2131 1035 atque
2159 966 2229 1020 ita
2254 974 2308 1020 et
2332 977 2516 1033 raptor
2545 973 2628 1018 est
2655 965 2747 1034 qni
2780 961 3195 1020 immisericors,
3234 965 3313 1008 tot
3357 952 3556 1020 iniuria

1969 1054 2229 1124 alliciens,
2254 1067 2387 1126 quot
2419 1056 2697 1111 beneflciis
2726 1053 2944 1109 allicere
2975 1053 3171 1120 potuit,
3197 1058 3250 1101 et
3288 1061 3391 1099 non
3425 1043 3559 1096 alle-

1969 1150 2062 1205 cit.
2102 1147 2229 1203 Ideo
2279 1150 2434 1202 ilmnt
2489 1149 2541 1202 hi
2584 1149 2636 1202 in
2678 1146 3001 1215 supplicium
3034 1154 3295 1196 :eternum
3331 1149 3384 1192 et
3420 1152 3561 1190 nun-

1971 1256 2130 1309 quam
2190 1241 2523 1305 ﬁniendum;
2571 1239 2704 1309 justi
2761 1252 2892 1292 vero
2945 1237 2996 1289 in
3051 1235 3214 1288 vitam
3275 1243 3558 1286 aeternam.

1971 1331 2110 1386 Nam
2153 1333 2296 1387 sicut
2327 1332 2502 1386 sancti
2545 1329 2867 1385 incessabile
2916 1329 3119 1383 habent
3163 1326 3443 1393 gaudium,
3491 1324 3563 1377 ita

1973 1422 2155 1491 injusli
2193 1421 2580 1476 indesinentem
2614 1436 2829 1490 pmnam
2858 1437 2870 1472 :
2897 1419 3114 1472 tametsi
3144 1416 3405 1483 Origenes
3456 1430 3561 1466 nu-

1973 1524 2128 1585 getur
2165 1513 2355 1567 dicens
2389 1511 2503 1566 fore
2541 1511 2927 1580 suppliciorum
2978 1511 3163 1568 finem,
3189 1517 3244 1560 et
3275 1522 3380 1558 non
3414 1520 3563 1556 sem-

1975 1621 2074 1676 per
2133 1606 2434 1674 puniendos
2500 1615 2837 1672 peccatores,
2907 1599 2998 1654 sed
3068 1599 3189 1652 fore
3276 1596 3569 1665 aliquando

1979 1707 2211 1767 tempus,
2250 1698 2467 1766 quando
2517 1697 2568 1750 in
2613 1693 2886 1762 iustorum
2940 1695 3152 1747 venturi
3181 1692 3291 1743 sfnt
3324 1705 3565 1741 cnnsur—~

287 1791 495 1855 θέντες.
567 1794 885 1864 Ἐλέγχεται
935 1795 1048 1865 γὰρ
1097 1796 1350 1852 ἐντεῦθεν
1401 1799 1674 1870 φανερῶς,
1713 1779 1874 1856 τοῦτο
1905 1797 1984 1870 η¹

1873 1787 2113 1870 latium
2180 1788 2392 1856 purgati
2447 1802 2475 1840 a
2531 1787 2731 1856 pomis.
2780 1784 3040 1852 Arguitur
3091 1791 3271 1836 autem
3336 1795 3402 1834 ex
3468 1779 3570 1830 hoc

291 1886 415 1952 μὲν,
445 1850 502 1939 έν
523 1881 604 1950 οἷς
643 1850 790 1957 ut};
835 1890 864 1942 6
894 1850 1097 1961 Kiipioc
1119 1906 1132 1921 ·
1175 1850 1683 1959 κόλασινῐαίῶινῶνί
1903 1850 1948 1907 Β
1980 1882 1988 1935 Ῑ

1871 1850 1948 1936 ,Β
1980 1881 2100 1935 loco
2153 1880 2459 1942 manileste,
2507 1893 2629 1932 nam
2704 1876 2970 1932 Dominus
3024 1875 3200 1929 dicit:
3241 1870 3568 1941 supplicium

288 1980 440 2032 εστιν
488 1979 742 2046 οὐδέποτε
771 1981 1067 2053 λήγουσαν,
1124 1983 1285 2036 τοῦτο
1311 1984 1399 2049 δέ,
1436 1985 1495 2038 ἐν
1551 1979 1634 2050 οἷς
1667 1985 1876 2058 προσά-

286 2088 405 2134 τοις
441 2073 538 2142 μὲν
595 2074 924 2142 παρεικάζει
966 2077 1093 2140 τοὺς
1132 2074 1398 2141 δικαίους,
1427 2077 1635 2149 ἐρίφοις
1664 2078 1720 2132 δέ
1747 2080 1875 2144 τοὺς

289 2162 680 2233 ἁμαρτωλούς.
725 2164 938 2235 Ὠσπερ
974 2165 1084 2236 γὰρ
1121 2165 1311 2237 ἔριφος
1363 2169 1466 2221 οὐκ
1495 2169 1561 2222 ἄν
1616 2185 1751 2222 ποτε
1784 2169 1878 2241 γέο

287 2271 436 2308 νοιτο
470 2255 763 2327 πρόόατον,
819 2256 992 2323 οὕτως
1019 2259 1141 2314 ούδέ
1171 2259 1200 2312 6
1230 2261 1554 2331 άμαρτωλδς
1587 2263 1877 2334 καθαρθή-

291 2345 446 2401 σεταί
469 2362 621 2412 ποτε,
646 2347 743 2400 καὶ
766 2347 972 2412 δίκαιος
1001 2350 1330 2420 γενήσεται*
1365 2351 1556 2416 σκότος
1591 2351 1650 2406 δέ
1679 2352 1879 2420 ἐξώτεο

294 2453 414 2509 ρον,
464 2441 526 2491 το
574 2437 925 2509 πορρώτερον
952 2438 1046 2492 τοῦ
1077 2441 1256 2508 φωτὸς
1285 2439 1382 2495 τοῦ
1428 2441 1600 2509 θείου,
1632 2444 1730 2498 καὶ
1786 2443 1878 2499 διὰ

286 2527 452 2584 ⁴εοῦτο
480 2532 577 2585 καὶ
603 2529 994 2600 χαλεπωτέραν
1018 2532 1207 2587 ποιοῦν
1228 2533 1328 2605 τὴν
1358 2533 1604 2590 κόλασιν.
1629 2535 1787 2589 Ἔστι
1819 2535 1879 2590 δέ

293 2623 392 2676 καὶ
417 2622 598 2676 αίτίαν
622 2623 784 2694 τήνδε
813 2624 991 2677 εἰπεῖν
1023 2626 1104 2689 είς
1142 2625 1323 2691 τοῦτο,
1357 2629 1385 2681 6
1417 2627 1747 2699 ἁμαρτωλὸς
1782 2629 1881 2684 καὶ

291 2713 529 2769 ἐνταῦθα
566 2715 664 2784 μιν
696 2716 887 2780 σκότος
921 2717 1056 2788 ἔχει,
1118 2719 1370 2774 ἐκπεσὼν
1396 2719 1491 2775 τοῦ
1539 2721 1640 2790 τῆς
1672 2722 1882 2777 δικαιο-

294 2803 463 2874 σύνης
493 2803 701 2868 Ἠλίου,
737 2805 852 2859 ἀλλ’
883 2809 1006 2861 ἐπεὶ
1034 2809 1191 2875 ἐλπίς
1247 2812 1365 2864 ἐστι
1403 2813 1732 2883 μεταϐολῆς,
1789 2814 1881 2869 διὰ

291 2893 454 2948 τοῦτο
481 2896 582 2949 οὐκ
610 2895 727 2950 ιστι
753 2899 816 2951 τὸ
851 2899 1043 2964 σκότος
1070 2900 1230 2956 τοῦτο
1254 2901 1519 2974 ἐξώτερον
1544 2921 1559 2937 ο
1589 2904 1723 2976 μεθὸ
1754 2906 1882 2977 μέν·

292 3005 378 3042 τοι
430 2989 713 3056 ἀποθάνοι,
761 2992 858 3046 καὶ
885 2992 1145 3064 ἐπισταίη
1211 2997 1244 3070 ᾑ
1301 2997 1411 3049 τῶν
1469 2999 1882 3070 πεπραγμένων

293 3081 570 3147 ἐξέτασις,
611 3084 947 3164 διαδέχεται,
976 3085 1140 3140 αὐτὸν
1193 3067 1288 3142 καὶ
1321 3067 1630 3160 ἐξώτεροννο
1665 3067 1766 3144 οῦκ
1799 3091 1880 3144 ιτι

1976 1983 2263 2036 aeternum,
2286 1972 2387 2026 hoc
2421 1981 2525 2037 est,
2545 1982 2820 2040 nunquam
2862 1968 3142 2022 desinens.
3175 1966 3256 2021 Un
3281 1965 3329 2019 le
3359 1977 3411 2018 et
3451 1963 3572 2016 ovi-

1976 2063 2078 2118 bus
2103 2069 2384 2131 comparat
2408 2061 2609 2131 iustos,
2657 2059 2812 2115 [tedis
2846 2068 3026 2112 autem
3048 2067 3389 2125 peccatores:
3428 2055 3568 2107 sicut

1934 2178 1938 2181 ·
1976 2154 2124 2210 enim
2154 2154 2348 2210 hmdus
2388 2167 2663 2221 nunquam
2699 2152 2759 2206 ﬁt
2797 2153 2934 2216 ovis,
2977 2152 3057 2204 sic
3105 2163 3384 2216 nunquam
3438 2160 3569 2214 pec-

1978 2254 2131 2300 catur
2182 2244 2500 2315 purgabitur
2548 2253 2602 2300 et
2667 2244 2771 2298 erit
2832 2242 3037 2311 justus.
3074 2241 3340 2296 Tenebrae
3394 2251 3574 2292 autem

1978 2333 2302 2403 exteriores,
2333 2351 2454 2406 qua:
2495 2334 2686 2405 procul
2719 2343 2846 2389 sunt
2895 2349 2927 2388 a
2985 2331 3106 2386 luce
3139 2332 3343 2397 divina,
3367 2340 3421 2384 et
3451 2344 3578 2398 pru-

1979 2437 2162 2499 pterea
2192 2429 2498 2498 graviorem
2527 2427 2737 2482 faciunt
2770 2441 3010 2496 penam.
3050 2426 3236 2480 l‘otest
3267 2428 3394 2478 item
3443 2438 3580 2476 cau-

1979 2538 2037 2578 sa
2065 2521 2310 2593 quamam
2363 2519 2546 2577 aﬂ'erri
2580 2520 2648 2574 ad
2682 2524 2818 2574 hac.
2861 2514 3122 2574 Peccator
3175 2517 3322 2572 enim
3379 2515 3431 2569 in
3479 2515 3583 2568 hac

1983 2615 2090 2669 vita
2136 2613 2193 2668 in
2238 2613 2478 2667 tenebris
2525 2620 2630 2676 est,
2658 2625 2782 2665 nam
2833 2608 3039 2666 excidit
3085 2625 3117 2664 α
3163 2607 3276 2663 sole
3318 2605 3580 2675 laetitias:

1981 2709 2076 2760 sed
2104 2705 2229 2773 quia
2257 2719 2384 2776 spes
2419 2715 2507 2761 est
2547 2703 2951 2768 conversionis,
2979 2711 3264 2773 propterea
3303 2713 3409 2753 non
3452 2709 3582 2752 sunt

1984 2801 2218 2856 tenebrae
2252 2800 2356 2854 illa
2393 2800 2717 2855 exteriores.
2746 2798 2916 2852 Porro
2963 2799 3050 2852 ubi
3103 2806 3349 2850 mortuus
3395 2793 3582 2858 fuerit,

1983 2899 2038 2945 et
2072 2889 2333 2944 institerit
2361 2893 2588 2945 examen
2625 2889 2925 2953 factorum,
2949 2889 3227 2955 excipiunt
3256 2902 3379 2941 eum
3431 2894 3588 2939 eate-

1987 2982 2180 3036 riores.
2222 2979 2341 3036 Non
2389 2981 2535 3035 enim
2589 2980 2728 3035 ultra
2777 2979 3152 3055 conversionis
3204 2991 3330 3046 spes
3359 2986 3463 3038 est,
3485 2977 3583 3031 sed

1984 3075 2218 3130 sustinet
2253 3074 2602 3143 amnigenam
2639 3072 2810 3126 divini
2843 3072 3151 3139 splendoris
3198 3070 3586 3140 privationem.

293 3172 406 3243 γὰρ
455 3172 609 3235 ἐλπίς
639 3177 757 3228 ἐστι
792 3175 1118 3246 μεταϐολῆς,
1153 3178 1290 3232 ἀλλὰ
1325 3179 1563 3251 παντελῆ
1623 3181 1883 3252 στέρησιν
1913 3182 1960 3247 C

1913 3182 1960 3247 ο
1992 3165 2241 3234 Quandiu
2309 3166 2453 3220 enim
2508 3167 2598 3219 hic
2650 3175 2756 3228 est,
2808 3164 3025 3218 etiarnsi
3079 3164 3216 3218 bona
3272 3163 3361 3216 Dei
3412 3163 3591 3216 minus

294 3264 404 3318 τῶν
431 3264 526 3319 τοῦ
576 3265 713 3320 Θεοῦ
742 3267 965 3336 ἀγαθῶν
1004 3270 1320 3338 ὑφίσταται.
1370 3273 1460 3326 Ἐν
1489 3273 1600 3343 ὅσῳ
1649 3274 1760 3344 γὰρ
1795 3275 1887 3326 ἐνο

295 3358 478 3413 ταῦθά
528 3362 667 3424 ἐστι,
726 3361 832 3415 κᾶν
867 3363 1104 3434 μετρίως
1144 3363 1399 3436 ἀπολαύῃ
1439 3365 1548 3418 τῶν
1599 3365 1696 3420 τοῦ
1748 3366 1887 3421 Θεοῦ

298 3453 543 3521 ἀγαθῶν,
579 3455 688 3507 τῶν
725 3455 1001 3525 αἰσθητῶν
1027 3456 1127 3527 τῆς
1163 3458 1396 3520 κτίσεως
1427 3459 1592 3526 λέγω,
1619 3461 1716 3512 καὶ
1744 3460 1893 3513 δοκεῖ

296 3544 482 3611 δοῦλος
506 3542 646 3600 εἶναι
669 3547 924 3601 ὁπωσοῦν
951 3545 1049 3600 τοῦ
1087 3545 1247 3613 Θεοῦ,
1273 3551 1331 3601 ἐν
1358 3549 1438 3618 τῷ
1465 3552 1600 3620 οἴκῳ
1626 3551 1794 3604 αὑτοῦ
1821 3554 1888 3623 τῇ

300 3636 475 3689 κτίσει
505 3641 678 3709 ταύτῃ
698 3638 924 3705 διάγων,
952 3637 1048 3692 καὶ
1077 3637 1172 3692 ὑπ’
1205 3639 1370 3693 αὐτοῦ
1401 3643 1745 3712 τρεφόμενος
1794 3645 1892 3698 καὶ

298 3729 714 3799 διεξαγόμενος’
752 3730 872 3784 τότε
905 3730 964 3783 δέ
991 3729 1344 3785 παντάπασιν
1391 3732 1768 3788 ἀποκόπτεται
1795 3733 1891 3789 τοῦ

299 3820 460 3887 Θεοῦ,
496 3821 711 3885 οὐδενὸς
747 3822 995 3893 μετέχων
1053 3822 1165 3876 τῶν
1219 3823 1388 3877 αὐτοῦ
1435 3825 1680 3892 ἀγαθῶν.
1720 3825 1892 3882 Τοῦτο

301 3911 420 3964 ἐστι
463 3910 526 3964 τὸ
566 3910 780 3976 σκότος,
817 3911 1188 3983 συγκριτικῶς
1253 3913 1547 3982 λεγόμενον
1601 3913 1892 3986 ἐξώτερον,

298 4003 375 4065 ὡς
409 4003 545 4073 πρὸς
591 4003 653 4056 τὸ
677 4003 935 4057 ἐνταῦθα.
971 4005 1152 4076 Ὅπερ
1181 4006 1282 4059 οὐκ
1308 4005 1459 4061 ἐστιν
1487 4006 1776 4078 ἐξώτερον,
1815 4010 1894 4074 ὼς

302 4097 377 4165 μὴ
404 4095 685 4159 παντελῶς
713 4096 1167 4167 ἁποκοπτομένου
1185 4097 1438 4152 ἐντεῦθεν
1468 4099 1570 4171 ἤδη
1589 4099 1685 4154 τοῦ
1714 4101 1898 4173 ἁμαρ·

296 4187 494 4242 τωλοῦ.
539 4187 701 4242 Ἀλλὰ
741 4191 805 4243 σὺ
842 4188 1015 4258 φεῦγε
1068 4189 1132 4243 τὸ
1189 4189 1535 4260 άσπλαγχνον
1560 4229 1578 4257 ,
1641 4191 1736 4246 καὶ
1794 4192 1896 4264 τὴν

299 4278 677 4350 ἐλεημοσύνην
707 4279 944 4351 ἐργάζου
979 4281 1074 4334 καὶ
1102 4281 1377 4351 αίσθητῶς
1420 4281 1543 4351 μὲν,
1580 4283 1722 4354 πλὴν
1755 4283 1895 4339 ἀλλὰ

299 4371 396 4422 καί
423 4369 829 4439 πνευματικῶς.
857 4371 1069 4441 Θρέψον
1098 4373 1208 4440 γὰρ
1238 4373 1331 4426 τὸν
1358 4371 1596 4443 Χριστὸν
1619 4375 1896 4430 πεινῶντα

1995 3263 2226 3318 ubertim
2253 3262 2514 3330 suscipiat
2539 3260 2756 3333 [loquor
2777 3260 2846 3314 de
2865 3257 3214 3313 sensibilibus
3240 3266 3296 3312 et
3319 3256 3588 3329 creatis],

1995 3356 2208 3410 videtur
2239 3369 2362 3410 esse
2395 3353 2794 3422 quodammodo
2827 3367 3023 3406 servus
3057 3351 3146 3407 Dei
3176 3351 3302 3406 dum
3335 3349 3388 3405 in
3422 3353 3586 3405 domo

1993 3451 2131 3520 ejus,
2164 3448 2267 3502 hoc
2297 3455 2381 3501 est
2408 3448 2457 3499 in
2488 3447 2782 3509 creaturis,
2815 3455 3094 3508 versatur,
3121 3445 3188 3497 ab
3220 3443 3449 3511 ipsoque
3495 3443 3596 3498 ali-

1995 3551 2084 3597 tur
2108 3550 2164 3596 et
2188 3542 2470 3595 educatur.
2497 3538 2649 3592 Tunc
2696 3546 2882 3592 autem
2924 3538 3179 3591 onrnilma
3219 3538 3394 3590 modis
3421 3550 3450 3587 a
3486 3533 3596 3590 Deo

1996 3635 2280 3698 dividitur,
2335 3632 2470 3686 nihil
2504 3645 2796 3686 commune
2829 3645 2952 3685 cum
2990 3629 3134 3684 illius
3169 3630 3325 3683 bonis
3362 3629 3593 3682 habens.

1996 3729 2094 3781 Hae
2123 3736 2249 3782 sunt
2284 3739 2382 3793 per
2417 3727 2883 3794 comparationem
2919 3721 2985 3776 ad
3028 3723 3126 3778 has
3168 3721 3407 3775 leneer
3441 3730 3596 3774 exte-

1999 3821 2190 3885 riores,
2215 3833 2284 3876 eo
2317 3819 2463 3890 quod
2517 3817 2606 3873 hic
2655 3832 2764 3873 non
2812 3817 3066 3890 omnibus
3116 3815 3289 3868 modis
3343 3823 3598 3883 peccator

2000 3917 2300 3965 resecatur.
2329 3908 2399 3962 At
2432 3917 2488 3962 tu
2530 3906 2655 3978 fuge
2691 3904 3207 3960 immisericordiam
3243 3912 3295 3957 et
3326 3903 3410 3957 fac
3446 3903 3595 3958 elee-

1999 4018 2277 4074 mosynas,
2302 4012 2357 4057 et
2405 4000 2540 4055 alias
2593 3998 2813 4069 quidem
2871 3997 3178 4060 sensibilcs,
3221 3996 3358 4050 alias
3413 4007 3597 4049 autem

1999 4095 2334 4167 spirituales.
2388 4092 2555 4147 Pasce
2613 4090 2916 4154 Christum,
2962 4090 3053 4161 qui
3106 4090 3282 4145 esurit
3358 4087 3593 4142 salutem

1999 4199 2270 4246 nostram.
2302 4185 2409 4241 Sed
2439 4194 2492 4240 et
2526 4185 2859 4238 esurientem
2897 4183 3178 4237 doctrinas
3212 4182 3258 4238 si
3289 4183 3508 4250 paveris
3544 4188 3601 4234 et

2000 4282 2299 4353 potaveris,
2325 4278 2521 4348 pavisti
2551 4277 2830 4330 Christum
2855 4286 2909 4330 et
2938 4278 3160 4345 potasti.
3186 4275 3243 4329 ln
3279 4275 3598 4330 Christiano

2001 4377 2149 4432 enim
2182 4374 2431 4430 Christus
2461 4378 2568 4434 est,
2595 4380 2649 4425 et
2682 4370 2816 4428 lides
2851 4370 3016 4426 alitur
3056 4381 3111 4423 et
3150 4370 3346 4423 crescit
3395 4370 3601 4423 doetri-

298 4461 398 4532 τὴν
427 4462 703 4533 ἡμετέραν
737 4462 1014 4535 σωτηρίαν
1041 4479 1056 4494 ο
1122 4464 1263 4517 ἀλλὰ
1323 4465 1416 4519 καὶ
1463 4466 1558 4518 τὸν
1613 4467 1888 4522 πεινῶντα

2003 4471 2115 4525 nis.
2144 4466 2250 4520 Sed
2279 4474 2334 4520 et
2371 4466 2414 4518 si
2452 4463 2652 4517 videris
2688 4461 3034 4533 peregrinum
3069 4479 3096 4515 ιι
3129 4477 3361 4530 superna
3392 4462 3593 4530 patria,

296 4553 653 4618 διδασκαλίας
686 4554 781 4609 ἐὰν
821 4554 1030 4626 θρέψῃς
1057 4555 1151 4608 καὶ
1188 4557 1438 4629 ποτίσῃς,
1474 4557 1715 4629 ἔθρεψας
1752 4560 1890 4630 Χρι-
1919 4549 1966 4609 Ι)

1919 4549 1966 4609 Ι)
1996 4573 2170 4620 tecum
2211 4567 2263 4614 et
2293 4556 2506 4626 collige,
2547 4555 2650 4624 hoc
2697 4563 2801 4618 cst,
2827 4557 2951 4608 dum
2984 4555 3288 4625 ingrederis
3322 4557 3375 4609 in
3406 4556 3598 4620 ctelos,

297 4648 426 4700 στὸν
455 4650 552 4700 καὶ
584 4650 861 4712 έπότισας.
906 4647 969 4702 '0
999 4649 1112 4720 γὰρ
1135 4650 1194 4703 ἐν
1218 4649 1296 4720 τῷ
1313 4649 1629 4721 Χριστιανῷ
1659 4653 1895 4722 Χριστὸς

2005 4650 2255 4708 introduc
2279 4657 2336 4703 et
2361 4647 2532 4711 illum,
2559 4646 2785 4701 ne-aliis
2821 4649 3126 4715 praedicans
3163 4648 3277 4715 ipse
3305 4647 3380 4702 sis
3406 4663 3597 4715 repro-

297 4740 395 4792 καὶ
418 4742 450 4807 ἡ
480 4740 662 4803 πίστις
694 4740 960 4809 τρέφεται
996 4742 1090 4795 καὶ
1122 4740 1348 4806 αὖξεται
1371 4742 1459 4796 διὰ
1497 4745 1599 4812 τῆς
1637 4745 1896 4801 διδασκα-

2004 4747 2123 4801 bus.
2167 4741 2235 4796 Et
2288 4740 2334 4797 si
2390 4740 2514 4808 quis
2571 4739 2998 4807 incorruptionis
3049 4751 3254 4794 vestem
3310 4741 3595 4810 abjecerit,

295 4831 442 4896 λίας.
491 4831 654 4884 Ἀλλὰ
681 4832 784 4885 κᾶν
814 4833 931 4907 ἴδῃς
968 4833 1114 4896 τινὰ,
1147 4833 1298 4899 ξένον
1326 4835 1615 4906 γινόμενον
1643 4835 1746 4906 τῆς
1778 4839 1892 4893 άνω

2001 4851 2166 4908 quam
2217 4848 2312 4904 per
2372 4833 2702 4903 baptismum
2762 4833 2958 4896 induit,
2998 4842 3052 4886 et
3093 4834 3269 4886 nudus
3305 4834 3398 4898 sit,
3438 4833 3597 4904 142

295 4922 582 4992 πατρίδος,
617 4924 1007 4994 συνεισάγαγε,
1039 4925 1313 4988 τουτέστι,
1356 4928 1454 4981 σὺν
1481 4927 1561 4998 τῷ
1595 4929 1690 4982 καὶ
1725 4929 1890 4994 αὐτος

2009 4929 2173 4983 indue
2200 4926 2372 4982 illum.
2425 4925 2490 4978 Et
2525 4925 2798 4979 inlirmum
2849 4924 2953 4979 ﬂde
3011 4925 3093 4994 (ut
3136 4925 3334 4979 Paulus
3377 4926 3599 4986 dicit")

298 5016 644 5086 είσέρχεσθαι
669 5019 750 5080 είς
773 5019 1062 5089 οὐρανοὺς,
1093 5012 1355 5088 εἰσάγαγε
1381 5023 1658 5084 κάκεῖνον,
1695 5024 1771 5093 μὴ
1801 5021 1898 5078 άλ-
1940 5002 1960 5022 ’

1940 5002 1960 5022 ’
2012 5034 2232 5075 assume
2281 5028 2379 5074 :et
2426 5018 2668 5072 vinctum
2718 5017 2772 5070 in
2829 5032 3072 5077 carcere,
3111 5018 3212 5071 huc
3245 5028 3330 5072 est
3369 5033 3602 5086 corpore

296 5108 413 5172 λοις
459 5109 769 5180 κηρύσσων,
824 5111 986 5175 αὐτὸς
1036 5112 1094 5164 δὲ
1127 5113 1387 5182 ἀδόκιμος
1437 5113 1549 5167 ὤν’
1587 5115 1690 5168 κᾶν
1720 5132 1801 5178 τις
1834 5117 1897 5168 τὸ

1896 5147 1897 5158 ι
2003 5114 2095 5168 illo
2128 5113 2442 5174 tenebroso,
2463 5110 2658 5175 invise,
2679 5109 2753 5164 illi
2779 5110 2934 5180 quasi
2969 5111 3310 5178 splendorem
3340 5112 3593 5164 admoni-

296 5201 400 5272 τῆς
426 5201 738 5270 ἀφθαρσίας
771 5203 988 5272 ίμάτιον
1028 5205 1302 5276 ἀποϐάλῃ,
1341 5204 1371 5257 6
1419 5206 1510 5259 διὰ
1565 5206 1660 5260 τοῦ
1695 5207 1896 5276 βαπτίσ-

2007 5207 2211 5260 tionem
2261 5206 2490 5259 donans.
2520 5203 2630 5258 Has
2657 5219 2751 5258 sex
2799 5204 3011 5273 species
3063 5203 3354 5259 clraritatis
3405 5219 3599 5258 omnes

301 5307 512 5360 σματος
545 5294 691 5364 ἔσχε,
722 5295 817 5348 καὶ
841 5295 1182 5364 γυμνωθείη,
1218 5295 1434 5350 ἐνδυσον
1465 5299 1652 5363 αὑτὸν,
1687 5300 1781 5352 καὶ
1807 5299 1900 5353 τὸν

2007 5298 2168 5368 imple
2199 5297 2414 5365 quidem
2445 5295 3002 5365 corporaliter,implc
3032 5308 3208 5351 autem
3230 5307 3280 5350 et
3300 5296 3598 5364 spirituali-

297 5382 634 5438 ἀσθενοῦντα
663 5389 724 5456 τῇ
770 5387 971 5452 πίστει,
1008 5388 1084 5452 ὡς
1114 5391 1142 5441 6
1174 5387 1387 5452 Παῦλός
1439 5406 1597 5460 φησι,
1651 5390 1894 5461 προσλα-

2005 5397 2122 5453 ter;
2161 5403 2283 5442 nam
2316 5403 2438 5441 cum
2470 5387 2699 5456 duplicis
2753 5395 2960 5440 natura:
2992 5390 3186 5450 simus,
3242 5403 3308 5442 ex
3338 5389 3516 5441 anima
3546 5398 3599 5441 et

298 5469 402 5529 σοῦ
424 5491 440 5506 ο
468 5475 563 5528 καὶ
586 5476 676 5529 τὸν
703 5476 1103 5548 καθειργμένον
1130 5480 1190 5531 ὲν
1221 5481 1288 5548 τῇ
1317 5481 1647 5552 φυλακῇ,τῷ
1680 5482 1893 5551 σώματι

1570 5481 1647 5552 τῷ
1680 5482 1893 5551 σώματι
2003 5493 2256 5548 corpore,
2277 5488 2506 5550 possunt
2544 5481 2656 5533 haec
2685 5490 2737 5532 et
2765 5478 3018 5534 bifariam
3058 5482 3267 5550 perlici.

299 5567 479 5638 τούτῳ
524 5571 602 5642 τῷ
651 5572 933 5642 σκοτεινῷ,
978 5574 1295 5645 ἐπίσκεψαι,
1349 5574 1540 5647 ὥσπερ
1595 5595 1648 5632 τι
1701 5579 1904 5645 φέγγος
1970 5574 2124 5644 αὐτῷ
2191 5576 2291 5648 τὴν
2319 5575 2600 5628 νουθεσίαν
2655 5576 3022 5646 δωρούμενος.
3075 5577 3261 5628 Ταῦτα
3303 5578 3480 5631 πάντα
3529 5579 3597 5629 τὰ

305 5658 365 5723 ἓξ
405 5659 524 5730 εἴδη
559 5660 662 5724 τῆς
716 5663 941 5735 ἀγάπης
995 5665 1237 5719 ἐπιτέλει
1275 5667 1372 5738 μὲν
1424 5669 1518 5720 καὶ
1556 5667 1908 5735 σωματικῶς,
1953 5667 2092 5736 πλὴν
2123 5667 2262 5720 ἀλλὰ
2315 5669 2408 5722 καὶ
2459 5668 2739 5739 ψυχικῶς·
2807 5669 3012 5723 διπλῶν
3056 5672 3163 5740 γὰρ
3191 5670 3360 5723 ὄντων
3417 5671 3595 5742 ἡμῶν,

304 5754 368 5804 ἐκ
397 5749 577 5820 ψυχῆς
613 5757 704 5806 καὶ
757 5755 1032 5825 σώματος,
1067 5758 1324 5814 δύνανται
1354 5759 1526 5814 ταῦτα
1560 5761 1764 5824 διπλῶς
1796 5760 2233 5832 κατορθωθῆναι.

377 5866 422 5897 ’⁷
459 5867 474 5922 l
506 5868 633 5924 Cor.
675 5885 754 5937 ιιι,
792 5869 847 5929 2.
