4298 6446
740 413 850 479 435

1300 516 1528 577 CAPUT
1567 516 1754 570 XXVI.

749 670 821 720 De
859 660 1171 732 Magdalena
1203 658 1506 732 Do‘minurm
1536 665 1777 732 augente.
1801 652 1884 732 ,υς
1927 650 2209 732 ξιιεειιιιιεἶ
2240 648 2311 702 De

818 719 1034 804 "rustica
1064 746 1230 784 coma.
1254 727 1331 782 De
1369 719 1649 781 tradition}
1682 721 1899 780 Christi.
1933 719 2004 774 De
2036 721 2311 788 negatione

821 805 907 858 Pet
915 804 959 855 ri
966 840 980 854 .

817 983 1100 1038 Vens.l.t
1156 977 1220 1033 Et
1280 976 1481 1032 factum
1545 983 1648 1036 est,
1691 986 1811 1026 cum
1874 974 2311 1024 consummasset

744 1079 901 1131 Jesus
941 1085 1217 1129 sermones
1268 1071 1364 1122 hos
1411 1079 1618 1128 omnes,
1644 1063 1780 1117 dixit
1827 1060 2108 1126 discipulis
2153 1059 2307 1112 suis:

747 1167 910 1220 Scitis
937 1164 1061 1233 quia
1089 1169 1212 1229 post
1245 1154 1699 1219 bidnumPascha
1717 1153 1904 1218 ﬁet,et
1935 1151 2104 1205 Filius
2134 1146 2314 1205 homi-

745 1259 827 1312 nis
866 1256 1105 1308 tradctur
1134 1259 1193 1306 ut
1227 1247 1592 1317 cruciﬁgatur.
1619 1264 1637 1296 ι
1671 1244 1806 1311 Quia
1868 1243 2017 1312 regni
2065 1240 2312 1295 meminit

744 1359 797 1401 ct
851 1342 1246 1405 retributionis,
1293 1337 1618 1406 tempestive
1674 1339 2078 1403 consequenter
2128 1341 2184 1388 et
2240 1332 2309 1385 de

749 1437 999 1504 passione
1041 1447 1136 1487 sua
1174 1429 1412 1491 disserit,
1454 1426 1606 1496 quasi
1658 1427 1882 1480 dicens:
1909 1421 2085 1476 Etiam
2121 1421 2175 1476 hi
2212 1420 2304 1490 qui

744 1542 828 1582 me
860 1522 1388 1590 cruciﬁxerint,igne
1423 1519 1733 1588 punientur.

812 1702 974 1756 Vens.
1001 1699 1116 1753 2-5.
1146 1716 1163 1749 ι
1202 1696 1351 1750 Tunc
1383 1690 1691 1761 congregati
1737 1697 1862 1745 sunt
1905 1686 2178 1757 principes
2219 1699 2310 1740 sa-

744 1797 1044 1856 cerdotum,
1072 1801 1125 1844 et
1155 1789 1385 1849 scribat,
1418 1795 1474 1840 et
1503 1784 1749 1839 seniores
1786 1780 1992 1851 populi,
2015 1780 2071 1832 in
2103 1777 2306 1832 atrium

743 1889 1000 1956 principis
1027 1851 1390 1946 sacerdotum,
1416 1882 1507 1950 qui
1538 1879 1823 1935 dicebatur
1851 1875 2151 1944 Caiphs,et
2179 1886 2308 1926 con-
2341 1851 2383 1908 Β

740 1981 916 2034 silium
951 1979 1185 2031 inierunt
1211 1986 1267 2029 ut
1305 1973 1488 2028 Iesum
1533 1970 1655 2024 dolo
1704 1976 1950 2022 tenerent
1994 1975 2048 2020 et
2091 1963 2311 2020 occide-

741 2079 878 2124 rent.
909 2070 1163 2123 Dicebant
1189 2073 1362 2119 autem
1391 2081 1404 2117 :
1433 2061 1543 2116 Non
1593 2061 1643 2113 in
1692 2059 1778 2114 die
1823 2057 1981 2122 festo,
2013 2070 2081 2110 ne
2114 2053 2314 2108 tumul-

743 2175 828 2216 tus
869 2161 960 2214 ﬁat
1003 2160 1054 2212 in
1094 2158 1307 2228 populo.
1354 2176 1371 2209 ι
1407 2154 1542 2210 Cum
1584 2154 1668 2208 lex
1703 2151 2018 2222 praeciperet
2052 2157 2110 2201 ut
2143 2161 2309 2200 unum

745 2263 950 2306 tantum
982 2251 1243 2304 haberent
1291 2247 1598 2314 pontiﬁcem
1647 2259 1742 2312 per
1783 2256 1944 2297 omne
1997 2239 2139 2293 illius
2190 2239 2312 2290 vita:

745 2357 976 2410 tempus,
1025 2341 1096 2393 illi
1150 2347 1335 2393 contra
1393 2337 1562 2404 legem
1610 2333 1810 2388 multos
1859 2330 2150 2391 faciebant,
2175 2340 2312 2396 quos

742 2433 1030 2503 quatannis
1087 2427 1647 2483 mutabantzidcirco
1691 2425 1756 2476 ad
1807 2421 2114 2490 pontiﬁcem
2167 2419 2313 2473 illius

745 2528 870 2579 anni
922 2523 1147 2577 veniunt
1193 2523 1257 2574 de
1305 2517 1594 2571 homicidio
1637 2515 1919 2569 consilium
1972 2512 2181 2576 inituri,
2220 2511 2312 2565 ubi

744 2617 1026 2684 oportebat
1061 2614 1228 2682 magis
1266 2609 1562 2663 homicidas
1596 2607 1794 2676 ptmiri.
1824 2604 2104 2672 Principes
2133 2610 2311 2656 autem

744 2710 1082 2766 sacerdotum
1117 2706 1250 2759 dicit
1283 2717 1376 2759 eos
1412 2704 1500 2770 qui
1533 2702 1645 2771 jam
1673 2714 1850 2753 annuo
1884 2710 2107 2750 munere
2141 2694 2309 2749 iuncti

744 2798 1269 2856 fuerant.C:eterum
1319 2794 1638 2849 sceleratam
1679 2792 1875 2844 caedent
1924 2787 2308 2855 perpetraturi,

746 2909 851 2948 non
937 2893 1140 2952 Deum,
1198 2889 1290 2942 sed
1362 2885 1572 2940 turbam
1635 2882 1914 2937 timebant.
1989 2877 2307 2932 Timuerunt

745 2986 885 3040 enim
907 2997 971 3038 ne
997 2997 1104 3053 quo
1139 2990 1314 3050 pacto,
1351 2979 1391 3032 si
1428 2977 1479 3030 in
1518 2976 1602 3031 die
1637 2975 1774 3030 festo
1807 2973 1952 3026 illum
1984 2971 2313 3034 occiderent,

745 3078 897 3132 turba
932 3076 984 3129 in
1015 3075 1268 3127 ultionem
1304 3071 1652 3124 excitaretur.
1705 3064 1800 3118 Vel
1833 3065 1992 3118 etiam
2025 3063 2149 3133 quia
2189 3071 2316 3114 tunc

1586 396 2170 462 THEOPHYLACTI
2213 393 2626 456 BULGABI/E
2666 388 3023 454 ARCHIEP.

2333 512 2386 572 Α

3875 378 3985 443 ιιι)

2971 502 3221 558 neuti.
3273 503 3418 568 και.

2411 642 2562 719 Napi
2580 642 2689 709 τῆς
2736 637 3078 719 ᾀ-λειψάιζης
3105 637 3212 691 τὸν
3251 631 3667 719 Κύριαμύρφ.
3692 627 3836 719 gap}
3877 626 3988 706 tot“;

2479 701 2708 780 Ξτάσχὰ.
2735 701 3007 780 Περῖτού
3106 701 3357 780 natura?)
3373 703 3651 780 git/array.
3686 701 3822 780 Περί
3878 701 3984 761 τῆς

2481 769 2860 850 παρᾶὂόσεώς
2889 778 2994 832 τοῦ
3025 769 3312 845 Χριστοῦ.
3362 773 3500 842 Περί
3533 770 3645 838 τῆς
3670 769 3988 836 ἀρνήσεως

2480 853 2588 907 τοῦ
2618 852 2866 919 Πέτρου.

2489 967 2628 1020 «Kal
2657 965 2874 1034 ἐγένετο
2909 965 2996 1017 ὅτε
3035 962 3281 1016 ἐτέλεσεν
3306 961 3334 1012 ὁ
3367 956 3574 1026 Ἰησοῦς
3613 954 3824 1015 πάντας
3855 952 3988 1015 τοὺς

2409 1057 2603 1125 λόγους
2635 1054 2875 1116 τούτους,
2924 1045 3044 1104 εἷπε
3071 1051 3183 1112 τοῖς
3217 1045 3486 1117 μαθηταῖς
3519 1039 3688 1097 αὐτοῦ
3715 1054 3730 1068 ⁶
3761 1037 3984 1100 Οἴδατε..

2408 1150 2488 1203 ὅτι
2522 1147 2658 1218 μετά
2705 1145 2798 1198 δύο
2827 1143 3038 1214 ἡμέρας
3075 1140 3138 1193 τὸ
3173 1139 3364 1208 Πάσχα
3395 1136 3627 1204 γίνεται.
3663 1132 3773 1186 Καὶ
3794 1133 3823 1183 ό
3851 1128 3986 1190 Υίδς

2410 1239 2504 1294 τοῦ
2534 1238 2824 1307 ἀνθρώπου
2854 1232 3203 1304 παραδίδοται
3264 1231 3342 1291 τίς
3399 1229 3461 1280 τὺ
3518 1221 3920 1294 σταυρωθῆναι.
3962 1237 3984 1270 ο

2425 1329 2641 1400 Ἐπειδὴ
2674 1327 2946 1398 βασιλείας
2995 1321 3245 1394 ἐμνήσθη
3285 1320 3378 1374 καὶ
3429 1316 3862 1377 ἀνταποδόσεως,
3895 1311 3989 1365 e5-

2411 1423 2618 1491 καίρως
2645 1420 2831 1474 λοιπὸν
2863 1419 2957 1471 καὶ
2988 1417 3116 1486 περὶ
3147 1415 3243 1468 τοῦ
3277 1411 3482 1474 πάθους
3504 1408 3598 1463 τοῦ
3637 1406 3840 1460 οίκείου
3873 1405 3990 1456 δια-

2410 1515 2644 1582 λέγεται,
2670 1511 2952 1584 μονονουχὶ
2989 1510 3150 1564 τοῦτο
3175 1508 3370 1575 λέγων,
3392 1506 3476 1558 ὅτι.
3518 1502 3628 1556 Καὶ
3655 1502 3708 1554 οί
3738 1495 3989 1568 σταυρώ-

2414 1605 2605 1667 σαντές
2639 1620 2707 1674 με
2741 1601 2834 1656 τοῦ
2873 1601 3046 1671 πυρὸς
3076 1598 3496 1668 ἀξιωθήσονται.

2489 1717 2507 1750 ι
2540 1697 2674 1750 Τότε
2728 1695 3072 1763 συνήχθησαν
3105 1693 3154 1745 oi
3188 1691 3468 1761 ἀρχιερεῖς
3506 1686 3603 1740 καὶ
3634 1686 3685 1738 οί
3718 1684 3989 1754 Γραμμαο
4031 1751 4041 1760 .

2411 1793 2521 1854 τεῖς
2553 1789 2647 1842 καὶ
2676 1788 2725 1841 οί
2761 1785 3120 1856 πρεσϐύτεροι
3154 1783 3249 1835 τοῦ
3278 1781 3410 1834 λαοῦ
3439 1780 3522 1842 είς
3568 1776 3668 1848 τὴν
3691 1776 3861 1841 αὐλὴν
3890 1769 3990 1826 τοῦ

2411 1883 2712 1956 ἀρχιερέως
2749 1879 2841 1933 τοῦ
2878 1878 3172 1947 λεγομένου
3209 1874 3455 1940 Καῖάφα,
3515 1870 3609 1923 καὶ
3637 1863 3993 1921 συνεϐουλεύ-

2414 1993 2577 2030 σαντο
2640 1975 2725 2027 ἴνα
2773 1972 2864 2024 τὸν
2905 1967 3111 2038 Ἰησοῦν
3166 1967 3302 2033 δόλῳ
3344 1961 3662 2034 κρατήσωσι
3717 1958 3812 2012 καὶ
3849 1959 3990 2011 ἀπο-

2412 2063 2735 2141 κτείνωσιν.⁸
2769 2061 2954 2124 ἔλεγον
2988 2058 3044 2110 δέ
3071 2074 3086 2087 ο
3140 2055 3233 2126 Μὴ
3264 2056 3321 2107 ὲν
3361 2054 3426 2123 τῇ
3453 2052 3640 2121 ἑορτῇ,
3673 2051 3761 2102 ἵνα
3797 2047 3872 2117 μὴ
3903 2047 3992 2100 θό-

2415 2154 2576 2226 ρυϐος
2607 2139 2830 2224 γένῖηται
2867 2150 2925 2202 ὲν
2977 2147 3055 2219 τῷ
3078 2145 3213 2215 λαῷ.
3259 2163 3278 2197 ι
3337 2141 3446 2198 Τοῦ
3477 2143 3641 2212 νόμου
3677 2139 3993 2199 κελεύοντος

2412 2247 2507 2298 ἕνα
2529 2242 2670 2298 εῖναι
2709 2241 2972 2312 ἀρχιερέα
3019 2237 3106 2291 διὰ
3137 2237 3277 2306 βίου,
3308 2234 3534 2296 πολλοὺς
3565 2231 3784 2285 ἐποίουν
3830 2227 3992 2283 αὐτοὶ

2414 2336 2768 2408 παρανόμως,
2822 2330 3144 2399 ἀμείϐοντες
3185 2327 3384 2388 αὐτοὺς
3418 2325 3539 2378 κατ’
3576 2322 3822 2376 ἐνιαυτόν
3850 2336 3864 2348 ·
3909 2319 3994 2374 διὸ

2414 2430 2508 2484 καὶ
2536 2428 2669 2498 πρὸς
2695 2427 2786 2480 τὸν
2808 2423 2902 2478 τοῦ
2931 2421 3178 2477 ἐνιαυτοῦ
3213 2419 3424 2472 ἐκείνου
3453 2415 3716 2486 ἀρχιερέα
3739 2414 3992 2483 ἔρχονται

2417 2517 2826 2591 βουλευσόμενοι
2849 2517 2978 2584 περὶ
3011 2515 3194 2583 φόνου,
3226 2512 3347 2564 ὅθεν
3377 2510 3484 2562 ἔδει
3515 2507 3718 2577 μᾶλλον
3744 2507 3868 2566 τοὺς
3893 2521 3994 2569 φο-

2415 2611 2606 2678 νευτάς
2637 2606 2963 2670 κολάζεσθαι
2984 2623 2996 2636 ·
3030 2604 3306 2674 ἀρχιερεῖς
3343 2600 3398 2654 δὲ
3433 2599 3578 2666 λέγει
3624 2598 3753 2660 τοὺς
3781 2593 3994 2659 πεπλη-

2415 2701 2663 2773 ρωκότας
2726 2699 2828 2768 ἢδη
2883 2695 2981 2766 τὴν
3035 2693 3307 2748 ἐνιαύσιον
3371 2691 3737 2760 λειτουργίαν.
3797 2686 3901 2739 Τὸν
3935 2685 3998 2738 δὲ

2413 2793 2629 2848 ἀνόσιον
2674 2790 2835 2859 φόνον
2874 2786 3162 2858 μέλλοντες
3219 2785 3486 2857 πράξειν,
3530 2782 3651 2852 οὐχὶ
3692 2778 3785 2833 τὸν
3837 2776 3993 2838 Θεὸν,

2414 2884 2553 2938 ἀλλά
2593 2883 2684 2935 τον
2714 2880 2869 2950 όχλον
2905 2877 3217 2946 φοϐοῦνται.
3268 2875 3566 2930 Ἐδεδίεταν
3603 2873 3710 2942 γὰρ
3742 2871 3816 2940 μή
3851 2884 3996 2932 πως.

2415 2979 2472 3031 ἐν
2507 2979 2572 3047 τῇ
2613 2977 2772 3046 ἑορτῇ
2812 2973 3193 3042 φονευσάντων
3251 2969 3437 3032 αὑτὸν,
3490 2963 3745 3034 διεγερθῇ
3783 2963 3812 3014 ό
3837 2960 3997 3029 ὄχλος

2417 3072 2494 3135 είς
2527 3072 2763 3140 ἄμυναν,
2795 3067 2828 3137 ἢ
2871 3064 3082 3119 καὶτοῦ
3113 3063 3412 3131 προσάγειν
3443 3060 3540 3122 τὰς
3599 3055 4000 3124 νενομισμένας

745 3167 1019 3222 oﬁ'erenda
1064 3170 1220 3219 erant
1259 3162 1440 3215 omnia
1491 3157 1758 3214 sacriﬁcia
1804 3157 1858 3210 in
1908 3155 2023 3223 lege
2071 3155 2312 3217 decreta,
2342 3165 2442 3252 ce

2305 3192 2312 3216 ι
2342 3193 2386 3252 C
2418 3164 2611 3226 θυσίας
2666 3162 2972 3230 ἀπόσχηται
3003 3158 3090 3212 διὰ
3120 3156 3218 3226 τὴν
3264 3155 3576 3226 μιαιφονίαν
3635 3149 3814 3203 αὐτῶν
3838 3189 3854 3210 ,
3904 3145 4002 3198 καὶ

747 3278 814 3316 ne
858 3257 1084 3329 populus
1133 3264 1352 3326 propter
1387 3250 1736 3306 homicidium
1773 3263 1801 3300 a
1833 3245 2118 3302 sacriﬁciis
2165 3246 2315 3299 absi-

747 3359 936 3413 steret,
975 3346 1369 3417 perderentque
1396 3341 1496 3408 ipsi
1527 3341 1732 3393 lucrum
1771 3337 1912 3406 quod
1939 3350 2002 3388 ex
2035 3334 2318 3389 sacriﬁciis

749 3441 1036 3496 habebant.
1081 3437 1353 3491 Fortassis
1400 3443 1578 3487 autem
1630 3440 1684 3485 et
1733 3431 1832 3483 hoc
1889 3432 2209 3492 timuerunt,
2251 3441 2318 3482 ne

751 3535 887 3588 forte
917 3533 970 3584 in
1004 3531 1090 3584 die
1125 3529 1260 3583 festo
1289 3525 1493 3590 occiso,
1514 3524 1656 3577 illius
1688 3537 1831 3575 mors
1862 3521 2090 3574 nobilior
2121 3531 2175 3575 ct
2205 3519 2319 3574 clao

750 3627 859 3678 rior
892 3621 1357 3689 ﬁcrctzolitabant
1385 3617 1529 3672 enim
1563 3614 1874 3669 memoriam
1919 3612 2037 3682 ejus
2080 3612 2316 3666 abolere.

749 3716 825 3769 Illi
851 3717 1014 3784 igitur
1036 3722 1160 3768 ante
1187 3712 1382 3766 festum
1407 3708 1690 3784 consilium
1713 3709 1969 3768 ini:runt;
1991 3713 2050 3758 ut
2079 3704 2157 3757 vel
2185 3703 2322 3757 forte

751 3819 870 3877 pOst
902 3811 1040 3862 diem
1075 3806 1268 3860 festum
1298 3779 1626 3858 ocoiderent'.
1659 3801 1726 3852 At
1758 3814 1860 3852 non
1883 3798 2097 3868 quando
2125 3797 2197 3850 illi
2229 3811 2324 3849 vo-

753 3901 983 3963 luerunt,
1033 3899 1124 3951 sed
1154 3895 1519 3965 quandooipse
1564 3890 1729 3945 voluit
1755 3891 1888 3958 pati,
1925 3903 1983 3943 se
2004 3886 2320 3957 capiendum

753 3995 828 4046 eis
857 3991 1120 4062 permisit,
1149 4004 1243 4057 per
1280 3998 1488 4055 tempus
1527 3985 1729 4040 scilicet
1762 3983 2004 4046 Paschaa,
2028 3991 2083 4034 ut
2111 3982 2326 4048 quando

756 4086 991 4155 typieum
1017 4083 1647 4148 Pascha,tuncetverum
1665 4077 1868 4131 Pascha
1908 4076 2082 4128 ﬁeret.
2108 4073 2328 4129 Discere

760 4192 933 4234 autem
965 4188 1019 4231 et
1047 4179 1165 4231 illos
1182 4175 1341 4229 caedis
1355 4175 1539 4226 avidos
1566 4172 1726 4224 fuisse
1750 4181 2060 4238 possumus.
2084 4167 2212 4221 Nam
2236 4168 2327 4237 qui

760 4272 1010 4325 nolebant
1041 4270 1185 4322 illum
1215 4266 1463 4321 occidere
1491 4264 1542 4317 in
1574 4263 1658 4315 die
1680 4261 1839 4324 festo,
1860 4274 1981 4315 eum
2010 4261 2328 4315 invenerunt

759 4362 1109 4429 proditorem,
1139 4369 1263 4411 tunc
1287 4356 1597 4410 occiderunt
1628 4359 1936 4418 contempta
1959 4351 2124 4404 etiam
2147 4352 2322 4416 turba,

759 4453 916 4506 modo
946 4451 1192 4504 voluntas
1227 4462 1411 4502 eorum
1445 4445 1613 4500 ﬁeret.

833 4542 991 4595 Vens.
1017 4540 1070 4604 6,
1097 4541 1151 4593 7.
1185 4560 1202 4592 ι
1238 4539 1372 4596 Cum
1401 4549 1579 4593 autem
1627 4549 1768 4594 esset
1792 4537 1948 4594 Jesus
1978 4538 2030 4590 in
2064 4533 2327 4587 Bethania
2362 4527 2404 4582 D

761 4636 810 4687 in
865 4634 1023 4685 dumo
1078 4632 1313 4685 Simonis
1363 4632 1581 4700 leprosi,
1619 4633 1848 4685 accessit
1882 4631 1947 4682 ad
1982 4645 2104 4683 eum
2140 4626 2332 4681 mulier

761 4724 965 4779 habens
1028 4723 1354 4777 alabastrum
1429 4723 1688 4792 unguenti
1765 4721 2100 4790 preciosi,et
2146 4718 2336 4772 eﬂ'udit

763 4833 924 4885 super
981 4827 1142 4885 caput
1207 4817 1374 4885 ipsius
1427 4816 1810 4870 recumbentis.
1845 4834 1862 4867 ι
1900 4806 2052 4885 143
2102 4811 2332 4877 Quidam

761 4912 944 4964 dicunt
982 4918 1088 4963 tres
1117 4923 1235 4962 esse
1280 4908 1532 4962 mulieres
1567 4922 1686 4976 quae
1737 4910 1993 4960 unxerint
2041 4905 2330 4957 Dominum

765 5010 1054 5071 unguento,
1074 4990 1301 5069 quarum
1334 5001 1494 5053 etiam
1524 5009 1754 5068 quatuor
1782 4999 2122 5068 evangelista:
2146 4995 2336 5048 memi-
2371 4999 2391 5022 ⁸

766 5105 957 5148 nerunt
986 5111 998 5158 ;
1025 5095 1111 5146 alii
1150 5103 1327 5147 autem
1365 5093 1499 5146 duas
1537 5095 1723 5146 dicunt
1754 5110 1764 5144 :
1803 5106 1962 5144 uuam
1996 5091 2134 5158 apud
2166 5088 2333 5142 Joan—

770 5204 913 5247 mm,
959 5203 1076 5255 qua:
1131 5197 1212 5240 est
1245 5184 1409 5238 Maria
1468 5199 1622 5239 soror
1681 5183 1870 5237 Lazari
1905 5201 1917 5236 :
1952 5184 2133 5244 aliam,
2181 5181 2337 5251 cujus

768 5279 1052 5330 Mantuanus
1089 5291 1229 5330 nunc
1271 5275 1536 5335 meminit,
1566 5289 1684 5342 quae
1715 5275 1898 5329 eadem
1934 5288 2057 5328 cum
2091 5272 2179 5325 illa
2215 5285 2335 5340 qua:

766 5371 905 5436 apud
937 5368 1175 5421 Marcum
1207 5375 1260 5422 et
1296 5368 1519 5421 Lucam.
1549 5367 1824 5421 Simonem
1857 5375 2034 5420 autem
2071 5365 2214 5418 hunc
2263 5364 2339 5418 le-

770 5477 986 5523 t-tttStltn
1026 5460 1244 5528 quidam
1276 5461 1461 5514 dicunt
1492 5460 1656 5514 fuisse
1697 5467 1904 5527 patrem
1939 5458 2336 5526 Lazari,qucm

767 5554 1012 5605 titiristus
1057 5567 1083 5604 a
1135 5551 1280 5619 lepra
1318 5553 1640 5618 puriﬁeavit,
1665 5560 1717 5606 et
1753 5551 1890 5619 apud
1921 5565 2042 5604 cum
2084 5549 2334 5604 cmnarit.

775 5639 975 5691 ltzeitur
1008 5649 1183 5693 autem
1215 5640 1355 5708 quod
1387 5649 1440 5694 et
1465 5637 1621 5694 Jesus
1659 5641 1746 5708 qui
1800 5639 2010 5692 dixerat
2054 5638 2338 5706 discipulis

772 5735 883 5784 suis
919 5751 928 5784 :
959 5732 1111 5786 Abite
1142 5733 1205 5790 ad
1235 5734 1544 5800 quemdam,
1574 5742 1624 5786 et
1656 5733 1905 5803 ostendet
1956 5732 2108 5786 vobis
2135 5746 2290 5785 creua
2314 5760 2332 5769 -

771 5822 950 5875 culum
1003 5832 1254 5890 stratum,
1285 5826 1349 5878 ad
1393 5824 1540 5878 illum
1583 5823 1788 5878 miserit
1835 5838 1944 5877 cos.
1985 5821 2224 5890 Denique
2279 5830 2327 5874 ct

2421 3253 2758 3308 ἀπολέσωσιν
2793 3250 2951 3306 αὐτοὶ
2977 3249 3046 3302 τά
3078 3249 3141 3300 ὲκ
3173 3247 3282 3298 τῶν
3314 3245 3516 3297 θυσιῶν
3551 3241 3719 3309 κέρδη
3740 3256 3753 3268 ·
3787 3238 3916 3298 ἴσως
3944 3235 4002 3288 δὲ

2421 3345 2517 3398 καὶ
2541 3342 2700 3397 τοῦτο
2722 3339 3036 3410 ἐφοϐοῦντο,
3072 3340 3286 3409 μήποτε
3334 3338 3390 3388 ἐν
3421 3337 3487 3403 τῇ
3527 3333 3686 3400 ἑορτῇ
3717 3327 4004 3396 φονευθέν-

2421 3453 2533 3503 τος,
2561 3435 2831 3504 ἐπίσημος
2871 3432 3095 3500 γένηται
3120 3433 3215 3483 καὶ
3245 3427 3451 3490 ἔνδοξος
3478 3423 3644 3477 αὑτοῦ
3678 3426 3704 3473 ὁ
3733 3421 3965 3480 Θάνατος
3987 3433 4000 3447 ·

2423 3529 2579 3585 αὐτοὶ
2609 3530 2717 3596 γὰρ
2756 3523 3047 3595 ἢδούλοντο
3096 3522 3362 3590 ἀφανίσαι
3398 3518 3458 3572 τὸ
3509 3516 3854 3587 μνημόσυνον
3902 3512 4006 3565 αὑ.

2425 3619 2540 3674 τοῦ.
2586 3620 2814 3670 Ἐκεῖνοι
2844 3617 2942 3688 μὲν
2975 3612 3069 3669 οῦν
3121 3614 3264 3667 οῦτω
3297 3612 3401 3683 πρὸ
3427 3611 3524 3680 τῆς
3555 3609 3749 3680 ἑορτῆς
3785 3605 4007 3676 βουλευ-

2429 3713 2610 3775 θίντες
2635 3709 2773 3782 μετὰ
2796 3705 2894 3779 τὴν
2910 3707 3106 3778 ἑορτὴν
3130 3707 3275 3776 τάχα
3299 3703 3588 3772 φονεῦσαι·
3614 3704 3642 3753 ὁ
3665 3702 3741 3762 δὲ,
3769 3699 4004 3761 δεικνὺς,

2427 3805 2507 3858 ὅτι
2537 3804 2634 3873 οὐχ
2663 3805 2752 3856 ὅτε
2775 3799 3127 3873 smmum
3157 3801 3245 3852 ὅτε
3277 3797 3540 3866 ἠθέλησεν
3571 3793 3754 3855 αὐτὸς,
3783 3792 4003 3858 πάσχει,

2429 3896 2803 3966 συνεχώρησεν
2836 3896 3017 3956 αὐτοῖς
3040 3894 3179 3946 κατά
3206 3891 3297 3944 τὸν
3325 3889 3514 3959 καιρὸν
3545 3887 3636 3940 τοῦ
3668 3885 3861 3955 Πάσχα
3886 3883 4010 3936 συ).-

2427 3988 2612 4041 λαϐεῖν
2632 4004 2646 4018 ο
2685 3988 2773 4040 ἵνα
2801 3987 2887 4040 ὅτε
2919 3987 2979 4038 τὸ
3018 3983 3249 4038 τυπικὸν
3279 3983 3469 4050 Πάσχα
3502 3979 3729 4046 ἐγίνετο,
3768 3979 3888 4028 τότε
3917 3974 4010 4026 καὶ

2429 4077 2490 4130 τδ
2517 4078 2766 4148 ἀληθινὸν
2796 4078 2992 4145 Πάσχα
3028 4075 3248 4145 ἐκϐαίη.
3289 4075 3446 4126 Ἔστι
3483 4073 3540 4124 δὲ
3586 4071 3681 4123 καὶ
3711 4070 3811 4138 τὴν
3865 4084 4012 4136 μιαι-

2433 4169 2620 4239 φονίαν
2653 4169 2834 4222 αὐτῶν
2865 4166 3223 4236 καταμαθεῖν.
3272 4167 3334 4218 Οί
3362 4164 3470 4233 γὰρ
3499 4165 3572 4231 μὴ
3613 4160 3924 4231 βουλόμενοι
3955 4158 4011 4208 ἐν

2429 4263 2496 4330 τῇ
2529 4262 2688 4330 ἐορτῇ
2719 4259 2976 4328 φονεῦσαι
3004 4259 3188 4323 αὐτὴν,
3236 4258 3324 4310 ὅτε
3355 4249 3514 4325 εὖρον
3546 4255 3635 4306 τον
3668 4251 4011 4322 προδιδόντα,

2431 4354 2554 4407 τότε
2601 4353 2909 4421 φονεύουσι,
2966 4351 3486 4420 καταφρονήσαντες
3545 4346 3640 4398 καὶ
3685 4344 3780 4396 τοῦ
3831 4341 4012 4410 δχλου,

2436 4447 2597 4516 μόνον
2631 4445 2718 4498 ἵνα
2746 4444 2805 4496 τὸ
2839 4443 3048 4511 θέλημα
3081 4441 3262 4494 αὐτῶν
3292 4439 3542 4507 γένηται.

2511 4555 2529 4586 ι
2576 4535 2681 4587 Τοῦ
2711 4535 2767 4588 δὲ
2814 4533 2988 4603 Ἰησοῦ
3040 4531 3336 4600 γενομένου
3389 4532 3449 4582 ὲν
3488 4527 3746 4596 Βηθανίᾳ,
3783 4527 3840 4577 ἐν
3869 4523 4014 4592 οἰκία

2436 4627 2679 4696 Σίμωνος
2711 4626 2803 4679 τοῦ
2841 4625 3065 4695 λεπροῦ,
3103 4623 3411 4693 προσῆλθεν
3450 4621 3600 4689 αὐτῷ
3631 4619 3769 4688 γυνὴ
3807 4617 4013 4670 ἀλάϐα-

2439 4736 2599 4789 στρον
2637 4717 2809 4787 μύρου
2842 4717 3039 4786 ἔχουσα
3097 4713 3424 4785 βαρυτίμου,
3480 4713 3574 4764 καὶ
3631 4712 3891 4777 κατέχεεν
3920 4708 4013 4760 ἐπὶ

2441 4810 2536 4877 τὴν
2563 4808 2804 4875 κεφαλὴν
2839 4804 3004 4859 αὑτοῦ
3046 4803 3429 4872 ἀνακειμένου.
3471 4821 3489 4853 ι
3532 4801 3690 4862 Τινὲς
3739 4801 3888 4867 τρεῖς
3933 4797 4018 4847 λέ·

2438 4917 2624 4966 γουσιν
2659 4894 2793 4950 εἶναι
2817 4898 2915 4957 τὰς
2947 4895 3246 4963 ἀλειψάσας
3269 4895 3358 4947 τὸν
3382 4891 3588 4961 Κύριον
3619 4893 3878 4957 γυναῖκας
3899 4928 3911 4951 ,
3943 4881 4016 4940 ὧν

2439 4989 2531 5042 καὶ
2581 4991 2627 5041 oi.
2661 4989 2925 5057 τέτταρες
2957 4986 3344 5054 εὐαγγελιστώ
3395 4985 3723 5054 μέμνηνται·
3783 4982 3933 5036 ἄλλοι
3961 4981 4018 5034 δὲ

2439 5083 2530 5135 δύο
2565 5081 2732 5135 ταῦτα
2803 5082 2947 5147 paci.
3000 5081 3128 5149 μίαν
3171 5079 3267 5148 τὴν
3324 5079 3474 5148 παρά
3501 5078 3580 5147 τῷ
3629 5076 3869 5144 Ἰωάννῃ,
3899 5075 4020 5143 ἣτις

2441 5176 2558 5229 ἐστὶ
2578 5176 2765 5246 Μαρία
2802 5178 2826 5245 ἡ
2854 5175 3054 5243 ἀδελφὴ
3085 5175 3177 5226 τοῦ
3201 5174 3475 5244 Λαζάρου,
3504 5173 3598 5226 καὶ
3620 5172 3714 5241 τὴν
3745 5170 3840 5222 νῦν
3871 5167 4021 5236 παρᾶ

2441 5269 2519 5338 τῷ
2546 5267 2808 5337 Ματθαίῳ
2839 5268 3343 5338 μνημονευομένην,
3380 5268 3500 5334 ἥτις
3530 5267 3677 5318 ἐστὶν
3710 5266 3740 5333 ἡ
3790 5262 3928 5330 αὑτὴ
3954 5263 4019 5330 τῇ

2443 5361 2593 5431 παρά
2631 5361 2708 5431 τῷ
2759 5361 2942 5431 Λουκᾷ
2975 5360 3068 5412 καὶ
3115 5360 3192 5428 τῷ
3243 5360 3474 5429 Μάρκῳ.
3537 5358 3641 5409 Τὸν
3689 5356 3746 5408 δὲ
3801 5355 4021 5422 Σίμωνα

2441 5455 2627 5508 τοῦτον
2668 5454 2758 5505 τὸν
2797 5453 3017 5520 λεπρὸν,
3056 5453 3188 5521 φασί
3220 5469 3363 5513 τινες
3398 5452 3492 5503 καὶ
3523 5449 3736 5516 πατέρα
3765 5442 3907 5497 εἶναι
3930 5441 4021 5494 τοῦ

2443 5545 2719 5616 Λαζάρου,
2758 5546 2816 5596 ὃν
2858 5544 2966 5596 ἀπὸ
2999 5544 3097 5612 τῆς
3143 5543 3352 5612 λέπρας
3403 5539 3730 5609 καθαρίσας,
3785 5534 4024 5586 εἱστιᾶτο

2444 5639 2570 5706 παρ’
2599 5636 2765 5705 αὐτῷ.
2800 5635 3032 5700 Λέγεται
3063 5635 3118 5685 δὲ
3149 5635 3228 5686 ὅτι
3257 5633 3351 5684 καὶ
3405 5635 3431 5683 ὀ
3469 5629 3673 5696 Κύριος
3706 5625 3876 5677 εἰπὼν
3914 5626 4024 5684 τοῖς

2448 5730 2739 5798 μαθηταῖς,
2777 5726 3062 5779 ’Λπέιθετε
3087 5727 3219 5794 πρὸς
3250 5725 3339 5775 τὸν
3367 5724 3532 5785 δεῖνα,
3576 5722 3671 5774 καὶ
3699 5719 3865 5781 δείξει
3899 5717 4024 5781 ὑμῖν

2444 5819 2695 5886 ἀνώγεων
2760 5818 3127 5886 ἐστρωμένον,
3178 5817 3313 5879 ποὺς
3339 5820 3525 5867 τοῦτον
3575 5812 3895 5868 (imaeve:
3932 5809 4024 5861 ai-
