4298 6446
761 391 869 458 639

1609 362 2193 457 Tnsopnmcrt
2234 389 2651 456 summa;
2688 395 3052 462 ARCHIEP.

3898 396 4029 462 HO

833 506 997 561 Vsus.
1047 506 1134 577 £2,
1167 506 1312 589 iis
1342 503 1516 572 ,Ωιιοά
1541 506 1684 561 enim
1720 506 1834 561 hac
1863 514 2193 577 unguentum
2227 502 2327 558 hoc
2356 504 2408 566 Α
2507 525 2527 558 ι

2356 504 2408 566 Α
2507 525 2527 558 ι
2571 506 2819 564 Βαλοῦσα
2850 511 2961 582 γάρ
2989 510 3129 582 αὕτη
3160 511 3220 566 τὸ
3258 510 3428 583 μύρον
3467 509 3626 566 τοῦτο
3652 510 3745 565 ἑπὶ
3774 510 3868 566 τοῦ
3905 510 4030 564 σώ-

763 600 914 655 misit
969 612 1133 668 super
1170 595 1365 668 corpus
1415 598 1641 664 meuni,
1697 600 1765 652 ad
1823 598 2191 668 sepeliendum
2244 610 2331 651 me

766 691 911 748 fecit.
972 694 1137 746 Amen
1167 692 1289 746 dico
1343 692 1514 756 vobis,
1592 691 1905 759 ubicunque
1968 690 2324 756 praedicatum

764 784 929 839 tuerit
968 784 1068 839 hoc
1099 782 1444 853 Evangelium
1479 785 1530 836 in
1565 791 1679 838 toto
1708 783 1931 845 mundo,
1973 783 2080 837 hoc
2113 793 2331 851 quoque

762 876 904 943 quod
937 875 1051 930 haec
1095 875 1243 938 fecit.
1276 874 1587 930 narrabitur
1631 874 1681 929 in
1719 875 2035 930 memoriam
2072 874 2263 945 ipsius.
2304 889 2326 925 ι

768 966 932 1021 Docet
973 981 1072 1021 nos
1102 966 1241 1037 quod
1276 966 1468 1020 mulier
1506 966 1620 1021 hac
1652 966 1804 1036 juxta
1840 965 2079 1020 divinam
2106 965 2332 1035 dispen-

766 1055 1029 1111 sationem
1063 1057 1163 1111 hoc
1197 1056 1408 1121 fecerit,
1442 1058 1777 1127 praesignans
1809 1064 2037 1111 mortem
2073 1054 2237 1119 illius.
2275 1062 2334 1108 et

764 1147 1007 1214 corporis
1057 1148 1412 1216 sepulturam.
1472 1147 1583 1202 Non
1634 1149 1776 1203 enim
1824 1148 2036 1204 tulisset
2084 1146 2334 1203 Christus

766 1244 1039 1304 unguento
1068 1237 1217 1309 ungi,
1246 1237 1345 1291 nisi
1373 1236 1687 1308 mysterium
1704 1236 1972 1305 quoddam
1994 1235 2330 1303 subluisset;

768 1328 1020 1390 praedixit
1050 1337 1232 1383 autem
1266 1338 1520 1397 tanquam
1552 1327 1712 1395 Deus,
1733 1330 1873 1399 quod
1901 1338 2046 1386 esset
2072 1328 2334 1394 futurum,

770 1420 913 1485 quod
946 1421 997 1472 in
1032 1419 1259 1489 gloriam
1308 1423 1425 1493 ejus
1472 1422 1672 1492 ubique
1708 1423 2033 1492 pradicetur
2061 1438 2149 1479 res
2176 1438 2335 1492 quam

774 1510 900 1565 rt-cit
932 1512 1145 1570 mulier.
1190 1512 1325 1569 Vide
1356 1524 1537 1573 autem
1585 1516 1679 1572 Dei
1724 1518 2173 1583 misericordiam,
2198 1507 2337 1587 quo—

773 1606 932 1661 modo
992 1608 1273 1664 mulierem
1330 1612 1542 1680 magnis
1586 1610 1746 1667 donis
1798 1620 2129 1667 remunerat.
2192 1610 2344 1665 Facit

775 1699 920 1761 enim
972 1713 1091 1755 eam
1147 1701 1551 1758 memorabilem
1612 1704 1834 1773 ubique,
1889 1705 2129 1773 quandiu
2183 1718 2340 1759 suum

782 1787 1137 1859 Evangelium
1167 1793 1489 1848 duraturum
1521 1793 1613 1849 sit.
1646 1793 1925 1861 Quomodo
1952 1803 2130 1849 autem
2163 1794 2358 1869 sepul-_

2438 597 2607 667 ματός
2640 616 2765 668 μου,
2798 600 2936 670 πρὸς
2972 602 3036 655 τὸ
3080 603 3402 671 musam
3437 619 3506 676 με
3547 603 3792 672 εποίησε.
3837 602 4030 671 Ἀμὴν

2436 687 2579 755 λέγω
2605 690 2754 760 ὑμῖν,
2786 691 2921 745 ὅπου
2964 694 3061 746 εὰν
3090 694 3337 765 κηρυχθῇ
3383 693 3444 746 τὸ
3488 692 3821 761 Εύαγγὲλιον
3852 692 4029 746 τοῦτο

2437 778 2496 831 ιν
2554 780 2661 849 ὅλῳ
2714 782 2794 853 τῷ
2850 782 3064 854 κόσμῳ,
3124 782 3491 855 λαληθήσεται
3542 784 3636 835 καὶ
3680 782 3708 835 6
3758 784 4031 852 εποίησεν

2441 869 2603 941 αῦτη,
2649 873 2730 934 εις
2775 873 3123 942 μνημόσυνον
3161 873 3351 943 αὐτῆς.
3393 892 3412 925 ι
3449 873 3702 927 Διδάσκει
3733 872 3902 942 ἡμᾶς,
3934 872 4030 925 δτι

2442 963 2588 1017 κατά
2642 980 2762 1018 τινα
2819 964 2975 1018 Θείαν
3024 967 3239 1035 κίνησιν
3298 967 3523 1036 εποίησε
3568 963 3725 1017 τοῦτο
3775 966 3808 1034 ἡ
3852 965 4031 1035 γυνὴ,

2444 1057 2796 1127 προτυποῦσα
2832 1059 2926 1112 τὸν
2973 1059 3202 1114 θάνατον
3245 1061 3435 1128 αὑτοῦ,
3485 1062 3579 1115 καὶ
3632 1060 3733 1132 τὴν
3764 1060 3859 1114 τοῦ
3912 1058 4033 1113 σώ-

2448 1163 2618 1217 ματος
2654 1152 2831 1219 ταφήν
2851 1165 2871 1185 ’
2927 1152 2990 1203 ού
3023 1150 3131 1223 γὰρ
3162 1150 3229 1205 ἂν
3259 1150 3516 1222 ἠνέσχετο
3540 1150 3569 1202 6
3614 1152 3818 1221 Κύριος
3862 1149 4034 1220 μύρῳ

2444 1241 2863 1311 καταχρίεσθαι,
2898 1243 2947 1296 εί
2989 1242 3064 1314 μὴ
3098 1243 3397 1314 μυστήριόν
3426 1261 3478 1296 τι
3519 1230 3731 1313 ἀδήλου.
3772 1239 3858 1305 ’ος
3888 1242 4033 1306 Θεὸς

2443 1329 2503 1383 δὲ
2544 1333 2772 1402 προεῖπε
2827 1331 2891 1386 τὸ
2933 1334 3218 1405 ἐσόμενον,
3259 1336 3345 1390 δτι
3400 1336 3481 1399 είς
3534 1334 3798 1404 καύχημα
3852 1332 4036 1403 αὐτῆς

2454 1422 2635 1493 μιλλει
2666 1424 2943 1479 λαλεῖσθαι
2970 1425 3247 1497 πανταχοῦ
3272 1426 3300 1480 6
3338 1426 3593 1493 ὶποίησεν
3618 1427 3779 1497 ῖργον
3803 1428 3836 1497 ἡ
3860 1424 4032 1495 γυνή.

2452 1514 2557 1569 Ἴδε
2584 1516 2642 1570 δὶ
2676 1519 2776 1589 τὴν
2801 1517 2894 1571 τοῦ
2927 1517 3063 1573 Θεοῦ
3106 1518 3546 1591 φιλανθρωπίαν,
3587 1519 3704 1581 πῶς
3736 1518 4037 1588 ἀμείϐεται

2450 1606 2551 1676 τὴν
2578 1611 2813 1675 γυναῖκα
2850 1611 3063 1685 μεγάλῃ
3096 1612 3281 1685 χάριτι
3304 1626 3321 1644 ⁸
3353 1614 3499 1665 ποιεῖ
3525 1612 3634 1681 γὰρ
3674 1612 3845 1682 αὐτὴν
3888 1628 4040 1682 μνη·

2458 1699 2773 1769 μονεύεσθαι
2800 1702 2998 1767 διόλου,
3057 1704 3217 1776 ἄχρις
3265 1704 3333 1758 ἂν
3374 1704 3435 1757 τὸ
3480 1702 3641 1757 αὑτοῦ
3694 1701 4039 1771 Εύαγγέλιον

2454 1790 2801 1863 διασώζηται.
2832 1796 2959 1860 Πῶς
2989 1795 3048 1850 δι
3071 1798 3150 1858 είς
3180 1797 3270 1851 τὸν
3301 1796 3668 1867 ἐνταφιασμόν
3707 1794 3871 1849 αὑτοῦ
3902 1810 4039 1849 συνο

781 1888 899 1933 tura
942 1855 1067 1949 ejus
1112 1881 1468 1952 praesignatur
1511 1855 1823 1953 unguEnto?
1853 1881 1966 1938 Mos
1999 1890 2117 1938 erat
2145 1855 2419 1936 Judaeis'B
2450 1902 2477 1938 ε

2341 1855 2419 1933 ίΒ
2450 1855 2708 1939 εσάλλετο
2733 1888 2795 1940 τδ
2828 1855 3039 1958 μύρονε
3091 1855 3255 1950 ’έθος
3308 1882 3378 1957 ἦν
3416 1855 3529 1951 τοῖς
3568 1855 3855 1947 ’Ἰουδαίοις
3891 1884 4038 1955 μετά

778 1986 902 2025 cum
948 1982 1221 2042 unguento
1268 1984 1602 2031 mortuorum
1636 1989 1868 2047 corpora
1918 1975 2165 2045 sepelire,
2208 1974 2348 2029 sicut

785 2072 840 2117 et
868 2062 1107 2136 Aigyptii
1140 2060 1431 2133 faciebant,
1464 2076 1523 2122 ut
1558 2069 1877 2138 incorrupta
1910 2075 2211 2131 manerent,
2250 2078 2351 2120 nec

780 2158 1033 2213 fetereut.
1063 2157 1311 2216 Ostendit
1334 2161 1499 2232 igitur
1521 2161 1736 2227 mulier,
1760 2162 1956 2231 inquit,
1984 2174 2048 2215 ex
2074 2161 2176 2215 hoc
2199 2158 2347 2229 quod

783 2260 1114 2321 unguentqu
1164 2251 1375 2317 eﬂ‘udit,
1422 2267 1617 2321 corpus
1668 2268 1847 2306 meum
1885 2252 2036 2307 brevi
2084 2250 2350 2320 sepelien-

784 2342 932 2399 dum.
969 2342 1095 2399 Haec
1122 2354 1301 2399 autem
1332 2345 1512 2400 omnia
1540 2344 1669 2399 dicit
1716 2343 2033 2399 demulcens
2061 2353 2116 2397 et
2155 2342 2351 2398 debor-

788 2445 906 2491 tans
947 2436 1165 2502 Judam,
1204 2451 1301 2508 per
1335 2452 1495 2508 quem
1542 2438 1833 2507 sepultum
1890 2436 2183 2493 tradendus
2210 2444 2348 2491 erat.

787 2528 1033 2599 Intelligo
1060 2528 1191 2583 item
1224 2543 1320 2598 per
1350 2544 1654 2600 anagOgen,
1688 2529 1958 2598 leprosum
1989 2529 2201 2598 quidem
2234 2542 2355 2582 esse

784 2620 1041 2691 gentilzm
1076 2620 1369 2690 populum:
1414 2621 1693 2676 mulierem
1741 2631 1919 2675 autem
1964 2619 2353 2689 peccatricem,

788 2712 1262 2781 congregationem
1334 2718 1391 2767 et
1437 2712 1735 2767 Ecclesiam
1777 2727 1843 2767 ex
1904 2713 2174 2783 gentibus,
2238 2725 2359 2781 qua:

791 2815 1147 2875 unguentum,
1197 2804 1302 2861 hoc
1342 2815 1426 2861 est
1483 2805 1665 2871 iidem,
1712 2807 1766 2860 in
1800 2804 1999 2860 Christi
2042 2817 2223 2873 caput,
2257 2803 2360 2859 hoc

788 2904 872 2949 est
899 2895 1177 2963 deitatem,
1198 2894 1405 2951 eﬂ'udit.
1423 2894 1612 2952 Omnis
1639 2897 1780 2950 enim
1804 2899 2029 2952 credens
2046 2894 2213 2949 Deum
2240 2909 2361 2950 esse

792 2984 1095 3051 Christum,
1151 2997 1483 3057 unguentum
1538 2986 1763 3042 etTundit
1810 2989 1865 3040 in
1921 2995 2084 3055 caput
2133 2985 2355 3040 Christi.

789 3075 959 3133 Judas
988 3088 1167 3134 autem
1211 3080 1307 3147 qui
1339 3078 1640 3148 increpavit
1676 3078 1951 3133 mulierem
2000 3076 2162 3148 (sicut
2190 3074 2362 3132 Joan-

2453 1975 2643 2047 μύρων
2668 1978 3017 2047 ἐνταφιάζειν
3050 1978 3120 2031 τὰ
3148 1978 3400 2050 σώματα,
3421 1978 3497 2042 ὡς
3527 1979 3619 2033 καὶ
3644 1980 3693 2030 ol
3740 1977 4037 2045 Αἰγύπτιοι

2456 2069 2709 2135 ἐποίουν,
2750 2068 2837 2124 διά
2889 2070 2951 2123 τὸ
2982 2070 3203 2141 ἄσηπτα
3273 2070 3557 2141 τηρεῖσθαι
3595 2072 3689 2123 καὶ
3728 2069 3854 2123 ἄνευ
3905 2068 4038 2120 δυσ-

2451 2161 2637 2225 ωδίας.
2663 2162 2945 2216 Δείκνυσιν
2970 2146 3297 2232 οὖνξφησὶν,
3325 2164 3359 2232 ἠ
3388 2162 3527 2231 γυνὴ
3550 2163 3613 2214 ὲκ
3642 2160 3736 2214 τοῦ
3764 2160 3825 2213 τὸ
3856 2158 4034 2229 μύρον

2453 2256 2743 2326 καταχέαι,
2765 2256 2847 2308 ὅτι
2879 2256 2939 2309 τδ
2971 2255 3132 2325 σῶμά
3166 2273 3267 2326 μου
3301 2254 3811 2324 ἐνταφιασθήσεται.
3845 2251 4038 2305 Ταῦτα

2452 2347 2508 2401 δὲ
2574 2347 2753 2400 πάντα
2803 2345 2973 2414 λέγει,
3012 2346 3277 2400 δυσωπῶν
3314 2348 3408 2400 κα¹ι
3443 2349 3723 2417 ἐντρέπων
3764 2346 3856 2398 τὸν
3901 2344 4038 2397 ’ἰού-

2451 2440 2569 2505 δαν,
2593 2438 2660 2492 δι’
2683 2433 2744 2493 οὗ
2774 2438 2962 2509 εμελλε
2988 2441 3133 2509 ταφῇ
3157 2438 3555 2511 παραδοθῆναι.
3597 2437 3809 2508 Νόησον
3842 2435 4039 2500 δὲ,καὶ

2455 2533 2601 2587 κατά
2632 2531 2947 2604 ἀναγωγὴν,
2975 2532 3175 2601 λεπρδν
3210 2531 3309 2603 μὶν
3340 2529 3483 2586 εἶναι
3524 2531 3612 2584 τὸν
3647 2530 3863 2585 ὲθνικδν
3881 2530 4034 2594 λαὸν,

2457 2626 2687 2693 γυναῖκα
2715 2625 2769 2677 δὲ
2797 2623 3130 2694 ἀμαρτωλὴν
3159 2623 3258 2696 τὴν
3311 2621 3371 2686 ιε
3393 2622 3563 2676 ίθνῶν
3593 2620 3919 2692 συναγωγὴν
3944 2621 4045 2673 καὶ

2470 2716 2819 2786 Ἐκκλησίαν,
2838 2714 2962 2786 ἥτις
2986 2714 3046 2767 τὸ
3071 2714 3265 2785 μύρον,
3290 2714 3536 2767 τουτέστι
3589 2714 3689 2786 τὴν
3718 2714 3922 2775 πίστιν,
3959 2713 4042 2775 εἰς

2460 2812 2559 2881 τὴν
2584 2810 2681 2863 τοῦ
2734 2807 2973 2879 Χριστοῦ
3006 2806 3285 2877 κεφαλὴν,
3330 2809 3450 2879 ἦτοι
3497 2808 3595 2879 τὴν
3642 2807 3895 2876 θεότητα,
3952 2805 4046 2872 ἐξ·

2460 2901 2603 2971 ἐχεε.
2631 2901 2744 2963 Πᾶς
2786 2899 2897 2969 γὰρ
2932 2899 2962 2951 ό
2998 2897 3269 2951 πιστεύων
3302 2898 3436 2951 Θεὸν
3474 2893 3614 2951 εἶναι
3648 2895 3739 2950 τὸν
3778 2895 4044 2966 Χριστὸν,

2464 2992 2636 3063 μύρον
2666 2990 2921 3063 καταχέει
2960 2991 3040 3055 είς
3066 2989 3166 3062 τὴν
3192 2990 3436 3061 κεφαλὴν
3473 2990 3568 3043 τοῦ
3601 2988 3837 3059 Χριστοῦ
3859 3004 3873 3017 ·
3908 2990 3937 3041 6
3988 2987 4047 3041 δὲ
4078 3042 4081 3045 ,

2474 3084 2673 3149 Ἰούδας
2712 3084 3048 3154 ἐπιτιμήσας
3076 3085 3142 3154 τῇ
3172 3083 3414 3151 γυναικὶ,
3461 3082 3537 3145 ὡς
3593 3082 3848 3151 Ἰωάννης
3886 3082 4039 3148 φησὶ.

792 3185 891 3225 nes
934 3170 1085 3242 dicit)
1137 3170 1363 3241 ﬁguram
1409 3180 1558 3227 tenet
1605 3168 1931 3230 ludaaorum,
1965 3170 2058 3239 qui
2100 3183 2270 3239 usque
2308 3170 2360 3225 in
2392 3203 2433 3261 ο
2465 3195 2489 3232 τ

2340 3184 2360 3224 η
2392 3203 2433 3261 C
2465 3178 2638 3232 τύπον
2677 3177 2863 3248 ἐπίχει
2894 3178 3002 3232 τῶν
3043 3177 3336 3239 Ἰουδαίων,
3374 3174 3483 3228 τῶν
3510 3174 3591 3254 ἔτι
3644 3175 3737 3228 καὶ
3768 3172 3863 3223 νῦν
3903 3188 4037 3238 γογ-

798 3263 941 3318 hunc
974 3264 1115 3318 diem
1151 3274 1337 3327 contra
1366 3261 1662 3319 Et-clesiam
1696 3271 2056 3320 murmurant.

864 3354 1033 3410 Vsus.
1078 3355 1261 3411 “.16.
1308 3374 1325 3407 ι
1366 3352 1516 3410 Tunc
1567 3356 1701 3409 abiit
1759 3372 1897 3409 unus
1946 3355 2013 3411 de
2058 3354 2359 3421 duodecim,

792 3448 887 3519 qui
918 3446 1198 3504 dicebatur
1228 3445 1398 3502 Judas
1432 3446 1741 3509 lscariotes.
1772 3447 1836 3500 ad
1869 3446 2142 3517 principes
2177 3460 2360 3503 sacer-

792 3542 1002 3606 dotum,
1041 3550 1095 3595 et
1141 3542 1215 3594 ait
1247 3540 1552 3605 illiszQuid
1599 3539 1759 3594 vultis
1810 3539 1940 3594 mibi
1975 3538 2125 3603 dare,
2168 3547 2227 3593 et
2266 3554 2364 3609 ego

802 3632 953 3686 vobis
986 3631 1195 3685 tradam
1226 3631 1417 3685 illum?
1443 3632 1509 3684 At
1539 3630 1613 3685 illi
1642 3631 2044 3685 constituerunt
2068 3633 2116 3685 ei
2146 3630 2366 3701 triginta

801 3734 1108 3796 argenteos.
1139 3725 1203 3779 Et
1253 3739 1317 3779 ex
1348 3737 1413 3778 eo
1454 3732 1699 3792 tempore
1735 3723 2010 3791 quazrebat
2049 3723 2368 3795 opportuni-

797 3827 958 3872 tatem
996 3827 1053 3870 ut
1082 3832 1205 3872 eum
1232 3816 1489 3876 traderet.
1525 3834 1543 3866 ι
1575 3814 1710 3869 Cum
1750 3816 1924 3870 aliena
1968 3814 2159 3871 mulier
2188 3828 2367 3870 mere-

799 3911 902 3965 trix
930 3919 1138 3963 tantum
1160 3907 1439 3963 exhiberet
1456 3909 1734 3970 honorem,
1762 3918 1883 3961 tunc
1907 3907 2205 3976 discipulus
2236 3906 2369 3963 abiit

796 4001 1110 4071 proditurus
1152 3997 1322 4055 illum.
1360 3997 1475 4053 Non
1502 4000 1644 4053 enim
1674 4000 1873 4053 frustra
1903 4000 2175 4067 adjicitur,
2212 3999 2366 4055 Tunc

797 4096 954 4159 abiit.
982 4096 1077 4150 sed
1106 4102 1164 4149 ut
1187 4093 1505 4149 ostendatur
1528 4091 1863 4159 impudentia
1888 4090 2061 4145 Judte.
2089 4089 2247 4161 155
2271 4091 2375 4146 Ad-

800 4188 935 4243 didit
963 4197 1165 4249 autem,
1190 4184 1496 4246 lscariotes,
1534 4190 1593 4236 ut
1623 4182 1890 4237 notiorem
1936 4197 2059 4237 eum
2102 4182 2371 4237 redderet.

804 4282 933 4335 Erat
959 4281 1102 4332 enim
1130 4285 1188 4334 et
1220 4276 1359 4330 alius
1396 4273 1585 4339 ludas,
1617 4274 1708 4343 qui
1748 4270 2011 4327 Lebbaus
2051 4272 2369 4327 dicebatur:

802 4373 891 4430 bic
916 4384 1043 4425 vero
1074 4369 1321 4441 proditor
1352 4376 1520 4421 erata
1554 4379 1691 4435 pago
1733 4365 1824 4434 qui
1862 4362 2143 4419 dicebatur
2172 4362 2371 4419 lscara.

800 4464 883 4520 lili
920 4474 1099 4518 autem
1134 4458 1767 4528 constituerunttriginta
1796 4466 2109 4527 argenteos,
2142 4456 2245 4509 hoc
2264 4466 2371 4522 est,

2467 3270 2742 3339 γυζόντων
2774 3270 2914 3327 κατά
2931 3269 3031 3339 τῆς
3064 3267 3416 3337 Ἐκκλησίας.

2543 3380 2561 3413 ι
2604 3361 2738 3415 Τότε
2772 3360 3061 3431 πορευθεὶς
3103 3355 3183 3423 εἷς
3234 3359 3345 3412 τῶν
3395 3358 3625 3421 δώδεκα,
3661 3359 3704 3410 .6
3750 3355 4045 3426 λεγόμενος

2477 3454 2677 3517 Ἰούδας
2718 3452 3093 3523 Ἰσκαριώτης,
3122 3449 3260 3523 πρὸς
3297 3451 3425 3513 τοὺς
3467 3450 3745 3521 ἀρχιερεῖς
3794 3444 3914 3501 εἷπε
3940 3465 3952 3479 ·
3982 3445 4051 3500 τι

2468 3546 2653 3601 θέλετέ
2676 3563 2762 3616 μοι
2783 3544 2986 3609 δοῦναι,
3010 3544 3164 3613 κάγὼ
3182 3543 3495 3615 παραδώσω
3514 3541 3709 3609 αύτόν;
3736 3543 3797 3594 0i
3814 3541 3872 3595 δὲ
3890 3540 4050 3609 ἔστη⁶

2471 3654 2572 3692 οιαν
2603 3635 2753 3706 αύτῷ
2780 3636 3080 3707 τριάκοντα
3106 3634 3349 3706 ἀργύρια
3375 3649 3387 3663 ·
3427 3636 3525 3687 καὶ
3562 3634 3669 3687 ἀπὸ
3704 3634 3823 3685 τότε
3866 3630 4049 3695 εζὴτει

2471 3730 2778 3800 εὐκαιρίαν,
2801 3728 2891 3783 ἕνα
2920 3727 3082 3781 αύτδν
3111 3726 3359 3799 παραδῷ.
3391 3745 3409 3778 ι
3441 3726 3569 3781 Ὅτε
3605 3726 3639 3797 ὴ
3672 3724 3929 3795 ἀλλοτρία
3952 3741 4050 3792 γυ-

2470 3822 2559 3891 νὴ,
2602 3822 2633 3890 ὴ
2688 3820 2882 3889 πόρνη,
2941 3817 3211 3890 τοσαύτην
3254 3817 3568 3883 ιπεδείξατο
3616 3816 3805 3887 τιμὴν,
3863 3815 3982 3868 τότε
4022 3815 4053 3867 ό

2476 3912 2725 3984 μαθητὴς
2767 3912 3068 3983 ἀπέρχεται
3118 3909 3417 3981 προδώσων
3453 3909 3639 3963 αὐτόν.
3683 3910 3759 3962 Οὐ
3792 3907 3901 3979 γὰρ
3946 3906 4052 3977 μά-

2473 4022 2574 4075 την
2635 4006 2812 4058 κεῖται
2883 4005 2965 4068 τὸ,
3025 4005 3147 4057 τότε
3192 4001 3505 4073 πορευθεὶς,
3566 4000 3683 4055 ἀλλ’
3750 4002 3838 4053 ῖνα
3904 3997 4052 4070 δείξῃ

2473 4096 2574 4167 τὴν
2614 4094 2889 4147 ἀναίδειαν
2917 4092 3012 4146 τοῦ
3052 4092 3259 4146 Ἰούδα·
3291 4095 3321 4146 ό
3362 4090 3718 4160 Ἰσκαριώτης
3775 4089 3833 4143 δὲ
3891 4104 4056 4158 προσ-

2474 4186 2715 4257 τίθησιν,
2754 4186 2842 4239 ῖνα
2883 4183 3309 4255 γνωριμώτερον
3342 4182 3506 4237 αύτδν
3540 4183 3763 4253 ποιήσῃ.
3804 4176 3917 4233 Ἦν
3947 4178 4055 4249 γάρ

2476 4280 2571 4333 καὶ
2600 4279 2787 4351 ἕτερος
2826 4276 3045 4345 Ἰούδας,
3076 4278 3104 4330 6
3138 4278 3233 4329 καὶ
3284 4274 3571 4339 Λεϐϐαῖος.
3614 4264 3785 4337 Οῦτος
3816 4272 3993 4343 μέντοι
4025 4273 4054 4323 6

2481 4373 2750 4445 προδότης
2782 4371 2890 4425 ἀπὺ
2918 4370 3117 4440 κώμης
3138 4370 3281 4431 τινὸς
3308 4364 3397 4438 ἦν,
3438 4369 3561 4437 ἦτις
3588 4366 3838 4421 ικαλεῖτο
3880 4364 4054 4419 Ἰσκά-

2480 4483 2571 4538 ρα.
2608 4463 2671 4516 Ol
2696 4462 2751 4515 δὲ
2784 4460 3017 4530 ιστησαν
3050 4458 3345 4529 τριάκοντα
3366 4457 3627 4527 ἀργύρια,
3651 4457 3775 4511 ἀντὶ⁵
3805 4455 4057 4522 106,009-

798 4562 1152 4617 decreverunt
1183 4568 1237 4612 ut
1270 4556 1316 4611 ei
1356 4556 1635 4615 darentur,
1664 4567 1768 4606 non
1799 4562 1974 4605 autem
2004 4561 2061 4605 ut
2094 4548 2246 4605 multi
2275 4564 2371 4619 pu-
2406 4559 2450 4616 ι)
2478 4574 2495 4611 ε

2360 4580 2371 4591 -
2406 4559 2450 4616 D
2478 4556 2810 4626 εφώνησαν,
2854 4551 3141 4623 ἀφώρισαν
3203 4550 3415 4617 δοῦναι,
3474 4551 3573 4620 οὐχ
3638 4548 3715 4614 ὡς
3764 4550 3812 4603 οῖ
3875 4549 4057 4601 πολλοὶ

806 4664 944 4715 tant,
974 4652 1363 4720 appenderunt.
1402 4645 1687 4711 Querebat
1716 4644 1879 4713 igitur
1911 4642 2371 4711 opportunitatem

805 4756 863 4814 ut
894 4746 1040 4799 illum
1064 4744 1235 4798 solum
1262 4741 1501 4794 traderet
1527 4739 1626 4792 eis.
1652 4736 1937 4791 Timebant
1964 4734 2109 4787 enim
2138 4732 2373 4799 turbam,

804 4850 858 4894 et
914 4838 1117 4892 idcirco
1183 4834 1561 4888 conduxerunt
1618 4825 1813 4883 Judam
1873 4836 1931 4880 ut
1981 4825 2245 4882 iudicaret
2296 4824 2377 4879 eis

802 4930 1019 5002 quando
1048 4929 1193 4982 solus
1225 4936 1388 4981 esset.

876 5022 1042 5076 Vsus.
1080 5018 1261 5073 17-19.
1306 5036 1323 5069 ι
1365 5016 1547 5070 Primo
1601 5024 1780 5068 autem
1813 5012 1899 5066 die
1945 5024 2258 5082 azymorum
2290 5023 2377 5063 ac-

2479 4647 2709 4711 νοοῦσιν,
2737 4646 2859 4700 ἀντὶ
2880 4644 2975 4697 τοῦ
2999 4642 3462 4711 ιζυγοστάτησαν.
3510 4643 3729 4713 Ἐζήτει
3754 4640 3846 4693 οὖν
3879 4641 4078 4709 εύκαιο,

2480 4742 2627 4811 ρίαν,
2661 4738 2820 4807 μόνον
2848 4734 3012 4789 αύτὶν
3035 4732 3371 4805 παραδοῦναι
3396 4733 3577 4790 αὐτοῖς
3600 4749 3615 4763 ο
3635 4729 3928 4801 ὲφοδοῦντο
3953 4731 4057 4799 γὰρ

2477 4833 2570 4886 τὸν
2600 4830 2776 4901 ὄχλον,
2816 4828 2908 4882 καὶ
2952 4827 3039 4881 διὰ
3086 4826 3245 4879 τοῦτο
3288 4820 3675 4897 ἐμισθώσαντο
3702 4825 3792 4876 τὸν
3841 4821 4055 4889 Ἰούδαν,

2480 4925 2568 4977 ῐνα
2606 4924 2963 4996 καταμηνύσῃ
3003 4924 3187 4987 αὐτοῖς
3235 4923 3324 4975 ὅτε
3364 4920 3679 4990 καταμόνας
3716 4917 3853 4973 ἐστι.

2554 5018 2633 5089 Τῇ
2668 5017 2723 5071 δὲ
2758 5016 2953 5087 πρώτῃ
2992 5016 3100 5069 τῶν
3128 5013 3379 5083 ἀζύμων,
3406 5012 3716 5083 προσῆλθον
3741 5011 3789 5063 οῖ
3825 5008 4058 5079 μαθηταὶ

805 5122 1087 5173 cesserunt
1122 5108 1370 5177 discipuli
1422 5109 1487 5162 ad
1516 5107 1726 5169 Jesum,
1759 5106 2001 5161 dicentes
2042 5104 2131 5159 ei:
2167 5101 2266 5157 Ubi
2303 5102 2383 5154 vis
2484 5128 2502 5164 ιι

2361 5116 2383 5154 3
2484 5111 2563 5183 τῷ
2576 5109 2773 5181 Ἰησοῦ,
2791 5110 3043 5176 λέγοντες
3061 5106 3227 5176 αύτῷ·
3252 5106 3359 5158 Ποῦ
3383 5104 3557 5164 Θέλεις
3582 5102 3961 5173 ἑτοιμάσωμέν
3981 5118 4058 5153 σοι

807 5223 1055 5280 paremus
1082 5205 1177 5261 tibi
1208 5206 1275 5258 ad
1305 5202 1570 5257 edendum
1599 5199 1845 5255 Pascha?
1870 5198 1937 5252 At
1963 5197 2050 5252 ille
2080 5196 2219 5251 dixit
2248 5214 2260 5249 :
2307 5194 2382 5248 Ite

806 5302 857 5355 in
908 5300 1181 5355 civitatem
1236 5295 1303 5350 ad
1334 5292 1663 5365 quemdam,
1712 5300 1765 5345 et
1812 5290 1976 5346 dicite
2024 5291 2071 5344 ei
2132 5308 2143 5343 ε
2209 5288 2381 5358 Magi-

806 5407 917 5454 ster
951 5395 1077 5450 dicit
1107 5411 1119 5447 :
1153 5393 1389 5460 Tempus
1456 5405 1636 5445 meum
1687 5402 1852 5456 prope
1897 5396 2001 5451 est,
2051 5387 2189 5455 apud
2224 5395 2277 5440 te
2310 5384 2383 5438 ia-

809 5488 893 5544 cio
922 5486 1128 5540 Pascha
1175 5497 1297 5537 cum
1330 5481 1604 5551 discipulis
1642 5480 1797 5534 meis.
1832 5476 1899 5531 Et
1934 5478 2173 5533 iecerunt
2216 5477 2381 5533 disci-

812 5580 916 5647 puli
986 5578 1127 5631 sicut
1193 5573 1474 5628 constituit
1540 5571 1645 5626 iiiis
1693 5570 1872 5633 Jesus,
1935 5579 1991 5623 et
2060 5578 2384 5637 paraverunt

810 5672 1039 5727 Pascha.
1075 5689 1093 5723 ι
1155 5670 1391 5724 Primam
1453 5682 1764 5738 azymorum
1828 5665 1969 5721 diem
2031 5674 2208 5730 vocat,
2259 5678 2377 5731 quae

2489 5206 2682 5274 φαγεῖν
2700 5202 2759 5254 τὸ
2778 5202 2999 5270 Πάσχας
3031 5200 3088 5252 '0
3107 5198 3162 5250 δὲ
3185 5192 3359 5251 εἶπεν·
3394 5198 3667 5265 Ὑπάγετε
3692 5198 3766 5257 είς
3788 5196 3886 5262 τὴν
3913 5194 4059 5246 πόλιν

2486 5296 2623 5366 πρὸς
2640 5295 2730 5347 τδν
2756 5296 2924 5359 δεῖνα,
2942 5293 3034 5346 καὶ
3054 5292 3243 5344 είπατε
3264 5290 3435 5360 αύτῷ·
3474 5289 3533 5343 '0
3558 5287 3879 5347 διδάσκαλος
3895 5287 4056 5353 λέγει·

2502 5386 2559 5439 '0
2602 5387 2793 5455 καιρός
2828 5401 2932 5453 μου
2965 5383 3130 5449 ἐγγύς
3162 5384 3277 5435 ἐστι
3300 5397 3312 5411 ·
3347 5382 3483 5453 πρὸς
3521 5382 3579 5433 σὲ
3616 5379 3757 5432 ποιῶ
3784 5379 3841 5430 τὸ
3883 5379 4061 5447 Πάσχα
4132 5390 4135 5393 ‘

2494 5480 2629 5549 μετὰ
2671 5477 2777 5530 τῶν
2812 5476 3069 5546 μαθητῶν
3098 5493 3225 5544 μου.
3278 5477 3389 5528 Kal.
3436 5475 3702 5543 ἐποίησαν
3745 5474 3793 5524 οῖ
3826 5472 4063 5541 μαθηταὶ

2490 5574 2565 5636 ὼς
2608 5571 2899 5637 συνέταξεν
2947 5571 3130 5631 αὐτοῖς
3170 5570 3197 5620 6
3237 5566 3462 5638 Ἰησοῦς,
3519 5567 3613 5620 καὶ
3659 5565 3963 5635 ἡτοίμασαν
4005 5566 4062 5615 τ’)

2488 5668 2699 5735 Πάσχα.
2721 5664 2984 5737 »Πρώτην
3011 5662 3089 5733 (α)
3123 5662 3230 5715 τῶν
3261 5661 3508 5731 ἀζύμων,
3535 5660 3635 5731 τὴν
3665 5659 3769 5729 πρὸ
3794 5656 3907 5710 τῶν
3938 5655 4060 5721 ἀζύ-

881 5793 957 5857 (a)
988 5791 1191 5848 Textus
1225 5795 1291 5848 ab
1324 5791 1714 5861 interpolatore
1750 5800 2055 5859 corruptus.
2088 5788 2389 5843 Gcnuinum
2502 5786 2763 5861 Romanis
2794 5785 3025 5861 Optim:e_
3047 5792 3206 5861 notas.
3239 5781 3454 5837 Scilicet
3489 5798 3509 5861 ξ
3541 5778 3771 5861 Πρώτυην
3804 5774 4062 5861 τιῖθννάζύ-

807 5841 961 5920 .azu
994 5841 1189 5920 itet'r'tis'
1227 5841 1498 5921 Nam;
1513 5841 1734 5929 tum,
1756 5841 2074 5931 ⁷ςὶιέςὲίὲχ
2098 5841 2394 5915 codicibus

2370 5876 2394 5913 s
2508 5877 2644 5927 μων,
2678 5860 2775 5927 τὴν
2804 5841 2906 5927 τέρδ
2960 5855 3067 5909 τῶν
3105 5853 3327 5925 ἀζύμων
3377 5852 3542 5923 φησιν
3593 5841 3844 5921 ἡμέραν·
3885 5841 3987 5899 οἷόν
4016 5862 4063 5898 τι
