4298 6446
771 420 875 484 ιιι

1612 410 2187 477 THEOPBYLACTI
2225 411 2636 474 BULGARIB
2674 412 3034 474 ARCHIEP.

3908 404 4011 469 “8

775 536 852 590 illi
895 559 905 592 ;
938 533 1051 591 Etsi
1088 546 1276 589 omnes
1300 527 1667 593 ,scandalisati
1709 529 1910 584 fuerint
1937 531 1989 584 in
2018 540 2091 594 te,
2124 544 2227 599 ego
2257 539 2338 585 ta-
2371 530 2419 590 Α
2446 547 2472 583 ιι

2316 560 2338 572 -
2371 530 2419 590 Α
2446 530 2646 591 πάντες
2701 526 3251 597 σκανδαλισθήσονται
3310 525 3370 580 έν
3430 525 3535 589 σοὶ,
3587 522 3699 592 ιγὼ
3754 520 4006 574 οὐδέποτε

778 642 900 680 men
930 638 1200 695 nunquam
1235 622 1545 678 scandalum
1581 621 1774 690 patiar.
1830 619 1968 674 Dicit
1992 620 2065 675 illi
2131 619 2288 676 Jesus
2322 640 2334 676 :

774 714 945 771 Amen
968 717 1087 769 dico
1116 713 1213 789 tibi
1240 711 1381 782 quod
1401 713 1454 766 in
1488 714 1587 767 hac
1606 723 1781 775 nocte,
1808 712 2130 782 priusquam
2168 713 2342 782 gallus

775 815 972 865 cantet.
1004 812 1195 874 ιρι-,ωε
1226 804 1473 876 negabis.
1512 820 1533 856 s
1572 800 1652 857 οι,
1689 801 1910 855 multam
1949 804 2147 858 mentis
2175 804 2343 858 conii-

774 896 1007 949 dentiam
1044 893 1235 949 Petrus
1268 894 1423 949 solus
1446 893 1797 962 pollicebatur
1843 907 2028 947 seno:t
2066 894 2340 948 scandali-

772 992 954 1039 satum
989 985 1076 1049 iri,
1107 994 1159 1039 et
1183 983 1385 1038 idcirco
1399 983 1645 1053 permisit
1676 983 1821 1037 illum
1843 982 2094 1039 Christus
2120 986 2337 1051 cadere,

773 1086 832 1131 ut
860 1077 1048 1131 doceat
1072 1092 1136 1129 ne
1158 1076 1283 1145 quis
1304 1076 1357 1129 in
1391 1075 1569 1145 seipso
1590 1074 1849 1139 conﬁdat,
1881 1077 1973 1130 sed
2010 1077 2061 1129 in
2098 1077 2207 1132 Deo
2245 1094 2259 1131 :
2286 1086 2340 1133 et

773 1166 878 1220 fide
904 1166 1150 1236 digniora
1183 1166 1540 1221 existimanda
1575 1166 1736 1221 verba
1771 1166 1994 1231 Christi,
2032 1181 2192 1235 quam
2246 1184 2342 1223 no-

772 1269 941 1311 stram
978 1257 1403 1311 conscientiam:
1461 1257 1714 1326 quoniam
1738 1267 1793 1310 et
1832 1258 2083 1325 superbia
2121 1258 2340 1329 plenum

770 1354 888 1401 erat
930 1348 1111 1403 dicere
1151 1366 1163 1401 :
1206 1366 1225 1400 ι
1262 1348 1317 1402 Si
1344 1363 1532 1403 omnes
1553 1347 1902 1401 scandalizati
1936 1348 2156 1405 fuerint.
2198 1368 2217 1403 ι
2244 1349 2343 1406 Os-

774 1434 1182 1488 tenditur'enim
1212 1449 1330 1490 esse
1355 1450 1615 1505 arrogans
1664 1446 1716 1490 et
1748 1438 1997 1505 ignorans
2016 1454 2168 1493 suam
2195 1441 2341 1495 infir-

770 1525 1029 1580 mitatem.
1077 1524 1330 1581 Praedieit
1375 1527 1537 1596 igitur
1575 1526 1835 1585 Dominus
1885 1530 1961 1584 illi
2015 1542 2068 1587 et
2122 1532 2337 1598 berem,

776 1616 922 1684 quod
949 1617 1001 1670 in
1040 1616 1127 1671 illa
1156 1627 1329 1685 nocte,
1361 1629 1414 1673 et
1452 1620 1763 1690 priusquam
1798 1622 1972 1691 gallus
2030 1632 2211 1679 cantet
2239 1664 2255 1689 ,
2286 1634 2343 1680 et

772 1722 1057 1763 numerum
1111 1712 1480 1782 negationum,
1515 1726 1711 1784 nempe
1743 1716 1886 1786 quod
1935 1722 2019 1770 ter
2055 1725 2341 1787 negaturus

2443 619 2991 688 σκανδαλισθήσομαι.
3046 619 3189 687 Ἔφη
3247 615 3397 686 αύτῷ
3447 618 3475 669 6
3534 612 3779 683 Ἰησοῦς·
3840 612 4013 679 ’Δμήν

2440 712 2584 778 λέγω
2611 728 2692 763 σοι
2716 712 2798 764 δτι
2824 712 2882 763 εν
2908 709 3079 779 ταύτῃ
3115 710 3181 778 τῇ
3210 708 3386 769 νυκτὶ,
3427 707 3558 775 πρὶν
3600 705 3868 772 ἀλέκτορα
3899 718 4015 766 cur

2441 804 2622 871 νῆσαι,
2654 803 2776 871 τρὶς
2804 802 3098 873 ἀπαρνήσῃ
3138 816 3229 870 με.
3260 816 3279 851 ι
3321 796 3461 852 Ὑπὸ
3493 796 3697 866 πολλῆς
3724 791 4014 853 αὐθαδείας

2440 892 2469 945 6
2500 893 2701 964 Πέτρος
2734 892 2891 961 μόνος
2918 892 3257 959 ὑπισχνεῖται
3291 888 3366 959 μή
3406 886 3868 955 αανδαλισθῆναι
3893 899 3907 911 ·
3932 884 4013 936 διὸ

2442 984 2623 1038 εῖασεν
2648 984 2811 1037 αὑτὸν
2838 986 2866 1037 6
2890 982 3122 1053 Χριστὸς
3149 983 3357 1045 πεσεῖν,
3404 981 3490 1033 ῖνα
3531 978 3697 1050 πείσῃ
3728 978 3802 1047 μὴ
3835 974 4014 1042 ἑαυτῷ

2443 1076 2686 1147 θαρρεῖν,
2721 1075 2858 1129 ἀλλά
2902 1074 2979 1140 τῷ
3023 1073 3165 1145 Θεῷ,
3214 1072 3309 1127 καὶ
3358 1073 3709 1139 πιστοτέρους
3758 1067 4011 1139 ἡγεῖσθαι

2441 1168 2569 1231 τοὺς
2614 1166 2706 1221 τοῦ
2735 1165 2973 1236 Χριστοῦ
3012 1165 3202 1234 λόγους
3239 1166 3338 1233 τῆς
3371 1164 3579 1225 οἰκείας
3610 1159 3967 1229 συνειδήσεως
3993 1175 4007 1190 ·

2442 1260 2563 1313 ἐπεὶ
2611 1260 2703 1314 καὶ
2759 1258 3059 1329 ὑπεροψίας
3101 1258 3260 1326 γέμει
3288 1256 3358 1309 ’τὸ
3404 1256 3616 1307 εἰπεῖν·
3671 1271 3690 1304 ι
3718 1252 3781 1304 Εἰ
3812 1250 4012 1313 πάντες

2445 1351 2991 1421 σκανδαλισθήσονται
3016 1366 3033 1380 ο
3065 1368 3085 1401 ι
3130 1349 3376 1402 δείκνυσι
3410 1346 3521 1415 γὰρ
3551 1344 3714 1398 αὐτὸν
3753 1343 4012 1406 ἀλαζόνα,

2444 1442 2540 1498 καὶ
2570 1442 2645 1513 μὴ
2685 1441 3115 1512 ἑπιγινώσκοντα
3145 1438 3244 1510 τὴν
3272 1437 3477 1491 οἰκείαν
3520 1434 3833 1491 ἀσθένειαν.
3869 1433 4012 1503 Προ-

2443 1537 2589 1605 λέγει
2620 1531 2715 1590 οὖν
2744 1534 2895 1605 αὐτῷ
2919 1536 2948 1587 6
2976 1533 3180 1604 Κύριος
3205 1532 3297 1585 καὶ
3327 1530 3424 1600 τήν
3451 1528 3618 1599 ῶραν,
3644 1529 3726 1581 ὃτι
3762 1527 3819 1577 ὲν
3840 1524 4015 1595 ταύτῃ

2440 1631 2507 1699 τῇ
2549 1629 2723 1691 νυκτὶ,
2773 1626 2869 1680 καὶ
2912 1627 3044 1697 πρὶν
3079 1625 3113 1696 ἢ
3152 1624 3420 1693 ἀλέκτορα
3477 1620 3747 1690 φωνῆσαι,
3791 1619 3885 1671 καὶ
3927 1619 4016 1670 τιν

2442 1718 2675 1790 ἀριθμὸν
2696 1716 2806 1771 τῶν
2839 1716 3142 1787 ἀρνήσεων,
3172 1715 3254 1768 ὅτι
3284 1715 3348 1767 εκ
3374 1711 3557 1783 τρίτου
3593 1711 3908 1781 ἀρνήσεται.

844 1889 1005 1945 Vsus.
1036 1890 1221 1946 55-36.
1255 1911 1273 1943 ι
1312 1891 1539 1947 Dicitilll
1566 1893 1758 1951 Petrus
1787 1918 1796 1951 :
1831 1897 2053 1952 Etiamsi
2089 1909 2341 1969 Oportue-
2369 1866 2415 1927 Β
2518 1914 2537 1947 ε

2321 1929 2341 1941 -
2369 1866 2415 1927 Β
2518 1914 2537 1947 ι
2577 1896 2743 1965 Λέγει
2776 1892 2924 1963 αύτῷ
2950 1892 2978 1944 6
3010 1892 3233 1960 Πέτρος·
3268 1889 3389 1942 Κᾶν
3417 1888 3517 1969 δέῃ,
3551 1904 3618 1957 με
3648 1884 3743 1937 σὺν
3769 1884 3852 1937 σοι
3882 1884 4018 1934 ἀποο

770 1978 843 2031 rit
880 1994 963 2033 me
986 1980 1119 2034 mori
1155 1990 1348 2046 tecum,
1376 1980 1685 2053 neutiquam
1722 1994 1771 2040 te
1808 1988 2030 2055 negabo.
2076 1988 2339 2045 Similiter

769 2080 948 2122 autem
979 2080 1032 2121 et
1060 2084 1247 2124 omnes
1268 2069 1512 2141 discipuli
1556 2073 1825 2129 dicebant.
1861 2074 2011 2131 Tunc
2080 2080 2222 2132 venit
2252 2078 2340 2133 Je-

768 2171 864 2212 sus
892 2173 1013 2212 cum
1070 2158 1175 2212 illis
1228 2160 1278 2213 in
1311 2162 1489 2215 villam
1544 2178 1665 2233 qua:
1704 2165 1902 2220 dicitur
1952 2168 2336 2234 Gelbsemane,

767 2259 821 2303 et
858 2250 989 2304 dixit
1020 2251 1331 2319 discipulis:
1368 2252 1561 2309 Sedete
1583 2256 1671 2327 hic
1695 2258 1865 2312 donec
1891 2260 2081 2333 vatiam
2108 2270 2160 2315 et
2188 2276 2335 2316 orem

770 2339 899 2396 illic.
936 2358 954 2393 ι
1000 2341 1188 2396 Petrus
1212 2345 1498 2413 genuinam
1534 2360 1684 2401 suam
1714 2347 2049 2404 aﬂ‘ectionetn
2068 2352 2341 2408 declarare

771 2432 976 2497 volens,
1007 2434 1607 2491 contradicitSulvatori
1644 2455 1657 2491 :
1693 2440 1950 2496 liberatus
1970 2444 2112 2496 enim
2150 2458 2179 2497 a
2209 2459 2335 2513 pro-

768 2523 986 2578 ditionis
1026 2535 1191 2588 metu,
1220 2538 1283 2579 ex
1318 2540 1511 2597 magno
1549 2544 1733 2585 amore
1764 2541 1817 2587 et
1841 2533 2130 2589 ambitione
2176 2540 2342 2607 erepit

764 2625 820 2669 et
847 2620 1034 2668 contra
1063 2612 1181 2668 illos
1209 2614 1510 2698 insurgere,
1554 2625 1610 2672 et
1641 2619 1859 2676 Christo
1906 2623 2157 2679 reluctari
2187 2642 2200 2679 :
2243 2628 2338 2682 sed

763 2712 820 2760 ct
846 2704 933 2758 alii
995 2704 1248 2773 discipuli
1302 2707 1537 2761 nondum
1607 2712 1811 2779 experti
1867 2715 2212 2781 tentationes,
2266 2731 2339 2772 ex

766 2797 1064 2867 ignorantia
1090 2797 1309 2866 polliciti
1344 2808 1470 2852 sunt
1511 2815 1630 2868 qua:
1688 2812 1944 2868 praestare
2001 2821 2105 2860 non
2145 2817 2336 2879 potue-

773 2900 919 2944 runt.
977 2888 1251 2942 Transivit
1288 2900 1463 2945 autem
1502 2891 1746 2949 Christus
1779 2893 1831 2948 in
1875 2895 2055 2951 locum
2096 2912 2338 2954 seorsum

768 2991 1041 3036 oraturus.
1084 2980 1209 3037 Otio
1256 2982 1396 3036 enim
1426 2991 1477 3039 et
1510 2986 1931 3055 sequestratione
1962 3003 2098 3059 opus
2144 2992 2342 3047 habent

764 3090 971 3143 preces.

2440 1987 2641 2053 θανεῖν,
2674 1988 2733 2041 οὐ
2767 1986 2841 2056 μή
2878 2000 2935 2037 σε
2963 1984 3390 2053 ἀπαρνήσωμαι.
3419 1978 3653 2050 Ὁμοίως
3680 1978 3737 2031 όὶ
3766 1978 3859 2030 καὶ
3883 1976 4017 2029 πάνυ

2438 2097 2529 2143 τες
2559 2080 2607 2130 oi
2643 2077 2883 2149 μαθηταὶ
2933 2072 3104 2129 εῐπον.
3155 2074 3288 2128 Τότε
3341 2073 3561 2143 ἔρχεται
3615 2073 3730 2154 μετ’
3779 2069 3960 2122 αὐτῶν
3989 2068 4017 2119 6

2450 2170 2657 2240 Ἰησοῦς
2685 2171 2765 2232 είς
2797 2169 2994 2239 χωρίον
3039 2168 3327 2236 λεγόμενον
3365 2166 3713 2233 Γεθσημανὴ,
3746 2162 3841 2215 καὶ
3867 2161 4016 2228 λέγει

2436 2264 2551 2324 τοῖς
2598 2256 2866 2333 μαθηταῖς
2893 2276 2908 2291 ο
2964 2259 3239 2313 Καθίσατε
3279 2256 3466 2321 αὑτοῦ,
3503 2256 3608 2318 ἕως
3654 2248 3715 2308 οὗ
3762 2250 4016 2307 ἀπελθὼν

2438 2352 2805 2426 προσεύξομαι
2838 2352 2969 2404 ἐκεῖ.
3002 2369 3019 2400 ι
3060 2348 3119 2405 Ὀ
3151 2348 3353 2418 Πέτρος
3379 2347 3547 2401 θέλων
3576 2343 3910 2409 ἐνδείξασθαι
3937 2344 4017 2395 ὅτι

2438 2446 2666 2513 γνησίαν
2701 2443 2812 2511 εχει
2844 2441 3100 2503 διάθεσιν,
3148 2438 3419 2504 ἀντιλέγει
3449 2436 3527 2502 τῷ
3573 2436 3807 2504 Σωτῆρι·
3835 2434 4015 2487 ἀπαλ-

2439 2536 2622 2603 λαγεὶς
2652 2535 2760 2604 γὰρ
2786 2530 2878 2584 τοῦ
2902 2532 2989 2584 διά
3022 2529 3120 2601 τὴν
3149 2528 3448 2597 προδοσίαῦ
3490 2525 3677 2594 φόϐου,
3718 2526 3781 2576 ιιι
3813 2522 4016 2590 πολλῆς

2438 2627 2660 2696 ἀγάπης
2685 2628 2777 2678 καὶ
2807 2623 3113 2696 φιλοτιμίας
3156 2622 3357 2693 ήρξατο
3394 2619 3487 2671 καὶ
3511 2616 3640 2672 ,τῶν
3670 2615 3846 2669 ἀλλων
3884 2630 4016 2667 διατ-

2438 2716 2843 2782 εξανίστασθαι,
2907 2714 3003 2769 καὶ
3051 2715 3128 2785 τῷ
3178 2710 3402 2783 Χριστῷ
3448 2706 3843 2764 ἀνθίστασθαι⁶
3883 2704 4016 2757 ἀλλά

2438 2812 2534 2866 καὶ
2554 2813 2604 2863 oi
2638 2811 2812 2862 λοιποὶ
2836 2808 3078 2879 μαθηταὶ
3125 2806 3234 2859 ἀπὸ
3263 2802 3486 2873 ἀγνοίας
3523 2798 3880 2871 ὑπισχνοῦντο
3908 2797 4018 2867 πρὸ

2438 2903 2540 2973 τῆς
2562 2902 2669 2955 τῶν
2693 2900 3012 2971 πειρασμῶν
3040 2898 3257 2967 πείρας,
3283 2896 3318 2950 ἀ
3343 2896 3443 2949 οὐκ
3460 2893 3685 2965 ῑμελλον
3708 2889 4016 2945 τελειῶσαι.

2452 2994 2779 3064 ’Δπέρχεται
2806 2992 2863 3045 δὲ
2899 2991 3003 3063 ίδίᾳ
3051 2988 3504 3060 προσευξόμενος.
3546 2984 3751 3056 Σχολῆς
3785 2985 3893 3054 γάρ
3924 2983 4021 3036 καὶ

2443 3085 2697 3155 ίδιασμοῦ
2732 3085 2899 3137 δεῖται
2928 3084 2961 3153 ή
2992 3083 3289 3153 προσευχὴ.

849 3166 1009 3265 Vsus.
1050 3170 1236 3227 57-39.
1290 3194 1307 3225 ι
1360 3174 1423 3229 Ει
1472 3182 1749 3243 assumpto
1798 3174 1957 3229 Petro
2023 3187 2079 3230 et
2134 3176 2412 3265 duobusc
2519 3199 2537 3232 ι

2323 3191 2339 3229 3
2365 3204 2412 3265 ο
2519 3199 2537 3232 ι
2574 3181 2682 3233 Καὶ
2714 3174 3049 3247 παραλαθὼν
3073 3174 3165 3228 τὸν
3211 3174 3414 3243 Πέτρον
3446 3173 3539 3225 καὶ
3567 3171 3693 3235 τοὺς
3745 3168 3839 3223 δύο
3867 3170 4020 3231 υίοὺς

769 3258 897 3314 filiis
958 3260 1222 3327 Zebeda‘i,
1254 3267 1416 3334 cmpit
1448 3266 1583 3319 affici
1638 3268 1818 3321 dolore
1856 3282 1918 3322 ac
1950 3267 2337 3322 mmstitudine.

770 3350 921 3406 Tune
946 3352 1075 3408 dicit
1114 3356 1217 3412 illis
1247 3356 1425 3422 Jesus,
1452 3358 1647 3413 Tristis
1680 3369 1759 3412 est
1816 3360 1994 3413 anima
2038 3374 2151 3413 mea
2172 3376 2341 3429 usque

767 3444 833 3497 ad
897 3455 1146 3501 mortem.
1192 3446 1407 3503 Maneto
1454 3449 1563 3512 hic,
1597 3462 1649 3503 et
1703 3452 1921 3520 vigilate
1979 3467 2208 3507 mecum.
2278 3453 2343 3507 Et

767 3550 1086 3605 progressus
1134 3534 1408 3606 pusillum,
1496 3541 1725 3609 procidit
1790 3542 1842 3595 in
1915 3542 2105 3596 faciem
2165 3557 2341 3609 suam,

769 3640 932 3680 orans
960 3635 1015 3680 et
1043 3627 1223 3683 dicens
1261 3646 1273 3683 :
1300 3628 1460 3683 Pater
1486 3632 1580 3695 mi,
1620 3632 1663 3686 si
1690 3634 1946 3699 possibile
1972 3641 2074 3697 est,
2106 3642 2344 3688 transeat

770 3730 800 3769 a
829 3732 914 3772 me
942 3718 1081 3773 calix
1136 3719 1257 3775 iste.
1310 3719 1693 3778 Verumtamen
1740 3739 1847 3778 non
1892 3724 2036 3778 sicut
2074 3737 2176 3793 ego
2200 3725 2343 3788 volo,

772 3808 867 3864 sed
897 3809 1037 3865 sicut
1063 3818 1140 3865 tu.
1175 3830 1195 3865 ι
1234 3811 1351 3866 Νοιι
1381 3828 1571 3867 omnes
1626 3814 1848 3869 assumit
1905 3816 2217 3884 discipulos,
2249 3817 2344 3870 sed

773 3911 885 3956 tres
914 3910 1140 3969 tantum,
1175 3904 1373 3973 quibus
1418 3905 1730 3961 ostenderat
1784 3906 2009 3975 gloriam
2056 3907 2110 3961 in
2156 3915 2341 3959 monte

770 3991 1131 4051 'l’babor:ne
1153 4011 1274 4052 cum
1322 3996 1737 4052 vldissentetttn
1792 4010 2035 4052 orantem
2092 4004 2146 4050 et
2204 3996 2347 4052 labo-

771 4096 1002 4153 rantem,
1057 4087 1578 4143 scandalizarentur.
1613 4090 1881 4144 Ceterum
1913 4095 1963 4142 et
2023 4089 2143 4143 illos
2177 4089 2344 4142 relin-

769 4179 913 4249 quit,
938 4189 991 4234 ct
1025 4179 1211 4234 abitin
1246 4180 1666 4235 secretissimum
1697 4179 1895 4244 locum,
1926 4194 1989 4233 ac
2010 4188 2147 4233 orat.
2175 4178 2346 4234 Porro

772 4270 915 4343 quod
941 4277 1165 4325 maestus
1189 4280 1272 4325 est
1299 4278 1355 4324 et
1404 4269 1590 4325 dolore
1631 4269 1881 4331 afficitur.
1938 4285 2033 4339 per
2061 4270 2346 4340 dispensa-

775 4362 976 4417 tionem
1009 4361 1195 4427 flebat,
1233 4370 1290 4414 ut
1343 4363 1597 4415 credatur
1651 4375 1812 4416 verus
1845 4376 1967 4416 esse
2005 4362 2185 4417 homo.
2228 4363 2345 4416 Hu-

773 4469 945 4509 mana:
972 4455 1115 4508 enim
1161 4462 1367 4508 naturae
1406 4463 1489 4508 est
1531 4454 1722 4509 timere
1762 4465 2011 4518 mortem,
2073 4470 2139 4509 eo
2198 4454 2341 4523 quod

776 4543 938 4615 ιω
980 4555 1174 4614 praeter
1209 4553 1458 4597 naturam
1490 4544 1727 4615 ingressa
1781 4554 1864 4598 est
1899 4558 2068 4609 mors,
2098 4556 2151 4597 et
2180 4559 2341 4614 prop-
2372 4534 2417 4589 Ι)

782 4646 925 4689 terea
950 4635 1092 4687 illam
1134 4635 1265 4703 fugit
1306 4643 1520 4698 natura,
1552 4636 1681 4688 item
1715 4642 1775 4687 ιιι
1827 4636 2037 4702 ignoret
2078 4635 2343 4699 diabolus,

771 4732 831 4777 et
865 4723 1081 4778 invadat
1120 4737 1242 4777 eum
1271 4733 1331 4777 ut
1368 4738 1561 4791 purum
1598 4723 1890 4783 hominem,
1931 4738 2037 4793 quo
2074 4734 2243 4778 morte
2267 4724 2345 4792 ip-

768 4830 890 4869 sum
920 4814 1189 4879 conficiat,
1216 4824 1271 4869 et
1297 4815 1377 4869 sic
1408 4824 1743 4869 conteratur.
1777 4812 1868 4869 Vel
1912 4815 2089 4878 aliter,
2128 4814 2183 4869 Si
2243 4815 2350 4869 Do-

775 4908 953 4961 minus
980 4908 1031 4961 in
1063 4918 1287 4960 mortem
1321 4906 1621 4969 insiliisset,
1661 4908 1901 4961 dedisset
1954 4906 2154 4961 .Inda-is
2180 4922 2348 4962 exeu-

772 4999 1033 5053 sationem
1072 4998 1212 5068 quod
1272 5013 1374 5052 non
1408 5010 1745 5065 peccassent,
1768 5000 1911 5068 quod
1946 5000 2019 5052 ita
2051 5000 2185 5053 citra
2226 5015 2339 5053 me-

776 5098 889 5146 tum
928 5090 990 5143 ad
1015 5103 1239 5143 mortem
1274 5089 1619 5159 prosiliisset.
1648 5088 1724 5142 Ex
1770 5092 1870 5145 hoc
1908 5092 2033 5145 item
2090 5091 2347 5146 discimus

774 5196 842 5237 ne
873 5196 970 5235 nos
996 5180 1090 5248 ipsi
1123 5180 1175 5234 in
1203 5180 1549 5233 tentationem
1582 5180 1903 5247 injiciamus,
1941 5182 2035 5236 sed
2066 5197 2350 5251 precemur

773 5284 830 5327 ιιι
862 5274 1147 5327 liberemur
1170 5273 1235 5325 ab
1264 5272 1363 5325 eis.
1400 5271 1463 5324 Et
1491 5281 1765 5340 propterea
1796 5290 1902 5328 non
1960 5274 2115 5343 longa
2142 5274 2351 5331 distan-

776 5364 846 5417 tia
879 5380 905 5415 a
935 5363 1210 5431 discipulis
1280 5362 1641 5431 progreditur,
1681 5365 1773 5417 sed
1833 5379 1997 5434 prope
2028 5376 2137 5420 tres
2178 5366 2345 5420 disci-

774 5456 930 5524 pulos
967 5465 1170 5515 manet,
1204 5463 1260 5506 ιιι
1288 5456 1573 5508 audientes
1605 5470 1724 5506 eum
1766 5471 2034 5511 memores
2073 5458 2182 5512 sint
2214 5466 2271 5511 ut
2294 5464 2347 5511 et

775 5547 875 5612 ipsi
905 5548 955 5599 itt
988 5546 1370 5601 tentationihus
1401 5546 1601 5614 delapsi
1632 5556 1919 5614 precentur
1940 5549 2213 5602 similiter.
2242 5547 2346 5603 Ca—

774 5634 931 5689 licem
961 5650 1084 5690 vero
1121 5637 1418 5703 passionem
1446 5636 1708 5702 nominat,
1738 5636 1817 5689 vel
1851 5650 2064 5707 propter
2096 5655 2344 5693 somnum

774 5743 936 5795 quem
964 5728 1111 5793 facit,
1135 5729 1214 5782 vel
1242 5730 1380 5797 quod
1418 5728 1615 5782 latitia":
1639 5744 1796 5781 causa
1831 5730 1981 5783 sitae
2019 5741 2214 5786 nostrae
2254 5749 2343 5786 sa-

770 5819 924 5875 lutis.
960 5819 1080 5874 Vult
1113 5831 1291 5874 autem
1356 5819 1634 5875 transferri
1663 5818 1905 5884 calicum,
1941 5823 2021 5877 vel
2074 5834 2130 5879 ut
2196 5842 2347 5880 mou-

2434 5824 2642 5893 πηρίας
2688 5828 2820 5895 ἡμῖν
2858 5826 3073 5894 ἐγένετο
3102 5846 3115 5859 ο
3146 5827 3289 5881 θέλει
3332 5829 3389 5881 δὲ

2445 3270 2756 3335 Ζεϐεδαίου,
2799 3267 3001 3339 ήρξατο
3042 3264 3332 3319 λυπεῖσθαι
3382 3267 3477 3317 καὶ
3526 3264 3819 3333 ἀδημονεῖν
3851 3278 3865 3290 ·
3895 3259 4018 3312 τότε

2445 3365 2593 3433 λέγει
2612 3364 2792 3424 αὐτοῖς
2814 3378 2829 3393 ο
2859 3359 3167 3429 Περίλυπός
3192 3358 3391 3426 ιστινή
3422 3356 3567 3426 ψυχή
3600 3372 3701 3423 μου
3727 3354 3833 3417 ῐως
3858 3353 4022 3409 θανά-

2441 3471 2576 3511 του·
2616 3454 2835 3522 μείνατε
2877 3449 2979 3505 ῶδε
3019 3451 3112 3503 καὶ
3160 3450 3481 3519 γρηγορεῖτε
3534 3446 3651 3517 μετ’
3700 3445 3875 3516 ιμοῦ·
3927 3444 4023 3498 καὶ

2446 3542 2722 3614 προελθὼν
2750 3540 2964 3611 μικρὸν,
2991 3539 3182 3591 ἔπεσεν
3209 3536 3303 3589 επὶ
3333 3536 3621 3608 πρόσωπον
3641 3534 3828 3599 αὐτοῦ,
3853 3550 4025 3605 προσ-

2447 3634 2742 3703 ευχόμενος
2778 3634 2873 3684 καὶ
2912 3632 3084 3699 λέγων
3106 3644 3121 3659 ⁸
3156 3628 3339 3699 Πάτερ
3370 3646 3496 3698 μου,
3527 3630 3576 3681 εἰ
3602 3628 3827 3680 δυνατόν
3882 3629 4022 3691 εστι,

2448 3721 2767 3793 παρελθέτω
2795 3720 2892 3774 ἀπ’
2914 3719 3047 3789 tuo?»
3076 3720 3139 3773 τὸ
3163 3718 3423 3789 ποτήριον
3446 3718 3623 3771 τοῦτο.
3656 3717 3801 3787 Πλὴν
3823 3717 3924 3788 οὐχ
3946 3717 4023 3780 ὡς

2446 3811 2558 3879 εγὼ
2594 3811 2754 3877 θέλω,
2782 3811 2899 3864 ἀλλ’
2942 3810 3017 3873 ὡς
3060 3809 3145 3865 σύ.
3180 3830 3197 3861 ι
3228 3810 3302 3862 Οὐ
3351 3810 3561 3869 πάντας
3605 3809 4027 3879 παραλαμϐάνει

2446 3886 2874 3974 τοὺςμαθητάς,
2916 3900 3053 3955 ἀλλά
3083 3902 3210 3965 τοὺς
3237 3903 3386 3972 τρεῖς
3420 3897 3501 3966 οἷς
3534 3900 3703 3967 ιδειξε
3736 3903 3836 3973 τὴν
3862 3903 4025 3968 δόξαν

2446 3997 2505 4049 έν
2532 3995 2613 4066 τῷ
2641 3992 2863 4062 Θαδὼρ,
2904 3992 2991 4047 ῖνα
3027 3993 3103 4063 μὴ
3140 3992 3339 4056 ίδόντες
3381 3992 3545 4047 αὐτὸν
3592 3994 4030 4064 προσευχόμενον

2450 4088 2543 4143 καὶ
2567 4084 2963 4157 ἀδημονοῦντα,
3000 4086 3488 4141 σιιανδαλισθῶσιν·
3518 4088 3665 4157 ὅμως
3691 4086 3748 4139 δὲ
3774 4088 3867 4139 καὶ
3896 4084 4029 4136 τού-

2448 4201 2574 4246 τους
2612 4184 2838 4254 ἀφίησι,
2878 4181 2973 4234 καὶ
3011 4178 3261 4232 ἀπελθὼν
3312 4180 3581 4235 ίδιαίτατα
3626 4179 4026 4248 προσεύχεταιο

2448 4273 2807 4345 οίιιονομιιιῶς
2839 4273 2895 4325 δὲ
2921 4271 3171 4323 λυπεῖται
3196 4271 3289 4323 καὶ
3322 4271 3606 4339 ἀδημονεῖ,
3634 4270 3786 4330 ὅπως
3819 4268 4027 4322 πιστώο

2450 4382 2610 4435 σηται
2630 4366 2712 4417 ὅτι
2746 4362 2962 4432 ἀληθῶς
2985 4362 3270 4432 ἄνθρωπος
3299 4358 3384 4431 ἦν.
3409 4362 3521 4429 Τῆς
3551 4362 3659 4432 γάρ
3678 4360 4033 4430 ἀνθρωπίνης

2449 4457 2663 4527 φύσεως
2695 4456 2755 4508 τὸ
2801 4455 3004 4526 δειλιᾷν
3058 4454 3307 4508 θάνατον·
3343 4454 3477 4507 διότι
3526 4455 3622 4506 καὶ
3664 4453 3817 4521 παρά
3865 4452 4033 4521 φύσιν

2446 4549 2695 4619 είσῆλθεν
2727 4550 2754 4600 ό
2788 4548 3038 4610 θάνατος,
3093 4548 3187 4599 καὶ
3232 4545 3320 4599 διά
3366 4544 3525 4598 τοῦτο
3558 4547 3591 4614 ἠ
3624 4546 3786 4613 φύσις
3834 4544 4033 4612 φεύγει

2446 4640 2633 4694 τοῦτον
2654 4656 2667 4669 °
2694 4639 2809 4706 ἀμα
2829 4638 2883 4691 δὲ
2911 4638 2999 4690 ῖνα
3021 4637 3117 4690 καὶ
3139 4636 3275 4706 λάθῃ
3306 4637 3397 4688 τὸν
3426 4636 3690 4699 διάϐολον,
3712 4636 3809 4689 καὶ.
3830 4637 4036 4704 ἐπιπη-

2445 4734 2582 4804 δήοῃ
2612 4732 2759 4802 αὐτῷ
2790 4731 2863 4795 ὡς
2894 4730 3035 4799 ψιλῷ
3077 4729 3369 4799 ἀνθρώπῳ,
3400 4728 3541 4782 ὥστε
3587 4727 3900 4783 θανατῶσαι
3928 4728 4038 4781 αύο

2445 4829 2558 4892 τὸν,
2591 4829 2688 4883 καὶ
2720 4826 2864 4880 οὕτω
2902 4825 3183 4897 συντριϐῇ.
3238 4825 3449 4888 Ἄλλως
3484 4842 3565 4889 τε,
3604 4826 3665 4878 El
3710 4826 4035 4894 ἐπεπήδησε

2446 4919 2527 4991 τῷ
2572 4920 2786 4990 θανάτῳ
2829 4919 2858 4971 6
2913 4917 3137 4989 Κύριος,
3195 4916 3397 4971 ἔδωκεν
3454 4918 3520 4971 ἂν
3581 4920 3690 4979 τοῖς
3747 4915 4036 4979 Ἰουδαίοις

2448 5012 2767 5080 ἀπολογίαν,
2800 5010 2875 5074 ὡς
2906 5012 3003 5079 οὐχ
3034 5009 3284 5079 ἥμαρτον
3332 5010 3754 5072 ἀποκτείναντες
3775 5009 3869 5061 τὸν
3900 5010 4031 5061 ἐπι-

2448 5098 2767 5170 πηδήσαντα
2788 5098 2864 5167 τῷ
2892 5098 3076 5155 πάθει.
3111 5097 3208 5151 Ἐκ
3249 5098 3439 5152 τούτου
3470 5099 3529 5152 δὲ
3562 5099 3906 5169 μανθάνομεν
3936 5102 4036 5152 καὶ

2449 5189 2604 5241 αὐτοὶ
2633 5188 2708 5258 μὴ
2748 5188 3094 5259 έπιρῤίπτειν
3122 5189 3349 5251 ἑαυτοὺς
3392 5191 3472 5252 είς
3512 5189 3878 5260 πειρασμοὺς,
3913 5190 4034 5242 ἀλλ’

2449 5278 2701 5348 εὔχεσθαι
2730 5278 2992 5349 ρυσθῆναι
3022 5282 3086 5332 εκ
3112 5279 3316 5332 τούτων
3338 5296 3351 5309 ο
3387 5280 3473 5333 διὰ
3501 5280 3660 5334 τοῦτο
3694 5282 3802 5351 γάρ
3836 5284 3933 5334 καὶ
3965 5283 4034 5335 οὐ

2451 5370 2582 5422 πολὺ
2643 5370 3037 5440 παρεξέρχεται
3085 5370 3392 5440 διάστημα,
3446 5372 3583 5426 ἀλλά
3636 5372 3866 5442 πλησίον
3919 5374 4034 5425 τῶν

2449 5461 2615 5529 τριῶν
2664 5460 2942 5530 μαθητῶν,
2990 5462 3075 5513 ἴνα
3134 5462 3423 5526 ἀκούοντες
3480 5463 3667 5527 αὑτοῦ,
3713 5466 4038 5534 μνήσωνται

2451 5555 2541 5605 καὶ
2590 5554 2743 5605 αὐτοὶ
2788 5557 3115 5623 πειρασμοῖς
3168 5556 3579 5624 περιπεσόντες,
3614 5558 3704 5608 καὶ
3750 5558 3820 5609 τὰ
3867 5559 4038 5627 ὃμοια

2450 5644 2740 5708 εὖξωνται·
2770 5649 3027 5715 ποτήριον
3059 5647 3113 5699 δὲ
3142 5648 3399 5716 ὀνομάζει
3432 5650 3490 5699 ea
3534 5649 3726 5711 πάθος,
3756 5649 3789 5721 ἢ
3818 5650 3909 5701 διὰ
3940 5649 4038 5703 τὸν

2449 5738 2512 5790 ὲκ
2541 5738 2731 5790 τούτου
2762 5738 2947 5799 ὓπνον,
2981 5738 3011 5807 ἦ
3043 5740 3173 5792 διότι
3225 5740 3565 5810 εὐφροσύνης
3604 5742 3777 5793 αἴτιον
3802 5742 3895 5793 καὶ
3926 5758 4038 5793 σω-

3441 5829 3924 5901 παραὸιόασθῆναι
3970 5833 4036 5883 τὸ
