4298 6446
744 401 848 466 651

1590 389 2175 456 THEOPHYLACTI
2214 385 2628 451 BULGARI/E
2662 384 3031 450 ARCHIEP.

3883 388 3996 451 452

743 512 836 581 qui
882 525 965 566 me
996 510 1191 565 tradet.
1225 526 1245 559 s
1275 504 1580 561 Ostcndcns
1633 504 1773 572 quod
1802 519 1905 558 non
1940 517 2093 572 opus.
2118 502 2316 556 habeat
2344 502 2393 563 Α
2425 518 2440 569 ι

2301 509 2316 554 ι
2344 502 2393 563 Α
2425 516 2546 569 μιν,
2579 500 2689 552 ίδοὺ
2716 501 2946 569 ἡγγικεν
2983 497 3012 548 6
3056 493 3379 563 παραδιδούς
3412 514 3501 566 με.
3536 516 3554 549 ι
3589 497 3883 562 Δεικνύων,
3914 502 3998 556 δτι

745 603 961 656 illorum
984 598 1230 654 subsidio
1272 596 1490 665 quando
1545 596 1613 647 sit
1667 592 1985 653 tradendus,
2012 591 2150 645 dicit
2175 590 2316 645 illis:

746 692 986 747 Dormite
1016 703 1176 742 nunc.
1214 684 1304 740 Vel
1326 701 1421 755 per
1444 684 1669 738 ironiam
1718 685 1822 736 hoc
1843 682 2005 745 dixit,
2061 680 2215 749 quasi
2247 683 2321 733 ita

749 785 952 837 diceret
993 798 1007 835 :
1038 780 1175 833 Ecce
1210 777 1651 846 appropinquavit
1693 774 1959 842 proditor.
1989 782 2044 827 et
2067 774 2111 827 si
2140 772 2320 840 placet

747 873 917 934 vobis,
950 879 1003 925 et
1038 870 1299 939 permittit
1349 878 1578 932 tempus.
1612 866 1871 919 dormite.
1899 864 2114 918 Excitat
2155 862 2319 932 igitur

748 965 867 1018 illos
899 979 927 1016 a
966 964 1083 1016 loco
1116 962 1205 1014 illo
1227 959 1315 1013 ubi
1336 959 1549 1023 orabat,
1583 967 1637 1011 et
1677 958 1883 1031 accedit
1907 956 1974 1010 ad
2004 969 2097 1009 eos
2118 955 2207 1022 qtti
2241 955 2322 1023 ip-

749 1071 869 1112 Sttm
921 1052 1373 1121 conttprehettsnri
1394 1060 1569 1115 erant,
1598 1062 1652 1105 et
1680 1050 2019 1104 occurriteis
2044 1047 2197 1116 quasi
2228 1046 2321 1100 la-

750 1159 859 1200 tutn
914 1146 1185 1214 quidpiam
1227 1143 1327 1196 sibi
1393 1143 1627 1196 oblaturi
1688 1141 1953 1196 venirent.
1990 1139 2080 1193 Sic
2127 1147 2181 1192 et
2229 1136 2319 1191 illa

747 1254 862 1306 qua)
896 1246 1144 1305 pret-atus
1191 1246 1293 1298 est,
1323 1244 1574 1305 precatus
1610 1240 1698 1288 est
1744 1243 1800 1286 ut
1835 1228 2149 1287 credibilior
2179 1239 2320 1286 esset

746 1328 1098 1395 dispensatio,
1141 1335 1192 1379 et
1242 1326 1381 1393 quod
1416 1325 1674 1379 voluisset
1734 1336 1839 1378 non
1875 1323 2008 1392 pati,
2048 1332 2318 1377 utserva-

748 1430 935 1470 rentur
1010 1415 1214 1469 Hebra-i
1244 1429 1272 1467 ι
1332 1414 1659 1482 perditione,
1706 1428 1825 1482 qua
1880 1413 1958 1465 eis
2004 1412 2320 1466 imminebat

749 1520 963 1580 propter
989 1518 1265 1577 peccatum
1311 1504 1453 1575 quod
1492 1505 1544 1559 in
1588 1506 1757 1575 ipsum
1821 1509 1975 1559 erant
2049 1512 2319 1572 perpetra-

752 1614 875 1656 ιυΓι.

816 1778 975 1833 Vatis.
1008 1778 1201 1834 47-50.
1231 1796 1250 1829 ι
1312 1777 1374 1830 Et
1392 1748 1489 1830 illo
1520 1775 1700 1829 adhuc
1761 1774 2035 1843 loquente,
2065 1785 2191 1827 ecce
2220 1770 2319 1826 Ju-

2422 593 2488 645 οὑ
2521 592 2710 661 χρείαν
2740 590 2853 660 εχει
2883 591 2979 659 τῆς
3009 589 3141 658 παρ’
3166 588 3346 642 αὐτῶν
3376 588 3715 659 ἐπικουρίας,
3743 590 3833 643 ὅτε
3870 592 3998 661 μέλ-

2418 682 2501 735 λει
2534 682 2930 750 παραδοθῆναι,
2978 681 3146 749 φησὶν
3187 680 3402 743 αὐτοῖς’
3438 681 3743 734 Καθεύδετε
3796 681 3859 735 τδ
3892 682 4000 735 λοι-

2421 773 2557 828 Ιιιόν·
2603 773 2636 843 ἢ
2683 774 2803 826 κατ’
2838 773 3122 841 είρωνείαν
3168 771 3328 825 τοῦτό
3379 789 3564 843 φησιν,
3602 774 3801 827 ὡσανεὶ
3841 773 4001 827 τοῦτο

2419 862 2626 933 λέγων’
2656 865 2786 918 Ἰδοὺ
2834 866 3063 935 ῆγγικεν
3116 866 3145 917 6
3196 864 3495 935 προδότης,
3550 867 3644 917 καὶ
3691 867 3739 917 εί
3778 866 4000 934 ἀρέσκει

2422 953 2571 1023 ὑμῖν,
2608 954 2705 1005 καὶ
2735 954 2962 1022 παρέχει
2990 954 3019 1005 6
3050 953 3259 1023 καιρὸς,
3297 953 3605 1007 καθεύδετε.
3648 954 3882 1024 Ἐγείρει
3906 952 4000 1008 οὖν

2424 1046 2622 1109 αὐτοὺς
2654 1046 2761 1099 ἀπὸ
2791 1044 2885 1098 τοῦ
2917 1046 3081 1098 τόπου
3111 1044 3321 1098 ἐκείνου
3348 1044 3475 1098 ἔνθα
3507 1045 3874 1115 προσηύχετο,
3906 1045 4002 1099 καὶ

2424 1137 2786 1209 προσέρχεται
2841 1138 2955 1198 τοῖς
3010 1137 3294 1205 μέλλουσιν
3341 1135 3504 1189 αὐτόν
3552 1137 3854 1203 συλλαϐεῖν,
3905 1138 4001 1189 καὶ

2422 1228 2783 1300 προσυπαντᾷ
2811 1226 3013 1293 αὐτοῖς,
3044 1228 3117 1291 ὡς
3148 1245 3199 1280 τι
3230 1228 3560 1297 εύφρόσυνον
3592 1228 3844 1298 μέλλουσι
3874 1226 3999 1281 δού-

2419 1336 2511 1377 ναι
2544 1322 2717 1391 αὐτῷ.
2750 1319 2906 1373 Οὕτω
2933 1321 3025 1373 καὶ
3056 1322 3235 1374 ἐκεῖνα
3271 1320 3308 1375 ἃ
3337 1320 3553 1391 ηύχετο,
3590 1320 3679 1373 διά
3704 1321 3765 1374 τὸ
3791 1318 4001 1372 πιστώ-

2425 1411 2625 1465 σασθαι
2652 1409 2748 1481 τὴν
2775 1410 3089 1481 οἰκονομίαν
3113 1411 3332 1482 ηὔχετο,
3367 1413 3463 1465 καὶ
3488 1411 3655 1465 θέλων
3678 1411 3753 1480 μὴ
3782 1411 3999 1476 παθεῖν,

2424 1503 2514 1557 ῐνα
2549 1502 2959 1574 συντηρηθῶσιν
2990 1505 3040 1557 οι
3103 1503 3341 1574 Ἑϐραῖοι
3392 1505 3457 1558 ὲκ
3502 1506 3600 1573 τῆς
3632 1502 3928 1566 ἀπωλείας,
3962 1502 3997 1572 ἢ

2421 1595 2617 1666 ἔμελλε
2647 1594 3057 1665 καταλήψεσθαι
3080 1596 3278 1659 αὐτοὺς
3298 1596 3386 1650 διά
3411 1594 3509 1663 τὴν
3532 1597 3611 1659 είς
3631 1596 3792 1648 αὑτὸν
3821 1596 4003 1666 ἀμαρο

2419 1689 2561 1740 τίαν.

2500 1794 2519 1828 ι
2553 1776 2665 1830 Καὶ
2693 1776 2773 1829 ἔτι
2804 1776 2971 1830 αὑτοῦ
3012 1775 3321 1841 λαλοῦντος,
3376 1775 3485 1829 ίδοὺ
3536 1775 3736 1840 Ἰούδας
3775 1771 3856 1841 εἷς
3892 1778 4003 1831 τῶν

745 1872 841 1925 tias
867 1887 1003 1925 unus
1032 1885 1095 1924 ex
1128 1869 1408 1923 duodecim
1443 1868 1610 1930 venit,
1646 1876 1700 1921 et
1726 1881 1847 1920 eum
1876 1880 1939 1920 eo
1967 1864 2123 1918 turba
2153 1860 2318 1917 multa
2348 1851 2394 1910 Β
2421 1865 2442 1919 ὃ

2303 1875 2318 1914 t
2348 1851 2394 1910 8
2421 1863 2626 1919 δώδεκα
2650 1861 2801 1936 ἦλθε,
2838 1865 2931 1919 καλ⁵
2978 1865 3095 1935 μετ’
3126 1864 3290 1918 αὑτοῦ
3333 1866 3491 1935 δχλος
3524 1866 3691 1930 πολὺς
3726 1869 3863 1935 μετά
3900 1885 4000 1939 μα-

747 1978 867 2017 cum
905 1962 1094 2033 gladiis
1137 1972 1190 2015 et
1223 1961 1475 2023 fustibus,
1512 1960 1660 2012 missi
1695 1975 1723 2011 a
1784 1955 2116 2025 principibus
2137 1967 2318 2009 sacer-

745 2055 925 2107 dotum
957 2064 1010 2105 et
1042 2052 1349 2106 senioribus
1423 2050 1621 2119 populi.
1657 2048 1705 2101 is
1747 2061 1875 2101 vero
1936 2048 2025 2113 qui
2074 2043 2319 2097 tradebat

743 2159 889 2203 enm,
924 2143 1068 2195 dedit
1092 2142 1195 2195 illis
1221 2140 1453 2210 signum,
1485 2139 1686 2193 dicens
1712 2155 1725 2191 :
1757 2136 2141 2204 Quemcunque
2161 2147 2318 2187 oscu-

744 2236 885 2289 latus
918 2233 1092 2298 luero,
1126 2235 1236 2301 ipse
1262 2243 1366 2293 est,
1392 2242 1568 2284 tenete
1603 2246 1746 2285 eum.
1805 2229 1870 2282 Et
1909 2226 2196 2282 confestim
2224 2239 2316 2278 uc-

740 2331 940 2382 cedens
961 2336 1025 2378 ad
1048 2325 1253 2390 Jesum,
1282 2326 1415 2377 dixit
1444 2342 1459 2377 :
1486 2325 1617 2387 Ave,
1650 2322 1841 2386 Rabbi,
1876 2318 2208 2375 ctosculatus
2234 2326 2320 2369 est

744 2434 887 2471 eum.
951 2417 1202 2480 Dixitque
1251 2416 1323 2469 illi
1370 2414 1529 2469 Jesus
1573 2416 1825 2475 :Amice,
1885 2414 1948 2466 ad
1990 2410 2117 2481 quid
2153 2408 2317 2464 ades?

746 2513 895 2568 Tunc
928 2522 1294 2575 accesserunt,
1318 2522 1371 2565 et
1396 2524 1586 2565 manus
1610 2512 1904 2577 injecerttnt
1942 2510 1994 2562 in
2022 2507 2226 2569 Jesnnt,
2258 2514 2314 2560 et

744 2615 1001 2671 ceperunt
1034 2619 1177 2656 eum.
1221 2622 1239 2654 ι
1308 2600 1469 2656 Vides
1534 2616 1681 2654 arma
1756 2600 2071 2670 pontificum
2132 2598 2311 2667 qualia

743 2694 889 2750 sint?
918 2693 1081 2761 Ligna
1113 2706 1165 2748 et
1196 2694 1376 2762 gladii.
1414 2692 1489 2748 Ita
1516 2703 1672 2748 erant
1700 2693 1930 2762 paciﬁci,
1962 2702 2016 2745 et
2062 2691 2308 2758 spititum

746 2787 1179 2839 mansuetudinis
1214 2785 1494 2839 habentes.
1527 2784 1675 2839 Unus
1704 2794 1880 2837 autem
1909 2799 1972 2837 ex
2008 2782 2309 2843 duodecim,

746 2877 883 2929 dixit
917 2874 1284 2945 Et'angelista,
1306 2876 1579 2929 admirans
1600 2875 1741 2943 quod
1772 2876 1897 2928 licet
1924 2890 1985 2927 ex
2039 2873 2227 2940 primis
2257 2882 2313 2926 et

744 2966 936 3021 electis
966 2977 1132 3031 esset,
1156 2966 1370 3020 diabolo
1404 2981 1461 3019 se
1489 2966 1727 3020 tradidit.
1759 2963 1935 3031 Unde,
1969 2965 2145 3029 homo,
2174 2974 2227 3018 et
2253 2972 2307 3016 tu

745 3052 893 3121 titn'e,
931 3059 1047 3112 licet
1083 3074 1147 3112 ex
1183 3057 1616 3112 familiarissimis
1648 3058 1747 3122 sis,
1784 3071 1847 3110 ne
1900 3070 2132 3124 unquam
2168 3056 2307 3109 desi-

743 3152 843 3204 dia}
895 3164 1053 3204 taces
1074 3161 1123 3202 cl
1159 3150 1396 3204 acidas.
1430 3149 1652 3219 Signum
1687 3159 1863 3203 autem
1921 3150 2064 3201 dedit
2115 3146 2305 3211 Iudas,

742 3258 807 3295 eo
853 3244 995 3311 quod
1022 3258 1119 3295 nox
1150 3252 1287 3306 erat,
1328 3252 1382 3296 et
1422 3256 1527 3295 non
1556 3251 1805 3309 poterunt
1838 3242 2221 3293 internoscere.
2251 3239 2314 3291 Et

743 3335 921 3395 aliter,
982 3332 1081 3396 Qui
1138 3342 1395 3386 venerant
1456 3332 1521 3383 ad
1568 3329 2153 3397 comprehendendum,
2207 3343 2311 3381 non

743 3433 898 3477 erant
928 3438 991 3475 ex
1030 3424 1180 3475 turba
1218 3432 1313 3485 tot,
1337 3430 1467 3490 quot
1503 3436 1567 3473 ex
1616 3421 1785 3473 servis
1850 3418 2187 3488 pontiﬁcum,
2220 3418 2310 3485 qui

742 3514 960 3567 otnnino
993 3512 1127 3566 forte
1158 3527 1259 3564 non
1280 3523 1640 3582 cognoverant
1668 3510 1870 3575 Jcsnm,
1899 3511 1991 3563 sed
2016 3508 2183 3562 Judas
2212 3516 2321 3561 no-'

745 3616 851 3656 tum
888 3606 1015 3657 facit
1046 3607 1123 3657 eis
1168 3602 1479 3673 Magistrum
1528 3603 1735 3657 osculo.
1796 3600 1929 3654 Nam
1972 3616 2100 3656 cum
2144 3601 2312 3655 sciret

745 3699 1039 3751 bonitatem
1066 3695 1296 3761 Domini,
1337 3694 1570 3749 audebat
1610 3695 1757 3749 illum
1790 3695 2043 3749 osculari.
2100 3693 2191 3747 Ille
2214 3708 2311 3745 au-

744 3801 848 3845 tem
876 3789 980 3844 fert
1010 3800 1185 3858 usque
1212 3788 1276 3843 ad
1307 3790 1655 3843 novissimam
1705 3788 1893 3840 horam
1942 3787 2162 3840 studens
2218 3800 2312 3839 sua

741 3881 1144 3952 longanimitate
1212 3880 1387 3932 illum:
1434 3879 1657 3933 lucrari.
1705 3878 1836 3932 Cum
1889 3891 2072 3930 autem
2139 3892 2313 3944 neque

739 3979 816 4028 sic
877 3973 1195 4026 emendatus
1248 3980 1352 4034 est,
1388 3981 1517 4024 tunc
1574 3969 1698 4025 fecit
1733 3971 1849 4023 illos
1878 3970 2090 4035 cadere,
2126 3984 2314 4038 quem-

736 4067 1021 4121 admodum
1090 4065 1217 4117 dicit
1262 4061 1524 4127 Joannes,
1600 4073 1659 4117 ut
1712 4063 1796 4116 vel
1849 4063 2092 4116 cadendo
2148 4078 2313 4132 agno-

737 4167 887 4210 scant
918 4155 1083 4223 ipsius
1116 4153 1388 4207 virtutem.
1426 4151 1575 4207 Unde
1608 4167 1729 4206 cum
1772 4167 1945 4220 neque
1982 4154 2057 4205 sic
2084 4152 2310 4205 destite-

739 4249 845 4301 rint
875 4261 1022 4300 asua
1055 4247 1379 4306 temeritate,
1432 4254 1557 4299 tunc
1601 4245 1955 4314 semetipsum
2008 4245 2088 4299 eis
2141 4259 2311 4311 expo-

737 4341 863 4396 suit.
892 4340 1084 4395 Judam
1131 4346 1309 4393 autem
1350 4339 1579 4391 atnicmn
1631 4346 1806 4399 vocat,
1863 4338 2140 4391 incessens
2163 4351 2307 4403 eum,

736 4444 784 4486 et
820 4448 1046 4504 carpens
1082 4442 1340 4501 tanquam
1372 4429 1618 4483 videlicet
1677 4429 1835 4481 amici
1887 4427 2127 4480 osculum
2181 4441 2308 4494 prte-

2426 1957 2633 2027 χαιρῶν
2663 1955 2757 2010 καὶ
2788 1956 2979 2024 ξύλων,
3013 1956 3121 2009 ἀπὸ
3150 1955 3259 2009 τῶν
3307 1958 3610 2028 ἀρχιερέων
3638 1958 3733 2011 καὶ
3762 1960 4003 2029 πρεσϐυ-

2417 2052 2595 2118 τέρων
2638 2048 2732 2101 τοῦ
2778 2048 2927 2101 λαοῦ.
2980 2050 3038 2101 '0
3090 2048 3149 2101 δὲ
3196 2050 3524 2120 παραδιδοὺς
3570 2050 3755 2116 αὑτὸν,
3801 2050 4001 2105 ιδωκεν

2419 2140 2604 2203 αὐτοῖς
2634 2142 2879 2210 σημεῖον,
2917 2140 3089 2207 λέγων
3111 2156 3124 2170 ο
3163 2141 3257 2193 Ὃν
3285 2140 3352 2194 ἂν
3388 2141 3621 2206 φιλήσω,
3666 2143 3831 2210 αὐτός
3862 2146 4000 2207 ἐστι,

2416 2208 2730 2304 κρατήσατε
2752 2234 2933 2287 αὐτόν.
2964 2234 3074 2288 Καὶ
3104 2233 3304 2297 εὐθέως
3340 2233 3657 2302 προσελθὼν
3685 2208 3763 2304 τὰ)
3798 2235 3999 2305 Ἰησοῦ,

2417 2323 2536 2378 εἷπε
2562 2344 2575 2357 ·
2609 2327 2803 2393 Χαῖρε,
2851 2324 3068 2378 Ῥαϐϐί·
3112 2327 3204 2378 καὶ
3237 2326 3597 2394 κατεφίλησεν
3625 2326 3808 2381 αὐτόν.
3854 2326 3913 2380 '0
3946 2330 4001 2379 δὲ

2428 2416 2634 2486 Ἰησοῦς
2668 2412 2823 2469 εἶπεν
2877 2416 3028 2485 αὐτῷ
3063 2432 3077 2447 ο
3134 2417 3369 2486 Ἑταῖρε,
3412 2418 3497 2485 ἐφ’
3526 2409 3571 2485 ᾧ
3626 2420 3829 2485 πάρει;
3868 2418 4004 2472 Τότε

2429 2508 2843 2577 προσελθόντες,
2872 2509 3138 2562 ἐπέϐαλον
3182 2510 3280 2571 τάς
3320 2511 3506 2577 χεῖρας
3535 2510 3626 2562 ἐπὶ
3651 2510 3741 2563 τὸν
3769 2510 4001 2579 Ἰησοῦν,

2419 2602 2516 2653 καὶ
2566 2603 2881 2671 ἐκράτησαν
2932 2602 3115 2654 αὐτόν.
3146 2620 3164 2651 ι
3214 2602 3375 2671 Ὁρᾷς
3424 2602 3491 2655 τὰ
3542 2602 3651 2654 τῶν
3700 2602 4005 2672 ἀρχιερέων

2417 2692 2589 2761 σκεύη
2618 2709 2630 2755 ;
2664 2691 2811 2745 Ξύλα
2841 2692 2935 2744 καὶ
2976 2692 3263 2762 μάχαιραι.
3299 2689 3489 2755 Οὕτως
3531 2687 3672 2763 ἦσαν
3712 2692 4004 2763 εἰρηνικαὶ,

2416 2783 2588 2837 καὶτὸ
2616 2784 2832 2852 πνεῦμα
2857 2786 2950 2853 τῆς
2971 2783 3277 2852 πραότητος
3299 2781 3514 2852 ἔχοντες
3533 2800 3545 2813 ·
3572 2783 3631 2835 τὸ
3653 2784 3735 2848 δὲ,
3785 2779 3865 2846 εἷς
3896 2782 4005 2837 τῶν

2414 2876 2649 2941 δώδεκα,
2686 2870 2842 2927 εἶπεν
2873 2875 2900 2925 6
2923 2874 3334 2943 εὐαγγελιστὴς,
3365 2873 3684 2945 θαυμάζων,
3714 2876 3797 2928 ὅτι
3827 2875 4006 2929 καίτοι

2414 2966 2789 3034 ὲξειλεγμένος
2826 2965 2923 3031 ὢν,
2955 2965 3049 3018 καὶ
3079 2966 3218 3035 μετά
3247 2966 3357 3019 τῶν
3390 2968 3622 3038 πρώτων
3650 2967 4004 3037 ταττόμενος.

2414 3057 2562 3125 ὅμως
2586 3056 2665 3125 τῷ
2705 3056 2933 3126 διαϐόλῳ
2961 3056 3189 3109 δέδωκεν
3235 3058 3448 3110 ἑαυτόν.
3482 3058 3649 3111 Ὥστε
3684 3059 3779 3110 καὶ
3808 3057 3874 3110 σὺ
3906 3076 4005 3125 φο-

2416 3146 2539 3211 ϐοῦ,
2574 3150 2854 3218 ἄνθρωπε,
2888 3150 2992 3202 κᾶν
3033 3149 3146 3202 τῶν
3195 3150 3545 3204 οἰκειοτάτων
3594 3152 3731 3219 εῖης,
3788 3152 4005 3222 μήποτε

2416 3241 2891 3313 ἀπορῤαθυμήσας
2946 3242 3206 3313 ἐκπέσῃς.
3262 3244 3550 3314 Σύσσημον
3598 3245 3653 3297 δὲ
3708 3244 3925 3298 δίδωσιν
3976 3246 4005 3296 6

2428 3333 2647 3397 Ἰούδας,
2677 3334 2811 3386 διότι
2850 3333 2944 3385 καὶ
2969 3333 3064 3400 νὺξ
3096 3328 3183 3403 ἦν,
3219 3335 3311 3387 καὶ
3343 3336 3444 3388 οὐκ
3473 3336 3737 3404 ἠδύναντο
3764 3334 4002 3403 διαγνῶ-

2415 3439 2504 3476 ναι
2528 3438 2541 3453 ’
2579 3422 2754 3485 άλλως
2801 3438 2859 3473 τε
2890 3424 2982 3475 καὶ
3020 3425 3069 3476 οῖ
3123 3422 3366 3485 ἐλθόντες
3396 3424 3701 3489 συλλαϐεῖν,
3731 3424 3833 3477 οὐκ
3860 3419 4005 3495 ἦσαν

2412 3516 2476 3566 ὲκ
2524 3512 2615 3566 τοῦ
2667 3514 2825 3584 ὄχλου
2880 3515 3145 3580 τοσοῦτοι,
3193 3516 3307 3569 ὅσοι
3364 3518 3426 3568 ὲκ
3479 3516 3588 3569 τῶν
3648 3516 3853 3569 δούλων
3904 3516 4001 3569 τοῦ

2414 3604 2740 3673 ἀρχιερέως,
2767 3605 2815 3657 οῖ
2841 3606 2950 3659 οὐδ’
2976 3606 3112 3669 ὅλως
3142 3608 3283 3676 τάχα
3315 3608 3610 3679 ἐγνώριζον
3647 3608 3736 3661 τὸν
3768 3610 3999 3677 Ἰησοῦν.

2425 3694 2565 3747 Ἀλλ’
2599 3697 2627 3747 6
2672 3698 2920 3767 μαθητὴς
2975 3698 3230 3769 γνωρίζει
3292 3700 3478 3762 αὐτοῖς
3520 3701 3609 3753 τὸν
3652 3702 3996 3767 διδάσκαλον,

2412 3786 2477 3838 ὲκ
2520 3786 2611 3839 τοῦ
2671 3790 3024 3857 καταφιλεῖν·
3076 3790 3231 3852 εἰδὼς
3291 3792 3400 3861 γάρ
3436 3793 3536 3861 τὴν
3589 3790 4001 3864 φιλανθρωπίαν

2412 3876 2504 3929 τοῦ
2539 3879 2767 3949 Κυρίου,
2804 3880 3131 3950 θρασύνεται
3164 3882 3258 3934 καὶ
3298 3882 3549 3951 φιλῆσαι.
3581 3883 3641 3934 '0
3665 3883 3721 3936 δὲ
3748 3884 4000 3953 ἀνέχεται

2413 3966 2542 4039 ἄχρι
2571 3971 2664 4022 καὶ
2702 3972 2801 4039 τῆς
2845 3971 3163 4035 τελευταίας
3206 3972 3377 4042 ὥρας,
3417 3973 3732 4038 σπουδάζων
3766 3975 3855 4028 διὰ
3898 3976 3998 4046 τῆς

2415 4061 2799 4131 μακροθυμίας
2826 4064 2987 4116 αὑτὸν
3038 4065 3325 4134 κερδῆσαι.
3362 4066 3495 4117 Ὅτε
3546 4065 3605 4119 δὲ
3654 4066 3776 4118 οὐδὲ
3821 4065 3996 4131 οὕτως

2412 4150 2806 4223 ὲσωξρρονίσθη,
2852 4156 2973 4206 τότε
3010 4158 3152 4207 ποιεῖ
3187 4157 3385 4218 αὐτοὺς
3420 4158 3628 4220 πεσεῖν,
3662 4157 3737 4219 ὡς
3761 4159 3788 4209 6
3814 4158 3998 4210 Ἰωάν-

2412 4260 2509 4311 νης
2538 4244 2726 4312 φησὶν,
2773 4243 2859 4295 ἵνα
2894 4246 2998 4298 κᾶν
3050 4246 3137 4298 διὰ
3178 4246 3272 4299 τοῦ
3329 4250 3535 4313 πεσεῖν,
3588 4248 3853 4314 ὲπιγνῶσι
3895 4250 3995 4319 τὴν

2411 4334 2576 4387 αὑτοῦ
2624 4334 2887 4404 δύναμιν·
2936 4337 3011 4399 ὡς
3065 4338 3121 4390 δὲ
3163 4338 3274 4391 οὐδ’
3323 4338 3496 4401 οὕτως
3539 4340 3857 4405 ἀπέστησαν
3900 4343 3997 4409 τῆς

2411 4424 2771 4498 θρασύτητος,
2806 4428 2929 4481 τότε
2978 4430 3259 4483 ἐκδίδωσιν
3306 4432 3497 4484 ἑαυτόν
3522 4448 3536 4463 ο
3571 4433 3785 4501 ἑταῖρον
3817 4434 3873 4486 δὲ
3903 4435 3996 4489 τὸν

736 4529 970 4581 bentetn.
1023 4525 1174 4591 Quod
1238 4541 1363 4577 vero
1420 4524 1567 4587 dicit,
1606 4522 1683 4575 Ad
1716 4521 1841 4589 quid
1872 4521 2017 4582 ades,
2079 4522 2302 4583 boccst,
2338 4532 2383 4586 ι)
2422 4521 2433 4538 “

2297 4561 2302 4580 ,
2338 4532 2383 4586 ῐ)
2422 4520 2624 4572 Ἰούδαν
2679 4522 2857 4583 καλεῖ,
2916 4522 3195 4590 κωμῳδῶν
3250 4522 3415 4575 αὐτὸν
3460 4520 3552 4576 καὶ
3595 4523 3887 4591 διασύρων,
3918 4524 3994 4589 ὡς

734 4634 841 4688 qua
870 4618 1165 4671 intentione
1192 4618 1280 4669 ltic
1312 4618 1439 4669 ade,
1466 4614 1488 4665 ἰ
1544 4614 1786 4680 Nunquid
1827 4619 1883 4664 ut
1915 4611 2159 4664 anticus?
2212 4613 2304 4665 sed

740 4726 847 4765 non
887 4713 1168 4779 Oportebat
1230 4723 1353 4762 cum
1396 4706 1586 4775 gladiis
1624 4704 1900 4757 advenire.
1950 4702 2201 4770 Nunquid
2243 4712 2305 4755 ut

740 4802 1022 4857 inimicus?
1053 4810 1105 4856 et
1132 4798 1404 4871 quomodo
1434 4796 1701 4853 oscularis
1724 4796 1745 4848 ‘1
1772 4794 1962 4864 Arguit
1987 4792 2148 4863 igitur
2182 4806 2304 4847 eum

737 4903 797 4952 ut
830 4895 1096 4951 dolosam.

809 5072 969 5127 Vens.
996 5072 1184 5126 iit-54.
1223 5088 1239 5122 t
1266 5072 1330 5124 Et
1361 5084 1487 5125 ecce
1518 5084 1653 5122 unus
1670 5080 1733 5121 ex
1757 5066 1841 5122 bis
1866 5066 1958 5137 qui
1994 5076 2148 5121 erant
2181 5081 2304 5119 cum

735 5165 879 5228 Iesu,
898 5164 1194 5219 extendens
1220 5177 1461 5223 manum,
1483 5159 1635 5229 151
1656 5158 2100 5227 exemitgiadium
2123 5164 2304 5225 suum,

735 5268 790 5313 et
821 5258 1127 5327 percutiens
1158 5269 1373 5310 servum
1407 5252 1666 5321 principis
1716 5254 2077 5315 sacerdotum,
2112 5266 2304 5321 ampu-

737 5348 867 5403 tavit
889 5344 1336 5412 aut'icuismejus.
1374 5341 1528 5397 Tunc
1557 5341 1690 5397 dicit
1722 5341 1794 5396 illi
1830 5341 2024 5397 Jesus:
2063 5343 2303 5398 Cenver-

735 5451 785 5495 te
805 5439 1039 5510 gladium
1074 5446 1222 5491 t'uum
1276 5438 1328 5491 in
1367 5436 1543 5491 locum
1586 5450 1767 5490 suum.
1811 5433 2012 5491 Omnes
2039 5437 2182 5491 enim
2210 5440 2299 5508 qui

734 5531 1036 5599 acceperint
1067 5529 1319 5599 gladium,
1353 5527 1530 5599 gladio
1558 5527 1830 5597 peribunt.
1860 5528 1942 5581 Att
1978 5523 2133 5599 putas
2162 5532 2303 5598 quod

735 5638 838 5675 non
871 5620 1069 5690 possim
1109 5634 1248 5674 nunc
1276 5634 1464 5689 rogare
1498 5617 1713 5673 Patrem
1760 5634 1961 5683 meum,
1994 5627 2048 5674 et
2078 5622 2292 5674 exhibe-

736 5713 812 5767 bit
840 5714 967 5767 milti
998 5712 1175 5783 plures
1197 5726 1357 5781 quam
1385 5713 1668 5767 duodecim
1696 5712 1935 5781 legiones
1953 5712 2305 5783 angelorum?

739 5806 856 5871 Quo
888 5818 1041 5875 pacto
1088 5808 1249 5875 igitur
1295 5805 1656 5873 intplebuntur
1693 5804 2009 5875 Scriptura,
2067 5810 2190 5876 quia
2228 5808 2303 5863 sic

2406 4610 2565 4680 δῆθεν
2594 4611 2812 4682 ἑταίρου
2836 4612 3049 4682 φίλημα
3068 4613 3247 4666 δόντα’
3268 4615 3328 4666 τὸ
3352 4615 3432 4680 δὲ,
3451 4615 3566 4681 Ἐφ’
3595 4608 3639 4680 ᾧ
3667 4614 3852 4685 πάρει,
3872 4620 3993 4670 ἀντὶ

2408 4702 2634 4766 τοῠ,ἐπὶ
2661 4703 2800 4772 ποίῳ
2831 4703 3020 4773 σκοπῷ
3054 4706 3215 4774 πάρει
3246 4705 3513 4772 svnt-10a;
3545 4702 3783 4778 'Apatb;
3818 4708 3991 4774 φίλος;

2410 4792 2504 4844 καὶ
2541 4791 2645 4861 μὴν
2674 4793 2773 4845 οὐκ
2801 4792 2912 4845 ἔδει
2940 4794 3083 4863 μετά
3116 4794 3403 4866 μαχαιρῶν
3434 4798 3715 4867 stupeﬁat.
3752 4797 3892 4852 Ἀλλ’
3917 4799 3995 4862 ὡς

2408 4882 2636 4953 ἐχθρός
2664 4886 2757 4937 καὶ
2789 4885 2901 4949 πῶς
2936 4886 3297 4956 καταφιλεῖς;
3344 4887 3586 4959 Ἑλέγχει
3619 4885 3799 4941 τοίνυν
3828 4890 3991 4943 αὐτὸν

2407 4974 2482 5037 ὼς
2518 4975 2711 5028 δόλιον.

2486 5092 2504 5123 s
2545 5072 2656 5125 Kal.
2715 5072 2823 5124 ίδοὺ
2882 5068 2962 5135 εἷς
2994 5072 3102 5126 τῶν
3137 5074 3277 5143 μετά
3318 5073 3518 5144 Ἰησοῦ,
3564 5074 3811 5138 ἐκτείνας
3887 5078 3989 5145 τὴν

2408 5164 2586 5233 χεῖρα,
2624 5163 2912 5217 ἀπέσπασε
2954 5162 3052 5234 τὴν
3116 5164 3394 5234 μάχαιραν
3428 5165 3621 5230 αὑτοῦ,
3676 5167 3774 5219 καὶ
3806 5167 3988 5220 πατά-

2409 5254 2503 5319 ξας
2547 5255 2637 5308 τὸν
2687 5254 2871 5308 δοῦλον
2921 5254 3017 5308 τοῦ
3069 5257 3394 5327 ἀρχιερέως,
3451 5258 3673 5326 ἀφεῖλεν
3718 5257 3887 5311 αὐτοῦ
3928 5257 3991 5309 τὸ

2406 5347 2586 5400 ὠτίον.
2636 5346 2769 5399 Τότε
2821 5348 2969 5414 λέγει
3024 5348 3173 5419 αὐτῷ
3224 5350 3254 5401 6
3298 5348 3545 5417 Ἰησοῦςο
3619 5351 3992 5421 Ἀπόστρεψόν

2410 5456 2501 5491 σου
2532 5439 2628 5507 τὴν
2660 5439 2937 5511 μάχαιραν
2980 5441 3060 5502 είς
3095 5442 3186 5493 τὸν
3213 5442 3379 5495 τόπον
3414 5444 3605 5513 αὐτῆς.
3640 5444 3848 5505 Πάντες
3878 5444 3991 5514 γὰρ

2407 5538 2454 5587 οἱ
2480 5535 2734 5599 λαϐόντες
2768 5534 3065 5606 μάχαιραν,
3104 5538 3160 5588 ὲν
3195 5539 3441 5609 μαχαίρᾳ
3482 5539 3882 5593 ἀποθανοῦνται
3904 5556 3919 5570 ’
3950 5539 3986 5609 ἢ

2407 5626 2582 5689 δοκεῖς
2613 5630 2693 5680 ὃτι
2734 5629 2792 5680 οὐ
2819 5628 3193 5701 δύναμαιᾶρτι
3223 5633 3599 5702 παρακαλέται
3636 5633 3724 5684 τὸν
3764 5632 3992 5702 Πατέρα

2411 5737 2532 5789 μου,
2584 5722 2679 5772 καὶ
2724 5722 3071 5792 παραστήσει
3117 5740 3205 5792 μοι
3234 5724 3451 5787 πλείους
3494 5725 3755 5795 ἢδὼδεκα
3786 5725 3993 5792 λεγεῶ-

2412 5829 2504 5874 νας
2533 5812 2784 5880 ἀγγέλων
2814 5830 2827 5879 ;
2861 5813 2983 5877 Πῶς
3016 5814 3107 5867 οὖν
3142 5816 3508 5887 πληρωθῶσιν
3547 5818 3601 5871 αι
3634 5810 3873 5887 Γραφξιὶ,
3906 5819 3989 5869 ὅτι
