4298 6446
275 415 388 479 453

857 401 1307 482 ENARRATIO
1346 394 1976 486 IN‘EYANGELIUM
2010 397 2402 458 MATTHEI.
2435 417 2509 436 ··-
2544 397 2686 460 CAP
2747 398 2959 462 XXVI.

3456 401 3564 465 ιει

271 524 422 576 οὕτω
464 520 548 575 δεῖ
583 515 870 588 γενέσθαις
925 531 945 565 ι
982 511 1189 581 Πέτρος
1241 503 1310 577 ἢν
1361 508 1390 559 6
1439 503 1541 574 τὴν
1587 501 1868 585 μάχαιραν
1897 505 1942 561 Α

1860 519 1868 550 ι
1897 505 1942 561 Α
1971 509 2188 572 oportet
2220 503 2380 556 lteri?
2421 522 2438 555 ι
2471 503 2671 558 Petrus
2715 516 2832 558 erat
2868 503 2959 574 qui
2986 503 3228 574 gladium
3255 517 3557 573 exemerat,

277 612 652 683 σπασάμενος,
674 607 821 660 καθὰ
879 605 1134 671 Ἰωάννης
1176 600 1342 670 φησίν
1367 614 1381 630 ο
1431 592 1548 666 εἶχε
1577 595 1638 648 δὲ
1670 596 1872 665 μάχαι-

279 723 404 776 ραν,
439 705 515 766 ὡς
543 703 666 771 ἀρτι
697 699 758 752 τὺ
777 698 966 770 ἀρνίον
1001 693 1194 757 θὺσας,
1231 691 1261 745 δ
1310 689 1538 758 ιφαγον.
1575 688 1668 757 Μὴ
1694 689 1865 755 ἐγκα-

277 797 468 866 λῶμεν
503 794 560 847 δι
594 790 674 861 τῷ
737 791 948 861 Πέτρῳ.
1010 787 1088 840 Οὐ
1128 785 1239 855 γάρ
1276 783 1420 854 ὑπὲρ
1465 779 1687 843 ἑαυτοῦ,
1749 779 1867 834 ἀλλ’

280 887 426 955 ὑπερ
448 881 542 937 τοῦ
571 880 894 937 διδασκάλου
924 877 1200 949 ζηλώσας,
1226 874 1388 928 τοῦτο
1411 873 1674 943 ἐποίησεν
1703 889 1716 902 ·
1753 873 1781 924 6
1807 869 1865 923 δὲ

284 977 495 1047 Κύριος
535 969 965 1045 μεταρυθμίζων
992 969 1160 1023 αὑτὸν
1193 969 1279 1032 είς
1305 965 1675 1037 εὑαγγελικὴν
1708 965 1862 1019 πολε-

278 1069 455 1133 τείαν,
487 1066 727 1121 διδάσκει
757 1064 835 1134 μὴ
881 1061 1120 1135 χρῆσθαι
1171 1060 1442 1131 μαχαίρᾳ,
1467 1060 1571 1117 κάν
1602 1059 1694 1112 τὸν
1730 1059 1866 1113 Θεὸν

278 1140 416 1230 δοκῇ
447 1176 530 1222 τις
571 1158 830 1211 ἐκδικείν.
868 1154 1064 1224 Τεμὼν
1119 1153 1177 1206 δὲ
1224 1154 1288 1205 τὸ
1339 1151 1501 1205 ὠτίον
1553 1151 1583 1204 6
1630 1153 1862 1220 Πέτρος,

279 1253 556 1305 δείκνυσιν
600 1249 682 1302 ὅτι
726 1248 989 1319 ἀνηκοΐαν
1048 1245 1268 1299 ἐνόσουν
1318 1245 1368 1297 oi
1433 1243 1705 1296 Ἰουδαῖον
1745 1238 1866 1297 εἶτα

282 1345 378 1398 καὶ
407 1343 468 1395 τὸ
502 1341 598 1394 τοῦ
634 1342 799 1412 νόμου
839 1339 1006 1408 ῥητὸν
1027 1338 1264 1409 τίθησιν,
1292 1339 1379 1390 δτι
1410 1337 1439 1389 6
1489 1335 1687 1404 φονεὺς
1718 1336 1868 1389 ἀντιο

281 1432 573 1503 φονεύεται
593 1449 608 1463 θ
642 1433 672 1484 6
718 1431 830 1501 γὰρ
867 1431 1033 1500 νόμος
1062 1429 1221 1482 τοῦτό
1251 1445 1438 1499 φησιν,
1470 1429 1553 1481 ὅτι
1585 1429 1632 1481 si
1672 1426 1865 1482 λαθόν-

278 1539 374 1586 τες
402 1522 679 1594 μάχαιραν
721 1522 790 1594 Δἀν
821 1519 1070 1592 μαχαίρᾳ
1099 1517 1522 1573 ἀποθανοῦνται.
1557 1517 1866 1570 Λὶνίττεταιι

277 1614 343 1668 δὲ
385 1591 624 1668 ἀίω
663 1591 762 1680 τῆς
793 1591 901 1665 τῶν
936 1609 1229 1679 Ῥωμαίων
1262 1608 1539 1681 μαχαίρας
1564 1606 1865 1677 ἀναιρεθή-

282 1724 468 1762 σονται
509 1707 557 1759 oi
590 1704 713 1759 κατ’
739 1702 906 1758 αὑτοῦ
951 1701 1211 1766 λαϐόντες
1245 1701 1346 1772 τὴν
1405 1702 1689 1772 μάχαιραν
1736 1700 1867 1754 Ἰου·

278 1798 425 1850 eam
444 1811 460 1827 ο
487 1795 590 1847 οὐκ
615 1790 736 1847 εῐπε
758 1793 841 1860 δὲ,
879 1793 966 1846 ὅτι
992 1792 1239 1863 Δύναμαι
1273 1795 1622 1862 παραστῆσαι
1655 1790 1865 1845 δώδεκα

1971 602 2031 647 ut
2063 591 2303 648 Joannes
2350 595 2482 648 dicit
2509 596 2576 650 ⁸⁸.
2633 594 2878 650 Habebat
2922 605 3100 651 autent
3133 596 3397 664 gladium,
3446 612 3554 667 quo

1969 701 2168 756 agnum
2210 683 2528 740 Pascltaletn
2571 694 2860 740 mactarat.
2903 686 3022 741 Non
3063 690 3346 756 arguimus
3375 698 3557 744 autem

1969 775 2216 840 Petrum,
2273 777 2530 846 quoniam
2584 792 2692 830 non
2741 792 2838 846 pro
2879 793 2959 842 se,
3019 778 3112 833 sed
3151 792 3247 846 pro
3303 779 3558 849 Magistro

1969 868 2086 923 zelo
2116 872 2312 924 ardens
2342 871 2443 924 ltoc
2478 869 2627 924 fecit.
2671 870 2935 925 Dominus
2969 887 3096 926 vero
3134 873 3403 940 adaptans
3431 888 3556 928 eum

1969 962 2036 1014 ad
2087 961 2456 1030 evangelicum
2488 961 2676 1025 vitam,
2715 964 2870 1018 docet
2919 979 3024 1017 non
3060 967 3318 1018 utendum
3355 967 3555 1032 gladio,

1961 1054 2186 1109 etiarnsi
2220 1055 2344 1124 quis
2379 1055 2547 1110 Deum
2592 1055 2786 1110 ulcisci
2825 1057 3094 1110 videatur.
3132 1057 3300 1111 Porro
3355 1058 3549 1113 Petrus

1969 1159 2256 1216 amputans
2288 1150 2611 1214 auriculam,
2653 1151 2894 1206 ostendit
2920 1149 3138 1206 ,Ιιιιιδεοε
3181 1153 3552 1207 inobedieutla

1970 1240 2239 1296 laborare.
2287 1243 2490 1296 Deinde
2532 1253 2585 1297 et
2607 1243 2809 1297 dictum
2838 1245 2971 1313 legis
3002 1245 3172 1313 ponit,
3201 1246 3343 1313 quod
3377 1246 3556 1300 ltonti-

1969 1333 2087 1388 cida
2143 1342 2199 1388 et
2238 1336 2350 1402 ipse
2399 1336 2689 1392 occiditur.
2740 1335 2850 1390 Lex
2895 1337 3041 1390 enim
3094 1337 3196 1389 hoc
3231 1339 3384 1397 dicit,
3415 1339 3559 1405 quod

1969 1425 2060 1494 qui
2101 1427 2416 1495 acceperint
2449 1428 2710 1496 gladiutn,
2749 1429 3050 1481 moriantur
3072 1429 3274 1496 gladio.
3315 1430 3559 1484 Insinuat

1967 1525 2149 1569 autem
2210 1519 2352 1585 quod
2400 1516 2766 1572 Romanorum
2825 1519 3002 1588 gladio
3063 1520 3295 1587 perituri
3375 1529 3562 1576 essent

1965 1607 2159 1673 Judmi,
2190 1619 2379 1664 contra
2440 1625 2502 1664 se
2559 1611 2800 1680 gladium
2860 1611 3211 1680 accipientes.
3274 1611 3392 1666 Jam
3450 1627 3559 1668 non

1969 1698 2127 1761 dixit,
2163 1697 2389 1753 Possum
2432 1701 2694 1755 exhibere
2723 1700 3026 1754 duodecim
3063 1699 3304 1770 legiones
3335 1701 3559 1772 angelo-

1971 1806 2130 1855 rum;
2167 1794 2285 1856 sctl,
2325 1807 2486 1846 orare
2511 1791 2730 1848 Patrem
2773 1807 2978 1856 meum,
3031 1793 3403 1862 dispensative
3428 1795 3562 1850 dicit

279 1886 554 1956 λεγεῶνας
597 1885 868 1955 ἀγγέλων,
900 1883 1063 1949 ἀλλὰ,
1112 1883 1498 1954 παρακαλέσαι
1525 1884 1614 1938 τὸν
1647 1882 1867 1953 Πατέρα
1897 1882 1940 1909 ⁸³
1970 1901 1976 1939 ι

1861 1882 2111 1940 ιυείευι
2166 1884 2352 1951 ίιοιιιο,
2414 1895 2636 1954 propter
2703 1899 2892 1941 eorum
2953 1885 3353 1943 infirmitatem.
3397 1886 3558 1942 Multa

283 1996 412 2049 μου,
451 1977 810 2048 οίκονομικῶς
826 1977 988 2030 τοῦτο
1009 1976 1184 2044 λέγων
1207 1975 1283 2039 ὼς
1305 1975 1614 2047 ἄνθρωπος,
1643 1975 1732 2030 διὰ
1757 1977 1868 2045 ’τὴν

279 2063 466 2123 αὐτῶν
529 2059 836 2124 ἀσθένειαν.
889 2067 1068 2121 Πολλά
1120 2069 1232 2138 γάρ
1270 2062 1342 2137 ἦν
1407 2067 1530 2121 τότε
1587 2068 1868 2134 ἀπιδείεας

279 2161 626 2231 ἀνθρώπινα,
680 2161 773 2215 τὸν
827 2159 1050 2230 ἱδρῶτα,
1096 2159 1198 2230 τὴν
1243 2158 1468 2222 δειλίαν,
1496 2159 1594 2214 καὶ
1631 2161 1735 2213 οὐκ
1792 2160 1862 2214 ἂν

277 2254 432 2321 ἔδοξε
465 2254 666 2308 πιθανά
719 2253 925 2322 λέγειν,
952 2251 1020 2306 ἂν
1077 2253 1266 2321 ἔλεγεν
1298 2252 1383 2307 ὅτι
1429 2253 1678 2325 Δύναμαι
1704 2253 1867 2317 αὐτὸς

282 2347 400 2415 εγὼ
455 2325 820 2416 ’παραστῆσαι
855 2345 1143 2414 ἀγγέλους.
1177 2345 1326 2400 ’Δντὶ
1363 2345 1473 2400 τῶν
1502 2345 1711 2400 δώδεκα
1746 2341 1863 2414 οὖνς

283 2440 445 2510 φησὶ,
485 2437 766 2509 μαθητῶν,
797 2437 1154 2510 παρέστησαν
1197 2437 1265 2492 ἀν
1301 2453 1393 2509 μοι
1414 2437 1627 2492 δώδεκα
1647 2438 1869 2508 τάγμα-

279 2551 352 2588 τα
381 2533 650 2602 ἀγγέλων,
683 2532 733 2585 εί
787 2531 1001 2601 ηοελον.
1031 2529 1253 2598 Δεγεὼν
1303 2528 1413 2600 γάρ
1452 2529 1568 2581 ἔστι
1610 2527 1672 2580 τὸ
1706 2527 1868 2598 μέγι-

282 2643 410 2680 στον
460 2629 668 2696 τάγμα,
736 2612 1094 2694 ἑξακισχίλιοι
1148 2622 1355 2684 ἱππεῖς.
1411 2621 1506 2674 Δεῖ
1539 2615 1655 2683 οὖν,
1705 2622 1864 2691 φησι,

279 2717 461 2773 ταῦτα
491 2718 668 2772 πάντα
689 2715 965 2785 γενέσθαι,
988 2716 1136 2778 ὃπως
1169 2711 1538 2786 πληρωθῶσιν
1562 2715 1618 2768 αί
1647 2712 1868 2784 Γραφαὶ

281 2813 343 2866 σί
375 2810 552 2865 ταῦτα
587 2808 1149 2882 προαναφωνήσασαι.
1180 2806 1296 2877 Οὐχ
1322 2804 1405 2859 δτι
1432 2805 1490 2859 δι
1544 2804 1870 2875 προανεφώσ

281 2918 456 2974 νησαν
479 2903 533 2954 αι
562 2898 801 2971 Γραφαι,
841 2897 934 2953 διὰ
965 2897 1125 2952 τοῦτο
1152 2897 1204 2950 oi
1253 2895 1498 2951 Ἰουδαῖοι
1530 2895 1717 2962 κακοὶ,
1771 2894 1868 2949 άλ-

280 2994 352 3049 λά
378 2994 512 3048 διότι
538 2991 765 3064 ἔμελλον
820 2990 930 3046 ἀπὸ
961 2990 1208 3062 πονηρᾶς
1253 2988 1633 3060 προαιρέσεως
1687 2987 1864 3042 ταῦτα

285 3091 510 3160 ποιῆσαι
574 3091 624 3142 oi
701 3088 964 3152 Ἰουδαῖοι,
1016 3087 1106 3140 διὰ
1148 3085 1307 3139 τοῦτο
1346 3085 1406 3138 ἐν
1437 3086 1557 3148 ταῖς
1614 3083 1864 3154 Γραφαῑς

285 3181 462 3237 ταῦτα
488 3179 754 3251 ἐτέθησαν
789 3179 896 3232 ὑπὸ
927 3177 1020 3232 τοῦ
1059 3176 1400 3248 Πνεύματος.

362 3290 382 3324 ι
429 3271 519 3324 Ἐν
547 3269 730 3340 εκείνη
764 3272 827 3340 τῇ
861 3266 983 3338 ῶρᾳ.
1011 3265 1166 3320 εἷπεν
1187 3269 1216 3320 6
1260 3267 1472 3338 Ἰησοῦς
1508 3267 1632 3330 τοῖς
1661 3265 1860 3339 δχλοις·

293 3359 386 3425 Ὠς
423 3360 520 3414 ἐπὶ
543 3359 750 3434 λῃστὴν
781 3356 1035 3427 ἐξήλθετε
1069 3356 1208 3426 μετά
1241 3355 1528 3426 μαχαιρῶν
1563 3357 1662 3410 καὶ
1691 3356 1870 3420 ξύλων

287 3451 575 3506 συλλαδεῖν
619 3467 708 3522 με’
733 3449 852 3502 καθ’
885 3448 1101 3519 ἡμέραν
1155 3448 1302 3517 πρὸς
1343 3448 1487 3518 ὑμᾶς
1520 3447 1866 3519 ἐκαθεζόμην

282 3543 557 3596 διδάσκων
587 3542 646 3594 εν
672 3540 748 3610 τῷ
783 3539 935 3611 ίερῷ,
967 3539 1061 3592 καὶ
1083 3540 1184 3591 οὑκ
1209 3540 1554 3612 ἐκρατήσατέ
1578 3557 1646 3611 με
1667 3557 1680 3571 ·
1707 3540 1871 3595 τοῦτο

283 3637 343 3691 δὲ
379 3637 501 3689 ὅλον
532 3635 756 3703 γέγονεν
788 3633 874 3686 ῐνα
892 3631 1255 3703 πληρωθῶσιν
1282 3634 1340 3686 al
1359 3633 1574 3704 l‘patpa‘t
1594 3635 1706 3689 τῶν
1727 3652 1868 3707 προσ

285 3727 498 3798 φητῶν.
545 3744 563 3777 ι
599 3726 849 3779 Δείκνυσι
879 3725 978 3796 τὴν
1008 3724 1204 3793 ἀλογον
1249 3725 1434 3779 αὐτῶν
1491 3727 1868 3799 ιπιχείρησιν,

283 3821 384 3874 καὶ
412 3821 496 3874 ὅτι
547 3819 610 3873 οὐ
667 3819 767 3888 τῆς
825 3817 1005 3871 αὐτῶν
1039 3816 1224 3888 ίσχύος
1263 3817 1453 3886 γέγονε
1493 3820 1555 3872 τὸ
1581 3818 1872 3875 συλλαδείν

280 3912 473 3966 αὐτόν.
511 3909 640 3962 ὀτε
663 3911 772 3978 γὰρ
792 3908 965 3979 ήμην,
983 3908 1170 3980 φησὶν,
1192 3909 1252 3962 εν
1273 3907 1351 3980 τῷ
1379 3908 1532 3980 ίερῷ,
1547 3910 1772 3981 ηθέλετέ
1801 3927 1872 3983 με

286 4005 535 4075 ωσχεῖν,
565 4003 660 4056 καὶ
692 4002 830 4056 διότι
857 4001 919 4055 οὐ
952 4001 1299 4073 συνεχώρουν
1349 4002 1501 4072 ὑμῖν,
1539 4003 1643 4056 οὐκ
1670 4004 1873 4076 ἠδυνή-

284 4097 444 4166 θητε.
473 4095 569 4148 νῦν
599 4095 656 4147 δὲ
682 4093 825 4147 ἑκὼν
852 4092 1155 4164 προδίδωμι
1193 4094 1433 4163 ἐμαυτόν
1455 4110 1469 4124 ·
1498 4091 1618 4148 οῑδα
1639 4095 1750 4167 γάρ
1788 4096 1872 4150 ὅτι

284 4186 557 4242 ἀδύνατόν
591 4188 715 4238 ἔστι
746 4183 1148 4255 διαψευσθῆναι
1174 4185 1275 4249 τὰς
1318 4185 1568 4257 Γραφάς,
1598 4186 1657 4240 αἱ
1681 4188 1871 4259 προεί-

285 4296 389 4332 πον
411 4278 513 4349 τὴν
543 4277 816 4349 ὑμετέραν
849 4277 1072 4334 κακίαν.

363 4480 381 4510 ι
410 4458 545 4513 Τότε
573 4461 622 4512 ot
648 4458 893 4531 μαθηταὶ
920 4460 1124 4524 πάντες
1143 4458 1388 4530 ἀφέντες
1421 4459 1608 4528 αὐτὸν,
1641 4459 1864 4531 εφυγον.

1889 3201 1937 3263 G

1968 1977 2114 2030 enim
2138 1988 2267 2030 tunc
2293 1987 2452 2031 erant
2474 1978 2673 2048 quibus
2721 1978 2958 2033 humana
2993 1981 3193 2035 veritas
3224 1983 3554 2036 ostendeba-

1973 2077 2084 2133 tur,
2123 2076 2179 2122 ttt
2209 2069 2376 2123 sudor
2408 2079 2468 2124 et
2510 2069 2674 2124 timor
2702 2087 2716 2124 :
2763 2080 2816 2125 et
2852 2085 2958 2126 non
3013 2072 3161 2126 visus
3194 2073 3384 2128 luisset
3418 2074 3562 2128 veri-

1970 2160 2171 2215 similia
2210 2161 2415 2223 dicere,
2459 2161 2504 2216 si
2549 2161 2801 2224 dixisset,
2853 2160 3080 2218 Possum
3116 2165 3231 2233 ipse
3286 2166 3560 2222 adducere

1971 2252 2216 2321 angelos.
2274 2253 2379 2307 Pro
2436 2253 2723 2309 duodecim
2773 2254 2958 2323 igitur,
3010 2257 3211 2326 inquit,
3274 2258 3560 2326 apostolis,

1969 2346 2276 2400 institissent
2325 2345 2456 2400 mihi
2485 2347 2773 2401 duodecim
2806 2348 3084 2403 exercitus
3119 2349 3462 2420 angelorum,
3511 2351 3559 2406 si

1969 2438 2196 2507 quidem
2211 2436 2532 2492 voluissem.
2559 2435 2725 2508 Legio
2755 2439 2901 2493 enim
2927 2449 3011 2495 cst
3041 2457 3297 2509 magnum
3339 2457 3558 2511 agmen,

1969 2545 2164 2601 nempe
2189 2545 2282 2585 sex
2329 2530 2495 2584 millia
2539 2531 2808 2599 equitum.
2859 2529 3088 2599 Oportet
3138 2532 3319 2603 igitur,
3360 2535 3560 2604 inquit,

1968 2622 2086 2676 ha-c
2140 2621 2320 2676 omnia
2382 2621 2522 2686 ﬂeri,
2586 2631 2643 2674 nt
2721 2621 3049 2692 impleantur
3105 2624 3402 2693 Scriptum
3441 2643 3564 2697 qum

1969 2713 2085 2768 haec
2112 2713 2504 2783 praedixerunt.
2543 2712 2658 2767 Non
2693 2713 2837 2782 quod
2871 2715 2993 2769 i-leo
3024 2712 3192 2770 ,ιιιόωί
3239 2717 3384 2781 mali,
3431 2721 3557 2786 quiat

1969 2807 2338 2876 prmdixerunt
2380 2804 2681 2876 Scriptum
2729 2823 2746 2862 :
2776 2807 2872 2863 sed
2911 2809 3037 2878 quia
3069 2807 3241 2864 Judzei
3273 2811 3387 2866 haec
3419 2812 3557 2866 mala

1968 2896 2249 2949 voluntate
2307 2895 2504 2948 facturi
2553 2904 2733 2962 erant,
2787 2898 2909 2952 ideo
2959 2897 3197 2970 Spiritus
3229 2909 3451 2956 sanctus
3485 2917 3550 2956 ea

1969 2988 2266 3058 Scripturis
2293 2985 2550 3059 prodidit.

2047 3273 2217 3330 Vens.
2252 3275 2345 3342 55,
2382 3273 2475 3333 56.
2517 3293 2539 3330 ι
2576 3277 2634 3332 In
2681 3277 2771 3332 illa
2801 3276 2934 3333 hora
2998 3277 3136 3334 dixit
3161 3275 3320 3334 Jesus
3345 3277 3564 3336 turbis:

1975 3363 2258 3438 Tanquam
2293 3371 2360 3422 ad
2397 3368 2663 3424 latronem
2691 3370 2886 3425 existis
2917 3385 3040 3426 cum
3073 3372 3269 3438 gladiis
3311 3381 3366 3435 et
3394 3372 3561 3429 fusti-

1972 3461 2075 3516 bus
2132 3471 2191 3517 ut
2246 3466 2732 3534 contpreltendatis
2775 3479 2862 3520 me
2912 3483 2927 3519 :
2986 3468 3230 3533 quotidie
3292 3471 3433 3538 apud
3471 3485 3569 3526 vos

1972 3555 2230 3609 sedebam
2263 3555 2467 3610 docens
2494 3556 2547 3608 itt
2575 3555 2798 3626 templo,
2823 3565 2879 3610 et
2907 3573 3011 3610 non
3050 3574 3136 3611 tne
3169 3561 3414 3633 cepistis.
3452 3559 3566 3617 [lno

1974 3652 2158 3699 autem
2184 3653 2354 3700 totum
2384 3643 2600 3700 factum
2640 3657 2726 3702 est
2768 3641 2828 3702 ut
2875 3647 3286 3717 complerentur
3321 3651 3571 3724 Scriptu-

1970 3753 2048 3793 re
2071 3738 2483 3808 prophetarum.
2517 3758 2536 3792 ι
2574 3737 2830 3796 Ostendit
2861 3742 3091 3797 stultum
3135 3745 3352 3807 illorum
3389 3761 3564 3802 cona-

1975 3838 2115 3896 tum,
2142 3840 2198 3886 et
2237 3831 2383 3900 quod
2422 3846 2532 3885 non
2571 3831 2904 3889 fortitudinis
2928 3834 3142 3890 illorum
3168 3835 3356 3899 fuerit.
3393 3839 3568 3908 ipsum

1974 3919 2389 3991 comprehendi.
2437 3920 2672 3988 Quando
2703 3925 2872 3989 enim,
2910 3925 3107 3995 inquit,
3155 3940 3308 3983 eram
3347 3930 3399 3983 in
3433 3939 3570 3985 tem-

1973 4012 2085 4084 plo,
2149 4012 2419 4074 volebatis
2475 4029 2562 4070 me
2607 4017 3091 4086 comprehendere,
3143 4029 3199 4075 et
3274 4022 3402 4091 quia
3463 4038 3570 4078 non

1975 4105 2339 4160 concedebam
2365 4105 2546 4173 vobis,
2575 4117 2705 4164 tunc
2736 4126 2841 4165 non
2866 4113 3183 4182 poteratis;
3222 4129 3365 4170 nunc
3387 4127 3569 4170 autem

1976 4205 2172 4266 sponte
2202 4197 2472 4267 mcipsum
2503 4197 2678 4256 ollero
2708 4218 2722 4256 :
2755 4213 2878 4256 nam
2910 4204 3028 4260 scio
3057 4205 3394 4274 impossibile
3421 4208 3574 4262 Scri-

1977 4297 2192 4358 pturas,
2225 4305 2345 4362 quae
2372 4301 2611 4349 vestram
2639 4294 3009 4364 praedixerunt
3033 4297 3318 4364 malitiam,
3345 4299 3574 4356 menda-

1978 4395 2070 4435 088
2098 4396 2236 4436 εεευ.

2032 4457 2221 4529 Ὕηε.
2254 4474 2450 4533 56-58.
2486 4495 2505 4530 ι
2543 4475 2702 4534 Tunc
2732 4479 2980 4551 discipuli
3011 4497 3225 4550 omnes,
3260 4483 3455 4541 relicto
3483 4500 3572 4550 eo,

283 4550 352 4605 0i
385 4551 462 4612 δὲ,
518 4552 896 4619 κρατήσαντες
949 4550 1040 4605 τὸν
1090 4549 1323 4622 Ἰησοῦν,
1381 4551 1681 4622 ἀπήγαγον
1735 4550 1874 4622 πρὸς
1906 4550 1953 4608 D

1906 4550 1953 4608 Ῐ)
1980 4567 2260 4638 fugerunt.
2292 4569 2362 4624 At
2395 4569 2466 4624 illi
2494 4549 2952 4642 comprehensum
2980 4572 3166 4631 Jesum
3202 4577 3479 4632 duxerunt
3507 4580 3573 4634 ad

285 4642 548 4711 Καῖάφαν
575 4641 664 4694 τὸν
687 4641 972 4711 ἀρχιερέα,
1021 4641 1156 4696 ὅπου
1205 4643 1254 4696 οί
1308 4642 1348 4696 Γ
1351 4644 1668 4714 ραμματεῖς
1704 4642 1802 4696 καὶ
1823 4642 1875 4698 oi

287 4730 658 4804 πρεσϐύτεροι
711 4731 1080 4804 συνήχθησαν·
1128 4736 1158 4788 6
1207 4734 1266 4789 δὲ
1324 4735 1529 4805 Πέτρος
1585 4734 1875 4806 ἠκολούθει

287 4823 442 4896 αὐτῷ
471 4824 582 4878 ἀπὸ
611 4824 890 4894 μακρόθεν
918 4825 1022 4886 ἕως
1058 4827 1158 4898 τῆς
1193 4826 1364 4898 αὐλῆς
1385 4831 1494 4896 ,τοῦ
1526 4827 1831 4900 ἀρχιερέως
1855 4842 1873 4861 ο

289 4901 408 4990 καὶ
443 4916 703 4971 είσελθὼν
757 4918 888 4983 loto,
929 4917 1168 4985 ἐκάθητο
1223 4921 1364 4991 μετά
1405 4922 1514 4975 τῶν
1558 4921 1872 4994 ὑπηρετῶν,

291 5011 422 5065 ίδείν
450 5011 510 5063 τὸ
564 5010 738 5074 τέλος.
782 5028 801 5062 ι
839 5013 904 5065 Ol
939 5013 1040 5082 μὲν
1092 5011 1244 5067 ἄλλοι
1294 5013 1536 5086 μαθηταὶ
1579 5015 1814 5085 ἐφυγονο
1847 5017 1878 5070 6

288 5104 349 5157 δὲ
373 5104 583 5176 Πέτρος
631 5104 967 5178 θερμότερον
1009 5107 1357 5179 διακείμενος
1406 5111 1538 5180 περὶ
1589 5110 1684 5162 τὸν
1718 5110 1872 5164 διδά-

292 5188 516 5263 σκάλον,
550 5198 835 5267 ἠκολούθει
876 5201 1175 5272 μακρόθεν.
1211 5202 1274 5255 Ei
1308 5201 1367 5258 δὲ
1410 5205 1504 5257 καὶ
1533 5207 1561 5258 ό
1621 5204 1879 5275 Ἰωάννης

291 5288 602 5357 ἠκολούθει,
636 5289 751 5342 ἀλλ’
783 5290 883 5363 οὐχ
912 5293 989 5358 ῶς
1018 5294 1294 5370 μαθητὴς,
1327 5295 1442 5350 ἀλλ’
1471 5296 1548 5360 ὡς
1592 5297 1878 5370 γνώριμος

286 5378 383 5433 τοῦ
427 5382 751 5452 ἀρχιερέως.

367 5495 386 5527 ι
430 5475 493 5529 οι
535 5475 814 5548 ἀρχιερεῖς
854 5480 948 5534 καὶ
981 5481 1031 5534 oi
1082 5481 1450 5552 πρεσϐύτεροι
1514 5482 1608 5537 καὶ
1657 5483 1717 5536 τὸ
1750 5501 1876 5538 συν-

287 5569 472 5641 έδριον
504 5569 628 5623 ὅλον
691 5571 922 5642 ιζὴτουν
953 5572 1436 5646 ψευδομαρτυρίαν
1466 5574 1610 5628 κατὰ
1642 5573 1738 5629 τοῦ
1772 5575 1876 5646 Ἰη-

288 5655 406 5720 coit,
451 5655 601 5722 ὅπως
636 5657 799 5713 αὑτὸν
853 5659 1227 5730 θανατώσωσι,
1267 5665 1360 5718 καὶ
1393 5665 1492 5737 οὐχ
1537 5658 1722 5738 εὗρον.
1766 5668 1875 5721 Καὶ

363 5834 411 5868 ⁸⁸
432 5833 765 5907 Joan.xvttt,
788 5841 877 5900 l0.

1981 4659 2245 4733 Caipham
2302 4651 2606 4735 principem
2679 4667 3050 4734 sacerdotum,
3117 4669 3206 4722 ubi
3273 4669 3483 4723 Scribe
3519 4681 3575 4725 et

1981 4752 2228 4807 seniores
2291 4753 2682 4820 convenerant,
2740 4753 2940 4810 Petrus
2987 4767 3171 4811 autem
3235 4759 3576 4827 sequebatur

1985 4857 2109 4898 eum
2132 4845 2346 4913 procol,
2379 4859 2553 4915 usque
2585 4846 2652 4900 ad
2676 4847 2876 4901 atrium
2908 4848 3175 4919 principis
3196 4851 3572 4907 sacerdotum.

1981 4934 2050 4990 Et
2089 4937 2371 5006 ingressus
2397 4937 2565 5002 intro,
2596 4937 2820 4993 sedebat
2850 4954 2976 4994 cum
3011 4941 3304 5006 ministris,
3329 4951 3386 4996 ut
3422 4943 3578 4998 vide-

1981 5038 2067 5084 ret
2098 5028 2286 5086 llnem.
2323 5048 2341 5082 ι
2381 5029 2490 5086 Alii
2512 5031 2732 5101 quidem
2759 5032 3010 5103 discipuli
3043 5033 3301 5105 fugerunt
3330 5052 3343 5090 :
3379 5035 3580 5094 Petrus

1983 5135 2113 5176 vero
2141 5121 2458 5198 ferventiori
2493 5123 2652 5195 152
2691 5139 2819 5196 erga
2879 5124 3203 5197 Magistrum
3236 5126 3457 5194 affectu,
3491 5144 3581 5186 se-

1989 5215 2264 5284 quebatur
2285 5217 2496 5285 procul.
2530 5219 2790 5286 Quamvis
2815 5229 2996 5276 autem
3022 5229 3079 5275 et
3112 5218 3355 5276 Joannes
3379 5234 3579 5290 seque-

1998 5316 2175 5374 retur,
2214 5300 2324 5364 ιιοὴ
2354 5318 2538 5365 tamen
2563 5320 2623 5365 ut
2658 5311 2978 5382 discipulus,
3016 5313 3110 5368 sed
3141 5322 3202 5368 ut
3241 5323 3402 5368 notus
3439 5327 3580 5384 pon-

1988 5398 2143 5454 tiﬁci.

2058 5490 2223 5547 Vsus.
2264 5493 2356 5561 59,
2379 5493 2473 5549 60.
2513 5512 2535 5547 t
2582 5493 2870 5563 Principes
2929 5507 3108 5553 autem
3145 5496 3495 5552 sacerddtum
3524 5503 3578 5550 et

1985 5586 2234 5642 seniores
2287 5598 2343 5641 et
2413 5597 2585 5642 totum
2663 5590 2952 5644 consilium
3008 5593 3330 5659 quaerebant
3381 5589 3577 5644 l'ttlsutn

1985 5681 2361 5737 testimonium
2393 5691 2585 5737 contra
2607 5678 2820 5748 losum,
2848 5694 2905 5739 ιιι
2926 5686 3087 5740 morti
3119 5699 3246 5741 eum
3279 5683 3582 5752 traderent,
