4298 6446
796 383 900 447 455
1634 374 2221 456 ΤΗΕΟΡΗΥΙΑΕΤΙ
2261 371 2493 436 BULGA

2341 370 2675 434 ILGARIB
2708 370 2914 432 ARCH
2924 370 3064 432 lEP.
3926 370 4038 433 656

794 503 849 552 et
880 506 987 549 non
1015 491 1354 547 invenerunt.
1388 487 1454 542 Et
1476 501 1595 543 eum
1626 486 1778 543 multi
1810 486 1931 542 falsi
1972 495 2138 542 testes
2167 500 2355 543 acces-
2383 490 2425 547 Α
2458 498 2491 537 rt

2338 513 2355 528 -
2383 490 2425 547 Α
2458 482 2673 537 πολλῶν
2700 480 3171 554 ψευδομαρτύρων
3199 480 3633 552 προσελθόντων,
3659 480 3759 552 οὐχ
3792 472 3976 552 εὖρον.
4017 500 4035 533 ε

798 584 1019 649 sissent,
1076 596 1178 635 non
1238 580 1583 634 invenerunt.
1625 597 1645 631 ι
1699 579 1782 633 Ad
1830 577 2091 649 Calpbam
2155 578 2359 633 ducunt
2461 570 2495 624 Ε

2347 587 2359 631 ι
2461 570 2556 634 Et;
2586 569 2677 623 τδν
2702 571 2960 639 Καϊάφαν
2996 569 3272 639 ἀπάγουσι
3307 570 3401 623 τὸν
3435 568 3660 640 Ἰησοῦν·
3692 570 3903 634 ἐκεῖνος
3928 570 4044 641 γάρ

796 674 1001 738 Jesum,
1046 686 1169 726 nam
1196 669 1285 724 ille
1335 680 1455 725 erat
1489 670 1730 739 pontifex
1764 670 1889 724 anni
1944 668 2110 733 illius,
2168 669 2257 724 ubi
2304 675 2360 724 et

797 767 982 837 reliqui
1015 764 1428 834 pernoctabant,
1452 776 1555 817 non
1578 761 1925 817 comedentes
1967 772 2099 817 tunc
2122 760 2352 827 Pascha,

794 860 885 914 sed
914 865 1289 925 exspectantes
1345 865 1402 907 ut
1429 853 1741 908 occiderent
1774 852 2080 918 Dominum,
2099 852 2357 921 prevari-

793 948 1055 1003 cabantur
1079 948 1267 1016 legem.
1296 944 1558 1000 Dominus
1600 945 1744 999 enim
1780 945 1894 1015 ipse
1928 944 2169 1015 legitimo
2216 953 2352 999 tem-

794 1054 922 1106 pore
951 1040 1279 1099 comederat,
1316 1036 1392 1091 illi
1425 1049 1554 1092 vero
1578 1043 1929 1092 contemnunt
1957 1034 2152 1107 legem,
2196 1033 2355 1091 modo

790 1131 1040 1184 occidant
1070 1130 1365 1183 Christum.

862 1305 1027 1361 Vsus.
1059 1304 1251 1359 (il-63.
1290 1324 1308 1356 s
1345 1303 1644 1359 Novissime
1692 1313 1872 1359 autem
1926 1310 2193 1357 venerunt
2247 1302 2352 1358 duo

790 1398 912 1451 falsi
982 1408 1164 1462 testes,
1218 1406 1271 1450 et
1314 1396 1612 1449 dixerunt:
1653 1393 1753 1449 Hic
1812 1394 1968 1459 dixit,
1997 1392 2353 1449 Possumde-

792 1498 1001 1540 struere
1038 1485 1298 1553 templum
1337 1481 1451 1548 Dei,
1504 1492 1559 1538 et
1589 1486 1641 1537 in
1675 1484 1855 1537 triduo
1896 1482 2164 1538 mdiﬁcare
2196 1482 2348 1537 illud.

790 1574 855 1630 Et
903 1590 1128 1643 surgens
1190 1577 1439 1644 princeps
1484 1576 1824 1629 sacerdotum
1867 1575 2005 1630 dixit
2052 1575 2126 1630 illi
2158 1593 2173 1631 :
2202 1574 2350 1631 Nihil

789 1665 1118 1735 respondes?
1173 1680 1271 1720 cur
1317 1666 1405 1719 isti
1445 1669 1728 1720 adversum
1774 1676 1825 1721 te
1867 1667 2234 1723 testimonium
2264 1669 2349 1724 di-

790 1760 955 1811 cunt?
982 1755 1139 1811 Jesus
1167 1768 1343 1810 autem
1372 1756 1606 1811 tacebat.
1628 1756 1697 1811 Et
1729 1758 2063 1825 respondens
2093 1758 2349 1839 princeps

2456 654 2527 731 ἦν
2577 662 2869 731 ἀρχιερεὺς
2919 658 3015 715 τοῦ
3066 659 3317 715 ινιαυτοῦ
3363 661 3611 715 εκείνουο
3664 660 3796 716 ἔνθα
3834 662 3931 716 καὶ
3986 661 4044 715 οι

2456 750 2637 805 λοιποὶ
2662 750 3099 823 διενυκτέρευον,
3154 750 3230 822 μὴ
3261 749 3529 821 φαγόντες
3544 740 3672 805 τότε
3715 752 3777 806 τὸ
3816 752 4041 822 Πάσχα,

2455 842 2573 897 ἀλλ’
2626 843 3045 911 ἀναμείναντες,
3100 844 3189 896 ἴνα
3240 843 3606 897 ἀποκτείνωσι
3654 843 3748 897 τὸν
3800 843 4038 915 Κύριον.

2455 936 2554 988 καὶ
2580 932 2932 1005 παρασάντες
2971 934 3064 988 τὸν
3093 932 3291 1004 νόμον
3320 934 3349 987 ό
3376 932 3476 1002 μὶν
3504 933 3615 1005 γάρ
3644 934 3851 1005 Κύριος
3890 933 4038 988 κατὰ

2459 1022 2553 1077 τὸν
2602 1024 2988 1093 νενομισμένον
3043 1022 3236 1094 καιρὸν
3291 1022 3522 1093 ἔφαγεν,
3576 1023 3777 1078 ἐκείνοι
3810 1024 3891 1090 δὲ,
3942 1023 4035 1079 ινα

2459 1112 2623 1183 μόνον
2650 1114 3015 1170 ἀποκτείνωσι
3052 1114 3147 1170 τόν
3203 1113 3435 1186 Κύριον,
3490 1114 3893 1186 καταφρονοῦσι
3931 1116 4031 1170 καὶ

2454 1204 2551 1259 τοῦ
2582 1205 2769 1276 νόμου.

2530 1316 2550 1351 ε
2583 1298 2851 1367 Ὕστερον
2879 1299 2937 1352 δὲ
2996 1299 3388 1369 προσελθόντες
3429 1299 3525 1353 δύο
3560 1299 4031 1370 ψευδομάρτυρες,

2452 1382 2607 1442 εἷπον
2639 1404 2654 1419 ’
2697 1381 2866 1454 οὗτος
2892 1390 3019 1460 ἔφη·
3048 1389 3295 1461 Δύναμαι
3328 1390 3628 1444 καταλῦσαι
3652 1392 3742 1443 τὸν
3776 1392 3899 1445 ναὸν
3934 1390 4030 1443 τοῦ

2452 1476 2611 1546 Θεοῦ,
2666 1478 2758 1533 καὶ
2810 1480 2899 1534 διά
2928 1478 3096 1551 τριῶν
3140 1477 3368 1551 ἡμερῶν
3423 1481 3779 1553 οίκοδομῆσαι
3836 1482 4024 1542 αὐτόν.

2451 1571 2562 1626 Καὶ
2589 1571 2826 1635 ἀναστάς
2855 1574 2885 1627 6
2936 1573 3229 1643 ἀρχιερεὺς
3260 1567 3417 1627 εἶπεν
3449 1572 3597 1643 αὺτῷ
3619 1589 3633 1603 ·
3668 1573 3836 1627 οὐδὲν
3881 1576 4021 1627 άποο

2451 1659 2642 1731 κρίνῃς
2675 1660 2728 1713 τί
2754 1655 2903 1715 οὗτοί
2930 1679 3024 1715 σου
3054 1662 3570 1734 καταμαρτυροῦσιν
3596 1681 3611 1730 ;
3649 1664 3706 1717 Ὀ
3728 1664 3786 1717 δὲ
3821 1664 4027 1735 Ἰησοῦς

2448 1750 2682 1806 ισιῶπα.
2710 1750 2822 1808 Καὶ
2860 1752 3182 1823 ἀποκριθεὶς
3228 1754 3257 1807 6
3299 1754 3611 1826 ἀρχιερεὺς,
3639 1750 3795 1808 εἶπεν
3844 1756 4023 1827 αὐτῷ’

790 1847 1128 1900 sacerdotum
1154 1847 1229 1899 ait
1256 1846 1327 1899 illi
1360 1863 1373 1898 :
1402 1846 1602 1915 Adiuro
1632 1856 1685 1901 te
1720 1862 1815 1916 per
1855 1848 2021 1903 Deum
2053 1850 2256 1916 vivum,
2290 1861 2353 1907 ut
2380 1859 2425 1918 Β
2465 1843 2487 1895 Ἴ

2332 1861 2353 1907 ι
2380 1859 2425 1918 Β
2465 1841 2760 1914 Ἐξορκίζω
2808 1860 2867 1897 σε
2897 1843 3039 1899 κατὰ
3074 1845 3169 1899 τοῦ
3216 1844 3355 1899 Θεοῦ
3392 1845 3486 1899 τοῦ
3527 1845 3751 1916 ζῶντος,
3780 1847 3866 1901 ἵνα
3891 1849 4026 1918 ἡμῖν

787 1938 936 1992 dietts
965 1939 1117 1992 nobis
1149 1953 1213 1991 an
1237 1939 1313 1993 sis
1352 1938 1600 1993 Christus
1630 1937 1800 1993 Filius
1828 1939 1945 1995 Dei.
1988 1940 2130 1995 Dicit
2157 1941 2231 1998 illi
2263 1940 2351 1999 Je-

789 2042 881 2082 sns
901 2046 914 2082 :
938 2027 1015 2081 Tu
1037 2030 1240 2084 dixisti.
1271 2046 1290 2082 ι
1318 2028 1455 2082 Vere
1476 2030 1550 2082 illi
1570 2028 1858 2085 erantfalsi
1881 2039 2067 2086 testes.
2098 2030 2351 2089 Cbristus

789 2118 934 2171 enim
964 2132 1070 2171 non
1093 2119 1321 2183 dixerat,
1347 2116 1571 2172 Possum
1586 2119 1881 2186 destruere,
1904 2117 2018 2185 sed,
2044 2120 2238 2177 solvite
2262 2122 2304 2154 “
2331 2137 2348 2176 :

786 2222 840 2266 ct
874 2225 977 2264 non
1022 2211 1159 2264 dixit
1200 2210 1454 2279 templum
1485 2210 1600 2274 Dei,
1626 2212 1719 2267 sed
1755 2213 2013 2282 templum
2033 2214 2155 2279 hoc,
2178 2214 2230 2269 id
2265 2224 2351 2271 est

787 2320 983 2373 corpus
1013 2320 1211 2358 meum.
1249 2303 1314 2358 Et
1344 2304 1537 2358 iterum
1566 2318 1672 2359 non
1705 2304 1865 2368 dixit,
1899 2302 2226 2372 Aldilieabo,
2255 2306 2350 2362 sed

786 2396 1036 2451 excitabo
1069 2414 1082 2449 :
1134 2406 1398 2463 erantque
1426 2395 1499 2449 illi
1537 2394 1823 2451 manifeste
1856 2396 1977 2452 falsi
2013 2406 2204 2464 testes,
2259 2399 2351 2469 qui

786 2485 1036 2540 dicebant
1064 2484 1342 2539 Christum
1379 2486 1481 2539 alia
1511 2486 1713 2542 dixisse
1755 2502 1915 2557 quam
1945 2487 2176 2544 dixerat.
2194 2488 2353 2546 Jesus

785 2578 945 2648 igitur
978 2591 1099 2632 cum
1152 2576 1315 2631 sciret
1350 2575 1611 2644 judicium
1654 2591 1841 2630 eorum
1884 2578 2168 2646 injustum,
2199 2589 2347 2635 tace-

784 2667 877 2723 bat
907 2685 921 2723 :
957 2667 1151 2737 quibus
1201 2668 1347 2722 enim
1393 2668 1544 2735 signa
1597 2668 1731 2721 nihil
1767 2678 2172 2736 persuaserant,
2207 2685 2345 2737 quo-

785 2758 943 2813 modo
964 2759 1361 2833 persuasissent
1378 2758 1670 2827 responsa?
1686 2758 1856 2814 Porro
1871 2759 2109 2830 pontifex
2126 2763 2350 2832 cupiens

783 2850 931 2904 illum
975 2849 1345 2919 blasphemum
1386 2852 1685 2915 declarare,
1722 2862 1895 2921 rogat,
1934 2862 1992 2906 ut
2048 2854 2092 2907 si
2121 2854 2345 2921 dixerit,

782 2938 893 3010 Ego
921 2956 1039 2994 sum
1081 2938 1249 2995 Filius
1291 2939 1405 3005 Dei,
1431 2952 1686 3012 tanquam
1716 2942 2067 3013 blasphemus
2092 2947 2350 3001 condem-

781 3044 958 3088 netur.
1002 3030 1058 3088 Si
1096 3042 1273 3088 autem
1306 3035 1613 3112 negaverit,
1650 3037 1969 3094 testiﬁcatus
2026 3039 2098 3094 sit
2151 3049 2342 3096 contra

781 3126 1145 3196 semetipsum.
1167 3127 1236 3181 At
1274 3127 1556 3195 Dominus,
1578 3128 1669 3198 qui
1687 3130 2100 3198 comprehendit
2130 3133 2347 3201 sapien-

2453 1934 2635 2006 είπῃς,
2664 1936 2713 1989 εί
2758 1936 2822 1991 σὺ
2854 1933 2904 1990 εἴ
2932 1940 2960 1991 6
3012 1937 3247 2005 Χριστὸς
3290 1939 3318 1990 6
3372 1934 3499 2001 Tib;
3524 1939 3619 1993 τοῦ
3662 1938 3821 1995 Θεοῦ.
3854 1940 4025 2010 Λέγει

2450 2024 2603 2095 αὐτῷ
2631 2028 2660 2079 6
2700 2026 2905 2096 Ἰησοῦς
2927 2042 2940 2056 ’
2983 2028 3055 2081 Σὺ
3088 2024 3269 2092 εἶπας.
3308 2048 3326 2081 ι
3355 2029 3818 2103 Ψευδομάρτυρες
3851 2032 4023 2097 ὅντως

2449 2108 2589 2184 ἦσαν
2620 2108 2767 2169 οὗτοι
2792 2132 2806 2147 ’
2837 2118 2866 2171 6
2912 2117 3022 2186 γάρ
3054 2118 3285 2188 Χριστὸς
3316 2121 3417 2174 οὐκ
3450 2117 3623 2187 εἶπεν,
3662 2125 3746 2178 ὅτι
3776 2123 4025 2195 Δύναμαι

2450 2205 2778 2275 καταλῦσαι,
2798 2208 2953 2273 ἀλλὰ,
2974 2208 3210 2264 Λύσατε.
3237 2212 3347 2265 Καὶ
3376 2212 3477 2265 οὐκ
3506 2208 3648 2280 εἷπε,
3668 2214 3761 2268 τὸν
3780 2216 3906 2270 ναὸν
3926 2217 4022 2270 τοῦ

2450 2296 2606 2363 Θεοῦ,
2629 2298 2788 2367 ἀλλά,
2838 2300 2932 2356 τὸν
2963 2300 3090 2355 ναὸν
3120 2300 3330 2369 τοῦτον,
3359 2305 3605 2359 τουτέστι
3626 2306 3687 2360 τὸ
3708 2306 3869 2376 σῶμά
3897 2324 4021 2377 μου·

2451 2390 2547 2443 καὶ
2575 2390 2741 2444 πάλιν
2796 2391 2901 2446 οὐκ
2953 2390 3142 2447 εἶπεν·
3179 2394 3561 2465 Οίκοδομήσω,
3614 2397 3750 2465 ἀλλ’,
3789 2396 4023 2469 Ἐγεριῖι⁸

2454 2479 2596 2535 ὥστε
2642 2483 2896 2554 φανερῶς
2925 2484 3368 2557 ψευδομάρτυρες
3398 2483 3565 2554 οῦτοι,
3602 2488 3742 2544 άλλα
3794 2491 4023 2545 είπόντα

2450 2572 2541 2626 τδν
2571 2573 2829 2645 Χριστὸν,
2859 2576 2995 2630 ἄλλα
3025 2576 3275 2646 λέγοντες
3308 2579 3507 2633 εἰπεῖν.
3563 2580 3624 2633 '0
3682 2579 3777 2635 οῦν
3818 2578 4027 2652 Ἰησοῦς

2451 2667 2772 2736 παράνομον
2799 2666 2956 2731 είδὼς
2988 2668 3051 2723 τὸ
3076 2670 3366 2741 κριτήριον
3412 2671 3614 2739 αὐτῶν,
3645 2672 3893 2728 ἐσιώπαο
3928 2672 4024 2739 οὓς

2448 2756 2558 2829 γάιρ
2608 2760 2811 2829 σημεῖα
2836 2759 2937 2812 οὐκ
2966 2758 3205 2828 ἔπειθον,
3253 2760 3372 2826 πῶς
3426 2762 3494 2817 ἂν
3540 2763 3830 2834 ἁπολογίαι
3870 2764 4024 2819 lust-

2451 2865 2583 2916 σαν;
2628 2851 2691 2903 '0
2720 2849 2777 2903 δι
2830 2851 3142 2924 ἀρχιερεὺς,
3181 2852 3509 2923 βουλόμενος
3557 2855 3715 2926 ῥίψαι
3743 2856 3908 2910 αὑτὸν
3942 2857 4024 2923 εις

2451 2941 2819 3014 βλασφημίαν,
2883 2945 3099 3016 ἐρωτᾷο
3158 2945 3245 2999 ἴνα
3276 2946 3374 3001 εὰν
3409 2947 3508 3017 μὶν
3562 2948 3713 3022 εἴπῃ,
3749 2950 3834 3004 ὄτι
3882 2950 4028 3021 Ἐγώ

2447 3037 2564 3105 είμι
2596 3036 2626 3089 6
2673 3035 2799 3100 Tib;
2834 3036 2929 3090 τοῦ
2972 3035 3131 3102 Θεοῦ,
3184 3037 3260 3101 ὡς
3300 3038 3623 3111 βλάσφημος
3681 3044 4022 3115 κατακριθῇ,

2448 3126 2541 3180 δάι’
2590 3126 2650 3181 δι
2703 3128 3034 3199 ἀρνήσηται,
3066 3129 3166 3201 ἔχῃ
3198 3130 3361 3185 αὑτὸν
3393 3132 3517 3185 καθ’
3552 3132 3748 3187 ἑαυτοῦ
3805 3151 4025 3207 μαρτυ-

779 3223 864 3269 tes
893 3214 946 3268 in
977 3216 1214 3270 versutia
1252 3229 1373 3281 sua,
1407 3218 1683 3287 respondit
1718 3235 1731 3273 :
1769 3216 1850 3272 Tu
1880 3217 2087 3284 dixisti,
2109 3219 2214 3275 hoc
2238 3229 2343 3290 est,
2369 3212 2417 3277 C
2449 3235 2476 3290 ρ

2326 3261 2343 3290 ,
2369 3212 2417 3277 C
2449 3220 2716 3290 ρήσαντα.
2760 3218 2943 3273 ’Δλλίδ
2965 3220 3171 3291 Κύριος
3199 3222 3228 3274 6
3255 3221 3624 3294 δρασσόμενος
3658 3226 3781 3288 τοὺς
3822 3225 4023 3295 σοφοὺς

777 3314 928 3363 tuum
967 3321 1028 3363 os
1056 3305 1362 3364 confessum
1391 3316 1475 3363 est
1515 3309 1657 3378 quod
1695 3324 1794 3381 ego
1817 3325 1935 3366 sunt
1960 3311 2130 3369 Filius
2151 3311 2269 3369 Del.

2444 3311 2506 3364 tv
2551 3311 2617 3382 τῇ
2671 3312 2983 3383 πανουργίᾳ
3022 3311 3225 3378 αὐτῶν,
3282 3314 3676 3385 ἀποκρίνεταιο
3713 3316 3786 3371 Σὺ
3840 3312 4022 3383 εἶπας,

2445 3401 2568 3455 άντὶ
2598 3402 2717 3467 τοῦ,
2753 3402 2830 3455 Τὸ
2861 3403 2953 3457 σὸν
2988 3403 3309 3476 ὡμολόγησε
3345 3407 3544 3477 στόμα,
3585 3407 3669 3461 ὅτι
3709 3408 3821 3477 ιγώ
3847 3411 3965 3480 είμι
3995 3410 4026 3462 6

2328 3504 2329 3507 ‘
2444 3492 2573 3557 Tib;
2615 3493 2711 3548 τοῦ
2745 3494 2907 3551 Θεοῦ.

844 3598 1013 3655 τω.
1064 3598 1152 3653 66.
1211 3616 1232 3651 s
1300 3597 1682 3655 Verumtamen
1746 3600 1868 3655 dico
1920 3601 2095 3666 vobis,
2143 3601 2342 3658 amodo

772 3689 1024 3745 videbitis
1056 3687 1251 3744 Filium
1289 3691 1523 3747 hominis
1551 3693 1831 3747 sedentem
1862 3706 1892 3746 a
1940 3692 2149 3748 dextris
2174 3692 2342 3748 virtu-

774 3783 861 3849 tis,
896 3791 952 3838 et
989 3782 1297 3838 venientem
1346 3781 1401 3837 in
1457 3783 1690 3840 nubibus
1742 3785 1885 3840 cmli.
1935 3802 1955 3836 ι
2011 3784 2089 3839 Ex
2121 3784 2341 3841 Danieie

771 3872 1028 3940 propheta
1058 3871 1141 3926 bls
1176 3872 1435 3941 loquitur:
1474 3872 1567 3927 llle
1599 3874 1745 3929 enim
1797 3875 1969 3945 inquit
2000 3892 2013 3930 :
2071 3872 2335 3930 Videbam

770 3963 911 4019 sicut
944 3962 1139 4017 Filium
1168 3963 1406 4020 hominis
1458 3966 1761 4021 venientem
1795 3968 1847 4022 in
1884 3967 2140 4023 nubibus.
2194 3968 2331 4023 Nam

767 4054 894 4115 suis
917 4054 1175 4123 putabant
1199 4055 1548 4125 impostorem
1594 4072 1737 4125 esse,
1766 4074 1832 4115 eo
1857 4060 2002 4129 quod
2050 4060 2103 4115 itt
2144 4060 2335 4117 humili

765 4147 961 4201 vestitu
1015 4147 1336 4218 apparebat,
1371 4146 1653 4213 Videbitis,
1682 4150 1879 4219 inquit,
1916 4165 2004 4205 me
2050 4161 2178 4206 tunc
2206 4167 2334 4207 cum

766 4239 967 4294 virtute
996 4240 1325 4306 venientem,
1384 4250 1437 4295 et
1478 4242 1804 4297 assidentem
1852 4240 2020 4297 Patri.
2061 4240 2331 4298 Virtutem

764 4329 907 4382 enim
940 4329 1027 4382 hic
1057 4326 1234 4384 Patris
1261 4327 1430 4385 dicit:
1465 4339 1521 4386 es
1563 4344 1669 4385 non
1725 4345 1757 4386 a
1790 4340 1957 4399 terra,
2011 4333 2107 4389 sed
2131 4346 2162 4387 a
2195 4332 2333 4389 caelo

765 4420 1093 4475 venientem.

837 4601 1001 4656 Vsus.
1034 4601 1123 4666 65,
1154 4600 1245 4658 66.
1279 4620 1298 4655 s
1341 4600 1492 4656 Tunc
1514 4602 1767 4673 princeps
1786 4603 2133 4659 sacerdotum
2147 4604 2325 4662 dlsci-

761 4689 841 4744 dit
868 4694 1189 4747 vestimenta
1246 4708 1365 4757 sua,
1420 4692 1609 4746 dicens
1645 4710 1660 4746 :
1698 4692 2116 4765 ,Blaspbemavit
2146 4710 2161 4749 :
2195 4697 2323 4766 quid

756 4782 981 4854 insuper
1014 4797 1237 4852 egemus
1270 4783 1536 4838 testibus?
1579 4782 1719 4839 Ecce
1747 4800 1889 4840 nunc
1914 4787 2142 4842 audistis
2170 4787 2329 4844 blas-

756 4874 1024 4941 phemiam
1061 4873 1177 4941 ejus
1208 4891 1222 4929 τ
1250 4874 1379 4942 quid
1420 4875 1591 4939 'Vobis
1624 4875 1955 4930 videturlAt
1993 4877 2066 4931 illi
2104 4894 2328 4947 respon-

759 4964 951 5019 dentes
975 4965 1227 5018 dixerunt
1249 4982 1265 5019 :
1295 4962 1535 5019 Reusest
1552 4966 1760 5019 mortis.
1792 4984 1812 5018 ι
1832 4965 1949 5022 Mos
1970 4980 2087 5022 erat
2103 4968 2324 5039 ludatis,

754 5055 970 5122 quando
1026 5057 1154 5130 quid
1208 5055 1551 5114 intolerabile
1609 5057 1909 5121 accidebat,
1986 5060 2326 5132 disrumpere

755 5157 954 5221 vestes.
1017 5147 1109 5202 Sic
1167 5156 1220 5202 et
1277 5147 1548 5219 Caiphas,
1605 5151 1759 5219 quasi
1829 5152 2172 5210 manifestius
2232 5154 2322 5210 ille

754 5237 1107 5306 blasphemus
1141 5248 1309 5302 esset,
1362 5238 1689 5309 decepturus
1715 5241 1974 5311 populum
2017 5243 2122 5298 hoc
2152 5243 2323 5300 [acie-

750 5329 866 5395 bat,
889 5330 1046 5400 quasi
1104 5331 1207 5384 bac
1255 5334 1468 5385 ratione
1519 5346 1720 5399 cogens
1762 5333 1909 5389 alios
1950 5332 2107 5405 ιω
2139 5335 2325 5392 dicere

752 5422 898 5477 hunc
926 5437 1077 5476 reum
1102 5436 1224 5476 esse
1268 5424 1485 5478 mortis.
1527 5423 1911 5480 Verumtamen
1940 5428 2155 5492 discite,
2177 5431 2322 5498 quod

744 5516 975 5585 Caiphae
1001 5516 1153 5586 rupit
1190 5519 1511 5572 vestimenta
1544 5534 1663 5584 sua,
1705 5519 2073 5575 sacerdtnium
2115 5522 2316 5580 veteris

745 5606 881 5679 legis
906 5624 1028 5664 esse
1059 5609 1364 5680 disruptum
1395 5621 1446 5665 et
1474 5610 1714 5665 ablatum
1740 5611 2068 5683 signiﬁcare.

809 5786 859 5821 ⁸⁸
890 5785 1053 5844 Joau.
1086 5803 1149 5854 ιι.
1194 5788 1281 5846 19.

2513 3604 2531 3637 ι
2565 3586 2712 3657 ῐιλὴν
2754 3584 2897 3655 λέγω
2940 3587 3095 3657 ὑμῖν,
3147 3587 3246 3642 ἀπ’
3306 3590 3431 3659 ἄρτι
3496 3590 3694 3660 δψεσθε
3748 3593 3841 3646 τὸν
3894 3594 4025 3649 Υίδν

2440 3675 2537 3731 τοῦ
2598 3676 2889 3749 ἀνθρώπου
2956 3678 3268 3750 καθήμενον
3332 3681 3397 3733 ἐκ
3440 3681 3633 3749 δεξιῶν
3702 3686 3802 3756 τῆς
3859 3686 4025 3742 δυνά-

2444 3783 2611 3836 μεως,
2670 3767 2765 3821 καὶ
2824 3769 3115 3841 ἐρχόμενον
3159 3772 3251 3824 ἐπὶ
3305 3771 3416 3827 τῶν
3477 3773 3719 3843 νεφελῶν
3775 3777 3869 3831 τοῦ
3934 3781 4027 3833 ού-

2441 3859 2632 3930 ρανοῦ.
2688 3881 2709 3914 ι
2747 3862 2845 3916 Ἐκ
2885 3864 2985 3932 τῆς
3045 3862 3138 3917 τοῦ
3189 3864 3387 3935 Δανιὴλ
3448 3869 3786 3938 προφητείας
3837 3872 4028 3937 αὐτοῖς

2438 3952 2765 4023 διαλέγεται.
2815 3954 3053 4019 Ἐκεῖνος
3081 3958 3191 4026 γάρ
3228 3974 3417 4029 φησιν,
3458 3959 3540 4013 ὅτι
3581 3956 3738 4014 Εἶδον
3768 3962 3846 4026 ῶς
3894 3964 4025 4018 Υίδν

2439 4044 2728 4116 ἀνθρώπου
2775 4047 3071 4117 ἐρχόμενον
3099 4048 3192 4101 επὶ
3245 4049 3354 4104 τῶν
3402 4051 3666 4119 νεφελῶν.
3710 4053 3866 4109 Ἐπεὶ
3913 4058 4026 4128 γάρ

2441 4137 2691 4208 ἐνόμιζον
2706 4138 2868 4191 αὐτὸν
2906 4140 3111 4193 πλάνον
3143 4136 3304 4205 εἶναι,
3332 4142 3391 4195 ἐν
3422 4143 3665 4213 ταπεινῷ
3690 4146 4023 4215 φαινόμενον

2442 4230 2703 4299 σχήματι,
2727 4232 2911 4301 φησὶν,
2935 4231 3019 4284 ὅτι
3057 4230 3301 4301 memet
3332 4248 3401 4304 με
3425 4234 3548 4288 τότε
3572 4234 3711 4305 μετὰ
3738 4236 4024 4309 δυνάμεως

2439 4321 2754 4391 ἐρχόμενον,
2800 4322 2897 4376 καὶ
2934 4324 3352 4393 συγκαθήμενον
3390 4325 3470 4395 τῷ
3515 4328 3690 4397 Πατρί
3716 4345 3731 4360 ο
3778 4329 4021 4401 δύναμιν

2440 4412 2548 4483 γάρ
2579 4412 2813 4466 ἐνταῦθα
2856 4413 2956 4481 τὴν
3013 4413 3107 4467 τοῦ
3127 4414 3359 4486 «Πατρδς
3394 4416 3544 4486 λέγει
3566 4433 3583 4451 ο
3635 4421 3729 4473 καὶ
3755 4421 3857 4475 οὐκ
3906 4423 4023 4478 άπδ

2437 4500 2562 4571 γῆς,
2632 4501 2749 4554 ἀλλ’
2805 4502 2901 4555 ἀπ’
2933 4502 3163 4571 ούρανοῦ
3203 4506 3519 4577 ἐρχόμενον.

2506 4612 2525 4644 s
2538 4591 2670 4644 Τότε
2686 4594 2715 4646 6
2736 4593 3029 4663 ἀρχιερεὺς
3047 4592 3300 4664 διέρρηξε
3330 4596 3397 4649 τά
3419 4596 3611 4668 ίμάτια
3629 4599 4020 4672 αύτοῦῇλγων

2432 4685 2514 4739 ὅτι
2546 4685 2999 4755 Ἐϐλασφήμησε,
3034 4686 3087 4740 τί
3112 4687 3198 4739 ίτι
3222 4688 3409 4758 χρείαν
3440 4689 3636 4761 ἔχομεν
3678 4694 4016 4767 μαρτύρωνς

2433 4773 2511 4827 ίδε
2559 4773 2654 4827 νῦν
2706 4773 2975 4857 ἠκούσατε
3009 4776 3109 4845 τὴν
3172 4775 3524 4848 βλασφημίαν
3556 4781 3722 4852 αὐτοῦ
3747 4800 3761 4815 ·
3798 4785 3853 4839 τί
3884 4787 4018 4857 ὑμῖν

2427 4864 2605 4931 δοκεῖς
2651 4865 2714 4920 Ol
2759 4866 2818 4919 δὲ
2869 4850 3265 4936 ίποκριθέντες
3303 4864 3479 4922 εἷπον·
3514 4850 3737 4943 Ἔνοχος
3778 4850 4014 4934 θανάτου

2428 4957 2608 5011 ἐστίν’
2643 4957 2838 5021 »Ἐθος
2854 4954 2922 5031 ἦν
2951 4960 3527 5029 τοίςΊουόαίοις,ὄταν
3547 4980 3600 5018 τι
3632 4967 4018 5039 άκαρτέρητον

2430 5049 2669 5116 titillet,
2706 5051 3069 5123 διαρρήσσειν
3092 5053 3218 5115 τοὺς
3261 5054 3500 5123 χιτῶνας
3520 5075 3536 5091 σ
3567 5055 3745 5123 οὕτως
3763 5055 3859 5115 οὖν
3876 5068 3969 5116 καὶ
3986 5069 4018 5119 6

2430 5142 2707 5212 Καϊάφας,
2735 5143 2809 5205 ῶς
2844 5145 2936 5196 επὶ
2966 5142 3287 5217 βλασφημίᾳ
3325 5146 3461 5219 δήλη
3491 5150 3626 5220 πρὸς
3660 5151 3883 5221 ἀπάτην
3916 5154 4015 5210 τοῦ

2428 5233 2585 5303 δχλου
2623 5236 2783 5289 τοῦτο
2804 5236 3085 5307 εποίησεν,
3134 5238 3225 5291 ἵνα
3252 5239 3404 5311 δείξῃ
3434 5242 3617 5307 σ,ὐτοῖς
3640 5244 3723 5297 ὁτι
3754 5246 4015 5314 μεγάλως

2430 5326 2852 5399 ἐϐλασφήμησεν
2874 5369 2891 5395 ,
2932 5326 3033 5383 εἶθ’
3060 5332 3235 5395 οὕτως
3264 5332 3555 5409 ἀναγκάσῃ
3575 5336 3773 5401 αὐτοὺς
3808 5338 4011 5405 είπεῖν,

2429 5419 2510 5473 ὅτι
2546 5419 2727 5491 ἔνοχος
2754 5421 2990 5477 θανάτου
3025 5420 3163 5481 Euri.
3188 5427 3335 5497 Πλὴν
3367 5430 3677 5499 κατάμαθε,
3712 5432 3796 5485 ὅτι
3834 5433 3897 5488 τὸ
3915 5436 4014 5489 τὸν

2430 5512 2687 5582 Καϊάφαν
2720 5514 3011 5588 διαρρῆξαι
3045 5518 3115 5573 τά
3139 5521 3359 5590 σίμάτια,
3394 5523 3666 5594 σύμϐολον
3691 5521 3760 5597 ἦν
3782 5528 3881 5583 τοῦ
3912 5530 4014 5602 τὴν

2427 5605 2841 5677 ἀρχιερωσύνην
2871 5609 2971 5681 τῆς
3007 5613 3241 5676 παλαιᾶς
3268 5613 3661 5686 διαρραγῆναι.
