4298 6446
272 397 379 464 457

823 393 1270 456 ENARRATIO
1310 393 1389 454 IN
1430 392 1937 453 EVANGEIJUM
1979 391 2374 452 MATTH/El.
2420 414 2488 424 -
2521 389 2679 449 CAP.
2721 388 2963 447 XXVII.

3448 390 3553 454 658

355 531 376 562 ‹
416 510 551 562 Τότε
607 509 912 562 ἐνέπτυσαν
959 507 1039 568 είς
1091 507 1152 558 τὸ
1198 507 1488 576 πρόσωπον
1522 505 1724 565 αὑτοῦ,
1771 505 1863 557 καὶ
1891 515 1943 565 Α
2046 504 2052 524 ‘

1855 515 1943 565 ιΑ
2046 503 2206 557 Vens.
2243 502 2333 562 67,
2372 501 2458 556 68.
2495 521 2511 552 ι
2554 499 2704 554 Tunc
2743 505 3044 569 expucrunt
3105 497 3156 549 in
3195 496 3386 552 faciem
3415 499 3552 566 ejus.

271 603 607 670 ἐκολάφισαν
642 599 823 651 αὐτόν.
854 599 916 652 Oi
946 598 1002 651 δέ
1033 599 1360 667 ὲρῤἀπισαν,
1395 598 1645 664 λέγοντες
1667 615 1680 628 ·
1717 599 1857 666 Προ-

274 693 544 760 φήτευσον
587 690 754 758 ἡμῖν,
786 687 1030 760 Χριστέ,
1075 689 1161 748 τίς
1206 690 1353 739 ἐστιν
1391 687 1420 738 6
1452 687 1653 748 παίσας
1698 702 1792 748 σεε
1834 703 1851 736 ι

274 784 410 835 Ὅτε
451 777 783 850 κατεκρίθη,
821 780 943 830 τότε
975 776 1308 840 ἐνεδείξαντο
1339 779 1418 840 είς
1463 776 1626 836 αὑτὸν
1652 776 1720 828 τά
1763 778 1861 827 έπ-

271 873 564 937 ονείδιστα,
608 872 702 924 καὶ
739 869 1025 934 ὲνέπαιξον
1073 869 1241 940 αὐτῷ,
1295 868 1745 940 περιϐάλλοντες,
1784 867 1858 930 ὡς

272 965 461 1033 ἔτερος
514 961 906 1032 εὐαγγελιστής
963 977 1162 1029 φησιν,
1204 962 1403 1030 ίματίῳ
1454 960 1516 1013 τὸ
1565 961 1861 1032 πρόσωπον

269 1051 441 1104 αὑτοῦ
469 1068 480 1079 ·
506 1052 628 1104 ἐπεὶ
651 1051 760 1121 γὰρ
789 1051 862 1114 ὡς
893 1053 1181 1122 προφήτην
1206 1051 1370 1103 αὐτὸν
1397 1047 1563 1119 εἶχον,
1589 1050 1676 1104 διὰ
1703 1051 1862 1102 τοῦτο

270 1143 632 1212 ἐμπαίζουσιν
666 1143 840 1206 οὕτως
877 1143 1061 1214 αὐτῷ]
1095 1143 1408 1213 κολαφίζειν
1435 1143 1491 1198 δέ
1532 1144 1742 1196 iactr-:6
1776 1143 1862 1195 διὰ.

273 1237 382 1287 τῶν
415 1237 613 1305 χειρῶν
652 1236 941 1305 πλήττειν,
980 1236 1493 1305 συγκαμπτομένων
1521 1237 1628 1288 τῶν
1666 1237 1864 1288 δακτύ-

271 1331 417 1395 λων,
462 1331 556 1381 καὶ
603 1330 689 1381 ἵνα
730 1329 1094 1400 ἀφελέστερον
1138 1329 1314 1392 εἴπω,
1360 1329 1448 1382 διὰ
1491 1328 1585 1382 τοῦ
1631 1329 1860 1400 γρόνθου

272 1420 623 1483 κονδυλίζειν.

355 1528 374 1561 t
423 1512 480 1564 Ὀ
498 1513 552 1564 δὲ
584 1513 788 1582 Πέτρος
816 1512 919 1578 ἔξω
944 1513 1183 1582 ἐκάθητο
1209 1516 1266 1567 ἐν
1292 1516 1358 1584 τῇ
1382 1514 1540 1584 αὐλῇ,
1574 1515 1667 1567 καὶ
1695 1530 1858 1584 προσ·

349 1601 440 1654 θεν
491 1601 639 1674 αὑτῷ
684 1605 783 1670 μία
827 1601 1111 1673 παιδίσκη,
1169 1603 1437 1669 λέγουσα·
1479 1605 1586 1655 Καὶ
1621 1605 1684 1656 σὺ
1719 1599 1863 1672 ἦσθα

323 1695 422 1748 ετά
475 1694 648 1764 Ἰησοῦ
675 1695 768 1749 τοῦ
801 1695 1115 1758 Γαλιλαίους
1157 1695 1217 1747 '0
1252 1696 1308 1748 δέ
1343 1697 1622 1767 ἠρνήσατο
1653 1696 1862 1766 ἔμπρο-

1964 607 2016 650 et
2051 595 2297 664 colaphis
2330 608 2459 646 eum
2492 595 2827 648 ceciderunt.
2888 586 2990 643 Alii
3023 595 3204 642 autem
3239 590 3446 659 palmas
3498 592 3554 648 in

1963 687 2156 741 faciem
2189 685 2305 754 ejus
2350 687 2619 741 dederunt
2649 727 2664 751 ,
2698 685 2976 740 dicentes:
3017 682 3330 737 Vaticinare
3375 685 3552 751 nobis,

1963 779 2198 845 Christe,
2238 778 2361 848 quis
2404 788 2486 832 est
2515 778 2608 846 qui
2644 788 2696 831 te
2741 777 3050 845 percussit?
3080 796 3095 826 ι
3140 774 3368 840 Quando
3419 792 3557 834 cons

1964 871 2253 925 demnatus
2289 878 2390 933 est,
2443 879 2567 923 tunc
2609 869 2968 940 ignominiosa
3010 869 3174 920 multa
3201 877 3388 921 contra
3431 884 3554 923 eum

1966 961 2232 1025 fecerunt,
2267 971 2323 1016 et
2354 961 2648 1015 illu‘debant
2679 962 2751 1024 ei,
2778 961 3095 1030 obtegeutes
3130 969 3275 1012 veste
3309 960 3388 1028 (ut
3416 960 3556 1015 alius

1965 1053 2297 1120 evangelista
2330 1052 2595 1122 inquit")
2631 1052 2823 1106 faciem
2846 1052 2986 1120 ejus.
3024 1050 3158 1103 Nam
3192 1052 3314 1119 quia
3344 1060 3398 1104 ut
3434 1066 3559 1118 pro-

1971 1146 2189 1212 phetam
2223 1160 2346 1198 eum
2379 1145 2673 1209 habebant,
2709 1144 2827 1197 ideo
2863 1145 2934 1198 ita
2967 1142 3262 1196 illudebant
3299 1143 3363 1196 ei.
3399 1142 3560 1195 Cola-

1968 1238 2190 1307 pltizare
2253 1246 2434 1290 autem
2494 1247 2576 1291 est
2631 1236 2882 1290 manibus
2941 1247 3242 1306 percutere,
3306 1245 3359 1288 et
3401 1237 3560 1289 simul

1967 1328 2268 1382 incurvatis
2291 1328 2496 1397 digitis,
2519 1337 2594 1392 et,
2617 1337 2672 1382 ut
2696 1328 3000 1396 simplicius
3020 1329 3194 1382 dicam
3222 1328 3326 1397 (a),
3356 1329 3562 1382 nodoso

1966 1433 2148 1488 pugno
2176 1419 2407 1473 caedere.

2041 1510 2205 1564 Vens.
2242 1509 2432 1579 69-75.
2480 1529 2498 1562 ι
2536 1511 2731 1566 Petrus
2758 1527 2886 1566 vero
2907 1512 3130 1575 sedebat
3158 1510 3287 1566 foris
3313 1512 3364 1565 in
3398 1511 3560 1571 atrio,

1967 1607 2020 1652 et
2054 1600 2368 1655 accessitad
2418 1617 2538 1656 eum
2583 1617 2690 1655 una
2721 1603 2939 1667 ancilla,
2973 1604 3157 1656 dicens
3195 1620 3206 1654 :
3252 1601 3316 1655 Et
3344 1610 3398 1657 tu
3440 1617 3564 1655 cum

1967 1689 2092 1746 Jcsu
2125 1690 2349 1746 Galilwo
2381 1693 2546 1749 eras?
2575 1697 2644 1747 At
2675 1695 2765 1749 ille
2798 1693 3015 1761 negavit
3059 1708 3242 1748 coram
3284 1693 3564 1759 omnibus,

315 1787 408 1841 θεν
438 1788 675 1852 πάντων,
706 1788 880 1856 λέγων
901 1805 914 1820 ο
942 1787 1059 1843 Οὐκ
1087 1785 1202 1842 οἶδα
1227 1787 1278 1841 τί
1301 1788 1501 1858 λέγεις.
1544 1789 1862 1855 Ἐξελθόντα
1970 1783 2012 1838 di

1970 1783 2154 1839 dicens
2188 1801 2200 1838 :
2236 1783 2434 1840 Nescio
2477 1785 2606 1856 quid
2643 1785 2817 1841 dicas.
2848 1786 2982 1839 Cum
3032 1795 3214 1840 autem
3255 1786 3462 1839 exisset
3513 1783 3565 1839 in

273 1879 335 1931 δὲ
371 1879 534 1932 αὐτὸν
589 1883 670 1943 είς
721 1879 812 1932 τὸν
866 1879 1118 1945 πυλῶνα,
1175 1875 1316 1932 εἶδεν
1365 1857 1747 1951 αὑτὸνάλλη,’
1765 1882 1858 1934 καὶ
1896 1857 1936 1914 Β

1896 1857 1936 1914 Β
1969 1875 2320 1942 vestibulum,
2353 1869 2488 1930 vidit
2536 1891 2663 1930 eum
2705 1876 2874 1930 altera
2910 1876 3129 1942 ancilla,
3163 1885 3217 1929 et
3258 1878 3333 1931 ait
3363 1877 3449 1930 IIIS
3476 1875 3566 1944 qui

275 1970 428 2037 λέγει
461 1972 572 2032 τοῖς
602 1970 736 2022 ἐκεῖ·
784 1971 894 2023 Καὶ
927 1963 1081 2032 οὗτος
1115 1966 1183 2040 ἦν
1231 1971 1370 2042 μετά
1415 1970 1592 2039 Ἰησοῦ
1624 1970 1716 2025 τοῦ
1746 1972 1859 2024 Να-
1963 1985 1972 2018 ι

1963 1977 2122 2022 erant
2151 1969 2220 2023 ibi
2260 1989 2271 2024 :
2333 1968 2398 2023 Et
2431 1971 2518 2025 Ιιίο
2553 1977 2673 2022 erat
2702 1985 2823 2023 cum
2861 1969 2988 2024 Jesu
3021 1967 3324 2023 Nazareno.
3378 1969 3443 2022 Et
3471 1969 3570 2024 ite-

275 2064 549 2134 ζωραίουο
588 2063 681 2115 καὶ
709 2062 895 2116 ιπάλιν
931 2059 1210 2132 ⁴Ιῇρνήσατο
1246 2062 1363 2131 μεθ’
1411 2063 1598 2131 ὅρκου,
1640 2064 1721 2116 ὅτι
1745 2063 1858 2116 Οὐκ
1965 2073 1972 2110 ι

1965 2073 2082 2111 rum
2113 2060 2335 2127 negavit
2368 2075 2491 2116 cum
2532 2059 2933 2130 jurejurando:
2969 2057 3088 2114 Non
3119 2059 3240 2114 novi
3266 2058 3565 2115 hominem.

273 2151 398 2208 οἶδα
440 2155 530 2207 τὸν
569 2154 892 2224 ἄνθρωπον·
950 2154 1088 2224 μετά
1130 2154 1326 2225 μικρὸν
1369 2154 1424 2206 δέ
1466 2155 1860 2223 προσελθόντες
1965 2153 1970 2206 l

1965 2153 2032 2206 Et
2080 2165 2198 2223 post
2239 2157 2492 2225 pusillum
2527 2165 2884 2212 accesserunt
2926 2157 3015 2224 qui
3049 2159 3290 2220 stabant,
3327 2165 3383 2209 et
3419 2156 3570 2209 dixe-

273 2248 326 2299 οἱ
376 2248 639 2313 ἑστῶτες,
674 2245 826 2302 εἷπον
877 2248 956 2316 τῷ
997 2247 1188 2319 Πέτρῳ
1214 2265 1226 2278 ·
1281 2245 1520 2316 Ἀληθῶς
1569 2249 1663 2300 καὶ
1698 2249 1761 2302 σὺ
1802 2248 1861 2314 ἐξ

274 2338 455 2392 αὐτῶν
493 2336 544 2392 εἰ
571 2355 583 2370 ’
622 2340 722 2394 καὶ
749 2340 857 2408 γὰρ
889 2341 922 2410 η
947 2337 1106 2392 λαλιά
1133 2355 1226 2391 σου
1255 2337 1414 2409 δῆλόν
1438 2355 1497 2390 σε
1529 2341 1693 2391 ποιεῖ.
1728 2340 1861 2392 Τότε

274 2433 482 2505 ἤρξατο
511 2433 1041 2501 καταναθεματίζειν
1071 2431 1172 2487 καὶ
1201 2430 1450 2500 ὀμνύειν,
1484 2432 1564 2485 ὅτι
1597 2433 1711 2485 Οὐκ
1741 2427 1861 2488 οἶδα

274 2526 370 2580 τὸν
404 2525 711 2596 ἄνθρωπον.
763 2525 872 2578 Καὶ
911 2523 1116 2587 εὐθέως
1153 2524 1404 2593 ἀλέκτωρ
1449 2522 1732 2592 ἐφώνησε*
1769 2528 1865 2579 και⁵

277 2616 524 2686 ἐμνήσθη
577 2618 604 2668 6
652 2615 857 2685 Πέτρος
895 2612 990 2666 τοῦ
1031 2614 1278 2684 ῥήματος
1332 2610 1546 2682 Ἰησοῦ,
1585 2612 1866 2681 εἰρηκότος

278 2707 451 2778 αὐτῷ,
491 2709 575 2760 ὅτι
613 2709 749 2776 Πρὶν
791 2707 1064 2775 ἀλέκτορα
1104 2705 1388 2775 φωνῆσαι,
1416 2706 1537 2775 τρὶς
1571 2705 1864 2776 ἀπαρνήσῃ

285 2815 391 2869 με·
435 2799 530 2851 καὶ
573 2795 803 2864 ἐξελθὼν
843 2795 968 2862 ἔξω,
1003 2793 1237 2847 ῑκλαυσε
1273 2795 1508 2863 πικρῶς.
1558 2814 1575 2845 ι
1630 2795 1870 2866 Ἀπείρῳ

284 2890 435 2962 φόϐῳ
480 2887 915 2956 καταγωνισθεὶς
951 2891 980 2942 6
1003 2888 1210 2958 Πέτρος
1231 2927 1244 2947 .
1275 2887 1570 2941 ἐπελάθετο
1601 2888 1710 2940 τῶν
1740 2890 1871 2940 ὑπο-

284 2986 548 3055 σχέσεων,
585 2983 678 3035 καὶ
711 2984 776 3052 τῇ
805 2980 1126 3050 ἀνθρωπίνῃ
1161 2979 1416 3051 ἀσθενείᾳ
1452 2979 1730 3046 δουλεύει,
1760 2975 1872 3032 οἷον

283 3074 673 3146 ἀποτεθνηκὼς
703 3074 781 3146 τῷ
805 3074 976 3144 φόϐῳ,
1008 3075 1102 3126 καὶ
1140 3074 1277 3143 μηδὲ
1309 3071 1462 3134 εἰδὼς
1492 3071 1521 3125 6
1544 3073 1710 3141 λέγει.
1741 3073 1871 3127 Νόει

1968 2253 2092 2298 r'uut
2121 2244 2317 2301 Petro:
2348 2247 2486 2301 \‘ere
2506 2255 2560 2301 et
2587 2257 2643 2299 tu
2659 2262 2724 2301 ex
2750 2247 2858 2301 illis
2887 2263 2979 2300 es:
3014 2262 3136 2300 nam
3168 2258 3220 2300 et
3250 2246 3461 2316 loquela
3482 2257 3571 2303 tua

1971 2346 2020 2392 te
2051 2337 2400 2392 manifestum
2437 2327 2586 2392 facit.
2623 2337 2777 2391 Tuuc
2808 2337 2975 2404 coepit
3017 2335 3277 2390 detestari
3301 2346 3358 2390 et
3384 2336 3572 2404 jurare

1969 2428 2115 2499 quod
2137 2443 2243 2484 non
2275 2439 2461 2486 nosset
2487 2430 2786 2484 hominem.
2825 2429 2892 2484 Et
2931 2428 3190 2482 continuo
3221 2427 3396 2496 gallus
3435 2442 3571 2481 can-

1971 2519 2125 2575 tavit.
2149 2521 2218 2575 Et
2249 2521 2568 2575 recordatus
2595 2529 2679 2575 est
2707 2519 2902 2575 Petrus
2933 2519 3080 2574 verbi
3113 2517 3265 2579 Jesu.
3296 2520 3385 2588 qui
3418 2519 3574 2573 dixe-

1972 2622 2057 2667 rat
2099 2613 2171 2677 ei,
2203 2612 2526 2682 Priusquam
2569 2612 2745 2682 gallus
2791 2621 2998 2677 cantet,
3056 2622 3136 2663 t..r
3189 2628 3277 2666 me
3329 2611 3571 2680 negabis,

1971 2713 2026 2760 et
2067 2719 2323 2774 egressus
2357 2707 2505 2759 l'oras
2554 2703 2702 2759 lievit
2749 2719 2955 2758 amare.
2985 2723 3014 2783 ,ι
3065 2702 3338 2757 [inmenso
3383 2705 3576 2756 timore

1975 2799 2234 2853 laborans
2281 2797 2499 2864 Petrus,
2551 2798 2754 2852 oblitus
2792 2807 2876 2851 est
2907 2796 3354 2867 promissionum,
3387 2803 3441 2849 et
3470 2795 3573 2849 bu—

1977 2901 2150 2943 mana:
2178 2888 2346 2943 servit
2377 2887 2761 2955 imbecillitati,
2796 2887 2954 2958 quasi
2989 2897 3135 2942 metu
3155 2886 3498 2941 exanimatus
3523 2896 3578 2940 et

1975 2981 2196 3037 nescius
2228 2981 2356 3050 quid
2387 2981 2554 3036 dicat.
2609 2981 2852 3050 lntellige
2895 2990 3075 3034 autem
3125 2994 3222 3047 per
3270 2993 3576 3048 anagogen,

1977 3073 2122 3142 quod
2171 3072 2241 3127 ab
2287 3072 2483 3127 ancilla
2512 3071 2706 3127 Petrus
2739 3071 3183 3140 reprehenditur,
3209 3071 3308 3124 hoc
3327 3084 3449 3124 esse
3485 3070 3578 3122 Illl-

284 3167 342 3220 δέ
378 3184 469 3239 μοι
523 3167 614 3220 καὶ
645 3167 789 3220 κατά
821 3165 1148 3236 ἀναγωγὴν,
1184 3165 1264 3217 ὅτι
1308 3164 1595 3234 ἐλέγχεται
1627 3165 1733 3218 ὑπὸ
1775 3166 1874 3237 τῆς
1901 3197 1944 3254 C

1901 3197 1944 3254 ο
1980 3179 2154 3218 mana:
2207 3163 2545 3219 inﬁrmitatis
2575 3175 2628 3219 et
2659 3163 2878 3218 servilis
2931 3163 3238 3216 aifectionis
3289 3163 3573 3222 indicium.

286 3259 583 3329 παιδίσκης
632 3261 660 3312 6
719 3259 956 3329 Πέτρος,
1017 3259 1305 3323 τουτέστι,
1366 3260 1466 3330 τῆς
1523 3260 1872 3329 ἀνθρωπίνης

285 3351 608 3417 ἀσθενείας,
640 3351 740 3420 τῆς
778 3353 981 3422 μικρᾶς
1017 3353 1111 3404 καὶ
1148 3351 1588 3421 δουλοπρεποῦς,
1624 3352 1781 3425 ἄχρις
1811 3348 1873 3406 οἶ)

287 3446 315 3496 6
344 3443 596 3514 ἀλέκτωρ
648 3447 939 3513 φωνήσας,
987 3445 1067 3506 είς
1117 3443 1372 3512 αἴσθησιν
1419 3444 1584 3495 αὐτὸν
1626 3445 1871 3513 ἤγαγεν·

287 3535 540 3606 ἀλέκτωρ
579 3536 634 3588 δέ
665 3538 811 3588 ἐστιν
841 3538 866 3587 6
903 3536 1078 3604 λόγος,
1118 3537 1146 3587 6
1180 3538 1254 3605 μὴ
1288 3537 1392 3588 ὲῶν
1425 3538 1571 3606 ἡμᾶς
1609 3538 1876 3609 ῥᾳθυμεῖν

287 3629 383 3682 καὶ
405 3629 711 3690 καθεύδειν,
745 3629 879 3682 ἀλλά
909 3629 1084 3696 λέγων
1105 3669 1118 3692 ,
1152 3630 1504 3700 Γρηγορεῖτε,
1540 3631 1651 3694 καὶ,
1689 3631 1874 3696 ’Ἐγει-

291 3739 403 3791 ραι,
445 3721 473 3772 6
504 3721 801 3774 καθεύδων.
844 3722 978 3773 Ὑπὸ
1013 3721 1107 3773 τοῦ
1138 3723 1296 3788 λόγου
1326 3722 1504 3774 τοίνυν
1546 3722 1738 3793 ὥσπερ
1773 3725 1879 3777 ὑπό

286 3829 431 3876 τινος
469 3815 766 3883 ἀλέκτορος
809 3814 1145 3877 διυπνισθεὶς
1177 3815 1204 3866 6
1242 3815 1479 3885 Πέτρος,
1512 3815 1746 3879 ἐξελθὼν
1775 3817 1879 3881 ἔξω

285 3907 386 3972 τῆς
433 3907 604 3975 αὐλῆς
645 3907 739 3959 τοῦ
794 3905 1128 3976 ἀρχιερέως,
1161 3907 1445 3967 τουτέστι,
1479 3909 1579 3985 τῇς
1617 3911 1877 3978 περιοχῆς

284 4000 381 4052 τοῦ
414 4000 830 4069 πεπωρωμένου
862 3999 976 4065 νοῦ,
1015 4001 1108 4052 καὶ
1146 3999 1314 4061 ἐκϐὰς
1348 4001 1455 4052 ἀπὸ
1493 4001 1592 4070 τῆς
1620 4003 1880 4073 ἀναισθη-

288 4092 412 4154 σίας
432 4131 447 4156 ,
483 4091 716 4144 έκλαυσε
747 4091 982 4160 πικρῶς.
1016 4092 1163 4154 Ἕως
1194 4093 1291 4161 μὲν
1315 4094 1424 4162 γὰρ
1449 4089 1517 4161 ἦν
1553 4095 1610 4146 ἐν
1642 4096 1705 4163 τῇ
1740 4095 1877 4165 αὐλῇ

285 4182 381 4237 τοῦ
410 4184 824 4253 πεπωρωμένου
857 4183 975 4245 νοὸς
997 4226 1010 4247 ,
1053 4185 1152 4236 οὐκ
1183 4185 1398 4237 ἔκλαιεν
1419 4202 1433 4217 ·
1475 4187 1536 4237 οὐ
1569 4187 1678 4255 γὰρ
1708 4187 1879 4256 ῂσθάφ

287 4293 410 4330 νετο
431 4293 444 4306 ·
474 4276 711 4347 ὁπηνίκα
735 4275 790 4327 δὲ
817 4274 1042 4346 ἐξῆλθεν
1066 4316 1081 4340 ,
1113 4278 1193 4342 εἰς
1225 4276 1480 4349 αἴσθησιν
1512 4274 1699 4348 ἦλθεν.

877 4391 1129 4446 ΚΕΦΑΛ.
1173 4394 1298 4447 ΚΖ’.

287 4502 428 4572 Περὶ
475 4504 582 4559 τοῦ
601 4503 1258 4588 Δἠγεμόζοςιηιαζάτου.
1310 4508 1450 4588 Περὶ
1508 4507 1619 4588 τῇς
1681 4508 1876 4588 Ἰούδα

353 4577 771 4646 μεταμελείας.
820 4575 956 4646 Περὶ
989 4575 1096 4629 τοῦ
1130 4575 1415 4645 αικισμοῦ
1455 4577 1555 4632 καὶ
1587 4578 1877 4646 τιμωριῶν

358 4645 464 4699 τοῦ
495 4646 777 4716 Χριστοῦ,
814 4645 914 4697 καὶ
943 4647 1362 4716 σταυρώσεως.
1396 4651 1537 4716 Περὶ
1573 4648 1686 4716 τῆς
1716 4645 1881 4715 amt-

359 4730 518 4781 σεως
544 4715 655 4790 τοῦ
685 4717 963 4790 σώματος
989 4715 1096 4769 τοῦ
1131 4719 1374 4786 Κυρίου,
1408 4715 1506 4772 καί
1537 4715 1656 4772 τῶν
1685 4722 1883 4790 φυλά-

357 4804 484 4841 κων
512 4787 620 4842 τοῦ
651 4787 867 4856 τάφου.

365 4919 385 4953 ε
425 4902 647 4971 Πρωτας
673 4903 729 4956 δὲ
751 4903 1075 4974 γενομένης,
1101 4902 1430 4973 συμϐούλιον
1453 4902 1644 4956 ἐλαϐον
1675 4905 1876 4970 πάντες

284 4995 338 5047 οι
368 4995 649 5066 ἀρχιερεῖς
697 4996 792 5048 καὶ
833 4997 884 5048 οι
923 4994 1285 5064 πρεσϐύτεροι
1311 4995 1407 5050 τοῦ
1445 4995 1574 5049 λαοῦ
1616 4997 1758 5050 κατά
1782 4997 1878 5050 τοῦ

301 5087 482 5158 Ἰησοῦ
500 5129 516 5153 ,
543 5087 686 5142 ὥστε
717 5087 1030 5142 θανατῶσαι
1058 5087 1224 5142 αὐτόν
1247 5104 1259 5117 ·
1291 5088 1387 5141 καὶ
1411 5088 1684 5158 δήσαντες
1719 5089 1881 5142 αὐτὸν

285 5176 612 5250 ἀπήγαγον,
648 5181 744 5235 καὶ
779 5181 1108 5251 παρέδωκαν
1138 5181 1347 5252 Ποντίῳ
1387 5181 1606 5252 Πιλάτῳ
1639 5181 1718 5252 τῷ
1748 5184 1881 5253 ἡγε-

292 5273 440 5343 μόνι.
478 5292 498 5324 ι
537 5274 642 5327 Ἴδε
665 5275 757 5327 τὸν
781 5274 1031 5330 διάϐολον
1059 5273 1176 5337 πῶς
1205 5273 1360 5336 ὅλους
1387 5275 1586 5337 αὐτοὺς
1616 5276 1882 5344 κατέσχεν

289 5370 351 5420 έν
377 5365 662 5430 τοιαύταις
703 5369 941 5438 ἡμέραις
974 5367 1171 5430 πείσας
1218 5366 1466 5434 φονεύειν
1489 5407 1502 5433 ,
1537 5369 1594 5420 ἐν
1626 5362 1714 5429 αἷς
1747 5368 1880 5420 πολ-

293 5459 403 5515 λῶν
452 5461 561 5514 ἔδει
602 5459 807 5515 θυσιῶν
853 5462 948 5514 καὶ
982 5459 1348 5532 προσφορῶν,
1391 5459 1532 5530 ὑπὲρ
1566 5460 1673 5512 τῶν
1708 5459 1884 5514 ἄλλων

289 5557 605 5628 ἁμαρτιῶν,
660 5559 756 5610 καὶ
795 5558 1023 5624 ἁγνείας
1061 5558 1156 5610 καὶ
1201 5554 1562 5624 καθάρσεως·
1611 5556 1660 5608 οί
1693 5555 1750 5609 δὲ
1788 5556 1885 5608 καὶ

366 5679 413 5710 “
461 5675 592 5730 Luc.
634 5691 771 5734 xm.
801 5674 890 5740 65,
924 5673 1014 5727 64.

369 5837 446 5909 (ω)
480 5837 625 5893 Edit.
664 5836 784 5891 Lut.
817 5837 1022 5900 omisit,
1055 5847 1111 5890 ut
1145 5839 1440 5906 simplicius
1469 5841 1678 5894 aicant.

627 5933 895 5995 ΡΑτιιοι.
948 5935 1063 5994 Gn.
1102 5934 1392 5998 CXXIII.

1978 3257 2152 3312 donec
2183 3257 2357 3327 gallus
2389 3267 2618 3312 cantans
2659 3257 2809 3309 illum
2866 3255 3142 3311 recordari
3195 3255 3344 3311 fecit.
3386 3253 3577 3308 Gallus

1979 3359 2160 3405 autem
2191 3359 2274 3404 est
2299 3363 2500 3413 sermo,
2533 3349 2624 3417 qui
2668 3363 2776 3402 non
2815 3347 2947 3403 sinit
2989 3363 3087 3401 nos
3127 3357 3342 3416 torpere
3371 3357 3427 3401 et
3451 3347 3579 3399 dor-

1982 3445 2142 3506 mire,
2191 3443 2286 3496 sed
2349 3442 2506 3506 dicit,
2549 3439 2902 3511 Vigilatc,et,
2968 3441 3140 3508 Surge
3197 3442 3287 3509 qui
3349 3441 3576 3496 dormis.

1979 3539 2020 3589 A
2045 3535 2485 3605 scrmoneigitur
2511 3545 2769 3604 tanquam
2799 3549 2826 3586 a
2855 3535 2994 3604 gallo
3031 3534 3283 3606 quopiam
3309 3535 3581 3588 excitatus

1980 3630 2197 3695 Petrus,
2235 3641 2490 3700 egressus
2541 3638 2628 3684 est
2661 3627 2811 3682 foras
2851 3629 3048 3682 atrium
3093 3627 3354 3696 principis
3398 3641 3581 3681 sacer.

1981 3726 2192 3778 dolum.
2255 3724 2358 3776 hoc
2425 3732 2507 3777 est
2552 3720 2814 3774 ambitum
2873 3730 3159 3773 excmcatre
3227 3720 3450 3780 mentis,
3526 3728 3582 3771 et

1981 3831 2232 3886 egressus
2285 3818 2352 3870 ab
2389 3815 2832 3876 insensibilitate,
2876 3814 3022 3869 ﬂevit
3074 3830 3278 3869 amare.
3327 3814 3579 3880 Quandiu

1983 3912 2127 3964 enim
2154 3918 2273 3965 erat
2302 3911 2352 3963 iu
2397 3911 2539 3963 atrio
2571 3919 2856 3962 excrecata-
2890 3911 3110 3974 mentis,
3137 3925 3243 3961 non
3281 3911 3449 3973 ﬂevit,
3487 3924 3582 3961 ne-

1983 4018 2090 4073 que
2120 4005 2265 4059 enim
2289 4004 2560 4059 sentiebat
2599 4023 2611 4058 :
2639 4013 2925 4073 postquam
2947 4015 3124 4059 autem
3149 4003 3335 4070 exivit,
3383 4003 3585 4059 sentire

1985 4097 2167 4166 coepit.

2556 4389 2788 4445 CAPUT
2841 4388 3049 4444 XXVII.

1989 4499 2536 4576 οε-Ροῃιὶοηρὶίαιο
2589 4507 2838 4576 prmide.
2875 4507 2954 4562 De
2997 4509 3364 4576 resipiscentia
3403 4507 3587 4565 ludar.

2056 4572 2134 4626 De
2162 4575 2544 4644 ﬂugellatione,
2563 4572 2727 4645 pinnis
2750 4591 2794 4631 et
2819 4572 3163 4643 cruciﬁxiohe
3193 4578 3414 4633 Christi.
3448 4580 3594 4644 Quo-

2059 4649 2213 4720 modo
2243 4647 2462 4720 petitum
2487 4649 2645 4720 fuerit
2692 4664 2882 4714 corpus
2920 4648 3134 4701 Domini
3170 4661 3225 4702 ut
3258 4652 3590 4720 sepeliretur,

2058 4724 2107 4768 et
2140 4718 2205 4768 de
2232 4719 2474 4772 custodia
2504 4719 2620 4787 ejus
2651 4720 2894 4789 sepulcro
2918 4722 3229 4774 constituta.

2063 4897 2227 4954 Vens.
2266 4901 2317 4965 1,
2341 4901 2394 4954 2.
2429 4919 2447 4952 ι
2484 4900 2643 4956 Mane
2662 4910 2846 4957 autem
2866 4901 3012 4957 facto
3033 4900 3320 4970 consilium
3353 4903 3594 4959 inierunt

1988 5007 2181 5048 omnes
2208 4993 2485 5062 principes
2515 4994 2862 5048 sacerdotum
2890 5005 2947 5050 et
2983 4997 3228 5050 seniores
3257 4997 3439 5066 populi
3477 4997 3587 5049 ad-

1992 5098 2186 5138 versus
2215 5083 2424 5152 Jesum,
2449 5094 2508 5139 ut
2541 5100 2667 5140 eum
2704 5088 2863 5142 morti
2920 5089 3221 5145 traderent.
3251 5088 3316 5143 Et
3347 5089 3588 5144 vinctqu

1991 5191 2116 5230 eum
2154 5177 2523 5243 adduxerunt,
2564 5188 2620 5233 et
2663 5180 3007 5235 tradiderunt
3031 5180 3228 5237 Pontio
3246 5181 3423 5236 Pilato
3457 5198 3594 5251 pra-

1991 5268 2115 5324 sidi.
2156 5288 2175 5321 ι
2210 5267 2344 5323 Vide
2391 5271 2671 5328 diabolum
2712 5275 2991 5344 quomodo
3048 5289 3240 5330 omnes
3277 5274 3439 5349 154
3473 5276 3593 5329 illos

1992 5363 2423 5429 comprehendat
2472 5367 2524 5420 in
2580 5367 2774 5423 diebus
2824 5369 2950 5433 illis,
3007 5371 3343 5438 persuadens
3400 5373 3478 5423 eis
3539 5379 3596 5422 ut

1993 5459 2268 5526 occidant,
2319 5475 2442 5514 cum
2502 5459 2818 5517 sacrificare
2846 5471 2900 5517 et
2957 5460 3155 5518 oﬂerre
3204 5462 3438 5517 debeant
3495 5476 3594 5524 pro

1993 5555 2222 5612 aliorum
2281 5557 2541 5626 peccatis,
2600 5559 2982 5626 sanctimonia,
3016 5567 3073 5614 et
3119 5559 3461 5630 purgatione.
3515 5554 3595 5613 Illi

3198 5929 3273 5998 15
