4298 6446
275 367 383 437 461

814 361 1258 427 ENARRATIO
1296 361 1378 422 IN
1417 358 1920 424 EVANGELIUM
1959 355 2346 417 MH'I‘HIEI.
2390 379 2459 389 --
2499 352 2658 415 CAP.
2695 350 2942 414 XXVII.

3435 345 3544 413 462

282 486 412 554 μίου
438 479 534 535 τοῦ
565 479 870 549 προφήτου,
913 476 1163 543 λέγοντος
1187 489 1200 504 ·
1223 473 1335 526 Καὶ
1363 471 1558 524 Ελαὸον
1593 470 1662 524 τὰ
1697 469 1851 538 τριά-
1883 473 1929 527 Α
1961 469 1973 520 i

1883 473 1929 527 Α
1961 468 2239 536 impletum
2273 476 2358 522 est
2392 464 2535 534 quod
2567 467 2772 519 dictum
2806 475 2892 521 est
2942 477 3039 532 per
3083 463 3377 526 Ieremiam
3427 425 3554 536 pro-

273 591 440 628 ιιοντα
477 568 716 640 ἀργύρια
744 569 843 636 τὴν
872 564 1038 634 τιμὴν
1074 561 1168 614 τοῦ
1209 559 1604 630 τετιμημένου,
1646 557 1704 610 ὃν
1746 559 1858 608 ὲτι-

1968 565 2184 629 phetam
2217 560 2482 613 dicentem
2517 575 2530 610 :
2565 557 2628 609 Et
2644 565 2983 627 acceperunt
3009 557 3231 627 triginta
3267 569 3559 628 argenteos

278 667 525 735 μήσαντο
552 661 659 712 ἀπὸ
694 659 828 711 υίῶν
870 655 1107 727 Ἰσραὴλ,
1140 655 1233 707 καὶ
1255 653 1461 704 ἔδωκαν
1491 651 1630 702 αὐτὰ
1661 651 1739 710 εἰς
1763 648 1856 700 τὸν
1965 667 1975 717 ι

1965 653 2196 717 pretium
2228 651 2500 710 :estimati,
2535 664 2696 718 quem
2719 651 3045 703 :estlmatuiu
3077 661 3327 704 emerunt
3350 666 3378 703 a
3433 651 3559 705 filiis

274 753 448 824 ἀγρὸν
474 751 569 804 τοῦ
613 750 901 820 κεραμέως
947 747 1092 799 καθά
1134 744 1392 808 συνέταξέ
1429 759 1519 811 μοι
1565 741 1788 812 Κύριος.
1833 756 1850 789 ι

276 845 567 914 Κορδανᾶν
598 843 784 909 ελεγον
830 841 920 892 τὸν
955 843 1011 891 ὲν
1053 839 1131 907 τῷ
1172 836 1301 906 ίερῷ
1343 835 1647 906 θησαυρὸν,
1677 835 1760 894 είς
1801 832 1859 884 ὃν

275 933 501 986 ἑόαλ).ον
547 933 613 986 τά
665 929 1090 999 προσφερόμενα
1143 926 1222 995 τῷ
1263 925 1383 994 Θεῷ
1414 925 1582 995 δῶρα.
1622 924 1766 989 Ὅρα
1805 922 1861 974 δὲ

278 1021 397 1085 πῶς
439 1023 466 1074 ό
498 1021 629 1082 Θεὸς
661 1021 900 1089 ματαιοὶ
927 1018 1126 1080 αὐτοὺς
1147 1057 1162 1079 ,
1196 1015 1336 1067 ὥστε
1393 1013 1728 1082 φημίζεσθαι
1763 1014 1862 1082 τὴν

279 1112 564 1182 μιαιφόνον
604 1111 785 1164 αὐτῶν
816 1112 1041 1180 γνώμην
1066 1127 1080 1139 ·
1115 1109 1255 1171 Ἕως
1285 1110 1395 1177 γὰρ
1438 1110 1538 1175 τῆς
1584 1109 1824 1176 σήμερον
1846 1145 1861 1167 ,

277 1206 466 1272 φησιν,
486 1201 681 1269 ’Δγρὺς
705 1201 938 1269 αἵματος
962 1199 1207 1250 καλεῖται
1234 1199 1262 1248 ὁ
1280 1197 1449 1265 ἀγρὸς
1471 1197 1700 1256 ἐκεῖνος,
1721 1194 1863 1247 ὥστε

280 1297 491 1355 πάντας
527 1291 1046 1362 ἀναμιμνήσκεσθαι
1076 1291 1159 1342 ὅτι
1186 1288 1274 1340 τὸν
1304 1288 1512 1355 Κύριον
1544 1286 1862 1352 ἐφόνευσαν.

278 1383 536 1438 Μένθανε
566 1383 620 1435 δὲ
656 1383 750 1436 καὶ
789 1381 966 1443 τοῦτο,
1003 1381 1084 1433 ὅτι
1121 1379 1211 1432 καὶ
1241 1378 1394 1447 παρά
1424 1379 1533 1440 τοῖς
1587 1376 1866 1438 Ἰουδαίοις

278 1474 537 1525 τοσοῦτον
589 1474 622 1542 ἡ
670 1470 950 1539 φιλοξενία
990 1467 1392 1531 ὶσπουδάζετο,
1430 1466 1570 1518 ὥστε
1619 1467 1714 1518 καὶ
1753 1467 1868 1528 τοῖς

281 1564 458 1630 ξένοις
491 1564 569 1626 είς
615 1563 794 1632 ταφὴν
821 1564 1022 1632 χωρίον
1066 1579 1118 1614 τι
1153 1559 1554 1628 ἀγορασθῆναι.
1591 1558 1871 1626 Αἰσχυνώ-

281 1656 426 1725 μεθα
472 1652 564 1708 οὖν
594 1657 781 1724 ἡμεῖς,
826 1656 874 1706 ol
906 1653 1247 1721 τελειοτέρου
1290 1651 1389 1720 μὲν
1431 1650 1546 1719 βίου
1581 1649 1870 1710 δοκοῦντες

278 1743 442 1810 εἶναι,
471 1749 598 1808 τοὺς
629 1747 686 1798 δὲ
722 1746 906 1810 ξένους
939 1744 1444 1814 παρασλεπόμενοι.
1481 1743 1591 1812 Τὴν
1619 1741 1786 1812 τιμὴν
1815 1741 1872 1794 δὲ

1967 744 2155 806 Israel,
2196 752 2250 797 et
2290 745 2554 798 dederunt
2606 758 2701 797 eos
2746 743 2798 795 in
2833 758 3022 811 agrum
3058 742 3225 811 figuli,
3269 743 3409 796 sicut
3442 759 3566 797 cou-

1969 836 2140 890 stituit
2167 835 2296 886 mihi
2331 833 2615 888 Dominus.
2659 853 2676 885 ι
2708 834 3012 888 Corbonam
3043 835 3297 888 dicebant
3339 835 3562 889 thtaSau-

1971 942 2092 980 rum
2123 927 2173 979 in
2224 925 2443 995 templo,
2488 927 2538 980 in
2573 941 2732 994 quem
2779 925 3065 979 mittebant
3113 927 3250 978 dona
3290 939 3411 994 qua:
3456 925 3566 980 Deu

1972 1017 2357 1072 offerebantur.
2410 1018 2540 1071 Vide
2581 1027 2762 1071 autem
2811 1018 3085 1086 quomodo
3140 1017 3280 1070 Deus
3334 1017 3566 1070 iufatuet

1972 1109 2136 1172 illos,
2207 1119 2266 1161 ut
2326 1109 2642 1163 traducatur
2701 1125 2854 1162 mens
2910 1109 3122 1162 illorum
3189 1111 3564 1178 sanguinaria.

1974 1201 2155 1270 Usque
2185 1203 2236 1254 iu
2265 1202 2404 1254 hunc
2427 1201 2569 1255 enim
2604 1202 2769 1264 diem,
2806 1203 2902 1266 ait,
2927 1216 3057 1270 ager
3080 1201 3169 1254 ille
3203 1201 3404 1254 dicitur
3425 1201 3568 1268 Ager

1974 1293 2274 1362 sanguinis,
2319 1301 2379 1346 ut
2417 1308 2610 1346 omnes
2636 1295 2747 1346 sint
2803 1309 3072 1348 memores
3100 1295 3242 1362 quod
3281 1294 3570 1348 Dominum

1975 1383 2294 1438 occiderint.
2324 1381 2480 1436 Disce
2497 1393 2678 1437 autem
2700 1393 2754 1437 et
2782 1384 2908 1448 hoc,
2943 1384 3084 1451 quod
3110 1393 3162 1437 et
3189 1385 3330 1452 apud
3352 1381 3574 1438 Judieos

1977 1474 2213 1532 fueritin
2245 1475 2419 1542 pretio
2448 1474 2793 1543 hospitalitas
2828 1477 3004 1531 :unde
3041 1476 3090 1526 in
3113 1475 3448 1543 sepulturam
3475 1488 3573 1542 pe-

1981 1567 2319 1636 regrinorum
2355 1565 2512 1635 155
2538 1582 2726 1636 agrum
2766 1567 2914 1620 illum
2957 1578 3231 1621 emerunt.
3254 1566 3574 1620 Confunda-

1979 1673 2101 1712 mur
2134 1658 2300 1729 igitur
2327 1675 2451 1721 nos,
2493 1660 2582 1727 qui
2610 1661 2738 1714 vita:
2761 1659 3106 1727 perfectioris
3139 1659 3390 1712 videmur
3426 1673 3572 1722 esse,

1980 1758 2034 1803 et
2059 1751 2379 1820 peregrinos
2401 1750 2756 1818 despicimus.
2780 1749 3046 1815 Pretium,
3073 1751 3269 1819 inquit,
3295 1752 3576 1815 aestimati,

279 1837 378 1891 τοῦ
441 1837 831 1907 τετιμημένου,
869 1838 1069 1906 φησιν,
1126 1828 1378 1906 ’δηλονότι
1438 1833 1532 1887 τοῦ
1587 1831 1868 1904 Χριστοῦ·
1905 1821 1950 1881 Β

1905 1821 1950 1881 Β
1981 1843 2078 1897 hoc
2100 1853 2183 1897 est
2222 1841 2424 1897 Christi
2455 1861 2468 1896 :
2499 1842 2898 1896 inaestimabilis
2921 1843 3064 1895 enim
3091 1840 3214 1904 fuit,
3246 1852 3301 1895 et
3335 1842 3579 1896 aestima-

279 1930 546 1998 ἀτίμητος
600 1930 700 1997 μὲν
749 1929 857 1997 γάρ
895 1924 993 1998 ἦν,
1033 1925 1272 1996 ἐτιμήθη
1318 1926 1377 1979 δὲ
1410 1927 1518 1978 ἀπὸ
1573 1925 1709 1978 υίῶν
1763 1925 1867 1977 Ἰσ-

285 2021 446 2090 ραὴλ,
499 2020 772 2082 τουτέστι,
823 2019 921 2089 τὴν
972 2017 1144 2088 τιμὴν
1193 2016 1360 2070 αὑτοῦ
1419 2017 1656 2086 ἔστησαν
1689 2015 1875 2070 οίυίοὶ

295 2111 537 2182 Ἰσραὴλ,
563 2112 1029 2183 συμφωνήσαντες
1053 2110 1130 2181 τῷ
1166 2109 1339 2181 Ἰούδᾳ
1367 2107 1551 2162 δοῦναι
1578 2107 1874 2178 τριάκοντα

282 2205 549 2275 ἀργύρια.

365 2318 383 2348 ι
443 2300 502 2351 Ὀ
533 2299 590 2352 δὲ
635 2297 839 2368 Ἰησοῦς
889 2297 1018 2368 ἔστη
1065 2297 1378 2368 ἔμπροσθεν
1429 2296 1524 2350 τοῦ
1578 2296 1873 2368 ἡγεμόνος.

286 2392 386 2443 καὶ
430 2391 785 2460 ἐπηρώτησεν
819 2391 984 2443 αὐτὸν
1021 2390 1048 2440 ό
1100 2387 1350 2459 ἡγεμὼν,
1400 2388 1576 2456 λέγων
1606 2405 1618 2418 ·
1652 2391 1725 2440 Σὺ
1770 2384 1823 2440 εἴ
1851 2390 1879 2440 ό

287 2480 543 2550 βασιλεὺς
567 2482 675 2535 sitv
717 2482 1016 2547 Ἰουδαίων;
1056 2481 1113 2534 'O
1141 2481 1196 2533 δὲ
1227 2480 1434 2548 Ἰησοῦς
1471 2480 1573 2551 ἔφη
1604 2480 1774 2549 αὐτῷ·
1806 2482 1879 2533 Σὺ

286 2573 490 2640 λέγεις.
543 2575 652 2625 Καὶ
695 2576 752 2626 ὲν
800 2573 880 2644 τῷ
941 2573 1371 2642 κατηγορεῖσθαι
1409 2573 1572 2624 αὑτὸν
1621 2573 1726 2624 ὑπὸ
1771 2573 1883 2625 τῶν

289 2665 594 2735 ἀρχιερέων
623 2666 717 2718 καὶ
742 2665 850 2718 τῶν
883 2665 1294 2735 πρεσσυτέρων,
1325 2664 1477 2716 οὐδὲν
1523 2664 1880 2736 ἀπεκρίνατο.

291 2757 426 2809 Τότε
457 2757 602 2824 λέγει
627 2756 777 2826 αὐτῷ
796 2761 822 2809 ό
840 2758 1098 2820 Πιλᾶτος·
1119 2757 1232 2808 Οὐκ
1257 2756 1474 2818 ἀκούεις
1490 2756 1633 2808 πόσα
1666 2774 1758 2808 σου
1787 2775 1886 2808 κα-

287 2849 741 2918 ταμαρτυροῦσις
793 2852 902 2904 Καὶ
933 2851 1034 2903 οὐκ
1084 2849 1359 2920 ἀπεκρίθη
1399 2849 1550 2919 αὐτῷ
1590 2849 1726 2920 πρὸς
1767 2849 1886 2901 οὐδὲ

291 2938 351 2991 ἒν
384 2939 534 3008 ῥῆμα
556 2957 571 2970 ·
603 2939 744 2992 ὥστε
778 2939 1083 3009 Θαυμάζειν
1121 2942 1212 2993 τὸν
1260 2941 1507 3010 ἡγεμόνα
1540 2939 1680 2993 λίαν.
1731 2958 1750 2990 ι
1798 2938 1888 3002 Ὦς

291 3031 388 3082 ιπι
427 3031 707 3099 δημοσίοις
738 3032 1050 3103 ἐγκλήμασι
1088 3032 1572 3102 κατηγορούμενος
1609 3032 1887 3099 ἀπάγεται

292 3123 430 3192 πρὸς
476 3123 730 3188 Πιλάτον,
757 3123 880 3176 ὅθεν
921 3125 1015 3177 καὶ
1059 3125 1240 3194 ἱρωτᾷ
1289 3125 1454 3176 αὑτὸν
1487 3125 1535 3176 εί
1584 3123 1888 3176 επεὸαλετο

293 3215 583 3284 ἀνταρσία,
615 3216 709 3267 καὶ
727 3215 1053 3285 ἐπεχείρησε
1083 3215 1406 3285 βασιλεῦσαι
1437 3216 1546 3268 τῶν
1587 3215 1883 3268 Ἰουδαίων.

306 3305 368 3359 Ὀ
396 3307 451 3358 δὲ
500 3306 706 3375 Ἰησοῦς
737 3307 839 3375 ἔφη
876 3306 1026 3377 αύτῷ
1053 3322 1067 3336 ·
1095 3309 1167 3359 Σὺ
1199 3307 1380 3375 λέγεις
1401 3326 1412 3337 ·
1442 3307 1735 3376 ἀπόκρισιν
1765 3306 1890 3367 δοὺς

294 3398 448 3467 αὐτῷ
497 3399 847 3468 σοφωτάτην·
886 3399 1011 3452 οὗτε
1072 3401 1181 3470 γὰρ
1236 3395 1412 3463 εἶπεν,
1469 3399 1552 3450 ὅτι
1590 3398 1704 3450 Οὐκ
1755 3397 1892 3465 είμὶ,

293 3489 424 3544 οὔτε
455 3491 637 3554 πάλιν,
668 3494 750 3544 ὅτι
783 3493 934 3563 Εἰμί.
981 3492 1143 3546 Ἀλλὰ
1174 3493 1352 3560 μέσως
1385 3507 1501 3552 πως
1537 3490 1662 3560 ἔφη·
1700 3489 1772 3541 Σὺ
1804 3489 1891 3540 λέ-

297 3601 447 3652 γεις.
480 3583 652 3636 Τοῦτο
678 3585 784 3654 γὰρ
802 3585 1022 3637 δὶναται
1051 3586 1144 3638 καὶ
1169 3585 1311 3637 οὕτω
1341 3584 1627 3652 νοηθῆναι,
1649 3581 1731 3633 ὅτι
1763 3583 1897 3651 Εἰμὶ

298 3674 484 3736 καθὼς
507 3675 705 3742 λέγεις·
733 3676 825 3727 καὶ
845 3675 1038 3738 οὕτως,
1060 3677 1140 3728 ὅτι
1175 3674 1317 3741 Ἐγὼ
1343 3676 1442 3744 μὲν
1466 3675 1622 3727 τοῦτο
1649 3676 1709 3727 ού
1727 3675 1892 3741 λέγω,

300 3750 370 3819 σὺ
410 3767 467 3819 δὲ
525 3767 740 3834 λέγεις·
785 3768 912 3821 ἄλλο
947 3769 1130 3838 μέντοι
1175 3768 1325 3820 οὐδὲν
1370 3767 1732 3836 ἀπεκρίνατο·
1781 3768 1896 3836 ᾔδει

299 3858 411 3928 γὰρ
452 3860 512 3911 τδ
547 3860 832 3929 κριτήριον
867 3862 941 3929 μὴ
989 3860 1131 3912 κατά
1153 3861 1311 3927 λόγον
1346 3859 1664 3928 προϐαῖνον.
1701 3859 1896 3912 Ἐθαύα

303 3949 477 4022 μαζεν
505 3950 598 4004 οῦν
622 3952 652 4004 ό
682 3951 913 4015 Πιλάτος
944 3953 1035 4003 τὸν
1083 3951 1312 4023 Κύριον,
1351 3953 1467 4020 ἅμα
1503 3951 1602 4020 μὲν
1628 3951 1704 4013 ὡς
1724 3970 1894 4004 κατα-

300 4043 606 4112 φρονοῦντα
631 4041 862 4097 θανάτου
880 4083 895 4109 ,
929 4043 1045 4112 ἅμα
1074 4043 1130 4095 δὲ
1162 4044 1286 4106 πῶς
1311 4045 1489 4110 λόγιος
1513 4043 1587 4094 ὢν
1611 4046 1705 4095 καὶ
1731 4044 1898 4114 μυρία

297 4133 445 4202 ἔχων
480 4132 848 4203 προόαλὰτίιαι
881 4137 961 4197 είς
989 4135 1308 4202 ἀπολογίαν,
1344 4136 1499 4187 οὐδὲν
1538 4136 1895 4204 ἀπεκρίνατο,

299 4227 441 4280 ἀλλά
487 4227 596 4280 τῶν
628 4228 1005 4296 ἐγκαλούντων
1043 4228 1358 4298 ὑπερεώρα.
1405 4229 1800 4297 Διδασκώμεοα
1840 4229 1897 4281 δὲ

299 4319 401 4370 καὶ
451 4320 612 4388 ήμιζς
651 4318 906 4372 ἐντεῦθεν
953 4321 1082 4372 ὅταν
1125 4321 1260 4386 πρὸς
1293 4321 1648 4388 δικαστήριον
1685 4320 1900 4389 ἔχωμεν

298 4411 723 4481 διεφθαρμένον,
748 4413 914 4482 μηδὲν
933 4413 1134 4480 λέγειν,
1162 4414 1249 4465 ἵνα
1270 4416 1406 4482 μήτε
1431 4413 1659 4482 θόρυόον
1682 4413 1899 4465 πλείονα

298 4502 630 4571 ἐγείρωμεν,
663 4504 800 4571 μήτε
835 4504 1216 4572 κατακρίσεως
1259 4503 1502 4566 πλείονος
1539 4497 1690 4572 ὦμεν
1731 4504 1896 4556 αιτιοι
1930 4512 1972 4565 ι)

299 4597 416 4659 τοῖς
450 4596 525 4664 μὴ
550 4596 658 4648 τῶν
695 4596 1004 4664 ἀπολογιιῖη
1037 4597 1194 4666 ἡμῶν
1222 4597 1501 4650 ἀκούουσι.

381 4705 400 4736 ι
436 4686 590 4737 Κατά
619 4686 675 4738 δὲ
716 4686 910 4757 ἑορτὴν
948 4685 1132 4738 είώθει
1171 4689 1198 4738 ὁ
1230 4688 1456 4756 ἡγεμὼν
1503 4688 1764 4740 ἀπολύειν
1801 4691 1897 4742 ἕνα

297 4775 377 4846 τῷ
406 4775 550 4845 δχλῳ
578 4777 825 4845 δέσμιον,
861 4777 920 4829 ὃν
965 4778 1156 4848 ηοελον
1179 4795 1191 4807 ο
1239 4775 1385 4849 εἶχον
1433 4779 1486 4830 δὲ
1519 4781 1642 4832 τότε
1675 4781 1897 4850 δέσμιον

297 4869 596 4936 ἐπίσημον,
646 4869 942 4939 λεγόμενον
1002 4871 1319 4938 Βαραϐϐᾶν.
1378 4873 1742 4942 Συνηγμένων
1806 4873 1901 4926 οὖν

299 4961 505 5025 αὐτῶν,
536 4957 688 5014 εἶπεν
720 4963 902 5024 αὐτοῖς
931 4966 958 5015 ὀ
984 4964 1236 5026 Πιλᾶτος·
1259 4963 1394 5015 Τίνα
1425 4965 1609 5016 θέλετε
1639 4964 1900 5018 ἀπολύσω

300 5061 468 5130 ὑμῖν,
497 5059 810 5128 Βαραϐϐᾶν,
845 5059 879 5129 ἢ
923 5059 1132 5129 Ἰησοῦν
1162 5060 1254 5112 τὸν
1286 5060 1580 5129 λεγόμενον
1628 5061 1898 5130 Χριστόνς

309 5151 465 5222 ’ᾙδει
499 5150 608 5218 γὰρ
654 5152 737 5203 ὅτι
788 5149 877 5202 διὰ
923 5150 1117 5219 φοόνον
1165 5151 1492 5220 παρέδωκαν
1537 5151 1718 5203 αὐτόν.
1764 5170 1781 5201 ι
1839 5149 1898 5202 Ὀ

305 5243 539 5306 Πιλᾶτος
581 5243 914 5308 ἐσπούδαζεν
965 5242 1234 5296 ἀπολῦσαι
1275 5244 1366 5295 τὸν
1418 5244 1673 5313 Χριστὸν,
1723 5245 1770 5295 εἰ
1805 5244 1898 5295 καὶ

304 5334 698 5404 μαλακώτερον
732 5335 826 5388 τοῦ
858 5336 1101 5398 δέοντος·
1144 5335 1250 5386 ἔδει
1291 5336 1398 5404 γὰρ
1441 5337 1696 5406 ἐνστῆναι
1733 5336 1898 5388 αὐτὸν

305 5429 449 5496 ὑπὲρ
497 5429 592 5482 τοῦ
637 5429 890 5498 ἀληθοῦς.
942 5430 1164 5496 Πρῶτον
1221 5429 1317 5497 μὲν
1373 5426 1466 5480 οὖν
1521 5430 1773 5500 ἠρώτησε
1808 5430 1896 5482 τὸν

304 5518 530 5590 Κύριον·
562 5523 676 5574 Οὐκ
713 5523 931 5584 ἀκούεις
967 5522 1017 5572 τί
1047 5517 1192 5574 οὗτοί
1226 5539 1316 5573 σου
1345 5523 1892 5592 καταμαρτυροῦσιν;

316 5613 601 5684 Ἦρώτησε
617 5616 671 5668 δὲ
701 5615 810 5679 ἵνα,
836 5616 1319 5686 ἀπολογησαμένου
1341 5616 1435 5669 τοῦ
1457 5617 1717 5686 Χριστοῦ,
1741 5617 1892 5687 σχοίη

304 5708 564 5778 ἀφορμὴν
595 5709 732 5778 πρὸς
773 5709 835 5761 τὸ
875 5707 1147 5762 ἀπολῦσαι
1188 5709 1352 5760 αὑτὸν
1375 5725 1387 5738 ·
1425 5711 1548 5760 ἐπεὶ
1578 5709 1634 5761 δὲ
1665 5712 1763 5762 οὐκ
1793 5713 1900 5763 ἀπο

303 5801 542 5868 εῖιιογεῖτο
571 5803 599 5855 ό
625 5801 852 5871 Κύριος,
879 5801 1167 5869 γινώσκων
1190 5800 1429 5864 πάντως,
1458 5801 1538 5853 ὅτι
1569 5802 1673 5855 κᾶν
1697 5802 1897 5854 ἀπολο-

1983 1945 2070 1989 tus
2107 1943 2190 1990 est
2225 1950 2250 1986 a
2297 1933 2424 1989 filiis
2453 1933 2642 1999 Israel,
2678 1934 2781 1988 hoc
2809 1943 2919 1997 est,
2959 1934 3196 2003 pretium
3231 1933 3348 2001 ejus
3371 1934 3581 1987 consti-

1984 2037 2202 2082 tueruut
2265 2028 2356 2080 lilii
2407 2027 2595 2092 Israel,
2643 2027 2786 2097 pacti
2819 2042 2943 2081 cum
2987 2024 3125 2080 Juda
3172 2035 3229 2080 ut
3273 2027 3470 2082 darent
3503 2026 3579 2080 illi

1984 2121 2200 2191 triginta
2229 2128 2536 2190 argenteos.

2061 2301 2224 2358 Vsus.
2246 2303 2434 2358 ll-H.
2472 2321 2489 2356 ι
2523 2301 2684 2359 Iesus
2717 2312 2896 2357 autem
2927 2303 3221 2358 stetitante
3268 2300 3579 2370 prasidem.

1986 2405 2041 2450 et
2067 2395 2423 2465 interrogavit
2451 2410 2576 2449 eum
2617 2409 2816 2463 prmsos
2851 2393 3037 2448 dicens
3075 2409 3089 2446 :
3136 2391 3215 2443 Tu
3251 2405 3309 2445 es
3351 2405 3446 2443 rex
3486 2387 3583 2442 Ju-

1987 2487 2268 2542 dazorum?
2297 2485 2438 2540 [ῆι-ιι
2466 2486 2538 2539 illi
2570 2485 2727 2541 .lesus
2759 2503 2772 2538 :
2804 2484 2884 2538 Τιι
2914 2484 3071 2540 dicis.
3097 2483 3164 2537 Et
3195 2499 3320 2538 cum
3344 2496 3578 2536 accusa-

1992 2589 2138 2634 retur
2165 2595 2192 2631 a
2228 2579 2562 2648 principibus
2588 2579 2957 2639 sacerdotum,
2997 2587 3052 2631 et
3083 2575 3419 2640 senioribus,
3451 2573 3588 2628 nihil

1993 2671 2291 2740 respondit.
2326 2669 2484 2724 Tunc
2525 2669 2656 2724 dicit
2691 2670 2765 2723 illi
2807 2669 3050 2723 Pilatus:
3085 2666 3200 2721 Non
3230 2665 3390 2720 audis
3423 2679 3586 2733 quam

1993 2764 2160 2817 multa
2184 2765 2446 2817 adversus
2470 2771 2522 2814 te
2551 2763 2734 2814 dicant
2761 2758 3106 2814 testimonia?
3141 2758 3202 2811 Et
3227 2772 3334 2811 non
3369 2771 3592 2826 respon-

1995 2856 2072 2908 dit
2093 2855 2140 2909 ei
2177 2855 2242 2908 ad
2271 2853 2436 2907 ullum
2469 2854 2712 2916 verbum,
2750 2853 2821 2904 ita
2845 2861 2902 2904 ut
2930 2851 3222 2904 miraretur
3255 2864 3458 2916 pneses
3496 2863 3592 2899 ve-

1996 2947 2299 3002 hementer.
2335 2964 2352 2997 ι
2394 2946 2557 3013 Quasi
2600 2943 2912 3013 capitalium
2955 2944 3248 2998 criminum
3287 2957 3414 2995 reus
3445 2941 3593 2994 sisti-

1999 3049 2085 3092 tur
2115 3038 2310 3102 Pilato,
2343 3048 2398 3092 et
2433 3039 2802 3105 interrogatur
2829 3052 2955 3088 num
3001 3035 3284 3099 invaserit,
3310 3044 3364 3087 et
3399 3035 3592 3103 c0nju-

2002 3132 2223 3194 raverit,
2248 3140 2302 3184 et
2333 3131 2616 3184 attentarit
2646 3142 2877 3197 regnare
2917 3125 3141 3181 Judaais.
3202 3124 3361 3179 .lesns
3409 3135 3590 3178 autem

1998 3223 2134 3276 dixit
2175 3221 2247 3272 illi
2290 3238 2304 3274 :
2337 3217 2418 3272 Tn
2455 3219 2589 3273 dicis
2639 3236 2654 3271 :
2702 3218 3113 3284 sapientissimo
3146 3231 3411 3283 responso
3443 3217 3590 3268 dato.

1999 3313 2182 3382 Neque
2210 3312 2354 3365 enim
2383 3310 2555 3365 dixit:
2580 3309 2697 3362 Non
2729 3325 2885 3362 sum:
2925 3323 3024 3361 nec
3050 3316 3262 3370 contra,
3295 3308 3406 3376 Ego
3427 3321 3548 3360 sum
3577 3322 3591 3359 :

1999 3406 2090 3458 sed
2125 3403 2305 3457 medio
2329 3404 2562 3470 quodam
2599 3400 2759 3454 modo
2789 3398 2927 3451 dixit
2957 3415 2970 3450 :
3000 3397 3078 3450 Tu
3110 3398 3268 3451 dicis.
3301 3397 3417 3450 Iluc
3444 3397 3590 3448 enim

2000 3507 2178 3566 potest
2209 3505 2260 3549 et
2290 3495 2368 3549 sic
2396 3492 2618 3569 intelligi
2653 3512 2663 3543 :
2700 3491 2830 3544 Sum
2864 3489 3006 3542 sicut
3037 3488 3208 3553 dicis;
3241 3497 3294 3541 et
3317 3488 3393 3540 sic
3431 3503 3443 3536 :
3482 3486 3592 3551 Ego

2000 3589 2216 3656 quidem
2271 3587 2371 3639 hoc
2412 3601 2518 3638 non
2555 3585 2697 3648 dico,
2738 3591 2791 3636 tu
2846 3591 3028 3634 autem
3073 3581 3225 3633 dicis.
3266 3580 3426 3632 Aliud
3466 3594 3594 3631 vero

2003 3693 2321 3746 responsum
2361 3693 2463 3730 non
2513 3674 2681 3729 dedit.
2729 3674 2947 3728 Sciebat
2986 3674 3128 3726 enim
3178 3671 3441 3739 iniustum
3480 3670 3597 3723 fore

1996 3768 2284 3836 judiiium.
2319 3763 2551 3817 Proinde
2588 3763 2889 3814 admiratus
2920 3769 2999 3814 est
3038 3759 3244 3812 Pilatus
3281 3758 3594 3817 Dominum.

2003 3871 2056 3913 et
2081 3863 2222 3926 quod
2252 3866 2624 3912 contemneret
2649 3862 2902 3917 mortem,
2932 3864 2984 3906 et
3012 3853 3154 3922 quod
3198 3860 3307 3904 tam
3335 3851 3597 3920 eloquens

2004 3965 2058 4006 et
2095 3954 2259 4004 multa
2297 3950 2501 4003 habens
2538 3963 2657 4018 qure
2693 3947 3068 4016 responderet,
3120 3945 3252 3998 nihil
3293 3947 3596 4011 responde-

2005 4054 2105 4106 ret,
2134 4043 2227 4096 scd
2259 4052 2604 4096 accusatores
2642 4048 3036 4094 contemneret.
3083 4038 3366 4090 Discamus
3399 4047 3454 4088 et
3500 4051 3599 4086 nos

2005 4134 2106 4186 huc
2149 4133 2268 4185 loco
2291 4133 2564 4200 quomodo
2594 4145 2783 4200 gerere
2821 4145 2920 4183 nos
2970 4130 3266 4182 deheamus
3301 4128 3352 4179 in
3387 4127 3597 4196 judicio

2005 4227 2228 4292 injusto.
2256 4241 2322 4278 ne
2347 4227 2473 4294 quid
2493 4226 2759 4284 dicamus,
2791 4240 2856 4276 ne
2880 4222 3145 4276 tumultus
3174 4219 3348 4287 major
3381 4219 3600 4273 oboria-

2007 4328 2112 4379 tur,
2148 4333 2282 4371 neve
2313 4317 2534 4385 majoris
2563 4317 3041 4369 condemnationis
3072 4317 3423 4368 occasionem
3459 4328 3600 4382 pra:-

2007 4412 2231 4465 beamus
2263 4411 2348 4464 his
2384 4411 2475 4479 qui
2511 4408 2853 4464 defensiones
2901 4417 3115 4460 nostras
3155 4406 3348 4460 audire
3384 4406 3598 4459 nolunt.

2077 4681 2241 4736 Vens.
2276 4681 2464 4735 15-18.
2503 4698 2520 4732 ι
2555 4680 2609 4732 In
2635 4680 2774 4734 festo
2806 4688 2984 4733 autem
3016 4687 3602 4744 consueveratpraescs

2007 4776 2176 4827 turbae
2222 4775 2495 4827 dimittere
2547 4790 2713 4826 unum
2764 4773 3002 4826 vinclum
3060 4786 3222 4840 quem
3269 4771 3591 4825 voluissent.

2006 4867 2250 4921 Ilahebat
2281 4879 2462 4919 autem
2500 4875 2629 4918 tunc
2657 4867 2899 4919 vinctum
2939 4865 3233 4933 insignem,
3259 4864 3351 4931 qui
3381 4863 3602 4917 diceba-

2007 4969 2093 5012 tur
2125 4958 2425 5012 Barabbas.
2462 4957 2822 5028 Cougregatis
2854 4973 2984 5026 ergo
3021 4957 3148 5020 illis,
3180 4957 3316 5011 dixit
3351 4955 3598 5010 Pilatus:

2004 5051 2174 5117 Quem
2209 5051 2368 5104 vultis
2407 5052 2674 5104 dimittam
2723 5051 2897 5112 vobis,
2934 5049 3259 5112 Barabbam,
3310 5065 3375 5103 an
3409 5047 3596 5103 Iesum

2005 5148 2094 5217 qui
2140 5146 2342 5201 dicitur
2390 5145 2679 5200 Christus?
2726 5144 2944 5199 Sciebat
2990 5149 3136 5196 enim
3176 5143 3325 5213 quod
3373 5149 3602 5212 propter

2007 5239 2263 5292 invidiam
2298 5237 2650 5292 tradidissent
2679 5253 2823 5291 eum.
2867 5255 2885 5287 ι
2923 5235 3132 5289 Pilatus
3158 5234 3598 5289 studebatChri-

2005 5340 2148 5384 stum
2207 5329 2508 5391 absolvere,
2557 5327 2775 5380 tametsi
2833 5327 3035 5380 lentius
3071 5339 3231 5393 quam
3289 5323 3602 5392 oportebat.

2005 5425 2236 5477 debebat
2267 5423 2411 5476 enim
2442 5436 2500 5473 se
2531 5437 2626 5490 pro
2656 5420 2883 5474 veritate
2913 5419 3170 5487 objicere.
3206 5413 3447 5469 Primum
3474 5415 3603 5483 qui-

2007 5520 2125 5574 dem
2175 5515 2544 5584 interrogabat
2602 5513 2888 5567 Dominum
2937 5530 2948 5563 :
2992 5509 3110 5564 Non
3151 5508 3306 5562 audis
3344 5506 3475 5576 quid
3525 5506 3604 5560 illi

2007 5624 2194 5668 contra
2234 5618 2286 5663 te
2336 5605 2731 5662 tcstilicentur?
2768 5603 3129 5672 Interrogavit
3175 5611 3396 5666 autem,
3458 5606 3516 5651 ut
3555 5599 3602 5652 si

2005 5705 2258 5760 Christus
2295 5715 2354 5756 se
2381 5708 2690 5763 excusaret,
2739 5697 2967 5750 haberet
3012 5695 3360 5749 occasionem
3417 5691 3597 5746 absol-

2009 5797 2166 5854 vendi
2205 5811 2350 5853 eum.
2397 5794 2464 5848 At
2507 5809 2630 5847 cum
2692 5803 2797 5844 neu
2852 5785 3174 5844 defenderet
3217 5800 3274 5839 se
3318 5783 3593 5847 Christus,
