4298 6446
790 418 897 480 463

1636 406 1941 466 ΤἩΕΟΡΠ
1955 402 2237 464 YLACTI'
2264 403 2363 463 BU
2376 401 2677 463 LGARIE
2718 401 3055 463 ARCHIEP

3901 402 4012 468 ιιι

789 539 965 595 sciens
997 548 1053 587 se
1086 544 1187 586 non
1220 525 1499 591 dimissum
1547 524 1609 575 iri
1651 522 1997 590 quantumvis
2040 533 2097 573 se
2120 532 2344 571 exeusa-
2382 521 2425 576 Α
2455 534 2486 582 γ

2331 544 2344 556 ι
2382 521 2425 576 Α
2455 518 2725 583 γήσηται,
2764 518 2863 566 οὐκ
2907 513 3265 583 ἀφεθήσεται,
3301 514 3497 584 ἑτέραν
3528 516 3644 569 ὁδὸν
3695 517 3961 588 τρέπεται
4000 526 4028 575 6

790 638 891 692 ret,
918 625 1073 677 aliam
1122 620 1257 671 viam
1294 616 1498 669 invenit
1532 612 1753 674 Pilatus,
1786 620 1838 664 et
1873 608 2109 675 confugit
2138 608 2245 675 jam
2280 605 2343 659 ad

788 713 1251 773 consuetudinem,
1283 706 1437 777 quasi
1475 706 1550 760 sic
1580 706 1782 757 diceret
1826 719 1837 753 :
1877 700 1929 754 Si
1960 715 2067 753 non
2103 708 2161 752 ut
2190 698 2346 751 inuo-

773 819 995 872 ,centem
1029 802 1295 856 dimittitis
1333 796 1537 859 Jcsum,
1584 796 1772 848 saltem
1816 803 2071 860 tanquam
2122 790 2346 843 damna-

786 913 898 955 tum
934 899 1231 953 condonate
1284 894 1455 961 ipsum
1504 889 1625 943 huic
1676 885 1830 939 festo.
1876 884 2153 948 Quomodo
2200 882 2342 934 enim

784 990 1042 1061 suspicari
1075 988 1332 1056 potuisset
1368 982 1568 1036 Pilatus
1599 980 1739 1049 quod
1785 979 2126 1031 innocentem
2158 973 2341 1027 Jesum

786 1083 849 1136 ad
876 1077 1291 1145 cruciligendum
1322 1082 1583 1142 peterent,
1614 1078 1667 1123 et
1702 1082 1847 1122 reum
1878 1066 2139 1119 latronem
2164 1062 2346 1116 dimit—

783 1170 992 1225 terent?
1040 1168 1225 1222 Sciens
1277 1166 1437 1234 igitur
1476 1177 1579 1215 non
1623 1174 1741 1213 esse
1791 1173 1960 1219 reum,
2015 1157 2105 1211 sed
2147 1154 2340 1207 invidia

784 1262 1063 1323 traditum,
1087 1258 1202 1312 ideo
1225 1257 1513 1323 interrogat
1546 1266 1657 1305 eos.
1688 1249 1839 1304 Unde
1859 1246 2092 1301 ostendit
2118 1259 2175 1297 se
2198 1243 2343 1312 plus-

783 1366 941 1421 quam
1003 1362 1210 1415 azquuzn
1278 1354 1395 1397 erat
1446 1341 1791 1395 molliorem:
1854 1338 2012 1407 156
2063 1332 2343 1403 oportebat

783 1444 921 1497 enim
955 1454 1049 1508 pro
1081 1437 1305 1491 veritate
1335 1433 1649 1505 periclitari.
1674 1432 1858 1499 Itaque
1885 1430 2075 1497 dignus
2104 1433 2184 1479 est
2213 1438 2342 1478 con-

781 1533 1145 1595 demnatione,
1171 1538 1425 1597 tanquam
1453 1526 1692 1581 veritatis
1714 1534 2046 1591 suppressor.
2072 1517 2342 1571 Barabbas

782 1637 957 1679 autem
1004 1621 1357 1689 interpretari
1412 1618 1533 1687 quis
1581 1622 1753 1685 potest
1789 1612 1959 1681 ﬁlium
1996 1610 2187 1678 patris.
2240 1606 2342 1661 Bar

780 1718 921 1771 enim
955 1714 1121 1782 ﬁlius,
1156 1713 1336 1765 Ahbas
1371 1719 1548 1763 autem
1581 1718 1747 1782 pater.
1782 1703 1947 1758 Judaei
1982 1703 2143 1771 igitur
2176 1699 2340 1754 lilium

780 1807 951 1877 patris
981 1806 1063 1860 sui
1090 1803 1287 1859 diaboli
1319 1800 1677 1871 postularunt,
1717 1776 1897 1850 losum
1942 1806 2120 1848 autem
2155 1791 2340 1846 cruci-

2454 606 2702 668 Πιλάτος,
2735 605 2827 658 καὶ
2860 605 3195 673 καταφεύγει
3218 604 3408 657 λοιπὸν
3434 606 3526 658 ἐπὶ
3555 607 3614 658 τὸ
3652 608 3792 671 ιθος,
3833 626 4028 676 μονον-

2450 698 2570 765 ουχὶ
2606 695 2762 749 τοῦτο
2807 695 2981 764 λέγων
3002 713 3015 728 ·
3046 697 3107 749 Et
3144 696 3219 766 μή
3242 696 3317 757 ὡς
3347 696 3524 749 ἀθῶον
3551 698 3741 766 ἀφίετε
3781 700 3873 752 τδν
3914 701 4025 772 Ἰη-

2453 785 2597 848 σοῦν,
2618 786 2715 839 κᾶν
2743 785 2816 847 ὡς
2841 786 3170 854 κατάκριτον
3197 784 3497 854 χαρίσασθε
3520 787 3710 840 τοῦτον
3736 792 3801 859 τῇ
3832 792 4021 860 ἑορτῇ.

2451 877 2560 931 Ποῦ
2587 882 2694 947 γὰρ
2723 875 2789 928 ἂν
2818 875 3088 935 ὑπέλαϐεν
3120 877 3149 929 6
3183 876 3415 939 Πιλάτος
3453 876 3534 931 ὅτι
3573 878 3751 931 ἀθῶον
3780 881 3909 933 ὄντα
3936 883 4026 934 τὸν

2467 970 2677 1039 Ἰησοῦν,
2700 970 3013 1039 αἰτήσονται
3064 970 3469 1038 σταυρωθῆναι,
3524 959 3617 1023 καὶ
3653 971 3745 1023 τὸν
3777 972 4028 1024 ὑπαίτιον

2450 1062 2651 1137 λῃστὴν
2696 1061 3093 1128 ἀπολύσουσιν;
3142 1061 3310 1123 Εἰδὼς
3341 1056 3436 1115 οὖν
3483 1062 3565 1115 ὅτι
3624 1064 3877 1127 ὑπαίτιος
3928 1067 4027 1119 οὐκ

2449 1155 2587 1217 ἐστι,
2652 1154 2924 1222 φθονεῖται
2970 1154 3061 1218 δὲ,
3106 1153 3298 1205 τούτου
3347 1154 3532 1208 ἕνεκεν
3577 1155 3757 1225 ἐρωτᾷ
3789 1156 4025 1219 αύτούς·

2448 1248 2569 1299 ὅθεν
2604 1247 2874 1299 δείκνυται
2905 1245 2985 1297 ὅτι
3029 1243 3423 1315 μαλακώτερος
3451 1241 3552 1314 ἦν’
3587 1246 3693 1298 ἔδει
3729 1247 3838 1316 γάρ
3867 1248 4031 1299 αὑτὸν

2449 1335 2896 1407 προκινδυνεῦσαι
2939 1333 3031 1386 τοῦ
3067 1334 3299 1401 ἀγαθοῦ.
3330 1337 3427 1387 Διά
3458 1334 3614 1388 τοῦτο
3638 1331 3729 1389 οὖν
3758 1339 3853 1388 καὶ
3880 1337 4030 1402 ἀξιος

2447 1430 2846 1501 κατακρίσεως,
2880 1430 2955 1492 ὡς
2982 1430 3079 1499 τὴν
3107 1430 3369 1500 ἀλήθειαν
3399 1431 3772 1500 συγκαλύψας.
3810 1432 4031 1501 Βαραϐ-

2447 1522 2547 1586 ϐᾶς
2573 1522 2628 1575 δέ
2656 1520 3044 1593 ἑρμηνεύεται,
3071 1522 3203 1587 υίὸς
3240 1523 3346 1578 τοῦ
3398 1528 3621 1592 πατρός
3644 1544 3656 1557 ο
3690 1525 3793 1596 βάρ
3844 1526 3955 1596 γὰρ
3995 1530 4028 1581 d

2447 1613 2596 1678 υίὸς,
2622 1610 2796 1673 ἀϐϐᾶς
2816 1612 2871 1664 δέ
2905 1614 2938 1665 ό
2962 1614 3178 1681 πατήρ.
3206 1614 3267 1666 Οἱ
3294 1612 3473 1666 τοίνυν
3507 1615 3767 1679 Ἰουδαῖοι,
3801 1614 3891 1669 τὸν
3912 1618 4029 1669 υίδν

2445 1702 2540 1756 τοῦ
2572 1702 2778 1773 πατρὸς
2807 1702 3007 1765 αὐτῶν,
3030 1702 3124 1756 τοῦ
3159 1702 3431 1767 διαϐόλου,
3466 1704 3821 1775 ἐξῃτήσαντο,
3852 1707 3945 1760 τὸν
3969 1708 4028 1762 δι

2458 1794 2663 1865 Ἰησοῦν
2690 1795 3075 1864 ἐσταύρωσανο
3106 1794 3200 1848 καὶ
3247 1795 3410 1865 μέχρι
3452 1795 3507 1848 δέ
3541 1796 3635 1850 τοῦ
3667 1796 3783 1861 νῦν,
3813 1796 3893 1867 τῷ
3925 1797 4027 1867 μιν

781 1873 1012 1953 lixarum
1038 1916 1051 1950 :
1079 1904 1130 1949 et
1160 1908 1326 1965 usque
1355 1895 1407 1947 in
1440 1894 1583 1947 hunc
1616 1892 1753 1945 diem
1781 1889 1890 1942 ﬁlio
1921 1886 2090 1956 patris
2122 1885 2203 1939 sui
2232 1885 2341 1937 An-
2375 1873 2417 1930 Β
2448 1906 2477 1939 υ

2327 1913 2341 1923 -
2375 1873 2417 1930 Β
2448 1886 2546 1957 υίῷ
2574 1886 2665 1940 τοῦ
2700 1888 2906 1957 πατρὸς
2936 1887 3138 1953 αοτῶν,
3166 1888 3246 1957 τῷ
3286 1887 3657 1959 ’Λντιχρίστῳ,
3700 1887 4024 1959 προστίθεν-

781 1991 1029 2046 tiehristo
1066 1989 1361 2049 adhaerent,
1398 1984 1668 2039 Christum
1703 1995 1880 2036 autem
1913 1981 2198 2048 abnegant.

847 2085 1012 2138 Vsus.
1039 2081 1228 2136 19-96.
1279 2096 1296 2130 ι
1337 2078 1568 2133 Sedente
1598 2083 1775 2128 autem
1801 2073 1890 2125 illo
1928 2086 2023 2139 pro
2066 2067 2339 2133 tribunali,

776 2177 924 2232 misit
956 2176 1018 2228 ad
1048 2189 1169 2227 eum
1203 2187 1337 2226 uxor
1372 2170 1509 2238 ejus,
1539 2168 1720 2221 dicens
1762 2183 1775 2218 :
1827 2163 1973 2219 Nihil
2005 2163 2096 2216 tibi
2122 2171 2173 2216 et
2195 2161 2341 2231 justo

775 2269 871 2325 illi.
902 2267 1065 2321 Multa
1098 2267 1241 2319 enim
1274 2277 1429 2333 passa
1471 2275 1589 2316 sum
1620 2259 1780 2313 hodie
1803 2259 1855 2312 in
1883 2256 2088 2312 somnis
2126 2263 2341 2324 propter

770 2375 915 2417 eum.
960 2358 1234 2425 Principes
1264 2363 1443 2409 autem
1478 2351 1816 2406 sacerdotum
1851 2358 1905 2402 et
1940 2348 2181 2401 seniores
2211 2360 2335 2415 per-

773 2456 1059 2506 suaserunt
1091 2445 1261 2500 turbis
1295 2452 1353 2496 ut
1384 2450 1628 2511 peterent
1653 2434 2175 2502 Barabbam,Jesum
2208 2446 2340 2489 vero

773 2541 1079 2609 perderent.
1138 2535 1488 2603 Respondens
1527 2541 1705 2585 autem
1768 2542 1967 2597 praeses
2025 2526 2099 2581 ait
2161 2524 2265 2581 illis
2318 2542 2332 2580 :

775 2623 964 2681 Utrum
1001 2623 1165 2676 vultis
1190 2622 1338 2675 vobis
1367 2636 1394 2674 e
1421 2619 1632 2673 duobus
1659 2616 1959 2671 dimittam?
1984 2616 2051 2669 At
2082 2616 2158 2670 illi
2183 2616 2335 2671 dixe-

774 2724 897 2769 runt
941 2734 951 2766 :
997 2711 1315 2766 Barabbam.
1358 2710 1492 2763 Dicit
1528 2709 1633 2763 illis
1684 2706 1935 2761 Pilatus:
1989 2707 2125 2771 Quid
2178 2708 2338 2774 igitur

776 2806 969 2861 faciam
1023 2807 1085 2859 de
1134 2803 1291 2867 Jesu,
1333 2802 1423 2872 qui
1475 2802 1671 2854 dicitur
1709 2799 1998 2854 Christus?
2050 2799 2245 2853 Dicunt
2286 2799 2335 2854 ei

772 2914 955 2953 omnes
989 2918 1000 2951 :
1028 2896 1403 2964 Cruciﬁgatur.
1429 2893 1636 2947 Praeses
1663 2903 1839 2945 autem
1876 2893 1950 2945 ait
1984 2910 1995 2943 :
2024 2890 2163 2956 Quid
2191 2892 2333 2945 enim

772 2988 892 3043 mal‘
929 2986 1089 3042 fecit?
1119 2988 1183 3040 At
1212 2986 1286 3038 illi
1321 2985 1489 3055 magis
1515 2983 1840 3046 clamabant,
1874 2982 2111 3036 dicentes
2148 2998 2160 3035 :
2196 2981 2332 3037 Cru-

769 3079 1035 3149 ciligatur.
1082 3076 1275 3130 Videes
1312 3086 1484 3129 autem
1521 3075 1725 3128 Pilatus
1760 3074 1901 3143 quod
1934 3072 2062 3126 nihil
2100 3072 2328 3141 prolice-

770 3182 870 3234 ret,
898 3174 989 3226 sed
1020 3170 1189 3239 magis
1224 3167 1478 3222 tumultus
1512 3169 1684 3229 licrel,
1717 3176 1934 3232 accepta
1970 3180 2105 3233 aqua
2142 3179 2332 3218 manus

768 3264 936 3317 abluit
967 3275 1144 3315 coram
1184 3262 1397 3328 populo,
1429 3260 1610 3312 dicens
1657 3274 1670 3311 :
1706 3256 1966 3311 lnnocens
2012 3272 2111 3325 ego
2150 3271 2268 3310 sum
2302 3273 2332 3310 a

766 3354 1175 3423 sanguinejusti
1215 3352 1389 3419 hujus,
1433 3364 1524 3405 vos
1570 3348 1841 3403 videbitis.
1905 3348 1970 3400 Et
2000 3350 2333 3417 respondens

767 3447 1051 3500 universus
1081 3444 1302 3511 populus
1330 3442 1463 3494 dixit
1493 3460 1504 3493 :
1544 3439 1777 3509 Sanguis
1809 3439 1925 3507 ejus
1956 3453 2116 3507 super
2144 3453 2242 3492 nos
2280 3449 2333 3491 et

767 3551 929 3604 super
973 3534 1111 3587 ﬁlios
1161 3543 1392 3587 nostros.
1432 3531 1580 3585 Tunc
1630 3531 1835 3585 dimisit
1873 3530 1976 3584 illis
2005 3528 2327 3593 Barabbam,

765 3627 948 3681 Jesum
973 3636 1151 3679 autem
1179 3622 1500 3693 ﬂagellatum
1529 3621 1746 3674 tradidit
1768 3629 1825 3673 ut
1853 3619 2277 3687 cruciﬁgeretur.
2308 3635 2327 3666 ι

765 3715 810 3772 0
840 3715 1157 3770 miraculum
1188 3715 1199 3768 l
1254 3714 1343 3782 qui
1366 3712 1639 3779 judicatur
1671 3725 1698 3763 a
1731 3709 1920 3773 Pilato,
1958 3723 2177 3763 uxorem
2219 3708 2335 3775 ejus

767 3819 951 3864 terret.
986 3807 1109 3875 lpse.
1141 3817 1319 3859 autem
1372 3820 1475 3858 non
1522 3806 1668 3858 videt
1703 3803 1993 3862 somnium,
2044 3802 2137 3855 sed
2174 3815 2331 3864 uxor,

762 3902 847 3956 vel
877 3900 1020 3969 quod
1065 3900 1177 3966 ipse
1205 3888 1456 3966 indignus
1492 3904 1627 3957 erat,
1661 3895 1743 3948 vel
1771 3894 1913 3963 quod
1967 3892 2097 3947 lides
2132 3892 2179 3947 ei
2223 3906 2329 3946 non

763 3994 950 4049 luisset
993 3992 1193 4056 habita,
1232 3990 1321 4045 sed
1368 3989 1514 4044 visus
1558 4000 1706 4044 esset
1744 3989 1808 4043 ad
1857 3990 2083 4057 gratiam
2132 3988 2273 4056 loqui
2315 4007 2327 4043 :

761 4084 1009 4139 fortassis
1039 4084 1198 4136 etiam
1225 4081 1480 4135 tacuisset
1512 4080 1660 4145 talia,
1691 4080 1735 4133 si
1766 4079 2011 4140 vidisset,
2038 4093 2160 4131 cum
2186 4086 2331 4131 esset

756 4174 942 4243 judex.
988 4172 1345 4226 Providentia:
1378 4179 1557 4225 autem
1605 4184 1741 4239 opus
1782 4168 2050 4222 somnium
2103 4168 2327 4233 factum,

762 4281 866 4319 non
902 4273 958 4316 ut
994 4264 1301 4318 absolvatur
1330 4262 1599 4326 Christus,
1650 4261 1741 4315 sed
1781 4270 1841 4312 ut
1883 4269 2132 4314 servetur
2172 4273 2326 4312 uxor.

760 4358 1039 4423 Quomodo
1068 4357 1228 4423 igitur
1264 4369 1368 4408 non
1417 4352 1646 4407 absolvit
1674 4350 1859 4406 illum?
1906 4350 2039 4417 Quia
2075 4364 2179 4405 non
2213 4358 2329 4404 erat

760 4450 1023 4519 integrum
1052 4447 1319 4501 dimittere
1337 4446 1505 4509 illum,
1530 4444 1617 4512 qui
1641 4443 1704 4498 de
1730 4441 2016 4511 tyrannide
2035 4441 2331 4495 accusaba-

2444 1996 2556 2045 ται,
2590 1980 2681 2032 τὸν
2705 1980 2761 2033 δέ
2792 1981 3027 2051 Χριστὸν
3062 1980 3479 2052 παραιτοῦνται.

2522 2087 2540 2111 ι
2572 2068 2900 2140 Καθημένου
2928 2069 2985 2122 δέ
3006 2070 3170 2123 αὑτοῦ
3193 2071 3287 2124 ἐπὶ
3312 2071 3406 2124 τοῦ
3442 2072 3704 2140 βήματος,
3731 2073 4023 2127 ἀπέστειλα

2443 2161 2580 2230 πρὸς
2608 2161 2769 2214 αὐτὸν
2813 2164 2843 2232 ή
2884 2162 3023 2233 γυνή
3050 2162 3235 2227 αὑτοῦ,
3278 2161 3543 2230 λέγουσα·
3581 2165 3763 2234 Μηδὲν
3807 2168 3888 2218 σοὶ
3930 2167 4025 2220 καὶ

2440 2249 2517 2319 τῷ
2545 2249 2737 2319 δικαίῳ
2772 2251 2984 2321 ἐκείνῳ.
3024 2251 3199 2306 Πολλά
3238 2253 3347 2321 γὰρ
3378 2251 3578 2307 ἔπαθον
3621 2256 3865 2326 σήμερον
3901 2255 4023 2310 κατ’

2438 2340 2570 2412 ὄναρ
2608 2341 2674 2393 δι’
2708 2342 2891 2394 αὐτόν.
2927 2343 2989 2395 Ol
3032 2341 3089 2395 δὲ
3120 2343 3397 2414 ἀρχιερεῖς
3431 2344 3525 2398 καὶ
3554 2344 3603 2398 οι
3654 2346 4023 2418 πρεσϐύτεροι

2439 2433 2663 2487 ἔπεισαν
2696 2433 2820 2495 τοὺς
2858 2433 3047 2502 ὄχλους
3077 2435 3163 2487 ἵνα
3195 2436 3527 2505 αἰτήσωνται
3578 2437 3669 2490 τὸν
3703 2439 4022 2509 Βαραϐϐᾶν,

2438 2523 2531 2577 τὸν
2565 2523 2622 2577 δέ
2667 2523 2872 2592 Ἰησοῦν
2903 2523 3261 2579 ἀπολέσωσιν.
3319 2526 3666 2597 Ἀποκριθεὶς
3704 2530 3733 2581 6
3771 2530 4022 2600 ήγεμὼν,

2439 2610 2591 2669 εἶπεν
2618 2614 2827 2680 αὐτοῖς’
2851 2615 2986 2668 Τίνα
3007 2614 3189 2669 θέλετε
3215 2616 3324 2669 ἀπὸ
3350 2616 3460 2669 τῶν
3479 2618 3571 2672 δύο
3595 2619 3852 2674 ἀπολύσω
3866 2623 4024 2692 ὑμίν;

2439 2706 2501 2760 Οί
2536 2705 2592 2759 δὲ
2620 2702 2769 2761 εἷπον
2789 2724 2803 2739 ·
2834 2706 3144 2779 Βαραϐϐᾶν.
3178 2709 3343 2777 Λέγει
3374 2709 3561 2771 αὐτοῖς
3599 2712 3627 2763 6
3662 2712 3927 2776 Πιλάτος’
3960 2714 4028 2766 Τί

2438 2793 2531 2851 ὀῦν
2560 2799 2769 2869 ποιήσω
2801 2798 3004 2869 Ἰησοῦν
3028 2799 3117 2852 τὸν
3135 2798 3429 2870 λεγόμενον
3452 2803 3686 2873 Χριστόν
3712 2820 3727 2868 ;
3756 2805 4027 2874 Λέγουσιν

2437 2888 2586 2958 αύτῷ
2606 2887 2823 2951 πάντες·
2851 2887 3247 2960 Σταυρωθήτω.
3267 2891 3323 2943 '0
3343 2891 3399 2944 δέ
3422 2892 3646 2961 ἡγεμὼν
3674 2895 3799 2964 ἔφη’
3830 2896 3895 2948 Τί
3918 2898 4027 2967 γὰρ

2438 2979 2607 3033 κακὸν
2641 2979 2932 3051 ἐποίησεν;
2971 2983 3034 3033 Ol
3064 2982 3430 3052 δέ.περισσῶς
3462 2984 3715 3054 ἔκραζον,
3742 2987 4024 3054 λέγοντες·

2437 3072 2832 3143 Σταυρωθήτω.
2871 3073 3017 3127 Ἰδὼν
3058 3075 3114 3127 δέ
3153 3077 3180 3126 6
3213 3078 3465 3141 Πιλάτος,
3493 3078 3575 3131 ὃτι
3607 3080 3759 3132 οὐδὲν
3791 3080 4020 3148 ὠφελεῖ,

2438 3162 2573 3216 ἀλλά
2599 3163 2796 3231 μᾶλλον
2821 3164 3050 3235 θόρυϐος
3077 3165 3311 3233 γίνεται,
3342 3167 3532 3222 λαϐὼν
3549 3169 3696 3240 ὕδωρ
3720 3171 4025 3243 ἀπενίψατο

2437 3256 2536 3318 τὰς
2573 3255 2757 3324 χεῖρας
2779 3256 3039 3310 ἀπέναντι
3070 3257 3159 3311 τοῦ
3198 3258 3379 3327 ὄχλου,
3410 3260 3585 3327 λέγων
3607 3277 3623 3293 ο
3672 3263 3877 3326 Ἀθῶός
3905 3267 4026 3334 ειμι

2437 3346 2543 3400 ἀπὸ
2584 3345 2678 3398 τοῦ
2713 3346 2944 3416 αἵματος
2979 3348 3075 3401 τοῦ
3102 3349 3313 3403 δικαίου
3350 3352 3563 3413 τούτου,
3600 3354 3757 3422 ὑμεῖς
3800 3356 4020 3424 ὄψεσθε.

2436 3436 2539 3490 Καὶ
2571 3438 2888 3508 ἀποκριθεὶς
2923 3441 3029 3503 πᾶς
3060 3442 3088 3491 6
3112 3442 3261 3505 λαὸς,
3296 3438 3443 3495 ἐῐπε·
3473 3445 3545 3495 Τὸ
3575 3440 3714 3513 αἷμα
3746 3448 3910 3499 αὑτοῦ
3937 3451 4003 3515 ἐφ

2436 3529 2583 3597 ἡμᾶς
2617 3530 2712 3581 καὶ
2744 3531 2839 3581 ἐπὶ
2869 3530 2935 3581 τά
2962 3531 3125 3583 τέκνα
3150 3533 3326 3601 ἡμῶν.
3371 3534 3503 3587 Τότε
3535 3536 3805 3590 ἀπέλυσεν
3837 3540 4025 3604 αὐτοῖς

2435 3620 2523 3670 τὸν
2555 3619 2866 3688 Βαραϐϐᾶν,
2896 3622 2988 3673 τὸν
3031 3622 3086 3674 δέ
3130 3623 3340 3692 Ἰησοῦν
3392 3627 3829 3695 φραγγελώσσας
3870 3646 4014 3699 παρ-

2437 3709 2635 3763 έδωκεν
2663 3712 2748 3763 ῐνα
2769 3713 3111 3783 σταυρωθῇ.»
3141 3716 3205 3766 Ὢ
3242 3716 3335 3768 τοῦ
3363 3716 3666 3787 θαύματοςί
3702 3721 4025 3791 κρινόμενος

2436 3800 2539 3852 ὑπὸ
2570 3800 2826 3867 Πιλάτου,
2858 3803 3106 3873 ἐξεφόϐει
3140 3805 3239 3876 τὴν
3261 3807 3451 3861 τούτου
3483 3814 3715 3875 γυναῖκα
3742 3828 3754 3840 ·
3790 3814 3890 3864 οὐκ
3920 3814 4020 3864 αύ-

2431 3890 2521 3951 τδς
2544 3890 2600 3943 δὲ
2626 3893 2728 3961 ὁρᾷ
2761 3892 2822 3945 τὸ
2851 3893 3003 3964 ὄναρ,
3042 3895 3158 3948 ἀλλ’
3189 3897 3222 3966 ἡ
3253 3898 3412 3966 γυνὴ,
3448 3900 3479 3969 ἢ
3504 3895 3653 3953 θδιότι
3700 3900 3919 3968 ἀνάξιος
3949 3899 4023 3974 ἦν

2433 3982 2683 4053 αύτὸς,ῆ
2734 3984 2815 4036 ὅτι
2887 3985 2987 4037 ούκ
3034 3986 3101 4039 ἂν
3153 3990 3473 4060 ἐπιστεύθη,
3535 3992 3651 4045 ἀλλ’
3698 3993 3845 4057 ἔδοξε
3883 3996 4023 4064 πρὸς

2434 4071 2592 4142 χάριν
2634 4073 2841 4141 λέγειν’
2877 4078 3037 4147 τυχὸν
3082 4079 3139 4132 δὲ
3188 4081 3286 4133 καὶ
3335 4082 3646 4159 ἐσιώπησεν
3690 4084 3781 4151 ἂν,
3827 4090 3873 4137 εί
3910 4084 4019 4140 εἶδε

2433 4165 2615 4230 τοῦτο,
2655 4162 2744 4219 οἶα
2792 4168 2984 4239 κριτὴς
3013 4168 3110 4222 ὢν.
3158 4171 3424 4241 Προνοίας
3461 4173 3519 4226 δέ
3566 4174 3726 4244 ἔργον
3773 4176 3833 4227 τὸ
3862 4178 4020 4247 ὄναρ,

2432 4258 2527 4325 οὐχ
2549 4257 2634 4342 ἵνα
2654 4257 2894 4328 ἀπολυθῇ
2944 4261 2971 4311 6
2994 4261 3227 4328 Χριστὸς
3256 4262 3344 4315 διὰ
3373 4262 3531 4316 τοῦτο
3560 4268 3869 4335 γενόμενον,
3898 4269 4021 4322 ἀλλ’

2434 4349 2519 4400 ἵνα
2555 4348 2698 4418 σωθῇ
2735 4351 2767 4419 ή
2800 4352 2958 4419 γυνή.
2998 4350 3121 4413 Πῶς
3154 4347 3249 4405 οὖν
3287 4354 3387 4406 οὐκ
3422 4355 3731 4421 ἀπέλυσεν;
3769 4360 3890 4411 Ὀτι
3917 4362 4021 4413 οὐκ

2428 4431 2497 4505 ἦν
2530 4436 2768 4504 ἀσφαλὲς
2800 4439 2948 4509 αύτῷ
2997 4441 3217 4507 ἀφεῖναι
3252 4443 3437 4505 αυτὸν,
3488 4440 3576 4498 οἷα
3609 4448 3700 4499 ἐπὶ
3733 4450 4017 4515 τυραννίδι

763 4548 869 4591 tur.
898 4535 1095 4590 Verum
1140 4534 1424 4603 oportebat
1456 4545 1650 4585 causas
1685 4531 1957 4597 inquirere
1988 4530 2158 4593 illum,
2198 4544 2325 4582 nutn
2358 4536 2403 4590 ι)
2432 4546 2460 4581 κ

2318 4547 2325 4581 ι
2358 4536 2403 4590 ι)
2432 4529 2940 4600 κατηγορούμενον
2982 4532 3098 4584 ἀλλ’
3132 4534 3301 4604 ἐχρῆν
3333 4535 3639 4598 ἀποδείξεις
3672 4538 3926 4607 ζητῆσαι,
3963 4544 4015 4593 εί

762 4628 959 4682 milites
1011 4626 1395 4684 conscriberet,
1450 4637 1575 4675 num
1616 4634 1765 4673 arma
1808 4618 2095 4673 fabricaret
2131 4637 2144 4671 :
2183 4635 2323 4674 nunc
2434 4638 2459 4673 ο

2434 4622 2767 4691 στρατιώτας
2795 4622 3104 4690 κατέλεγεν,
3136 4627 3183 4676 εί
3207 4626 3347 4678 ὅπλα
3373 4626 3659 4695 ἐχάλκευε·
3703 4629 3800 4681 νῦν
3854 4632 3910 4684 δὲ
3939 4632 4022 4698 ὡς

762 4728 938 4771 autem
975 4715 1125 4784 quasi
1168 4713 1343 4767 mollis
1377 4722 1431 4766 et
1473 4721 1651 4764 mutus
1679 4712 1841 4775 cedit,
1881 4720 1936 4763 et
1984 4710 2185 4763 idcirco
2218 4726 2323 4765 non
2432 4730 2459 4766 κ

2432 4712 2634 4780 κοῦφος
2656 4714 2750 4764 καὶ
2781 4714 3046 4783 μαλακὸς,
3079 4717 3480 4786 παρασύρεται.
3528 4720 3730 4790 Διόπερ
3767 4722 3887 4776 οὐδὲ
3922 4725 4022 4777 ἀν-

759 4817 903 4861 caret
924 4805 1363 4876 reprehensione.
1384 4802 1515 4857 Nam
1543 4817 1663 4859 cum
1694 4809 1941 4870 peterent
1959 4801 2031 4853 illi
2058 4802 2321 4869 insignem

760 4901 905 4952 illum
943 4896 1363 4958 malefactorem,
1401 4894 1545 4949 dedit
1573 4913 1585 4946 :
1613 4896 1678 4971 de
1702 4891 1917 4947 Christo
1946 4901 2119 4944 autem
2154 4892 2323 4945 inter-

760 5003 913 5059 rogat
948 5008 961 5043 :
1009 4988 1146 5053 Quid
1200 4988 1364 5055 igitur
1394 4985 1586 5039 faciam
1615 4986 1678 5039 de
1709 4982 1872 5038 Jesu?
1903 4983 2007 5036 illis
2052 4982 2328 5049 judicandi

760 5091 1082 5153 poteSIatem
1104 5080 1361 5147 largiens.
1392 5078 1551 5147 Atqui
1588 5092 1708 5131 cum
1738 5076 1902 5145 judex
1930 5084 2095 5136 esset,
2123 5081 2329 5141 poterat

760 5176 935 5242 ipsum
982 5172 1027 5225 ιι
1074 5172 1304 5238 eripere,
1342 5171 1482 5224 sicut
1525 5179 1578 5223 et
1621 5167 1845 5221 Paulum
1886 5166 2135 5219 tribunus
2185 5162 2328 5218 mili-

762 5277 871 5317 tum
891 5263 955 5317 “.
977 5262 1052 5316 Illi
1079 5273 1256 5315 autem
1284 5262 1536 5316 dicebant
1566 5276 1578 5313 :
1604 5258 1979 5329 Cruciligatur.
2020 5257 2132 5311 Non
2157 5256 2328 5312 solum

759 5358 1006 5410 occidere
1040 5356 1282 5411 volentes
1315 5356 1484 5419 illum,
1522 5357 1612 5409 sed
1652 5365 1701 5407 et
1735 5355 1928 5407 malum
1970 5368 2117 5408 caus:
2139 5368 2189 5406 .n
2222 5352 2322 5406 im-

760 5449 1070 5518 pingebant.
1103 5450 1240 5503 Crux
1272 5452 1416 5504 enim
1451 5448 1805 5516 pessimorum
1836 5446 2158 5516 supplicium
2186 5454 2323 5501 erat.

761 5540 927 5594 Porro
959 5539 1185 5605 lavatur,
1221 5554 1279 5593 ut
1316 5556 1508 5610 purum
1536 5554 1594 5595 se
1623 5540 1874 5595 ostendat
1916 5540 1985 5593 ab
2013 5538 2158 5602 odio,
2192 5537 2328 5592 male

757 5636 1018 5690 sentiens.
1054 5634 1262 5690 JUaltmt
1296 5637 1440 5690 enim
1473 5634 1757 5690 nominans
1800 5630 2006 5699 Jesum,
2041 5630 2327 5687 homicidis

831 5818 876 5849 “
903 5819 1025 5872 Act.
1069 5832 1183 5881 nt,
1221 5816 1309 5870 22.

2433 4804 2727 4872 έγκλητος·
2768 4806 3153 4873 αἰτησαμένων
3195 4807 3304 4878 γὰρ
3339 4809 3564 4863 ἐκείνων
3612 4811 3704 4864 τὸν
3752 4812 3811 4864 ἐν
3843 4815 4023 4878 κακίᾳ.

2439 4895 2772 4967 περιϐόητον,
2802 4896 3001 4951 δέδωκε
3025 4914 3037 4927 ’
3068 4899 3198 4969 περὶ
3223 4875 3285 4953 δέ
3306 4902 3546 4971 Χριστοῦ
3575 4886 3786 4973 ἠρώτα·
3823 4906 3889 4957 Τί
3922 4875 4021 4960 οὖν

2432 4990 2636 5058 ποιήσω
2684 4988 2917 5057 Ἰησοῦν;
2982 4994 3206 5060 κυρίους
3244 4993 3415 5045 ποιῶν
3454 4994 3552 5063 τῆς
3593 4996 3828 5065 κρίσεως
3868 5000 4023 5050 ἐκεῖ-

2428 5096 2581 5141 νουςο
2616 5080 2788 5133 καίτοι
2821 5080 3047 5150 ἡγεμὼν
3093 5080 3193 5146 ὢν,
3247 5083 3478 5152 ἠδύνατο
3521 5085 3685 5140 αὑτὸν
3730 5089 4014 5157 ἁρπάσαι,

2428 5171 2613 5241 ὥσπερ
2640 5172 2730 5225 τὸν
2768 5173 2977 5225 Παῦλον
3015 5175 3044 5225 6
3067 5173 3366 5245 χιλίαρχος.
3400 5178 3463 5229 Οί
3497 5176 3577 5241 δέ,
3607 5179 4020 5250 Σταυρωθήτω,

2427 5264 2633 5332 ἔλεγον,
2657 5266 2717 5317 ού
2753 5266 2914 5336 μόνον
2945 5266 3265 5321 ἀποκτεῖναι
3300 5268 3465 5323 αιἰτὸν
3511 5270 3847 5341 βουλόμενοι,
3877 5271 4022 5327 ἀλλὰ

2435 5358 2527 5410 καὶ
2575 5359 2791 5427 πονηρᾷ.
2820 5358 2969 5428 αἰτίᾳ
3022 5359 3369 5427 περιϐαλεῖν·
3404 5362 3432 5413 6
3471 5364 3579 5433 γάρ
3626 5364 3862 5433 σταυρὸς
3899 5366 4022 5429 τοῖς

2435 5452 2689 5520 πονηροῖς
2736 5451 2990 5503 ἀπέκειτο
3033 5454 3293 5521 τιμωρία.
3341 5454 3608 5509 Νίπτεται
3652 5456 3729 5520 δὲ,
3770 5456 4021 5523 καθαρὸν

2433 5541 2595 5612 δῆθεν
2620 5542 2810 5595 ἐαυτὸν
2840 5542 3210 5597 ἀποδεικνύων
3241 5545 3337 5597 τοῦ
3384 5546 3610 5616 μύσους,
3660 5548 3844 5611 κακῶς
3874 5566 4020 5617 φρο-

2437 5631 2542 5687 νῶν
2562 5650 2575 5665 ·
2614 5632 2822 5689 δίκαιον
2850 5632 2957 5704 γὰρ
2985 5633 3267 5703 ὀνομάζων
3294 5635 3388 5695 τὸν
3430 5635 3657 5707 Ἰησοῦν,
3690 5637 3839 5709 ὅμως
3872 5655 4017 5711 προ-
