4298 6446
263 376 382 442 ι65

861 377 1312 440 ENAR'RATIO
1353 378 1436 438 ΙΝ
1472 377 1981 440 EVANGELIUM
2020 378 2413 442 MATTHIEI.
2447 400 2518 412 -·
2556 377 2711 436 CAP.
2761 373 2998 432 XXVII.

3439 362 3550 431 4.66

261 491 468 545 δέδωκε
496 491 608 553 τοῖς
631 493 927 559 φονευταῑ;
987 492 1038 543 ei
1065 492 1142 555 δέ,
1183 491 1270 560 ἐφ’
1301 493 1528 555 ἑαυτοὺς
1558 493 1848 563 ἀναδέχον-
1871 495 1922 554 Α
1952 510 1958 558 1

1871 495 1922 554 Α
1952 494 2110 558 illum
2141 494 2386 549 tradidit.
2419 494 2489 547 At
2520 490 2593 543 illi
2633 490 2688 547 in
2714 503 2774 542 se
2803 486 3110 553 suscipiunt
3147 481 3411 534 ultionem
3449 478 3551 532 hoc

261 599 358 637 ται
388 585 489 653 τὴν,
515 583 606 636 ἐπὶ
636 581 713 650 τῷ
747 582 894 651 φόνῳ
918 582 1085 636 αὑτοῦ
1112 586 1404 655 τιμωρίαν,
1432 586 1466 655 ἢ
1494 587 1588 639 καὶ
1620 585 1849 638 κατέλα-

264 672 362 725 ϐεν
404 675 620 734 αὐτοὺς,
651 672 760 724 τῶν
797 672 1088 742 Ῥωμαίων
1118 676 1503 742 ἁφανισάντων
1532 679 1729 741 αὐτοὺς
1762 677 1857 729 καὶ

264 765 336 817 τά
364 764 530 815 τέκνα
555 763 732 815 αὐτῶν
751 778 764 791 ⁸
789 764 926 817 ἀλλὰ
947 767 1040 818 καὶ
1068 766 1116 817 οί
1150 767 1313 837 μέχρι
1336 768 1432 822 τοῦ
1465 770 1560 821 νῦν
1593 769 1855 837 Ἑϐραῖοι,

264 856 431 906 τέκνα
466 854 616 915 ὅντες
664 856 892 908 ἐκείνων
921 857 1030 908 τῶν
1071 859 1453 926 φονευσάντων
1480 861 1573 915 τὸν
1623 863 1852 932 Κύριον,

264 947 326 998 τὸ
352 939 490 1015 αἷμα
519 945 684 998 αὐτοῦ
715 946 928 1016 ἔχουσιν
963 949 1048 1015 ἐφ’
1073 948 1338 1014 ἑαυτούς’
1369 951 1458 1004 διὰ
1489 954 1597 1022 γὰρ
1644 955 1745 1022 τὴν
1776 955 1857 1016 είς

261 1035 359 1086 τὸν
388 1035 592 1104 Κύριον
640 1036 897 1090 ἀπιστίαν
933 1036 1222 1092 διώκονται
1257 1041 1410 1111 παρὰ
1465 1043 1710 1103 πάντων,
1763 1047 1858 1096 καὶ

262 1126 493 1194 οὐδεμία
516 1127 798 1196 παρρησία
826 1127 1039 1192 τούτοις
1057 1130 1412 1200 διωκομένοις
1429 1133 1497 1185 δι’
1519 1134 1652 1187 αὐτὸ
1670 1133 1849 1188 τοῦτο.

1961 586 2257 641 homicidio
2302 585 2541 653 dignam,
2589 595 2696 651 qua
2751 588 2804 632 et
2849 575 3058 646 gravati
3109 579 3257 635 sunt,
3293 566 3553 622 Romanis

1961 681 2108 746 ipsos
2135 687 2189 731 et
2225 678 2464 744 ipsorum
2511 685 2714 740 pueros
2761 665 3116 736 perdentibus
3149 680 3161 714 :
3201 669 3253 713 et
3287 673 3459 726 usque
3500 655 3553 708 in

1960 769 2104 823 hunc
2133 768 2274 822 diem
2298 766 2490 828 Judwi,
2519 763 2608 832 qui
2636 763 2847 815 illorum
2875 764 3004 810 sunt
3031 753 3122 807 ﬁlii
3148 752 3237 818 qui
3267 749 3552 801 Dominum

1963 860 2371 921 interfecerunt,
2405 856 2762 923 experiuntur
2799 866 2827 903 a
2861 865 2918 902 se
2947 845 3265 914 sanguinem
3294 841 3438 893 illius
3466 852 3555 890 re—

1961 954 2102 1023 quiri
2134 970 2148 1007 :
2196 967 2321 1005 nam
2349 950 2418 1004 ob
2445 963 2598 1003 suam
2637 943 3074 999 incredulitatem
3118 934 3553 1006 persecutionem

1962 1013 2244 1119 patiuntur
2282 1043 2352 1098 ab
2391 1041 2645 1097 omnibus
2679 1037 2759 1108 (a)
2791 1034 2946 1104 157
2981 1042 3036 1086 et
3067 1030 3212 1084 nulla
3242 1013 3330 1081 his
3355 1027 3458 1078 hac
3488 1025 3554 1076 de

1962 1152 2127 1192 causa
2153 1136 2376 1189 libertas
2399 1141 2500 1186 est.
2530 1128 2846 1199 Flagellavit
2873 1136 3054 1178 autem
3091 1121 3302 1184 Jesum,
3342 1119 3442 1170 hoc
3474 1123 3555 1168 est

277 1217 808 1324 ἰΕφραῖγέλλωσεδέ
832 1221 924 1275 τὸν
959 1221 1187 1290 Ἰησοῦν,
1208 1223 1509 1291 τουτέστιν,
1529 1226 1856 1295 -ἐμάστιξεν,
1950 1246 1974 1276 ογ

1950 1227 2291 1292 verberavit,
2323 1224 2406 1278 vel
2440 1223 2546 1276 ill-is
2593 1219 2928 1292 gratiﬁcans,
2963 1213 3044 1302 vel
3079 1210 3378 1266 ostendens
3410 1205 3553 1272 quod

2043 1321 2050 1324 ‘
2496 1314 2507 1324 '
2681 1321 2688 1324 -
2790 1319 2800 1324 -
2988 1306 2998 1317 °
3027 1309 3333 1324 ..----_.-....
3376 1295 3549 1324 luunt,

260 1309 296 1377 ἢ
313 1287 530 1414 ἀῦτοῖςο
550 1310 931 1414 χμριξόμενος,
950 1313 984 1383 ἢ
1008 1287 1269 1366 δεικνύων
1302 1315 1384 1368 ὅτι
1409 1287 1735 1370 κατεδίκασε
1756 1287 1859 1370 *καί

1854 1355 1859 1368 ι
1960 1330 2015 1376 et
2042 1321 2159 1388 ipse
2189 1317 2336 1371 illum
2372 1314 2716 1375 condemnet,
2753 1319 2807 1363 et
2835 1324 2943 1361 non
2977 1287 3336 1358 innocentem
3376 1295 3551 1351 homi-

2253 1407 2301 1414 --
2419 1406 2430 1414 .
2517 1406 2527 1414 .
2580 1412 2584 1414 Α
2730 1401 2799 1414 ..
2951 1398 2985 1414 ί.
3037 1397 3077 1414 ._
3126 1401 3367 1414 “mu”
3433 1387 3509 1414 ,Μ

266 1398 431 1462 αὐτὸς
458 1398 670 1501 μύτδν,
700 1403 794 1452 καὶ
852 1402 974 1470 οὐχὶ
1029 1401 1208 1456 ἀθῶον
1251 1401 1543 1473 ἄνθρωπον
1602 1403 1856 1473 μέλλουσι
1961 1428 1963 1465 j

1961 1427 2085 1466 nem
2115 1406 2433 1464 cruciﬁxuri
2485 1406 2613 1466 sint,
2650 1401 2744 1455 sed
2787 1397 3084 1468 ignominia
3126 1401 3391 1446 notatum.
3433 1387 3555 1440 lm-

2199 1498 2261 1501 ,.
2697 1493 2706 1501 .
2837 1490 2872 1501 ..
3169 1497 3277 1501 ί
3326 1480 3442 1501 ,λη
3492 1478 3553 1501 Δ,

267 1489 610 1561 σταυρῶσαι,
631 1490 749 1543 ἀλλ’
779 1493 1151 1563 ἠτιμωμένον.
1193 1493 1518 1566 Ἐπληρὼθη
1547 1492 1640 1547 οῦν
1659 1494 1857 1559 καὶτὸ,
1963 1519 1964 1568 3

1963 1501 2162 1571 pletum
2196 1498 2362 1565 igitur
2383 1504 2467 1550 est
2494 1504 2549 1548 et
2578 1493 2707 1546 illud
2736 1510 2748 1544 ε
2787 1510 2802 1540 ι
2837 1490 3066 1543 Dorsum
3104 1497 3282 1539 meum
3320 1480 3443 1534 dedi
3491 1478 3555 1530 ad

270 1599 290 1630 ι
327 1580 434 1632 Τὸν
476 1581 644 1636 νῶτόν
671 1581 986 1651 μουέδωκα
1020 1583 1102 1645 είς
1137 1584 1435 1653 μάστιγας.
1484 1604 1503 1637 ι
1960 1602 1967 1647 1

623 1599 644 1631 ν
671 1581 986 1651 μουέδωκα
1020 1583 1102 1645 είς
1137 1584 1435 1653 μάστιγας.
1484 1604 1503 1637 ι
1960 1593 2168 1661 ﬂagella
2194 1591 2260 1641 “.
2303 1608 2320 1640 ι

349 1689 368 1721 ι
401 1670 534 1773 Ἰζότε
563 1672 961 1743 οίστρατιῶται
998 1673 1093 1726 τοῦ
1125 1675 1392 1744 ἡγεμόνος
1451 1675 1861 1746 παραλαϐόντες
2034 1685 2046 1710 ‘

1848 1696 1861 1740 :
2034 1684 2200 1737 Vens.
2226 1679 2418 1735 27350.
2457 1699 2473 1728 ι
2518 1677 2673 1730 Tunc
2725 1674 2921 1726 milites
2960 1668 3204 1740 prmi-lis
3238 1663 3545 1730 suscipien-

264 1763 360 1866 τὸν
409 1761 614 1869 Ἰησοῦν
644 1767 724 1825 εἰς
756 1764 814 1816 τὸ
845 1764 1208 1833 πραιτώριον,
1239 1766 1548 1836 συνήγαγον
1583 1769 1670 1822 ἐπ’
1697 1771 1860 1823 αὐτὸν

1965 1787 2044 1831 tes
2075 1775 2258 1829 Jesum
2290 1777 2344 1826 in
2381 1772 2655 1840 praetorio,
2689 1770 3159 1834 congregaverunt
3181 1759 3246 1812 ad
3278 1773 3401 1811 eum
3435 1753 3557 1806 nni-

261 1851 394 1922 ὃλην
417 1854 517 1921 τὴν
545 1855 796 1920 σπεῖραν,
827 1855 922 1908 καὶ
947 1855 1277 1918 ἐκδύσαντες
1305 1856 1488 1924 αὑτὸν,
1519 1857 1858 1928 περιέθηκαν
1893 1865 1934 1924 η

1893 1865 1934 1924 Β
1967 1883 2174 1921 versam
2221 1866 2526 1925 cohortem,
2556 1871 2610 1913 et
2647 1873 2772 1912 cum
2819 1856 3098 1910 exuissent.
3125 1865 3270 1909 eum,
3316 1849 3555 1900 circum-

265 1943 420 2012 αὐτῷ
460 1945 708 2014 χλαμύδα
738 1946 1024 2016 κοκκίνην,
1064 1949 1157 1998 καὶ
1185 1947 1479 2012 πλέξαντες
1505 1950 1770 2016 στέφανον
1800 1949 1859 2013 ἐξ

267 2037 544 2103 ἀκανθῶν,
566 2038 844 2106 ἐπέθηκαν
870 2041 963 2091 ἐπὶ
1000 2039 1102 2110 τὴν
1141 2042 1383 2112 κεφαλὴν
1412 2042 1600 2107 αὑτοῦ,
1631 2042 1726 2095 καὶ
1757 2043 1859 2099 κά-

267 2129 441 2198 )αμον
477 2131 568 2182 ἐπὶ
617 2131 715 2200 τὴν
767 2131 948 2197 δεξιὰν
1001 2132 1188 2187 αὑτοῦ.
1217 2134 1328 2186 Καὶ
1389 2135 1861 2204 γονυπετήσαντες

267 2221 582 2292 ἐμπροσθεν
612 2222 800 2290 αὐτοῦ,
820 2224 1110 2289 ἐνέπαιζον
1131 2227 1303 2297 αὐτῷ,
1328 2226 1581 2294 λέγοντες
1619 2245 1631 2256 ’
1663 2227 1858 2298 Χαῖρε,

267 2317 295 2366 6
353 2309 608 2382 βασιλεὺς
657 2316 766 2369 τῶν
821 2318 1095 2371 Ἰουδαίων
1129 2334 1146 2350 ο
1208 2319 1303 2371 καὶ
1357 2319 1738 2388 ἐμπτύσαντες
1782 2323 1861 2384 εἰς

265 2407 454 2474 αὑτὸν,
503 2408 698 2460 ἔλαϐον
744 2409 836 2461 τὸν
868 2408 1138 2478 κάλαμον,
1170 2412 1265 2463 καὶ
1290 2410 1523 2465 ἔτυπτον
1552 2413 1632 2475 είς
1655 2413 1752 2484 τὴν
1773 2430 1863 2466 κε-

268 2499 446 2565 φαλὴν
503 2499 688 2554 αὑτοῦ.
740 2500 1006 2554 Ἐνταῦθα
1066 2501 1372 2571 ἐπληροῦτο
1399 2504 1459 2555 τὸ
1506 2503 1601 2556 τοῦ
1659 2503 1859 2556 Δαυῖδ·

275 2610 294 2642 ι
333 2593 574 2655 Ὄνειδος
623 2593 819 2662 ἇςρρονι
849 2593 1060 2655 ἔδωκάς
1113 2611 1201 2663 με.
1246 2595 1310 2646 Ol
1368 2595 1476 2665 γὰρ
1534 2594 1863 2666 στρατιῶται

270 2683 492 2750 ἀνόητοι
522 2683 694 2749 ὅντες,
729 2683 855 2750 ἄξια
900 2681 1109 2737 ἑαυτῶν
1140 2685 1357 2737 ἐποίουν
1390 2700 1402 2713 ·
1470 2685 1567 2753 τὴν
1629 2685 1730 2755 μὲν
1755 2685 1864 2754 γὰρ

270 2777 522 2845 χλαμύδα
555 2778 677 2830 ἀντὶ
709 2777 996 2846 πορφύρας
1034 2779 1110 2841 ὡς
1162 2777 1388 2848 βασιλέα
1436 2780 1694 2833 ἐνέδυσαν
1724 2796 1737 2810 ”
1771 2782 1864 2833 τὸν

271 2870 327 2922 δὲ
361 2869 606 2938 κάλαμον
628 2870 839 2924 ἔδωκαν
859 2873 980 2923 ἀντὶ
1018 2873 1326 2943 σκήπτρου,
1357 2872 1446 2926 τὸν
1486 2859 1543 2925 δέ
1572 2876 1860 2942 στέφανον,

273 2962 394 3013 ἀντὶ
448 2961 798 3032 διαδήματος.
831 2961 1208 3031 Προσεκύνουν
1232 2963 1288 3016 δὲ
1343 2964 1630 3029 παίζοντες
1655 2981 1667 2992 ’
1707 2964 1867 3018 τοῦτο

273 3056 384 3124 γὰρ
409 3054 558 3124 δηλοῖ
576 3057 637 3108 τὸ
673 3058 1013 3122 γονυπετεῖν,
1036 3055 1098 3108 τὸ
1125 3059 1476 3126 προσκυνεῖν.
1498 3058 1640 3129 Ὅρα
1666 3059 1722 3110 δὲ
1749 3059 1867 3122 πῶς

256 3140 458 3197 ’πᾶσαν
490 3146 633 3200 ίδέαν
660 3145 869 3216 ὕϐρεως
897 3146 1198 3216 δ;εξῆλθον,
1243 3149 1302 3200 τὸ
1332 3138 1433 3219 μὲν
1460 3149 1749 3218 πρόσωπον
1779 3149 1868 3202 διὰ

1963 1959 2233 2013 dederunt
2272 1956 2321 2009 ei
2364 1951 2703 2021 chlamydem
2736 1947 3069 2008 coccineam,
3099 1950 3155 1995 et
3192 1951 3450 1994 coronam
3495 1936 3560 1987 de

1963 2052 2138 2121 spinis
2168 2057 2482 2105 contextam
2518 2045 2894 2110 imposuerunt
2949 2050 3110 2104 super
3153 2039 3317 2099 caput
3350 2027 3464 2093 ejus
3508 2036 3560 2078 et

1964 2143 2280 2198 arundinem
2313 2141 2364 2193 in
2418 2138 2700 2192 dexteram
2767 2132 2885 2198 ejus
2933 2139 2989 2182 et
3042 2141 3181 2195 genu
3240 2122 3380 2175 ﬁexo
3433 2128 3560 2170 ante

1965 2252 2111 2299 eum,
2145 2230 2441 2288 illudebant
2465 2230 2537 2292 ei,
2572 2227 2817 2280 dicentes
2852 2239 2864 2276 :
2913 2223 3046 2282 Ave,
3083 2233 3177 2270 rex
3224 2214 3558 2269 Judzeorum.

1965 2329 2032 2382 Et
2065 2344 2186 2382 cum
2219 2324 2540 2392 expuissent
2571 2322 2624 2374 in
2659 2332 2808 2380 eum,
2845 2319 3175 2381 acceperunt
3210 2304 3559 2362 arumlinem,

1965 2433 2018 2477 et
2050 2390 2426 2490 percutiebant
2446 2423 2607 2480 caput
2630 2412 2773 2480 ejus.
2812 2427 2831 2460 ι
2860 2406 2974 2461 Hoc
3003 2410 3121 2458 loco
3153 2398 3409 2480 impletur
3444 2390 3560 2447 dic-

1967 2476 2079 2566 tum
2132 2510 2300 2565 David
2340 2527 2351 2562 :
2397 2525 2414 2558 ι
2444 2476 2811 2574 opprobrium
2844 2495 3123 2566 insipienti
3159 2476 3356 2545 dedisti
3395 2501 3499 2540 me.
3540 2503 3557 2536 ι

1968 2603 2166 2656 Milites
2198 2601 2341 2655 enim
2372 2612 2494 2653 cum
2526 2595 2847 2661 insipientes
2882 2594 3085 2650 essent,
3121 2599 3180 2638 se
3204 2584 3364 2650 digna
3397 2578 3564 2633 facie-

1971 2700 2118 2751 hant.
2149 2692 2447 2760 Chlamyde
2493 2703 2591 2759 pro
2620 2698 2855 2755 purpura
2893 2693 2949 2735 ut
3011 2693 3190 2749 regem
3247 2675 3563 2736 induerunt,

1969 2787 2239 2840 calamum
2270 2798 2369 2850 pro
2399 2789 2614 2849 sceptro
2635 2776 2929 2836 dederunt,
2957 2782 3215 2824 cumnam
3245 2780 3341 2834 pro
3374 2760 3565 2816 diade—

1972 2890 2134 2934 mate.
2157 2875 2472 2930 Adorabant
2503 2881 2682 2924 autem
2723 2865 3012 2921 illudentes
3039 2880 3049 2913 :
3085 2862 3186 2914 hoc
3216 2857 3366 2912 enim
3393 2852 3564 2923 signi-

1974 2974 2097 3026 licat
2128 2967 2514 3041 genuﬁeetere,
2550 2964 2653 3017 hoc
2699 2969 2791 3014 cst-
2841 2958 3088 3011 adorare.
3125 2951 3254 3006 Vide
3293 2946 3567 3019 quomodo

1972 3062 2271 3132 quamlibet
2306 3056 2656 3114 contumeliae
2705 3052 2944 3122 speciem
2979 3036 3567 3107 exercuerint,injuria

1973 3155 2293 3219 allicientes,
2351 3152 2544 3206 faciem
2603 3146 2802 3217 sputis,
2840 3154 3002 3211 caput
3059 3151 3282 3200 corona,
3346 3145 3564 3187 manum

275 3239 384 3291 τῶν
410 3240 838 3309 ἐμπτυσμάτων,
859 3239 957 3308 τὴν
984 3239 1040 3292 δὲ
1072 3241 1315 3311 κεφαλὴν
1341 3241 1428 3293 διὰ
1440 3241 1534 3294 τοῦ
1574 3243 1865 3311 στεφάνου,
1897 3254 1939 3314 C

1897 3254 1939 3314 C
1974 3250 2204 3313 calamo,
2253 3244 2520 3312 reliquum
2579 3253 2782 3308 corpus
2821 3233 3128 3303 chlamyde,
3158 3243 3318 3282 aures
3383 3223 3566 3279 verbis

273 3331 376 3400 τὴν
414 3330 471 3383 δὲ
506 3333 668 3401 χεῖρα
725 3331 812 3384 διὰ
843 3331 936 3385 τοῦ
966 3332 1242 3402 καλάμου,
1271 3333 1331 3386 τὸ
1388 3334 1447 3386 δέ
1470 3334 1658 3412 λοιπὸν
1709 3334 1871 3405 σῶμα

273 3424 363 3476 διὰ
394 3425 490 3493 τῆς
517 3424 810 3493 χλαμύδος,
845 3425 912 3478 τὰ
941 3418 1058 3478 ὦτα
1109 3423 1200 3477 διὰ
1225 3425 1336 3476 τῶν
1365 3424 1742 3495 χλευαστικῶν
1787 3427 1876 3479 λό-

277 3534 391 3584 γων
467 3516 803 3586 ὑϐρίζοντες.
858 3517 1006 3586 Πλὴν
1066 3519 1115 3570 εί
1166 3517 1262 3571 καὶ
1312 3519 1511 3571 ἐκεῖνοι
1564 3519 1873 3582 παικτικῶς

275 3609 500 3663 ἐποίουν
521 3609 815 3673 ἆέποίουν,
847 3612 998 3680 ὅμως
1027 3611 1092 3662 σὺ
1125 3610 1235 3663 νόει
1260 3611 1436 3664 ταῦτα
1468 3597 1562 3663 καί
1587 3611 1868 3681 μυστικώ-

275 3719 436 3772 τερον
470 3703 576 3756 ὑπὸ
611 3703 706 3757 τοῦ
779 3703 955 3773 Ἰησοῦ
987 3703 1332 3774 τελεσθῆναι.
1379 3703 1445 3760 Ἠ
1479 3704 1577 3774 μὲν
1611 3705 1720 3775 γὰρ
1747 3705 1875 3774 χλα-

279 3798 387 3864 μὺς
421 3796 454 3866 ή
494 3796 748 3865 κοκκίνη,
780 3795 1184 3871 τὴνήμετέραν
1238 3796 1402 3865 φύσιν
1445 3796 1656 3869 ἐδήλου,
1689 3795 1760 3866 ἢν
1787 3796 1875 3848 αί-

279 3887 504 3958 ματὼδη
529 3887 695 3941 οὖσαν
720 3889 814 3941 καὶ
858 3891 1108 3960 φονικὴν,
1143 3889 1461 3953 άνελάϐετο,
1494 3892 1588 3943 καὶ
1648 3890 1876 3944 ἐνδυσά-

281 3998 446 4050 μενος
469 3982 720 4052 ήγίασεν.
759 3982 818 4036 '0
839 3982 897 4035 δέ
936 3983 1201 4051 στέφανος
1228 3984 1254 4034 6
1286 3983 1646 4050 ἐξάκανθῶν,
1681 3985 1739 4037 αί
1771 3984 1876 4037 ὑπὸ

279 4072 567 4143 μεριμνῶν
596 4074 691 4127 τοῦ
728 4073 844 4144 βίου
868 4076 1458 4145 συμϐᾶσαιὰμαρτίαι,
1489 4076 1554 4140 ἂς
1593 4076 1876 4129 ἀναλίσκει

277 4167 346 4232 τῇ
375 4164 554 4235 οἰκείᾳ
596 4164 811 4234 θεότητι
837 4169 865 4216 ό
893 4166 1130 4235 Χριστός
1159 4182 1173 4196 ·
1217 4165 1378 4219 τοῦτο
1428 4166 1538 4237 γὰρ
1576 4167 1876 4219 αἰνίττεται

281 4258 312 4325 ή
347 4258 557 4327 κεφαλὴ
587 4257 774 4310 αὐτοῦ.
821 4259 880 4311 '0
909 4257 964 4310 δὲ
999 4257 1247 4327 κάλαμος
1301 4258 1402 4328 τῆς
1429 4259 1705 4328 ἡμετέρας
1737 4275 1874 4328 σαρ-

280 4353 376 4412 κδς
400 4351 500 4419 τῆς
529 4351 738 4420 σαθρᾶς
765 4353 860 4404 καὶ
903 4350 1170 4414 ἀσθενοῦς
1201 4350 1644 4420 ἐστἰσύμϐολον,
1668 4352 1736 4420 ἣν
1779 4354 1875 4405 άν-

279 4442 476 4496 όλαϐεν
494 4446 522 4496 6
541 4443 767 4515 Κύριος,
799 4444 944 4498 καθὰ
968 4446 1063 4497 καὶ
1090 4447 1118 4497 ό
1145 4444 1308 4498 Δαυῖδ
1335 4445 1514 4513 λέγει’
1540 4465 1558 4496 ι
1583 4445 1744 4509 Δεξιά
1761 4446 1872 4498 Κυ-

1971 3337 2256 3395 irrisoriis.
2310 3333 2702 3389 Verumtamen
2758 3327 2941 3382 omnia
2977 3338 3099 3393 qua:
3158 3321 3232 3375 illi
3268 3317 3570 3382 faciebant,

1972 3445 2069 3502 per
2090 3429 2402 3484 irrisionem
2435 3425 2729 3479 faciebant.
2753 3419 2833 3474 Tu
2854 3428 3036 3472 tamen
3062 3413 3304 3483 intellige
3337 3426 3423 3475 ea,
3452 3421 3572 3477 quae

1974 3500 2200 3592 majoris
2225 3532 2353 3575 sunt
2390 3517 2637 3588 mysterii
2669 3514 2736 3569 ab
2762 3512 2889 3569 Jesu
2929 3510 3147 3580 impleta
3195 3504 3382 3559 fuisse.
3411 3500 3573 3556 Chla-

1974 3630 2092 3686 mys
2119 3615 2265 3670 enim
2282 3611 2536 3666 coccinea
2555 3617 2806 3662 naturam
2832 3610 3072 3658 nostram
3090 3597 3382 3669 signiﬁcat,
3400 3607 3568 3663 quam

1974 3683 2099 3763 cum
2121 3702 2470 3774 sanguinaria
2503 3708 2674 3766 esset,
2706 3707 2758 3751 et
2787 3693 2954 3751 caedis
2983 3708 3098 3756 rea,
3136 3687 3398 3757 suscepit,
3424 3683 3574 3738 et‘in-

1976 3799 2148 3854 duens
2177 3792 2564 3851 sanctificavit.
2589 3791 2805 3846 Corona
2823 3795 3005 3841 autem
3025 3800 3089 3838 ex
3122 3780 3318 3852 spinis,
3344 3782 3574 3848 peccata

1979 3901 2108 3947 sunt
2137 3904 2202 3943 ex
2229 3888 2377 3943 curis
2407 3885 2572 3953 hujus
2618 3882 2741 3937 vitae
2769 3877 3169 3951 provenientia,
3205 3887 3328 3942 quae
3376 3883 3577 3924 consu-

1977 3985 2077 4039 mit
2107 3997 2205 4038 sua
2236 3979 2435 4037 deitate
2462 3978 2715 4034 Christus
2751 3991 2766 4029 :
2804 3974 3154 4045 prosignatur
3186 3968 3332 4022 enim
3355 3979 3451 4036 per
3481 3977 3574 4018 ca-

1975 4089 2071 4148 put
2092 4077 2270 4131 dcitas
2291 4092 2308 4142 ;
2327 4075 2570 4130 calamus
2595 4081 2795 4126 nostra:
2826 4068 3037 4138 fragilis
3068 4074 3123 4121 et
3143 4063 3375 4116 infirma
3395 4057 3580 4113 carnis

1974 4168 2278 4240 symbolum
2332 4174 2438 4230 est,
2494 4149 2660 4232 quam
2712 4158 2952 4227 suscepit
3007 4152 3287 4215 Dominus,
3343 4149 3485 4203 sicut
3524 4155 3580 4199 et

1986 4261 2158 4316 David
2175 4261 2343 4316 dixit:
2365 4277 2384 4310 ι
2408 4260 2637 4312 Dextera
2659 4253 2873 4308 Domini
2906 4247 3167 4304 exaltavit
3194 4258 3281 4298 me
3305 4242 3372 4298 “.
3410 4259 3427 4291 ι
3467 4239 3577 4293 Au-

1986 4355 2138 4408 ribus
2169 4360 2351 4406 autem
2375 4336 2718 4417 suscipiendo
2737 4341 3081 4414 ignominias,
3112 4334 3327 4392 sanavit
3348 4344 3577 4404 serpen-

1986 4445 2056 4500 tis
2078 4445 2294 4500 sibilum
2325 4458 2422 4511 per
2446 4456 2607 4496 aures
2632 4440 2754 4492 Eva:
2785 4438 3111 4505 ingressum.

281 4537 401 4604 piou
444 4535 625 4605 ὕψωσέ
655 4555 743 4608 με.
803 4555 820 4588 ι
851 4539 949 4591 Διὰ
1007 4538 1065 4591 δὲ
1090 4539 1199 4590 τῶν
1229 4537 1386 4593 ὢτων
1450 4538 1743 4609 δεξάμενος
1800 4538 1900 4604 τὰς
1939 4538 2277 4609 δυσφημίας,
2341 4537 2531 4590 ίάσατο
2601 4537 2691 4586 τὸν
2759 4533 2848 4585 διὰ
2892 4530 3001 4583 τῶν
3065 4527 3220 4579 ὢτων
3281 4523 3380 4592 τῆς
3436 4517 3583 4582 Εὔας

282 4628 673 4683 ἐπεισελθόντα
690 4629 783 4689 τοῦ
814 4629 993 4698 ὄφεως
1015 4630 1372 4700 ψιθυρισμόν.

362 4735 381 4768 ι
409 4718 521 4770 Καὶ
538 4718 627 4770 ὅτε
645 4717 938 4782 ἐνέπαιξαν
960 4717 1413 4788 αὐτῷ,ξέξέδυσαν
1426 4719 1592 4773 αὑτὸν
1618 4721 1717 4789 τὴν
1736 4719 1869 4789 χλα-
1903 4727 1949 4783 D
2053 4718 2059 4729 ¹

1903 4727 1949 4783 D
2053 4717 2216 4772 Vens.
2243 4716 2333 4780 3i,
2355 4716 2443 4770 5‘2.
2473 4735 2492 4767 ι
2520 4713 2583 4767 Ει
2601 4723 2887 4784 postquam
2906 4705 3293 4772 illusissentei,
3319 4710 3585 4758 exuerunt

286 4811 450 4882 μύδα,
487 4811 582 4863 καὶ
608 4810 864 4864 ἐνέδυσαν
886 4810 1051 4863 αὑτὸν
1083 4811 1150 4864 τὰ
1182 4811 1376 4881 ίμάτια
1415 4810 1604 4875 αὑτοῦ,
1640 4812 1736 4865 καὶ
1768 4813 1877 4865 άπ-

281 4900 496 4975 ήγαγον
514 4905 676 4958 αὑτὸν
689 4907 767 4968 είς
784 4903 845 4958 τὸ
873 4905 1216 4976 σταυρῶσαι.
1236 4904 1620 4976 Ἐξερχόμενοι
1641 4904 1696 4957 δέ
1717 4899 1876 4975 εὗρον

283 4999 572 5067 ἄνθρωπον
605 5000 936 5070 Κυρηναῖον,
965 4997 1194 5104 ὀνόματι
1225 4998 1468 5067 Σίμωνα·
1494 4996 1681 5050 τοῦτον
1698 4999 1875 5067 ἠγγά-

293 5108 490 5163 ρευσαν
516 5093 602 5144 ῖνα
634 5093 742 5163 ἄρῃ
767 5091 859 5144 τὸν
889 5091 1128 5163 σταύρὸν
1165 5091 1360 5147 αὑτοῦ.
1394 5111 1411 5143 ι
1459 5093 1524 5145 Οἱ
1560 5093 1668 5161 μὲν
1723 5093 1884 5163 τρεῖς

284 5201 472 5253 φασιν,
497 5185 578 5237 ὅτι
616 5184 796 5254 Σίμων
835 5184 1112 5238 ἐϐάστασε
1136 5185 1230 5238 τὸν
1277 5184 1512 5254 σταυρὸν
1538 5183 1632 5238 τοῦ
1679 5183 1876 5255 Ἰησοῦ·

285 5281 318 5334 6
360 5278 417 5332 δέ
449 5279 749 5348 Ἰωάννης,
781 5278 951 5333 αὑτὸν
997 5279 1090 5331 τὸν
1140 5277 1348 5351 Κύριόν
1387 5295 1522 5349 φησι
1585 5276 1876 5348 βαστάσαι.

289 5369 456 5432 Εἰκὸς
482 5366 578 5424 οὖν
611 5372 901 5442 ἀμφότερα
922 5371 1200 5440 γενέσθαι.
1252 5373 1344 5437 Ἐξ
1385 5373 1560 5442 ἀρχῆς
1596 5374 1695 5443 μὲν
1717 5373 1828 5443 γὰρ
1854 5375 1882 5426 6

298 5462 510 5534 Ἰησοῦς
538 5462 808 5517 ἐϐάστασε
837 5465 930 5518 τὸν
977 5466 1230 5535 σταυρὸν,
1268 5465 1499 5535 μηδενὸς
1531 5445 1883 5536 ’θελήσαντος

287 5556 577 5627 βαστάσαι.
613 5556 702 5609 Ἐν
729 5557 786 5612 δέ
812 5559 878 5628 τῇ
914 5557 1019 5628 ὁδῷ
1049 5557 1302 5629 εὑρόντες
1329 5558 1568 5628 Σίμωνα,
1601 5558 1882 5630 ἐπέθηκαν

396 5675 442 5707 ⁸⁸
491 5673 597 5729 lsa.
632 5674 723 5742 30,
761 5675 814 5730 6.
893 5677 938 5708 "
981 5677 1124 5733 Psal.
1186 5692 1351 5744 cxvii,
1393 5675 1478 5731 l6.

1986 4827 2111 4869 eum
2143 4811 2449 4881 chlamyde,
2479 4819 2536 4864 et
2587 4807 2882 4861 induerunt
2905 4820 3030 4859 eum
3060 4801 3403 4857 vestimentis
3444 4797 3580 4860 suis,

1987 4916 2044 4964 et
2069 4907 2342 4960 duxerunt
2365 4918 2488 4958 eum
2514 4912 2570 4955 ut
2601 4901 3015 4968 cruciﬁgerent.
3050 4897 3331 4950 Exeuntes
3387 4898 3573 4944 autem

1988 5001 2318 5056 invenerunt
2342 4995 2618 5050 hominem
2636 4992 2976 5062 Cyrenaeum,
3013 4987 3233 5042 nomine
3265 4984 3581 5044 Simonem;

1987 5094 2132 5148 hunc
2159 5091 2462 5161 adegerunt
2493 5096 2550 5142 ut
2587 5086 2798 5141 tolleret
2831 5097 3050 5139 crucem
3087 5081 3230 5151 ejus.
3273 5097 3293 5128 ›
3331 5077 3582 5131 Tres'di-

1985 5194 2120 5242 cunt
2145 5184 2421 5240 Simonem
2450 5191 2699 5250 portasse
2725 5192 2947 5234 crucem
2999 5172 3151 5240 Jesu,
3193 5171 3434 5225 Joannes
3487 5182 3586 5221 au-

1987 5286 2095 5332 tem
2122 5277 2256 5332 dicit
2289 5278 2466 5345 ipsum
2502 5274 2790 5329 Dominum
2821 5280 3079 5342 portasse
3108 5284 3121 5320 :
3154 5261 3453 5326 verisimile
3503 5268 3587 5313 est

1984 5381 2168 5426 autem
2222 5379 2518 5436 utrumque
2576 5364 2802 5420 factum.
2842 5362 3086 5417 Primum
3137 5356 3284 5413 enim
3345 5348 3588 5424 portavit

1982 5462 2142 5517 Iesus
2167 5475 2410 5524 crucem,
2445 5474 2570 5514 cum
2611 5457 2790 5513 nullus
2817 5464 3040 5526 portare
3063 5451 3248 5508 vellet.
3275 5447 3333 5502 In
3359 5445 3448 5502 vis
3483 5458 3583 5496 au-

1987 5567 2096 5612 tem
2128 5557 2351 5610 invento
2413 5552 2658 5616 Simone,
2689 5553 3070 5622 imposuerunt
3119 5546 3169 5603 ei
3213 5555 3459 5622 crucem.
3500 5535 3584 5591 Tu

364 5832 445 5903 (α)
480 5831 538 5888 ln
579 5831 710 5891 edit.
747 5829 867 5888 Lut.
922 5835 1179 5893 deﬁciens
1218 5843 1302 5893 est
1359 5833 1546 5893 Latina
1572 5835 1773 5900 venio,
1802 5832 1892 5890 ubi
1934 5833 2072 5891 nihil
2093 5834 2160 5893 de
2186 5843 2374 5904 erepta
2407 5830 2611 5887 Judaeis
2645 5829 2920 5886 libertate.
