4298 6446
766 419 869 482 467

1576 404 2153 467 THEOPHYLACTI
2195 402 2603 463 BULGARHZ
2642 403 2686 459 Α
2700 399 2993 462 RCHIEP.

3892 391 4004 461 ‘68

768 541 949 584 autem
981 535 1035 580 ct
1061 526 1161 580 hoc
1198 524 1367 596 disce,
1395 520 1536 589 quod
1590 519 1774 573 Simon
1809 518 2155 585 interpretari
2205 496 2327 585 quis
2356 536 2400 577 Α
2435 530 2464 566 τ

2307 532 2327 569 s
2356 536 2400 577 Α
2435 513 2610 581 τούτῳ
2628 512 2721 563 τὸν
2768 509 3025 579 σταυρόν.
3049 508 3121 560 Σὺ
3150 505 3209 560 δέ
3248 505 3343 560 καὶ
3403 501 3562 558 τοῦτο
3612 501 3871 574 μάνθανε.
3920 502 4004 555 δτι

771 627 947 686 potest
976 612 1349 667 obedientiam.
1384 610 1484 674 Qui
1516 608 1683 675 igitur
1732 604 2098 660 obedientiam
2144 601 2325 665 habet,

771 710 860 762 ille.
910 721 1120 762 crucem
1161 703 1361 758 Christi
1409 702 1529 755 fert.
1565 700 1671 752 Sed
1716 707 1769 750 et
1816 697 2184 766 Cyrene,qu:e
2224 706 2328 745 una

770 797 1123 860 Pentapolsos
1155 801 1256 851 est.
1291 792 1560 860 significat
1579 789 1814 857 quinque
1839 799 2031 840 sensus
2060 784 2329 853 cogendos

768 889 832 938 ad
864 887 1134 937 ferendum
1156 898 1393 937 crucem.
1431 927 1437 935 ,

840 975 1004 1030 Vens.
1030 975 1215 1029 35—37.
1246 992 1264 1025 ι
1311 974 1373 1028 Et
1403 980 1664 1025 venerunt
1685 970 1759 1021 .in
1791 969 1965 1023 locum
1999 968 2089 1036 qui
2133 966 2331 1019 dicitur

768 1068 1054 1136 Colgmha,
1089 1069 1230 1133 quod
1256 1076 1337 1118 est
1376 1063 1635 1118 Calvariae
1687 1051 1854 1115 locus.
1891 1060 1955 1113 Et
1993 1058 2256 1112 dederunt
2279 1055 2328 1109 ei

769 1170 982 1213 acetum
1020 1158 1204 1211 bibere
1234 1156 1392 1225 158
1414 1169 1533 1208 cum
1562 1152 1686 1206 felle
1720 1152 1935 1207 mistum
1958 1171 1971 1203 :
1993 1158 2047 1203 et
2076 1163 2197 1203 cum
2231 1162 2330 1214 gu-

767 1258 989 1311 stasset,
1025 1248 1193 1302 noluit
1230 1248 1433 1301 bibere.
1491 1244 1781 1310 Postquam
1820 1248 1995 1293 autem
2046 1240 2331 1291 crucifixe-

766 1349 891 1393 runt
921 1354 1069 1402 eum,
1094 1338 1387 1390 diviserunt
1423 1336 1736 1387 vestimenta
1789 1331 1926 1398 ejus,
1954 1337 2154 1384 sortem
2205 1329 2329 1381 mit-

769 1439 962 1491 tentes,
981 1441 1035 1481 ut
1051 1430 1359 1495 impleretur
1381 1428 1519 1495 qttml
1536 1426 1733 1479 dictum
1751 1432 1833 1476 est
1851 1437 1945 1490 per
1967 1421 2280 1489 prophetam
2310 1435 2322 1470 :

768 1521 1077 1574 Diviserunt
1109 1520 1209 1573 sibi
1261 1519 1575 1571 vesdtnenta
1627 1529 1767 1576 mea,
1810 1524 1867 1566 et
1916 1526 2074 1580 super
2127 1520 2327 1563 vestem

770 1628 944 1665 meam
964 1611 1224 1664 miserunt
1241 1620 1461 1664 sortem.
1479 1607 1806 1661 Etsedentes
1829 1603 2184 1658 observabant
2204 1616 2327 1655 eum

768 1705 897 1767 illic,
922 1714 973 1757 et
1001 1705 1369 1770 imposuerunt
1388 1716 1551 1769 super
1581 1707 1741 1765 caput
1768 1695 1886 1765 ejus
1908 1710 2123 1750 causam
2158 1694 2331 1763 ipsius

768 1793 1063 1860 scriptam:
1095 1790 1189 1845 llic
1222 1803 1301 1844 est
1334 1789 1489 1843 Jesus
1518 1803 1604 1842 rex
1633 1787 1957 1842 Judteorum.
2001 1806 2018 1838 ι
2040 1784 2222 1840 Cranii
2247 1785 2325 1838 lo-

769 1901 864 1938 cus
882 1886 1055 1936 dictus
1075 1893 1174 1947 est,
1209 1899 1268 1936 eo
1289 1885 1428 1950 quod
1460 1882 1644 1934 dicunt
1660 1881 1747 1948 qui
1770 1880 2084 1934 traditiones
2108 1878 2326 1931 Patrum

768 1984 973 2034 tenent,
1006 1975 1144 2042 quod
1176 1975 1344 2026 Adam
1387 1972 1493 2025 illic
1535 1972 1773 2040 sepultus
1808 1971 1897 2024 sit.
1924 1968 2235 2025 Sicuteuim
2272 1967 2326 2020 in

768 2068 935 2118 Adam
952 2080 1137 2117 omnes
1158 2066 1440 2125 morimur,
1467 2065 1537 2116 ita
1558 2074 1610 2117 et
1630 2063 1681 2116 in
1697 2062 1914 2117 Christo
1930 2076 2117 2115 omnes
2139 2074 2238 2113 nos
2252 2058 2329 2113 vi—

769 2156 972 2210 x-iticarl
999 2158 1276 2223 Oportebat
1298 2155 1362 2209 ⁸⁷.
1388 2152 1462 2206 Ne
1483 2154 1713 2209 turberis
1742 2163 1919 2206 autem
1939 2154 2079 2223 quod
2099 2163 2329 2218 evange-

768 2246 903 2300 listte
954 2247 1160 2308 dicant,
1196 2248 1295 2300 iste
1342 2249 1556 2313 quidem
1606 2256 1820 2299 acetum
1876 2259 1997 2298 cum
2030 2242 2151 2297 ielfe
2199 2242 2331 2294 alla.

773 2356 884 2393 tutu
927 2354 1045 2393 esse
1081 2339 1325 2403 Domino,
1355 2353 1406 2393 et
1435 2339 1644 2391 Maritus
1680 2337 1859 2390 vinum
1903 2337 2233 2403 Inyrrhatum
2261 2334 2328 2398 ⁸⁸,

766 2434 1004 2486 Joannes
1024 2447 1150 2484 vero
1178 2442 1413 2494 acetum,
1446 2442 1498 2484 et
1530 2430 1597 2483 fel
1630 2445 1752 2483 cum
1800 2429 2029 2498 byssopo
2053 2426 2118 2478 ε’.
2165 2424 2328 2479 Multa

766 2526 911 2579 enim
941 2541 969 2575 τι
1002 2524 1179 2575 multis
1212 2522 1427 2585 tiehant,
1459 2522 1583 2575 utin
1614 2520 1967 2589 incomposita
1993 2516 2332 2571 multitudine

770 2615 914 2668 :tliutl
952 2614 1059 2668 alio
1084 2612 1334 2667 faciente.
1372 2611 1675 2665 Verisimile
1706 2619 1790 2663 est
1816 2610 1997 2681 igitur,
2026 2609 2186 2661 aliutn
2218 2607 2333 2675 qui-

768 2705 1086 2759 demvinum
1119 2704 1403 2772 protulisse
1425 2720 1437 2755 :
1461 2703 1623 2754 alium
1651 2716 1780 2755 vero
1811 2710 2022 2754 acetum
2042 2713 2159 2751 cum
2186 2697 2329 2751 felle.

771 2798 918 2851 Multi
947 2806 1125 2850 autem
1156 2794 1344 2849 mortis
1371 2795 1511 2847 modi
1542 2793 1781 2856 fuerunt,
1812 2802 2047 2845 attamen
2084 2790 2136 2843 in
2173 2804 2333 2842 cruce

768 2890 996 2942 moritur
1017 2886 1286 2950 Christus,
1320 2893 1377 2939 ut
1406 2895 1460 2938 et
1493 2885 1693 2954 lignum
1717 2884 2035 2944 sanctiﬁcet,
2068 2896 2162 2950 per
2189 2881 2331 2949 quod

766 2982 1037 3035 maledicti
1089 2980 1304 3042 luimus,
1327 2988 1378 3034 et
1409 2979 1587 3033 Omnia
1622 2975 1938 3031 benedicat:
1972 2982 2025 3028 et
2064 2972 2329 3037 coelestia,

764 3092 880 3142 qua:
911 3091 1007 3145 per
1035 3088 1338 3143 supremam
1375 3082 1577 3139 partem
1630 3069 1826 3129 crucis,
1858 3077 1911 3120 et
1942 3077 2177 3129 terrena,
2212 3080 2333 3135 qua:

2430 604 2612 671 Σίμων
2646 598 3276 671 ἐρμηνεύεταιὺπσκοή
3307 613 3322 627 ο
3348 597 3376 648 ὀ
3419 592 3515 649 οὖν
3543 594 3683 664 ἔχων
3729 591 4001 662 Omni»,

2429 697 2635 755 ἐκεῖνος
2663 694 2807 763 αἴρει
2828 693 2919 744 τὸν
2945 691 3175 760 σταυρὸν
3206 689 3302 742 τοῦ
3338 687 3578 757 Χριστοῦ
3604 703 3616 715 ·
3661 685 3799 741 ἀλλὰ
3836 687 3928 736 καὶ
3972 685 4005 753 ή

2432 786 2658 853 Κυρήνη
2719 782 2819 851 τῆς
2869 782 3258 842 Πενταπόλεως
3312 779 3467 838 οῦσα,
3499 779 3651 848 δηλοῖ
3691 777 3789 839 τὰς
3842 777 4003 829 πέντε

2433 876 2735 944 αἰσθήσεις,
2769 871 3222 941 ἀναγκαζομένας
3239 871 3414 940 αίρειν
3445 870 3535 927 τὸν
3576 868 3826 936 σταυρόν.

2512 983 2529 1017 ι
2561 966 2671 1018 Καὶ
2699 965 2946 1027 ἐλθόντες
2971 966 3051 1026 είς
3086 964 3251 1015 τόπον
3302 961 3595 1029 λεγόμενον
3646 958 3904 1026 Γολγοθὰ,
3949 959 4007 1019 ὅς

2434 1064 2554 1116 ἐστι
2610 1062 2904 1133 λεγόμενος
2948 1059 3189 1131 Κρανίου
3219 1059 3402 1120 τόπος,
3428 1057 3635 1109 ἔδωκαν
3689 1054 3836 1122 αὑτῷ
3870 1055 4008 1105 πιεῖν

2432 1154 2555 1217 ὅξος
2596 1156 2732 1225 μετὰ
2771 1154 2933 1225 χολῆς
2977 1149 3333 1221 μεμιγμένον,
3360 1148 3453 1201 καὶ
3513 1146 3873 1215 γευσάμενος,
3909 1146 4009 1196 οὐκ

2432 1246 2590 1314 ἤθελε
2628 1248 2770 1298 πιεῖν
2813 1263 2826 1276 ·
2862 1242 3277 1313 σταυρώσαντες
3302 1242 3358 1293 δέ
3403 1240 3587 1306 αὐτὸν,
3632 1239 4008 1309 διεμερίσαντο

2431 1334 2499 1386 τὰ
2533 1335 2724 1404 ἱμάτια
2754 1332 2938 1397 αὐτοῦ,
2992 1330 3278 1401 βάλλοντες
3330 1329 3532 1398 κλῆρον
3562 1345 3577 1359 ο
3612 1330 3696 1381 ἵνα
3746 1327 4006 1395 πληρωθῇ

2432 1423 2490 1475 τὸ
2520 1424 2683 1493 ῥηθὲν
2709 1424 2809 1476 ὑπὸ
2842 1425 2933 1476 τοῦ
2956 1424 3235 1492 προφήτου
3260 1438 3273 1452 ’
3308 1420 3697 1489 Διεμερίσαντο
3720 1418 3786 1469 τὰ
3817 1415 4011 1485 ἱμάτιά

2434 1533 2536 1587 μου
2561 1517 2796 1579 ἑαυτοῖς,
2829 1516 2923 1567 καὶ
2948 1515 3041 1567 ἐπὶ
3060 1514 3151 1565 τὸν
3172 1512 3466 1582 ίματισμὸν
3499 1527 3600 1579 μου
3646 1508 3837 1561 ἔϐαλον
3877 1505 4006 1573 κλῆ-

2432 1625 2542 1678 ρον.
2564 1607 2670 1659 Καὶ
2699 1605 2997 1675 καθήμενοι
3035 1604 3261 1673 ἐτήρουν
3286 1602 3449 1655 αὐτὸν
3498 1603 3635 1663 ἐκεῖ,
3667 1600 3759 1650 καὶ
3806 1596 4009 1663 ἐπέθη-

2390 1744 2393 1745 ν
2428 1716 2530 1752 καν
2567 1699 2750 1751 ἐπάνω
2776 1700 2875 1765 τῆς
2904 1697 3145 1766 κεφαλῆς
3174 1695 3342 1749 αὐτοῦ
3364 1695 3460 1764 τὴν
3498 1693 3677 1746 αἰτίαν
3711 1690 3876 1744 αὑτοῦ
3912 1706 4007 1755 γε-

2427 1790 2749 1860 γραμμένην
2770 1805 2783 1818 ·
2805 1784 2971 1851 Οὗτός
2993 1791 3140 1841 ἐστιν
3164 1788 3370 1858 Ἰησοῦς
3398 1788 3424 1837 ὁ
3449 1784 3701 1856 βασιλεὺς
3725 1783 3832 1834 τῶν
3876 1784 4011 1833 ’1ου-

2355 1861 2402 1920 Β
2428 1881 2610 1934 δαίων.
2651 1898 2669 1932 ι
2704 1882 2941 1951 Κρανίου
2958 1881 3119 1941 τόπος
3149 1878 3535 1944 ἐλέγετο,διότι
3567 1875 3729 1943 φασὶν
3754 1876 3799 1925 oi
3821 1876 3880 1925 ἐκ
3899 1889 4008 1924 πα·

2434 1971 2700 2043 ραδόσεως
2728 1972 2988 2041 Πατέρων
3025 1969 3455 2039 παραλαϐόντες,
3489 1968 3569 2019 ὃτι
3602 1968 3630 2019 δ
3665 1964 3837 2033 Ἀδὰμ
3892 1964 4009 2014 ἐκεῖ

2429 2064 2693 2115 τέθαπται
2715 2079 2727 2090 ’
2752 2062 2941 2132 ὥσπερ
2974 2062 3083 2130 γὰρ
3116 2064 3313 2124 πάντες
3338 2064 3395 2113 ὲν
3430 2060 3495 2129 εῷ
3540 2060 3713 2127 ’Δδὰμ
3737 2057 4008 2111 ἀπεθάνο-

2434 2173 2554 2225 μεν,
2580 2154 2752 2226 οὕτως
2784 2158 2841 2207 ἐν
2867 2155 2946 2223 τῷ
2986 2153 3205 2223 Χριστῷ
3234 2152 3637 2221 ζωοποιηθῆναι
3688 2152 3833 2220 ήμὶς
3869 2150 3997 2201 ἔδει.

2430 2248 2522 2315 Μὴ
2549 2246 2829 2315 ταραχθῇς
2880 2246 2937 2299 δὲ
2961 2245 3177 2299 ἁκούων
3200 2245 3308 2296 τῶν
3343 2243 3773 2309 εὖαγγελιστὼν,
3808 2241 4005 2293 τούτου

2446 2338 2544 2407 μὲν
2574 2337 2825 2405 λέγοντος
2882 2335 3003 2401 ὅξος
3043 2337 3180 2405 μετὰ
3211 2336 3373 2405 χολῆς
3434 2334 3870 2405 προσενεχθῆναι
3930 2332 4011 2402 τῷ

2432 2431 2642 2499 Κυρίῳ,
2678 2430 2771 2483 τοῦ
2835 2430 2891 2482 δὲ
2931 2430 3181 2500 Μάρκου,
3225 2428 3657 2498 ἐσμυρνισμένον
3712 2424 3877 2490 οἶνον,
3910 2424 4007 2478 τοῦ

2430 2522 2488 2574 δὲ
2534 2522 2802 2585 Ἰωάννου,
2830 2521 2951 2586 ὅξος
2975 2524 3069 2574 καὶ
3123 2522 3286 2591 χολὴν
3318 2521 3459 2589 μετὰ
3511 2520 3787 2572 ὑσσώπου’
3838 2518 4009 2574 πολλὰ

2434 2617 2540 2682 γὰρ
2599 2616 2843 2683 ἐγίνοντο
2888 2615 3038 2683 παρὰ
3090 2614 3320 2679 πολλῶν,
3345 2610 3432 2666 οἷα
3473 2614 3708 2667 ἀτάκτου
3772 2612 4009 2683 πλήθους

2431 2710 2608 2772 ὄντος,
2642 2709 2732 2760 καὶ
2759 2708 2918 2760 ἄλλου
2946 2707 3073 2760 ἄλλο
3098 2708 3397 2769 ποιοῦντος.
3450 2706 3609 2765 Εἰκὸς
3643 2701 3736 2758 οὖν
3766 2706 3856 2758 τὸν
3885 2704 4007 2773 μὶν,

2431 2796 2571 2851 οἶνον
2595 2799 2924 2870 προσφέρειν
2945 2812 2959 2825 ⁸
2990 2797 3151 2851 me;
3189 2798 3308 2861 ὅξος
3336 2798 3476 2867 μετὰ
3516 2798 3698 2867 χολῆς.
3736 2798 3926 2849 Πολλοὶ
3951 2795 4009 2849 δὲ

2434 2891 2669 2943 θανάτου
2698 2887 2838 2961 ἦσαν
2865 2892 3075 2961 τρόποι,
3102 2889 3217 2943 ἀλλ’
3258 2892 3407 2960 ὅμως
3436 2890 3656 2960 σταυρῷ
3684 2888 4009 2942 θανατοῦται

2435 2984 2461 3033 ὁ
2486 2983 2743 3051 Χριστὸς,
2768 2983 2852 3035 ἵνα
2878 2984 2970 3035 καὶ
2992 2983 3049 3035 τὸ
3077 2982 3230 3046 ξύλον
3265 2982 3488 3054 ἁγιάσῃ,
3510 2982 3577 3034 δι’
3602 2976 3662 3036 οῦ
3689 2980 4009 3050 κατηράθη-

2440 3093 2558 3144 μεν,
2611 3076 2802 3127 καὶτὰ
2861 3074 3149 3145 σύμπαντα
3195 3076 3487 3147 εὐλογήσῃ·
3530 3076 3598 3129 τά
3649 3092 3707 3127 τε
3755 3075 4009 3144 οὐράνια,

763 3184 860 3236 per
893 3170 1311 3237 suppetlaneum,
1370 3176 1424 3217 et
1453 3167 1585 3216 fines
1614 3173 1820 3225 terrraa,
1848 3159 2125 3213 Orientem
2154 3168 2206 3211 et
2232 3157 2326 3210 Oc-
2356 3208 2400 3266 ϐ
2436 3166 2460 3219 a

2311 3188 2326 3197 ο
2356 3208 2400 3266 C
2436 3166 2469 3219 ἃ
2492 3168 2742 3235 δηλοῦται
2778 3168 2865 3221 διὰ
2888 3169 2983 3221 τοῦ
3027 3169 3310 3221 ἁνωτάτου
3343 3170 3539 3239 μέρους
3598 3168 3693 3221 τοῦ
3744 3167 4006 3238 σταυροῦ,

763 3259 1053 3318 eidentem,
1099 3256 1188 3323 qui
1254 3270 1347 3320 per
1407 3263 1741 3305 transversas
1795 3258 1978 3318 partes
2020 3247 2201 3302 crucis
2255 3246 2328 3299 si-

763 3360 1020 3417 gnantur.
1045 3347 1147 3401 Sel
1182 3356 1233 3399 et
1266 3344 1505 3399 extendit
1537 3358 1748 3411 manus,
1776 3352 1831 3393 ut
1861 3342 1913 3393 in
1965 3338 2119 3393 ulnas
2157 3340 2329 3392 susci-

761 3446 872 3515 piat
898 3453 952 3495 et
985 3452 1269 3510 rongreget
1294 3439 1427 3493 filios
1450 3439 1537 3491 Dei
1565 3439 1850 3505 dispersos.
1877 3435 2124 3487 Dividunt
2151 3442 2326 3484 autem

761 3535 1086 3587 vestimenta
1119 3532 1234 3599 ejus
1280 3531 1503 3592 milites,
1531 3539 1586 3582 ut
1622 3528 1867 3597 frugalis,
1893 3536 1945 3579 et
1998 3524 2131 3579 nihil
2182 3523 2326 3574 aliud

765 3624 1032 3678 habentis.
1060 3622 1296 3675 Titulum
1335 3632 1515 3675 autem
1558 3635 1715 3687 quem
1745 3618 1884 3673 dixit
1914 3617 2052 3669 alius
2096 3628 2330 3679 evange-

761 3716 909 3779 lista,
963 3714 1242 3768 Matthzeus
1292 3714 1422 3767 dicit
1474 3729 1713 3766 causam.
1750 3710 2128 3777 Ascripseruut
2182 3708 2327 3760 enim

761 3808 916 3876 cujus
945 3808 1116 3876 gratia
1142 3805 1433 3861 cruciﬁxits
1463 3814 1626 3865 esset,
1666 3818 1858 3871 nempe
1892 3814 1949 3854 ut
1984 3818 2072 3854 rex
2106 3800 2328 3853 Judae-

764 3916 903 3962 rum,
933 3907 987 3952 et
1039 3914 1215 3951 rerum
1251 3906 1490 3949 novatur.
1530 3895 1601 3947 Illi
1635 3896 1791 3965 igitur
1830 3909 2010 3961 regem
2063 3895 2326 3961 ascripse-

763 4002 886 4044 runt
951 4005 1046 4057 pro
1102 3988 1464 4042 accusdlione.
1528 3986 1911 4040 Verumtamen
1961 3987 2326 4041 testiinoniqu

760 4083 887 4134 illud
922 4080 1075 4134 fidele
1106 4085 1267 4133 etiam
1303 4081 1371 4132 ab
1428 4078 1663 4131 inimicis
1713 4078 2025 4132 adductum.
2065 4076 2173 4130 Rex
2210 4078 2329 4145 qni-

758 4175 879 4225 dem
911 4183 993 4226 est
1033 4172 1311 4229 Dominus,
1341 4171 1429 4238 qui
1464 4170 1530 4221 ad
1586 4170 1689 4223 hoc
1729 4171 1895 4229 venit,
1922 4177 1980 4221 ut
2036 4169 2207 4221 salvet
2233 4167 2328 4221 Ju-

759 4273 921 4318 t'cns.
958 4262 1093 4328 Quia
1139 4271 1314 4315 autem
1356 4261 1599 4315 carnales
1644 4258 1817 4313 Judmi
1866 4261 2149 4312 noluerunt
2181 4260 2326 4312 illum

758 4370 920 4423 super
973 4370 1032 4407 se
1067 4370 1288 4421 regnare
1316 4394 1329 4415 ,
1371 4368 1460 4407 rex
1503 4354 1560 4405 fit
1610 4352 1967 4421 spiritualium
1996 4351 2324 4415 Iudaeorum,

760 4448 865 4505 hoc
896 4446 1399 4529 estconlitentium.
1466 4443 1679 4497 Iuda-us
1712 4442 1856 4498 enim
1890 4442 2140 4511 conﬁtens
2189 4443 2326 4497 dici-

759 4549 865 4591 tur.

2432 3261 2525 3312 καὶ
2546 3261 2610 3311 τὰ
2628 3260 2942 3329 ὑποχθόνια,
2972 3261 3011 3331 ἃ.
3042 3260 3406 3331 δηλοῦται,διὰ
3440 3261 3533 3315 τοῦ
3562 3261 3851 3313 ὑποποδίου
3872 3298 3885 3321 ,
3912 3259 4009 3313 καὶ

2427 3351 2494 3402 τὰ
2520 3352 2728 3420 πέρατα
2749 3354 2847 3419 τῆς
2869 3356 2991 3421 γῆς,
3011 3355 3070 3406 τό
3103 3371 3161 3406 τε
3201 3352 3539 3407 Ἀνατολικδν
3563 3352 3658 3403 καὶ
3677 3352 3738 3403 τὸ
3754 3353 4007 3413 Δυτικδν,

2428 3444 2464 3497 ει
2492 3445 2745 3514 δηλοῦται
2779 3445 2866 3497 διὰ
2898 3446 3007 3497 τῶν
3032 3450 3095 3498 ἐκ
3130 3446 3355 3512 πλαγίου
3395 3445 3578 3516 μερῶν
3608 3444 3701 3497 τοῦ
3734 3442 4001 3513 σταυροῦ·

2435 3536 2569 3587 ἀλλὰ
2628 3540 2723 3589 καὶ
2770 3537 2856 3590 ἵνα
2909 3537 3155 3600 ἐκτείνας
3196 3538 3292 3600 τὰς
3346 3541 3534 3608 χεῖρας
3580 3536 4010 3604 ἐναγκαλίσηται

2429 3628 2522 3677 καὶ
2556 3626 2755 3696 συνάξῃ
2800 3628 2868 3678 τὰ
2895 3627 3059 3680 τέκνα
3093 3627 3187 3680 τοῦ
3238 3628 3373 3681 Θεοῦ
3414 3631 3479 3682 τὰ
3519 3628 4007 3698 διεσκορπισμένα.

2430 3719 2849 3787 Διαμερίξονται
2900 3720 2996 3772 καὶ
3038 3720 3106 3772 τὰ
3140 3721 3334 3789 ἱμάτια
3365 3720 3527 3773 αὐτοῦ
3553 3722 3602 3772 ot
3650 3720 4007 3790 στρατιῶται,

2429 3811 2503 3870 ὼς
2540 3811 2811 3873 εὐτελοῦς,
2847 3812 2941 3863 καὶ
2982 3813 3149 3880 μηδὲν
3184 3812 3311 3864 ἄλλο
3342 3813 3575 3880 ἔχοντος.
3621 3811 3716 3864 ⁸ον
3745 3812 3799 3863 δὲ
3851 3808 4011 3865 εἶπεν

2428 3902 2586 3965 ἄλλος
2609 3902 3002 3973 εὐαγ-ίελιστὴς
3029 3905 3256 3969 τίτλον,
3283 3905 3471 3956 τοῦτον
3494 3903 3814 3963 ὁΜατθαίός
3840 3920 4012 3971 φησιν

2428 3995 2645 4047 αιτίαν·
2681 3996 2999 4066 ἐπέγραψαν
3037 3997 3144 4067 γὰρ
3171 3997 3315 4060 τίνος
3346 3997 3529 4050 ἕνεκεν
3556 3994 3898 4064 ἐσταυρώθη,
3924 3997 4011 4048 ὅτι

2441 4087 2520 4144 ὡς
2557 4087 2809 4154 βασιλεὺς
2868 4088 2977 4139 τῶν
3019 4089 3307 4153 Ἰουδαίων,
3346 4090 3442 4142 καὶ
3498 4089 3571 4146 ὡς
3622 4088 4011 4157 νεωτεριστὴς.

2431 4176 2660 4226 Ἐκεινοι
2697 4176 2796 4244 μὲν
2836 4176 2927 4228 οῦν
2960 4177 3039 4239 τὸ,
3075 4178 3361 4242 Βασιλεὺς,
3392 4178 3708 4247 ἐπέγραψαν
3765 4181 3858 4230 ἐπὶ
3889 4179 4014 4230 δια-

2430 4266 2582 4337 ϐολῇ.
2620 4268 2763 4335 [Ιλὴν
2798 4271 2829 4338 ἠ
2861 4271 3138 4341 μαρτυρία
3186 4270 3326 4340 αῦτη
3378 4272 3666 4341 πιστὴ,ὠς
3692 4270 3844 4340 παρὰ
3900 4272 4015 4324 τῶν

2429 4360 2641 4429 ἐχθρῶν
2693 4348 3028 4432 είσαχθεῖσαξ
3067 4364 3333 4428 Βασιλεὺς
3399 4365 3508 4435 γάρ
3546 4367 3695 4417 ἐστιν
3726 4366 3755 4417 δ
3801 4364 4014 4433 Κύριος

2429 4448 2515 4500 ἐπ’
2545 4450 2677 4501 αὐτὸ
2701 4450 2857 4505 τοῦτο
2887 4450 3075 4515 ἐλθὼν,
3113 4453 3199 4506 ἵνα
3222 4453 3373 4524 σώσῃ
3395 4456 3521 4513 τοὺς
3548 4455 3852 4516 Ἰουδαίους·
3886 4457 4015 4506 ἐπεὶ

2432 4540 2490 4591 δὲ
2543 4540 2593 4592 oi
2624 4543 2881 4611 σαρκικοί
2943 4542 3189 4595 Ἰουδαῖοι
3211 4544 3313 4597 οὐκ
3356 4544 3628 4614 ἠθέλησαν
3689 4544 4014 4615 βασιλεῦσαι

758 4636 919 4686 αὑτὸν
986 4634 1073 4686 ἐπ’
1115 4635 1333 4697 αὐτοὺς,
1399 4632 1651 4701 βασιλεὺς
1708 4633 1919 4699 γίνεται
1978 4631 2087 4683 τῶν
2145 4635 2532 4701 πνευματικῶν
2607 4636 2896 4704 Ἰουδαίων,
2949 4639 3233 4704 τουτέστι,
3292 4641 3403 4693 τῶν
3472 4640 4011 4710 ἐξομολοσιουμένων·

770 4730 1016 4789 Ἰουδαῖος
1042 4728 1148 4793 γὰρ
1164 4728 1711 4797 ἐξομολογούμενος
1729 4724 1967 4793 λέγεται.

832 4820 991 4873 Vsus.
1018 4819 1209 4873 38-44.
1250 4836 1267 4866 ι
1306 4816 1455 4871 Tunc
1486 4818 1876 4884 crttciliguntnr
1928 4832 2048 4869 eum
2111 4830 2175 4869 eo
2220 4816 2325 4870 duo
2358 4831 2402 4886 ο

755 4915 1013 4974 latrones,
1048 4927 1229 4965 unusa
1262 4912 1484 4974 dextris,
1509 4919 1562 4963 et
1588 4910 1726 4962 alter
1754 4925 1782 4961 a
1814 4910 2069 4963 sinistris.
2101 4910 2326 4963 Prmter-

752 5016 940 5059 euntes
975 5014 1151 5064 autem
1187 5002 1425 5057 convicia
1454 5002 1727 5070 jaciebant
1760 5002 1811 5055 in
1863 5016 2011 5064 eum,
2046 5010 2321 5055 moventes

753 5099 928 5165 capita
963 5111 1060 5149 sua
1086 5108 1138 5148 et
1164 5097 1405 5149 dicentes
1428 5113 1440 5147 :
1463 5093 1542 5146 Tu
1565 5095 1653 5162 qui
1690 5095 2010 5147 destruebas
2039 5094 2321 5162 templum,

751 5200 804 5241 ut
839 5188 887 5240 in
916 5186 1095 5240 triduo
1119 5186 1447 5248 mdilicabas,
1486 5200 1638 5238 serva
1673 5184 2046 5251 temetipsum;
2082 5185 2124 5237 si
2158 5184 2325 5237 Filius

752 5280 843 5333 Dei
865 5295 947 5343 es,
976 5278 1244 5333 descende
1269 5276 1336 5330 de
1358 5291 1536 5331 cruce.
1569 5276 1832 5330 Similiter
1858 5285 1911 5329 et
1944 5276 2323 5345 principe-ssu-

752 5374 1029 5423 eerdotutn
1081 5370 1367 5423 illudentes
1395 5384 1517 5422 cum
1545 5368 1750 5421 Scribis
1796 5379 1849 5420 et
1897 5369 2203 5422 senioribus
2268 5377 2323 5420 et

751 5463 1042 5515 Pbariswis
1061 5464 1307 5516 dicebant
1334 5480 1345 5513 :
1380 5464 1526 5517 Alios
1556 5461 1813 5523 servavit,
1838 5461 2183 5528 semetipsum
2216 5473 2320 5511 non

753 5565 931 5624 potest
961 5569 1176 5608 servare
1197 5554 1218 5604 ?
1242 5554 1298 5607 Si
1333 5568 1423 5606 rex
1453 5553 1613 5607 Israel
1635 5563 1737 5615 est,
1777 5552 2063 5605 descendat
2092 5567 2231 5604 nunc
2256 5552 2323 5604 de

752 5662 933 5714 cruce,
965 5658 1017 5701 et
1042 5633 1325 5701 credemus
1355 5646 1423 5700 ei.
1450 5644 1680 5700 Coufidit
1722 5645 1773 5699 in
1807 5642 1938 5709 Deo,
1967 5644 2151 5699 liberet
2197 5659 2321 5698 eum

823 5824 868 5856 ⁸⁷
922 5824 1092 5879 lCor.
1125 5838 1211 5888 ιν,
1253 5826 1344 5880 2‘2.
1423 5828 1467 5860 "
1496 5828 1661 5883 Marc.
1703 5845 1789 5885 xv.
1871 5831 1913 5861 “
1953 5828 2111 5885 Joan.
2159 5846 2271 5885 ιη.

2508 4832 2527 4863 ι
2563 4813 2695 4867 Τότε
2730 4816 3086 4885 σταυροῦνται
3118 4817 3219 4870 σὺν
3257 4819 3406 4890 αὐτῷ
3435 4818 3527 4871 δύο
3558 4819 3775 4890 λῃσταὶ,
3812 4818 3895 4883 εἷς
3944 4824 4015 4878 ἐκ

2429 4906 2639 4969 δεξιῶν,
2675 4909 2768 4960 καὶ
2801 4902 2880 4970 εἷς
2902 4908 2961 4972 ἐξ
2993 4910 3292 4981 εὐωνύμων
3323 4928 3337 4941 ·
3361 4915 3408 4964 oi
3439 4911 3496 4964 δέ
3549 4916 4016 4983 παραπορευόμε-

2429 5016 2509 5052 νοι
2544 5000 2933 5070 ἐϐλασφήμουν
2960 5002 3143 5067 αὑτὸν,
3178 5003 3459 5065 κινοῦντες
3488 5004 3589 5068 τὰς
3627 5008 3869 5073 κεφαλὰς
3906 5009 4014 5061 αῦ-

2428 5092 2559 5153 τῶν,
2588 5095 2682 5145 καὶ
2709 5094 2983 5160 λέγοντες·
3024 5096 3083 5150 Ὀ
3116 5098 3406 5153 καταλύων
3432 5100 3525 5153 τδν
3539 5103 3663 5153 ναδν
3686 5104 3781 5154 καὶ
3800 5105 3859 5153 ἐν
3890 5120 4015 5172 τριο

2428 5186 2513 5236 σὶν
2540 5187 2769 5255 ἡμέραις
2815 5189 3134 5257 οἰκοδομῶν,
3165 5191 3339 5243 σῶσον
3378 5194 3632 5245 σεαυτόν·
3684 5196 3732 5245 εί
3768 5195 3898 5258 Υἱὸς
3959 5193 4018 5249 εἴ

2428 5275 2521 5328 τοῦ
2551 5278 2707 5342 Θεοῦ,
2733 5280 3000 5349 κατάϐηθι
3024 5281 3131 5333 ἀπὸ
3154 5282 3249 5334 τοῦ
3281 5285 3540 5353 σταυροῦ.
3577 5286 3807 5353 Ὁμοίως
3828 5289 3885 5340 δὲ
3914 5293 4014 5342 καὶ

2432 5370 2481 5419 οἱ
2514 5372 2787 5441 ἀρχιερεῖς
2823 5372 3185 5439 ἐμπαίζοντες
3217 5377 3356 5443 μετὰ
3386 5378 3496 5428 τῶν
3518 5381 3897 5447 γραμματέων
3915 5385 4013 5435 καὶ

2433 5464 2817 5533 πρεσϐυτέρων
2848 5467 2942 5517 καὶ
2956 5468 3269 5537 Φαρισαίων
3298 5469 3504 5536 ἔλεγον·
3532 5471 3760 5533 Ἀλλους
3778 5473 4010 5539 ἔσωσεν,

2431 5556 2621 5608 ἑαυτὸν
2650 5559 2710 5608 οὐ
2739 5558 2962 5611 δύναται
2994 5560 3198 5623 σῶσαι;
3234 5562 3298 5615 El
3331 5561 3586 5630 βασιλεὺς
3627 5563 3847 5633 Ἰσραήλ
3867 5569 4010 5631 tr",

2432 5646 2724 5700 καταϐάτω
2756 5648 2850 5701 νῦν
2895 5650 3003 5702 ἀπὸ
3037 5650 3131 5701 τοῦ
3187 5651 3443 5721 σταυροῦ,
3486 5652 3580 5705 καί
3638 5654 4013 5725 πιστεύωμεν
