4298 6446
294 383 409 452 (69

858 388 1314 452 ENARRATEO
1355 391 1438 453 IN
1465 392 1966 456 EVANGELIUM

1971 393 1979 453 [
2018 393 2409 457 ΜΑΤΤΠΑΞΙ.
2441 421 2512 433 -·
2549 396 2708 458 CAP.
2754 395 3003 458 XXVII.

3477 391 3586 454 470

298 498 391 551 ἐπ’
419 497 589 567 αὐτῷ.
625 497 897 553 Πέποιθεν
925 503 1018 554 ἐπὶ
1044 501 1138 554 τὸν
1153 501 1308 566 Θεὸν,
1337 502 1597 572 ῥυσάσθω
1654 503 1751 556 νῦν
1783 505 1876 557 αὐ·
1905 508 1951 564 Α

1983 523 2147 573 ηυηο,
2182 508 2228 562 si
2264 508 2517 561 vulteum
2554 523 2568 562 :
2597 509 2737 562 dixit
2762 507 2934 568 enim,
2961 504 3128 559 Filius
3152 503 3406 558 Dcisum.
3442 500 3586 570 ldip-

294 588 414 654 τὸν,
440 591 490 642 εί
517 589 658 642 θέλει
679 590 862 643 αὐτόν’
891 586 1013 644 εἷπε
1050 592 1160 664 γάρ
1185 593 1290 658 ὅτι,
1314 593 1449 646 Θεοῦ
1471 596 1591 662 εἰμι
1629 595 1774 657 Υίός.
1809 597 1884 649 Τὸ

295 677 348 731 ϐ’
398 679 530 732 αὐτὸ
584 680 679 732 καὶ
731 683 780 733 ot
828 682 1023 752 λῃσταὶ
1081 684 1132 734 ot
1184 684 1659 754 συσταυρωθέντες
1712 685 1881 755 αὐτῷ,

295 773 574 836 ὠνείδιζον
621 775 791 843 αὐτῷ.
822 795 840 826 ι
888 776 1036 845 Πρὸς
1075 775 1332 846 διαϐολὴν
1357 776 1453 828 τοῦ
1494 777 1734 846 Χριστοῦ
1787 796 1884 830 συ-

296 869 625 938 σταυροῦσιν
665 869 814 938 αὐτῷ
847 869 940 922 δύο
961 870 1186 940 λῃστάς,
1220 871 1307 923 ἵνα
1326 871 1420 923 καὶ
1453 872 1614 935 αὐτὸς
1642 873 1884 934 τοιοῦτος

293 961 531 1029 νομισθῇ
560 962 878 1031 παράνομος
903 963 980 1026 ὡς
1004 965 1224 1015 ἐκεῖνοι.
1259 961 1442 1026 Τύπος
1467 964 1525 1016 δὲ
1569 960 1711 1033 ἦσαν
1739 961 1884 1018 οὗτοι

291 1050 409 1102 τῶν
437 1054 531 1105 δύο
553 1052 716 1116 λαῶν,
745 1053 838 1106 τοῦ
861 1071 920 1106 τε
961 1053 1256 1109 Ἰουδαϊκοῦ
1279 1056 1374 1109 καὶ
1395 1054 1490 1107 τοῦ
1513 1054 1754 1109 ἐθνικοῦο
1777 1058 1887 1125 ἀμ-

295 1141 520 1212 φότεροι
559 1144 670 1214 γάρ
701 1145 1034 1214 παράνομοι,
1088 1147 1182 1199 καὶ
1212 1145 1570 1211 ὀνειδίζοντες
1592 1147 1686 1199 τὸν
1741 1148 1885 1218 Χρι-

299 1233 446 1284 στόν·
479 1233 668 1303 ὥσπερ
702 1237 795 1287 καὶ
821 1230 966 1289 οῦτοι
1007 1237 1274 1307 πρότερον
1299 1240 1350 1290 οί
1373 1239 1570 1310 λῃσταὶ
1610 1239 1886 1303 ὠνείδιζον

293 1324 602 1393 ἀμφότεροι
622 1343 635 1354 ·
681 1326 910 1397 ὕστερον
939 1328 996 1381 δέ
1021 1330 1050 1408 ο
1083 1323 1164 1392 εἷς
1211 1331 1472 1396 ἐπιγνοὺς
1500 1332 1685 1396 αὑτὸν,
1740 1333 1887 1403 ὡμο-

293 1414 494 1484 λόγησε
526 1415 770 1486 βασιλέα·
800 1419 880 1472 διὸ
896 1419 991 1472 καὶ
1014 1419 1188 1488 ἔλεγε·
1209 1422 1498 1492 Μνήσθητί
1526 1439 1651 1492 μου,
1677 1424 1852 1494 Κύριε
1870 1465 1883 1489 ,

295 1507 358 1558 ἐν
382 1510 446 1577 τῇ
474 1507 722 1579 βασιλείᾳ
760 1527 854 1562 σου
878 1528 890 1542 ·
927 1511 1100 1574 οὕτως
1147 1508 1242 1565 οῦν
1275 1515 1371 1566 καὶ
1423 1517 1451 1567 ὁ
1503 1514 1719 1577 ἐθνικὸς
1759 1516 1889 1580 λαὸς

294 1597 617 1668 ὡμολόγησε
641 1603 731 1654 τὸν
761 1603 1018 1673 Χριστόν.
1060 1603 1121 1656 ’0
1134 1604 1190 1656 δὲ
1211 1606 1400 1676 ἔτερος
1421 1606 1647 1678 λῃστὴς,
1687 1608 1715 1659 ό
1760 1608 1890 1659 Ἰου-

293 1691 481 1755 δαῖκδς
503 1693 650 1759 λαὸς,
672 1693 1046 1765 ἐϐλασφήμει·
1085 1698 1114 1749 ὁ
1145 1695 1392 1758 διάϐολος
1413 1698 1469 1750 δὲ
1493 1697 1732 1750 ὑπέϐαλε
1757 1701 1888 1762 τοὺς

293 1785 583 1853 λέγοντας·
629 1775 651 1838 ὅ
682 1788 743 1840 Et
777 1787 903 1851 me
944 1783 994 1840 εί
1017 1788 1112 1842 τοῦ
1147 1788 1305 1855 Θεοῦ,
1338 1789 1612 1858 κατάϐηθι
1656 1790 1766 1844 ἀπὸ
1795 1790 1888 1843 τοῦ

298 1877 560 1948 σταυροῦ.
594 1898 613 1930 ι
651 1880 740 1932 ἶνα
795 1880 1100 1950 ἐρεθισθεὶς
1128 1881 1368 1952 καταϐῇ,
1398 1883 1494 1935 καὶ
1527 1883 1820 1954 ἀνατραπῇ
1856 1887 1887 1952 ἡ
1923 1857 1966 1915 Β

297 1963 519 2024 πάντων
549 1971 639 2025 διά
671 1972 764 2024 τοῦ
785 1972 1022 2044 σταυροῦ
1045 1975 1310 2046 σωτηρία.
1335 1976 1428 2028 Διὸ
1449 1977 1476 2029 ὀ
1499 1977 1763 2045 Χριστὸς.
1797 1979 1894 2030 καλ⁸

297 2059 432 2125 Υίός
461 2063 580 2116 ἐστι
602 2049 696 2116 τοῦ
735 2064 872 2117 Θεοῦ
929 2065 1024 2118 καὶ
1053 2067 1154 2119 οὐκ
1188 2066 1420 2136 ἐπείσθη
1453 2067 1531 2136 τῷ
1567 2067 1773 2139 ἐχθρῷ,
1806 2069 1895 2121 ἵνα

298 2154 397 2206 καὶ
421 2155 486 2207 σὺ
520 2155 796 2226 μανθάνῃς
831 2157 913 2208 ὅτι
943 2156 1005 2209 οὐ
1063 2157 1145 2211 δεῖ
1173 2158 1460 2211 πείθεσθαι
1486 2160 1601 2221 τοῖς
1643 2159 1742 2212 τοῦ
1776 2160 1891 2214 δια-

299 2244 458 2299 ϐόλου
497 2247 892 2317 τεχνάσμασιν,
922 2249 1060 2301 ἀλλὰ
1080 2249 1142 2301 τὸ
1177 2249 1342 2302 καλὸν
1374 2252 1658 2320 πράττειν,
1687 2250 1791 2304 κᾶν
1845 2253 1894 2303 ot

297 2334 577 2406 ἄνθρωποι
613 2337 856 2408 πονηράν
887 2339 1158 2409 ὑπόληψιν
1195 2340 1466 2409 μέλλωσιν
1495 2342 1662 2413 ἔχειν.

377 2446 395 2478 ι
423 2427 558 2481 ’Δπὸ
581 2429 640 2482 δέ
693 2429 858 2500 ἕκτης
890 2430 1038 2500 ὥρας
1068 2432 1257 2495 σκότος
1287 2434 1503 2501 ἐγένετο
1562 2436 1656 2487 ἐπὶ
1715 2436 1896 2489 πᾶσαν

298 2518 400 2585 τὴν
446 2519 552 2588 γῆν
585 2519 690 2582 ἕως
742 2520 892 2591 ὧρας
937 2521 1202 2590 ἐννάτης·
1249 2527 1380 2594 περ)⁸
1424 2525 1483 2579 δὲ
1526 2526 1624 2596 τὴν
1668 2529 1897 2598 ἐννάτην

302 2608 475 2677 ὥραν,
509 2611 802 2682 ἀνεϐόησεν
839 2616 866 2666 ό
913 2613 1117 2682 Ἰησοῦς
1168 2619 1319 2686 φωνῇ
1369 2618 1578 2689 μεγάλῃ
1606 2660 1620 2682 ,
1673 2621 1850 2688 λέγων
1875 2637 1890 2654 ο

313 2701 454 2768 ’tm,
504 2704 643 2768 Ἠλὶ,
690 2705 844 2774 λαμὰ
900 2706 1230 2776 σαϐαχθανὶ,
1279 2709 1529 2762 τουτέστι
1558 2728 1571 2741 ·
1615 2711 1716 2764 Θεέ
1773 2730 1898 2782 μου,

300 2789 403 2842 Θεέ
435 2809 556 2859 μου,
590 2791 682 2844 ἵνα
720 2793 774 2845 τί
819 2810 887 2862 με
925 2795 1323 2861 ἐγκατέλιπες;
1352 2797 1508 2860 Τινὲς
1530 2799 1586 2850 δὲ
1616 2799 1726 2852 τῶν
1786 2802 1902 2854 ἐκεῖ

303 2882 558 2937 ἑστώτων
627 2885 998 2950 ἀκούσαντες,
1050 2887 1269 2955 ἔλεγον,
1320 2890 1403 2942 ὅτι
1462 2889 1650 2944 Ἠλίαν
1727 2895 1898 2960 φωνεῖ

300 2969 459 3036 οὗτος
486 2990 499 3003 ·
534 2976 628 3029 καὶ
660 2977 861 3041 εὐθέως
893 2977 1117 3047 δραμὼν
1151 2973 1231 3041 εἷς
1256 2979 1316 3043 ἐξ
1350 2980 1553 3043 αὐτῶν,
1583 2984 1676 3034 καὶ
1721 2981 1901 3036 λαϐὼν

304 3067 570 3132 σπόγγον,
620 3069 834 3138 πλήσας
888 3087 945 3122 τε
989 3071 1145 3134 ὄξους
1192 3072 1286 3124 καὶ
1345 3073 1591 3142 περιθεὶς
1650 3074 1900 3144 καλάμῳ,

303 3159 556 3221 ἐπότιζεν
585 3161 769 3212 αὐτόν.
795 3160 858 3214 Oi
889 3161 1149 3233 δέιλοιποὶ
1191 3162 1382 3231 ἔλεγον
1411 3181 1424 3196 ·
1464 3167 1657 3232 Ἀφες,
1699 3168 1899 3236 ἴδωμεν

301 3251 352 3300 εί
408 3250 632 3318 ἔρχεται
671 3251 876 3314 Ἠλίας
934 3251 1126 3304 σώσων
1190 3254 1424 3306 αὐτόν.»
1480 3257 1552 3307 Τὸ
1607 3259 1898 3328 γενόμενον

303 3336 516 3402 σκότος,
551 3339 654 3391 οὐκ
680 3335 748 3410 ἦν
794 3341 938 3394 κατὰ
969 3343 1210 3412 φυσικὴν
1255 3344 1603 3411 ἀκολουθίαν,
1646 3343 1758 3400 οἷον
1791 3349 1901 3403 ἀπὸ

302 3429 600 3495 ἐκλείψεως
633 3433 786 3501 ἡλίου
834 3435 1084 3501 φυσικῶς
1129 3437 1432 3506 γενομένης
1456 3455 1472 3470 ο
1506 3439 1764 3492 οὐδέποτε
1795 3443 1902 3512 γάρ

302 3524 967 3590 τισσαρεσκαιδεκαταίας
1007 3524 1173 3596 οὔσης
1211 3528 1312 3597 τῆς
1348 3529 1598 3600 σελήνης,
1652 3532 1892 3605 ἔκλειψις

304 3613 514 3679 γίνεται
550 3615 728 3682 ήλίου,
760 3615 876 3669 ἀλλ’
922 3616 1052 3668 ὅταν
1080 3618 1112 3686 ή
1146 3617 1424 3689 λεγομένη
1454 3622 1617 3689 γέννα
1650 3623 1759 3693 εἴη,
1780 3628 1902 3680 τότε

304 3705 364 3756 al
388 3706 616 3773 φυσικαὶ
638 3706 731 3759 τοῦ
759 3707 910 3777 ἡλίου
935 3707 1204 3777 ἐκλείψεις
1231 3712 1474 3778 γίνονται
1499 3713 1600 3784 (a).
1631 3715 1722 3769 'Ev
1745 3719 1802 3771 δὲ
1835 3724 1902 3790 τῇ

304 3814 444 3851 στου
452 3797 636 3866 ξώσει,
655 3803 1282 3870 τεσσαρεσκαιδεκαταία
1304 3801 1372 3874 ἦν
1389 3809 1422 3875 ή
1441 3809 1641 3880 σελήνη
1660 3811 1901 3877 πάντωςι

302 3890 370 3942 «ιδ
426 3890 536 3959 γὰρ
570 3891 762 3960 Πάσχα
820 3894 927 3945 τῶν
979 3894 1250 3965 Ἑϐραίων
1284 3900 1406 3951 τότε
1430 3901 1703 3954 ἐτελεῖτο·
1763 3905 1905 3959 ὥστε

305 3981 455 4051 ὑπὲρ
501 3985 664 4050 φύσιν
719 3985 779 4036 τὸ
813 3985 986 4049 πάθος
1011 4004 1024 4017 ο
1059 3990 1330 4059 κοσμικὸν
1386 3991 1442 4043 δὲ
1474 3989 1544 4062 ἦν
1589 3993 1650 4046 τὸ
1686 3995 1904 4064 σκότος,

304 4077 372 4130 οὐ
406 4079 653 4147 μερικὸν,
687 4079 876 4149 ὥσπερ
905 4084 962 4134 ἐν
1003 4082 1288 4154 Αίγύπτῳ,
1326 4087 1412 4139 ἶνα
1444 4087 1632 4160 δειχθῇ
1665 4091 1750 4144 ὅτι
1779 4111 1907 4148 πεν-

306 4168 446 4239 θεῖή
478 4171 655 4235 κτίσις
693 4175 784 4225 ἐπὶ
821 4173 899 4242 τῷ
930 4175 1093 4228 πάθει
1136 4177 1230 4230 τοῦ
1263 4179 1521 4244 Κτίστου,
1566 4183 1654 4234 καὶ
1678 4183 1759 4236 ὅτι
1798 4185 1909 4239 άπὸ

305 4262 420 4315 τῶν
466 4262 734 4316 Ἰουδαίων
770 4266 980 4336 ἀπέστη
1021 4270 1082 4320 τὸ
1134 4269 1272 4337 φῶς.
1329 4271 1395 4323 Οί
1444 4271 1726 4336 αἰτοῦντες
1752 4276 1808 4327 δὲ
1847 4277 1907 4341 ἐξ

307 4354 540 4423 οὐρανοῦ
571 4361 798 4425 σημεῖον
835 4359 964 4411 [seu
998 4361 1267 4426 Ἰουδαῖοι,
1304 4362 1400 4414 νῦν
1432 4364 1781 4432 βλεπέτωσαν
1815 4368 1906 4421 τὸν

306 4447 464 4517 ἥλιον
493 4449 896 4518 σκοτιζόμενον.
931 4451 1105 4524 Ἔκτῃ
1159 4453 1215 4505 δὲ
1245 4456 1428 4526 ἡμέρᾳ
1458 4456 1550 4509 τοῦ
1611 4459 1903 4528 ἀνθρώπου

1992 616 2111 653 Sum
2144 611 2321 652 autem
2343 610 2394 654 et
2415 600 2654 654 latrones
2685 600 2774 667 qui
2799 598 3043 652 crucilixi
3077 609 3230 649 erant
3254 611 3376 649 cum
3400 610 3466 649 eo
3488 609 3587 646 ex-

1994 693 2321 760 prohrabanl
2349 694 2418 746 ei.
2447 711 2465 743 ι
2497 691 2551 744 lu
2570 691 2955 747 contumeliam
2976 689 3588 745 Christicrhcitixerunt

1996 797 2121 835 cum
2156 798 2222 835 co
2258 785 2392 836 dnos
2439 785 2700 848 latrones,
2729 793 2786 834 nt
2819 783 2932 848 ipse
2982 782 3198 847 iniquus
3243 778 3587 831 existimetur

1995 888 2114 926 cum
2152 873 2278 929 illis.
2314 872 2474 942 159
2505 873 2701 940 Figura
2738 881 3097 924 antemcrant
3133 869 3184 921 hi
3214 870 3439 921 duorum
3488 880 3585 932 po-

1996 963 2266 1031 pulorttm,
2298 961 2506 1016 Jndaici
2545 972 2601 1015 et
2655 961 2896 1031 gentilis,
2929 962 3017 1025 qui
3064 967 3296 1025 uterque
3328 955 3587 1021 praevari-

1995 1063 2209 1108 calores
2233 1063 2388 1106 erant
2426 1065 2478 1107 et
2510 1053 2783 1123 ﬂagitiosi,
2815 1067 2887 1106 ac
2913 1051 3314 1119 exprobrantes
3344 1047 3586 1109 Christo,

1995 1144 2470 1212 sicutet'primum
2518 1144 2678 1197 ambo
2707 1144 2946 1198 latrOnes
2997 1141 3454 1208 improperahant.
3488 1138 3588 1190 Al-

1998 1242 2081 1288 ter
2126 1227 2317 1301 autem.
2342 1245 2398 1288 et
2448 1236 2717 1304 posterior
2767 1235 3119 1303 resipiscens,
3165 1229 3452 1284 confessus
3507 1239 3591 1282 est

1997 1340 2178 1395 regem
2219 1343 2232 1376 :
2263 1325 2384 1378 ideo
2417 1333 2469 1378 ct
2501 1325 2747 1379 dicebat:
2781 1324 2985 1378 Memor
3014 1335 3132 1378 esto
3171 1324 3298 1381 mei.
3335 1319 3588 1386 Domine.

1998 1415 2050 1468 in
2086 1430 2252 1484 regno
2285 1428 2395 1468 tuo.
2435 1415 2528 1470 Sic
2549 1425 2602 1469 et
2638 1416 2852 1485 gentilis
2877 1429 3091 1483 quoque
3119 1413 3349 1481 pepulus
3375 1408 3592 1463 confes-

1997 1521 2092 1562 sus
2142 1516 2227 1561 est
2254 1505 2554 1562 Christum.
2586 1509 2738 1560 Alter
2782 1517 2962 1561 autem
3016 1506 3176 1568 latro,
3207 1502 3464 1557 Jmlaicns
3497 1515 3593 1566 po-

1999 1599 2175 1667 pulus,
2238 1599 2672 1667 Llnsphemahat.
2714 1599 2969 1653 Diabolus
3002 1608 3181 1651 autem
3235 1593 3592 1647 submittebat

1999 1692 2241 1745 dicentes
2275 1710 2287 1745 :
2321 1693 2376 1745 Si
2409 1692 2581 1747 Filius
2604 1707 2664 1746 es
2682 1691 2796 1755 Dei,
2822 1691 3091 1745 descende
3123 1690 3187 1742 de
3217 1703 3398 1749 cruce,
3431 1696 3482 1738 ut
3513 1686 3593 1736 in-

2000 1785 2201 1840 citatus
2255 1783 2638 1839 desr'endatde
2671 1799 2858 1847 cruce,
2891 1794 2946 1837 et
3000 1785 3234 1837 intereat
3295 1780 3441 1833 salus
3475 1793 3595 1831 om-

1997 1877 2146 1929 nium
2182 1891 2304 1944 qua:
2339 1885 2420 1930 cst
2457 1892 2552 1944 per
2577 1890 2818 1930 crucem.
2851 1877 2919 1929 At
2943 1874 3212 1938 Christus,
3247 1873 3373 1940 quia
3427 1869 3597 1922 Filius

1996 1977 2077 2022 est
2106 1967 2222 2030 Dei.
2251 1984 2358 2022 non
2395 1969 2632 2022 obedivit
2663 1968 2887 2022 inimico
2914 1986 2926 2021 :
2970 1977 3026 2020 ut
3053 1976 3108 2021 et
3135 1976 3189 2018 tu
3225 1966 3400 2019 discas
3453 1965 3595 2029 quod

1999 2077 2102 2114 non
2131 2062 2202 2114 sit
2227 2061 2429 2116 diaboli
2459 2062 2668 2115 technis
2699 2061 3027 2124 cedendum,
3056 2060 3151 2114 sed
3188 2059 3326 2111 bene
3361 2072 3595 2126 cperan—

1997 2151 2148 2215 dum,
2181 2151 2345 2205 etiam
2370 2151 2412 2205 si
2447 2151 2700 2206 homines
2728 2153 2868 2206 male
2903 2152 2967 2205 de
2999 2151 3154 2204 nobis
3187 2151 3445 2204 sentiant.

2076 2423 2239 2480 Vens.
2268 2421 2457 2477 45-49.
2501 2439 2519 2472 ι
2563 2421 2609 2474 Α
2636 2428 2790 2476 sexta
2820 2428 3002 2474 autem
3033 2420 3166 2472 hora
3224 2421 3463 2473 tenebrat
3517 2419 3600 2473 fac

2001 2524 2104 2568 cla:
2139 2522 2264 2567 sunt
2291 2527 2455 2580 super
2494 2513 2798 2566 universam
2841 2521 3037 2565 terram
3074 2524 3242 2578 usque
3272 2510 3337 2562 ad
3406 2510 3597 2563 horam

2003 2620 2222 2658 nonam.
2253 2605 2316 2658 Et
2344 2605 2490 2658 circa
2531 2604 2722 2658 horam
2773 2617 2972 2656 nonam
3000 2604 3259 2657 clamavit
3280 2605 3438 2657 Jesus
3465 2618 3600 2659 voce

1986 2711 2220 2764 magna,
2249 2697 2480 2750 dicens:
2534 2695 2674 2756 lleli,
2707 2695 2836 2759 heli,
2899 2695 3438 2760 lamazabachthani,
3495 2696 3602 2750 hoc

2003 2799 2122 2843 est:
2161 2789 2306 2843 Deus
2343 2802 2514 2851 meus,
2554 2788 2695 2843 Deus
2724 2801 2898 2852 meus,
2950 2802 3048 2842 cur
3072 2787 3412 2857 derrliquisti
3477 2789 3603 2842 me?

2004 2880 2232 2947 Quidam
2255 2891 2436 2933 antem
2464 2880 2573 2934 illic
2612 2882 2872 2933 stantium
2920 2895 3041 2932 cum
3112 2880 3414 2946 audissent,
3461 2883 3602 2937 dice-

2006 2973 2166 3032 bant;
2200 2973 2372 3027 Eliam
2417 2981 2570 3026 vocat
2601 2972 2724 3027 iste.
2783 2973 2848 3027 Et
2896 2972 3161 3028 continuo
3195 2988 3425 3028 currens
3457 2989 3599 3028 unus

2006 3076 2071 3116 ex
2103 3063 2206 3127 eis,
2252 3077 2376 3116 cum
2410 3073 2689 3132 acceptam
2750 3064 3034 3133 Spongiam
3096 3064 3375 3131 implesset
3421 3076 3599 3131 aceto,

2011 3153 2267 3221 imposuit
2317 3153 2592 3218 arundini,
2632 3153 2902 3221 dabatque
2941 3154 2990 3208 ei
3034 3165 3091 3209 ut
3137 3153 3368 3208 biberet.
3401 3155 3600 3211 Cmteti

1956 3245 1972 3268 ‘
2007 3260 2137 3301 vero
2161 3245 2455 3302 dicebant:
2494 3247 2647 3311 Sine,
2674 3247 2956 3303 videamus
2995 3263 3062 3302 an
3133 3250 3317 3304 veniat
3356 3248 3505 3304 Elias
3539 3250 3605 3305 lio

2005 3342 2295 3398 beratnrns
2331 3358 2477 3398 eum.
2529 3361 2547 3394 ι
2581 3343 2846 3398 Tenebrae
2896 3344 3052 3398 factm
3101 3360 3206 3398 non
3260 3356 3419 3399 erant
3444 3349 3598 3416 juxta

2007 3445 2214 3488 natura:
2264 3435 2537 3500 ordinem,
2600 3443 2660 3488 ut
2718 3449 2782 3487 ex
2834 3434 3026 3502 eclipsi
3091 3436 3224 3488 solis
3276 3438 3606 3491 naturaliter

2010 3526 2151 3580 facta
2188 3543 2203 3581 :
2238 3540 2412 3596 neque
2447 3527 2593 3580 enim
2627 3529 2846 3596 quando
2881 3528 3414 3597 estEdecimaqnarta
3448 3529 3602 3594 luna,

2007 3619 2069 3674 tit
2101 3621 2232 3674 solis
2272 3620 2590 3690 deliquium,
2625 3621 2718 3675 sed
2766 3635 2887 3674 cum
2918 3630 3085 3675 estea
3116 3637 3237 3691 quae
3264 3624 3432 3690 γέννα
3467 3623 3605 3676 dici-

2011 3721 2101 3766 tur
2129 3714 2255 3783 (hoc
2281 3724 2365 3767 est
2399 3713 2781 3782 novilunium),
2814 3721 2943 3768 tunc
3009 3715 3288 3770 naturales
3318 3719 3450 3772 solis
3508 3719 3607 3773 de-

2012 3805 2187 3860 fectus
2221 3805 2571 3874 contingunt;
2602 3821 2728 3860 cum
2779 3815 2960 3861 autem
2995 3808 3433 3881 cruciﬁgeretur,
3487 3825 3608 3866 om-

2010 3899 2138 3952 nino
2160 3898 2566 3963 decimaquarta
2599 3899 2726 3952 luna
2763 3908 2901 3952 erat.
2933 3898 3143 3955 Pascha
3176 3904 3322 3956 enim
3349 3905 3607 3959 Hebraeo-

2013 4003 2130 4041 rum
2158 3996 2285 4042 tunc
2310 3987 2492 4051 ﬁebat,
2523 3991 2664 4044 unde
2685 4004 2854 4059 super
2885 4002 3133 4046 naturam
3163 4003 3324 4048 erant
3347 3999 3608 4053 tenebrar.

2011 4079 2180 4133 Erant
2201 4092 2383 4134 autem
2403 4081 2452 4134 in
2479 4090 2592 4136 toto
2615 4084 2840 4149 mundo,
2863 4099 2966 4138 non
2988 4085 3040 4138 in
3064 4093 3220 4154 parte
3244 4091 3449 4154 mundi,
3471 4093 3611 4145 sicut

2011 4176 2064 4229 iu
2095 4173 2332 4245 )Egypto
2369 4195 2382 4230 :
2415 4186 2474 4230 ut
2516 4185 2853 4232 monstretur
2877 4180 3020 4245 quod
3055 4180 3235 4250 lngeat
3276 4183 3328 4236 in
3359 4186 3612 4251 passione

2008 4267 2322 4322 Conditoris
2387 4276 2660 4332 creatura,
2716 4278 2770 4323 et
2806 4270 2949 4338 quod
2995 4285 3024 4324 a
3072 4271 3256 4327 Judaca
3294 4273 3380 4329 lux
3433 4291 3615 4333 reces-

2009 4362 2143 4416 serit
2179 4379 2190 4413 :
2217 4359 2387 4415 Judaei
2443 4376 2664 4431 quoque
2719 4371 2965 4432 petentes
2989 4364 3207 4435 signum
3234 4381 3264 4421 e
3286 4369 3444 4436 ccelo,
3468 4387 3614 4427 nunc

2011 4453 2421 4507 videantsolem
2457 4454 2825 4509 obtenehrari.
2874 4454 3040 4511 Sexta
3085 4468 3263 4513 autem
3314 4461 3404 4516 die
3449 4463 3614 4520 homo

308 4539 666 4605 πλασθέντος,
701 4543 796 4595 καὶ
823 4543 963 4616 ἕκτῃ
984 4543 1105 4614 ὥρα
1130 4547 1394 4613 φαγόντος
1433 4549 1541 4600 ἀπὸ
1595 4550 1690 4602 τοῦ
1747 4550 1903 4615 ξύλου
1941 4559 1966 4612 ῐ

1971 4554 2096 4609 ,ρει
2121 4546 2395 4612 conditus,
2437 4547 2526 4615 qni
2559 4557 2612 4601 et
2649 4559 2804 4602 sexta
2864 4549 2933 4604 de
2981 4551 3126 4621 ligno
3153 4555 3390 4608 comedit
3429 4573 3442 4609 :
3505 4561 3611 4612 hoc

310 4630 476 4702 (αῦτη
512 4633 619 4702 γάρ
653 4635 752 4702 τῆς
793 4634 1046 4705 βρώσεως
1071 4639 1104 4707 ἡ
1139 4636 1279 4708 ὥρα)
1321 4642 1347 4690 ὁ
1381 4639 1585 4709 Κύριος
1620 4643 1904 4695 ἀναπλάτ-

305 4725 420 4777 τῶν
447 4726 538 4778 τὸν
582 4724 896 4795 ἄνθρωπον,
960 4731 1148 4782 καὶτὸ
1198 4731 1425 4800 σφάλμα
1473 4732 1726 4801 ίώμενος,
1769 4736 1905 4809 ἕκτῃ

306 4820 496 4889 ἡμέρᾳ
567 4822 662 4872 καὶ
738 4821 871 4891 ἕκτῃ
929 4821 1050 4894 ὥρᾳ
1095 4824 1176 4894 τῷ
1248 4826 1390 4896 ξύλῳ
1465 4831 1906 4897 προσπήγνυται.

322 4907 568 4977 Ἐϐραΐδι
594 4909 649 4962 δὲ
677 4911 946 4984 διαλέκτῳ
976 4915 1126 4980 λέγει
1157 4917 1220 4968 τὸ
1249 4919 1613 4988 προφητικὸν,
1658 4921 1743 4974 ἵνα
1796 4923 1904 4974 δεί-

306 5001 376 5072 ξῃ
403 5003 485 5054 ὅτι
515 5004 575 5054 οὐ
599 5004 834 5072 μάχεται
864 5008 928 5073 τῇ
967 5007 1427 5079 ΠαλαιᾷΤραφῇ.
1459 5012 1532 5062 Τὸ
1555 5011 1631 5075 δὲ,
1661 5030 1679 5062 ι
1710 5012 1824 5065 Ἰνα
1852 5015 1904 5066 τί

309 5110 379 5160 με
409 5094 800 5159 ἐγκατέλιπεςς
833 5115 851 5148 ι
885 5094 1059 5162 εἶπεν,
1103 5100 1178 5160 ὡς
1206 5100 1270 5151 ἃν
1309 5101 1458 5173 δείξῃ
1500 5103 1581 5155 ὅτι
1618 5103 1907 5176 ἄνθρωπος

305 5185 527 5253 άληθῶς
565 5188 807 5254 ἐγένετο,
840 5190 933 5241 καὶ
963 5192 1024 5242 οὐ
1050 5191 1194 5244 κατὰ
1233 5194 1534 5259 φαντασίαν
1556 5209 1572 5222 ·
1609 5197 1705 5249 καὶ
1739 5197 1846 5266 γάρ
1879 5199 1905 5249 ό

306 5277 596 5347 ἄνθρωπος
626 5280 862 5350 φυσικὴν
889 5282 1072 5350 ὗρεξιν
1129 5282 1244 5352 ἔχει
1274 5283 1375 5352 τῆς
1421 5285 1588 5356 ζωῆς,
1642 5286 1905 5353 φιλόζωος

306 5367 405 5423 ὢν.
454 5370 670 5440 Ὠσπερ
701 5367 796 5423 οὖν
833 5375 1108 5441 ἡγωνίασε
1169 5375 1263 5427 καὶ
1295 5377 1608 5446 ἠδημόνησε
1643 5379 1750 5447 πρὸ
1806 5379 1902 5431 τοῦ

309 5461 571 5531 σταυροῦ,
607 5463 868 5516 δεικνύων
898 5466 996 5536 τὴν
1033 5468 1098 5519 ἐκ
1147 5467 1364 5533 φύσεως
1399 5469 1713 5538 προσοῦσαν
1768 5471 1901 5540 ἡμῖν

2007 4640 2150 4692 enim
2185 4647 2271 4693 est
2300 4640 2654 4694 comestionis
2685 4650 2918 4711 tempus.
2949 4644 3065 4710 Qua
3115 4646 3283 4713 igitur
3334 4649 3466 4702 hora
3503 4651 3612 4706 Do-

2009 4731 2188 4784 minus
2212 4731 2488 4786 hominem
2519 4733 2786 4797 condidit,
2817 4735 3009 4789 eadem
3051 4715 3340 4808 ctdapsum
3375 4744 3608 4797 curavit.

2006 4822 2171 4877 Sexta
2202 4825 2290 4877 die
2337 4834 2392 4878 et
2423 4834 2575 4879 sexta
2630 4827 2766 4881 hora
2796 4830 2942 4881 cruci
2978 4827 3168 4883 aﬂixus
3208 4841 3313 4886 est.
3349 4833 3613 4888 llehraico

2005 4926 2186 4970 autem
2249 4919 2514 4973 idiomate
2570 4920 2701 4973 dicit
2759 4922 3160 4988 propheticum,
3219 4934 3277 4978 ut
3344 4939 3612 4981 moostret

2005 5012 2148 5078 quod
2169 5028 2274 5064 non
2313 5021 2514 5080 pugnet
2541 5028 2663 5067 cum
2696 5014 2867 5067 veteri
2893 5012 3196 5083 Scriptura.
3233 5016 3387 5083 Quod
3423 5027 3606 5072 autem

2012 5103 2169 5157 dicit:
2202 5103 2269 5159 Ut
2296 5105 2423 5173 quid
2449 5120 2534 5160 me
2557 5105 2941 5173 dereliquisti?
2969 5108 3208 5161 ostendit
3240 5123 3299 5162 se
3330 5109 3608 5162 hominem

2012 5207 2223 5260 rerum,
2251 5205 2306 5249 et
2346 5196 2624 5262 nonjuxta
2671 5199 3070 5266 apparentiam.
3119 5198 3403 5269 Siquidem
3447 5201 3610 5256 homo

2007 5303 2128 5339 cum
2164 5289 2282 5341 vita:
2323 5290 2393 5342 sit
2420 5290 2668 5356 cupidus,
2705 5290 3008 5344 naturalem
3069 5292 3282 5346 vivendi
3315 5294 3476 5347 habet
3513 5309 3608 5364 ap-

2007 5379 2257 5444 petitum.
2314 5379 2464 5434 Sicut
2495 5382 2639 5436 enim
2695 5382 2748 5436 in
2786 5385 3158 5440 tumstitudine
3188 5385 3288 5440 fuit
3322 5396 3447 5440 ante
3477 5403 3604 5441 crn-

2005 5487 2147 5538 cem,
2174 5477 2469 5530 ostendens
2508 5476 2757 5531 timorem
2787 5489 2996 5532 naturae
3029 5491 3230 5535 nostra:
3296 5497 3606 5550 congruen-

376 5642 451 5726 ἐξ)
475 5641 1293 5726 ῘΫἯ³1..ἀλξ’..⁶ἒαγΣ-ἴ⁴νῗέ’ῗῗῖε
1312 5645 1658 5726 Ξῐι-,εξσίεὶοιξε
1684 5651 1886 5726 Venet!
1927 5652 1966 5700 ίε

1971 5658 2068 5726 iter
2090 5658 2248 5726 varias
2281 5655 2530 5726 lectiones
2560 5659 2620 5726 ad
2648 5658 2838 5726 calcem
2870 5661 3140 5726 voluminis
3171 5664 3445 5719 amandata.
3475 5666 3610 5726 quod

313 5703 441 5786 nihil
461 5704 546 5786 Liij
561 5703 2003 5786 in.iegatio":batin'aresponderet,‘textulrestituimus
2023 5723 2077 5765 et
2102 5718 2150 5786 ιο
2177 5703 2424 5786 versione
2437 5703 3195 5786 gdsp'iéviitigg;"m333661:;
3204 5703 3612 5786 Balaam):

317 5780 448 5853 per:
461 5765 1127 5853 tghcatAcodex‘l‘atavinus.
1151 5765 1266 5853 tum
1279 5773 1410 5853 quod
1435 5765 1603 5853 illa‘ut
1630 5775 1993 5853 Theophylactj
2019 5779 2168 5826 verba
2186 5815 2198 5836 ,
2222 5765 2287 5853 es
2317 5765 2415 5828 alio
2441 5765 2614 5853 ﬁgat;
2634 5765 3109 5853 *§§diéé,'éi&t‘b'd
3137 5765 3609 5853 CZnEiﬁé'in'EiEE-

317 5829 448 5878 sario
472 5830 601 5878 med.
632 5834 684 5880 et
709 5830 796 5878 inl'.
825 5831 1121 5894 Graecitatis,
1146 5829 1311 5883 νει-ου’
1330 5834 1493 5897 Γέννα,
1531 5840 1635 5885 tum
1667 5829 1868 5888 demoti:
1903 5838 2017 5902 quia
2050 5829 2233 5889 sensus
2253 5842 2358 5904 ipsa
2382 5844 2619 5904 postulat.
2645 5829 2781 5897 Emi-2
