4298 6446
676 364 683 373 ’
735 412 836 477 tu

1585 396 2165 463 THEOPHYLACTI
2210 396 2306 457 BU
2318 393 2617 455 LGARLE
2651 390 3012 453 ARCHIEP.

3862 378 3970 442 472

738 534 865 583 tem,
903 521 979 576 sic
1029 530 1082 574 et
1118 530 1260 573 nunc
1289 516 1482 588 inquit,
1520 515 1585 570 Ut
1614 518 1741 586 quid
1761 530 1862 569 'me
1914 514 2245 580 dereliquisli
2274 513 2296 563 Ἰ
2326 518 2368 572 Α
2397 511 2435 562 δι

2277 513 2296 563 i
2326 518 2368 572 Α
2397 509 2615 570 δειλίαν,
2639 506 2780 560 οὕτω
2816 506 2910 559 καὶ
2937 502 3032 556 νῦν
3056 517 3224 571 φησιν
3243 514 3256 531 ·
3300 518 3320 553 ι
3352 500 3466 554 Ἵνα
3493 499 3548 553 τί
3595 516 3663 569 με
3692 498 3974 565 ἐγκατέλι-

738 615 1015 665 lusinuans
1066 608 1361 662 naturalem
1409 606 1621 663 vivendi
1664 605 2029 672 capiditatem.
2090 600 2296 652 Etenim

742 718 861 759 νει-θ
898 705 1054 753 homo
1079 708 1216 761 eral,
1247 696 1507 766 nobisque
1530 711 1624 764 per
1646 696 1822 748 omnia
1853 692 2067 752 similis.
2097 691 2299 757 absque

737 801 975 852 peccato.
1033 790 1262 854 Quidam
1320 803 1497 843 autem
1533 790 1635 841 hoc
1691 786 2094 844 intellexerunt,
2153 782 2295 848 quod

738 880 984 933 Salvator
1013 883 1063 935 in
1104 898 1160 934 se
1205 868 1487 950 personam
1521 886 1670 946 gerat
1697 877 2025 938 Judmorum,
2051 882 2102 925 et
2137 874 2299 935 dicat,

740 971 898 1037 lt'ttqui
924 973 935 1021 Ι
967 971 1296 1037 ἀρτρίὶεμιιειὶ
1340 968 1618 1022 Judairum
1648 967 1923 1034 pupulum,
1975 979 2006 1017 ο
2035 962 2213 1028 Pater,
2243 971 2301 1015 ut

735 1071 941 1115 tantum
973 1064 1219 1113 admittat
1258 1074 1561 1129 peccatum,
1599 1059 1765 1129 160
1790 1070 1839 1111 et
1868 1057 2153 1127 perditioni
2193 1065 2303 1108 tra-

736 1146 927 1203 daturi
947 1150 1205 1213 Christus
1223 1165 1367 1202 enim
1398 1161 1653 1219 tanquam
1686 1165 1750 1203 ex
1778 1133 1978 1201 Iudaeis
1996 1157 2170 1209 natus,
2202 1146 2300 1199 De-

736 1237 1000 1306 reliquisti
1055 1250 1165 1301 tne,
1205 1238 1353 1305 dicit,
1391 1243 1490 1295 hoc
1520 1249 1622 1304 est,
1680 1237 1851 1292 Meam
1905 1238 2299 1305 cognationem,

739 1342 1029 1401 meumque
1056 1332 1304 1402 populum
1334 1342 1391 1386 ut
1424 1333 1551 1401 quid
1581 1331 1935 1399 dereliquisti,
2000 1330 2069 1383 ita
2096 1338 2150 1382 ut
2179 1343 2303 1383 con-

740 1431 821 1474 tra
847 1426 1081 1490 seipsum
1119 1424 1222 1476 tale
1250 1424 1447 1476 malum
1500 1422 1664 1478 faciat
1699 1424 1722 1473 ?
1748 1421 1944 1476 Turba:
1963 1431 2142 1475 autem
2181 1436 2301 1473 cum

740 1528 842 1565 non
878 1516 1265 1570 intellexissent
1315 1532 1499 1571 vocem
1532 1516 1697 1575 illam.
1734 1528 1922 1583 nempe
1956 1524 2216 1582 agrestes,
2252 1522 2306 1563 et

740 1600 1005 1669 imperim
1056 1605 1489 1672 proplteticcirum
1546 1605 1837 1667 dictorum,
1864 1606 2123 1672 putabant
2162 1602 2305 1670 quud

735 1689 904 1747 Eliant
934 1708 1147 1750 vocaret
1179 1713 1193 1753 :
1226 1714 1330 1749 nou
1391 1700 1530 1750 enim
1563 1714 1752 1752 ou-ncs
1795 1698 1959 1751 Judaei
1996 1698 2304 1766 prophetica

737 1787 1001 1850 sciebant,
1043 1788 1376 1856 sicutneque
1418 1804 1561 1842 nunc
1609 1789 1901 1843 Christiani
1943 1805 2133 1844 omnes
2172 1789 2305 1842 forte

738 1892 797 1929 ea
832 1892 949 1947 quae
978 1880 1027 1932 iu
1061 1878 1385 1950 Evangeliis.
1425 1882 1691 1936 Caeterum
1732 1894 1940 1937 acetum
1966 1884 2012 1935 ei
2040 1882 2093 1934 in
2124 1890 2304 1948 potum

738 1971 961 2034 dabant,
1006 1981 1063 2026 ut
1099 1983 1400 2027 moreretur
1441 1975 1752 2041 priusquam
1787 1974 1992 2027 veniret
2030 1973 2173 2025 Plias
2206 1972 2303 2024 ad—

730 2056 945 2124 iuturus
987 2077 1129 2114 eum.
1185 2061 1338 2117 [Inde
1394 2064 1482 2115 alii
1516 2065 1750 2119 dicunt:
1822 2063 1972 2123 Siue,
2035 2062 2307 2115 videamus

737 2152 1253 2216 tiumveuiatEtias,
1283 2152 1610 2207 liberaturus
1664 2169 1809 2216 eum,
1874 2154 1973 2205 hoc
2020 2161 2123 2215 est,
2180 2154 2309 2205 Sin-1

736 2256 881 2306 eum,
919 2257 981 2295 ue
1026 2244 1194 2297 facias
1240 2246 1397 2309 mori,
1456 2254 1514 2297 ut
1572 2244 1808 2297 sciamus
1846 2259 1911 2296 an
1963 2244 2181 2312 juvetur
2241 2242 2305 2293 ab

737 2327 867 2386 Elin.

810 2424 967 2477 νίας.
1010 2424 1198 2479 50-55.
1259 2444 1276 2477 ι
1314 2422 1471 2480 Jesus
1523 2436 1699 2479 autem
1762 2440 1881 2479 cum
1948 2425 2142 2477 iterum
2192 2424 2305 2478 cla-

736 2524 936 2567 masset
969 2529 1096 2569 voce
1126 2531 1336 2583 magna,
1360 2516 1541 2569 emisit
1566 2516 1837 2586 spiritum.
1874 2515 1939 2569 Et
1973 2530 2098 2569 ecce
2132 2516 2305 2568 velum

738 2606 918 2672 templi
942 2606 1165 2659 scissum
1198 2616 1276 2660 est
1303 2609 1355 2660 in
1388 2607 1522 2661 duas
1545 2619 1725 2675 partes
1752 2622 1779 2658 a
1804 2622 2015 2659 summo
2045 2622 2211 2673 usque
2243 2606 2307 2657 ad

737 2693 925 2760 linum,
965 2708 1017 2752 et
1048 2708 1186 2751 terra
1225 2708 1363 2752 mota
1408 2710 1511 2761 est,
1553 2708 1605 2752 et
1635 2710 1801 2766 petra:
1836 2699 2016 2753 scissae
2071 2708 2218 2760 sunt,
2250 2707 2307 2750 et

739 2798 1083 2841 monumenta
1113 2800 1295 2855 aperta
1326 2797 1475 2851 sunt,
1514 2798 1569 2842 et
1610 2787 1775 2841 multa
1808 2801 2035 2855 corpora
2089 2796 2306 2839 sancto-

738 2892 853 2933 rum
879 2882 968 2949 qui
992 2882 1352 2946 dormierant,
1385 2895 1766 2938 surrexerunt.
1800 2882 1863 2936 Et
1910 2884 2111 2951 egressi
2136 2897 2165 2935 e
2195 2896 2306 2934 mo-

738 2974 1008 3024 numentis
1070 2983 1189 3039 post
1239 2974 1691 3026 resurrectionem
1768 2972 1906 3041 ejus,
1956 2981 2220 3025 venerunt
2257 2971 2305 3022 iu

736 3074 973 3117 sanctam
1002 3064 1297 3127 civitatem,
1323 3073 1375 3118 et
1410 3072 1777 3135 apparuerunt
1807 3064 2011 3118 multis.
2045 3082 2062 3114 ι
2100 3062 2307 3117 Clamat

735 3168 865 3211 voce
894 3169 1084 3224 magna
1105 3154 1281 3219 Jcsus,
1317 3166 1374 3209 ut
1420 3157 1658 3212 sciamus
1693 3170 1879 3211 verum
1908 3171 2027 3211 esse
2055 3158 2195 3226 quod
2228 3157 2304 3210 di-
2333 3144 2378 3200 ε

738 3250 816 3302 xit
849 3263 863 3301 ε
896 3266 914 3299 ι
946 3248 1058 3319 Ego
1087 3256 1409 3316 potestatem
1457 3248 1630 3302 habeo
1682 3256 1741 3301 ut
1796 3262 1990 3316 ponam
2073 3248 2308 3301 animam

738 3351 936 3391 meam.
979 3355 997 3387 ι
1024 3337 1271 3391 Animam
1308 3337 1452 3389 enim
1483 3352 1636 3391 suam
1673 3338 1823 3406 ponit
1865 3352 1961 3391 sua
2024 3347 2307 3405 potestate.

737 3428 868 3492 Qua:
899 3437 1077 3480 autem
1106 3436 1223 3481 erat
1254 3426 1397 3481 vox?
1431 3444 1450 3477 ι
1481 3426 1666 3493 Pater,
1699 3428 1749 3480 in
1784 3443 1974 3481 manus
2008 3437 2128 3483 tuas
2158 3442 2310 3481 com-

738 3520 935 3574 mendo
962 3520 1212 3588 spiritum
1234 3534 1431 3576 meum.
1463 3538 1481 3571 ι
1521 3519 1635 3574 Non
1662 3520 1805 3574 enim
1830 3529 2071 3582 coactus,
2101 3520 2194 3575 sed
2220 3535 2314 3573 vo-

739 3609 1005 3666 luntarius
1034 3612 1217 3665 emisit
1243 3611 1510 3679 spiritum.
1534 3611 1646 3666 Hoc
1667 3613 1809 3666 enim
1838 3613 2128 3682 signiﬁcat,
2152 3612 2314 3666 Com-

741 3687 955 3761 mendo.
1007 3706 1249 3759 lusiuuat
1276 3716 1457 3758 autem
1513 3719 1572 3759 sc
1624 3703 1769 3759 illam
1826 3704 2018 3757 iterum
2074 3710 2317 3771 receptu-

739 3812 855 3851 rum
894 3811 908 3855 :
932 3798 1232 3866 depositum
1257 3798 1399 3850 enim
1418 3807 1474 3851 et
1504 3798 1903 3851 commodatum
1931 3796 2123 3850 iterum
2160 3808 2312 3848 assu-

742 3888 1135 3943 mitur.Gratia
1163 3897 1342 3942 autem
1375 3889 1621 3951 Domino,
1677 3891 1818 3955 quod
1852 3888 1942 3941 illo
1975 3885 2239 3942 moriente
2262 3894 2317 3938 et

739 3983 986 4051 spiritum
1014 3997 1173 4035 suum
1215 3981 1267 4034 in
1318 3996 1507 4036 manus
1543 3980 1715 4035 Patris
1762 3984 2193 4043 commendante,
2246 3995 2314 4033 ex

742 4090 803 4129 eo
832 4085 1069 4143 tempore
1110 4082 1163 4127 et
1187 4084 1495 4128 sanctorum
1522 4074 1719 4127 animae
1770 4074 1823 4126 in
1852 4088 2013 4126 manu
2062 4072 2155 4131 Ι),ιί
2216 4084 2317 4140 po-

742 4176 961 4227 nuntur,
993 4174 1045 4218 et
1076 4179 1205 4227 non,
1232 4172 1289 4216 ut
1336 4165 1509 4231 prius,
1547 4163 1598 4214 iu
1634 4163 1828 4216 interni
1893 4162 2264 4224 penetralibus
2300 4177 2312 4212 :

741 4265 904 4322 atque
938 4259 1007 4307 ita
1045 4269 1190 4307 mors
1218 4247 1420 4308 Christi
1462 4252 1605 4306 facta
1634 4263 1715 4307 est
1747 4252 2078 4308 santilicatio
2102 4258 2309 4305 nostra.

742 4348 948 4400 Idcirco
977 4356 1029 4399 et
1058 4360 1246 4414 magna
1274 4361 1403 4401 voce
1427 4346 1684 4399 inclamat
1709 4355 1958 4408 mortem,
1985 4360 2089 4398 non
2120 4346 2319 4399 auden-

745 4450 851 4491 tum
886 4440 1142 4491 accedere
1168 4437 1269 4491 nisi
1328 4444 1636 4491 vocaretur.
1667 4437 1855 4491 Velum
1909 4444 2089 4489 autem
2138 4435 2317 4504 templi

743 4538 858 4580 t-rut
908 4528 1131 4581 linteum
1190 4528 1460 4595 quoddam
1511 4529 1564 4581 in
1622 4526 1798 4580 medio
1826 4525 2004 4593 templi
2053 4526 2316 4593 pendens,
2354 4506 2397 4560 θ

745 4621 1169 4686 discernensque
1191 4621 1257 4669 ali
1297 4618 1381 4671 his
1414 4632 1531 4679 quae
1567 4618 1730 4677 intra,
1767 4632 1831 4669 ea
1892 4632 2013 4684 qua:
2053 4623 2228 4678 extra,
2265 4623 2322 4667 ut

747 4712 1114 4763 interstitium.
1153 4709 1430 4763 Scinditur
1458 4709 1580 4774 hoc,
1616 4709 2027 4763 dentonstrante
2053 4708 2159 4761 Deo
2184 4707 2323 4776 quod

750 4807 1011 4871 ten-pium
1052 4803 1389 4857 inaccessum
1429 4812 1483 4856 et
1510 4816 1790 4869 nunquam
1826 4801 2023 4865 visum,
2062 4800 2215 4867 cujus
2244 4815 2323 4853 tn-

747 4899 880 4947 tima
917 4896 1157 4948 velamen
1208 4895 1539 4956 secludebal,
1589 4894 1832 4948 solvatur
1889 4904 1941 4945 et
1984 4892 2321 4961 profanetur,

747 4991 818 5041 ita
852 4999 907 5041 ut
941 4988 1191 5041 omnibus
1216 4988 1284 5040 sit
1341 4986 1660 5040 accessibile
1715 4995 1769 5039 el
1814 4985 2127 5053 Spectabile.
2174 4983 2322 5038 Non-

746 5079 876 5135 nulli
911 5079 1043 5132 alias
1066 5092 1261 5133 causas
1290 5076 1541 5138 aﬂ‘erunt,
1565 5086 1619 5132 et
1657 5077 1801 5147 quod
1855 5077 2161 5132 revelantur
2207 5091 2325 5132 om-

747 5174 836 5227 nia
867 5171 1077 5240 legalia,
1116 5186 1236 5239 quae
1272 5170 1421 5239 prius
1451 5171 1625 5224 littera
1662 5180 1721 5223 ut
1748 5171 2057 5224 velamento
2088 5169 2325 5241 quodam

748 5270 905 5315 erant
954 5248 1205 5328 coo‘perta
1275 5280 1288 5315 :
1338 5268 1393 5315 et
1424 5275 1546 5331 qute
1592 5262 1740 5330 prius
1785 5261 2013 5315 obscura
2060 5269 2219 5315 erant
2268 5274 2330 5314 ac

747 5355 905 5423 pleua
956 5353 1358 5422 :enigmatibus,
1391 5351 1815 5407 manifestenlur
1843 5368 1987 5406 nunc
2019 5354 2069 5406 in
2112 5352 2330 5407 Christo

748 5446 985 5512 impleta.
1016 5443 1164 5497 Licet
1196 5453 1248 5497 et
1295 5424 1437 5497 istud
1501 5445 1699 5508 dicere.
1735 5444 1875 5499 sicut
1917 5454 2034 5499 erat
2070 5459 2187 5500 mos
2237 5443 2332 5498 Ju-

750 5539 881 5592 datis
907 5538 958 5589 in
1008 5536 1356 5603 blaspltemiis
1384 5548 1569 5589 contra
1620 5538 1787 5593 Deum
1844 5539 2094 5593 scindere
2134 5548 2329 5601 vestes,

751 5631 823 5682 ita
848 5644 989 5683 nunc
1013 5644 1225 5698 quoque
1262 5628 1505 5683 divinum
1542 5631 1795 5701 templum
1817 5632 1968 5701 quasi
1988 5647 2129 5702 aegre
2153 5630 2333 5687 ferens

750 5721 957 5776 Christi
992 5732 1243 5785 mortem,
1272 5722 1505 5790 disrupit
1529 5733 1733 5778 vestem
1768 5740 1945 5785 suam.
1971 5726 2077 5780 hoc
2102 5735 2205 5789 est,
2243 5740 2332 5779 vc-

751 5817 883 5868 lum.
920 5817 1106 5873 Posset
1140 5817 1255 5886 quis
1288 5824 1344 5871 et
1371 5816 1474 5870 atia
1508 5816 1720 5871 dicere:
1757 5818 1849 5872 sed
1886 5819 2001 5873 haec
2036 5820 2328 5875 sulliciant.

2399 617 2496 660 πες
2523 616 2536 663 ;
2569 616 2586 647 ι
2615 597 2892 666 ἐμφαίνων
2918 594 3014 663 τὴν
3051 591 3282 661 φυσικὴν
3326 590 3621 658 φιλοζωΐαν
3652 587 3828 660 ἡμῶν.
3862 588 3973 643 Καὶ

2401 691 2511 758 γὰρ
2538 690 2705 750 ὄντως
2736 687 3020 756 ἄνθρωπος
3048 682 3139 756 ἦν,
3172 685 3265 736 καὶ
3294 685 3425 753 ἡμῖν
3453 682 3522 734 τὰ
3543 682 3721 735 πάντα
3767 682 3970 751 ὅμοιος,

2400 780 2568 849 χωρὶς
2596 778 2889 851 ἁμαρτίας.
2917 777 3074 837 Τινὲς
3098 776 3153 827 δὲ
3188 774 3332 827 οὕτω
3389 772 3547 831 τοῦτο
3582 774 3832 842 ἐνόησαν,
3888 773 3972 824 ὅτι

2399 875 2459 925 τὺ
2484 873 2590 923 τῶν
2624 869 2894 923 Ἰουδαίων
2922 868 3216 938 πρόσωπον
3247 865 3645 934 ἀναλαμϐάνων
3675 864 3704 916 6
3760 863 3971 933 Σωτὴρ,

2406 961 2613 1033 φησιν’·
2638 960 2755 1014 Ἰνα
2782 961 2833 1012 τί
2892 958 3244 1025 ἐγκατέλιπες
3283 957 3374 1010 τὸν
3415 955 3699 1008 Ἰουδαϊκὸν
3742 955 3891 1018 λαὸν,
3927 948 3974 1007 ὧ

2406 1054 2607 1121 Πάτερ,
2651 1050 2737 1102 ῖνα
2763 1048 3097 1118 τηλικαύτην
3144 1046 3420 1116 ἁμαρτίαν
3468 1046 3695 1115 ποιήσῃ,
3743 1042 3840 1095 καὶ
3873 1043 3979 1095 ἀπ-

2403 1144 2570 1212 ωλείᾳ
2600 1124 2879 1211 παραδοθῇ
2910 1158 2925 1205 ;
2967 1140 3055 1202 Ὠς
3087 1140 3199 1206 γὰρ
3244 1140 3301 1204 εξ
3331 1137 3604 1191 Ἰουδαίων
3631 1135 3921 1205 γενόμενος
3950 1136 3979 1189 6

2404 1233 2659 1303 Χριστὸς,
2679 1232 2739 1285 τὺ
2765 1252 2783 1282 ι
2809 1231 3195 1300 Ἐγκατέλιπές
3225 1247 3315 1298 με,
3337 1248 3355 1279 ι
3381 1230 3568 1300 φησὶν,
3583 1228 3705 1281 ἀντὶ
3727 1225 3843 1291 τοῦ,
3865 1226 3979 1297 Τὴν

2406 1327 2546 1395 ἐμὴν
2578 1324 2922 1392 συγγένειαν,
2982 1324 3075 1376 τὸν
3118 1323 3251 1391 ἐμὸν
3308 1322 3460 1386 λαὸν,
3487 1322 3575 1374 ῖνα
3629 1321 3683 1373 τί
3738 1321 3977 1390 ἀφῆκας,

2408 1417 2546 1470 ὥστε
2580 1416 2820 1469 τοιοῦτον
2852 1413 3021 1469 κακὸν
3038 1412 3161 1468 καθ’
3190 1413 3386 1467 ἑαυτοῦ
3410 1414 3637 1483 ποιῆσαι
3668 1430 3686 1477 ς
3723 1412 3819 1481 Μὴ
3848 1411 3979 1480 νοή-

2410 1525 2599 1571 σαντες
2627 1508 2684 1560 δὲ
2722 1506 2820 1577 τὴν
2868 1507 3051 1577 φωνὴν
3072 1508 3122 1559 οἱ
3173 1505 3268 1563 τοῦ
3312 1506 3472 1576 ὕχλου
3530 1505 3777 1573 ἄγροικοι
3828 1503 3983 1563 ὄντες

2410 1602 2503 1653 καὶ
2535 1600 2767 1666 ἀμαθεῖς
2796 1601 2904 1653 τῶν
2930 1600 3316 1670 προφητικῶν,
3377 1597 3628 1669 ἐνόμιζον
3658 1600 3741 1652 ὅτι
3794 1597 3982 1650 Ἠλίαν

2409 1692 2576 1756 φωνεῖ
2600 1707 2613 1719 ⁸
2640 1692 2699 1743 οὐ
2722 1689 2831 1757 γὰρ
2851 1690 3047 1753 πάντες
3076 1692 3126 1742 oi
3152 1690 3393 1743 Ἰουδαῖοι
3431 1691 3500 1742 τὰ
3527 1687 3843 1760 προφητικὰ
3872 1687 3987 1753 ἐγί-

2410 1797 2639 1846 νωσκον,
2680 1780 2869 1850 ὥσπερ
2893 1782 3023 1843 ίσως
3057 1782 3177 1833 οὒδέ
3208 1781 3300 1833 νῦν
3334 1782 3382 1832 οί
3412 1782 3729 1849 Χριστιανοὶ
3787 1780 3987 1842 πάντες

2408 1870 2474 1921 τὰ
2506 1869 2612 1921 τῶν
2667 1869 3045 1937 Εὑαγγελίων.
3079 1869 3235 1933 Ὀξος
3259 1870 3315 1923 δὲ
3366 1868 3614 1931 ἐπότιζεν
3657 1869 3840 1931 αὑτὸν,
3898 1870 3988 1921 ῐνα

2411 1960 2655 2032 ἀποθάνῃ
2694 1962 2879 2031 τάχιον
2910 1963 3039 2032 πρὶν
3073 1962 3247 2013 ἐλθεῖν
3284 1963 3375 2015 τὸν
3421 1962 3607 2015 Ἢλίαν
3650 1961 3989 2031 βοηθήσοντα

2411 2054 2581 2123 αὐτῷ.
2618 2054 2775 2107 Ὅθεν
2804 2057 2851 2107 οί
2888 2053 3063 2107 λοιποὶ
3092 2054 3340 2121 λέγουσιν
3364 2067 3378 2080 ·
3412 2071 3429 2104 ι
3480 2055 3669 2121 Ἄφες,
3702 2052 3900 2121 ίδωμεν
3938 2052 3987 2104 εί

2414 2147 2630 2216 ἔρχεται
2671 2145 2857 2207 Ἠλίας
2879 2144 3066 2197 σώσων
3087 2144 3267 2206 αὑτὸν,
3303 2164 3321 2195 ι
3348 2145 3614 2203 τουτέστι,
3644 2146 3733 2213 Μὴ
3753 2145 3990 2214 ποιήσῃς

2409 2239 2571 2291 αὑτὸν
2609 2238 2921 2301 ἀποθανεῖν,
2954 2236 3026 2299 ὡς
3052 2236 3118 2289 ἂν
3156 2237 3372 2306 γνῶμεν
3429 2240 3475 2290 εἰ
3515 2236 3771 2306 βοηθήσει
3838 2234 3989 2306 αὑτῷ

2410 2331 2614 2391 Ἠλίας.

2486 2444 2505 2475 ‹
2528 2426 2585 2476 'U
2620 2425 2675 2477 δὲ
2711 2424 2917 2494 Ἰησοῦς
2949 2426 3110 2478 πάλιν
3128 2425 3333 2495 κράξας
3363 2426 3513 2493 φωνῇ
3541 2422 3774 2493 μεγάλῃ.
3806 2420 3987 2491 ἀφῆκε

2408 2515 2468 2567 τ’)
2490 2516 2702 2581 πνεῦμα
2723 2532 2736 2544 ·
2768 2518 2858 2568 καὶ
2893 2516 2997 2568 ἰδοὺ
3032 2518 3090 2570 τὸ
3120 2516 3515 2585 καταπέτασμα
3550 2514 3645 2567 τοῦ
3677 2513 3806 2567 ναοῦ
3840 2512 3991 2582 ἐσχί-

2412 2606 2512 2675 σθη
2549 2607 2626 2667 είς
2652 2606 2761 2667 δύο,
2798 2607 2905 2658 ἀπὸ
2926 2607 3129 2660 ἄνωθεν
3158 2608 3260 2668 ἕως
3299 2607 3468 2669 κάτω,
3512 2606 3606 2659 καὶ
3634 2609 3666 2674 ἡ
3723 2605 3791 2673 γῆ
3846 2603 3993 2657 ἐσεί-

2415 2698 2536 2766 σθη,
2564 2700 2654 2749 καὶ
2675 2700 2727 2749 αἱ
2763 2698 2959 2766 πέτραι
2980 2698 3329 2768 ἐσχίσθησαν,
3352 2698 3527 2750 καὶτὰ
3557 2699 3797 2766 μνημεῖα
3817 2695 3992 2764 ἀνεῴ-

2412 2788 2618 2857 χθησαν
2652 2826 2666 2852 ,
2715 2789 2807 2840 καὶ
2872 2788 3044 2841 πολλὰ
3098 2787 3327 2857 σώματα
3378 2788 3487 2841 τῶν
3568 2786 3991 2856 κεκοιμημένων

2417 2882 2581 2948 ¹ιγίων
2623 2881 2869 2951 ἠγέρθη,
2927 2882 3022 2934 καὶ
3074 2880 3380 2945 ἐξελθόντες
3436 2882 3500 2933 ἐκ
3546 2880 3655 2934 τῶν
3704 2880 3993 2950 μνημείων

2414 2974 2552 3041 μετὰ
2602 2971 2700 3043 τὴν
2739 2972 2953 3043 ἔγερσιν
3001 2972 3188 3036 αὐτοῦ,
3240 2972 3490 3040 εἰσῆλθον
3546 2973 3625 3035 είς
3666 2973 3767 3041 τὴν
3830 2971 3993 3039 ἁγίαν

2416 3064 2589 3128 πόλιν,
2651 3065 2742 3117 καὶ
2764 3065 3202 3133 ἐνεφανίσθησαν
3268 3065 3501 3127 πολλοῖς.
3534 3082 3552 3114 ι
3614 3063 3828 3133 Κράζιιι
3889 3079 3992 3132 με-

2411 3158 2550 3225 γάλῃ
2584 3160 2732 3227 φωνῇ
2772 3159 2800 3209 6
2859 3158 3087 3228 Ἰησοῦς,
3118 3159 3204 3211 ἵνα
3237 3157 3456 3228 γνῶμεν
3487 3158 3569 3211 ὄτι
3598 3160 3736 3224 ὅπερ
3764 3154 3949 3223 ἔλεγεν
3975 3195 3991 3221 ,

2413 3249 2495 3300 ὅτι
2518 3266 2534 3298 ι
2562 3246 2836 3311 Ἐξουσίαν
2852 3247 2961 3316 ἔχω
2981 3246 3151 3300 θεῖναι
3172 3246 3269 3317 τὴν
3304 3247 3480 3316 ψυχήν
3495 3261 3619 3314 μου,
3634 3262 3653 3297 ι
3685 3242 3881 3313 ἀληθὲς
3902 3237 3992 3312 ἦν.

2411 3340 2546 3392 Κατ’
2595 3339 2843 3403 ἐξουσίαν
2897 3340 3006 3408 γὰρ
3044 3339 3238 3409 ἀφίησι
3276 3337 3373 3407 τὴν
3416 3338 3614 3407 ψυχήν.
3669 3337 3765 3397 Τίς
3812 3334 3869 3388 δὲ
3925 3331 3995 3405 ἦν

2421 3434 2461 3501 ἡκ
2488 3433 2638 3502 φωνή
2680 3448 2695 3496 ;
2738 3452 2756 3483 ι
2792 3432 3011 3499 Πάτερ,
3068 3433 3146 3493 είς
3179 3430 3367 3499 χεῖράς
3418 3445 3512 3482 σου
3540 3426 3879 3497 παρατίθημι
3934 3426 3996 3478 τὸ

2415 3522 2633 3592 πνεῦμά
2693 3540 2814 3593 μου.
2844 3541 2862 3574 ι
2902 3524 2976 3575 Οὐ
3011 3521 3116 3592 γὰρ
3166 3519 3540 3590 βεϐιασμένως
3567 3560 3581 3584 ,
3644 3517 3759 3572 ἀλλ’
3815 3516 3999 3570 ἐκονίιιὶ⁵

2416 3617 2598 3685 ἀφῆκε
2653 3616 2712 3667 τὸ
2751 3616 2986 3684 πνεῦμα.
3034 3614 3205 3667 Τοῦτο
3265 3614 3371 3684 γὰρ
3403 3613 3656 3682 σημαίνει
3698 3613 3781 3676 τὸ,
3812 3613 4001 3680 Παρα-

2416 3708 2643 3778 τίθημι’
2676 3707 2931 3777 ἐμφαίνει
2964 3708 3019 3760 δὲ
3082 3706 3176 3761 καὶ
3224 3706 3287 3759 τὸ
3379 3706 3593 3775 μέλλειν
3619 3706 3789 3776 αὐτὴν
3837 3706 4003 3757 πάλιν

2418 3800 2792 3869 ἀπολήψεσθαι
2819 3817 2834 3833 ο
2866 3799 3105 3852 τοιοῦτον
3134 3799 3240 3868 γὰρ
3265 3800 3296 3869 ή
3323 3799 3641 3869 παραθήκη,
3671 3798 3833 3850 πάλιν
3862 3798 4005 3850 ἁπο-

2416 3892 2691 3961 διδομένη.
2748 3892 2921 3961 Χάρις
2973 3892 3030 3944 δὲ
3069 3892 3146 3961 τῷ
3217 3891 3428 3961 Κυρίῳ,
3488 3892 3571 3943 ὅτι
3618 3890 3829 3941 ἐκείνου
3869 3870 4008 3941 ἁπο-

2420 3984 2692 4045 θανὸντος.
2721 3985 2813 4036 καὶ
2844 3983 2937 4036 τοῦ
2975 3983 3285 4052 πνεύματος
3326 3982 3493 4035 αὐτοῦ
3540 3984 3619 4043 είς
3662 3983 3849 4051 χεῖρας
3908 3978 4006 4032 τοῦ

2422 4074 2635 4145 ΙΙατρδς
2669 4074 3087 4142 παρατεθέντος,
3116 4075 3301 4127 ἔκτοτε
3332 4075 3427 4126 καὶ
3460 4076 3513 4126 αί
3541 4072 3649 4126 τῶν
3681 4072 3853 4138 ἁγίων
3898 4071 4009 4139 ψυ-

2422 4168 2516 4235 χαὶ
2544 4169 2624 4228 είς
2655 4168 2843 4235 χεῖρας
2870 4166 2963 4218 τοῦ
2992 4166 3129 4218 Θεοῦ
3148 4165 3409 4228 τίθενται,
3435 4166 3553 4218 ἀλλ’
3580 4166 3682 4234 οὐχ
3705 4165 3779 4226 ὡς
3806 4165 4012 4233 πρότε-

2425 4276 2517 4329 ρον
2548 4260 2605 4311 ἐν
2634 4262 2747 4320 τοῖς
2778 4257 2873 4311 τοῦ
2901 4257 3027 4328 ᾅδου
3065 4259 3273 4327 μυχοῖς.
3309 4258 3469 4310 Ὥστε
3512 4255 3785 4325 ἁγιασμὸς
3850 4246 4014 4325 ἡμῶν

2424 4353 2652 4419 γέγονεν
2706 4352 2734 4402 6
2796 4349 3023 4411 θάνατος
3067 4346 3162 4401 τοῦ
3216 4348 3601 4418 Χριστοῠ.διδ
3658 4348 3753 4401 καὶ
3794 4347 4017 4417 μετά-λῃ

2430 4444 2579 4511 φωνῇ
2608 4441 2999 4510 προσκαλεῖται
3019 4440 3109 4493 τὸν
3137 4439 3387 4506 θάνατον,
3419 4442 3493 4509 μὴ
3523 4440 3810 4509 τολμῶντα
3834 4456 4011 4511 προσ-

2428 4538 2622 4601 ελθεῖν,
2680 4538 2727 4588 εἰ
2789 4536 2863 4607 μὴ
2930 4534 3182 4605 κληθείη.
3239 4534 3313 4587 Τὸ
3367 4534 3422 4587 δὲ
3469 4536 3870 4589 καταπέτασμα
3912 4532 4015 4585 τοῦ

2427 4626 2573 4690 ναοῦ,
2609 4625 2767 4695 ὀθόνη
2801 4642 2885 4686 τις
2915 4619 2981 4692 ἦν
3018 4623 3181 4692 μέσον
3213 4625 3541 4694 κρεμαμένη
3586 4621 3681 4676 τοῦ
3714 4619 3865 4687 ναοῦ,
3915 4622 4019 4675 καὶ

2426 4715 2848 4784 ἅποτειχίζουσα
2879 4714 2947 4766 τὰ
2970 4713 3078 4765 ἔσω
3114 4712 3247 4782 πρὸς
3277 4714 3343 4766 τὰ
3366 4712 3493 4779 ἔξω,
3544 4704 3655 4765 οἷόν
3681 4730 3730 4765 τι
3773 4712 4017 4781 μεσότοι-

2428 4827 2543 4879 χον.
2582 4808 2834 4877 Σχίζεται
2872 4806 3049 4860 τοίνυν
3099 4805 3280 4869 τοῦτο,
3347 4804 3657 4866 δεικνύντος
3706 4804 3802 4856 τοῦ
3849 4803 4019 4865 Θεοῦ,

2428 4902 2510 4954 ὅτι
2540 4903 2567 4954 6
2597 4899 2721 4964 ναὸς
2756 4900 2783 4950 6
2819 4898 3041 4963 ἄϐατος,
3072 4900 3101 4951 6
3128 4897 3380 4959 ἀθέατος,
3433 4892 3495 4951 οῦ
3514 4897 3581 4950 τὰ
3617 4896 3866 4949 ἐσώτατα
3914 4897 4020 4948 ἀπο

2430 4990 2663 5061 ετείχιζε
2703 4991 2765 5044 τὸ
2810 4991 3235 5058 καταπέτασμα,
3267 4986 3410 5041 οὕτω
3445 4987 3873 5057 χυδαιωθησεται
3919 4986 4021 5039 καὶ

2432 5084 2895 5155 βεϐηλωθήσεται,
2928 5083 3070 5137 ὥστε
3108 5082 3273 5134 πᾶσιν
3304 5080 3442 5133 εἶναι
3469 5080 3631 5149 βαιὸς
3678 5079 3779 5131 καὶ·
3799 5077 4021 5139 θεατάς.

2432 5177 2589 5239 Τινὲς
2635 5176 2691 5229 δὲ
2722 5177 2816 5229 καὶ
2848 5174 3013 5237 ἄλλας
3042 5173 3218 5235 αἰτίας
3250 5173 3518 5241 λέγουσιν·
3559 5169 3853 5241 Ἑσήμαινε
3884 5171 4023 5240 γὰρ,

2432 5267 2587 5335 φασὶ,
2615 5267 2681 5331 τὺ,
2699 5265 3101 5334 καταπέτασμα
3126 5263 3470 5335 σχιζόμενον,
3490 5263 3591 5332 τὴν
3621 5261 3715 5315 τοῦ
3747 5261 4024 5331 γράμμα-

2433 5374 2522 5420 τος
2546 5355 2640 5409 τοῦ
2666 5355 2891 5426 νομικοῦ
2922 5355 3288 5425 περιαίρεσιν,
3317 5354 3410 5408 καὶ
3436 5355 3520 5407 ὅτι
3553 5351 4022 5419 ἀποκαλυφθήσε-

2434 5464 2528 5502 ται
2575 5447 2755 5502 πάντα
2807 5448 2876 5499 τὰ
2934 5448 3155 5518 νομικὰ,
3221 5448 3258 5502 ὃ.
3292 5447 3557 5517 πρότερον
3601 5444 3680 5516 τῷ
3727 5437 4024 5516 γράμματι

2438 5540 2602 5592 οἱονεί
2656 5557 2763 5592 τινι
2808 5539 3263 5609 καταπετάσματι
3319 5537 3776 5606 συνεκρύπτοντο,
3824 5536 3924 5589 καὶ
3956 5536 4027 5588 τὰ

2440 5633 2570 5702 πρὶν
2601 5633 2788 5702 ἀσαφῆ
2818 5632 2913 5685 καὶ
2979 5629 3377 5699 αἰνιγματώδη,
3431 5627 3883 5700 φανερωθήσεται
3928 5627 4026 5680 νῦν

2440 5726 2517 5787 είς
2540 5724 2629 5776 τὸν
2648 5724 2881 5794 Χριστὸν
2894 5723 3151 5778 ἐκσάντα.
3170 5724 3326 5778 Ἐστι
3354 5722 3411 5774 δέ
3428 5718 3697 5773 καὶτοῦτο
3717 5722 3916 5784 εἰπεῖν,
3942 5720 4026 5772 ὅτι

2439 5817 2556 5881 ἔθος
2590 5813 2656 5888 ἦν
2692 5818 2804 5881 τοῖς
2845 5817 3119 5876 Ἰουδαίοις
3164 5817 3256 5868 ἐπὶ
3291 5816 3407 5878 ταῖ,
3442 5813 3583 5867 κατὰ
3611 5814 3747 5867 Θεοῦ
3775 5812 4024 5884 βλασφη-
