4298 6446
281 388 397 453 473

847 372 1298 442 ENARRATIO
1342 371 1420 434 ΙΝ
1457 367 1961 432 EVANGELIUM
2004 368 2396 431 ΜΑΤΤΗΒΙ.
2424 391 2492 408 --
2529 372 2544 429 l

1277 372 1298 432 )
1342 371 1420 434 ΙΝ
1457 367 1961 432 EVANGELIUM
2004 368 2396 431 ΜΑΤΤΒΒΙ.
2424 391 2492 408 ’-
2529 369 2690 430 CAP.
2729 369 2974 432 XXVII.

3467 366 3572 440 διἹέ

290 500 469 570 μίαις,
503 488 978 564 περιρρήγνυσθαι
1004 489 1132 546 τοὺς
1164 484 1426 570 χιτῶνας.
1460 482 1575 570 καί
1606 479 1701 570 νῦν
1721 475 1818 570 οῦν
1849 479 1876 531 ὀ
1909 486 1949 539 Α
1983 483 1987 533 J‘

1875 505 1876 521 ι
1909 486 1949 539 Α
1983 482 2263 534 Elementa
2297 495 2422 535 vero
2465 490 2734 533 commata
2777 478 3058 534 declarant
3099 491 3223 534 eum
3252 475 3344 545 qui
3399 478 3572 545 patie-

286 568 432 646 θεῖος
456 582 588 642 ναὸς
599 579 790 646 ὥσπερ
817 573 1186 645 δυσχεραίνων
1211 573 1305 624 ἐπὶ
1334 569 1411 640 τῷ
1431 569 1525 622 τοῦ
1549 568 1686 621 Θεοῦ
1714 568 1879 622 θανὰ-

285 691 388 743 τῳ,
423 666 828 739 περιερρήξατο
848 667 950 734 τὴν
986 661 1184 717 ἐαυτοῦ
1231 662 1457 729 ἐσθῆτα,
1517 660 1580 712 τὸ
1633 657 1877 712 καταπέ-

286 781 493 833 τασμα.
527 763 636 814 Καὶ
665 760 800 812 ἄλλα
829 758 874 810 δ’
909 757 974 810 ἁν
1003 756 1116 825 ἐχοι
1149 772 1232 817 τις
1261 755 1465 816 είπεῖν,
1530 751 1877 819 ἀλλ-ιαύτάρ-

287 874 360 926 κη
388 853 577 906 ταῦτα.
609 833 692 903 Td
733 851 791 902 δὲ
834 849 1071 918 στοιχεῖα
1104 845 1452 916 ἐσείσθησαν,
1487 842 1604 912 ἁμα
1639 843 1740 912 μὲν
1785 843 1880 894 καὶ

286 945 633 1017 Δημιουργὸν
662 942 1002 1011 ἐμφαίνοντα
1032 935 1170 993 εἶναι
1197 939 1291 992 τὸν
1323 938 1624 1008 πάσχοντα,
1659 937 1777 1004 ἁμα
1821 933 1879 987 δέ

286 1040 386 1092 καὶ
445 1037 713 1109 δηλοῦντα
765 1035 842 1098 ὡς
886 1032 1386 1104 μετακινηθήσεται
1442 1030 1512 1083 τὰ
1543 1028 1870 1098 πράγματα·

285 1133 381 1185 τέν
423 1132 533 1200 γὰρ
567 1127 792 1198 σεισμὸν
814 1129 848 1198 ὴ
879 1127 1072 1198 Γραερὴ
1106 1125 1201 1179 ἐπὶ
1257 1123 1359 1193 τῆς
1385 1123 1493 1177 τῶν
1532 1120 1880 1192 πραγμάτων

289 1203 639 1291 μεταθέσεως
693 1217 901 1289 τάττει.
949 1215 1204 1283 Ἐγένετο
1231 1211 1324 1266 οῦν
1360 1213 1394 1282 ή
1436 1211 1728 1282 μετάθεσις
1779 1209 1881 1279 τῆς

291 1309 387 1364 τοῦ
411 1307 548 1362 Θεοῦ
575 1307 907 1376 ἐπισκοπῆς,
928 1306 1036 1360 ἀπὸ
1065 1304 1172 1358 τῶν
1202 1303 1474 1357 Ἰουδαίων
1505 1304 1597 1356 ἐπὶ
1625 1301 1692 1354 τὰ
1713 1300 1842 1370 ἐθνη
1863 1316 1877 1328 υ

287 1401 388 1454 καὶ
419 1401 474 1452 at
511 1399 732 1467 πέτραι,
781 1399 899 1468 ῆτοι
926 1397 984 1449 αί
1023 1396 1216 1449 λίθινοι
1246 1394 1464 1464 καρδίαι
1488 1393 1596 1445 τῶν
1628 1390 1880 1455 ἐθνικῶν,

286 1488 645 1559 ἐσχίσθησαν,
670 1490 768 1540 καὶ
804 1484 1132 1550 ὑπεδέξαντο
1149 1486 1241 1536 τὸν
1259 1484 1358 1552 τῆς
1371 1483 1630 1552 ἀληθείας
1655 1482 1882 1552 σπόρον,

287 1581 386 1632 καὶ
402 1581 452 1631 οί
475 1579 872 1649 νενεκρωμένοι
890 1579 1011 1640 τατς
1034 1579 1336 1647 ἁμαρτίαις
1375 1574 1762 1644 ἐξανέστησαν,
1791 1576 1884 1626 καὶ

285 1665 454 1741 ἦλθον
485 1672 564 1730 είς
594 1668 693 1738 τὴν
726 1668 887 1736 ἁγίαν
943 1668 1123 1731 πόλιν,
1181 1669 1281 1735 τὴν
1343 1666 1457 1720 ἀνω
1498 1663 1882 1734 Ἰερουσαλὴμ,

290 1764 384 1816 καὶ
407 1760 836 1830 ἐνεφανίσθησαν
866 1761 979 1822 τοῖς
1001 1758 1238 1823 πολλοῖς,
1261 1759 1370 1820 τοῖς
1386 1756 1472 1810 διὰ
1499 1756 1599 1825 τῆς
1624 1755 1884 1817 πλατείας

286 1853 411 1906 ὀδοῦ
445 1852 720 1906 ὁδεύουσιν
743 1869 756 1882 ·
790 1849 1218 1917 ἐμφανισθέντες
1274 1849 1328 1901 δὲ
1392 1849 1601 1913 αὐτοῖς,
1645 1847 1882 1917 ἀρχέτυ-

289 1959 393 1995 πον
427 1944 610 2006 αὐτοῖς
637 1943 886 2008 ἐγένοντο
907 1941 1112 2009 ἀγαθοῦ
1147 1941 1262 2010 βίου
1295 1941 1387 1993 καὶ
1411 1941 1768 2007 ἐπιστροφῆς.
1817 1940 1880 1991 '0

290 2037 403 2106 γὰρ
434 2036 560 2088 ίδὼν
592 2040 685 2087 τὸν
721 2033 915 2108 πρῴην
943 2034 1357 2102 νεκεκρωμένον
1391 2033 1498 2085 ὑπὸ
1536 2030 1644 2083 τῶν
1674 2030 1889 2093 παθῶν,

288 2126 699 2196 ἐπιστραφέντα
730 2127 825 2178 καὶ
860 2125 1153 2181 ἀνελθόντα
1186 2125 1264 2186 είς
1296 2122 1393 2193 τὴν
1425 2124 1586 2188 ἁγίαν
1614 2123 1672 2174 ἐν
1726 2122 1886 2190 οὐρα-

290 2219 404 2280 νοῖς
427 2217 604 2281 πόλιν,
632 2219 881 2288 μιμεῖται
902 2216 1064 2269 αὑτὸν
1083 2216 1322 2279 πάντως,
1347 2221 1441 2266 καί
1459 2213 1777 2282 ἐπιστρέφει
1795 2215 1892 2266 καὶ

289 2308 476 2372 αὐτός.
510 2307 696 2361 Ταῦτα
739 2309 838 2378 μὲν
862 2303 957 2360 οὖν
989 2308 1414 2376 περιεργότερον
1449 2303 1646 2374 ἐνοήθη
1674 2320 1688 2335 ⁸
1727 2305 1792 2357 σὺ
1831 2304 1890 2356 δὲ

289 2399 531 2466 γίνωσκε
565 2401 652 2452 ὅτι
693 2400 712 2428 ‘
747 2399 856 2450 τῶν
887 2397 1097 2467 νεκρῶν
1130 2398 1373 2465 ἐγερσις,
1408 2396 1442 2465 ἡ
1475 2397 1532 2446 ἐν
1553 2395 1630 2465 τῷ
1663 2393 1884 2465 σταυρῷ

291 2487 386 2540 τοῦ
435 2488 643 2556 Κυρίου
670 2488 964 2556 γενομένη,
997 2486 1188 2555 ἐδήλου
1223 2484 1316 2536 καὶ
1367 2483 1478 2536 τῶν
1531 2485 1590 2535 ἐν
1649 2483 1726 2552 τῷ
1781 2484 1882 2554 ᾇδῃ

290 2579 481 2649 ψυχῶν
515 2581 612 2650 τὴν
633 2579 967 2648 ἐλευθερίαν.
1015 2578 1299 2646 Ὠφθησαν
1325 2577 1381 2629 δὲ
1415 2577 1630 2639 πολλοῖς
1661 2577 1711 2629 οἱ
1753 2577 1884 2630 ἀνα-

292 2675 518 2736 στάντες
550 2674 697 2735 τότε,
734 2673 823 2726 ἴνα
856 2671 930 2742 μὴ
954 2653 1079 2740 δόξῃ
1109 2672 1404 2738 φάντασμα
1439 2665 1580 2722 εἶναι
1631 2670 1692 2720 τὸ
1733 2670 1886 2738 γενό-

1982 574 2160 634 hntur,
2195 572 2463 642 Opilicem
2487 587 2645 627 suum
2669 586 2812 636 esse,
2843 579 2900 624 et
2926 570 3161 624 futuram
3197 570 3352 640 161
3388 584 3570 622 rerum

1983 661 2524 718 transmutationem.
2573 660 2856 729 Scriptura
2903 661 3048 715 enim
3088 669 3246 714 terra
3279 669 3481 713 motum
3514 659 3568 711 in

1983 769 2161 806 rermn
2197 753 2522 807 alteratione
2551 751 2914 819 ponit.Facta
2969 751 3134 819 igitur
3191 759 3277 806 est
3346 749 3571 804 mutatio

1981 846 2307 900 visitatiouis
2361 843 2451 897 Dei
2480 859 2507 895 a
2534 841 2732 896 Judais
2774 844 2829 897 in
2889 851 3098 912 gentes.
3144 842 3208 896 Et
3241 850 3426 912 petrae,
3470 843 3572 895 hoc

1981 949 2086 1002 est,
2124 935 2333 1006 lapidea
2360 935 2642 1005 gentilium
2668 935 2855 998 corda,
2891 935 3061 987 divisa
3093 942 3239 996 sunt,
3287 943 3341 986 et
3381 949 3570 988 susce-
3663 987 3666 990 .

1983 1039 2388 1102 peruntsemen
2416 1029 2682 1082 veritatis.
2719 1027 2786 1082 Et
2811 1026 3008 1081 mortui
3046 1027 3285 1094 peccatis
3314 1039 3573 1080 surrexe-

1982 1131 2127 1186 runt,
2157 1130 2211 1175 et
2243 1131 2509 1176 venerunt
2548 1121 2601 1172 in
2655 1119 2938 1173 civitatem
2961 1127 3230 1180 sanctam,
3280 1131 3575 1183 supernam

1983 1212 2128 1267 illam
2163 1211 2484 1274 Jerusalem,
2515 1220 2997 1279 apparueruntque
3030 1208 3216 1262 multls
3261 1223 3358 1278 per
3406 1200 3572 1260 latam

1984 1305 2125 1358 viam
2151 1303 2548 1366 incedentibus,
2567 1309 2622 1357 et
2645 1310 2976 1371 apparentes
3001 1298 3284 1368 exemplar
3309 1298 3417 1352 illis
3441 1298 3574 1352 facti

1983 1403 2111 1448 sunt
2151 1395 2275 1448 vita:
2305 1395 2457 1448 bona:
2508 1401 2562 1446 et
2592 1391 2988 1446 conversionis.
3027 1389 3160 1444 Nam
3218 1390 3310 1460 qui
3383 1387 3580 1443 viderit

1983 1487 2291 1556 quempiam
2343 1488 2494 1554 prius
2537 1487 2605 1540 ab
2670 1483 3051 1540 aﬂectionibus
3109 1484 3225 1538 suis
3277 1496 3573 1547 mortuum,

1985 1592 2419 1647 conversumque
2449 1587 2501 1631 et
2532 1578 2837 1645 ingressum
2879 1577 2931 1629 in
2968 1582 3218 1630 sanctam
3255 1574 3404 1628 illam
3457 1586 3578 1643 qua:

1985 1669 2037 1723 in
2067 1669 2220 1721 caelis
2251 1683 2334 1723 εει
2379 1667 2678 1732 civitatem,
2739 1667 2986 1720 imitatur
3039 1665 3190 1719 illum
3231 1679 3326 1734 per
3370 1664 3578 1727 omnia,

1988 1761 2427 1830 convertiturque
2456 1771 2507 1815 et
2536 1768 2671 1827 ipse.
2737 1760 2932 1813 Verum
2986 1761 3102 1814 hac
3136 1759 3209 1813 ita
3243 1758 3581 1813 intellexisse

1989 1851 2256 1904 curiosius
2291 1850 2469 1903 fuerit.
2501 1850 2578 1901 Tu
2612 1862 2790 1904 autem
2835 1862 3103 1920 cognosce
3133 1849 3276 1916 quod
3334 1855 3580 1900 mortuo-

1986 1958 2105 1996 rum
2144 1943 2493 2003 resurrectio,
2537 1957 2657 2010 quae
2699 1941 2841 1995 facta
2889 1951 2973 1994 est
3028 1942 3079 1993 in
3133 1953 3296 1993 cruce
3341 1937 3582 2001 Domini,

1983 2033 2304 2103 signiliearit
2327 2042 2382 2088 et
2410 2049 2620 2099 eorum,
2645 2035 2760 2102 qui,
2799 2034 2850 2087 in
2879 2033 3090 2087 inferno
3124 2031 3345 2094 fuerint,
3380 2030 3580 2084 libera-

1987 2128 2208 2181 tionem.
2247 2127 2628 2194 Apparuerunt
2655 2137 2834 2179 autem
2877 2126 3064 2179 multis
3097 2123 3187 2193 qui
3216 2132 3342 2176 tunc
3392 2135 3582 2187 resor-

1984 2228 2263 2280 rexerunt,
2297 2227 2355 2273 ut
2393 2233 2463 2271 ne
2508 2219 2834 2286 phantasma
2868 2233 2990 2272 esse
3018 2221 3294 2272 videretur
3311 2215 3461 2285 quod
3486 2214 3583 2267 lie-

1987 2309 2098 2364 bat.
2137 2307 2578 2364 ltesurrexerunt
2614 2319 2794 2364 autem
2851 2309 2924 2363 illi
2960 2319 3166 2362 tantum
3215 2307 3350 2376 signi
3385 2306 3578 2374 gratia,

1994 2398 2454 2470 manifestumque
2483 2412 2568 2455 est
2603 2403 2753 2466 illud,
2783 2404 2925 2468 quod
2956 2405 3152 2455 iterum
3191 2400 3412 2453 mortui.
3454 2396 3586 2462 Qui-

1995 2491 2116 2545 dam
2143 2503 2322 2547 antem
2349 2494 2541 2548 dicunt
2579 2499 2724 2563 quod
2753 2505 3037 2564 postquam
3101 2495 3356 2548 Christus
3402 2505 3588 2544 resur-

1997 2582 2156 2646 rexit,
2212 2588 2614 2640 resurrexerint
2640 2597 2694 2640 tt
2719 2589 2816 2649 illi,
2849 2603 2948 2640 nec
2996 2595 3178 2653 postea
3210 2584 3405 2638 niottui
3443 2583 3584 2637 sint:

1995 2674 2087 2726 sed
2127 2676 2311 2728 nescio
2349 2691 2414 2728 an
2444 2678 2548 2731 hoc
2573 2679 2643 2731 sit
2682 2678 3076 2744 recipiendum.

295 2784 456 2838 μενον
494 2783 509 2798 ·
547 2767 860 2836 ἀνέστησαν
910 2765 966 2818 δὲ
1023 2759 1190 2825 οῦτοι,
1243 2763 1405 2832 χάριν
1463 2761 1558 2815 τοῦ
1627 2763 1857 2832 σημείου
1899 2783 1907 2793 ·
1949 2766 2217 2835 πρόδηλον
2247 2769 2304 2821 δὲ
2362 2770 2444 2820 ὃτι
2480 2772 2642 2824 πάλιν
2687 2773 3011 2837 τεθνήκασι.
3077 2769 3232 2827 Τινὲς
3282 2765 3340 2816 is
3396 2764 3590 2831 λέγου-

293 2880 380 2918 σιν
399 2863 483 2916 ὅτι
511 2863 649 2933 μετὰ
687 2864 750 2913 τὸ
775 2861 1070 2930 ἀναστῆναι
1121 2858 1212 2911 τὸν
1248 2858 1506 2928 Χριστὸν,
1551 2858 1861 2929 ἀνέστησαν
1895 2863 1987 2912 καὶ
2054 2856 2224 2928 οῦτοι,
2256 2866 2351 2917 καὶ
2391 2867 2490 2918 οὐκ
2521 2866 2601 2918 ἔτι
2663 2867 2955 2931 ἀπέθανον,
2987 2865 3149 2918 τοῦτο
3202 2863 3258 2916 δέ
3323 2863 3425 2918 οῦκ
3472 2854 3592 2913 οἶδα

291 2958 339 3009 εί
364 2955 444 3008 δεῖ
475 2953 898 3024 παραδέχεσθαι.

373 3074 392 3106 ι
418 3053 480 3108 Ὀ
508 3054 566 3107 δέ
597 3052 999 3122 ἑκατόνταρχος
1028 3052 1124 3104 καὶ
1152 3052 1202 3104 oi
1229 3051 1344 3122 μετ’
1377 3050 1541 3104 αὐτοῦ
1596 3049 1888 3120 τηροῦντες

289 3145 386 3198 τὸν
431 3142 663 3213 Ἰησοῦν,
727 3143 926 3206 ἰδόντες
955 3143 1045 3196 τὸν
1084 3144 1309 3214 σεισμὸν
1339 3144 1431 3196 καὶ
1483 3144 1552 3196 τά
1602 3145 1889 3211 γενόμενα,

2074 3051 2239 3107 Vens.
2259 3053 2442 3107 54—56.
2474 3085 2493 3104 ι
2524 3052 2782 3108 Centurio
2814 3068 2958 3115 vero,
2980 3061 3035 3106 et
3062 3051 3152 3119 qui
3187 3064 3309 3104 cum
3337 3063 3402 3104 eo
3433 3052 3592 3102 erant

2001 3144 2369 3200 cuStodientcs
2418 3143 2624 3208 Jesum,
2674 3145 2792 3198 viso
2834 3155 2992 3196 terra:
3027 3151 3196 3204 motu,
3223 3150 3278 3195 et
3341 3139 3427 3194 his
3468 3151 3592 3208 qua

295 3234 647 3304 ἐφοϐήθησαν
703 3233 930 3305 σφόδρα,
963 3234 1244 3302 λέγοντες⁹
1285 3234 1524 3303 ’Δληθῶς
1581 3234 1718 3286 θεοῦ
1757 3235 1886 3297 Υἱὸς
1917 3217 1961 3277 C

1917 3217 1961 3277 (ἶ
1999 3234 2142 3289 facta
2185 3236 2423 3302 fuerant,
2482 3237 2779 3290 timuerunt
2854 3235 3033 3296 valde,
3099 3234 3385 3288 dicentes:
3450 3230 3592 3286 Vere

293 3321 362 3398 ἦν
389 3320 568 3389 οῦτος.
595 3320 776 3379 Ἦσαν
795 3325 852 3378 δέ
877 3327 995 3379 ἐκεῖ
1019 3327 1280 3392 γυναῖκες
1311 3325 1528 3390 πολλαὶ,
1560 3325 1670 3379 ἀπὸ
1689 3325 1896 3396 μακρόο

295 3420 388 3472 θεν
430 3419 756 3486 θεωροῦσαι,
780 3419 985 3481 αἵτινες
1029 3418 1407 3488 ἠκολούθησαν
1439 3417 1519 3486 τῷ
1551 3416 1730 3487 Ἰησοῦ
1780 3417 1896 3469 ἀπὸ

298 3509 400 3578 τῆς
429 3504 721 3570 Γαλιλαίας
748 3508 1098 3560 διακονοῦσαι
1125 3506 1296 3577 αὐτῷ,
1334 3508 1392 3560 ἐν
1420 3501 1510 3569 αἷς
1543 3501 1611 3576 ἦν
1641 3506 1832 3577 Μαρία
1862 3506 1895 3576 ή

297 3599 659 3669 Μαγδαληνὴ,
723 3598 820 3651 καὶ
854 3597 1046 3669 Μαρία
1078 3599 1225 3669 ήτοῦ
1284 3597 1540 3651 Ἰακώϐου
1602 3598 1696 3650 καὶ
1736 3597 1896 3664 Ἰωσῆ

301 3692 510 3761 μήτηρ,
540 3690 638 3742 καὶ
693 3692 726 3760 ὴ
759 3690 944 3760 μήτηρ
970 3688 1081 3742 τῶν
1137 3689 1267 3742 υίῶν
1297 3689 1607 3742 Ζεϐεδαίου.
1635 3708 1653 3739 ι
1706 3688 1765 3742 '0
1799 3687 1898 3758 μὲν

297 3784 514 3845 ἐθνικὸς
561 3782 981 3850 ἐκατόνταρχος,
1016 3781 1125 3836 ἀπὸ
1183 3780 1294 3833 τῶν
1342 3781 1586 3850 σημείων
1650 3781 1899 3834 πιστεύει

299 3877 399 3928 σὺν
421 3879 534 3936 τοῖς
563 3876 691 3946 περὶ
721 3874 887 3928 αὐτόν
922 3888 936 3903 °
968 3876 1017 3927 οἱ
1059 3873 1117 3927 δέ
1177 3874 1476 3944 προφητῶν
1533 3875 1900 3930 κατακούσανο

297 3983 390 4029 τες
421 3969 514 4020 καὶ
547 3966 712 4034 νόμου
743 3966 1015 4029 Ἰουδαῖοι,
1051 3967 1271 4020 ἁπιστοι
1322 3967 1545 4036 μένουσι
1579 3984 1595 3999 ο
1630 3968 1890 4022 τοσοῦτόν

299 4061 448 4112 ἐστιν
481 4059 514 4126 ή
543 4056 780 4125 πονηρία
832 4057 1026 4113 κακόνο
1090 4057 1187 4110 καὶ
1221 4059 1577 4130 ἐμαρτύρησε
1625 4058 1684 4112 δέ
1717 4061 1746 4111 ὁ
1772 4060 1901 4112 ἐκα-

296 4150 598 4217 τὸνταρχος
650 4141 806 4211 οῦτος
837 4147 982 4218 ύπέρ
1009 4148 1247 4217 Χριστοῦ
1281 4147 1525 4219 ὕστερον.
1555 4148 1815 4213 Γυναῖκες
1843 4150 1899 4203 δέ

300 4239 610 4308 θιωροῦσαι
629 4240 696 4293 τά
714 4239 1008 4308 γενόμενα,
1035 4240 1091 4293 at
1112 4239 1347 4310 μάλιστα
1375 4241 1592 4294 πάντων
1619 4242 1901 4312 συμπαθέ-

299 4345 535 4395 στεραι,
588 4329 683 4382 καὶ
751 4329 812 4381 τδ
863 4330 1021 4397 γένος
1087 4330 1150 4382 τὸ
1203 4330 1578 4402 κατακριθέν,
1636 4332 1896 4386 ἀπολαύει

301 4419 524 4489 πρῶτον
553 4420 654 4488 τῆς
688 4421 799 4474 τῶν
824 4421 1050 4488 ἀγαθῶν
1080 4421 1316 4493 θεωρίας
1351 4440 1363 4453 ·
1396 4424 1490 4476 καὶ
1519 4425 1568 4477 ot
1594 4423 1694 4494 μὲν
1725 4425 1901 4495 μαθη-

2000 3325 2170 3380 Filius
2231 3328 2328 3384 Dei
2378 3337 2498 3382 erat
2550 3327 2672 3381 iste.
2739 3327 2906 3380 Erant
2960 3335 3144 3380 autem
3201 3325 3277 3378 ibi
3334 3323 3594 3377 mulieres

2003 3420 2184 3474 multa:
2214 3435 2245 3474 e
2271 3420 2565 3490 longinquo
2619 3427 2948 3487 spectantes,
2984 3432 3105 3485 quae
3154 3424 3355 3470 secuta:
3383 3414 3595 3468 fuerant

2001 3511 2186 3566 Jesum
2241 3526 2270 3566 a
2301 3511 2544 3577 Galilaea,
2579 3512 2953 3564 ministrantes
2981 3510 3052 3576 ei,
3100 3509 3244 3562 inter
3281 3522 3416 3575 quas
3473 3515 3593 3561 erat

2002 3603 2170 3658 Maria
2222 3603 2557 3674 Magdalene,
2599 3613 2654 3656 et
2687 3601 2852 3656 Maria
2883 3600 3095 3665 Jacobi,
3137 3610 3191 3656 et
3235 3598 3366 3654 Jose
3396 3609 3590 3665 mater,

2003 3705 2059 3752 et
2084 3709 2256 3751 mater
2285 3695 2519 3752 filiorum
2561 3693 2828 3750 Zebcdzei.
2863 3711 2880 3744 ι
2913 3691 3177 3747 Centurio
3217 3694 3380 3746 homo
3414 3691 3596 3746 ethni-

2003 3801 2102 3843 cus
2134 3802 2166 3840 a
2195 3787 2368 3857 signis
2396 3787 2574 3841 credit
2597 3801 2722 3841 cum
2764 3787 2846 3839 his
2883 3785 2975 3855 qui
3009 3799 3193 3840 secum
3263 3793 3421 3837 erant
3453 3801 3465 3836 :
3502 3780 3597 3836 Ju-

2006 3879 2102 3934 dzri
2130 3890 2312 3932 autem
2338 3878 2430 3947 qui
2457 3879 2630 3948 legem
2660 3891 2714 3931 et
2738 3879 3037 3946 prophetas
3073 3877 3386 3937 audierant,
3415 3876 3595 3928 incre-

2007 3972 2114 4025 duli
2137 3981 2378 4025 manent.
2395 3971 2627 4026 Tantum
2655 3972 2852 4024 malum
2876 3980 2958 4024 est
2978 3969 3308 4037 malignitas.
3326 3967 3390 4020 Et
3411 3979 3601 4035 postea

2007 4063 2325 4132 martyrium
2361 4063 2579 4133 pertulit
2622 4063 2708 4117 hic
2735 4062 2986 4118 centurio
3034 4069 3259 4129 propter
3292 4058 3593 4112 Christum.

2005 4154 2256 4210 Mulieres
2313 4170 2443 4210 vero
2501 4164 2811 4224 spectantes
2838 4169 2900 4208 ea
2933 4169 3056 4222 qua:
3109 4152 3330 4215 fiebant,
3362 4161 3418 4203 ut
3469 4158 3599 4205 sunt

2003 4246 2560 4315 compatientissimaz,
2611 4256 2666 4301 et
2722 4261 2886 4300 sexus
2933 4246 3366 4308 condemnatus,
3411 4243 3601 4310 prima:

2009 4338 2267 4393 fruuntur
2291 4339 2561 4395 bonorum
2595 4341 3078 4407 contemplatione.
3103 4338 3169 4391 Et
3203 4336 3454 4402 discipuli
3481 4336 3606 4404 qui-

2006 4431 2128 4484 dem
2161 4429 2398 4499 fugiunt,
2435 4430 2689 4484 mulieres
2740 4440 2920 4482 autem
2985 4428 3152 4482 fortes
3196 4436 3342 4480 sunt.
3373 4426 3601 4480 Mariam

299 4515 392 4568 ταὶ
421 4514 741 4581 φεύγουσιν,
768 4517 822 4567 αί
853 4515 908 4568 δέ
937 4517 1193 4582 γυναῖκες
1245 4515 1599 4586 καρτεροῦσι.
1681 4518 1901 4589 Μαρίαν
1936 4553 1980 4608 D

1936 4553 1980 4608 Β
2011 4531 2191 4575 autem
2225 4531 2454 4574 matrem
2483 4519 2670 4575 Jacobi
2699 4530 2753 4574 et
2794 4519 2943 4584 Jose,
2972 4519 3259 4588 Deiparam
3292 4549 3294 4551 ›
3323 4517 3477 4571 dicit.
3508 4515 3603 4569 Ja-

299 4608 359 4661 δὲ
390 4607 652 4660 Ἰακώϐου
680 4609 773 4660 καὶ
821 4607 980 4676 Ἰωσῆ
1009 4609 1242 4679 μητέρα,
1272 4609 1371 4679 τὴν
1399 4609 1662 4663 Θεοτόκον
1713 4612 1862 4677 λέγει

297 4701 329 4755 6
363 4701 475 4770 γὰρ
518 4699 768 4763 Ἰάκωϐος
816 4702 909 4753 καὶ
939 4701 1125 4770 Ἰωσῆς
1146 4701 1241 4754 τοῦ
1284 4701 1480 4770 Ἰωσήφ
1514 4699 1657 4774 ἦσαν
1703 4703 1894 4765 παῖδες

300 4795 411 4846 ἀπὸ
439 4793 535 4862 τῆς
560 4794 834 4862 προτέρας
851 4791 1016 4846 αὑτοῦ
1037 4794 1318 4858 γυναικός.
1359 4793 1515 4848 Ἐπεὶ
1542 4791 1635 4846 οῦν
1656 4794 1689 4862 ή
1713 4792 1905 4845 Θεοτόο

301 4902 401 4948 κος
451 4885 592 4953 γυνὴ
630 4885 850 4952 ἐλέγετο
879 4885 974 4937 τοῦ
1018 4884 1237 4954 Ἰωσήφ,
1263 4884 1489 4947 εἰκότως
1523 4885 1748 4937 καὶτῶν
1782 4883 1906 4936 παί-

300 4979 410 5030 δων
440 4977 608 5030 αὑτοῦ
641 4979 824 5048 μήτηρ
855 4978 973 5047 ἦτοι
1009 4979 1252 5048 μητρυιά
1275 4978 1531 5045 ἐλέγετοο
1563 4980 1596 5043 ἡ
1622 4977 1680 5031 δέ
1718 4979 1903 5049 μήτηρ

301 5068 412 5121 τῶν
458 5068 593 5122 υίῶν
653 5069 964 5134 Ζεϐεδαίου,
1032 5070 1271 5141 Σαλώμη
1340 5071 1625 5125 ἐκαλεῖτοο
1677 5072 1814 5140 φασὶ
1845 5071 1902 5125 δέ

307 5155 404 5214 καὶ
451 5161 660 5233 ταύτην
717 5162 998 5234 θυγατέρα
1025 5157 1162 5216 εἶναι
1196 5163 1291 5216 τοῦ
1334 5164 1554 5235 Ἰωσήφ.

393 5253 583 5323 Ὀψίας
607 5253 666 5306 δέ
713 5254 1038 5324 γενομένης,
1066 5249 1231 5325 ἦλθεν
1298 5254 1586 5326 ἄνθρωπος
1646 5255 1904 5322 πλούσιος

306 5346 417 5400 ἀπὸ
480 5345 865 5415 Ἁριμαθαίας,
917 5344 1158 5416 τοῦνομα
1227 5345 1447 5417 Ἰωσὴφ,
1477 5346 1538 5410 ὃς
1567 5347 1666 5400 καὶ
1731 5347 1898 5412 αὐτὸς

307 5437 656 5508 ἐμαθήτευσε
684 5437 766 5507 τῷ
817 5437 1019 5509 Ἰησοῦ.
1071 5429 1244 5504 Οὗτος
1276 5439 1591 5509 προσελθὼν
1622 5439 1702 5510 τῷ
1743 5441 1906 5495 Πιλὰ·

310 5546 412 5601 τῳ,
453 5531 698 5601 ᾐτήσατο
718 5531 780 5585 τὸ
813 5533 974 5600 σῶμα
1008 5531 1105 5586 τοῦ
1149 5531 1350 5601 Ἰησοῦ.
1402 5533 1538 5588 Τότε
1591 5535 1620 5589 ό
1669 5533 1904 5600 Πιλᾶτος

309 5622 600 5675 ἐκέλευσεν
633 5623 974 5694 ἀποδοθῆναι
1003 5624 1070 5679 τὸ
1107 5625 1269 5696 σῶμα
1299 5641 1314 5658 °
1337 5625 1438 5680 καὶ
1463 5625 1646 5679 λαϐὼν
1683 5625 1744 5679 τὸ
1795 5626 1904 5680 σῶο

313 5717 439 5782 μαό
476 5713 701 5785 Ἰωσήφ,
769 5717 1073 5782 ἐνετύλιξεν
1121 5719 1256 5772 αὐτὸ
1290 5718 1486 5773 σινδόνι
1537 5719 1778 5789 καθαρᾷ,
1807 5721 1903 5773 καὶ

312 5803 513 5878 ἐθηκεν
541 5807 673 5862 αὐτὸ
697 5808 754 5862 ἐν
785 5808 862 5880 τῷ
917 5811 1090 5882 καινῷ
1131 5810 1297 5865 αὑτοῦ
1334 5813 1608 5883 μνημείῳ,
1641 5812 1668 5865 ὃ
1715 5812 1901 5866 ἐλατό-

2009 4613 2180 4668 cobns
2214 4614 2358 4666 enim
2393 4623 2446 4667 et
2473 4611 2629 4668 Joses
2653 4612 2748 4666 lilii
2779 4621 2936 4666 erant
2974 4610 3178 4680 Joseph
3209 4626 3239 4665 e
3269 4611 3453 4679 priore
3483 4609 3603 4678 ejus

2011 4719 2200 4759 uxore.
2237 4703 2438 4759 Verum
2458 4705 2587 4774 quia
2609 4704 2844 4774 Deipara
2873 4719 3010 4758 uror
3058 4703 3264 4772 Joseph
3294 4703 3601 4766 dicebatur.

2009 4801 2205 4855 merito
2264 4809 2320 4853 ct
2355 4797 2589 4852 filiorum
2620 4798 2737 4868 ejus
2793 4799 3077 4853 dicebatur
3127 4806 3323 4858 mater,
3371 4797 3476 4851 hoc
3521 4804 3606 4851 est

2008 4905 2264 4946 noverca.
2312 4891 2485 4945 Mater
2545 4899 2729 4946 autem
2783 4889 3020 4944 filiorum
3081 4891 3329 4944 Zebedaei
3386 4887 3582 4943 Salonu

2007 4985 2319 5053 dicebatur,
2339 4999 2503 5055 quam
2537 4993 2593 5041 et
2622 4988 2791 5055 ipsam
2820 4982 3020 5054 Joseph
3057 4984 3223 5037 filiam
3252 4983 3424 5036 aiunt.

2079 5248 2247 5306 Vens.
2291 5248 2483 5306 57-6l.
2539 5268 2557 5302 ε
2599 5249 2840 5320 Vespere
2872 5259 3052 5305 autem
3082 5250 3228 5305 facto
3296 5250 3446 5304 venit
3505 5250 3608 5304 ho-

2007 5359 2098 5400 mo
2121 5345 2272 5400 dives
2309 5343 2378 5398 ab
2441 5342 2799 5408 Arimathaea,
2838 5345 3061 5398 nomine
3123 5343 3345 5411 Joseph,
3370 5352 3422 5399 et
3490 5344 3606 5412 ipse

2007 5435 2306 5506 discipulus
2335 5437 2514 5491 fuerat
2549 5433 2702 5490 Jesu.
2743 5435 2840 5490 llic
2881 5437 3114 5490 acvessit
3155 5437 3220 5489 ad
3250 5435 3506 5496 Pilatum,
3541 5450 3605 5489 ac

2008 5529 2304 5602 postulavit
2346 5542 2546 5597 corpus
2576 5528 2732 5582 Jesu.
2768 5526 2922 5582 Tunc
2973 5527 3179 5582 Pilatus
3234 5528 3396 5598 jussit
3451 5527 3605 5581 reddi

2005 5637 2228 5693 corpus.
2263 5622 2479 5676 Etcum
2536 5623 2838 5689 accepisset
2876 5636 3071 5690 corpus
3123 5621 3347 5690 Joseph,
3383 5619 3606 5674 involvit

2006 5718 2136 5772 illttd
2169 5718 2222 5772 in
2259 5715 2489 5772 sindone
2532 5717 2754 5778 munda,
2814 5719 3102 5784 posuitque
3137 5716 3266 5770 illud
3297 5717 3346 5768 in
3414 5729 3608 5766 monu-

2008 5820 2190 5868 tncnto
2218 5827 2316 5866 suo
2347 5827 2507 5878 novo,
2542 5811 2685 5880 quod
2708 5810 2985 5864 exciderat
3020 5811 3071 5865 in
3101 5821 3275 5881 petra,
3304 5822 3359 5864 ct
3437 5807 3604 5863 advo-
