  <div class='ocr_page' id='page_1' title='image "/cluster/home/n/w/nwhite01/storage/ocr_20150623/123/nnc1.0046979670/247.png"; bbox 0 0 4298 6446; ppageno 0'>
   <div class='ocr_carea' id='block_1_1' title="bbox 703 387 815 453">
    <p class='ocr_par' dir='ltr' id='par_1_1' title="bbox 703 387 815 453">
     <span class='ocr_line' id='line_1_1' title="bbox 703 387 815 453; baseline 0.009 -1"><span class='ocrx_word' id='word_1_1' title='bbox 703 387 815 453; x_wconf 76' lang='grc'><strong>475</strong></span> 
     </span>
    </p>
   </div>
   <div class='ocr_carea' id='block_1_2' title="bbox 1560 364 2997 442">
    <p class='ocr_par' dir='ltr' id='par_1_2' title="bbox 1560 364 2997 442">
     <span class='ocr_line' id='line_1_2' title="bbox 1560 364 2997 442; baseline -0.013 0"><span class='ocrx_word' id='word_1_2' title='bbox 1560 375 2141 442; x_wconf 79' lang='lat' dir='ltr'><strong>THEOPHYLACTI</strong></span> <span class='ocrx_word' id='word_1_3' title='bbox 2174 369 2588 434; x_wconf 69' lang='lat' dir='ltr'><strong>BULGARIIE</strong></span> <span class='ocrx_word' id='word_1_4' title='bbox 2637 364 2997 427; x_wconf 81' lang='lat' dir='ltr'><strong>ARCHIEP.</strong></span> 
     </span>
    </p>
   </div>
   <div class='ocr_carea' id='block_1_3' title="bbox 3852 347 3961 411">
    <p class='ocr_par' dir='ltr' id='par_1_3' title="bbox 3852 347 3961 411">
     <span class='ocr_line' id='line_1_3' title="bbox 3852 347 3961 411; baseline 0.037 -4"><span class='ocrx_word' id='word_1_5' title='bbox 3852 347 3961 411; x_wconf 69' lang='grc'><strong>476</strong></span> 
     </span>
    </p>
   </div>
   <div class='ocr_carea' id='block_1_4' title="bbox 711 456 2408 564">
    <p class='ocr_par' dir='ltr' id='par_1_4' title="bbox 711 486 2408 564">
     <span class='ocr_line' id='line_1_4' title="bbox 711 486 2408 564; baseline -0.013 -8"><span class='ocrx_word' id='word_1_6' title='bbox 711 504 824 556; x_wconf 92' lang='lat' dir='ltr'><strong>luto</strong></span> <span class='ocrx_word' id='word_1_7' title='bbox 864 512 994 554; x_wconf 76' lang='lat' dir='ltr'><strong>saxo</strong></span> <span class='ocrx_word' id='word_1_8' title='bbox 1029 496 1226 564; x_wconf 80' lang='lat' dir='ltr'><strong>ingenti</strong></span> <span class='ocrx_word' id='word_1_9' title='bbox 1256 494 1319 551; x_wconf 87' lang='lat' dir='ltr'><strong>ad</strong></span> <span class='ocrx_word' id='word_1_10' title='bbox 1340 494 1539 547; x_wconf 89' lang='lat' dir='ltr'><strong>ostium</strong></span> <span class='ocrx_word' id='word_1_11' title='bbox 1578 488 1933 551; x_wconf 73' lang='lat' dir='ltr'><strong>monumenti,</strong></span> <span class='ocrx_word' id='word_1_12' title='bbox 1961 488 2115 540; x_wconf 89' lang='lat' dir='ltr'><strong>abiit.</strong></span> <span class='ocrx_word' id='word_1_13' title='bbox 2149 486 2278 539; x_wconf 84' lang='lat' dir='ltr'><strong>Erat</strong></span> <span class='ocrx_word' id='word_1_14' title='bbox 2311 495 2353 544; x_wconf 75' lang='grc' dir='ltr'>Α</span> <span class='ocrx_word' id='word_1_15' title='bbox 2385 502 2408 553; x_wconf 73' lang='grc' dir='ltr'><strong>ρ</strong></span> 
     </span>
    </p>
   </div>
   <div class='ocr_carea' id='block_1_5' title="bbox 2273 456 3970 564">
    <p class='ocr_par' dir='ltr' id='par_1_5' title="bbox 2273 456 3970 564">
     <span class='ocr_line' id='line_1_5' title="bbox 2273 456 3970 564; baseline -0.018 -27"><span class='ocrx_word' id='word_1_16' title='bbox 2273 524 2278 536; x_wconf 90' lang='grc'><em>.</em></span> <span class='ocrx_word' id='word_1_17' title='bbox 2311 495 2353 544; x_wconf 74' lang='grc' dir='ltr'>Α</span> <span class='ocrx_word' id='word_1_18' title='bbox 2385 498 2556 553; x_wconf 84' lang='grc' dir='ltr'>μησεν</span> <span class='ocrx_word' id='word_1_19' title='bbox 2583 481 2641 531; x_wconf 73' lang='grc' dir='ltr'><strong>ὲν</strong></span> <span class='ocrx_word' id='word_1_20' title='bbox 2668 478 2735 547; x_wconf 75' lang='grc' dir='ltr'><strong>τῇ</strong></span> <span class='ocrx_word' id='word_1_21' title='bbox 2766 475 2965 544; x_wconf 77' lang='grc' dir='ltr'>πέτρᾳ.</span> <span class='ocrx_word' id='word_1_22' title='bbox 3028 466 3141 523; x_wconf 70' lang='grc' dir='ltr'><strong>Καὶ</strong></span> <span class='ocrx_word' id='word_1_23' title='bbox 3188 461 3557 564; x_wconf 62' lang='grc' dir='ltr'>προσκυλίσας</span> <span class='ocrx_word' id='word_1_24' title='bbox 3602 456 3747 511; x_wconf 99' lang='grc' dir='ltr'>λίθον</span> <span class='ocrx_word' id='word_1_25' title='bbox 3796 460 3970 525; x_wconf 78' lang='grc' dir='ltr'>μέγαν</span> 
     </span>
    </p>
   </div>
   <div class='ocr_carea' id='block_1_6' title="bbox 716 548 2413 654">
    <p class='ocr_par' dir='ltr' id='par_1_6' title="bbox 716 575 2410 654">
     <span class='ocr_line' id='line_1_6' title="bbox 716 575 2410 654; baseline -0.012 -8"><span class='ocrx_word' id='word_1_26' title='bbox 716 607 893 647; x_wconf 77' lang='lat' dir='ltr'><strong>autem</strong></span> <span class='ocrx_word' id='word_1_27' title='bbox 929 591 996 643; x_wconf 84' lang='lat' dir='ltr'><strong>ibi</strong></span> <span class='ocrx_word' id='word_1_28' title='bbox 1033 588 1191 641; x_wconf 77' lang='lat' dir='ltr'><strong>Maria</strong></span> <span class='ocrx_word' id='word_1_29' title='bbox 1226 585 1553 654; x_wconf 80' lang='lat' dir='ltr'><strong>Magdalene,</strong></span> <span class='ocrx_word' id='word_1_30' title='bbox 1599 593 1652 635; x_wconf 92' lang='lat' dir='ltr'><strong>et</strong></span> <span class='ocrx_word' id='word_1_31' title='bbox 1679 581 1849 633; x_wconf 78' lang='lat' dir='ltr'><strong>altera</strong></span> <span class='ocrx_word' id='word_1_32' title='bbox 1926 578 2082 647; x_wconf 71' lang='lat'><strong>162</strong></span> <span class='ocrx_word' id='word_1_33' title='bbox 2116 575 2280 628; x_wconf 72' lang='lat' dir='ltr'><strong>Maria</strong></span> <span class='ocrx_word' id='word_1_34' title='bbox 2382 592 2410 626; x_wconf 87' lang='grc' dir='ltr'>τ</span> 
     </span>
    </p>
   </div>
   <div class='ocr_carea' id='block_1_7' title="bbox 2272 548 3969 654">
    <p class='ocr_par' dir='ltr' id='par_1_7' title="bbox 2272 548 3969 642">
     <span class='ocr_line' id='line_1_7' title="bbox 2272 548 3969 642; baseline -0.016 -14"><span class='ocrx_word' id='word_1_35' title='bbox 2272 593 2280 627; x_wconf 88' lang='grc' dir='ltr'><strong>ι</strong></span> <span class='ocrx_word' id='word_1_36' title='bbox 2382 548 2618 642; x_wconf 77' lang='grc' dir='ltr'>θύρᾳ</span> <span class='ocrx_word' id='word_1_37' title='bbox 2644 569 2736 621; x_wconf 84' lang='grc' dir='ltr'>τοῦ</span> <span class='ocrx_word' id='word_1_38' title='bbox 2768 565 3057 637; x_wconf 85' lang='grc' dir='ltr'>μνημείου,</span> <span class='ocrx_word' id='word_1_39' title='bbox 3086 557 3366 629; x_wconf 60' lang='grc' dir='ltr'>ἀπῆλθεν</span> <span class='ocrx_word' id='word_1_40' title='bbox 3406 551 3474 625; x_wconf 76' lang='grc' dir='ltr'><strong>ἦν</strong></span> <span class='ocrx_word' id='word_1_41' title='bbox 3511 553 3568 605; x_wconf 71' lang='grc' dir='ltr'><strong>δὲ</strong></span> <span class='ocrx_word' id='word_1_42' title='bbox 3621 551 3738 602; x_wconf 70' lang='grc' dir='ltr'>ἐκεῖ</span> <span class='ocrx_word' id='word_1_43' title='bbox 3783 548 3969 615; x_wconf 84' lang='grc' dir='ltr'>Μαρία</span> 
     </span>
    </p>
   </div>
   <div class='ocr_carea' id='block_1_8' title="bbox 714 641 2411 741">
    <p class='ocr_par' dir='ltr' id='par_1_8' title="bbox 714 665 2411 741">
     <span class='ocr_line' id='line_1_8' title="bbox 714 665 2411 741; baseline -0.013 -4"><span class='ocrx_word' id='word_1_44' title='bbox 714 685 961 740; x_wconf 69' lang='lat' dir='ltr'><strong>Sedt-ules</strong></span> <span class='ocrx_word' id='word_1_45' title='bbox 1018 690 1203 731; x_wconf 86' lang='lat' dir='ltr'><strong>contra</strong></span> <span class='ocrx_word' id='word_1_46' title='bbox 1247 678 1572 741; x_wconf 79' lang='lat' dir='ltr'><strong>sepulcrum.</strong></span> <span class='ocrx_word' id='word_1_47' title='bbox 1613 694 1630 724; x_wconf 74' lang='grc' dir='ltr'><strong>ι</strong></span> <span class='ocrx_word' id='word_1_48' title='bbox 1674 671 2025 726; x_wconf 84' lang='lat' dir='ltr'><strong>Delitescebat</strong></span> <span class='ocrx_word' id='word_1_49' title='bbox 2066 667 2281 736; x_wconf 83' lang='lat' dir='ltr'><strong>quidem</strong></span> <span class='ocrx_word' id='word_1_50' title='bbox 2382 665 2411 733; x_wconf 77' lang='grc' dir='ltr'><strong>η</strong></span> 
     </span>
    </p>
   </div>
   <div class='ocr_carea' id='block_1_9' title="bbox 2259 641 3956 741">
    <p class='ocr_par' dir='ltr' id='par_1_9' title="bbox 2259 641 3956 733">
     <span class='ocr_line' id='line_1_9' title="bbox 2259 641 3956 733; baseline -0.018 -14"><span class='ocrx_word' id='word_1_51' title='bbox 2259 680 2281 717; x_wconf 69' lang='lat' dir='ltr'><strong>il</strong></span> <span class='ocrx_word' id='word_1_52' title='bbox 2382 641 2799 733; x_wconf 21' lang='grc' dir='ltr'>ὴηΜαγδαληνὴ,</span> <span class='ocrx_word' id='word_1_53' title='bbox 2835 659 2927 708; x_wconf 71' lang='grc' dir='ltr'><strong>καὶ</strong></span> <span class='ocrx_word' id='word_1_54' title='bbox 2959 656 2991 722; x_wconf 83' lang='grc' dir='ltr'><strong>ἡ</strong></span> <span class='ocrx_word' id='word_1_55' title='bbox 3024 651 3159 718; x_wconf 72' lang='grc' dir='ltr'>ἄλλη</span> <span class='ocrx_word' id='word_1_56' title='bbox 3196 647 3408 718; x_wconf 82' lang='grc' dir='ltr'>Μαρία,</span> <span class='ocrx_word' id='word_1_57' title='bbox 3447 643 3754 712; x_wconf 77' lang='grc' dir='ltr'><strong>καθήμεναι</strong></span> <span class='ocrx_word' id='word_1_58' title='bbox 3799 641 3956 691; x_wconf 69' lang='grc' dir='ltr'>ὰπζν-</span> 
     </span>
    </p>
   </div>
   <div class='ocr_carea' id='block_1_10' title="bbox 713 759 2284 836">
    <p class='ocr_par' dir='ltr' id='par_1_10' title="bbox 713 759 2284 836">
     <span class='ocr_line' id='line_1_10' title="bbox 713 759 2284 836; baseline -0.012 -7"><span class='ocrx_word' id='word_1_59' title='bbox 713 778 838 831; x_wconf 87' lang='lat' dir='ltr'><strong>olim</strong></span> <span class='ocrx_word' id='word_1_60' title='bbox 874 772 1095 836; x_wconf 64' lang='lat' dir='ltr'><strong>Ioseph,</strong></span> <span class='ocrx_word' id='word_1_61' title='bbox 1122 784 1260 820; x_wconf 86' lang='lat' dir='ltr'><strong>nunc</strong></span> <span class='ocrx_word' id='word_1_62' title='bbox 1285 777 1465 818; x_wconf 68' lang='lat' dir='ltr'><strong>autem</strong></span> <span class='ocrx_word' id='word_1_63' title='bbox 1506 780 1755 833; x_wconf 89' lang='lat' dir='ltr'><strong>magnam</strong></span> <span class='ocrx_word' id='word_1_64' title='bbox 1785 777 1895 816; x_wconf 90' lang='lat' dir='ltr'><strong>rem</strong></span> <span class='ocrx_word' id='word_1_65' title='bbox 1960 759 2143 821; x_wconf 84' lang='lat' dir='ltr'><strong>audet,</strong></span> <span class='ocrx_word' id='word_1_66' title='bbox 2189 772 2284 826; x_wconf 87' lang='lat' dir='ltr'><strong>po-</strong></span> 
     </span>
    </p>
   </div>
   <div class='ocr_carea' id='block_1_11' title="bbox 2389 732 3969 815">
    <p class='ocr_par' dir='ltr' id='par_1_11' title="bbox 2389 732 3969 815">
     <span class='ocr_line' id='line_1_11' title="bbox 2389 732 3969 815; baseline -0.017 -9"><span class='ocrx_word' id='word_1_67' title='bbox 2389 732 2510 806; x_wconf 87' lang='grc' dir='ltr'>αντι</span> <span class='ocrx_word' id='word_1_68' title='bbox 2538 750 2631 803; x_wconf 81' lang='grc' dir='ltr'><strong>τοῦ</strong></span> <span class='ocrx_word' id='word_1_69' title='bbox 2662 751 2857 815; x_wconf 83' lang='grc' dir='ltr'><strong>τάφου.</strong></span> <span class='ocrx_word' id='word_1_70' title='bbox 2881 766 2899 797; x_wconf 74' lang='grc' dir='ltr'><strong>ι</strong></span> <span class='ocrx_word' id='word_1_71' title='bbox 2972 743 3307 812; x_wconf 86' lang='grc' dir='ltr'>Ἐκρύπτετο</span> <span class='ocrx_word' id='word_1_72' title='bbox 3350 737 3447 806; x_wconf 76' lang='grc' dir='ltr'><strong>μὲν</strong></span> <span class='ocrx_word' id='word_1_73' title='bbox 3480 735 3650 786; x_wconf 80' lang='grc' dir='ltr'>παλαι</span> <span class='ocrx_word' id='word_1_74' title='bbox 3688 735 3715 783; x_wconf 98' lang='lat'><strong>6</strong></span> <span class='ocrx_word' id='word_1_75' title='bbox 3741 732 3969 797; x_wconf 82' lang='grc' dir='ltr'><strong>-Ἰωσὴφ,</strong></span> 
     </span>
    </p>
   </div>
   <div class='ocr_carea' id='block_1_12' title="bbox 716 820 2413 927">
    <p class='ocr_par' dir='ltr' id='par_1_12' title="bbox 716 853 2413 927">
     <span class='ocr_line' id='line_1_12' title="bbox 716 853 2413 927; baseline -0.013 -7"><span class='ocrx_word' id='word_1_76' title='bbox 716 882 849 920; x_wconf 83' lang='lat' dir='ltr'><strong>nens</strong></span> <span class='ocrx_word' id='word_1_77' title='bbox 872 864 1104 915; x_wconf 84' lang='lat' dir='ltr'><strong>animam</strong></span> <span class='ocrx_word' id='word_1_78' title='bbox 1133 878 1281 916; x_wconf 89' lang='lat' dir='ltr'><strong>suam</strong></span> <span class='ocrx_word' id='word_1_79' title='bbox 1317 873 1412 927; x_wconf 90' lang='lat' dir='ltr'><strong>pro</strong></span> <span class='ocrx_word' id='word_1_80' title='bbox 1435 871 1660 924; x_wconf 80' lang='lat' dir='ltr'><strong>corpore</strong></span> <span class='ocrx_word' id='word_1_81' title='bbox 1692 853 1954 922; x_wconf 77' lang='lat' dir='ltr'><strong>magistri,</strong></span> <span class='ocrx_word' id='word_1_82' title='bbox 1991 859 2280 917; x_wconf 86' lang='lat' dir='ltr'><strong>tantasque</strong></span> <span class='ocrx_word' id='word_1_83' title='bbox 2386 864 2413 898; x_wconf 87' lang='grc' dir='ltr'>ν</span> 
     </span>
    </p>
   </div>
   <div class='ocr_carea' id='block_1_13' title="bbox 2275 820 3972 927">
    <p class='ocr_par' dir='ltr' id='par_1_13' title="bbox 2275 820 3972 912">
     <span class='ocr_line' id='line_1_13' title="bbox 2275 820 3972 912; baseline -0.017 -12"><span class='ocrx_word' id='word_1_84' title='bbox 2275 868 2280 901; x_wconf 74' lang='grc' dir='ltr'><strong>ι</strong></span> <span class='ocrx_word' id='word_1_85' title='bbox 2386 845 2482 898; x_wconf 78' lang='grc' dir='ltr'>νῦν</span> <span class='ocrx_word' id='word_1_86' title='bbox 2513 843 2569 896; x_wconf 70' lang='grc' dir='ltr'><strong>δὲ</strong></span> <span class='ocrx_word' id='word_1_87' title='bbox 2612 842 2751 912; x_wconf 79' lang='grc' dir='ltr'>μέγα</span> <span class='ocrx_word' id='word_1_88' title='bbox 2780 839 3012 908; x_wconf 80' lang='grc' dir='ltr'>πρᾶγμα</span> <span class='ocrx_word' id='word_1_89' title='bbox 3038 834 3240 902; x_wconf 81' lang='grc' dir='ltr'>τολμᾷ,</span> <span class='ocrx_word' id='word_1_90' title='bbox 3265 830 3435 889; x_wconf 78' lang='grc' dir='ltr'>τιθεὶς</span> <span class='ocrx_word' id='word_1_91' title='bbox 3478 825 3575 897; x_wconf 83' lang='grc' dir='ltr'><strong>τὴν</strong></span> <span class='ocrx_word' id='word_1_92' title='bbox 3605 822 3785 892; x_wconf 74' lang='grc' dir='ltr'><strong>ψυχὴν</strong></span> <span class='ocrx_word' id='word_1_93' title='bbox 3810 820 3972 874; x_wconf 79' lang='grc' dir='ltr'>αὑτοῦ</span> 
     </span>
    </p>
   </div>
   <div class='ocr_carea' id='block_1_14' title="bbox 716 946 2285 1016">
    <p class='ocr_par' dir='ltr' id='par_1_14' title="bbox 716 946 2285 1016">
     <span class='ocr_line' id='line_1_14' title="bbox 716 946 2285 1016; baseline -0.01 -7"><span class='ocrx_word' id='word_1_94' title='bbox 716 957 1031 1010; x_wconf 73' lang='lat' dir='ltr'><strong>iuituiritias</strong></span> <span class='ocrx_word' id='word_1_95' title='bbox 1057 953 1365 1007; x_wconf 66' lang='lat' dir='ltr'><strong>Juda&#39;ornm</strong></span> <span class='ocrx_word' id='word_1_96' title='bbox 1408 948 1731 1016; x_wconf 81' lang='lat' dir='ltr'><strong>suscipiens.</strong></span> <span class='ocrx_word' id='word_1_97' title='bbox 1768 946 1934 998; x_wconf 85' lang='lat' dir='ltr'><strong>Porro</strong></span> <span class='ocrx_word' id='word_1_98' title='bbox 1968 957 2064 1009; x_wconf 93' lang='lat' dir='ltr'><strong>pro</strong></span> <span class='ocrx_word' id='word_1_99' title='bbox 2092 954 2285 1008; x_wconf 85' lang='lat' dir='ltr'><strong>magno</strong></span> 
     </span>
    </p>
   </div>
   <div class='ocr_carea' id='block_1_15' title="bbox 714 1037 2289 1109">
    <p class='ocr_par' dir='ltr' id='par_1_15' title="bbox 714 1037 2289 1109">
     <span class='ocr_line' id='line_1_15' title="bbox 714 1037 2289 1109; baseline -0.013 -6"><span class='ocrx_word' id='word_1_100' title='bbox 714 1052 856 1105; x_wconf 86' lang='lat' dir='ltr'><strong>dono</strong></span> <span class='ocrx_word' id='word_1_101' title='bbox 882 1051 1135 1101; x_wconf 82' lang='lat' dir='ltr'><strong>donatum</strong></span> <span class='ocrx_word' id='word_1_102' title='bbox 1176 1053 1258 1099; x_wconf 77' lang='lat' dir='ltr'><strong>est</strong></span> <span class='ocrx_word' id='word_1_103' title='bbox 1324 1043 1396 1096; x_wconf 83' lang='lat' dir='ltr'><strong>illi</strong></span> <span class='ocrx_word' id='word_1_104' title='bbox 1422 1055 1618 1109; x_wconf 90' lang='lat' dir='ltr'><strong>corpus</strong></span> <span class='ocrx_word' id='word_1_105' title='bbox 1643 1037 1766 1091; x_wconf 81' lang='lat' dir='ltr'><strong>Jesu</strong></span> <span class='ocrx_word' id='word_1_106' title='bbox 1831 1054 1843 1087; x_wconf 89' lang='lat'><strong>:</strong></span> <span class='ocrx_word' id='word_1_107' title='bbox 1899 1050 2019 1086; x_wconf 89' lang='lat' dir='ltr'><strong>nam</strong></span> <span class='ocrx_word' id='word_1_108' title='bbox 2072 1046 2191 1086; x_wconf 89' lang='lat' dir='ltr'><strong>cum</strong></span> <span class='ocrx_word' id='word_1_109' title='bbox 2230 1038 2289 1083; x_wconf 86' lang='lat' dir='ltr'><strong>ut</strong></span> 
     </span>
    </p>
   </div>
   <div class='ocr_carea' id='block_1_16' title="bbox 713 1124 2287 1192">
    <p class='ocr_par' dir='ltr' id='par_1_16' title="bbox 713 1124 2287 1192">
     <span class='ocr_line' id='line_1_16' title="bbox 713 1124 2287 1192; baseline -0.012 0"><span class='ocrx_word' id='word_1_110' title='bbox 713 1138 1004 1192; x_wconf 79' lang='lat' dir='ltr'><strong>seditiosus</strong></span> <span class='ocrx_word' id='word_1_111' title='bbox 1026 1146 1168 1188; x_wconf 83' lang='lat' dir='ltr'><strong>esset</strong></span> <span class='ocrx_word' id='word_1_112' title='bbox 1216 1134 1430 1186; x_wconf 89' lang='lat' dir='ltr'><strong>occisus</strong></span> <span class='ocrx_word' id='word_1_113' title='bbox 1473 1130 1746 1191; x_wconf 84' lang='lat' dir='ltr'><strong>Christus,</strong></span> <span class='ocrx_word' id='word_1_114' title='bbox 1800 1124 2062 1192; x_wconf 89' lang='lat' dir='ltr'><strong>reliquum</strong></span> <span class='ocrx_word' id='word_1_115' title='bbox 2089 1131 2206 1174; x_wconf 85' lang='lat' dir='ltr'><strong>erat</strong></span> <span class='ocrx_word' id='word_1_116' title='bbox 2230 1129 2287 1173; x_wconf 88' lang='lat' dir='ltr'><strong>ut</strong></span> 
     </span>
    </p>
   </div>
   <div class='ocr_carea' id='block_1_17' title="bbox 715 1213 2285 1297">
    <p class='ocr_par' dir='ltr' id='par_1_17' title="bbox 715 1213 2285 1297">
     <span class='ocr_line' id='line_1_17' title="bbox 715 1213 2285 1297; baseline -0.013 -12"><span class='ocrx_word' id='word_1_117' title='bbox 715 1229 1019 1297; x_wconf 84' lang='lat' dir='ltr'><strong>insepultus</strong></span> <span class='ocrx_word' id='word_1_118' title='bbox 1064 1229 1256 1281; x_wconf 90' lang='lat' dir='ltr'><strong>merito</strong></span> <span class='ocrx_word' id='word_1_119' title='bbox 1290 1226 1634 1291; x_wconf 89' lang='lat' dir='ltr'><strong>abjiceretur.</strong></span> <span class='ocrx_word' id='word_1_120' title='bbox 1665 1219 1861 1271; x_wconf 81' lang='lat' dir='ltr'><strong>Verum</strong></span> <span class='ocrx_word' id='word_1_121' title='bbox 1916 1230 2039 1270; x_wconf 88' lang='lat' dir='ltr'><strong>cum</strong></span> <span class='ocrx_word' id='word_1_122' title='bbox 2088 1213 2285 1279; x_wconf 80' lang='lat' dir='ltr'><strong>Joseph</strong></span> 
     </span>
    </p>
   </div>
   <div class='ocr_carea' id='block_1_18' title="bbox 717 1303 2290 1381">
    <p class='ocr_par' dir='ltr' id='par_1_18' title="bbox 717 1303 2290 1381">
     <span class='ocr_line' id='line_1_18' title="bbox 717 1303 2290 1381; baseline -0.013 -5"><span class='ocrx_word' id='word_1_123' title='bbox 717 1322 868 1377; x_wconf 79' lang='lat' dir='ltr'><strong>dives</strong></span> <span class='ocrx_word' id='word_1_124' title='bbox 910 1331 1070 1381; x_wconf 82' lang='lat' dir='ltr'><strong>esset,</strong></span> <span class='ocrx_word' id='word_1_125' title='bbox 1133 1316 1426 1372; x_wconf 80' lang='lat' dir='ltr'><strong>verisimile</strong></span> <span class='ocrx_word' id='word_1_126' title='bbox 1467 1322 1548 1366; x_wconf 88' lang='lat' dir='ltr'><strong>est</strong></span> <span class='ocrx_word' id='word_1_127' title='bbox 1573 1312 1715 1381; x_wconf 88' lang='lat' dir='ltr'><strong>quod</strong></span> <span class='ocrx_word' id='word_1_128' title='bbox 1747 1310 1919 1364; x_wconf 82' lang='lat' dir='ltr'><strong>Pilato</strong></span> <span class='ocrx_word' id='word_1_129' title='bbox 1977 1320 2167 1359; x_wconf 89' lang='lat' dir='ltr'><strong>aurum</strong></span> <span class='ocrx_word' id='word_1_130' title='bbox 2195 1303 2290 1357; x_wconf 86' lang='lat' dir='ltr'><strong>de-</strong></span> 
     </span>
    </p>
   </div>
   <div class='ocr_carea' id='block_1_19' title="bbox 719 1387 2290 1476">
    <p class='ocr_par' dir='ltr' id='par_1_19' title="bbox 719 1387 2290 1476">
     <span class='ocr_line' id='line_1_19' title="bbox 719 1387 2290 1476; baseline -0.013 -10"><span class='ocrx_word' id='word_1_131' title='bbox 719 1416 875 1466; x_wconf 83' lang='lat' dir='ltr'><strong>derit.</strong></span> <span class='ocrx_word' id='word_1_132' title='bbox 917 1410 1146 1463; x_wconf 78' lang='lat' dir='ltr'><strong>Proinde</strong></span> <span class='ocrx_word' id='word_1_133' title='bbox 1181 1423 1380 1476; x_wconf 80' lang='lat' dir='ltr'><strong>corpus</strong></span> <span class='ocrx_word' id='word_1_134' title='bbox 1426 1387 1570 1473; x_wconf 80' lang='lat' dir='ltr'><strong>quod</strong></span> <span class='ocrx_word' id='word_1_135' title='bbox 1625 1410 1929 1469; x_wconf 90' lang='lat' dir='ltr'><strong>acceperat,</strong></span> <span class='ocrx_word' id='word_1_136' title='bbox 1991 1395 2290 1451; x_wconf 78' lang='lat' dir='ltr'><strong>honorifice</strong></span> 
     </span>
    </p>
   </div>
   <div class='ocr_carea' id='block_1_20' title="bbox 718 1486 2289 1566">
    <p class='ocr_par' dir='ltr' id='par_1_20' title="bbox 718 1486 2289 1566">
     <span class='ocr_line' id='line_1_20' title="bbox 718 1486 2289 1566; baseline -0.01 -12"><span class='ocrx_word' id='word_1_137' title='bbox 718 1511 957 1554; x_wconf 84' lang='lat' dir='ltr'><strong>tractans</strong></span> <span class='ocrx_word' id='word_1_138' title='bbox 996 1500 1047 1552; x_wconf 93' lang='lat' dir='ltr'><strong>in</strong></span> <span class='ocrx_word' id='word_1_139' title='bbox 1082 1498 1328 1566; x_wconf 90' lang='lat' dir='ltr'><strong>sepulcro</strong></span> <span class='ocrx_word' id='word_1_140' title='bbox 1361 1511 1499 1548; x_wconf 82' lang='lat' dir='ltr'><strong>novo</strong></span> <span class='ocrx_word' id='word_1_141' title='bbox 1531 1492 1850 1555; x_wconf 81' lang='lat' dir='ltr'><strong>recondidit,</strong></span> <span class='ocrx_word' id='word_1_142' title='bbox 1880 1491 1930 1543; x_wconf 91' lang='lat' dir='ltr'><strong>in</strong></span> <span class='ocrx_word' id='word_1_143' title='bbox 1976 1503 2084 1557; x_wconf 92' lang='lat' dir='ltr'><strong>quo</strong></span> <span class='ocrx_word' id='word_1_144' title='bbox 2111 1486 2289 1539; x_wconf 90' lang='lat' dir='ltr'><strong>nullus</strong></span> 
     </span>
    </p>
   </div>
   <div class='ocr_carea' id='block_1_21' title="bbox 720 1580 2291 1660">
    <p class='ocr_par' dir='ltr' id='par_1_21' title="bbox 720 1580 2291 1660">
     <span class='ocr_line' id='line_1_21' title="bbox 720 1580 2291 1660; baseline -0.008 -16"><span class='ocrx_word' id='word_1_145' title='bbox 720 1609 952 1660; x_wconf 92' lang='lat' dir='ltr'><strong>unquam</strong></span> <span class='ocrx_word' id='word_1_146' title='bbox 992 1594 1196 1658; x_wconf 89' lang='lat' dir='ltr'><strong>positus</strong></span> <span class='ocrx_word' id='word_1_147' title='bbox 1229 1600 1388 1641; x_wconf 87' lang='lat' dir='ltr'><strong>erat:</strong></span> <span class='ocrx_word' id='word_1_148' title='bbox 1420 1587 1470 1639; x_wconf 92' lang='lat' dir='ltr'><strong>id</strong></span> <span class='ocrx_word' id='word_1_149' title='bbox 1500 1586 1641 1653; x_wconf 89' lang='lat' dir='ltr'><strong>quod</strong></span> <span class='ocrx_word' id='word_1_150' title='bbox 1671 1584 1851 1637; x_wconf 87' lang='lat' dir='ltr'><strong>divina</strong></span> <span class='ocrx_word' id='word_1_151' title='bbox 1887 1580 2291 1646; x_wconf 70' lang='lat' dir='ltr'><strong>dispensatione</strong></span> 
     </span>
    </p>
   </div>
   <div class='ocr_carea' id='block_1_22' title="bbox 720 1673 2292 1746">
    <p class='ocr_par' dir='ltr' id='par_1_22' title="bbox 720 1673 2292 1746">
     <span class='ocr_line' id='line_1_22' title="bbox 720 1673 2292 1746; baseline -0.009 -10"><span class='ocrx_word' id='word_1_152' title='bbox 720 1683 942 1746; x_wconf 83' lang='lat' dir='ltr'><strong>factum,</strong></span> <span class='ocrx_word' id='word_1_153' title='bbox 977 1697 1042 1734; x_wconf 90' lang='lat' dir='ltr'><strong>ne</strong></span> <span class='ocrx_word' id='word_1_154' title='bbox 1068 1697 1187 1733; x_wconf 88' lang='lat' dir='ltr'><strong>cum</strong></span> <span class='ocrx_word' id='word_1_155' title='bbox 1219 1680 1607 1732; x_wconf 87' lang='lat' dir='ltr'><strong>resurrexisset</strong></span> <span class='ocrx_word' id='word_1_156' title='bbox 1633 1675 1916 1733; x_wconf 89' lang='lat' dir='ltr'><strong>Dominus,</strong></span> <span class='ocrx_word' id='word_1_157' title='bbox 1955 1684 2138 1741; x_wconf 86' lang='lat' dir='ltr'><strong>posset</strong></span> <span class='ocrx_word' id='word_1_158' title='bbox 2171 1673 2292 1739; x_wconf 82' lang='lat' dir='ltr'><strong>quis</strong></span> 
     </span>
    </p>
   </div>
   <div class='ocr_carea' id='block_1_23' title="bbox 722 1767 2292 1841">
    <p class='ocr_par' dir='ltr' id='par_1_23' title="bbox 722 1767 2292 1841">
     <span class='ocr_line' id='line_1_23' title="bbox 722 1767 2292 1841; baseline -0.009 -12"><span class='ocrx_word' id='word_1_159' title='bbox 722 1777 902 1830; x_wconf 84' lang='lat' dir='ltr'><strong>dicere</strong></span> <span class='ocrx_word' id='word_1_160' title='bbox 934 1774 1075 1841; x_wconf 84' lang='lat' dir='ltr'><strong>quod</strong></span> <span class='ocrx_word' id='word_1_161' title='bbox 1112 1773 1248 1824; x_wconf 86' lang='lat' dir='ltr'><strong>alius</strong></span> <span class='ocrx_word' id='word_1_162' title='bbox 1288 1782 1411 1823; x_wconf 85' lang='lat' dir='ltr'><strong>ante</strong></span> <span class='ocrx_word' id='word_1_163' title='bbox 1442 1786 1565 1823; x_wconf 84' lang='lat' dir='ltr'><strong>eum</strong></span> <span class='ocrx_word' id='word_1_164' title='bbox 1620 1767 1863 1835; x_wconf 84' lang='lat' dir='ltr'><strong>sepultus</strong></span> <span class='ocrx_word' id='word_1_165' title='bbox 1897 1767 2005 1819; x_wconf 93' lang='lat' dir='ltr'><strong>illic</strong></span> <span class='ocrx_word' id='word_1_166' title='bbox 2046 1774 2292 1818; x_wconf 90' lang='lat' dir='ltr'><strong>mortuus</strong></span> 
     </span>
    </p>
   </div>
   <div class='ocr_carea' id='block_1_24' title="bbox 722 1856 2288 1919">
    <p class='ocr_par' dir='ltr' id='par_1_24' title="bbox 722 1856 2288 1919">
     <span class='ocr_line' id='line_1_24' title="bbox 722 1856 2288 1919; baseline -0.01 0"><span class='ocrx_word' id='word_1_167' title='bbox 722 1864 1114 1919; x_wconf 80' lang='lat' dir='ltr'><strong>resurrexisset</strong></span> <span class='ocrx_word' id='word_1_168' title='bbox 1143 1880 1155 1913; x_wconf 92' lang='lat'>:</span> <span class='ocrx_word' id='word_1_169' title='bbox 1182 1871 1233 1912; x_wconf 87' lang='lat' dir='ltr'><strong>et</strong></span> <span class='ocrx_word' id='word_1_170' title='bbox 1264 1860 1463 1912; x_wconf 90' lang='lat' dir='ltr'><strong>idcirco</strong></span> <span class='ocrx_word' id='word_1_171' title='bbox 1485 1856 1586 1910; x_wconf 86' lang='lat' dir='ltr'><strong>l&#39;nit</strong></span> <span class='ocrx_word' id='word_1_172' title='bbox 1618 1866 2026 1910; x_wconf 88' lang='lat' dir='ltr'><strong>monumentum</strong></span> <span class='ocrx_word' id='word_1_173' title='bbox 2074 1868 2288 1905; x_wconf 82' lang='lat' dir='ltr'><strong>novum.</strong></span> 
     </span>
    </p>
   </div>
   <div class='ocr_carea' id='block_1_25' title="bbox 724 1945 2300 2015">
    <p class='ocr_par' dir='ltr' id='par_1_25' title="bbox 724 1945 2300 2015">
     <span class='ocr_line' id='line_1_25' title="bbox 724 1945 2300 2015; baseline -0.008 -7"><span class='ocrx_word' id='word_1_174' title='bbox 724 1954 889 2008; x_wconf 83' lang='lat' dir='ltr'><strong>Maria</strong></span> <span class='ocrx_word' id='word_1_175' title='bbox 928 1963 1102 2005; x_wconf 86' lang='lat' dir='ltr'><strong>autem</strong></span> <span class='ocrx_word' id='word_1_176' title='bbox 1148 1950 1478 2015; x_wconf 79' lang='lat' dir='ltr'><strong>Magdalene,</strong></span> <span class='ocrx_word' id='word_1_177' title='bbox 1524 1959 1577 2001; x_wconf 88' lang='lat' dir='ltr'><strong>et</strong></span> <span class='ocrx_word' id='word_1_178' title='bbox 1602 1947 1768 2000; x_wconf 90' lang='lat' dir='ltr'><strong>altera</strong></span> <span class='ocrx_word' id='word_1_179' title='bbox 1824 1945 2009 2005; x_wconf 81' lang='lat' dir='ltr'><strong>Maria,</strong></span> <span class='ocrx_word' id='word_1_180' title='bbox 2061 1946 2163 1997; x_wconf 88' lang='lat' dir='ltr'><strong>hoc</strong></span> <span class='ocrx_word' id='word_1_181' title='bbox 2216 1952 2300 1995; x_wconf 89' lang='lat' dir='ltr'><strong>est</strong></span> 
     </span>
    </p>
   </div>
   <div class='ocr_carea' id='block_1_26' title="bbox 726 2036 2296 2112">
    <p class='ocr_par' dir='ltr' id='par_1_26' title="bbox 726 2036 2296 2112">
     <span class='ocr_line' id='line_1_26' title="bbox 726 2036 2296 2112; baseline -0.007 -15"><span class='ocrx_word' id='word_1_182' title='bbox 726 2045 953 2111; x_wconf 82' lang='lat' dir='ltr'><strong>Deipara</strong></span> <span class='ocrx_word' id='word_1_183' title='bbox 991 2061 1150 2112; x_wconf 86' lang='lat' dir='ltr'><strong>quam</strong></span> <span class='ocrx_word' id='word_1_184' title='bbox 1178 2058 1336 2110; x_wconf 89' lang='lat' dir='ltr'><strong>supra</strong></span> <span class='ocrx_word' id='word_1_185' title='bbox 1372 2043 1583 2093; x_wconf 86' lang='lat' dir='ltr'><strong>dixerat</strong></span> <span class='ocrx_word' id='word_1_186' title='bbox 1606 2038 1732 2092; x_wconf 82' lang='lat' dir='ltr'><strong>Jose</strong></span> <span class='ocrx_word' id='word_1_187' title='bbox 1753 2036 2007 2092; x_wconf 88' lang='lat' dir='ltr'><strong>etJacobi</strong></span> <span class='ocrx_word' id='word_1_188' title='bbox 2047 2045 2296 2095; x_wconf 84' lang='lat' dir='ltr'><strong>matrem,</strong></span> 
     </span>
    </p>
   </div>
   <div class='ocr_carea' id='block_1_27' title="bbox 723 2125 2302 2197">
    <p class='ocr_par' dir='ltr' id='par_1_27' title="bbox 723 2125 2302 2197">
     <span class='ocr_line' id='line_1_27' title="bbox 723 2125 2302 2197; baseline -0.009 -7"><span class='ocrx_word' id='word_1_189' title='bbox 723 2138 893 2190; x_wconf 73' lang='lat' dir='ltr'><strong>amba:</strong></span> <span class='ocrx_word' id='word_1_190' title='bbox 925 2137 1240 2190; x_wconf 84' lang='lat' dir='ltr'><strong>assederunt</strong></span> <span class='ocrx_word' id='word_1_191' title='bbox 1267 2133 1331 2185; x_wconf 85' lang='lat' dir='ltr'><strong>ad</strong></span> <span class='ocrx_word' id='word_1_192' title='bbox 1362 2131 1685 2197; x_wconf 78' lang='lat' dir='ltr'><strong>sepulturam</strong></span> <span class='ocrx_word' id='word_1_193' title='bbox 1726 2147 1739 2182; x_wconf 86' lang='lat'><strong>:</strong></span> <span class='ocrx_word' id='word_1_194' title='bbox 1774 2131 1843 2181; x_wconf 85' lang='lat' dir='ltr'><strong>ita</strong></span> <span class='ocrx_word' id='word_1_195' title='bbox 1887 2139 1945 2181; x_wconf 88' lang='lat' dir='ltr'><strong>ut</strong></span> <span class='ocrx_word' id='word_1_196' title='bbox 1996 2141 2120 2179; x_wconf 85' lang='lat' dir='ltr'><strong>cum</strong></span> <span class='ocrx_word' id='word_1_197' title='bbox 2152 2125 2302 2177; x_wconf 78' lang='lat' dir='ltr'><strong>furor</strong></span> 
     </span>
    </p>
   </div>
   <div class='ocr_carea' id='block_1_28' title="bbox 724 2220 2299 2287">
    <p class='ocr_par' dir='ltr' id='par_1_28' title="bbox 724 2220 2299 2287">
     <span class='ocr_line' id='line_1_28' title="bbox 724 2220 2299 2287; baseline -0.008 -6"><span class='ocrx_word' id='word_1_198' title='bbox 724 2226 1030 2281; x_wconf 63' lang='lat' dir='ltr'><strong>Judazurunt</strong></span> <span class='ocrx_word' id='word_1_199' title='bbox 1073 2233 1337 2283; x_wconf 81' lang='lat' dir='ltr'><strong>cessaret,</strong></span> <span class='ocrx_word' id='word_1_200' title='bbox 1367 2224 1580 2277; x_wconf 66' lang='lat' dir='ltr'><strong>abirent</strong></span> <span class='ocrx_word' id='word_1_201' title='bbox 1601 2231 1655 2275; x_wconf 93' lang='lat' dir='ltr'><strong>et</strong></span> <span class='ocrx_word' id='word_1_202' title='bbox 1682 2220 2138 2287; x_wconf 83' lang='lat' dir='ltr'><strong>amplecterentur</strong></span> <span class='ocrx_word' id='word_1_203' title='bbox 2172 2232 2299 2270; x_wconf 88' lang='lat' dir='ltr'><strong>cor-</strong></span> 
     </span>
    </p>
   </div>
   <div class='ocr_carea' id='block_1_29' title="bbox 727 2310 2304 2386">
    <p class='ocr_par' dir='ltr' id='par_1_29' title="bbox 727 2310 2304 2386">
     <span class='ocr_line' id='line_1_29' title="bbox 727 2310 2304 2386; baseline -0.008 -15"><span class='ocrx_word' id='word_1_204' title='bbox 727 2323 845 2386; x_wconf 88' lang='lat' dir='ltr'><strong>pu&#39;s.</strong></span> <span class='ocrx_word' id='word_1_205' title='bbox 916 2333 980 2371; x_wconf 86' lang='lat' dir='ltr'><strong>ac</strong></span> <span class='ocrx_word' id='word_1_206' title='bbox 1043 2318 1382 2385; x_wconf 89' lang='lat' dir='ltr'><strong>inungerent.</strong></span> <span class='ocrx_word' id='word_1_207' title='bbox 1455 2315 1527 2367; x_wconf 87' lang='lat' dir='ltr'><strong>De</strong></span> <span class='ocrx_word' id='word_1_208' title='bbox 1588 2314 1673 2366; x_wconf 85' lang='lat' dir='ltr'><strong>his</strong></span> <span class='ocrx_word' id='word_1_209' title='bbox 1737 2312 2050 2365; x_wconf 84' lang='lat' dir='ltr'><strong>mulieribus</strong></span> <span class='ocrx_word' id='word_1_210' title='bbox 2090 2310 2304 2363; x_wconf 89' lang='lat' dir='ltr'><strong>dicebat</strong></span> 
     </span>
    </p>
   </div>
   <div class='ocr_carea' id='block_1_30' title="bbox 725 2403 2303 2472">
    <p class='ocr_par' dir='ltr' id='par_1_30' title="bbox 725 2403 2303 2472">
     <span class='ocr_line' id='line_1_30' title="bbox 725 2403 2303 2472; baseline -0.008 -9"><span class='ocrx_word' id='word_1_211' title='bbox 725 2409 892 2465; x_wconf 78' lang='lat' dir='ltr'><strong>Isaias</strong></span> <span class='ocrx_word' id='word_1_212' title='bbox 922 2426 934 2461; x_wconf 90' lang='lat'><strong>:</strong></span> <span class='ocrx_word' id='word_1_213' title='bbox 973 2409 1220 2462; x_wconf 77' lang='lat' dir='ltr'><strong>Mulieres</strong></span> <span class='ocrx_word' id='word_1_214' title='bbox 1245 2408 1521 2461; x_wconf 75' lang='lat' dir='ltr'><strong>venientes</strong></span> <span class='ocrx_word' id='word_1_215' title='bbox 1543 2420 1569 2456; x_wconf 89' lang='lat' dir='ltr'><strong>a</strong></span> <span class='ocrx_word' id='word_1_216' title='bbox 1603 2403 1929 2472; x_wconf 83' lang='lat' dir='ltr'><strong>spectaculo,</strong></span> <span class='ocrx_word' id='word_1_217' title='bbox 1966 2404 2158 2459; x_wconf 86' lang='lat' dir='ltr'><strong>venite,</strong></span> <span class='ocrx_word' id='word_1_218' title='bbox 2195 2414 2303 2452; x_wconf 93' lang='lat' dir='ltr'><strong>non</strong></span> 
     </span>
    </p>
   </div>
   <div class='ocr_carea' id='block_1_31' title="bbox 723 2490 2303 2567">
    <p class='ocr_par' dir='ltr' id='par_1_31' title="bbox 723 2490 2303 2567">
     <span class='ocr_line' id='line_1_31' title="bbox 723 2490 2303 2567; baseline -0.009 -13"><span class='ocrx_word' id='word_1_219' title='bbox 723 2501 867 2554; x_wconf 89' lang='lat' dir='ltr'><strong>enim</strong></span> <span class='ocrx_word' id='word_1_220' title='bbox 908 2499 1134 2567; x_wconf 82' lang='lat' dir='ltr'><strong>pOpulus</strong></span> <span class='ocrx_word' id='word_1_221' title='bbox 1163 2505 1244 2549; x_wconf 84' lang='lat' dir='ltr'><strong>est</strong></span> <span class='ocrx_word' id='word_1_222' title='bbox 1272 2496 1475 2552; x_wconf 84' lang='lat' dir='ltr'><strong>habens</strong></span> <span class='ocrx_word' id='word_1_223' title='bbox 1510 2494 1867 2547; x_wconf 89' lang='lat' dir='ltr'><strong>intellectum.</strong></span> <span class='ocrx_word' id='word_1_224' title='bbox 1907 2491 2187 2544; x_wconf 81' lang='lat' dir='ltr'><strong>Manil&#39;este</strong></span> <span class='ocrx_word' id='word_1_225' title='bbox 2223 2490 2303 2541; x_wconf 89' lang='lat' dir='ltr'><strong>lu-</strong></span> 
     </span>
    </p>
   </div>
   <div class='ocr_carea' id='block_1_32' title="bbox 725 2584 2301 2661">
    <p class='ocr_par' dir='ltr' id='par_1_32' title="bbox 725 2584 2301 2661">
     <span class='ocr_line' id='line_1_32' title="bbox 725 2584 2301 2661; baseline -0.006 -16"><span class='ocrx_word' id='word_1_226' title='bbox 725 2593 909 2661; x_wconf 89' lang='lat' dir='ltr'><strong>quitur</strong></span> <span class='ocrx_word' id='word_1_227' title='bbox 939 2590 1003 2644; x_wconf 84' lang='lat' dir='ltr'><strong>de</strong></span> <span class='ocrx_word' id='word_1_228' title='bbox 1032 2589 1254 2643; x_wconf 63' lang='lat' dir='ltr'><strong>Iudaico</strong></span> <span class='ocrx_word' id='word_1_229' title='bbox 1285 2590 1503 2658; x_wconf 89' lang='lat' dir='ltr'><strong>populo,</strong></span> <span class='ocrx_word' id='word_1_230' title='bbox 1560 2588 1649 2655; x_wconf 89' lang='lat' dir='ltr'><strong>qui</strong></span> <span class='ocrx_word' id='word_1_231' title='bbox 1708 2586 2059 2639; x_wconf 79' lang='lat' dir='ltr'><strong>erucitixerat</strong></span> <span class='ocrx_word' id='word_1_232' title='bbox 2116 2584 2301 2635; x_wconf 85' lang='lat' dir='ltr'><strong>Domi-</strong></span> 
     </span>
    </p>
   </div>
   <div class='ocr_carea' id='block_1_33' title="bbox 729 2676 2304 2752">
    <p class='ocr_par' dir='ltr' id='par_1_33' title="bbox 729 2676 2304 2752">
     <span class='ocr_line' id='line_1_33' title="bbox 729 2676 2304 2752; baseline -0.009 -12"><span class='ocrx_word' id='word_1_233' title='bbox 729 2701 880 2747; x_wconf 86' lang='lat' dir='ltr'><strong>num,</strong></span> <span class='ocrx_word' id='word_1_234' title='bbox 916 2683 1058 2752; x_wconf 88' lang='lat' dir='ltr'><strong>quod</strong></span> <span class='ocrx_word' id='word_1_235' title='bbox 1092 2697 1193 2735; x_wconf 91' lang='lat' dir='ltr'><strong>non</strong></span> <span class='ocrx_word' id='word_1_236' title='bbox 1228 2681 1418 2734; x_wconf 76' lang='lat' dir='ltr'><strong>habeat</strong></span> <span class='ocrx_word' id='word_1_237' title='bbox 1450 2678 1799 2733; x_wconf 89' lang='lat' dir='ltr'><strong>intellectum.</strong></span> <span class='ocrx_word' id='word_1_238' title='bbox 1860 2676 2103 2728; x_wconf 84' lang='lat' dir='ltr'><strong>Advocat</strong></span> <span class='ocrx_word' id='word_1_239' title='bbox 2140 2676 2304 2742; x_wconf 79' lang='lat' dir='ltr'><strong>igitur</strong></span> 
     </span>
    </p>
   </div>
   <div class='ocr_carea' id='block_1_34' title="bbox 728 2768 2299 2842">
    <p class='ocr_par' dir='ltr' id='par_1_34' title="bbox 728 2768 2299 2842">
     <span class='ocr_line' id='line_1_34' title="bbox 728 2768 2299 2842; baseline -0.008 -11"><span class='ocrx_word' id='word_1_240' title='bbox 728 2776 1005 2836; x_wconf 85' lang='lat' dir='ltr'><strong>mulieres.</strong></span> <span class='ocrx_word' id='word_1_241' title='bbox 1039 2784 1098 2827; x_wconf 90' lang='lat' dir='ltr'><strong>ut</strong></span> <span class='ocrx_word' id='word_1_242' title='bbox 1130 2774 1382 2842; x_wconf 88' lang='lat' dir='ltr'><strong>populum</strong></span> <span class='ocrx_word' id='word_1_243' title='bbox 1415 2771 1631 2841; x_wconf 89' lang='lat' dir='ltr'><strong>quidem</strong></span> <span class='ocrx_word' id='word_1_244' title='bbox 1689 2768 1962 2822; x_wconf 88' lang='lat' dir='ltr'><strong>intellectu</strong></span> <span class='ocrx_word' id='word_1_245' title='bbox 2022 2777 2299 2819; x_wconf 78' lang='lat' dir='ltr'><strong>carentem</strong></span> 
     </span>
    </p>
   </div>
   <div class='ocr_carea' id='block_1_35' title="bbox 730 2858 2307 2934">
    <p class='ocr_par' dir='ltr' id='par_1_35' title="bbox 730 2858 2307 2934">
     <span class='ocr_line' id='line_1_35' title="bbox 730 2858 2307 2934; baseline -0.007 -15"><span class='ocrx_word' id='word_1_246' title='bbox 730 2865 1189 2934; x_wconf 88' lang='lat' dir='ltr'><strong>derelinquerent,</strong></span> <span class='ocrx_word' id='word_1_247' title='bbox 1243 2864 1307 2914; x_wconf 90' lang='lat' dir='ltr'><strong>ad</strong></span> <span class='ocrx_word' id='word_1_248' title='bbox 1362 2860 1637 2931; x_wconf 86' lang='lat' dir='ltr'><strong>apostolos</strong></span> <span class='ocrx_word' id='word_1_249' title='bbox 1672 2869 1849 2913; x_wconf 87' lang='lat' dir='ltr'><strong>autem</strong></span> <span class='ocrx_word' id='word_1_250' title='bbox 1882 2858 2223 2919; x_wconf 83' lang='lat' dir='ltr'><strong>accederent,</strong></span> <span class='ocrx_word' id='word_1_251' title='bbox 2254 2865 2307 2909; x_wconf 90' lang='lat' dir='ltr'><strong>et</strong></span> 
     </span>
    </p>
   </div>
   <div class='ocr_carea' id='block_1_36' title="bbox 727 2951 2055 3023">
    <p class='ocr_par' dir='ltr' id='par_1_36' title="bbox 727 2951 2055 3023">
     <span class='ocr_line' id='line_1_36' title="bbox 727 2951 2055 3023; baseline -0.009 -10"><span class='ocrx_word' id='word_1_252' title='bbox 727 2958 836 3013; x_wconf 91' lang='lat' dir='ltr'><strong>illis</strong></span> <span class='ocrx_word' id='word_1_253' title='bbox 865 2955 1278 3011; x_wconf 88' lang='lat' dir='ltr'><strong>resurrectionis</strong></span> <span class='ocrx_word' id='word_1_254' title='bbox 1306 2952 1643 3023; x_wconf 68' lang='lat' dir='ltr'><strong>evangelium</strong></span> <span class='ocrx_word' id='word_1_255' title='bbox 1675 2951 2055 3021; x_wconf 65' lang='lat' dir='ltr'><strong>prmdicarcnt.</strong></span> 
     </span>
    </p>
   </div>
   <div class='ocr_carea' id='block_1_37' title="bbox 798 3128 2378 3211">
    <p class='ocr_par' dir='ltr' id='par_1_37' title="bbox 798 3128 2378 3211">
     <span class='ocr_line' id='line_1_37' title="bbox 798 3128 2378 3211; baseline -0.006 -23"><span class='ocrx_word' id='word_1_256' title='bbox 798 3133 961 3188; x_wconf 68' lang='lat' dir='ltr'><strong>Vsus.</strong></span> <span class='ocrx_word' id='word_1_257' title='bbox 995 3132 1186 3186; x_wconf 79' lang='lat'><strong>6‘2—66.</strong></span> <span class='ocrx_word' id='word_1_258' title='bbox 1253 3150 1271 3182; x_wconf 88' lang='grc'><em>‹</em></span> <span class='ocrx_word' id='word_1_259' title='bbox 1316 3130 1534 3185; x_wconf 81' lang='lat' dir='ltr'><strong>Postera</strong></span> <span class='ocrx_word' id='word_1_260' title='bbox 1560 3140 1734 3184; x_wconf 90' lang='lat' dir='ltr'><strong>autem</strong></span> <span class='ocrx_word' id='word_1_261' title='bbox 1773 3130 1860 3183; x_wconf 88' lang='lat' dir='ltr'><strong>die</strong></span> <span class='ocrx_word' id='word_1_262' title='bbox 1890 3144 2011 3197; x_wconf 68' lang='lat' dir='ltr'><strong>qua:</strong></span> <span class='ocrx_word' id='word_1_263' title='bbox 2058 3128 2307 3193; x_wconf 83' lang='lat' dir='ltr'><strong>sequitur</strong></span> <span class='ocrx_word' id='word_1_264' title='bbox 2336 3155 2378 3211; x_wconf 61' lang='grc' dir='ltr'><strong>ρ</strong></span> 
     </span>
    </p>
   </div>
   <div class='ocr_carea' id='block_1_38' title="bbox 730 3220 2302 3290">
    <p class='ocr_par' dir='ltr' id='par_1_38' title="bbox 730 3220 2302 3290">
     <span class='ocr_line' id='line_1_38' title="bbox 730 3220 2302 3290; baseline -0.008 -8"><span class='ocrx_word' id='word_1_265' title='bbox 730 3227 1098 3290; x_wconf 83' lang='lat' dir='ltr'><strong>Parasceven,</strong></span> <span class='ocrx_word' id='word_1_266' title='bbox 1134 3234 1501 3277; x_wconf 77' lang='lat' dir='ltr'><strong>convenerunt</strong></span> <span class='ocrx_word' id='word_1_267' title='bbox 1553 3222 1826 3289; x_wconf 74' lang='lat' dir='ltr'><strong>principes</strong></span> <span class='ocrx_word' id='word_1_268' title='bbox 1865 3220 2211 3274; x_wconf 82' lang='lat' dir='ltr'><strong>sacerdotum</strong></span> <span class='ocrx_word' id='word_1_269' title='bbox 2248 3229 2302 3271; x_wconf 88' lang='lat' dir='ltr'><strong>ct</strong></span> 
     </span>
    </p>
   </div>
   <div class='ocr_carea' id='block_1_39' title="bbox 732 3313 2305 3379">
    <p class='ocr_par' dir='ltr' id='par_1_39' title="bbox 732 3313 2305 3379">
     <span class='ocr_line' id='line_1_39' title="bbox 732 3313 2305 3379; baseline -0.006 -4"><span class='ocrx_word' id='word_1_270' title='bbox 732 3318 988 3376; x_wconf 60' lang='lat' dir='ltr'><strong>Pharisaei</strong></span> <span class='ocrx_word' id='word_1_271' title='bbox 1023 3320 1087 3372; x_wconf 90' lang='lat' dir='ltr'><strong>ad</strong></span> <span class='ocrx_word' id='word_1_272' title='bbox 1123 3318 1377 3379; x_wconf 89' lang='lat' dir='ltr'><strong>Pilatum,</strong></span> <span class='ocrx_word' id='word_1_273' title='bbox 1410 3318 1690 3373; x_wconf 80' lang='lat' dir='ltr'><strong>dicentes:</strong></span> <span class='ocrx_word' id='word_1_274' title='bbox 1734 3314 1982 3375; x_wconf 88' lang='lat' dir='ltr'><strong>Domine,</strong></span> <span class='ocrx_word' id='word_1_275' title='bbox 2040 3313 2305 3367; x_wconf 87' lang='lat' dir='ltr'><strong>recordati</strong></span> 
     </span>
    </p>
   </div>
   <div class='ocr_carea' id='block_1_40' title="bbox 728 3405 2310 3480">
    <p class='ocr_par' dir='ltr' id='par_1_40' title="bbox 728 3405 2310 3480">
     <span class='ocr_line' id='line_1_40' title="bbox 728 3405 2310 3480; baseline -0.005 -13"><span class='ocrx_word' id='word_1_276' title='bbox 728 3428 916 3467; x_wconf 87' lang='lat' dir='ltr'><strong>sumus</strong></span> <span class='ocrx_word' id='word_1_277' title='bbox 958 3412 1099 3480; x_wconf 89' lang='lat' dir='ltr'><strong>quod</strong></span> <span class='ocrx_word' id='word_1_278' title='bbox 1130 3412 1392 3478; x_wconf 83' lang='lat' dir='ltr'><strong>impostor</strong></span> <span class='ocrx_word' id='word_1_279' title='bbox 1415 3409 1502 3461; x_wconf 91' lang='lat' dir='ltr'><strong>ille</strong></span> <span class='ocrx_word' id='word_1_280' title='bbox 1531 3410 1667 3462; x_wconf 81' lang='lat' dir='ltr'><strong>dixit</strong></span> <span class='ocrx_word' id='word_1_281' title='bbox 1696 3408 1872 3461; x_wconf 85' lang='lat' dir='ltr'><strong>adhuc</strong></span> <span class='ocrx_word' id='word_1_282' title='bbox 1922 3408 2129 3468; x_wconf 82' lang='lat' dir='ltr'><strong>vivens,</strong></span> <span class='ocrx_word' id='word_1_283' title='bbox 2182 3405 2310 3459; x_wconf 87' lang='lat' dir='ltr'><strong>Post</strong></span> 
     </span>
    </p>
   </div>
   <div class='ocr_carea' id='block_1_41' title="bbox 729 3496 2307 3570">
    <p class='ocr_par' dir='ltr' id='par_1_41' title="bbox 729 3496 2307 3570">
     <span class='ocr_line' id='line_1_41' title="bbox 729 3496 2307 3570; baseline -0.006 -13"><span class='ocrx_word' id='word_1_284' title='bbox 729 3511 841 3557; x_wconf 89' lang='lat' dir='ltr'><strong>tres</strong></span> <span class='ocrx_word' id='word_1_285' title='bbox 864 3504 978 3557; x_wconf 86' lang='lat' dir='ltr'><strong>dies</strong></span> <span class='ocrx_word' id='word_1_286' title='bbox 1024 3518 1326 3570; x_wconf 78' lang='lat' dir='ltr'><strong>resurgam.</strong></span> <span class='ocrx_word' id='word_1_287' title='bbox 1360 3498 1495 3556; x_wconf 86' lang='lat' dir='ltr'><strong>Jube</strong></span> <span class='ocrx_word' id='word_1_288' title='bbox 1548 3515 1677 3567; x_wconf 85' lang='lat' dir='ltr'><strong>ergo</strong></span> <span class='ocrx_word' id='word_1_289' title='bbox 1736 3499 1934 3551; x_wconf 91' lang='lat' dir='ltr'><strong>muniri</strong></span> <span class='ocrx_word' id='word_1_290' title='bbox 2001 3496 2307 3564; x_wconf 78' lang='lat' dir='ltr'><strong>sepulcrum</strong></span> 
     </span>
    </p>
   </div>
   <div class='ocr_carea' id='block_1_42' title="bbox 733 3590 2310 3666">
    <p class='ocr_par' dir='ltr' id='par_1_42' title="bbox 733 3590 2310 3666">
     <span class='ocr_line' id='line_1_42' title="bbox 733 3590 2310 3666; baseline -0.007 -15"><span class='ocrx_word' id='word_1_291' title='bbox 733 3612 899 3666; x_wconf 90' lang='lat' dir='ltr'><strong>usque</strong></span> <span class='ocrx_word' id='word_1_292' title='bbox 934 3597 984 3649; x_wconf 91' lang='lat' dir='ltr'><strong>in</strong></span> <span class='ocrx_word' id='word_1_293' title='bbox 1016 3595 1154 3649; x_wconf 90' lang='lat' dir='ltr'><strong>diem</strong></span> <span class='ocrx_word' id='word_1_294' title='bbox 1204 3597 1444 3659; x_wconf 90' lang='lat' dir='ltr'><strong>tertium,</strong></span> <span class='ocrx_word' id='word_1_295' title='bbox 1509 3608 1574 3647; x_wconf 87' lang='lat' dir='ltr'><strong>ne</strong></span> <span class='ocrx_word' id='word_1_296' title='bbox 1610 3594 1824 3660; x_wconf 85' lang='lat' dir='ltr'><strong>quando</strong></span> <span class='ocrx_word' id='word_1_297' title='bbox 1873 3591 2094 3644; x_wconf 80' lang='lat' dir='ltr'><strong>veniant</strong></span> <span class='ocrx_word' id='word_1_298' title='bbox 2147 3590 2310 3643; x_wconf 87' lang='lat' dir='ltr'><strong>disci-</strong></span> 
     </span>
    </p>
   </div>
   <div class='ocr_carea' id='block_1_43' title="bbox 732 3680 2308 3758">
    <p class='ocr_par' dir='ltr' id='par_1_43' title="bbox 732 3680 2308 3758">
     <span class='ocr_line' id='line_1_43' title="bbox 732 3680 2308 3758; baseline -0.005 -18"><span class='ocrx_word' id='word_1_299' title='bbox 732 3688 843 3758; x_wconf 84' lang='lat' dir='ltr'><strong>puli</strong></span> <span class='ocrx_word' id='word_1_300' title='bbox 871 3688 989 3758; x_wconf 88' lang='lat' dir='ltr'><strong>ejus</strong></span> <span class='ocrx_word' id='word_1_301' title='bbox 1044 3698 1223 3747; x_wconf 91' lang='lat' dir='ltr'><strong>noctu,</strong></span> <span class='ocrx_word' id='word_1_302' title='bbox 1259 3696 1311 3739; x_wconf 89' lang='lat' dir='ltr'><strong>et</strong></span> <span class='ocrx_word' id='word_1_303' title='bbox 1336 3685 1584 3739; x_wconf 84' lang='lat' dir='ltr'><strong>furentur</strong></span> <span class='ocrx_word' id='word_1_304' title='bbox 1615 3699 1762 3747; x_wconf 91' lang='lat' dir='ltr'><strong>eum,</strong></span> <span class='ocrx_word' id='word_1_305' title='bbox 1815 3684 2103 3750; x_wconf 82' lang='lat' dir='ltr'><strong>dicantque</strong></span> <span class='ocrx_word' id='word_1_306' title='bbox 2145 3680 2308 3747; x_wconf 75' lang='lat' dir='ltr'><strong>plebi;</strong></span> 
     </span>
    </p>
   </div>
   <div class='ocr_carea' id='block_1_44' title="bbox 734 3772 2311 3841">
    <p class='ocr_par' dir='ltr' id='par_1_44' title="bbox 734 3772 2311 3841">
     <span class='ocr_line' id='line_1_44' title="bbox 734 3772 2311 3841; baseline -0.007 -6"><span class='ocrx_word' id='word_1_307' title='bbox 734 3781 984 3835; x_wconf 77' lang='lat' dir='ltr'><strong>Surrexit</strong></span> <span class='ocrx_word' id='word_1_308' title='bbox 1028 3795 1054 3831; x_wconf 87' lang='lat' dir='ltr'><strong>a</strong></span> <span class='ocrx_word' id='word_1_309' title='bbox 1081 3780 1307 3832; x_wconf 85' lang='lat' dir='ltr'><strong>mortuis</strong></span> <span class='ocrx_word' id='word_1_310' title='bbox 1343 3795 1357 3833; x_wconf 89' lang='lat'><strong>:</strong></span> <span class='ocrx_word' id='word_1_311' title='bbox 1384 3786 1436 3831; x_wconf 86' lang='lat' dir='ltr'><strong>et</strong></span> <span class='ocrx_word' id='word_1_312' title='bbox 1459 3778 1564 3830; x_wconf 90' lang='lat' dir='ltr'><strong>erit</strong></span> <span class='ocrx_word' id='word_1_313' title='bbox 1595 3776 1924 3829; x_wconf 87' lang='lat' dir='ltr'><strong>novissimus</strong></span> <span class='ocrx_word' id='word_1_314' title='bbox 1977 3788 2133 3827; x_wconf 89' lang='lat' dir='ltr'><strong>error</strong></span> <span class='ocrx_word' id='word_1_315' title='bbox 2162 3772 2311 3841; x_wconf 85' lang='lat' dir='ltr'><strong>pejor</strong></span> 
     </span>
    </p>
   </div>
   <div class='ocr_carea' id='block_1_45' title="bbox 731 3848 2307 3942">
    <p class='ocr_par' dir='ltr' id='par_1_45' title="bbox 731 3848 2307 3942">
     <span class='ocr_line' id='line_1_45' title="bbox 731 3848 2307 3942; baseline -0.005 -16"><span class='ocrx_word' id='word_1_316' title='bbox 731 3875 928 3942; x_wconf 86' lang='lat' dir='ltr'><strong>priore.</strong></span> <span class='ocrx_word' id='word_1_317' title='bbox 954 3873 1041 3926; x_wconf 80' lang='lat' dir='ltr'><strong>Ait</strong></span> <span class='ocrx_word' id='word_1_318' title='bbox 1070 3873 1174 3925; x_wconf 88' lang='lat' dir='ltr'><strong>illis</strong></span> <span class='ocrx_word' id='word_1_319' title='bbox 1210 3848 1412 3924; x_wconf 68' lang='lat' dir='ltr'><strong>Pilatus</strong></span> <span class='ocrx_word' id='word_1_320' title='bbox 1451 3887 1463 3922; x_wconf 90' lang='lat'><strong>:</strong></span> <span class='ocrx_word' id='word_1_321' title='bbox 1502 3868 1723 3922; x_wconf 86' lang='lat' dir='ltr'><strong>Habetis</strong></span> <span class='ocrx_word' id='word_1_322' title='bbox 1790 3868 2135 3937; x_wconf 76' lang='lat' dir='ltr'><strong>custodiam,</strong></span> <span class='ocrx_word' id='word_1_323' title='bbox 2214 3868 2307 3929; x_wconf 85' lang='lat' dir='ltr'><strong>ite,</strong></span> 
     </span>
    </p>
   </div>
   <div class='ocr_carea' id='block_1_46' title="bbox 733 3959 2312 4019">
    <p class='ocr_par' dir='ltr' id='par_1_46' title="bbox 733 3959 2312 4019">
     <span class='ocr_line' id='line_1_46' title="bbox 733 3959 2312 4019; baseline -0.006 0"><span class='ocrx_word' id='word_1_324' title='bbox 733 3968 940 4019; x_wconf 85' lang='lat' dir='ltr'><strong>munite</strong></span> <span class='ocrx_word' id='word_1_325' title='bbox 971 3966 1117 4019; x_wconf 89' lang='lat' dir='ltr'><strong>sicut</strong></span> <span class='ocrx_word' id='word_1_326' title='bbox 1146 3965 1321 4018; x_wconf 71' lang='lat' dir='ltr'><strong>scitis.</strong></span> <span class='ocrx_word' id='word_1_327' title='bbox 1355 3962 1434 4014; x_wconf 83' lang='lat' dir='ltr'><strong>Illi</strong></span> <span class='ocrx_word' id='word_1_328' title='bbox 1460 3972 1641 4015; x_wconf 86' lang='lat' dir='ltr'><strong>autem</strong></span> <span class='ocrx_word' id='word_1_329' title='bbox 1706 3961 1970 4014; x_wconf 82' lang='lat' dir='ltr'><strong>abeuntes</strong></span> <span class='ocrx_word' id='word_1_330' title='bbox 2004 3959 2312 4011; x_wconf 81' lang='lat' dir='ltr'><strong>munierunt</strong></span> 
     </span>
    </p>
   </div>
   <div class='ocr_carea' id='block_1_47' title="bbox 731 4052 2309 4124">
    <p class='ocr_par' dir='ltr' id='par_1_47' title="bbox 731 4052 2309 4124">
     <span class='ocr_line' id='line_1_47' title="bbox 731 4052 2309 4124; baseline -0.006 -14"><span class='ocrx_word' id='word_1_331' title='bbox 731 4057 1059 4124; x_wconf 70' lang='lat' dir='ltr'><strong>sepulcrum,</strong></span> <span class='ocrx_word' id='word_1_332' title='bbox 1092 4056 1373 4122; x_wconf 88' lang='lat' dir='ltr'><strong>obsignato</strong></span> <span class='ocrx_word' id='word_1_333' title='bbox 1398 4054 1593 4122; x_wconf 84' lang='lat' dir='ltr'><strong>lapide,</strong></span> <span class='ocrx_word' id='word_1_334' title='bbox 1622 4052 1879 4106; x_wconf 87' lang='lat' dir='ltr'><strong>adhibitis</strong></span> <span class='ocrx_word' id='word_1_335' title='bbox 1908 4052 2245 4106; x_wconf 89' lang='lat' dir='ltr'><strong>custodibus.</strong></span> <span class='ocrx_word' id='word_1_336' title='bbox 2289 4068 2309 4101; x_wconf 72' lang='grc' dir='ltr'><strong>ι</strong></span> 
     </span>
    </p>
   </div>
   <div class='ocr_carea' id='block_1_48' title="bbox 731 4140 2310 4206">
    <p class='ocr_par' dir='ltr' id='par_1_48' title="bbox 731 4140 2310 4206">
     <span class='ocr_line' id='line_1_48' title="bbox 731 4140 2310 4206; baseline -0.006 -7"><span class='ocrx_word' id='word_1_337' title='bbox 731 4144 847 4199; x_wconf 78' lang='lat' dir='ltr'><strong>Non</strong></span> <span class='ocrx_word' id='word_1_338' title='bbox 892 4146 1134 4199; x_wconf 89' lang='lat' dir='ltr'><strong>nominat</strong></span> <span class='ocrx_word' id='word_1_339' title='bbox 1184 4145 1507 4204; x_wconf 87' lang='lat' dir='ltr'><strong>Sabbaturn,</strong></span> <span class='ocrx_word' id='word_1_340' title='bbox 1568 4141 1863 4196; x_wconf 87' lang='lat' dir='ltr'><strong>Sabbatum</strong></span> <span class='ocrx_word' id='word_1_341' title='bbox 1900 4159 1914 4195; x_wconf 91' lang='lat'>:</span> <span class='ocrx_word' id='word_1_342' title='bbox 1946 4155 2011 4194; x_wconf 88' lang='lat' dir='ltr'><strong>eo</strong></span> <span class='ocrx_word' id='word_1_343' title='bbox 2034 4140 2175 4206; x_wconf 90' lang='lat' dir='ltr'><strong>quod</strong></span> <span class='ocrx_word' id='word_1_344' title='bbox 2208 4156 2310 4192; x_wconf 85' lang='lat' dir='ltr'><strong>non</strong></span> 
     </span>
    </p>
   </div>
   <div class='ocr_carea' id='block_1_49' title="bbox 729 4232 2315 4305">
    <p class='ocr_par' dir='ltr' id='par_1_49' title="bbox 729 4232 2315 4305">
     <span class='ocr_line' id='line_1_49' title="bbox 729 4232 2315 4305; baseline -0.007 -13"><span class='ocrx_word' id='word_1_345' title='bbox 729 4248 846 4293; x_wconf 87' lang='lat' dir='ltr'><strong>erat</strong></span> <span class='ocrx_word' id='word_1_346' title='bbox 881 4237 1178 4292; x_wconf 81' lang='lat' dir='ltr'><strong>Sabbatum</strong></span> <span class='ocrx_word' id='word_1_347' title='bbox 1207 4246 1466 4305; x_wconf 89' lang='lat' dir='ltr'><strong>quantum</strong></span> <span class='ocrx_word' id='word_1_348' title='bbox 1500 4235 1566 4288; x_wconf 84' lang='lat' dir='ltr'><strong>ad</strong></span> <span class='ocrx_word' id='word_1_349' title='bbox 1591 4234 1904 4287; x_wconf 69' lang='lat' dir='ltr'><strong>Judaaorum</strong></span> <span class='ocrx_word' id='word_1_350' title='bbox 1939 4232 2203 4285; x_wconf 88' lang='lat' dir='ltr'><strong>insaniam</strong></span> <span class='ocrx_word' id='word_1_351' title='bbox 2233 4239 2315 4282; x_wconf 87' lang='lat' dir='ltr'><strong>at-</strong></span> 
     </span>
    </p>
   </div>
   <div class='ocr_carea' id='block_1_50' title="bbox 734 4325 2314 4395">
    <p class='ocr_par' dir='ltr' id='par_1_50' title="bbox 734 4325 2314 4395">
     <span class='ocr_line' id='line_1_50' title="bbox 734 4325 2314 4395; baseline -0.006 -11"><span class='ocrx_word' id='word_1_352' title='bbox 734 4332 960 4386; x_wconf 88' lang='lat' dir='ltr'><strong>tinebat.</strong></span> <span class='ocrx_word' id='word_1_353' title='bbox 987 4329 1120 4383; x_wconf 90' lang='lat' dir='ltr'><strong>Cum</strong></span> <span class='ocrx_word' id='word_1_354' title='bbox 1144 4331 1288 4384; x_wconf 90' lang='lat' dir='ltr'><strong>enim</strong></span> <span class='ocrx_word' id='word_1_355' title='bbox 1315 4329 1398 4382; x_wconf 86' lang='lat' dir='ltr'><strong>lex</strong></span> <span class='ocrx_word' id='word_1_356' title='bbox 1431 4327 1708 4395; x_wconf 61' lang='lat' dir='ltr'><strong>praecipiat</strong></span> <span class='ocrx_word' id='word_1_357' title='bbox 1741 4341 1805 4378; x_wconf 89' lang='lat' dir='ltr'><strong>ne</strong></span> <span class='ocrx_word' id='word_1_358' title='bbox 1826 4325 1951 4393; x_wconf 89' lang='lat' dir='ltr'><strong>quis</strong></span> <span class='ocrx_word' id='word_1_359' title='bbox 1998 4339 2057 4377; x_wconf 91' lang='lat' dir='ltr'><strong>se</strong></span> <span class='ocrx_word' id='word_1_360' title='bbox 2102 4330 2314 4375; x_wconf 83' lang='lat' dir='ltr'><strong>moveat</strong></span> 
     </span>
    </p>
   </div>
   <div class='ocr_carea' id='block_1_51' title="bbox 730 4412 2315 4485">
    <p class='ocr_par' dir='ltr' id='par_1_51' title="bbox 730 4412 2315 4485">
     <span class='ocr_line' id='line_1_51' title="bbox 730 4412 2315 4485; baseline -0.008 -7"><span class='ocrx_word' id='word_1_361' title='bbox 730 4424 819 4478; x_wconf 91' lang='lat' dir='ltr'><strong>die</strong></span> <span class='ocrx_word' id='word_1_362' title='bbox 845 4422 1065 4476; x_wconf 75' lang='lat' dir='ltr'><strong>Sabbati</strong></span> <span class='ocrx_word' id='word_1_363' title='bbox 1101 4438 1127 4473; x_wconf 89' lang='lat' dir='ltr'><strong>a</strong></span> <span class='ocrx_word' id='word_1_364' title='bbox 1178 4422 1296 4475; x_wconf 91' lang='lat' dir='ltr'><strong>loco</strong></span> <span class='ocrx_word' id='word_1_365' title='bbox 1329 4435 1450 4482; x_wconf 91' lang='lat' dir='ltr'><strong>suo,</strong></span> <span class='ocrx_word' id='word_1_366' title='bbox 1514 4417 1965 4485; x_wconf 65' lang='lat' dir='ltr'><strong>praevaricatores</strong></span> <span class='ocrx_word' id='word_1_367' title='bbox 1987 4412 2154 4467; x_wconf 69' lang='lat' dir='ltr'><strong>Judaei</strong></span> <span class='ocrx_word' id='word_1_368' title='bbox 2220 4428 2315 4465; x_wconf 81' lang='lat' dir='ltr'><strong>va-</strong></span> 
     </span>
    </p>
   </div>
   <div class='ocr_carea' id='block_1_52' title="bbox 2390 913 3976 1006">
    <p class='ocr_par' dir='ltr' id='par_1_52' title="bbox 2390 913 3976 1006">
     <span class='ocr_line' id='line_1_52' title="bbox 2390 913 3976 1006; baseline -0.018 -17"><span class='ocrx_word' id='word_1_369' title='bbox 2390 936 2538 1006; x_wconf 83' lang='grc' dir='ltr'>ὐπὲρ</span> <span class='ocrx_word' id='word_1_370' title='bbox 2574 933 2668 986; x_wconf 82' lang='grc' dir='ltr'>τοῦ</span> <span class='ocrx_word' id='word_1_371' title='bbox 2700 926 3083 984; x_wconf 88' lang='grc' dir='ltr'>διδασκαλικοῦ</span> <span class='ocrx_word' id='word_1_372' title='bbox 3115 918 3391 993; x_wconf 83' lang='grc' dir='ltr'>σώματος,</span> <span class='ocrx_word' id='word_1_373' title='bbox 3425 919 3520 972; x_wconf 80' lang='grc' dir='ltr'>καὶ</span> <span class='ocrx_word' id='word_1_374' title='bbox 3568 914 3839 982; x_wconf 77' lang='grc' dir='ltr'><strong>τοσαύτην</strong></span> <span class='ocrx_word' id='word_1_375' title='bbox 3884 913 3976 982; x_wconf 74' lang='grc' dir='ltr'><strong>ἔχ-</strong></span> 
     </span>
    </p>
   </div>
   <div class='ocr_carea' id='block_1_53' title="bbox 2389 1004 3977 1099">
    <p class='ocr_par' dir='ltr' id='par_1_53' title="bbox 2389 1004 3977 1099">
     <span class='ocr_line' id='line_1_53' title="bbox 2389 1004 3977 1099; baseline -0.019 -18"><span class='ocrx_word' id='word_1_376' title='bbox 2389 1004 2526 1099; x_wconf 83' lang='grc' dir='ltr'>θραν</span> <span class='ocrx_word' id='word_1_377' title='bbox 2575 1026 2713 1095; x_wconf 83' lang='grc' dir='ltr'>πρὸς</span> <span class='ocrx_word' id='word_1_378' title='bbox 2764 1023 2975 1080; x_wconf 80' lang='grc' dir='ltr'><strong>πάντας</strong></span> <span class='ocrx_word' id='word_1_379' title='bbox 3046 1012 3333 1074; x_wconf 79' lang='grc' dir='ltr'><strong>Ἰουδαίους</strong></span> <span class='ocrx_word' id='word_1_380' title='bbox 3386 1006 3812 1076; x_wconf 78' lang='grc' dir='ltr'>ἀναδεξάμενος.</span> <span class='ocrx_word' id='word_1_381' title='bbox 3887 1004 3977 1064; x_wconf 81' lang='grc' dir='ltr'><strong>Ὠς</strong></span> 
     </span>
    </p>
   </div>
   <div class='ocr_carea' id='block_1_54' title="bbox 2393 1094 3974 1189">
    <p class='ocr_par' dir='ltr' id='par_1_54' title="bbox 2393 1094 3974 1189">
     <span class='ocr_line' id='line_1_54' title="bbox 2393 1094 3974 1189; baseline -0.016 -17"><span class='ocrx_word' id='word_1_382' title='bbox 2393 1094 2635 1189; x_wconf 41' lang='grc' dir='ltr'><strong>μεγάλην</strong></span> <span class='ocrx_word' id='word_1_383' title='bbox 2656 1117 2711 1168; x_wconf 80' lang='grc' dir='ltr'><strong>δὲ</strong></span> <span class='ocrx_word' id='word_1_384' title='bbox 2750 1112 2981 1182; x_wconf 87' lang='grc' dir='ltr'>δωρεὰν,</span> <span class='ocrx_word' id='word_1_385' title='bbox 3012 1108 3228 1161; x_wconf 89' lang='grc' dir='ltr'>δίδωσιν</span> <span class='ocrx_word' id='word_1_386' title='bbox 3258 1102 3409 1174; x_wconf 81' lang='grc' dir='ltr'>αὐτῷ</span> <span class='ocrx_word' id='word_1_387' title='bbox 3434 1101 3494 1153; x_wconf 82' lang='grc' dir='ltr'>τδ</span> <span class='ocrx_word' id='word_1_388' title='bbox 3521 1100 3681 1168; x_wconf 77' lang='grc' dir='ltr'>σῶμα</span> <span class='ocrx_word' id='word_1_389' title='bbox 3730 1099 3757 1149; x_wconf 90' lang='grc' dir='ltr'>ὁ</span> <span class='ocrx_word' id='word_1_390' title='bbox 3807 1094 3974 1147; x_wconf 73' lang='grc' dir='ltr'>Πιλᾶ-</span> 
     </span>
    </p>
   </div>
   <div class='ocr_carea' id='block_1_55' title="bbox 2390 1185 3979 1275">
    <p class='ocr_par' dir='ltr' id='par_1_55' title="bbox 2390 1185 3979 1275">
     <span class='ocr_line' id='line_1_55' title="bbox 2390 1185 3979 1275; baseline -0.016 -11"><span class='ocrx_word' id='word_1_391' title='bbox 2390 1185 2501 1274; x_wconf 79' lang='grc' dir='ltr'><strong>τος.</strong></span> <span class='ocrx_word' id='word_1_392' title='bbox 2544 1185 2635 1271; x_wconf 78' lang='grc' dir='ltr'><strong>Ὦς</strong></span> <span class='ocrx_word' id='word_1_393' title='bbox 2662 1208 2768 1275; x_wconf 84' lang='grc' dir='ltr'>γὰρ</span> <span class='ocrx_word' id='word_1_394' title='bbox 2797 1199 3123 1257; x_wconf 83' lang='grc' dir='ltr'>στασιαποῦ</span> <span class='ocrx_word' id='word_1_395' title='bbox 3148 1196 3553 1255; x_wconf 78' lang='grc' dir='ltr'><strong>θανατωθέντος</strong></span> <span class='ocrx_word' id='word_1_396' title='bbox 3577 1190 3674 1243; x_wconf 81' lang='grc' dir='ltr'><strong>τοῦ</strong></span> <span class='ocrx_word' id='word_1_397' title='bbox 3714 1185 3979 1259; x_wconf 81' lang='grc' dir='ltr'><strong>Χριστοῦ,</strong></span> 
     </span>
    </p>
   </div>
   <div class='ocr_carea' id='block_1_56' title="bbox 2393 1283 3979 1366">
    <p class='ocr_par' dir='ltr' id='par_1_56' title="bbox 2393 1283 3979 1366">
     <span class='ocr_line' id='line_1_56' title="bbox 2393 1283 3979 1366; baseline -0.017 -7"><span class='ocrx_word' id='word_1_398' title='bbox 2393 1306 2620 1366; x_wconf 78' lang='grc' dir='ltr'><strong>εἰκότως</strong></span> <span class='ocrx_word' id='word_1_399' title='bbox 2650 1300 2709 1355; x_wconf 82' lang='grc' dir='ltr'>τὸ</span> <span class='ocrx_word' id='word_1_400' title='bbox 2768 1300 2927 1366; x_wconf 83' lang='grc' dir='ltr'>σῶμα</span> <span class='ocrx_word' id='word_1_401' title='bbox 2973 1295 3141 1349; x_wconf 82' lang='grc' dir='ltr'>αὑτοῦ</span> <span class='ocrx_word' id='word_1_402' title='bbox 3177 1292 3403 1361; x_wconf 76' lang='grc' dir='ltr'>ἔμελλεν</span> <span class='ocrx_word' id='word_1_403' title='bbox 3456 1288 3665 1354; x_wconf 81' lang='grc' dir='ltr'>ἄταφον</span> <span class='ocrx_word' id='word_1_404' title='bbox 3714 1283 3979 1354; x_wconf 80' lang='grc' dir='ltr'>ῥιφῆναι·</span> 
     </span>
    </p>
   </div>
   <div class='ocr_carea' id='block_1_57' title="bbox 2391 1375 3984 1457">
    <p class='ocr_par' dir='ltr' id='par_1_57' title="bbox 2391 1375 3984 1457">
     <span class='ocr_line' id='line_1_57' title="bbox 2391 1375 3984 1457; baseline -0.015 -10"><span class='ocrx_word' id='word_1_405' title='bbox 2391 1395 2507 1447; x_wconf 82' lang='grc' dir='ltr'>ἀλλ’</span> <span class='ocrx_word' id='word_1_406' title='bbox 2537 1398 2564 1447; x_wconf 93' lang='lat'><strong>6</strong></span> <span class='ocrx_word' id='word_1_407' title='bbox 2634 1392 2834 1457; x_wconf 82' lang='grc' dir='ltr'>Ἰωσὴφ</span> <span class='ocrx_word' id='word_1_408' title='bbox 2874 1388 3131 1447; x_wconf 85' lang='grc' dir='ltr'>πλούσιος</span> <span class='ocrx_word' id='word_1_409' title='bbox 3185 1383 3283 1447; x_wconf 83' lang='grc' dir='ltr'><strong>ὢν,</strong></span> <span class='ocrx_word' id='word_1_410' title='bbox 3321 1381 3467 1442; x_wconf 82' lang='grc' dir='ltr'>είκδς</span> <span class='ocrx_word' id='word_1_411' title='bbox 3515 1380 3597 1433; x_wconf 80' lang='grc' dir='ltr'>ὅτι</span> <span class='ocrx_word' id='word_1_412' title='bbox 3648 1378 3742 1430; x_wconf 73' lang='grc' dir='ltr'>καὶ</span> <span class='ocrx_word' id='word_1_413' title='bbox 3781 1375 3984 1426; x_wconf 76' lang='grc' dir='ltr'>ἔδωκεν</span> 
     </span>
    </p>
   </div>
   <div class='ocr_carea' id='block_1_58' title="bbox 2393 1468 3984 1555">
    <p class='ocr_par' dir='ltr' id='par_1_58' title="bbox 2393 1468 3984 1555">
     <span class='ocr_line' id='line_1_58' title="bbox 2393 1468 3984 1555; baseline -0.014 -16"><span class='ocrx_word' id='word_1_414' title='bbox 2393 1488 2458 1539; x_wconf 84' lang='grc' dir='ltr'><strong>ἂν</strong></span> <span class='ocrx_word' id='word_1_415' title='bbox 2491 1485 2568 1555; x_wconf 88' lang='grc' dir='ltr'>τῷ</span> <span class='ocrx_word' id='word_1_416' title='bbox 2598 1484 2813 1549; x_wconf 82' lang='grc' dir='ltr'>Πιλάτῳ</span> <span class='ocrx_word' id='word_1_417' title='bbox 2843 1480 3086 1551; x_wconf 71' lang='grc' dir='ltr'><strong>χρυσίον.</strong></span> <span class='ocrx_word' id='word_1_418' title='bbox 3130 1478 3241 1530; x_wconf 70' lang='grc' dir='ltr'><strong>Καὶ</strong></span> <span class='ocrx_word' id='word_1_419' title='bbox 3275 1473 3457 1526; x_wconf 79' lang='grc' dir='ltr'>λαϐὼν</span> <span class='ocrx_word' id='word_1_420' title='bbox 3493 1472 3627 1540; x_wconf 71' lang='grc' dir='ltr'>τιμᾷ</span> <span class='ocrx_word' id='word_1_421' title='bbox 3656 1468 3787 1521; x_wconf 74' lang='grc' dir='ltr'>αὐτὸ</span> <span class='ocrx_word' id='word_1_422' title='bbox 3817 1511 3831 1531; x_wconf 91' lang='grc'><strong>,</strong></span> <span class='ocrx_word' id='word_1_423' title='bbox 3882 1480 3984 1518; x_wconf 85' lang='grc' dir='ltr'><strong>κα-</strong></span> 
     </span>
    </p>
   </div>
   <div class='ocr_carea' id='block_1_59' title="bbox 2391 1556 3977 1642">
    <p class='ocr_par' dir='ltr' id='par_1_59' title="bbox 2391 1556 3977 1642">
     <span class='ocr_line' id='line_1_59' title="bbox 2391 1556 3977 1642; baseline -0.015 -13"><span class='ocrx_word' id='word_1_424' title='bbox 2391 1577 2573 1637; x_wconf 76' lang='grc' dir='ltr'>ταθεὶς</span> <span class='ocrx_word' id='word_1_425' title='bbox 2603 1577 2661 1625; x_wconf 76' lang='grc' dir='ltr'><strong>ἐν</strong></span> <span class='ocrx_word' id='word_1_426' title='bbox 2696 1573 2947 1642; x_wconf 77' lang='grc' dir='ltr'>μνημείῳ</span> <span class='ocrx_word' id='word_1_427' title='bbox 2977 1567 3173 1636; x_wconf 85' lang='grc' dir='ltr'>καινῷ,</span> <span class='ocrx_word' id='word_1_428' title='bbox 3206 1569 3261 1619; x_wconf 81' lang='grc' dir='ltr'><strong>ὲν</strong></span> <span class='ocrx_word' id='word_1_429' title='bbox 3287 1558 3331 1632; x_wconf 81' lang='grc' dir='ltr'><strong>ᾧ</strong></span> <span class='ocrx_word' id='word_1_430' title='bbox 3360 1563 3574 1616; x_wconf 80' lang='grc' dir='ltr'>οὐδέπω</span> <span class='ocrx_word' id='word_1_431' title='bbox 3620 1558 3796 1619; x_wconf 68' lang='grc' dir='ltr'>οὐδεὶς</span> <span class='ocrx_word' id='word_1_432' title='bbox 3855 1556 3977 1607; x_wconf 74' lang='grc' dir='ltr'><strong>ἰτέ-</strong></span> 
     </span>
    </p>
   </div>
   <div class='ocr_carea' id='block_1_60' title="bbox 2393 1646 3986 1737">
    <p class='ocr_par' dir='ltr' id='par_1_60' title="bbox 2393 1646 3986 1737">
     <span class='ocr_line' id='line_1_60' title="bbox 2393 1646 3986 1737; baseline -0.016 -16"><span class='ocrx_word' id='word_1_433' title='bbox 2393 1670 2459 1737; x_wconf 87' lang='grc' dir='ltr'>θη</span> <span class='ocrx_word' id='word_1_434' title='bbox 2488 1686 2499 1695; x_wconf 93' lang='grc'><strong>·</strong></span> <span class='ocrx_word' id='word_1_435' title='bbox 2519 1667 2678 1719; x_wconf 82' lang='grc' dir='ltr'>τοῦτο</span> <span class='ocrx_word' id='word_1_436' title='bbox 2706 1666 2761 1717; x_wconf 80' lang='grc' dir='ltr'><strong>δὲ</strong></span> <span class='ocrx_word' id='word_1_437' title='bbox 2792 1665 3102 1732; x_wconf 73' lang='grc' dir='ltr'><strong>οἰκονομίας</strong></span> <span class='ocrx_word' id='word_1_438' title='bbox 3126 1659 3261 1710; x_wconf 76' lang='grc' dir='ltr'><strong>Θεοῦ</strong></span> <span class='ocrx_word' id='word_1_439' title='bbox 3292 1654 3382 1726; x_wconf 85' lang='grc' dir='ltr'><strong>ἦν,</strong></span> <span class='ocrx_word' id='word_1_440' title='bbox 3453 1654 3544 1706; x_wconf 77' lang='grc' dir='ltr'>ἵνα</span> <span class='ocrx_word' id='word_1_441' title='bbox 3576 1652 3675 1720; x_wconf 84' lang='grc' dir='ltr'>μὴ,</span> <span class='ocrx_word' id='word_1_442' title='bbox 3706 1646 3986 1701; x_wconf 77' lang='grc' dir='ltr'><strong>ἀναστάν-</strong></span> 
     </span>
    </p>
   </div>
   <div class='ocr_carea' id='block_1_61' title="bbox 2394 1742 3989 1831">
    <p class='ocr_par' dir='ltr' id='par_1_61' title="bbox 2394 1742 3989 1831">
     <span class='ocr_line' id='line_1_61' title="bbox 2394 1742 3989 1831; baseline -0.015 -19"><span class='ocrx_word' id='word_1_443' title='bbox 2394 1778 2485 1821; x_wconf 86' lang='grc' dir='ltr'>τος</span> <span class='ocrx_word' id='word_1_444' title='bbox 2518 1760 2610 1810; x_wconf 84' lang='grc' dir='ltr'><strong>τοῦ</strong></span> <span class='ocrx_word' id='word_1_445' title='bbox 2638 1757 2869 1823; x_wconf 79' lang='grc' dir='ltr'><strong>Κυρίου,</strong></span> <span class='ocrx_word' id='word_1_446' title='bbox 2903 1755 3015 1822; x_wconf 76' lang='grc' dir='ltr'>ἔχοι</span> <span class='ocrx_word' id='word_1_447' title='bbox 3041 1769 3147 1831; x_wconf 44' lang='grc' dir='ltr'>τιςι</span> <span class='ocrx_word' id='word_1_448' title='bbox 3173 1750 3353 1801; x_wconf 86' lang='grc' dir='ltr'>είπεῖν</span> <span class='ocrx_word' id='word_1_449' title='bbox 3394 1747 3475 1799; x_wconf 85' lang='grc' dir='ltr'><strong>ὅτι</strong></span> <span class='ocrx_word' id='word_1_450' title='bbox 3511 1744 3670 1804; x_wconf 81' lang='grc' dir='ltr'>ἀλλος</span> <span class='ocrx_word' id='word_1_451' title='bbox 3725 1742 3989 1810; x_wconf 81' lang='grc' dir='ltr'>πρότερον</span> 
     </span>
    </p>
   </div>
   <div class='ocr_carea' id='block_1_62' title="bbox 2400 1828 3993 1919">
    <p class='ocr_par' dir='ltr' id='par_1_62' title="bbox 2400 1828 3993 1919">
     <span class='ocr_line' id='line_1_62' title="bbox 2400 1828 3993 1919; baseline -0.014 -15"><span class='ocrx_word' id='word_1_452' title='bbox 2400 1853 2590 1919; x_wconf 81' lang='grc' dir='ltr'>ταφεὶς</span> <span class='ocrx_word' id='word_1_453' title='bbox 2646 1850 2761 1900; x_wconf 79' lang='grc' dir='ltr'>ἐκεῖ</span> <span class='ocrx_word' id='word_1_454' title='bbox 2789 1847 2982 1913; x_wconf 83' lang='grc' dir='ltr'>νεκρὸς</span> <span class='ocrx_word' id='word_1_455' title='bbox 3018 1828 3245 1910; x_wconf 82' lang='grc' dir='ltr'>ἀνέστη.</span> <span class='ocrx_word' id='word_1_456' title='bbox 3296 1839 3397 1891; x_wconf 78' lang='grc' dir='ltr'>Διά</span> <span class='ocrx_word' id='word_1_457' title='bbox 3447 1836 3606 1889; x_wconf 81' lang='grc' dir='ltr'>τοῦτο</span> <span class='ocrx_word' id='word_1_458' title='bbox 3657 1830 3751 1886; x_wconf 80' lang='grc' dir='ltr'><strong>οὖν</strong></span> <span class='ocrx_word' id='word_1_459' title='bbox 3802 1828 3993 1883; x_wconf 79' lang='grc' dir='ltr'>καινὸν</span> 
     </span>
    </p>
   </div>
   <div class='ocr_carea' id='block_1_63' title="bbox 2400 1921 3992 2010">
    <p class='ocr_par' dir='ltr' id='par_1_63' title="bbox 2400 1921 3992 2010">
     <span class='ocr_line' id='line_1_63' title="bbox 2400 1921 3992 2010; baseline -0.016 -15"><span class='ocrx_word' id='word_1_460' title='bbox 2400 1945 2459 1995; x_wconf 72' lang='grc' dir='ltr'>τὸ</span> <span class='ocrx_word' id='word_1_461' title='bbox 2487 1942 2766 2010; x_wconf 85' lang='grc' dir='ltr'>μνημεῖον.</span> <span class='ocrx_word' id='word_1_462' title='bbox 2799 1939 2863 1990; x_wconf 84' lang='grc' dir='ltr'><strong>Ἠ</strong></span> <span class='ocrx_word' id='word_1_463' title='bbox 2899 1935 3089 2003; x_wconf 84' lang='grc' dir='ltr'>Μαρία</span> <span class='ocrx_word' id='word_1_464' title='bbox 3117 1933 3171 1984; x_wconf 87' lang='grc' dir='ltr'><strong>δὲ</strong></span> <span class='ocrx_word' id='word_1_465' title='bbox 3202 1934 3234 1997; x_wconf 82' lang='grc' dir='ltr'>ἡ</span> <span class='ocrx_word' id='word_1_466' title='bbox 3268 1928 3621 1998; x_wconf 77' lang='grc' dir='ltr'>Μαγδαληνὴ,</span> <span class='ocrx_word' id='word_1_467' title='bbox 3656 1926 3750 1978; x_wconf 79' lang='grc' dir='ltr'>καὶ</span> <span class='ocrx_word' id='word_1_468' title='bbox 3772 1925 3806 1992; x_wconf 75' lang='grc' dir='ltr'><strong>ἡ</strong></span> <span class='ocrx_word' id='word_1_469' title='bbox 3854 1921 3992 1990; x_wconf 76' lang='grc' dir='ltr'>ἄλλη</span> 
     </span>
    </p>
   </div>
   <div class='ocr_carea' id='block_1_64' title="bbox 2402 2017 3994 2105">
    <p class='ocr_par' dir='ltr' id='par_1_64' title="bbox 2402 2017 3994 2105">
     <span class='ocr_line' id='line_1_64' title="bbox 2402 2017 3994 2105; baseline -0.014 -18"><span class='ocrx_word' id='word_1_470' title='bbox 2402 2034 2608 2105; x_wconf 82' lang='grc' dir='ltr'>Μαρία,</span> <span class='ocrx_word' id='word_1_471' title='bbox 2677 2032 2973 2092; x_wconf 85' lang='grc' dir='ltr'><strong>τουτέστιν,</strong></span> <span class='ocrx_word' id='word_1_472' title='bbox 3042 2030 3075 2093; x_wconf 83' lang='grc' dir='ltr'>ἡ</span> <span class='ocrx_word' id='word_1_473' title='bbox 3106 2028 3388 2085; x_wconf 81' lang='grc' dir='ltr'><strong>Θεοτὸκος,</strong></span> <span class='ocrx_word' id='word_1_474' title='bbox 3425 2025 3490 2091; x_wconf 66' lang='grc' dir='ltr'><strong>ἦν</strong></span> <span class='ocrx_word' id='word_1_475' title='bbox 3519 2019 3779 2088; x_wconf 73' lang='grc' dir='ltr'>ἀνωτέρω</span> <span class='ocrx_word' id='word_1_476' title='bbox 3802 2017 3994 2068; x_wconf 77' lang='grc' dir='ltr'>ὲκάλε-</span> 
     </span>
    </p>
   </div>
   <div class='ocr_carea' id='block_1_65' title="bbox 2405 2106 3997 2191">
    <p class='ocr_par' dir='ltr' id='par_1_65' title="bbox 2405 2106 3997 2191">
     <span class='ocr_line' id='line_1_65' title="bbox 2405 2106 3997 2191; baseline -0.013 -13"><span class='ocrx_word' id='word_1_477' title='bbox 2405 2144 2497 2178; x_wconf 88' lang='grc' dir='ltr'>σεν</span> <span class='ocrx_word' id='word_1_478' title='bbox 2523 2125 2681 2191; x_wconf 88' lang='grc' dir='ltr'>Ἰωσῆ</span> <span class='ocrx_word' id='word_1_479' title='bbox 2715 2126 2809 2175; x_wconf 73' lang='grc' dir='ltr'>καὶ</span> <span class='ocrx_word' id='word_1_480' title='bbox 2859 2118 3123 2173; x_wconf 76' lang='grc' dir='ltr'>Ἰακώϐου</span> <span class='ocrx_word' id='word_1_481' title='bbox 3156 2117 3390 2185; x_wconf 84' lang='grc' dir='ltr'>μητέρα,</span> <span class='ocrx_word' id='word_1_482' title='bbox 3427 2107 3589 2165; x_wconf 65' lang='grc' dir='ltr'>αὗται</span> <span class='ocrx_word' id='word_1_483' title='bbox 3631 2113 3685 2163; x_wconf 83' lang='lat' dir='ltr'><strong>ai</strong></span> <span class='ocrx_word' id='word_1_484' title='bbox 3743 2108 3835 2161; x_wconf 86' lang='grc' dir='ltr'>δύο</span> <span class='ocrx_word' id='word_1_485' title='bbox 3863 2106 3997 2159; x_wconf 76' lang='grc' dir='ltr'>κάθο</span> 
     </span>
    </p>
   </div>
   <div class='ocr_carea' id='block_1_66' title="bbox 2403 2195 3990 2285">
    <p class='ocr_par' dir='ltr' id='par_1_66' title="bbox 2403 2195 3990 2285">
     <span class='ocr_line' id='line_1_66' title="bbox 2403 2195 3990 2285; baseline -0.013 -15"><span class='ocrx_word' id='word_1_486' title='bbox 2403 2236 2560 2285; x_wconf 80' lang='grc' dir='ltr'>ηνται</span> <span class='ocrx_word' id='word_1_487' title='bbox 2607 2216 2866 2268; x_wconf 71' lang='grc' dir='ltr'>ἀπέναντι</span> <span class='ocrx_word' id='word_1_488' title='bbox 2908 2212 3002 2264; x_wconf 76' lang='grc' dir='ltr'><strong>τοῦ</strong></span> <span class='ocrx_word' id='word_1_489' title='bbox 3049 2211 3224 2275; x_wconf 64' lang='grc' dir='ltr'>τάρου</span> <span class='ocrx_word' id='word_1_490' title='bbox 3286 2195 3777 2275; x_wconf 81' lang='grc' dir='ltr'>προσεδρεύουσαι,</span> <span class='ocrx_word' id='word_1_491' title='bbox 3823 2200 3990 2263; x_wconf 77' lang='grc' dir='ltr'>ὥστε,</span> 
     </span>
    </p>
   </div>
   <div class='ocr_carea' id='block_1_67' title="bbox 2406 2288 3997 2374">
    <p class='ocr_par' dir='ltr' id='par_1_67' title="bbox 2406 2288 3997 2374">
     <span class='ocr_line' id='line_1_67' title="bbox 2406 2288 3997 2374; baseline -0.012 -13"><span class='ocrx_word' id='word_1_492' title='bbox 2406 2313 2454 2361; x_wconf 84' lang='grc' dir='ltr'>εἰ</span> <span class='ocrx_word' id='word_1_493' title='bbox 2501 2308 2770 2361; x_wconf 86' lang='grc' dir='ltr'>παύσαιτο</span> <span class='ocrx_word' id='word_1_494' title='bbox 2800 2309 2831 2374; x_wconf 81' lang='grc' dir='ltr'>ἡ</span> <span class='ocrx_word' id='word_1_495' title='bbox 2862 2306 3054 2374; x_wconf 89' lang='grc' dir='ltr'>μανία,</span> <span class='ocrx_word' id='word_1_496' title='bbox 3084 2302 3340 2356; x_wconf 75' lang='grc' dir='ltr'>ἀπελθεῖν</span> <span class='ocrx_word' id='word_1_497' title='bbox 3375 2299 3465 2351; x_wconf 76' lang='grc' dir='ltr'><strong>καὶ</strong></span> <span class='ocrx_word' id='word_1_498' title='bbox 3507 2292 3871 2363; x_wconf 83' lang='grc' dir='ltr'>περιχυθῆναι</span> <span class='ocrx_word' id='word_1_499' title='bbox 3916 2288 3997 2359; x_wconf 81' lang='grc' dir='ltr'><strong>τῷ</strong></span> 
     </span>
    </p>
   </div>
   <div class='ocr_carea' id='block_1_68' title="bbox 2407 2383 3998 2469">
    <p class='ocr_par' dir='ltr' id='par_1_68' title="bbox 2407 2383 3998 2469">
     <span class='ocr_line' id='line_1_68' title="bbox 2407 2383 3998 2469; baseline -0.013 -18"><span class='ocrx_word' id='word_1_500' title='bbox 2407 2400 2645 2469; x_wconf 79' lang='grc' dir='ltr'>σώματι,</span> <span class='ocrx_word' id='word_1_501' title='bbox 2677 2398 2771 2450; x_wconf 79' lang='grc' dir='ltr'>καὶ</span> <span class='ocrx_word' id='word_1_502' title='bbox 2805 2397 3031 2464; x_wconf 81' lang='grc' dir='ltr'>μυρίσαι</span> <span class='ocrx_word' id='word_1_503' title='bbox 3055 2394 3206 2445; x_wconf 85' lang='grc' dir='ltr'>αὐτό.</span> <span class='ocrx_word' id='word_1_504' title='bbox 3238 2390 3374 2458; x_wconf 77' lang='grc' dir='ltr'>Περὶ</span> <span class='ocrx_word' id='word_1_505' title='bbox 3406 2387 3515 2439; x_wconf 85' lang='grc' dir='ltr'>τῶν</span> <span class='ocrx_word' id='word_1_506' title='bbox 3583 2383 3847 2436; x_wconf 81' lang='grc' dir='ltr'>τοιούτων</span> <span class='ocrx_word' id='word_1_507' title='bbox 3898 2396 3998 2447; x_wconf 73' lang='grc' dir='ltr'><strong>γυο</strong></span> 
     </span>
    </p>
   </div>
   <div class='ocr_carea' id='block_1_69' title="bbox 2408 2468 3999 2555">
    <p class='ocr_par' dir='ltr' id='par_1_69' title="bbox 2408 2468 3999 2555">
     <span class='ocr_line' id='line_1_69' title="bbox 2408 2468 3999 2555; baseline -0.014 -12"><span class='ocrx_word' id='word_1_508' title='bbox 2408 2493 2609 2545; x_wconf 82' lang='grc' dir='ltr'>ναικῶν</span> <span class='ocrx_word' id='word_1_509' title='bbox 2661 2492 2846 2555; x_wconf 80' lang='grc' dir='ltr'>ἔλεγεν</span> <span class='ocrx_word' id='word_1_510' title='bbox 2907 2488 3157 2548; x_wconf 78' lang='grc' dir='ltr'>Ἡσαΐας·</span> <span class='ocrx_word' id='word_1_511' title='bbox 3224 2483 3489 2541; x_wconf 80' lang='grc' dir='ltr'><strong>Γυναῖκες</strong></span> <span class='ocrx_word' id='word_1_512' title='bbox 3543 2477 3833 2546; x_wconf 73' lang='grc' dir='ltr'><strong>ἐρχόμεναι</strong></span> <span class='ocrx_word' id='word_1_513' title='bbox 3888 2468 3999 2523; x_wconf 73' lang='grc' dir='ltr'><strong>ἀπὸ</strong></span> 
     </span>
    </p>
   </div>
   <div class='ocr_carea' id='block_1_70' title="bbox 2410 2563 4000 2647">
    <p class='ocr_par' dir='ltr' id='par_1_70' title="bbox 2410 2563 4000 2647">
     <span class='ocr_line' id='line_1_70' title="bbox 2410 2563 4000 2647; baseline -0.015 -12"><span class='ocrx_word' id='word_1_514' title='bbox 2410 2584 2559 2645; x_wconf 80' lang='grc' dir='ltr'>θέας,</span> <span class='ocrx_word' id='word_1_515' title='bbox 2594 2582 2748 2633; x_wconf 75' lang='grc' dir='ltr'>δεῦτε</span> <span class='ocrx_word' id='word_1_516' title='bbox 2772 2600 2783 2610; x_wconf 92' lang='grc'><strong>·</strong></span> <span class='ocrx_word' id='word_1_517' title='bbox 2814 2581 2873 2631; x_wconf 75' lang='grc' dir='ltr'>οὔ</span> <span class='ocrx_word' id='word_1_518' title='bbox 2908 2578 3014 2647; x_wconf 87' lang='grc' dir='ltr'>γὰρ</span> <span class='ocrx_word' id='word_1_519' title='bbox 3034 2577 3155 2637; x_wconf 79' lang='grc' dir='ltr'>λαός</span> <span class='ocrx_word' id='word_1_520' title='bbox 3190 2576 3334 2625; x_wconf 78' lang='grc' dir='ltr'>ἐστιν</span> <span class='ocrx_word' id='word_1_521' title='bbox 3363 2572 3501 2639; x_wconf 71' lang='grc' dir='ltr'>ἔχων</span> <span class='ocrx_word' id='word_1_522' title='bbox 3555 2568 3791 2619; x_wconf 85' lang='grc' dir='ltr'>σύνεσιν.</span> <span class='ocrx_word' id='word_1_523' title='bbox 3828 2563 4000 2613; x_wconf 78' lang='grc' dir='ltr'>Φανε-</span> 
     </span>
    </p>
   </div>
   <div class='ocr_carea' id='block_1_71' title="bbox 2414 2652 4001 2745">
    <p class='ocr_par' dir='ltr' id='par_1_71' title="bbox 2414 2652 4001 2745">
     <span class='ocr_line' id='line_1_71' title="bbox 2414 2652 4001 2745; baseline -0.016 -19"><span class='ocrx_word' id='word_1_524' title='bbox 2414 2677 2521 2745; x_wconf 72' lang='grc' dir='ltr'>ρὼς</span> <span class='ocrx_word' id='word_1_525' title='bbox 2567 2676 2673 2741; x_wconf 73' lang='grc' dir='ltr'>γὰρ</span> <span class='ocrx_word' id='word_1_526' title='bbox 2719 2671 2848 2741; x_wconf 80' lang='grc' dir='ltr'>περὶ</span> <span class='ocrx_word' id='word_1_527' title='bbox 2878 2671 2972 2722; x_wconf 80' lang='grc' dir='ltr'><strong>τοῦ</strong></span> <span class='ocrx_word' id='word_1_528' title='bbox 3021 2664 3316 2720; x_wconf 83' lang='grc' dir='ltr'>Ἰουδαῖκοῦ</span> <span class='ocrx_word' id='word_1_529' title='bbox 3352 2660 3483 2714; x_wconf 81' lang='grc' dir='ltr'><strong>λαοῦ</strong></span> <span class='ocrx_word' id='word_1_530' title='bbox 3518 2658 3613 2711; x_wconf 81' lang='grc' dir='ltr'><strong>τοῦ</strong></span> <span class='ocrx_word' id='word_1_531' title='bbox 3646 2652 4001 2723; x_wconf 78' lang='grc' dir='ltr'>σταυρώσαν-</span> 
     </span>
    </p>
   </div>
   <div class='ocr_carea' id='block_1_72' title="bbox 2411 2747 4001 2833">
    <p class='ocr_par' dir='ltr' id='par_1_72' title="bbox 2411 2747 4001 2833">
     <span class='ocr_line' id='line_1_72' title="bbox 2411 2747 4001 2833; baseline -0.015 -14"><span class='ocrx_word' id='word_1_532' title='bbox 2411 2784 2500 2829; x_wconf 84' lang='grc' dir='ltr'><strong>τος</strong></span> <span class='ocrx_word' id='word_1_533' title='bbox 2525 2767 2614 2817; x_wconf 74' lang='grc' dir='ltr'>τὸν</span> <span class='ocrx_word' id='word_1_534' title='bbox 2649 2765 2874 2833; x_wconf 78' lang='grc' dir='ltr'><strong>Κύριον,</strong></span> <span class='ocrx_word' id='word_1_535' title='bbox 2913 2763 3059 2829; x_wconf 79' lang='grc' dir='ltr'>λέγει</span> <span class='ocrx_word' id='word_1_536' title='bbox 3093 2761 3176 2812; x_wconf 86' lang='grc' dir='ltr'><strong>ὅτι</strong></span> <span class='ocrx_word' id='word_1_537' title='bbox 3209 2758 3309 2809; x_wconf 80' lang='grc' dir='ltr'><strong>οὐκ</strong></span> <span class='ocrx_word' id='word_1_538' title='bbox 3339 2756 3516 2823; x_wconf 75' lang='grc' dir='ltr'>ἔχουσι</span> <span class='ocrx_word' id='word_1_539' title='bbox 3544 2750 3782 2803; x_wconf 88' lang='grc' dir='ltr'>σύνεσιν.</span> <span class='ocrx_word' id='word_1_540' title='bbox 3819 2747 4001 2815; x_wconf 80' lang='grc' dir='ltr'>Προσ-</span> 
     </span>
    </p>
   </div>
   <div class='ocr_carea' id='block_1_73' title="bbox 2411 2838 4002 2916">
    <p class='ocr_par' dir='ltr' id='par_1_73' title="bbox 2411 2838 4002 2916">
     <span class='ocr_line' id='line_1_73' title="bbox 2411 2838 4002 2916; baseline -0.016 -3"><span class='ocrx_word' id='word_1_541' title='bbox 2411 2860 2651 2913; x_wconf 88' lang='grc' dir='ltr'>καλείται</span> <span class='ocrx_word' id='word_1_542' title='bbox 2714 2856 2807 2910; x_wconf 73' lang='grc' dir='ltr'><strong>οὖν</strong></span> <span class='ocrx_word' id='word_1_543' title='bbox 2847 2858 3048 2915; x_wconf 90' lang='grc' dir='ltr'>ταύτας</span> <span class='ocrx_word' id='word_1_544' title='bbox 3102 2848 3426 2916; x_wconf 83' lang='grc' dir='ltr'>καταλεῖψαι</span> <span class='ocrx_word' id='word_1_545' title='bbox 3470 2844 3569 2913; x_wconf 71' lang='grc' dir='ltr'><strong>μὲν</strong></span> <span class='ocrx_word' id='word_1_546' title='bbox 3604 2842 3697 2895; x_wconf 79' lang='grc' dir='ltr'><strong>τὸν</strong></span> <span class='ocrx_word' id='word_1_547' title='bbox 3740 2838 4002 2895; x_wconf 74' lang='grc' dir='ltr'><strong>ἀσύνετον</strong></span> 
     </span>
    </p>
   </div>
   <div class='ocr_carea' id='block_1_74' title="bbox 2410 2930 4002 3021">
    <p class='ocr_par' dir='ltr' id='par_1_74' title="bbox 2410 2930 4002 3021">
     <span class='ocr_line' id='line_1_74' title="bbox 2410 2930 4002 3021; baseline -0.016 -14"><span class='ocrx_word' id='word_1_548' title='bbox 2410 2956 2558 3014; x_wconf 88' lang='grc' dir='ltr'>λαὸν,</span> <span class='ocrx_word' id='word_1_549' title='bbox 2596 2951 2910 3021; x_wconf 76' lang='grc' dir='ltr'>προσελθεῖν</span> <span class='ocrx_word' id='word_1_550' title='bbox 2942 2948 3000 3000; x_wconf 76' lang='grc' dir='ltr'><strong>δὲ</strong></span> <span class='ocrx_word' id='word_1_551' title='bbox 3030 2948 3142 3005; x_wconf 86' lang='grc' dir='ltr'>τοῖς</span> <span class='ocrx_word' id='word_1_552' title='bbox 3186 2940 3530 3000; x_wconf 88' lang='grc' dir='ltr'>ἀποστόλοις,</span> <span class='ocrx_word' id='word_1_553' title='bbox 3563 2938 3657 2990; x_wconf 77' lang='grc' dir='ltr'><strong>καὶ</strong></span> <span class='ocrx_word' id='word_1_554' title='bbox 3710 2930 4002 3001; x_wconf 80' lang='grc' dir='ltr'>εὐαγγελί-</span> 
     </span>
    </p>
   </div>
   <div class='ocr_carea' id='block_1_75' title="bbox 2412 3035 3357 3105">
    <p class='ocr_par' dir='ltr' id='par_1_75' title="bbox 2412 3035 3357 3105">
     <span class='ocr_line' id='line_1_75' title="bbox 2412 3035 3357 3105; baseline -0.011 -10"><span class='ocrx_word' id='word_1_555' title='bbox 2412 3044 2605 3095; x_wconf 86' lang='grc' dir='ltr'>σασθαι</span> <span class='ocrx_word' id='word_1_556' title='bbox 2641 3044 2824 3101; x_wconf 75' lang='grc' dir='ltr'>αὐτοῖς</span> <span class='ocrx_word' id='word_1_557' title='bbox 2886 3038 2983 3105; x_wconf 80' lang='grc' dir='ltr'><strong>τὴν</strong></span> <span class='ocrx_word' id='word_1_558' title='bbox 3041 3035 3357 3088; x_wconf 79' lang='grc' dir='ltr'><strong>ἀνάστασιν.</strong></span> 
     </span>
    </p>
   </div>
   <div class='ocr_carea' id='block_1_76' title="bbox 2492 3114 4003 3203">
    <p class='ocr_par' dir='ltr' id='par_1_76' title="bbox 2492 3114 4003 3203">
     <span class='ocr_line' id='line_1_76' title="bbox 2492 3114 4003 3203; baseline -0.015 -17"><span class='ocrx_word' id='word_1_559' title='bbox 2492 3155 2509 3184; x_wconf 86' lang='grc' dir='ltr'><strong>ι</strong></span> <span class='ocrx_word' id='word_1_560' title='bbox 2537 3136 2614 3203; x_wconf 85' lang='grc' dir='ltr'><strong>Τῇ</strong></span> <span class='ocrx_word' id='word_1_561' title='bbox 2646 3134 2701 3185; x_wconf 79' lang='grc' dir='ltr'><strong>δὲ</strong></span> <span class='ocrx_word' id='word_1_562' title='bbox 2733 3131 3015 3201; x_wconf 79' lang='grc' dir='ltr'>ἐπαύριον,</span> <span class='ocrx_word' id='word_1_563' title='bbox 3046 3128 3167 3196; x_wconf 81' lang='grc' dir='ltr'>ἦτις</span> <span class='ocrx_word' id='word_1_564' title='bbox 3192 3125 3307 3177; x_wconf 72' lang='grc' dir='ltr'>ἐστὶ</span> <span class='ocrx_word' id='word_1_565' title='bbox 3334 3122 3471 3193; x_wconf 85' lang='grc' dir='ltr'><strong>μετά</strong></span> <span class='ocrx_word' id='word_1_566' title='bbox 3490 3121 3588 3188; x_wconf 87' lang='grc' dir='ltr'><strong>τὴν</strong></span> <span class='ocrx_word' id='word_1_567' title='bbox 3615 3114 4003 3187; x_wconf 76' lang='grc' dir='ltr'>Παρασκευὴν,</span> 
     </span>
    </p>
   </div>
   <div class='ocr_carea' id='block_1_77' title="bbox 2412 3204 4005 3291">
    <p class='ocr_par' dir='ltr' id='par_1_77' title="bbox 2412 3204 4005 3291">
     <span class='ocr_line' id='line_1_77' title="bbox 2412 3204 4005 3291; baseline -0.014 -15"><span class='ocrx_word' id='word_1_568' title='bbox 2412 3223 2759 3291; x_wconf 78' lang='grc' dir='ltr'>συνήχθησαν</span> <span class='ocrx_word' id='word_1_569' title='bbox 2810 3222 2857 3272; x_wconf 89' lang='grc' dir='ltr'>οί</span> <span class='ocrx_word' id='word_1_570' title='bbox 2910 3218 3186 3286; x_wconf 81' lang='grc' dir='ltr'>ἀρχιερεῖς</span> <span class='ocrx_word' id='word_1_571' title='bbox 3250 3214 3343 3265; x_wconf 82' lang='grc' dir='ltr'>καὶ</span> <span class='ocrx_word' id='word_1_572' title='bbox 3417 3212 3467 3263; x_wconf 84' lang='grc' dir='ltr'><strong>οί</strong></span> <span class='ocrx_word' id='word_1_573' title='bbox 3526 3209 3811 3276; x_wconf 80' lang='grc' dir='ltr'>Φαρισαῖοι</span> <span class='ocrx_word' id='word_1_574' title='bbox 3867 3204 4005 3273; x_wconf 77' lang='grc' dir='ltr'>πρὸς</span> 
     </span>
    </p>
   </div>
   <div class='ocr_carea' id='block_1_78' title="bbox 2412 3297 4008 3380">
    <p class='ocr_par' dir='ltr' id='par_1_78' title="bbox 2412 3297 4008 3380">
     <span class='ocr_line' id='line_1_78' title="bbox 2412 3297 4008 3380; baseline -0.015 -10"><span class='ocrx_word' id='word_1_575' title='bbox 2412 3319 2664 3379; x_wconf 80' lang='grc' dir='ltr'><strong>Πιλᾶτον,</strong></span> <span class='ocrx_word' id='word_1_576' title='bbox 2699 3315 2947 3380; x_wconf 80' lang='grc' dir='ltr'>λέγοντες</span> <span class='ocrx_word' id='word_1_577' title='bbox 2976 3328 2989 3339; x_wconf 87' lang='grc'>·</span> <span class='ocrx_word' id='word_1_578' title='bbox 3027 3310 3222 3377; x_wconf 79' lang='grc' dir='ltr'>Κύριε,</span> <span class='ocrx_word' id='word_1_579' title='bbox 3287 3302 3649 3373; x_wconf 76' lang='grc' dir='ltr'>ἐμνήσθημεν</span> <span class='ocrx_word' id='word_1_580' title='bbox 3674 3302 3757 3351; x_wconf 80' lang='grc' dir='ltr'>ὃτι</span> <span class='ocrx_word' id='word_1_581' title='bbox 3797 3297 4008 3356; x_wconf 76' lang='grc' dir='ltr'>ἐκεῖνος</span> 
     </span>
    </p>
   </div>
   <div class='ocr_carea' id='block_1_79' title="bbox 2410 3389 4010 3467">
    <p class='ocr_par' dir='ltr' id='par_1_79' title="bbox 2410 3389 4010 3467">
     <span class='ocr_line' id='line_1_79' title="bbox 2410 3389 4010 3467; baseline -0.016 -4"><span class='ocrx_word' id='word_1_582' title='bbox 2410 3412 2437 3462; x_wconf 89' lang='lat'><strong>6</strong></span> <span class='ocrx_word' id='word_1_583' title='bbox 2469 3411 2669 3467; x_wconf 73' lang='grc' dir='ltr'><strong>πλάνος</strong></span> <span class='ocrx_word' id='word_1_584' title='bbox 2706 3403 2857 3458; x_wconf 83' lang='grc' dir='ltr'>εἶπεν</span> <span class='ocrx_word' id='word_1_585' title='bbox 2893 3404 2972 3455; x_wconf 76' lang='grc' dir='ltr'>ἔτι</span> <span class='ocrx_word' id='word_1_586' title='bbox 3004 3401 3113 3463; x_wconf 81' lang='grc' dir='ltr'><strong>ζῶν</strong></span> <span class='ocrx_word' id='word_1_587' title='bbox 3134 3416 3147 3428; x_wconf 80' lang='grc'><strong><em>⁸</em></strong></span> <span class='ocrx_word' id='word_1_588' title='bbox 3178 3398 3335 3451; x_wconf 87' lang='grc' dir='ltr'><strong>Μετὰ</strong></span> <span class='ocrx_word' id='word_1_589' title='bbox 3371 3400 3521 3465; x_wconf 86' lang='grc' dir='ltr'>τρεῖς</span> <span class='ocrx_word' id='word_1_590' title='bbox 3551 3395 3762 3464; x_wconf 77' lang='grc' dir='ltr'>ἡμέρας</span> <span class='ocrx_word' id='word_1_591' title='bbox 3793 3389 4010 3457; x_wconf 87' lang='grc' dir='ltr'>ὲγείρο-</span> 
     </span>
    </p>
   </div>
   <div class='ocr_carea' id='block_1_80' title="bbox 2416 3482 4010 3575">
    <p class='ocr_par' dir='ltr' id='par_1_80' title="bbox 2416 3482 4010 3575">
     <span class='ocr_line' id='line_1_80' title="bbox 2416 3482 4010 3575; baseline -0.015 -20"><span class='ocrx_word' id='word_1_592' title='bbox 2416 3520 2534 3575; x_wconf 84' lang='grc' dir='ltr'>μαι.</span> <span class='ocrx_word' id='word_1_593' title='bbox 2578 3501 2847 3553; x_wconf 78' lang='grc' dir='ltr'><strong>Κέλευσον</strong></span> <span class='ocrx_word' id='word_1_594' title='bbox 2879 3492 2971 3549; x_wconf 82' lang='grc' dir='ltr'><strong>οὖν</strong></span> <span class='ocrx_word' id='word_1_595' title='bbox 3002 3492 3406 3562; x_wconf 83' lang='grc' dir='ltr'><strong>ἀσφαλισθῆναι</strong></span> <span class='ocrx_word' id='word_1_596' title='bbox 3433 3488 3527 3540; x_wconf 83' lang='grc' dir='ltr'><strong>τὸν</strong></span> <span class='ocrx_word' id='word_1_597' title='bbox 3558 3489 3728 3551; x_wconf 63' lang='grc' dir='ltr'>τάφον</span> <span class='ocrx_word' id='word_1_598' title='bbox 3753 3484 3857 3545; x_wconf 84' lang='grc' dir='ltr'><strong>ἓως</strong></span> <span class='ocrx_word' id='word_1_599' title='bbox 3906 3482 4010 3543; x_wconf 82' lang='grc' dir='ltr'><strong>τῆς</strong></span> 
     </span>
    </p>
   </div>
   <div class='ocr_carea' id='block_1_81' title="bbox 2412 3571 4009 3666">
    <p class='ocr_par' dir='ltr' id='par_1_81' title="bbox 2412 3571 4009 3666">
     <span class='ocr_line' id='line_1_81' title="bbox 2412 3571 4009 3666; baseline -0.014 -18"><span class='ocrx_word' id='word_1_600' title='bbox 2412 3571 2603 3666; x_wconf 76' lang='grc' dir='ltr'>τρίτης</span> <span class='ocrx_word' id='word_1_601' title='bbox 2643 3592 2878 3659; x_wconf 77' lang='grc' dir='ltr'>ἡμέρας,</span> <span class='ocrx_word' id='word_1_602' title='bbox 2915 3590 3124 3657; x_wconf 82' lang='grc' dir='ltr'>μήποτε</span> <span class='ocrx_word' id='word_1_603' title='bbox 3158 3585 3405 3645; x_wconf 76' lang='grc' dir='ltr'><strong>ἐλθόντες</strong></span> <span class='ocrx_word' id='word_1_604' title='bbox 3434 3583 3482 3633; x_wconf 80' lang='grc' dir='ltr'><strong>οἱ</strong></span> <span class='ocrx_word' id='word_1_605' title='bbox 3544 3579 3786 3649; x_wconf 75' lang='grc' dir='ltr'>μαθηταὶ</span> <span class='ocrx_word' id='word_1_606' title='bbox 3839 3571 4009 3628; x_wconf 74' lang='grc' dir='ltr'>αὐτοῦ</span> 
     </span>
    </p>
   </div>
   <div class='ocr_carea' id='block_1_82' title="bbox 2414 3670 4013 3749">
    <p class='ocr_par' dir='ltr' id='par_1_82' title="bbox 2414 3670 4013 3749">
     <span class='ocr_line' id='line_1_82' title="bbox 2414 3670 4013 3749; baseline -0.013 -10"><span class='ocrx_word' id='word_1_607' title='bbox 2414 3687 2625 3747; x_wconf 62' lang='grc' dir='ltr'>νυκτὸς,</span> <span class='ocrx_word' id='word_1_608' title='bbox 2656 3684 2929 3749; x_wconf 68' lang='grc' dir='ltr'>κλέψωσιν</span> <span class='ocrx_word' id='word_1_609' title='bbox 2960 3678 3143 3743; x_wconf 75' lang='grc' dir='ltr'>αὑτὸν,</span> <span class='ocrx_word' id='word_1_610' title='bbox 3179 3678 3271 3729; x_wconf 76' lang='grc' dir='ltr'>καὶ</span> <span class='ocrx_word' id='word_1_611' title='bbox 3304 3677 3499 3727; x_wconf 81' lang='grc' dir='ltr'>εἴπωσι</span> <span class='ocrx_word' id='word_1_612' title='bbox 3532 3673 3609 3741; x_wconf 82' lang='grc' dir='ltr'>τῷ</span> <span class='ocrx_word' id='word_1_613' title='bbox 3632 3670 3767 3738; x_wconf 80' lang='grc' dir='ltr'>λαῷ,</span> <span class='ocrx_word' id='word_1_614' title='bbox 3807 3670 4013 3737; x_wconf 83' lang='grc' dir='ltr'>Ἠγέρ-</span> 
     </span>
    </p>
   </div>
   <div class='ocr_carea' id='block_1_83' title="bbox 2414 3762 4011 3847">
    <p class='ocr_par' dir='ltr' id='par_1_83' title="bbox 2414 3762 4011 3847">
     <span class='ocr_line' id='line_1_83' title="bbox 2414 3762 4011 3847; baseline -0.013 -15"><span class='ocrx_word' id='word_1_615' title='bbox 2414 3781 2480 3847; x_wconf 87' lang='grc' dir='ltr'>θη</span> <span class='ocrx_word' id='word_1_616' title='bbox 2550 3778 2658 3831; x_wconf 85' lang='grc' dir='ltr'><strong>ἀπὸ</strong></span> <span class='ocrx_word' id='word_1_617' title='bbox 2703 3774 2809 3827; x_wconf 87' lang='grc' dir='ltr'>τῶν</span> <span class='ocrx_word' id='word_1_618' title='bbox 2870 3772 3081 3841; x_wconf 79' lang='grc' dir='ltr'>νεκρῶν</span> <span class='ocrx_word' id='word_1_619' title='bbox 3115 3769 3249 3821; x_wconf 77' lang='grc' dir='ltr'><strong>’καὶ</strong></span> <span class='ocrx_word' id='word_1_620' title='bbox 3297 3768 3449 3819; x_wconf 73' lang='grc' dir='ltr'>ἔσται</span> <span class='ocrx_word' id='word_1_621' title='bbox 3486 3768 3517 3834; x_wconf 85' lang='grc' dir='ltr'><strong>ή</strong></span> <span class='ocrx_word' id='word_1_622' title='bbox 3564 3764 3765 3832; x_wconf 78' lang='grc' dir='ltr'><strong>ἐσχάτη</strong></span> <span class='ocrx_word' id='word_1_623' title='bbox 3830 3762 4011 3830; x_wconf 83' lang='grc' dir='ltr'>πλάνη</span> 
     </span>
    </p>
   </div>
   <div class='ocr_carea' id='block_1_84' title="bbox 2413 3854 4014 3940">
    <p class='ocr_par' dir='ltr' id='par_1_84' title="bbox 2413 3854 4014 3940">
     <span class='ocr_line' id='line_1_84' title="bbox 2413 3854 4014 3940; baseline -0.012 -18"><span class='ocrx_word' id='word_1_624' title='bbox 2413 3869 2612 3940; x_wconf 82' lang='grc' dir='ltr'>χείρων</span> <span class='ocrx_word' id='word_1_625' title='bbox 2636 3868 2735 3933; x_wconf 68' lang='grc' dir='ltr'>τῆς</span> <span class='ocrx_word' id='word_1_626' title='bbox 2771 3864 3015 3934; x_wconf 83' lang='grc' dir='ltr'>πρώτης.</span> <span class='ocrx_word' id='word_1_627' title='bbox 3047 3863 3195 3928; x_wconf 83' lang='grc' dir='ltr'><strong>Ἔφη</strong></span> <span class='ocrx_word' id='word_1_628' title='bbox 3231 3861 3412 3919; x_wconf 71' lang='grc' dir='ltr'>αὐτοῖς</span> <span class='ocrx_word' id='word_1_629' title='bbox 3445 3861 3471 3909; x_wconf 94' lang='lat'><strong>6</strong></span> <span class='ocrx_word' id='word_1_630' title='bbox 3511 3856 3740 3915; x_wconf 82' lang='grc' dir='ltr'><strong>Πιλᾶτος</strong></span> <span class='ocrx_word' id='word_1_631' title='bbox 3763 3871 3776 3884; x_wconf 84' lang='grc'><em>’</em></span> <span class='ocrx_word' id='word_1_632' title='bbox 3815 3854 4014 3921; x_wconf 74' lang='grc' dir='ltr'>Ἔχετε</span> 
     </span>
    </p>
   </div>
   <div class='ocr_carea' id='block_1_85' title="bbox 2423 3944 4014 4022">
    <p class='ocr_par' dir='ltr' id='par_1_85' title="bbox 2423 3944 4014 4022">
     <span class='ocr_line' id='line_1_85' title="bbox 2423 3944 4014 4022; baseline -0.013 -8"><span class='ocrx_word' id='word_1_633' title='bbox 2423 3961 2783 4019; x_wconf 79' lang='grc' dir='ltr'>κουστωδίαν,</span> <span class='ocrx_word' id='word_1_634' title='bbox 2836 3958 3099 4022; x_wconf 79' lang='grc' dir='ltr'><strong>ὑπάγετε,</strong></span> <span class='ocrx_word' id='word_1_635' title='bbox 3138 3950 3515 4019; x_wconf 81' lang='grc' dir='ltr'>ἀσφαλίσασθε</span> <span class='ocrx_word' id='word_1_636' title='bbox 3568 3948 3645 4009; x_wconf 83' lang='grc' dir='ltr'><strong>ὡς</strong></span> <span class='ocrx_word' id='word_1_637' title='bbox 3704 3946 3909 3997; x_wconf 78' lang='grc' dir='ltr'><strong>οἴδατε.</strong></span> <span class='ocrx_word' id='word_1_638' title='bbox 3945 3944 4014 3995; x_wconf 76' lang='lat' dir='ltr'><strong>Ol</strong></span> 
     </span>
    </p>
   </div>
   <div class='ocr_carea' id='block_1_86' title="bbox 2415 4037 4017 4121">
    <p class='ocr_par' dir='ltr' id='par_1_86' title="bbox 2415 4037 4017 4121">
     <span class='ocr_line' id='line_1_86' title="bbox 2415 4037 4017 4121; baseline -0.013 -15"><span class='ocrx_word' id='word_1_639' title='bbox 2415 4054 2471 4106; x_wconf 79' lang='grc' dir='ltr'><strong>δὲ</strong></span> <span class='ocrx_word' id='word_1_640' title='bbox 2503 4052 2860 4121; x_wconf 82' lang='grc' dir='ltr'><strong>πορευθέντες</strong></span> <span class='ocrx_word' id='word_1_641' title='bbox 2898 4047 3268 4117; x_wconf 69' lang='grc' dir='ltr'>ἠσφαλίσαντο</span> <span class='ocrx_word' id='word_1_642' title='bbox 3298 4044 3392 4093; x_wconf 82' lang='grc' dir='ltr'><strong>τὸν</strong></span> <span class='ocrx_word' id='word_1_643' title='bbox 3438 4042 3631 4108; x_wconf 75' lang='grc' dir='ltr'>τάφον.</span> <span class='ocrx_word' id='word_1_644' title='bbox 3670 4037 4017 4105; x_wconf 82' lang='grc' dir='ltr'>σφραγίσαν-</span> 
     </span>
    </p>
   </div>
   <div class='ocr_carea' id='block_1_87' title="bbox 2414 4125 4019 4210">
    <p class='ocr_par' dir='ltr' id='par_1_87' title="bbox 2414 4125 4019 4210">
     <span class='ocr_line' id='line_1_87' title="bbox 2414 4125 4019 4210; baseline -0.012 -12"><span class='ocrx_word' id='word_1_645' title='bbox 2414 4165 2506 4207; x_wconf 79' lang='grc' dir='ltr'>τες</span> <span class='ocrx_word' id='word_1_646' title='bbox 2536 4149 2629 4197; x_wconf 73' lang='grc' dir='ltr'><strong>τὸν</strong></span> <span class='ocrx_word' id='word_1_647' title='bbox 2664 4144 2812 4195; x_wconf 82' lang='grc' dir='ltr'>λίθον</span> <span class='ocrx_word' id='word_1_648' title='bbox 2846 4142 2985 4210; x_wconf 84' lang='grc' dir='ltr'><strong>μετά</strong></span> <span class='ocrx_word' id='word_1_649' title='bbox 3012 4140 3110 4207; x_wconf 83' lang='grc' dir='ltr'><strong>τῆς</strong></span> <span class='ocrx_word' id='word_1_650' title='bbox 3147 4134 3498 4195; x_wconf 78' lang='grc' dir='ltr'>κουστωδίας.</span> <span class='ocrx_word' id='word_1_651' title='bbox 3536 4153 3554 4184; x_wconf 73' lang='grc' dir='ltr'><strong>ι</strong></span> <span class='ocrx_word' id='word_1_652' title='bbox 3594 4133 3708 4183; x_wconf 85' lang='grc' dir='ltr'><strong>Οὐκ</strong></span> <span class='ocrx_word' id='word_1_653' title='bbox 3752 4125 4019 4195; x_wconf 80' lang='grc' dir='ltr'>ὀνομάζει</span> 
     </span>
    </p>
   </div>
   <div class='ocr_carea' id='block_1_88' title="bbox 2414 4216 4016 4297">
    <p class='ocr_par' dir='ltr' id='par_1_88' title="bbox 2414 4216 4016 4297">
     <span class='ocr_line' id='line_1_88' title="bbox 2414 4216 4016 4297; baseline -0.015 -4"><span class='ocrx_word' id='word_1_654' title='bbox 2414 4241 2475 4292; x_wconf 82' lang='grc' dir='ltr'>τὸ</span> <span class='ocrx_word' id='word_1_655' title='bbox 2506 4238 2805 4297; x_wconf 74' lang='grc' dir='ltr'><strong>Σάϐϐατον,</strong></span> <span class='ocrx_word' id='word_1_656' title='bbox 2865 4232 3165 4293; x_wconf 74' lang='grc' dir='ltr'>Σάϐϐατον,</span> <span class='ocrx_word' id='word_1_657' title='bbox 3206 4229 3343 4281; x_wconf 89' lang='grc' dir='ltr'>διότι</span> <span class='ocrx_word' id='word_1_658' title='bbox 3402 4225 3521 4279; x_wconf 76' lang='grc' dir='ltr'><strong>οὐδὲ</strong></span> <span class='ocrx_word' id='word_1_659' title='bbox 3584 4222 3861 4275; x_wconf 76' lang='grc' dir='ltr'><strong>Σάϐϐατον</strong></span> <span class='ocrx_word' id='word_1_660' title='bbox 3920 4216 4016 4290; x_wconf 84' lang='grc' dir='ltr'><strong>ἦν,</strong></span> 
     </span>
    </p>
   </div>
   <div class='ocr_carea' id='block_1_89' title="bbox 2414 4313 4017 4397">
    <p class='ocr_par' dir='ltr' id='par_1_89' title="bbox 2414 4313 4017 4397">
     <span class='ocr_line' id='line_1_89' title="bbox 2414 4313 4017 4397; baseline -0.012 -13"><span class='ocrx_word' id='word_1_661' title='bbox 2414 4334 2538 4384; x_wconf 86' lang='grc' dir='ltr'>ὅσον</span> <span class='ocrx_word' id='word_1_662' title='bbox 2572 4332 2663 4382; x_wconf 73' lang='grc' dir='ltr'><strong>ἐπὶ</strong></span> <span class='ocrx_word' id='word_1_663' title='bbox 2696 4332 2762 4397; x_wconf 79' lang='grc' dir='ltr'><strong>τῇ</strong></span> <span class='ocrx_word' id='word_1_664' title='bbox 2806 4327 2980 4395; x_wconf 81' lang='grc' dir='ltr'>κακίᾳ</span> <span class='ocrx_word' id='word_1_665' title='bbox 3031 4325 3136 4375; x_wconf 82' lang='grc' dir='ltr'><strong>τῶν</strong></span> <span class='ocrx_word' id='word_1_666' title='bbox 3178 4320 3447 4373; x_wconf 83' lang='grc' dir='ltr'><strong>Ἰουδαίων</strong></span> <span class='ocrx_word' id='word_1_667' title='bbox 3472 4334 3485 4348; x_wconf 90' lang='grc'><strong>·</strong></span> <span class='ocrx_word' id='word_1_668' title='bbox 3518 4316 3612 4368; x_wconf 83' lang='grc' dir='ltr'><strong>τοῦ</strong></span> <span class='ocrx_word' id='word_1_669' title='bbox 3671 4315 3778 4383; x_wconf 84' lang='grc' dir='ltr'>γὰρ</span> <span class='ocrx_word' id='word_1_670' title='bbox 3841 4313 4017 4381; x_wconf 83' lang='grc' dir='ltr'>νόμου</span> 
     </span>
    </p>
   </div>
   <div class='ocr_carea' id='block_1_90' title="bbox 2416 4403 4023 4487">
    <p class='ocr_par' dir='ltr' id='par_1_90' title="bbox 2416 4403 4023 4487">
     <span class='ocr_line' id='line_1_90' title="bbox 2416 4403 4023 4487; baseline -0.012 -16"><span class='ocrx_word' id='word_1_671' title='bbox 2416 4418 2827 4487; x_wconf 81' lang='grc' dir='ltr'><strong>διαγορεύοντος</strong></span> <span class='ocrx_word' id='word_1_672' title='bbox 2863 4417 2929 4483; x_wconf 82' lang='grc' dir='ltr'><strong>τῇ</strong></span> <span class='ocrx_word' id='word_1_673' title='bbox 2962 4412 3150 4482; x_wconf 71' lang='grc' dir='ltr'>ἡμέρᾳ</span> <span class='ocrx_word' id='word_1_674' title='bbox 3201 4410 3296 4462; x_wconf 83' lang='grc' dir='ltr'>τοῦ</span> <span class='ocrx_word' id='word_1_675' title='bbox 3346 4406 3624 4460; x_wconf 64' lang='grc' dir='ltr'><strong>Σαδᾶάτου</strong></span> <span class='ocrx_word' id='word_1_676' title='bbox 3668 4403 3871 4473; x_wconf 79' lang='grc' dir='ltr'>μηδένα</span> <span class='ocrx_word' id='word_1_677' title='bbox 3924 4419 4023 4454; x_wconf 86' lang='grc' dir='ltr'>κι-</span> 
     </span>
    </p>
   </div>
   <div class='ocr_carea' id='block_1_91' title="bbox 732 4496 2429 4584">
    <p class='ocr_par' dir='ltr' id='par_1_91' title="bbox 732 4498 2429 4584">
     <span class='ocr_line' id='line_1_91' title="bbox 732 4498 2429 4584; baseline -0.008 -13"><span class='ocrx_word' id='word_1_678' title='bbox 732 4520 864 4572; x_wconf 88' lang='lat' dir='ltr'><strong>dunt</strong></span> <span class='ocrx_word' id='word_1_679' title='bbox 894 4517 958 4568; x_wconf 89' lang='lat' dir='ltr'><strong>ad</strong></span> <span class='ocrx_word' id='word_1_680' title='bbox 982 4516 1337 4584; x_wconf 71' lang='lat' dir='ltr'><strong>alienigenam</strong></span> <span class='ocrx_word' id='word_1_681' title='bbox 1374 4512 1629 4573; x_wconf 84' lang='lat' dir='ltr'><strong>Pilatum,</strong></span> <span class='ocrx_word' id='word_1_682' title='bbox 1664 4520 1717 4565; x_wconf 88' lang='lat' dir='ltr'><strong>et</strong></span> <span class='ocrx_word' id='word_1_683' title='bbox 1760 4523 1864 4563; x_wconf 90' lang='lat' dir='ltr'><strong>non</strong></span> <span class='ocrx_word' id='word_1_684' title='bbox 1899 4511 1965 4561; x_wconf 86' lang='lat' dir='ltr'><strong>ad</strong></span> <span class='ocrx_word' id='word_1_685' title='bbox 2012 4521 2311 4573; x_wconf 85' lang='lat' dir='ltr'><strong>congrega-</strong></span> <span class='ocrx_word' id='word_1_686' title='bbox 2346 4498 2387 4551; x_wconf 80' lang='grc' dir='ltr'><strong>Β</strong></span> <span class='ocrx_word' id='word_1_687' title='bbox 2419 4532 2429 4557; x_wconf 64' lang='grc' dir='ltr'><strong>ι</strong></span> 
     </span>
    </p>
   </div>
   <div class='ocr_carea' id='block_1_92' title="bbox 2321 4496 4018 4584">
    <p class='ocr_par' dir='ltr' id='par_1_92' title="bbox 2346 4496 4018 4568">
     <span class='ocr_line' id='line_1_92' title="bbox 2346 4496 4018 4568; baseline -0.011 -2"><span class='ocrx_word' id='word_1_688' title='bbox 2346 4498 2387 4551; x_wconf 76' lang='lat' dir='ltr'><strong>D</strong></span> <span class='ocrx_word' id='word_1_689' title='bbox 2419 4514 2626 4565; x_wconf 85' lang='grc' dir='ltr'>νεῖσθαι</span> <span class='ocrx_word' id='word_1_690' title='bbox 2664 4512 2726 4561; x_wconf 86' lang='grc' dir='ltr'>ὲκ</span> <span class='ocrx_word' id='word_1_691' title='bbox 2754 4508 2846 4560; x_wconf 85' lang='grc' dir='ltr'>τοῦ</span> <span class='ocrx_word' id='word_1_692' title='bbox 2878 4508 3046 4559; x_wconf 85' lang='grc' dir='ltr'>τόπου</span> <span class='ocrx_word' id='word_1_693' title='bbox 3082 4502 3269 4568; x_wconf 81' lang='grc' dir='ltr'><strong>αὐτοῦ,</strong></span> <span class='ocrx_word' id='word_1_694' title='bbox 3314 4502 3363 4554; x_wconf 90' lang='grc' dir='ltr'>οί</span> <span class='ocrx_word' id='word_1_695' title='bbox 3400 4499 3707 4568; x_wconf 82' lang='grc' dir='ltr'>παράνομοι</span> <span class='ocrx_word' id='word_1_696' title='bbox 3766 4496 4018 4549; x_wconf 87' lang='grc' dir='ltr'>Ἰουδαῖοι</span> 
     </span>
    </p>
   </div>
   <div class='ocr_carea' id='block_1_93' title="bbox 734 4590 2315 4678">
    <p class='ocr_par' dir='ltr' id='par_1_93' title="bbox 734 4590 2315 4678">
     <span class='ocr_line' id='line_1_93' title="bbox 734 4590 2315 4678; baseline -0.009 -14"><span class='ocrx_word' id='word_1_697' title='bbox 734 4614 933 4665; x_wconf 88' lang='lat' dir='ltr'><strong>tionem</strong></span> <span class='ocrx_word' id='word_1_698' title='bbox 964 4625 1125 4678; x_wconf 89' lang='lat' dir='ltr'><strong>quam</strong></span> <span class='ocrx_word' id='word_1_699' title='bbox 1161 4609 1240 4661; x_wconf 90' lang='lat' dir='ltr'><strong>lex</strong></span> <span class='ocrx_word' id='word_1_700' title='bbox 1298 4605 1667 4677; x_wconf 85' lang='lat' dir='ltr'><strong>permittebat,</strong></span> <span class='ocrx_word' id='word_1_701' title='bbox 1703 4601 1769 4654; x_wconf 87' lang='lat' dir='ltr'><strong>Et</strong></span> <span class='ocrx_word' id='word_1_702' title='bbox 1812 4601 1916 4668; x_wconf 90' lang='lat' dir='ltr'><strong>ipsi</strong></span> <span class='ocrx_word' id='word_1_703' title='bbox 1972 4600 2185 4665; x_wconf 90' lang='lat' dir='ltr'><strong>quidem</strong></span> <span class='ocrx_word' id='word_1_704' title='bbox 2220 4590 2315 4651; x_wconf 78' lang='lat' dir='ltr'><strong>sua</strong></span> 
     </span>
    </p>
   </div>
   <div class='ocr_carea' id='block_1_94' title="bbox 732 4692 2313 4767">
    <p class='ocr_par' dir='ltr' id='par_1_94' title="bbox 732 4692 2313 4767">
     <span class='ocr_line' id='line_1_94' title="bbox 732 4692 2313 4767; baseline -0.006 -14"><span class='ocrx_word' id='word_1_705' title='bbox 732 4700 938 4754; x_wconf 86' lang='lat' dir='ltr'><strong>malitia</strong></span> <span class='ocrx_word' id='word_1_706' title='bbox 972 4701 1379 4767; x_wconf 83' lang='lat' dir='ltr'><strong>instiganturut</strong></span> <span class='ocrx_word' id='word_1_707' title='bbox 1419 4696 1621 4749; x_wconf 87' lang='lat' dir='ltr'><strong>vadant</strong></span> <span class='ocrx_word' id='word_1_708' title='bbox 1656 4695 1720 4747; x_wconf 90' lang='lat' dir='ltr'><strong>ad</strong></span> <span class='ocrx_word' id='word_1_709' title='bbox 1787 4692 2038 4755; x_wconf 82' lang='lat' dir='ltr'><strong>Pilatum,</strong></span> <span class='ocrx_word' id='word_1_710' title='bbox 2083 4702 2137 4745; x_wconf 88' lang='lat' dir='ltr'><strong>et</strong></span> <span class='ocrx_word' id='word_1_711' title='bbox 2192 4707 2313 4744; x_wconf 82' lang='lat' dir='ltr'><strong>mu-</strong></span> 
     </span>
    </p>
   </div>
   <div class='ocr_carea' id='block_1_95' title="bbox 733 4785 2314 4859">
    <p class='ocr_par' dir='ltr' id='par_1_95' title="bbox 733 4785 2314 4859">
     <span class='ocr_line' id='line_1_95' title="bbox 733 4785 2314 4859; baseline -0.006 -14"><span class='ocrx_word' id='word_1_712' title='bbox 733 4793 886 4845; x_wconf 84' lang='lat' dir='ltr'><strong>niant</strong></span> <span class='ocrx_word' id='word_1_713' title='bbox 928 4792 1287 4859; x_wconf 88' lang='lat' dir='ltr'><strong>sepulcrum:</strong></span> <span class='ocrx_word' id='word_1_714' title='bbox 1355 4788 1449 4842; x_wconf 89' lang='lat' dir='ltr'><strong>Dei</strong></span> <span class='ocrx_word' id='word_1_715' title='bbox 1512 4796 1689 4839; x_wconf 86' lang='lat' dir='ltr'><strong>autem</strong></span> <span class='ocrx_word' id='word_1_716' title='bbox 1752 4786 2156 4853; x_wconf 85' lang='lat' dir='ltr'><strong>dispensatione</strong></span> <span class='ocrx_word' id='word_1_717' title='bbox 2212 4785 2314 4837; x_wconf 92' lang='lat' dir='ltr'><strong>hoc</strong></span> 
     </span>
    </p>
   </div>
   <div class='ocr_carea' id='block_1_96' title="bbox 731 4876 2315 4946">
    <p class='ocr_par' dir='ltr' id='par_1_96' title="bbox 731 4876 2315 4946">
     <span class='ocr_line' id='line_1_96' title="bbox 731 4876 2315 4946; baseline -0.006 -8"><span class='ocrx_word' id='word_1_718' title='bbox 731 4884 962 4946; x_wconf 84' lang='lat' dir='ltr'><strong>factum,</strong></span> <span class='ocrx_word' id='word_1_719' title='bbox 999 4893 1054 4935; x_wconf 95' lang='lat' dir='ltr'><strong>ut</strong></span> <span class='ocrx_word' id='word_1_720' title='bbox 1078 4882 1407 4935; x_wconf 87' lang='lat' dir='ltr'><strong>resurrectio</strong></span> <span class='ocrx_word' id='word_1_721' title='bbox 1440 4879 1678 4933; x_wconf 89' lang='lat' dir='ltr'><strong>inimicis</strong></span> <span class='ocrx_word' id='word_1_722' title='bbox 1711 4876 1939 4932; x_wconf 83' lang='lat' dir='ltr'><strong>testibus</strong></span> <span class='ocrx_word' id='word_1_723' title='bbox 1991 4878 2315 4942; x_wconf 81' lang='lat' dir='ltr'><strong>comprobe-</strong></span> 
     </span>
    </p>
   </div>
   <div class='ocr_carea' id='block_1_97' title="bbox 731 4969 2313 5043">
    <p class='ocr_par' dir='ltr' id='par_1_97' title="bbox 731 4969 2313 5043">
     <span class='ocr_line' id='line_1_97' title="bbox 731 4969 2313 5043; baseline -0.004 -14"><span class='ocrx_word' id='word_1_724' title='bbox 731 4986 841 5038; x_wconf 88' lang='lat' dir='ltr'><strong>tur,</strong></span> <span class='ocrx_word' id='word_1_725' title='bbox 866 4977 993 5030; x_wconf 91' lang='lat' dir='ltr'><strong>dum</strong></span> <span class='ocrx_word' id='word_1_726' title='bbox 1018 4976 1320 5043; x_wconf 84' lang='lat' dir='ltr'><strong>sepulcrum</strong></span> <span class='ocrx_word' id='word_1_727' title='bbox 1376 4974 1618 5026; x_wconf 91' lang='lat' dir='ltr'><strong>munitur</strong></span> <span class='ocrx_word' id='word_1_728' title='bbox 1642 4983 1693 5025; x_wconf 90' lang='lat' dir='ltr'><strong>et</strong></span> <span class='ocrx_word' id='word_1_729' title='bbox 1722 4972 2044 5025; x_wconf 85' lang='lat' dir='ltr'><strong>custoditur.</strong></span> <span class='ocrx_word' id='word_1_730' title='bbox 2074 4969 2313 5023; x_wconf 80' lang='lat' dir='ltr'><strong>Interro-</strong></span> 
     </span>
    </p>
   </div>
   <div class='ocr_carea' id='block_1_98' title="bbox 734 5060 2317 5139">
    <p class='ocr_par' dir='ltr' id='par_1_98' title="bbox 734 5060 2317 5139">
     <span class='ocr_line' id='line_1_98' title="bbox 734 5060 2317 5139; baseline -0.004 -21"><span class='ocrx_word' id='word_1_731' title='bbox 734 5069 946 5139; x_wconf 82' lang='lat' dir='ltr'><strong>gatione</strong></span> <span class='ocrx_word' id='word_1_732' title='bbox 977 5076 1157 5120; x_wconf 90' lang='lat' dir='ltr'><strong>autem</strong></span> <span class='ocrx_word' id='word_1_733' title='bbox 1193 5064 1437 5133; x_wconf 87' lang='lat' dir='ltr'><strong>dignum,</strong></span> <span class='ocrx_word' id='word_1_734' title='bbox 1468 5066 1608 5117; x_wconf 92' lang='lat' dir='ltr'><strong>unde</strong></span> <span class='ocrx_word' id='word_1_735' title='bbox 1658 5061 1829 5117; x_wconf 70' lang='lat' dir='ltr'><strong>Judaei</strong></span> <span class='ocrx_word' id='word_1_736' title='bbox 1859 5062 2103 5115; x_wconf 88' lang='lat' dir='ltr'><strong>sciebant</strong></span> <span class='ocrx_word' id='word_1_737' title='bbox 2150 5060 2317 5115; x_wconf 86' lang='lat' dir='ltr'><strong>Chri-</strong></span> 
     </span>
    </p>
   </div>
   <div class='ocr_carea' id='block_1_99' title="bbox 733 5151 2319 5212">
    <p class='ocr_par' dir='ltr' id='par_1_99' title="bbox 733 5151 2319 5212">
     <span class='ocr_line' id='line_1_99' title="bbox 733 5151 2319 5212; baseline -0.006 0"><span class='ocrx_word' id='word_1_738' title='bbox 733 5167 873 5212; x_wconf 83' lang='lat' dir='ltr'><strong>stum</strong></span> <span class='ocrx_word' id='word_1_739' title='bbox 903 5158 1060 5210; x_wconf 87' lang='lat' dir='ltr'><strong>tertio</strong></span> <span class='ocrx_word' id='word_1_740' title='bbox 1085 5158 1170 5210; x_wconf 88' lang='lat' dir='ltr'><strong>die</strong></span> <span class='ocrx_word' id='word_1_741' title='bbox 1193 5154 1666 5211; x_wconf 83' lang='lat' dir='ltr'><strong>resurrecturum?</strong></span> <span class='ocrx_word' id='word_1_742' title='bbox 1690 5154 1936 5207; x_wconf 72' lang='lat' dir='ltr'><strong>Nondum</strong></span> <span class='ocrx_word' id='word_1_743' title='bbox 1964 5154 2108 5207; x_wconf 88' lang='lat' dir='ltr'><strong>enim</strong></span> <span class='ocrx_word' id='word_1_744' title='bbox 2136 5151 2319 5204; x_wconf 87' lang='lat' dir='ltr'><strong>Domi-</strong></span> 
     </span>
    </p>
   </div>
   <div class='ocr_carea' id='block_1_100' title="bbox 734 5245 2320 5313">
    <p class='ocr_par' dir='ltr' id='par_1_100' title="bbox 734 5245 2320 5313">
     <span class='ocr_line' id='line_1_100' title="bbox 734 5245 2320 5313; baseline -0.005 -9"><span class='ocrx_word' id='word_1_745' title='bbox 734 5264 837 5305; x_wconf 92' lang='lat' dir='ltr'><strong>uus</strong></span> <span class='ocrx_word' id='word_1_746' title='bbox 863 5250 1000 5301; x_wconf 89' lang='lat' dir='ltr'><strong>unde</strong></span> <span class='ocrx_word' id='word_1_747' title='bbox 1030 5260 1080 5301; x_wconf 91' lang='lat' dir='ltr'><strong>et</strong></span> <span class='ocrx_word' id='word_1_748' title='bbox 1110 5248 1393 5301; x_wconf 78' lang='lat' dir='ltr'><strong>manifeste</strong></span> <span class='ocrx_word' id='word_1_749' title='bbox 1439 5247 1518 5300; x_wconf 91' lang='lat' dir='ltr'><strong>eis</strong></span> <span class='ocrx_word' id='word_1_750' title='bbox 1573 5248 1675 5299; x_wconf 90' lang='lat' dir='ltr'><strong>hoc</strong></span> <span class='ocrx_word' id='word_1_751' title='bbox 1715 5246 1942 5299; x_wconf 79' lang='lat' dir='ltr'><strong>dixerat.</strong></span> <span class='ocrx_word' id='word_1_752' title='bbox 1996 5245 2107 5299; x_wconf 84' lang='lat' dir='ltr'><strong>Dici</strong></span> <span class='ocrx_word' id='word_1_753' title='bbox 2143 5253 2320 5313; x_wconf 86' lang='lat' dir='ltr'><strong>potest</strong></span> 
     </span>
    </p>
   </div>
   <div class='ocr_carea' id='block_1_101' title="bbox 732 5336 2311 5407">
    <p class='ocr_par' dir='ltr' id='par_1_101' title="bbox 732 5336 2311 5407">
     <span class='ocr_line' id='line_1_101' title="bbox 732 5336 2311 5407; baseline -0.004 -14"><span class='ocrx_word' id='word_1_754' title='bbox 732 5339 931 5407; x_wconf 90' lang='lat' dir='ltr'><strong>quoda</strong></span> <span class='ocrx_word' id='word_1_755' title='bbox 976 5340 1145 5406; x_wconf 81' lang='lat' dir='ltr'><strong>ﬁgura</strong></span> <span class='ocrx_word' id='word_1_756' title='bbox 1197 5336 1344 5392; x_wconf 70' lang='lat' dir='ltr'><strong>Iona:</strong></span> <span class='ocrx_word' id='word_1_757' title='bbox 1401 5338 1776 5406; x_wconf 79' lang='lat' dir='ltr'><strong>cognoverint,</strong></span> <span class='ocrx_word' id='word_1_758' title='bbox 1832 5339 2129 5406; x_wconf 67' lang='lat' dir='ltr'><strong>praesertim</strong></span> <span class='ocrx_word' id='word_1_759' title='bbox 2189 5352 2311 5388; x_wconf 73' lang='lat' dir='ltr'><strong>cum</strong></span> 
     </span>
    </p>
   </div>
   <div class='ocr_carea' id='block_1_102' title="bbox 730 5428 2314 5486">
    <p class='ocr_par' dir='ltr' id='par_1_102' title="bbox 730 5428 2314 5486">
     <span class='ocr_line' id='line_1_102' title="bbox 730 5428 2314 5486; baseline -0.004 0"><span class='ocrx_word' id='word_1_760' title='bbox 730 5430 986 5486; x_wconf 88' lang='lat' dir='ltr'><strong>Christus</strong></span> <span class='ocrx_word' id='word_1_761' title='bbox 1025 5430 1226 5482; x_wconf 79' lang='lat' dir='ltr'><strong>dixerit</strong></span> <span class='ocrx_word' id='word_1_762' title='bbox 1262 5448 1274 5482; x_wconf 91' lang='lat'>:</span> <span class='ocrx_word' id='word_1_763' title='bbox 1313 5448 1329 5480; x_wconf 83' lang='lat' dir='ltr'><strong>t</strong></span> <span class='ocrx_word' id='word_1_764' title='bbox 1366 5430 1516 5485; x_wconf 88' lang='lat' dir='ltr'><strong>Sicut</strong></span> <span class='ocrx_word' id='word_1_765' title='bbox 1555 5428 1722 5483; x_wconf 81' lang='lat' dir='ltr'><strong>Jonas</strong></span> <span class='ocrx_word' id='word_1_766' title='bbox 1784 5428 1884 5481; x_wconf 75' lang='lat' dir='ltr'><strong>luit.</strong></span> <span class='ocrx_word' id='word_1_767' title='bbox 1921 5430 2094 5482; x_wconf 84' lang='lat' dir='ltr'><strong>tribus</strong></span> <span class='ocrx_word' id='word_1_768' title='bbox 2122 5429 2314 5481; x_wconf 67' lang='lat' dir='ltr'><strong>diebus</strong></span> 
     </span>
    </p>
   </div>
   <div class='ocr_carea' id='block_1_103' title="bbox 734 5520 2310 5590">
    <p class='ocr_par' dir='ltr' id='par_1_103' title="bbox 734 5520 2310 5590">
     <span class='ocr_line' id='line_1_103' title="bbox 734 5520 2310 5590; baseline -0.004 -16"><span class='ocrx_word' id='word_1_769' title='bbox 734 5520 788 5574; x_wconf 91' lang='lat' dir='ltr'><strong>in</strong></span> <span class='ocrx_word' id='word_1_770' title='bbox 840 5532 1027 5573; x_wconf 85' lang='lat' dir='ltr'><strong>ventre</strong></span> <span class='ocrx_word' id='word_1_771' title='bbox 1084 5522 1208 5582; x_wconf 85' lang='lat' dir='ltr'><strong>ceti,</strong></span> <span class='ocrx_word' id='word_1_772' title='bbox 1258 5523 1329 5573; x_wconf 89' lang='lat' dir='ltr'><strong>ita</strong></span> <span class='ocrx_word' id='word_1_773' title='bbox 1376 5532 1428 5573; x_wconf 88' lang='lat' dir='ltr'><strong>et</strong></span> <span class='ocrx_word' id='word_1_774' title='bbox 1488 5535 1587 5590; x_wconf 81' lang='lat' dir='ltr'><strong>ego</strong></span> <span class='ocrx_word' id='word_1_775' title='bbox 1631 5520 1684 5573; x_wconf 93' lang='lat' dir='ltr'><strong>in</strong></span> <span class='ocrx_word' id='word_1_776' title='bbox 1728 5529 1915 5573; x_wconf 86' lang='lat' dir='ltr'><strong>ventre</strong></span> <span class='ocrx_word' id='word_1_777' title='bbox 1960 5530 2119 5573; x_wconf 76' lang='lat' dir='ltr'><strong>terrae</strong></span> <span class='ocrx_word' id='word_1_778' title='bbox 2146 5520 2253 5581; x_wconf 81' lang='lat'><strong>&quot;°;</strong></span> <span class='ocrx_word' id='word_1_779' title='bbox 2293 5537 2310 5567; x_wconf 73' lang='grc' dir='ltr'><strong>ι</strong></span> 
     </span>
    </p>
   </div>
   <div class='ocr_carea' id='block_1_104' title="bbox 737 5610 2317 5682">
    <p class='ocr_par' dir='ltr' id='par_1_104' title="bbox 737 5610 2317 5682">
     <span class='ocr_line' id='line_1_104' title="bbox 737 5610 2317 5682; baseline -0.001 -18"><span class='ocrx_word' id='word_1_780' title='bbox 737 5612 892 5682; x_wconf 71' lang='lat'><strong>163</strong></span> <span class='ocrx_word' id='word_1_781' title='bbox 954 5614 1035 5666; x_wconf 88' lang='lat' dir='ltr'><strong>vel</strong></span> <span class='ocrx_word' id='word_1_782' title='bbox 1070 5628 1136 5668; x_wconf 91' lang='lat' dir='ltr'><strong>ex</strong></span> <span class='ocrx_word' id='word_1_783' title='bbox 1196 5612 1287 5664; x_wconf 81' lang='lat' dir='ltr'><strong>illo</strong></span> <span class='ocrx_word' id='word_1_784' title='bbox 1327 5610 1472 5681; x_wconf 74' lang='lat' dir='ltr'><strong>quod</strong></span> <span class='ocrx_word' id='word_1_785' title='bbox 1504 5612 1638 5666; x_wconf 81' lang='lat' dir='ltr'><strong>dixit</strong></span> <span class='ocrx_word' id='word_1_786' title='bbox 1688 5632 1700 5667; x_wconf 95' lang='lat'>:</span> <span class='ocrx_word' id='word_1_787' title='bbox 1749 5631 1766 5662; x_wconf 85' lang='grc'><strong>«</strong></span> <span class='ocrx_word' id='word_1_788' title='bbox 1803 5610 2006 5666; x_wconf 88' lang='lat' dir='ltr'><strong>Solvite</strong></span> <span class='ocrx_word' id='word_1_789' title='bbox 2061 5612 2317 5681; x_wconf 82' lang='lat' dir='ltr'><strong>templum</strong></span> 
     </span>
    </p>
   </div>
   <div class='ocr_carea' id='block_1_105' title="bbox 810 5793 1346 5859">
    <p class='ocr_par' dir='ltr' id='par_1_105' title="bbox 810 5793 1346 5859">
     <span class='ocr_line' id='line_1_105' title="bbox 810 5793 1346 5859; baseline 0.004 -11"><span class='ocrx_word' id='word_1_790' title='bbox 810 5794 873 5824; x_wconf 79' lang='lat'><strong>&quot;&#39;</strong></span> <span class='ocrx_word' id='word_1_791' title='bbox 910 5793 1092 5849; x_wconf 80' lang='lat' dir='ltr'><strong>Matth.</strong></span> <span class='ocrx_word' id='word_1_792' title='bbox 1132 5811 1223 5859; x_wconf 86' lang='lat' dir='ltr'><strong>xu,</strong></span> <span class='ocrx_word' id='word_1_793' title='bbox 1258 5798 1346 5851; x_wconf 71' lang='grc'><strong>40.</strong></span> 
     </span>
    </p>
   </div>
   <div class='ocr_carea' id='block_1_106' title="bbox 2419 4586 4020 4674">
    <p class='ocr_par' dir='ltr' id='par_1_106' title="bbox 2419 4586 4020 4674">
     <span class='ocr_line' id='line_1_106' title="bbox 2419 4586 4020 4674; baseline -0.012 -18"><span class='ocrx_word' id='word_1_794' title='bbox 2419 4604 2556 4674; x_wconf 87' lang='grc' dir='ltr'>πρὸς</span> <span class='ocrx_word' id='word_1_795' title='bbox 2585 4602 2675 4654; x_wconf 78' lang='grc' dir='ltr'><strong>τὸν</strong></span> <span class='ocrx_word' id='word_1_796' title='bbox 2707 4599 3007 4667; x_wconf 78' lang='grc' dir='ltr'>ἀλλόφυλον</span> <span class='ocrx_word' id='word_1_797' title='bbox 3041 4596 3275 4649; x_wconf 82' lang='grc' dir='ltr'><strong>Πιλᾶτον</strong></span> <span class='ocrx_word' id='word_1_798' title='bbox 3328 4593 3677 4657; x_wconf 83' lang='grc' dir='ltr'>συνάγονται,</span> <span class='ocrx_word' id='word_1_799' title='bbox 3728 4588 3851 4640; x_wconf 76' lang='grc' dir='ltr'>ἀντὶ</span> <span class='ocrx_word' id='word_1_800' title='bbox 3912 4586 4020 4655; x_wconf 81' lang='grc' dir='ltr'><strong>τῆς</strong></span> 
     </span>
    </p>
   </div>
   <div class='ocr_carea' id='block_1_107' title="bbox 2415 4680 4018 4763">
    <p class='ocr_par' dir='ltr' id='par_1_107' title="bbox 2415 4680 4018 4763">
     <span class='ocr_line' id='line_1_107' title="bbox 2415 4680 4018 4763; baseline -0.01 -16"><span class='ocrx_word' id='word_1_801' title='bbox 2415 4694 2811 4763; x_wconf 82' lang='grc' dir='ltr'>νενομισμένης</span> <span class='ocrx_word' id='word_1_802' title='bbox 2840 4690 3131 4753; x_wconf 80' lang='grc' dir='ltr'><strong>συνάξεως.</strong></span> <span class='ocrx_word' id='word_1_803' title='bbox 3176 4687 3318 4739; x_wconf 79' lang='grc' dir='ltr'>Ἀλλ’</span> <span class='ocrx_word' id='word_1_804' title='bbox 3350 4688 3549 4737; x_wconf 77' lang='grc' dir='ltr'>ἐκεῖνοι</span> <span class='ocrx_word' id='word_1_805' title='bbox 3613 4684 3711 4750; x_wconf 87' lang='grc' dir='ltr'><strong>μὲν</strong></span> <span class='ocrx_word' id='word_1_806' title='bbox 3765 4681 3869 4733; x_wconf 72' lang='grc' dir='ltr'><strong>ὑπὸ</strong></span> <span class='ocrx_word' id='word_1_807' title='bbox 3914 4680 4018 4747; x_wconf 80' lang='grc' dir='ltr'><strong>τῆς</strong></span> 
     </span>
    </p>
   </div>
   <div class='ocr_carea' id='block_1_108' title="bbox 2415 4770 4020 4846">
    <p class='ocr_par' dir='ltr' id='par_1_108' title="bbox 2415 4770 4020 4846">
     <span class='ocr_line' id='line_1_108' title="bbox 2415 4770 4020 4846; baseline -0.009 -10"><span class='ocrx_word' id='word_1_808' title='bbox 2415 4782 2628 4836; x_wconf 77' lang='grc' dir='ltr'><strong>ἑαυτῶν</strong></span> <span class='ocrx_word' id='word_1_809' title='bbox 2658 4780 2933 4834; x_wconf 73' lang='grc' dir='ltr'>κινοῦνται</span> <span class='ocrx_word' id='word_1_810' title='bbox 2970 4779 3236 4846; x_wconf 86' lang='grc' dir='ltr'>πονηρίας</span> <span class='ocrx_word' id='word_1_811' title='bbox 3264 4778 3343 4837; x_wconf 71' lang='grc' dir='ltr'><strong>εἰς</strong></span> <span class='ocrx_word' id='word_1_812' title='bbox 3373 4775 3433 4826; x_wconf 83' lang='grc' dir='ltr'>τὸ</span> <span class='ocrx_word' id='word_1_813' title='bbox 3462 4772 3783 4843; x_wconf 84' lang='grc' dir='ltr'>προσελθεῖν</span> <span class='ocrx_word' id='word_1_814' title='bbox 3814 4770 3892 4840; x_wconf 80' lang='grc' dir='ltr'><strong>τῷ</strong></span> <span class='ocrx_word' id='word_1_815' title='bbox 3916 4771 4020 4822; x_wconf 78' lang='grc' dir='ltr'><strong>Πι-</strong></span> 
     </span>
    </p>
   </div>
   <div class='ocr_carea' id='block_1_109' title="bbox 2414 4864 4020 4944">
    <p class='ocr_par' dir='ltr' id='par_1_109' title="bbox 2414 4864 4020 4944">
     <span class='ocr_line' id='line_1_109' title="bbox 2414 4864 4020 4944; baseline -0.008 -16"><span class='ocrx_word' id='word_1_816' title='bbox 2414 4876 2583 4944; x_wconf 86' lang='grc' dir='ltr'>λὰτῳ,</span> <span class='ocrx_word' id='word_1_817' title='bbox 2616 4874 2711 4925; x_wconf 74' lang='grc' dir='ltr'>καὶ</span> <span class='ocrx_word' id='word_1_818' title='bbox 2740 4872 3147 4940; x_wconf 83' lang='grc' dir='ltr'>ἀσφαλίσασθαι</span> <span class='ocrx_word' id='word_1_819' title='bbox 3170 4870 3261 4921; x_wconf 76' lang='grc' dir='ltr'>τὸν</span> <span class='ocrx_word' id='word_1_820' title='bbox 3287 4868 3459 4935; x_wconf 80' lang='grc' dir='ltr'>τάφον</span> <span class='ocrx_word' id='word_1_821' title='bbox 3490 4883 3502 4895; x_wconf 85' lang='grc'><strong>·</strong></span> <span class='ocrx_word' id='word_1_822' title='bbox 3531 4865 3667 4916; x_wconf 79' lang='grc' dir='ltr'><strong>Θεοῦ</strong></span> <span class='ocrx_word' id='word_1_823' title='bbox 3704 4864 3758 4915; x_wconf 81' lang='grc' dir='ltr'><strong>δὲ</strong></span> <span class='ocrx_word' id='word_1_824' title='bbox 3813 4865 4020 4915; x_wconf 85' lang='grc' dir='ltr'>οίκονο-</span> 
     </span>
    </p>
   </div>
   <div class='ocr_carea' id='block_1_110' title="bbox 2416 4954 4018 5035">
    <p class='ocr_par' dir='ltr' id='par_1_110' title="bbox 2416 4954 4018 5035">
     <span class='ocr_line' id='line_1_110' title="bbox 2416 4954 4018 5035; baseline -0.006 -19"><span class='ocrx_word' id='word_1_825' title='bbox 2416 4968 2512 5035; x_wconf 89' lang='grc' dir='ltr'><strong>μία</strong></span> <span class='ocrx_word' id='word_1_826' title='bbox 2545 4964 2727 5027; x_wconf 79' lang='grc' dir='ltr'>τοῦτο,</span> <span class='ocrx_word' id='word_1_827' title='bbox 2783 4964 2871 5016; x_wconf 79' lang='grc' dir='ltr'><strong>ἵνα</strong></span> <span class='ocrx_word' id='word_1_828' title='bbox 2910 4962 3271 5031; x_wconf 82' lang='grc' dir='ltr'>ήάνάστασις</span> <span class='ocrx_word' id='word_1_829' title='bbox 3330 4958 3542 5025; x_wconf 84' lang='grc' dir='ltr'>γένοιτο</span> <span class='ocrx_word' id='word_1_830' title='bbox 3607 4955 3713 5007; x_wconf 81' lang='grc' dir='ltr'><strong>ὑπὸ</strong></span> <span class='ocrx_word' id='word_1_831' title='bbox 3772 4954 4018 5022; x_wconf 80' lang='grc' dir='ltr'>μάρτυσι</span> 
     </span>
    </p>
   </div>
   <div class='ocr_carea' id='block_1_111' title="bbox 2413 5046 4019 5125">
    <p class='ocr_par' dir='ltr' id='par_1_111' title="bbox 2413 5046 4019 5125">
     <span class='ocr_line' id='line_1_111' title="bbox 2413 5046 4019 5125; baseline -0.009 -16"><span class='ocrx_word' id='word_1_832' title='bbox 2413 5059 2523 5119; x_wconf 82' lang='grc' dir='ltr'>τοῖς</span> <span class='ocrx_word' id='word_1_833' title='bbox 2578 5056 2814 5125; x_wconf 77' lang='grc' dir='ltr'>ἐχθροῖς,</span> <span class='ocrx_word' id='word_1_834' title='bbox 2871 5055 2967 5106; x_wconf 80' lang='grc' dir='ltr'>καὶ</span> <span class='ocrx_word' id='word_1_835' title='bbox 3041 5051 3483 5121; x_wconf 83' lang='grc' dir='ltr'>ὲσφραγισμένου</span> <span class='ocrx_word' id='word_1_836' title='bbox 3545 5047 3640 5098; x_wconf 82' lang='grc' dir='ltr'>τοῦ</span> <span class='ocrx_word' id='word_1_837' title='bbox 3700 5047 3872 5113; x_wconf 85' lang='grc' dir='ltr'>τάφου</span> <span class='ocrx_word' id='word_1_838' title='bbox 3920 5046 4019 5095; x_wconf 75' lang='grc' dir='ltr'><strong>καὶ</strong></span> 
     </span>
    </p>
   </div>
   <div class='ocr_carea' id='block_1_112' title="bbox 2416 5137 4018 5216">
    <p class='ocr_par' dir='ltr' id='par_1_112' title="bbox 2416 5137 4018 5216">
     <span class='ocr_line' id='line_1_112' title="bbox 2416 5137 4018 5216; baseline -0.007 -17"><span class='ocrx_word' id='word_1_839' title='bbox 2416 5147 2822 5216; x_wconf 80' lang='grc' dir='ltr'><strong>φυλαττομένου</strong></span> <span class='ocrx_word' id='word_1_840' title='bbox 2847 5163 2860 5175; x_wconf 90' lang='grc'><strong>·</strong></span> <span class='ocrx_word' id='word_1_841' title='bbox 2896 5146 3045 5209; x_wconf 81' lang='grc' dir='ltr'>ἀξιον</span> <span class='ocrx_word' id='word_1_842' title='bbox 3075 5145 3132 5196; x_wconf 84' lang='grc' dir='ltr'><strong>δὲ</strong></span> <span class='ocrx_word' id='word_1_843' title='bbox 3176 5142 3413 5211; x_wconf 84' lang='grc' dir='ltr'>ζητῆσαι</span> <span class='ocrx_word' id='word_1_844' title='bbox 3477 5140 3643 5191; x_wconf 72' lang='grc' dir='ltr'>πόθεν</span> <span class='ocrx_word' id='word_1_845' title='bbox 3670 5140 3719 5190; x_wconf 92' lang='grc' dir='ltr'>οί</span> <span class='ocrx_word' id='word_1_846' title='bbox 3768 5137 4018 5189; x_wconf 87' lang='grc' dir='ltr'>Ἰουδαῖοι</span> 
     </span>
    </p>
   </div>
   <div class='ocr_carea' id='block_1_113' title="bbox 2421 5231 4012 5309">
    <p class='ocr_par' dir='ltr' id='par_1_113' title="bbox 2421 5231 4012 5309">
     <span class='ocr_line' id='line_1_113' title="bbox 2421 5231 4012 5309; baseline -0.008 -17"><span class='ocrx_word' id='word_1_847' title='bbox 2421 5240 2681 5309; x_wconf 86' lang='grc' dir='ltr'>μαθόντες</span> <span class='ocrx_word' id='word_1_848' title='bbox 2712 5236 2863 5291; x_wconf 82' lang='grc' dir='ltr'>εἷπον</span> <span class='ocrx_word' id='word_1_849' title='bbox 2888 5240 2968 5290; x_wconf 85' lang='grc' dir='ltr'>ὅτι</span> <span class='ocrx_word' id='word_1_850' title='bbox 3040 5240 3106 5305; x_wconf 81' lang='grc' dir='ltr'>τῇ</span> <span class='ocrx_word' id='word_1_851' title='bbox 3164 5236 3323 5304; x_wconf 83' lang='grc' dir='ltr'>τρίτῃ</span> <span class='ocrx_word' id='word_1_852' title='bbox 3380 5233 3564 5301; x_wconf 66' lang='grc' dir='ltr'><strong>ἡμέρᾳ⁵</strong></span> <span class='ocrx_word' id='word_1_853' title='bbox 3623 5231 4012 5299; x_wconf 81' lang='grc' dir='ltr'>ἐγερθήσεται·</span> 
     </span>
    </p>
   </div>
   <div class='ocr_carea' id='block_1_114' title="bbox 2418 5321 4015 5399">
    <p class='ocr_par' dir='ltr' id='par_1_114' title="bbox 2418 5321 4015 5399">
     <span class='ocr_line' id='line_1_114' title="bbox 2418 5321 4015 5399; baseline -0.009 -15"><span class='ocrx_word' id='word_1_854' title='bbox 2418 5331 2477 5383; x_wconf 82' lang='grc' dir='ltr'><strong>οὐ</strong></span> <span class='ocrx_word' id='word_1_855' title='bbox 2516 5332 2625 5399; x_wconf 84' lang='grc' dir='ltr'>γὰρ</span> <span class='ocrx_word' id='word_1_856' title='bbox 2655 5330 2827 5398; x_wconf 83' lang='grc' dir='ltr'>δήπου</span> <span class='ocrx_word' id='word_1_857' title='bbox 2864 5332 2891 5382; x_wconf 94' lang='lat'><strong>6</strong></span> <span class='ocrx_word' id='word_1_858' title='bbox 2940 5327 3142 5397; x_wconf 79' lang='grc' dir='ltr'>Κύριος</span> <span class='ocrx_word' id='word_1_859' title='bbox 3175 5321 3294 5377; x_wconf 78' lang='grc' dir='ltr'>εἶπε</span> <span class='ocrx_word' id='word_1_860' title='bbox 3325 5324 3481 5377; x_wconf 83' lang='grc' dir='ltr'>τοῦτο</span> <span class='ocrx_word' id='word_1_861' title='bbox 3532 5322 3720 5390; x_wconf 81' lang='grc' dir='ltr'>σαφῶς</span> <span class='ocrx_word' id='word_1_862' title='bbox 3769 5322 3861 5373; x_wconf 75' lang='grc' dir='ltr'>καὶ</span> <span class='ocrx_word' id='word_1_863' title='bbox 3912 5337 4015 5385; x_wconf 85' lang='grc' dir='ltr'><strong>γυ-</strong></span> 
     </span>
    </p>
   </div>
   <div class='ocr_carea' id='block_1_115' title="bbox 2430 5414 4017 5495">
    <p class='ocr_par' dir='ltr' id='par_1_115' title="bbox 2430 5414 4017 5495">
     <span class='ocr_line' id='line_1_115' title="bbox 2430 5414 4017 5495; baseline -0.009 -19"><span class='ocrx_word' id='word_1_864' title='bbox 2430 5426 2595 5495; x_wconf 81' lang='grc' dir='ltr'>μνῶς.</span> <span class='ocrx_word' id='word_1_865' title='bbox 2631 5424 2819 5476; x_wconf 84' lang='grc' dir='ltr'>Ἔστιν</span> <span class='ocrx_word' id='word_1_866' title='bbox 2853 5419 2949 5475; x_wconf 82' lang='grc' dir='ltr'>οὖν</span> <span class='ocrx_word' id='word_1_867' title='bbox 2982 5424 3157 5474; x_wconf 76' lang='grc' dir='ltr'>είπεῖν</span> <span class='ocrx_word' id='word_1_868' title='bbox 3186 5423 3268 5472; x_wconf 79' lang='grc' dir='ltr'>ὅτι</span> <span class='ocrx_word' id='word_1_869' title='bbox 3302 5416 3409 5470; x_wconf 81' lang='grc' dir='ltr'><strong>ἀπὸ</strong></span> <span class='ocrx_word' id='word_1_870' title='bbox 3448 5416 3541 5468; x_wconf 86' lang='grc' dir='ltr'>τοῦ</span> <span class='ocrx_word' id='word_1_871' title='bbox 3568 5414 4017 5481; x_wconf 80' lang='grc' dir='ltr'>παραδείγματος</span> 
     </span>
    </p>
   </div>
   <div class='ocr_carea' id='block_1_116' title="bbox 2425 5504 4018 5579">
    <p class='ocr_par' dir='ltr' id='par_1_116' title="bbox 2425 5504 4018 5579">
     <span class='ocr_line' id='line_1_116' title="bbox 2425 5504 4018 5579; baseline -0.009 -12"><span class='ocrx_word' id='word_1_872' title='bbox 2425 5514 2520 5567; x_wconf 79' lang='grc' dir='ltr'>τοῦ</span> <span class='ocrx_word' id='word_1_873' title='bbox 2550 5515 2711 5566; x_wconf 84' lang='grc' dir='ltr'>Ἰωνᾶ</span> <span class='ocrx_word' id='word_1_874' title='bbox 2737 5514 2895 5565; x_wconf 76' lang='grc' dir='ltr'>τοῦτο</span> <span class='ocrx_word' id='word_1_875' title='bbox 2952 5512 3220 5579; x_wconf 63' lang='grc' dir='ltr'><strong>ἔγνωσαν</strong></span> <span class='ocrx_word' id='word_1_876' title='bbox 3253 5507 3373 5561; x_wconf 83' lang='grc' dir='ltr'>εἶπε</span> <span class='ocrx_word' id='word_1_877' title='bbox 3404 5507 3513 5575; x_wconf 83' lang='grc' dir='ltr'>γὰρ</span> <span class='ocrx_word' id='word_1_878' title='bbox 3544 5509 3571 5558; x_wconf 92' lang='lat'><strong>6</strong></span> <span class='ocrx_word' id='word_1_879' title='bbox 3626 5504 3888 5573; x_wconf 78' lang='grc' dir='ltr'>Χριστὸς,</span> <span class='ocrx_word' id='word_1_880' title='bbox 3932 5504 4018 5555; x_wconf 81' lang='grc' dir='ltr'>ὅτι</span> 
     </span>
    </p>
   </div>
   <div class='ocr_carea' id='block_1_117' title="bbox 2436 5595 4015 5677">
    <p class='ocr_par' dir='ltr' id='par_1_117' title="bbox 2436 5595 4015 5677">
     <span class='ocr_line' id='line_1_117' title="bbox 2436 5595 4015 5677; baseline -0.008 -17"><span class='ocrx_word' id='word_1_881' title='bbox 2436 5609 2677 5677; x_wconf 83' lang='grc' dir='ltr'>ιὪσπερ</span> <span class='ocrx_word' id='word_1_882' title='bbox 2722 5609 2905 5669; x_wconf 82' lang='grc' dir='ltr'>Ἰωνᾶς</span> <span class='ocrx_word' id='word_1_883' title='bbox 2942 5602 3009 5675; x_wconf 79' lang='grc' dir='ltr'><strong>ἦν</strong></span> <span class='ocrx_word' id='word_1_884' title='bbox 3039 5608 3188 5674; x_wconf 82' lang='grc' dir='ltr'>τρεῖς</span> <span class='ocrx_word' id='word_1_885' title='bbox 3224 5604 3439 5673; x_wconf 81' lang='grc' dir='ltr'>ἡμέρας</span> <span class='ocrx_word' id='word_1_886' title='bbox 3468 5603 3527 5653; x_wconf 80' lang='grc' dir='ltr'>ὲν</span> <span class='ocrx_word' id='word_1_887' title='bbox 3560 5601 3628 5669; x_wconf 80' lang='grc' dir='ltr'><strong>τῇ</strong></span> <span class='ocrx_word' id='word_1_888' title='bbox 3681 5596 3861 5668; x_wconf 73' lang='grc' dir='ltr'>κοιλίᾳ</span> <span class='ocrx_word' id='word_1_889' title='bbox 3919 5595 4015 5649; x_wconf 82' lang='grc' dir='ltr'><strong>τοῦ</strong></span> 
     </span>
    </p>
   </div>
  </div>
