4298 6446
307 411 416 478 ιπ

872 407 1323 471 ΕΝΑῙὶΒᾹΤιΟ
1360 407 1437 466 IN
1492 405 2000 467 EVANGELIUM
2040 402 2432 464 ΜΑΤἸῊίΕῐ.
2468 425 2532 437 -

1360 407 1437 466 IN
1492 405 2000 467 EVANGELIUM
2040 402 2432 464 ΜΑΤἸῊίΕῐ.
2468 425 2532 437 -
2577 399 2739 460 CAP.
2775 397 3054 459 XXVIII.

3481 395 3591 463 U8

307 532 532 599 κήτους,
560 525 707 581 οὕτω
735 526 831 580 καὶ
879 523 991 590 ἐγὼ
1023 526 1093 577 εν.
1136 527 1202 593 τῇ
1234 524 1417 592 κοιλίᾳ
1460 525 1563 594 τῆς
1611 525 1739 593 γῆς·
1771 544 1790 578 ι
1849 525 1884 594 ἢ
1915 528 1960 582 Δ
1990 525 2004 576 Ι

1915 525 2110 583 Alme,
2147 540 2167 572 ι
2207 522 2348 588 quod
2405 518 2558 586 prius
2616 530 2722 570 non
2788 514 3209 575 intellexerunt,
3285 509 3377 564 sed
3437 522 3593 576 puta-

309 621 408 675 καὶ
423 621 529 674 ἀπὸ
545 618 658 672 τοῦο
681 634 700 668 ι
727 614 1056 670 Λύσατειτδν
1079 614 1203 667 ναὸν
1221 613 1430 667 τοῦτονο
1445 634 1465 667 ι
1495 615 1760 685 πρότερον
1799 617 1898 686 μὲν

309 715 422 783 γὰρ
454 713 526 783 μὴ
567 712 858 777 νοήσαντες
890 708 1069 770 τοῦτο,
1099 704 1234 758 ἀλλὰ
1262 707 1610 775 νομίσαντες,
1657 709 1741 760 ὅτι
1770 707 1900 776 περὶ

309 806 404 859 τοῦ
438 803 562 855 ναοῦ
589 802 736 870 λέγει
763 801 860 853 τοῦ
913 800 1228 858 Ἰουδαϊκοῦ,
1263 800 1763 869 κατεμαρτύρησαν
1797 800 1899 852 αύ·

311 897 408 950 τοῦ
437 912 450 927 °
480 895 577 947 νῦν
599 895 655 946 δὲ
682 894 922 961 γνόντες,
949 893 1031 943 ὃτι
1054 894 1178 943 ναδν
1212 891 1365 958 ἔλεγε
1395 894 1455 942 τὸ
1484 891 1644 961 σῶμα
1661 890 1721 943 τὸ
1745 891 1896 958 ἴδιον,

311 986 632 1056 φοϐοῦνται,
670 985 765 1036 καὶ
797 983 998 1035 πλάνον
1023 983 1185 1034 αὑτὸν
1215 982 1574 1045 ἀποκαλοῦσι,
1611 982 1746 1052 μηδὲ
1802 999 1900 1050 με·

310 1079 380 1130 τά
414 1079 644 1132 θάνατον
667 1077 766 1142 τὴν
800 1076 998 1128 κακίαν
1021 1074 1301 1135 λύσαντες.
1338 1074 1656 1126 Κουστωδία
1712 1074 1769 1126 δὲ
1815 1075 1901 1127 λέ-

309 1183 467 1235 γεται
502 1165 650 1234 παρὰ
691 1165 980 1233 Ῥωμαίοις
1030 1165 1062 1233 ἠ
1114 1163 1329 1231 φυλακή
1367 1179 1380 1193 ·
1412 1164 1540 1226 τοὺς
1576 1163 1668 1216 οῦν
1696 1164 1788 1216 ἐπὶ
1821 1163 1900 1232 τῷ

311 1259 605 1328 φυλάττειν
674 1257 1043 1324 τεταγμένους
1121 1255 1494 1324 στρατιώτας,
1570 1254 1901 1309 κουστωδίαν

309 1351 589 1420 ὀνομάζει.

890 1462 1145 1516 ΚΕΦΑΛ.
1181 1461 1318 1517 KII'.

309 1574 454 1644 Περὶ
485 1574 594 1641 τῆς
625 1574 730 1628 τοῦ
764 1575 985 1641 Κυρίου
1021 1575 1434 1644 ἀναστάσεως.
1468 1577 1605 1640 Περὶ
1640 1571 1758 1626 τῶν
1788 1591 1900 1641 φυ-

383 1643 590 1700 λάκων
619 1645 724 1697 τοῦ
754 1644 971 1711 τάφου.
997 1647 1316 1711 μαρτύρων
1342 1643 1454 1710 τῆς
1481 1644 1896 1707 ἀναστάσεως.

387 1714 527 1780 Περί
564 1712 670 1779 τῆς
711 1715 1091 1780 ἐμφανίσεως
1134 1715 1239 1767 τοῦ
1285 1714 1544 1780 Χριστοῦ
1584 1713 1710 1779 τοῖς
1752 1714 1901 1768 ἀπο·-

383 1785 632 1849 στόλοις
667 1786 763 1836 καί
798 1783 1083 1851 γυναιξὶν
1110 1784 1181 1837 ἐν
1210 1785 1534 1850 Γαλιλαία.

390 1915 409 1946 ι
457 1895 585 1963 Ὀψὲ
630 1895 686 1948 δὲ
734 1895 1049 1961 Σαϐϐάτων,
1094 1900 1160 1966 τῇ
1210 1895 1598 1967 ἐπιφωσκούσῃ
1645 1898 1724 1958 είς
1772 1897 1900 1966 μίαν

311 1986 642 2052 Σαῦϐάτων,
685 1983 813 2057 ἦλθε
856 1988 1046 2056 Μαρία
1088 1990 1120 2058 ἡ
1163 1987 1501 2058 Μαγδαληνὴ
1543 1989 1640 2040 καὶ
1683 1989 1718 2057 ἡ
1763 1987 1898 2056 ἄλλη

310 2077 536 2146 Μαρία,
567 2077 840 2148 θεωρῆσαι.
870 2078 960 2129 τὸν
991 2079 1183 2145 τάφον.
1220 2080 1327 2132 Καὶ
1367 2079 1477 2131 ἰδοὺ
1514 2080 1739 2148 σεισμὸς
1775 2081 1897 2146 ὲγέ-

311 2183 436 2220 νετο
470 2168 644 2236 μέγας
670 2185 683 2197 ·
719 2168 947 2234 ἄγγελος
978 2169 1088 2238 γάρ
1122 2170 1329 2237 Κυρίου
1366 2170 1613 2232 καταϐὰς
1645 2171 1704 2235 ἐξ
1734 2173 1901 2240 οὖρα-

311 2259 427 2321 νοῦ,
460 2259 774 2328 προσελθὼν
804 2259 1104 2312 ἀπεκύλισε
1138 2260 1229 2312 τὸν
1259 2261 1406 2312 λίθον
1439 2262 1547 2313 ἀπὸ
1577 2266 1676 2329 τῆς
1707 2262 1898 2332 θύρας,

313 2353 408 2404 καὶ
448 2351 684 2417 ἐκάθητο
719 2353 906 2406 ἐπάνω
943 2352 1112 2405 αὑτοῦ
1137 2369 1152 2383 ο
1189 2349 1258 2423 ἦν
1297 2353 1355 2406 δὲ
1391 2355 1424 2422 ή
1469 2354 1580 2406 ἰδέα
1620 2355 1787 2406 αὐτοῦ
1826 2354 1903 2416 ὡς

315 2445 596 2513 ἀστραπὴ,
623 2445 713 2496 καὶ
741 2445 800 2496 τὸ
827 2444 1032 2513 ἔνδυμα
1059 2443 1226 2497 αὑτοῦ
1254 2444 1444 2496 λευκὸν
1470 2446 1547 2507 ὡς
1578 2445 1732 2513 χιών.
1769 2447 1903 2498 ’Λπδ

313 2535 368 2587 δὲ
393 2534 486 2587 τοῦ
515 2535 682 2601 φόϐου
708 2534 871 2587 αὐτοῦ
899 2535 1224 2604 ἐσείσθησαν
1246 2537 1294 2587 οῖ
1322 2535 1637 2606 τηροῦντες,
1664 2537 1759 2586 καὶ
1784 2537 1904 2602 e75-

315 2643 468 2679 νοντο
494 2626 625 2677 ὡσεὶ
648 2626 831 2694 νεκροί
840 2667 853 2680 .
889 2625 1236 2694 Ἀποκριθεὶς
1259 2625 1313 2678 δὲ
1340 2628 1367 2678 6
1389 2625 1618 2692 ἄγγελος
1645 2624 1766 2678 είπε
1787 2629 1904 2688 ταῖς

322 2714 531 2781 ιυναιξί
555 2731 566 2743 ·
595 2714 685 2783 Μὴ
721 2714 973 2781 φοϐεῖσθε
1012 2715 1191 2783 ὑμεῖς.
1231 2710 1362 2766 Οῐδα
1396 2715 1539 2784 γὰρ,
1578 2715 1660 2768 ὅτι
1698 2713 1905 2784 Ἰησοῦν

313 2804 409 2856 τὸν
445 2807 862 2874 ἐσταυρωμένον
897 2804 1149 2874 ζητεῖτε’
1185 2807 1286 2858 οὐκ
1325 2806 1474 2858 ἔστιν
1515 2801 1616 2859 ὧδε
1640 2822 1653 2835 ⁸
1693 2807 1903 2878 ἠγέρθη

318 2898 448 2964 γὰρ,
475 2896 655 2957 καθὼς
685 2892 826 2948 εἷπε.
851 2895 1040 2960 Δεῦτε,
1067 2897 1236 2949 εῖδετε
1261 2897 1352 2950 τὸν
1377 2897 1542 2950 τόπον
1565 2899 1703 2950 ὅπου
1731 2899 1906 2951 ἔκειτο

315 2990 345 3040 6
382 2986 586 3057 Κύριος
611 3005 623 3018 ·
665 2989 756 3040 καὶ
787 2990 923 3056 ταχὺ
959 2987 1307 3057 πορευθεῖσαι
1342 2989 1539 3040 εἴπατε
1574 2991 1688 3052 τοῖς
1727 2989 1906 3058 μαθη-

317 3084 440 3143 ταῖς
482 3081 668 3143 αὐτοῦ,
708 3081 788 3132 ὅτι
836 3079 1046 3150 ἠγέρθη
1090 3080 1199 3133 ἀπὸ
1233 3080 1345 3132 τῶν
1382 3080 1614 3149 νεκρῶν,
1658 3082 1749 3133 καὶ
1795 3080 1906 3134 ἰδοὺ

317 3172 552 3239 προάγει
578 3170 722 3240 ὑμᾶς
747 3174 826 3232 είς
849 3171 946 3239 τὴν
973 3171 1286 3223 Γαλιλαίαν.
1314 3171 1460 3223 Ἐκεῖ
1487 3171 1650 3224 αὑτὸν
1675 3171 1874 3240 ὄψεσθε
1891 3189 1902 3201 '
1934 3191 1977 3249 ρ

321 3262 434 3315 ἰδοὺ
469 3259 621 3316 εἷπον
647 3264 795 3330 ὑμῖν.
829 3264 940 3315 Καὶ
974 3261 1288 3326 ἐξελθοῦσαι
1319 3263 1456 3333 ταχὺ
1493 3263 1604 3315 ἀπὸ
1632 3262 1726 3315 τοῦ
1766 3282 1902 3333 μνη-

322 3355 478 3424 μείου
505 3354 644 3422 μετὰ
667 3354 832 3423 φόϐου
861 3355 950 3405 καὶ
976 3355 1150 3423 χαρᾶς
1175 3354 1440 3422 μεγάλης,
1468 3354 1704 3424 ἔδραμον
1729 3357 1910 3422 ἀπαγ-

319 3447 497 3512 γεῖλαι
518 3450 635 3508 τοῖς
663 3446 930 3515 μαθηταῖς
955 3447 1143 3500 αὐτοῦ.
1177 3467 1194 3498 ι
1225 3448 1298 3498 Τὸ
1322 3447 1420 3514 ὀψὲ
1449 3447 1763 3509 Σαϐϐάτων,
1790 3443 1909 3499 ἶσόν

321 3543 440 3590 ἐστι
474 3537 553 3606 τῷ
588 3539 736 3605 παρὰ
769 3538 847 3608 τῷ
882 3540 1066 3608 Λουκᾷ
1102 3538 1412 3608 εἰρημένῳ,
1450 3537 1649 3607 ὄρθρου
1689 3537 1907 3606 βαθέος,

319 3631 417 3681 καὶ
466 3627 545 3697 τῷ
591 3631 743 3697 παρᾶ
781 3630 858 3697 τῷ
901 3630 1138 3697 Μάρκῳ,
1180 3627 1300 3679 λίαν
1341 3626 1486 3696 πρωῒ
1530 3627 1913 3688 ἀνατείλαντος

320 3721 419 3772 τοῦ
467 3720 643 3788 ἡλίου.
676 3720 866 3772 Ἤὶινιν
907 3719 1015 3788 γὰρ
1058 3719 1292 3772 ἐνταῦθα
1325 3723 1466 3772 νοεῖν
1497 3719 1783 3788 ὀφείλομεν
1818 3720 1914 3783 τὰς

320 3811 585 3880 ὀρθρινὰς
615 3811 710 3863 τοῦ
745 3810 897 3880 ἡλίου
931 3812 1105 3878 αὐγάς
1130 3829 1144 3842 ·
1185 3803 1362 3880 άφ⁹οὖ
1399 3813 1506 3878 γάρ
1539 3814 1572 3882 ή
1606 3811 1765 3881 ὀγδόη
1797 3811 1915 3881 ὥρα

324 3906 426 3972 τῆς
458 3906 652 3965 νυκτὸς
687 3905 1040 3972 ἐπιλάϐηται,
1077 3904 1270 3957 ἔκτοτε
1309 3906 1340 3972 ὴ
1378 3904 1521 3974 ἀρχὴ
1555 3906 1652 3971 τῆς
1689 3905 1916 3972 μελλού-

328 4015 428 4066 σης
465 3997 713 4066 ἡμέρας,
748 3998 840 4049 καὶ
873 3998 905 4064 ὴ
945 3997 1125 4061 πρωῖα
1160 3997 1310 4048 δοκεῖ
1344 3996 1723 4050 ἐπιλαϐέσθαι.
1779 3996 1915 4048 Τότε

323 4091 526 4152 τοίνυν,
556 4087 652 4155 ὀψὲ
688 4087 784 4156 μὲν
807 4081 874 4157 ἦν
901 4085 1205 4151 Σαϐϐάτου,
1235 4085 1378 4154 ἀρχὴ
1401 4086 1456 4136 δὲ
1483 4086 1582 4153 τῆς
1612 4087 1916 4154 Κυριακῆς,

325 4179 396 4249 ἢ]
431 4177 559 4247 μίαν
592 4179 700 4230 τῶν
735 4177 1028 4230 Σαϐϐάτων
1060 4176 1341 4245 ὀνομάζει.
1378 4175 1632 4228 Σάϐϐατα
1679 4178 1775 4243 μὲν
1809 4166 1918 4245 γάρ

324 4273 517 4338 ελεγον
542 4272 639 4332 τὰς
666 4273 769 4338 ημέ
782 4286 878 4339 ρας
900 4268 998 4337 τῆς
1027 4267 1344 4337 ἑϐδομάδος.
1373 4267 1516 4318 Μίαν
1544 4266 1623 4327 δὲ,
1650 4265 1748 4336 τὴν
1775 4265 1919 4334 119d)—

325 4380 453 4429 την,
496 4359 636 4414 ὥστε
668 4356 808 4411 εἶναι
837 4362 934 4427 τὴν
965 4358 1272 4426 Κυριακὴν,
1308 4359 1437 4426 μίαν
1464 4355 1574 4408 τῶν
1603 4356 1917 4419 Σαϐϐάτων,

326 4451 600 4514 τουτέστι,
634 4447 857 4518 πρώτην
886 4449 996 4500 τῶν
1028 4447 1254 4517 ἡμερῶν
1286 4446 1384 4515 τῆς
1417 4445 1712 4514 ἑϐδομάδος
1734 4462 1746 4474 ·
1783 4447 1919 4514 πρὸς

2003 610 2135 664 bant
2160 609 2302 677 quod
2334 607 2400 662 de
2430 605 2631 673 templo
2675 603 2904 657 Judaico
2931 601 3180 662 sentiret,
3213 609 3266 652 et
3294 598 3415 649 ideo
3440 598 3587 650 testi-

2005 703 2244 755 mouittut
2271 700 2374 752 Itoc
2439 705 2629 751 contra
2656 710 2780 748 eum
2809 693 3148 762 protulerunt
3190 708 3202 741 :
3236 705 3378 739 nunc
3409 699 3587 741 autem

2003 793 2092 846 ubi
2147 801 2556 861 cognoverunt,
2619 788 2761 855 quod
2817 785 3075 852 templum
3121 783 3334 834 dixerat
3392 793 3590 840 corpus

2004 883 2309 954 proprium,
2333 881 2548 944 timent,
2580 890 2636 931 et
2707 880 3054 944 impostorem
3120 888 3242 924 eum
3304 875 3588 936 cognomi-

2005 986 2163 1042 nant,
2201 990 2378 1044 neque
2403 983 2522 1042 post
2554 981 2782 1026 mortem
2827 986 2856 1022 a
2897 969 3096 1022 malitia
3129 977 3365 1018 cessant.
3424 963 3592 1017 επιε-

2003 1085 2122 1124 rum
2147 1069 2391 1123 custodia
2428 1066 2728 1119 Romanum
2773 1076 2970 1115 nomen
3004 1071 3081 1112 est
3119 1077 3134 1112 :
3171 1059 3371 1110 milites
3413 1057 3597 1120 iraque

2003 1161 2072 1215 ad
2113 1161 2526 1214 custodiendum
2585 1156 2868 1210 ordinatos
2909 1152 3215 1207 custodiam
3260 1149 3594 1217 evangelista

2004 1251 2275 1306 nominat.

2546 1444 2778 1501 CAPUT
2819 1443 3058 1498 XXVIII.

2010 1566 2084 1619 De
2138 1563 2522 1617 resurrectione
2574 1561 2803 1615 Domini.
2865 1560 2937 1612 De
2991 1559 3296 1612 cuslorlibus
3340 1554 3592 1624 sepulcri,

2080 1636 2372 1698 iisdemque
2426 1633 2827 1684 resurreclimtis
2871 1631 3106 1681 testibus.
3147 1628 3220 1681 De
3264 1627 3596 1698 appurilione

2077 1696 2293 1758 Christi
2319 1703 2467 1769 {acta
2524 1703 2777 1769 apostolis
2821 1709 2870 1752 et
2907 1699 3214 1751 mulieribus
3256 1699 3310 1750 in
3348 1696 3594 1752 Galila'a.

2077 1876 2244 1930 Vens.
2278 1873 2400 1927 1-8.
2437 1872 2673 1939 Vespera
2710 1879 2889 1922 autem
2929 1867 3313 1929 Sabbatorum,
3349 1880 3470 1932 qua:
3510 1863 3595 1916 lu-

2003 1968 2174 2020 cescit
2207 1967 2257 2018 iu
2287 1979 2450 2017 unam
2485 1961 2870 2023 Sabbaturum,
2903 1958 3051 2010 venit
3081 1956 3251 2009 Maria
3275 1953 3595 2020 Magdalene

2001 2068 2058 2110 et
2084 2057 2253 2110 altera
2286 2053 2456 2107 Maria
2492 2062 2550 2105 ut
2581 2049 3178 2117 vidercutsepulcrnm.
3215 2046 3278 2099 Et
3312 2061 3441 2100 ecce
3475 2055 3592 2098 ter-

2007 2165 2078 2202 ra:
2104 2157 2284 2200 motus
2321 2143 2496 2198 factus
2528 2153 2608 2195 est
2642 2155 2888 2208 magnus.
2931 2137 3166 2206 Angelus
3205 2137 3348 2189 enim
3379 2133 3597 2188 Domini

2004 2233 2284 2290 descendit
2313 2232 2382 2286 de
2410 2231 2569 2296 uelo,
2595 2240 2650 2283 et
2678 2229 2944 2284 accedens
2987 2226 3216 2280 revolvit
3263 2225 3495 2294 lapidem
3529 2224 3597 2278 ab

2007 2326 2175 2388 ostio,
2209 2321 2545 2388 sedebalque
2575 2336 2739 2389 super
2778 2335 2924 2372 cum.
2962 2317 3092 2371 Erat
3122 2328 3300 2371 autem
3345 2327 3598 2383 aspectus

2006 2416 2122 2484 ejus
2167 2416 2308 2468 sicut
2361 2413 2558 2481 fulgur,
2599 2422 2653 2464 et
2704 2411 3088 2464 vestimentum
3143 2407 3260 2474 ejus
3304 2407 3598 2461 candidum

2007 2507 2150 2560 sicut
2182 2507 2295 2559 uix.
2320 2508 2437 2560 Prae
2471 2505 2666 2557 timore
2699 2513 2878 2557 autem
2904 2503 3022 2570 ejus
3052 2487 3304 2555 concitssl
3339 2508 3465 2553 sunt
3498 2513 3599 2552 cu-

2008 2597 2213 2658 slodes,
2241 2606 2294 2649 et
2325 2598 2452 2650 lat-ti
2489 2607 2615 2649 sunt
2647 2596 2810 2648 veluti
2839 2594 3060 2648 mortui.
3104 2590 3462 2659 Ill-spondeus
3497 2603 3597 2642 au-

2009 2698 2115 2740 tem
2155 2688 2378 2755 angelus
2409 2688 2543 2740 dixit
2581 2684 2898 2738 mulieribus
2943 2670 2958 2735 ξ
2993 2681 3171 2736 Nolite
3219 2683 3413 2733 timere
3454 2692 3592 2732 vos:

2010 2778 2122 2830 Scio
2154 2781 2295 2830 enim
2332 2780 2474 2845 quod
2504 2776 2529 2830 J
2569 2792 2690 2828 sum
2724 2779 2811 2842 qui
2850 2774 3142 2828 cruciﬁxus
3177 2781 3281 2836 est,
3318 2769 3600 2837 quaeritis;

2009 2886 2114 2924 non
2167 2881 2250 2922 est
2311 2870 2418 2933 hic,
2465 2872 2706 2922 surrexit
2755 2868 2928 2930 enim,
2978 2865 3121 2917 sicut
3169 2863 3327 2916 dixit.
3389 2860 3602 2921 Venite,

2014 2964 2190 3016 videte
2249 2961 2424 3015 locum
2481 2961 2571 3015 ubi
2627 2963 2834 3030 positus
2885 2966 3004 3012 erat
3042 2955 3327 3010 Dominus.
3380 2953 3447 3008 Et
3496 2955 3606 3008 cito

2012 3063 2228 3117 euntes,
2258 3054 2424 3108 dicite
2454 3053 2738 3121 discipulis
2771 3052 2892 3120 ejus
2922 3052 3067 3119 quod
3105 3046 3346 3103 surrexit
3387 3062 3418 3100 a
3452 3060 3602 3099 mor-

2015 3148 2141 3212 tuis,
2195 3158 2248 3199 et
2299 3159 2426 3200 ecce
2469 3147 2725 3214 praecedit
2775 3159 2870 3197 vos
2922 3144 2974 3196 in
3016 3137 3334 3203 Galilaaam,
3370 3139 3440 3192 ibi
3480 3150 3604 3190 eum

2014 3239 2263 3293 videbitis
2297 3257 2309 3293 :
2344 3253 2474 3292 ecce
2515 3238 2628 3292 dixi
2667 3237 2841 3292 vobis.
2885 3235 2950 3288 Et
2993 3235 3254 3305 digressze
3287 3232 3542 3287 celeriter
3573 3243 3605 3282 a

2012 3341 2368 3384 monumento
2397 3345 2520 3382 cum
2556 3329 2751 3382 timore
2776 3338 2829 3382 et
2858 3327 3056 3396 gaudio
3083 3340 3281 3393 magno
3313 3323 3609 3379 currebant

2015 3438 2074 3482 ut
2119 3429 2500 3484 renuntiarent
2540 3426 2824 3493 discipulis
2855 3424 2999 3492 ejus.
3051 3443 3070 3474 ι
3117 3421 3358 3492 Vespera
3396 3421 3609 3475 Sabba-

2018 3531 2194 3573 torum
2229 3520 2418 3572 eadem
2445 3528 2526 3571 est
2563 3533 2684 3570 cum
2719 3516 2989 3586 profundo
3016 3515 3338 3582 crepusculo
3385 3511 3609 3566 diluculi

2017 3613 2155 3680 apud
2179 3607 2402 3675 Lucam,
2430 3619 2483 3662 et
2513 3608 2666 3661 valde
2696 3622 2851 3660 mane
2891 3607 3007 3659 Sulc
3050 3608 3266 3660 oriente
3297 3605 3436 3673 apud
3466 3602 3612 3656 Mar-

2018 3717 2164 3755 cum.
2195 3702 2374 3755 Solem
2405 3702 2548 3754 enitu
2587 3718 2651 3753 eo
2695 3699 2811 3752 loco
2856 3698 3159 3765 intelligere
3192 3700 3456 3752 debemus
3497 3710 3614 3749 mu-

2020 3794 2226 3848 tutinns
2271 3793 2404 3847 solis
2455 3793 2660 3846 radios.
2693 3791 2772 3843 Al)
2815 3799 3007 3843 octava
3056 3790 3199 3844 enim
3254 3792 3386 3842 liora
3439 3787 3614 3842 noctis

2021 3886 2345 3955 principium
2394 3894 2478 3938 est
2521 3881 2687 3935 futuri
2734 3882 2863 3946 diei,
2914 3891 2968 3934 ct
3019 3880 3348 3934 matutinum
3395 3879 3616 3933 videtur

2023 3988 2300 4047 appetere.
2334 3975 2487 4029 Tunc
2524 3976 2691 4045 igitur
2713 3988 2996 4042 vesperum
3031 3981 3149 4026 erat
3179 3971 3426 4033 Sahlmti,
3460 3972 3615 4038 prin-

2023 4071 2223 4136 cipium
2257 4079 2437 4121 autem
2473 4067 2746 4120 Dotninici
2774 4066 2904 4130 diei,
2939 4080 3100 4133 quam
3135 4079 3296 4117 unam
3341 4062 3616 4116 Sabbato-

2025 4179 2141 4217 rmn
2190 4162 2455 4214 nominat.
2493 4158 2735 4214 Sabbata
2776 4159 2922 4213 enim
2957 4159 3214 4213 «licebant
3259 4157 3378 4210 dies
3410 4156 3618 4209 hebdo-

2025 4254 2216 4308 madre.
2284 4251 2459 4307 Unam
2514 4260 2739 4311 autem.
2799 4249 2903 4303 ltoc
2957 4259 3045 4303 est
3101 4249 3358 4316 primam,
3420 4247 3495 4300 ita
3556 4258 3616 4299 ιιι

2026 4346 2339 4399 Dominicus
2371 4344 2489 4397 dies
2524 4358 2629 4396 una
2655 4344 2726 4396 sit
2753 4342 3142 4405 Sabbatorum,
3170 4341 3270 4394 hoc
3302 4351 3410 4402 εει,
3437 4339 3616 4408 prima

2023 4437 2237 4491 dierum
2287 4434 2664 4488 hebdomadis.
2703 4434 2784 4486 Ad
2837 4432 3070 4502 primam
3121 4433 3266 4486 enim
3323 4431 3508 4484 statim
3563 4438 3620 4482 et

261 4613 263 4615 ι
327 4542 441 4610 γὰρ
469 4540 569 4610 τὴν
600 4539 824 4608 πρώτην
855 4539 1015 4602 εὐθὺς
1051 4539 1143 4590 καὶ
1178 4541 1212 4607 ὴ
1247 4538 1480 4608 δευτέρα
1512 4536 1765 4604 λέγεται,
1800 4533 1921 4589 εἶτα
1955 4538 1958 4576 λ

1917 4576 1921 4588 .
1955 4523 1998 4577 D
2028 4530 2265 4584 secunda
2292 4528 2520 4589 dicitur,
2549 4525 2747 4580 deinde
2774 4526 2956 4589 tertia,
2983 4534 3038 4577 et
3069 4524 3328 4590 deinceps
3371 4522 3614 4591 reliqua'.

330 4638 365 4704 ὴ
388 4635 570 4703 τρίτη,
597 4634 692 4686 καὶ
717 4633 843 4703 ἑξῆς
869 4634 926 4685 αῖ
951 4632 1155 4685 λοιπαί.
1182 4631 1407 4698 Ἀνέστη
1435 4631 1613 4682 τοίνυν
1634 4630 1663 4681 6
1691 4629 1916 4700 Κύριος,

331 4730 413 4781 ἔτι
439 4728 535 4780 τοῦ
564 4727 712 4778 λίθου
740 4726 1089 4793 ἐπικειμένου
1124 4723 1198 4792 τῷ
1223 4725 1381 4792 τάφῳ
1401 4739 1414 4752 ⁸
1453 4722 1589 4791 μετὰ
1615 4721 1671 4775 δὲ
1700 4722 1760 4774 τὸ
1790 4725 1920 4774 ἁνα-

335 4821 532 4889 στῆναι
559 4821 650 4871 τὸν
679 4819 906 4889 Κύριον,
941 4819 1034 4868 καὶ
1059 4819 1086 4868 ὁ
1117 4816 1351 4883 ἄγγελος
1383 4814 1628 4884 ἔρχεται,
1667 4814 1755 4864 ἵνα
1787 4815 1921 4865 ἁπο-

333 4913 562 4975 κυλίσας
585 4912 678 4964 τὸν
701 4912 871 4972 λίθον,
897 4909 1008 4981 δώῃ
1038 4910 1271 4981 πάροδον
1296 4911 1418 4970 ταῖς
1447 4907 1697 4975 γυναιξὶν
1723 4908 1804 4968 είς
1830 4907 1921 4959 τὸν

334 5006 530 5072 τάφον,
564 5004 795 5072 Σεισμὸς
826 5003 882 5054 δὲ
914 5004 1146 5068 γίνεται,
1181 5002 1268 5053 ἵνα
1299 5000 1713 5067 ἀφυπνισθὼσιν
1739 5001 1788 5052 οί
1818 4999 1921 5067 φύ-

333 5101 522 5161 λακες,
550 5099 644 5151 καὶ
679 5097 887 5165 μάθωσι
905 5097 979 5148 ’τὸ
1009 5095 1195 5148 καινὸν
1223 5093 1313 5147 τοῦ
1340 5094 1658 5160 γενομένου.
1694 5093 1920 5162 Ἀνέστη

331 5181 432 5239 οὖν
472 5186 774 5254 τριήμερος
813 5184 842 5236 6
890 5184 1118 5254 Κύριος.
1177 5183 1300 5244 Πῶς
1351 5183 1406 5235 δὲ
1458 5181 1820 5252 ἀριθμοῦνται
1866 5183 1922 5235 αί

334 5281 485 5349 τρεῖς
515 5277 758 5346 ἡμέραις
805 5276 994 5346 Ἐκτη,
1031 5275 1150 5344 ὥρα
1178 5275 1275 5342 τῆς
1310 5275 1672 5344 Παρασκευῆς
1723 5277 1922 5326 ἐσταυ-

338 5371 487 5440 ρώθη
515 5386 530 5400 ⁸
567 5371 675 5423 άπὸ
701 5369 908 5439 ταύτης
939 5370 1044 5432 ἓως
1077 5370 1300 5438 ἑννάτης
1325 5409 1340 5432 ,
1376 5371 1567 5429 σκότος
1593 5384 1606 5398 ·
1639 5368 1798 5440 τοῦτο
1827 5368 1922 5419 νύ-

337 5479 442 5514 κτα
473 5479 564 5531 μοι
592 5464 803 5532 νόησον.
842 5462 1010 5516 Πάλιν
1040 5462 1281 5530 ὰπὸ.τῆς
1314 5461 1563 5530 ὲννάτης,
1598 5461 1736 5529 φῶς,
1766 5461 1924 5514 τοῦτο

335 5555 523 5625 ἡμέρα
547 5571 562 5584 ⁸
602 5555 711 5609 ίδοὺ
754 5555 1168 5625 ἡμερονύκτιον.
1207 5553 1378 5606 Πάλιν
1409 5556 1442 5622 ἠ
1479 5554 1574 5619 νὺξ
1607 5555 1705 5622 τῆς
1738 5554 1923 5624 Παρα-

337 5646 543 5716 σκευῆς
570 5649 663 5701 καὶ
688 5648 784 5702 τοῦ
816 5647 1096 5702 Σαϐϐάτου
1128 5650 1161 5717 ἡ
1189 5647 1397 5717 ἡμέρα,
1431 5646 1685 5718 δεύτερον
1716 5648 1925 5717 ἡμερο-

337 5741 556 5796 νύκτιον
574 5758 589 5772 ο
618 5743 652 5812 ἡ
679 5742 776 5808 νὺξ
804 5741 966 5795 πάλιν
988 5741 1085 5794 τοῦ
1111 5742 1393 5795 Σαϐϐάτου
1421 5741 1514 5794 καὶ
1540 5741 1568 5792 6
1592 5741 1688 5811 τῆς
1717 5742 1925 5810 Κυρια-

337 5833 442 5905 κξς
489 5831 714 5906 δρθρος,
765 5832 905 5887 κατὰ
951 5833 1044 5890 τὸν
1090 5833 1400 5899 Ματθαῖον,
1453 5833 1718 5901 λέγονταο
1774 5852 1790 5884 ι
1844 5832 1923 5904 Τῇ
1985 5838 1988 5842 ’

2026 4619 2353 4675 Resurrexit
2392 4619 2558 4689 igitur
2607 4617 2869 4672 Dominus
2899 4617 3081 4687 lapide
3122 4617 3304 4671 adhuc
3335 4630 3499 4684 super
3533 4630 3620 4671 se-

2025 4714 2272 4784 pulcrum
2326 4713 2523 4779 posito.
2562 4710 2855 4778 Postquam
2918 4719 3098 4762 autem
3167 4711 3464 4762 resurrexit
3516 4706 3622 4760 Do-

2027 4808 2226 4868 minus,
2253 4815 2306 4858 et
2337 4805 2564 4874 angelus
2609 4805 2780 4869 venit,
2820 4813 2880 4856 ut
2923 4800 3178 4856 devoluto
3213 4800 3392 4870 lapide
3432 4813 3621 4855 acces-

2025 4915 2144 4953 sum
2194 4898 2427 4950 habeant
2477 4897 2734 4951 mulieres
2795 4895 2862 4949 ad
2912 4894 3252 4962 sepulcrum.
3309 4890 3396 4945 Fit
3440 4901 3623 4946 autem

2027 5001 2185 5044 terrae
2210 4998 2411 5054 motus,
2443 4999 2501 5042 ut
2536 4987 2848 5043 excitentur
2871 4986 3152 5050 custodes,
3186 4992 3240 5040 et
3269 4984 3486 5039 discant
3518 4998 3619 5036 no-

2026 5099 2150 5136 vum
2175 5083 2317 5151 quod
2343 5081 2520 5135 llebat.
2550 5079 2804 5135 Surrexit
2827 5080 2995 5150 igitur
3022 5078 3288 5133 Dominus
3315 5079 3622 5131 triduanus.

2027 5176 2312 5242 Quomodo
2350 5183 2532 5227 autem
2567 5183 2679 5227 tres
2713 5173 2870 5227 dies?
2919 5172 3088 5227 Sexta
3122 5173 3256 5226 hora
3293 5171 3624 5225 Parasceves

2026 5273 2323 5328 cruciﬁxus
2351 5280 2433 5325 est
2462 5287 2477 5324 :
2521 5270 2590 5324 ab
2619 5269 2711 5323 illa
2752 5282 2924 5337 usque
2956 5267 3118 5340 165
3160 5267 3227 5321 ad
3259 5279 3456 5320 nonam
3505 5265 3625 5318 fue-

2029 5377 2156 5422 l’uut
2205 5366 2482 5430 tenebrae,
2530 5379 2626 5432 per
2677 5365 2779 5418 has
2831 5364 3021 5432 utique
3065 5371 3280 5417 noctem
3328 5359 3620 5429 intelligas.

2027 5460 2225 5514 lterum
2277 5473 2305 5510 a
2347 5473 2486 5512 noua
2533 5458 2646 5524 lux,
2696 5458 2798 5510 hoc
2831 5467 2938 5521 est,
2999 5458 3115 5510 dies
3165 5469 3344 5509 :ecce
3397 5454 3536 5507 diem
3568 5462 3624 5506 et

2029 5562 2269 5609 noctem.
2312 5551 2514 5604 lterum
2547 5567 2653 5605 uox
2700 5549 3053 5613 Parasceves,
3099 5558 3154 5603 et
3198 5548 3314 5602 dies
3348 5546 3571 5600 Sztbbaz.
3607 5588 3622 5602 .

2028 5662 2158 5704 ecce
2186 5648 2429 5701 secundo
2453 5646 2595 5700 diem
2623 5652 2678 5698 et
2713 5654 2953 5698 noctem.
2982 5642 3098 5697 Nox
3123 5656 3340 5713 quoque
3375 5638 3624 5703 Sabbati,

2028 5750 2080 5796 et
2105 5738 2404 5793 dilucnlum
2431 5738 2918 5804 Dominicaaduxta
2949 5735 3284 5799 Muttltmum,
3309 5734 3579 5787 dicentem
3609 5746 3623 5781 :

2039 5852 2056 5885 ι
2098 5831 2227 5899 Qua:
2255 5831 2605 5888 illuccsccbat
2651 5831 2704 5887 iu
2732 5845 2894 5886 unam
2928 5828 3326 5894 Sabbatorum;
3362 5847 3379 5879 ι
3429 5840 3458 5878 a
3482 5823 3624 5879 dilu-
