4298 6446
730 403 842 469 679

1567 390 2149 457 TIIEOPHYLACTI
2192 381 2602 449 BULGARIE
2641 376 3002 441 ARCHIEP.

3852 354 3961 420 480

733 522 854 574 culo
904 520 1049 575 enim
1097 527 1149 572 et
1196 518 1315 570 dies
1359 522 1500 567 totus
1545 518 1861 564 numeratur
1914 524 1927 559 :
1972 520 2099 560 ecce.
2135 503 2430 565 ιετιιοΑὲι

2268 519 2293 557 ο
2319 508 2371 565 Α
2396 497 2785 569 ἐπιφωσκούσῃ
2828 496 2908 558 είς
2955 492 3086 563 μίαν
3123 487 3426 575 Σαϐϐάτων.
3449 499 3462 511 θ
3510 499 3529 533 ι
3558 481 3667 535 ἀπὸ
3698 478 3818 575 Ᾱγάρ
3840 574 3845 575 7
3871 478 3965 530 τοῦ

736 613 876 664 diem
908 620 1204 664 etnoctem.
1236 606 1393 659 Potes
1418 615 1471 657 et
1494 604 1647 656 aliter
1676 610 1786 655 tres
1814 599 1931 653 dies
1960 610 2287 650 numerare:

738 701 795 755 In
830 702 1127 754 Parasceve
1171 696 1391 749 tradidit
1426 694 1707 762 spiritum,
1741 705 1866 744 ecce
1912 703 2079 741 unum
2128 686 2292 739 diem.

741 790 977 845 Sabbuto
1006 790 1056 841 in
1081 787 1327 855 sepulcro
1358 786 1473 849 fuit,
1510 798 1635 838 ecce
1672 782 1941 837 secundus
1970 779 2103 833 dies.
2134 776 2299 831 Nocte

741 879 1031 933 Dominicae
1066 879 1403 942 resurrexit;
1440 891 1468 929 a
1503 886 1654 946 parte
1699 875 1864 943 igitur
1900 878 2218 925 numeratur
2247 877 2299 920 et

744 958 1021 1023 Dominica
1068 969 1121 1022 in
1151 970 1313 1021 alium
1361 969 1523 1031 diem,
1554 975 1609 1021 et
1642 966 1715 1018 ita
1747 976 1857 1019 tres
1883 962 2000 1017 dies
2046 980 2059 1015 :
2098 975 2221 1015 nam
2246 967 2299 1012 et

738 1059 805 1114 de
838 1059 1106 1115 defunctis
1145 1059 1398 1119 dicimus,
1426 1058 1470 1111 si
1518 1070 1658 1110 unus
1689 1056 1956 1110 moriatur
1979 1053 2127 1108 circa
2160 1050 2299 1106 deci-

739 1162 882 1203 mam
910 1148 1100 1203 horam
1135 1149 1265 1213 diei,
1292 1158 1345 1203 et
1379 1147 1516 1200 alter
1545 1146 1689 1199 circa
1733 1145 1961 1215 primam
2010 1142 2131 1210 ejus
2171 1140 2299 1205 diei,

740 1240 884 1308 quod
925 1249 1151 1308 uterque
1178 1240 1367 1293 eodem
1397 1236 1485 1291 die
1521 1240 1591 1290 sit
1618 1245 1889 1290 mortuus.
1928 1234 2159 1289 Possum
2206 1231 2301 1286 tibi

742 1340 795 1384 et
829 1330 986 1383 aliam
1014 1344 1228 1383 causam
1276 1330 1455 1384 dicere
1486 1329 1760 1398 quomodo
1800 1336 1910 1381 tres
1946 1326 2063 1381 dies
2096 1333 2149 1378 et
2192 1334 2303 1378 tres

745 1430 932 1474 noctes
964 1430 1334 1474 numerentur.
1366 1418 1595 1473 Attende
1624 1420 1785 1487 igitur
1813 1435 1828 1473 :
1859 1418 2055 1483 Quinta
2084 1430 2306 1486 vespera

742 1511 871 1565 fecit
908 1512 1163 1565 Dominus
1196 1525 1432 1573 umnam,
1464 1518 1518 1565 et
1547 1510 1828 1579 discipulis
1858 1509 1994 1562 dixit
2030 1525 2059 1569 τη
2084 1526 2104 1559 ι
2146 1508 2309 1561 Acci-

744 1602 881 1670 pite,
922 1610 976 1653 et
1009 1602 1273 1666 comedite
1308 1616 1502 1668 corpus
1541 1615 1717 1655 meum
1761 1618 1775 1655 :
1815 1617 1835 1651 ι
1873 1609 1929 1655 et
1962 1601 2034 1653 ita
2063 1600 2187 1673 quia
2217 1613 2312 1665 po-

746 1700 991 1745 testatem
1020 1691 1246 1746 habebat
1270 1706 1471 1759 ponere
1490 1694 1720 1745 animam
1751 1705 1928 1756 suam,
1959 1688 2309 1745 manifestum

745 1785 885 1851 quo‘d
943 1794 1067 1836 tunc
1117 1783 1474 1837 immolaverit
1525 1785 1783 1851 seipsum,
1834 1797 1901 1835 ex
1950 1796 2057 1849 quo
2094 1781 2311 1861 tradidit

746 1874 1026 1940 discipulis
1056 1889 1252 1940 corpus
1280 1889 1431 1926 suum
1466 1892 1479 1926 :
1522 1888 1679 1927 nemo
1709 1873 1852 1927 enim
1887 1872 2174 1939 quidquam
2202 1870 2313 1923 edit

745 1964 845 2019 nisi
882 1965 1029 2029 prius
1062 1973 1351 2017 mactatum
1383 1963 1568 2018 fuerit.
1602 1963 1831 2017 Numera
1863 1964 2068 2033 igitur:
2099 1962 2310 2031 vesperi

747 2054 964 2106 tradidit
1014 2070 1208 2122 corpus
1247 2069 1427 2107 suum.
1459 2053 1571 2107 Nox
1615 2055 1704 2108 illa
1768 2062 1823 2106 et
1858 2054 1972 2107 dies
2013 2054 2313 2107 Parasceve

746 2158 917 2212 usque
945 2144 1011 2197 ad
1033 2154 1237 2207 sextam
1264 2144 1475 2203 horam,
1499 2157 1625 2196 ecce
1648 2158 1811 2195 unum
1835 2143 2051 2202 diemet
2072 2152 2309 2195 noctem.

746 2231 942 2299 lterum
985 2248 1012 2284 a
1061 2241 1211 2287 sexta
1247 2232 1374 2284 liora
1427 2232 1663 2285 tenebrae
1697 2245 1867 2299 usque
1897 2231 1961 2287 ad
2007 2246 2225 2292 nonam,
2260 2240 2315 2283 ct

745 2340 774 2377 ιι
816 2340 952 2379 uona
1003 2325 1092 2377 lux
1138 2340 1307 2394 usque
1360 2321 1426 2376 ad
1478 2337 1779 2391 vesperam,
1830 2335 1957 2377 ecce
2011 2322 2310 2376 secundum

748 2418 984 2495 diemet
1027 2424 1255 2471 noctem.
1319 2417 1516 2474 lterum
1546 2430 1650 2469 nox
1692 2422 1815 2483 post
1866 2416 2217 2469 Parascevem
2261 2422 2316 2467 et

747 2508 861 2562 dies
891 2507 1135 2569 Sabbati,
1160 2521 1287 2561 ecce
1318 2509 1529 2560 tertium
1553 2508 1691 2560 diem
1722 2514 1775 2559 et
1805 2516 2038 2559 noctem.
2074 2504 2313 2558 Sabbato

748 2607 924 2650 autem
976 2596 1182 2664 vesperi
1232 2597 1529 2649 resurrexit
1574 2613 1587 2647 :
1636 2610 1764 2648 ecce
1816 2604 1925 2648 tres
1960 2594 2152 2661 integri
2199 2594 2315 2649 dies

748 2694 795 2739 et
840 2693 1045 2739 noctes.
1085 2683 1201 2738 Jam
1233 2686 1373 2753 quod
1405 2685 1655 2753 angelum
1700 2683 1986 2737 Mattlimus
2043 2684 2177 2736 dixit
2226 2696 2314 2735 se-

748 2777 875 2829 dere
926 2792 1087 2846 super
1126 2776 1322 2843 lapide,
1359 2774 1572 2829 Marcus
1607 2784 1785 2829 autem
1838 2774 2085 2829 revoluto
2139 2770 2315 2840 lapide

754 2871 947 2923 sedere
995 2869 1047 2924 in
1089 2868 1294 2922 dextris
1338 2867 1479 2921 intra
1521 2868 1850 2933 sepulcrum,
1890 2866 2126 2934 nunquid
2175 2866 2318 2918 inter

749 2976 807 3016 se
834 2961 1093 3019 dissident
1113 2960 1135 3013 ⁸1
1159 2959 1414 3014 Minime:
1444 2962 1542 3014 sed
1568 2959 1858 3013 verisimile
1890 2966 1973 3012 est
2000 2958 2314 3025 apparuisse

746 3052 977 3119 primum
1025 3052 1274 3122 angelum
1321 3054 1595 3106 sedentem
1641 3064 1803 3118 super
1853 3050 2025 3118 lapide
2075 3050 2316 3103 :deinde

2394 564 2590 665 ὄρθρου
2616 592 2711 645 καὶ
2737 564 2974 659 ηνήμέρα
2993 586 3088 653 ὅλη
3113 564 3454 651 ἀριθμεῖταί·
3487 576 3595 630 ίδού
3620 573 3801 665 τρίτον
3827 574 3966 665 ἡμε-

2398 660 2700 755 ρονύκτιον.
2774 678 2884 731 Καὶ
2912 676 3086 737 ἄλλως
3136 672 3193 724 δὲ
3246 668 3472 721 δύνασαι
3521 664 3843 755 ἀριθμῆσαι.
3872 660 3970 721 τάς

2396 750 2543 846 τρεῖς
2570 773 2803 842 ἡμέρας·
2837 770 2917 838 Τῇ
2946 758 3598 846 Παρασκευῇνπαρέδωκε
3624 755 3699 846 τὸῗ
3715 750 3931 846 πνεῦμα
3953 788 3968 810 ,

2402 840 2499 937 μία
2528 840 2666 932 αὐτη
2689 840 2884 931 ⁷ἡμέρα
2909 872 2924 889 ⁸
2954 857 3032 927 τῷ
3063 852 3327 921 Σαϐϐάτῳ
3354 846 3423 919 ἦν
3454 846 3511 899 ὲν
3536 845 3614 914 τῷ
3641 840 3972 937 camps“—

2398 931 2533 1025 τέρα
2557 954 2694 1023 αὐτη
2720 952 2904 1022 ἡμέρα
2922 962 2937 978 ·
2964 950 3029 1017 τῇ
3056 946 3113 998 δὲ
3140 943 3294 997 νυκτὶ
3315 941 3415 1007 τῆς
3442 937 3725 1007 Κυριακῆς
3750 931 3975 1025 ἀνέστη,

2400 1021 2509 1102 ἀπὸ
2540 1021 2740 1117 μέρους
2768 1042 2861 1095 οὖν
2886 1039 3201 1110 ἀριθμεῖται
3231 1032 3324 1086 καὶ
3352 1033 3385 1101 ἡ
3415 1025 3668 1097 Κυριακὴ
3698 1025 3778 1085 είς

2403 1108 2654 1210 ἡμέραν·
2700 1136 2841 1188 ὥστε
2884 1108 2992 1185 ίδοὺ
3026 1127 3179 1199 τρεῖς
3218 1119 3574 1194 ἡμέραιοκαὶ
3612 1117 3719 1210 γὰρ
3748 1108 3982 1210 καὶιιπὶ

2554 1225 2992 1298 κεκοιμημένων,
3030 1219 3125 1273 ὲάν
3167 1213 3531 1282 ἀποθάνῃ-τις
3573 1202 3980 1298 περὶῌδεκάτην

2409 1323 2559 1392 ὥραν
2581 1321 2680 1388 τῆς
2704 1290 2939 1387 ἠμέρας,
2967 1312 3061 1365 καί⁸
3085 1309 3271 1377 ἕτερος
3302 1304 3429 1375 περὶ
3458 1299 3683 1392 πρώτην
3706 1295 3857 1392 ὥραν
3883 1290 3984 1360 τῆς

2408 1384 2847 1480 αὐτῆςὴ-μέρας,
2882 1402 3183 1473 ἀμφότεροι
3214 1399 3271 1448 ὲν
3301 1397 3368 1463 τῇ
3403 1394 3542 1459 αὐτῇ
3578 1388 3760 1480 ἡμέρα
3792 1384 3985 1480 λέγον-

2408 1520 2495 1555 ται
2534 1472 2804 1553 τεθνάναι.
2829 1472 2979 1565 Ἐχω
3016 1511 3098 1545 σοι
3136 1492 3232 1545 καὶ
3270 1489 3435 1555 ἀλλην
3475 1480 3658 1535 αίτίαν
3694 1478 3868 1529 εἰπεῖν
3907 1472 3987 1531 είς

2408 1591 2589 1655 τοῦτο,
2614 1589 2733 1649 πῶς
2756 1564 2907 1656 τρεῖς
2929 1585 3135 1655 ἡμέραι
3163 1581 3259 1633 καὶ
3281 1579 3427 1649 τρεῖς
3456 1574 3647 1632 νύκτες
3675 1564 3991 1637 ἀριθμηθή-

2414 1698 2616 1734 σονται.
2653 1679 2896 1748 Πρόσεχε
2936 1672 3029 1727 οὖν
3055 1690 3067 1703 ·
3104 1674 3183 1742 Τῇ
3221 1670 3446 1737 πέμπτῃ
3485 1663 3725 1729 ἑσπέρας
3761 1656 3988 1748 εποίησε

2414 1773 2473 1825 τὸ
2502 1746 2715 1823 δεῖπνον
2738 1771 2764 1820 6
2795 1768 3017 1837 Κύριος,
3046 1766 3139 1816 καὶ
3164 1763 3275 1822 τοῖς
3304 1757 3571 1829 μαθηταῖς
3601 1752 3751 1817 ἔλεγε
3774 1766 3787 1777 ·
3826 1765 3846 1798 ι
3876 1746 3991 1837 Λά-

2418 1864 2539 1915 ϐετε
2563 1904 2577 1928 ,
2619 1862 2823 1929 φάγετε
2860 1836 2918 1911 τὸ
2960 1856 3119 1923 σῶμά
3159 1869 3259 1922 μου
3287 1866 3301 1881 ·
3336 1870 3353 1900 ι
3396 1847 3538 1900 ὥστε
3577 1844 3700 1895 ἐπεὶ
3741 1836 3992 1902 ὲξουσίαν

2416 1952 2557 2025 εῖχεν
2589 1953 2681 2021 ἀφ’
2706 1951 2899 2005 ἑαυτοῦ
2935 1949 3107 2000 θεῖναι
3141 1945 3240 2013 τὴν
3270 1941 3448 2025 ψυχὴν
3482 1935 3679 1997 αὐτοῦ,
3714 1932 3873 2025 δῆλον
3907 1929 3993 2025 ὅτι

2414 2018 2601 2098 ἔκτοτε
2641 2018 2956 2109 ἀπέσφαξεν
3001 2037 3211 2099 ἑαυτὸν,
3257 2024 3435 2100 ἀφ’ὸῦ
3487 2027 3709 2080 διεδίδου
3753 2024 3863 2109 τοῖς
3911 2018 3992 2072 ol-

2416 2136 2583 2198 κείοις
2622 2101 2895 2203 μαθηταῖς
2925 2130 2983 2181 τὸ
3016 2128 3175 2198 σῶμα
3200 2143 3213 2157 ·
3245 2123 3420 2184 οὐδεὶς
3448 2120 3555 2187 γὰρ
3586 2116 3757 2168 ἐσθίει
3778 2101 3860 2203 τι,
3897 2110 3995 2203 ὲάν

2418 2227 2492 2297 μὴ
2532 2200 2794 2294 πρότερον
2840 2218 3183 2288 ἐσφαγμένον
3225 2215 3331 2283 εἴη.
3369 2211 3700 2280 Ἀρίθμησον
3743 2200 3835 2258 οὖν
3862 2202 3997 2297 ’-Τῇ

2416 2293 2625 2385 έσπέρᾳ
2654 2293 2766 2387 (36)
2795 2313 3020 2367 διεδίδου
3049 2311 3108 2362 τὸ
3137 2308 3336 2360 οἰκεῖον
3364 2304 3560 2371 σῶμα·
3594 2303 3628 2370 ἡ
3658 2299 3752 2362 νὺξ
3784 2293 3998 2387 ἐκείνη,

2416 2408 2509 2461 καὶ
2543 2409 2573 2475 ἡ
2608 2386 2788 2476 ἡμέρα
2822 2404 2921 2469 τῆς
2940 2398 3303 2469 Παρασκευῆς
3335 2396 3462 2465 ἀχρι
3493 2391 3591 2459 τῆς
3624 2389 3791 2458 ἕκτης
3823 2386 3997 2457 ὥρας,

2420 2501 2529 2553 ίδού
2560 2499 2617 2551 ἓν
2648 2496 3039 2567 ἡμερονύκτιον
3065 2508 3077 2519 ⁸
3110 2491 3272 2544 πάλιν
3298 2489 3356 2540 τὸ
3388 2485 3495 2538 ἀπὸ
3524 2484 3621 2551 τῆς
3652 2482 3816 2548 ἕκτης
3846 2477 3999 2547 ὧρας

2419 2592 2609 2649 σκότος
2635 2590 2738 2649 ἕως
2764 2588 2861 2654 τῆς
2892 2585 3138 2652 ἑννάτης,
3168 2582 3257 2634 καὶ
3287 2580 3344 2631 τὸ
3371 2577 3477 2631 ἀπὸ
3504 2576 3600 2643 τῆς
3628 2572 3853 2639 ὲννέιτης
3881 2569 4000 2638 φῶς

2418 2683 2521 2743 ἓως
2547 2681 2642 2749 τῆς
2673 2681 2929 2745 ἑσπέρας,
2962 2676 3070 2727 ίδού
3099 2672 3350 2740 δεύτερον
3377 2666 3772 2737 ἡμερονύκτιον
3795 2678 3805 2689 ·
3838 2664 3870 2728 ἡ
3901 2660 3999 2723 νὺξ

2422 2774 2580 2826 πάλιν
2604 2773 2635 2838 ἡ
2666 2770 2801 2839 μετά
2824 2771 2918 2836 τὴν
2949 2764 3335 2835 Παρασκευὴν,
3358 2762 3455 2813 καὶ
3486 2762 3515 2825 ἠ
3544 2756 3725 2825 ἡμέρα
3749 2753 3840 2806 τοῦ
3860 2751 4004 2804 Σαϐ-

2419 2865 2605 2923 ϐἀτου,
2650 2862 2758 2914 ίδού
2804 2860 2985 2930 τρίτον
3028 2855 3447 2926 ἡμερονύκτιον.
3493 2849 3755 2918 Σαϐϐάτῳ
3798 2848 3856 2899 δὲ
3898 2846 4001 2915 ὀψὲ

2417 2952 2614 3017 ἀνέστη
2646 2967 2658 2979 ·
2697 2950 2820 3019 τρία
2851 2948 3023 3001 ταῦτα
3068 2943 3336 3014 ὁλόκληρα
3374 2940 3765 3011 ἡμερονύκτια.
3804 2938 3908 2989 Τὸν
3942 2938 4003 2990 δὲ

2419 3040 2650 3107 ἄγγελον
2680 3040 2707 3090 6
2742 3038 2839 3107 μὲν
2893 3034 3169 3097 Ματθαῖος
3204 3034 3306 3101 ἔφη
3338 3029 3612 3098 καθῆσθαι
3644 3031 3699 3081 ὲν
3726 3028 3803 3097 τῷ
3830 3027 3962 3097 λίθῳ
3982 3042 3998 3056 ο

749 3120 1167 3211 ingredientibus
1214 3142 1534 3198 mulieribus
1570 3142 1761 3211 praeire
1807 3141 2053 3211 angelum
2076 3181 2090 3203 ,
2126 3149 2180 3195 et
2221 3140 2317 3196 ite-
2343 3167 2386 3225 ρ
2422 3135 2446 3185 ό

2308 3167 2317 3182 .
2343 3167 2386 3225 α
2422 3135 2450 3185 6
2474 3132 2531 3185 δὲ
2562 3134 2787 3199 Μάρκος
2817 3128 3221 3181 ἀποκυλίσαντα
3250 3124 3342 3178 τὸν
3372 3125 3541 3225 λίθον,
3570 3122 3718 3225 ςιδον
3742 3120 3835 3173 τοῦ
3867 3135 4005 3188 μνη-

748 3251 865 3297 mm
889 3236 1205 3303 apparuisse
1237 3237 1512 3291 sedentem
1544 3236 1596 3288 in
1632 3233 1879 3313 sepulcro
1912 3233 1987 3301 (a)
2025 3248 2055 3286 a
2082 3234 2311 3298 dextris.

753 3325 896 3380 Dixit
928 3335 1109 3381 autem
1150 3327 1218 3380 ad
1248 3326 1506 3381 mulieres
1544 3343 1556 3380 :
1591 3323 1668 3398 Ne
1701 3325 2012 3380 terreamini
2047 3337 2180 3390 vos;
2220 3323 2321 3377 hoc

747 3425 864 3482 est,
901 3417 1169 3471 Custodes
1217 3416 1430 3485 quidem
1482 3416 1630 3485 digni
1676 3424 1804 3470 sunt
1848 3416 1936 3484 qui
1976 3423 2310 3477 terreantur,

750 3523 844 3562 vos
892 3517 1069 3561 autem
1124 3506 1401 3576 discipula:
1465 3505 1712 3571 Domini,
1769 3520 1835 3560 ne
1888 3507 2221 3561 terreamini.
2255 3504 2323 3559 Et

750 3608 1033 3667 postquam
1068 3598 1319 3653 liberavit
1360 3612 1453 3653 eas
1498 3613 1526 3650 a
1564 3609 1730 3662 metu,
1757 3598 2095 3669 evangelizat
2126 3600 2207 3652 eis
2237 3613 2324 3652 re-

745 3694 1165 3748 surrectionem.
1197 3692 1440 3747 Primum
1470 3692 1611 3745 enim
1646 3694 1896 3747 timorem
1921 3691 2122 3759 ejicere
2153 3704 2318 3757 opor-

743 3785 917 3849 tebat,
948 3792 1002 3837 et
1036 3784 1230 3837 deinde
1260 3782 1653 3852 evangelizare.
1687 3780 1803 3835 Non
1834 3780 2110 3835 erubescit
2141 3788 2320 3832 autem

2425 3220 2577 3287 μείου
2612 3214 2906 3284 καθῆσθαι,
2937 3216 2993 3266 ἐν
3026 3216 3137 3275 τοῖς
3171 3213 3384 3277 δεξιοῖςο
3426 3207 3515 3283 ἆρ’
3548 3206 3639 3264 οὖν
3673 3212 4009 3276 ὲναντιοφω-

2422 3309 2628 3374 tio-30w;
2653 3306 2803 3377 Οὐχί·
2834 3306 2948 3359 ἀλλ’
2973 3305 3117 3367 είκός
3145 3304 3259 3356 ἐστι
3288 3303 3524 3372 φανῆναι
3552 3302 3765 3371 πρῶτον
3791 3301 3881 3353 τὸν
3907 3300 4010 3367 ἀγ-

2418 3407 2571 3475 γελον
2607 3406 2915 3474 καθήμενον
2945 3404 3001 3454 ὲν
3032 3401 3109 3468 τῷ
3145 3400 3311 3468 λίθῳ,
3348 3397 3465 3451 εἶτα
3502 3396 3863 3452 είσελθουσῶν
3895 3395 4008 3448 τῶν

2418 3498 2715 3567 γυναικῶν,
2747 3498 2917 3565 προά”,
2985 3512 3012 3547 ν
3042 3494 3131 3545 τὸν
3159 3492 3414 3561 ἄγγελον,
3449 3492 3541 3544 καὶ
3574 3490 3735 3544 πάλιν
3767 3491 4008 3559 φανῆναι

2418 3590 2567 3651 ἐντὸς
2599 3588 2692 3640 τοῦ
2735 3588 3001 3656 μνημείου
3039 3585 3349 3652 καθήμενον
3383 3585 3439 3635 ὲν
3472 3584 3582 3643 τοῖς
3614 3581 3833 3645 δεξιοῖς.
3866 3576 4011 3635 Εἷπσ

2418 3684 2475 3738 δὲ
2503 3683 2638 3753 πρὸς
2664 3685 2759 3743 τας
2784 3682 3047 3747 γυναῖκας
3069 3693 3085 3709 ·
3102 3676 3193 3746 Μὴ
3219 3676 3470 3746 φοϐεῖσθε
3494 3678 3521 3727 ὐ
3532 3692 3596 3744 με
3608 3679 3677 3739 ῖς,
3703 3675 4011 3737 τουτέστιν,

2420 3776 2485 3831 Οἱ
2517 3776 2617 3845 μὲν
2644 3775 2883 3842 φύλακες
2912 3769 3050 3833 ἄξιοί
3076 3772 3180 3821 είσι
3209 3769 3493 3835 φοϐεῖσθαι
3518 3784 3533 3801 ·
3563 3770 3720 3835 ὑμεῖς
3747 3769 3802 3820 δὲ
3830 3767 3885 3818 αί
3912 3765 4011 3819 τοῦ

754 3876 1041 3929 nominare
1104 3875 1386 3927 Dominum
1442 3872 1784 3928 cruciﬁxum.
1837 3871 2115 3925 Gloriatur
2175 3871 2318 3925 enim
2421 3868 2451 3917 Ii

2421 3865 2628 3935 Κυρίου
2659 3862 2977 3933 μαθήτριαι,
3011 3860 3083 3929 μὴ
3116 3858 3388 3926 φοϐεῖσθε.
3426 3857 3567 3910 Μεθ’
3590 3857 3615 3909 δ
3645 3858 3699 3908 δὲ
3732 3856 4018 3909 ἀπαλλάτ-

747 3980 911 4019 crnce
967 3973 1219 4034 tanquam
1279 3974 1515 4031 tropm'),
1567 3977 1672 4031 quo
1732 3962 1888 4016 nobis
1949 3960 2131 4016 omnia
2180 3960 2319 4014 bona
2422 3974 2444 4006 τ

2422 3973 2501 4007 τει
2533 3955 2700 4016 αὐτὰς
2732 3953 2826 4003 τοῦ
2859 3951 3009 4011 δέους
3035 3990 3047 4014 ,
3082 3948 3492 4017 εὐαγγελίζεται
3524 3950 3714 4009 αὐταῖς
3744 3947 3842 4018 τὴν
3871 3946 4018 4003 ἀνά-

744 4056 1030 4111 conciliata
1071 4068 1217 4111 sunt.
2428 4065 2441 4099 ε

2428 4064 2635 4101 στασιν.
2666 4045 2813 4096 Ἔδει
2856 4044 2965 4112 γὰρ
3012 4042 3277 4111 πρότερον
3320 4040 3572 4091 ἐκϐαλεῖν
3612 4040 3670 4091 τὸ
3708 4040 3845 4103 δέος,
3892 4032 4016 4091 εἶτα

744 4153 1227 4222 εὐαγγελίσασθαι.
1273 4154 1388 4207 Οὐκ
1437 4153 1757 4222 αἰσχύνεται
1804 4152 1862 4204 δὲ
1909 4150 2327 4221 ἐσταυρωμένον
2365 4144 2647 4213 ὀνομάζων
2681 4142 2771 4194 τὸν
2841 4140 3066 4210 Κύριον.
3103 4138 3191 4209 Τῷ
3228 4138 3337 4208 γὰρ
3372 4135 3589 4207 σταυρῷ
3659 4137 3852 4207 ὥσπερ
3885 4153 4021 4206 τρο-

748 4245 895 4313 παίῳ
923 4246 1028 4298 τινὶ
1057 4248 1417 4313 ὲγκαυχᾶται,
1442 4244 1621 4296 πάντα
1647 4244 1715 4296 τά
1744 4241 1928 4310 ἀγαθά
1955 4238 2345 4311 προεξενηκότι
2379 4237 2533 4305 ἡμῖν.

822 4334 984 4389 V'Etts.
1012 4335 1067 4398 9,
1098 4334 1179 4388 l0.
1210 4352 1229 4385 ι
1258 4334 1390 4389 Cum
1420 4342 1599 4387 autem
1628 4333 1796 4388 issent
1813 4332 1879 4384 ad
1904 4330 2323 4385 renuntiandum
2360 4330 2401 4386 ι)
2510 4344 2519 4374 ‹

2360 4330 2401 4386 D
2510 4344 2527 4374 s
2564 4323 2651 4385 Ὠς
2680 4322 2737 4374 δὲ
2770 4320 3095 4391 ἐπορεύοντο
3123 4318 3453 4385 ἀπαγγεῖλαι
3477 4318 3590 4377 τοῖς
3625 4315 3890 4385 μαθηταῖς
3916 4317 4021 4370 αὐ-

747 4424 1037 4495 discipulis
1078 4425 1217 4491 eius,
1266 4438 1394 4479 ecce
1441 4422 1601 4479 Jesus
1651 4422 1891 4493 occurrit
1941 4420 2048 4475 illis
2082 4420 2319 4475 dicens:

746 4520 934 4572 Avete.
972 4516 1075 4571 ille
1110 4525 1287 4571 autem
1318 4522 1688 4578 accesserunt,
1731 4524 1786 4569 et
1824 4521 2118 4569 tenuerunt
2161 4510 2326 4579 pedes.

746 4611 887 4678 ejus,
942 4618 995 4663 et
1052 4610 1416 4663 adoraverunt
1466 4622 1609 4661 eum.
1660 4604 1814 4658 Tunc
1856 4605 1930 4659 ait
1971 4603 2073 4658 illis
2119 4602 2321 4658 Jesus:

748 4701 926 4755 Nolite
975 4701 1211 4755 timere:
1258 4700 1367 4765 ite,
1409 4699 1717 4753 renuntiate
1752 4696 2013 4751 fratribus
2057 4696 2219 4760 meis,
2265 4704 2325 4749 ut

749 4803 875 4848 eant
906 4794 955 4846 in
984 4792 1280 4858 Galilaeam,
1313 4800 1363 4846 el
1401 4792 1473 4845 ibi
1510 4806 1595 4846 me
1638 4790 1911 4845 videbunt.
1962 4808 1980 4839 ι
2022 4787 2179 4858 165
2223 4788 2323 4841 Di-

749 4889 822 4939 cit
867 4885 1185 4940 mulieribus
1221 4898 1241 4936 :
1292 4884 1478 4948 Avete.
1537 4882 1804 4950 Quoniam
1858 4883 2003 4937 enim
2056 4880 2319 4935 muliebre

748 4993 917 5048 genus
938 4979 1004 5032 ad
1035 4978 1313 5032 tristitiam
1342 4977 1762 5032 condemnatum
1794 4973 1917 5035 iuit,
1943 4974 2198 5028 Dominus
2228 4986 2321 5039 per

750 5071 1202 5124 resurrectionem
1228 5083 1379 5123 suam
1400 5069 1655 5136 gaudium
1678 5066 1860 5121 attulit
1890 5065 2126 5120 femineo
2149 5063 2323 5126 sexui,

748 5175 801 5216 ct
844 5161 1119 5215 benedixit
1149 5162 1252 5216 eis.
1301 5160 1369 5213 At
1417 5160 1521 5213 illa:
1565 5174 1675 5239 pra
1714 5158 1882 5213 multa
1930 5156 2236 5211 reverentia
2272 5164 2327 5209 et

750 5257 954 5310 lmnore
986 5265 1039 5309 et
1069 5265 1291 5325 propter
1320 5255 1573 5323 pietatem
1623 5254 1787 5323 pedes
1815 5253 1933 5323 ejus
1972 5259 2180 5314 tenent,
2214 5262 2322 5303 non

749 5349 1008 5403 audentes
1040 5349 1201 5402 aliam
1248 5348 1747 5417 corporis-partem
1788 5348 2127 5416 contingere,
2160 5358 2324 5412 quam

748 5444 1024 5497 Extremas
1054 5442 1192 5497 illas.
1245 5441 1474 5509 Quidam
1506 5448 1684 5495 autem
1720 5439 1909 5494 dicunt
1936 5438 2117 5492 dedita
2161 5447 2326 5504 opera

2421 4418 2537 4482 τοῦ,
2583 4419 2677 4470 καὶ
2726 4416 2834 4467 ίδού
2876 4418 2903 4467 6
2934 4415 3135 4483 Ἰησοῦς
3182 4415 3497 4482 ἀπήντησεν
3540 4412 3754 4477 αὐταῖς,
3796 4412 3973 4480 λέγων
3998 4428 4015 4444 ·

2421 4509 2679 4579 Χαίρετε.
2710 4508 2773 4558 Ai
2805 4506 2884 4572 δὲ,
2919 4504 3315 4574 προσελθοῦσαι
3346 4505 3661 4573 ἐκράτησαν
3688 4503 3853 4556 αὐτοῦ
3885 4504 4019 4566 τοὺς

2423 4605 2609 4669 πόδας,
2640 4605 2733 4664 καὶ
2762 4602 3177 4673 προσεκύνησαν
3203 4601 3374 4669 αὐτῷ.
3414 4599 3549 4653 Τότε
3581 4600 3729 4667 λέγει
3761 4600 3954 4663 αὐταῖς
3987 4604 4020 4655 ὁ

2440 4697 2652 4762 Ἰησοῦς
2679 4713 2693 4726 δ
2721 4696 2813 4762 Μὴ
2858 4694 3132 4762 φοϐεῖσθε.
3176 4692 3467 4760 Ὑπάγετε,
3489 4692 3861 4760 ἀπαγγείλατε
3898 4695 4021 4756 τοῖς

2422 4789 2671 4855 ἀδελφοῖς
2710 4804 2811 4855 μου
2849 4786 2936 4839 ἵνα
2972 4786 3283 4839 ἀπέλθωσιν
3314 4788 3395 4847 είς
3423 4786 3523 4852 τὴν
3556 4781 3871 4849 Γαλιλαίαν,
3910 4786 4019 4838 κά-

2427 4882 2514 4932 κεῖ
2540 4898 2605 4949 με
2631 4879 2875 4948 ὄψονται.
2893 4898 2910 4930 ι
2935 4880 3392 4949 Προσφωνεῖταῖς
3417 4878 3630 4946 γυναιξὶ
3650 4878 3733 4939 τὸ,
3754 4878 4017 4948 Χαίρετε.

2439 4974 2594 5026 Ἐπεὶ
2623 4974 2726 5042 γάρ
2751 4971 2811 5024 τὸ
2838 4974 3148 5040 γυναικεῖον
3174 4972 3327 5038 γένος
3363 4970 3651 5024 λυπεῖσθαι
3682 4970 4016 5042 κατεκρίθη,

2391 5073 2395 5076 ’
2421 5067 2449 5119 6
2480 5068 2683 5137 Κύριος
2712 5066 2800 5122 διὰ
2829 5068 2926 5136 τῆς
2954 5067 3306 5137 ἀναστάσεως
3332 5066 3497 5118 αὐτοῦ
3531 5066 3631 5134 τὴν
3663 5064 3841 5135 χαρὰν
3873 5080 4016 5131 προ-

2406 5158 2642 5226 σεξένησε
2676 5157 2751 5227 τῷ
2789 5157 3087 5226 γυναικείῳ
3130 5155 3311 5223 γένει,
3349 5155 3446 5207 καὶ
3484 5154 3779 5223 εὐλόγησεν
3814 5152 4012 5215 αὐτάς.

2424 5250 2513 5302 Διὸ
2553 5251 2761 5301 ἐκεῖναι
2802 5249 2911 5300 ἀπὸ
2942 5248 3039 5315 τῆς
3082 5247 3286 5315 πολλῆς
3331 5245 3457 5316 περὶ
3497 5245 3659 5298 αὐτὸν
3693 5241 3875 5304 αἰδοῦς
3919 5242 4017 5293 καὶ

2426 5342 2619 5411 τιμῆς,
2652 5342 2778 5403 τοὺς
2812 5341 2976 5403 πόδας
3009 5340 3173 5393 αὐτοῦ
3204 5339 3497 5407 κρατοῦσι,
3526 5338 3593 5391 δι’
3619 5336 3906 5392 εὐλάϐειαν
3938 5333 4017 5404 μὴ

2425 5433 2704 5501 τολμῶσαι
2734 5432 2895 5485 ἀλλου
2930 5432 3132 5501 μέρους
3158 5429 3251 5482 τοῦ
3284 5427 3533 5499 σώματος
3564 5426 3828 5497 ἀψασθαι,
3854 5426 3906 5477 εί
3937 5424 4017 5494 μὴ

1710 5556 1801 5618 Bx
1827 5551 2175 5615 collatione
2209 5547 2396 5610 codd.
2434 5550 2662 5610 Venet.
2704 5551 2767 5610 S.
2804 5550 3023 5609 Marci.

820 5667 936 5739 (56)
978 5665 1111 5759 90d.
1145 5664 1213 5721 30
1252 5665 1319 5735 τῇ
1351 5664 1601 5735 πέμπτη,
1637 5659 1898 5728 ἑσπέρας.

821 5790 903 5860 (ι)
961 5748 1106 5846 fidit.
1141 5785 1265 5844 Lut.
1320 5787 1501 5854 vortit,
1554 5781 1965 5855 ingredientibus
2023 5777 2326 5834 mulieribus
2354 5775 2541 5842 prmire
2584 5773 2848 5835 matiam,
2898 5779 2945 5824 ct
2993 5770 3179 5823 iterum
3214 5748 3521 5834 apparuisse
3544 5763 3595 5816 in
3630 5759 3889 5829 sepulcra.
