4298 6446
346 373 452 439 ιιι

904 374 1354 438 ENARRATI-O
1393 376 1475 438 IN
1517 376 2019 443 EVANGELIUM
2058 382 2452 446 ΜΑἸἾἨΕΙ.
2494 410 2564 421 -

1393 376 1475 438 IN
1517 376 2019 443 EVANGELIUM
2058 382 2452 446 ΜΑἸἾἨΑΞΙ.
2494 410 2564 421 ·-
2604 385 2764 447 CAP.
2806 387 3087 450 XXVIlI.

3525 387 3637 465 ‘82

343 493 461 546 τῶν
498 491 743 562 ἐσχάτων
789 493 974 563 μερῶν
1017 493 1113 547 τοῦ
1155 494 1407 565 σώματος
1447 493 1638 549 αὐτοῦ.
1679 495 1838 558 Τινές
1879 495 1938 550 δέ
1969 505 2015 562 Α

1969 505 2015 562 Α
2045 499 2164 554 illas
2195 500 2412 564 fecisse,
2461 513 2518 556 ut
2555 501 2856 571 periculum
2892 501 3134 556 facerent
3185 517 3315 556 num
3364 514 3492 556 vere
3521 518 3636 555 sur-

345 602 515 653 φασιν
540 586 624 638 δτι
647 584 964 654 ἐξεπίτηδες
989 586 1284 656 ἐδράξαντο
1304 586 1416 640 τῶν
1439 586 1618 640 ποδῶν
1643 585 1833 649 αὐτοῦ,
1856 588 1932 652 ὡς

347 675 418 730 ἂν
455 675 700 746 μάθωσιν
730 677 780 729 εί
815 676 1034 746 άληθῶς
1065 677 1265 746 ἀνέστη
1300 680 1398 732 καὶ
1434 687 1510 752 μη
1545 679 1690 733 κατὰ
1723 695 1931 748 φαντα-

346 767 492 831 σίαν,
524 767 660 837 μηδέ
691 768 910 838 πνεῦμά
938 770 1107 824 ἐστιν.
1139 770 1431 824 ’Υπενόουν
1458 771 1568 842 γὰρ
1597 770 1683 824 ὅτι
1711 769 1846 824 πνεῦ
1857 771 1933 841 μά

344 860 484 912 ἐστι.
536 856 670 937 Τότε
705 860 804 929 μὲν
829 859 923 913 οὖν
951 862 1006 914 al
1035 859 1130 914 δύο
1156 853 1320 914 αὗται
1349 863 1558 933 Μαρίαι
1584 861 1798 933 ἥψαντο
1825 862 1945 915 τῶν

345 947 528 1001 ποδῶν
559 947 744 1001 αὐτοῦ.
786 948 941 1002 Κατὰ
980 948 1038 1001 δὲ
1069 949 1162 1002 τὸν
1197 949 1484 1020 Ἰωάννην,
1522 954 1554 1022 ἡ
1595 952 1930 1022 Μαγδαληνὴ

343 1039 533 1107 Μαρία
578 1041 849 1111 ἐπιχειρεῖ
888 1042 986 1108 μὲν
1019 1038 1296 1110 ἅψασθαι,
1331 1043 1391 1094 οὑ
1437 1046 1798 1111 συγχωρεῖται
1836 1044 1892 1096 δὲ
1915 1084 1930 1108 ,

339 1131 477 1183 διότι
506 1130 698 1200 ἢθελεν
723 1131 810 1184 ἀεὶ
838 1132 1076 1184 συνεῖναι
1108 1132 1257 1202 αὑτῷ
1285 1132 1476 1202 ὥσπερ
1508 1133 1602 1188 καὶ
1635 1137 1925 1203 πρότερον.

345 1219 414 1273 Ἦ
461 1221 791 1289 μᾶλλον.δώ
831 1219 992 1274 τοῦτο
1033 1223 1095 1276 οὐ
1139 1226 1504 1294 συγχωρεῖται
1551 1223 1792 1292 ἅψασθαι
1831 1225 1927 1278 τοῦ

352 1316 530 1385 Ἰησοῦ
566 1318 704 1369 κατὰ
733 1318 824 1369 τὸν
861 1308 1135 1387 Ἰωάννην,
1167 1317 1242 1379 ὼς
1265 1319 1574 1388 περίεργος.
1614 1319 1768 1372 Ἐπεὶ
1790 1319 1921 1389 γὰρ,

339 1408 618 1479 ὥςφησιν
651 1413 679 1464 6
712 1410 1014 1477 Ματθαῐος,
1049 1411 1229 1480 ἥψατο
1262 1412 1428 1464 αὑτοῦ
1463 1412 1571 1464 τῶν
1609 1413 1806 1478 ποδῶν,
1841 1415 1926 1476 τίς

335 1495 407 1569 ἦν
438 1500 517 1552 ἔτι
542 1501 696 1569 χρεία
721 1500 882 1553 πάλιν
913 1500 1196 1572 adlaudat;
1232 1501 1397 1554 Ὥστε
1431 1501 1506 1564 ὡς
1536 1503 1796 1571 περιττὴν
1827 1499 1920 1554 οὓ-

339 1606 441 1643 σαν
471 1590 657 1643 λοιπὸν
689 1592 860 1662 αὐτὴν
891 1592 1214 1646 ἀπωθεῖται.

413 1698 433 1731 ι
461 1681 851 1752 Πορευομένων
888 1683 946 1735 δέ
977 1684 1177 1748 αὐτῶν,
1213 1683 1321 1738 ἰδού
1355 1701 1501 1747 τινες
1535 1686 1630 1757 τῆς
1661 1705 1907 1741 κουστω-

336 1769 456 1834 δίας
486 1771 734 1837 ἐλθόντες
765 1774 848 1834 είς
875 1774 976 1842 τὴν
1008 1774 1167 1826 πόλιν
1201 1775 1547 1845 ἀπήγγειλαν
1585 1779 1698 1840 τοῖς
1727 1778 1917 1848 ἀρχιε-

2051 591 2300 656 rcxiSset,
2337 602 2391 646 et
2419 608 2545 646 num
2578 593 2803 662 spiritus
2836 592 3013 646 sitvcl
3046 586 3392 660 phantasma.
3433 589 3638 645 Existi-

2048 680 2270 734 mabant
2300 681 2442 735 enim
2479 682 2734 749 spiritum
2777 695 2919 735 esse.
2965 678 3152 748 itaque
3204 686 3334 734 tunc
3367 681 3486 734 dua:
3532 680 3635 736 illa:

2046 773 2234 826 Maria
2267 773 2562 843 tangebam
2591 774 2754 842 pedes
2779 773 2916 839 eius.
2944 773 3148 827 Verum
3181 773 3333 841 juxta
3364 772 3633 828 Joannem

2049 863 2217 920 Maria
2252 864 2562 935 Magdalene
2602 873 2836 919 attentat
2866 865 3083 934 quidem
3115 874 3338 932 tangere
3369 864 3534 932 pedes
3563 864 3632 924 '°,

2045 971 2154 1009 non
2189 957 2507 1011 conceditur
2545 967 2722 1010 autem
2762 957 2832 1021 ei,
2869 970 2936 1010 eo
2966 956 3110 1025 quod
3155 957 3369 1008 volebat
3417 969 3636 1021 semper

2047 1043 2274 1101 manere
2295 1062 2417 1101 cum
2437 1061 2501 1101 eo
2524 1048 2668 1101 sicut
2698 1047 2885 1115 prius:
2911 1046 2994 1100 vel
3025 1046 3205 1114 potius
3229 1046 3348 1100 ideo
3373 1060 3479 1098 non
3510 1060 3633 1098 con-

2043 1139 2256 1193 ceditur
2303 1139 2352 1192 ei
2409 1149 2635 1205 tangere
2696 1137 2877 1193 .Iesum
2924 1138 3077 1207 juxta
3137 1135 3428 1198 Joannem,
3489 1138 3632 1206 quod

2041 1229 2314 1284 curiosula
2350 1238 2486 1284 erat.
2538 1228 2676 1294 Quia
2729 1231 2899 1293 enim,
2958 1233 3100 1284 sicut
3149 1230 3286 1284 dixit
3322 1230 3628 1292 Mattharus,

2041 1321 2288 1390 tetigerat
2318 1323 2480 1390 pedes
2511 1322 2649 1390 ejus,
2697 1323 2827 1390 quid
2874 1325 3050 1376 adhuc
3096 1337 3232 1390 opus
3276 1331 3397 1376 erat
3433 1322 3629 1375 iterum

2039 1421 2260 1482 tangere
2290 1412 2393 1467 iet
2427 1413 2498 1467 ita
2533 1414 2810 1484 repellitur
2845 1415 2920 1468 uti
2955 1419 3193 1470 curioSa.

2103 1677 2270 1733 Vens.
2305 1677 2499 1733 it-15.
2538 1695 2557 1730 ι
2601 1677 2734 1743 Quae
2765 1694 2885 1733 cum
2919 1680 3204 1743 abiissent,
3244 1694 3372 1735 ecce
3400 1681 3624 1750 quidam

2027 1781 2060 1822 ο
2089 1767 2407 1822 custodibus
2439 1778 2708 1821 venerunt
2743 1767 2796 1822 in
2829 1767 3136 1833 civitatem,
3176 1783 3240 1822 ac
3277 1772 3627 1824 renuntiave-

337 1863 525 1933 ρεῦσιν
559 1863 778 1917 ἅπαντα
825 1865 895 1918 τὰ
928 1865 1220 1933 γενόμεναο
1255 1867 1350 1919 καὶ
1387 1867 1746 1937 συναχθέντες
1777 1870 1916 1939 μετὰ
1952 1852 1995 1909 Β
2027 1874 2034 1911 1

1952 1852 1995 1909 Β
2027 1866 2154 1912 runt
2184 1859 2521 1928 principibus
2554 1858 2902 1914 sacerdotum
2928 1861 3112 1914 omnia
3137 1876 3258 1930 quae
3289 1860 3621 1916 acciderant.

333 1956 445 2009 τῶν
472 1957 883 2027 πρεσϐυτέρων,
920 1957 1246 2026 συμϐούλιόν
1271 1975 1331 2011 τε
1363 1957 1644 2026 λαϐόντες,
1673 1960 1917 2032 ἀργύρια

335 2049 501 2106 ἱκανὰ
529 2051 739 2105 ἔδωκαν
783 2052 898 2114 τοῖς
972 2050 1360 2120 στρατιώταις,
1394 2052 1644 2119 λέγοντες
1666 2069 1681 2085 ⁶
1714 2054 1918 2106 Εἴπατε

333 2141 442 2205 ὃτι,
465 2142 529 2194 Oi
549 2143 786 2212 μαθηταὶ
811 2141 976 2194 αὑτοῦ
1004 2144 1194 2203 νυκτὸς
1216 2143 1483 2206 ἐλθόντες,
1501 2143 1735 2214 ἔκλεψαν
1755 2145 1918 2199 αὐτὸν

331 2234 492 2303 ἡμῶν
546 2237 932 2306 κοιμωμένωνο
966 2235 1062 2287 καὶ
1108 2234 1202 2287 ἐὰν
1233 2236 1476 2308 ἀκουσθῇ
1510 2236 1671 2290 τοῦτο
1704 2239 1799 2290 ἐπὶ
1821 2237 1916 2291 τοῦ

328 2323 623 2394 ἡγεμόνός,
658 2328 835 2395 ἡμεῖς·
869 2326 1134 2395 πείσομεν
1179 2327 1362 2389 αὑτὸν,
1401 2328 1495 2380 καὶ
1540 2327 1683 2397 ὑμᾶς
1727 2329 1922 2396 άμερί-

341 2436 514 2488 μνους
531 2421 858 2488 ποιήσομεν.
888 2421 950 2472 Oi
968 2419 1047 2483 δέ,
1084 2419 1338 2481 λαϐόντες
1355 2419 1422 2472 τὰ
1446 2421 1705 2492 άργυρία,
1730 2422 1920 2491 ἐποίη-

327 2525 428 2562 σαν
458 2511 534 2572 ὼς
561 2509 1085 2581 ἐδιδάχθησαν-καὶ
1131 2509 1470 2580 διεφημίσθη
1508 2511 1538 2561 6
1565 2510 1724 2580 λόγος
1759 2505 1915 2576 οὗτος

326 2599 480 2669 παρὰ
521 2599 798 2664 Ἰουδαίοις
836 2599 998 2670 μέχρι
1037 2599 1140 2669 τῆς
1194 2601 1461 2670 σήμερον.
1498 2620 1516 2653 ι
1557 2602 1621 2654 Oi
1656 2601 1757 2672 μὲν
1802 2605 1913 2657 ἀπ’)

323 2689 427 2761 τῆς
468 2691 799 2754 κουστωδίας
857 2691 1212 2761 ἀπήγγειλαν
1263 2693 1444 2747 πάντα
1480 2711 1494 2723 ·
1551 2694 1634 2748 ὅτι
1694 2695 1918 2765 σεισμὸς

324 2781 563 2844 ἐγένετο,
610 2779 693 2836 δτι
744 2783 776 2835 6
830 2780 977 2844 λίθος
1035 2781 1181 2852 ῆρθη
1245 2781 1605 2852 αὐτομάτως,
1642 2783 1727 2836 ὅτι
1761 2785 1916 2837 αὐτοὶ

324 2862 661 2943 φοϐηθέντες
713 2873 964 2942 ἐγένοντο
1008 2873 1144 2926 ὡσεὶ
1182 2872 1391 2943 νεκροί.
1451 2875 1515 2926 0i.
1564 2872 1621 2926 δέ
1666 2875 1915 2928 Ἰουδαῖοι

321 2962 448 3018 οὕτε
503 2964 575 3017 τά
612 2965 704 3018 ἐπὶ
745 2964 824 3034 τῷ
868 2964 1031 3019 πάθει
1068 2965 1338 3034 γενόμενα
1373 2961 1651 3031 θαύματα,
1682 2962 1806 3017 οὔτε
1845 2967 1913 3018 τὰ

323 3055 418 3109 ἐπὶ
457 3054 535 3124 τῷ
571 3056 729 3124 τάφῳ
767 3055 1195 3126 μαρτυρούμενα
1226 3055 1379 3124 παρὰ
1407 3053 1520 3107 τῶν
1562 3055 1913 3124 στρατιωτῶν

326 3147 770 3216 δυσωπηθέντες,
799 3125 876 3217 τῷ
907 3147 1025 3217 ίδίῳ
1055 3146 1219 3200 πάθει
1245 3125 1312 3217 τῇ
1351 3146 1689 3240 φιλαργυρία
1712 3148 1912 3201 ὑπονοο
1945 3175 1991 3240 C

325 3239 549 3292 θεύουσι
589 3241 717 3302 τοὺς
751 3239 1112 3308 στρατιώτας,
1139 3239 1569 3310 παραπείοοντες
1603 3239 1803 3302 αὐτοὺς
1851 3241 1911 3294 τὸ

323 3332 547 3386 πάντων
592 3330 955 3402 ἀσεϐέστερον
988 3331 1326 3400 φθέγξασθαι
1379 3330 1474 3384 καὶ
1527 3331 1907 3402 ἀνοητότερον,

317 3423 404 3476 δτι
455 3422 689 3491 ἐκλάπη.
736 3421 856 3483 Πῶς
894 3422 1004 3492 γὰρ
1049 3423 1116 3475 ἂν
1167 3422 1420 3490 ἔκλεψαν,
1477 3417 1522 3473 ὦ
1570 3423 1811 3492 ἀνόητοι,
1862 3424 1910 3475 οἱ

323 3514 591 3586 μαθηταί,
626 3516 672 3567 0i
723 3514 813 3566 διὰ
842 3515 935 3566 τὸν
968 3513 1134 3582 φόϐον
1192 3512 1649 3574 ἀποκλεισθέντες
1700 3513 1794 3566 καὶ
1833 3513 1908 3582 μὴ

316 3607 627 3675 τολμῶντες
673 3607 808 3668 ὅλως
861 3606 1143 3673 ἐξελθεῐν;
1179 3607 1302 3669 ῐῐῶς
1333 3608 1377 3659 δ’
1432 3608 1502 3660 ἂν
1549 3609 1597 3659 εἰ
1652 3605 1907 3673 ἔκλεψαν,

322 3698 673 3769 ἀπέθνησκον
725 3698 955 3768 ὕστερον
1014 3699 1084 3751 δι’
1137 3698 1334 3764 αὐτὸν,
1398 3700 1909 3770 κηρύττοντεςίότι

326 3791 554 3860 ἀνέστη,
579 3793 672 3844 καὶ
705 3792 804 3843 ὑπὲ
815 3807 846 3860 ρ
875 3789 968 3844 τοῦ
993 3790 1222 3859 ψεύδους
1250 3792 1721 3853 κατακοπτόμενοι
1748 3809 1762 3857 ;

393 3993 416 4028 ε
459 3975 522 4029 Oi
554 3974 610 4026 δέ
640 3972 835 4027 ἕνδεκα
868 3973 1110 4043 μαθηταὶ
1144 3973 1524 4046 ἐπορεύθησαν
1567 3974 1646 4037 εἰς
1676 3974 1777 4042 τὴν
1801 3976 1906 4028 Γα-

315 4068 536 4120 λιλαίαν
562 4107 581 4130 ,
611 4067 691 4128 είς
742 4066 801 4116 τὸ
857 4065 982 4130 ὅρος
1019 4061 1081 4118 οὗ
1121 4065 1351 4131 ἐτάξατο
1403 4066 1587 4128 αὐτοῖς
1614 4068 1641 4118 6
1675 4065 1904 4135 Ἰησοῦς·

313 4160 412 4210 καὶ
448 4158 646 4219 ἰδόντες
702 4156 888 4221 αὐτὸν,
922 4155 1339 4225 προσεκύνησαν
1389 4156 1558 4226 αὐτῷ·
1588 4157 1637 4209 0!
1688 4156 1743 4209 δὲ
1798 4157 1907 4210 ἐδί-

315 4266 547 4304 στασαν.
601 4248 713 4302 Καὶ
748 4245 1063 4317 προσελθὼν
1086 4248 1116 4299 6
1161 4247 1368 4316 Ἰησοῦς
1398 4246 1659 4318 ἐλάλησεν
1703 4247 1904 4313 αὐτοῖς,

311 4344 513 4411 λέγων’
558 4340 745 4408 Ἐδόθη
785 4357 875 4411 μοι
911 4341 1060 4393 πᾶσα
1094 4341 1195 4406 ἐξο·
1228 4341 1314 4394 σία
1347 4342 1406 4393 ἐν
1445 4339 1662 4412 οὐρανῷ
1693 4340 1787 4394 καὶ
1813 4341 1908 4394 ἐπὶ

312 4434 420 4502 γῆς
455 4449 468 4461 ·
521 4432 882 4502 πορευθέντες
951 4429 1330 4501 μαθητεύσατε
1378 4431 1557 4485 πάντα
1602 4430 1671 4484 τά
1729 4430 1856 4498 ἐθνη
1890 4471 1904 4495 ,

2031 1949 2098 2004 Ει
2129 1953 2443 2022 congregati
2473 1968 2595 2007 cum
2622 1952 2950 2018 senioribus,
2981 1952 3211 2007 consilio
3238 1954 3424 2008 habito
3459 1969 3626 2023 pecu-

2031 2045 2176 2097 niam
2208 2032 2487 2113 copiosam
2519 2045 2784 2100 dederunt
2811 2045 3099 2113 militibus,
3137 2046 3417 2101 dicentes:
3452 2042 3626 2102 Dicite

2028 2136 2170 2204 quod
2205 2134 2462 2206 Discipuli
2495 2139 2612 2206 ejus
2656 2146 2814 2192 nocte
2853 2147 3144 2203 venerunt,
3188 2149 3241 2191 et
3272 2137 3438 2192 furati
3496 2148 3625 2195 sunt

2033 2241 2156 2286 eum
2185 2227 2343 2284 nobis
2367 2230 2791 2285 dormientibus.
2818 2228 2883 2283 Et
2925 2229 2969 2285 si
2997 2231 3097 2285 hoc
3117 2232 3358 2285 auditum
3390 2231 3554 2286 fuerit
3592 2249 3623 2287 a

2028 2321 2280 2391 praeside,
2301 2336 2398 2376 nos
2416 2321 2868 2390 persuadebimus
2893 2322 2966 2388 ei,
2995 2331 3050 2376 et
3074 2337 3300 2379 securos
3329 2339 3422 2378 vos
3454 2324 3622 2380 facie-

2029 2429 2170 2470 mus.
2204 2415 2274 2468 Αι
2315 2414 2392 2468 illi
2443 2421 2672 2485 accepta
2709 2415 2939 2485 pecunia
2985 2414 3233 2470 iecerunt
3280 2420 3423 2472 sicut
3453 2428 3617 2472 erant

2024 2506 2238 2562 edocti:
2275 2515 2331 2561 et
2371 2506 2683 2577 divulgatus
2714 2515 2801 2562 est
2843 2506 2931 2562 liic
2978 2521 3161 2562 sermo
3214 2509 3354 2578 apud
3403 2507 3622 2565 Judzos

2027 2610 2203 2666 usque
2243 2598 2298 2651 in
2330 2597 2654 2652 hodiernum
2682 2598 2850 2652 diem.
2892 2617 2910 2651 ι
2949 2597 3221 2654 Custodes
3248 2601 3620 2656 annuntiave-

2026 2697 2152 2742 runt
2177 2691 2382 2752 omnia,
2413 2688 2559 2758 quod
2592 2699 2752 2744 terra
2779 2696 2958 2745 motus
2987 2689 3169 2744 factus
3193 2690 3285 2756 sit,
3311 2691 3455 2762 quod
3479 2692 3622 2761 lapis

2025 2791 2122 2847 per
2149 2793 2209 2832 se
2243 2779 2492 2833 sublatus
2525 2779 2618 2844 sit,
2654 2779 2797 2848 quod
2851 2780 2954 2849 ipsi
3009 2780 3183 2834 territi
3235 2763 3371 2835 lacti
3420 2782 3623 2838 fuerint

2025 2869 2180 2938 quasi
2227 2870 2450 2924 mortui.
2485 2869 2554 2924 At
2588 2869 2759 2926 Judaei
2818 2856 2970 2926 tanto
3019 2873 3286 2928 miraculo
3329 2876 3458 2928 moti
3512 2889 3620 2930 non

2024 2972 2174 3025 sunt,
2205 2977 2382 3032 neque
2402 2963 2630 3017 demulsi
2663 2964 2944 3018 miraculis
2970 2979 3092 3035 qua:
3123 2966 3176 3018 in
3211 2965 3460 3033 passione
3487 2981 3620 3021 con-

2026 3055 2297 3123 tigerant,
2352 3069 2530 3122 neque
2586 3054 2787 3121 placati
2837 3054 2946 3110 illis
3003 3070 3122 3124 quae
3182 3055 3618 3111 teetificabantur

2024 3144 2301 3206 custodes,
2330 3157 2430 3198 suo
2464 3143 2629 3208 malo,
2667 3145 2771 3198 lioc
2821 3153 2906 3199 est
2967 3146 3222 3212 avaritia,
3259 3146 3459 3200 milites
3488 3163 3615 3202 Cor-

2024 3244 2302 3304 rumpunt.
2328 3236 2664 3291 Persuadere
2688 3246 2867 3291 autem
2893 3249 3183 3303 conantur,
3202 3239 3345 3308 quod
3369 3243 3612 3296 omnium

2024 3331 2257 3384 maxime
2285 3329 2514 3399 impium
2541 3338 2596 3383 et
2620 3330 3010 3384 stultissimum
3047 3331 3211 3384 fuerit
3238 3334 3444 3398 dicere,
3467 3336 3613 3404 quod

2021 3419 2170 3474 furto
2200 3422 2455 3476 sublatus
2480 3431 2645 3475 esset.
2669 3420 2789 3487 Quo
2819 3432 2978 3491 pacto
2999 3425 3168 3486 enim,
3194 3438 3226 3477 ο
3253 3426 3430 3491 stulti,
3453 3426 3617 3481 furati

2017 3524 2205 3568 essent
2257 3514 2530 3582 discipuli,
2583 3517 2672 3583 qui
2731 3529 2843 3583 pra:
2902 3523 3048 3568 metu
3099 3515 3294 3570 inclusi
3335 3528 3512 3583 erant,
3559 3527 3615 3574 et

2018 3607 2241 3659 omnino
2292 3608 2444 3663 exire
2493 3621 2600 3660 non
2649 3607 2956 3660 audebant?
3008 3607 3291 3673 Quomodo
3331 3619 3514 3664 autem
3568 3611 3612 3664 si

2019 3698 2165 3752 furto
2242 3699 2638 3766 abstulissent,
2698 3709 2886 3768 postea
2954 3709 3177 3767 propter
3255 3700 3407 3756 illum
3474 3705 3613 3758 mori

2018 3788 2340 3854 voluissent,
2385 3789 2744 3857 praedicantes
2785 3788 2935 3841 illum
2973 3787 3361 3854 resurrexisse,
3412 3799 3467 3844 et
3512 3805 3614 3858 pro

2017 3881 2304 3936 mendacio
2339 3882 2477 3935 male
2510 3879 2727 3934 affecti?

2093 3973 2257 4026 Vnus.
2299 3971 2488 4026 lii-‘20.
2529 3990 2547 4022 ι
2582 3969 2846 4025 Undecim
2878 3981 3058 4026 autem
3082 3973 3330 4041 discipuli
3361 3974 3615 4030 abierunt

2018 4068 2072 4120 in
2105 4065 2386 4120 Galilaeam
2424 4066 2476 4119 in
2513 4075 2755 4119 montem
2797 4065 2885 4118 ubi
2914 4066 3274 4119 coiiSIituerat
3301 4066 3407 4121 illis
3425 4066 3607 4121 Jesus.

2017 4158 2233 4213 Etcum
2267 4157 2532 4211 vidissent
2555 4156 2727 4217 illum,
2749 4157 3117 4211 adoraverunt
3156 4173 3303 4222 eum,
3340 4158 3393 4211 lii
3429 4167 3610 4212 autem

2015 4250 2420 4303 dubitaverunt.
2451 4247 2515 4301 Et
2560 4248 2828 4302 accedens
2853 4244 3013 4301 Jesus
3043 4247 3254 4302 locutus
3281 4257 3367 4302 est
3404 4248 3486 4303 eis
3521 4248 3613 4302 di~

2015 4357 2180 4398 cens:
2219 4340 2355 4395 Data
2386 4350 2467 4395 est
2509 4340 2639 4394 mihi
2672 4342 2853 4395 omnis
2897 4349 3138 4409 potestas
3174 4341 3226 4394 in
3260 4340 3401 4396 coelo
3447 4350 3503 4396 et
3558 4343 3612 4397 in

2017 4442 2200 4498 terra;
2238 4443 2433 4488 euntes
2471 4445 2602 4500 ergo
2635 4434 2826 4487 docete
2859 4445 3052 4484 omnes
3085 4441 3296 4502 gentes,
3326 4431 3614 4500 baptizan-

315 4521 672 4595 βαπτίζοντες
693 4524 891 4585 αὐτοὺς
921 4524 1000 4586 εἰς
1025 4523 1085 4574 τὸ
1100 4522 1270 4589 ὄνομα
1297 4522 1394 4575 τοῦ
1421 4522 1664 4593 Πατρὸς,
1690 4524 1784 4575 καὶ
1808 4521 1904 4575 τοῦ
1931 4535 1985 4597 ι)

1931 4535 1985 4597 1)
2017 4535 2095 4580 les
2125 4539 2219 4580 eos
2245 4525 2300 4579 in
2326 4523 2549 4579 nomine
2577 4522 2777 4588 Patris,
2803 4531 2862 4577 οι
2895 4520 3043 4586 Filii,
3072 4531 3125 4576 et
3154 4522 3390 4592 Spiritus
3411 4525 3607 4590 sancti,

316 4613 479 4678 Υίοῦ,
516 4615 612 4667 καὶ
644 4613 738 4665 τοῦ
760 4611 920 4672 ἁγίου
956 4612 1299 4682 Πνεῦματος,
1332 4611 1679 4675 διδάσκοντες
1705 4614 1908 4677 αὐτοὺς

311 4708 507 4777 τηρεῖν
561 4704 741 4759 πάντα
783 4705 886 4758 ὅσα
927 4703 1289 4774 ἐνετειλάμην
1320 4705 1472 4774 ὑμῖν,
1519 4704 1614 4756 καὶ
1649 4704 1759 4757 ἰδοὺ
1796 4703 1908 4773 ἐγὼ

316 4799 437 4870 μεθ’
485 4798 640 4869 ὑμῶν
682 4800 800 4867 ειμι
840 4797 1020 4860 πάσας
1055 4796 1154 4860 τὰς
1177 4796 1417 4868 ἡμέρας,
1445 4796 1551 4861 ἕως
1582 4798 1680 4868 τῆς
1716 4813 1908 4849 συντε-

312 4886 468 4955 λείας
527 4889 622 4943 τοῦ
678 4890 906 4952 αἰῶνος.’
943 4907 961 4940 ι
1009 4888 1167 4942 Κατὰ
1215 4889 1306 4940 τὸν
1372 4884 1634 4958 Ἰωάννην
1689 4886 1911 4957 πρῶτον

315 4983 474 5052 ὤφθη
507 4984 620 5044 τοῖς
647 4981 962 5051 μαθηταῖςό
991 4979 1198 5049 Ἰησοῦς
1231 4978 1353 5032 κατ’
1371 4978 1541 5048 αὐτὴν
1567 4978 1665 5049 τὴν
1694 4978 1910 5048 ἡμέραν

313 5074 426 5143 τῆς
469 5072 847 5135 ἀναστάσεως,
902 5071 1015 5124 τῶν
1072 5071 1254 5140 θυρῶν
1314 5072 1757 5142 κεκλεισμένων·
1790 5068 1910 5126 εἶτα

320 5161 440 5236 μεθ’
460 5164 680 5235 ἡμέρας
699 5164 865 5230 ὀκτὼ,
894 5165 984 5216 ὅτε
1011 5165 1106 5216 καὶ
1131 5164 1159 5216 6
1187 5165 1389 5232 Θωμᾶς
1418 5166 1757 5219 ἐπίστευσεν
1789 5160 1909 5219 εἶτα

317 5255 509 5325 ἐπειδὴ
538 5254 763 5324 ἐμελλον
820 5256 898 5318 εἰς
943 5255 1236 5323 Γαλιλαίαν
1270 5257 1602 5326 ἀπαντῆσαι,
1659 5255 1816 5309 οὔπω
1848 5257 1908 5310 δὲ

319 5347 523 5408 πάντες
556 5346 691 5416 ὁμοῦ
727 5347 1096 5417 συνήχθησαν,
1134 5347 1274 5401 ἀλλά
1305 5363 1453 5410 τινες
1478 5347 1662 5400 αὐτῶν
1693 5347 1908 5418 ὴλίευον

320 5441 417 5494 tul
470 5438 573 5508 τῆς
615 5439 964 5510 Τιϐεριάδος,
991 5441 1164 5510 ἐφάνη
1197 5441 1319 5493 τότε
1366 5443 1477 5503 τοῖς
1501 5441 1779 5494 άλιεύουσι
1812 5441 1912 5511 p.6-

318 5547 454 5598 νοις,
480 5531 619 5586 ἐπτὰ
637 5529 778 5586 οὖσι.
804 5531 918 5584 Νῦν
948 5530 1042 5586 οὖν
1064 5534 1091 5586 ὅ
1112 5549 1276 5602 φησιν
1302 5533 1329 5584 ό
1359 5531 1658 5598 Ματθαίος,
1685 5529 1911 5604 ὕστερον

323 5624 581 5694 ἐγένετο,
628 5623 738 5679 τῶν
795 5625 947 5696 παρὰ
997 5624 1078 5694 τῷ
1120 5625 1345 5697 Ἰωάννῃ
1373 5625 1638 5697 πρότερον
1680 5626 1910 5696 γενομέ-

395 5800 446 5834 "
474 5799 632 5858 Joan.
672 5817 769 5868 xx,
806 5801 895 5854 ΓΙ.

2009 4619 2268 4674 docentes
2311 4631 2418 4672 eos-
2472 4629 2698 4687 servare
2755 4615 2937 4670 omnia
2995 4617 3611 4686 quaecunqueprzecepi

2009 4710 2183 4764 vobis.
2221 4708 2287 4762 Et
2315 4720 2444 4762 ecce
2473 4721 2574 4776 ego
2617 4707 2902 4762 vobiscum
2947 4723 3068 4762 sum
3107 4709 3364 4763 omnibus
3413 4709 3610 4764 diebus

2010 4814 2186 4870 usque
2231 4798 2299 4853 ad
2349 4799 2880 4854 consummationem
2937 4798 3147 4854 saeculi.
3209 4817 3228 4852 ι
3291 4798 3606 4853 Secundum

2011 4888 2300 4953 Joannem,
2344 4888 2581 4958 primum
2618 4888 2900 4958 discipulis
2938 4891 3090 4944 visus
3118 4898 3201 4945 est
3240 4887 3400 4945 .lesus
3449 4891 3611 4961 166

2013 4983 2132 5051 ipso
2180 4979 2266 5035 die
2327 4981 2771 5046 resurrectionis,
2834 4979 3037 5036 clausis
3105 4983 3347 5053 januis:
3412 4985 3609 5041 deinde

2012 5084 2139 5145 post
2171 5073 2290 5128 dies
2319 5085 2466 5140 octo,
2490 5074 2708 5143 quando
2731 5084 2787 5128 et
2810 5073 3054 5130 Thomas
3093 5077 3362 5132 credidit:
3397 5086 3607 5147 postre-

2015 5179 2134 5228 mo,
2195 5165 2323 5231 quia
2381 5164 2434 5218 in
2510 5163 2790 5218 Galilcam
2862 5168 3146 5221 occursuri
3203 5176 3404 5231 erant,
3468 5183 3606 5223 nou-

2006 5255 2132 5311 dum
2178 5264 2358 5310 autent
2399 5270 2587 5311 omnes
2633 5258 2952 5327 congregati
3003 5268 3201 5324 erant,
3243 5261 3337 5314 sed
3382 5260 3604 5329 quidam

2009 5350 2363 5417 piscabantur
2388 5352 2528 5419 apud
2564 5349 2932 5419 Tiberiadem,
2968 5354 3223 5424 apparuit
3258 5364 3385 5408 tunc
3423 5355 3605 5423 pisca-

2013 5443 2220 5496 toribus
2254 5442 2403 5508 solis,
2441 5458 2533 5511 qui
2568 5453 2774 5513 septem
2839 5455 3016 5500 erant.
3065 5443 3222 5501 Nunc
3264 5446 3430 5517 igitur
3459 5447 3604 5515 quod

2012 5534 2149 5589 dixit
2172 5534 2480 5604 Mattbteus,
2511 5536 2785 5607 posterius
2814 5535 3016 5592 factum
3053 5548 3137 5594 est
3173 5553 3336 5609 quam
3371 5538 3457 5590 illa
3484 5551 3604 5606 quae

2015 5641 2045 5681 a
2079 5625 2290 5689 Joanne
2340 5629 2483 5684 dicta
2535 5637 2682 5684 sunt.
2722 5627 2879 5698 Saepe
2922 5629 3066 5684 enim
3112 5630 3364 5696 apparuit
3392 5629 3473 5685 eis
3507 5641 3604 5697 per
