4298 6446
728 410 838 473 483
1599 395 2175 463 THEOPHYLALTI
2218 389 2630 452 BULGARIE
2664 384 3025 445 ARCHIEP.
3869 371 3977 435 486

720 520 840 574 dies
867 513 1241 584 quadraginta,
1277 513 1546 566 accedens
1580 520 1637 564 et
1664 508 1983 568 abscedens,
2018 520 2122 558 non
2152 516 2294 595 sem-
2320 500 2372 557 Α
2396 515 2417 548 ν

2282 528 2294 540 -
2320 500 2372 557 Α
2396 514 2525 549 νωνο
2560 495 2820 555 πολλάκις
2851 492 2958 561 γὰρ
2984 490 3158 558 ἐφάνη
3190 488 3397 549 αὐτοῖς,
3430 484 3497 540 δι’
3525 484 3748 595 ἡμερῶν
3776 502 3979 595 τεσσαῖ

723 624 821 677 per
847 576 901 659 ei
933 576 1128 670 ubique
1153 576 1233 657 eis
1266 618 1527 670 praesens.
1564 601 1820 655 Undccim
1852 600 2014 667 igitur
2041 594 2288 663 discipuli
2397 606 2420 655 ρ

2281 595 2288 644 i
2397 588 2637 655 ράκοντα
2706 584 3065 650 ἐφιστάμενος
3125 581 3219 630 καὶ
3277 579 3440 630 πάλιν
3469 576 3863 643 ἀφιστάμενος,
3914 577 3978 630 οὑ

722 667 799 751 illi
830 695 1080 764 ρι’ωεὶρυί
1111 710 1232 746 eum
1261 695 1485 759 reliquis
1518 694 1767 745 omnibus
1798 694 1887 759 qui
1922 690 2293 757 sequebantur
2394 695 2419 728 τ

2281 702 2293 737 ν
2394 677 2625 729 πάντοτε
2660 676 2756 726 καὶ
2786 674 2962 726 διόλου
2996 672 3180 731 αὑτοῖς
3214 667 3543 737 συμπαρών.
3575 668 3638 720 Ol
3673 667 3765 720 οῦν
3787 668 3978 722 ἐνδεκα

721 758 1020 840 Christum,
1052 783 1351 833 ailorabant
1378 758 1520 833 eum.
1544 780 1604 832 Hi
1624 790 1801 834 autem
1820 758 2166 841 dubitarunt,
2189 776 2292 829 hoc
2398 786 2418 863 ξ

2279 791 2292 828 3
2398 766 2638 835 μαθηταὶ
2694 766 2745 815 al.
2790 765 3111 831 κορυφαῖοι,
3169 761 3264 811 σὺν
3322 760 3431 812 τοῖς
3497 758 3700 820 λοιποῖς
3758 760 3976 819 πάντως

722 891 803 928 est
832 878 921 943 qui
949 884 1051 927 lam
1085 875 1419 929 dubitarunt.
1453 873 1737 925 Probabile
1786 882 1870 924 est
1916 871 2057 937 quod
2086 871 2166 922 sic
2223 870 2294 923 sit
2397 856 2419 908 δ

2276 877 2294 920 ι
2397 856 2569 908 ama
2599 858 2712 916 τοῖς
2758 852 3138 912 ἀκολουθοῦσι,
3174 850 3254 918 τῷ
3284 850 3507 918 Χριστῷ
3535 850 3973 917 προσεκύνησαν·

2430 948 2441 957 .
2508 947 2545 957 ..
2614 944 2687 957 .-.
3006 944 3017 957 .
3095 942 3105 957 .
3246 940 3266 949 ο
3441 940 3454 957 ι
3555 939 3598 957 ιη
3672 941 3745 957 ..ι

721 939 1143 1029 intelligendum.
1199 959 1458 1013 Undecim
1504 962 1753 1012 abierunt
1786 961 1836 1011 in
1890 957 2189 1020 Galilaeam,
2237 965 2293 1008 et
2393 964 2418 999 ο

2276 965 2293 1008 ι
2393 948 2445 999 οἱ
2502 947 2557 998 δέ
2611 944 2897 997 ἐδίστασαν
2932 961 2945 973 ·
2995 942 3115 993 ἀντὶ
3178 940 3294 1003 τοῦ,
3352 940 3496 1001 τνές
3551 939 3604 991 δὲ
3668 941 3973 995 ἐδίστασαν.

722 1055 970 1104 undecim
990 1052 1352 1103 :uluraveruut
1378 1050 1548 1101 illiilli.
1579 1050 1638 1101 lli
1665 1058 1867 1113 autem,
1893 1049 1944 1101 id
1974 1060 2075 1112 εει,
2102 1047 2289 1114 aliqui,
2396 1045 2419 1096 Ι

2283 1085 2289 1108 ,
2396 1044 2554 1106 Είκὸς
2594 1042 2684 1096 οὖν
2727 1040 2871 1093 οὕτω
2918 1040 3209 1109 νοηθῆναι*
3245 1038 3308 1088 Ol
3351 1036 3545 1089 ἕνδεκα
3583 1037 3821 1105 μαθηταὶ
3855 1038 3980 1089 ἐπο-

723 1138 860 1193 l'orte
886 1156 946 1191 ex
984 1140 1067 1191 his
1115 1142 1206 1207 qui
1245 1155 1311 1191 ex
1341 1140 1677 1206 septuaginta
1732 1148 1912 1202 erant,
1961 1138 2027 1191 de
2076 1137 2295 1189 Christo
2398 1153 2420 1205 ρ

2282 1152 2295 1187 I
2398 1136 2669 1205 ρεύθησαν
2696 1136 2773 1195 είς
2800 1135 2899 1201 τὴν
2929 1131 3240 1193 Γαλιλαίαν,
3263 1130 3356 1180 καὶ
3381 1128 3803 1198 προσεκύνησαν
3828 1129 3979 1199 αὑτῷ

721 1232 1081 1284 dubitarunt:
1123 1240 1306 1296 postea
1359 1239 1539 1281 autem
1579 1240 1633 1281 et
1686 1229 1995 1282 conlirmati
2046 1227 2291 1280 fuerunt.
2394 1243 2418 1277 ο

2282 1264 2291 1278 .
2394 1227 2443 1277 οἱ
2486 1226 2699 1277 ἐνδεκα.
2749 1226 2808 1276 Ol
2848 1224 2926 1285 δέ,
2978 1223 3099 1275 ἀντὶ
3128 1220 3256 1282 τοῦ,
3295 1222 3439 1283 τινὸς
3467 1221 3543 1283 δέ,
3570 1221 3731 1290 τυχὸν
3782 1223 3845 1273 ἐκ
3872 1221 3979 1273 τῶν

723 1316 974 1369 Nonnulli
1008 1318 1086 1368 sic
1121 1317 1429 1383 intelligunt
1456 1315 1596 1384 quod
1632 1316 1913 1370 Mattheus
1940 1319 2156 1385 quidem
2187 1332 2292 1370 non
2397 1317 2420 1367 ἐ

2283 1332 2292 1367 l
2397 1315 2794 1383 ἐὸδομήκοντα,
2829 1314 3115 1366 ἐδίστασαν
3149 1314 3278 1382 περὶ
3304 1312 3397 1364 τοῦ
3429 1313 3689 1381 Χριστοῦ.
3715 1313 3980 1383 Ὕστερον

723 1408 1052 1474 expresserit
1099 1402 1320 1473 quinam
1369 1408 1743 1461 dubitassem:
1794 1410 1938 1476 quod
1984 1418 2163 1462 autem
2190 1409 2295 1462 iste
2399 1423 2420 1474 ιι

2281 1424 2295 1461 3
2399 1406 2582 1474 μέντοι
2601 1402 3012 1472 ἐϐεϐαιιὲιθησαν
3034 1402 3129 1455 καὶ
3161 1403 3335 1456 αὐτοί.
3372 1401 3531 1466 Τινές
3568 1404 3624 1456 δέ
3652 1404 3797 1458 οὕτω
3828 1407 3978 1458 νοοῦ-

721 1498 924 1558 omisit,
959 1495 1195 1550 Joannes
1222 1498 1379 1561 dixit,
1418 1513 1609 1565 nempe
1635 1498 1777 1565 quod
1807 1496 2040 1551 Thomas
2074 1509 2221 1552 esset
2245 1500 2292 1552 is
2398 1511 2418 1545 ο

2281 1515 2292 1552 ι
2398 1511 2504 1557 σιν,
2537 1495 2619 1546 ὅτι
2649 1496 2675 1545 6
2710 1494 2810 1562 μέν
2841 1495 3121 1554 Ματθαῖος
3170 1494 3421 1562 παρῆκεν
3464 1497 3634 1547 είπεῖν
3661 1496 3803 1558 τίνες
3836 1492 3978 1567 ἦσαν

720 1588 810 1654 qui
844 1588 1138 1640 dubitarat.
1177 1586 1338 1641 Forte
1362 1598 1541 1640 autem
1572 1596 1626 1641 et
1661 1602 1851 1640 omnes
1876 1588 2215 1647 dubitarunt,
2244 1589 2294 1641 id
2395 1603 2417 1637 ο

2281 1590 2294 1640 l
2395 1586 2443 1637 oi
2476 1586 2852 1649 διστάσαντες·
2879 1585 2907 1637 6
2945 1586 3287 1654 δέοπαρῆκεν
3326 1581 3501 1649 οὗτος,
3533 1583 3688 1639 εἶπεν
3732 1592 3761 1640 6
3798 1589 3978 1665 Ἰωάν-

720 1679 860 1743 quod
890 1675 1065 1728 Lucas
1094 1678 1244 1729 dicit.
1304 1677 1474 1729 Debes
1509 1676 1668 1744 igitur
1695 1678 1774 1731 sic
1805 1676 2126 1745 intelligere,
2153 1676 2296 1742 quod
2398 1695 2417 1728 κ

2283 1676 2296 1728 l
2398 1694 2519 1744 νης,
2548 1678 2630 1729 ὅτι
2663 1677 2864 1745 Θωμᾶς
2889 1673 2957 1747 ἦν
2986 1679 3014 1730 6
3041 1678 3321 1739 διστάσας·
3362 1679 3523 1745 τυχὸν
3562 1678 3617 1730 δέ
3656 1680 3747 1731 καὶ
3779 1682 3980 1741 πάντες

722 1783 839 1819 cum
878 1769 1150 1820 venissent
1193 1768 1245 1819 in
1286 1766 1587 1828 Galileam,
1624 1768 1991 1820 adoraverunt
2024 1784 2172 1820 eum.
2213 1764 2291 1818 Illi

2400 1771 2709 1823 ἐδίστασανο
2738 1772 2875 1839 ὅπερ
2900 1771 2928 1821 6
2973 1771 3187 1831 Λουκᾶς
3228 1770 3397 1838 λέγει.
3434 1771 3701 1839 Ὀφείλεις
3721 1767 3816 1825 οὖν
3841 1772 3984 1826 οὑτω

721 1868 899 1909 autem
928 1858 1017 1923 qui
1042 1858 1336 1909 adorarunt
1370 1858 1421 1907 in
1452 1826 1698 1917 Galilra,
1723 1856 1952 1923 primunt
1981 1854 2295 1907 dubitarunt
2330 1826 2373 1885 Β
2404 1879 2418 1912 γ

2283 1862 2295 1904 l
2330 1826 2373 1885 Β
2404 1864 2618 1931 νοῆσαι,
2650 1862 2735 1915 ὅτι
2785 1826 2866 1924 είς
2900 1862 2999 1931 μὲν
3028 1863 3127 1930 τὴν
3165 1826 3464 1915 Ἐαλιλαίαν
3507 1826 3775 1926 ἐλθόντες,
3810 1880 3980 1931 προσ-

723 1946 775 1999 iu
819 1945 1136 2009 Jerusalem,
1178 1948 1319 2000 sieut
1342 1946 1517 2000 Lucas
1550 1949 1697 2001 dicit.
1728 1944 1960 2000 Locutus
2002 1956 2084 1999 est
2117 1947 2294 2012 itaque

724 2035 830 2088 illis
859 2034 1017 2089 Jesus
1047 2051 1059 2085 :
1101 2055 1118 2086 ι
1162 2035 1294 2088 Data
1321 2047 1403 2089 est
1436 2037 1562 2089 mihi
1594 2038 1771 2089 omnis
1810 2046 2047 2103 potestas
2071 2036 2123 2088 in
2159 2036 2297 2089 caelo

721 2138 775 2179 et
800 2127 851 2177 in
882 2136 1081 2177 terra.»
1108 2124 1217 2178 lloc
1245 2127 1458 2192 quidem
1497 2127 1637 2179 hunc
1663 2142 1881 2179 sensum
1900 2128 2086 2179 habet:
2121 2126 2295 2179 Habui

722 2218 934 2285 quidem
973 2218 1115 2281 sient
1159 2218 1299 2271 Deus
1333 2228 1387 2271 et
1433 2216 1624 2286 Opilex
1659 2228 1983 2285 potestatem
2016 2220 2291 2271 onmium:

731 2322 751 2355 ι
799 2302 989 2357 Omnia
1019 2304 1162 2356 cnim
1192 2306 1433 2358 Serviunt
1469 2306 1560 2359 tibi
1592 2305 1658 2371 ",
1692 2323 1709 2355 ι
1743 2306 1877 2358 dixit
1902 2306 1965 2357 ad
2000 2306 2161 2358 Deum
2198 2306 2298 2358 Da-

725 2395 854 2451 vid:
917 2397 1009 2450 sed
1070 2398 1427 2451 voluntariam
1490 2398 1885 2467 subjectionem
1944 2415 2047 2453 non
2111 2400 2293 2461 habui,

722 2500 883 2554 quam
922 2502 1064 2540 nunc
1117 2487 1397 2543 habiturus
1436 2504 1575 2542 sum.
1636 2487 1887 2557 Suhjecta
1942 2490 2084 2542 enim
2139 2500 2299 2543 erunt

723 2577 852 2629 mihi
886 2580 1101 2631 omnia:
1134 2581 1355 2646 quando
1386 2581 1601 2647 quidem
1644 2596 1738 2650 per
1773 2596 1991 2635 crucem
2036 2583 2137 2633 vici
2174 2597 2297 2634 eum

723 2670 814 2737 qui
866 2681 1187 2738 potesuttem
1248 2674 1483 2727 habebat
1534 2674 1745 2729 mortis.
1784 2675 1990 2743 Duplex
2036 2676 2180 2727 enim
2217 2688 2300 2729 est

724 2762 1029 2815 obedientia
1057 2774 1109 2815 et
1136 2766 1397 2832 subiectio
1417 2783 1431 2819 :
1455 2766 1817 2820 involuntaria
1841 2768 2071 2827 scilicet,
2102 2782 2303 2820 secun-

725 2853 851 2905 dum
891 2870 1052 2921 quam
1104 2871 1293 2908 omnes
1342 2872 1534 2912 sumus
1576 2858 1717 2912 servi
1760 2858 1872 2920 Dei,
1913 2860 2075 2911 etiam
2122 2860 2297 2924 im‘ili,

724 2942 1181 3009 quemadmodum
1237 2953 1293 2997 et
1349 2946 1620 2999 daemones
1669 2945 1816 3015 ipsi:
1864 2956 1918 3000 et
1970 2948 2297 3010 voluntaria,

724 3034 1030 3100 quodmodo
1067 3033 1261 3089 Paulus
1310 3047 1427 3090 erat
1478 3053 1668 3091 servus
1706 3039 1939 3093 Christi.
1987 3040 2120 3094 Cum
2150 3041 2299 3109 prius

724 3125 904 3183 omnia
923 3127 1091 3179 solam
1117 3128 1485 3182 obedientiam
1504 3128 1921 3184 involuntariam
1956 3131 2298 3197 exhiberem,

727 3224 782 3267 et
815 3216 1071 3269 Salvator
1104 3219 1344 3271 omnium
1378 3228 1701 3287 potestatem
1752 3222 1907 3289 quasi
1963 3222 2297 3277 dimidiatam

728 3304 981 3358 haberet:
1006 3319 1123 3375 post
1150 3322 1390 3373 erucem,
1412 3325 1531 3363 cum
1560 3309 1651 3363 Dei
1679 3312 1919 3381 cognitio
1940 3313 2301 3367 innotesceret

726 3397 997 3463 omnibus,
1034 3401 1220 3452 habuit
1252 3402 1414 3453 etiam
1439 3403 1746 3457 voluntarie
1773 3404 2087 3458 obedientes
2113 3420 2301 3460 omnes

726 3488 817 3554 qui
859 3487 1086 3555 subjecti
1122 3489 1357 3543 fuerunt.
1387 3490 1578 3545 Merito
1631 3493 1794 3561 igitur
1828 3494 1959 3547 dicit
2014 3494 2297 3549 Christus:

726 3573 878 3628 Nunc
918 3580 1100 3643 accepi
1139 3588 1458 3645 potestatem
1499 3597 1745 3635 omnem:
1777 3585 1925 3650 prius
1974 3588 2118 3638 enim
2172 3602 2298 3654 par-

727 3668 882 3721 tiaria
919 3680 1156 3736 potcsms
1188 3670 1315 3723 mihi
1356 3684 1492 3735 erat,
1530 3690 1593 3729 eo
1627 3679 1765 3743 quod
1798 3688 1992 3743 praeter
2044 3679 2297 3733 volunta-

728 3769 833 3813 tem
861 3759 991 3812 mibi
1028 3761 1186 3815 veluti
1208 3759 1396 3815 facturi
1418 3764 1761 3818 serviebant:
1791 3783 1933 3821 nunc
1969 3778 2145 3822 autem
2176 3785 2296 3823 eum

729 3852 972 3904 homines
1002 3862 1191 3920 sponte
1214 3856 1534 3908 et'lcientes
1567 3858 1695 3909 mihi
1736 3858 2003 3922 serviant,
2039 3862 2213 3914 omnis
2246 3871 2301 3914 et

738 3942 942 4010 integra
977 3954 1216 4010 potestas
1258 3946 1385 3998 mihi
1423 3948 1545 4000 data
1598 3958 1701 4001 est.
1733 3950 1778 4001 A
1808 3965 1914 4018 quo
1952 3962 2130 4005 autem
2178 3954 2297 4006 data

725 4044 808 4086 est
834 4032 952 4085 illi?
986 4032 1215 4088 Omnino
1246 4051 1272 4087 a
1306 4040 1593 4105 semetipso
1636 4040 1845 4105 habuit,
1882 4054 1935 4095 et
1978 4060 2074 4096 sua
2123 4046 2300 4097 humi-

726 4120 895 4176 litate.
925 4122 1038 4177 Nisi
1063 4128 1204 4178 enim
1249 4128 1563 4182 humiliatus
1605 4130 1819 4193 luisset,
1865 4143 1919 4186 et
1974 4150 2298 4204 congressus

723 4225 845 4265 eum
876 4214 1189 4268 adversario
1219 4232 1312 4283 per
1344 4233 1581 4282 crucem,
1624 4236 1729 4275 non
1772 4224 2032 4278 salvasset
2080 4241 2197 4280 nos.
2232 4228 2299 4281 Et

722 4302 803 4354 sic
828 4302 1079 4370 intellige,
1107 4305 1269 4358 «Data
1293 4310 1522 4376 estlniihi
1543 4311 1718 4364 omnis
1736 4324 2024 4380 potestas,»
2063 4316 2299 4386 PrOpriis

726 4394 862 4447 meis
892 4396 1280 4450 certaminibus
1306 4411 1359 4452 et
1387 4400 1667 4457 laboribus
1694 4408 1901 4458 servavi
1938 4408 2095 4477 167
2123 4410 2298 4464 homi-

726 4498 845 4549 nes,
873 4496 925 4537 et
954 4484 1079 4539 facti
1124 4498 1250 4541 sunt
1276 4491 1403 4542 mihi
1432 4492 1486 4544 in
1514 4504 1715 4547 sortem
1751 4507 1803 4548 et
1832 4500 2153 4563 peculiarem
2186 4518 2294 4569 po-
2335 4529 2379 4584 ι)
2414 4514 2581 4566 κείων
2640 4533 2740 4584 μου

726 4577 930 4642 pulum.
981 4576 1241 4633 Dominus
1288 4582 1475 4649 itaque
1520 4600 1683 4652 super
1732 4598 1931 4642 terram
1980 4604 2298 4660 potestatem

726 4663 909 4728 habet,
944 4680 1009 4719 eo
1039 4671 1183 4735 quod
1219 4672 1393 4724 omnis
1420 4683 1561 4726 terra
1610 4678 1823 4743 agnovit
1853 4680 2037 4737 illum:
2074 4684 2125 4735 in
2160 4685 2304 4740 caelo

724 4766 927 4821 autem,
964 4772 1029 4810 eo
1067 4763 1210 4825 quod
1239 4776 1444 4816 merces
1476 4780 1538 4819 ac
1575 4769 1939 4836 municipatus
1971 4773 2185 4828 illorum
2213 4779 2305 4845 qui

724 4848 953 4901 credunt
983 4850 1034 4901 in
1054 4852 1190 4907 cmlo
1216 4862 1320 4906 est.
1350 4856 1439 4909 Vel
1493 4859 1656 4911 etiam
1702 4861 1883 4926 aliter,
1909 4866 2033 4931 quia
2066 4867 2295 4923 humana

724 4946 913 4989 natura
968 4939 1117 5005 prius
1155 4945 1537 5009 condemnata,
1589 4964 1733 5003 nunc
1776 4954 1922 5005 unita
1986 4956 2075 5009 Dei
2132 4958 2306 5014 Verbo

725 5029 1085 5094 personaliter
1114 5032 1168 5084 in
1223 5032 1362 5086 coelo
1397 5040 1568 5100 sedet,
1595 5049 1647 5091 et
1682 5041 1749 5094 ab
1786 5044 1993 5112 angelis
2027 5049 2303 5117 adorator,

726 5120 920 5172 merito
939 5121 1102 5174 dicit:
1136 5122 1294 5175 «Data
1316 5129 1739 5215 estniiliiomnis
1770 5140 2084 5201 potestasin
2105 5144 2299 5196 caelo.)

725 5205 936 5261 Etenim
986 5209 1217 5265 humana
1264 5227 1457 5267 natura
1506 5205 1654 5285 prius
1704 5226 1998 5295 serviebat,
2055 5249 2196 5288 nunc
2250 5237 2304 5290 in

723 5296 943 5352 Christo
990 5301 1216 5369 imperat
1251 5309 1521 5362 omnibus.
1551 5308 1794 5369 Breviter
1846 5319 2009 5388 igitur
2032 5325 2112 5378 sic
2150 5328 2302 5381 intel-

723 5390 859 5459 lige:
888 5409 907 5441 ι
939 5391 1070 5445 Data
1098 5405 1179 5448 est
1206 5398 1330 5450 mihi
1350 5402 1526 5455 omnis
1559 5414 1813 5470 potestas.
1848 5429 1866 5460 ›
1892 5412 2091 5482 Nempe
2119 5420 2160 5470 si
2188 5429 2302 5473 tan-

723 5496 881 5549 quam
899 5497 927 5533 a
948 5482 1041 5535 Dei
1076 5484 1245 5539 Verbo
1264 5490 1460 5543 dictum
1482 5496 1739 5563 accipias,
1766 5500 1840 5553 sic
1859 5502 2092 5575 intelligo
2116 5527 2157 5561 ει
2174 5510 2303 5566 Data

724 5585 805 5630 (ει
835 5577 961 5630 mihi
988 5581 1165 5633 omnis
1194 5593 1449 5651 potestas,
1482 5610 1497 5639 ι
1532 5604 1593 5645 eo
1616 5595 1758 5659 quod
1781 5596 2015 5654 volentes
2042 5612 2094 5656 et
2115 5607 2304 5661 nolen-

795 5755 838 5787 "
869 5754 1008 5813 Psal.
1038 5776 1228 5829 cum,
1268 5765 1358 5818 91.

2399 1952 2671 2020 εκύνησαν
2707 1952 2893 2021 αὐτῷ·
2928 1944 3075 2004 οὗτοι
3108 1952 3164 2003 δέ
3203 1954 3254 2004 οί
3295 1954 3778 2023 προσκυνήσαντες
3816 1954 3874 2005 ἐν
3911 1956 3976 2023 τῇ

2398 2045 2681 2114 Γαλιλαίᾳ,
2717 2044 3005 2097 ἐδίστασαν
3060 2046 3325 2113 πρότερον
3369 2048 3425 2096 ἐν
3464 2048 3531 2114 τῇ
3574 2043 3970 2115 Ἰερουσαλὴμ,

2398 2136 2473 2196 ώς
2500 2137 2527 2187 6
2563 2136 2776 2196 Λουκᾶς
2806 2152 2993 2204 φησιν.
3038 2134 3329 2205 Ἐλάλησεν
3358 2130 3452 2188 οὖν
3478 2136 3661 2199 αὑτοῖς
3690 2142 3717 2189 6
3754 2138 3983 2208 Ἰησοῦς,

2397 2225 2506 2277 ὅτι(
2531 2223 2717 2291 Ἐδόθη
2742 2242 2832 2293 μοι
2849 2226 2999 2276 πᾶσα
3025 2225 3243 2290 ἐξουσία
3261 2228 3317 2278 ἐν
3344 2227 3667 2295 οὑρανῷκαὶ
3688 2228 3779 2279 ἐπὶ
3810 2228 3912 2295 γῆς
3930 2246 3978 2281 ,ι

2400 2315 2572 2367 Τοῦτο
2624 2315 2681 2367 δὲ
2714 2315 2957 2368 τοιοῦτόν
2986 2316 3159 2368 ἐστιν·
3202 2312 3359 2385 Εἶχον
3388 2318 3489 2385 μὲν
3514 2317 3589 2380 ὡς
3612 2318 3743 2382 Θεὸς
3766 2319 3857 2371 καὶ
3882 2322 3987 2385 Δη-

2403 2406 2660 2476 μιουργὸς
2703 2408 2801 2475 τὴν
2824 2405 3073 2470 ἐξουσίαν
3122 2409 3362 2467 πάντων,
3397 2426 3417 2457 ι
3455 2409 3537 2461 Τὰ
3562 2408 3852 2475 σύμπαντα
3876 2409 3987 2478 γὰρ

2399 2498 2563 2551 δοῦλα
2600 2498 2696 2563 σά,
2741 2516 2757 2549 ι
2800 2498 2935 2567 πρὸς
2975 2498 3066 2551 τὸν
3095 2498 3229 2551 Θεόν
3254 2516 3421 2569 φησιν
3450 2502 3477 2552 6
3506 2499 3688 2551 Δαυῒδ·
3717 2500 3856 2553 ἀλλὰ
3886 2501 3986 2571 τὴν

2402 2587 2646 2640 ἑκούσιον
2692 2588 2974 2659 ὑποταγὴν
3021 2589 3123 2641 οὑκ
3168 2586 3338 2658 εἶχον.
3386 2590 3501 2643 Νῦν
3550 2589 3643 2643 οῦν
3674 2591 3853 2658 μέλλω
3892 2594 3986 2646 καὶ

2401 2676 2603 2743 ταύτην
2643 2676 2805 2739 ἕξεινο
2847 2678 3285 2746 ὑποταγήσονται
3335 2680 3441 2751 γάρ
3504 2698 3593 2749 μοι
3652 2683 3718 2734 τὰ
3784 2682 3983 2736 πάνταο

2402 2769 2522 2818 ἐπεὶ
2560 2769 2648 2819 διὰ
2695 2768 2789 2820 τοῦ
2844 2771 3081 2840 σταυροῦ
3112 2771 3339 2839 ἐνίκησα
3367 2773 3459 2823 τὸν
3484 2772 3547 2824 τὸ
3578 2775 3774 2843 κράτος
3798 2774 3991 2843 ἔχοντα

2400 2858 2493 2910 τοῦ
2539 2858 2794 2915 θανάτου.
2832 2863 2999 2931 Arni;
3032 2864 3139 2933 γάρ
3182 2865 3329 2915 ἐστιν
3368 2866 3401 2934 ή
3466 2865 3767 2934 timum”
3809 2872 3843 2937 ὴ
3887 2868 3989 2936 μέν

2402 2951 2679 3016 ἀκούσιος,
2714 2952 2850 3005 καθὸ
2897 2957 3098 3017 πάντες
3144 2954 3323 3008 δοῦλοι
3370 2955 3465 3008 τοῦ
3519 2956 3655 3009 Θεοῦ
3690 2959 3861 3027 ἐσμεν
3890 2960 3989 3011 καὶ

2402 3042 2651 3105 ἄκοντες,
2683 3043 2875 3114 ὥσπερ
2906 3046 3073 3109 scalpi
3103 3046 3379 3115 δαίμονεςο
3400 3049 3433 3115 ὴ
3457 3048 3515 3100 δὲ
3560 3048 3829 3112 ἑκούσιος,
3851 3050 3989 3103 καθὸ

2408 3131 2617 3195 Παῦλος
2662 3134 2845 3196 δοῦλο;
2901 3131 2971 3205 ἦν
3010 3136 3272 3206 Χριστοῦ.
3335 3138 3603 3209 Πρότερον
3636 3141 3736 3209 μὲν
3768 3140 3862 3194 οὖν
3890 3142 3991 3213 τὴν

2414 3226 2666 3277 ἀκούσιον
2712 3226 2880 3296 μόνην
2913 3228 3195 3297 ὑποταγὴν
3231 3228 3465 3297 ἐχόντων
3500 3232 3739 3296 πάντων,
3772 3233 3832 3296 ἐξ
3860 3235 3994 3303 ἡμι-

2412 3316 2581 3378 σείας,
2610 3317 2799 3386 ὧσπερ
2850 3314 2997 3387 εἶχεν
3036 3322 3065 3371 6
3096 3319 3287 3389 Σωτὴρ
3314 3322 3415 3389 τὴν
3453 3323 3667 3375 πάντων
3706 3324 3988 3387 ἐξουσίαν’

2412 3408 2547 3475 μετὰ
2568 3408 2623 3459 δὲ
2654 3408 2744 3461 τὸν
2778 3410 3032 3479 σταυρὸν,
3064 3410 3163 3477 τῆς
3201 3410 3529 3477 θεογνωσίας
3566 3416 3995 3487 ἐφαπλωθείσης

2411 3498 2585 3561 πᾶσι,
2652 3501 2745 3553 καὶ
2803 3501 2901 3571 τὴν
2961 3502 3208 3554 ἑκούσιον
3260 3503 3541 3574 ὑποταγὴν
3600 3507 3992 3575 ὑποταγέντων

2410 3592 2648 3657 πάντων,
2713 3595 2935 3655 εἰκότως
2976 3596 3141 3663 φησὶν
3196 3598 3225 3647 6
3253 3597 3507 3667 Χριστὸς,
3543 3600 3624 3652 ὅτι
3655 3601 3767 3653 Νῦν
3799 3602 3992 3656 ἐλαδον

2412 3688 2589 3737 πᾶσαν
2624 3684 2722 3755 τὴν
2774 3685 3057 3748 ἐξουσίαν’
3116 3688 3378 3759 πρότερον
3430 3692 3529 3757 μὲν
3586 3691 3693 3760 γὰρ
3748 3697 3992 3762 μερικῶς

2411 3778 2625 3845 προσῆν
2660 3794 2751 3843 μοι
2776 3778 2809 3845 ἡ
2846 3777 3087 3844 ἐξουσία,
3116 3779 3190 3840 ώς
3222 3781 3493 3843 ἀκουσίως
3530 3782 3688 3850 μόνον
3711 3784 3992 3839 δοιιλευόν⁶

2410 3885 2519 3920 των
2580 3884 2692 3937 μοι,
2739 3870 2873 3921 καθὸ
2921 3872 3152 3940 ποιητής
3181 3874 3316 3939 εἰμι·
3356 3873 3449 3924 νῦν
3480 3874 3536 3925 δὲ
3566 3876 3660 3926 καὶ
3704 3877 3842 3945 μετά
3874 3881 3994 3931 ἐπι-

2410 3962 2663 4029 γνώσεως
2688 3964 3046 4018 δουλευόντων
3081 3983 3169 4035 μοι
3200 3966 3307 4019 τῶν
3350 3968 3675 4038 ἀνθρώπων,
3711 3974 3859 4025 πᾶσα
3898 3977 3992 4027 καὶ

2409 4055 2704 4124 ὁλόκληρος
2742 4058 2774 4125 ἡ
2807 4057 3023 4121 ἐξουσία
3053 4058 3207 4126 ἐδόθη
3244 4076 3353 4127 μοι.
3390 4061 3547 4131 Παρὰ
3576 4063 3719 4127 τίνος
3748 4060 3801 4117 δὲ
3833 4067 3992 4137 ἐδόθη

2410 4146 2559 4215 αὑτῷ
2586 4164 2600 4211 ;
2632 4148 2703 4199 Ἦ
2737 4148 2955 4209 πάντως
3008 4152 3139 4219 παρ’
3169 4152 3363 4203 ἐαυτοῦ
3410 4155 3502 4204 καὶ
3533 4153 3632 4222 τῆς
3666 4156 3871 4221 οἰκείας
3899 4176 3994 4211 τα-

2411 4238 2741 4301 πεινώσεως·
2773 4240 2823 4291 εί
2860 4240 2934 4310 μὴ
2973 4234 3081 4308 γὰρ
3132 4243 3474 4314 ἐταπεινώθη
3528 4248 3623 4300 καὶ
3676 4251 3993 4323 συνεπλάκη

2411 4330 2485 4397 τῷ
2508 4331 2789 4400 ἀντιπξλῳ
2818 4332 2905 4383 διὰ
2929 4332 3023 4387 τοῦ
3054 4334 3313 4405 σταυροῦ,
3345 4338 3446 4389 οὑκ
3487 4338 3553 4391 ἂν
3578 4339 3788 4393 ἔσωσεν
3820 4344 3986 4412 ἡμᾶς·

2411 4420 2550 4473 ὥστε
2570 4422 2629 4473 τὸ
2656 4441 2675 4472 ι
2703 4423 2887 4493 Ἐδόθη
2919 4442 3008 4493 μοι
3034 4427 3276 4491 ἐξουσία,
3309 4448 3326 4479 ›
3352 4429 3495 4482 οῖιτω
3518 4432 3648 4484 νόει·
3680 4433 3773 4486 Ἐκ
3800 4436 3993 4490 τῶνοίυ

2803 4516 3031 4583 ἀγώνων
3075 4519 3167 4570 καὶ
3220 4521 3617 4589 παλαισμάτων
3655 4525 3832 4580 ἔσωσα
3863 4531 3993 4591 τοὺς

2407 4605 2753 4674 ἀνθρώπους,
2792 4608 2888 4659 καὶ
2919 4611 3299 4679 περιεγένοντό
3334 4630 3424 4681 μοι
3453 4611 3641 4667 λοιπὸν
3675 4616 3875 4685 κλῆρος
3898 4620 3995 4673 καὶ

2406 4698 2719 4767 περιούσιος
2748 4699 2894 4759 λαός.
2932 4700 3060 4751 Ἐπὶ
3095 4702 3195 4770 γῆς
3236 4706 3333 4769 μὲν
3368 4701 3461 4756 οὖν
3487 4706 3599 4773 ἔχει
3619 4706 3717 4775 τὴν
3744 4708 3996 4770 ἐξουσίαν

2403 4790 2431 4839 6
2470 4789 2696 4857 Κύριος,
2728 4790 2864 4843 καθὸ
2890 4794 3039 4844 πᾶσα
3066 4793 3098 4861 ἡ
3123 4796 3192 4860 γῆ
3230 4796 3447 4863 ἐπέγνω
3478 4799 3663 4853 αὑτόν·
3693 4802 3750 4852 ἐν
3776 4803 3996 4874 οὐρανῷ

2406 4879 2484 4943 δὲ,
2535 4880 2670 4931 διότι
2724 4883 2753 4933 6
2802 4883 2993 4950 μισθὸς
3027 4883 3137 4935 τῶν
3178 4889 3547 4942 πιστευόντων
3595 4891 3742 4960 αὑτῷ
3791 4898 3886 4946 καὶ
3932 4896 3996 4949 τὸ

2413 4970 2735 5040 πολίτευμα,
2763 4974 2822 5023 ἐν
2845 4976 3095 5042 οὐρανοῖς
3134 4978 3391 5047 ὑπάρχει·
3423 4982 3517 5033 καὶ
3538 4982 3645 5052 γὰρ
3674 4986 3767 5035 καὶ
3792 4986 3991 5051 ἄλλως,

2408 5063 2527 5115 ἐπεὶ
2559 5066 2590 5132 ἡ
2617 5064 2929 5135 ἀνθρωπίνη
2966 5067 3127 5135 φύσις
3163 5071 3196 5137 ἡ
3251 5070 3442 5139 πρώην
3481 5076 3831 5145 κατάκριτος,
3863 5095 3995 5130 συν-

2404 5157 2627 5225 ημμένη
2689 5158 2766 5225 τῷ
2808 5159 2930 5228 θεῷ
2968 5162 3127 5231 Λόγῳ
3175 5162 3299 5215 καθ’
3335 5166 3653 5233 ὑπόστασιν,
3693 5170 3750 5222 ἐν
3776 5173 3994 5243 οὐρανῷ

2407 5248 2644 5315 κάθηται
2682 5250 2773 5301 ὑπ’
2825 5252 3078 5317 ἀγγέλων
3109 5259 3587 5327 προσκυνουμένη’
3619 5263 3843 5324 είκότως
3878 5283 3990 5335 φη-

2403 5343 2507 5401 σὶν,
2537 5339 2616 5389 ὅτι
2651 5358 2669 5389 ι
2698 5340 2887 5409 Ἐδόθη
2920 5359 3009 5410 μοι
3036 5345 3185 5396 πᾶσα
3229 5346 3448 5407 ἐξουσία
3476 5352 3530 5399 ἐν
3573 5352 3805 5420 οὐρανῷ·
3845 5373 3863 5404 ι
3898 5359 3996 5411 καὶ

2410 5428 2569 5497 γάρὴ
2600 5430 2917 5500 ἀνθρωπίνη
2951 5434 3113 5499 φύσις
3143 5437 3172 5500 ἡ
3209 5436 3398 5503 πρώην
3426 5439 3773 5503 δουλεύουσα,
3806 5444 3900 5495 νῦν
3935 5449 3994 5497 ἐκ

2408 5518 2633 5589 Χριστῴ
2669 5520 2827 5588 ἄρχει
2860 5523 3099 5574 πάντων.
3139 5524 3422 5576 Συνελόντι
3477 5525 3569 5579 οὖν
3628 5532 3813 5595 given,
3849 5534 3995 5585 οῦτω

2410 5610 2517 5663 νόει
2550 5614 2631 5676 τὸ,
2669 5632 2686 5663 ι
2746 5614 2929 5681 Ἐδόθη
2966 5633 3054 5685 μοι
3088 5618 3239 5671 πᾶσα
3292 5618 3513 5683 ἐξουσία
3538 5639 3551 5652 ο
3605 5643 3621 5672 ι
3670 5628 3717 5675 εἰ
3785 5628 3882 5688 μὲν
3916 5628 3992 5689 ὡς
