4298 6446
295 415 410 481 485

869 415 1019 476 ENA
1029 414 1323 476 RRATlO
1357 412 1439 475 IN
1476 413 1966 476 EVANGELIUN

1937 414 1986 476 Μ
2020 415 2414 478 ΜΑΤΤΗΕΙ.
2457 442 2528 454 ·-
2567 417 2725 481 CAP.
2763 417 3048 482 XXVIII.

3486 417 3594 481 486

298 531 411 586 ἀπδ
432 528 527 584 τοῦ
552 528 691 584 Θεοῦ
718 529 897 596 Λόγου
923 528 1221 597 λεγόμενον
1250 526 1525 590 ἐκλάδοις,
1558 527 1642 580 δτι
1665 546 1685 580 ι
1705 527 1896 600 ⁹Εδόθη
1929 533 1966 590 Α

1937 533 1974 590 Δ
2003 538 2084 585 tes
2115 545 2201 584 me
2231 530 2401 586 Deum
2434 546 2578 587 nunc
2613 543 2938 602 agnoscunt,
2981 530 3256 602 qui'prius
3305 529 3437 586 mihi
3476 548 3594 588 ser-

305 638 399 692 μοι
431 622 466 691 ἡ
495 621 644 674 πᾶσα
664 617 906 684 ἐξουσία,
947 636 966 668 ι
1009 618 1148 670 καθδ
1171 617 1267 670 καὶ
1296 617 1524 680 ἄκοντες
1547 617 1644 671 καὶ
1672 617 1892 681 ἑκόντες

303 713 402 766 νῦν
423 710 853 780 ὲπιγινώσκουσί
887 727 957 779 με
992 710 1152 771 Θεὸν,
1173 710 1224 762 οῖ
1261 709 1456 778 πρώην
1493 709 1640 762 κατὰ
1669 710 1764 762 τὸν
1791 710 1892 779 τῆς

302 804 561 858 ἀκουσίου
608 803 890 871 ὑποταγῆς
946 800 1154 871 τρόπον
1205 799 1552 863 δουλεύοντες
1595 816 1709 869 μοι’
1757 801 1806 852 εί
1835 799 1892 852 δὶ

303 896 382 959 ὡς
424 895 532 947 ἀπὸ
583 895 684 962 τῆς
728 892 1083 962 ἀνθρωπίνης
1133 891 1353 960 φύσεως
1401 890 1717 961 λεγόμενον,
1749 889 1893 943 οὕτω

303 987 438 1051 νόει,
478 986 560 1038 ὅτι
598 985 742 1052 Ἐγὼ
766 986 800 1054 ἡ
827 982 1020 1054 πρώην
1061 983 1391 1053 κατάκριτος
1421 982 1625 1050 φύσις..
1656 983 1800 1035 κατά
1836 982 1894 1034 δὲ

299 1079 410 1146 τὴν
445 1077 581 1147 πρὸς
617 1076 709 1127 τὸν
749 1074 877 1127 Υίδν
911 1073 1008 1128 τοῦ
1039 1073 1176 1127 Θεοῦ
1204 1072 1511 1144 ἀσύγχυτον
1539 1074 1736 1127 ἕνωσιν
1761 1073 1894 1136 Θεὸς

305 1168 482 1232 οὖσα,
527 1165 718 1218 ἔλαϐον
765 1164 865 1234 τὴν
918 1163 1172 1227 ἔξουσίαν
1235 1163 1381 1216 κατὰ
1433 1163 1655 1216 πάντων
1681 1202 1696 1224 ,
1752 1163 1893 1216 ὣστε

303 1257 732 1330 προσκυνεῖσθαι
767 1257 858 1308 ὑπ’
895 1254 1153 1324 ἀγγέλων
1183 1255 1242 1307 ὲν
1267 1254 1508 1324 οὐρανῷ,
1545 1256 1635 1306 καὶ
1666 1255 1761 1307 ἐπὶ
1788 1255 1894 1322 γῆς

303 1350 626 1415 δοξάζεσθαι
671 1350 776 1402 ὑπὸ
821 1348 931 1401 τῶν
981 1347 1239 1416 περάτων
1273 1347 1510 1400 πάντων.
1546 1347 1893 1400 Ἀποστέλλει

302 1442 400 1497 οὖν
419 1443 548 1505 τοὺς
581 1441 831 1510 μαθητὰς
888 1440 990 1492 οὐκ
1022 1439 1104 1492 ἔτι
1140 1439 1277 1508 πρὸς
1307 1439 1436 1501 τοὺς
1468 1439 1760 1502 Ἰουδαίους
1795 1440 1894 1508 μό-

303 1550 452 1595 νους,
487 1531 601 1584 ἀλλ’
637 1531 762 1584 ἐπεὶ
793 1530 1015 1583 πάντων
1055 1529 1219 1582 ελασε
1252 1529 1355 1599 τὴν
1401 1530 1676 1596 ἐξουσίαν,
1711 1531 1894 1583 πᾶσαν

305 1625 405 1695 τὴν
439 1623 788 1692 ἀνθρωπίνην
835 1621 1000 1690 φύσιν
1047 1622 1285 1690 ἁγιάσας
1327 1624 1385 1675 ὲν
1432 1622 1633 1693 ἑαυτῷ,
1666 1623 1891 1695 είκότως

313 1694 453 1784 πρὸς
487 1715 662 1767 πάντα
710 1718 778 1766 τα
825 1713 956 1783 έθνη
990 1713 1238 1783 πέμπει,
1273 1714 1660 1783 ἐντειλάμενος
1698 1694 1895 1785 βαπτί-

306 1808 424 1872 ζειν
452 1807 530 1867 είς
556 1806 614 1858 τὸ
641 1806 810 1872 ὄνομα
835 1803 930 1857 τοῦ
959 1805 1202 1874 Πατρὸς,
1236 1805 1333 1857 καὶ
1356 1805 1449 1857 τοῦ
1483 1805 1639 1872 Υίοῦ,
1671 1808 1768 1859 καὶ
1797 1805 1892 1859 τοῦ

1994 617 2214 672 viebant
2263 619 2644 675 involuntaria
2677 621 3007 677 ohetlientia:
3069 624 3251 675 modo.
3296 619 3352 674 Si
3409 633 3592 676 autem

1995 710 2065 764 de
2099 711 2332 764 humana
2385 721 2578 765 natura
2609 713 2835 778 dicitur,
2866 715 2946 767 sic
2985 713 3264 780 intellige:
3297 713 3405 781 Ego
3437 731 3586 772 prius

1995 801 2354 855 condemnata
2377 812 2592 867 natura,
2611 805 2888 858 exsistcus
2909 815 3092 857 autem
3123 804 3263 858 Deus
3291 805 3580 857 secundum

1997 893 2252 945 unionem
2269 894 2336 944 ad
2361 893 2552 946 Filium
2578 894 2669 947 Dei
2692 895 2895 962 absque
2919 903 3231 949 naturarum
3253 894 3444 949 contus
3469 912 3568 949 ore

1997 983 2180 1049 accepi
2217 992 2542 1051 pOIestatem
2577 1000 2744 1052 super
2767 987 2974 1048 omnia,
3009 988 3082 1039 ita
3113 994 3246 1038 utet
3280 989 3346 1035 ah
3373 994 3529 1050 anget

1996 1069 2050 1123 in
2073 1069 2216 1124 caelo
2245 1072 2463 1136 adorer,
2499 1083 2554 1126 et
2584 1088 2748 1141 super
2776 1083 2974 1127 terram
3003 1078 3072 1127 ab
3097 1075 3347 1126 omnibus
3382 1079 3470 1124 tim
3515 1091 3546 1126 ιι

1999 1168 2160 1215 terra
2209 1162 2508 1230 gloriﬁcer.
2541 1163 2813 1218 Ceterum
2864 1165 3145 1232 apostolus
3202 1179 3306 1216 n0n
3364 1165 3474 1231 jam
3520 1174 3585 1218 ad

1995 1251 2143 1306 solos
2191 1251 2407 1306 Judzeos
2454 1255 2658 1307 mittit:
2712 1255 2806 1309 sed
2842 1258 2968 1322 quia
3007 1270 3222 1308 Omnem
3261 1265 3584 1323 potestatem

1996 1343 2231 1410 accepit,
2265 1357 2598 1412 omnemque
2634 1347 2925 1396 humanam
2965 1355 3218 1396 naturam
3279 1347 3589 1398 sanctiﬁca-

1997 1435 2074 1486 vit
2097 1435 2149 1486 in
2181 1435 2360 1502 seipso
2384 1473 2398 1498 ,
2436 1435 2633 1488 merito
2659 1436 2725 1487 ad
2743 1450 2932 1487 omnes
2958 1448 3148 1504 gentes
3179 1433 3370 1498 mittit,
3402 1437 3559 1500 pra-ci

1999 1525 2153 1595 piens
2178 1526 2531 1594 baptizarein
2557 1529 2778 1581 nomine
2805 1528 3004 1590 Patris,
3022 1536 3076 1581 et
3099 1526 3244 1591 Filii,
3278 1539 3330 1580 et
3351 1527 3590 1594 Spiritus

1998 1621 2197 1672 sancti.
2257 1617 2674 1673 Confundantur
2718 1619 2882 1674 Arius
2931 1630 2985 1674 et
3061 1620 3378 1673 Sal-cilius:
3422 1621 3587 1672 Arius

1998 1708 2237 1775 quidem,
2273 1724 2337 1762 eo
2381 1710 2526 1778 Quod
2555 1709 2808 1765 Christus
2840 1725 2947 1762 non
2972 1709 3134 1778 jussit
3193 1711 3243 1762 in
3277 1712 3591 1762 nominibus

2001 1798 2302 1866 baptizare,
2321 1799 2415 1850 sed
2437 1799 2487 1851 in
2513 1804 2758 1852 nomine.
2786 1797 2988 1852 Nomen
3015 1810 3194 1852 autem
3213 1800 3374 1850 trium
3397 1815 3588 1862 unum,

306 1898 466 1963 ἁγίου
521 1897 865 1966 Πνεύματος.
901 1896 1358 1966 Λίσχύνεσθωσαν
1396 1894 1490 1950 οὖν
1541 1898 1760 1966 Ἀρειος
1801 1899 1894 1953 καὶ
1922 1875 1966 1935 Β

1937 1876 1969 1934 Β
2001 1903 2193 1957 nempe
2241 1890 2438 1944 dcitas.
2497 1889 2646 1945 Unus
2695 1892 2858 1961 igitur
2917 1890 3086 1954 Deus,
3144 1903 3278 1943 tres.
3321 1891 3592 1944 Sabellius

303 1989 614 2051 Σαὸέλλιοςο
645 1991 866 2059 Ἀρειος
899 1990 1018 2058 μὲν,
1057 1990 1182 2044 καθ’
1216 1989 1245 2041 δ
1288 1991 1387 2042 οὐκ
1423 1986 1576 2042 εἶπεν
1604 1993 1632 2042 ό
1657 1991 1894 2060 Χριστὸς

304 2086 385 2144 είς
415 2083 482 2135 τὰ
513 2068 756 2151 ὀνόματα
793 2081 1100 2151 βαπτίζειν,
1143 2080 1259 2133 ἀλλ’
1290 2082 1370 2144 εις
1410 2081 1471 2135 τὸ
1502 2081 1695 2151 ὄνομα·
1722 2081 1895 2150 δνομα

306 2173 365 2225 δι
410 2174 519 2225 τῶν
565 2173 735 2240 τριῶν
787 2172 919 2239 lvd)
963 2172 1182 2241 θεότηςο
1227 2168 1308 2234 εἷς
1344 2171 1436 2224 οὖν
1473 2172 1605 2235 Θεὸς
1645 2173 1714 2224 τὰ
1744 2173 1891 2242 τρία.

301 2263 592 2325 tactum;
652 2263 734 2326 δὲ,
792 2263 914 2316 καθ’
972 2264 1000 2316 δ
1059 2265 1152 2316 καὶ
1212 2264 1323 2316 τῶν
1375 2265 1543 2334 τριῶν
1581 2265 1895 2336 προσώπων

303 2355 553 2426 ἐμνήσθη
583 2358 611 2408 ό
640 2355 866 2426 Κύριος,
901 2357 1000 2425 οὐχ
1054 2357 1172 2418 ἑνὸς
1223 2356 1546 2426 προσώπου,
1577 2357 1651 2418 ώς
1686 2361 1893 2420 ἐκεῖνος

302 2449 636 2518 ἐμφλυὰρει,
671 2449 739 2499 τὰ
760 2449 890 2517 τρία
927 2449 1169 2516 ὀνόματα
1204 2448 1442 2517 ἔχοντος,
1483 2451 1578 2503 καὶ
1633 2451 1764 2503 ποτὲ
1797 2451 1895 2520 μὲν

303 2540 646 2606 καλουμένου
683 2539 922 2607 Πατρδς,
973 2541 1104 2592 ποτὲ
1145 2540 1202 2592 δὲ
1253 2540 1410 2606 Υίοῦ,
1439 2541 1574 2594 ποτὶ
1611 2541 1668 2594 δὲ
1722 2541 1896 2594 Ilvati-

307 2649 480 2702 ματος
510 2648 524 2662 ·
569 2630 707 2684 ἀλλὰ
759 2632 926 2701 τριῶν
981 2632 1182 2701 μᾶλλον
1241 2634 1550 2703 προσώπων
1609 2634 1666 2687 ἓν
1724 2635 1896 2704 ὄνομα

305 2727 559 2794 ἑχόντων.
595 2723 657 2776 τὺ
705 2724 858 2784 Θεός.
906 2720 1042 2778 Εἶτα
1083 2726 1204 2778 ἐπεὶ
1258 2726 1357 2778 οὐκ
1388 2729 1550 2798 ἀρκεῖ
1594 2728 1653 2779 τὸ
1707 2727 1898 2798 βαπτι-

306 2817 503 2886 σθῆναι
545 2816 729 2884 μόνον,
761 2816 898 2869 ἀλλά
949 2817 1032 2869 δεῖ
1080 2821 1176 2869 καὶ
1224 2817 1560 2889 ἐργάζεσθαι
1586 2819 1648 2872 τὸ
1685 2819 1897 2888 ἀγαθὸν

310 2909 452 2980 μετά
484 2909 544 2960 τὸ
576 2907 884 2978 βάπτισμα,
914 2908 1069 2977 φησί·
1105 2909 1459 2972 Διδασκοντες
1490 2897 1686 2973 αὖτοὺς
1707 2913 1896 2980 τηρεῖν

308 3003 488 3054 πάντα
543 3001 644 3052 ὅσα
702 2983 1058 3069 έιετειλάμην
1117 3002 1267 3070 ὑμῖν,
1299 3002 1399 3054 οὐκ
1447 3001 1506 3054 ἒν
1537 3001 1568 3072 ἢ
1599 3003 1714 3061 δύο.
1760 3003 1896 3055 ἀλλὰ

308 3094 487 3146 πάντα
526 3093 594 3145 τὰ
651 3092 968 3161 ἐντάλματα
1026 3109 1150 3161 μου.
1181 3093 1469 3161 Φρίξωμεν
1501 3093 1616 3156 οὖν,
1655 3094 1893 3163 ἀδελφοὶ,

308 3185 622 3247 ἐννοοῦντες
652 3185 734 3237 ὅτι
766 3187 864 3237 ἐὰν
893 3184 952 3238 ἓν
976 3184 1142 3257 λείπῃ
1173 3187 1327 3256 ἡμῖν,
1359 3183 1670 3255 οὕκ,ὲσμεν
1697 3187 1894 3240 τέλειοι
1922 3226 1966 3284 c

305 3275 483 3329 δοῦλοι
527 3275 622 3327 τοῦ
666 3275 927 3344 Χριστοῦ.
965 3276 1154 3328 Πάντα
1195 3277 1304 3344 γὰρ
1366 3277 1757 3345 ἀπαιτούμεθα
1792 3295 1896 3346 φυ-

305 3369 544 3424 λάττειν.
580 3368 722 3437 Ὀρα
745 3368 801 3420 δὲ
833 3370 932 3436 τὴν
965 3369 1063 3420 τοῦ
1113 3368 1322 3439 Κυρίου
1354 3369 1611 3437 διάλεξιν,
1643 3370 1761 3434 πῶς
1791 3371 1900 3440 ἀμ-

306 3460 514 3527 φότερα
552 3460 620 3510 τὰ
655 3459 926 3527 κεφαλαια
977 3459 1072 3511 τοῦ
1131 3459 1566 3531 Χριστιανισμοῦ
1622 3464 1894 3534 περιέχει,

305 3550 592 3618 θεολογίαν
646 3553 741 3602 καὶ
810 3551 1124 3621 πρακτικὴν
1169 3553 1396 3622 ἀρετήν·
1424 3546 1596 3606 είπὼν
1627 3555 1726 3623 μὲν
1765 3556 1894 3626 γάρ,

302 3645 388 3697 ὅτι
418 3644 498 3695 δεῖ
528 3642 815 3712 βαπτίζειν
837 3645 919 3706 εἰς
951 3643 1014 3694 τὸ
1033 3643 1206 3712 ὄνομα
1237 3645 1338 3714 τῆς
1374 3645 1618 3709 Τριάδος,
1651 3646 1748 3714 τὴν
1781 3647 1898 3698 οεο-

305 3735 498 3804 λνιγίαν
533 3739 668 3805 ἡμῖν
714 3737 1054 3805 παρέδωκενο
1101 3736 1274 3789 είπὼν
1304 3738 1360 3790 δὲ
1403 3738 1677 3792 διδάσκειν
1711 3741 1802 3792 καὶ
1837 3741 1896 3792 τὸ

302 3833 404 3892 τὰς
440 3830 661 3892 ἐντολὰς
713 3833 920 3901 τηρεῖν,
982 3831 1085 3897 τὴν
1145 3831 1464 3899 πρακτικὴν
1527 3832 1734 3901 ἀρετὴν
1761 3834 1896 3900 ἡμῖν

303 3926 660 3993 εἰσηγήσατο.
734 3921 1185 3993 Παραθαρῤύνων
1268 3921 1326 3974 δὲ
1401 3922 1645 3988 αὐτοὺς,
1707 3923 1896 3992 ἐπειδὴ

303 4014 642 4069 ἀπέστελλεν
683 4014 761 4075 είς
802 4013 930 4082 ἔθνη
973 4013 1068 4064 καὶ
1098 4014 1178 4075 είς
1215 4014 1431 4081 σφαγὰς
1463 4015 1558 4066 καὶ
1593 4014 1895 4077 κινδύνους,

302 4107 476 4178 φησὶν
509 4108 612 4168 ὅτι,
640 4105 733 4172 Μὴ
767 4104 1046 4173 φοϐεῖσθε·
1089 4105 1201 4172 ἐγὼ
1226 4105 1337 4176 γὰρ
1364 4107 1560 4175 ἔσομαι
1594 4106 1715 4175 μεθ’
1739 4106 1896 4176 ὑμῶν

301 4200 437 4268 ἄχρι
461 4199 560 4264 τῆς
605 4196 920 4257 συντελείας
954 4197 1050 4248 τοῦ
1083 4196 1300 4258 αἰῶνος.
1335 4198 1479 4266 Ὅρα
1507 4198 1563 4250 δὲ
1587 4200 1680 4250 καὶ
1713 4197 1892 4261 τοῦτο,

301 4290 424 4350 πῶς
450 4286 698 4357 ἐμνήσθη
727 4289 826 4354 τῆς
858 4287 1194 4350 συντελείας,
1222 4288 1312 4339 ἵνα
1333 4286 1670 4356 διαναστὴσῃ
1697 4288 1894 4350 αὐτοὺς

304 4380 513 4450 μᾶλλον
566 4379 931 4448 καταφρονεῖν
973 4378 1081 4430 τῶν
1128 4379 1340 4431 δεινῶν.
1378 4379 1470 4446 Μὴ
1525 4377 1894 4447 δυσχεράνητε

301 4473 437 4536 γαρ,
476 4467 629 4535 φησί’
677 4467 991 4517 συντέλειαν
1035 4465 1214 4530 ἕξουσι
1259 4467 1471 4530 πάντα,
1515 4466 1624 4518 εῖτε
1670 4467 1894 4534 ἀλγεινὰ

302 4556 416 4611 εἷεν
461 4558 728 4627 κοσμικὰ,
750 4559 860 4610 εἴτε
915 4557 1119 4622 ἀγαθὰ,
1146 4557 1287 4610 ῶστε
1315 4561 1452 4628 μήτε
1480 4561 1591 4620 τοῖς
1624 4560 1894 4624 ἀλγεινοῖς

304 4653 646 4716 ὑποπέσητεσ
690 4649 1060 4718 παρέρχονται
1114 4649 1224 4716 γάρ
1255 4665 1268 4678 ·
1309 4653 1444 4718 μήτε
1505 4653 1616 4709 τοῖς
1672 4647 1897 4713 ἀγαθοῖς

302 4741 646 4810 ἀπατηθῆτε,
683 4739 1068 4792 συντελοῦνται
1133 4744 1263 4809 γάρ.
1320 4743 1396 4792 Οὐ
1457 4741 1640 4810 μόνοις
1683 4740 1738 4791 δὲ
1783 4742 1896 4802 τοῖς

302 4833 629 4892 ἀποστόλοις
685 4831 847 4883 τοῦτο
905 4831 1196 4899 ὑπέσχετο,
1255 4832 1318 4884 τὸ
1378 4836 1621 4884 συνεῖναι
1688 4833 1894 4897 αὐτοῖς,

303 4922 565 4976 ἀλλὰκαὶ
597 4923 766 4974 πᾶσιν
825 4920 1012 4982 ἁπλῶς
1048 4923 1164 4983 τοῖς
1224 4922 1392 4974 αὑτοῦ
1458 4922 1751 4991 μαθηταῖς.
1820 4922 1895 4975 Οὐ

308 5015 422 5081 γὰρ
449 5013 628 5081 δήπου
651 5013 699 5062 οἱ
728 5011 1024 5063 ἀπόστολοι
1052 5013 1182 5081 ἄχρι
1209 5015 1308 5080 τῆς
1341 5013 1650 5075 συντελείας
1673 5013 1897 5081 ἔμελλον

303 5109 430 5178 ζῇν.
472 5106 580 5158 Καὶ
634 5109 766 5174 ἡμῖν
816 5106 911 5159 οὖν
944 5109 1038 5158 καὶ
1084 5108 1195 5168 τοῖς
1222 5106 1340 5174 μεθ’
1375 5107 1523 5175 ἡμᾶς
1554 5107 1901 5176 ὑπισχνεῖται

305 5198 489 5259 τοῦτο,
531 5197 632 5248 οὐκ
673 5197 802 5265 ἀχρι
857 5197 914 5249 δὲ
959 5196 1061 5264 τῆς
1118 5196 1430 5258 συντελείας
1479 5199 1710 5264 παρὼν,
1765 5200 1903 5267 μετὰ

306 5292 407 5358 τὴν
464 5289 776 5342 συντέλειαν
861 5288 1096 5347 ἀπέσται

1997 1997 2150 2044 vero,
2185 1997 2249 2035 eo
2274 1984 2415 2051 quod
2455 1985 2618 2036 trium
2648 1999 3002 2051 personarum
3039 1987 3284 2039 meminit
3311 1986 3588 2051 Dominus,

1998 2087 2108 2127 non
2139 2073 2302 2126 unius
2331 2089 2604 2141 personat,
2643 2077 2786 2130 sicut
2823 2076 2913 2130 ille
2945 2090 3181 2146 nugatur
3232 2078 3334 2130 tria
3371 2079 3588 2130 nomina

1999 2164 2203 2218 habere
2230 2167 2503 2230 eumdem,
2546 2174 2601 2221 et
2641 2183 2782 2224 nunc
2822 2172 3004 2222 vocari
3043 2168 3281 2233 Patrem,
3323 2185 3466 2224 nunc
3500 2169 3592 2224 l-‘i-

1999 2255 2150 2321 lium,
2197 2274 2340 2313 nunc
2391 2258 2652 2328 Spiritum
2705 2271 2995 2317 sanctum:
3041 2265 3133 2317 sed
3181 2274 3591 2333 "CSJICI'SOMD

1999 2367 2166 2405 unum
2233 2354 2416 2421 potius
2463 2353 2669 2408 habent
2724 2371 2945 2418 nomen,
2988 2354 3083 2409 Dei
3134 2359 3362 2412 scilicet.
3392 2357 3595 2412 Deinde

1998 2445 2124 2512 quia
2170 2460 2275 2497 non
2309 2444 2512 2498 suilleit
2542 2446 2804 2515 baptizari
2843 2457 3079 2510 tantum,
3109 2448 3204 2502 sed
3237 2450 3402 2502 etiam
3453 2449 3592 2505 bene

1997 2538 2330 2602 operandam
2353 2546 2437 2592 est
2458 2552 2581 2609 post
2615 2540 2902 2607 baptisma,
2932 2540 3102 2598 dicit:
3144 2559 3163 2592 ι
3200 2540 3470 2597 Docentes
3499 2555 3596 2596 eos

1999 2643 2220 2682 servare
2235 2631 2418 2684 omnia
2442 2647 2782 2700 quaecunque
2803 2635 3031 2710 praecepi
3062 2634 3231 2699 vobis,
3248 2653 3266 2685 ›
3298 2650 3403 2689 non
3426 2649 3593 2689 unum

2002 2722 2083 2776 vel
2112 2723 2240 2786 duo,
2269 2724 2362 2777 sed
2402 2725 2584 2778 omnia
2627 2729 2881 2779 mandata
2934 2741 3076 2781 mea.
3105 2725 3500 2784 Horrescamus
3541 2735 3599 2781 et

2001 2815 2312 2877 timeamus,
2351 2815 2572 2882 fratres,
2599 2818 2782 2886 quissi
2807 2835 2974 2872 unum
2998 2822 3156 2874 nobis
3178 2817 3462 2884 defecerit,
3488 2833 3596 2873 non

2000 2923 2185 2962 sumus
2208 2909 2431 2979 perfecti
2455 2912 2594 2966 servi
2625 2910 2850 2966 Christi.
2878 2911 3073 2966 Omnia
3106 2917 3251 2968 enim
3287 2914 3588 2982 exiguntur

2002 3011 2062 3054 ut
2090 3014 2402 3057 serventur.
2435 3001 2570 3058 Vide
2600 3015 2780 3058 autem
2830 3001 3043 3058 Domini
3096 3021 3426 3069 sermonem,
3457 3019 3598 3073 quo~

2001 3095 2166 3147 modo
2201 3103 2492 3164 utrumque
2525 3097 2933 3150 Christianismi
2961 3108 3124 3166 caput
3154 3098 3590 3168 complectatur:

2002 3185 2480 3254 contemplativatn
2534 3195 2589 3240 et
2650 3187 2949 3255 practiram
3011 3189 3310 3243 virtutem.-
3356 3185 3597 3243 Dicenda

2002 3276 2220 3346 quidem
2253 3275 2395 3343 quod
2422 3285 2668 3342 oporteat
2700 3276 2969 3344 baptizari
3001 3277 3053 3330 in
3097 3279 3316 3331 nomine
3346 3277 3595 3332 Trinita-

2005 3369 2097 3429 tis,
2129 3367 2612 3435 contemplativam
2652 3369 2810 3421 nobis
2846 3369 3105 3422 tradidit:
3136 3369 3368 3423 dicendo
3393 3361 3594 3424 autem

2002 3457 2144 3526 quod
2167 3467 2416 3525 oporteat
2440 3459 2638 3512 docere
2669 3469 2723 3513 et
2756 3461 3016 3512 mandata
3053 3469 3260 3524 tenere,
3291 3461 3594 3530 practicam

2003 3550 2324 3603 introduxit.
2378 3547 2677 3604 Conlirmat
2726 3566 2942 3618 quoque
2993 3562 3048 3605 et
3089 3555 3293 3606 animat
3347 3553 3489 3621 illos,
3527 3567 3598 3610 eo

2005 3644 2144 3709 quod
2198 3647 2378 3695 mittat
2410 3643 2493 3694 ad
2542 3651 2756 3713 gentes,
2793 3656 2847 3697 et
2877 3646 2928 3698 in
2961 3661 3190 3698 mortem
3225 3662 3289 3701 ac
3319 3647 3583 3715 pericula,

2002 3735 2186 3787 dicens
2215 3752 2228 3787 :
2258 3733 2431 3788 Nolito
2451 3733 2674 3800 timere;
2701 3751 2802 3805 ego
2822 3739 2966 3790 enim
2995 3739 3271 3792 vobiscum
3307 3754 3600 3810 crotusque

2001 3826 2066 3878 ad
2091 3828 2621 3882 consummationem
2639 3830 2838 3884 saeculi.
2867 3827 3002 3882 Vide
3026 3841 3079 3883 et
3120 3831 3288 3896 istud,
3323 3833 3599 3901 quomodo

2003 3932 2208 3971 memor
2233 3917 2400 3972 fuerit
2425 3921 2933 3985 consummationis,
2963 3933 3020 3974 ut
3045 3925 3215 3994 magis
3238 3923 3357 3977 illos
3372 3926 3597 3991 excitet,

2001 4013 2068 4064 ad
2091 4012 2549 4066 contemnendum
2581 4013 2745 4084 168
2761 4015 2968 4082 gravia.
2988 4015 3063 4068 Ne
3088 4017 3352 4083 gravatim
3373 4015 3596 4074 feratis:

2000 4105 2162 4158 ilan
2197 4106 2341 4157 cnim
2379 4105 2628 4159 habitura
2667 4109 2999 4161 suntomnia
3031 4112 3326 4173 mundana,
3353 4112 3472 4163 sive
3506 4125 3599 4164 as-

2000 4210 2129 4265 pcra
2156 4197 2287 4260 sint,
2321 4197 2435 4249 sive
2465 4212 2722 4266 prospera
2754 4210 2956 4267 :atqne
2984 4201 3104 4251 ideo
3128 4216 3200 4251 ne.
3218 4202 3596 4256 succumbatis

2001 4289 2052 4341 in
2094 4289 2372 4342 adversis:
2405 4301 2734 4356 pra-tcrcunt
2759 4293 2942 4345 enim:
2982 4310 3159 4361 neque
3191 4296 3468 4360 prosperis
3506 4297 3601 4349 de-

1999 4381 2311 4448 cipiamini:
2368 4383 2528 4434 linem
2578 4385 2722 4434 enim
2767 4383 3021 4436 ltahilura
3067 4393 3214 4439 sunt.
3253 4384 3368 4438 Non
3421 4385 3596 4439 solum

2000 4484 2181 4524 autem
2223 4475 2324 4526 hoc
2361 4475 2626 4539 apostolis
2673 4484 2754 4527 est
2789 4477 3078 4542 poliiCiltts,
3111 4494 3180 4545 qu
3207 4478 3253 4530 ιι]
3294 4495 3417 4532 cum
3461 4481 3593 4545 ipsis

1937 4571 1976 4624 ι)
2006 4565 2098 4625 sit,
2131 4567 2222 4617 sed
2260 4565 2580 4632 simpliciter
2609 4566 2709 4618 ιΙίει
2734 4570 2892 4633 ipnlis
2939 4570 3052 4622 suis
3103 4571 3378 4622 omnibus.
3417 4571 3601 4636 Neque

2001 4657 2145 4709 enim
2176 4657 2402 4722 apostoli
2435 4671 2608 4724 usque
2647 4661 2711 4708 ad
2746 4661 2908 4711 linem
2959 4662 3141 4712 mutuli
3179 4661 3372 4713 victuri
3402 4672 3556 4714 crant
3585 4680 3599 4715 :

2001 4751 2143 4800 unde
2167 4760 2222 4801 et
2254 4750 2432 4808 nobis,
2466 4761 2521 4802 et
2552 4751 2636 4802 his
2668 4752 2756 4817 qui
2805 4763 2923 4816 post
2960 4769 3056 4806 nos
3106 4762 3289 4818 erunt,
3346 4758 3600 4823 promisit

2003 4839 2143 4893 hoc:
2184 4855 2288 4893 non
2323 4847 2465 4908 quod
2496 4843 2750 4909 usquead
2775 4845 3303 4899 consummationem
3332 4861 3598 4914 prmsens,

2001 4939 2124 4998 post
2170 4933 2695 4985 consummationem
2735 4935 2921 4986 mundi
2959 4934 3248 4990 abl'uturus
3295 4938 3388 4998 sit,
3419 4939 3585 4992 absit.

2002 5021 2154 5074 Tunc
2188 5024 2334 5076 enim
2366 5027 2538 5091 magis
2573 5026 2730 5079 nobis
2779 5027 2976 5091 aderit,
3002 5038 3056 5080 et
3093 5029 3315 5092 clarius,
3353 5038 3406 5081 et
3439 5045 3600 5082 mun-

1999 5115 2143 5168 dius.
2184 5115 2316 5168 Nam
2343 5117 2431 5170 ιιιιί
2461 5107 2642 5171 Donec
2675 5121 2756 5173 vel
2811 5121 2992 5190 Usque
3039 5122 3090 5175 in
3133 5120 3410 5190 Scriptura
3444 5120 3601 5176 inve-

2005 5209 2170 5270 nitur,
2206 5223 2310 5259 non
2347 5210 2536 5262 adimit
2568 5212 2709 5278 quod
2745 5214 3038 5279 posterius.
3069 5212 3338 5277 Quocirca
3391 5216 3599 5284 gratias

1143 5329 1158 5352 ,
1222 5289 1425 5356 ἄπαγε.
1490 5289 1719 5342 Ἐκτοτε
1793 5292 1904 5357 γὰρ

2006 5314 2232 5367 agamus
2255 5297 2506 5364 Domino,
2543 5305 2630 5369 qui
2656 5310 2709 5356 et
2738 5319 2880 5357 nunc
2912 5305 3193 5359 nobiscum
3227 5314 3330 5370 est,
3354 5316 3408 5360 et
3435 5321 3600 5360 omne

309 5381 517 5452 μᾶλλον
567 5383 826 5434 συνέσται
881 5383 1273 5454 καθαρώτερον
1324 5386 1418 5436 καὶ
1470 5384 1909 5454 τρανότερον·τὸ

2008 5392 2208 5443 bonum
2242 5391 2577 5460 suppeditat,
2611 5403 2665 5450 ct
2695 5397 2891 5449 iterum
2939 5397 3227 5452 nobiscum
3257 5399 3362 5452 erit
3388 5400 3602 5469 perfec-

304 5477 447 5546 γάρ,
481 5475 716 5539 Ἕως,οὐ
750 5475 811 5528 τὸ
849 5476 990 5546 μετὰ
1021 5475 1196 5528 ταῦτα
1214 5477 1449 5546 ἀναιρεῖ,
1497 5477 1627 5529 ἔνθα
1659 5476 1723 5528 ἂν
1751 5479 1907 5545 εὑρεο

2011 5477 2117 5530 tius
2140 5489 2260 5544 post
2290 5483 2844 5538 consummationem.
2885 5484 3075 5553 Itaque
3105 5503 3454 5557 nosquoqne
3499 5488 3600 5544 hoc

310 5569 379 5640 θῇ
434 5568 688 5638 κείμενον
752 5569 810 5620 ὲν
861 5571 927 5638 τῇ
1003 5569 1217 5639 Γραφῆ.
1270 5569 1784 5640 Εὑχαριστήσαντες
1815 5571 1909 5624 οὖν

2011 5572 2131 5626 loco
2164 5578 2574 5630 enarrationem
2615 5579 2986 5636 ahsolvamns.
3024 5583 3204 5654 Ipsum
3234 5587 3380 5638 enim
3423 5587 3602 5640 omnis

306 5659 388 5728 τῷ
445 5661 636 5730 Κυρίῳ
697 5659 777 5729 τῷ
861 5661 1096 5713 ἐνταῦθα
1165 5663 1382 5713 συνόντι
1455 5663 1610 5731 ἡμῖν,
1659 5665 1750 5714 καὶ
1796 5666 1905 5717 πᾶν

2008 5667 2308 5734 gratiarum
2344 5669 2510 5733 act-io,
2546 5671 2717 5740 gloria
2772 5684 2827 5729 ct
2877 5675 3052 5731 honor
3095 5675 3252 5733 decet
3310 5677 3363 5732 in
3403 5681 3596 5733 secula

307 5752 513 5822 ἀγαθὸν
527 5753 874 5825 χορηγοῦντι,
905 5757 1000 5809 καὶ
1015 5755 1173 5811 πάλιν
1205 5756 1554 5825 συνεσομένῳ
1587 5755 1916 5828 τελεώτερον

2003 5759 2347 5815 Stratiorum.
2379 5761 2573 5818 Amen.
