4298 6446
254 407 355 476 501

946 405 1393 471 ENARRATIO
1435 405 1516 467 IN
1555 401 2060 466 EVANGELIUM
2103 404 2364 465 MARCI‘.
2411 430 2477 440 —
2513 404 2673 465 CAP.
2719 403 2766 462 l.

3447 399 3563 462 502

256 527 356 576 καὶ
380 523 462 586 τὸ,
494 523 760 590 Ἤγγικεν
787 520 820 590 ἡ
855 519 1101 590 βασιλεία
1130 519 1225 573 τοῦ
1258 518 1417 574 Θεοῦ.
1444 518 1559 572 Οὐκ
1586 517 1702 570 ἐστι
1731 515 1788 569 δέ
1828 531 1842 547 ⁸
1878 515 1901 576 Ᾱ

1997 533 2175 582 empe,
2228 517 2620 587 Rescipisrite,
2681 524 2759 580 et,
2797 511 3270 585 Appropinquavit
3327 524 3555 579 regnum

255 621 286 670 6
313 617 414 685 μὲν
442 617 544 684 ’γὰρ
560 614 812 684 Ἰωάννης
841 614 924 679 τὸ,
943 615 1296 679 Μετανοεῖτε,
1327 612 1535 680 ἔλεγεν,
1557 610 1699 664 ὥστε
1723 611 1854 663 ὑπο-

257 711 512 778 χωρῆσαι
544 707 652 759 ἀπὸ
696 707 806 758 τῶν
842 706 1128 778 ἁμαρτιῶν
1156 722 1170 736 ·
1205 707 1234 759 ὁ
1265 705 1321 758 δὲ
1353 705 1594 773 Χριστὸς
1624 703 1707 766 τὺ,
1742 703 1854 756 Με-

259 802 534 860 τανοεῖτε,
564 799 735 866 λέγει,
772 797 914 851 ὥστε
961 799 1072 851 ἀπὸ
1103 797 1197 851 τοῦ
1241 797 1470 866 νομικοῦ
1526 797 1855 866 γράμματος

264 895 481 962 φυγεῖν.
527 892 617 943 Διὸ
653 891 751 943 καὶ
812 892 1126 960 προσέθηκε
1177 891 1257 952 τὸ,
1296 889 1598 942 Πιστεύετε
1648 890 1705 941 ὲν
1773 886 1851 957 τῷ

269 981 587 1052 Εὖαγγελίῳ
613 998 631 1016 ο
663 985 691 1035 6
725 983 833 1054 γὰρ
861 982 1070 1052 μέλλων
1099 979 1396 1034 πιστεῦσαι
1425 979 1515 1032 διὰ
1541 978 1635 1031 τοῦ
1679 979 1859 1046 Εὐαγ-

262 1077 472 1144 γελίου,
503 1078 822 1146 κατήργηκε
859 1078 951 1128 τδν
987 1075 1156 1145 νόμον
1185 1075 1394 1127 λοιπόν.
1445 1071 1859 1142 Πεπληρώσθαι

264 1172 380 1241 γάρ
413 1187 577 1240 φησιν
601 1171 628 1222 6
665 1169 871 1240 Κύριος
905 1169 997 1221 καὶ
1025 1168 1116 1220 τὸν
1139 1167 1332 1239 καιρὸν
1362 1166 1456 1220 τοῦ
1505 1165 1673 1235 νόμου
1706 1163 1819 1231 (45)
1843 1181 1860 1198 ο

265 1266 397 1334 ἄχρι
429 1263 738 1332 γὰρ,φησὶ,
778 1261 872 1314 τοῦ
891 1260 986 1314 νῦν
1039 1261 1264 1331 ἐνήργει
1308 1262 1336 1313 ὁ
1392 1260 1576 1327 νόμος,
1613 1259 1724 1311 ἀπὸ
1767 1257 1862 1310 τοῦ

263 1355 364 1407 νῦν
393 1355 449 1407 δὲ
481 1357 512 1423 ἡ
543 1354 790 1424 βασιλεία
841 1351 934 1406 τοῦ
981 1353 1143 1416 Θεοῦ,
1179 1355 1211 1422 ἠ
1246 1351 1388 1404 κατὰ
1422 1351 1482 1403 τὸ
1531 1349 1867 1418 Ευαγγέλιον

267 1446 520 1500 πολιτεία
554 1446 838 1514 πάρεστιν,
888 1444 1010 1512 ἥτις
1061 1444 1288 1505 εἰκότως
1337 1440 1743 1510 παρεικάζεται
1798 1442 1865 1509 τῇ

269 1542 525 1614 βασιλείᾳ
568 1543 676 1596 τῶν
721 1539 992 1609 οὐρανῶν.
1027 1540 1193 1591 Ὅταν
1221 1538 1330 1605 γάρ
1372 1538 1489 1607 ῖδῃς
1519 1536 1594 1598 ὼς
1627 1535 1868 1607 ἄσαρκον

279 1633 484 1705 μικροῦ
561 1631 986 1702 πολιτευόμενον
1059 1631 1151 1683 τὸν
1208 1629 1351 1682 κατὰ
1410 1627 1472 1680 τὸ
1539 1626 1872 1695 Εὑαγγέλιον

270 1727 514 1797 βιοῦντα,
549 1723 658 1797 ἄρα
685 1725 787 1779 οὐκ
820 1724 888 1778 ἂν
926 1725 1103 1786 εῐποις
1131 1723 1215 1775 ὅτι
1242 1715 1400 1784 οὗτος
1452 1722 1553 1790 τὴν
1587 1719 1871 1790 βασιλείαν

269 1819 383 1872 τῶν
405 1818 652 1888 οὐρανῶν
684 1819 795 1889 (ὅτε
823 1818 924 1871 οῦκ
955 1817 1070 1869 ἔστι
1106 1816 1309 1886 βρῶσις
1340 1813 1374 1885 ἤ
1399 1815 1581 1883 πόσις)
1604 1813 1704 1884 ήδη
1735 1813 1868 1882 ἔχει,

271 1912 380 1966 κᾶν
409 1913 631 1982 μακρὰν
656 1906 801 1964 εἶναι
825 1911 956 1981 δοκῇ
985 1927 1000 1975 ;

351 2023 370 2054 ι
415 2003 746 2074 Περιπατῶν
795 2003 852 2055 δὲ
909 2001 1062 2073 παρὰ
1107 2000 1206 2071 τὴν
1258 2000 1539 2055 θάλασσαν
1585 1999 1683 2068 τῆς
1712 1997 1872 2051 Γαλι-

270 2095 457 2162 λαίας,
491 2093 602 2148 εἶδε
623 2095 845 2164 Σίμωνα
879 2094 974 2147 καὶ
1012 2093 1269 2162 Ἀνδρέαν
1306 2093 1397 2146 τὸν
1421 2091 1654 2159 ἀδελφὸν
1683 2090 1873 2154 αὑτοῦ,

275 2189 575 2254 βάλλοντας
630 2186 1053 2257 ἀμφίϐληστρον
1107 2187 1188 2250 εἰς
1230 2186 1329 2254 τὴν
1387 2183 1666 2237 θάλασσαν
1714 2179 1878 2253 (ἦσαν

272 2279 387 2348 γὰρ
415 2276 629 2348 ἁλιεῖς),
670 2278 764 2330 καὶ
791 2272 943 2330 εἶπεν
973 2278 1155 2339 αὐτοῖς
1179 2279 1206 2328 6
1232 2275 1442 2344 Ἰησοῦς
1463 2290 1474 2302 ·
1506 2275 1672 2328 Δεῦτε
1704 2275 1881 2327 ὀπίσω

281 2389 412 2440 μου,
446 2372 541 2425 καὶ
600 2374 813 2437 ποιήσω
843 2370 989 2439 ὑμᾶς
1037 2367 1295 2435 γενέσθαι
1323 2367 1499 2430 άλιεῖς
1544 2365 1874 2437 ἀνθρώπων.

278 2465 392 2518 Καὶ
423 2464 624 2526 εὐθέως
676 2463 910 2532 ἀφέντες
943 2461 1010 2513 τὰ
1052 2461 1244 2514 δίκτυα
1275 2461 1477 2525 αὐτῶν,
1503 2459 1882 2531 ἠκολούθησαν

275 2556 432 2626 αὐτῷ
453 2574 465 2584 ·
499 2558 590 2610 καὶ
618 2557 829 2625 προϐάς
851 2555 1059 2610 ἐκεῖθεν
1087 2555 1293 2623 ὀλίγον,
1326 2551 1470 2607 είδεν
1496 2553 1760 2607 Ἰάκωϐον
1788 2553 1883 2606 τὸν

278 2650 377 2704 τοῦ
436 2651 751 2714 Ζεϐεδαίου,
800 2651 896 2704 καὶ
963 2650 1220 2718 Ἰωάννην
1271 2649 1366 2703 τὸν
1415 2648 1646 2717 ἀδελφὸν
1689 2648 1881 2712 αὐτοῦ,

282 2743 378 2794 καὶ
412 2743 611 2804 αὐτοὺς
651 2746 710 2796 ἐν
736 2744 814 2813 τῷ
852 2743 1025 2814 πλοίῳ
1071 2741 1502 2813 καταρτίζοντας
1539 2743 1607 2794 τά
1663 2741 1881 2804 δίκτυα,

281 2834 382 2886 καὶ
415 2832 618 2896 εὐθέως
650 2832 914 2886 ἐκάλεσεν
936 2831 1156 2895 αὐτούς.
1206 2830 1317 2883 Καὶ
1359 2829 1592 2898 ἀφέντες
1651 2827 1744 2880 τὸν
1781 2844 1887 2881 πα-

281 2926 422 2990 τέρα
448 2925 628 2977 αὐτῶν
668 2925 951 2978 Ζεϐεδαῖον
987 2925 1044 2976 ὲν
1083 2922 1164 2992 τῷ
1228 2920 1404 2991 πλοίῳ
1460 2921 1601 2990 μετὰ
1650 2920 1760 2973 τῶν
1798 2937 1889 2989 μι-

283 3016 534 3081 σθωτῶν,
566 3016 813 3086 ἀπῆλθον
863 3015 1044 3069 ὀπίσω
1100 3013 1290 3068 αὐτοῦ.
1335 3033 1353 3066 ι
1400 3012 1509 3066 Τοῦ
1565 3012 1887 3084 Προδρόμου

282 3105 428 3178 ἦσαν
460 3110 704 3180 μαθηταὶ
741 3111 948 3180 Πέτρος
986 3109 1080 3163 καὶ
1124 3108 1405 3180 Ἀνδρίας.
1455 3106 1676 3169 Ἰδόντες
1699 3107 1758 3160 δὲ
1797 3106 1890 3159 τὸν

298 3202 510 3274 Ἰησοῦν
547 3203 652 3256 ὑπὸ
685 3201 778 3256 τοῦ
817 3203 1069 3257 Ἰωάννου
1111 3201 1554 3273 μαρτυρηθέντα,
1579 3199 1889 3271 προσῆλθον

285 3294 462 3363 αὐτῷ.
497 3291 630 3350 Εἶτα
671 3294 862 3364 ἐπειδὴ
907 3293 1168 3365 Ἰωάννης
1204 3294 1506 3364 παρεδόθη,
1550 3292 1892 3362 λυπηθέντες

281 3388 646 3459 ἀνεχώρησαν
679 3387 844 3442 πάλιν
874 3388 955 3449 είς
988 3386 1090 3457 τὴν
1139 3386 1349 3439 οἰκείαν
1399 3385 1619 3456 τέχνην.
1664 3385 1832 3438 Ὅθεν
1863 3387 1892 3438 6

286 3483 524 3553 Χριστὸς
576 3485 640 3536 ἐκ
682 3482 941 3551 δευτέρου
989 3480 1218 3546 τούτους
1250 3481 1430 3537 καλεῖ.
1485 3469 1723 3550 Δευτ’έρα
1785 3481 1897 3549 γάρ

287 3579 440 3628 ἐστιν
491 3574 632 3641 αῦτη
664 3577 697 3644 ἡ
745 3575 966 3644 κλῆσις.
1009 3574 1158 3644 ’Ὅρα
1189 3575 1245 3627 δὲ
1289 3575 1496 3637 αὐτοὺς
1545 3575 1611 3627 ἐκ
1666 3574 1898 3626 δικαίων

287 3668 470 3720 πόνων
530 3666 927 3737 τρεφομένους,
969 3665 1088 3720 ἀλλ’
1130 3664 1232 3719 οὐκ
1285 3665 1348 3729 ἐξ
1372 3664 1579 3720 ἀδίκων
1609 3680 1623 3693 ο
1660 3664 1897 3719 τοιοῦτοι

285 3759 400 3829 γάρ
438 3760 491 3812 oi.
543 3759 684 3822 ἄξιοι
743 3757 995 3826 γίνεσθαι
1045 3756 1256 3828 πρῶτοι
1317 3758 1560 3828 Χριστοῦ
1631 3757 1895 3826 μαθηταί.

302 3853 565 3921 ’Δφέντες
621 3849 714 3906 οῦν
759 3851 967 3914 εὐθέως
1022 3852 1092 3906 τὰ
1144 3853 1203 3903 ἐν
1262 3853 1476 3922 χερσὶν,
1522 3851 1899 3921 ἠκολούθησαν

289 3946 440 4017 αὐτῷ
483 3963 495 3976 ·
537 3947 598 3998 οὐ
631 3947 739 4018 γὰρ
785 3945 865 3997 δεῖ
914 3943 1340 4003 ἀναϐάλλεσθαι,
1371 3943 1488 3998 ἀλλ’
1523 3943 1730 4007 εὐθέως
1767 3945 1901 3998 ἀκο-

287 4041 528 4094 λουθεῖν.
584 4039 741 4092 Μετὰ
769 4038 828 4092 δὲ
871 4036 1121 4102 τούτους,
1171 4036 1264 4090 τὸν
1310 4035 1572 4091 Ἰάκωϐον
1606 4036 1900 4108 σαγηνεύει

294 4134 390 4184 καὶ
431 4132 522 4183 τὸν
561 4131 834 4200 Ἰωάννην,
877 4129 926 4183 οἳ
972 4129 1068 4182 καὶ
1107 4128 1265 4182 αὐτοὶ
1297 4129 1533 4200 πένητες
1559 4129 1732 4192 ὄντες,
1752 4129 1904 4198 ὅμως

290 4227 705 4295 ἐγηροτρόφουν
737 4227 829 4277 τὸν
881 4224 1118 4294 πατέρα.
1173 4223 1422 4292 Ἀφῆκαν
1454 4222 1512 4275 δὲ
1537 4220 1630 4275 τὸν
1662 4225 1901 4290 πατέρα,

290 4322 391 4389 οὐχ
443 4319 525 4371 ὅτι
568 4317 734 4370 καλόν
776 4320 922 4370 ἐστιν
946 4316 1171 4385 ἀφιέναι
1208 4316 1333 4378 τοῦς
1367 4316 1638 4385 πατέρας,
1673 4314 1789 4368 ἀλλ’
1821 4315 1903 4367 ὅτι

292 4413 522 4480 ipsum
587 4411 782 4471 αὐτοὺς
840 4411 1135 4479 ἐμποδίσαι
1178 4409 1315 4477 πρὸς
1378 4407 1476 4478 τὴν
1517 4406 1902 4476 ἀκολούθησιν.

302 4502 494 4563 Οῦτως
527 4499 618 4553 οῦν
661 4502 756 4553 καὶ
789 4501 853 4552 σὺ
882 4503 1011 4554 ὅταν
1043 4499 1318 4570 ἐμποδίζῃ
1353 4497 1506 4569 παρὰ
1530 4499 1641 4550 τῶν
1672 4499 1903 4565 γονέων,

1944 609 2077 663 ‘Dei.
2117 608 2224 664 Sed
2257 625 2363 664 non
2396 621 2482 664 est
2521 609 2616 663 ita.
2643 608 2884 662 Joannes
2912 607 3057 660 enim
3104 605 3360 660 dicebat:
3400 601 3560 656 ilosi-

1960 699 2179 766 piscite,
2225 705 2283 752 ut
2319 698 2724 752 abscederenta
2755 695 2996 765 peccatis
3033 714 3046 749 :
3076 695 3330 748 Christus
3354 705 3557 755 autem,

1961 790 2293 860 llcsipiscite
2327 791 2480 854 dicit,
2515 803 2569 844 ut
2604 807 2631 843 a
2669 790 2829 857 legali
2875 790 3051 841 littera
3127 787 3396 856 fugerent.
3435 785 3562 840 Ideo

1963 884 2265 953 apposuit,
2317 884 2541 939 Credite
2597 881 2908 952 Evangelio.
2971 879 3210 934 Credens
3261 877 3403 930 enim
3471 892 3566 945 per

1967 975 2321 1046 Evangelium
2354 977 2465 1046 jam
2495 975 2730 1030 abolevit
2783 974 2975 1044 legem.
3009 971 3150 1024 Dicit
3181 971 3328 1024 enim
3381 969 3567 1022 Domi-

1967 1084 2070 1126 nus
2126 1071 2413 1138 impletum
2466 1084 2588 1124 esse
2635 1079 2847 1136 tempus
2893 1065 3048 1135 legis.
3083 1063 3377 1117 Enimvero
3419 1061 3471 1114 in
3517 1061 3568 1114 id

1969 1178 2141 1233 usque
2174 1162 2433 1232 temporis
2463 1163 2543 1215 lex
2569 1164 2925 1231 operabatur,
2963 1157 3139 1228 inquit
3170 1175 3186 1211 :
3215 1156 3284 1210 ab
3322 1157 3425 1210 hoc
3473 1171 3571 1209 att-

1970 1265 2079 1310 tent
2126 1267 2370 1321 tempore
2427 1271 2658 1325 regnum
2705 1253 2823 1318 Dei,
2868 1253 3012 1321 quod
3045 1259 3128 1304 est
3173 1250 3279 1302 vita
3339 1261 3573 1316 cvange-

1971 1351 2100 1418 lica,
2132 1352 2318 1414 adest,
2351 1365 2475 1418 quae
2527 1347 2753 1417 quidem
2799 1347 2912 1402 vita
2951 1358 3116 1414 regno
3154 1342 3424 1396 caelorum
3458 1354 3574 1393 mc-

1974 1443 2077 1498 rito
2138 1440 2442 1497 confertur.
2491 1441 2629 1493 Nam
2694 1439 2738 1491 si
2791 1440 3101 1506 quempiam
3171 1433 3372 1487 videris
3419 1432 3574 1500 quasi

1975 1536 2180 1606 absque
2213 1549 2380 1590 carne
2410 1534 2596 1586 vivere
2630 1531 2792 1584 vitam
2824 1527 3220 1594 evangelicam,
3263 1540 3446 1578 annon
3497 1523 3582 1577 di-

1975 1644 2128 1685 ceres
2162 1628 2304 1695 quod
2346 1641 2575 1692 regnum
2620 1623 2885 1678 ctelorum
2925 1619 3037 1687 jam
3089 1619 3307 1680 haheat,
3341 1629 3406 1670 eo
3437 1615 3581 1685 quod

1979 1737 2084 1775 non
2156 1723 2229 1776 sit
2286 1720 2339 1773 in
2377 1719 2470 1772 illo
2530 1717 2685 1772 cibus
2731 1723 2786 1769 et
2837 1725 3034 1780 potus,
3096 1710 3261 1764 etiam
3321 1709 3366 1763 si
3427 1707 3586 1776 longe

1979 1815 2170 1870 abesse
2204 1809 2487 1867 videatur?

2057 1967 2220 2024 Vens.
2254 1968 2442 2023 -ιδ-εο.
2482 1987 2500 2018 ι
2535 1967 2668 2021 Cutn
2703 1964 3010 2017 ambularet
3051 1971 3230 2013 autem
3257 1958 3409 2028 juxta
3436 1969 3591 2011 mare

1982 2063 2238 2126 Galiltea‘,
2260 2062 2399 2115 vidit
2433 2059 2712 2113 Simonem
2742 2066 2797 2109 et
2818 2053 3093 2108 Andream
3130 2052 3355 2105 fratrem
3373 2049 3586 2117 ejusja-

1984 2156 2195 2210 cientes
2229 2154 2435 2208 retiain
2459 2167 2632 2212 mare,
2659 2161 2815 2203 erant
2847 2148 2991 2202 enim
3020 2147 3347 2217 piscatores,
3378 2153 3431 2197 et
3455 2142 3594 2197 dixit

1985 2249 2067 2304 eis
2085 2247 2242 2303 Jesus
2274 2244 2609 2315 :chuimini
2644 2241 3035 2306 me,etfaeiam
3073 2248 3130 2292 ιιι
3154 2236 3461 2292 eiliciamini
3511 2237 3595 2306 pi-

1985 2352 2232 2398 scatores
2275 2341 2584 2395 hominum.
2617 2338 2684 2391 At
2735 2335 3101 2406 illi,protinus
3135 2331 3343 2387 relictis
3385 2329 3596 2386 retibus

1989 2435 2122 2499 suis,
2162 2433 2330 2487 secuti
2357 2443 2482 2487 sunt
2515 2447 2661 2487 eum.
2697 2430 2762 2484 Et
2790 2444 3109 2500 progresstts
3133 2427 3281 2481 illinc
3315 2425 3594 2494 pusillum,

1988 2527 2126 2581 vidit
2152 2525 2412 2581 Jacohnm
2439 2523 2609 2578 filittm
2653 2522 2935 2584 Zebedtei,
2964 2532 3020 2575 et
3060 2519 3324 2574 Joannem
3363 2517 3588 2572 fratrem

1988 2620 2130 2689 ejus,
2154 2618 2244 2688 qui
2269 2617 2442 2688 etipsi
2470 2616 2521 2672 in
2553 2617 2673 2669 navi
2701 2614 3161 2670 reconcinnahant
3195 2613 3352 2675 retia,
3387 2612 3602 2664 statim-

1992 2729 2098 2785 que
2126 2714 2341 2768 vocavit
2366 2712 2521 2767 illos:
2560 2720 2614 2765 et
2648 2710 2724 2764 illi
2789 2711 2982 2765 relicto
3007 2719 3162 2778 patre
3193 2721 3292 2762 suo
3334 2705 3600 2760 Zebedmo

1996 2807 2049 2861 in
2087 2807 2209 2860 navi
2247 2821 2373 2859 cum
2398 2802 2782 2865 mercenariis,
2819 2801 2993 2856 secuti
3027 2808 3156 2854 sunt
3187 2813 3336 2853 eum.
3391 2815 3408 2848 ι
3452 2796 3602 2849 Prte-

1993 2902 2236 2958 cursoris
2285 2898 2536 2968 discipuli
2590 2907 2750 2954 erant
2788 2895 2986 2952 Petrus
3033 2906 3088 2949 et
3134 2895 3402 2948 Andreas.
3463 2889 3602 2946 Cum

1997 3007 2181 3052 autem
2210 2995 2476 3050 vidissent
2508 2991 2695 3048 Jesum
2727 3006 2756 3045 a
2791 2989 3000 3046 Joanne
3031 2987 3403 3044 testimonium
3442 2999 3603 3040 accc-

2000 3090 2165 3160 pisse,
2227 3085 2484 3157 adierunt
2527 3099 2675 3140 eum.
2755 3080 2964 3135 Deinde
3010 3088 3299 3148 postquam
3364 3075 3605 3131 Joannes

1999 3181 2434 3252 comprehensus
2484 3177 2607 3242 fuit,
2652 3174 2835 3230 musti
2887 3172 3014 3227 facti
3061 3171 3255 3225 iterum
3313 3169 3382 3224 ad
3432 3177 3607 3222 artem

2000 3287 2154 3328 suam
2181 3271 2460 3327 redierunt
2496 3284 2510 3322 :
2550 3267 2695 3322 unde
2717 3266 2838 3321 illos
2872 3263 3122 3319 Christus
3148 3262 3388 3319 secundo
3428 3268 3607 3315 vocat.

2003 3363 2258 3419 Secunda
2309 3359 2456 3416 enim
2493 3359 2711 3414 vocatio
2759 3358 2862 3411 ista
2899 3365 3005 3411 est.
3040 3355 3177 3410 Vide
3236 3364 3420 3407 autem
3474 3367 3610 3422 quo-

2005 3457 2167 3511 modo
2192 3455 2269 3510 illi
2297 3455 2468 3524 justis
2496 3451 2778 3508 laboribus
2809 3464 2932 3505 sese
2969 3449 3276 3511 enutriant,
3309 3456 3364 3502 et
3400 3462 3508 3502 non
3543 3462 3610 3501 ex

2005 3550 2244 3618 iniustis.
2278 3549 2442 3604 Tales
2471 3548 2615 3602 enim
2659 3548 2806 3617 digni
2845 3554 3005 3600 erant
3044 3544 3135 3615 qui
3194 3543 3356 3612 primi
3416 3542 3612 3597 flerent

2003 3647 2254 3714 discipuli
2291 3644 2520 3701 Christi.
2558 3642 2785 3698 Relictis
2831 3641 2998 3712 igitur
3033 3638 3218 3695 statim
3261 3638 3345 3692 his
3401 3652 3524 3708 qua:
3561 3639 3612 3690 in

2004 3741 2259 3796 manibus
2317 3751 2498 3803 erant,
2531 3737 2703 3792 secuti
2755 3745 2883 3790 sunt
2917 3750 3060 3789 eum.
3087 3732 3207 3786 Non
3263 3733 3407 3787 enim
3451 3750 3616 3788 morte

2009 3836 2289 3891 nectenda:
2345 3844 2495 3894 sunt,
2553 3831 2647 3886 sed
2718 3830 2901 3885 statim
2960 3829 3295 3898 sequendum
3351 3837 3456 3884 est.
3491 3827 3620 3883 Post

2009 3927 2130 3982 illos
2154 3926 2399 3996 piscatur
2425 3921 2689 3980 Jacobum
2725 3933 2779 3976 et
2820 3923 3112 3985 Joannem,
3142 3921 3235 3990 qui
3273 3931 3327 3975 et
3357 3920 3456 3990 ipsi
3488 3937 3619 3991 pan-

2009 4035 2169 4089 pcres
2205 4028 2386 4079 erant,
2441 4027 2496 4072 et
2534 4028 2747 4086 patrem
2807 4014 2965 4070 senio
3003 4012 3314 4068 confectum
3375 4013 3617 4068 alebant.

2008 4112 2181 4167 Porro
2225 4110 2569 4180 reliquerunt
2605 4117 2838 4178 patrem,
2879 4122 2989 4161 non
3023 4107 3168 4176 quod
3202 4109 3402 4161 bonum
3436 4108 3506 4160 sit
3532 4123 3618 4160 re-

2013 4205 2262 4273 linquere
2301 4212 2581 4272 parentes,
2628 4204 2722 4256 sed
2765 4201 2891 4271 quia
2948 4200 3341 4270 impedimento
3405 4198 3622 4253 futurus

2015 4304 2138 4351 erat
2169 4295 2444 4351 secuturis
2473 4293 2783 4348 Christum.
2811 4290 2904 4346 Sic
2943 4301 2997 4345 et
3030 4303 3086 4344 tu
3115 4291 3361 4359 relinque
3421 4307 3621 4360 parcu-

2014 4404 2092 4446 les
2133 4391 2179 4445 si
2235 4392 2300 4442 atl
2356 4391 2615 4458 pietatem
2674 4387 2766 4440 tibi
2836 4385 3168 4446 obstiterint,
3229 4395 3282 4439 el.
3367 4385 3420 4438 id
3472 4385 3616 4452 quod

1984 4475 2212 4537 bonum
2270 4479 2605 4549 amplexare.
2642 4479 2882 4547 Apparet
2926 4477 3091 4547 178
3146 4476 3466 4530 Zebedueum
3511 4491 3621 4530 non

300 4597 439 4662 ἄφες
472 4595 671 4656 αὐτοὺς
732 4595 826 4645 καὶ
883 4569 1205 4663 πρόσδραμε
1257 4593 1336 4661 τῷ
1403 4589 1615 4660 ἀγαθῷ.
1647 4590 1901 4643 Φαίνεται

2015 4578 2340 4640 credidisse,
2371 4583 2550 4627 mater
2593 4581 2772 4625 autem
2835 4569 3212 4639 apostolorum
3267 4569 3518 4633 credidit,
3568 4578 3623 4622 ct

296 4693 406 4758 γὰρ
438 4692 466 4740 6
509 4688 793 4749 Ζεϐεδαῖος
825 4688 898 4756 μὴ
930 4687 1225 4739 πιστεῦσαι
1260 4703 1274 4717 °
1309 4687 1340 4753 ἠ
1367 4687 1550 4754 μέντοι
1576 4686 1763 4754 μήτηρ
1793 4687 1902 4735 τῶν

299 4782 642 4839 ἀποστόλων,
676 4779 993 4844 πιστεῦσαι,
1024 4778 1429 4857 mammosa:
1469 4779 1579 4847 γάρ
1618 4777 1773 4840 ἴσως,
1806 4775 1904 4827 τοῦ

299 4875 591 4929 Ζεϐεδαίου
619 4873 1006 4934 ἀποθανόντος.
1033 4872 1174 4924 Ἴσοι
1214 4872 1268 4924 δὲ
1299 4872 1392 4924 καὶ
1423 4869 1604 4934 τοῦτο,
1639 4870 1720 4921 ὅτι
1750 4869 1904 4938 πρῶ-

298 4985 394 5022 τιν
415 4968 658 5019 καλεῖται
680 4967 714 5035 ὴ
738 4963 957 5034 πρᾶξις,
989 4959 1152 5032 εἶταὴ
1172 4962 1400 5038 θεωρία.
1430 4961 1496 5017 Oi
1533 4962 1631 5031 μὲν
1659 4955 1754 5013 οῦν
1775 4960 1907 5030 περὶ

297 5061 391 5112 τὸν
444 5059 668 5128 Πέτρον,
703 5057 803 5126 τῆς
855 5055 1174 5126 πρακτικῆς
1209 5059 1316 5108 εἱσι
1369 5053 1662 5122 σύμϐολον·
1706 5051 1906 5121 θερμό-

299 5169 462 5214 τατος
496 5151 604 5218 γὰρ
646 5144 823 5211 οὗτος,
857 5149 954 5200 καὶ
990 5146 1289 5219 προπηδῶν
1333 5145 1442 5198 τῶν
1492 5143 1692 5206 ἄλλων,
1714 5139 1805 5195 οἷα
1843 5142 1908 5210 δὴ

2009 4681 2192 4728 secuta
2222 4679 2306 4724 est
2362 4665 2633 4729 fortassis,
2694 4675 2909 4718 mortuo
2966 4663 3249 4717 Zebedeeo.
3287 4663 3441 4716 Scias
3491 4663 3618 4716 item

2015 4769 2253 4839 primum
2317 4763 2501 4817 vocari
2556 4761 2874 4830 practicen,
2935 4759 3059 4812 dein
3116 4758 3619 4826 contemplativmn.

2017 4867 2213 4921 Petrus
2271 4863 2417 4917 enim
2470 4859 2744 4928 practices
2798 4854 3108 4926 symbolum
3155 4865 3277 4904 cSt:
3321 4849 3624 4903 ferventior

2018 4959 2162 5012 enim
2198 4964 2319 5010 erat
2376 4954 2608 5022 aliisque
2669 4948 3038 5020 praestantior,
3095 4945 3235 4999 sicut
3282 4953 3336 4995 ct
3386 4941 3628 5011 practice

2015 5063 2118 5106 est.
2155 5051 2394 5106 Joannes
2424 5061 2555 5100 vero
2613 5041 3101 5111 contemplativam
3143 5038 3419 5106 significat
3451 5053 3466 5091 '.
3509 5034 3630 5105 plus

2019 5144 2166 5198 enim
2200 5144 2266 5197 de
2304 5142 2465 5197 rebus
2499 5138 2702 5194 divinis
2735 5135 2964 5192 disserit
2991 5132 3250 5188 Joannes.

305 5245 457 5312 καὶὴ
498 5243 783 5314 πρακτική
826 5243 998 5299 ἐστιν,
1032 5242 1096 5294 Οἱ
1167 5241 1223 5293 δὲ
1285 5239 1418 5308 περὶ
1444 5237 1537 5291 τὸν
1584 5235 1841 5306 Ἰωάννην
1877 5233 1976 5304 τὴν
2017 5236 2257 5307 θεωρίαν
2329 5233 2805 5304 ὑποσημαίνουσιν
2840 5248 2854 5265 ο
2922 5222 3388 5296 θεολογικώτατος
3444 5227 3552 5296 γάρ
3608 5225 3634 5277 6

315 5336 594 5406 Ἰωάννης.

388 5455 402 5484 ι
447 5433 558 5486 Καὶ
582 5433 999 5503 εἰσπορεύονται
1031 5430 1110 5491 είς
1141 5424 1543 5496 Καπερναούμ.
1567 5426 1678 5478 Καὶ
1702 5425 1909 5486 εὐθέως

307 5525 421 5585 τοῖς
454 5522 729 5576 Σάϐϐασιν
757 5518 1021 5573 εἰσελθὼν
1053 5520 1132 5582 εἰς
1165 5517 1264 5586 τὴν
1319 5515 1684 5583 Συναγωγὴν,
1728 5515 1908 5566 ἐδίδα-

2098 5423 2258 5478 Υεῐις.
2311 5423 2401 5488 21,
2438 5421 2531 5476 ‘22.
2597 5441 2614 5472 ι
2661 5420 2724 5473 Et
2795 5414 3183 5489 ingrediuntur
3240 5412 3583 5481 Capcrnaum
3617 5446 3631 5468 ,

2021 5529 2075 5571 et
2113 5517 2295 5569 statim
2321 5515 2576 5570 Sabhalis
2607 5514 2889 5585 ingressus
2922 5514 2977 5565 in
3018 5509 3358 5577 Synagogam
3387 5503 3635 5560 docebat.

1281 5658 1371 5718 Ex
1409 5654 1764 5717 collatione
1802 5654 1994 5716 codd.
2040 5655 2268 5716 Venet.
2312 5657 2372 5716 S.
2419 5653 2640 5718 Marci.

387 5794 500 5852 ιιδι
539 5790 673 5845 ἱΛιιΙ.
739 5791 810 5844 “26
848 5789 937 5841 καί
993 5788 1100 5860 τὸν,
1133 5788 1330 5860 καιρὸν.
1375 5788 1466 5841 τὸν
1527 5787 1896 5860 ἀφορισθέντα

1992 5787 2089 5857 πιρᾶ
2157 5787 2292 5842 Θεοῦ
2327 5791 2389 5858 τῇ
2426 5786 2671 5855 πολιτεία
2695 5785 2790 5839 τοῦ
2828 5785 3025 5856 νόμων,
3085 5795 3139 5831 κ.
3176 5776 3293 5829 τ.λ.
3342 5793 3358 5824 ι
3404 5772 3648 5842 Tempus

316 5879 342 5916 τι
392 5866 498 5919 Deo
527 5871 787 5918 statutum
828 5877 923 5928 pro
961 5858 1201 5913 dotninio
1235 5858 1386 5928 legis.
1414 5879 1430 5908 .-
