4298 6446
204 414 309 482 51⁸1

958 402 1408 469 ENAHRATIO
1453 402 1535 462 ΙΝ
1577 397 2088 475 EVANGELIUM
2129 392 2392 454 MARCI.
2436 417 2495 427 -
2540 390 2702 450 CAP.
2748 389 2830 449 ll.

3411 383 3520 446 518

202 529 526 599 Φαρισαίων
550 521 934 594 νηστεύοντες,
961 520 1058 572 καὶ
1110 517 1368 587 ἔρχονται
1409 516 1506 568 καὶ
1554 513 1812 580 λέγουσιν
1843 517 1883 567 Λ

1843 517 1883 567 Λ
1919 523 2039 562 rum
2078 506 2425 575 ieiunabant,
2460 505 2794 569 veninntqne
2823 509 2875 553 et
2928 498 3113 551 dicunt
3170 495 3244 551 illi
3283 513 3297 550 :
3335 493 3521 562 Quare

204 621 363 691 αὐτῷ
385 637 397 649 ·
440 618 597 672 Διατί
629 617 680 670 οι
713 613 958 685 μαθηταὶ
1002 611 1256 664 Ἰωάννου
1289 608 1384 660 καὶ
1430 609 1479 659 οἱ
1503 605 1613 659 τῶν
1641 604 1814 674 Φαρι-

208 714 386 768 σαίων
411 709 795 781 νηστεύουσιν,
820 708 869 759 oi
898 705 956 758 δέ
977 704 1063 757 σοὶ
1090 701 1332 772 μαθηταὶ
1363 701 1425 752 οὐ
1446 697 1812 767 νηστεύουσι;

210 807 324 862 Καὶ
357 793 513 858 εἶπεν
540 803 726 863 αὐτοῖς
756 802 784 854 6
819 796 1056 868 Ἰησοῦςο
1095 793 1190 865 Μὴ
1213 793 1471 846 δύνανται
1495 791 1546 843 οἱ
1579 787 1689 842 υἱοὶ
1718 787 1813 841 τοῦ

209 896 530 967 νυμφῶνοςν
583 893 643 946 δν
692 884 737 958 ᾧ
769 891 798 943 δ
857 886 1094 958 νυμφίος
1129 883 1250 955 μετ’
1298 881 1478 937 αὐτῶν
1526 881 1668 944 ἐστι,
1719 893 1816 946 νη·

209 990 461 1054 στεύειν;
505 988 630 1039 ὅσον
659 984 855 1056 χρόνον
919 979 1042 1051 μεθ’
1086 976 1301 1030 ἑαυτῶν
1338 974 1525 1044 ἔχουσι
1554 972 1649 1025 τὸν
1682 987 1820 1040 νυμ-

210 1084 360 1152 φίον,
392 1081 457 1134 οὐ
487 1079 746 1133 δύνανται
777 1071 1086 1145 νηστεύειν.
1127 1067 1476 1123 Ἐλεύσονται
1524 1063 1620 1117 καὶ
1674 1062 1818 1133 ἡμέ-

212 1193 307 1247 ραι
343 1175 474 1226 ὅταν
525 1167 750 1240 ἀπαρθῇ
790 1167 885 1220 ἀπ’
937 1163 1120 1217 αὐτῶν
1160 1163 1189 1215 6
1245 1158 1505 1228 νυμφίος,
1545 1155 1643 1210 καὶ
1694 1154 1818 1206 τότε

209 1244 614 1335 νηστεύσουσιν
641 1262 699 1312 ἐν
725 1255 968 1318 ἐκείναις
999 1256 1121 1311 ταῖς
1148 1252 1409 1324 ἡμέραις.
1454 1269 1472 1302 ι
1510 1248 1620 1302 Καὶ
1646 1249 1696 1299 οἱ
1722 1244 1818 1297 τοῦ

223 1357 482 1410 Ἰωάννου
546 1351 789 1425 μαθηταὶ
840 1348 1200 1416 ἀτελέστερον
1268 1342 1647 1413 διακείμενοι,
1705 1340 1820 1400 τοῖς

225 1449 548 1511 Ἰουδαϊκοῖς
575 1445 836 1516 ἐνέμενον
870 1442 1086 1495 ἔθεσινο
1137 1437 1264 1492 ὅθεν
1300 1434 1701 1508 προσέρχονταί
1741 1449 1822 1484 τιο

213 1560 308 1606 νες
338 1541 418 1611 τῷ
449 1537 694 1610 Χριστῷ,
720 1538 802 1600 εἰς
837 1533 1151 1603 ὑπόδειγμα
1174 1531 1406 1593 τούτους
1437 1528 1688 1596 ἄγοντες,
1722 1524 1820 1578 καὶ

215 1635 546 1703 αίτιώμενοι
576 1630 720 1685 διατί
747 1629 798 1682 oi
834 1626 1082 1698 μαθηταὶ
1134 1622 1303 1678 αὐτοῦ
1366 1621 1427 1674 οὐ
1465 1618 1822 1688 νηστεύουσιν

215 1727 422 1796 ἐπίσης
454 1725 664 1786 αὐτοῖς.
714 1720 775 1775 Ὀ
799 1719 880 1788 δὲ,
921 1717 1019 1772 νῦν
1058 1716 1158 1789 μέν
1198 1719 1387 1785 φησιν,
1422 1711 1678 1780 Νυμφίος
1705 1710 1823 1777 είμὶ

215 1816 358 1886 ἐγὼ,
403 1817 499 1868 καὶ
525 1814 608 1867 δεῖ
638 1812 839 1874 αὐτοὺς
889 1810 1175 1880 εὐθυμεῖν,
1228 1809 1324 1860 καὶ
1368 1803 1444 1874 μὴ
1485 1800 1774 1872 νηστεύειν
1806 1815 1820 1827 ⁸

1921 597 2174 666 discipuli
2207 594 2437 649 Joannis
2461 602 2516 647 et
2542 592 2946 644 l’harismorum
2986 587 3273 653 j-iuuant,
3298 584 3373 637 ttti
3420 599 3521 636 an-

1921 699 2030 746 tetn
2063 689 2312 756 discipuli
2351 701 2454 740 non
2486 684 2780 754 jejunant?
2838 681 2903 734 Et
2951 680 3088 732 dixit
3142 677 3251 731 illis
3297 674 3461 731 Jesus
3505 690 3519 726 :

1921 782 2064 837 Num
2107 791 2339 851 possunt
2399 779 2493 832 lilii
2532 775 2756 830 thalami
2791 771 3068 842 nuptialis.
3121 770 3175 824 in
3229 784 3336 838 quo
3393 782 3516 820 cum

1923 875 2030 929 illis
2062 887 2298 943 sponsus
2327 867 2704 937 csujejunare
2731 865 2753 918 ἲ
2785 864 3040 930 Quan-Iiu
3090 875 3278 914 secum
3316 860 3522 912 habent

1921 981 2206 1037 sponsum,
2270 979 2376 1018 non
2438 971 2666 1031 possunt
2716 958 2992 1026 jejunare.
3052 952 3286 1006 \‘enient
3338 963 3519 1004 autem

1922 1059 2039 1113 dies
2065 1072 2187 1110 cum
2215 1054 2501 1108 auferetur
2530 1051 2598 1102 ab
2634 1049 2714 1103 eis
2741 1060 3000 1115 sponsus,
3035 1053 3090 1096 et
3138 1053 3267 1096 tunc
3309 1041 3525 1111 jejuna-

1922 1151 2058 1202 bunt
2087 1146 2141 1200 in
2171 1144 2277 1198 illis
2304 1144 2516 1202 diebus.
2557 1160 2574 1191 ι
2619 1136 2782 1210 184
2839 1134 3097 1204 Discipuli
3139 1132 3370 1208 Joannis
3418 1133 3516 1184 im-

1921 1240 2279 1313 pertectiores
2337 1237 2516 1290 adhuc
2578 1231 2826 1286 Judaicis
2870 1228 3113 1282 moribus
3169 1225 3461 1280 studebant
3508 1242 3523 1276 :

1923 1334 2067 1387 unde
2092 1329 2315 1398 quidam
2341 1325 2675 1380 accedebant
2703 1323 2769 1377 ad
2799 1321 3083 1376 Christum
3129 1319 3184 1372 in
3211 1318 3523 1388 exemplum

1925 1427 2074 1493 ipsus
2113 1419 2478 1490 prolerentes,
2521 1427 2575 1470 et
2609 1417 2874 1469 laxabant
2914 1429 3085 1482 quare
3116 1411 3370 1478 discipuli
3411 1411 3530 1480 ejtls

1927 1533 2030 1570 non
2065 1515 2398 1582 jejunarent,
2425 1511 2566 1564 sicut
2590 1508 2713 1577 ipsi.
2749 1508 2816 1561 At
2842 1507 2928 1560 hic
2956 1522 3101 1559 nunc
3129 1505 3347 1573 quidem
3370 1504 3526 1564 dicit,

1934 1608 2187 1676 Sponsus
2213 1620 2334 1658 sum
2368 1618 2494 1672 rgo,
2520 1610 2578 1656 et
2609 1610 2824 1670 Oportet
2856 1598 2979 1653 illos
3000 1601 3144 1652 bono
3169 1613 3291 1651 esse
3320 1598 3527 1659 animo,

1924 1711 1980 1754 et
2003 1715 2106 1753 non
2137 1697 2390 1767 jejunare
2429 1713 2444 1751 :
2479 1695 2569 1748 tibi
2595 1702 2777 1746 autem
2805 1705 2908 1759 ego
2939 1706 2969 1744 e
3021 1692 3128 1742 vita
3170 1693 3269 1742 hac
3319 1689 3532 1741 ablatus

1931 1792 2106 1851 fuero,
2147 1800 2281 1842 tunc
2307 1790 2564 1854 ingruerit
2598 1784 2956 1844 tentationes,
2987 1790 3040 1832 et
3097 1779 3428 1848 jejuuahunt
3469 1793 3533 1831 ai:

385 1907 630 1980 δὲάρθῶ
671 1904 786 1975 ἐγὼ
819 1867 940 1958 ’ἀπὸ
968 1867 1064 1956 τοῦ
1121 1867 1238 1971 βίου
1285 1867 1505 1960 τούτου,
1540 1867 1671 1947 ’τότε
1706 1910 1825 1945 πειο
1851 1867 1901 1927 Β

1851 1867 1901 1927 Β
1931 1882 2254 1951 aﬂligentur.
2305 1877 2546 1932 Proinde
2583 1890 2845 1945 Sponsum
2913 1873 3154 1939 seipsum
3190 1879 3371 1933 vocat,
3424 1883 3531 1920 non

222 2001 463 2072 ρασμοῖς
490 1997 912 2067 περιπεσόντες,
941 1994 1038 2047 καὶ
1082 1991 1449 2062 νηστεύσουσι
1500 1988 1598 2042 καὶ
1632 1985 1824 2056 ολιδή-

220 2111 440 2147 σονται.
479 2090 738 2162 Νυμφίον
769 2087 870 2160 μὲν
897 2081 991 2140 οὖν
1026 2085 1224 2138 ἐαυτὸν
1266 2081 1552 2153 ὀνομάζει,
1579 2081 1640 2134 οὐ
1667 2078 1824 2150 μόνον

221 2187 302 2249 ὡς
331 2185 752 2256 νυμφευόμενον
805 2180 906 2244 τὰς
947 2177 1256 2251 παρθένους
1301 2174 1502 2246 ψυχάς,
1546 2172 1685 2227 ἀλλὰ
1733 2172 1829 2224 καὶ

221 2277 363 2331 διότι
416 2280 444 2330 6
503 2275 698 2347 καιρός
745 2275 846 2345 τῆς
889 2269 1117 2342 πρώτης
1176 2267 1486 2338 παρουσίας
1533 2265 1723 2329 αὐτοῦ,
1767 2265 1830 2317 οὐ

227 2370 493 2435 πένθους,
550 2369 674 2422 οὐδὲ
708 2362 1177 2437 σκυθρωπότητός
1209 2363 1346 2414 ἐστι·
1381 2361 1494 2421 τοῖς
1540 2358 1619 2421 είς
1669 2358 1832 2411 αὐτὸν

229 2463 608 2524 πιστεύουσιν,
642 2461 765 2514 οὐδὲ
815 2461 1020 2519 κόπους
1072 2456 1236 2526 ἔχων,
1277 2451 1396 2506 ἀλλ’
1431 2451 1687 2514 εὐκόπως
1736 2453 1834 2504 καὶ

231 2556 408 2628 χωρὶς
441 2556 619 2625 ἔργων
649 2550 758 2604 τῶν
811 2548 907 2602 τοῦ
935 2548 1128 2618 νόμου,
1171 2544 1262 2598 διὰ
1304 2543 1399 2597 τοῦ
1453 2542 1835 2613 βαπτίσματος

231 2647 539 2702 ἀναπαύων
567 2645 738 2714 ἡμᾶς.
769 2643 929 2704 Doto;
957 2639 1066 2709 γὰρ
1087 2638 1249 2701 πόνος
1277 2633 1650 2707 βαπτίσασθαι
1676 2650 1690 2701 ;
1721 2633 1838 2686 ἀλλ’

232 2740 388 2809 ὅμως
442 2737 532 2789 διὰ
571 2735 667 2788 τοῦ
703 2732 969 2804 εὐχεροῦς
1014 2730 1231 2795 τούτου,
1270 2729 1548 2799 σωτηρίαν
1582 2727 1837 2796 εὑρίσκον

239 2847 365 2902 μεν.
398 2828 517 2881 Υἱοὶ
552 2827 610 2881 δὲ
643 2826 955 2896 νυμφῶνος,
990 2824 1041 2876 oi
1067 2821 1383 2882 ἀπόστολοι,
1423 2822 1498 2884 ὡς
1529 2819 1628 2890 τῆς
1665 2820 1839 2890 χαρᾶς

237 2921 335 2976 τοῦ
386 2921 596 2992 Κυρίου
628 2919 723 2972 καὶ
782 2917 938 2971 αὐτοὶ
981 2913 1432 2982 καταξιούμενοι,
1495 2911 1591 2965 καὶ
1641 2910 1842 2973 παντὸς

239 3011 574 3084 ἐπουρανίου
607 3011 819 3078 ἀγαθοῦ
854 3009 951 3061 καὶ
991 3008 1177 3078 πάσης
1203 3005 1402 3076 ἡδονῆς
1440 3003 1686 3073 μέτοχοι.
1709 3002 1840 3055 Νόει

239 3107 300 3160 δὲ
331 3107 426 3158 καὶ
456 3103 652 3166 οὕτως,
704 3103 787 3155 ὅτι
838 3102 945 3164 πᾶς
979 3100 1294 3169 ἄνθρωπος,
1349 3100 1479 3152 ὅταν
1508 3096 1610 3167 τὴν
1642 3096 1843 3166 ἀρετὴν

241 3197 572 3270 ἐργάζηται,
608 3195 721 3256 υίὸς
753 3193 1044 3264 νυμφῶνός
1070 3194 1237 3244 ἐστιν.
1287 3190 1430 3252 Ἕως
1482 3189 1581 3258 μὲν
1608 3185 1699 3240 οῦν
1734 3186 1846 3256 ἔχει

246 3293 369 3362 μεθ’
401 3289 600 3352 ἑαυτοῦ
632 3289 724 3341 τὸν
754 3286 991 3357 νυμφίον
1022 3284 1281 3354 Χριστὸν,
1307 3283 1367 3335 οὐ
1392 3281 1667 3353 νηστεύει,
1695 3297 1825 3332 τουτ

245 3390 418 3452 ἐστιν,
459 3387 520 3439 οὐ
588 3385 656 3437 τὰ
687 3383 785 3452 τῆς
813 3379 1104 3450 μετανοίας
1134 3378 1272 3448 ἔργα
1297 3375 1688 3428 ἐπιδείκνυται.
1723 3373 1849 3433 Πῶς

245 3480 359 3549 γὰρ
391 3480 418 3530 6
451 3476 526 3546 μὴ
553 3473 761 3528 πταίων
786 3488 801 3536 ;
830 3472 1002 3526 Ὅταν
1024 3468 1237 3541 δὲάρθῇ
1263 3469 1358 3521 ἀπ’
1382 3465 1548 3520 αὑτοῦ
1571 3467 1599 3518 6
1616 3464 1850 3536 νυμφίος

247 3571 512 3641 Χριστὸς,
558 3568 638 3630 εἱς
694 3563 980 3636 ἁμαρτίαν
1014 3561 1219 3632 δηλαδὴ
1253 3557 1674 3628 όλισθήσαντος,
1727 3554 1850 3607 τότε

250 3662 509 3736 νηστεύει
545 3662 641 3714 καὶ
667 3659 940 3730 μετανοεῖ,
970 3655 1056 3708 ἵνα
1083 3654 1182 3724 τὴν
1212 3650 1497 3723 ἁμαρτίαν
1531 3650 1777 3719 ἰάσηται.

330 3777 349 3809 ι
389 3755 580 3817 Οξιδεὶς
611 3751 898 3820 ἐπίϐλημα
949 3748 1152 3820 ῥάκους
1210 3745 1460 3813 ἀγνάφου
1520 3743 1854 3813 ἐπιῤῥάπτει

251 3851 349 3905 ἐπὶ
384 3848 586 3919 ίματίῳ
614 3842 851 3913 παλαιῷ,
893 3842 941 3894 εί
967 3839 1024 3892 δέ
1059 3839 1156 3911 μὴ,
1190 3836 1417 3908 αίρειτὺ
1444 3835 1721 3906 πλήρωμα
1757 3832 1858 3884 αὐ-

250 3942 349 3998 τοῦ
389 3943 450 3995 τὸ
486 3939 676 3993 καινὸν
705 3935 802 3990 τοῦ
830 3933 1093 3996 παλαιοῦ,
1125 3932 1222 3983 καὶ
1253 3933 1437 4000 χεῖρον
1471 3930 1680 3999 σχίσμα
1714 3927 1860 3994 γίνε-

252 4058 369 4094 ται.
425 4039 535 4092 Καὶ
568 4036 744 4098 οὐδεὶς
803 4031 988 4103 βάλλει
1045 4025 1192 4083 οἶνον
1225 4028 1347 4081 νέον
1377 4027 1458 4090 εἰς
1513 4026 1718 4085 ἀσκοὺς
1755 4041 1859 4075 ποι⁹

256 4129 468 4192 λαιούς·
500 4127 549 4180 εἰ
588 4126 646 4178 δὲ
681 4123 778 4195 μὴ,
809 4123 1004 4193 ρήσσει
1035 4123 1063 4174 6
1117 4119 1237 4180 νέος
1264 4119 1394 4181 τοὺς
1435 4116 1665 4177 ἀσκοὺς,
1699 4116 1794 4166 καὶ
1834 4114 1862 4164 6

255 4219 404 4284 οἶνος
436 4221 704 4291 ἐκχεῖται,
739 4217 834 4269 καὶ
880 4216 931 4267 οἱ
966 4213 1127 4266 ἀσκοὶ
1168 4209 1521 4264 ἀπολοῦνται·
1559 4206 1696 4260 ἀλλὰ
1719 4201 1862 4257 οἶνον

259 4316 384 4368 νέον
407 4314 486 4373 εἰς
522 4309 728 4369 ἀσκοὺς
756 4305 980 4366 καινοὺς
1032 4303 1282 4374 βλητέον.
1331 4319 1349 4352 ι
1391 4301 1632 4368 Ὥσπερ,
1674 4301 1862 4369 φησὶν,

262 4407 311 4458 εἰ
342 4404 507 4475 ῥάκος
540 4399 809 4468 άγναφον,
842 4396 1099 4447 τουτέστι
1122 4393 1333 4457 καινὸν,
1370 4389 1698 4462 ἐπιϐληθείη
1741 4390 1869 4458 ίμα-

262 4497 365 4567 τίῳ
401 4491 642 4560 παλαιῷ,
667 4489 1026 4558 διαρρήγνυσι
1050 4483 1212 4537 τοῦτο
1232 4486 1299 4554 τῇ
1319 4482 1499 4552 οἰκεία
1519 4483 1864 4552 στερρότητι,

1929 1977 2108 2031 Solum
2143 1973 2286 2043 quod
2317 1972 2612 2038 despouset
2643 1967 2882 2034 virgines
2917 1959 3149 2025 animas,
3183 1966 3278 2015 sed
3307 1971 3363 2014 et
3390 1962 3533 2027 quod

1935 2079 2146 2137 tempus
2200 2062 2359 2134 pritni
2420 2061 2501 2113 sui
2549 2060 2838 2118 adventus,
2898 2070 3001 2107 non
3057 2066 3272 2120 tempus
3323 2051 3526 2110 luctus,

1931 2174 2112 2229 neque
2140 2153 2484 2212 austeritatis
2516 2163 2601 2206 est
2638 2151 2705 2203 iis
2730 2150 2822 2218 qui
2859 2149 2913 2201 in
2956 2147 3106 2200 illum
3142 2147 3396 2206 credunt,
3435 2158 3532 2195 ιω-

1935 2258 2041 2324 que
2075 2253 2293 2307 labores
2327 2248 2555 2309 habens,
2586 2245 2679 2298 sed
2724 2242 2886 2297 facile
2935 2250 2990 2295 et
3027 2237 3234 2306 absque
3277 2236 3539 2305 operibus

1939 2342 2070 2411 legis
2106 2355 2203 2409 per
2240 2337 2576 2404 baptismum
2625 2331 2938 2387 relocillaias
2989 2344 3110 2384 nos.
3155 2327 3344 2393 Qualis
3392 2327 3540 2379 enim

1939 2432 2093 2486 labor
2127 2428 2436 2500 baptizari?
2469 2437 2712 2480 attamen
2763 2437 2860 2492 per
2892 2421 3078 2475 facilia
3138 2421 3254 2473 hzre
3301 2419 3538 2472 salutem

1939 2523 2357 2592 consequimur.
2383 2519 2506 2573 Filii
2544 2527 2726 2570 autem
2761 2513 3010 2576 thalami,
3055 2510 3308 2579 apostoli,
3357 2517 3544 2576 utpote

1941 2630 1995 2669 et
2033 2616 2135 2685 ipsi
2176 2613 2519 2668 Dominicum
2559 2609 2817 2680 gaudium
2847 2605 3087 2661 assecuti
3120 2614 3172 2658 et
3207 2603 3387 2656 omnis
3421 2614 3537 2654 cut-

1944 2703 2245 2760 leStishoni
2283 2717 2347 2755 ac
2387 2699 2686 2770 voluptatis
2727 2697 2897 2752 totius
2947 2695 3264 2762 participes.
3300 2691 3547 2760 Intellige

1943 2811 2126 2850 autem
2155 2806 2207 2847 et
2241 2794 2321 2847 sic
2363 2792 2506 2861 quod
2569 2789 2749 2844 omnis
2793 2790 2979 2850 homo,
3019 2786 3238 2855 quando
3285 2788 3545 2836 virtutem

1945 2901 2226 2959 operatur,
2273 2885 2415 2939 lilius
2450 2894 2533 2938 est
2558 2882 2782 2935 thalami
2841 2880 3122 2947 nuptialis.
3154 2877 3408 2942 Quandiu
3439 2875 3544 2944 igi-

1950 2994 2035 3036 tur
2059 2982 2309 3035 habuerit
2359 2994 2547 3033 secum
2592 2991 2854 3044 Sponsum
2916 2973 3222 3033 Christum,
3276 2970 3555 3038 11011]ι⁸]ῑ1σ

1952 3089 2064 3141 na=,
2099 3075 2200 3128 hoc
2232 3082 2336 3136 cst,
2376 3087 2482 3124 non
2511 3068 2753 3124 ostendit
2803 3081 2970 3135 opera
3011 3064 3352 3133 ptenitentize
3387 3078 3399 3113 :
3444 3077 3542 3114 ue-

1951 3185 2058 3236 que
2097 3167 2242 3220 enim
2308 3163 2507 3219 cecidit
2561 3159 2830 3230 :qnando
2890 3167 3073 3211 autem
3119 3158 3184 3210 ah
3233 3170 3299 3208 eo
3340 3155 3552 3208 ablatus

1956 3260 2120 3314 luerit
2152 3258 2432 3320 Christus,
2485 3253 2886 3325 prolapsusque
2928 3250 3092 3303 fuerit
3136 3250 3188 3302 iii
3248 3258 3553 3318 pecudum,

1955 3365 2083 3409 tunc
2114 3354 2349 3424 jejnnat,
2384 3359 2437 3406 et
2465 3349 2843 3419 ptenitentiam
2875 3344 3010 3416 agit,
3045 3355 3102 3397 ut
3132 3359 3160 3396 a
3197 3351 3424 3412 peccato
3464 3354 3562 3394 sa-

1955 3460 2135 3504 netur.

2031 3742 2202 3798 VERS.
2233 3737 2433 3794 20-92.
2473 3754 2491 3788 ι
2532 3733 2599 3788 Ει
2651 3748 2813 3788 nemo
2859 3743 3237 3787 assumeutum
3274 3731 3435 3801 parui
3472 3747 3561 3786 ru-

1963 3840 2048 3893 dis
2075 3835 2246 3891 assuit
2275 3831 2609 3886 vestimento
2642 3828 2809 3882 veteri
2856 3845 2868 3880 :
2914 3825 3155 3896 alioquin
3207 3825 3388 3879 aufert
3433 3841 3567 3897 sup-

1964 3931 2295 4002 plementum
2331 3924 2452 3993 t-jus
2483 3936 2684 3975 novum
2720 3935 2751 3974 a
2797 3919 2992 3982 veteri,
3032 3928 3086 3972 et
3120 3921 3272 3987 pejor
3330 3919 3567 3973 scissura

1966 4025 2044 4080 lit.
2079 4023 2144 4076 Et
2174 4034 2332 4074 nemo
2352 4016 2516 4071 tnittit
2541 4015 2726 4067 vinum
2761 4021 3002 4066 mustum
3039 4013 3089 4064 in
3127 4020 3278 4063 utres
3309 4018 3526 4065 veteres
3555 4027 3571 4062 :

1968 4116 2167 4183 alioqui
2213 4111 2505 4178 disrumpit
2548 4109 2730 4162 vinum
2782 4116 3020 4161 tnustum
3059 4116 3232 4168 utres,
3267 4114 3322 4158 et
3384 4104 3571 4156 vinum

1968 4209 2290 4269 ellunditur,
2327 4217 2381 4259 et
2416 4215 2570 4258 utres
2597 4209 2825 4271 pereunt
2857 4217 2871 4252 :
2903 4201 2995 4253 sed
3029 4201 3216 4252 vinum
3251 4208 3492 4249 mustum
3523 4198 3576 4248 in

1973 4313 2122 4356 utres
2184 4314 2353 4353 novos
2417 4298 2554 4350 mitti
2609 4295 2791 4349 debet.
2837 4311 2855 4343 ι
2923 4290 3432 4358 Quemadmodum,
3492 4289 3578 4341 in-

1971 4395 2114 4465 quit,
2152 4408 2364 4463 pannus
2398 4390 2566 4460 rudis,
2605 4389 2706 4440 hoc
2739 4397 2821 4439 est
2869 4399 3064 4448 novus,
3116 4384 3162 4436 si
3199 4392 3454 4435 assuatur
3486 4397 3578 4432 γε·

1977 4490 2239 4542 stimento
2275 4486 2466 4550 veteri,
2524 4499 2621 4536 sua
2661 4479 2922 4534 lirmitate
2983 4478 3111 4531 illud
3163 4477 3444 4537 discindit,
3497 4479 3577 4530 vi-

263 4587 408 4652 οἶνός
432 4604 494 4640 τε
539 4585 660 4646 νέος
693 4585 755 4652 τῇ
787 4579 956 4635 αὐτοῦ
988 4578 1290 4650 θερμότητι
1349 4577 1476 4639 τούς
1526 4574 1735 4637 ἀσκοὺς
1767 4591 1870 4626 πα·
1904 4576 1954 4635 ι)

1904 4576 1954 4635 D
1986 4593 2224 4647 numque
2256 4592 2453 4632 novum
2491 4589 2586 4628 sua
2616 4574 2944 4627 aestuatione
2989 4580 3141 4623 utres
3190 4579 3406 4621 veteres
3462 4567 3572 4621 dis-

264 4683 458 4745 λαιούς
501 4680 852 4751 διαρῤήσσει,
884 4675 1030 4727 οὓτω
1077 4673 1173 4726 καὶ
1201 4671 1252 4723 oi
1303 4670 1546 4741 μαθηταί
1582 4686 1685 4739 μου
1721 4668 1876 4722 οὐπω

269 4777 566 4847 γεγόνασιν
595 4771 827 4842 ἰσχυροὶ,
858 4767 1007 4847 ὥστε
1021 4768 1116 4820 ἐὰν
1149 4764 1482 4836 βαρήσωαιεν
1505 4763 1726 4827 αὐτοὺς,
1757 4761 1880 4832 βλά-

269 4838 475 4940 ιξιομεν.
514 4838 771 4925 [Ιαλαιοῖς
797 4860 907 4930 γὰρ
939 4838 1183 4912 ἐοίκασιν
1220 4857 1482 4928 ἱματίοις,
1508 4855 1597 4909 διὰ
1623 4856 1687 4908 τὸ
1719 4855 1880 4909 ἀσθεο

272 4964 365 5022 νές
398 4958 497 5027 τῆς
528 4954 708 5008 αὐτῶν
741 4951 989 5022 γνώμης.
1023 4949 1099 5002 Οὐ
1134 4947 1243 5020 χρὴ
1293 4943 1388 5000 οῦν
1433 4945 1749 4999 ἐπιϐάλλειν
1784 4944 1882 4998 αὐο

273 5058 388 5116 τοῖς
430 5052 492 5103 τὸ
523 5049 619 5118 τῆς
670 5045 926 5117 νηστείας
971 5042 1111 5113 βαρῦ
1175 5041 1459 5110 ἐπίταγμα
1489 5057 1503 5069 ⁸
1538 5039 1571 5110 ἢ
1604 5037 1700 5091 καὶ
1739 5036 1883 5091 οὕτω

279 5149 510 5216 νοήσαις
533 5158 549 5173 ’
613 5141 675 5196 ΟΞ
706 5139 803 5195 τοῦ
856 5135 1098 5209 Χριστοῦ
1135 5135 1377 5205 μαθηταὶ
1409 5135 1590 5186 καινοὶ
1621 5133 1797 5198 ὄντες,
1824 5134 1883 5185 οὐ

277 5241 542 5294 δύνανται
573 5233 853 5289 δουλεύειν
880 5230 1131 5292 παλαιοῖς
1154 5229 1303 5282 ἔθεσι
1339 5228 1436 5282 καὶ
1461 5228 1666 5297 νόμοις.

364 5353 382 5386 t
460 5333 571 5384 Καὶ
635 5329 857 5396 ἐγένετο
903 5320 1399 5394 παραπορεύεσθαι
1442 5321 1606 5373 αὐτὸν
1653 5321 1712 5371 ἐν
1773 5321 1888 5382 τοῖς

286 5423 536 5480 Σάὅὸασι
571 5421 660 5474 διὰ
678 5418 788 5471 τῶν
832 5415 1144 5486 σπορίμων,
1176 5414 1269 5467 καὶ
1298 5412 1536 5484 ἤρξαντο
1561 5413 1610 5464 οἱ
1647 5410 1890 5481 μαθηταὶ

284 5514 458 5572 αὐτοῦ
488 5512 778 5575 ὁδοποιεῖν,
816 5508 1094 5571 τίλλοντες
1121 5508 1250 5570 τοὺς
1281 5506 1543 5575 στάχυας,
1575 5504 1670 5556 καὶ
1702 5505 1750 5556 οἱ
1779 5505 1891 5556 Φα-

295 5612 502 5681 ρισαῖοι
536 5607 724 5673 ἔλεγον
748 5601 900 5674 αὐτῷ
924 5618 939 5633 ⁸
976 5603 1085 5655 Ἴδε
1119 5601 1173 5653 τί
1225 5599 1473 5653 ποιοῦσιν
1501 5601 1559 5650 ἐν
1603 5601 1716 5661 τοῖς
1748 5596 1890 5650 Σάϐ-

286 5699 455 5752 (ἶασιν
486 5698 514 5750 ὃ
546 5697 648 5749 οὐκ
675 5695 896 5761 egeo-4;
927 5695 1034 5747 Καὶ
1087 5691 1253 5755 αὐτὸς
1297 5691 1486 5759 ἔλεγεν
1536 5691 1720 5751 αὐτοῖς
1740 5705 1752 5717 ·
1788 5689 1892 5742 Θῦ-

288 5789 488 5845 δὲποτε
521 5787 792 5855 ἀνέγνωτε
830 5789 880 5838 τί
911 5786 1137 5854 ἐποίησε
1193 5784 1359 5837 Δαόὶδ
1398 5785 1485 5836 ὅτε
1519 5783 1712 5855 χρείαν
1745 5782 1894 5852 ἔσχε,

296 5883 392 5938 καὶ
421 5883 707 5937 ἐπείνασεν
739 5881 903 5944 αὐτδς
946 5880 1040 5934 ut
1077 5882 1122 5932 οί
1158 5880 1280 5949 μετ’
1306 5879 1472 5933 αὐτοῦ
1505 5897 1518 5944 ;
1558 5881 1670 5943 πῶς
1713 5880 1894 5950 εἰσῆλ-

1985 4673 2190 4740 rumpit
2225 4689 2239 4725 :
2272 4670 2353 4726 sic
2371 4669 2534 4722 etiam
2571 4664 2820 4734 discipuli
2853 4663 2957 4716 mei
2993 4663 3234 4715 nondum
3282 4661 3408 4716 lacti
3446 4671 3584 4715 sunt

1985 4767 2154 4821 fortes
2185 4783 2198 4821 :
2236 4765 2419 4833 itaque
2452 4763 2493 4816 si
2530 4775 2834 4831 gravavero
2885 4757 3056 4826 ipsos,
3091 4754 3232 4808 tiﬂ'en
3258 4757 3385 4809 iam.
3427 4753 3583 4809 Vete-

1987 4859 2136 4913 ribus
2171 4859 2316 4910 euitn
2373 4854 2719 4908 vestimentis
2751 4849 2959 4905 similes
3027 4858 3173 4914 sunt,
3209 4849 3279 4902 ob
3342 4848 3587 4916 ipsorum

1988 4949 2157 5005 animi
2195 4947 2650 5003 imbecillitatem.
2678 4943 2794 4997 Non
2829 4952 3045 5011 Oportet
3082 4943 3244 5012 igitur
3283 4941 3404 4996 illos
3439 4944 3590 5011 gravi

1985 5041 2321 5114 jejuniorum
2371 5047 2644 5110 przecepto
2674 5049 2930 5090 onerare.
2964 5034 3063 5088 Vel
3098 5035 3262 5087 etiam
3310 5033 3390 5087 sic
3431 5033 3591 5087 intelo

1991 5137 2132 5207 lige:
2176 5133 2433 5203 Discipuli
2474 5131 2704 5194 Christi,
2747 5144 2872 5182 cum
2907 5128 3016 5181 sint
3051 5130 3197 5193 novi,
3222 5142 3329 5182 non
3368 5137 3596 5194 possunt

1992 5230 2204 5284 servire
2241 5230 2439 5297 priscis
2471 5227 2718 5280 moribus
2748 5235 2803 5279 et
2831 5224 3060 5295 legibus.

2066 5321 2233 5374 Vens.
2267 5319 2463 5375 23-28.
2505 5336 2521 5368 t
2567 5317 2630 5370 Et
2673 5316 2874 5370 accidit
2911 5323 2967 5368 ut
3017 5314 3277 5369 transiret
3344 5313 3602 5387 Sabbatis

1998 5431 2092 5482 per
2121 5424 2355 5483 si-getes,
2403 5421 2457 5465 et
2503 5418 2791 5478 cmperuut
2851 5407 3108 5474 discipuli
3142 5405 3259 5474 ejus
3293 5408 3435 5459 inter
3459 5407 3600 5459 viam

1999 5509 2203 5562 vellere
2231 5505 2434 5576 spiras,
2484 5513 2539 5559 et
2571 5502 2836 5557 Pharisaei
2877 5501 3134 5556 dicebant
3173 5501 3220 5554 ei
3263 5499 3466 5563 :Ecce,
3507 5515 3608 5552 cur

2001 5602 2207 5656 faciunt
2237 5598 2494 5654 Sabbatis
2523 5598 2665 5667 quod
2715 5612 2825 5650 non
2883 5594 3045 5649 licet?
3085 5595 3151 5648 Et
3196 5595 3311 5663 ipse
3342 5593 3419 5645 ait
3449 5592 3555 5645 illis
3591 5610 3604 5644 :

2001 5695 2289 5765 Nunquam
2348 5694 2559 5764 legistis
2611 5691 2744 5761 qttid
2807 5688 3003 5744 fecerit
3064 5688 3255 5752 Dav-id,
3299 5701 3423 5739 cuin
3475 5699 3611 5756 opus

2009 5795 2255 5855 haberet,
2293 5801 2344 5846 et
2385 5789 2622 5845 esmiret
2652 5789 2768 5856 ipsc
2803 5799 2854 5842 et
2882 5788 2970 5855 qui
3003 5802 3125 5841 cum
3155 5803 3219 5839 eo
3242 5783 3441 5838 erant?
3471 5799 3612 5854 quo-

2012 5887 2171 5942 modo
2225 5885 2501 5957 itigrt‘san
2544 5883 2613 5938 sit
2669 5883 2718 5936 in
2779 5881 2998 5936 domum
3069 5880 3159 5935 Dei
3214 5879 3614 5936 subAhiathat’
