4298 6446
297 426 398 492 521

1010 410 1464 478 ENARRATIO
1503 409 1587 472 IN
1624 405 2128 473 EVANGELI'JM
2173 405 2440 469 MARCI.
2463 430 2533 443 -
2561 403 2723 468 CAP.
2768 403 2884 466 III.

3466 404 3573 475 522

299 550 536 606 γματος.
580 528 871 586 Ἐπιπλέον
917 525 976 581 δι
1033 525 1234 589 αὐτοὺς
1291 522 1388 579 καὶ
1441 521 1537 576 νῦν
1584 520 1883 594 ἐντρὺτων,
1919 525 1996 589 ΑΙ

1919 525 1961 585 Α
1992 518 2100 589 puli
2150 517 2288 589 ejus,
2335 527 2393 574 ut
2422 526 2475 572 ct
2497 516 2630 587 ipse
2663 523 2916 606 operetur
2947 513 3002 572 In
3038 512 3125 570 die
3160 511 3383 570 Sabbati
3413 515 3581 572 mira.

304 625 737 699 θαυματουργεϊ,
764 618 1026 676 δεικνύων
1055 619 1164 687 δτι,
1196 615 1470 672 Τοσοῦτον
1498 614 1600 685 οὐχ
1633 613 1886 686 ἀμαρτάο

299 736 486 774 νουσιν
507 718 557 772 οί
588 711 827 786 μαθηταί
860 727 986 782 μου,
1010 710 1154 765 ὥστε
1181 708 1278 765 καὶ
1319 707 1485 771 αὐτὸς
1513 706 1626 777 ἐγὼ
1655 703 1887 776 ἐργάζο-

301 827 403 881 μαι
435 811 491 863 ἐν
523 811 590 880 τῇ
640 805 828 877 ἡμέρα
864 801 960 856 τοῦ
995 800 1298 866 Σαϐϐἀτου,
1347 798 1548 868 θαῦμα.
1580 793 1888 853 ἐπιδεικνύ-

303 915 500 971 μενος⁸
531 898 673 955 ὥστε
711 897 761 949 ει
814 894 987 949 κακόν
1020 894 1138 950 ἐστι
1164 891 1229 946 τδ
1273 891 1738 963 θαυματουργετν,
1771 888 1888 944 ἐστι

301 994 480 1048 κακὸν
512 987 702 1052 ἁπλῶς
733 991 828 1041 καὶ
861 987 924 1043 τὸ
961 982 1296 1057 ἐργάζεσθαι
1322 983 1394 1038 τά
1425 983 1699 1051 ἀναγκαία
1728 982 1788 1036 ἐν
1810 981 1887 1052 τῷ

298 1084 582 1152 Σαϐϐάτῳ·
615 1080 754 1135 ἀλλὰ
782 1079 890 1151 μὴν
910 1078 973 1132 τδ
997 1075 1464 1147 θαυματουργεω.
1515 1073 1610 1128 ἐπὶ
1642 1072 1890 1145 σωτηρίᾳ

296 1169 614 1242 ἀνθρώπου,
646 1169 790 1222 θεῖόν
821 1170 970 1221 ἐστιν
995 1206 1010 1233 ,
1037 1165 1141 1219 οὐκ
1169 1163 1281 1234 ἀρα
1315 1162 1628 1233 παρανομεῖ
1669 1161 1699 1212 ὁ
1726 1161 1785 1212 ἐν
1808 1158 1891 1228 τῷ

298 1261 570 1331 Σαϐϐάτῳ
607 1259 684 1333 μὴ
716 1260 886 1313 κακόν
935 1275 988 1312 τι
1031 1255 1425 1326 ἐργαζόμενος.
1464 1253 1562 1311 Διά
1605 1251 1766 1305 τοῦτο
1797 1247 1892 1308 οὖν

297 1357 397 1407 καὶ
418 1354 598 1425 ἐρωτᾷ
619 1352 818 1416 αὐτοὺς
844 1353 894 1404 εί
920 1349 1134 1416 ἔξεστιν
1155 1346 1583 1416 ἀγαθοποιῆσαι,
1609 1345 1890 1415 ἐντρέπων

301 1445 509 1506 αὐτοὺς
543 1445 619 1512 ὡς
657 1442 968 1504 κωλύοντας
1015 1440 1184 1496 αὐτὸν
1216 1438 1330 1494 ἀπὸ
1366 1437 1461 1491 τοῦ
1505 1433 1888 1506 ἀγαθοποιεῖν·

299 1537 480 1608 ξηρὰν
507 1539 564 1591 δὲ
591 1538 705 1608 ἔχει
735 1537 834 1608 τὴν
863 1533 1019 1605 χεῖρα
1055 1533 1154 1605 τὴν
1184 1531 1368 1600 δεξιὰν
1398 1531 1510 1594 πᾶς
1537 1531 1566 1582 6
1603 1528 1679 1600 μὴ
1715 1527 1892 1598 πράτ-

1990 608 2174 666 culum
2217 608 2423 665 faciens
2452 626 2466 664 :
2502 609 2574 663 ita
2615 615 2674 662 ut
2702 608 2748 664 si
2776 605 2979 667 malum
3000 607 3069 662 sit
3098 606 3312 676 operari
3344 607 3582 664 miracuo

1991 701 2128 773 lum,
2144 700 2466 772 simpliciter
2485 699 2687 761 malum
2706 697 2948 757 futurum
2974 697 3046 754 sit
3066 711 3230 768 opera
3240 713 3281 751 τι
3301 698 3465 770 ιω
3489 711 3586 755 ne—

1991 807 2143 848 cesse
2158 792 2237 846 ria
2259 791 2313 846 in
2338 788 2577 849 Sabbato
2600 807 2614 857 ;
2635 790 2728 844 sed
2744 787 3064 843 miraculum
3078 786 3261 844 facere
3285 788 3338 842 in
3352 789 3581 846 salutem

1993 881 2252 944 hominis,
2296 881 2537 935 divinum
2565 891 2649 936 est
2684 897 2696 933 :
2732 893 2839 941 non
2871 879 3038 949 igitur
3071 879 3464 948 praevaricatur
3493 881 3589 951 qui

1994 975 2050 1030 in
2109 972 2348 1030 Sabhato
2394 975 2540 1044 quod
2592 972 2794 1027 malum
2835 981 3071 1038 nonest,
3127 981 3411 1043 operatur.
3458 972 3593 1030 Pro-

1994 1077 2179 1140 pterea
2216 1066 2717 1137 etiam'int‘errogat
2747 1065 2868 1122 illos
2902 1081 3032 1121 num
3058 1066 3219 1122 liceat
3242 1065 3588 1136 benefacere,

1996 1167 2191 1228 notans
2212 1171 2308 1212 eos
2341 1164 2400 1210 ut
2430 1156 2748 1211 benefacere
2788 1170 2913 1211 eum
2950 1155 3327 1226 prohibentes.
3365 1157 3588 1217 Aridam

1997 1258 2178 1304 autem
2222 1248 2503 1303 dexteram
2547 1249 2725 1303 omnis
2757 1248 2920 1304 habet
2947 1249 3037 1318 qui
3061 1263 3226 1319 opera
3257 1264 3447 1306 eorum
3485 1266 3592 1312 non

1999 1338 2131 1394 facit
2161 1339 2252 1407 qui
2288 1342 2355 1393 ad
2384 1339 2662 1398 dexteram
2697 1348 2908 1409 partem
2956 1343 3251 1410 pertinent.
3306 1342 3388 1396 Ad
3430 1358 3593 1414 quem

1998 1433 2252 1490 Christus
2297 1434 2454 1498 dicit,
2485 1434 2761 1499 Excitare,
2799 1435 2903 1490 hoc
2940 1443 3044 1497 est,
3079 1434 3258 1506 Surge
3286 1451 3317 1491 a
3350 1446 3600 1507 peccato,

1998 1537 2052 1582 et
2075 1536 2156 1582 sta
2183 1527 2235 1582 in
2277 1527 2476 1591 medio,
2514 1527 2617 1582 hoc
2642 1535 2725 1582 est
2782 1528 2835 1582 in
2889 1528 3268 1585 mediocritate
3307 1532 3594 1591 virtutum.

298 1647 413 1683 sunt
441 1629 511 1683 τὰ
539 1630 637 1698 τῆς
667 1627 849 1693 δεξιᾶς
903 1625 1122 1698 μερίδος
1155 1623 1316 1694 ἔργα.
1371 1612 1516 1693 Πρὸς
1555 1619 1615 1674 ὃν
1664 1619 1818 1688 λέγει
1865 1620 1895 1671 ὁ

298 1721 560 1790 Χριστός’
589 1720 868 1792 Ἐγειραι,
890 1717 1196 1783 τουτέστιν,
1213 1714 1450 1771 ’Δνάστα
1471 1710 1580 1766 ἀπὺ
1599 1709 1699 1782 τῆς
1714 1710 1899 1781 ἀμαρ-

2001 1705 2055 1762 in
2108 1707 2401 1774 defectum,
2453 1724 2631 1784 neque
2682 1711 2738 1764 in
2785 1725 3072 1766 excessum
3133 1712 3389 1768 declinat.
3448 1715 3602 1770 Tunc

298 1814 446 1878 τίας,
495 1814 590 1867 καὶ
621 1811 780 1882 στῆθι
826 1811 906 1874 είς
940 1809 1002 1863 τὸ
1058 1808 1249 1880 μέσον,
1300 1806 1610 1870 τουτέστιν,
1661 1806 1742 1867 εις
1794 1803 1896 1873 τὴν

2001 1803 2168 1874 igitur
2203 1804 2421 1872 quando
2445 1816 2506 1858 se
2533 1803 2724 1857 statuit
2770 1803 2824 1856 in
2853 1803 3309 1870 mediocritatem,
3350 1807 3603 1862 restitui-

303 1902 583 1973 μεσότητα
615 1901 730 1956 τῶν
759 1899 992 1972 ἀρετῶν.
1029 1900 1193 1954 Πᾶσα
1229 1896 1341 1966 γὰρ
1390 1893 1562 1967 ἀρετὴ
1587 1934 1605 1961 ,
1650 1890 1886 1963 μεσότης
1921 1889 1964 1950 Β
1997 1905 2000 1947 ι

1921 1889 1964 1950 Β
1997 1904 2086 1950 tur
2133 1894 2356 1950 dextera
2409 1894 2461 1948 ei
2509 1908 2662 1952 sana.
2707 1892 2839 1951 Vide
2897 1905 3078 1950 autem
3153 1899 3298 1966 quod
3343 1898 3500 1966 dicit,
3531 1897 3599 1953 Et

299 1995 478 2059 ἐστὶν,
513 1992 637 2065 οὔτε
665 1994 746 2058 είς
775 1994 874 2064 τὴν
906 1975 1167 2061 ἔλλειψιν,
1197 1988 1322 2044 οὔτε
1349 1987 1552 2058 είςτὴν
1580 1983 1888 2058 ὑπερϐολὴν

2000 1986 2254 2040 restituta
2303 1994 2407 2041 est.
2455 1983 2628 2040 Erant
2660 1986 2810 2041 enim
2859 1986 2988 2042 olim
3018 1987 3179 2045 nobis
3207 2004 3355 2046 same
3385 2008 3601 2058 manus,

303 2086 653 2141 ἐπινεύουσαο
690 2088 810 2144 τότε
839 2087 1028 2142 τοίνυν
1060 2087 1194 2141 ὅταν
1235 2083 1411 2152 σταθῇ
1465 2081 1545 2154 εἰς
1581 2079 1684 2151 τὴν
1725 2077 1888 2149 μεσό-
1998 2123 2000 2130 ι

1998 2076 2102 2134 hoc
2123 2085 2208 2134 est
2257 2076 2442 2133 efﬁcax
2467 2078 2641 2133 virtus
2665 2079 2966 2149 operativa,
2996 2082 3212 2151 quando
3238 2086 3478 2140 nonduin
3505 2085 3609 2141 fuit

2000 1615 2191 1674 Omnis
2233 1619 2377 1674 enim
2409 1618 2582 1674 virtus
2630 1619 2980 1674 mediocritas
3009 1627 3114 1685 est,
3145 1635 3210 1675 eo
3240 1623 3384 1691 quod
3418 1638 3598 1692 neque

299 2197 468 2252 τητα,
506 2179 1154 2252 ἀποκατασταθήσεταιή
1186 2179 1312 2249 χεὶρ
1336 2173 1504 2233 αὐτοῦ
1531 2173 1716 2245 ὑγιής.
1744 2173 1889 2244 Ὅρα

2006 2172 2394 2241 transgressio.
2440 2171 2542 2228 Ubi
2571 2181 2752 2231 autem
2788 2183 3008 2230 extenta
3041 2184 3127 2231 est
3151 2178 3384 2234 .dextera
3419 2189 3603 2239 nostra

298 2274 360 2326 δὲ
410 2277 507 2328 καὶ
554 2275 618 2328 τὸ
671 2271 1143 2341 lacunosae-:1.
1179 2269 1426 2340 Καὶτγὰρ
1457 2263 1526 2339 ἦν
1552 2267 1642 2320 ὅτε
1674 2265 1897 2336 είχομεν

2008 2264 2077 2337 ad
2131 2263 2373 2322 frucwm
2417 2265 2780 2336 prohibitum,
2842 2280 2972 2325 tunc
3007 2284 3258 2326 arescere
3315 2273 3482 2344 cmpit
3540 2275 3607 2329 ad

302 2365 482 2434 ὑγιεῖς
517 2365 620 2430 τὰς
653 2368 865 2437 χεῖρας,
896 2363 1169 2428 τουτέστι,
1223 2358 1694 2434 τὴνπρακτικὴν
1741 2357 1898 2428 ἐνερ-

2007 2358 2383 2426 operationem
2457 2359 2622 2428 boni.!_
2671 2356 3015 2416 Restiluetur
3069 2361 3236 2433 igitur
3297 2363 3494 2418 iterum
3555 2365 3608 2421 in

303 2473 483 2525 γειαν,
519 2457 609 2511 ὅτε
652 2458 810 2512 οθπω
839 2455 1190 2528 παράϐασις·
1245 2451 1343 2521 ἀφ’
1379 2445 1442 2505 οὗ
1470 2451 1531 2505 δέ
1572 2448 1840 2520 ἐξετάσθη
1864 2449 1900 2521 ἡ

2010 2449 2297 2522 pristinam
2344 2450 2656 2519 sanitatem,
2691 2467 2814 2508 cum
2849 2453 2904 2509 in
2951 2455 3130 2512 medio
3163 2456 3476 2514 steterimus
3499 2457 3610 2512 vir-

301 2549 430 2618 χεὶρ
457 2549 616 2621 ἡμῶν
657 2551 751 2603 ἐπὶ
796 2550 888 2604 τὸν
921 2546 1376 2619 ἀπηγορευμένον
1421 2543 1657 2614 καρπὸν,
1705 2539 1902 2598 Ικτοτε
2014 2549 2216 2605 tutum.

303 2641 580 2714 ἐξηράνθη
613 2642 754 2712 πρὸς
793 2641 892 2712 τὴν
919 2641 1018 2694 τοῦ
1057 2639 1229 2694 καλοῦ
1264 2636 1555 2710 ἐργασίαν.
1592 2634 1771 2690 Πάλιν
1835 2630 1933 2690 οὖν
1975 2634 2574 2708 ἀποκατασταθήσεται
2616 2639 2695 2701 εἰς
2735 2637 2836 2708 τὴν
2883 2640 3161 2711 προτέραν
3204 2636 3416 2712 ὑγείαν,
3484 2645 3617 2699 ὅταν

301 2735 363 2790 ἐν
391 2733 468 2805 τῷ
501 2737 657 2806 μέσῳ
699 2734 988 2806 σταθῶμεν
1011 2733 1120 2788 τῶν
1150 2731 1387 2804 ἀρετῶν.

386 2847 405 2882 ε
446 2830 559 2884 Καὶ
592 2829 902 2895 ἐξελθόντες
933 2830 984 2884 οί
1017 2830 1332 2900 Φαρισαῖοι,
1367 2825 1574 2891 εὐθέως
1615 2824 1758 2898 μετά
1791 2825 1902 2881 τῶν

2089 2819 2255 2876 Vsus.
2291 2819 2451 2894 ϐτιε.
2489 2838 2508 2873 ι
2544 2820 2764 2891 Egressi
2793 2833 2924 2876 vero
2958 2819 3222 2876 Pharisaei
3271 2822 3458 2878 statim
3511 2838 3617 2878 una

315 2921 670 2995 ξέἰρωδιανῶν
707 2921 1038 2994 συμϐούλιον
1075 2922 1297 2978 ἐποίουν
1345 2923 1469 2978 κατ’
1505 2920 1697 2986 αὐτοῦ,
1745 2920 1900 2984 ὅπως

2013 2929 2139 2972 cum
2181 2913 2512 2970 ilerodianis
2565 2912 2862 2969 consilium
2909 2911 3116 2968 inibant
3175 2913 3437 2970 adversus
3465 2915 3614 2970 illum

304 3012 471 3067 αὐτὸν
523 3012 861 3070 ἀπολέσωσι.
911 3013 1026 3068 Καὶ
1074 3014 1104 3067 ὁ
1154 3011 1366 3084 Ἰησοῦς
1399 3011 1719 3082 ἀνεχώρησε
1759 3009 1903 3083 μετά
1932 3048 1975 3108 C

1932 3048 1975 3108 ο
2013 3020 2072 3067 ιιι
2101 3025 2224 3067 eum
2259 3011 2573 3082 perderent.
2622 3008 2784 3068 Jesus
2815 3017 2998 3065 autem
3046 3024 3170 3108 cum
3198 3009 3482 3082 discipulis
3504 3011 3618 3068 suis

307 3109 420 3162 τῶν
454 3108 717 3180 μαθητῶν
751 3109 921 3165 αὑτοῦ
968 3108 1109 3181 πρὸς
1151 3109 1253 3180 τὴν
1293 3108 1592 3174 θάλασσαν,
1626 3108 1724 3162 καὶ
1765 3108 1903 3161 πολὺ

310 3201 521 3272 πλῆθος
572 3202 682 3256 ἀπὸ
719 3201 822 3273 τῆς
853 3201 1148 3266 Γαλιλαίας
1179 3201 1555 3275 ἠκολούθησεν
1595 3201 1769 3274 αὐτῷ,
1810 3202 1907 3256 καὶ

308 3292 422 3350 άπὸ
458 3294 562 3362 τῆς
609 3294 900 3361 Ἰουδαίας,
943 3295 1042 3349 καὶ
1064 3293 1177 3348 ἀπὸ
1219 3293 1639 3365 Ἱεροσολύμων,
1673 3293 1771 3348 καὶ
1797 3293 1908 3347 ἀπὸ

307 3386 410 3455 τῆς
455 3385 788 3457 Ἰδουμαίας,
837 3388 934 3442 καὶ
988 3386 1164 3459 πέραν
1201 3387 1298 3444 τοῦ
1359 3388 1653 3460 Ἰορδάνου,
1708 3388 1805 3442 καὶ
1857 3389 1908 3442 οἱ

309 3477 444 3549 περὶ
483 3477 661 3549 Τύρον
692 3477 790 3530 καὶ
821 3477 1053 3546 Σιδῶνα,
1101 3477 1315 3549 πλῆθος
1358 3478 1531 3545 πολὺ,
1571 3477 1909 3543 ἀκούσαντες

309 3570 413 3624 ὅσα
441 3572 641 3638 ἐποίει,
682 3567 848 3642 ἦλθον
887 3571 1027 3642 πρὸς
1057 3571 1247 3627 αὐτόν.
1285 3571 1396 3626 Καὶ
1420 3568 1543 3626 εἷπε
1567 3574 1681 3636 τοίς
1724 3572 1904 3643 μαθη-

309 3665 431 3724 ταῖς
459 3662 624 3715 αὑτοῦ
665 3662 760 3717 ινα
786 3661 1068 3732 πλοιάριον
1099 3666 1487 3736 προσκαρτερῇ
1517 3663 1670 3735 αύτῷ
1693 3663 1783 3718 διά
1819 3665 1909 3718 τὸν

309 3752 492 3824 δχλον,
526 3753 614 3810 ἵνα
645 3753 723 3827 μὴ
751 3753 1007 3810 θλίϐωσιν
1052 3755 1250 3810 αὐτόν’
1296 3755 1530 3821 πολλοὺς
1561 3756 1675 3830 γὰρ
1711 3755 1908 3828 ἐθερά-

312 3864 544 3913 πευσεν,
583 3848 723 3904 ὥστε
755 3848 1080 3902 ἐπιπίπτειν
1120 3849 1276 3920 αὐτῷ
1308 3849 1397 3903 ἵνα
1434 3849 1603 3904 αὐτοῦ
1638 3849 1906 3920 ἅψωνται,

309 3937 429 3992 ὅσοι
459 3934 607 4009 εἶχον
642 3938 938 4011 μάστιγας,
970 3941 1066 3995 καὶ
1090 3941 1160 3995 τά
1192 3939 1487 4010 πνεύματα
1515 3940 1588 3994 τά
1617 3940 1910 4009 ἀκάθαρτα

309 4031 442 4084 ὃταν
472 4031 640 4084 αὑτὸν
671 4031 923 4103 ἐθεώρει,
958 4032 1341 4104 προσέπιπτεν
1376 4031 1548 4104 αὐτῷ,
1581 4034 1678 4086 καὶ
1708 4030 1910 4102 ἔκραζε

310 4121 542 4190 λέγοντα
593 4123 704 4190 ὅτι,
738 4123 811 4176 Σὺ
863 4117 913 4176 εῐ
944 4124 974 4177 ό
1018 4124 1146 4188 Υίδς
1206 4121 1305 4177 τοῦ
1340 4122 1512 4180 Θεοῦ.
1574 4123 1684 4180 Καὶ
1738 4121 1912 4176 πολλὰ

312 4213 554 4284 ἐπετίμα
585 4215 793 4281 αὐτοῖς,
831 4214 921 4267 ινα
953 4213 1030 4286 μὴ
1062 4213 1297 4291 φανερὸν
1320 4213 1485 4267 αὑτὸν
1515 4213 1847 4284 ποιήσωσιν.
1884 4231 1903 4266 ι

311 4305 472 4371 Τίνες
511 4302 655 4378 ἦσαν
673 4307 724 4361 oi.
770 4305 1095 4379 Ἦρωδιανοί
1121 4323 1137 4375 ;
1172 4307 1339 4366 Ἤτοι
1375 4307 1425 4360 oi
1453 4304 1788 4377 στρατιιῖηαι
1815 4303 1912 4358 τοῦ

2010 3106 2236 3171 secessit
2287 3104 2355 3159 ad
2413 3118 2586 3171 mare,
2636 3112 2692 3160 et
2736 3104 2927 3176 ingens
2975 3103 3270 3160 multitudo
3308 3114 3493 3160 secuta
3534 3115 3621 3162 est

2009 3213 2136 3256 eum
2170 3212 2201 3251 a
2251 3196 2498 3262 Galilaea,
2528 3205 2586 3253 et
2631 3210 2660 3250 a
2686 3193 2892 3263 Judaaa,
2920 3195 3067 3251 etab
3104 3193 3524 3267 Hierosolymis,
3562 3208 3619 3252 et

2011 3290 2080 3345 ab
2100 3289 2360 3355 Numina,
2396 3298 2452 3344 et
2475 3297 2626 3344 trans
2655 3286 2975 3352 Jordanem,
3005 3295 3060 3340 et
3104 3288 3194 3358 qui
3228 3286 3376 3343 circa
3407 3286 3618 3360 Tyrum

2011 3381 2358 3444 habitabant,
2415 3393 2479 3434 ac
2506 3379 2796 3442 Sidonem,
2854 3377 3135 3432 hominum
3179 3377 3468 3434 multitudo
3497 3394 3619 3434 ma-

2013 3488 2118 3545 gna
2153 3491 2168 3529 :
2204 3475 2298 3547 qui
2325 3487 2452 3529 cum
2480 3471 2906 3541 audissentque
2936 3469 3194 3536 faciabat,
3225 3482 3500 3527 venerunt
3549 3472 3620 3528 ad

2012 3581 2163 3623 cum.
2222 3565 2291 3622 Et
2330 3567 2470 3622 dixit
2519 3563 2805 3635 discipulis
2836 3563 2952 3620 suis
3002 3573 3062 3619 ut
3107 3565 3414 3620 naviculam
3437 3565 3624 3637 appel-

2014 3667 2188 3720 lerent
2237 3660 2341 3718 sibi
2378 3663 2622 3730 propter
2681 3661 2925 3729 turbam,
2967 3673 3036 3714 ne
3095 3658 3270 3729 ipsum
3324 3669 3621 3729 premeret.

2015 3755 2214 3812 Multos
2239 3755 2384 3811 enim
2417 3764 2730 3822 sanaverat,
2769 3755 2842 3810 ita
2878 3764 2936 3810 ut
2961 3755 3234 3810 irruerent
3257 3753 3310 3808 in
3334 3768 3481 3822 eum,
3513 3768 3623 3826 quo

2014 3847 2163 3903 illum
2224 3853 2508 3918 tangerent
2567 3854 2836 3919 quotqu0t
2895 3845 3176 3902 habebant
3249 3844 3484 3916 ﬂagella.
3555 3844 3627 3901 Et

2022 3938 2252 4009 spiritus
2288 3937 2558 3993 immundi
2589 3953 2714 3994 cum
2743 3938 2896 3994 illum
2944 3938 3235 4005 vidissent,
3262 3939 3627 4008 procidebant

2014 4034 2086 4098 ei,
2116 4041 2172 4088 et
2214 4031 2527 4088 clamabant
2561 4032 2828 4099 dicentes,
2859 4030 2941 4088 Tu
2983 4046 3044 4089 es
3075 4029 3247 4088 Filius
3271 4031 3390 4086 Dei.
3425 4032 3494 4089 Et
3529 4047 3625 4087 ve-

2017 4125 2302 4182 hementer
2350 4123 2810 4181 interminabatur
2833 4125 2915 4179 eis
2962 4135 3029 4179 ne
3061 4139 3123 4180 se
3145 4123 3496 4179 manifestum
3535 4124 3623 4179 fa-

2017 4227 2225 4274 cerent.
2281 4237 2301 4272 ι
2355 4217 2590 4286 Quinam
2643 4223 2802 4272 erant
2870 4215 3206 4273 Herodianii
3265 4214 3366 4272 Vel
3420 4218 3624 4274 milites

2016 4310 2273 4376 Herodis,
2311 4312 2397 4367 vel
2423 4310 2650 4368 haeresis
2678 4311 2928 4383 quaedam
2953 4325 3128 4381 nuper
3158 4311 3450 4366 admodum
3476 4322 3622 4374 orta,

329 4397 597 4470 Ἡρώδου,
629 4398 664 4471 ἢ
697 4398 913 4471 αἵρεσίς
941 4416 1024 4464 τις
1059 4397 1348 4471 νεοφανὴς,
1384 4397 1785 4470 δογματίζουσα
1819 4396 1910 4450 τὸν
1949 4400 1993 4458 D
2020 4424 2026 4455 ι

1949 4400 2143 4477 una
2192 4404 2421 4459 docebat
2475 4402 2746 4457 Herodem
2799 4401 2976 4472 ipsum
3027 4414 3152 4456 esse
3207 4401 3510 4466 Christum,
3557 4417 3624 4458 eo

323 4491 581 4564 Ἡρώδην
605 4493 770 4548 αὐτὸν
796 4488 938 4548 εἶναι
964 4493 1058 4549 τὸν
1090 4494 1350 4566 Χριστὸν,
1385 4493 1474 4548 διά
1521 4492 1584 4547 τδ
1618 4491 1710 4546 ἐπ’
1739 4491 1909 4550 αὑτοῦ

311 4585 491 4657 πέρας
539 4585 791 4653 δέξασθαι
829 4587 928 4659 τὴν
958 4587 1071 4644 τῶν
1121 4588 1431 4644 Ἰουδαϊκῶν
1482 4586 1752 4658 βασιλέων
1787 4587 1908 4640 δια-

310 4677 499 4750 δελήν.
548 4677 608 4732 Ἠ
637 4679 747 4751 γάρ
791 4681 1103 4753 προφητεία
1147 4681 1240 4735 τοῦ
1288 4680 1487 4735 Ἰακὼϐ
1518 4680 1906 4751 διελάμϐανεν,

310 4769 404 4825 ὅτε
454 4771 798 4843 ἐκλείψουσιν
845 4776 894 4828 oi
939 4775 999 4841 ἐξ
1059 4773 1228 4832 Ἰούδα
1274 4775 1574 4846 ἄρχοντες,
1637 4774 1762 4827 τότε
1813 4774 1908 4827 τὸν

312 4865 555 4937 Χριστὸν
586 4867 781 4925 ἐλθεῖν.
825 4868 977 4923 Ἐπεὶ
1006 4865 1100 4923 οὖν
1127 4869 1220 4921 ἐπὶ
1258 4867 1368 4921 τῶν
1414 4865 1660 4937 Ἡρώδου
1698 4866 1908 4939 χρόνων

314 4956 494 5021 οὐδεὶς
531 4953 601 5030 ἦν
645 4959 938 5023 Ἰουδαῖκδς
966 4959 1190 5036 ἄρχων,
1208 4959 1324 5014 ἀλλ’
1351 4960 1514 5023 αὐτὸς
1543 4955 1716 5031 ἦρχεν
1751 4959 1907 5013 ἀλλό-

314 5049 483 5118 φυλος
516 5049 613 5116 ῶν,
664 5052 960 5123 Ἰδουμαῖος
992 5054 1102 5124 γὰρ
1135 5049 1227 5126 ἦν,
1261 5053 1523 5124 ἐνόμισάν
1567 5069 1714 5117 τινες
1743 5052 1908 5106 αὐτὸν

313 5132 458 5191 εἶναι
490 5139 584 5192 τὸν
611 5141 868 5218 Χριστὸν,
902 5143 1000 5197 καὶ
1043 5143 1256 5214 αἵρεσιν
1302 5147 1729 5213 συνεστήσαντο,
1759 5137 1909 5209 οὗτοι

313 5229 501 5285 τοίνυν
561 5233 885 5306 ἐπεχείρουν
937 5234 1205 5291 ἀπολέσαι
1269 5235 1361 5290 τὸν
1423 5236 1652 5308 Κύριον.
1727 5234 1788 5289 Ὀ
1849 5234 1908 5288 δέ

315 5326 623 5395 ἀναχωρετο
656 5324 809 5380 οὔπω
834 5326 954 5400 γὰρ·
985 5323 1054 5399 ἦν
1075 5328 1105 5384 ὀ
1132 5331 1230 5383 τοῦ
1270 5329 1479 5392 πάθους
1513 5329 1726 5399 καιρός.
1754 5330 1908 5400 ’Ἅμα

313 5417 372 5476 δὲ
399 5417 494 5471 καὶ
525 5417 612 5471 ἵνα
652 5417 902 5483 πλείονας
928 5421 1293 5496 εὐεργετήσῃ,
1321 5423 1411 5476 διὰ
1441 5422 1604 5477 τοῦτο
1631 5422 1911 5493 ἀναχωρεῖ

314 5510 425 5563 ἀπὸ
463 5508 574 5562 τῶν
622 5511 959 5583 ἀγνωμόνων
985 5532 998 5546 ·
1029 5519 1126 5571 καὶ
1176 5521 1285 5588 γὰρ
1321 5515 1703 5587 ἠκολούθησαν
1755 5516 1908 5588 αὑτῷ

310 5601 528 5664 πολλοὶ,
564 5605 662 5658 καὶ
698 5604 888 5659 ἰάσατο
926 5607 1150 5674 αὐτοὺς,
1183 5608 1321 5662 ἀλλά
1353 5610 1449 5662 καὶ
1497 5609 1546 5662 οἱ
1582 5608 1772 5678 Τύριοι
1814 5609 1908 5663 καὶ

314 5695 365 5749 οἱ
414 5693 705 5762 Σιδώνιοι,
761 5698 1052 5767 ἀλλόφυλοι
1098 5699 1272 5765 ὅντες,
1324 5700 1656 5770 ὠφελοῦντο.
1719 5701 1783 5754 Οί
1848 5701 1906 5756 δὲ

387 5854 434 5886 ’⁸
462 5850 599 5908 Gen.
634 5871 784 5920 χιιι,
811 5857 892 5912 10.

527 5949 803 6011 Panum.
841 5952 886 6013 Ο
902 5971 960 6014 n.
1011 5953 1280 6022 CXXIII.

2017 4498 2162 4567 quod
2219 4495 2321 4552 sub
2368 4495 2462 4550 illo
2519 4492 2876 4552 Iudaicarum
2924 4509 3111 4565 regum
3150 4497 3427 4550 successio
3454 4495 3615 4551 tinem

2020 4589 2331 4656 habuisset,
2364 4590 2437 4643 ita
2464 4589 2608 4643 enim
2650 4589 2993 4658 exponebant
3024 4588 3366 4659 prophetiam
3423 4587 3618 4653 Jacob.

2019 4684 2237 4752 quando
2337 4680 2603 4737 defecturi
2685 4691 2873 4737 essent
2931 4693 2999 4735 ex
3093 4679 3232 4736 Jnda
3324 4680 3622 4752 principes,

2019 4782 2153 4828 tunc
2222 4784 2507 4828 venturum
2589 4773 2869 4828 Christum
2937 4771 3007 4827 ".
3090 4771 3226 4827 Cum
3282 4772 3448 4841 igitur
3519 4771 3625 4829 He-

2021 4868 2168 4923 rodis
2239 4867 2576 4936 temporibus
2638 4865 2822 4922 nul-lus
2876 4880 3108 4936 usquam
3176 4874 3326 4922 esset
3363 4863 3625 4921 Judaicus

2019 4960 2296 5032 princeps,
2352 4959 2448 5014 sed
2519 4966 2772 5032 regnaret
2826 4957 3069 5014 Herodes
3113 4957 3440 5028 alienigena,
3495 4959 3624 5014 ldu-

2019 5066 2188 5107 nixus
2261 5051 2407 5106 enim
2485 5060 2623 5115 erat,
2674 5049 2878 5119 opinati
2948 5058 3077 5105 sunt
3169 5048 3390 5118 quidam
3446 5051 3621 5118 ipsum

2017 5160 2138 5200 esse
2170 5144 2474 5209 Christum,
2505 5153 2560 5200 et
2594 5145 2890 5200 constituta
2925 5143 3160 5214 quadam
3195 5142 3432 5198 factione
3448 5153 3624 5201 atten-

2021 5248 2277 5295 laverunt
2333 5238 2563 5308 perdere
2627 5236 2938 5293 Dominum.
2989 5236 3113 5308 ipse
3160 5246 3344 5292 autem
3394 5238 3621 5301 secedit,

2023 5333 2263 5387 nondum
2309 5331 2456 5387 enim
2490 5339 2610 5386 erat
2654 5332 2897 5402 patiendi
2929 5342 3163 5400 tempus.
3196 5329 3418 5386 Interim
3447 5332 3622 5402 pluri-

2020 5424 2124 5482 bus
2160 5423 2567 5492 henefaciehat,
2622 5425 2691 5479 ab
2756 5423 2986 5495 ingratis
3029 5423 3357 5480 secedendo.
3404 5423 3620 5479 Etenim

2020 5517 2194 5572 secuti
2242 5527 2367 5573 sunt
2390 5532 2512 5572 eum
2545 5517 2722 5583 multi,
2753 5527 2810 5573 et
2850 5518 3063 5572 sanavit
3099 5517 3221 5572 illos
3253 5535 3267 5572 :
3295 5517 3427 5588 quin
3455 5517 3622 5573 etiam

2019 5611 2199 5682 Tyriis
2244 5620 2300 5665 et
2331 5610 2595 5678 Sidoniis,
2627 5609 2845 5664 tametsi
2877 5619 3064 5666 essent
3102 5609 3382 5683 allophyli,
3415 5609 3622 5682 prode-

2020 5712 2124 5758 rat.
2162 5700 2389 5773 Cognati
2431 5709 2609 5757 autem
2650 5701 2770 5774 ejus
2797 5717 2921 5757 eum
2954 5703 3442 5775 persequebantur.
3471 5704 3620 5759 Δάοι»

3270 5953 3336 6014 17
