4298 6446
302 402 415 466 525

1023 395 1468 457 ENARRATIO
1507 394 1589 456 IN
1623 391 2139 455 ‘EVANGELIUM
2175 390 2439 452 MARCI.
2479 413 2547 425 —
2575 388 2734 448 CAP.
2778 387 2892 446 ΠΙ.

3477 385 3589 450 ῦὲδ

310 518 366 569 οἰ
409 514 519 571 ἀπὸ
560 511 948 583 Ἱεροσολύμων
1002 509 1366 574 καταϐάντες,
1397 509 1585 577 ελεγον
1614 510 1696 561 ὅτι
1741 507 1902 560 Βεελ-
1931 515 2007 572 Αε

1892 537 1902 548 ,
1931 515 1980 572 Α
2003 507 2143 561 bant
2170 504 2338 569 enim,
2375 501 2540 573 ιθθ
2564 499 2623 555 ιιι
2657 500 2898 557 furorem
2927 512 3114 554 versus
3147 506 3249 551 est.
3287 494 3352 550 Et
3384 496 3589 553 Scriba:

306 606 504 670 ζεσοὺλ
527 604 663 675 εχει,
697 603 794 656 καὶ
836 601 920 657 δτι
959 600 1056 654 καί¹
1107 603 1167 654 ὲν
1196 601 1275 670 τῷ
1309 602 1532 670 ἄρχοντι
1568 598 1677 655 τῶν
1703 599 1896 667 δαιμοο

307 695 441 748 νίων
478 692 732 749 ὲκὸάλλει
762 689 832 743 τὰ
877 690 1151 761 δαιμόνια.
1196 707 1215 741 ι
1277 688 1668 752 ’Δκούσαντες,
1708 687 1895 756 φησὶν,

247 814 250 816 ~
304 787 359 840 οί
391 786 524 856 παρ’
561 782 753 848 αὑτοῦ,
782 782 1062 835 τουτέστιν
1107 781 1156 835 οἰ
1188 781 1378 834 οἰκεῖοι
1414 777 1604 843 αὑτοῦ,
1655 778 1819 848 τυχὸν
1848 777 1897 830 οἰ

305 880 418 934 ἀπὸ
445 878 543 946 τῆς
575 875 746 943 αὐτῆς
801 873 1100 945 πατρίδος,
1135 873 1169 943 ἢ
1203 873 1298 926 καὶ
1348 872 1398 925 oi
1438 870 1661 940 ἀδελφοὶ
1701 867 1894 932 αὑτοῦ,

301 969 530 1042 ιξῆλθον
573 967 848 1038 κρατῆσαι
873 965 1056 1019 αὐτόν.
1081 963 1309 1033 Ἔλεγον
1346 962 1476 1032 γὰρ,
1509 962 1594 1015 ὅτι
1645 957 1894 1028 Ἐξέστη·

301 1059 620 1123 τουτέστιν,
655 1057 738 1109 ὅτι
795 1055 1039 1126 Δαίμονα
1096 1054 1232 1125 εχει.
1283 1052 1600 1116 ’Δκούοντες
1671 1051 1781 1123 γάρ
1816 1051 1896 1103 ὅτι

299 1147 560 1218 δαιμόνια
602 1146 880 1212 ἐκϐάλλει,
937 1146 1034 1200 καὶ
1083 1145 1275 1207 νόσους
1317 1145 1486 1210 ἰᾶται,
1543 1143 1655 1198 ἀπὸ
1698 1141 1895 1210 φθόνου

301 1238 559 1308 ἐνόμιζον
586 1239 669 1292 ὅτι
695 1239 930 1307 δαίμονα
958 1236 1097 1308 ἔχει,
1137 1236 1235 1291 καὶ
1263 1235 1462 1307 ἐξέστη
1482 1252 1495 1265 ⁸
1537 1235 1662 1289 ὅθεν
1705 1233 1898 1307 ῆθελον

305 1305 587 1399 κρατοῆσαι
613 1305 802 1395 αὑτὸν,
834 1329 910 1394 ὡς
940 1305 1021 1382 at?
1040 1328 1390 1400 δεσμήσωσιν
1419 1305 1494 1392 ὥς
1533 1305 1896 1397 δαιμονῶντα.

299 1421 415 1475 Καὶ
447 1423 498 1474 οἰ
530 1421 630 1492 μὲν
659 1420 792 1491 παρ’
825 1420 1012 1486 αὑτοῦ,
1053 1421 1355 1486 τουτέστιν,
1394 1422 1443 1474 οί
1474 1422 1666 1474 οἰκεῖοι
1706 1418 1896 1484 αὑτοῦ,

299 1511 506 1575 οὕτως’
540 1513 740 1582 ὁμοίως
774 1513 830 1566 δὲ
881 1512 980 1566 καὶ
1022 1512 1072 1566 οἰ
1103 1511 1214 1567 ἀπὸ
1272 1511 1669 1583 Ἰεροσολύμων
1707 1512 1899 1582 Γραμ-

303 1606 520 1675 ματεῐς,
555 1604 832 1674 δαιμόνιον
874 1604 1020 1675 ἔχειν
1070 1603 1236 1660 αὐτὸν
1274 1603 1481 1673 ελεγον.
1534 1602 1754 1675 Ἐπειδὴ
1787 1604 1897 1675 γὰρ

300 1695 606 1764 ἀντιλέγειν
632 1697 733 1750 ούκ
773 1692 917 1766 εἶχον
956 1697 1070 1760 τοῖς
1104 1695 1451 1768 γινομένοις,
1502 1695 1674 1767 ἑτέρῳ
1705 1696 1896 1768 τρόπῳ

300 1787 685 1842 διαεάλλουσιν
714 1788 876 1852 αὐτὰ,
904 1788 988 1840 ὅτι
1020 1787 1130 1841 άπὸ
1158 1785 1432 1857 δαιμόνων
1475 1784 1739 1854 γίνονται.

2001 597 2094 666 qui
2121 596 2191 652 ab
2219 594 2613 666 Hierosolymis
2637 592 3054 654 descenderant,
3107 588 3356 645 dicebant
3390 607 3403 643 :
3437 588 3592 643 Bccl.

2001 688 2156 744 sebul
2206 688 2388 754 habet,
2438 694 2494 743 et
2541 701 2640 756 per
2697 684 2996 756 principem
3030 682 3417 736 daemoniorum
3449 680 3594 749 cjicit

2001 781 2290 837 daemonia.
2336 800 2354 833 ι
2405 780 2541 835 Cum
2591 779 2893 842 audissent,
2954 768 3266 844 inquit,qni
3323 776 3389 830 ad
3440 775 3592 829 illum

2004 871 2328 934 attinebant,
2385 872 2489 924 hoc
2535 879 2622 923 est
2683 867 2974 923 necessarii
3005 866 3140 934 ejus,
3176 867 3313 919 forte
3337 866 3598 936 qnicjus-

2002 966 2124 1020 dem
2149 972 2303 1020 erant
2335 962 2544 1032 patriae,
2577 963 2660 1016 vel
2682 962 2844 1016 etiam
2876 958 3076 1014 fratres
3105 959 3240 1028 ejus,
3273 961 3522 1014 exierunt
3543 969 3600 1012 ut

2003 1055 2524 1126 comprehenderent
2584 1068 2731 1108 eum.
2793 1052 3055 1108 Dicebant
3110 1053 3293 1119 enim,
3348 1057 3470 1121 Quia
3537 1054 3594 1108 In

2002 1143 2245 1198 furorem
2274 1157 2465 1198 versus
2503 1150 2608 1205 est,
2645 1142 2750 1196 hoc
2789 1149 2896 1207 est,
2935 1139 3243 1194 Damonem
3271 1139 3455 1194 habet.
3488 1143 3599 1192 Au-

2002 1235 2212 1291 dientes
2273 1234 2420 1290 enim
2478 1235 2622 1302 quod
2672 1232 2936 1286 demonia
2994 1230 3239 1298 ejiceret,
3283 1241 3337 1286 et
3379 1230 3599 1287 merbo's

2001 1333 2242 1392 sanaret,
2288 1340 2399 1395 pra:
2435 1324 2637 1379 invidia
2684 1324 3047 1392 opinabantur
3091 1323 3232 1390 quod
3269 1324 3596 1378 daemonium

2003 1416 2248 1481 haberet,
2283 1424 2337 1470 et
2366 1415 2608 1470 furiosus
2644 1423 2790 1469 esset
2833 1432 2847 1468 :
2879 1414 3022 1468 unde
3059 1413 3312 1468 volebant
3345 1427 3599 1484 compre—

2003 1509 2240 1564 hendere
2275 1507 2450 1570 illum,
2493 1517 2552 1560 ut
2577 1521 2700 1560 cum
2745 1516 3002 1575 tanquam
3037 1505 3425 1560 daemoniacum
3471 1505 3600 1576 liga-

2001 1609 2142 1656 rent.
2173 1598 2241 1654 Et
2291 1598 2588 1654 familiares
2618 1599 2736 1669 ejus
2781 1599 2862 1653 sic
2905 1598 3125 1668 quidam
3155 1599 3406 1667 agebant,
3450 1599 3600 1651 simi-

1999 1691 2125 1748 liter
2148 1703 2327 1748 autem
2355 1701 2410 1748 et
2438 1691 2644 1747 Scribat
2666 1691 2960 1756 faciebant,
2989 1690 3082 1762 qui
3104 1690 3171 1744 ab
3203 1689 3599 1760 Hierosolymis

1999 1784 2414 1850 descenderant,
2480 1783 2810 1839 daunoniutn
2858 1785 3032 1854 ipsum
3091 1783 3290 1838 habere
3330 1785 3599 1856 dicentes.

302 1882 442 1936 Cum
466 1883 611 1938 enim
642 1896 746 1937 non
772 1880 1392 1951 possentcoIntradiccre
1429 1880 1513 1935 bis
1556 1879 1932 1950 quatiebant,
1972 1877 2084 1933 alio
2151 1879 2312 1934 modo
2364 1876 2663 1947 arguebant
2713 1891 2800 1946 ea,
2847 1892 3041 1947 nempe
3089 1877 3232 1947 quod
3266 1891 3293 1930 a
3320 1877 3601 1932 da-moniis

306 1975 522 2031 tierent.

381 2088 406 2122 ι
444 2070 554 2124 Καὶ
601 2069 1122 2141 προσκαλεσάμενος
1176 2069 1399 2133 αὐτοὺς,
1449 2071 1509 2122 ὲν
1561 2065 1901 2139 παραϐολαῖς
1935 2076 1977 2132 Β

1935 2076 1977 2132 Β
2078 2068 2244 2124 Vens.
2297 2067 2370 2122 25
2403 2065 2494 2120 27.
2542 2083 2561 2117 ι
2605 2065 2673 2120 Et
2719 2064 2787 2120 ad
2827 2078 2888 2119 se
2935 2062 3147 2119 vocatis
3177 2062 3304 2127 illis,
3345 2063 3398 2118 in
3442 2078 3600 2134 para-

304 2165 497 2232 ἔλεγεν
526 2164 707 2226 αὐτοῖς
725 2180 739 2193 ·
772 2162 894 2226 Πῶς
919 2162 1147 2216 δύναται
1173 2163 1420 2226 Σατανᾶς
1438 2163 1686 2217 Σατανᾶν
1704 2162 1902 2217 ἐκϐάλ-

304 2258 453 2324 λεινς
490 2257 599 2311 Καὶ
665 2256 762 2310 ἐὰν
830 2256 1081 2327 βασιλεία
1129 2255 1216 2324 ἐφ’
1263 2255 1463 2326 ἑαυτὴν
1527 2258 1785 2326 μερισθῇ,
1835 2257 1898 2309 ού

302 2349 531 2405 δύναται
563 2347 824 2418 σταθῆναι
854 2350 887 2418 ή
932 2347 1182 2418 βασιλεία
1229 2347 1438 2418 ὲκείνη.
1472 2348 1586 2402 Καὶ
1629 2349 1724 2402 ἐὰν
1750 2349 1900 2402 οἰκία

303 2445 396 2514 δφ⁹
432 2443 631 2512 ἑαυτὴν
687 2441 946 2513 μερισθῇ,
998 2441 1061 2494 ού
1093 2440 1318 2496 δύναται
1370 2441 1635 2511 σταθῆναι
1679 2444 1712 2511 ἡ
1745 2441 1898 2495 οἰκία

304 2536 514 2604 ἐκείνη.
556 2535 667 2590 Καὶ
711 2535 759 2586 εἰ
807 2537 834 2587 ὁ
865 2535 1112 2596 Σατανᾶς
1146 2534 1350 2604 ἀνέστη
1386 2536 1476 2603 ἐφ’
1533 2535 1752 2600 ἑαυτὸν,
1805 2535 1899 2588 καὶ

309 2629 670 2698 μεμέρισται,
701 2626 764 2678 οὔ
810 2625 1035 2680 δύναται
1071 2626 1361 2696 σταθῆναι,
1392 2625 1530 2680 ἀλλὰ
1558 2627 1713 2690 τέλος
1754 2628 1894 2696 ἔχει.

310 2717 502 2781 Οὐδεὶς
528 2717 756 2772 δύναται
786 2717 860 2771 τὰ
904 2717 1074 2788 σκεύη
1105 2716 1201 2770 τοῦ
1257 2717 1485 2789 ἰσχυροῦ
1513 2717 1773 2772 εἰσελθὼν
1820 2720 1900 2782 εἰς

303 2809 407 2883 τὴν
456 2810 636 2866 οἰκίαν
686 2808 853 2863 αὑτοῦ
905 2809 1244 2881 διαρπάσαι,
1281 2811 1378 2863 ἐὰν
1428 2810 1503 2880 μὴ
1559 2810 1778 2881 πρῶτον
1808 2812 1899 2864 τὸν

311 2903 531 2976 ἰσχυρὸν
550 2904 711 2976 δήσῃ,
739 2905 834 2957 καὶ
857 2905 980 2957 τότε
1004 2903 1103 2973 τὴν
1127 2903 1308 2958 οἰκίαν
1329 2902 1497 2957 αὐτοῦ
1523 2903 1834 2974 διαρπάσει.
1873 2923 1891 2954 ι

320 2998 456 3053 ’Δπὸ
488 2997 950 3070 παραδειγμάτων
983 3000 1404 3069 ἀναντιρῤήτων
1443 2999 1745 3070 ἀνατρέπει
1774 2999 1899 3062 τοὺς

308 3091 612 3162 βασκάνους
664 3091 975 3154 Ἰουδαίους.
1047 3091 1173 3158 Πῶς
1238 3092 1372 3161 γὰρ,
1445 3091 1616 3162 φησὶ,
1674 3091 1901 3147 δυνατὸν

304 3183 538 3254 δαίμονα
586 3182 850 3254 δαίμονας
907 3183 1243 3251 ἑκϐἀλ).ειν;
1279 3183 1474 3254 ὥσπερ
1532 3185 1626 3238 καὶ
1676 3186 1736 3238 ἐν
1780 3187 1900 3249 ταῖς

306 3276 509 3338 οἰκίαις
539 3274 779 3346 ὁρῶμεν,
808 3273 915 3338 ἕως
947 3274 1050 3345 μὲν
1079 3275 1458 3345 εἰρηνεύουσιν
1481 3276 1529 3328 οἰ
1560 3276 1618 3326 ὲν
1647 3273 1896 3343 ταύταις,

310 3367 696 3421 συνίστανταιο
742 3369 830 3422 ἐπ’
879 3367 948 3426 ἂν
1019 3367 1076 3420 δὲ
1131 3367 1456 3439 μερισθῶσι,
1511 3369 1897 3429 καταλύονται.

2005 2163 2148 2218 bolis
2190 2160 2408 2216 dicebat
2452 2158 2558 2214 illis
2601 2157 2928 2224 :Quomodo
2985 2165 3161 2227 potest
3213 2155 3448 2212 Satanas
3502 2156 3602 2210 Sa-

2006 2258 2186 2308 tanam
2242 2250 2488 2322 ejicere?
2519 2249 2586 2304 Et
2616 2250 2660 2304 si
2709 2263 2935 2319 regnum
2991 2248 3255 2304 adversus
3309 2263 3429 2302 sese
3460 2247 3603 2302 divi-

2004 2360 2124 2402 sum
2169 2343 2354 2411 fuerit,
2415 2357 2522 2398 non
2575 2351 2754 2413 potest
2787 2351 2934 2397 stare
2988 2355 3217 2411 regnum
3245 2340 3414 2406 illud;
3470 2351 3525 2396 et
3556 2343 3602 2396 si

2003 2439 2197 2493 domus
2220 2444 2416 2492 contra
2437 2435 2674 2506 seipssm
2704 2435 2874 2489 divisa
2910 2432 3092 2499 fuerit,
3125 2447 3234 2487 non
3259 2441 3436 2504 potest
3457 2443 3602 2488 stare

2003 2532 2198 2588 domus
2228 2531 2369 2596 illa;
2425 2530 2553 2587 etsi
2613 2529 2846 2585 Satanas
2907 2528 3266 2584 insurrexerit
3341 2527 3603 2583 adversus

2003 2625 2379 2694 semetipsum,
2444 2638 2510 2679 ae
2554 2622 2766 2678 divisus
2811 2631 2915 2686 est,
2971 2637 3076 2677 non
3105 2631 3282 2693 potest
3313 2631 3489 2687 stare,
3510 2625 3603 2677 sed

2005 2716 2169 2771 habet
2198 2715 2386 2771 finem.
2442 2713 2562 2769 Non
2597 2723 2776 2786 potest
2810 2715 3096 2784 quisquam
3135 2729 3258 2770 vasa
3300 2712 3481 2779 fortis,
3519 2714 3600 2768 in»

2004 2822 2224 2878 gressus
2253 2810 2305 2864 in
2336 2809 2558 2865 domum
2594 2809 2763 2874 illius,
2797 2808 3058 2879 diripere,
3091 2809 3193 2863 nisi
3218 2808 3369 2878 prius
3408 2805 3600 2862 fortem

2004 2901 2274 2973 alligarit,
2321 2911 2375 2958 et
2407 2911 2536 2956 tunc
2562 2901 2784 2958 domum
2822 2901 2965 2956 illius
2985 2902 3230 2970 diriptet.
3267 2920 3285 2950 ›
3321 2901 3604 2970 Exemplis

2003 2993 2200 3063 quibus
2246 2993 2545 3049 contradici
2605 3009 2710 3048 non
2772 3001 3006 3064 poterat,
3058 2994 3227 3048 vincit
3272 2995 3486 3049 invidos
3508 2991 3604 3049 Ju-

2004 3085 2171 3142 daos.
2218 3084 2505 3151 Quomodo
2555 3085 2724 3150 enim,
2766 3085 2964 3155 inquit,
2994 3085 3254 3156 possibile
3280 3097 3359 3140 est
3397 3087 3602 3140 daemo-

2004 3194 2128 3234 nem
2156 3179 2430 3234 daemones
2455 3178 2696 3250 ejicere?
2726 3180 2868 3235 sicut
2893 3189 2947 3234 et
2979 3180 3032 3233 in
3058 3179 3306 3234 domibus
3333 3179 3602 3243 videmus.

2003 3273 2244 3341 quandiu
2309 3273 2519 3342 pacifici
2568 3281 2721 3337 sunt,
2768 3273 2908 3328 bene
2971 3273 3176 3328 habent
3204 3272 3256 3327 hi
3285 3273 3376 3342 qui
3411 3274 3463 3327 in
3498 3273 3604 3327 ill:s

2003 3372 2131 3418 sunt
2163 3380 2176 3416 :
2210 3361 2426 3431 quando
2477 3373 2656 3417 autem
2706 3361 2867 3418 divisi
2923 3363 3150 3429 fuerint,
3215 3364 3601 3420 destruuntur.

307 3419 552 3525 nm,
590 3419 762 3530 φησι(
786 3419 1011 3514 δύναταί
1053 3419 1144 3524 τιέ
1175 3419 1259 3517 τὶ
1296 3419 1469 3534 an,
1515 3419 1900 3536 strigis};
1927 3419 1975 3484 ο

1927 3419 1975 3484 c
2007 3419 2291 3523 Quomodo
2328 3464 2534 3523 autem,
2562 3457 2755 3524 inquit,
2789 3464 2969 3525 potest
3026 3419 3149 3526 quis
3195 3455 3434 3528 diripere
3475 3473 3600 3514 vasa

307 3547 639 3620 διαρπάσαι,
680 3549 778 3606 ἐὰν
843 3549 920 3622 μὴ
974 3550 1245 3624 πρότερον
1288 3546 1458 3608 ἀὑτὸν
1510 3553 1690 3630 Man;
1735 3555 1800 3610 '0
1843 3556 1901 3610 δὲ

291 3636 482 3710 λέγει,
509 3638 757 3696 τοιοῦτόν
783 3644 954 3695 ἐστιν’
1001 3643 1273 3714 Ἶσχυρδς,
1309 3645 1336 3698 δ
1361 3643 1572 3716 δαίμων
1591 3663 1605 3676 ·
1641 3649 1810 3720 σκεύη
1844 3648 1900 3702 δὲ

305 3725 500 3805 αὐτοῦ,
547 3730 598 3782 οἰ
629 3728 912 3802 ἄνθρωποι
961 3732 1029 3784 οἰ·
1061 3733 1371 3804 χωροῦντες
1402 3735 1586 3791 αὐτόν.
1633 3737 1760 3793 Ἐὰν
1811 3737 1902 3792 οὖν

307 3820 386 3892 μὴ
411 3819 681 3894 πρότερον
714 3821 854 3896 δήσῃ
898 3840 983 3888 τις
1016 3825 1110 3878 τὸν
1155 3825 1412 3899 δαίμονα,
1464 3829 1560 3883 καὶ
1592 3829 1898 3904 καταλύσῃ.

303 3909 423 3975 πῶς
448 3912 519 3966 τὰ
550 3914 721 3984 σκεύη
755 3914 945 3982 αὑτοῦ,
972 3915 1103 3981 τοὺς
1134 3919 1510 3989 δαιμονῶντας
1546 3922 1710 3992 λέγω,
1742 3923 1900 3995 διαρ-

303 4004 473 4061 πάσει
505 4004 563 4071 ἐξ
594 4006 763 4062 αὑτοῦ
784 4025 800 4072 ;
825 4007 990 4062 ’Ὢσττ
1024 4011 1148 4064 ἐπεὶ
1175 4011 1287 4080 ιγὼ
1317 4012 1606 4086 διαρπάζω
1633 4005 1701 4070 τὰ
1729 4017 1898 4083 σκεύη

303 4094 497 4162 αὑτοῦ,
548 4097 850 4163 τουτέστιν,
900 4098 1384 4174 ἐλευθερῶν-τοὺς
1437 4105 1759 4180 ἀνθρώπους
1795 4108 1900 4162 ἀπὸ

302 4185 400 4239 τοῦ
427 4187 754 4258 δαιμονικοῦ
789 4190 997 4254 πάθους
1016 4233 1030 4253 .
1061 4192 1332 4265 πρότερον
1364 4197 1554 4251 λοιπον
1594 4198 1762 4270 ἔδησα
1805 4202 1901 4254 καί

303 4281 583 4338 κατέλυσα
631 4284 758 4347 τοὺς
806 4283 1090 4355 δαίμονας,
1141 4289 1238 4340 καὶ
1289 4287 1482 4361 ἐχθρὸς
1522 4291 1706 4345 αὐτῶν
1759 4295 1896 4364 εἰμι.

305 4370 433 4433 Πῶς
460 4369 554 4426 οὖν
585 4371 745 4443 ὑμεῖς
769 4370 958 4440 λέγετε
986 4375 1064 4427 ὅτι
1100 4375 1432 4440 Βεελςεὸοὺλ
1464 4378 1595 4448 ἔχω,
1624 4382 1895 4448 τουτέστι,

301 4461 578 4533 δαιμόνων
593 4462 747 4532 φίλος
765 4461 842 4518 ὣν
865 4464 960 4517 καὶ
984 4465 1180 4535 μάγος.
1201 4467 1451 4522 ἐκϐάλλω
1467 4472 1597 4533 τοὺς
1614 4471 1702 4524 δαί
1710 4491 1896 4542 pawn;

381 4659 401 4693 ι
439 4641 612 4714 Ἀμὴν
639 4640 782 4712 λέγω
813 4644 943 4714 ὑμῖν
963 4643 1046 4697 ὅτι
1072 4646 1249 4700 πάντα
1278 4647 1612 4718 ἀφεθήσεται
1634 4651 1702 4704 τὰ
1720 4653 1898 4722 ἁμαρ-

2006 3546 2183 3613 fortis,
2229 3547 2335 3602 nisi
2391 3546 2712 3617 priusillum
2774 3546 3047 3603 vinxerit?
3123 3546 3393 3603 Ciuterum
3461 3554 3604 3620 quod

2003 3639 2157 3704 dicit,
2190 3637 2296 3694 hoc
2321 3636 2426 3694 sibi
2461 3637 2570 3692 vnlt
2594 3653 2606 3689 :
2634 3637 2819 3694 Fortis
2843 3647 2924 3694 est
2951 3637 3198 3694 daemon:
3231 3654 3361 3696 vasa
3417 3649 3600 3697 autem

2003 3731 2140 3800 ejus,
2196 3731 2446 3786 homines
2478 3740 2604 3786 sunt
2655 3731 2748 3799 qtti
2805 3732 2873 3784 ab
2935 3730 3027 3786 illo
3087 3740 3363 3788 tenentur.
3415 3732 3604 3805 Itaque

2006 3824 2111 3879 nisi
2173 3823 2298 3894 quis
2349 3823 2504 3894 prius
2587 3822 2768 3894 alliget
2845 3824 3147 3880 daimoncm
3215 3835 3272 3880 et
3335 3826 3603 3891 destruat,

2003 3917 2279 3987 quomodo
2328 3930 2458 3971 vasa
2483 3915 2601 3984 ejus
2632 3918 2699 3974 ab
2733 3931 2799 3972 eo
2830 3915 3076 3973 auferet?
3106 3919 3494 3983 darmoniacos,
3521 3919 3591 3973 in-

2003 4023 2190 4081 quam.
2229 4009 2466 4067 Proinde
2497 4010 2621 4080 quia
2649 4026 2749 4081 ego
2775 4025 2899 4066 vasa
2941 4011 3060 4081 ejus
3115 4010 3332 4082 diripio,
3369 4013 3472 4069 hoc
3520 4027 3602 4069 est

2005 4099 2176 4156 libero
2205 4099 2457 4156 homines
2481 4100 2549 4155 ab
2586 4097 2872 4156 aﬂ’ectione
2901 4099 3260 4166 daemoniaca,
3313 4112 3603 4159 consenta-

2007 4207 2169 4247 neum
2220 4203 2307 4248 εει
2334 4194 2479 4262 quod
2527 4192 2764 4262 primum
2823 4193 3105 4264 ligaverim
3139 4203 3194 4250 et
3231 4195 3599 4252 destruxerim

2004 4284 2301 4349 damones,
2329 4292 2386 4340 et
2421 4284 2676 4340 inimicus
2709 4286 2924 4340 illorum
2965 4285 3091 4342 sim.
3129 4287 3410 4355 Quomodo
3437 4290 3604 4361 igitur

2007 4391 2101 4431 vos
2153 4377 2335 4433 dicitis
2367 4378 2509 4447 quod
2555 4375 2839 4443 Beelzebul
2882 4379 3132 4446 habeam,
3180 4383 3281 4437 hoc
3329 4392 3433 4449 εει,
3479 4397 3601 4438 enm

2003 4469 2215 4524 amicus
2275 4469 2377 4523 sim
2444 4470 2750 4525 daemonum
2812 4481 2868 4527 et
2941 4488 3170 4542 magns,
3223 4474 3439 4545 cjiciam
3497 4478 3592 4531 dac-

2005 4562 2230 4618 mones?

2070 4656 2242 4712 Vens.
2269 4656 2461 4712 28—30.
2495 4676 2512 4708 ι
2547 4661 2717 4712 Amen
2750 4658 2870 4712 dico
2898 4658 3073 4726 vobis,
3102 4674 3282 4716 omnia
3311 4663 3602 4718 remitten-

306 4734 533 4838 τήματα
566 4736 682 4838 τοῖς
731 4735 1012 4838 υἰοιςέτῶν
1045 4737 1374 4808 ἀνθρώπων,
1412 4741 1506 4818 καὶ
1555 4742 1897 4814 βλασφημίαι
1934 4771 1978 4827 D

1934 4771 1978 4827 υ
2013 4760 2099 4803 tur
2122 4747 2251 4838 filiis
2281 4752 2561 4806 hominum
2592 4762 2810 4822 peccata
2841 4762 2894 4807 et
2927 4753 3162 4809 convitia
3185 4756 3603 4830 quibuscunquc

306 4820 437 4883 ὅσας
491 4820 557 4874 ἂν
603 4821 1094 4894 βλασφημήσωσιν.
1158 4828 1256 4891 Ὃς
1305 4829 1351 4882 δ’
1403 4832 1471 4884 ἂν
1523 4833 1899 4909 βλασφημήσῃ

307 4915 385 4989 εἰς
433 4914 494 4968 τὸ
531 4915 758 4987 Πνεῦμα
805 4919 867 4970 τὸ
894 4917 1070 4988 ἅγιον,
1122 4920 1226 4974 οὐκ
1272 4923 1384 4993 ἔχει
1432 4925 1628 4995 ἄφεσιν
1679 4932 1756 4991 εἰς
1802 4930 1897 4981 tim

308 5005 502 5071 αἰῶνα,
531 5007 648 5060 ἀλλ’
697 5008 880 5080 ἔνοχός
917 5012 1066 5066 ἐστιν
1093 5008 1318 5073 αἰώνίου
1355 5019 1628 5088 κρίσεως·
1664 5023 1746 5082 ὃτι
1782 5022 1897 5075 ἑλε-

311 5117 423 5170 γαν.
487 5101 714 5172 Πνεῦμα
749 5106 1062 5176 ἀκάθαρτον
1093 5108 1227 5177 ἔχει.
1265 5128 1283 5161 ι
1325 5110 1581 5166 Τοιοῦτόν
1628 5113 1680 5166 τί
1732 5132 1897 5185 φησιν

309 5194 542 5247 ἰνταῦθα
566 5210 580 5224 ·
609 5196 750 5250 Ὅσα
775 5199 872 5266 μὲν
915 5199 1050 5253 ἄλλα
1090 5203 1498 5273 ἁμαρτάνουσιν
1515 5208 1564 5259 οἰ
1594 5207 1893 5278 ἄνθρωποι,

314 5289 470 5359 τυχὸν
500 5290 677 5362 ἔχοιεν
706 5291 776 5345 ἂν
807 5292 902 5346 καὶ
933 5296 1377 5365 προφασίσασθαι
1410 5317 1484 5361 τι,
1511 5301 1605 5353 καὶ
1645 5303 1893 5370 συγγνὼο

306 5400 418 5454 μης
448 5387 655 5454 τυχεῖν,
701 5386 795 5440 τοῦ
837 5386 975 5440 Θεοῦ
1023 5393 1088 5462 τῇ
1125 5389 1237 5445 τῶν
1283 5393 1592 5465 ἀνθρώπων
1636 5397 1891 5469 ἀσθενείᾳ

305 5476 857 5542 σνγκαταὸαίνοντος,
913 5475 1058 5534 οἷον’
1107 5483 1294 5552 ἔλεγον
1327 5487 1419 5538 τὸν
1479 5488 1685 5558 Κύριον
1728 5492 1900 5559 φάγον

303 5569 402 5621 καὶ
471 5571 780 5642 οἰνοπότην,
840 5574 996 5641 φίλον
1062 5577 1311 5630 τελωνῶν
1381 5581 1474 5633 καὶ
1531 5581 1900 5650 ἁμαρτωλῶν,

305 5661 642 5734 συγγνώμης
676 5666 1076 5736 ἀξιωθήσονται
1123 5671 1215 5721 ἐπὶ
1263 5671 1474 5744 τούτῳ⁹
1516 5674 1647 5726 ὅταν
1688 5674 1746 5726 δὲ
1781 5674 1900 5744 βλέ-

305 5768 501 5816 ποντες
526 5755 687 5809 αὑτὸν
712 5756 970 5827 θαύματα
995 5759 1215 5825 ἐξαίσια
1239 5765 1630 5836 ἐργαζόμενον,
1650 5765 1905 5839 βλασφη-

307 5843 455 5901 νῶσι
487 5847 547 5900 τὸ
575 5847 821 5921 Πνεῦμα,
855 5853 1128 5921 τουτέστι,
1157 5854 1257 5920 τὰς
1286 5855 1372 5913 διὰ
1404 5857 1498 5912 τοῦ
1546 5858 1701 5929 ἁγίου
1729 5859 1905 5914 Ilvati-

2002 4836 2280 4902 t-nnvit‘iati
2333 4844 2573 4903 fuerint:
2605 4857 2659 4902 at
2700 4847 2792 4917 qui
2819 4848 3115 4902 convitium
3148 4849 3349 4905 dixerit
3385 4851 3436 4906 in
3467 4851 3601 4922 Spi-

2004 4935 2166 4990 ritum
2191 4944 2463 5004 sanctum,
2493 4952 2600 4991 non
2632 4938 2797 4992 habet
2826 4939 3201 4994 remissionem
3227 4943 3279 4994 in
3304 4951 3598 5006 aeternum,

2002 5027 2098 5083 sed
2156 5028 2431 5084 obnoxius
2483 5041 2568 5084 est
2628 5040 2834 5085 esterno
2884 5031 3087 5100 judicio
3125 5033 3292 5101 :quia
3329 5034 3602 5099 dicebant.

2002 5119 2267 5190 Spiritum
2295 5121 2633 5178 immundum
2658 5124 2838 5179 habet.
2875 5145 2892 5176 ι
2913 5124 3045 5180 Tale
3066 5127 3326 5196 quiddam
3357 5129 3603 5186 hocnlocn

2004 5214 2130 5267 dicit
2167 5231 2181 5268 :
2216 5212 2561 5284 Quaecunque
2587 5217 2691 5269 alia
2722 5220 3064 5287 peceat‘erint
3100 5221 3368 5288 homines,
3400 5223 3602 5279 habent

2004 5303 2145 5360 forte
2169 5308 2310 5375 quod
2341 5318 2644 5377 praetexam
2673 5319 2725 5363 et
2761 5311 2975 5366 veniam
3016 5326 3441 5384 consequantur,
3491 5318 3600 5372 Deo

2005 5398 2056 5451 id
2091 5401 2436 5455 condonante
2463 5403 2713 5456 humanae
2740 5402 3044 5459 infirmitati
3076 5428 3089 5460 ;
3120 5419 3179 5461 ut
3205 5411 3437 5479 exempli
3472 5426 3598 5482 gra-

2004 5492 2098 5556 tia,
2128 5494 2384 5548 dicebant
2413 5492 2577 5564 189
2601 5494 2882 5552 Christum
2905 5497 3212 5557 helluonetn
3236 5512 3291 5558 et
3319 5504 3597 5569 bibonem,

2002 5588 2236 5638 amicum
2297 5585 2709 5655 publicanorum
2773 5598 2830 5644 et
2869 5605 3242 5661 peccatorum,
3283 5597 3336 5651 in
3373 5598 3462 5652 illo
3503 5614 3598 5655 ve-

2003 5681 2146 5731 niam
2222 5687 2585 5748 assequentur
2617 5699 2627 5733 :
2660 5683 2879 5751 quando
2930 5700 3110 5740 autem
3169 5692 3414 5747 videntes
3470 5709 3596 5748 eum

2003 5770 2220 5836 operari
2287 5772 2551 5828 miracula
2605 5775 2934 5842 indubitata,
2974 5781 3394 5852 blasphentarint
3426 5787 3595 5860 Spiri-

2003 5865 2138 5924 tum,
2199 5860 2298 5917 ltoc
2355 5873 2434 5919 est
2491 5865 2628 5922 mira
2685 5878 2850 5935 opera
2899 5887 2994 5942 per
3030 5873 3288 5946 Spiritum
3341 5893 3591 5937 sanctum
