4298 6446
296 413 409 477 529

1009 413 1461 478 ENARRATIO
1504 416 1589 478 IN
1618 416 2124 483 EVANGELIUM
2163 415 2424 477 MARCL
2467 439 2538 451 —
2566 414 2723 476 CAP.
2771 413 2870 476 IV.

3467 405 3576 471 630

296 524 384 585 ei;
411 523 511 593 τὴν
554 522 660 592 γῆν
686 523 785 594 τὴν
826 521 1019 597 καλὴν,
1047 528 1144 581 καὶ
1177 528 1352 584 ἐδίδου
1388 529 1605 602 καρπὸν
1648 531 1885 587 ἀνασαι-
1913 537 1961 596 Α.

1879 537 1961 596 ιλ
1993 531 2227 587 fructum
2258 543 2363 584 non
2404 527 2574 584 dedit.
2602 527 2669 582 Et
2712 527 2859 582 aliud
2897 523 3098 581 cecidit
3133 522 3187 578 in
3249 529 3448 577 terram
3476 522 3576 580 bo-

297 629 465 666 νοντα
503 615 592 665 καὶ
631 612 956 681 αὐξάνοντα,
992 618 1088 671 καὶ
1118 619 1316 689 ιφερεν
1343 619 1404 674 ἓν
1436 623 1753 691 τριάκοντα,
1788 625 1884 680 καὶ

297 704 360 756 ἒν
385 705 673 774 ἑξήκοντα,
706 709 801 761 καὶ
827 706 888 761 ἓν
934 709 1152 764 ἑκατόν.
1190 712 1300 766 Καὶ
1328 713 1515 781 ἔλεγεν
1545 715 1734 778 αὐτοῖς
1760 727 1775 743 ⁶
1822 715 1883 768 Ὀ

299 798 441 868 ἔχων
462 790 580 854 ὦτα
599 799 842 864 ἀκούειν,
883 801 1154 856 ἀκουέτω.
1188 804 1319 858 Ὅτε
1353 804 1410 858 δὲ
1439 807 1660 873 ἐγένετο
1711 824 1882 861 κατα-

301 889 492 958 μόνας,
532 888 830 960 ἠρώτησαν
890 893 1056 946 αὐτὸν
1105 896 1154 947 oi
1210 895 1343 965 περὶ
1395 897 1560 950 αὑτὸν
1599 899 1699 952 σὺν
1765 902 1882 963 τοῖς

293 979 509 1035 δώδεκα
538 981 636 1053 τὴν
696 983 1032 1055 παραδολὴν,
1088 985 1182 1038 καὶ
1220 985 1407 1055 ἔλεγεν
1443 990 1627 1053 αὐτοῖς
1662 1003 1676 1020 ⁸
1715 991 1880 1063 ’Υμίν

294 1073 511 1132 δέδοται
533 1074 737 1143 γνῶναι
753 1076 815 1129 τὸ
851 1079 1155 1149 μυστήριον
1180 1082 1278 1149 τῆς
1310 1081 1589 1150 βασιλείας
1609 1084 1704 1139 τοῦ
1722 1086 1881 1155 Θεοῦ,

295 1166 530 1229 ἐκείνοις
560 1165 618 1219 δὲ
655 1169 768 1231 τοῖς
797 1167 922 1233 ἔξω,
949 1169 1008 1222 ὲν
1031 1169 1371 1240 παραϐολαῖς
1413 1175 1482 1228 τὰ
1522 1176 1701 1231 πάντα
1732 1177 1884 1246 γίνε-

295 1269 409 1326 ται,
452 1262 535 1314 ἵνα
591 1261 899 1332 βλέποντες.
956 1264 1220 1336 βλέπωσι.
1270 1268 1364 1321 καὶ
1420 1269 1496 1339 μὴ
1543 1271 1718 1338 ἴδωσι,
1785 1274 1882 1327 καὶ

296 1352 614 1418 ἀκούοντες,
637 1354 898 1417 ἀκούωσι,
927 1357 1022 1418 καὶ
1049 1356 1125 1427 μὴ
1149 1358 1378 1423 συνῶσι,
1405 1361 1618 1430 μήποτε
1640 1364 1887 1433 ὲπιστρέο

295 1440 469 1509 ψωσι,
501 1444 594 1495 καὶ
627 1442 802 1512 ἀφεθῇ
839 1443 1022 1508 αὐτοῖς
1060 1445 1132 1498 τὰ
1156 1447 1556 1518 ἁμαρτήματα.
1589 1469 1609 1501 ι
1647 1451 1884 1522 Πρώτην

296 1531 510 1603 ταύτην
537 1536 636 1603 τὴν
667 1526 985 1607 παραϐολὴν
1015 1536 1198 1605 τίθησι
1219 1538 1320 1609 τὴν
1349 1541 1482 1611 περὶ
1515 1541 1610 1596 τοῦ
1651 1544 1880 1616 σπόρου,

298 1618 387 1676 ἴνα
416 1625 617 1696 ποιήσῃ
645 1626 1184 1699 προσεκτικωτέρους
1219 1633 1346 1694 τοὺς
1373 1633 1678 1703 ἀκροατάς.
1724 1635 1881 1690 Ἐπεὶ

299 1715 416 1786 γὰρ
451 1716 634 1785 μέλλει
683 1720 860 1773 εἰπεῖν
889 1721 972 1774 δτι
1004 1723 1033 1775 6
1089 1723 1291 1793 σπόρος
1322 1727 1471 1781 ἐστὶν
1502 1729 1530 1781 6
1563 1729 1743 1797 λόγος,
1775 1733 1878 1801 ἐμ-

298 1803 484 1858 πεσὼν
499 1804 557 1860 δὲ
577 1807 660 1868 εις
677 1807 1120 1878 ἀπροσκέπτους,
1141 1812 1448 1885 φθείρεται,
1474 1817 1669 1873 τούτου
1695 1819 1885 1874 ἓνεκεν

295 1894 408 1967 πρὸ
456 1897 568 1951 τῶν
611 1897 788 1953 ἄλλων
817 1901 888 1955 τὰ
929 1901 1156 1960 τοιαῦτα
1193 1905 1365 1974 λέγει,
1398 1907 1477 1970 ὡς
1523 1908 1590 1963 ἂν
1649 1912 1884 1969 σπουδά-

295 2003 467 2040 σωσιν
499 1989 549 2040 οι
580 1990 849 2063 ακροαταὶ
879 1991 958 2062 μὴ
990 1993 1177 2065 ἐκείνῃ
1219 1998 1287 2066 τῇ
1322 1999 1393 2068 γῇ
1447 1998 1787 2072 ὁμοιωθῆναι
1814 2004 1882 2074 τῇ

293 2077 390 2130 τὸν
432 2079 634 2150 σπόρον
664 2080 1080 2158 διαφθειρούσῃ.
1115 2087 1212 2151 Τίς
1258 2084 1353 2141 οὖν
1379 2090 1529 2142 ὶστὶν
1554 2092 1584 2144 6
1609 2094 1880 2166 σπείρωνς

295 2167 463 2230 αὐτὸς
504 2171 533 2222 6
561 2170 821 2239 Χριστὸς,
859 2172 918 2235 ὃς
946 2173 1170 2244 ἐξῆλθεν
1219 2177 1285 2230 ἐκ
1334 2177 1445 2232 τῶν
1505 2180 1727 2236 κόλπων
1773 2183 1884 2237 τῶν

295 2254 590 2322 Πατρικῶν
625 2258 1012 2332 φιλανθρωπίᾳ
1043 2264 1141 2316 καὶ
1171 2270 1586 2334 συγκαταόάσει
1615 2271 1880 2343 ἀνεκφοι-

290 2347 496 2416 τήτως.
535 2348 760 2420 Ἐξῆλθε
784 2352 842 2416 δὲ
858 2353 958 2422 οὐχ
983 2352 1071 2407 τινα
1119 2356 1385 2431 ἐμπρήσῃ
1414 2360 1515 2430 τὴν
1556 2362 1882 2433 κατηραμέ-

294 2452 400 2503 νην
417 2435 544 2503 γῆν,
575 2439 671 2492 καὶ
696 2440 792 2500 τὰς
815 2445 1060 2514 πονηρὰς
1097 2447 1323 2516 καρδίας
1347 2464 1361 2478 ·
1397 2450 1518 2504 οὐδὲ
1554 2451 1643 2505 ἵνα
1671 2453 1883 2527 ἐκτέμῃ

292 2525 395 2590 τὶς
427 2528 688 2593 ἀκάνθας,
745 2532 860 2586 ἀλλ’
897 2534 985 2588 ἵνα
1033 2540 1236 2610 σπείρῃ
1269 2540 1359 2593 τὸν
1420 2543 1646 2614 σπόρον.
1713 2525 1879 2600 Ποῖον

289 2615 350 2669 δι
380 2618 612 2689 σπόρον;
635 2615 787 2694 ’Δρα
811 2623 902 2676 τὸν
935 2625 1030 2678 τοῦ
1054 2627 1330 2704 Μωσέως;
1357 2626 1468 2702 ἆρα
1495 2634 1588 2686 τὸν
1615 2635 1724 2689 τῶν
1748 2655 1884 2706 προ·

295 2709 520 2780 φητῶνς
573 2712 729 2782 Οὐχὶ,
779 2714 916 2769 ἀλλὰ
969 2715 1063 2770 τὸν
1110 2719 1304 2784 αὑτοῦ,
1340 2723 1645 2789 τουτέστιν,
1698 2726 1784 2781 ἵνα
1821 2728 1882 2782 τὸ

295 2800 627 2890 Εὑαγγέλιον
659 2805 825 2859 αὐτοῦ
853 2808 1344 2883 κηρύξῃ.Ἐκείνος
1378 2813 1479 2884 μὲν
1499 2810 1595 2870 οὖν
1635 2817 1878 2890 ἔσπειρε.

295 2888 419 2942 Τῶν
449 2889 507 2943 δὲ
554 2896 888 2964 σπερμάτων
915 2897 944 2952 δ
979 2899 1106 2970 μὲν,
1146 2902 1345 2956 ἔπεσεν
1376 2906 1458 2969 εις
1487 2907 1668 2980 ψυχὴν
1708 2888 1880 2966 κατα·-

292 2984 692 3055 πεπατημένην
726 2987 833 3042 ὑπὸ
862 2991 1076 3046 πολλῶν
1098 3009 1112 3024 °
1165 2996 1260 3048 xui
1289 2997 1360 3051 τὰ
1397 3001 1624 3054 πετεινὰ
1651 3000 1746 3054 τοῦ
1790 3003 1881 3056 οὖ-

293 3074 484 3143 ρανοῦ,
534 3077 585 3129 οι
631 3077 889 3150 δαίμονες
934 3083 1080 3154 λέγω
1129 3088 1180 3140 οι
1241 3090 1334 3141 τὸν
1366 3091 1507 3161 ἀέρα
1539 3095 1879 3164 κατέχοντες,

288 3167 425 3220 κὰτὲ
437 3183 601 3236 1ςαγον
617 3170 708 3223 τὸν
734 3173 958 3246 σπόρον.
989 3177 1234 3233 Τοιοῦτοι
1267 3181 1375 3251 γάρ
1401 3184 1542 3237 εἰσιν
1571 3186 1622 3239 οἱ
1665 3187 1879 3258 ἀνθρω‹

295 3257 586 3328 πάρεσκοι,
621 3261 741 3326 ὁδὸς
773 3272 1286 3343 καταπεπατημένη
1319 3274 1426 3328 ὑπὸ
1481 3277 1714 3332 πολλῶν·
1748 3257 1879 3334 ὅταν

291 3352 400 3421 γάρ
430 3370 513 3416 τις
537 3355 727 3443 πάντα
758 3359 973 3432 πράττῃ
1025 3362 1166 3432 πρὸς
1205 3365 1266 3419 τὸ
1297 3367 1498 3437 ἀρέσαι
1533 3371 1730 3443 τούτῳ,
1785 3377 1885 3429 κάο

289 3445 472 3532 κείνῳ,
503 3441 655 3512 οὗτος
677 3455 1072 3508 καταπατεῖται
1097 3455 1203 3510 ὑπὸ
1227 3458 1459 3516 πολλῶν.
1487 3462 1632 3532 Ὅρα
1653 3441 1710 3517 δέ
1731 3481 1747 3495 ·
1782 3469 1883 3522 οὐκ

286 3529 444 3588 εἶπεν
473 3537 554 3590 δτι
581 3539 844 3612 "apsum
873 3544 1008 3599 αὐτὸ
1030 3547 1124 3601 ιπι
1153 3549 1254 3618 τὴν
1285 3550 1428 3614 ὁδὸν,
1462 3529 1580 3607 ἀλλδ
1619 3556 1879 3614 Ἔπεσεν.

297 3625 359 3678 Ὀ
397 3628 498 3695 μὲν
526 3631 636 3701 γὰρ
687 3634 948 3707 σπείρων,
1004 3637 1082 3702 ὡς
1139 3641 1223 3704 εις
1269 3642 1485 3715 ἀγαθὴν
1517 3648 1622 3716 γῆν
1672 3649 1879 3718 ῥίπτει,

287 3719 472 3813 εκείνη
500 3721 560 3776 δὲ
590 3727 803 3796 πονηρὰ
830 3729 1224 3806 εὑρισκομένη,
1260 3734 1473 3809 φθείρει
1519 3739 1613 3793 τὸν
1652 3742 1878 3813 σπόρον,

286 3811 407 3881 ἦτοι
433 3813 524 3866 τὸν
571 3816 752 3886 λόγον.
799 3821 958 3886 Τινὲς
994 3822 1057 3876 δὲ
1092 3825 1154 3878 τὸ
1194 3827 1352 3898 Παρά
1400 3830 1501 3901 τὴν
1533 3831 1653 3886 ὁδὸν
1691 3811 1878 3901 ἔπεσε,

287 3909 594 3977 χαριέντως
624 3913 880 3986 ἐνόησαν,
908 3918 996 3972 δτι
1021 3919 1220 3975 επεσεν
1246 3924 1326 3986 εις
1343 3925 1578 3980 ἄπιστον
1602 3929 1832 4000 καρδίαν
1862 3946 1877 3962 ο

284 4000 408 4065 ὁδὸς
432 4003 532 4072 μὲν
557 4003 668 4075 γὰρ
686 4009 716 4060 6
744 4009 983 4079 Χριστός
1014 4026 1029 4042 ’
1054 4013 1210 4083 παρὰ
1251 4014 1352 4087 τὴν
1379 4017 1500 4072 ὁδὸν
1546 4019 1605 4073 δέ
1659 4023 1799 4076 εἰσιν
1828 4025 1878 4076 οἱ

284 4091 532 4162 ἄπιστοι,
552 4095 604 4150 oi
627 4095 733 4164 ἔξω
748 4099 848 4170 τῆς
866 4100 1012 4168 ὀδοῦ,
1032 4106 1284 4160 τουτέστι
1310 4107 1406 4161 τοῦ
1424 4110 1690 4180 Χριστοῦ.
1715 4113 1878 4168 ’Δλλο

283 4182 341 4274 δὲ
371 4184 566 4240 πίπτει
599 4189 691 4242 ἐπὶ
733 4190 914 4263 ψυχὴν
965 4195 1258 4267 πετρώδη·
1297 4200 1425 4264 τοὺς
1455 4200 1695 4269 εὐκόλως
1733 4204 1882 4274 λέγω

283 4273 633 4346 δεχομένους,
668 4274 788 4334 εἶτα
808 4283 1220 4350 ἁποσάλλοντας
1247 4305 1262 4320 υ
1299 4288 1351 4343 οἳ
1393 4290 1695 4362 πετρώδεις
1745 4273 1874 4363 εἰσὶ,

288 4364 428 4417 κατά
453 4383 503 4420 τι
529 4370 726 4440 μικρὸν
757 4373 996 4440 ἐοικότες
1019 4379 1088 4448 τῇ
1116 4379 1312 4450 πέτρᾳ,
1336 4380 1414 4452 τῷ
1445 4383 1670 4456 Χριστῷ
1701 4405 1873 4459 φημι,

286 4455 425 4508 καθὸ
453 4456 702 4521 ἐδέξαντο
731 4462 823 4515 τὸν
867 4465 1026 4534 λόγον
1047 4483 1063 4500 ο
1112 4469 1250 4523 καθὸ
1286 4469 1344 4523 δὲ
1376 4473 1513 4542 πρδς
1542 4455 1736 4546 καιρὸν
1764 4455 1875 4532 ⁷δέ·

1990 639 2136 689 nam,
2193 631 2249 677 et
2279 622 2440 677 dabat
2470 619 2706 676 iructum
2732 626 3102 688 emergentem
3135 624 3189 671 et
3210 626 3570 679 crescentem,

1985 724 2042 770 et
2071 713 2332 769 aﬂerebat
2361 729 2530 769 unum
2581 713 2831 783 triginta,
2862 719 2916 766 et
2956 723 3126 764 unum
3159 707 3469 778 sexaginta,
3521 715 3578 763 et

1987 820 2156 860 unum
2184 812 2424 860 centum.
2450 803 2532 859 Ac
2559 803 2772 859 dicebat
2805 801 2914 857 illis
2943 820 2954 855 :
2982 799 3087 867 Qui
3119 798 3284 853 habet
3312 811 3477 852 aures
3507 797 3574 849 ad

1987 895 2338 960 audiendum,
2364 896 2565 950 audiat.
2599 893 2938 964 Cunilautem
2965 890 3226 961 coepisset
3251 903 3378 945 esse
3404 889 3574 953 solus,

1976 989 2470 1057 interrogaverunt
2501 1001 2626 1042 eum
2669 986 2724 1040 hi
2756 985 2848 1056 qui
2878 985 3025 1038 circa
3057 981 3233 1052 ipsum
3264 988 3424 1036 erant
3450 994 3572 1034 cum

1987 1080 2271 1136 duodecim
2299 1079 2370 1135 de
2406 1077 2688 1148 parabola,
2717 1083 2772 1132 et
2799 1077 3013 1132 dicebat
3041 1074 3124 1130 eis
3151 1089 3166 1130 :
3199 1072 3366 1127 Vobis
3388 1072 3574 1126 datum

1985 1185 2073 1230 est
2105 1187 2270 1230 nosse
2321 1173 2639 1244 mysterium
2703 1170 2856 1238 regni
2919 1168 3054 1235 Dei;
3091 1167 3199 1222 illis
3243 1177 3423 1220 autem
3484 1165 3576 1234 qui

1987 1264 2123 1321 furis
2155 1273 2306 1329 sunt,
2339 1279 2437 1335 per
2471 1262 2759 1334 parabolas
2787 1260 2972 1316 omnia
3020 1259 3198 1314 fiunt:
3241 1268 3301 1312 ut
3316 1257 3575 1312 videntes

1987 1353 2208 1409 videant
2239 1361 2293 1410 et
2351 1359 2464 1408 non
2518 1360 2794 1419 cernant';
2827 1358 2884 1407 et
2949 1349 3235 1406 audientes
3265 1348 3489 1402 audiant
3526 1357 3579 1401 ct

1987 1460 2094 1500 non
2131 1443 2459 1516 intelligant,
2491 1444 2776 1514 nequando
2819 1450 3215 1499 convertantur
3272 1448 3328 1495 et
3380 1438 3577 1494 remit-

1989 1543 2176 1592 tantur
2216 1538 2298 1592 eis
2351 1545 2600 1606 peccata.
2666 1553 2686 1587 ι
2756 1533 2996 1589 Primam
3063 1533 3207 1588 hanc
3258 1529 3576 1600 parabolam

1988 1629 2160 1700 ponit,
2192 1643 2316 1699 quze
2348 1636 2433 1684 est
2465 1628 2532 1684 de
2558 1628 2790 1693 semine,
2828 1641 2935 1697 quo
2968 1625 3268 1680 reddantur
3299 1623 3580 1677 auditores

1986 1721 2325 1777 attentiores.
2353 1720 2630 1789 Quoniam
2655 1722 2800 1776 enim
2869 1720 3116 1775 dicturus
3171 1723 3295 1773 erat
3350 1715 3576 1771 verbum

1987 1825 2112 1869 esse
2141 1826 2352 1875 semen,
2384 1811 2528 1882 quod
2557 1812 2646 1866 ubi
2681 1810 2945 1867 ceciderit
2990 1810 3044 1864 in
3093 1823 3284 1878 parum
3311 1815 3576 1865 attentos.

1917 1876 1962 1933 Β
1987 1903 2361 1975 corrumpitur
2379 1876 2720 1974 {propterea
2750 1908 2876 1956 ante
2896 1901 3002 1956 alia
3035 1876 3150 1954 inse
3173 1898 3328 1962 dicit,
3395 1906 3455 1952 ut
3480 1912 3576 1952 au-

1972 1993 2198 2051 ditores
2246 1993 2502 2049 studeant
2531 2006 2639 2048 non
2691 1992 2769 2047 illi
2807 1998 2973 2047 terra;
3001 1989 3208 2046 similes
3253 1987 3394 2055 ﬁeri,
3458 2001 3580 2056 quas

1986 2097 2173 2140 semen
2207 2083 2497 2152 disperdit.
2521 2083 2660 2151 Quis
2691 2084 2856 2153 igitur
2899 2091 2984 2138 est
3016 2081 3107 2150 qui
3159 2079 3430 2135 seminat?
3463 2079 3582 2148 ipse

1985 2173 2240 2231 Christus
2273 2175 2366 2245 qui
2397 2175 2566 2230 exivit
2595 2191 2626 2231 ο
2655 2174 2907 2230 Paternis
2940 2174 3154 2230 sinibus
3187 2171 3444 2228 inell‘abili
3480 2173 3581 2224 mia

1988 2269 2284 2325 sericordia
2315 2283 2376 2325 se
2412 2271 2568 2325 nobis
2601 2277 2994 2337 attemperans.
3026 2265 3209 2321 Exivit
3239 2273 3422 2321 autem
3474 2278 3578 2319 non

1984 2371 2047 2419 ut
2077 2360 2330 2415 incendat
2353 2360 2695 2416 maledictam
2726 2367 2926 2415 terram
2945 2368 3000 2414 et
3023 2358 3162 2412 mala
3187 2359 3372 2423 corda,
3401 2370 3580 2426 neque

1987 2464 2045 2508 ut
2074 2462 2295 2508 exsecet
2331 2454 2538 2524 spinas,
2585 2453 2682 2508 sed
2747 2461 2807 2506 ut
2872 2451 3106 2507 seminet
3142 2465 3352 2506 semen.
3409 2450 3583 2517 Quale

1985 2552 2166 2600 autem
2195 2545 2422 2600 semen?
2454 2544 2713 2614 Nunquid
2744 2543 2948 2599 Mosis?
3003 2544 3250 2612 nunquid
3284 2544 3578 2614 propheta-

1985 2633 2147 2687 rum?
2201 2633 2343 2700 Non,
2399 2635 2495 2689 sed
2547 2649 2726 2700 suum,
2778 2639 2881 2689 hoc
2927 2643 3012 2688 est
3083 2642 3142 2688 ut
3223 2633 3579 2704 Evangeliutu

1986 2740 2145 2781 suum
2183 2726 2468 2795 praedicet.
2513 2725 2610 2782 llle
2642 2728 2810 2798 igitur
2841 2726 3154 2782 seminavit.
3218 2726 3340 2806 lam
3386 2741 3577 2782 semen

1986 2817 2130 2873 aliud
2167 2817 2222 2873 in
2262 2818 2504 2874 animam
2525 2833 2556 2874 a
2585 2820 2772 2874 multis
2804 2820 3190 2876 conculcatam
3224 2818 3425 2875 cecidit
3454 2836 3468 2872 :
3525 2828 3582 2874 et

1984 2911 2228 2968 volatilia
2249 2913 2398 2977 cteli,
2436 2914 2711 2969 daemones
2733 2914 2878 2980 dico,
2908 2914 2997 2985 qui
3025 2929 3208 2970 aerem
3247 2915 3580 2981 inhabitant,

1985 3003 2343 3059 comederunt
2372 3019 2578 3060 semen.
2607 3004 2766 3060 Tales
2797 3007 2944 3060 enim
2985 3014 3112 3062 sunt
3147 3007 3236 3075 qui
3271 3007 3583 3063 hominibus

1988 3094 2209 3165 placere
2240 3096 2453 3163 volunt,
2509 3097 2594 3151 via
2650 3097 2859 3153 scilicet
2918 3097 3238 3154 conculcata
3287 3099 3576 3156 amultis:

1988 3190 2210 3260 quando
2248 3190 2394 3246 enim
2435 3192 2558 3261 quis
2589 3191 2772 3246 omnia
2808 3191 2938 3247 facit
2969 3200 3026 3246 ut
3073 3192 3202 3248 huic
3247 3203 3300 3246 et
3333 3191 3409 3247 illi
3469 3193 3581 3262 pla-

1989 3291 2136 3348 ceat,
2167 3283 2270 3338 iste
2319 3297 2348 3337 a
2389 3282 2577 3338 multis
2610 3284 2989 3339 conculcatur.
3032 3282 3170 3339 Vide
3224 3295 3406 3339 autem
3439 3284 3582 3356 quod

1989 3389 2094 3429 non
2117 3375 2318 3431 dixerit
2339 3389 2399 3431 se
2415 3374 2710 3446 proiecisse
2736 3375 2869 3432 illud
2899 3376 2954 3431 in
2980 3378 3146 3440 viam,
3170 3378 3264 3432 sed
3289 3377 3580 3433 cecidisse.

1983 3465 2120 3522 Nam
2151 3467 2246 3537 qui
2288 3469 2548 3534 seminat,
2581 3483 2682 3524 ceu
2718 3469 2771 3524 in
2815 3478 3021 3524 terram
3083 3469 3285 3525 bonam
3315 3469 3532 3539 proiicit
3562 3489 3576 3523 ε

1985 3559 2075 3612 illa
2111 3568 2294 3616 autem
2329 3561 2376 3617 si
2409 3559 2633 3616 inventa
2665 3561 2833 3617 fuerit
2859 3561 3028 3627 mala,
3075 3577 3287 3628 semen,
3321 3578 3416 3619 seu
3464 3580 3584 3618 vcr-

1983 3649 2110 3705 bum
2160 3653 2484 3725 corrumpit.
2532 3652 2765 3721 Quidam
2817 3665 3000 3710 autem
3051 3667 3148 3726 per
3194 3671 3382 3712 semen
3435 3659 3581 3726 quod

1983 3758 2143 3800 secus
2175 3746 2318 3801 viam
2353 3747 2572 3813 cecidit,
2621 3747 2849 3819 pulchre
2880 3749 3267 3806 intellexerunt
3308 3754 3452 3822 quod
3488 3768 3584 3807 ce-

1987 3835 2187 3892 ciderit
2212 3838 2267 3892 in
2306 3840 2668 3897 corlniideie.
2704 3840 2802 3897 Via
2839 3842 2987 3898 enim
3017 3851 3106 3899 est
3149 3841 3432 3912 Christus,
3471 3861 3581 3903 ca:-

1985 3936 2162 3982 terum
2213 3944 2373 3986 secus
2403 3931 2571 3997 viam,
2627 3942 2757 3988 sunt
2801 3934 3056 3990 inﬁdeles
3093 3936 3184 4006 qui
3239 3946 3396 3992 extra
3435 3939 3580 3994 viam

1982 4027 2134 4087 sunt,
2170 4020 2272 4076 hoc
2303 4030 2389 4078 est
2415 4021 2726 4080 Christum.
2749 4024 2910 4081 Aliud
2942 4038 3127 4083 autem
3158 4031 3307 4085 cadit
3346 4031 3402 4087 in
3455 4035 3580 4088 ani-

1983 4125 2127 4166 mam
2164 4122 2438 4182 petrosam
2466 4131 2481 4169 :
2513 4129 2609 4170 eos
2643 4116 2787 4179 dico,
2823 4119 2916 4188 qui
2947 4118 3110 4175 facile
3139 4123 3474 4194 suscipiunt,
3525 4136 3583 4182 et

1984 4202 2181 4259 deinde
2210 4204 2501 4274 abjieiunt.
2532 4205 2638 4274 Qui
2667 4211 2874 4278 petrosi
2902 4221 3052 4279 sunt,
3085 4213 3152 4268 ad
3185 4230 3411 4286 parvum
3449 4219 3584 4274 ιοιὴέ
3646 4204 3648 4206 ’

1980 4309 2084 4364 pus
2120 4296 2329 4354 similes
2369 4297 2499 4355 iacti
2539 4309 2709 4368 petra:
2747 4302 2992 4372 Christo,
3044 4305 3101 4362 in
3143 4308 3248 4365 hoc
3280 4311 3426 4379 quod
3448 4326 3576 4383 ser-

1983 4401 2201 4443 mortem
2257 4402 2664 4462 susceperunt:
2722 4395 3021 4453 dissimiles
3073 4408 3252 4457 autem
3313 4400 3468 4469 facti,
3514 4418 3583 4460 eo

1984 4482 2130 4550 quod
2157 4482 2225 4538 ad
2249 4491 2465 4554 tempus
2495 4486 2660 4542 breve
2687 4499 3074 4560 susceperunt,
3101 4501 3154 4547 et
3201 4492 3401 4550 deinde
3439 4496 3582 4565 ahjc.

285 4565 494 4616 χονται,
529 4548 649 4605 εἶτα
691 4554 1116 4624 ἀποϐάλλουσιν,
1171 4561 1519 4628 ἀπεοικότες.
1576 4568 1684 4620 Καὶ
1747 4570 1878 4625 ἄλλο
1909 4585 1954 4642 υ

1909 4585 1954 4642 υ
1982 4548 2198 4629 cerunt.
2237 4574 2304 4630 Et
2344 4548 2494 4632 aliud
2529 4580 2583 4634 in
2634 4548 2874 4636 animam
2932 4548 3132 4641 cecidit
3183 4548 3395 4642 multis
3426 4548 3577 4644 curis

283 4642 365 4703 εἰς
392 4643 574 4714 ψυχὴν
607 4647 973 4718 πολύφροντιν
1006 4668 1023 4684 ο
1058 4653 1296 4709 ἄκανθαι
1328 4656 1438 4729 γὰρ
1477 4660 1534 4713 αἱ
1566 4662 1874 4731 φροντίδες.

281 4733 358 4787 Τὸ
388 4735 445 4789 δδ
480 4736 766 4811 τέταρτον,
797 4744 880 4808 εις
921 4745 1028 4814 γῆν
1094 4747 1330 4821 ἀγαθήν.
1377 4752 1522 4824 Ὅρα
1579 4753 1713 4822 γοῦν
1754 4756 1874 4822 πῶς

284 4828 490 4882 σπάνια
523 4831 590 4884 τὰ
617 4831 779 4898 καλὰ,
815 4835 913 4888 καὶ
944 4835 1116 4906 ὀλίγοι
1143 4840 1194 4893 οἱ
1227 4841 1546 4914 σωζόμενοι*
1582 4847 1646 4899 τὺ
1671 4848 1873 4920 τέταρ·

286 4935 374 4972 εον
415 4921 526 4991 γὰρ
566 4923 730 4994 μόνον
779 4925 878 4980 τοῦ
928 4929 1136 5000 σπόρου
1189 4932 1520 5005 εὑρίσκεταιι
1576 4937 1867 4994 διασωθέν.

282 5010 409 5074 Τοῖς
429 5007 526 5066 οὖν
547 5015 819 5086 μαθηταῖς
847 5019 1194 5092 ἐρωτήσασιύ
1223 5026 1388 5082 αὐτὸν
1421 5027 1550 5100 ἰδίᾳ,
1589 5031 1757 5100 φησὶν
1787 5032 1871 5087 ὄτι

289 5101 456 5174 ’Υμῖίν
482 5104 690 5162 δίδοται
735 5110 1033 5187 γνῷναιτὰ
1082 5118 1377 5188 μυστήρια.
1418 5115 1546 5192 Ἆρ’
1591 5120 1685 5176 οὖν
1731 5125 1876 5178 κατὰ

1981 4666 2300 4734 obnoxiam,
2332 4671 2507 4740 spinae
2562 4672 2708 4728 enim
2747 4687 2897 4730 curae
2929 4685 3082 4732 sunt.
3128 4676 3373 4748 Denique
3415 4695 3582 4750 quar-

1983 4765 2098 4812 tum
2157 4759 2209 4814 in
2246 4769 2449 4817 terram
2475 4763 2674 4819 bonam
2708 4767 2928 4823 cecidit.
2986 4767 3220 4826 Proinde
3260 4771 3383 4828 vide
3436 4788 3578 4843 quo-

1982 4848 2144 4904 modo
2174 4864 2297 4905 rara
2334 4853 2634 4923 sintbona,
2677 4864 2733 4912 et
2773 4859 2932 4928 pauci
2960 4861 3054 4930 qui
3090 4870 3422 4918 serventur:
3453 4881 3576 4919 nam

1979 4947 2237 5007 quartum
2271 4939 2430 5013 191
2467 4952 2678 5000 tantum
2729 4961 2920 5004 semen
2953 4950 3227 5005 invenitur
3275 4965 3575 5011 servatum.

1981 5027 2154 5087 Porro
2209 5033 2498 5105 discipulis
2548 5040 2783 5095 seorsim
2835 5040 3308 5113 interrogantibus
3371 5048 3574 5118 inquit,

1985 5141 2005 5176 ι
2033 5122 2204 5179 Vobis
2237 5127 2424 5182 datum
2469 5137 2553 5184 est
2604 5145 2770 5188 nosse
2801 5135 3060 5204 mysteria
3079 5135 3219 5191 ἰτ-⁷⁸.
3257 5155 3276 5189 ι
3321 5137 3582 5211 Nunquid

283 5195 675 5292 αποκλήρωσιν
704 5204 802 5256 καὶ
854 5206 1202 5279 εἱμαρμένην
1248 5213 1312 5264 ὲκ
1360 5212 1575 5280 φύσεως
1605 5218 1717 5279 τοῖς
1771 5217 1873 5288 μὲν
1979 5234 1980 5239 ‘

1979 5215 2146 5286 igitur
2201 5231 2300 5286 per
2349 5224 2787 5292 segregationem
2833 5195 2889 5280 e't
2923 5229 3170 5286 naturale
3223 5229 3394 5285 i‘atum
3455 5195 3577 5291 aliis

277 5284 514 5350 δέδοται,
535 5295 644 5354 τοῖς
661 5293 720 5346 δὲ
739 5294 838 5362 ob;
866 5297 958 5370 Μὴ
983 5300 1194 5367 γένοιτο
1213 5302 1229 5355 ι
1247 5303 1362 5356 ἀλλ’
1379 5305 1612 5371 ἐκείνοις
1639 5284 1871 5373 δέδοται,

1978 5284 2548 5381 quidem—datumvest',
2578 5314 2702 5372 aliis
2733 5331 2864 5373 vero
2895 5321 3047 5375 non?
3092 5284 3252 5377 Absit
3338 5284 3575 5381 sed

278 5380 396 5487 τοῖς
427 5378 676 5449 ζητοῦσι.
713 5403 736 5436 t
785 5389 1014 5458 Ζητεῖτε
1064 5393 1195 5463 γὰρ,
1234 5397 1389 5466 φησι,
1435 5399 1533 5451 καὶ
1584 5397 1872 5469 δοθήσεται

1975 5378 2166 5456 datum
2191 5406 2391 5474 estqui
2447 5378 2752 5477 inquirunt.
2800 5429 2820 5463 ι
2866 5411 3113 5478 Quaerite
3165 5416 3335 5478 enim,
3372 5418 3572 5487 inquit,

281 5467 440 5534 ὑμῖν.
472 5489 492 5523 ι
535 5473 676 5537 Τοὺς
709 5476 766 5530 δὲ
788 5479 1015 5547 λοιποὺς
1042 5485 1355 5555 ἐτύφλωσεν
1407 5491 1437 5543 6
1468 5489 1624 5553 Θεὸς,
1672 5467 1760 5545 ῐνα
1795 5492 1871 5565 μὴ
1975 5520 1978 5540 ‹

1975 5502 2031 5550 et
2063 5494 2285 5550 dabitur
2315 5499 2490 5553 vobis.
2520 5518 2539 5550 ι
2578 5499 2825 5556 Creteros
2860 5514 3044 5560 autem
3078 5506 3377 5562 excatcavit
3411 5510 3569 5574 Deus,

278 5561 418 5658 πρὸς
449 5566 672 5621 πλείονα
700 5572 1032 5642 κατάκρισιν
1053 5579 1236 5632 αὐτῶν
1275 5581 1362 5651 εἴη
1385 5581 1447 5634 τὸ
1469 5585 1612 5636 νοεῖν
1639 5585 1700 5636 τὸ
1722 5561 1870 5650 δέον,

1979 5601 2047 5642 ne
2074 5587 2148 5642 sit
2179 5587 2287 5644 illis
2334 5589 2389 5643 in
2420 5589 2683 5658 majorem
2712 5598 3231 5654 condemnationem
3284 5601 3327 5655 si
3371 5601 3574 5656 intelli-

279 5651 360 5724 μὴ
391 5659 744 5728 πραττόντων
771 5663 923 5720 αὐτό.
957 5669 1171 5734 Ἄλλως
1200 5688 1214 5700 ·
1248 5671 1436 5738 Θέλεις
1469 5673 1675 5742 γνῶναι
1708 5676 1796 5731 ὅτι
1835 5680 1864 5730 ὁ
1973 5706 1976 5745 ί

1973 5689 2104 5749 gaut
2132 5690 2187 5738 et
2211 5697 2317 5739 non
2351 5682 2574 5741 iaciant.
2606 5683 2675 5741 Et
2704 5688 2867 5746 aliter
2901 5707 2918 5748 :
2957 5691 3053 5749 Vis
3093 5695 3237 5750 scirc
3263 5695 3390 5768 quin
3431 5696 3569 5752 Deus

357 5834 477 5867 ⁷⁷·⁷¹⁸
493 5835 627 5895 Luc.
664 5857 786 5906 t'm,
827 5845 912 5901 10.
