4298 6446
752 419 854 489 531

1679 413 2263 478 THEOPHYLACTI
2305 408 2715 472 BULGARLE
2756 406 3115 470 ARCHIEI’.

3881 405 3989 467 532

752 538 883 592 facit
903 549 1088 591 omnes
1125 532 1340 588 videre!
1366 532 1511 587 audi.
1546 528 1616 586 Ut
1647 531 1896 594 videntes,
1937 530 2040 583 hoc
2057 535 2141 582 est
2169 526 2261 580 Dei
2290 541 2305 577 :
2340 526 2384 583 Α
2418 523 2449 576 ε

2293 541 2305 577 :
2340 526 2384 583 Α
2418 521 2548 586 Θεὸς
2589 524 2795 585 πάντας
2827 521 3052 591 ἐποίησε
3088 516 3308 587 βλέπειν
3354 517 3415 570 τδ
3443 516 3589 581 δέονς
3634 515 3817 570 ἄκουε.
3853 516 3990 570 ἰνα

756 644 861 679 »οη
889 627 1120 688 videant,
1158 621 1298 676 istnd
1335 631 1416 677 est
1449 621 1668 676 malitiae
1699 620 1930 675 illorum.
1990 617 2130 671 Deus
2170 616 2315 671 enim

749 704 1109 777 formavlteos
1132 713 1517 778 videntes,hoc
1566 720 1642 767 est
1676 713 1872 766 bonum
1896 707 2310 779 intelligentes:

750 806 848 873 ipsi
880 817 1057 858 autem
1080 820 1184 859 non
1205 804 1408 868 vident,
1430 818 1523 857 sua
1547 810 1740 871 sponte
1764 799 1950 855 oculos
1977 799 2314 863 claudentes,

749 914 814 952 ue
843 904 1229 951 convertantur
1251 903 1304 948 et
1332 893 1713 960 emendentur,
1751 893 1903 963 quasi
1941 908 2051 948 suae
2076 894 2313 962 ipsorum

747 991 906 1042 saluti
940 998 991 1042 et
1014 987 1379 1041 emendationi
1408 988 1704 1041 invideant.
1731 985 1911 1042 Potest
1940 987 2104 1040 etlam
2153 994 2208 1040 et
2237 986 2314 1039 sic

750 1078 1190 1148 intelligizAliis
1252 1079 1304 1132 in
1369 1078 1640 1146 parabolis
1703 1078 1911 1147 loquor,
1950 1089 2009 1131 ut
2072 1077 2316 1131 videntes

749 1186 852 1223 non
882 1170 1121 1233 videant,
1146 1170 1498 1223 etaudieutes
1524 1185 1627 1222 non
1660 1169 1983 1239 intelligant,
2021 1167 2309 1237 nequando

749 1277 810 1313 ex
836 1260 939 1314 hoc
974 1268 1358 1325 convertantur
1398 1268 1451 1313 et
1480 1259 1853 1314 emendentur.

828 1526 989 1579 Vens.
1025 1525 1209 1582 l5-20.
1264 1545 1281 1577 ι
1316 1526 1380 1580 Et
1413 1528 1487 1580 ait
1538 1526 1644 1580 illis
1677 1543 1690 1578 :
1722 1523 1952 1578 Nescitis
2004 1520 2312 1592 parabolam

752 1617 937 1670 hanc?
987 1627 1039 1671 et
1075 1619 1342 1685 quomodo
1384 1632 1573 1671 omnes
1616 1616 1905 1686 parabolas
1942 1613 2315 1685 cognoscetis?

749 1710 1062 1763 Seminator
1094 1710 1181 1765 ille
1220 1724 1525 1764 sermonem
1570 1709 1819 1762 seminat.
1857 1705 1951 1763 Isti
2004 1720 2131 1761 vero
2191 1706 2352 1759 sunt'

2414 616 2751 681 βλέποντες
2773 632 2787 645 ·
2810 614 2969 667 τοῦτο
2992 610 3086 666 τοῦ
3102 608 3237 664 Θεοῦ
3260 624 3274 638 ⁸
3296 607 3382 678 μὴ
3404 606 3874 673 βλέπωσι,τοῦτο
3889 610 3991 673 τῆς

2420 708 2616 771 κακίας
2650 707 2855 761 αὐτῶν.
2907 706 2968 759 '0
2999 704 3099 776 μιν
3123 703 3232 773 γὰρ
3263 701 3395 764 Θεὸς
3446 700 3741 769 βλέποντας
3788 698 3991 759 αὐτοὺς

2417 802 2639 861 ἔπλασε.
2685 798 2953 861 τουτέστι,
3017 795 3273 857 νοοῦντας
3312 793 3373 847 τὸ
3408 790 3595 855 καλὸν,
3624 791 3779 843 αὐτοὶ
3824 786 3881 842 δὲ
3925 791 3987 841 οὐ

2419 892 2730 962 βλέπουσιν,
2765 886 3033 947 ἑκουσίως
3062 883 3436 954 καμμύοντες.
3503 882 3589 933 ἶνα
3622 880 3696 949 μὴ
3728 883 3993 948 ἐπιστρα-

2419 984 2561 1049 φῶσι
2595 983 2689 1035 καὶ
2737 976 3103 1049 διορθωθῶσιν
3137 991 3154 1006 ο
3209 974 3452 1043 ὡσπερεὶ
3493 973 3604 1040 γὰρ
3654 974 3718 1039 τῇ
3782 970 3993 1022 ἑαυτῶν

2422 1074 2663 1145 σωτηρίᾳ
2684 1073 2778 1127 καὶ
2800 1070 3083 1142 βελτιώσει
3111 1067 3417 1136 φθονοῦσιν.
3451 1066 3607 1117 Ἔστι
3641 1063 3696 1116 δὲ
3720 1065 3816 1115 καὶ
3844 1063 3991 1116 οὕτω

2422 1170 2630 1237 νοῆσαι,
2660 1167 2763 1224 ὅτι,
2813 1163 2937 1224 Τοῖς
2968 1161 3177 1222 λοιποῖς
3231 1158 3290 1209 ιν
3324 1153 3665 1224 παραϐολαῖς
3705 1154 3871 1220 λέγω,
3903 1154 3994 1204 (va

2419 1259 2706 1326 βλέποντες
2753 1257 2827 1325 μὴ
2864 1253 3121 1323 βλέπωσι,
3172 1251 3266 1303 ml.
3299 1246 3585 1308 ἀκούοντες
3618 1248 3689 1314 μὴ
3724 1245 3970 1306 συνῶσι,

2421 1352 2630 1419 μήποτε
2679 1349 2783 1402 κᾶν
2838 1348 2902 1399 ὲκ
2954 1343 3148 1397 τούτου
3210 1340 3583 1411 ὲπιστρέψωσι
3622 1338 3716 1391 καὶ
3767 1334 3998 1406 διορθω-

2418 1443 2603 1495 θῶσιν.

2492 1552 2509 1583 ι
2547 1534 2655 1585 Καὶ
2689 1533 2836 1599 λέγει
2882 1530 3069 1591 αὐτοῖς
3116 1544 3130 1559 ⁶
3163 1527 3277 1581 Ούκ
3316 1525 3496 1579 οἴδατε
3529 1525 3628 1592 τὴν
3678 1518 3997 1591 παραϐολὴν

2416 1624 2649 1693 ταύτηνς
2687 1622 2782 1675 καὶ
2817 1621 2935 1683 πῶς
2965 1619 3147 1681 πάσας
3179 1619 3279 1681 τάς
3326 1614 3643 1685 παραόολάς
3684 1609 3993 1679 γνὼσεσθει

2432 1716 2489 1769 '0
2519 1714 2777 1783 σπείρων,
2797 1712 2890 1766 τὸν
2915 1711 3071 1779 λόγον
3098 1709 3330 1780 σπείρει.
3353 1700 3512 1762 Οὗτοι
3539 1706 3597 1758 δέ
3630 1706 3738 1757 sim.
3762 1705 3808 1755 οί
3841 1702 3995 1769 παρὰ

748 1800 836 1865 qni
860 1800 1009 1867 juxta
1042 1800 1179 1854 viain
1216 1800 1483 1863 dicuntur,
1522 1799 1607 1853 ubi
1660 1798 1959 1853 seminatur
1986 1810 2167 1852 sermo
2211 1836 2228 1860 ,
2261 1804 2315 1850 et
2345 1867 2385 1877 _
2416 1825 2445 1859 τ

2296 1804 2315 1847 ι
2345 1867 2385 1877 _
2416 1807 2516 1877 τὴν
2539 1806 2686 1859 όδόψ
2722 1806 2856 1858 ὅπου
2894 1802 3178 1871 σπείρεται
3207 1800 3237 1853 ό
3292 1800 3471 1867 λόγος,
3512 1797 3609 1851 καὶ
3639 1798 3769 1849 ὅταν
3820 1793 3992 1847 ἀκού-

746 1906 866 1943 cum
906 1892 1197 1953 audierint,
1235 1891 1521 1947 confestim
1568 1892 1717 1945 venit
1744 1890 2000 1953 Satanas,
2044 1898 2097 1942 et
2134 1888 2312 1941 aufert
2345 1867 2388 1926 Β
2425 1915 2443 1950 ε

2295 1867 2388 1941 ιθ
2425 1867 2608 1959 «Law,
2658 1896 2856 1958 εὐθέως
2888 1867 3108 1962 ιρχεται
3154 1893 3183 1943 ό
3242 1890 3506 1953 Σατανᾶς,
3541 1886 3635 1939 καὶ
3694 1883 3842 1953 αἴρει
3899 1880 3992 1933 τὸν

747 1999 1054 2037 sermonem
1102 1986 1192 2053 qui
1236 1986 1530 2038 semiuatus
1572 1994 1653 2037 est
1708 1984 1756 2037 in
1816 1982 2067 2038 cordibus
2101 1996 2309 2036 eorum.

748 2075 811 2127 Et
842 2077 930 2129 alii
953 2086 1078 2130 sunt
1104 2078 1350 2130 similiter
1408 2079 1457 2129 ai
1488 2077 1538 2129 in
1574 2084 1786 2145 petrosa
1806 2089 1989 2130 semen
2018 2074 2310 2143 accipiunt.

750 2167 838 2231 qui
873 2181 995 2221 cum
1048 2167 1315 2221 audierint
1348 2181 1675 2232 sermonem,
1731 2168 1908 2221 statim
1943 2181 2063 2221 cum
2120 2166 2314 2234 gaudio

749 2256 1021 2321 accipiunt
1054 2255 1227 2320 illum,
1279 2264 1332 2309 et
1362 2271 1465 2310 non
1501 2255 1699 2309 habent
1734 2257 1969 2310 radicem
2000 2256 2051 2310 in
2104 2270 2184 2319 se,
2218 2254 2313 2309 sed

752 2346 1061 2413 tcmporarii
1088 2356 1253 2399 sunt:
1287 2346 1476 2399 deinde
1517 2356 1701 2400 coorta
1734 2345 2019 2399 afﬂictione
2068 2352 2160 2397 aut
2192 2359 2312 2413 per-

748 2439 1027 2489 secutione
1052 2448 1268 2504 propter
1293 2451 1616 2501 sermonem,
1636 2438 1925 2493 confestim
1944 2435 2312 2491 oﬂ'enduntur.

751 2526 811 2577 lit
843 2527 932 2578 alii
968 2536 1090 2579 sunt
1116 2527 1203 2595 qui
1237 2528 1288 2579 in
1332 2528 1519 2595 Spinas
1569 2542 1750 2581 semen
1784 2528 2076 2596 accipiunt.
2112 2527 2150 2580 li
2189 2535 2315 2581 sunt

758 2632 836 2674 1ttl
870 2632 1176 2671 sermonem
1233 2618 1455 2671 audiunt
1509 2635 1519 2668 :
1568 2629 1619 2671 at
1675 2618 2069 2673 sollicitudines
2130 2618 2313 2673 saeculi

749 2708 930 2777 hujus,
954 2709 1307 2778 deceptioque
1331 2710 1661 2770 divitiarum,
1683 2720 2107 2777 ceterarumque
2133 2724 2312 2765 rerum

749 2801 1074 2868 rupiditates
1122 2802 1485 2866 introcuutes,
1554 2801 1820 2857 sul‘focant
1878 2816 2208 2867 sermonem,
2252 2817 2315 2857 ac

752 2893 994 2947 redditur
1029 2892 1352 2947 infructifer.
1405 2893 1470 2947 Et
1494 2893 1581 2947 alii
1616 2904 1735 2947 sunt
1775 2895 1865 2963 qui
1910 2894 1962 2947 in
1994 2904 2193 2947 terram
2222 2894 2316 2950 ho-

751 2999 872 3037 num
916 2999 1099 3039 semen
1148 2998 1497 3052 exceperunt,
1550 2984 1641 3052 qui
1692 2985 1919 3039 audiunt
1976 2988 2221 3049 verbum,
2264 2994 2317 3039 et

748 3075 1071 3143 suscipiunt,
1096 3084 1149 3129 et
1175 3074 1521 3139 fructificant,
1542 3076 1614 3129 ita
1632 3085 1688 3130 ut
1710 3078 1854 3130 aliud
1880 3092 2107 3147 granum
2128 3076 2315 3131 aﬂ‘erat

750 3168 990 3235 triginta,
1024 3167 1164 3223 aliud
1196 3169 1495 3238 sexaginta,
1522 3170 1662 3223 aliud
1710 3180 1950 3224 centum.
1996 3188 2014 3221 ι
2056 3168 2191 3225 Tres
2232 3184 2314 3223 or-

748 3260 903 3311 dines
928 3268 1054 3313 Sunt
1086 3260 1185 3313 hoc
1241 3260 1356 3311 lnro
1392 3275 1575 3314 eorum
1612 3261 1661 3313 in
1694 3260 1889 3329 quibus
1918 3260 2135 3316 verbum
2187 3275 2310 3329 per.

748 3353 915 3406 ditur.
944 3350 1076 3404 Nam
1106 3351 1159 3406 hi
1216 3352 1304 3420 qui
1340 3362 1461 3407 sunt
1506 3367 1662 3407 secus
1700 3354 1861 3420 viam,
1903 3369 2085 3422 parum
2123 3354 2315 3407 attenti

747 3451 919 3505 sunt;
970 3443 1021 3493 hi
1075 3452 1249 3495 autem
1307 3442 1396 3509 qui
1441 3452 1820 3503 comparantur
1867 3452 2051 3510 petra,
2098 3440 2316 3511 pusilla-

750 3532 920 3584 nimes
958 3548 970 3593 ;
1002 3530 1074 3583 illi
1117 3544 1244 3583 vero
1274 3532 1361 3597 qui
1414 3541 1799 3600 comparantur
1836 3532 2022 3602 spinis,
2079 3531 2312 3586 delicati.

748 3621 945 3675 Eorum
976 3638 1190 3692 quoque
1226 3626 1318 3691 qui
1359 3626 1655 3693 suscipiunt
1683 3633 1735 3677 et
1758 3632 2314 3681 conservantsemen,

750 3716 1003 3771 similiter
1028 3726 1134 3771 tres
1156 3726 1283 3771 sunt
1315 3717 1555 3771 ordines.
1592 3714 1726 3769 Nam
1776 3717 1863 3785 qui
1901 3717 2131 3771 fructum
2184 3713 2317 3769 affe-

750 3809 1228 3879 runtccnluplum,
1250 3820 1371 3865 Sunt
1408 3812 1502 3878 qui
1534 3809 1835 3879 perfectam
1867 3818 1921 3863 et
1944 3824 2207 3864 summam
2235 3809 2315 3861 vi-

749 3913 853 3956 tam
890 3912 1053 3973 agunt
1104 3920 1117 3969 ;
1158 3903 1245 3972 qui
1306 3914 1482 3956 autem
1533 3903 1972 3973 sexagecnplum,
2022 3901 2075 3955 bi
2114 3900 2316 3954 medio-

744 4009 889 4049 crem
929 4012 942 4060 ;
990 3995 1043 4049 hl
1081 4009 1208 4050 vero
1250 3996 1339 4063 qui
1397 3995 1776 4065 tr'gecuplum,
1814 4003 1941 4048 sunt
1991 3994 2081 4062 qui
2149 4006 2314 4061 parva

743 4089 982 4159 quidem,
1023 4086 1254 4143 afferunt
1298 4098 1478 4141 tamen
1511 4100 1562 4142 et
1592 4088 1693 4157 ipsi
1738 4102 1836 4157 pro
1867 4088 1980 4140 suis
2012 4086 2232 4146 viribus,
2258 4095 2317 4139 ut

744 4182 975 4247 exempli
1013 4182 1203 4249 gratia,
1242 4181 1473 4249 virgines
1509 4189 1563 4233 et
1618 4180 1889 4235 solitarii:
1938 4178 2062 4231 item
2092 4177 2180 4231 alii
2224 4178 2314 4248 qui

749 4274 798 4324 iu
826 4273 1091 4326 ccenobiis
1119 4281 1172 4326 et
1196 4272 1710 4343 congregatiOuibus
1738 4272 1924 4324 vivunt
1952 4269 2075 4327 :alii
2099 4284 2317 4340 quoque

746 4364 868 4419 laici
928 4375 981 4419 et
1031 4366 1324 4435 coniugati.
1390 4362 1772 4418 Verumtamen
1820 4362 2077 4417 Dominus
2128 4377 2317 4417 omnes

746 4469 998 4525 tanquam
1062 4456 1294 4509 fructum
1348 4455 1635 4510 aﬂerenti-s
1689 4456 1931 4525 suscipit.
1994 4455 2175 4511 Gratia
2246 4456 2316 4509 sit

745 4552 859 4619 ejus
890 4548 1295 4603 misericordia’.

820 4638 982 4693 Vens.
1028 4639 1222 4691 21-23.
1268 4657 1285 4689 ι
1327 4636 1391 4689 Ει
1424 4639 1642 4691 dicebat
1698 4638 1800 4689 illis
1840 4656 1850 4687 :
1904 4636 2039 4688 Num
2091 4636 2311 4688 lucerna

747 4734 894 4788 venit
957 4744 1012 4785 ut
1046 4732 1235 4785 suliter
1287 4732 1521 4783 modium
1559 4724 1811 4798 ponatur,
1869 4740 1959 4781 aut
2014 4734 2197 4782 subter
2241 4730 2315 4782 le-

744 4824 930 4881 Ctum?
963 4825 1149 4877 Nonne
1173 4832 1229 4876 ut
1260 4838 1423 4890 super
1470 4821 1852 4875 candelabrum
1899 4820 2162 4887 pOnatur?
2203 4818 2316 4872 Non

750 4928 833 4973 est
872 4918 1014 4973 enim
1050 4916 1207 4987 192
1240 4916 1531 4985 quidquam
1560 4914 1830 4967 occultum
1880 4914 2020 4983 quod
2056 4928 2159 4965 non
2200 4927 2315 4965 ma-

749 5010 1031 5064 nifestetur
1066 5026 1079 5063 :
1112 5022 1285 5075 neque
1338 5006 1434 5059 fuit
1466 5017 1758 5069 secretum,
1798 5004 1900 5058 nisi
1937 5014 1993 5057 ut
2031 5005 2081 5058 in
2118 5019 2316 5073 propa-

748 5104 914 5157 tulum
955 5102 1154 5153 veniat.
1222 5098 1275 5151 Si
1317 5100 1437 5167 quis
1487 5098 1647 5151 habet
1677 5112 1839 5151 aures
1871 5098 1936 5151 ad
1969 5098 2319 5161 audiendum,

749 5197 950 5249 audiat.
1000 5213 1016 5244 ι
1055 5193 1165 5246 Hoc
1198 5192 1313 5246 loco
1342 5193 1593 5245 admonet
1623 5193 1894 5258 apostolos
1924 5201 1981 5245 ut
2016 5192 2123 5245 siut
2158 5189 2320 5244 clara:

748 5296 797 5340 et
843 5287 1080 5340 honesta:
1103 5284 1259 5349 vitaz;
1293 5284 1421 5337 dicit
1446 5284 1588 5337 enim
1618 5304 1629 5338 :
1664 5284 1820 5339 Sicut
1846 5284 2063 5339 lucerna
2093 5283 2313 5348 punitur

750 5388 801 5430 ut
833 5378 1031 5441 luceat,
1062 5377 1132 5430 ita
1162 5385 1215 5430 et
1244 5376 1352 5429 vita
1386 5385 1561 5430 vestra
1588 5376 1839 5431 omnibus
1871 5376 2161 5441 conspicua
2192 5375 2316 5440 erit,

750 5482 799 5524 et
830 5486 1019 5525 omnes
1062 5471 1128 5525 ad
1182 5471 1349 5537 ipsam
1410 5470 1698 5537 respicient
1732 5487 1744 5522 :
1783 5469 1989 5523 idcirco
2038 5469 2159 5522 date
2189 5482 2312 5537 ope-

753 5578 865 5614 ran.
917 5572 968 5613 ut
1000 5562 1106 5615 vita
1145 5571 1321 5615 vestra
1352 5562 1489 5614 bona
1528 5562 1615 5615 sit.
1660 5560 1843 5631 qutte
1866 5561 2009 5619 enim
2038 5560 2088 5613 in
2125 5562 2321 5630 angulo

754 5653 975 5717 sedetis,
1013 5657 1107 5708 sed
1156 5654 1371 5707 lucerna
1414 5656 1564 5709 estis.
1602 5652 1841 5708 Lucerna
1872 5663 2051 5709 autem
2082 5668 2185 5707 non
2222 5653 2322 5707 sub

752 5744 892 5799 lecto
934 5748 1257 5809 occultatur,
1317 5748 1408 5801 sed
1468 5761 1630 5816 super
1690 5746 2076 5801 candelabrum
2125 5746 2317 5814 posita,

752 5836 910 5897 lucet.
948 5838 1041 5894 Est
1074 5850 1250 5896 autem
1288 5850 1339 5894 et
1370 5840 1739 5913 unusquisque
1771 5847 2036 5899 nostrum,
2078 5838 2318 5899 lucerna,

2424 1989 2579 2057 λόγον
2601 1988 2691 2040 τὸν
2718 1985 3061 2055 ἐσπαρμένον
3097 1985 3155 2036 ὲν
3184 1984 3301 2042 ταῖς
3336 1978 3581 2047 καρδίαις
3626 1976 3835 2029 αὐτῶν.
3883 1970 3994 2025 Καὶ

2422 2082 2565 2137 οῦτοί
2596 2083 2735 2133 είσιν
2771 2077 2971 2148 ὁμοίως
3017 2078 3065 2129 οί
3103 2076 3196 2128 ἐπὶ
3224 2075 3292 2127 τὰ
3328 2070 3578 2141 πετρώδη
3612 2069 3991 2139 σπειρόμενοι,

2421 2173 2470 2224 οἳ
2497 2173 2623 2225 ὅταν
2653 2169 2928 2223 ἀκούσωσι
2953 2166 3042 2219 τὸν
3064 2165 3244 2233 λόγον,
3281 2162 3481 2223 εὐθέως
3510 2158 3646 2229 μετὰ
3670 2158 3844 2228 χαρᾶς
3863 2156 4001 2223 λαμ.

2423 2264 2677 2316 ὁάνουσιν
2712 2261 2897 2324 αὐτὸν,
2959 2262 3051 2313 καὶ
3100 2259 3201 2311 οὐκ
3241 2257 3425 2327 ἔχουσι
3454 2254 3612 2323 ῥίζαν
3642 2254 3698 2303 ὲν
3756 2250 3994 2309 ἑαυτοῖς,

2423 2356 2557 2409 ἀλλά
2587 2352 2911 2423 πρόσκαιροί
2942 2354 3078 2405 εἰσιν
3104 2368 3117 2382 ’
3148 2345 3266 2403 εἶτα
3310 2348 3609 2417 γενομένης
3663 2344 3896 2409 θλίψεως
3951 2342 3986 2410 ἢ

2422 2448 2661 2516 διωγμοῦ
2694 2447 2781 2499 διὰ
2813 2446 2903 2498 τὸν
2941 2444 3120 2511 λόγον,
3145 2441 3349 2503 εὐθέως
3377 2437 3845 2499 σκανδαλίζονται.
3883 2432 3998 2486 Καὶ

2424 2536 2565 2594 οὗτοί
2597 2541 2754 2602 είσιν,
2785 2539 2833 2589 oi
2893 2538 2972 2596 είς
2998 2534 3096 2598 τὰς
3125 2531 3368 2593 ἀκάνθας
3418 2528 3789 2598 σπειρόμενοι,
3821 2526 3871 2576 οἱ
3901 2522 3998 2575 τὴν

2426 2637 2581 2704 λόγον
2620 2632 2924 2693 ἀκούοντες,
2956 2630 3047 2682 καὶ
3087 2629 3141 2680 ai
3180 2627 3442 2696 μέριμναι
3470 2622 3563 2675 τοῦ
3622 2620 3816 2680 αἰῶνος
3864 2615 3995 2667 τού-

2422 2744 2540 2790 του,
2593 2727 2685 2778 καὶ
2720 2726 2751 2793 ἡ
2784 2722 2969 2789 ἀπάτη
2998 2719 3093 2773 τοῦ
3135 2719 3367 2771 πλούτου
3396 2716 3491 2769 καὶ
3521 2716 3577 2767 al
3631 2712 3759 2779 περὶ
3782 2710 3850 2762 τά
3887 2707 4002 2759 λοι⁴

2425 2817 2503 2870 πὰ
2565 2815 2871 2884 ἐπιθυμίαι,
2948 2809 3402 2881 εἰσπορευόμεναι
3481 2803 3845 2873 συμπνίγουσι
3901 2799 3997 2850 τὸν

2424 2911 2601 2977 λόγον,
2640 2908 2732 2960 καὶ
2763 2906 3009 2975 ἄκαρπος
3045 2903 3276 2971 γίνεται.
3309 2899 3421 2954 Καὶ
3450 2894 3597 2951 οὗτοί
3650 2896 3785 2947 εἰσιν
3818 2891 3869 2944 οἱ
3902 2890 4001 2942 ἐπὶ

2424 3000 2520 3069 τὴν
2555 2999 2659 3066 γῆν
2687 2997 2783 3067 τὴν
2807 2995 2978 3063 καλὴν
3012 2992 3332 3063 σπαρέντες,
3358 2989 3411 3042 οἵ
3440 3004 3585 3049 τινες
3612 2983 3871 3038 ἀκούουσι
3904 2979 4000 3032 τὸν

2427 3092 2583 3159 λόγον
2635 3091 2729 3142 καὶ
2785 3085 3205 3156 παραδίχονται,
3278 3083 3372 3135 καὶ
3438 3070 3881 3147 καρποφοροῦσιν
3938 3070 3999 3123 ἰν

2424 3184 2718 3251 τριάκοντα
2753 3179 2845 3233 καὶ
2883 3178 2941 3230 ἒν
2984 3177 3249 3246 ἑξήκοντα
3294 3174 3387 3227 καὶ
3424 3170 3485 3223 ἓν
3512 3168 3729 3223 ἑκατόν.
3768 3185 3786 3217 ι
3832 3164 4001 3232 Τρεῖς

2418 3274 2600 3339 τάξεις
2648 3273 2782 3325 είσὶν
2816 3269 3047 3323 ἐνταῦθα
3080 3269 3178 3337 τῆς
3226 3265 3504 3326 ἀπωλείας
3549 3261 3645 3314 τοῦ
3708 3258 3894 3325 λόγου.
3930 3257 3996 3309 υί

2424 3368 2521 3436 μὲν
2560 3366 2667 3435 γὰρ
2728 3362 2879 3433 παρά
2930 3362 3028 3431 τὴν
3067 3362 3205 3426 όδθιν,
3242 3358 3589 3426 ἀπρόσεκτοι,
3649 3352 3698 3405 οἱ
3728 3351 3785 3405 δὲ
3844 3348 4000 3420 παρά

2418 3460 2519 3529 τὴν
2546 3458 2771 3528 πέτραν,
2806 3453 3163 3525 μικρόψυχοι,
3228 3452 3277 3503 οί
3310 3448 3365 3501 δὶ
3400 3449 3550 3517 παρὰ
3589 3447 3686 3508 τάς
3726 3443 3995 3507 ἀκάνθας,

2418 3553 2465 3603 οί
2488 3548 2760 3620 τρυφηταί
2814 3548 2938 3600 Τῶν
2974 3546 3158 3617 μέντοι
3185 3540 3646 3613 παραδεξαμένων
3674 3540 3768 3592 καὶ
3792 3538 4000 3591 διασω·

2424 3651 2630 3698 σάντων
2662 3642 2749 3694 τὸν
2775 3640 2993 3709 σπόρον,
3024 3638 3186 3691 πάλιν
3214 3637 3363 3705 τρεῖς
3387 3632 3569 3698 τάξεις
3597 3648 3612 3663 ·
3643 3632 3692 3684 oi
3722 3630 3821 3699 μὲν
3857 3645 3999 3698 καρο

2422 3733 2787 3806 ποφοροῦντες
2840 3731 2899 3783 ἓν
2960 3730 3174 3790 ἑκατὸν,
3226 3728 3276 3779 oi
3304 3725 3509 3777 τέλειον
3538 3723 3652 3791 βίον
3706 3722 3801 3774 καὶ
3829 3720 4000 3790 ἀκρό-

2419 3848 2579 3885 τατον
2613 3828 2830 3898 ἔχοντες
2864 3842 2877 3857 ·
2904 3825 2953 3877 οἱ
2979 3823 3033 3875 δὲ
3066 3823 3124 3874 ἓν
3155 3820 3441 3891 ἐξήκοντα,
3465 3817 3515 3870 oi
3550 3815 3728 3885 μέσως
3756 3814 3997 3883 ἔχοντες,

2418 3926 2467 3977 οί
2492 3924 2546 3976 δὲ
2576 3922 2632 3974 ἓν
2661 3919 2976 3990 τριάκοντα,
3009 3916 3123 3969 ὅσοι
3150 3912 3323 3985 μικρά
3361 3910 3480 3980 μὲν,
3509 3908 3647 3978 πλὴν
3692 3905 3789 3960 καὶ
3838 3905 4001 3958 αὐτοὶ

2421 4017 2560 4069 κατὰ
2584 4013 2814 4081 δύναμιν
2841 4010 3183 4079 εἰσφέροντες
3210 4021 3225 4037 ·
3257 3998 3389 4068 οἷον,
3428 4004 3478 4055 οί
3508 4000 3605 4070 μέν
3648 4001 3755 4051 εἱσι
3790 3994 3999 4066 παρθι-

2424 4123 2501 4157 νοι
2534 4102 2629 4156 καὶ
2688 4100 2967 4170 ὲρημικοὶ,
3022 4098 3172 4151 ἄλλοι
3225 4094 3450 4165 μιγάδες
3486 4090 3577 4144 καὶ
3613 4091 3669 4142 ὲν
3715 4087 3998 4157 κοινοὸίῳ,

2420 4196 2594 4263 Erepsi
2642 4192 2820 4246 λαῖκοὶ
2847 4191 2942 4243 καὶ
2964 4190 3020 4241 ὲν
3050 4188 3242 4255 γάμῳ.
3284 4185 3433 4255 Πλὴν
3466 4184 3672 4246 πάντας
3715 4182 3745 4234 ό
3788 4181 4003 4251 Κύριος

2419 4288 2493 4349 ὡς
2527 4281 3011 4356 καρποφοροῦντας
3056 4280 3306 4349 δέχεται*
3362 4289 3458 4331 και
3521 4276 3681 4346 χάρις
3719 4275 3787 4344 τῇ
3828 4271 3997 4327 αὑτοῦ

2420 4375 2817 4447 φιλανθρωπίᾳ.

2499 4668 2514 4697 ι
2552 4647 2658 4698 Καὶ
2687 4645 2874 4710 ἔλεγεν
2905 4644 3087 4704 αὐτοῖς
3121 4659 3135 4672 ο
3178 4640 3268 4710 Μή
3292 4657 3345 4692 τι
3370 4642 3398 4693 ό
3431 4639 3624 4708 λύχνος
3661 4637 3883 4708 ἔρχεται
3911 4640 4000 4692 ἳνα

2422 4738 2528 4790 ὑπὸ
2553 4737 2643 4788 τὸν
2698 4735 2880 4805 μόδιον
2911 4733 3062 4803 τεθῇ,
3120 4734 3153 4803 ἢ
3204 4733 3309 4786 ὑπὸ
3356 4732 3455 4800 τὴν
3492 4732 3719 4801 κλίνην;
3751 4732 3864 4802 Οὐχ
3915 4733 4005 4785 ἴνα

2421 4829 2516 4881 ἐπὶ
2536 4826 2633 4897 τὴν
2657 4826 2881 4897 λυχνίαν
2914 4825 3169 4895 ὲπιτεθῇς
3209 4824 3285 4879 Οὐ
3329 4825 3438 4895 γάρ
3489 4824 3609 4876 ἔστί
3638 4826 3690 4876 τι
3735 4825 4007 4894 κρυπτὸν,

2421 4920 2449 4971 ὃ
2484 4920 2579 4972 ἐὰν
2610 4918 2685 4988 μὴ
2716 4916 3030 4988 φανερωθῇ,
3064 4917 3186 4970 οὐδὲ
3228 4916 3449 4985 ἐγένετο
3506 4916 3849 4987 ἀπόκρυφον,
3887 4915 4007 4968 ἀλλ’

2424 5012 2508 5066 ἵνα
2542 5015 2621 5074 είς
2674 5010 2906 5081 φανερὸν
2964 5009 3114 5083 ἔλθῃ.
3172 5009 3236 5063 Εἴ
3286 5026 3368 5071 τις
3420 5006 3534 5078 ἔχει
3586 5001 3703 5060 ὦτα
3757 5006 4006 5071 ἀκούειν,

2422 5104 2687 5158 ἀκουέτω.
2754 5122 2771 5154 ι
2824 5101 3095 5155 Ἐνταῦθα
3152 5103 3413 5170 παραινεῖ
3470 5100 3581 5163 τοις
3655 5100 4005 5161 ἀποστόλοις,

2422 5197 2711 5266 λαμπροὺς
2741 5190 2882 5247 εἷναι
2917 5194 3056 5247 κατά
3100 5194 3190 5246 τὸν
3224 5193 3339 5262 βίον
3390 5194 3484 5245 καὶ
3538 5190 3639 5260 τὴν
3674 5190 3957 5243 πολιτείαν
3989 5208 4006 5221 ·

2424 5289 2637 5357 Ὠσπερ
2666 5286 2775 5357 γὰρ
2802 5288 2829 5340 ό
2860 5286 3073 5355 λύχνος,
3100 5286 3289 5357 φησιν,
3318 5287 3396 5350 είς
3424 5284 3485 5337 τὸ
3514 5284 3753 5350 λάμπειν
3770 5280 4008 5343 τίθεται,

2422 5378 2567 5433 οὕτω
2591 5378 2683 5431 καὶ
2709 5379 2737 5430 ὁ
2784 5378 3049 5447 ὑμέτερος
3098 5377 3211 5446 βίος
3259 5378 3391 5447 πᾶσι
3431 5375 3791 5445 περίϐλεπτος
3824 5372 4006 5434 ἔσται,

2426 5473 2520 5524 καὶ
2538 5471 2739 5533 πάντες
2773 5472 2911 5539 πρὸς
2935 5446 3097 5523 αὐτὸν
3132 5446 3422 5539 βλέψουσιν
3447 5487 3460 5499 ο
3492 5469 3634 5521 ὥστε
3663 5466 4008 5520 σπουδάσατε

2426 5563 2628 5629 ἀγαθὸν
2665 5563 2777 5632 βίον
2807 5563 2970 5631 ἔχειν.
3004 5564 3078 5615 Οὐ
3106 5562 3214 5631 γὰρ
3260 5565 3317 5615 ὲν
3367 5562 3539 5631 γωνία
3574 5559 3834 5629 κάθησθε,
3869 5558 4012 5611 ἀλλὰ

2427 5654 2614 5722 λύχνος
2641 5653 2782 5706 ἐστέ.
2825 5653 2886 5706 Ὀ
2922 5652 2979 5705 δὲ
3006 5653 3195 5723 λύχνος
3218 5652 3316 5720 οὐχ
3344 5652 3450 5703 ὑπὸ
3481 5650 3668 5718 κλίνην
3698 5647 4012 5715 κρύπτεται

2427 5748 2540 5799 ἀλλ’
2587 5750 2642 5797 ἐν
2666 5750 2729 5814 τῇ
2762 5747 2953 5817 λυχνίᾳ
2980 5746 3151 5807 τεθεὶς
3183 5745 3385 5813 φαίνει.
3428 5744 3584 5796 Ἐστι
3610 5743 3667 5795 δὲ
3722 5742 3815 5793 καὶ
3846 5738 4011 5808 ἡμῶν

2428 5840 2677 5909 ἕκαστος,
2718 5839 2931 5910 λύχνος,
2983 5840 3040 5904 ὃς
3093 5839 3296 5910 ὀφείλει
3327 5838 3571 5892 τίθεσθαι
3636 5837 3728 5891 ἐπὶ
3758 5834 3859 5908 τὴν
3914 5832 4011 5885 λυ-
