4298 6446
277 429 391 491 533

994 423 1444 490 ENARRATIO
1484 424 1568 488 IN
1608 426 2112 490 EVANGELIUM
2151 430 2414 491 MARCI.
2456 456 2524 468 -
2563 433 2723 494 CAP.
2772 436 2872 495 ιν.

3475 434 3581 498 534

281 544 461 613 χνξαν,
491 542 770 595 τουτέστιν
820 538 912 593 ἐπὶ
955 538 1016 592 τὸ
1062 537 1196 606 ὕψος
1243 540 1342 610 τῆς
1379 539 1522 593 κατὰ
1550 539 1685 593 Θεὸν
1718 539 1872 594 πολι·
1900 542 1947 602 Α

1900 542 1947 602 Α
1979 544 2068 612 qui
2129 545 2288 600 debet
2323 548 2447 616 poni
2508 564 2671 618 super
2709 548 3121 613 candelabrum,
3156 550 3259 603 hoc
3313 556 3394 604 est
3421 564 3584 616 super

279 633 458 697 τείας.
505 636 594 687 Tua
643 637 738 686 καὶ
777 629 994 702 ἑτέροις
1042 631 1270 703 δύνηται
1321 627 1582 703 λάμπειν,
1621 632 1737 685 ἀλλ’
1777 634 1879 703 οὐχ

285 727 395 778 ύπδ
427 727 519 778 τὸν
553 725 756 791 μόδιον,
790 723 1072 776 τουτέστιν
1105 722 1211 776 ὑπὸ
1251 723 1353 793 τὴν
1399 724 1876 793 γαστριμαργίαν,

287 817 385 870 καὶ
409 815 510 883 τὴν
543 815 672 884 περὶ
699 813 766 865 τὰ
805 815 928 866 σῖτα
961 812 1222 883 σπουδὴν,
1246 811 1359 865 οὐδ’
1394 813 1499 865 ὑπὸ
1538 813 1638 882 τὴν
1664 813 1876 883 κλίνην,
1896 863 1907 871 _

287 908 540 964 τουτέστι
573 905 673 978 τὴν
705 907 1033 960 ἀνάπαυσιν.
1067 905 1257 968 Οὐδεὶς
1305 905 1578 977 γὰρ’περὶ
1633 907 1703 960 τὰ
1757 905 1880 957 σῖτα

287 1001 631 1065 σπουδάζων,
663 999 757 1050 καὶ
786 996 968 1050 ἄνεσιν
995 997 1199 1062 ποθῶν,
1229 995 1455 1051 δύναται
1490 996 1685 1067 λύχνος
1734 992 1878 1050 εἶναι

288 1094 432 1145 πᾶσι
472 1090 682 1158 φαίνων
717 1088 805 1142 διὰ
827 1088 922 1142 τοῦ
957 1087 1160 1141 οἰκείου
1191 1087 1331 1159 βίου.
1358 1088 1434 1143 οὐ
1465 1088 1574 1159 γάρ
1597 1103 1715 1142 εστι
1743 1107 1881 1161 κρυ-

285 1185 423 1236 πτδν
450 1181 478 1235 6
514 1181 574 1234 οὐ
615 1181 688 1251 μὴ
715 1179 1024 1249 φανερωθῇ.
1050 1179 1173 1233 Εἴτε
1201 1179 1411 1246 ἀγαθόν
1442 1196 1527 1244 τι,
1571 1178 1684 1232 είτε
1716 1198 1882 1252 πονη-

287 1275 385 1346 ph
417 1277 475 1327 ιν
505 1274 583 1342 τῷ
644 1271 892 1342 λεληθότι
925 1272 1090 1331 ποιεῖ,
1123 1270 1581 1341 φανερωθήσεται
1634 1273 1730 1326 καὶ
1785 1274 1873 1325 ιν-

286 1365 490 1432 ταῦθα,
528 1367 624 1419 καὶ
658 1362 842 1434 πολλῷ
875 1363 1078 1434 μᾶλλον
1129 1364 1190 1417 ἐν
1241 1361 1321 1433 τῷ
1358 1362 1629 1433 μέλλοντι.
1669 1364 1735 1417 Τί
1770 1366 1881 1437 γὰρ

284 1457 357 1530 ἦν
393 1458 770 1530 κρυφιὼτερον
803 1455 976 1516 Θεοῦς
1030 1455 1146 1510 ἀλλ’
1171 1458 1323 1526 ὅμως
1381 1457 1475 1511 καὶ
1508 1449 1662 1522 οὗτος
1688 1458 1853 1522 ἔφανε

289 1551 442 1622 ρὼθη
473 1553 530 1602 ὲν
560 1549 744 1619 σαρκί.

371 1662 389 1696 ι
432 1644 543 1697 Καὶ
572 1642 756 1708 ἔλεγεν
788 1637 1027 1706 αὐτοῖς’-ο
1061 1638 1301 1725 Βλέπετε
1340 1641 1393 1695 τί
1424 1641 1678 1698 ἀκούετε.
1718 1641 1807 1695 Ἐν
1836 1635 1882 1712 ᾦ

288 1737 480 1807 μέτρῳ
509 1738 783 1804 μετρεῖτε,
816 1735 1228 1806 μετρηθήσεται
1261 1735 1412 1805 ὑμῖν,
1451 1738 1547 1790 καὶ
1570 1737 1880 1810 προστεθή-

288 1846 448 1883 σεται
485 1827 611 1896 ὑμῖν
637 1830 747 1890 τοῖς
791 1819 1102 1881 ἁκούουσιν.
1157 1829 1254 1890 ὐς
1285 1827 1394 1899 γὰρ
1445 1828 1513 1882 ἂν
1545 1828 1666 1900 ἔχῃ,
1723 1829 1882 1901 δοθή-

289 1936 449 1973 σεται
492 1916 656 1988 αὐτῷ.
688 1918 782 1972 καὶ
811 1917 871 1981 ὃς
911 1917 1011 1970 οὐκ
1045 1916 1184 1988 ἔχει,
1227 1919 1321 1972 καὶ
1370 1919 1401 1972 6
1427 1919 1541 1989 ἔχει
1582 1899 1882 1992 ἀρθήσεται
1916 1899 1958 1956 Β

289 2011 389 2065 ἀπ’
421 2009 613 2066 αὐτοῦ.
641 2029 659 2062 ι
703 2010 846 2081 Πρὸς
877 2010 1254 2081 νηφαλιότητα
1308 2010 1571 2083 διεγείρει
1620 2014 1748 2076 τοῦς
1778 2031 1883 2084 μα·

289 2103 486 2176 eum.
532 2101 766 2156 Βλέπετε
797 2103 930 2173 γὰρ,
972 2103 1129 2173 φησὶ,
1160 2103 1212 2156 τί
1250 2104 1499 2172 ἀκούετε,
1538 2107 1709 2177 μηδὲν
1739 2108 1883 2178 ὑμᾶς

286 2197 404 2250 τῶν
435 2197 744 2266 λεγομένων
783 2196 914 2268 παρ’
960 2195 1095 2268 ἐμοῦ
1150 2198 1514 2268 διαφευγέτω.
1556 2201 1647 2255 Ἐν
1678 2197 1722 2272 ᾧ
1773 2203 1885 2275 γὰρ

293 2289 486 2360 μέτρῳ
547 2290 824 2358 μετρεῖτε,
886 2287 1293 2358 μετρηθήσεται
1351 2289 1504 2360 ὑμῖν,
1580 2292 1882 2357 τουτέστιν,

292 2383 487 2450 ἡλίκον
523 2380 722 2451 μέτρον
772 2382 1050 2450 προσοχῆς
1103 2384 1414 2455 εἰσφέρετε,
1447 2385 1755 2457 τηλικαύτη
1791 2390 1885 2441 καὶ

289 2471 534 2540 ὠφέλεια
565 2471 853 2537 δοθήσεται
884 2473 1014 2542 ὑμῖν
1054 2475 1189 2543 (55).
1235 2475 1296 2528 '0
1327 2476 1438 2547 γὰρ
1466 2478 1741 2549 ἀκροατὴς
1791 2479 1885 2532 ἐὰν

295 2566 399 2636 μὲν
434 2568 576 2620 πάνυ
617 2567 869 2638 προσέχῃ
896 2565 990 2618 καὶ
1021 2568 1100 2629 εἰς
1131 2566 1324 2637 ἄκρον,
1367 2569 1709 2624 ἀντιδῖδωσιν
1735 2570 1889 2642 αὐτῷ

290 2662 325 2713 ὁ
362 2658 494 2723 Θεὸς
525 2661 618 2714 καῖ
645 2660 744 2732 τὴν
769 2660 1039 2729 ὠφέλειαν
1073 2660 1275 2730 πολλήν
1305 2678 1319 2692 '
1355 2662 1449 2716 ἐὰν
1478 2661 1533 2715 δὲ
1579 2662 1778 2733 χαῦνος
1828 2660 1887 2736 ᾖ,

295 2753 440 2806 κατὰ
490 2753 783 2820 ἀναλογίαν
815 2754 907 2807 καὶ
960 2753 1022 2806 τὸ
1081 2753 1272 2823 κέρδος
1307 2754 1410 2823 τῆς
1454 2756 1748 2823 ὠφελείας.
1791 2761 1888 2822 ’ος

295 2844 407 2915 γᾶρ
438 2845 504 2898 ἂν
535 2845 631 2916 ἔχῃ
665 2844 979 2914 προθυμίαν
1005 2843 1098 2899 καὶ
1133 2847 1702 2918 σπουδὴν,δοθήσεται
1737 2850 1890 2921 αύτῷ

298 2937 393 2990 καὶ
423 2935 664 3005 ὠφέλεια
689 2954 702 2966 ο
735 2936 793 2999 ὃς
815 2937 861 2989 δ’
890 2937 991 2989 οὐκ
1019 2935 1135 3006 ἔχει
1159 2938 1477 3007 προθυμίαν
1505 2940 1598 2993 καὶ
1627 2941 1889 3012 σπουδὴν,

296 3029 394 3082 καὶ
433 3029 462 3082 ὃ
519 3030 665 3082 δοκεῖ
713 3029 880 3100 ἔχειν,
910 3030 1210 3100 ἀρθήσεται
1252 3031 1347 3084 ἀπ’
1403 3032 1567 3086 αὑτοῦ
1620 3034 1756 3105 (54).
1795 3033 1894 3089 Διὰ

297 3118 414 3190 γὰρ
463 3118 566 3188 τῆς
631 3119 910 3190 ῥᾳθυμίας
982 3120 1418 3174 κατασϐέννυται
1477 3124 1574 3176 καὶ
1629 3126 1656 3177 6
1697 3123 1895 3194 μικρὸς

300 3210 541 3281 σπινθὴρ
567 3211 627 3265 δν
656 3212 923 3284 πρότερον
951 3204 1120 3282 εἶχεν,
1164 3212 1356 3287 ὥσπερ
1387 3215 1493 3269 ὑπὸ
1542 3217 1637 3286 τῆς
1692 3219 1891 3287 έπιμε-
1924 3241 1971 3304 C

299 3302 452 3367 λείας
494 3303 818 3358 ἀνάπτεται.

379 3414 398 3447 ι
439 3395 552 3450 Καὶ
581 3395 799 3464 ἔλεγεν⁸
832 3398 1026 3462 Οὕτως
1061 3399 1212 3452 ἐστὶν
1241 3401 1272 3470 ἡ
1309 3398 1559 3470 βασιλεία
1589 3401 1682 3455 τοῦ
1737 3398 1897 3466 Θεοῦ,

298 3485 382 3550 ὡς
421 3487 519 3542 ἐὰν
544 3486 835 3557 ἄνθρωπος
872 3489 1011 3562 βάλῃ
1039 3490 1131 3543 τὸν
1162 3491 1366 3562 σπόρον
1398 3492 1490 3545 ἐπὶ
1513 3492 1614 3562 τῆς
1653 3491 1780 3562 γῆς,
1807 3491 1901 3544 καὶ

303 3579 553 3652 καθεύδῃ
590 3584 680 3633 καὶ
733 3581 1042 3654 ἐγείρηται,
1087 3582 1261 3636 νύκτα
1297 3585 1392 3636 καὶ
1449 3585 1688 3655 ἡμέραν,
1745 3585 1840 3639 καὶ
1875 3587 1905 3639 6

304 3673 511 3742 σπόρος
541 3671 820 3746 βλαστάνῃ
841 3675 936 3728 καὶ
969 3673 1285 3745 μηκύνηται
1318 3677 1394 3740 ὼς
1421 3676 1522 3729 οὐκ
1545 3671 1688 3730 οἶδεν
1714 3677 1897 3741 αὑτός.

305 3765 602 3836 Αὑτομάτη
641 3766 750 3836 γὰρ
795 3766 830 3838 ἠ
879 3769 952 3838 τῆ
1009 3771 1375 3839 καρποφορεῖ,
1413 3769 1631 3840 πρῶτον
1678 3769 1896 3841 χόρτον,

303 3851 428 3910 εἶτα
459 3857 684 3928 στάχυν,
710 3854 828 3912 εἶτα
875 3858 1058 3930 πλήρη
1091 3862 1238 3913 σ’ίτον
1269 3863 1326 3913 ἐν
1369 3862 1447 3933 τῷ
1476 3862 1691 3934 στάχυϊ.
1732 3864 1905 3917 Ὅταν

303 3950 365 4004 δὲ
395 3952 620 4022 παραδῷ
650 3954 678 4005 6
719 3955 950 4026 καρπὸς,
980 3955 1188 4020 εὐθέως
1218 3956 1543 4009 ἀποστέλλει
1594 3955 1656 4009 τὸ
1694 3955 1904 4028 δρέπα-

305 4058 422 4104 νον,
465 4045 549 4096 ὅτι
589 4045 937 4116 παρέστηκεν
997 4049 1024 4100 ὁ
1074 4045 1359 4117 θερισμός.
1409 4068 1426 4100 ι
1484 4045 1774 4101 Βασιλείαν
1810 4044 1907 4099 τοῦ

305 4134 474 4201 Θεοῦ,
504 4135 601 4207 τὴν
636 4138 765 4208 περὶ
796 4139 943 4209 ἡμᾶς
966 4140 1284 4211 οἰκονομίαν
1311 4140 1406 4193 τοῦ
1430 4139 1566 4193 Θεοῦ
1605 4141 1737 4192 νόει.
1773 4140 1902 4193 'Av-

309 4227 533 4298 θρωπος
569 4230 666 4301 μὲν
685 4230 793 4303 γάρ
823 4233 970 4284 ἐστιν
997 4233 1159 4297 αὐτὸς
1187 4234 1214 4286 6
1251 4233 1408 4298 Θεὸς,
1438 4235 1465 4287 6
1496 4234 1795 4305 γενόμενος
1835 4235 1906 4288 δι’

306 4322 460 4389 ἡμᾶς
489 4322 800 4392 ἄνθρωπος.
832 4323 1045 4394 Σπόρον
1067 4324 1125 4377 δὲ
1154 4324 1348 4380 ἔϐαλεν
1387 4324 1480 4378 ἐπὶ
1524 4326 1623 4394 τῆς
1654 4326 1781 4396 γῆς,
1806 4325 1904 4378 τοῦ

309 4413 656 4483 Εύαγγελίου
678 4417 736 4468 τὸ
765 4418 1049 4488 κήρυγμα·
1092 4417 1270 4487 βαλὼν
1299 4419 1355 4470 δὲ
1387 4419 1601 4483 τοῦτον,
1628 4419 1907 4486 καθεύδει,

309 4509 618 4572 τουτέστιν,
655 4509 888 4580 ἀνῆλθεν
939 4512 1019 4573 είς
1071 4511 1336 4582 οὐρανούς
1368 4528 1382 4541 ·
1417 4510 1534 4564 ἀλλ’
1564 4513 1713 4582 ὅμως
1762 4511 1910 4587 νὲγεί·

1984 636 2358 692 summitatem
2402 639 2599 696 divina:
2633 642 2773 703 vitae,
2805 650 2859 692 ut
2888 652 2939 694 et
2972 639 3091 694 aliis
3146 640 3316 708 possit
3353 639 3536 692 lucere
3567 653 3581 690 :

1984 728 2079 782 sed
2123 744 2231 783 non
2269 731 2372 785 sub
2400 731 2605 793 modio.
2641 732 2746 785 hoc
2797 740 2880 784 est
2917 731 3022 785 sub
3073 729 3481 799 gastrimargia,
3529 738 3585 780 et

1983 821 2228 874 ciborum
2261 836 2392 876 cura
2430 839 2444 875 :
2504 837 2683 890 neque
2731 823 2833 878 sub
2879 822 3042 887 lecto,
3099 822 3200 876 hoc
3243 833 3326 875 est
3379 821 3581 888 quiete.

1982 911 2175 967 Nullus
2204 915 2347 969 enim
2375 915 2461 969 cui
2492 915 2598 969 cibi
2631 923 2958 975 curesunt.
2995 925 3048 967 et
3079 913 3170 983 qui
3214 912 3454 980 requiem
3482 913 3585 968 de-

1983 1008 2210 1065 siderat.
2247 1016 2430 1077 potest
2479 1007 2702 1063 lucerna
2749 1021 2873 1062 esse
2905 1007 3162 1061 omnibus
3202 1006 3391 1059 lucens
3419 1004 3583 1058 etiam

1981 1111 2080 1165 per
2102 1110 2256 1149 suam
2289 1098 2476 1151 vitam.
2513 1096 2628 1152 Non
2661 1098 2808 1151 enim
2840 1107 2928 1152 est
2969 1096 3266 1160 occultum,
3307 1096 3451 1164 quod
3476 1109 3583 1148 non

1985 1185 2382 1240 manifestetur.
2446 1185 2832 1255 Unusquisque
2889 1195 3157 1249 vestrum,
3219 1185 3335 1237 sive
3379 1181 3583 1258 bonum

1983 1277 2111 1347 quid
2147 1275 2360 1342 fecerit,
2391 1278 2506 1332 sive
2540 1278 2743 1332 malum
2779 1279 2832 1332 in
2856 1277 3098 1341 occulto,
3137 1273 3586 1330 manifestabitur

1987 1367 2153 1421 etiam
2185 1366 2294 1432 hic,
2326 1377 2381 1422 et
2412 1368 2585 1422 multo
2626 1370 2800 1438 magis
2831 1368 2886 1422 in
2943 1367 3128 1422 futuro
3179 1366 3403 1422 saeculo.
3443 1363 3586 1430 Quid

1983 1459 2128 1515 enim
2163 1459 2541 1517 absconditius
2591 1462 2747 1517 Deo?
2783 1471 3027 1518 attamen
3067 1473 3122 1517 et
3186 1461 3302 1530 ipse
3357 1456 3589 1513 manife-

1985 1556 2159 1602 status
2188 1559 2266 1604 est
2293 1550 2343 1603 in
2375 1564 2558 1604 carne.

2059 1638 2230 1696 Vens.
2272 1643 2362 1708 ει,
2392 1642 2483 1698 25.
2522 1662 2540 1695 ι
2575 1642 2641 1698 Et
2663 1645 2879 1700 dicebat
2910 1644 3016 1701 illis
3046 1663 3061 1700 :
3088 1642 3284 1700 Videte
3334 1642 3464 1712 quid
3489 1656 3588 1696 au-

1987 1735 2170 1790 diatis.
2204 1733 2321 1802 Qua
2354 1753 2612 1794 mensura
2656 1739 2982 1806 metiemini,
3008 1740 3100 1795 alii
3140 1740 3445 1795 metientur
3487 1753 3587 1793 vo-

1987 1827 2112 1882 bis:
2144 1836 2202 1883 et
2231 1829 2523 1895 adjicietur
2553 1830 2710 1885 vobis
2741 1831 2832 1901 qui
2893 1832 3118 1887 auditis.
3151 1831 3253 1899 Qui
3292 1832 3440 1886 enim
3487 1832 3588 1886 ba-

1988 1918 2100 1994 bet,
2121 1919 2341 1976 dabitur
2374 1921 2449 1976 illi
2483 1941 2494 1975 :
2523 1932 2577 1977 et
2605 1923 2695 1993 qui
2721 1939 2827 1977 non
2842 1923 3024 1988 habet.
3050 1926 3214 1979 etiam
3236 1924 3378 1992 quod
3405 1923 3587 1987 habet,

1990 2012 2271 2068 auferetur
2306 2015 2376 2069 ab
2405 2026 2491 2070 eo.
2538 2034 2556 2069 ι
2597 2016 2680 2070 Ad
2735 2017 3075 2086 vigilantiam
3141 2017 3396 2072 hortatur
3426 2017 3592 2070 disci-

1989 2096 2164 2172 pulo's.
2196 2104 2390 2162 Videte
2421 2108 2592 2171 enim,
2640 2109 2838 2179 inquit,
2874 2109 3004 2178 quid
3063 2109 3323 2174 audiatis,
3382 2106 3588 2162 nullum

1990 2212 2056 2253 ex
2092 2199 2253 2254 dictis
2314 2200 2449 2256 meis
2483 2215 2577 2256 vos
2608 2199 2800 2271 fugiat.
2853 2201 2913 2255 In
2969 2216 3074 2270 qua
3114 2213 3371 2256 mensura
3416 2199 3589 2255 mensi

1991 2288 2228 2357 fueritis,
2281 2292 2635 2346 remetientur
2689 2293 2779 2346 alii
2844 2293 3019 2358 vobis,
3067 2294 3168 2347 hoc.
3236 2304 3318 2348 est
3369 2294 3586 2363 qualem

1993 2398 2304 2454 mensuram
2339 2387 2663 2441 attentionis
2695 2385 3015 2451 attuleritis,
3049 2386 3174 2440 talis
3193 2386 3359 2441 etiam
3383 2386 3592 2442 utilitas

1993 2475 2147 2531 vobis
2200 2476 2437 2531 dabitur.
2481 2480 2712 2533 Auditor
2765 2478 2912 2532 enim
2965 2478 3010 2534 si
3071 2478 3370 2533 attenderit
3418 2493 3590 2547 quan-

1994 2575 2106 2621 tum
2149 2577 2347 2637 potest,
2383 2587 2640 2638 maguum
2698 2571 2775 2625 illi
2809 2569 3152 2627 commodmn
3205 2571 3346 2625 Deus
3395 2570 3591 2626 dabit:

1995 2661 2077 2714 sin
2112 2662 2374 2717 remissus
2413 2663 2598 2728 fuerit,
2635 2663 2792 2732 juxta
2833 2661 2951 2730 ejus
3010 2663 3391 2717 remissionem
3420 2673 3475 2718 et
3508 2664 3594 2716 lu-

1995 2766 2148 2806 crum
2194 2753 2572 2809 imminuetur.
2621 2753 2697 2807 illi
2731 2753 2876 2808 enim
2909 2752 3128 2808 dabitur
3159 2755 3248 2820 qui
3297 2754 3478 2808 alacer
3511 2761 3597 2807 est

1996 2854 2049 2899 ct
2077 2844 2345 2915 diligens:
2373 2846 2441 2899 ab
2464 2861 2528 2901 eo
2565 2855 2750 2900 autem
2785 2846 2874 2914 qui
2900 2847 3086 2916 segnis
3139 2845 3306 2901 fuerit
3339 2863 3402 2900 ac
3442 2847 3596 2916 igua-

2001 2953 2120 3001 vus,
2166 2939 2387 2994 tolletur
2432 2941 2597 2996 etiam
2630 2941 2776 3011 quod
2838 2943 3056 2997 videtur
3091 2942 3316 2996 habere.
3369 2941 3600 3010 Propter

2001 3030 2270 3102 ignaviam
2318 3037 2467 3090 enim
2523 3036 2899 3106 exstinguitur
2940 3038 3109 3092 etiam
3161 3051 3327 3106 parva
3361 3035 3601 3090 scintilla

2002 3139 2164 3194 quam
2198 3125 2380 3192 habet,
2410 3128 2672 3197 sicutper
2697 3127 3040 3185 alacritatem
3083 3128 3523 3184 redaccenditur.

2077 3389 2244 3445 Vens.
2278 3389 2471 3446 26-29.
2510 3409 2526 3442 ι
2570 3389 2636 3445 Ει
2661 3391 2879 3446 dicebat
2908 3410 2918 3444 :
2950 3389 3046 3446 Sic
3075 3400 3159 3445 est
3205 3403 3433 3459 regnum
3488 3387 3604 3452 Dei,

2003 3483 2464 3552 quemadmodum
2492 3482 2537 3538 si
2575 3484 2739 3537 homo
2769 3482 2939 3552 jaciat
2976 3491 3279 3537 sementem
3315 3481 3370 3533 in
3405 3491 3604 3534 terram

2007 3592 2073 3632 ac
2113 3575 2353 3630 dormiat
2399 3585 2564 3645 atque
2594 3585 2866 3645 exsurgat
2909 3576 2997 3629 die
3029 3590 3093 3629 ac
3130 3584 3308 3636 nocte,
3345 3587 3611 3641 segesque

2006 3665 2297 3735 germinet,
2325 3663 2385 3719 ac
2418 3675 2604 3735 surgat
2641 3666 2695 3720 in
2720 3664 2888 3719 altum
2913 3665 3041 3720 dum
3091 3665 3266 3719 nescit
3308 3663 3416 3718 ille.
3454 3660 3610 3717 Ultro

2009 3758 2152 3813 enim
2221 3767 2368 3813 terra
2425 3755 2748 3824 fructiﬁcat,
2815 3758 3052 3829 primum
3113 3755 3362 3820 herbam,
3415 3756 3614 3811 deinde

2009 3852 2240 3920 spicam,
2280 3861 2560 3920 postremo
2589 3851 2810 3921 plenum
2837 3849 3171 3906 fermentum
3202 3851 3254 3906 in
3275 3851 3446 3920 Spica.
3471 3849 3607 3904 Cum

2012 3956 2195 4000 autem
2229 3948 2528 4016 productus
2585 3943 2752 3999 fuerit
2791 3942 3028 4009 fructus,
3069 3945 3254 3999 statim
3294 3944 3465 3998 mittit
3512 3941 3614 3995 fal-

2011 4053 2152 4105 cem,
2185 4039 2441 4107 quoniam
2480 4039 2638 4093 adest
2685 4038 2898 4091 messis.
2939 4056 2957 4090 ι
3015 4036 3264 4105 Regnum
3311 4036 3404 4089 Dei
3448 4035 3612 4088 intel-

2013 4131 2118 4203 lige
2152 4131 2247 4187 Dei
2303 4141 2527 4202 proriter
2564 4145 2663 4183 nos
2701 4130 3167 4184 incarnationem.
3221 4127 3397 4182 Homo
3463 4126 3611 4180 enim

2014 4236 2098 4282 est
2129 4227 2246 4295 ipse
2294 4228 2458 4292 Deus,
2493 4226 2587 4297 qui
2645 4236 2872 4295 prapter
2925 4239 3024 4277 nos
3061 4223 3239 4278 iactus
3296 4233 3381 4276 est
3431 4222 3598 4275 homo

2019 4319 2218 4374 Semen
2267 4329 2448 4373 autem
2481 4319 2634 4374 misit
2655 4334 2824 4388 super
2855 4328 3084 4378 terrain,
3119 4314 3397 4384 Evangelii
3429 4315 3626 4384 prmdi-

2015 4413 2314 4478 cationem,
2350 4413 2550 4482 illoque
2581 4412 2824 4482 proiecto
2861 4412 3084 4476 dormit,
3108 4410 3210 4464 hoc
3254 4416 3337 4463 est
3378 4407 3625 4462 ascendit

2023 4505 2078 4560 in
2104 4506 2272 4560 caelos
2301 4525 2312 4559 :
2345 4512 2589 4559 attamen
2627 4507 2802 4572 surgit
2826 4514 2988 4558 nocte
3022 4513 3076 4558 et
3109 4502 3216 4556 die.
3247 4499 3382 4554 Nam
3431 4515 3627 4567 quam-

313 4616 475 4668 ρεται
502 4597 677 4653 νύκτα
726 4601 820 4654 καὶ
859 4602 1097 4672 ἡμέραν.
1132 4603 1193 4655 El
1222 4603 1331 4674 γὰρ
1361 4603 1458 4656 καὶ
1496 4603 1785 4656 καθεύδειν
1819 4603 1907 4657 δο-
1941 4603 1989 4664 D

1941 4603 1989 4664 ι)
2022 4597 2104 4653 vis
2143 4596 2285 4652 Deus
2310 4596 2553 4651 dormire
2581 4596 2853 4658 videatur,
2891 4594 3065 4662 surgit
3103 4605 3281 4645 tamen
3330 4606 3344 4642 ε
3377 4601 3430 4642 ει
3467 4604 3626 4644 nocte

309 4692 402 4743 κεί
429 4689 459 4741 6
488 4688 645 4756 Θεὸς,
673 4690 790 4745 ἀλλ’
814 4692 1092 4762 ἐγείρεται
1121 4709 1135 4723 ο
1167 4693 1339 4748 νύκτα
1379 4694 1502 4763 μὲν,
1533 4695 1665 4748 ὅταν
1692 4695 1783 4748 διὰ
1807 4695 1916 4748 τῶν

311 4783 642 4855 πειρασμῶν
686 4785 767 4849 είς
791 4787 888 4858 τὴν
923 4786 1091 4838 αὐτοῦ
1145 4786 1445 4855 ἐπίγνωσιν
1479 4787 1627 4860 ἡμᾶς
1678 4786 1876 4857 ἀνιστᾷ
1900 4805 1912 4818 ο

312 4875 532 4944 ἡμέραν
559 4876 637 4938 δὲ,
673 4876 801 4931 ὅταν
832 4877 921 4932 διὰ
952 4879 1062 4931 τῶν
1096 4879 1268 4949 ἡδέων
1319 4881 1416 4933 καὶ
1453 4879 1811 4950 εὐφροσύνων
1839 4880 1915 4932 οἱ·

313 4970 526 5039 κονομῇ
555 4967 655 5039 τὴν
695 4970 973 5041 ἡμετέραν
1008 4971 1530 5043 ζωήνηΜηκύνεται
1562 4972 1619 5025 δὲ
1654 4973 1682 5025 6
1714 4971 1921 5042 σπόρος

311 5061 390 5141 ὡς
427 5064 527 5115 οὐκ
551 5057 693 5115 οἶδεν
719 5065 881 5128 αὐτός
903 5082 917 5096 ·
962 5063 1308 5131 αὑτεξούσιοι
1339 5064 1450 5134 γάρ
1477 5065 1672 5135 ἐσμεν,
1727 5064 1824 5118 καὶ
1854 5063 1913 5117 ὲν

313 5155 391 5223 τῇ
417 5155 663 5226 ἡμετέρᾳ
693 5158 1015 5227 προαιρέσει
1047 5160 1220 5210 κεῖται
1275 5157 1337 5209 τὸ
1373 5158 1464 5210 τὸν
1497 5156 1701 5228 σπόρον
1742 5156 1774 5208 il
1817 5156 1914 5211 αὖ.

317 5245 632 5317 ξάνεσθαιῆ
668 5249 765 5318 μή.
813 5249 967 5302 Ἐπεὶ
1007 5249 1144 5318 μηδὲ
1178 5250 1397 5320 ἀνάγκῃ
1423 5248 1915 5320 καρποφοροῦμεν,

317 5336 437 5389 ἀλλ’
467 5338 758 5408 αὐτοματὶ,
793 5338 1098 5404 τουτέστιν,
1149 5339 1242 5409 ἀφ’
1270 5339 1483 5393 ἑαυτῶν
1525 5338 1917 5410 καρποφοροῦ-

2021 4686 2268 4755 quidem,
2295 4685 2519 4756 quando
2562 4700 2659 4752 per
2687 4684 3018 4739 tentatimzes
3052 4683 3103 4736 iu
3140 4680 3300 4753 193
3321 4682 3402 4735 sui
3434 4682 3627 4751 cogni-

2023 4780 2230 4834 tionem
2257 4793 2356 4834 nos
2383 4778 2614 4833 suscitat
2651 4795 2665 4832 :
2695 4779 2784 4833 die
2810 4793 2963 4840 vero,
2988 4781 3208 4848 quando
3245 4789 3340 4844 per
3359 4774 3549 4828 suavia
3574 4781 3624 4828 et

2016 4873 2258 4943 jucunda
2312 4882 2557 4926 nostram
2591 4871 2762 4926 vitam
2814 4872 3150 4925 moderatur.
3181 4866 3396 4922 Crescit
3447 4874 3626 4919 autem

2022 4980 2212 5021 semen
2249 4966 2365 5036 ipso
2423 4965 2629 5029 nescio,
2671 4964 2828 5018 liberi
2881 4965 3028 5017 enim
3081 4960 3295 5016 arbitrii
3328 4975 3539 5022 sumus,
3574 4969 3629 5011 et

2024 5057 2078 5111 in
2104 5066 2289 5112 nostra
2311 5055 2582 5112 eleCIione
2607 5056 2886 5126 oportebit
2912 5071 3100 5110 semen
3133 5055 3215 5108 vel
3248 5067 3519 5118 crescere,
3549 5052 3632 5105 vel

2029 5165 2160 5205 non.
2204 5149 2391 5218 Neque
2424 5151 2571 5204 enim
2610 5151 2784 5204 coacti
2810 5159 2864 5203 et
2897 5149 3214 5204 necessario
3269 5147 3508 5200 fructum
3553 5145 3634 5198 af-

2031 5244 2279 5308 lerimus,
2314 5245 2413 5298 sed
2445 5255 2662 5312 Sponte,
2703 5243 2806 5297 hoc
2830 5251 2914 5298 est
2963 5259 2991 5295 a
3019 5242 3347 5310 nobisipsis:
3395 5241 3631 5309 primum

2031 5337 2249 5408 quidem
2315 5336 2542 5392 herbam
2578 5335 2861 5392 ﬂorentem
2901 5350 2966 5389 ac
3026 5333 3300 5402 primitias
3358 5333 3486 5388 boni
3537 5332 3632 5385 de-

1290 5499 1382 5558 Ex.
1423 5496 1772 5558 collatione
1805 5495 1995 5558 codd.
2050 5497 2282 5556 Venet.
2318 5497 2380 5556 S.
2422 5495 2647 5557 Marci.

395 5674 513 5747 (53)
564 5674 701 5747 Cod.
745 5675 817 5729 ‘26
864 5675 1011 5729 addit
1042 5689 1058 5728 :
1089 5675 1203 5747 Καὶ
1250 5674 1313 5729 οὐ
1372 5675 1534 5747 μόνον
1576 5676 1635 5728 ὲν
1659 5673 1738 5747 τῷ
1769 5673 1923 5743 αύτῷ

327 5745 535 5818 est”,
566 5746 714 5818 diu
767 5747 858 5798 καὶ
908 5746 1349 5818 προστεθήσεται
1407 5746 1594 5810 πλέον,
1647 5765 1667 5796 ι
1707 5745 1772 5800 Et
1817 5760 1925 5818 non

327 5814 502 5895 solum
564 5817 617 5869 in
663 5818 855 5871 cadem
907 5814 1196 5882 mensura;
1262 5817 1354 5871 sed
1401 5819 1521 5886 plus
1567 5818 1733 5871 etiam
1793 5814 1929 5886 adji-

329 5899 525 5944 cietur.
568 5905 588 5938 ι

2106 5673 2218 5742 (δι)
2248 5673 2396 5726 Idoni
2437 5671 2601 5731 Cod..
2635 5671 2733 5724 ἀπ’
2759 5670 2953 5732 αὐτοῦ,
2991 5670 3136 5723 τοῦτ’
3174 5671 3313 5732 ἐστι,
3349 5671 3441 5722 καὶ
3474 5669 3500 5722 ὃ
3527 5669 3641 5742 ἔχει

2033 5741 2260 5813 σπέρμα
2277 5744 2534 5810 γνώσεως
2548 5743 2851 5812 ἀρθήσεται
2873 5743 2968 5794 ἀπ’
2982 5742 3172 5795 αὑτοῦ.
3194 5746 3290 5794 Διὰ
3305 5742 3372 5809 ys
3384 5757 3433 5809 ρ,
3456 5760 3507 5796 κ.
3530 5760 3550 5791 τ
3564 5778 3578 5795 .
3596 5741 3644 5797 λ,

2039 5835 2058 5867 ι
2103 5815 2216 5870 lloe
2250 5824 2352 5876 est,
2385 5825 2438 5868 ct
2473 5815 2601 5868 illud
2665 5814 2808 5884 quod
2869 5813 3032 5868 ll'il)Cl
3069 5828 3255 5868 scmcn
3291 5815 3640 5880 cognitionis.

2038 5888 2262 5942 tolletur
2288 5887 2353 5937 ah
2382 5901 2471 5940 co.
2510 5904 2527 5935 ι
