4298 6446
741 421 846 489 539

1650 417 2229 483 THEOPHYLACTI
2267 415 2679 477 BULGARLE
2725 414 3086 477 ARCHIEP.

3879 408 3990 471 5ιο

739 537 836 591 des
867 541 1048 588 essent
1084 531 1426 587 comminutae
1446 574 1459 593 .
1499 545 1671 601 neque
1700 533 1985 601 quisquam
2025 530 2183 601 195
2212 542 2301 579 va-
2328 530 2375 584 Δ
2402 528 2436 579 ἀ

2295 524 2640 589 -Δάλύσεις,
2695 527 2788 579 καὶ
2838 528 2939 589 τὰς
2992 526 3158 586 πέδας
3205 522 3622 594 συντετρῖφθαιο
3658 520 3756 575 καὶ
3814 519 3992 584 οὐδεὶς

740 628 925 680 luisset
949 640 1068 681 eum
1097 626 1335 686 domare,
1370 634 1423 678 et
1446 638 1665 691 semper
1689 625 1777 677 die
1802 640 1861 677 ac.
1894 634 2051 678 nocte
2075 625 2126 677 in
2152 639 2305 677 mon-

742 719 882 773 tibus
944 732 1008 770 ac
1040 717 1401 770 monumentis
1443 725 1560 769 erat
1603 714 1878 779 clamans,
1922 725 1972 769 et
2016 716 2307 769 concidens

740 811 973 878 seipsum
1006 810 1291 878 lapidibus.
1335 834 1350 861 ι
1382 808 1699 863 Probatiora
1727 810 2057 880 exemplaria
2083 809 2303 871 habent,

738 904 789 955 in
822 903 1091 970 regionem
1134 902 1584 971 Gergesenorum.
1631 902 1801 957 Porro
1848 904 2127 958 Matthazus
2174 904 2308 957 duos

735 994 864 1046 dicit
914 996 1183 1048 daemonio
1235 996 1520 1063 agitatos:
1573 994 1787 1049 Marcus
1842 1008 1972 1049 vero
2021 1003 2074 1049 et
2134 995 2308 1047 Lucas

739 1102 923 1149 unum,
954 1087 1279 1140 atrociorem
1318 1087 1569 1141 videlicet
1602 1088 1652 1139 in
1687 1088 1919 1140 medium
1948 1088 2302 1163 protei-entes.

741 1177 893 1230 Venit
923 1179 1085 1245 igitur
1117 1180 1204 1246 qui
1228 1179 1493 1232 daemonio
1517 1179 1839 1249 agitabatur,
1865 1179 2126 1233 conﬁtens
2160 1179 2304 1233 illum

737 1281 856 1319 esse
889 1265 1080 1319 Filium
1117 1266 1228 1319 Dei.
1270 1267 1531 1332 Quoniam
1562 1269 1611 1320 in
1649 1268 1770 1320 navi
1800 1268 2109 1321 dubitabant
2143 1268 2307 1321 disci-

737 1357 846 1423 puli
874 1366 1103 1425 quantus
1142 1357 1228 1410 hic
1255 1366 1418 1420 esset,
1453 1358 1674 1426 majoris
1701 1358 1820 1411 lidei
1858 1360 1915 1411 lit
1941 1360 2304 1412 testimonium

738 1447 803 1497 ab
837 1446 1107 1499 inimicis:
1138 1460 1272 1515 quos
1300 1461 1394 1514 per
1421 1449 1693 1502 daemones
1726 1450 1983 1515 intelligo.
2020 1448 2306 1502 llahitahat

736 1544 914 1586 autem
942 1536 990 1587 in
1016 1535 1301 1603 sepulcris,
1332 1538 1515 1591 volens
1541 1539 1848 1593 hominibus
1876 1540 2066 1593 malam
2096 1542 2305 1610 opinio-

739 1639 858 1675 ue-n
917 1623 1149 1690 inferre,
1200 1627 1342 1695 quod
1398 1630 1743 1682 morientium
1795 1634 1987 1686 anima:
2035 1633 2307 1688 dannones

739 1714 869 1769 fiant
901 1735 914 1771 ;
948 1718 1089 1785 quod
1120 1719 1261 1773 absit
1292 1729 1349 1773 ut
1375 1721 1498 1790 quis
1528 1722 1733 1776 credat.

808 1982 967 2036 Vens.
998 1983 1134 2064 6~lQ
1188 2003 1205 2036 ι
1240 1987 1371 2041 Cum
1406 1991 1625 2046 vidisset
1650 2003 1827 2048 autem
1856 1994 2038 2051 Jesum
2072 1999 2302 2064 eminus,

734 2076 973 2127 cucurrit
1015 2087 1067 2131 et
1115 2080 1360 2133 adoravit
1391 2096 1511 2135 eum
1537 2123 1551 2147 ,
1586 2094 1637 2138 et
1669 2086 1908 2149 clamans
1948 2103 2078 2145 voce
2111 2106 2305 2158 magna

735 2167 899 2224 dixiti:
935 2167 1072 2234 Quid
1105 2172 1232 2224 mihi
1267 2180 1439 2227 tecum
1468 2184 1568 2237 est,
1590 2176 1737 2242 Jesu,
1759 2177 1855 2233 Fili
1890 2181 1983 2235 Dei
2012 2182 2306 2237 altissimi?

734 2258 923 2326 adiuro
956 2270 1004 2314 te
1034 2276 1132 2329 per
1171 2263 1363 2329 Deum,
1397 2282 1464 2321 ne
1502 2284 1585 2323 me
1611 2278 1886 2339 torqueas.
1913 2274 2131 2331 Dicebat
2161 2276 2304 2330 enim

736 2349 808 2400 illi
840 2368 849 2401 :
882 2348 1002 2416 Exi,
1033 2353 1251 2420 spiritus
1281 2355 1572 2417 immunde.
1610 2360 1678 2414 ab
1710 2360 1946 2419 homine.
1980 2365 2043 2417 Et
2069 2368 2305 2420 interro-

735 2442 897 2507 gabat
952 2458 1112 2497 cum:
1163 2444 1315 2510 Quod
1364 2448 1458 2501 tibi
1511 2464 1704 2505 nomen
1749 2455 1875 2507 est?
1919 2455 1982 2509 Et
2030 2460 2307 2528 respondit

737 2534 922 2587 dicens
948 2536 995 2587 ei
1024 2553 1036 2587 :
1070 2535 1233 2604 Legio
1260 2538 1388 2592 mihi
1418 2556 1609 2595 nomen
1639 2553 1740 2608 est,
1766 2545 1890 2614 quia
1920 2547 2072 2603 multi
2095 2564 2303 2606 sumus.

738 2625 800 2678 Et
834 2626 1222 2694 deprecabatur
1247 2643 1369 2683 cum
1403 2632 1653 2697 multum,
1681 2651 1746 2690 ne
1772 2652 1830 2691 se
1856 2639 2127 2695 emitteret
2155 2653 2306 2696 extra

738 2721 1033 2789 regionem.
1083 2742 1098 2773 ι
1132 2721 1483 2779 Tormentum
1514 2741 1673 2781 suum
1707 2737 1894 2798 putant
1930 2733 2224 2799 daemones,
2263 2737 2307 2789 si

734 2822 1002 2880 cogantur
1048 2814 1199 2867 exire
1236 2815 1303 2870 ab
1349 2816 1600 2885 homine;
1644 2820 1764 2877 ideo
1805 2823 2037 2878 dicunt:
2082 2826 2159 2881 Ne
2200 2838 2310 2882 tor-

736 2918 922 2970 queas,
954 2906 1054 2960 hoc
1079 2919 1181 2972 εει,
1216 2922 1282 2961 ne
1311 2910 1509 2963 educas
1541 2925 1640 2966 nos
1667 2926 1731 2967 ex
1760 2914 2067 2972 habitaculo
2099 2928 2303 2986 nostro,

737 2995 835 3047 hoc
884 3002 967 3049 est
1015 2997 1247 3051 homine.
1295 2997 1401 3055 Sed
1437 3010 1489 3054 et
1527 3003 1683 3057 aliter
1728 3006 2115 3063 existimabant
2159 3013 2304 3081 quod

734 3100 952 3157 propter
975 3091 1158 3155 gravia
1190 3106 1311 3159 quae
1339 3100 1712 3160 attentassent,
1747 3113 1849 3151 non
1878 3099 2015 3153 ultra
2046 3117 2304 3170 passurus

732 3191 872 3235 esset
911 3183 1053 3251 ipsos
1079 3224 1093 3247 ,
1123 3185 1215 3237 sed
1250 3200 1370 3239 mox
1422 3188 1700 3257 suppliciis
1741 3191 2067 3259 traditurus,
2105 3195 2305 3250 idcirco
2334 3207 2381 3264 (ξ

734 3284 784 3325 et
834 3284 988 3326 orant
1035 3289 1100 3327 ne
1150 3289 1207 3329 se
1260 3287 1527 3345 torqueat.
1577 3279 1881 3351 lnterrogat
1928 3292 2103 3338 autem
2154 3286 2302 3339 illum

736 3361 1010 3429 Dominus,
1045 3380 1147 3419 non
1175 3377 1227 3420 ut
1260 3368 1372 3436 ipse
1393 3371 1588 3437 discat,
1616 3373 1709 3425 sed
1732 3382 1788 3426 ut
1812 3373 1899 3429 alii
1928 3375 2140 3430 discant
2165 3378 2302 3431 mul-

735 3452 1018 3506 titudinem
1062 3457 1448 3511 daemoniorum
1494 3461 1584 3527 qui
1630 3461 1682 3514 in
1715 3460 1807 3516 illo
1844 3474 2019 3517 erant.
2055 3464 2306 3531 Quando-

735 3543 946 3607 quidem
995 3560 1132 3600 unus
1159 3549 1448 3615 apparebat
1490 3566 1645 3617 esse,
1694 3555 1933 3608 ostendit
1976 3555 2136 3613 Jesus
2180 3575 2301 3613 cum

734 3644 861 3702 quot
898 3634 1133 3692 inimicis
1174 3639 1497 3697 miserabilis
1530 3644 1693 3699 homo
1724 3646 1812 3703 ille
1846 3658 2101 3706 certaret.

808 3810 971 3864 Vens.
1006 3812 1060 3866 ll
1112 3816 1194 3868 l4.
1228 3836 1246 3867 ι
1281 3818 1405 3871 Erat
1429 3832 1607 3876 autem
1635 3827 1705 3880 ibi
1731 3827 1885 3897 juxta
1914 3840 2149 3885 montem
2176 3848 2303 3901 grex

734 3917 1019 3967 porcorum
1059 3922 1281 3977 magnus
1320 3926 1578 3979 pascens,
1626 3927 1680 3970 et
1718 3920 2149 3987 deprecabantur
2182 3940 2303 3978 eum

2412 618 2571 671 αὐτὸν
2603 614 2757 687 ἴσχυε
2809 617 3086 687 δαμάσαι·
3130 617 3224 668 καὶ
3259 616 3347 673 διά
3403 613 3627 676 παντδς,
3665 611 3861 674 νυκτὸς
3901 613 3993 664 καὶ

2410 709 2641 775 ἡμέρας,
2675 710 2734 761 tv
2759 710 2873 770 τοῖς
2908 707 3061 776 ὄρεσι
3090 708 3184 759 καὶ
3209 709 3268 758 tv
3293 707 3408 766 τοῖς
3448 706 3729 774 μνήμασιν
3758 699 3828 773 ἦν
3857 703 3996 771 κρὰο

2410 801 2518 863 ζων
2553 801 2648 853 καὶ
2683 800 3047 853 κατακόπτων
3086 798 3281 853 ἑαυτὸν
3313 798 3508 859 λίθοις.
3555 815 3574 846 ι
3632 796 3713 847 Τὰ
3762 793 3991 864 ἀκριόἐο

2409 905 2574 957 στερα
2622 889 2733 943 τῶν
2770 891 3141 962 ἀντιγράφων,
3175 891 3255 952 εἰς
3284 890 3386 957 τὴν
3425 887 3611 957 χώραν
3657 886 3767 937 τῶν
3795 886 3993 953 Γεργε-

2411 979 2611 1047 σηνῶν,
2664 981 2798 1048 ἔχει.
2840 981 2898 1033 '0
2949 981 3049 1049 μὲν
3081 976 3174 1033 οὖν
3227 978 3506 1040 Ματθαίος
3533 976 3628 1029 δύο
3666 971 3805 1027 εἶναι
3861 976 3990 1035 τοὺς

2407 1072 2886 1142 δαιμονιζομένους
2936 1072 3123 1140 λέγει’
3163 1072 3191 1123 6
3223 1070 3277 1123 δὲ
3316 1070 3543 1138 Μᾶρκος
3569 1068 3664 1120 καὶ
3694 1070 3722 1118 6
3752 1066 3991 1130 Λουκᾶς,

2407 1164 2504 1218 ἕνα
2527 1181 2542 1195 ⁸
2570 1166 2664 1218 τὸν
2691 1165 2799 1235 γὰρ
2837 1163 3216 1235 χαλεπώτερον
3245 1160 3650 1229 ἐπιλεξάμενοι,
3674 1155 3994 1227 διηγοῦνται

2410 1258 2539 1327 περὶ
2576 1256 2765 1309 αὑτοῦ.
2805 1256 3069 1324 Ἔρχεται
3093 1254 3272 1306 τοίνυν
3308 1250 3823 1319 ὀδαιμονιζὸμενος.
3863 1247 3994 1298 Υἱίνν

2410 1348 2573 1400 αὐτὸν
2627 1344 2906 1413 ὁμολογῶν
2943 1338 3085 1396 εἶναι
3142 1341 3302 1396 Θεοῦ.
3342 1341 3499 1394 Ἐπεὶ
3555 1342 3665 1407 γὰρ
3717 1340 3765 1390 οί
3814 1342 3870 1388 ἐν
3916 1335 3995 1401 τῷ

2412 1438 2582 1507 πλοίῳ
2624 1435 3007 1504 emptam“,
3044 1434 3287 1496 ποταπός
3339 1435 3488 1485 ἐστιν
3535 1426 3710 1493 οὗτος,
3774 1430 3806 1495 ἠ
3840 1426 3996 1496 παρᾶ

2407 1529 2515 1581 τῶν
2551 1526 2789 1595 νὲχθρῶν
2826 1526 3103 1596 μαρτυρία
3137 1524 3436 1593 πιστοτέρα
3457 1523 3668 1588 γίνεται
3701 1537 3714 1550 °
3750 1520 3897 1585 λέγω
3929 1519 3993 1586 δὴ

2407 1620 2513 1673 τῶν
2536 1619 2827 1688 δαιμόνων.
2863 1618 3133 1686 Κατῴκει
3170 1616 3227 1667 δὲ
3257 1616 3318 1666 ὲν
3347 1617 3461 1676 τοῖς
3511 1614 3780 1683 μνήμασι,
3829 1625 3995 1677 πονη-

2409 1711 2511 1781 ρὰν
2543 1711 2811 1778 ὑπόληψιν
2856 1709 3091 1761 ἐνθεῖναι
3135 1707 3459 1777 βουλόμενος
3487 1708 3600 1767 τοῖς
3654 1704 3991 1771 ἐνθρώποις,

2408 1803 2615 1855 ὅτιτῶν
2644 1801 3101 1871 ἀποθνησκόντων
3132 1801 3188 1851 αί
3218 1798 3390 1867 ψυχαὶ
3434 1796 3693 1864 δαίμονες
3720 1797 3992 1861 γίνονται.

2334 1880 2378 1937 Β
2416 1898 2481 1949 ⁸0
2512 1895 2585 1965 μὴ
2616 1894 2828 1961 γένοιτο
2859 1893 2979 1945 τινὰ
3009 1890 3322 1945 πιστεῦσαι.

2488 2007 2505 2037 ι
2554 1985 2699 2038 Ἰδὼν
2724 1986 2779 2038 δὲ
2805 1986 2897 2037 τὸν
2940 1984 3148 2054 Ἰησοῦν
3190 1984 3297 2034 ἀπὸ
3326 1978 3619 2050 μακρόθεν,
3660 1979 3859 2048 ἔδραμε
3898 1979 3995 2030 καὶ

2410 2080 2814 2151 προσεκύνησεν
2836 2076 3004 2145 αὐτῷ,
3025 2076 3119 2129 καὶ
3138 2074 3345 2144 κράξας
3376 2076 3528 2141 φωνῇ
3566 2072 3799 2142 μεγάλῃ,
3833 2067 3952 2122 εἶπε
3974 2085 3989 2100 ν

2409 2172 2473 2225 Τί
2510 2172 2630 2241 ἐμοὶ
2665 2170 2759 2225 καὶ
2790 2171 2894 2233 σοὶ,
2926 2167 3122 2237 Ἰησοῦ,
3164 2168 3256 2219 Υἱὲ
3298 2165 3393 2218 τοῦ
3422 2164 3559 2217 Θεοῦ
3598 2164 3690 2216 τοῦ
3723 2164 3988 2230 inlicitae;

2420 2261 2656 2331 Ὁρκίζω
2683 2277 2741 2313 σε
2772 2259 2863 2312 τὸν
2896 2259 3049 2321 Θεὸν,
3094 2259 3165 2329 μή
3207 2275 3271 2327 με
3302 2256 3624 2326 βασανίσῃς.
3649 2256 3845 2322 Ἔλεγε
3881 2256 3992 2327 γὰρ

2409 2352 2574 2421 αὐτῷ’
2617 2350 2863 2417 Ἔξελθε,
2897 2350 2957 2404 τὸ
2978 2350 3193 2418 πνεῦμα
3222 2349 3282 2401 τὸ
3306 2348 3638 2417 ἀκάθαρτον,
3678 2350 3740 2399 ὲκ
3769 2345 3862 2399 τοῦ
3895 2347 3991 2398 ἀν-

2408 2441 2650 2513 θρώπου.
2694 2443 2801 2493 Kal
2834 2440 3099 2511 ἐπηρώτα
3151 2440 3334 2503 αὐτὸν,
3373 2439 3437 2490 Τί
3482 2456 3563 2491 σοι
3624 2440 3840 2505 6νομα;
3882 2436 3990 2488 Καὶ

2411 2531 2931 2602 ἀπεκρίθη,λέγων·
2963 2530 3181 2599 Λεγεὼν
3208 2529 3381 2600 ὄνομά
3417 2547 3527 2599 μοι,
3575 2530 3656 2582 ὅτι
3684 2527 3868 2581 πολλοί
3898 2530 3991 2581 ts-

2414 2640 2533 2692 μεν.
2590 2624 2698 2674 Kal
2730 2621 3024 2690 παρεκάλει
3077 2621 3242 2673 αὑτὸν
3291 2620 3483 2685 πολλὰ,
3525 2621 3612 2673 ἵνα
3668 2621 3743 2688 μὴ
3787 2619 3991 2681 αὐτοὺς

2410 2714 2700 2783 ἀποστείλῃ
2734 2713 2837 2776 ἔξω
2876 2713 2973 2781 τῆς
3021 2713 3231 2782 χώρας.
3288 2714 3537 2767 Βάσανον
3600 2711 3915 2781 νομίζουσιν
3942 2712 3990 2764 οι

2409 2806 2662 2875 δαίμονες
2685 2806 2744 2859 τὸ
2769 2805 3005 2869 ἐξελθεῖν
3031 2806 3094 2858 ὲκ
3125 2806 3219 2858 τοῦ
3248 2805 3559 2877 ἀνθρώπου.
3595 2805 3683 2873 Διό
3706 2821 3864 2873 φασι,
3896 2804 3989 2874 Μὴ

2409 2898 2733 2969 βασανίσῃς,
2757 2899 3027 2960 τουτέστι,
3060 2898 3137 2970 μὴ
3168 2898 3444 2968 ὲξαγάγης
3478 2900 3628 2967 ἡμᾶς
3647 2900 3711 2950 ὲκ
3736 2895 3832 2949 τοῦ
3853 2914 3993 2950 κατ-

2409 2992 2727 3061 οικητηρίου
2787 2991 2971 3061 ἡμῶν,
3044 2992 3165 3061 ἦτοι
3195 2991 3290 3044 τοῦ
3341 2989 3661 3060 ἀνθρώπου·
3697 2990 3791 3042 καὶ
3816 2989 3992 3054 ἄλλως

2408 3082 2485 3144 δὲ,
2528 3082 2778 3151 ἐνόμιζον
2807 3083 2888 3136 ὃτι
2922 3083 3010 3137 διά
3061 3085 3161 3155 τὴν
3192 3083 3498 3155 ὑπερϐολὴν
3527 3083 3637 3134 τῶν
3669 3083 3762 3135 ὑπ’
3809 3083 3992 3137 αὐτῶν

2410 3174 2795 3243 τολμωμένων,
2818 3176 2921 3229 οὐκ
2948 3175 3201 3242 ἀνέξεται
3228 3192 3242 3207 ⁸
3279 3175 3415 3229 ἀλλά
3444 3175 3758 3247 παραδώσει
3788 3175 3990 3237 uitali;

2409 3265 2659 3320 ἐντεῦθεν
2688 3266 2787 3335 ἤδη
2849 3269 2916 3337 τῇ
2951 3267 3169 3320 κολάσει
3193 3282 3208 3297 ο
3258 3267 3345 3320 διά
3386 3266 3545 3320 τοῦτο
3574 3267 3667 3320 καὶ
3731 3281 3991 3335 παρακα-

2412 3356 2594 3408 λοῦσιν
2638 3357 2727 3409 ’ἵνα
2763 3357 2836 3426 μὴ
2865 3358 3136 3431 βασανίσῃ
3177 3357 3395 3421 αὐτούς.
3444 3357 3656 3428 Ἐρωτᾷ
3682 3356 3738 3409 δὲ
3771 3356 3935 3409 αὑτὸν
3963 3355 3993 3407 δ

2408 3447 2630 3516 Κύριος,
2664 3447 2760 3515 οὐχ
2815 3449 2900 3499 ἵνα
2937 3448 3083 3519 μάθῃ
3116 3448 3300 3511 αὐτὸς,
3359 3448 3475 3500 ἀλλ’
3503 3448 3590 3500 ἵνα
3624 3449 3674 3499 οί
3700 3447 3851 3500 ἄλλοι
3886 3446 3993 3514 μά-

2408 3538 2543 3590 θωσι
2582 3539 2643 3591 τὸ
2680 3539 2884 3607 πλῆθος
2943 3540 3053 3591 τῶν
3107 3538 3462 3592 ἐνοικούντων
3494 3539 3643 3608 αὐτῷ
3693 3539 3992 3607 δαιμόνων.

2420 3630 2636 3701 Ἐπειδὴ
2662 3632 2769 3699 γὰρ
2799 3626 2879 3691 εἷς
2910 3631 3185 3699 ἐφαίνετο,
3219 3630 3492 3682 δείκνυσιν
3517 3630 3544 3681 6
3581 3630 3816 3700 Χριστὸς
3844 3631 3995 3692 ὅσοις

2412 3722 2626 3790 ἐχθροῖς
2659 3723 2924 3774 ὲπάλαιεν
2959 3724 2987 3775 6
3021 3721 3254 3780 ἐλεεινὸς
3280 3722 3488 3781 ἐκεῖνος
3520 3720 3841 3790 ἄνθρωπος.

2485 3832 2503 3863 ι
2537 3809 2645 3865 Ἦν
2676 3814 2731 3867 δὲ
2752 3815 2871 3867 ἐκεῖ
2900 3815 3035 3885 πρδς
3065 3813 3142 3882 τῷ
3170 3813 3288 3883 δρει
3344 3815 3515 3883 ἀγέλη
3544 3815 3745 3884 χοίρων
3777 3813 3995 3882 μεγάλη

2413 3906 2735 3978 βοσκομένη.
2769 3909 2880 3961 Kal
2904 3907 3285 3977 παρεκάλεσαν
3309 3907 3472 3960 αὑτὸν
3502 3909 3702 3969 πάντες
3731 3908 3777 3958 οἱ
3804 3906 3891 3958 δαί
3901 3922 4000 3976 μο-

733 4008 919 4049 Omnes
951 3998 1221 4053 dretnones
1253 4002 1535 4059 dicentes:
1570 4005 1716 4063 Mitte
1758 4024 1854 4065 nos
1891 4012 1941 4063 in
1986 4027 2205 4081 porcos,
2247 4026 2307 4070 ut
2410 4019 2430 4053 ν

2301 4056 2307 4070 ,
2410 4018 2518 4062 νες,
2550 3999 2829 4066 λέγοντες’
2887 4000 3108 4070 Πέμψον
3143 4001 3293 4070 ἡμᾶς
3348 4001 3429 4062 είς
3464 4001 3591 4061 τοὺς
3627 3998 3869 4066 χοίρους,
3908 3998 3998 4050 ἵνα

735 4086 783 4135 in
820 4099 911 4139 eos
956 4088 1304 4145 iutroeamus.
1383 4093 1447 4145 Et
1488 4098 1729 4163 permisit
1773 4100 1851 4151 eis
1898 4102 2080 4155 statim
2124 4104 2303 4159 Jesus.
2410 4114 2432 4147 ε

2298 4145 2303 4158 ,
2410 4096 2489 4156 είς
2507 4095 2704 4157 αὐτοὺς
2729 4092 3061 4161 εἰσέλθωμεν
3079 4108 3094 4124 ·
3115 4092 3209 4145 καὶ
3231 4091 3532 4161 ἐπέτρεψεν
3560 4090 3744 4152 αὐτοῖς
3780 4090 3995 4151 εὐθέως

735 4172 795 4225 Et
816 4177 1020 4239 egressi
1049 4177 1271 4244 Spiritus
1301 4180 1564 4234 immundi
1601 4184 1830 4253 ingressi
1858 4198 1981 4239 sunt
2014 4188 2064 4240 in
2090 4204 2303 4257 porcos.
2409 4189 2432 4240 6

2300 4232 2303 4243 .
2409 4189 2437 4240 6
2480 4186 2687 4255 Ἰησοῦς
2706 4201 2719 4214 ⁸
2748 4186 2842 4238 καὶ
2873 4184 3159 4247 ἐξελθόντα
3176 4185 3248 4236 τὰ
3275 4183 3563 4251 πνεύματα
3587 4183 3653 4235 τὰ
3682 4182 3997 4251 ἀκάθαρτα,

736 4265 795 4318 l-Lt
853 4266 1126 4321 ferebatur
1184 4284 1313 4337 grex
1374 4287 1466 4339 per
1514 4289 1750 4343 praeceps
1808 4276 1857 4328 in
1916 4293 2085 4334 mare.
2142 4279 2308 4337 Erant
2412 4296 2433 4329 ε

2302 4323 2308 4337 ,
2412 4278 2661 4345 εἰσῆλθον
2718 4279 2795 4338 είς
2836 4276 2960 4336 τοὺς
3006 4276 3244 4345 χοίρους.
3281 4276 3394 4328 Kal
3442 4273 3704 4344 ὥρμησεν
3749 4276 3779 4337 ή
3822 4274 3999 4344 ἀγέλη

733 4366 908 4408 autem
948 4357 1119 4411 ierme
1166 4359 1247 4412 his
1286 4361 1467 4424 mille,
1514 4373 1567 4415 et
1604 4363 1853 4418 suffocati
1892 4375 2017 4421 sunt
2050 4369 2103 4421 in
2144 4372 2302 4424 mari.
2413 4388 2430 4421 >

2301 4416 2302 4419 η
2413 4368 2551 4421 κατά
2589 4366 2681 4419 τοῦ
2739 4366 2986 4437 κρημνοῦ
3029 4366 3106 4428 εἰς
3136 4365 3235 4434 τὴν
3291 4364 3585 4419 θάλασσαν.
3610 4365 3792 4417 Ἦσαν
3823 4366 3878 4418 δὲ
3918 4366 3998 4430 ὡς

734 4446 899 4501 l'urro
935 4451 1022 4518 qui
1060 4451 1352 4517 pascebant
1384 4468 1603 4522 porcos,
1634 4454 1913 4524 fugerunt,
1938 4469 1993 4513 et
2023 4464 2307 4516 renuntia-
2410 4461 2431 4513 δ

2301 4493 2307 4505 ι
2410 4459 2677 4528 δισχίλιοι,
2729 4458 2824 4510 καὶ
2853 4458 3141 4525 ἐπνίγοντο
3180 4457 3238 4510 tv
3271 4460 3339 4527 τῇ
3366 4458 3644 4527 θαλάσσῃ.
3679 4457 3742 4508 Ui
3774 4456 3830 4509 δὲ
3866 4456 3998 4526 βόσ-

735 4554 923 4595 γ.ιτιιιιι
959 4545 1009 4595 in
1042 4546 1341 4609 civitatem,
1378 4558 1430 4600 et
1464 4549 1515 4600 in
1554 4566 1733 4617 agros.
1778 4573 1795 4604 ι
1836 4554 2112 4613 Dmmones
2143 4569 2302 4612 orant
2336 4552 2377 4603 Ι)
2408 4570 2432 4604 κ

2336 4552 2377 4603 D
2408 4570 2592 4614 κοντες
2621 4553 2747 4614 τοὺς
2778 4552 3017 4621 χοίρους,
3051 4550 3275 4618 ἔφυγον,
3309 4551 3406 4603 καὶ
3434 4549 3764 4617 ἀνήγγειλαν
3792 4551 3869 4611 είς
3896 4552 4002 4619 τὴν

736 4628 1017 4684 hominum
1070 4649 1135 4687 ne
1178 4636 1417 4690 mitteret
1465 4652 1522 4692 se
1566 4649 1719 4694 extra
1764 4645 2071 4713 regionem,
2118 4651 2210 4704 sed
2248 4652 2300 4704 in

732 4737 944 4789 gregem
991 4740 1294 4791 porcorum.
1340 4726 1458 4797 lpse
1496 4743 1676 4786 autem
1721 4735 1819 4790 hoc
1867 4742 2128 4805 permisit.
2167 4743 2302 4808 Quia

729 4821 869 4864 enim
898 4827 1164 4868 certamen
1194 4828 1276 4871 est
1300 4821 1404 4872 vita
1432 4830 1639 4887 nostra,
1667 4824 1836 4878 noluit
1868 4828 2125 4883 Dominus
2151 4843 2304 4885 extra

729 4904 864 4955 hanc
896 4907 1057 4957 vitam
1100 4908 1373 4963 daemones
1414 4926 1558 4976 esse,
1605 4924 1663 4967 ut
1708 4926 1982 4972 certantes
2019 4921 2301 4976 nobiscum

730 5009 825 5043 nos
876 4998 1210 5061 probatiores
1245 5015 1760 5063 commonstrarent.
1805 5010 2076 5066 Permittit
2123 5025 2301 5068 autem

728 5086 829 5136 illis
861 5089 1066 5142 intrare
1099 5090 1151 5143 in
1186 5107 1374 5158 porcos
1445 5106 1501 5149 ut
1526 5097 1823 5165 discamus,
1858 5106 1999 5169 quod
2028 5106 2166 5160 sicut
2196 5124 2300 5163 non

728 5190 1082 5245 pepercerunt
1116 5184 1291 5249 porcis
1319 5227 1331 5247 ,
1376 5187 1446 5239 ita
1478 5204 1651 5257 neque
1682 5191 1881 5245 homini
1921 5195 1991 5248 illi
2030 5200 2303 5267 pepercis-

728 5283 873 5334 sent,
914 5276 1010 5328 nisi
1047 5291 1171 5330 eum
1206 5278 1383 5332 divina
1421 5282 1593 5336 virtus
1626 5287 1985 5355 custodisset;
2028 5292 2302 5347 dremones

729 5367 871 5417 anim
904 5380 1023 5419 cum
1056 5368 1255 5422 inimici
1286 5373 1457 5425 nostri
1492 5376 1620 5437 sint,
1649 5376 1893 5444 protinus
1926 5396 2019 5435 nos
2048 5384 2303 5439 concide-

730 5468 868 5517 rent,
908 5458 1005 5511 nisi
1048 5458 1185 5513 Deus
1213 5476 1308 5516 nos
1342 5476 1711 5521 conservaret.
1761 5468 1915 5523 Disce
1947 5484 2124 5527 autem
2158 5482 2302 5544 quod

730 5566 907 5617 neque
948 5550 998 5603 in
1042 5567 1233 5618 porcos
1274 5556 1475 5611 habent
1526 5569 1849 5627 potestatem
1899 5564 2202 5633 daemones,
2249 5580 2304 5623 et

734 5644 897 5697 multo
930 5647 1107 5698 minus
1140 5649 1191 5699 in
1226 5648 1506 5715 homines,
1538 5654 1639 5705 nisi
1676 5656 1949 5722 permittat
1994 5658 2154 5713 Deus.
2190 5658 2304 5714 0b-

734 5751 885 5789 serva
920 5737 1080 5809 196
1111 5749 1293 5793 autem
1319 5744 1461 5811 quod
1510 5744 1559 5796 iu
1596 5748 1843 5801 homines
1885 5750 1974 5817 qui
2011 5765 2298 5815 porcorum

739 5843 888 5882 "Wrc
920 5831 1123 5896 νίνιιηιν
1158 5840 1213 5887 οι
1241 5833 1291 5888 in
1330 5834 1439 5890 lulo
1473 5837 1756 5906 voluptatis
1790 5850 2094 5911 versantur,
2127 5846 2304 5914 ingrc-

2408 4646 2561 4697 πόλιν
2580 4643 2674 4697 καὶ
2696 4644 2773 4706 είς
2800 4644 2923 4705 τοὺς
2960 4642 3185 4711 ἀγρούς.
3230 4661 3247 4693 ι
3275 4644 3335 4694 Ol
3362 4643 3458 4711 μὲν
3489 4641 3741 4709 δαίμονες
3776 4642 3998 4706 ἀξιοῦσι

2406 4737 2496 4787 τὸν
2530 4738 2729 4807 Κύριον
2788 4737 2862 4804 μὴ
2901 4735 3219 4787 ἀποστεῖλαι
3270 4733 3470 4796 αὐτοὺς
3501 4733 3607 4799 ἔξω
3646 4736 3744 4802 τῆς
3777 4734 3994 4806 χώρας,

2407 4826 2521 4878 ἀλλ’
2580 4827 2657 4888 είς
2709 4825 2807 4893 τὴν
2871 4824 3074 4893 ἀγέλην
3112 4822 3221 4875 τῶν
3276 4824 3476 4893 χοίρων
3520 4823 3822 4875 ἀπολῦσαι·
3880 4827 3909 4875 6
3941 4825 4002 4879 δὲ

2410 4920 2685 4989 συγχωρεῖ
2728 4916 2905 4971 τοῦτο.
2952 4915 3169 4988 Ἐπειδὴ
3222 4918 3333 4986 γὰρ
3386 4916 3699 4985 παλαίστρα
3754 4917 3909 4969 ἐστὶν
3966 4920 3998 4970 6

2410 5011 2519 5080 βίος
2558 5011 2736 5080 ἡμῶν,
2797 5009 2897 5061 οὐκ
2935 5007 3202 5078 ἠθέλησεν
3250 5010 3278 5060 6
3323 5006 3530 5077 Κύριος
3578 5009 3685 5072 ιξω
3728 5009 3823 5061 τοῦ
3876 5009 3996 5077 βίον

2404 5103 2597 5154 τούτου
2621 5102 2891 5155 ἀπολῦσαι
2909 5103 3033 5161 τοὺς
3057 5100 3341 5169 δαίμονας,
3371 5100 3457 5152 ἶνα
3479 5098 3805 5163 παλαίοντες
3838 5103 3995 5170 ἡμῖν.

2405 5194 2811 5264 δοκιμωτέρους
2870 5194 3021 5262 ἡμᾶς
3078 5193 3443 5263 ὲγράζωνται.
3516 5193 3872 5264 Συνεχὼρησε
3938 5194 3997 5247 6}.

2406 5288 2590 5349 αὐτοῖς
2648 5289 2728 5348 εἰς
2782 5285 2907 5346 τοὺς
2942 5284 3159 5355 χοίρους
3194 5283 3485 5344 εἰσελθεῖν,
3522 5284 3599 5347 ὡς
3630 5286 3697 5337 ἂν
3724 5286 3997 5354 μάθωμεν

2406 5381 2484 5432 ὅτι
2523 5377 2712 5444 ὥσπερ
2746 5377 2853 5428 τῶν
2882 5377 3081 5446 χοίρων
3118 5376 3217 5427 οὐκ
3244 5376 3553 5444 ἐφείσαντο,
3585 5376 3758 5439 οὕτως
3788 5378 3898 5429 οὐδ’
3927 5376 3999 5431 ἂν

2406 5470 2500 5522 τοῦ
2529 5469 2815 5538 ἀνθρώπου
2855 5468 3065 5520 ἐκείνου
3097 5467 3406 5536 ἐφείσαντο,
3431 5469 3479 5520 εἰ
3516 5466 3592 5536 μὴ
3624 5466 3743 5519 θεία
3764 5467 3998 5539 δύναμις

2406 5561 2539 5636 ἦνη
2600 5565 2946 5636 σνντηροῦσα
2986 5564 3188 5618 αὐτόν·
3225 5566 3273 5615 οί
3325 5564 3581 5631 δαίμονες
3626 5565 3736 5635 γὰρ
3795 5564 3993 5635 ἐχθροὶ

2409 5659 2577 5721 ὄντες,
2637 5656 2948 5724 κατέκοψαν
2981 5656 3047 5709 ἂν
3095 5656 3245 5724 ἡμᾶς
3278 5656 3549 5726 αὑθωρδν,
3600 5657 3649 5708 εί
3687 5657 3761 5727 μὴ
3806 5659 3833 5707 6
3859 5656 3997 5720 Θεὸς

2414 5754 2697 5823 συνετήρει
2758 5753 2925 5820 ﬁgi;
2968 5749 3222 5803 Μάνθανε
3260 5748 3313 5800 δὲ
3348 5750 3430 5802 ὅτι
3465 5748 3584 5801 οὐδὲ
3620 5749 3762 5800 κατά
3792 5749 3997 5819 χοίρων

2413 5845 2609 5913 ἔχωσιν
2662 5844 2907 5909 ἐξουσίαν
2963 5844 3011 5895 οἱ
3067 5840 3345 5911 δαίμονες,
3393 5842 3486 5894 καὶ
3547 5840 3725 5910 πολλῷ
3790 5839 3997 5909 μᾶλλον
