4298 6446
276 404 382 475 541

1038 405 1480 470 ENARRATIO
1516 405 1600 466 IN
1639 402 2148 469 EVANGELIUM
2193 405 2539 468 MARCI.-
2573 405 2733 467 CAP.
2767 406 2837 465 V.

3445 395 3558 464 542

278 519 426 574 κατά
455 519 788 594 ἀνθρώπων,
816 524 866 578 εἰ
899 522 975 594 μὴ
1003 523 1348 593 συγχωρήσει
1373 521 1401 571 6
1445 518 1616 582 ’Θεόςο
1653 518 1763 572 νόει
1810 517 1868 570 δὲ
1896 525 1975 585 Α‹

1896 525 1948 585 Α
1972 517 2200 572 diuntur
2222 518 2527 581 daemones,
2564 526 2620 573 et
2655 516 2882 570 mittunt
2916 511 3039 566 illos
3070 508 3337 580 praciptti
3381 509 3564 578 perdi-

273 611 364 663 ὅτι
417 611 513 663 καὶ
562 614 644 675 εἰς
676 615 804 676 τοὺς
838 613 978 666 κατά
1007 611 1227 682 χοίρους
1260 609 1470 672 ζῶντας
1519 605 1864 677 ἀνθρώπους,

1978 609 2124 662 tione
2157 611 2208 662 in
2239 624 2388 662 mare
2425 609 2589 674 hujus
2618 607 2763 668 vitae,
2794 611 2852 656 ut
2883 600 3236 657 suffocentur.

278 704 378 756 καὶ
400 701 477 772 τῷ
513 704 764 778 βορϐόρῳ
789 707 890 776 τῆς
919 707 1112 777 ἡδονῆς
1151 702 1594 772 ἐγκυλιομένους,
1672 703 1756 764 εἰς
1812 700 2040 764 τούτους
2088 703 2433 773 εἰσέρχονται
2469 702 2519 753 ol
2568 698 2851 766 δαίμονες,
2882 697 2975 750 καὶ
3039 695 3328 765 ῥίπτουσιν
3361 689 3564 756 αὐτοῦς

273 792 420 846 κατά
450 793 546 848 τοῦ
572 796 819 866 κρημνοῦ
849 800 946 864 τῆς
978 795 1274 857 ἀπωλείας,
1315 795 1374 848 ἐν
1397 794 1463 862 τῇ
1485 791 1731 862 θαλάσσῃ
1792 789 1884 842 τοῦ
1929 789 2048 860 βίου
2079 795 2295 858 τούτου,
2333 793 2431 846 καὶ
2460 793 2875 860 ἀποπνίγονται.

353 899 372 932 ε
413 882 526 935 Καὶ
559 883 786 953 ἐξῆλθον
829 885 958 939 ἰδεῖν
982 884 1034 937 τί
1066 886 1182 936 ἐστι
1219 883 1282 935 τὸ
1336 883 1583 952 γεγονός.
1627 878 1736 932 Ka'.
1771 876 1861 947 ἔρ-

270 989 462 1040 χονται
496 974 634 1045 πρὸς
686 976 779 1029 τὸν
822 974 1052 1046 Ἰησοῦν,
1085 972 1183 1028 καί⁵
1218 972 1491 1043 θεωροῦσι
1535 973 1628 1025 τὸν
1662 971 1859 1040 δαιμοα

273 1065 562 1134 νιςόμενον
594 1066 928 1137 καθήμενον,
972 1067 1065 1120 καὶ
1091 1068 1451 1135 ἱματισμένον
1492 1066 1581 1117 καὶ
1638 1078 1860 1132 σωφρο-

269 1155 496 1221 νοῦντα,
527 1156 621 1211 τὸν
647 1159 919 1228 ἐσχηκότα
941 1161 1032 1210 τὸν
1054 1156 1318 1224 λεγεῶνα,
1340 1157 1435 1209 καὶ
1485 1155 1854 1226 ἐφοϐήθησαν.

270 1247 617 1317 Διηγήσαντο
665 1248 725 1302 δὲ
769 1249 952 1312 αὐτοῖς
977 1250 1026 1302 οἰ
1079 1248 1300 1311 ίδόντες,
1339 1246 1456 1308 πῶς
1513 1245 1731 1311 ἐγένετο
1776 1245 1856 1313 τῷ

263 1339 727 1412 δαιμονιζομένῳ,
763 1344 859 1394 καὶ
896 1341 1024 1411 περὶ
1055 1339 1164 1393 τῶν
1207 1339 1440 1410 χοίρωνο
1501 1339 1596 1390 καὶ
1623 1337 1859 1407 ἧρξαντο

267 1431 626 1499 παρακαλεῖν
670 1433 835 1486 αὑτὸν
888 1431 1144 1485 ἀπελθεῖν
1166 1430 1274 1484 ἀπὸ
1305 1429 1415 1482 τῶν
1443 1429 1611 1497 ὁρίων
1644 1427 1852 1481 αὐτῶν.

261 1519 381 1572 Καὶ
426 1519 699 1587 ἐμϐάντος
728 1519 895 1572 αὑτοῦ
930 1522 1010 1581 εἰς
1041 1519 1102 1571 τὸ
1128 1518 1336 1582 πλοῖον,
1370 1517 1672 1586 παρεκάλει
1692 1516 1859 1570 αὑτὸν

260 1612 290 1660 6
320 1607 717 1676 δαιμονισθεὶς,
774 1608 860 1660 ἵνα
961 1609 1077 1677 μετ’
1119 1606 1284 1660 αὑτοῦ
1307 1623 1321 1637 ·
1362 1609 1390 1660 6
1418 1607 1476 1660 δὲ
1523 1607 1730 1676 Ἰησοῦς
1758 1607 1859 1658 οὐκ

262 1698 484 1766 ἀφῆκεν
527 1698 710 1765 αὑτὸν,
763 1698 898 1752 ἀλλὰ
943 1698 1092 1766 λέγει
1130 1698 1314 1768 αὐτῷ·
1352 1697 1572 1765 ’Υπαγε
1627 1701 1708 1760 εἰς
1763 1696 1856 1749 τὸν

262 1784 418 1841 οἶκόν
446 1807 538 1843 σου
571 1793 707 1858 πρὸς
737 1792 862 1853 τοὺς
889 1791 1014 1852 σοὺς
1039 1790 1136 1842 καὶ
1163 1791 1490 1858 ἀνάγγει).ον
1523 1791 1708 1852 αὐτοῖς
1753 1791 1853 1842 ὅσα

268 1896 354 1932 σοι
383 1883 412 1934 6
445 1880 648 1950 Κύριος
685 1881 975 1951 πεποίηκε,
1012 1883 1108 1934 καὶ
1132 1881 1333 1951 ἠλέησέ
1365 1899 1446 1936 σε.
1485 1882 1598 1936 Kal.
1619 1882 1850 1952 ἀπῆλθε,

265 1971 365 2024 καὶ
397 1973 602 2041 ἤρξατο
626 1971 924 2042 κηρύσσειν
955 1975 1012 2026 ἐν
1040 1976 1104 2040 τῇ
1129 1974 1452 2037 Δεκαπόλει,
1474 1975 1575 2028 ὅσα
1597 1974 1856 2044 ἐποίησεν

263 2062 421 2132 αὐτῷ
451 2063 480 2114 6
523 2062 752 2132 Ἰησοῦς,
783 2065 878 2116 καὶ
927 2069 1130 2129 πάντες
1165 2066 1498 2136 ἐθαύμαζον.
1541 2085 1559 2118 ι
1603 2067 1856 2138 Ἐξῆλθον

263 2156 368 2225 μὲν
395 2157 442 2208 οἰ
479 2157 575 2225 τῆς
600 2158 807 2220 πόλεως
829 2157 1046 2228 ἐκείνης
1078 2159 1215 2227 πρὸς
1237 2160 1330 2212 τὸν
1372 2159 1603 2229 Ἰησοῦν,
1636 2162 1849 2213 ἐκπλα-

260 2249 456 2317 γέντες
489 2251 547 2304 :6
580 2251 766 2319 θαῦμα
790 2269 802 2282 ·
831 2253 1164 2318 ἀκούσαντες
1187 2255 1264 2317 δὲ,
1294 2254 1642 2325 ἐφοϐήθησαν
1665 2255 1850 2310 πλέον.

259 2342 357 2396 Διδ
390 2344 486 2396 καὶ
514 2343 892 2414 παρακαλοῦσι
922 2346 1012 2399 τδν
1051 2345 1259 2417 Ἰησοῦν
1290 2347 1377 2400 ἵνα
1405 2346 1597 2419 ἐξέλθῃ
1650 2350 1715 2402 ἐκ
1745 2349 1854 2402 τῶν

257 2435 434 2505 ὁρίων
466 2436 666 2489 αὐτῶν.
700 2437 815 2490 Ἐδε
837 2438 1116 2490 δοίκεισαν
1155 2440 1264 2509 γάρ
1296 2441 1507 2510 μήποτε
1539 2442 1632 2493 καὶ
1669 2443 1854 2510 μεῖζόν

260 2545 314 2579 τι
349 2525 589 2582 πάθωσι.
627 2527 767 2591 Τοὺς
801 2529 910 2598 γὰρ
942 2529 1160 2600 χοίρους
1203 2531 1595 2594 ἀπολέσαντες,
1639 2535 1731 2587 καὶ
1759 2533 1854 2585 λυ-

259 2619 531 2687 πηθέντες
557 2620 648 2672 ἐπὶ
679 2624 744 2690 τῇ
772 2621 1036 2692 ἀπωλείᾳ,
1062 2625 1451 2694 παραιτοῦνται
1480 2626 1573 2678 καὶ
1596 2627 1694 2696 τὴν
1713 2644 1856 2698 παρ-

255 2709 450 2764 ουσίαν
507 2711 600 2763 τοῦ
658 2712 861 2782 Κυρίου
894 2730 907 2744 ·
943 2715 971 2767 6
1016 2715 1071 2768 δὲ
1131 2716 1500 2785 δαιμονισθεὶς
1552 2720 1854 2788 παρεκάλει

259 2802 449 2867 αὑτὸν,
483 2804 570 2856 ἵνα
608 2799 640 2873 ᾖ
672 2807 788 2872 μετ’
811 2805 999 2859 αὐτοῦ·
1031 2807 1280 2877 ἐφοϐεῖτο
1313 2811 1420 2880 γὰρ
1446 2812 1658 2880 μήποτε
1691 2814 1855 2883 μόνον

258 2894 516 2962 εὑρόντες
543 2896 704 2948 αὐτὸν
729 2897 780 2948 οἱ
809 2897 1084 2968 δαίμονες,
1117 2901 1281 2955 πάλιν
1345 2903 1648 2956 ἐπέλθωσιν
1680 2906 1850 2976 αὐτῷ.

270 2987 331 3039 Ὀ
359 2988 416 3040 δὲ
443 2987 648 3057 Κύριος
676 2989 908 3042 ἀπολύει
931 2991 1094 3045 αὑτὸν
1112 2994 1187 3055 εἰς
1220 2994 1310 3048 τὸν
1333 2989 1481 3046 οἷκον
1506 2995 1691 3062 αὐτοῦ,
1711 2997 1856 3051 δεικ-

2038 881 2204 938 Vens.
2242 884 2430 937 15-20.
2468 901 2486 933 ι
2530 883 2593 936 Et
2617 883 2825 951 egressi
2858 890 2984 935 sunt
3010 877 3078 932 ad
3107 877 3400 930 videndum
3429 876 3560 945 quid

1961 981 2108 1028 esset
2155 972 2300 1042 quod
2348 974 2627 1027 acciderat
2667 989 2679 1024 :
2735 981 2791 1026 et
2845 970 3070 1025 veniunt
3123 968 3189 1020 ad
3237 966 3461 1026 Jesum,
3505 975 3561 1019 et

1957 1067 2149 1120 vident
2183 1067 2336 1119 illum
2370 1065 2462 1134 qui
2511 1079 2538 1116 a
2579 1064 2850 1118 daemonio
2897 1063 3236 1124 vexabatur,
3276 1059 3557 1112 sedentem

1958 1172 2022 1212 ac
2041 1157 2300 1212 vestitum
2351 1166 2404 1209 et
2434 1171 2580 1210 same
2609 1155 2832 1218 mentis,
2855 1154 2944 1221 qui
2971 1154 3236 1205 habuerat
3261 1151 3552 1218 legionem,

1956 1257 2010 1303 et
2057 1249 2374 1302 timuerunt.
2430 1247 2492 1300 Et
2549 1253 2918 1299 narraverunt
2967 1243 3073 1296 illis
3125 1242 3215 1308 qui
3272 1241 3538 1302 viderant,

1956 1339 2192 1408 qualiter
2229 1338 2522 1392 accidisset
2557 1337 2603 1391 ei
2645 1336 2736 1403 qui
2782 1335 3111 1388 daemonium
3156 1331 3463 1390 habuerat,
3502 1340 3559 1382 et

1957 1431 2023 1485 de
2050 1432 2252 1498 porcis.
2282 1429 2347 1483 Et
2386 1444 2578 1498 rogare
2605 1438 2896 1494 creperum
2922 1441 3045 1478 cum
3074 1433 3128 1476 ut
3156 1423 3464 1476 discederet
3491 1420 3556 1474 de

1958 1522 2158 1576 finibus
2190 1523 2456 1589 ipsorum.
2491 1520 2557 1573 Et
2585 1535 2711 1574 cum
2751 1520 3031 1587 ingressus
3059 1524 3205 1570 esset
3237 1513 3438 1576 navim,
3473 1527 3558 1564 ro-

1955 1614 2118 1682 gabat
2168 1613 2320 1667 illum
2375 1613 2465 1682 qui
2515 1611 2692 1666 fuerat
2745 1626 2773 1663 a
2818 1610 3088 1664 daemonio
3135 1617 3452 1674 correptus,
3497 1612 3558 1658 ut

1957 1714 2105 1759 esset
2131 1719 2254 1758 cum
2288 1704 2382 1758 illo
2412 1721 2424 1756 :
2460 1707 2618 1758 Jesus
2650 1710 2831 1756 autem
2861 1716 2969 1754 non
3001 1699 3248 1768 permisit
3277 1711 3425 1759 eum,
3461 1700 3555 1748 sed

1959 1799 2037 1851 ait
2071 1798 2190 1851 illi:
2233 1798 2334 1850 Abi
2383 1797 2435 1850 in
2475 1796 2694 1848 dnmnm
2750 1803 2896 1847 tuam
2930 1792 2995 1843 ad
3030 1801 3174 1856 tuos,
3211 1800 3262 1844 et
3296 1787 3556 1841 annuutia

1959 1890 2070 1945 illis
2109 1896 2308 1958 quanta
2359 1887 2454 1943 tibi
2497 1885 2759 1941 Dominus
2808 1883 3032 1948 feceritﬁ,
3085 1893 3138 1936 et
3180 1883 3437 1936 misertus
3486 1882 3558 1933 sit

1959 1982 2058 2036 tui.
2120 1979 2186 2034 Et
2248 1980 2420 2045 abiit,
2480 1989 2534 2034 et
2601 1979 2768 2047 coepit
2827 1976 3133 2044 praedicare
3187 1975 3238 2029 in
3302 1971 3555 2041 Decapoli

1957 2088 2163 2149 quanta
2193 2077 2295 2132 sibi
2333 2075 2551 2131 fecisset
2584 2072 2779 2140 Iesus;
2815 2082 2869 2127 et
2897 2087 3090 2127 omnes
3123 2070 3485 2124 mirabantur.
3529 2084 3548 2118 ι

1959 2172 2223 2225 Exierunt
2262 2170 2428 2239 igitur
2461 2168 2561 2222 viri
2597 2165 2742 2221 illius
2777 2168 3017 2222 civitatis
3048 2169 3113 2218 ad
3147 2163 3333 2218 Jesum
3367 2172 3556 2229 stupe-

1958 2261 2087 2317 facti
2111 2262 2374 2316 miraculo
2409 2278 2424 2314 :
2455 2270 2509 2314 et
2538 2275 2659 2313 cum
2688 2259 2993 2323 audissent,
3024 2259 3322 2311 timuerunt
3357 2256 3552 2322 magis.

1957 2353 2166 2408 Idcirco
2207 2361 2263 2407 et
2307 2351 2491 2406 Jesum
2548 2360 2738 2418 rogant
2791 2361 2850 2402 ut
2901 2349 3218 2418 egrediatur
3267 2362 3295 2399 a
3351 2345 3554 2400 finibus

1956 2445 2220 2516 ipsorum.
2254 2442 2579 2497 Timuerunt
2608 2443 2756 2497 enim
2785 2441 3080 2510 nequando
3110 2449 3164 2494 et
3197 2439 3371 2507 majus
3398 2437 3554 2508 quid-

1957 2541 2080 2596 dam
2130 2539 2430 2607 patiantur.
2483 2537 2584 2602 Qui
2629 2537 2775 2590 enim
2825 2537 3182 2603 perdiderant
3225 2549 3454 2601 porcos.
3499 2531 3552 2584 in

1959 2631 2263 2700 perditione
2316 2630 2565 2682 dolentes
2608 2638 2905 2699 precantur
2957 2637 3015 2678 ut
3064 2627 3222 2678 abeat
3269 2623 3550 2675 Dominus.

1957 2724 2226 2779 Cancrum
2276 2725 2323 2778 is
2362 2724 2453 2793 qui
2501 2723 2773 2777 dremonio
2825 2721 3064 2790 agitatus
3107 2718 3319 2781 fuerat,
3362 2717 3556 2768 orabat

1956 2820 2108 2875 illum
2160 2831 2217 2874 ut
2274 2836 2395 2874 cum
2451 2822 2568 2890 ipso
2617 2829 2810 2875 esset:
2874 2818 3099 2871 timebat
3147 2817 3331 2875 enim,
3390 2827 3456 2867 ne
3509 2811 3553 2866 si

1958 2910 2177 2980 quando
2202 2911 2476 2964 dmmones
2503 2926 2626 2965 eum
2661 2908 2995 2963 invenissent
3026 2905 3228 2967 solum,
3269 2906 3463 2958 iterum
3493 2914 3554 2956 se

1958 3001 2195 3056 adirent.
2233 3003 2303 3054 At
2340 3001 2600 3056 Dominus
2633 3000 2841 3056 dimisit
2867 3015 2989 3052 eum
3037 3001 3088 3051 in
3129 2997 3350 3051 domum
3392 2995 3510 3062 ejus
3535 3031 3550 3058 ,

259 3075 403 3131 νύων
437 3079 586 3148 αύτῷ
632 3081 712 3132 ὅτι
746 3080 851 3134 κᾶν
893 3081 968 3152 μὴ
1001 3083 1164 3146 αὐτὸς
1196 3088 1368 3157 παρῇ,
1405 3087 1518 3140 ἀλλ’
1553 3090 1653 3157 ἦγε
1681 3088 1843 3143 δύνα-
1874 3101 1917 3159 c
1954 3118 1956 3136 ε

1874 3101 1917 3159 c
1954 3096 2248 3148 ostendens
2273 3094 2322 3149 ei
2351 3095 2494 3164 quod
2533 3095 2659 3148 licet
2694 3095 2811 3164 ipse
2844 3109 2952 3147 non
2991 3092 3155 3154 adsit,
3197 3087 3552 3144 nihilominus

264 3186 357 3236 μις
386 3167 554 3220 αὑτοῦ
586 3168 681 3222 καὶ
733 3172 768 3241 ἡ
822 3172 1099 3242 ὲπισκοπὴ
1133 3173 1360 3244 φυλάξει
1403 3178 1587 3243 αὑτὸν,
1617 3180 1732 3248 ἅμα
1764 3181 1841 3246 δὲ,

259 3257 348 3310 ἵνα
375 3260 468 3310 καὶ
499 3259 720 3329 ἐτέρους
742 3262 961 3329 ὁραθεὶς
991 3263 1279 3335 ὠφελήσῃ.
1319 3266 1454 3318 Ἰδοὺ
1477 3268 1610 3335 γοῦν
1640 3269 1847 3339 ήρξατο

261 3350 584 3419 κηρύσσειν,
626 3354 721 3405 καὶ
751 3354 951 3418 πάντες
985 3355 1320 3431 ἐθαύμαζον.
1356 3358 1498 3428 Ὅρα
1524 3359 1582 3412 δὲ
1640 3362 1735 3412 καὶ
1783 3361 1846 3413 τὸ

261 3442 470 3507 ἄτυφον
495 3442 587 3495 τοῦ
605 3444 880 3513 Σωτῆρος.
902 3447 1018 3499 Οὐκ
1049 3440 1202 3500 εἷπεν
1230 3449 1332 3513 ὃτι,
1371 3449 1728 3518 ’Δπάγγειλον
1745 3454 1845 3506 ὅσα

262 3547 349 3583 σοι
393 3533 694 3602 πεποίηκα,
744 3535 882 3602 ἀλλ’,
931 3538 1073 3592 Ὅσα
1096 3557 1179 3593 σοι
1229 3540 1580 3609 πεποίηκενὸ
1619 3542 1840 3614 Κύριος.

257 3618 422 3674 οὕτω
453 3622 547 3674 καὶ
586 3622 678 3685 σὺ,
716 3624 846 3677 ὅταν
881 3627 1085 3695 ἀγαθόν
1130 3648 1183 3682 τι
1213 3632 1467 3702 ποιήσῃς,
1502 3634 1578 3705 μὴ
1611 3635 1842 3706 σεαυτῷ,

256 3711 397 3764 ἀλλὰ
425 3711 505 3781 τῷ
537 3713 655 3784 Θεῷ
689 3716 930 3771 ἀνατίθει
963 3720 1023 3773 τὸ
1057 3723 1323 3795 πραχθέν.

331 3823 351 3855 ε
386 3804 495 3857 Kal.
524 3805 958 3878 διαπεράσαντος
981 3811 1076 3866 τοῦ
1122 3816 1298 3885 Ἰησοῦ
1322 3820 1379 3871 ὲν
1414 3818 1491 3888 τῷ
1530 3819 1704 3890 πλοίῳ
1733 3822 1840 3875 πά-

253 3896 341 3949 λιν
391 3900 472 3962 είς
517 3899 576 3952 τὸ
625 3901 824 3973 πέραν,
862 3905 1108 3979 συνήχθη
1140 3908 1296 3978 ὅχλος
1343 3913 1510 3976 πολὺς
1537 3915 1622 3967 ἐπ’
1649 3915 1840 3978 αὐτὸν,

255 3990 354 4042 καὶ
379 3984 451 4060 ἦν
492 3992 646 4063 παρά
693 3993 795 4065 τὴν
840 3995 1142 4053 θάλασσαν.
1177 4002 1288 4055 Καὶ
1352 4004 1462 4059 ἰδοὺ
1496 4005 1719 4076 ἔρχεται
1763 4001 1844 4070 εἷς

253 4077 368 4132 τῶν
414 4081 906 4155 ἀρχισυναγώγων,
960 4089 1188 4160 ὀνόματι
1235 4094 1485 4164 Ἰάειρος.
1541 4099 1651 4150 Καὶ
1719 4097 1844 4151 ἰδὼν

251 4169 442 4230 αὑτὸν,
463 4173 656 4226 πίπτει
687 4176 826 4244 πρὸς
861 4181 988 4242 τοὺς
1027 4181 1197 4244 πόδας
1229 4184 1421 4248 αὑτοῦ,
1461 4186 1554 4238 καὶ
1585 4187 1839 4255 παρεκά-

253 4262 337 4315 λει
375 4263 538 4315 αὐτὸν
563 4265 756 4329 πολλὰ,
790 4268 962 4337 λέγων
989 4272 1094 4335 ὅτι,
1114 4273 1188 4327 Τὸ
1228 4275 1525 4347 θυγάτριόν
1558 4295 1660 4349 μου
1688 4280 1844 4348 ἐσχά-

250 4372 364 4418 τως
397 4356 539 4427 ἐχεισ
577 4357 665 4410 ἵνα
695 4357 870 4414 ἐλθὼν
901 4363 1097 4433 ἐπιθῇς
1136 4366 1276 4433 αὐτῇ
1309 4367 1407 4430 τὰς
1440 4370 1653 4438 χεῖρας,
1690 4369 1841 4433 ὅπως

1958 3197 2140 3243 tamen
2169 3187 2339 3242 virtus
2362 3203 2458 3241 sua
2485 3197 2539 3240 et
2563 3186 2806 3241 visitatio
2828 3186 3098 3240 custodiet
3134 3199 3254 3237 cum
3289 3203 3302 3236 ι
3332 3182 3553 3250 insuper

1956 3289 2012 3335 ut
2055 3288 2108 3334 et
2153 3281 2287 3334 alios
2333 3279 2596 3344 lueretur,
2645 3279 2735 3348 qui
2788 3279 2965 3345 ipsum
3019 3275 3188 3330 visuri
3238 3281 3440 3329 essmt.
3487 3268 3554 3325 Et

1954 3386 2084 3426 ecce
2116 3371 2413 3441 pratdicare
2462 3370 2660 3440 coepit,
2702 3378 2755 3424 et
2781 3382 2975 3423 omnes
3017 3366 3377 3420 mirabantur.
3415 3361 3554 3417 Vide.

1955 3475 2136 3519 autem
2167 3479 2328 3529 quam
2359 3464 2568 3517 alienus
2604 3462 2723 3516 sita
2755 3461 2894 3515 fastu
2922 3459 3197 3513 Servatur.
3232 3457 3348 3512 Non
3374 3456 3549 3510 dixit:

1953 3556 2232 3610 Annuntia
2258 3570 2380 3624 quae
2405 3553 2502 3607 tibi
2528 3568 2652 3623 ego,
2681 3551 2800 3613 sed,
2825 3551 2956 3617 Quae
2987 3549 3081 3602 tibi
3109 3549 3235 3602 fecit
3268 3547 3548 3600 Dominus.

1957 3647 2045 3703 Sic
2080 3657 2133 3701 et
2175 3659 2226 3702 tu
2264 3646 2483 3717 quando
2517 3647 2718 3700 bonum
2761 3644 2894 3714 quid
2929 3643 3125 3697 feceris
3149 3682 3163 3706 ,
3203 3656 3269 3695 ne
3302 3640 3396 3694 tibi
3425 3639 3546 3709 ipsi,

1954 3740 2044 3792 sed
2079 3739 2308 3793 Domino
2334 3737 2536 3791 factum
2569 3737 2797 3791 tribuas.

2029 3830 2192 3884 Vens.
2222 3829 2417 3885 21-29.
2457 3848 2474 3880 ι
2516 3829 2575 3883 Ει
2611 3845 2734 3884 cum
2771 3829 3057 3884 transisset
3084 3825 3244 3882 Jesus
3274 3828 3397 3882 navi
3428 3842 3550 3880 rur-

1954 3939 2046 3979 sus
2083 3925 2137 3978 in
2182 3923 2498 3978 ulteriorem
2535 3924 2733 3994 ripam,
2773 3925 3032 3978 convenit
3073 3925 3240 3977 multa
3286 3924 3443 3977 tur'ba
3481 3924 3548 3978 ad

1952 4032 2099 4079 eum,
2123 4026 2175 4070 et
2201 4027 2322 4070 erat
2349 4016 2493 4070 circa
2533 4031 2700 4071 mare.
2731 4016 2796 4070 Et
2820 4030 2948 4070 ecce
2974 4016 3123 4070 venit
3147 4016 3368 4085 quidam
3400 4016 3552 4083 prin-

1952 4109 2132 4177 cipum
2185 4108 2486 4178 Synagogaa
2534 4109 2752 4162 nomine
2794 4107 3010 4173 Jairus,
3063 4117 3118 4161 et
3161 4122 3281 4161 cum
3327 4107 3546 4161 \idisset

1950 4217 2074 4255 eum
2101 4245 2114 4266 ,
2160 4201 2395 4271 procidit
2429 4200 2496 4255 ad
2529 4201 2694 4266 pedes
2722 4200 2874 4269 ejus,
2913 4210 2968 4255 et
3000 4200 3396 4269 deprecabatur
3422 4215 3545 4253 eum

1951 4293 2204 4356 multum,
2237 4293 2426 4348 dicens
2459 4310 2472 4346 :
2511 4291 2706 4346 Filiola
2743 4305 2861 4346 mea
2908 4292 2962 4345 in
2993 4295 3262 4346 extremis
3288 4301 3409 4344 est:
3449 4306 3548 4345 oro

1950 4391 2010 4438 ut
2054 4383 2242 4436 venias
2289 4390 2343 4437 et
2389 4382 2640 4450 imponas
2685 4383 2761 4437 illi
2807 4397 3024 4447 manus,
3083 4393 3142 4435 ut
3187 4382 3335 4436 salva
3383 4382 3453 4436 sit
3496 4392 3549 4436 et

256 4443 410 4515 σωθῇ
471 4445 565 4498 καὶ
619 4446 867 4517 ζήσεται.
931 4451 1042 4504 Καὶ
1089 4451 1304 4524 ἀπῆλθε
1346 4456 1462 4524 μετ’
1501 4457 1702 4511 αὐτοῦ·
1746 4461 1842 4512 καὶ
1870 4462 1953 4522 Ι)η

1870 4462 1923 4522 D
1952 4475 2113 4528 vivet.
2151 4473 2218 4529 Et
2253 4474 2388 4530 abiit
2436 4443 2560 4529 cum
2604 4475 2720 4538 illo,
2751 4484 2805 4529 et
2845 4443 3179 4544 seque-batur
3215 4491 3338 4529 eum
3389 4477 3545 4529 turba

252 4536 544 4606 ἠκολούθει
573 4539 724 4610 αὐτῷ
752 4541 908 4611 ὄχλος
942 4545 1131 4611 πολὺς,
1184 4549 1279 4600 καὶ
1304 4549 1617 4603 συνέθλιϐον
1643 4551 1832 4606 αὑτὸν.

253 4631 370 4684 Καὶ
393 4633 530 4700 γυνή
573 4649 656 4696 τις
683 4630 815 4688 οῦσα
841 4639 897 4690 ἐν
932 4640 1086 4709 ῥύσει
1110 4643 1343 4711 αἵματος
1360 4644 1457 4714 ἐτη
1485 4645 1715 4708 δώδεκα,
1747 4620 1839 4701 καὶ

251 4723 427 4780 πολλὰ
457 4725 710 4781 παθοῦσα
741 4730 846 4782 ὑπὸ
877 4732 1088 4785 πολλῶν
1125 4735 1353 4804 ἰατρῶν,
1390 4738 1486 4790 καὶ⁵
1512 4737 1838 4807 δαπανήσα-

253 4831 320 4867 σα
355 4816 424 4869 τὰ
466 4818 597 4888 παρ’
652 4823 823 4890 αὐτῆς
869 4824 1072 4890 πάντα,
1116 4828 1212 4879 καὶ
1245 4829 1411 4897 μηδὲν
1466 4829 1836 4900 ὠφεληθεῖσα,

249 4909 389 4962 ἀλλά
421 4912 623 4981 μᾶλλον
668 4918 747 4976 εἰς
794 4918 855 4970 τὸ
893 4921 1074 4988 χεῖρον
1111 4919 1363 4986 ἐλθοῦσα,
1388 4922 1672 4976 ἀκούσασα
1708 4928 1840 4996 περὶ

246 5001 345 5058 τοῦ
388 5003 587 5073 Ἰησοῦ,
610 5007 842 5061 ἐλθοῦσα
879 5011 938 5061 ἐν
966 5011 1045 5080 τῷ
1074 5009 1216 5082 ὄχλῳ
1249 5012 1499 5078 ὄπισθεν,
1538 5015 1716 5084 ἥψατο
1743 5017 1836 5069 τοῦ

249 5094 470 5163 ἱματίου
494 5098 682 5152 αὑτοῦ·
718 5091 874 5169 ἔλεγε
907 5104 1015 5173 γὰρ
1041 5105 1148 5168 ὅτι,
1180 5105 1306 5158 Κᾶν
1338 5107 1445 5159 τῶν
1478 5107 1712 5177 ἱματίων
1739 5111 1838 5161 αὺ-

243 5187 340 5242 τοῦ
394 5187 646 5260 ἅψωμαι,
705 5194 1061 5264 σωθήσομαι·
1097 5197 1188 5250 καὶ
1220 5197 1426 5262 εὐθέως
1486 5200 1761 5271 ἐξηράνθη
1799 5204 1831 5272 ὴ

243 5277 402 5349 πηγὴ
436 5279 532 5332 τοῦ
572 5283 803 5352 αἵματος
841 5286 1034 5355 αὐτῆς,
1067 5289 1161 5339 καὶ
1197 5289 1337 5354 ἐγνω
1361 5289 1439 5359 τῷ
1471 5290 1711 5360 σώματι,
1751 5293 1835 5346 ὅτι

245 5371 396 5426 [atat
428 5371 538 5425 ἀπὸ
575 5376 672 5444 τῆς
716 5375 1002 5444 μάστιγος.
1050 5395 1068 5429 ι
1125 5379 1281 5432 Μετά
1308 5380 1368 5431 τὸ
1409 5382 1503 5433 ἐπὶ
1533 5381 1610 5450 τῷ
1639 5383 1833 5453 δαιμο-

241 5464 520 5536 νιζομένῳ
573 5467 780 5537 θαῦμα,
810 5469 1001 5538 ἕτερον
1062 5470 1354 5541 ἐργάζεται
1409 5475 1437 5526 6
1469 5474 1698 5544 Κύριος,
1730 5477 1832 5547 τὴν

244 5551 527 5625 θυγατέρα
550 5555 643 5609 τοῦ
669 5559 1124 5627 ἀρχισυναγώγου
1156 5562 1412 5616 ἀνιστῶν.
1457 5565 1621 5631 Λέγει
1651 5565 1708 5617 δὲ
1740 5572 1832 5619 καὶ

1948 4567 2152 4633 multa,
2203 4576 2256 4623 et
2301 4568 2738 4636 eomprimebant
2771 4583 2916 4623 eum.
2953 4567 3022 4622 Et
3071 4567 3265 4622 mulier
3298 4567 3545 4636 quaedam

1945 4673 2062 4725 quae
2096 4656 2274 4712 fuerat
2304 4659 2541 4713 obnoxia
2583 4660 2849 4728 profluvio
2879 4661 3165 4729 sanguinis
3216 4662 3374 4715 armis
3412 4663 3549 4715 duo-

1943 4750 2141 4815 decim,
2169 4749 2452 4820 fueratque
2485 4752 2652 4806 multa
2682 4767 2942 4823 perpessa
2973 4769 3000 4806 a
3027 4753 3403 4823 compluribus
3430 4772 3544 4813 me-

1943 4841 2100 4903 dicis,
2136 4850 2190 4894 et
2222 4841 2588 4912 insumpserat
2630 4844 2811 4898 omnia
2859 4858 2980 4906 sua,
3020 4859 3196 4913 neque
3241 4848 3541 4916 quidquam

1942 4927 2240 4996 adjumenti
2269 4939 2550 4995 senserat,
2584 4934 2679 4986 sed
2713 4934 2887 5003 magis
2918 4935 2970 4988 in
3003 4937 3244 4990 deterius
3279 4951 3540 4997 venerat:

1941 5033 2066 5071 cum
2112 5021 2359 5075 audisset
2405 5022 2470 5075 de
2501 5021 2631 5076 Jesu
2662 5064 2675 5087 ,
2721 5026 2868 5077 venit
2904 5025 2956 5078 in
2992 5026 3150 5080 turba
3186 5043 3212 5079 a
3251 5037 3436 5100 tergo,
3487 5039 3544 5086 et

1941 5109 2119 5179 tetigit
2140 5111 2527 5167 vestimentum
2556 5114 2714 5182 ejus;
2743 5115 2960 5171 dicebat
2986 5119 3156 5183 enim,
3186 5119 3240 5173 Si
3270 5122 3348 5174 vel
3380 5137 3543 5179 vem-

1941 5212 2119 5256 tueuta
2141 5204 2256 5272 ejus
2282 5206 2532 5275 tetigero,
2563 5207 2714 5262 salva
2742 5224 2836 5264 ero
2861 5227 2871 5261 :
2899 5221 2951 5264 et
2983 5210 3274 5266 confestim
3303 5227 3544 5268 siccatus

1939 5301 2024 5345 est
2055 5290 2176 5347 fons
2202 5295 2487 5364 sanguinis
2518 5298 2636 5366 ejus
2668 5316 2680 5352 :
2716 5307 2770 5353 et
2799 5302 2974 5354 sensit
3004 5317 3235 5370 corpore
3265 5304 3409 5372 quod
3449 5320 3537 5358 sa-

1939 5392 2072 5436 nata
2094 5396 2236 5439 esset
2260 5401 2287 5439 a
2315 5385 2548 5458 ﬂagello.
2585 5408 2602 5440 ι
2639 5401 2765 5444 Post
2798 5393 3129 5445 miraculum
3164 5395 3307 5460 quod
3351 5399 3403 5447 in
3434 5396 3540 5448 dac-

1940 5477 2193 5532 moniaco
2247 5488 2466 5545 actum,
2531 5482 2677 5535 aliud
2750 5496 3009 5551 Operatur
3058 5485 3217 5555 197
3281 5489 3538 5541 Dominus

1936 5569 2250 5625 suscitando
2279 5571 2443 5625 filiam
2471 5573 2732 5643 principis
2766 5575 3085 5648 Synagogm.
3114 5579 3321 5632 Nomen
3347 5591 3533 5633 autem

241 5647 306 5698 τὸ
336 5646 510 5716 ὄνομα
556 5649 652 5702 τοῦ
686 5652 1162 5721 ἀρχισυναγώγου,
1220 5654 1309 5708 διὰ
1370 5657 1500 5719 τοὺς
1540 5657 1832 5722 Ἰουδαίους

1939 5661 2108 5730 ipsius
2139 5665 2395 5729 exprimit
2426 5646 2881 5735 proptchudzeos
2907 5646 3010 5740 qui
3035 5675 3281 5727 sciebant
3316 5674 3365 5725 id
3391 5679 3531 5743 quod

242 5739 370 5800 τοὺς
403 5740 612 5807 εἰδότας
643 5744 704 5797 τὸ
741 5746 1061 5816 γενόμενον.
1099 5748 1191 5812 ἘΞ
1218 5750 1474 5817 ἡμισείας
1499 5752 1552 5804 δὲ
1579 5753 1770 5812 πιστὸς
1805 5756 1832 5805 ὁ

1939 5757 2138 5812 factum
2171 5758 2366 5815 fuerat.
2407 5763 2755 5816 Dimidiatum
2778 5739 2961 5819 autem
2995 5765 3154 5820 fidem
3186 5739 3424 5820 habebat
3454 5768 3537 5818 vir

242 5831 416 5903 ἀνήρ’
451 5835 590 5891 καθὸ
638 5838 736 5908 μὲν
767 5841 874 5910 γὰρ
930 5841 1117 5895 πίπτει
1161 5844 1308 5914 παρά
1352 5846 1478 5910 τοὺς
1512 5846 1700 5912 πόδας,
1739 5865 1828 5900 πι-
1938 5855 1939 5872 ³

1938 5851 2026 5904 ille
2053 5871 2069 5921 -,
2104 5853 2279 5911 tidelis
2307 5856 2451 5911 enim
2489 5868 2629 5923 erat,
2658 5873 2723 5913 cu
2750 5860 2894 5928 quod
2926 5860 3243 5930 procidcbat
3273 5864 3339 5915 ad
3369 5859 3536 5930 pedes
