4298 6446
733 410 840 476 διε

1651 391 2239 465 THEOPHYLACTI
2275 384 2687 451 BULGARLE
2724 382 3081 446 ARCHIEP.

3874 376 3984 443 5N

734 522 861 579 ἔθευ
892 540 907 579 :
939 522 1031 579 sed
1058 520 1181 592 quia
1218 527 1271 574 et
1296 517 1619 575 obsecrabat
1647 524 1708 571 ut
1735 515 1954 577 veniat,
1993 526 2099 575 non
2128 522 2305 579 quan-
2336 508 2377 563 Α

2414 502 2559 566 στδς,
2592 498 2729 553 καθὸ
2757 499 2816 553 δδ
2846 497 3156 569 παρακαλεῖ
3191 495 3277 549 ἵνα
3304 494 3455 568 ἔλθῃ,
3506 494 3602 564 οὐχ
3626 493 3756 563 ὅσην
3781 492 3864 545 δεῖ
3891 490 3982 544 πί-

738 628 844 670 [illi]
875 614 1152 685 Oportebat
1186 628 1296 682 prae
1329 629 1387 668 se
1409 612 1567 667 iidem
1607 608 1836 664 ferebat.
1871 605 2110 661 Debebat
2150 602 2296 656 enim

733 708 914 761 dicere
939 724 952 737 ο
987 705 1082 760 Dic
1114 703 1299 759 verbo.
1331 703 1519 759 Obiter
1550 696 1729 755 autem
1759 699 1903 753 inter
1927 696 2162 751 eundum
2198 693 2301 747 Do—

737 801 911 851 minus
940 806 1098 850 curat
1130 797 1411 849 mulierem
1444 792 1725 863 sanguinis
1754 789 2017 860 proﬂuvio
2049 788 2299 841 laboran-

733 898 860 943 tem.
892 888 1232 943 Fidelissima
1263 896 1382 941 erat
1403 887 1609 941 mulier
1641 886 1777 949 haec,
1812 899 1877 938 eo
1907 882 2045 951 quod
2077 896 2106 935 a
2139 878 2302 935 vesti-

732 982 832 1035 bus
856 980 1140 1034 utilitatem
1168 994 1228 1034 se
1256 980 1473 1047 assequi
1506 978 1783 1041 credebat,
1815 986 1870 1029 et
1906 975 2109 1031 idcirco
2138 972 2299 1026 etiam

730 1080 977 1127 sanatur.
1030 1070 1301 1141 intelligas
1352 1080 1532 1125 autem
1588 1070 1701 1124 haec
1750 1069 1914 1123 etiam
1960 1066 2025 1120 de
2066 1064 2301 1119 humana

733 1168 921 1213 natura
944 1200 960 1225 ,
990 1175 1108 1228 quae
1141 1159 1423 1229 sanguinis
1466 1156 1729 1229 proﬂuvio
1766 1156 2066 1211 laborabat.
2106 1152 2301 1209 Sestu-

730 1250 904 1304 riebat
933 1251 1076 1303 enim
1112 1251 1162 1303 in
1188 1266 1248 1305 ea
1283 1260 1585 1320 peccatum,
1619 1250 1763 1317 quod
1794 1263 1941 1303 mors
1969 1257 2053 1303 est
2081 1247 2300 1312 animae,

731 1349 786 1393 et
841 1341 1159 1409 sanguinem
1218 1341 1410 1394 anima:
1465 1350 1664 1394 nostra:
1713 1336 1961 1393 effundit.
2015 1340 2061 1393 Δ
2117 1337 2303 1393 multis

728 1442 907 1487 autem
944 1431 1203 1498 medicis,
1242 1431 1342 1486 hoc
1376 1440 1460 1486 est
1501 1432 1830 1500 sapientibus
1900 1432 2060 1500 hujus
2096 1432 2301 1497 mttndi,

729 1523 822 1576 sed
848 1530 900 1575 et
925 1536 952 1573 a
984 1520 1099 1590 lege
1131 1530 1183 1576 et
1213 1535 1242 1575 a
1270 1522 1548 1591 prophetis
1580 1537 1687 1576 non
1723 1521 1894 1591 potuit
1928 1520 2131 1576 curari.
2162 1520 2305 1575 Teti-

729 1611 807 1679 git
836 1620 1015 1667 autem
1046 1620 1248 1667 vestem
1283 1612 1516 1679 Christi,
1548 1613 1648 1668 hoc
1684 1621 1769 1668 est
1826 1627 2045 1668 carnem
2076 1612 2214 1682 ejus,
2250 1620 2307 1667 et

730 1713 918 1758 sanata
949 1713 1052 1759 est.
1087 1705 1188 1773 Qui
1222 1706 1394 1761 credit
1423 1707 1567 1762 enim
1594 1721 1714 1763 esse
1734 1707 2075 1761 incarnatum
2114 1705 2301 1771 Deum,

731 1797 780 1850 is
806 1804 889 1850 est
927 1796 1019 1866 qui
1058 1798 1229 1866 tangit
1268 1798 1649 1853 vestimentum
1677 1798 1818 1868 ejus.

2401 609 2520 646 στιν
2548 592 2905 646 ἐνδείκνυται.
2940 587 3090 642 Ἔδει
3123 588 3234 659 γάρ
3264 588 3441 639 εἱπεῖν
3466 587 3568 652 ὅτι,
3620 584 3760 638 Eine
3815 584 3984 653 λόγῳ.

2414 683 2502 745 Ὠς
2532 685 2589 735 έν
2613 683 2876 753 παρέργῳ
2904 680 2961 734 δὲ
2992 679 3375 749 ἀπερχομένου
3408 678 3522 730 τοῦ
3558 677 3787 747 Κυρίου,
3820 675 3986 743 θερα-

2401 774 2630 827 πεύεται
2660 774 2754 827 καὶ
2777 775 2811 842 ἡ
2840 769 3175 842 αἱμόρρους·
3210 768 3509 838 πιστοτάτη
3551 768 3607 820 δὲ
3644 770 3678 837 ἡ
3707 764 3868 835 γυνὴ,
3900 766 3981 817 ὅτι

2402 865 2495 916 καὶ
2527 862 2635 916 ἀπὸ
2666 863 2774 916 τῶν
2805 861 3036 932 ἱματίων
3065 860 3317 929 ἐνόμισεν
3358 858 3708 929 ὠφεληθῆναι
3734 875 3747 888 ·
3775 858 3856 910 διδ
3888 857 3982 909 καὶ

2402 954 2662 1023 τυγχάνει
2711 954 2809 1022 τῆς
2847 950 3164 1021 θεραπείας.
3201 952 3436 1021 Νοήσεις
3481 947 3737 1001 δὲταῦτα
3770 947 3868 1001 καὶ
3899 946 3982 1007 εἱς

2401 1047 2500 1117 τὴν
2528 1044 2879 1115 ἀνθρωπίνην
2901 1043 3084 1112 φύσιν,
3112 1043 3237 1113 ἥτις
3260 1042 3559 1111 αἱμόρρους
3588 1036 3677 1111 ἦν.
3699 1041 3984 1110 Ἐπήγαγε

2403 1138 2513 1209 γάρ
2543 1138 2641 1209 τὴν
2684 1136 2979 1207 ἁμαρτίαν,
3022 1136 3144 1207 ἥτις
3183 1136 3342 1204 φόνος
3374 1133 3496 1186 ἐστὶ
3516 1133 3615 1203 τῆς
3652 1130 3855 1201 ψυχῆς,
3889 1132 3987 1183 καὶ

2405 1230 2465 1283 τὸ
2515 1226 2655 1299 αἷμα
2684 1228 2793 1283 τῶν
2842 1228 3032 1299 ψυχῶν
3073 1227 3229 1298 ἡμῶν
3265 1227 3471 1295 ἑκχέει.
3510 1226 3649 1278 Ὑπὸ
3682 1223 3897 1277 πολλῶν
3924 1220 3986 1274 δι

2408 1321 2633 1391 ἱατρῶν,
2677 1318 2787 1372 τῶν
2818 1317 2999 1386 σοφῶν
3028 1316 3174 1384 λέγω
3233 1315 3329 1369 τοῦ
3363 1315 3572 1381 κόσμου
3622 1313 3838 1374 τούτου,
3886 1311 3988 1363 καὶ

2410 1411 2517 1482 μὴν
2540 1413 2634 1464 καὶ
2665 1409 2765 1463 τοῦ
2792 1410 2957 1480 νόμου
2992 1408 3087 1462 καὶ
3113 1408 3224 1461 τῶν
3255 1405 3572 1478 προφητῶν,
3605 1405 3706 1458 οὐκ
3744 1401 3985 1474 ἠδυνήθη

2406 1504 2835 1574 θεραπευθῆναι.
2867 1504 3019 1571 Ἀμα
3041 1501 3097 1555 δὲ
3130 1502 3307 1571 ἥψατο
3327 1498 3435 1552 τῶν
3463 1497 3695 1567 ἱματίων
3720 1495 3817 1549 τοῦ
3846 1496 3986 1564 Χρι-

2408 1596 2559 1661 στοῦ,
2588 1594 2838 1648 τουτέστι
2862 1596 2962 1663 τῆς
2991 1592 3195 1662 σαρκὸς
3222 1588 3413 1653 αὐτοῦ,
3460 1588 3555 1641 καὶ
3592 1587 3741 1656 ἱάθη.
3785 1587 3845 1639 Ὀ
3872 1587 3987 1655 γάρ

2406 1687 2681 1741 πιστεύων
2736 1686 2819 1740 δτι
2858 1682 3147 1756 ἱσαρκώθη
3198 1682 3228 1734 ὀ
3273 1680 3531 1753 Χριστὸς,
3586 1677 3743 1745 οὗτός
3778 1680 3987 1733 έστινὸ

2408 1780 2688 1850 ἁψάμενος
2712 1770 2822 1832 τῶν
2852 1775 3083 1847 ἱματίων
3118 1772 3309 1828 αὐτοῦ.

810 1857 971 1938 Vens.
1010 1857 1195 1939 ωοδὶ.
1237 1903 1255 1936 ι
1296 1884 1361 1939 Ει
1384 1887 1564 1941 statim
1595 1857 1753 1943 Jesus
1788 1888 1841 1943 in
1873 1888 2171 1958 semetipso
2208 1902 2303 1944 co-
2336 1857 2377 1912 Β

2482 1893 2503 1926 ι
2542 1874 2653 1926 Καὶ
2682 1870 2888 1933 εὐθέως
2936 1871 2965 1923 ό
3035 1866 3243 1931 Ἰησοῦς
3286 1866 3543 1935 έπιγνοὺς
3581 1867 3641 1919 έν
3685 1863 3862 1934 ἑαυτῷ
3888 1862 3989 1933 τὴν

734 1988 999 2042 gnoscens
1028 1977 1281 2031 virtutem
1318 1992 1384 2031 ex
1433 1992 1551 2033 sese
1581 1979 1869 2047 prodiisse,
1902 1993 2197 2034 conversus
2250 1979 2305 2034 in

734 2064 895 2121 turba
918 2065 1131 2120 aiebat:
1164 2066 1299 2131 Quis
1325 2068 1499 2134 tetigit
1521 2069 1842 2125 vestimenta
1870 2084 1987 2126 mea
2013 2072 2037 2125 ἱ
2063 2072 2128 2125 Et
2160 2070 2310 2127 dice-

730 2151 863 2209 bant
918 2154 966 2208 ei
1027 2154 1277 2225 discipuli
1334 2156 1541 2226 ipsius:
1596 2157 1759 2213 Vides
1810 2161 2021 2215 turbam
2074 2161 2312 2229 undique

730 2255 1073 2316 prementem
1116 2258 1189 2313 te,
1218 2258 1271 2302 et
1300 2249 1473 2303 dicis:
1506 2248 1640 2316 Quis
1674 2265 1759 2305 me
1803 2252 2023 2323 tetigit?
2072 2252 2139 2306 Et
2195 2252 2307 2307 cir-

731 2336 1161 2405 cumspiciebat,
1220 2346 1278 2392 ut
1327 2338 1535 2394 videret
1586 2354 1705 2395 eam
1758 2355 1880 2410 qua:
1930 2342 2303 2397 hoc'l‘ecerat.

733 2425 924 2483 Mulier
958 2444 1083 2485 vero
1119 2431 1315 2485 timens
1344 2447 1407 2487 ac
1436 2440 1696 2497 tremens,
1728 2434 1908 2488 sciens
1932 2434 2074 2502 quod
2100 2433 2304 2490 factum

732 2528 877 2574 esset
914 2519 965 2573 in
994 2536 1074 2586 se,
1108 2525 1254 2576 venit
1291 2532 1345 2577 et
1369 2524 1567 2579 accidit
1597 2524 1668 2591 ei,
1703 2524 1949 2596 dixitque
1991 2526 2039 2581 ei
2088 2541 2305 2582 onmem

733 2611 1037 2667 veritatem.
1086 2612 1178 2667 Ille
1224 2625 1403 2669 autem
1452 2615 1589 2670 dixit
1632 2617 1723 2673 ei:
1760 2617 1915 2683 Filia,
1968 2619 2103 2675 ﬂdes
2138 2630 2229 2675 tua
2258 2630 2309 2677 te

732 2703 1006 2758 servavit:
1043 2706 1178 2759 vade
1230 2720 1351 2759 cum
1403 2721 1554 2776 pace,
1601 2716 1657 2762 et
1710 2718 1825 2764 esto
1870 2724 2001 2765 sana
2043 2725 2070 2763 a
2099 2710 2309 2781 ﬂagello

738 2800 851 2846 tuo.
892 2810 911 2844 ι
958 2791 1248 2863 Egreditur
1274 2794 1444 2850 virtus
1482 2810 1511 2850 a
1561 2794 1816 2865 Christo,
1860 2813 1964 2853 non
2015 2814 2045 2853 a
2086 2801 2203 2856 loco
2252 2802 2305 2857 in

736 2880 912 2937 locum
942 2886 1233 2953 transiens,
1280 2885 1377 2941 sed
1426 2902 1654 2943 manens
1688 2888 1910 2944 immota
1963 2890 2015 2944 in
2063 2890 2305 2955 Christo,

733 2976 1164 3030 comnunicatur
1195 2985 1249 3031 et
1282 2976 1403 3033 aliis
1425 3017 1440 3044 ,
1468 2979 1927 3047 quemadmodum
1963 2991 2019 3034 et
2045 2980 2308 3038 doctrinae

735 3080 763 3116 a
799 3063 1117 3120 docentibus
1144 3074 1291 3133 sunt,
1326 3076 1383 3121 et
1436 3068 1771 3125 discentibus
1818 3073 2123 3126 traduntur.
2174 3072 2308 3129 Vide

736 3166 913 3210 autem
956 3158 1227 3225 quomodo
1260 3160 1428 3213 turbae
1462 3162 1679 3230 quidem
1713 3164 2108 3233 comprimunt,
2156 3175 2209 3220 et
2239 3180 2304 3221 ex
2333 3196 2377 3256 ρ

735 3250 817 3303 eis
862 3248 1040 3303 nullus
1074 3249 1225 3303 illum
1261 3250 1534 3320 tetigerit:
1570 3263 1753 3308 contra
1788 3254 1875 3308 illa
1901 3271 2022 3325 qna:
2048 3272 2153 3311 non
2181 3272 2309 3325 pre-

737 3338 948 3407 mebat,
1005 3340 1155 3395 illum
1212 3342 1473 3411 tetigerit.
1538 3343 1848 3415 Mysterium
1894 3345 1982 3402 hic
2036 3348 2307 3418 quoddam

734 3432 993 3488 discimus
1020 3474 1033 3500 ,
1092 3432 1236 3503 quod
1282 3435 1458 3489 nullus
1492 3452 1555 3490 ex
1593 3437 1675 3491 his
1701 3440 1793 3507 qui
1827 3438 2136 3493 turbulento
2180 3448 2311 3494 sunt

735 3524 953 3590 animo,
996 3526 1167 3595 tangit
1214 3524 1514 3589 Christum,
1564 3528 1658 3584 sed
1705 3528 1878 3583 solum
1917 3531 2110 3599 premit
2141 3545 2306 3585 eum:

735 3617 828 3686 qui
886 3627 1066 3671 autem
1103 3633 1206 3672 non
1262 3620 1565 3675 turbulente
1617 3628 1812 3691 premit
1871 3621 2083 3685 Jesum,
2138 3636 2312 3691 neque

737 3711 954 3764 turbato
985 3720 1065 3765 est
1096 3697 1301 3774 a'nimo,
1334 3712 1423 3767 ille
1457 3714 1797 3783 tangiteum.
1827 3714 1930 3768 Sed
1956 3714 2308 3783 quamobrem

738 3801 1000 3856 Dominus
1036 3802 1355 3871 manifestat;
1383 3804 1713 3859 mulierem?
1772 3804 2012 3859 Primum
2068 3805 2306 3875 quidem,

738 3906 797 3948 ut
834 3893 991 3949 ﬁdem
1024 3894 1270 3951 mulieris
1298 3894 1587 3964 gloriﬂcet‘,
1624 3895 1820 3953 deinde
1850 3904 1910 3952 ut
1960 3904 2015 3952 et
2063 3897 2311 3968 archisy-

737 4000 1001 4056 nagogum
1033 3986 1237 4041 animet
1264 3988 1409 4057 quod
1440 3996 1496 4043 et
1528 3988 1647 4059 ejus
1678 3987 1840 4045 tiliam
1871 3988 1944 4046 sit
1965 3997 2257 4044 sanaturus
2292 4006 2307 4056 ;

736 4080 803 4133 ad
845 4078 981 4144 bare,
1021 4086 1081 4132 ut
1122 4078 1406 4135 mulierem
1449 4096 1479 4134 a
1528 4094 1724 4151 magno
1757 4088 1901 4136 metu
1958 4081 2176 4136 liberet.
2242 4080 2311 4135 Et

734 4172 878 4224 enim
914 4170 1136 4224 timebat
1163 4171 1377 4237 mulier,
1426 4180 1616 4239 utpote
1651 4187 1773 4242 quae
1798 4172 2087 4227 sanitatem
2118 4171 2308 4227 furtim

736 4262 1069 4317 abstulerat:
1105 4262 1304 4317 idcirco
1328 4272 1382 4317 et
1411 4263 1740 4333 evangelista
1772 4262 1939 4320 dicit:
1964 4262 2227 4319 Tremens
2255 4274 2311 4319 et

736 4354 931 4407 timens
973 4352 1141 4406 venit.
1198 4352 1456 4409 Dominus
1504 4355 1685 4424 itaque
1731 4370 1835 4410 non
1870 4355 2038 4410 dicit:
2096 4354 2209 4425 Ego
2259 4362 2310 4409 te

732 4445 982 4501 servavi:
1014 4447 1131 4508 sed,
1157 4443 1321 4501 Fides
1368 4457 1475 4500 tua.
1530 4445 1765 4502 Proinde
1806 4447 1943 4503 vade
1988 4447 2040 4501 in
2093 4460 2304 4516 pacem,

2408 1966 2468 2031 ἐξ
2510 1965 2677 2017 αὐτοῦ
2722 1962 2953 2034 δύναμιν
2991 1960 3353 2023 ἐξελθοῦσαν,
3396 1958 3757 2030 έπιστραφεὶς
3807 1959 3867 2011 έν
3908 1957 3988 2027 τῷ

2407 2058 2550 2129 ϐχλῳ
2584 2056 2759 2125 έλεγε·
2785 2054 2852 2109 Τί
2879 2072 2980 2126 μου
3009 2051 3189 2125 ἥψατο
3211 2052 3321 2106 τῶν
3356 2052 3589 2123 ἱματίων
3612 2068 3627 2117 ;
3663 2051 3773 2105 Kal
3799 2050 3989 2118 ελεγον

2407 2150 2557 2221 αύτῷ
2586 2151 2635 2204 οἱ
2668 2148 2905 2220 μαθηταὶ⁸
2944 2146 3133 2200 αὑτοῦ·
3166 2145 3395 2207 Βλέπεις
3441 2144 3533 2197 τὸν
3576 2143 3733 2213 ὄχλον
3768 2142 3991 2196 συνθλίο

2406 2243 2573 2297 ϐοντά
2611 2259 2695 2305 σε,
2731 2240 2828 2295 καὶ
2871 2239 3073 2307 λέγεις,
3104 2238 3201 2303 Τίς
3250 2254 3355 2307 μου
3405 2237 3617 2308 ἧψατος
3662 2236 3773 2289 Καὶ
3826 2250 3993 2305 περι-

2411 2337 2676 2391 εϐλέπετο
2702 2335 2828 2393 ίδεῖν
2860 2334 2961 2405 τὴν
2981 2333 3142 2388 τοῦτο
3168 2332 3503 2402 ποιήσασαν.
3536 2330 3605 2384 ’Β
3627 2331 3683 2384 δέ
3714 2329 3854 2400 γυνὴ
3886 2346 3989 2399 φο-

2409 2428 2639 2499 ϐηθεῖσα
2679 2428 2776 2481 καὶ
2830 2426 3133 2499 τρέμουσα,
3170 2424 3345 2478 εἱδυϊα
3371 2423 3399 2476 δ
3433 2423 3656 2492 γέγονεν
3702 2422 3789 2475 ἐπ’
3824 2421 3992 2492 αὐτῇ,

2408 2517 2540 2593 ἦλθε
2584 2520 2681 2575 καὶ
2715 2520 3055 2592 προσέπεσεν
3078 2516 3248 2589 αὐτῷ,
3276 2517 3370 2571 καὶ
3416 2511 3573 2570 εἴπεν
3616 2514 3766 2585 αὺτῷ
3807 2516 3995 2569 πᾶσαν

2408 2613 2508 2684 τὴν
2528 2612 2803 2683 ἀλήθειαν.
2843 2609 2905 2664 ’0
2940 2610 2997 2664 δι
3026 2604 3180 2663 εἴπεν
3207 2609 3347 2677 αὐτῇ
3368 2623 3385 2640 ⁸
3426 2607 3701 2680 Θύγατερ,
3729 2608 3763 2677 ἡ
3805 2606 3997 2669 πίστις

2412 2719 2508 2756 σου
2539 2700 2747 2755 σέσωκέ
2770 2715 2854 2754 σε.
2881 2699 3099 2767 ’Υπαγε
3144 2698 3226 2762 είς
3257 2697 3507 2770 εἰρήνην,
3541 2697 3638 2752 καὶ
3668 2694 3780 2749 ῐσθι
3829 2694 3994 2763 ὑγιὴς

2408 2795 2521 2851 ἀπὸ
2568 2795 2669 2865 τῆς
2725 2790 2994 2863 μάστιγός
3037 2806 3155 2846 σου.
3197 2808 3218 2842 s
3262 2788 3579 2859 Ἐξέρχεται
3623 2787 3859 2858 δύναμις
3884 2787 3997 2840 ἀπὸ

2408 2886 2503 2943 τοῦ
2528 2884 2789 2957 Χριστοῦ,
2823 2884 2886 2938 ού
2936 2880 3180 2948 τοπικῶς
3214 2882 3637 2954 μεταϐαίνουσα,
3664 2879 3802 2934 ἀλλά
3850 2879 3996 2951 πρός

2408 2994 2469 3031 τε
2500 2978 2627 3040 τοὺς
2650 2975 2844 3038 ἄλλους
2858 2972 3225 3044 διαδιδομένη,
3248 2972 3345 3027 καὶ
3365 2973 3424 3026 έν
3444 2970 3523 3039 τῷ
3539 2968 3762 3044 Χριστῷ
3783 2971 3891 3040 άμε
3901 2968 3998 3023 ίω-

2407 3084 2501 3131 τος
2530 3068 2789 3136 μένουσα’
2842 3063 3035 3134 ῶσπερ
3074 3064 3171 3117 καὶ
3203 3062 3528 3135 μαθήματα,
3558 3062 3655 3116 καὶ
3686 3061 3841 3127 παρὰ
3881 3063 3997 3124 τ’·ίς

2410 3158 2760 3215 διδάσκουσιν
2788 3159 2918 3225 εἱσι,
2951 3156 3047 3211 καὶ
3074 3156 3187 3219 τοῖς
3224 3156 3555 3227 μανθάνουσι
3586 3153 3996 3225 παραδίδονται.

2413 3254 2557 3324 Ὅρα
2590 3253 2647 3306 δὲ
2679 3251 2797 3315 πῶς
2824 3252 2872 3304 οἱ
2907 3251 3009 3318 μιν
3042 3250 3193 3321 ϐχλοι
3230 3248 3566 3315 συνέθλιϐον,
3600 3248 3775 3313 οὐδεὶς
3806 3247 3863 3302 δὲ
3897 3249 3999 3303 αὑ·

2410 3343 2505 3397 τοῦ
2542 3344 2740 3415 ἥψατο.
2774 3342 2839 3397 Ἦ
2870 3342 2928 3396 δέ
2961 3341 3037 3414 μὴ
3077 3342 3336 3397 θλίϐουσα
3369 3340 3565 3406 αὑτὸν,
3601 3342 3786 3411 ἐκείνη
3815 3341 4000 3412 ἥψατο

2406 3425 2597 3490 αὐτοῦ.
2641 3436 2959 3506 Μυστήριον
3002 3434 3114 3506 γὰρ
3172 3431 3427 3487 έντεῦθεν
3485 3431 3856 3503 μανθάνομεν,
3911 3434 4020 3497 ὅτι,

2410 3527 2585 3591 οὐδεὶς
2618 3528 2729 3581 τῶν
2774 3527 2972 3598 δχλους
3009 3528 3105 3581 καὶ
3163 3525 3413 3597 ταραχὰς
3461 3527 3697 3597 έχόντων
3754 3526 3999 3582 άπτεται

2412 3618 2509 3671 τοῦ
2554 3617 2756 3690 Ἰησοῦ,
2790 3617 2926 3672 ἀλλὰ
2958 3620 3121 3689 μόνον
3167 3616 3341 3671 θλίϐει
3375 3617 3563 3673 αὐτόν.
3614 3618 3682 3671 El
3718 3635 3802 3682 τις
3830 3618 3888 3672 δὲ
3920 3619 3996 3689 μὴ

2413 3709 2595 3781 ὀχλοίη
2636 3710 2729 3764 τὸν
2767 3708 3000 3782 Ἰησοῦν,
3044 3708 3183 3781 μηδὲ
3212 3709 3305 3763 τὸν
3332 3711 3390 3763 ὲν
3420 3709 3599 3781 ἑαυτῷ
3623 3709 3781 3779 λόγον
3822 3728 4000 3782 ταρα-

2412 3804 2534 3873 χαῖς
2566 3802 2907 3874 περιϐάλλοι,
2951 3803 3166 3866 έκεῖνος
3223 3800 3467 3857 ἅπτεται
3505 3802 3695 3858 αὐτοῦ.
3735 3801 3896 3869 Τίνος
3940 3804 3999 3858 ει

2410 3895 2599 3949 ῑνεκεν
2634 3898 2664 3950 ὁ
2700 3896 2905 3967 Κύριος
2931 3898 3159 3967 φανεροί
3197 3896 3295 3968 τὴν
3321 3899 3592 3965 γυναῖκα;
3634 3896 3862 3969 Πρῶτον
3895 3897 4000 3968 μέν

2412 3988 2500 4042 ἱνα
2528 3989 2629 4059 τὴν
2662 3986 2846 4041 πίστιν
2866 3988 2965 4059 τῆς
2990 3988 3249 4056 γυναικὸς
3282 3988 3483 4060 δοξάσῃ
3507 4003 3521 4018 ⁸
3546 3987 3879 4055 ἔπειτα,·ἱ’να
3904 3992 4003 4045 καὶ

2412 4080 2503 4133 τὸν
2526 4079 2982 4149 ἀρχισυνάγωγον
3013 4080 3438 4153 παραθαρρύνῃ.
3479 4083 3563 4135 cu
3598 4083 3695 4136 καὶ
3733 4081 3797 4135 τὺ
3825 4082 3999 4137 αὑτοῦ

2414 4170 2708 4242 θυγάτριον
2756 4170 2901 4225 οὕτω
2952 4170 3260 4241 σωθήσεται
3288 4187 3304 4203 ·
3334 4176 3432 4227 καὶ
3460 4172 3599 4243 ἀμα,
3637 4173 3724 4228 ἱνα
3768 4173 3865 4227 καὶ
3894 4176 4002 4247 τὴν

2412 4265 2647 4331 γυναῖκα
2670 4262 2766 4317 τοῦ
2796 4262 2994 4318 πολλοῦ
3025 4264 3195 4334 φόϐου
3221 4264 3472 4337 ἀπολύσῃ
3500 4280 3515 4295 ·
3548 4266 3643 4321 καὶ
3670 4266 3779 4337 γάρ
3804 4266 4000 4321 ἐδεδίει

2412 4352 2447 4422 ὴ
2480 4351 2641 4421 γυνὴ,
2692 4352 2769 4415 ῶς
2821 4350 3075 4421 κλέψασα
3100 4352 3203 4423 τὴν
3245 4351 3413 4405 ίασινο
3456 4351 3538 4405 διὸ
3588 4356 3682 4407 καὶ
3707 4356 3735 4407 ό
3764 4356 4002 4423 εὐαγγε-

2412 4444 2601 4514 λιστὴς
2631 4442 2780 4513 λέγει
2810 4460 2825 4476 ο
2857 4444 3163 4514 Φοϐηθεῐσα
3183 4443 3241 4497 δέ
3266 4444 3362 4497 καὶ
3394 4444 3679 4515 τρέμουσα
3710 4441 3895 4515 ἦλθεν,
3940 4448 4003 4501 ’0

737 4535 837 4591 hoc
871 4546 951 4591 est
986 4538 1037 4591 in
1075 4538 1339 4607 requiem,
1380 4547 1440 4592 ut
1463 4537 1533 4592 sit
1563 4536 1680 4593 haec
1722 4538 2029 4594 sententia:
2077 4538 2204 4603 Abi,
2249 4548 2303 4593 et
2334 4538 2377 4597 D

2406 4537 2499 4591 οὖν
2526 4538 2732 4607 Κύριος
2755 4538 2818 4591 οὺ
2836 4537 2983 4605 λέγει
3004 4537 3109 4601 δτι,
3143 4535 3286 4606 Ἐγὼ
3313 4537 3531 4591 σέσωκά
3554 4554 3637 4603 σε,
3669 4538 3784 4592 ἀλλ’
3817 4540 3882 4592 Ἦ
3910 4539 4006 4593 πί-

737 4628 918 4694 quieta
947 4639 1086 4693 esto,
1123 4642 1241 4698 qua:
1273 4630 1535 4685 hactenus
1565 4626 1717 4683 fuisti
1749 4629 1803 4683 in
1839 4644 2073 4686 mterore
2104 4637 2159 4686 et
2188 4644 2311 4701 per-

739 4722 1069 4775 turbatione.

812 4988 979 5045 Vsus.
1032 4990 1219 5045 3543.
1273 5008 1293 5043 ι
1346 4989 1538 5045 Adhuc
1588 5001 1655 5043 eo
1704 4984 1961 5056 loquente
2004 4983 2227 5039 veniunt
2281 4998 2313 5039 a

737 5083 982 5152 principe
1020 5081 1318 5153 Synagoga:
1352 5081 1442 5151 qui
1487 5080 1769 5137 dicerent:
1801 5077 1934 5132 Filia
1979 5086 2065 5131 tua
2101 5085 2313 5131 mortua

735 5186 837 5246 εει,
863 5176 993 5246 quid
1020 5175 1160 5231 ultra
1189 5187 1352 5229 vexas
1376 5171 1735 5245 Magistrum?
1764 5170 1925 5241 198
1950 5168 2107 5225 Jesus
2131 5180 2313 5223 autem

723 5244 981 5339 'protinus
1017 5268 1201 5323 auditu
1232 5244 1487 5322 sermone
1512 5266 1602 5333 qui
1632 5264 1936 5325 dicebatur,
1971 5264 2050 5316 ait
2077 5260 2310 5331 principi

738 5359 1034 5432 Synagoga:
1062 5378 1076 5415 :
1112 5360 1190 5415 Ne
1216 5362 1409 5415 timeas
1438 5377 1451 5414 :
1499 5360 1871 5415 tantummodo
1900 5359 2080 5415 crede.
2107 5357 2174 5411 Et
2206 5373 2312 5413 non

741 5454 987 5524 permisit
1033 5463 1091 5507 ut
1121 5454 1407 5524 quisquam
1439 5468 1562 5509 eum
1596 5461 1915 5522 sequeretur
1957 5461 2158 5523 praeter
2212 5450 2315 5507 Pe-

742 5554 883 5600 trum
916 5554 970 5599 et
1011 5542 1267 5600 Iacobum
1310 5554 1367 5602 et
1405 5544 1668 5601 Joannem
1719 5543 1937 5598 fratrem
1991 5543 2201 5599 Jacobi.
2251 5544 2315 5597 Et

742 5638 891 5691 venit
934 5637 987 5689 in
1026 5638 1239 5691 domum
1271 5637 1531 5709 principis
1568 5637 1886 5709 Synagogtr,
1929 5637 2184 5705 videtque
2227 5648 2315 5691 tu-

744 5730 970 5784 multum
1000 5744 1057 5786 et
1087 5729 1279 5788 ﬂentes
1299 5744 1353 5786 et
1380 5731 1651 5801 ejulantes
1676 5731 1923 5793 multum,
1951 5739 2007 5784 et
2032 5731 2315 5800 ingressus

744 5818 821 5875 ait
848 5822 952 5881 illis
978 5842 991 5881 :
1016 5822 1159 5892 Quid
1194 5825 1591 5883 tumultuamini
1615 5834 1666 5880 ct
1693 5822 1962 5893 ploratis?
1992 5821 2171 5886 puclla
2201 5838 2309 5879 non

2414 4646 2533 4693 στις
2570 4646 2688 4685 σου.
2716 4631 2960 4701 Πορεύου
2987 4629 3172 4683 τοίνυν
3196 4633 3275 4694 εἱς
3299 4631 3549 4701 εἱρήνην,
3579 4632 3885 4698 τουτέστιν,
3918 4635 4004 4698 εἱς

2414 4720 2759 4776 ἀνάπαυσινο
2810 4720 2956 4775 ὥστε
3021 4714 3164 4777 εἶναι
3235 4722 3297 4776 τὸ
3368 4722 3663 4794 λεγόμενον
3718 4723 3988 4779 τοιοῦτον·

2418 4811 2677 4878 "Audes,
2710 4811 3018 4877 ἀναπαύου,
3062 4812 3139 4877 ὡς
3182 4812 3313 4883 τόγε
3342 4813 3510 4887 μέχρι
3538 4814 3636 4869 τοῦ
3672 4815 3788 4883 νῦν,
3823 4818 3881 4870 ὲν
3907 4816 4007 4871 λύ-

2414 4919 2547 4966 παις
2574 4900 2819 4974 ὐπῆρχες
2847 4901 2943 4956 καὶ
2973 4903 3263 4974 ταραχαῖς.

2490 5013 2509 5045 ε
2548 4992 2671 5049 Ἐτι
2717 4992 2885 5048 αὑτοῦ
2930 4993 3252 5059 λαλοῦντος,
3289 4994 3545 5067 ἔρχονται
3574 4995 3684 5051 ἀπὸ
3710 4996 3803 5053 τοῦ
3841 5000 4006 5071 ἀρχι-

2417 5082 2757 5151 συναγώγου,
2797 5082 3048 5152 λέγοντες
3072 5084 3178 5145 δτι,
3222 5082 3290 5137 Ἦ
3330 5084 3583 5156 θυγάτηρ
3606 5102 3702 5140 σου
3731 5088 4003 5154 ἀπέθανε,

2415 5177 2467 5228 τί
2492 5175 2573 5228 έτι
2598 5174 2850 5238 σκύλλεις
2889 5174 2985 5229 τὸν
3029 5174 3403 5243 Διδάσκαλον;
3458 5177 3517 5230 '0
3568 5178 3626 5232 δὲ
3667 5178 3874 5249 Ἰησοῦς
3921 5182 4009 5235 εύ-

2416 5270 2553 5332 θέως
2582 5267 2821 5331 ἀκούσας
2862 5268 2955 5323 τὸν
2985 5268 3145 5337 λόγον
3204 5268 3560 5340 λαλούμενον,
3599 5270 3750 5340 λέγει
3788 5272 3868 5342 τῷ
3896 5274 4007 5344 ἀρ-

2416 5358 2793 5429 χισυναγώγῳ·
2856 5359 2947 5428 Μὴ
2992 5358 3183 5429 φοϐοῦ,
3240 5360 3403 5430 μόνον
3428 5362 3682 5417 πίστευε.
3732 5363 3846 5416 Καὶ
3900 5364 4014 5417 οὐκ.

2417 5453 2629 5523 ἀφῆκεν
2667 5452 2858 5505 οὐδένα
2882 5452 3030 5522 αύτῷ
3074 5454 3578 5525 συνακολουθῆσαι,
3609 5456 3659 5509 εί
3685 5454 3761 5527 μὴ
3789 5457 4006 5526 Πέτρον

2418 5544 2513 5597 καί
2565 5543 2824 5596 Ἰάκωϐον
2866 5544 2963 5599 καὶ
3012 5545 3271 5615 Ἰωάννην
3314 5548 3410 5599 τὸν
3454 5547 3684 5617 ἀδελφὸν
3712 5547 4013 5603 Ἰακώϐου-

2419 5635 2530 5687 Καὶ
2563 5633 2781 5704 έργεται
2831 5637 2912 5700 εἱς
2944 5637 3035 5691 τὸν
3084 5632 3235 5692 οἷκον
3260 5638 3357 5692 τοῦ
3400 5640 3877 5713 ἀρχισυναγώγου,
3909 5644 4011 5695 καὶ

2420 5726 2613 5797 θεωρεῖ
2654 5726 2907 5799 θόρυϐον,
2953 5728 3243 5794 κλαίοντας
3275 5731 3373 5786 καλ
3402 5731 3775 5797 ἀλαλάζοντας
3808 5733 4006 5795 nona,

2422 5820 2517 5875 καὶ
2573 5820 2874 5883 εἰσελθὼν,
2930 5822 3079 5894 λέγει
3127 5824 3348 5887 αὐτοῖς·
3400 5824 3465 5878 Ti
3527 5823 3849 5896 θορυϐ;ἰςθε
3911 5827 4009 5879 καὶ
